3960 5320
363 282 375 289 ,
462 195 604 261 μετ»

1511 189 1858 251 ιόιωιιοι
1895 185 2206 249 ΠΟΝΑΟΗΙ
2248 183 2679 246 SlTlﬂVENSlS

3602 173 3738 233 ιιξι

464 309 680 383 caelitus
730 306 964 379 pendula
1017 320 1182 380 super
1236 305 1410 378 ipsum
1462 305 1656 362 collem
1711 303 1996 361 videbatur
2021 343 2038 370 ,
2068 300 2116 364 Α
2142 314 2305 371 quem
2335 299 2532 356 medici
2563 297 2830 355 variolam
2858 294 2976 369 (ιθ)
2999 301 3197 352 vocant
3219 331 3239 361 ,
3260 291 3431 348 morti
3465 289 3744 383 videretur

468 400 731 455 simulans
759 400 962 469 speciei
993 414 1106 454 suae
1124 398 1308 455 colore
1330 396 1578 469 pluvialis
1626 395 1782 451 iridis
1809 395 2045 452 varieta-

467 500 596 557 tem,
652 506 940 560 t'ort'qnans
986 505 1083 547 sua
1163 491 1327 545 etiam
1352 489 1706 560 amplitudine
1782 485 2046 557 suppositi

466 583 616 634 collis
665 580 1006 637 latitudinem
1047 598 1060 634 :
1096 595 1196 635 nec
1249 588 1406 634 antea
1455 592 1513 634 se
1555 577 1792 633 ﬁdelium
1842 577 2049 632 intente

465 688 583 725 eam
640 673 1109 728 considerantibus
1182 671 1440 727 subduxit
1496 670 1812 734 obtutibus,
1883 682 2047 737 quam

466 764 643 816 Oztenis
699 762 784 816 illa
832 763 1062 816 hostium
1110 761 1341 832 plurima
1396 759 1491 832 [i.,
1550 754 1751 827 turma]
1806 755 2048 809 funditus

468 853 776 906 discessit:
843 853 1244 906 evidentissime
1314 850 1601 904 visibiliter
1675 846 2049 916 omnipotente

470 953 826 1005 monstrante,
856 943 965 996 imo
989 950 1319 1012 provocante
1344 938 1771 994 misericorditer
1799 953 1897 992 nos
1917 937 2046 1000 Deo,

467 1046 525 1087 ut.
545 1035 667 1089 illuc
691 1034 892 1105 iugiter
918 1035 1063 1088 omni
1086 1032 1281 1087 mentis
1300 1031 1600 1086 intentione
1623 1039 1844 1097 totaque
1866 1027 2049 1082 cordis

467 1110 751 1181 devotone
804 1126 1098 1180 debeamus
1135 1124 1323 1178 oculos
1366 1131 1474 1177 tam
1523 1121 1824 1176 exteriores
1883 1134 2048 1188 quant

470 1198 753 1273 interiores
779 1221 829 1273 in
854 1220 1103 1276 omnibus
1146 1216 1567 1272 necessitatibus
1601 1213 1786 1283 ﬁgere,
1814 1226 1922 1281 quo
1949 1225 2050 1266 nos

468 1312 844 1383 pretiosissimi
906 1310 1026 1366 Filii
1058 1312 1139 1365 sui
1191 1308 1473 1378 sanguinis
1529 1305 1899 1374 redemptione
1963 1304 2049 1358 di-

470 1418 667 1476 gnatus
699 1415 786 1459 est
814 1405 1065 1466 invitare,
1109 1403 1201 1472 qui
1254 1418 1378 1457 cum
1431 1415 1496 1455 eo
1522 1400 1675 1464 vivit,
1703 1398 1967 1468 gloriatur
1996 1405 2051 1452 et

471 1505 660 1563 regnat
702 1496 861 1557 Deus,
890 1494 941 1547 in
986 1494 1193 1548 unitate
1216 1491 1451 1562 Spiritus
1471 1489 1669 1551 sancti,
1696 1504 1795 1559 per
1822 1488 2048 1542 immor-

471 1586 594 1639 talia
618 1586 808 1639 stet-ala
835 1583 1178 1650 smcnlorum,
1206 1584 1401 1635 Amen.
1424 1592 1425 1595 ‘

683 1677 820 1747 (43.)
851 1678 978 1731 Car.
1005 1675 1116 1731 XII.
1141 1675 1216 1729 De
1236 1676 1472 1746 ingressu
1490 1674 1827 1744 feminarum.

540 1767 674 1822 Cum
702 1766 1046 1822 venerandus
1068 1766 1229 1821 Pater
1265 1774 1450 1821 noster
1491 1765 1745 1820 Dertinus
1769 1771 2052 1831 postquam

468 1875 499 1912 a
542 1859 756 1912 diabolo
813 1859 864 1911 in
913 1858 1093 1927 specie
1149 1857 1397 1914 mulieris
1448 1866 1689 1912 tentatus
1742 1862 1906 1918 esset,
1936 1862 1990 1909 et
2021 1868 2053 1908 a

471 1948 530 2003 S.
566 1949 793 2003 Martino
817 1947 1067 2001 visitatus
1120 1959 1176 2002 ct
1224 1948 1486 2001 liberatus
1512 1985 1528 2010 ,
1556 1944 1910 2000 considerans
1936 1958 2055 1998 om-

470 2044 600 2099 nino
623 2045 904 2098 monachis
948 2059 1053 2099 non
1093 2046 1352 2115 expedire
1411 2059 1543 2099 sexu
1594 2042 1829 2097 femineo
1863 2040 2057 2110 quovis

472 2136 633 2190 modo
688 2135 1101 2197 conmmnicari,
1164 2135 1267 2190 sub
1334 2136 1685 2188 anathemate
1753 2134 2054 2202 ingressum

471 2228 792 2282 feminarum
818 2227 884 2280 de
911 2225 1072 2279 aditis
1099 2224 1342 2291 ejusdem
1364 2224 1595 2279 omnobii
1625 2223 1840 2292 penitus
1864 2221 2054 2276 exdu-

471 2320 564 2374 sit.
597 2318 752 2384 Quod
802 2318 870 2371 ab
930 2317 1098 2385 ipsius
1143 2315 1204 2369 Β.
1250 2315 1456 2370 Bertini
1516 2327 1758 2381 tempore
1799 2314 1940 2367 bene
1989 2312 2057 2367 ab

470 2412 726 2466 erunibus
753 2410 1102 2464 observatum
1132 2418 1236 2471 est,
1264 2421 1437 2475 usque
1483 2404 1550 2459 ad
1593 2405 1725 2459 illud
1767 2413 1979 2472 tempus
2002 2402 2057 2456 in

471 2519 581 2574 quo
630 2500 802 2554 Adala
853 2500 1187 2554 nobilissima
1237 2498 1436 2568 conjux
1495 2496 1706 2550 Arnulli
1755 2494 1977 2549 comitis
2004 2501 2060 2548 et

470 2592 685 2650 abbatis
717 2591 829 2664 (46)
862 2590 1018 2644 istius
1055 2589 1156 2644 loci
1180 2604 1306 2642 cum
1338 2586 1640 2657 saepissime
1670 2585 1877 2656 magnis
1901 2584 2058 2638 inﬁr-

473 2683 755 2738 mitatibus
806 2692 951 2752 esset
1003 2689 1321 2752 aggravata,
1374 2678 1688 2734 desiderare
1718 2676 1884 2745 cwpit
1918 2683 1974 2730 ut
2006 2675 2058 2729 in

474 2777 579 2831 hoc
608 2746 938 2829 monaste'rio
961 2774 1007 2827 ei
1028 2773 1306 2826 licentiam
1335 2769 1589 2825 monachi
1613 2769 1806 2857 dOarent
1831 2767 2056 2830 intrare,

476 2876 536 2921 ut
563 2882 747 2920 coram
778 2867 937 2923 altari
981 2864 1151 2920 sancti
1178 2864 1382 2918 Bertini
1440 2878 1538 2932 pro
1588 2861 1760 2915 salute
1800 2860 2062 2930 depreca-

2148 406 2271 448 esse
2299 391 2599 462 proximus,
2626 388 2769 445 ulnis
2796 387 3036 460 propriis
3055 385 3351 443 sustollens
3370 393 3505 439 ante
3526 382 3586 438 S.
3611 383 3741 439 Ber-

2151 482 2250 537 tini
2301 482 2471 537 altare
2500 480 2836 551 deportavit.
2871 478 3307 546 monarhumque
3334 474 3664 530 eﬂ'eeturum
3702 476 3743 529 si

2148 571 2267 641 eius
2295 574 2382 645 pia
2425 571 2710 642 juvaretur
2756 569 3186 632 intercessione,
3216 565 3535 636 spopondit.
3577 563 3744 631 Quem

2150 680 2275 720 mox
2307 664 2467 719 saluti
2508 665 2818 717 restitutum
2868 676 2935 716 ac
2980 658 3349 728 Omnipoteuti
3381 656 3655 711 famulum
3694 663 3748 709 et

2152 752 2210 807 S.
2244 752 2464 808 Bertino
2492 752 2686 806 obtulit
2713 751 3040 806 monachum
3068 746 3468 821 perpetualiter
3489 759 3747 818 perman-

2149 857 2337 898 snrmn
2365 842 2498 913 (50).

2149 934 2277 989 CAP.
2317 931 2456 986 XIV.
2499 931 2741 999 Qualiter
2762 932 2847 986 hic
2873 932 3017 984 locus
3045 930 3248 984 meritis
3275 936 3592 982 sanctorum
3627 926 3753 981 Vin-

2221 1006 2375 1056 centii
2395 1043 2409 1065 ,
2434 998 2728 1057 Andomari
2758 1014 2805 1056 et
2847 1001 3053 1056 Bertiai
3087 1012 3296 1071 ereptus
3316 1010 3392 1054 est
3417 999 3488 1052 ab
3519 998 3751 1052 incendii

2219 1073 2540 1125 discrimine.
3488 1136 3493 1139 _

2222 1161 2601 1217 Veridicorum
2666 1161 2909 1215 virorum
2958 1161 3048 1232 qui
3108 1159 3516 1225 interfuerunt,
3567 1157 3751 1214 sedula

2152 1264 2489 1323 compertum
2542 1262 2627 1308 est
2675 1253 2967 1317 relatione,
3012 1254 3286 1323 quomodo
3337 1266 3596 1322 tempore
3652 1251 3753 1305 viri
3828 1300 3831 1303 γ

2150 1341 2479 1397 venerabilis
2506 1341 2684 1395 doumi
2716 1340 2939 1397 Odhcrti
2972 1343 3210 1407 abbatis,
3261 1343 3414 1398 locus
3456 1341 3750 1397 Sithiensis

2152 1432 2384 1487 αἰετοὶ)ἰί
2438 1432 2647 1486 meritis
2697 1430 2756 1485 S.
2811 1431 3080 1487 Vincentii
3130 1433 3334 1488 Christi
3382 1433 3653 1505 martyris
3700 1441 3752 1487 et

2156 1535 2471 1578 sanctorum
2523 1522 2896 1578 confessorum
2961 1523 3255 1579 Audomari
3304 1534 3475 1593 atque
3544 1522 3751 1577 [uertici

2160 1614 2360 1668 dudum
2391 1613 2649 1668 divinitus
2676 1624 2894 1684 ereptus
2922 1614 2992 1668 sit
3030 1616 3099 1669 ab
3139 1614 3377 1669 incendii
3409 1613 3752 1669 discrimine.

2156 1705 2309 1775 Quod
2357 1707 2485 1777 quia
2532 1706 2747 1761 videtur
2776 1707 2913 1761 adeo
2962 1706 3300 1761 audientium
3346 1705 3579 1760 utilitati
3630 1721 3754 1759 con-

2154 1784 2386 1870 gruere,
2419 1796 2545 1853 licet
2585 1797 2771 1851 tandiu
2818 1797 3050 1853 celatum
3095 1798 3167 1852 sit
3211 1799 3551 1865 scriptorum
3587 1796 3755 1866 negi-

2156 1891 2337 1962 gentia
2372 1889 2628 1955 incurite,
2660 1897 2839 1944 tamen
2888 1888 3108 1957 dignum
3157 1888 3379 1942 ducitur
3421 1885 3609 1942 ollicio
3634 1886 3755 1956 styli

2158 1981 2529 2039 commendari
2579 1982 2879 2036 memoriae.
2926 1979 3084 2035 Nulla
3142 1979 3267 2034 istic
3321 1977 3638 2047 antiquitus
3694 1977 3757 2032 de

2157 2074 2381 2146 praefato
2410 2074 2610 2129 Christi
2645 2083 2883 2145 martyre
2926 2072 3220 2127 custoditio
3249 2070 3522 2142 agebatur
3553 2069 3754 2124 solenne

2159 2167 2345 2221 uitatis
2367 2208 2381 2234 ,
2411 2168 2514 2222 nisi
2544 2167 2719 2220 tribus
2746 2165 3068 2221 lectionibus
3096 2164 3438 2233 totidemque
3466 2176 3756 2233 responso-

2160 2258 2257 2311 riis
2294 2272 2309 2311 :
2354 2268 2411 2311 at
2461 2257 2549 2311 ubi
2598 2256 2814 2325 propria
2847 2255 3017 2324 ipsius
3046 2271 3074 2307 a
3105 2254 3439 2325 quihusdam
3496 2252 3758 2307 fratribus

2160 2348 2266 2402 huc
2293 2347 2456 2400 allata
2485 2348 2751 2401 devenere
2772 2339 3478 2415 responsoria,extemploa
3495 2344 3759 2399 fratribus

2159 2451 2350 2490 eorum
2391 2436 2576 2490 suavis
2625 2435 2946 2489 mulcedinis
2991 2444 3245 2504 percepta
3297 2433 3634 2497 harmonia,
3682 2432 3755 2486 uti

2161 2540 2287 2582 sunt
2330 2529 2621 2581 admodum
2670 2527 3046 2594 dclcctabilia,
3082 2527 3167 2581 his
3217 2526 3452 2580 fratrum
3501 2525 3757 2594 juventus

2159 2618 2452 2690 plurimum
2499 2629 2583 2674 est
2612 2618 2875 2674 delectata
2894 2659 2909 2684 ,
2964 2628 3125 2690 atque
3155 2618 3351 2673 futura:
3378 2633 3449 2673 ex
3503 2626 3636 2672 tunc
3665 2617 3760 2672 ob-

2161 2708 2449 2762 servanda:
2501 2708 2803 2761 relebritati
2860 2708 3088 2777 adplrne
3138 2710 3433 2765 instructa.
3491 2708 3632 2763 Exin
3671 2708 3760 2762 de-

2162 2797 2360 2868 positio
2390 2797 2685 2867 supradicti
2718 2799 2894 2853 sancti
2936 2798 3162 2870 singulis
3205 2800 3367 2853 annis
3393 2813 3604 2870 prater
3628 2798 3758 2855 soli-

2164 2898 2277 2944 tum
2315 2889 2594 2943 (lllftdt‘Cim
2636 2889 2958 2944 lectionibus
2986 2891 3266 2946 decentius
3317 2891 3429 2946 coli
3483 2899 3752 2961 οωξετει,

474 2968 596 3026 ίυΐδ
634 2960 821 3015 “cerei
869 2974 929 3014 5°
977 2968 1341 3036 υτοδιυτηθτθσ
1398 2957 1568 3026 Hujus
1598 2957 1868 3056 ἰξίξητξιῖί
1896 2969 2058 3056 calli“
2088 2994 2132 3056 ρ
2164 2997 2228 3036 ac
2259 2982 2486 3035 fratrum
2531 2982 2748 3038 devotio
2796 2983 2968 3055 magis
3013 2985 3294 3053 magisque
3324 2998 3462 3053 erga
3512 2957 3759 3038 sanctum

476 3053 754 3109 advocatis
804 3052 1206 3107 venerabilibus
1283 3050 1553 3121 episc0pis
1623 3038 1891 3103 Wicfrido
1945 3046 2059 3117 (47)

477 3130 876 3199 Tarvennensis
912 3140 1168 3196 Ecclesia:
1214 3140 1470 3209 episc0po
1500 3147 1555 3192 et
1582 3137 1836 3191 Folberto
1865 3136 2062 3189 Came-

476 3236 743 3299 racensis,
787 3234 1079 3289 denudavit
1126 3233 1208 3287 eis
1245 3231 1571 3286 desiderium
1610 3245 1798 3294 suum;
1841 3237 2063 3297 accepta

477 3327 645 3382 etiam
675 3341 706 3379 a
738 3324 1020 3378 monachis
1067 3322 1281 3376 licentia
1319 3337 1463 3376 anno
1494 3319 1803 3374 Nativitatis
1848 3318 2064 3373 Domini

480 3416 895 3488 nongeutcsitno
942 3415 1219 3485 trigesimo
1270 3422 1495 3478 octavo,
1568 3429 1818 3483 annoque
1873 3415 2066 3483 quinto

482 3506 737 3563 Ludovici
770 3508 932 3577 regis,
988 3507 1117 3560 feria
1167 3506 1402 3560 secundi
1451 3506 1676 3561 Pascha:
1741 3507 2065 3560 introduxe-

482 3610 607 3655 runt
630 3615 748 3654 eam
776 3599 981 3670 praefati
1003 3600 1243 3671 episcopi
1280 3601 1332 3654 in
1354 3601 1542 3654 eodem
1572 3600 1927 3664 monasterio,
1961 3617 2065 3655 non

483 3693 605 3748 sine
646 3702 882 3747 tremore
936 3696 1206 3759 maximo;
1269 3693 1526 3763 quoniam
1593 3694 1697 3748 hoc
1743 3693 1830 3747 illa
1888 3697 2064 3764 prima

483 3781 662 3839 facere
690 3795 1134 3853 praesumpserat,
1174 3788 1318 3854 quod
1366 3794 1524 3837 antea
1575 3786 1884 3852 reginarum
1925 3786 2067 3839 nulla

483 3877 870 3945 concupiscere
933 3875 1013 3929 vel
1066 3877 1320 3931 audebat.
1388 3875 1588 3946 Sicque
1642 3877 1983 3939 introducm',
2016 3885 2072 3932 et

485 3974 613 4020 ante
643 3964 811 4020 altare
862 3963 925 4019 Β.
962 3964 1170 4019 Bertini
1222 3975 1533 4035 prostrata,
1585 3968 1778 4020 devote
1824 3970 2072 4022 oratione

486 4053 601 4112 fusa
626 4049 836 4127 plenam
868 4059 1115 4127 corporis
1174 4058 1490 4128 sospitatem
1540 4061 1770 4128 recepit.
1815 4057 2073 4113 lntrando

485 4158 668 4204 autem
702 4149 932 4219 plurima
966 4150 1091 4204 huic
1118 4150 1236 4204 loco
1281 4160 1604 4204 ornamenta
1662 4150 1778 4221 (48)
1815 4153 2073 4219 colitulit,

487 4248 546 4297 et
568 4242 807 4312 quandiu
840 4242 1008 4308 vixit,
1051 4244 1566 4314 mmquam'donare
1596 4243 1851 4299 cessavit.

2166 3073 2261 3129 Dei
2292 3074 2536 3143 quotidie
2562 3075 2867 3129 crescebat.
2898 3073 3049 3141 Quod
3080 3091 3205 3129 cum
3238 3075 3561 3145 aliquorum
3592 3092 3761 3131 anuo-

2166 3181 2286 3220 rum
2321 3165 2478 3219 fieret
2525 3164 2898 3231 revolutione,
2929 3181 3029 3221 nec
3067 3163 3266 3222 fratres
3314 3167 3659 3222 desisterent
3698 3167 3761 3221 ab

2170 3255 2480 3325 huiusmodi
2546 3268 2732 3311 sancta
2803 3258 3118 3325 devotione,
3184 3259 3418 3328 contigit
3467 3275 3583 3314 uno
3628 3272 3762 3313 anno

2167 3338 2329 3418 paulo
2360 3355 2482 3417 post
2511 3356 2786 3403 transacta
2818 3349 3073 3403 decenter
3118 3350 3365 3420 ejusdem
3413 3349 3625 3404 celebri
3672 3348 3761 3403 ἀει

2169 3440 2466 3509 positione,
2520 3439 2728 3495 scilicet
2778 3439 2831 3493 in
2882 3440 2998 3509 ipsa
3046 3439 3106 3495 S.
3160 3440 3414 3511 Gregorii
3469 3439 3763 3496 festivitate

2168 3545 2288 3598 quae
2314 3518 2528 3584 constat
2557 3528 3010 3599 quadragesimali
3061 3539 3336 3600 tempore,
3378 3544 3641 3600 magnam
3669 3530 3761 3582 do-

2169 3636 2315 3674 mmn
2346 3621 2504 3673 unius
2528 3619 2918 3675 advocatorum
2950 3621 3189 3675 claustro
3221 3629 3389 3690 atque
3422 3622 3762 3675 nionasterio

2171 3712 2480 3780 contiguam
2512 3726 2578 3765 ert
2609 3711 2900 3765 immortuo
2930 3704 3074 3766 cerei
3121 3709 3289 3780 fungo
3319 3726 3652 3766 succensum
3680 3725 3762 3763 ar-

2172 3804 2320 3858 dere.
2353 3804 2484 3869 Quae
2512 3814 2570 3857 ut
2617 3814 2738 3859 erat
2768 3802 2946 3857 valida
2968 3841 2984 3871 ,
3024 3804 3315 3859 horribiles
3344 3802 3604 3859 flannuas
3643 3818 3762 3857 evo-

2173 3910 2359 3959 mens,
2389 3895 2800 3964 claustrumque
2850 3895 2937 3948 illa
2985 3909 3140 3964 parte
3186 3909 3294 3964 qua
3324 3904 3592 3960 steterat,
3624 3894 3761 3948 fumo

2175 3987 2404 4055 igncque
2434 3986 2645 4050 velans,
2678 3986 2930 4041 onmihus
2979 3987 3295 4040 monasterii
3347 3985 3591 4039 oﬂicinis
3618 3983 3761 4039 exci-

2174 4080 2321 4134 dium
2357 4080 2684 4145 rninahatur,
2731 4080 3038 4149 fratresque
3079 4079 3190 4149 iam
3228 4080 3296 4133 de
3344 4079 3485 4133 tanti
3522 4077 3628 4133 loci
3675 4076 3763 4131 de-

2174 4170 2377 4239 sperati
2409 4158 2732 4224 liberatione
2766 4170 2939 4223 solum
2988 4170 3056 4224 ad
3103 4170 3474 4224 extrahendus
3526 4166 3763 4223 ecclesia

2179 4262 2463 4315 thesauros
2491 4269 2546 4315 et
2590 4274 2819 4330 quaeque
2866 4259 3259 4330 suppellectilia
3304 4258 3759 4328 occupabantur:

488 4352 620 4412 CAP.
662 4354 794 4409 Xlll.
834 4354 913 4409 De
936 4355 1029 4409 illo
1075 4357 1169 4425 qui
1204 4355 1264 4410 S.
1293 4355 1503 4409 Bertino
1533 4356 1704 4425 ﬁlium
1732 4372 1886 4410 suum
1915 4358 2073 4410 morti
2104 4337 2151 4396 Ι)
2179 4368 2299 4406 cum
2332 4352 2563 4421 propitia
2610 4352 2705 4406 Dei
2753 4352 3091 4422 providentia
3137 4360 3246 4406 tres
3275 4350 3549 4406 columbae
3597 4350 3763 4402 instar

1020 4428 1314 4505 proximum
1344 4427 1548 4479 obtulit.

567 4514 769 4570 Eodem
805 4523 1051 4586 tempore
1098 4516 1359 4572 Rodulfus
1412 4519 1601 4596 ipsius~
1629 4518 1834 4576 castelli
1879 4528 2079 4589 praeter

495 4607 758 4672 urbanus,
784 4607 949 4665 tilium
971 4624 1128 4665 suum
1152 4610 1369 4666 nomine
1391 4611 1692 4668 Walterum
1741 4629 1865 4668 cum
1887 4615 2077 4670 morbo

531 4814 543 4826 ο
570 4742 684 4815 (ιῦ)
714 4742 842 4811 Quae
861 4752 1181 4815 sequuntur,
1212 4745 1439 4803 al'orius
1472 4748 1722 4804 videntur
1744 4765 1864 4807 esse
1884 4759 2075 4808 aucto-

499 4828 578 4870 τις

572 4882 684 4955 (46)
710 4884 757 4961 Is
782 4884 1109 4961 Sitbivensis
1134 4887 1446 4961 monasterii
1472 4887 1805 4961 collapsam,
1835 4888 2075 4961 discipli-

500 4970 624 5029 nam
673 4955 955 5029 reformari
1011 4958 1221 5029 curavit
1270 4973 1412 5029 armo
1465 4957 1588 5020 9M,
1633 4955 1744 5029 'per
1776 4960 1834 5013 S.
1874 4955 2076 5016 Gerar-

501 5025 649 5095 dum,
673 5040 741 5095 es
763 5026 937 5094 Iperio
962 5041 1117 5095 capp.
1146 5026 1216 5080 273
1244 5036 1298 5080 et
1321 5026 1411 5078 24.

570 5094 1053 5162 (47iFrodoardus
1104 5097 1156 5149 in
1207 5095 1477 5150 Chronico
1541 5097 1607 5151 ad
1667 5113 1869 5154 annum
1916 5100 2070 5155 955:

500 5160 751 5237 Afmldua
780 5166 1199 5233 archiepiscopus
1230 5164 1558 5234 Wiefredum
1586 5168 1860 5237 quemdam
1881 5168 2075 5223 Mona-

502 5234 655 5287 chum
702 5238 918 5320 (iteil'l'pe
960 5237 1332 5320 Sithiveusetn
1383 5245 1526 5320 teste
1569 5234 1741 5320 iperio
1801 5254 1918 5308 cap.
1956 5241 2073 5320 βξ,

2178 4441 2319 4497 nivis
2343 4442 2618 4506 candidae,
2665 4441 2881 4497 cmlitus
2926 4448 3008 4512 (ut
3054 4443 3249 4506 credo,
3297 4450 3470 4512 utque
3515 4447 3643 4513 post
3678 4452 3763 4493 res

2178 4534 2415 4599 edocuit)
2437 4533 2654 4603 elapste,
2672 4535 3080 4603 catnpanarium
3104 4534 3281 4604 palam
3306 4534 3493 4588 multis
3513 4533 3764 4587 videntur

2179 4631 2262 4678 ter
2306 4623 2778 4691 circumvolitare,
2807 4629 2862 4680 et
2894 4639 3040 4680 nunc
3071 4624 3194 4691 hic,
3243 4639 3391 4679 nunc
3438 4621 3555 4677 illic
3600 4634 3763 4695 super

2176 4762 2426 4832 prwcfpcti
2456 4779 2573 4832 qum
2601 4762 2778 4816 adhuc
2804 4764 2998 4827 durat,
3033 4761 3211 4832 inquit
3243 4758 3452 4832 lperins
3478 4774 3606 4829 cap.

2274 4827 2361 4897 49')
2389 4827 2556 4902 Vulgo
2577 4834 2627 4884 la
2651 4836 2806 4902 petite
2828 4833 3017 4886 verole.
3045 4827 3210 4886 Boam
3239 4827 3517 4902 appellant
3544 4827 3758 4902 medici.

2271 4903 2362 4969 ξιο)
2402 4899 2510 4957 Hie
2542 4899 2896 4985 suppltttdnm
2945 4902 2995 4956 id
3048 4902 3193 4985 quod
3246 4899 3381 4985 dicit
3439 4901 3651 4985 lperius
3706 4899 3759 4985 in

2175 4969 2383 5027 Chron.
2426 4990 2545 5043 cap.
2589 4969 2678 5043 Ξῖ,
2726 4983 2879 5042 parte
2909 4988 2946 5026 ιι
2980 4991 2995 5026 :
3027 4969 3198 5043 Abans
3240 4969 3581 5043 iiagenofdns
3603 4970 3757 5043 )3th

2176 5043 2383 5095 comitis
2429 5036 2665 5165 Ar'imgi,
2709 5036 3069 5108 cognomento
3108 5036 3336 5104 Vctuli,
3364 5036 3615 5109 reliquias
3652 5036 3753 5093 SS.

2178 5111 2465 5164 Audomnri
2494 5124 2541 5164 et
2617 5118 2767 5165 enim
2792 5124 2938 5164 trans
2967 5113 3205 5165 "lienam
3235 5112 3376 5163 ultra
3402 5109 3751 5165 Neomneum,

2178 5111 2465 5164 Audomnri
2494 5124 2541 5164 et
2569 5109 2767 5168 Bertim
2792 5124 2938 5164 trans
2967 5113 3205 5166 Illtenam
3235 5112 3376 5163 ultra
3402 5109 3751 5178 Neomngull.

2176 5180 2265 5232 ubi
2303 5192 2425 5233 tunc
2456 5183 2743 5245 imperator
2774 5185 3029 5236 residebat
3049 5224 3063 5246 ,
3090 5181 3306 5243 detuiu,
3350 5190 3403 5232 ut
3440 5190 3612 5231 terra:
3632 5194 3753 5229 sua:

2173 5251 2273 5320 sibi
2297 5250 2633 5313 vindicarent.
2679 5251 2745 5304 In
2786 5269 2890 5320 qua
2931 5254 3289 5320 deportatione
3323 5249 3642 5320 miraculum
3667 5264 3754 5298 cc-
