  <div class='ocr_page' id='page_1' title='image "/cluster/home/n/w/nwhite01/storage/ocr_20150623/147/hvd.32044010574002/568.png"; bbox 0 0 3960 5320; ppageno 0'>
   <div class='ocr_carea' id='block_1_1' title="bbox 161 222 313 282">
    <p class='ocr_par' dir='ltr' id='par_1_1' title="bbox 161 222 313 282">
     <span class='ocr_line' id='line_1_1' title="bbox 161 222 313 282; baseline 0 -1"><span class='ocrx_word' id='word_1_1' title='bbox 161 222 313 282; x_wconf 65' lang='lat'><strong>“25</strong></span> 
     </span>
    </p>
   </div>
   <div class='ocr_carea' id='block_1_2' title="bbox 1233 202 2374 278">
    <p class='ocr_par' dir='ltr' id='par_1_2' title="bbox 1233 202 2374 278">
     <span class='ocr_line' id='line_1_2' title="bbox 1233 202 2374 278; baseline -0.006 0"><span class='ocrx_word' id='word_1_2' title='bbox 1233 214 1584 278; x_wconf 59' lang='lat' dir='ltr'><strong>IIRACUIA</strong></span> <span class='ocrx_word' id='word_1_3' title='bbox 1627 215 1685 272; x_wconf 84' lang='lat' dir='ltr'><strong>S.</strong></span> <span class='ocrx_word' id='word_1_4' title='bbox 1713 202 1991 271; x_wconf 71' lang='lat' dir='ltr'><strong>BERTINI</strong></span> <span class='ocrx_word' id='word_1_5' title='bbox 2051 243 2123 257; x_wconf 89' lang='lat'><strong>--</strong></span> <span class='ocrx_word' id='word_1_6' title='bbox 2156 213 2285 273; x_wconf 77' lang='lat' dir='ltr'><strong>LIB.</strong></span> <span class='ocrx_word' id='word_1_7' title='bbox 2313 213 2374 271; x_wconf 79' lang='lat' dir='ltr'><strong>ll.</strong></span> 
     </span>
    </p>
   </div>
   <div class='ocr_carea' id='block_1_3' title="bbox 3266 209 3451 271">
    <p class='ocr_par' dir='ltr' id='par_1_3' title="bbox 3266 209 3451 271">
     <span class='ocr_line' id='line_1_3' title="bbox 3266 209 3451 271; baseline -0.005 0"><span class='ocrx_word' id='word_1_8' title='bbox 3266 209 3451 271; x_wconf 75' lang='grc' dir='ltr'><strong>ἰιΞϐ</strong></span> 
     </span>
    </p>
   </div>
   <div class='ocr_carea' id='block_1_4' title="bbox 156 324 3443 410">
    <p class='ocr_par' dir='ltr' id='par_1_4' title="bbox 156 324 3443 410">
     <span class='ocr_line' id='line_1_4' title="bbox 156 324 3443 410; baseline -0.004 -19"><span class='ocrx_word' id='word_1_9' title='bbox 156 334 458 410; x_wconf 80' lang='lat' dir='ltr'><strong>pinnaeula</strong></span> <span class='ocrx_word' id='word_1_10' title='bbox 487 327 757 392; x_wconf 76' lang='lat' dir='ltr'><strong>sessiones</strong></span> <span class='ocrx_word' id='word_1_11' title='bbox 803 333 1096 391; x_wconf 84' lang='lat' dir='ltr'><strong>alternare.</strong></span> <span class='ocrx_word' id='word_1_12' title='bbox 1148 332 1303 401; x_wconf 82' lang='lat' dir='ltr'><strong>Quod</strong></span> <span class='ocrx_word' id='word_1_13' title='bbox 1355 331 1596 389; x_wconf 82' lang='lat' dir='ltr'><strong>nonnulli</strong></span> <span class='ocrx_word' id='word_1_14' title='bbox 1628 335 1824 393; x_wconf 72' lang='lat' dir='ltr'><strong>cer-&#39;A</strong></span> <span class='ocrx_word' id='word_1_15' title='bbox 1852 342 1919 383; x_wconf 81' lang='lat' dir='ltr'><strong>es</strong></span> <span class='ocrx_word' id='word_1_16' title='bbox 1947 337 2104 398; x_wconf 81' lang='lat' dir='ltr'><strong>parte</strong></span> <span class='ocrx_word' id='word_1_17' title='bbox 2126 343 2353 401; x_wconf 86' lang='lat' dir='ltr'><strong>magnas</strong></span> <span class='ocrx_word' id='word_1_18' title='bbox 2397 326 2694 399; x_wconf 85' lang='lat' dir='ltr'><strong>gratiarum</strong></span> <span class='ocrx_word' id='word_1_19' title='bbox 2741 324 2984 382; x_wconf 85' lang='lat' dir='ltr'><strong>actiones</strong></span> <span class='ocrx_word' id='word_1_20' title='bbox 3009 338 3149 382; x_wconf 86' lang='lat' dir='ltr'><strong>cane</strong></span> <span class='ocrx_word' id='word_1_21' title='bbox 3172 324 3221 383; x_wconf 90' lang='lat' dir='ltr'><strong>is</strong></span> <span class='ocrx_word' id='word_1_22' title='bbox 3250 339 3317 380; x_wconf 90' lang='lat' dir='ltr'><strong>ne</strong></span> <span class='ocrx_word' id='word_1_23' title='bbox 3343 340 3443 379; x_wconf 89' lang='lat' dir='ltr'><strong>ne-</strong></span> 
     </span>
    </p>
   </div>
   <div class='ocr_carea' id='block_1_5' title="bbox 167 422 1760 487">
    <p class='ocr_par' dir='ltr' id='par_1_5' title="bbox 167 422 1760 487">
     <span class='ocr_line' id='line_1_5' title="bbox 167 422 1760 487; baseline -0.003 -7"><span class='ocrx_word' id='word_1_24' title='bbox 167 436 402 487; x_wconf 87' lang='lat' dir='ltr'><strong>nentes.</strong></span> <span class='ocrx_word' id='word_1_25' title='bbox 435 442 464 480; x_wconf 89' lang='lat' dir='ltr'><strong>a</strong></span> <span class='ocrx_word' id='word_1_26' title='bbox 494 425 724 480; x_wconf 90' lang='lat' dir='ltr'><strong>Domino</strong></span> <span class='ocrx_word' id='word_1_27' title='bbox 753 424 878 479; x_wconf 90' lang='lat' dir='ltr'><strong>talia</strong></span> <span class='ocrx_word' id='word_1_28' title='bbox 909 423 1047 479; x_wconf 84' lang='lat' dir='ltr'><strong>eliici</strong></span> <span class='ocrx_word' id='word_1_29' title='bbox 1075 422 1498 487; x_wconf 79' lang='lat' dir='ltr'><strong>existimabant,</strong></span> <span class='ocrx_word' id='word_1_30' title='bbox 1532 422 1760 476; x_wconf 80' lang='lat' dir='ltr'><strong>talibus-</strong></span> 
     </span>
    </p>
   </div>
   <div class='ocr_carea' id='block_1_6' title="bbox 161 511 1761 586">
    <p class='ocr_par' dir='ltr' id='par_1_6' title="bbox 161 511 1761 586">
     <span class='ocr_line' id='line_1_6' title="bbox 161 511 1761 586; baseline -0.003 -16"><span class='ocrx_word' id='word_1_31' title='bbox 161 532 280 586; x_wconf 85' lang='lat' dir='ltr'><strong>que</strong></span> <span class='ocrx_word' id='word_1_32' title='bbox 307 517 523 571; x_wconf 85' lang='lat' dir='ltr'><strong>indiciis</strong></span> <span class='ocrx_word' id='word_1_33' title='bbox 551 516 729 569; x_wconf 83' lang='lat' dir='ltr'><strong>locum</strong></span> <span class='ocrx_word' id='word_1_34' title='bbox 757 516 921 569; x_wconf 90' lang='lat' dir='ltr'><strong>istum</strong></span> <span class='ocrx_word' id='word_1_35' title='bbox 952 530 980 567; x_wconf 85' lang='lat' dir='ltr'><strong>a</strong></span> <span class='ocrx_word' id='word_1_36' title='bbox 1015 522 1165 567; x_wconf 91' lang='lat' dir='ltr'><strong>tanto</strong></span> <span class='ocrx_word' id='word_1_37' title='bbox 1188 513 1422 567; x_wconf 89' lang='lat' dir='ltr'><strong>incendii</strong></span> <span class='ocrx_word' id='word_1_38' title='bbox 1447 511 1761 566; x_wconf 88' lang='lat' dir='ltr'><strong>discrimine</strong></span> 
     </span>
    </p>
   </div>
   <div class='ocr_carea' id='block_1_7' title="bbox 160 602 1763 673">
    <p class='ocr_par' dir='ltr' id='par_1_7' title="bbox 160 602 1763 673">
     <span class='ocr_line' id='line_1_7' title="bbox 160 602 1763 673; baseline -0.002 -14"><span class='ocrx_word' id='word_1_39' title='bbox 160 616 447 659; x_wconf 73' lang='lat' dir='ltr'><strong>Sert‘attttn</strong></span> <span class='ocrx_word' id='word_1_40' title='bbox 515 606 580 660; x_wconf 92' lang='lat' dir='ltr'><strong>iri</strong></span> <span class='ocrx_word' id='word_1_41' title='bbox 638 614 857 659; x_wconf 79' lang='lat' dir='ltr'><strong>orantes</strong></span> <span class='ocrx_word' id='word_1_42' title='bbox 910 604 1260 673; x_wconf 75' lang='lat' dir='ltr'><strong>exoptabant.</strong></span> <span class='ocrx_word' id='word_1_43' title='bbox 1332 602 1576 670; x_wconf 84' lang='lat' dir='ltr'><strong>Cumque</strong></span> <span class='ocrx_word' id='word_1_44' title='bbox 1627 602 1763 656; x_wconf 86' lang='lat' dir='ltr'><strong>adeo</strong></span> 
     </span>
    </p>
   </div>
   <div class='ocr_carea' id='block_1_8' title="bbox 164 695 1761 767">
    <p class='ocr_par' dir='ltr' id='par_1_8' title="bbox 164 695 1761 767">
     <span class='ocr_line' id='line_1_8' title="bbox 164 695 1761 767; baseline 0 -19"><span class='ocrx_word' id='word_1_45' title='bbox 164 697 365 764; x_wconf 77' lang='lat' dir='ltr'><strong>ingens</strong></span> <span class='ocrx_word' id='word_1_46' title='bbox 389 708 566 761; x_wconf 83' lang='lat' dir='ltr'><strong>esset,</strong></span> <span class='ocrx_word' id='word_1_47' title='bbox 598 698 674 751; x_wconf 90' lang='lat' dir='ltr'><strong>uti</strong></span> <span class='ocrx_word' id='word_1_48' title='bbox 703 697 964 767; x_wconf 91' lang='lat' dir='ltr'><strong>principis</strong></span> <span class='ocrx_word' id='word_1_49' title='bbox 995 695 1087 767; x_wconf 63' lang='lat'><strong>[[1,</strong></span> <span class='ocrx_word' id='word_1_50' title='bbox 1119 696 1385 765; x_wconf 90' lang='lat' dir='ltr'><strong>principi,</strong></span> <span class='ocrx_word' id='word_1_51' title='bbox 1414 695 1467 747; x_wconf 83' lang='lat' dir='ltr'><strong>id</strong></span> <span class='ocrx_word' id='word_1_52' title='bbox 1506 705 1581 748; x_wconf 78' lang='lat' dir='ltr'><strong>est</strong></span> <span class='ocrx_word' id='word_1_53' title='bbox 1610 695 1761 764; x_wconf 87' lang='lat' dir='ltr'><strong>prin-</strong></span> 
     </span>
    </p>
   </div>
   <div class='ocr_carea' id='block_1_9' title="bbox 162 785 1763 859">
    <p class='ocr_par' dir='ltr' id='par_1_9' title="bbox 162 785 1763 859">
     <span class='ocr_line' id='line_1_9' title="bbox 162 785 1763 859; baseline -0.001 -17"><span class='ocrx_word' id='word_1_54' title='bbox 162 790 361 857; x_wconf 85' lang='lat' dir='ltr'><strong>cipali;</strong></span> <span class='ocrx_word' id='word_1_55' title='bbox 409 800 499 843; x_wconf 81' lang='lat' dir='ltr'><strong>aut</strong></span> <span class='ocrx_word' id='word_1_56' title='bbox 530 791 791 859; x_wconf 83' lang='lat' dir='ltr'><strong>principis</strong></span> <span class='ocrx_word' id='word_1_57' title='bbox 822 787 880 844; x_wconf 88' lang='lat' dir='ltr'><strong>S.</strong></span> <span class='ocrx_word' id='word_1_58' title='bbox 917 787 1088 859; x_wconf 89' lang='lat' dir='ltr'><strong>Petti]</strong></span> <span class='ocrx_word' id='word_1_59' title='bbox 1134 789 1270 841; x_wconf 87' lang='lat' dir='ltr'><strong>adeo</strong></span> <span class='ocrx_word' id='word_1_60' title='bbox 1316 786 1555 841; x_wconf 81' lang='lat' dir='ltr'><strong>claustro</strong></span> <span class='ocrx_word' id='word_1_61' title='bbox 1585 785 1763 840; x_wconf 90' lang='lat' dir='ltr'><strong>immi-</strong></span> 
     </span>
    </p>
   </div>
   <div class='ocr_carea' id='block_1_10' title="bbox 166 876 1763 949">
    <p class='ocr_par' dir='ltr' id='par_1_10' title="bbox 166 876 1763 949">
     <span class='ocr_line' id='line_1_10' title="bbox 166 876 1763 949; baseline -0.001 -18"><span class='ocrx_word' id='word_1_62' title='bbox 166 890 361 940; x_wconf 83' lang='lat' dir='ltr'><strong>neret,</strong></span> <span class='ocrx_word' id='word_1_63' title='bbox 395 890 452 932; x_wconf 92' lang='lat' dir='ltr'><strong>ut</strong></span> <span class='ocrx_word' id='word_1_64' title='bbox 480 880 563 932; x_wconf 79' lang='lat' dir='ltr'><strong>vix</strong></span> <span class='ocrx_word' id='word_1_65' title='bbox 609 880 825 949; x_wconf 77' lang='lat' dir='ltr'><strong>aliquod</strong></span> <span class='ocrx_word' id='word_1_66' title='bbox 875 877 1219 933; x_wconf 72' lang='lat' dir='ltr'><strong>intervallum</strong></span> <span class='ocrx_word' id='word_1_67' title='bbox 1251 876 1619 941; x_wconf 80' lang='lat' dir='ltr'><strong>interfuisset,</strong></span> <span class='ocrx_word' id='word_1_68' title='bbox 1645 884 1763 930; x_wconf 83' lang='lat' dir='ltr'><strong>tan-</strong></span> 
     </span>
    </p>
   </div>
   <div class='ocr_carea' id='block_1_11' title="bbox 164 967 1763 1051">
    <p class='ocr_par' dir='ltr' id='par_1_11' title="bbox 164 967 1763 1051">
     <span class='ocr_line' id='line_1_11' title="bbox 164 967 1763 1051; baseline -0.001 -27"><span class='ocrx_word' id='word_1_69' title='bbox 164 978 401 1041; x_wconf 86' lang='lat' dir='ltr'><strong>tumque</strong></span> <span class='ocrx_word' id='word_1_70' title='bbox 430 971 663 1026; x_wconf 67' lang='lat' dir='ltr'><strong>inci-odii</strong></span> <span class='ocrx_word' id='word_1_71' title='bbox 699 985 767 1051; x_wconf 61' lang='lat' dir='ltr'><strong>es</strong></span> <span class='ocrx_word' id='word_1_72' title='bbox 815 971 918 1025; x_wconf 85' lang='lat' dir='ltr'><strong>hac</strong></span> <span class='ocrx_word' id='word_1_73' title='bbox 961 980 1302 1040; x_wconf 70' lang='lat' dir='ltr'><strong>grassaretur</strong></span> <span class='ocrx_word' id='word_1_74' title='bbox 1331 977 1391 1022; x_wconf 85' lang='lat' dir='ltr'><strong>tit</strong></span> <span class='ocrx_word' id='word_1_75' title='bbox 1431 968 1590 1039; x_wconf 85' lang='lat' dir='ltr'><strong>longe</strong></span> <span class='ocrx_word' id='word_1_76' title='bbox 1634 967 1763 1023; x_wconf 87' lang='lat' dir='ltr'><strong>hinc</strong></span> 
     </span>
    </p>
   </div>
   <div class='ocr_carea' id='block_1_12' title="bbox 162 1060 1758 1132">
    <p class='ocr_par' dir='ltr' id='par_1_12' title="bbox 162 1060 1758 1132">
     <span class='ocr_line' id='line_1_12' title="bbox 162 1060 1758 1132; baseline -0.001 -16"><span class='ocrx_word' id='word_1_77' title='bbox 162 1062 431 1117; x_wconf 73' lang='lat' dir='ltr'><strong>distantia</strong></span> <span class='ocrx_word' id='word_1_78' title='bbox 463 1066 676 1117; x_wconf 87' lang='lat' dir='ltr'><strong>domata</strong></span> <span class='ocrx_word' id='word_1_79' title='bbox 705 1062 903 1118; x_wconf 80' lang='lat' dir='ltr'><strong>exinde</strong></span> <span class='ocrx_word' id='word_1_80' title='bbox 930 1062 1340 1125; x_wconf 85' lang='lat' dir='ltr'><strong>invaderentur,</strong></span> <span class='ocrx_word' id='word_1_81' title='bbox 1370 1077 1564 1132; x_wconf 86' lang='lat' dir='ltr'><strong>magna</strong></span> <span class='ocrx_word' id='word_1_82' title='bbox 1593 1060 1758 1117; x_wconf 84' lang='lat' dir='ltr'><strong>etiam</strong></span> 
     </span>
    </p>
   </div>
   <div class='ocr_carea' id='block_1_13' title="bbox 162 1152 1761 1222">
    <p class='ocr_par' dir='ltr' id='par_1_13' title="bbox 162 1152 1761 1222">
     <span class='ocr_line' id='line_1_13' title="bbox 162 1152 1761 1222; baseline 0 -16"><span class='ocrx_word' id='word_1_83' title='bbox 162 1169 304 1222; x_wconf 81' lang='lat' dir='ltr'><strong>pars</strong></span> <span class='ocrx_word' id='word_1_84' title='bbox 339 1153 507 1222; x_wconf 80' lang='lat' dir='ltr'><strong>ipsius</strong></span> <span class='ocrx_word' id='word_1_85' title='bbox 536 1154 746 1209; x_wconf 90' lang='lat' dir='ltr'><strong>castelli</strong></span> <span class='ocrx_word' id='word_1_86' title='bbox 780 1163 1215 1217; x_wconf 83' lang='lat' dir='ltr'><strong>consumeretur,</strong></span> <span class='ocrx_word' id='word_1_87' title='bbox 1248 1153 1356 1207; x_wconf 90' lang='lat' dir='ltr'><strong>Deo</strong></span> <span class='ocrx_word' id='word_1_88' title='bbox 1383 1152 1586 1220; x_wconf 78' lang='lat' dir='ltr'><strong>gratias</strong></span> <span class='ocrx_word' id='word_1_89' title='bbox 1655 1166 1761 1207; x_wconf 91' lang='lat' dir='ltr'><strong>non</strong></span> 
     </span>
    </p>
   </div>
   <div class='ocr_carea' id='block_1_14' title="bbox 162 1239 1765 1313">
    <p class='ocr_par' dir='ltr' id='par_1_14' title="bbox 162 1239 1765 1313">
     <span class='ocr_line' id='line_1_14' title="bbox 162 1239 1765 1313; baseline -0.001 -15"><span class='ocrx_word' id='word_1_90' title='bbox 162 1246 350 1298; x_wconf 84' lang='lat' dir='ltr'><strong>solum</strong></span> <span class='ocrx_word' id='word_1_91' title='bbox 389 1245 566 1299; x_wconf 88' lang='lat' dir='ltr'><strong>omnis</strong></span> <span class='ocrx_word' id='word_1_92' title='bbox 612 1244 702 1300; x_wconf 87' lang='lat' dir='ltr'><strong>liic</strong></span> <span class='ocrx_word' id='word_1_93' title='bbox 747 1252 902 1299; x_wconf 84' lang='lat' dir='ltr'><strong>locus</strong></span> <span class='ocrx_word' id='word_1_94' title='bbox 949 1258 978 1296; x_wconf 88' lang='lat' dir='ltr'><strong>a</strong></span> <span class='ocrx_word' id='word_1_95' title='bbox 1030 1251 1179 1297; x_wconf 83' lang='lat' dir='ltr'><strong>tanto</strong></span> <span class='ocrx_word' id='word_1_96' title='bbox 1226 1239 1450 1313; x_wconf 76' lang='lat' dir='ltr'><strong>periculi</strong></span> <span class='ocrx_word' id='word_1_97' title='bbox 1482 1240 1765 1309; x_wconf 74' lang='lat' dir='ltr'><strong>dispendio</strong></span> 
     </span>
    </p>
   </div>
   <div class='ocr_carea' id='block_1_15' title="bbox 162 1332 1766 1403">
    <p class='ocr_par' dir='ltr' id='par_1_15' title="bbox 162 1332 1766 1403">
     <span class='ocr_line' id='line_1_15' title="bbox 162 1332 1766 1403; baseline 0.001 -15"><span class='ocrx_word' id='word_1_98' title='bbox 162 1346 430 1401; x_wconf 83' lang='lat' dir='ltr'><strong>ereptus,</strong></span> <span class='ocrx_word' id='word_1_99' title='bbox 481 1349 668 1389; x_wconf 84' lang='lat' dir='ltr'><strong>verum</strong></span> <span class='ocrx_word' id='word_1_100' title='bbox 707 1334 867 1390; x_wconf 88' lang='lat' dir='ltr'><strong>etiam</strong></span> <span class='ocrx_word' id='word_1_101' title='bbox 907 1332 1147 1403; x_wconf 83' lang='lat' dir='ltr'><strong>ejusdem</strong></span> <span class='ocrx_word' id='word_1_102' title='bbox 1195 1332 1491 1403; x_wconf 87' lang='lat' dir='ltr'><strong>ereptionis</strong></span> <span class='ocrx_word' id='word_1_103' title='bbox 1538 1332 1766 1390; x_wconf 85' lang='lat' dir='ltr'><strong>manife-</strong></span> 
     </span>
    </p>
   </div>
   <div class='ocr_carea' id='block_1_16' title="bbox 161 1423 1762 1496">
    <p class='ocr_par' dir='ltr' id='par_1_16' title="bbox 161 1423 1762 1496">
     <span class='ocr_line' id='line_1_16' title="bbox 161 1423 1762 1496; baseline 0.002 -18"><span class='ocrx_word' id='word_1_104' title='bbox 161 1424 330 1479; x_wconf 83' lang='lat' dir='ltr'><strong>stiori</strong></span> <span class='ocrx_word' id='word_1_105' title='bbox 415 1425 742 1480; x_wconf 78' lang='lat' dir='ltr'><strong>revelatione</strong></span> <span class='ocrx_word' id='word_1_106' title='bbox 812 1440 921 1479; x_wconf 91' lang='lat' dir='ltr'><strong>non</strong></span> <span class='ocrx_word' id='word_1_107' title='bbox 998 1423 1169 1479; x_wconf 90' lang='lat' dir='ltr'><strong>multo</strong></span> <span class='ocrx_word' id='word_1_108' title='bbox 1228 1433 1351 1494; x_wconf 90' lang='lat' dir='ltr'><strong>post</strong></span> <span class='ocrx_word' id='word_1_109' title='bbox 1425 1423 1762 1496; x_wconf 83' lang='lat' dir='ltr'><strong>gloriticatus</strong></span> 
     </span>
    </p>
   </div>
   <div class='ocr_carea' id='block_1_17' title="bbox 161 1514 1754 1573">
    <p class='ocr_par' dir='ltr' id='par_1_17' title="bbox 161 1514 1754 1573">
     <span class='ocr_line' id='line_1_17' title="bbox 161 1514 1754 1573; baseline 0.002 -5"><span class='ocrx_word' id='word_1_110' title='bbox 161 1525 279 1568; x_wconf 87' lang='lat' dir='ltr'><strong>est.</strong></span> <span class='ocrx_word' id='word_1_111' title='bbox 322 1514 515 1569; x_wconf 82' lang='lat' dir='ltr'><strong>Adhuc</strong></span> <span class='ocrx_word' id='word_1_112' title='bbox 571 1526 751 1571; x_wconf 88' lang='lat' dir='ltr'><strong>autem</strong></span> <span class='ocrx_word' id='word_1_113' title='bbox 797 1516 1089 1570; x_wconf 76' lang='lat' dir='ltr'><strong>duraverat</strong></span> <span class='ocrx_word' id='word_1_114' title='bbox 1138 1515 1267 1571; x_wconf 88' lang='lat' dir='ltr'><strong>illud</strong></span> <span class='ocrx_word' id='word_1_115' title='bbox 1312 1516 1515 1571; x_wconf 77' lang='lat' dir='ltr'><strong>avitum</strong></span> <span class='ocrx_word' id='word_1_116' title='bbox 1555 1516 1615 1573; x_wconf 86' lang='lat' dir='ltr'><strong>S.</strong></span> <span class='ocrx_word' id='word_1_117' title='bbox 1659 1516 1754 1572; x_wconf 81' lang='lat' dir='ltr'><strong>Pe-</strong></span> 
     </span>
    </p>
   </div>
   <div class='ocr_carea' id='block_1_18' title="bbox 164 1603 1764 1676">
    <p class='ocr_par' dir='ltr' id='par_1_18' title="bbox 164 1603 1764 1676">
     <span class='ocr_line' id='line_1_18' title="bbox 164 1603 1764 1676; baseline 0.001 -19"><span class='ocrx_word' id='word_1_118' title='bbox 164 1614 239 1657; x_wconf 81' lang='grc' dir='ltr'><strong>ιη</strong></span> <span class='ocrx_word' id='word_1_119' title='bbox 305 1605 694 1659; x_wconf 78' lang='lat' dir='ltr'><strong>monasterium</strong></span> <span class='ocrx_word' id='word_1_120' title='bbox 743 1621 773 1659; x_wconf 91' lang='lat' dir='ltr'><strong>a</strong></span> <span class='ocrx_word' id='word_1_121' title='bbox 823 1605 881 1659; x_wconf 90' lang='lat' dir='ltr'><strong>S.</strong></span> <span class='ocrx_word' id='word_1_122' title='bbox 930 1603 1151 1659; x_wconf 84' lang='lat' dir='ltr'><strong>Bertino</strong></span> <span class='ocrx_word' id='word_1_123' title='bbox 1187 1614 1417 1675; x_wconf 86' lang='lat' dir='ltr'><strong>patrono</strong></span> <span class='ocrx_word' id='word_1_124' title='bbox 1462 1616 1650 1661; x_wconf 85' lang='lat' dir='ltr'><strong>nostro</strong></span> <span class='ocrx_word' id='word_1_125' title='bbox 1681 1605 1764 1676; x_wconf 89' lang='lat' dir='ltr'><strong>(ut</strong></span> 
     </span>
    </p>
   </div>
   <div class='ocr_carea' id='block_1_19' title="bbox 161 1697 1760 1771">
    <p class='ocr_par' dir='ltr' id='par_1_19' title="bbox 161 1697 1760 1771">
     <span class='ocr_line' id='line_1_19' title="bbox 161 1697 1760 1771; baseline 0.001 -21"><span class='ocrx_word' id='word_1_126' title='bbox 161 1698 479 1769; x_wconf 74' lang='lat' dir='ltr'><strong>dicebatur)</strong></span> <span class='ocrx_word' id='word_1_127' title='bbox 530 1707 933 1762; x_wconf 89' lang='lat' dir='ltr'><strong>constructum,</strong></span> <span class='ocrx_word' id='word_1_128' title='bbox 983 1697 1050 1751; x_wconf 89' lang='lat' dir='ltr'><strong>ad</strong></span> <span class='ocrx_word' id='word_1_129' title='bbox 1090 1697 1234 1766; x_wconf 89' lang='lat' dir='ltr'><strong>quod</strong></span> <span class='ocrx_word' id='word_1_130' title='bbox 1277 1707 1462 1771; x_wconf 80' lang='lat' dir='ltr'><strong>crypta</strong></span> <span class='ocrx_word' id='word_1_131' title='bbox 1512 1698 1760 1768; x_wconf 61' lang='lat' dir='ltr'><strong>quaedam</strong></span> 
     </span>
    </p>
   </div>
   <div class='ocr_carea' id='block_1_20' title="bbox 162 1787 1761 1857">
    <p class='ocr_par' dir='ltr' id='par_1_20' title="bbox 162 1787 1761 1857">
     <span class='ocr_line' id='line_1_20' title="bbox 162 1787 1761 1857; baseline 0.003 -18"><span class='ocrx_word' id='word_1_132' title='bbox 162 1790 482 1857; x_wconf 81' lang='lat' dir='ltr'><strong>permodica</strong></span> <span class='ocrx_word' id='word_1_133' title='bbox 514 1791 581 1843; x_wconf 88' lang='lat' dir='ltr'><strong>ab</strong></span> <span class='ocrx_word' id='word_1_134' title='bbox 606 1790 847 1843; x_wconf 89' lang='lat' dir='ltr'><strong>oratorio</strong></span> <span class='ocrx_word' id='word_1_135' title='bbox 886 1788 944 1843; x_wconf 91' lang='lat' dir='ltr'><strong>S.</strong></span> <span class='ocrx_word' id='word_1_136' title='bbox 994 1787 1214 1843; x_wconf 76' lang='lat' dir='ltr'><strong>Martini</strong></span> <span class='ocrx_word' id='word_1_137' title='bbox 1261 1789 1535 1857; x_wconf 73' lang='lat' dir='ltr'><strong>praebebat</strong></span> <span class='ocrx_word' id='word_1_138' title='bbox 1574 1804 1761 1845; x_wconf 84' lang='lat' dir='ltr'><strong>acces-</strong></span> 
     </span>
    </p>
   </div>
   <div class='ocr_carea' id='block_1_21' title="bbox 162 1876 1759 1948">
    <p class='ocr_par' dir='ltr' id='par_1_21' title="bbox 162 1876 1759 1948">
     <span class='ocr_line' id='line_1_21' title="bbox 162 1876 1759 1948; baseline 0.001 -17"><span class='ocrx_word' id='word_1_139' title='bbox 162 1894 319 1931; x_wconf 85' lang='lat' dir='ltr'><strong>sum.</strong></span> <span class='ocrx_word' id='word_1_140' title='bbox 377 1879 529 1944; x_wconf 82' lang='lat' dir='ltr'><strong>Quod</strong></span> <span class='ocrx_word' id='word_1_141' title='bbox 564 1879 781 1948; x_wconf 86' lang='lat' dir='ltr'><strong>quidam</strong></span> <span class='ocrx_word' id='word_1_142' title='bbox 846 1876 1073 1931; x_wconf 83' lang='lat' dir='ltr'><strong>fratrum</strong></span> <span class='ocrx_word' id='word_1_143' title='bbox 1126 1878 1456 1933; x_wconf 77' lang='lat' dir='ltr'><strong>Ramberttts</strong></span> <span class='ocrx_word' id='word_1_144' title='bbox 1511 1879 1759 1947; x_wconf 89' lang='lat' dir='ltr'><strong>nomine,</strong></span> 
     </span>
    </p>
   </div>
   <div class='ocr_carea' id='block_1_22' title="bbox 164 1950 1761 2038">
    <p class='ocr_par' dir='ltr' id='par_1_22' title="bbox 164 1950 1761 2038">
     <span class='ocr_line' id='line_1_22' title="bbox 164 1950 1761 2038; baseline 0.001 -16"><span class='ocrx_word' id='word_1_145' title='bbox 164 1969 336 2037; x_wconf 72' lang='lat' dir='ltr'><strong>httjus</strong></span> <span class='ocrx_word' id='word_1_146' title='bbox 365 1968 465 2022; x_wconf 84' lang='lat' dir='ltr'><strong>loci</strong></span> <span class='ocrx_word' id='word_1_147' title='bbox 516 1968 848 2031; x_wconf 79' lang='lat' dir='ltr'><strong>monachus,</strong></span> <span class='ocrx_word' id='word_1_148' title='bbox 880 1967 949 2021; x_wconf 88' lang='lat' dir='ltr'><strong>ob</strong></span> <span class='ocrx_word' id='word_1_149' title='bbox 980 1982 1223 2020; x_wconf 89' lang='lat' dir='ltr'><strong>amorem</strong></span> <span class='ocrx_word' id='word_1_150' title='bbox 1257 1950 1314 2022; x_wconf 68' lang='grc' dir='ltr'><strong>Ξ.</strong></span> <span class='ocrx_word' id='word_1_151' title='bbox 1346 1967 1493 2022; x_wconf 86' lang='lat' dir='ltr'><strong>Petri</strong></span> <span class='ocrx_word' id='word_1_152' title='bbox 1546 1977 1761 2038; x_wconf 83' lang='lat' dir='ltr'><strong>aposto-</strong></span> 
     </span>
    </p>
   </div>
   <div class='ocr_carea' id='block_1_23' title="bbox 169 2055 1761 2126">
    <p class='ocr_par' dir='ltr' id='par_1_23' title="bbox 169 2055 1761 2126">
     <span class='ocr_line' id='line_1_23' title="bbox 169 2055 1761 2126; baseline 0.002 -17"><span class='ocrx_word' id='word_1_153' title='bbox 169 2059 354 2110; x_wconf 77' lang='lat' dir='ltr'><strong>lorum</strong></span> <span class='ocrx_word' id='word_1_154' title='bbox 402 2058 663 2126; x_wconf 85' lang='lat' dir='ltr'><strong>principis</strong></span> <span class='ocrx_word' id='word_1_155' title='bbox 693 2056 975 2126; x_wconf 83' lang='lat' dir='ltr'><strong>sanctique</strong></span> <span class='ocrx_word' id='word_1_156' title='bbox 1006 2056 1211 2110; x_wconf 79' lang='lat' dir='ltr'><strong>Bertini</strong></span> <span class='ocrx_word' id='word_1_157' title='bbox 1245 2055 1484 2124; x_wconf 82' lang='lat' dir='ltr'><strong>ejusdem</strong></span> <span class='ocrx_word' id='word_1_158' title='bbox 1521 2067 1761 2112; x_wconf 77' lang='lat' dir='ltr'><strong>structo-</strong></span> 
     </span>
    </p>
   </div>
   <div class='ocr_carea' id='block_1_24' title="bbox 168 2145 1761 2218">
    <p class='ocr_par' dir='ltr' id='par_1_24' title="bbox 168 2145 1761 2218">
     <span class='ocr_line' id='line_1_24' title="bbox 168 2145 1761 2218; baseline -0.002 -15"><span class='ocrx_word' id='word_1_159' title='bbox 168 2151 254 2203; x_wconf 82' lang='lat' dir='ltr'><strong>ris</strong></span> <span class='ocrx_word' id='word_1_160' title='bbox 286 2149 550 2211; x_wconf 73' lang='lat' dir='ltr'><strong>recolens,</strong></span> <span class='ocrx_word' id='word_1_161' title='bbox 569 2148 792 2218; x_wconf 74' lang='lat' dir='ltr'><strong>singulis</strong></span> <span class='ocrx_word' id='word_1_162' title='bbox 820 2145 1089 2211; x_wconf 86' lang='lat' dir='ltr'><strong>noctibus,</strong></span> <span class='ocrx_word' id='word_1_163' title='bbox 1115 2148 1350 2217; x_wconf 83' lang='lat' dir='ltr'><strong>peractis</strong></span> <span class='ocrx_word' id='word_1_164' title='bbox 1372 2148 1761 2202; x_wconf 79' lang='lat' dir='ltr'><strong>tnatutinorutn</strong></span> 
     </span>
    </p>
   </div>
   <div class='ocr_carea' id='block_1_25' title="bbox 163 2238 1763 2310">
    <p class='ocr_par' dir='ltr' id='par_1_25' title="bbox 163 2238 1763 2310">
     <span class='ocr_line' id='line_1_25' title="bbox 163 2238 1763 2310; baseline -0.001 -15"><span class='ocrx_word' id='word_1_165' title='bbox 163 2240 422 2295; x_wconf 50' lang='lat' dir='ltr'><strong>excubiis</strong></span> <span class='ocrx_word' id='word_1_166' title='bbox 453 2240 799 2310; x_wconf 85' lang='lat' dir='ltr'><strong>frequentare</strong></span> <span class='ocrx_word' id='word_1_167' title='bbox 821 2255 885 2294; x_wconf 87' lang='lat' dir='ltr'><strong>ac</strong></span> <span class='ocrx_word' id='word_1_168' title='bbox 909 2238 1107 2293; x_wconf 84' lang='lat' dir='ltr'><strong>ibidem</strong></span> <span class='ocrx_word' id='word_1_169' title='bbox 1135 2239 1451 2309; x_wconf 81' lang='lat' dir='ltr'><strong>psalmodiis</strong></span> <span class='ocrx_word' id='word_1_170' title='bbox 1474 2252 1526 2295; x_wconf 87' lang='lat' dir='ltr'><strong>et</strong></span> <span class='ocrx_word' id='word_1_171' title='bbox 1557 2241 1763 2295; x_wconf 78' lang='lat' dir='ltr'><strong>sanctis</strong></span> 
     </span>
    </p>
   </div>
   <div class='ocr_carea' id='block_1_26' title="bbox 166 2329 1760 2399">
    <p class='ocr_par' dir='ltr' id='par_1_26' title="bbox 166 2329 1760 2399">
     <span class='ocr_line' id='line_1_26' title="bbox 166 2329 1760 2399; baseline 0.001 -14"><span class='ocrx_word' id='word_1_172' title='bbox 166 2330 613 2385; x_wconf 78' lang='lat' dir='ltr'><strong>meditationibus</strong></span> <span class='ocrx_word' id='word_1_173' title='bbox 648 2338 966 2399; x_wconf 86' lang='lat' dir='ltr'><strong>pernoctare</strong></span> <span class='ocrx_word' id='word_1_174' title='bbox 1000 2329 1224 2384; x_wconf 82' lang='lat' dir='ltr'><strong>solebat.</strong></span> <span class='ocrx_word' id='word_1_175' title='bbox 1276 2329 1375 2384; x_wconf 80' lang='lat' dir='ltr'><strong>ilic</strong></span> <span class='ocrx_word' id='word_1_176' title='bbox 1421 2347 1546 2386; x_wconf 92' lang='lat' dir='ltr'><strong>cum</strong></span> <span class='ocrx_word' id='word_1_177' title='bbox 1582 2331 1634 2386; x_wconf 88' lang='lat' dir='ltr'><strong>itt</strong></span> <span class='ocrx_word' id='word_1_178' title='bbox 1666 2345 1760 2386; x_wconf 87' lang='lat' dir='ltr'><strong>eo-</strong></span> 
     </span>
    </p>
   </div>
   <div class='ocr_carea' id='block_1_27' title="bbox 166 2420 1777 2491">
    <p class='ocr_par' dir='ltr' id='par_1_27' title="bbox 166 2420 1777 2491">
     <span class='ocr_line' id='line_1_27' title="bbox 166 2420 1777 2491; baseline 0.001 -17"><span class='ocrx_word' id='word_1_179' title='bbox 166 2423 296 2474; x_wconf 83' lang='lat' dir='ltr'><strong>dem</strong></span> <span class='ocrx_word' id='word_1_180' title='bbox 313 2420 759 2490; x_wconf 83' lang='lat' dir='ltr'><strong>quadragesitnali</strong></span> <span class='ocrx_word' id='word_1_181' title='bbox 782 2430 1023 2491; x_wconf 86' lang='lat' dir='ltr'><strong>tempore</strong></span> <span class='ocrx_word' id='word_1_182' title='bbox 1039 2420 1313 2489; x_wconf 84' lang='lat' dir='ltr'><strong>paululum</strong></span> <span class='ocrx_word' id='word_1_183' title='bbox 1337 2430 1458 2490; x_wconf 89' lang='lat' dir='ltr'><strong>post</strong></span> <span class='ocrx_word' id='word_1_184' title='bbox 1478 2421 1777 2490; x_wconf 66' lang='lat' dir='ltr'><strong>praefatam.</strong></span> 
     </span>
    </p>
   </div>
   <div class='ocr_carea' id='block_1_28' title="bbox 168 2511 1763 2592">
    <p class='ocr_par' dir='ltr' id='par_1_28' title="bbox 168 2511 1763 2592">
     <span class='ocr_line' id='line_1_28' title="bbox 168 2511 1763 2592; baseline 0.001 -25"><span class='ocrx_word' id='word_1_185' title='bbox 168 2515 321 2592; x_wconf 70' lang='lat' dir='ltr'><strong>illius</strong></span> <span class='ocrx_word' id='word_1_186' title='bbox 367 2511 758 2568; x_wconf 86' lang='lat' dir='ltr'><strong>eombustiouis</strong></span> <span class='ocrx_word' id='word_1_187' title='bbox 788 2511 1267 2566; x_wconf 89' lang='lat' dir='ltr'><strong>comininationem</strong></span> <span class='ocrx_word' id='word_1_188' title='bbox 1315 2514 1551 2582; x_wconf 88' lang='lat' dir='ltr'><strong>quadam</strong></span> <span class='ocrx_word' id='word_1_189' title='bbox 1604 2523 1763 2568; x_wconf 89' lang='lat' dir='ltr'><strong>nocte</strong></span> 
     </span>
    </p>
   </div>
   <div class='ocr_carea' id='block_1_29' title="bbox 166 2604 1771 2678">
    <p class='ocr_par' dir='ltr' id='par_1_29' title="bbox 166 2604 1771 2678">
     <span class='ocr_line' id='line_1_29' title="bbox 166 2604 1771 2678; baseline -0.001 -17"><span class='ocrx_word' id='word_1_190' title='bbox 166 2607 412 2678; x_wconf 87' lang='lat' dir='ltr'><strong>peractis</strong></span> <span class='ocrx_word' id='word_1_191' title='bbox 435 2605 724 2659; x_wconf 73' lang='lat' dir='ltr'><strong>matutinis</strong></span> <span class='ocrx_word' id='word_1_192' title='bbox 751 2604 944 2659; x_wconf 84' lang='lat' dir='ltr'><strong>talibus</strong></span> <span class='ocrx_word' id='word_1_193' title='bbox 969 2620 1192 2675; x_wconf 81' lang='lat' dir='ltr'><strong>Operam</strong></span> <span class='ocrx_word' id='word_1_194' title='bbox 1217 2605 1403 2670; x_wconf 89' lang='lat' dir='ltr'><strong>daret,</strong></span> <span class='ocrx_word' id='word_1_195' title='bbox 1429 2613 1482 2659; x_wconf 88' lang='lat' dir='ltr'><strong>et</strong></span> <span class='ocrx_word' id='word_1_196' title='bbox 1504 2604 1771 2674; x_wconf 78' lang='lat' dir='ltr'><strong>quoniam</strong></span> 
     </span>
    </p>
   </div>
   <div class='ocr_carea' id='block_1_30' title="bbox 168 2694 1762 2765">
    <p class='ocr_par' dir='ltr' id='par_1_30' title="bbox 168 2694 1762 2765">
     <span class='ocr_line' id='line_1_30' title="bbox 168 2694 1762 2765; baseline -0.003 -13"><span class='ocrx_word' id='word_1_197' title='bbox 168 2696 434 2752; x_wconf 83' lang='lat' dir='ltr'><strong>matutini</strong></span> <span class='ocrx_word' id='word_1_198' title='bbox 479 2696 637 2750; x_wconf 91' lang='lat' dir='ltr'><strong>solito</strong></span> <span class='ocrx_word' id='word_1_199' title='bbox 666 2695 827 2751; x_wconf 91' lang='lat' dir='ltr'><strong>citius</strong></span> <span class='ocrx_word' id='word_1_200' title='bbox 858 2694 974 2765; x_wconf 90' lang='lat' dir='ltr'><strong>ipsa</strong></span> <span class='ocrx_word' id='word_1_201' title='bbox 1014 2704 1173 2750; x_wconf 90' lang='lat' dir='ltr'><strong>nocte</strong></span> <span class='ocrx_word' id='word_1_202' title='bbox 1208 2703 1529 2759; x_wconf 81' lang='lat' dir='ltr'><strong>sonuerunt,</strong></span> <span class='ocrx_word' id='word_1_203' title='bbox 1564 2694 1762 2762; x_wconf 73' lang='lat' dir='ltr'><strong>vigiliis</strong></span> 
     </span>
    </p>
   </div>
   <div class='ocr_carea' id='block_1_31' title="bbox 166 2783 1764 2858">
    <p class='ocr_par' dir='ltr' id='par_1_31' title="bbox 166 2783 1764 2858">
     <span class='ocr_line' id='line_1_31' title="bbox 166 2783 1764 2858; baseline -0.003 -16"><span class='ocrx_word' id='word_1_204' title='bbox 166 2786 433 2858; x_wconf 77' lang='lat' dir='ltr'><strong>fatigatus</strong></span> <span class='ocrx_word' id='word_1_205' title='bbox 463 2801 671 2843; x_wconf 86' lang='lat' dir='ltr'><strong>sessum</strong></span> <span class='ocrx_word' id='word_1_206' title='bbox 708 2795 952 2857; x_wconf 87' lang='lat' dir='ltr'><strong>peteret,</strong></span> <span class='ocrx_word' id='word_1_207' title='bbox 988 2794 1181 2855; x_wconf 88' lang='lat' dir='ltr'><strong>atque,</strong></span> <span class='ocrx_word' id='word_1_208' title='bbox 1221 2786 1361 2840; x_wconf 87' lang='lat' dir='ltr'><strong>sicut</strong></span> <span class='ocrx_word' id='word_1_209' title='bbox 1405 2794 1489 2840; x_wconf 86' lang='lat' dir='ltr'><strong>est</strong></span> <span class='ocrx_word' id='word_1_210' title='bbox 1533 2783 1764 2839; x_wconf 81' lang='lat' dir='ltr'><strong>infirmi-</strong></span> 
     </span>
    </p>
   </div>
   <div class='ocr_carea' id='block_1_32' title="bbox 169 2876 1760 2957">
    <p class='ocr_par' dir='ltr' id='par_1_32' title="bbox 169 2876 1760 2957">
     <span class='ocr_line' id='line_1_32' title="bbox 169 2876 1760 2957; baseline -0.003 -24"><span class='ocrx_word' id='word_1_211' title='bbox 169 2882 307 2934; x_wconf 87' lang='lat' dir='ltr'><strong>tatis</strong></span> <span class='ocrx_word' id='word_1_212' title='bbox 354 2881 635 2941; x_wconf 67' lang='lat' dir='ltr'><strong>liutnanae,</strong></span> <span class='ocrx_word' id='word_1_213' title='bbox 668 2878 871 2957; x_wconf 33' lang='lat' dir='ltr'><strong>ibidem&#39;</strong></span> <span class='ocrx_word' id='word_1_214' title='bbox 912 2893 1105 2932; x_wconf 87' lang='lat' dir='ltr'><strong>somno</strong></span> <span class='ocrx_word' id='word_1_215' title='bbox 1168 2889 1425 2948; x_wconf 88' lang='lat' dir='ltr'><strong>gravatus</strong></span> <span class='ocrx_word' id='word_1_216' title='bbox 1488 2876 1760 2947; x_wconf 85' lang='lat' dir='ltr'><strong>paululum</strong></span> 
     </span>
    </p>
   </div>
   <div class='ocr_carea' id='block_1_33' title="bbox 168 2968 1760 3040">
    <p class='ocr_par' dir='ltr' id='par_1_33' title="bbox 168 2968 1760 3040">
     <span class='ocr_line' id='line_1_33' title="bbox 168 2968 1760 3040; baseline -0.003 -14"><span class='ocrx_word' id='word_1_217' title='bbox 168 2972 475 3026; x_wconf 85' lang='lat' dir='ltr'><strong>dormitare</strong></span> <span class='ocrx_word' id='word_1_218' title='bbox 518 2971 805 3040; x_wconf 78' lang='lat' dir='ltr'><strong>cmpisset,</strong></span> <span class='ocrx_word' id='word_1_219' title='bbox 840 2969 1013 3023; x_wconf 83' lang='lat' dir='ltr'><strong>visum</strong></span> <span class='ocrx_word' id='word_1_220' title='bbox 1060 2977 1144 3024; x_wconf 88' lang='lat' dir='ltr'><strong>est</strong></span> <span class='ocrx_word' id='word_1_221' title='bbox 1170 2969 1216 3022; x_wconf 92' lang='lat' dir='ltr'><strong>ei</strong></span> <span class='ocrx_word' id='word_1_222' title='bbox 1248 2968 1430 3023; x_wconf 83' lang='lat' dir='ltr'><strong>videre</strong></span> <span class='ocrx_word' id='word_1_223' title='bbox 1473 2970 1760 3038; x_wconf 85' lang='lat' dir='ltr'><strong>quemdam</strong></span> 
     </span>
    </p>
   </div>
   <div class='ocr_carea' id='block_1_34' title="bbox 170 3056 1762 3130">
    <p class='ocr_par' dir='ltr' id='par_1_34' title="bbox 170 3056 1762 3130">
     <span class='ocr_line' id='line_1_34' title="bbox 170 3056 1762 3130; baseline -0.001 -16"><span class='ocrx_word' id='word_1_224' title='bbox 170 3061 526 3130; x_wconf 81' lang='lat' dir='ltr'><strong>magnificum</strong></span> <span class='ocrx_word' id='word_1_225' title='bbox 578 3060 752 3112; x_wconf 90' lang='lat' dir='ltr'><strong>virum</strong></span> <span class='ocrx_word' id='word_1_226' title='bbox 801 3056 1090 3112; x_wconf 88' lang='lat' dir='ltr'><strong>dalmatica</strong></span> <span class='ocrx_word' id='word_1_227' title='bbox 1146 3056 1481 3126; x_wconf 82' lang='lat' dir='ltr'><strong>lcvlticisquc</strong></span> <span class='ocrx_word' id='word_1_228' title='bbox 1528 3057 1762 3113; x_wconf 79' lang='lat' dir='ltr'><strong>cultibus</strong></span> 
     </span>
    </p>
   </div>
   <div class='ocr_carea' id='block_1_35' title="bbox 169 3147 1764 3216">
    <p class='ocr_par' dir='ltr' id='par_1_35' title="bbox 169 3147 1764 3216">
     <span class='ocr_line' id='line_1_35' title="bbox 169 3147 1764 3216; baseline -0.002 -12"><span class='ocrx_word' id='word_1_229' title='bbox 169 3150 524 3204; x_wconf 85' lang='lat' dir='ltr'><strong>candidatum</strong></span> <span class='ocrx_word' id='word_1_230' title='bbox 577 3148 680 3202; x_wconf 88' lang='lat' dir='ltr'><strong>sibi</strong></span> <span class='ocrx_word' id='word_1_231' title='bbox 728 3148 999 3212; x_wconf 69' lang='lat' dir='ltr'><strong>astitisse,</strong></span> <span class='ocrx_word' id='word_1_232' title='bbox 1046 3162 1213 3216; x_wconf 90' lang='lat' dir='ltr'><strong>seque</strong></span> <span class='ocrx_word' id='word_1_233' title='bbox 1253 3162 1321 3200; x_wconf 88' lang='lat' dir='ltr'><strong>an</strong></span> <span class='ocrx_word' id='word_1_234' title='bbox 1365 3147 1626 3200; x_wconf 82' lang='lat' dir='ltr'><strong>dormiret</strong></span> <span class='ocrx_word' id='word_1_235' title='bbox 1675 3164 1764 3201; x_wconf 76' lang='lat' dir='ltr'><strong>ro-</strong></span> 
     </span>
    </p>
   </div>
   <div class='ocr_carea' id='block_1_36' title="bbox 171 3236 1760 3311">
    <p class='ocr_par' dir='ltr' id='par_1_36' title="bbox 171 3236 1760 3311">
     <span class='ocr_line' id='line_1_36' title="bbox 171 3236 1760 3311; baseline -0.001 -20"><span class='ocrx_word' id='word_1_236' title='bbox 171 3256 361 3311; x_wconf 66' lang='lat' dir='ltr'><strong>gaSse.</strong></span> <span class='ocrx_word' id='word_1_237' title='bbox 390 3240 523 3293; x_wconf 90' lang='lat' dir='ltr'><strong>Cum</strong></span> <span class='ocrx_word' id='word_1_238' title='bbox 557 3252 685 3292; x_wconf 87' lang='lat' dir='ltr'><strong>vero</strong></span> <span class='ocrx_word' id='word_1_239' title='bbox 714 3253 825 3307; x_wconf 68' lang='lat' dir='ltr'><strong>prae</strong></span> <span class='ocrx_word' id='word_1_240' title='bbox 851 3237 1045 3291; x_wconf 87' lang='lat' dir='ltr'><strong>timore</strong></span> <span class='ocrx_word' id='word_1_241' title='bbox 1067 3236 1221 3300; x_wconf 87' lang='lat' dir='ltr'><strong>nihil,</strong></span> <span class='ocrx_word' id='word_1_242' title='bbox 1249 3247 1307 3291; x_wconf 92' lang='lat' dir='ltr'><strong>ut</strong></span> <span class='ocrx_word' id='word_1_243' title='bbox 1328 3236 1428 3290; x_wconf 88' lang='lat' dir='ltr'><strong>sibi</strong></span> <span class='ocrx_word' id='word_1_244' title='bbox 1460 3236 1760 3302; x_wconf 72' lang='lat' dir='ltr'><strong>videbatur,</strong></span> 
     </span>
    </p>
   </div>
   <div class='ocr_carea' id='block_1_37' title="bbox 170 3326 1762 3399">
    <p class='ocr_par' dir='ltr' id='par_1_37' title="bbox 170 3326 1762 3399">
     <span class='ocr_line' id='line_1_37' title="bbox 170 3326 1762 3399; baseline -0.002 -16"><span class='ocrx_word' id='word_1_245' title='bbox 170 3334 243 3384; x_wconf 82' lang='lat' dir='ltr'><strong>ad</strong></span> <span class='ocrx_word' id='word_1_246' title='bbox 275 3332 392 3384; x_wconf 66' lang='lat' dir='ltr'><strong>hate</strong></span> <span class='ocrx_word' id='word_1_247' title='bbox 421 3338 604 3399; x_wconf 75' lang='lat' dir='ltr'><strong>posset</strong></span> <span class='ocrx_word' id='word_1_248' title='bbox 636 3328 962 3397; x_wconf 87' lang='lat' dir='ltr'><strong>respondere</strong></span> <span class='ocrx_word' id='word_1_249' title='bbox 996 3345 1009 3381; x_wconf 87' lang='lat'><strong>:</strong></span> <span class='ocrx_word' id='word_1_250' title='bbox 1043 3327 1159 3380; x_wconf 82' lang='lat' dir='ltr'><strong>Noli</strong></span> <span class='ocrx_word' id='word_1_251' title='bbox 1180 3366 1195 3389; x_wconf 87' lang='lat'><strong>,</strong></span> <span class='ocrx_word' id='word_1_252' title='bbox 1228 3327 1401 3396; x_wconf 90' lang='lat' dir='ltr'><strong>inquit</strong></span> <span class='ocrx_word' id='word_1_253' title='bbox 1452 3327 1497 3380; x_wconf 92' lang='lat' dir='ltr'><strong>is</strong></span> <span class='ocrx_word' id='word_1_254' title='bbox 1541 3326 1633 3397; x_wconf 86' lang='lat' dir='ltr'><strong>qui</strong></span> <span class='ocrx_word' id='word_1_255' title='bbox 1681 3328 1762 3380; x_wconf 86' lang='lat' dir='ltr'><strong>vi-</strong></span> 
     </span>
    </p>
   </div>
   <div class='ocr_carea' id='block_1_38' title="bbox 169 3417 1760 3488">
    <p class='ocr_par' dir='ltr' id='par_1_38' title="bbox 169 3417 1760 3488">
     <span class='ocr_line' id='line_1_38' title="bbox 169 3417 1760 3488; baseline -0.004 -12"><span class='ocrx_word' id='word_1_256' title='bbox 169 3422 429 3484; x_wconf 77' lang='lat' dir='ltr'><strong>debatur,</strong></span> <span class='ocrx_word' id='word_1_257' title='bbox 462 3431 722 3475; x_wconf 85' lang='lat' dir='ltr'><strong>metuere.</strong></span> <span class='ocrx_word' id='word_1_258' title='bbox 774 3419 1089 3488; x_wconf 77' lang='lat' dir='ltr'><strong>Adjecitqne</strong></span> <span class='ocrx_word' id='word_1_259' title='bbox 1118 3435 1131 3471; x_wconf 90' lang='lat'>:</span> <span class='ocrx_word' id='word_1_260' title='bbox 1164 3417 1271 3472; x_wconf 87' lang='lat' dir='ltr'><strong>Sed</strong></span> <span class='ocrx_word' id='word_1_261' title='bbox 1323 3419 1462 3472; x_wconf 90' lang='lat' dir='ltr'><strong>nosti</strong></span> <span class='ocrx_word' id='word_1_262' title='bbox 1511 3418 1632 3486; x_wconf 87' lang='lat' dir='ltr'><strong>quis</strong></span> <span class='ocrx_word' id='word_1_263' title='bbox 1660 3417 1760 3471; x_wconf 88' lang='lat' dir='ltr'><strong>situ</strong></span> 
     </span>
    </p>
   </div>
   <div class='ocr_carea' id='block_1_39' title="bbox 168 3507 1764 3580">
    <p class='ocr_par' dir='ltr' id='par_1_39' title="bbox 168 3507 1764 3580">
     <span class='ocr_line' id='line_1_39' title="bbox 168 3507 1764 3580; baseline -0.004 -13"><span class='ocrx_word' id='word_1_264' title='bbox 168 3513 316 3580; x_wconf 66' lang='lat' dir='ltr'><strong>ego?</strong></span> <span class='ocrx_word' id='word_1_265' title='bbox 337 3512 417 3565; x_wconf 73' lang='lat' dir='ltr'><strong>Ad</strong></span> <span class='ocrx_word' id='word_1_266' title='bbox 449 3521 563 3565; x_wconf 71' lang='lat' dir='ltr'><strong>tunc</strong></span> <span class='ocrx_word' id='word_1_267' title='bbox 592 3512 678 3565; x_wconf 90' lang='lat' dir='ltr'><strong>ille</strong></span> <span class='ocrx_word' id='word_1_268' title='bbox 709 3530 722 3564; x_wconf 89' lang='lat'><strong>:</strong></span> <span class='ocrx_word' id='word_1_269' title='bbox 750 3509 972 3580; x_wconf 78' lang='lat' dir='ltr'><strong>ignoro,</strong></span> <span class='ocrx_word' id='word_1_270' title='bbox 1005 3511 1242 3564; x_wconf 86' lang='lat' dir='ltr'><strong>domine.</strong></span> <span class='ocrx_word' id='word_1_271' title='bbox 1297 3509 1449 3562; x_wconf 82' lang='lat' dir='ltr'><strong>Tunc</strong></span> <span class='ocrx_word' id='word_1_272' title='bbox 1482 3508 1569 3563; x_wconf 85' lang='lat' dir='ltr'><strong>ille</strong></span> <span class='ocrx_word' id='word_1_273' title='bbox 1604 3524 1618 3562; x_wconf 91' lang='lat'><strong>:</strong></span> <span class='ocrx_word' id='word_1_274' title='bbox 1654 3507 1764 3578; x_wconf 79' lang='lat' dir='ltr'><strong>Ego</strong></span> 
     </span>
    </p>
   </div>
   <div class='ocr_carea' id='block_1_40' title="bbox 170 3604 1765 3677">
    <p class='ocr_par' dir='ltr' id='par_1_40' title="bbox 170 3604 1765 3677">
     <span class='ocr_line' id='line_1_40' title="bbox 170 3604 1765 3677; baseline -0.003 -14"><span class='ocrx_word' id='word_1_275' title='bbox 170 3625 300 3663; x_wconf 81' lang='lat' dir='ltr'><strong>sum</strong></span> <span class='ocrx_word' id='word_1_276' title='bbox 320 3647 336 3671; x_wconf 91' lang='lat'><strong>,</strong></span> <span class='ocrx_word' id='word_1_277' title='bbox 364 3612 471 3671; x_wconf 84' lang='lat' dir='ltr'><strong>ait,</strong></span> <span class='ocrx_word' id='word_1_278' title='bbox 504 3607 673 3661; x_wconf 80' lang='lat' dir='ltr'><strong>frater</strong></span> <span class='ocrx_word' id='word_1_279' title='bbox 702 3606 1049 3667; x_wconf 72' lang='lat' dir='ltr'><strong>Vincentius,</strong></span> <span class='ocrx_word' id='word_1_280' title='bbox 1082 3618 1136 3661; x_wconf 88' lang='lat' dir='ltr'><strong>et</strong></span> <span class='ocrx_word' id='word_1_281' title='bbox 1166 3607 1371 3677; x_wconf 79' lang='lat' dir='ltr'><strong>gratias</strong></span> <span class='ocrx_word' id='word_1_282' title='bbox 1410 3604 1587 3659; x_wconf 83' lang='lat' dir='ltr'><strong>refero</strong></span> <span class='ocrx_word' id='word_1_283' title='bbox 1612 3605 1765 3659; x_wconf 83' lang='lat' dir='ltr'><strong>vobis</strong></span> 
     </span>
    </p>
   </div>
   <div class='ocr_carea' id='block_1_41' title="bbox 171 3696 1765 3768">
    <p class='ocr_par' dir='ltr' id='par_1_41' title="bbox 171 3696 1765 3768">
     <span class='ocr_line' id='line_1_41' title="bbox 171 3696 1765 3768; baseline 0 -17"><span class='ocrx_word' id='word_1_284' title='bbox 171 3716 280 3768; x_wconf 76' lang='lat' dir='ltr'><strong>pio</strong></span> <span class='ocrx_word' id='word_1_285' title='bbox 312 3699 689 3752; x_wconf 81' lang='lat' dir='ltr'><strong>observatione</strong></span> <span class='ocrx_word' id='word_1_286' title='bbox 737 3714 870 3753; x_wconf 75' lang='lat' dir='ltr'><strong>mea:</strong></span> <span class='ocrx_word' id='word_1_287' title='bbox 902 3698 1235 3752; x_wconf 87' lang='lat' dir='ltr'><strong>celebritatis</strong></span> <span class='ocrx_word' id='word_1_288' title='bbox 1260 3708 1423 3752; x_wconf 81' lang='lat' dir='ltr'><strong>atoue</strong></span> <span class='ocrx_word' id='word_1_289' title='bbox 1469 3697 1635 3764; x_wconf 84' lang='lat' dir='ltr'><strong>proba</strong></span> <span class='ocrx_word' id='word_1_290' title='bbox 1672 3696 1765 3751; x_wconf 84' lang='lat' dir='ltr'><strong>de-</strong></span> 
     </span>
    </p>
   </div>
   <div class='ocr_carea' id='block_1_42' title="bbox 175 3787 1764 3859">
    <p class='ocr_par' dir='ltr' id='par_1_42' title="bbox 175 3787 1764 3859">
     <span class='ocr_line' id='line_1_42' title="bbox 175 3787 1764 3859; baseline -0.001 -16"><span class='ocrx_word' id='word_1_291' title='bbox 175 3790 401 3843; x_wconf 87' lang='lat' dir='ltr'><strong>votione</strong></span> <span class='ocrx_word' id='word_1_292' title='bbox 443 3806 604 3857; x_wconf 88' lang='lat' dir='ltr'><strong>quam</strong></span> <span class='ocrx_word' id='word_1_293' title='bbox 660 3790 806 3843; x_wconf 84' lang='lat' dir='ltr'><strong>circa</strong></span> <span class='ocrx_word' id='word_1_294' title='bbox 844 3804 931 3844; x_wconf 87' lang='lat' dir='ltr'><strong>me</strong></span> <span class='ocrx_word' id='word_1_295' title='bbox 958 3790 1165 3859; x_wconf 84' lang='lat' dir='ltr'><strong>geritis.</strong></span> <span class='ocrx_word' id='word_1_296' title='bbox 1196 3788 1447 3857; x_wconf 81' lang='lat' dir='ltr'><strong>Nunquid</strong></span> <span class='ocrx_word' id='word_1_297' title='bbox 1473 3787 1638 3842; x_wconf 84' lang='lat' dir='ltr'><strong>etiam</strong></span> <span class='ocrx_word' id='word_1_298' title='bbox 1670 3802 1764 3842; x_wconf 80' lang='lat' dir='ltr'><strong>vos</strong></span> 
     </span>
    </p>
   </div>
   <div class='ocr_carea' id='block_1_43' title="bbox 173 3877 1766 3953">
    <p class='ocr_par' dir='ltr' id='par_1_43' title="bbox 173 3877 1766 3953">
     <span class='ocr_line' id='line_1_43' title="bbox 173 3877 1766 3953; baseline -0.004 -13"><span class='ocrx_word' id='word_1_299' title='bbox 173 3886 317 3940; x_wconf 86' lang='lat' dir='ltr'><strong>latet</strong></span> <span class='ocrx_word' id='word_1_300' title='bbox 376 3884 502 3953; x_wconf 89' lang='lat' dir='ltr'><strong>quid</strong></span> <span class='ocrx_word' id='word_1_301' title='bbox 552 3883 653 3937; x_wconf 70' lang='lat' dir='ltr'><strong>illa:</strong></span> <span class='ocrx_word' id='word_1_302' title='bbox 683 3893 794 3938; x_wconf 90' lang='lat' dir='ltr'><strong>tres</strong></span> <span class='ocrx_word' id='word_1_303' title='bbox 824 3881 1087 3937; x_wconf 78' lang='lat' dir='ltr'><strong>columba:</strong></span> <span class='ocrx_word' id='word_1_304' title='bbox 1129 3896 1291 3950; x_wconf 83' lang='lat' dir='ltr'><strong>super</strong></span> <span class='ocrx_word' id='word_1_305' title='bbox 1317 3881 1493 3933; x_wconf 89' lang='lat' dir='ltr'><strong>nivem</strong></span> <span class='ocrx_word' id='word_1_306' title='bbox 1524 3877 1766 3933; x_wconf 70' lang='lat' dir='ltr'><strong>candidae</strong></span> 
     </span>
    </p>
   </div>
   <div class='ocr_carea' id='block_1_44' title="bbox 170 3973 1768 4050">
    <p class='ocr_par' dir='ltr' id='par_1_44' title="bbox 170 3973 1768 4050">
     <span class='ocr_line' id='line_1_44' title="bbox 170 3973 1768 4050; baseline -0.001 -21"><span class='ocrx_word' id='word_1_307' title='bbox 170 3995 305 4050; x_wconf 74' lang='lat' dir='ltr'><strong>qua:</strong></span> <span class='ocrx_word' id='word_1_308' title='bbox 339 3980 461 4032; x_wconf 83' lang='lat' dir='ltr'><strong>istic</strong></span> <span class='ocrx_word' id='word_1_309' title='bbox 507 3979 558 4032; x_wconf 87' lang='lat' dir='ltr'><strong>iii</strong></span> <span class='ocrx_word' id='word_1_310' title='bbox 607 3979 931 4034; x_wconf 89' lang='lat' dir='ltr'><strong>immensum</strong></span> <span class='ocrx_word' id='word_1_311' title='bbox 966 3976 1183 4029; x_wconf 87' lang='lat' dir='ltr'><strong>furente</strong></span> <span class='ocrx_word' id='word_1_312' title='bbox 1232 3973 1471 4029; x_wconf 78' lang='lat' dir='ltr'><strong>Vulcano</strong></span> <span class='ocrx_word' id='word_1_313' title='bbox 1510 3989 1768 4043; x_wconf 89' lang='lat' dir='ltr'><strong>apparue-</strong></span> 
     </span>
    </p>
   </div>
   <div class='ocr_carea' id='block_1_45' title="bbox 174 4066 1768 4137">
    <p class='ocr_par' dir='ltr' id='par_1_45' title="bbox 174 4066 1768 4137">
     <span class='ocr_line' id='line_1_45' title="bbox 174 4066 1768 4137; baseline -0.004 -10"><span class='ocrx_word' id='word_1_314' title='bbox 174 4072 344 4127; x_wconf 83' lang='lat' dir='ltr'><strong>runt?</strong></span> <span class='ocrx_word' id='word_1_315' title='bbox 374 4073 469 4125; x_wconf 87' lang='lat' dir='ltr'><strong>Ctti</strong></span> <span class='ocrx_word' id='word_1_316' title='bbox 519 4071 651 4125; x_wconf 90' lang='lat' dir='ltr'><strong>ille:</strong></span> <span class='ocrx_word' id='word_1_317' title='bbox 699 4070 856 4125; x_wconf 87' lang='lat' dir='ltr'><strong>Latet</strong></span> <span class='ocrx_word' id='word_1_318' title='bbox 900 4083 1029 4132; x_wconf 90' lang='lat' dir='ltr'><strong>nos,</strong></span> <span class='ocrx_word' id='word_1_319' title='bbox 1075 4076 1263 4122; x_wconf 88' lang='lat' dir='ltr'><strong>sancte</strong></span> <span class='ocrx_word' id='word_1_320' title='bbox 1311 4067 1435 4129; x_wconf 84' lang='lat' dir='ltr'><strong>Dei;</strong></span> <span class='ocrx_word' id='word_1_321' title='bbox 1488 4066 1768 4137; x_wconf 83' lang='lat' dir='ltr'><strong>auspicato</strong></span> 
     </span>
    </p>
   </div>
   <div class='ocr_carea' id='block_1_46' title="bbox 178 4158 1769 4235">
    <p class='ocr_par' dir='ltr' id='par_1_46' title="bbox 178 4158 1769 4235">
     <span class='ocr_line' id='line_1_46' title="bbox 178 4158 1769 4235; baseline -0.006 -14"><span class='ocrx_word' id='word_1_322' title='bbox 178 4176 387 4221; x_wconf 64' lang='lat' dir='ltr'><strong>nostra?</strong></span> <span class='ocrx_word' id='word_1_323' title='bbox 437 4165 758 4235; x_wconf 84' lang='lat' dir='ltr'><strong>proteClioni</strong></span> <span class='ocrx_word' id='word_1_324' title='bbox 804 4180 834 4217; x_wconf 91' lang='lat' dir='ltr'><strong>a</strong></span> <span class='ocrx_word' id='word_1_325' title='bbox 887 4163 1117 4217; x_wconf 87' lang='lat' dir='ltr'><strong>Domino</strong></span> <span class='ocrx_word' id='word_1_326' title='bbox 1183 4159 1309 4214; x_wconf 89' lang='lat' dir='ltr'><strong>talia</strong></span> <span class='ocrx_word' id='word_1_327' title='bbox 1369 4158 1769 4213; x_wconf 85' lang='lat' dir='ltr'><strong>arbitrabamur</strong></span> 
     </span>
    </p>
   </div>
   <div class='ocr_carea' id='block_1_47' title="bbox 177 4250 1770 4330">
    <p class='ocr_par' dir='ltr' id='par_1_47' title="bbox 177 4250 1770 4330">
     <span class='ocr_line' id='line_1_47' title="bbox 177 4250 1770 4330; baseline -0.004 -18"><span class='ocrx_word' id='word_1_328' title='bbox 177 4259 495 4330; x_wconf 82' lang='lat' dir='ltr'><strong>propalari._</strong></span> <span class='ocrx_word' id='word_1_329' title='bbox 516 4258 577 4312; x_wconf 77' lang='lat' dir='ltr'><strong>Et</strong></span> <span class='ocrx_word' id='word_1_330' title='bbox 606 4258 693 4312; x_wconf 90' lang='lat' dir='ltr'><strong>ille</strong></span> <span class='ocrx_word' id='word_1_331' title='bbox 723 4276 736 4311; x_wconf 92' lang='lat'>:</span> <span class='ocrx_word' id='word_1_332' title='bbox 771 4256 891 4310; x_wconf 80' lang='lat' dir='ltr'><strong>Rite</strong></span> <span class='ocrx_word' id='word_1_333' title='bbox 915 4295 930 4320; x_wconf 86' lang='lat'><strong>,</strong></span> <span class='ocrx_word' id='word_1_334' title='bbox 960 4253 1168 4323; x_wconf 87' lang='lat' dir='ltr'><strong>inquit,</strong></span> <span class='ocrx_word' id='word_1_335' title='bbox 1199 4250 1632 4306; x_wconf 85' lang='lat' dir='ltr'><strong>arbitrabamini.</strong></span> <span class='ocrx_word' id='word_1_336' title='bbox 1658 4250 1770 4322; x_wconf 82' lang='lat' dir='ltr'><strong>Ego</strong></span> 
     </span>
    </p>
   </div>
   <div class='ocr_carea' id='block_1_48' title="bbox 1863 417 3443 490">
    <p class='ocr_par' dir='ltr' id='par_1_48' title="bbox 1863 417 3443 490">
     <span class='ocr_line' id='line_1_48' title="bbox 1863 417 3443 490; baseline -0.001 -18"><span class='ocrx_word' id='word_1_337' title='bbox 1863 420 2034 490; x_wconf 81' lang='lat' dir='ltr'><strong>gligas</strong></span> <span class='ocrx_word' id='word_1_338' title='bbox 2082 422 2339 483; x_wconf 54' lang='lat' dir='ltr'><strong>reddite.</strong></span> <span class='ocrx_word' id='word_1_339' title='bbox 2386 421 2528 489; x_wconf 86' lang='lat' dir='ltr'><strong>quod</strong></span> <span class='ocrx_word' id='word_1_340' title='bbox 2579 429 2787 475; x_wconf 87' lang='lat' dir='ltr'><strong>tantum</strong></span> <span class='ocrx_word' id='word_1_341' title='bbox 2835 420 3141 476; x_wconf 69' lang='lat' dir='ltr'><strong>dentionis</strong></span> <span class='ocrx_word' id='word_1_342' title='bbox 3189 417 3443 473; x_wconf 84' lang='lat' dir='ltr'><strong>al&#39;fectum</strong></span> 
     </span>
    </p>
   </div>
   <div class='ocr_carea' id='block_1_49' title="bbox 1863 513 3446 583">
    <p class='ocr_par' dir='ltr' id='par_1_49' title="bbox 1863 513 3446 583">
     <span class='ocr_line' id='line_1_49' title="bbox 1863 513 3446 583; baseline 0.001 -15"><span class='ocrx_word' id='word_1_343' title='bbox 1863 514 2009 568; x_wconf 83' lang='lat' dir='ltr'><strong>circa</strong></span> <span class='ocrx_word' id='word_1_344' title='bbox 2033 528 2119 568; x_wconf 84' lang='lat' dir='ltr'><strong>me</strong></span> <span class='ocrx_word' id='word_1_345' title='bbox 2141 528 2332 582; x_wconf 83' lang='lat' dir='ltr'><strong>gerere</strong></span> <span class='ocrx_word' id='word_1_346' title='bbox 2348 554 2366 583; x_wconf 88' lang='lat'><strong>,</strong></span> <span class='ocrx_word' id='word_1_347' title='bbox 2388 513 2640 583; x_wconf 69' lang='lat' dir='ltr'><strong>quodque</strong></span> <span class='ocrx_word' id='word_1_348' title='bbox 2665 513 2774 570; x_wconf 86' lang='lat' dir='ltr'><strong>mei</strong></span> <span class='ocrx_word' id='word_1_349' title='bbox 2799 514 2990 568; x_wconf 82' lang='lat' dir='ltr'><strong>natalis</strong></span> <span class='ocrx_word' id='word_1_350' title='bbox 3013 516 3261 567; x_wconf 81' lang='lat' dir='ltr'><strong>observat</strong></span> <span class='ocrx_word' id='word_1_351' title='bbox 3287 528 3396 569; x_wconf 88' lang='lat' dir='ltr'><strong>one</strong></span> 
     </span>
    </p>
   </div>
   <div class='ocr_carea' id='block_1_50' title="bbox 1864 603 3443 674">
    <p class='ocr_par' dir='ltr' id='par_1_50' title="bbox 1864 603 3443 674">
     <span class='ocr_line' id='line_1_50' title="bbox 1864 603 3443 674; baseline -0.003 -17"><span class='ocrx_word' id='word_1_352' title='bbox 1864 613 1976 657; x_wconf 89' lang='lat' dir='ltr'><strong>tam</strong></span> <span class='ocrx_word' id='word_1_353' title='bbox 2007 607 2265 659; x_wconf 61' lang='lat' dir='ltr'><strong>decenter</strong></span> <span class='ocrx_word' id='word_1_354' title='bbox 2310 615 2524 674; x_wconf 78' lang='lat' dir='ltr'><strong>tamque</strong></span> <span class='ocrx_word' id='word_1_355' title='bbox 2555 603 2833 659; x_wconf 81' lang='lat' dir='ltr'><strong>humiliter</strong></span> <span class='ocrx_word' id='word_1_356' title='bbox 2863 604 3211 659; x_wconf 87' lang='lat' dir='ltr'><strong>instituerunt</strong></span> <span class='ocrx_word' id='word_1_357' title='bbox 3249 607 3443 655; x_wconf 64' lang='grc' dir='ltr'><strong>ι-οίμιορ.</strong></span> 
     </span>
    </p>
   </div>
   <div class='ocr_carea' id='block_1_51' title="bbox 1866 693 3446 767">
    <p class='ocr_par' dir='ltr' id='par_1_51' title="bbox 1866 693 3446 767">
     <span class='ocr_line' id='line_1_51' title="bbox 1866 693 3446 767; baseline -0.003 -18"><span class='ocrx_word' id='word_1_358' title='bbox 1866 693 1964 749; x_wconf 85' lang='lat' dir='ltr'><strong>llis</strong></span> <span class='ocrx_word' id='word_1_359' title='bbox 1994 696 2152 749; x_wconf 79' lang='lat' dir='ltr'><strong>dictis</strong></span> <span class='ocrx_word' id='word_1_360' title='bbox 2181 698 2482 751; x_wconf 75' lang='lat' dir='ltr'><strong>somniatur</strong></span> <span class='ocrx_word' id='word_1_361' title='bbox 2509 694 2813 767; x_wconf 65' lang='lat' dir='ltr'><strong>evigilavit,</strong></span> <span class='ocrx_word' id='word_1_362' title='bbox 2847 708 2897 750; x_wconf 91' lang='lat' dir='ltr'><strong>et</strong></span> <span class='ocrx_word' id='word_1_363' title='bbox 2938 696 2988 751; x_wconf 90' lang='lat' dir='ltr'><strong>is</strong></span> <span class='ocrx_word' id='word_1_364' title='bbox 3015 695 3107 766; x_wconf 87' lang='lat' dir='ltr'><strong>qui</strong></span> <span class='ocrx_word' id='word_1_365' title='bbox 3145 694 3446 755; x_wconf 77' lang='lat' dir='ltr'><strong>videbatur,</strong></span> 
     </span>
    </p>
   </div>
   <div class='ocr_carea' id='block_1_52' title="bbox 1864 784 3450 856">
    <p class='ocr_par' dir='ltr' id='par_1_52' title="bbox 1864 784 3450 856">
     <span class='ocr_line' id='line_1_52' title="bbox 1864 784 3450 856; baseline -0.001 -15"><span class='ocrx_word' id='word_1_366' title='bbox 1864 785 2149 854; x_wconf 72' lang='lat' dir='ltr'><strong>disp-nuit.</strong></span> <span class='ocrx_word' id='word_1_367' title='bbox 2214 788 2380 856; x_wconf 71' lang='lat' dir='ltr'><strong>Cujus</strong></span> <span class='ocrx_word' id='word_1_368' title='bbox 2445 788 2796 843; x_wconf 86' lang='lat' dir='ltr'><strong>revelationis</strong></span> <span class='ocrx_word' id='word_1_369' title='bbox 2846 796 3065 842; x_wconf 66' lang='lat' dir='ltr'><strong>nectare</strong></span> <span class='ocrx_word' id='word_1_370' title='bbox 3135 787 3303 840; x_wconf 85' lang='lat' dir='ltr'><strong>frater</strong></span> <span class='ocrx_word' id='word_1_371' title='bbox 3363 784 3450 841; x_wconf 73' lang='lat' dir='ltr'><strong>ill:</strong></span> 
     </span>
    </p>
   </div>
   <div class='ocr_carea' id='block_1_53' title="bbox 1867 876 3446 950">
    <p class='ocr_par' dir='ltr' id='par_1_53' title="bbox 1867 876 3446 950">
     <span class='ocr_line' id='line_1_53' title="bbox 1867 876 3446 950; baseline 0.001 -21"><span class='ocrx_word' id='word_1_372' title='bbox 1867 876 2215 932; x_wconf 78' lang='lat' dir='ltr'><strong>mellificatus</strong></span> <span class='ocrx_word' id='word_1_373' title='bbox 2261 878 2535 944; x_wconf 75' lang='lat' dir='ltr'><strong>animum,</strong></span> <span class='ocrx_word' id='word_1_374' title='bbox 2584 879 2760 933; x_wconf 84' lang='lat' dir='ltr'><strong>imbre</strong></span> <span class='ocrx_word' id='word_1_375' title='bbox 2803 876 3232 950; x_wconf 71' lang='lat' dir='ltr'><strong>perfundebatur</strong></span> <span class='ocrx_word' id='word_1_376' title='bbox 3272 877 3446 947; x_wconf 73' lang='lat' dir='ltr'><strong>larv-</strong></span> 
     </span>
    </p>
   </div>
   <div class='ocr_carea' id='block_1_54' title="bbox 1864 967 3439 1037">
    <p class='ocr_par' dir='ltr' id='par_1_54' title="bbox 1864 967 3439 1037">
     <span class='ocr_line' id='line_1_54' title="bbox 1864 967 3439 1037; baseline -0.001 -16"><span class='ocrx_word' id='word_1_377' title='bbox 1864 979 2096 1021; x_wconf 84' lang='lat' dir='ltr'><strong>marum.</strong></span> <span class='ocrx_word' id='word_1_378' title='bbox 2125 967 2281 1023; x_wconf 73' lang='lat' dir='ltr'><strong>Mane</strong></span> <span class='ocrx_word' id='word_1_379' title='bbox 2309 977 2489 1024; x_wconf 91' lang='lat' dir='ltr'><strong>autem</strong></span> <span class='ocrx_word' id='word_1_380' title='bbox 2519 969 2662 1024; x_wconf 84' lang='lat' dir='ltr'><strong>facto</strong></span> <span class='ocrx_word' id='word_1_381' title='bbox 2689 984 2815 1024; x_wconf 86' lang='lat' dir='ltr'><strong>cum</strong></span> <span class='ocrx_word' id='word_1_382' title='bbox 2840 968 2895 1023; x_wconf 90' lang='lat' dir='ltr'><strong>in</strong></span> <span class='ocrx_word' id='word_1_383' title='bbox 2922 981 3151 1037; x_wconf 83' lang='lat' dir='ltr'><strong>utroque</strong></span> <span class='ocrx_word' id='word_1_384' title='bbox 3188 976 3404 1022; x_wconf 85' lang='lat' dir='ltr'><strong>nutaret</strong></span> <span class='ocrx_word' id='word_1_385' title='bbox 3424 1007 3439 1031; x_wconf 93' lang='lat'><strong>,</strong></span> 
     </span>
    </p>
   </div>
   <div class='ocr_carea' id='block_1_55' title="bbox 1864 1058 3439 1131">
    <p class='ocr_par' dir='ltr' id='par_1_55' title="bbox 1864 1058 3439 1131">
     <span class='ocr_line' id='line_1_55' title="bbox 1864 1058 3439 1131; baseline 0 -18"><span class='ocrx_word' id='word_1_386' title='bbox 1864 1058 2076 1113; x_wconf 88' lang='lat' dir='ltr'><strong>scilicet</strong></span> <span class='ocrx_word' id='word_1_387' title='bbox 2107 1070 2289 1113; x_wconf 90' lang='lat' dir='ltr'><strong>utrum</strong></span> <span class='ocrx_word' id='word_1_388' title='bbox 2320 1060 2593 1125; x_wconf 88' lang='lat' dir='ltr'><strong>reticeret,</strong></span> <span class='ocrx_word' id='word_1_389' title='bbox 2616 1073 2687 1116; x_wconf 87' lang='lat' dir='ltr'><strong>an</strong></span> <span class='ocrx_word' id='word_1_390' title='bbox 2709 1060 2884 1131; x_wconf 86' lang='lat' dir='ltr'><strong>palam</strong></span> <span class='ocrx_word' id='word_1_391' title='bbox 2908 1060 3132 1121; x_wconf 83' lang='lat' dir='ltr'><strong>faceret,</strong></span> <span class='ocrx_word' id='word_1_392' title='bbox 3151 1060 3439 1129; x_wconf 80' lang='lat' dir='ltr'><strong>quemdam</strong></span> 
     </span>
    </p>
   </div>
   <div class='ocr_carea' id='block_1_56' title="bbox 1866 1146 3453 1215">
    <p class='ocr_par' dir='ltr' id='par_1_56' title="bbox 1866 1146 3453 1215">
     <span class='ocr_line' id='line_1_56' title="bbox 1866 1146 3453 1215; baseline 0.001 -15"><span class='ocrx_word' id='word_1_393' title='bbox 1866 1146 2113 1215; x_wconf 87' lang='lat' dir='ltr'><strong>priorum</strong></span> <span class='ocrx_word' id='word_1_394' title='bbox 2141 1147 2363 1203; x_wconf 87' lang='lat' dir='ltr'><strong>nomine</strong></span> <span class='ocrx_word' id='word_1_395' title='bbox 2388 1148 2779 1203; x_wconf 81' lang='lat' dir='ltr'><strong>Grimwaldum</strong></span> <span class='ocrx_word' id='word_1_396' title='bbox 2812 1149 3143 1204; x_wconf 79' lang='lat' dir='ltr'><strong>accersitum</strong></span> <span class='ocrx_word' id='word_1_397' title='bbox 3177 1146 3453 1204; x_wconf 85' lang='lat' dir='ltr'><strong>consuluit</strong></span> 
     </span>
    </p>
   </div>
   <div class='ocr_carea' id='block_1_57' title="bbox 1863 1239 3452 1311">
    <p class='ocr_par' dir='ltr' id='par_1_57' title="bbox 1863 1239 3452 1311">
     <span class='ocr_line' id='line_1_57' title="bbox 1863 1239 3452 1311; baseline 0 -16"><span class='ocrx_word' id='word_1_398' title='bbox 1863 1254 2030 1311; x_wconf 67' lang='lat' dir='ltr'><strong>super</strong></span> <span class='ocrx_word' id='word_1_399' title='bbox 2047 1241 2172 1306; x_wconf 89' lang='lat' dir='ltr'><strong>hoc,</strong></span> <span class='ocrx_word' id='word_1_400' title='bbox 2190 1240 2321 1311; x_wconf 90' lang='lat' dir='ltr'><strong>quid</strong></span> <span class='ocrx_word' id='word_1_401' title='bbox 2341 1241 2492 1296; x_wconf 88' lang='lat' dir='ltr'><strong>facto</strong></span> <span class='ocrx_word' id='word_1_402' title='bbox 2515 1256 2650 1310; x_wconf 90' lang='lat' dir='ltr'><strong>opus</strong></span> <span class='ocrx_word' id='word_1_403' title='bbox 2670 1250 2837 1296; x_wconf 84' lang='lat' dir='ltr'><strong>esset.</strong></span> <span class='ocrx_word' id='word_1_404' title='bbox 2862 1241 2958 1296; x_wconf 88' lang='lat' dir='ltr'><strong>Illo</strong></span> <span class='ocrx_word' id='word_1_405' title='bbox 2980 1252 3163 1297; x_wconf 85' lang='lat' dir='ltr'><strong>autem</strong></span> <span class='ocrx_word' id='word_1_406' title='bbox 3194 1239 3452 1295; x_wconf 85' lang='lat' dir='ltr'><strong>hortante</strong></span> 
     </span>
    </p>
   </div>
   <div class='ocr_carea' id='block_1_58' title="bbox 1865 1330 3452 1403">
    <p class='ocr_par' dir='ltr' id='par_1_58' title="bbox 1865 1330 3452 1403">
     <span class='ocr_line' id='line_1_58' title="bbox 1865 1330 3452 1403; baseline 0.002 -18"><span class='ocrx_word' id='word_1_407' title='bbox 1865 1344 1930 1387; x_wconf 87' lang='lat' dir='ltr'><strong>ac</strong></span> <span class='ocrx_word' id='word_1_408' title='bbox 1958 1341 2286 1402; x_wconf 79' lang='lat' dir='ltr'><strong>suggerente</strong></span> <span class='ocrx_word' id='word_1_409' title='bbox 2329 1332 2506 1388; x_wconf 86' lang='lat' dir='ltr'><strong>sancti</strong></span> <span class='ocrx_word' id='word_1_410' title='bbox 2561 1330 2730 1401; x_wconf 84' lang='lat' dir='ltr'><strong>ipsius</strong></span> <span class='ocrx_word' id='word_1_411' title='bbox 2771 1331 3106 1398; x_wconf 85' lang='lat' dir='ltr'><strong>iussionibus</strong></span> <span class='ocrx_word' id='word_1_412' title='bbox 3146 1330 3452 1403; x_wconf 85' lang='lat' dir='ltr'><strong>parendum</strong></span> 
     </span>
    </p>
   </div>
   <div class='ocr_carea' id='block_1_59' title="bbox 1864 1426 3454 1499">
    <p class='ocr_par' dir='ltr' id='par_1_59' title="bbox 1864 1426 3454 1499">
     <span class='ocr_line' id='line_1_59' title="bbox 1864 1426 3454 1499; baseline -0.003 -14"><span class='ocrx_word' id='word_1_413' title='bbox 1864 1441 2007 1493; x_wconf 83' lang='lat' dir='ltr'><strong>esse,</strong></span> <span class='ocrx_word' id='word_1_414' title='bbox 2040 1442 2141 1483; x_wconf 86' lang='lat' dir='ltr'><strong>nec</strong></span> <span class='ocrx_word' id='word_1_415' title='bbox 2160 1426 2424 1484; x_wconf 84' lang='lat' dir='ltr'><strong>occultari</strong></span> <span class='ocrx_word' id='word_1_416' title='bbox 2445 1427 2661 1490; x_wconf 76' lang='lat' dir='ltr'><strong>debere,</strong></span> <span class='ocrx_word' id='word_1_417' title='bbox 2691 1441 2799 1483; x_wconf 87' lang='lat' dir='ltr'><strong>una</strong></span> <span class='ocrx_word' id='word_1_418' title='bbox 2822 1428 3040 1499; x_wconf 82' lang='lat' dir='ltr'><strong>utrique</strong></span> <span class='ocrx_word' id='word_1_419' title='bbox 3068 1427 3217 1483; x_wconf 78' lang='lat' dir='ltr'><strong>Patri</strong></span> <span class='ocrx_word' id='word_1_420' title='bbox 3245 1427 3454 1482; x_wconf 83' lang='lat' dir='ltr'><strong>vadunt</strong></span> 
     </span>
    </p>
   </div>
   <div class='ocr_carea' id='block_1_60' title="bbox 1866 1517 3454 1591">
    <p class='ocr_par' dir='ltr' id='par_1_60' title="bbox 1866 1517 3454 1591">
     <span class='ocr_line' id='line_1_60' title="bbox 1866 1517 3454 1591; baseline -0.001 -18"><span class='ocrx_word' id='word_1_421' title='bbox 1866 1518 2130 1587; x_wconf 86' lang='lat' dir='ltr'><strong>indicare,</strong></span> <span class='ocrx_word' id='word_1_422' title='bbox 2146 1520 2339 1575; x_wconf 86' lang='lat' dir='ltr'><strong>deinde</strong></span> <span class='ocrx_word' id='word_1_423' title='bbox 2359 1519 2603 1591; x_wconf 82' lang='lat' dir='ltr'><strong>ejusdem</strong></span> <span class='ocrx_word' id='word_1_424' title='bbox 2612 1517 2803 1574; x_wconf 61' lang='lat' dir='ltr'><strong>‘Patris</strong></span> <span class='ocrx_word' id='word_1_425' title='bbox 2820 1520 2973 1591; x_wconf 90' lang='lat' dir='ltr'><strong>jussu</strong></span> <span class='ocrx_word' id='word_1_426' title='bbox 2993 1518 3144 1576; x_wconf 85' lang='lat' dir='ltr'><strong>omni</strong></span> <span class='ocrx_word' id='word_1_427' title='bbox 3163 1532 3454 1589; x_wconf 82' lang='lat' dir='ltr'><strong>congrega-</strong></span> 
     </span>
    </p>
   </div>
   <div class='ocr_carea' id='block_1_61' title="bbox 1867 1610 3454 1682">
    <p class='ocr_par' dir='ltr' id='par_1_61' title="bbox 1867 1610 3454 1682">
     <span class='ocr_line' id='line_1_61' title="bbox 1867 1610 3454 1682; baseline -0.002 -16"><span class='ocrx_word' id='word_1_428' title='bbox 1867 1612 2030 1667; x_wconf 89' lang='lat' dir='ltr'><strong>tionis</strong></span> <span class='ocrx_word' id='word_1_429' title='bbox 2061 1611 2422 1682; x_wconf 69' lang='lat' dir='ltr'><strong>pbalangulte.</strong></span> <span class='ocrx_word' id='word_1_430' title='bbox 2446 1611 2811 1668; x_wconf 84' lang='lat' dir='ltr'><strong>Testabantur</strong></span> <span class='ocrx_word' id='word_1_431' title='bbox 2832 1625 2963 1667; x_wconf 88' lang='lat' dir='ltr'><strong>vero</strong></span> <span class='ocrx_word' id='word_1_432' title='bbox 2984 1610 3172 1667; x_wconf 81' lang='lat' dir='ltr'><strong>fratris</strong></span> <span class='ocrx_word' id='word_1_433' title='bbox 3193 1611 3360 1681; x_wconf 87' lang='lat' dir='ltr'><strong>ipsius</strong></span> <span class='ocrx_word' id='word_1_434' title='bbox 3378 1610 3454 1664; x_wconf 88' lang='lat' dir='ltr'><strong>la-</strong></span> 
     </span>
    </p>
   </div>
   <div class='ocr_carea' id='block_1_62' title="bbox 1792 1687 3457 1774">
    <p class='ocr_par' dir='ltr' id='par_1_62' title="bbox 1792 1687 3457 1774">
     <span class='ocr_line' id='line_1_62' title="bbox 1792 1687 3457 1774; baseline -0.001 -17"><span class='ocrx_word' id='word_1_435' title='bbox 1792 1687 1833 1745; x_wconf 71' lang='grc' dir='ltr'><strong>Β</strong></span> <span class='ocrx_word' id='word_1_436' title='bbox 1862 1716 2085 1774; x_wconf 73' lang='lat' dir='ltr'><strong>orytuae,</strong></span> <span class='ocrx_word' id='word_1_437' title='bbox 2097 1716 2326 1771; x_wconf 88' lang='lat' dir='ltr'><strong>quarum</strong></span> <span class='ocrx_word' id='word_1_438' title='bbox 2340 1702 2573 1758; x_wconf 89' lang='lat' dir='ltr'><strong>ubertim</strong></span> <span class='ocrx_word' id='word_1_439' title='bbox 2588 1703 2640 1757; x_wconf 90' lang='lat' dir='ltr'><strong>in</strong></span> <span class='ocrx_word' id='word_1_440' title='bbox 2658 1700 2945 1758; x_wconf 86' lang='lat' dir='ltr'><strong>referendo</strong></span> <span class='ocrx_word' id='word_1_441' title='bbox 2963 1700 3215 1755; x_wconf 82' lang='lat' dir='ltr'><strong>manabat</strong></span> <span class='ocrx_word' id='word_1_442' title='bbox 3229 1699 3457 1757; x_wconf 68' lang='lat' dir='ltr'><strong>inunda-</strong></span> 
     </span>
    </p>
   </div>
   <div class='ocr_carea' id='block_1_63' title="bbox 1865 1788 3456 1861">
    <p class='ocr_par' dir='ltr' id='par_1_63' title="bbox 1865 1788 3456 1861">
     <span class='ocr_line' id='line_1_63' title="bbox 1865 1788 3456 1861; baseline 0 -15"><span class='ocrx_word' id='word_1_443' title='bbox 1865 1791 2037 1857; x_wconf 89' lang='lat' dir='ltr'><strong>tione,</strong></span> <span class='ocrx_word' id='word_1_444' title='bbox 2052 1792 2235 1846; x_wconf 86' lang='lat' dir='ltr'><strong>omnia</strong></span> <span class='ocrx_word' id='word_1_445' title='bbox 2247 1806 2368 1861; x_wconf 67' lang='lat' dir='ltr'><strong>quae</strong></span> <span class='ocrx_word' id='word_1_446' title='bbox 2382 1791 2701 1846; x_wconf 81' lang='lat' dir='ltr'><strong>dicebantur</strong></span> <span class='ocrx_word' id='word_1_447' title='bbox 2717 1806 2843 1846; x_wconf 87' lang='lat' dir='ltr'><strong>vera</strong></span> <span class='ocrx_word' id='word_1_448' title='bbox 2857 1792 3047 1847; x_wconf 85' lang='lat' dir='ltr'><strong>fuisse.</strong></span> <span class='ocrx_word' id='word_1_449' title='bbox 3060 1788 3303 1860; x_wconf 86' lang='lat' dir='ltr'><strong>Cumque</strong></span> <span class='ocrx_word' id='word_1_450' title='bbox 3315 1792 3456 1846; x_wconf 88' lang='lat' dir='ltr'><strong>inter</strong></span> 
     </span>
    </p>
   </div>
   <div class='ocr_carea' id='block_1_64' title="bbox 1862 1879 3455 1952">
    <p class='ocr_par' dir='ltr' id='par_1_64' title="bbox 1862 1879 3455 1952">
     <span class='ocr_line' id='line_1_64' title="bbox 1862 1879 3455 1952; baseline 0.002 -18"><span class='ocrx_word' id='word_1_451' title='bbox 1862 1879 2184 1952; x_wconf 89' lang='lat' dir='ltr'><strong>plorandum</strong></span> <span class='ocrx_word' id='word_1_452' title='bbox 2215 1890 2272 1937; x_wconf 92' lang='lat' dir='ltr'><strong>et</strong></span> <span class='ocrx_word' id='word_1_453' title='bbox 2302 1883 2417 1936; x_wconf 77' lang='lat' dir='ltr'><strong>inec</strong></span> <span class='ocrx_word' id='word_1_454' title='bbox 2444 1883 2586 1936; x_wconf 90' lang='lat' dir='ltr'><strong>inter</strong></span> <span class='ocrx_word' id='word_1_455' title='bbox 2607 1882 2894 1937; x_wconf 79' lang='lat' dir='ltr'><strong>dicendum</strong></span> <span class='ocrx_word' id='word_1_456' title='bbox 2931 1883 3213 1939; x_wconf 88' lang='lat' dir='ltr'><strong>audissent</strong></span> <span class='ocrx_word' id='word_1_457' title='bbox 3258 1881 3455 1937; x_wconf 87' lang='lat' dir='ltr'><strong>fratres</strong></span> 
     </span>
    </p>
   </div>
   <div class='ocr_carea' id='block_1_65' title="bbox 1861 1972 3454 2045">
    <p class='ocr_par' dir='ltr' id='par_1_65' title="bbox 1861 1972 3454 2045">
     <span class='ocr_line' id='line_1_65' title="bbox 1861 1972 3454 2045; baseline 0.004 -21"><span class='ocrx_word' id='word_1_458' title='bbox 1861 1972 2067 2041; x_wconf 82' lang='lat' dir='ltr'><strong>gratias</strong></span> <span class='ocrx_word' id='word_1_459' title='bbox 2097 1972 2203 2026; x_wconf 66' lang='lat' dir='ltr'><strong>siti</strong></span> <span class='ocrx_word' id='word_1_460' title='bbox 2237 1972 2429 2027; x_wconf 86' lang='lat' dir='ltr'><strong>referri</strong></span> <span class='ocrx_word' id='word_1_461' title='bbox 2455 1987 2523 2026; x_wconf 75' lang='lat' dir='ltr'><strong>ex</strong></span> <span class='ocrx_word' id='word_1_462' title='bbox 2548 1982 2702 2042; x_wconf 71' lang='lat' dir='ltr'><strong>parte</strong></span> <span class='ocrx_word' id='word_1_463' title='bbox 2728 1974 2862 2027; x_wconf 90' lang='lat' dir='ltr'><strong>tanti</strong></span> <span class='ocrx_word' id='word_1_464' title='bbox 2891 1975 3172 2045; x_wconf 80' lang='lat' dir='ltr'><strong>martyris,</strong></span> <span class='ocrx_word' id='word_1_465' title='bbox 3209 1982 3454 2030; x_wconf 81' lang='lat' dir='ltr'><strong>actutum</strong></span> 
     </span>
    </p>
   </div>
   <div class='ocr_carea' id='block_1_66' title="bbox 1863 2061 3451 2133">
    <p class='ocr_par' dir='ltr' id='par_1_66' title="bbox 1863 2061 3451 2133">
     <span class='ocr_line' id='line_1_66' title="bbox 1863 2061 3451 2133; baseline 0.004 -17"><span class='ocrx_word' id='word_1_466' title='bbox 1863 2061 2047 2116; x_wconf 86' lang='lat' dir='ltr'><strong>cuncti</strong></span> <span class='ocrx_word' id='word_1_467' title='bbox 2098 2063 2342 2132; x_wconf 87' lang='lat' dir='ltr'><strong>prorupti</strong></span> <span class='ocrx_word' id='word_1_468' title='bbox 2382 2061 2438 2117; x_wconf 87' lang='lat' dir='ltr'><strong>in</strong></span> <span class='ocrx_word' id='word_1_469' title='bbox 2487 2062 2743 2133; x_wconf 85' lang='lat' dir='ltr'><strong>lacrymis</strong></span> <span class='ocrx_word' id='word_1_470' title='bbox 2771 2072 2945 2117; x_wconf 90' lang='lat' dir='ltr'><strong>terras</strong></span> <span class='ocrx_word' id='word_1_471' title='bbox 2977 2064 3184 2133; x_wconf 84' lang='lat' dir='ltr'><strong>petiere</strong></span> <span class='ocrx_word' id='word_1_472' title='bbox 3229 2064 3451 2123; x_wconf 74' lang='lat' dir='ltr'><strong>osculis.</strong></span> 
     </span>
    </p>
   </div>
   <div class='ocr_carea' id='block_1_67' title="bbox 1863 2150 3451 2224">
    <p class='ocr_par' dir='ltr' id='par_1_67' title="bbox 1863 2150 3451 2224">
     <span class='ocr_line' id='line_1_67' title="bbox 1863 2150 3451 2224; baseline 0.002 -20"><span class='ocrx_word' id='word_1_473' title='bbox 1863 2165 1927 2204; x_wconf 86' lang='lat' dir='ltr'><strong>ac</strong></span> <span class='ocrx_word' id='word_1_474' title='bbox 1957 2150 2253 2220; x_wconf 89' lang='lat' dir='ltr'><strong>plurimum</strong></span> <span class='ocrx_word' id='word_1_475' title='bbox 2283 2150 2677 2219; x_wconf 87' lang='lat' dir='ltr'><strong>conjubilantes</strong></span> <span class='ocrx_word' id='word_1_476' title='bbox 2702 2167 2865 2221; x_wconf 87' lang='lat' dir='ltr'><strong>super</strong></span> <span class='ocrx_word' id='word_1_477' title='bbox 2891 2152 2976 2207; x_wconf 86' lang='lat' dir='ltr'><strong>bis</strong></span> <span class='ocrx_word' id='word_1_478' title='bbox 2999 2153 3451 2224; x_wconf 81' lang='lat' dir='ltr'><strong>benignissimum</strong></span> 
     </span>
    </p>
   </div>
   <div class='ocr_carea' id='block_1_68' title="bbox 1863 2239 3454 2299">
    <p class='ocr_par' dir='ltr' id='par_1_68' title="bbox 1863 2239 3454 2299">
     <span class='ocr_line' id='line_1_68' title="bbox 1863 2239 3454 2299; baseline 0.003 -5"><span class='ocrx_word' id='word_1_479' title='bbox 1863 2239 2150 2296; x_wconf 83' lang='lat' dir='ltr'><strong>Dominum</strong></span> <span class='ocrx_word' id='word_1_480' title='bbox 2180 2241 2531 2296; x_wconf 72' lang='lat' dir='ltr'><strong>[nudaverant</strong></span> <span class='ocrx_word' id='word_1_481' title='bbox 2560 2253 2608 2297; x_wconf 78' lang='lat' dir='ltr'><strong>et</strong></span> <span class='ocrx_word' id='word_1_482' title='bbox 2647 2243 3018 2297; x_wconf 72' lang='lat' dir='ltr'><strong>benedixerunt</strong></span> <span class='ocrx_word' id='word_1_483' title='bbox 3051 2245 3106 2299; x_wconf 81' lang='lat' dir='ltr'><strong>in</strong></span> <span class='ocrx_word' id='word_1_484' title='bbox 3131 2245 3350 2299; x_wconf 79' lang='lat' dir='ltr'><strong>canticis</strong></span> <span class='ocrx_word' id='word_1_485' title='bbox 3371 2243 3454 2299; x_wconf 81' lang='lat' dir='ltr'><strong>la-</strong></span> 
     </span>
    </p>
   </div>
   <div class='ocr_carea' id='block_1_69' title="bbox 1863 2325 3448 2403">
    <p class='ocr_par' dir='ltr' id='par_1_69' title="bbox 1863 2325 3448 2403">
     <span class='ocr_line' id='line_1_69' title="bbox 1863 2325 3448 2403; baseline 0.004 -22"><span class='ocrx_word' id='word_1_486' title='bbox 1863 2325 2065 2381; x_wconf 70' lang='lat' dir='ltr'><strong>biorum</strong></span> <span class='ocrx_word' id='word_1_487' title='bbox 2089 2338 2135 2382; x_wconf 82' lang='lat' dir='ltr'><strong>et</strong></span> <span class='ocrx_word' id='word_1_488' title='bbox 2156 2330 2372 2383; x_wconf 74' lang='lat' dir='ltr'><strong>citharis</strong></span> <span class='ocrx_word' id='word_1_489' title='bbox 2394 2327 2585 2398; x_wconf 82' lang='lat' dir='ltr'><strong>(Eccli.</strong></span> <span class='ocrx_word' id='word_1_490' title='bbox 2612 2346 2801 2395; x_wconf 65' lang='lat' dir='ltr'><strong>XXXII,</strong></span> <span class='ocrx_word' id='word_1_491' title='bbox 2820 2331 2937 2402; x_wconf 64' lang='grc' dir='ltr'><strong>ευ),</strong></span> <span class='ocrx_word' id='word_1_492' title='bbox 2971 2333 3062 2401; x_wconf 88' lang='lat' dir='ltr'><strong>qui</strong></span> <span class='ocrx_word' id='word_1_493' title='bbox 3085 2332 3163 2387; x_wconf 89' lang='lat' dir='ltr'><strong>sic</strong></span> <span class='ocrx_word' id='word_1_494' title='bbox 3183 2332 3448 2403; x_wconf 82' lang='lat' dir='ltr'><strong>placatur,</strong></span> 
     </span>
    </p>
   </div>
   <div class='ocr_carea' id='block_1_70' title="bbox 1861 2418 3451 2490">
    <p class='ocr_par' dir='ltr' id='par_1_70' title="bbox 1861 2418 3451 2490">
     <span class='ocr_line' id='line_1_70' title="bbox 1861 2418 3451 2490; baseline 0.004 -17"><span class='ocrx_word' id='word_1_495' title='bbox 1861 2428 1919 2473; x_wconf 89' lang='lat' dir='ltr'><strong>et</strong></span> <span class='ocrx_word' id='word_1_496' title='bbox 1945 2419 2120 2474; x_wconf 84' lang='lat' dir='ltr'><strong>fertur</strong></span> <span class='ocrx_word' id='word_1_497' title='bbox 2150 2418 2204 2473; x_wconf 92' lang='lat' dir='ltr'><strong>in</strong></span> <span class='ocrx_word' id='word_1_498' title='bbox 2236 2420 2615 2490; x_wconf 82' lang='lat' dir='ltr'><strong>iniquitatibus</strong></span> <span class='ocrx_word' id='word_1_499' title='bbox 2655 2422 2859 2477; x_wconf 87' lang='lat' dir='ltr'><strong>nostris</strong></span> <span class='ocrx_word' id='word_1_500' title='bbox 2888 2436 3200 2477; x_wconf 79' lang='lat' dir='ltr'><strong>sanctorum</strong></span> <span class='ocrx_word' id='word_1_501' title='bbox 3230 2438 3451 2480; x_wconf 83' lang='lat' dir='ltr'><strong>suorum</strong></span> 
     </span>
    </p>
   </div>
   <div class='ocr_carea' id='block_1_71' title="bbox 1864 2508 3455 2584">
    <p class='ocr_par' dir='ltr' id='par_1_71' title="bbox 1864 2508 3455 2584">
     <span class='ocr_line' id='line_1_71' title="bbox 1864 2508 3455 2584; baseline 0.004 -21"><span class='ocrx_word' id='word_1_502' title='bbox 1864 2508 2346 2566; x_wconf 87' lang='lat' dir='ltr'><strong>intercessionibus</strong></span> <span class='ocrx_word' id='word_1_503' title='bbox 2384 2525 2449 2566; x_wconf 88' lang='lat' dir='ltr'><strong>ac</strong></span> <span class='ocrx_word' id='word_1_504' title='bbox 2499 2512 2731 2567; x_wconf 90' lang='lat' dir='ltr'><strong>meritis.</strong></span> <span class='ocrx_word' id='word_1_505' title='bbox 2776 2511 2892 2580; x_wconf 79' lang='lat' dir='ltr'><strong>Qua</strong></span> <span class='ocrx_word' id='word_1_506' title='bbox 2944 2512 3013 2568; x_wconf 80' lang='lat' dir='ltr'><strong>de</strong></span> <span class='ocrx_word' id='word_1_507' title='bbox 3056 2526 3116 2568; x_wconf 89' lang='lat' dir='ltr'><strong>re</strong></span> <span class='ocrx_word' id='word_1_508' title='bbox 3160 2514 3455 2584; x_wconf 59' lang='lat' dir='ltr'><strong>praedictus</strong></span> 
     </span>
    </p>
   </div>
   <div class='ocr_carea' id='block_1_72' title="bbox 1864 2600 3455 2676">
    <p class='ocr_par' dir='ltr' id='par_1_72' title="bbox 1864 2600 3455 2676">
     <span class='ocr_line' id='line_1_72' title="bbox 1864 2600 3455 2676; baseline 0.003 -20"><span class='ocrx_word' id='word_1_509' title='bbox 1864 2600 2034 2656; x_wconf 87' lang='lat' dir='ltr'><strong>abbas</strong></span> <span class='ocrx_word' id='word_1_510' title='bbox 2060 2616 2183 2656; x_wconf 91' lang='lat' dir='ltr'><strong>cum</strong></span> <span class='ocrx_word' id='word_1_511' title='bbox 2214 2601 2318 2657; x_wconf 87' lang='lat' dir='ltr'><strong>sibi</strong></span> <span class='ocrx_word' id='word_1_512' title='bbox 2347 2600 2608 2670; x_wconf 87' lang='lat' dir='ltr'><strong>subjectis</strong></span> <span class='ocrx_word' id='word_1_513' title='bbox 2637 2602 2962 2659; x_wconf 88' lang='lat' dir='ltr'><strong>omnimodis</strong></span> <span class='ocrx_word' id='word_1_514' title='bbox 3007 2606 3322 2676; x_wconf 80' lang='lat' dir='ltr'><strong>excogitans</strong></span> <span class='ocrx_word' id='word_1_515' title='bbox 3345 2620 3455 2675; x_wconf 87' lang='lat' dir='ltr'><strong>quo</strong></span> 
     </span>
    </p>
   </div>
   <div class='ocr_carea' id='block_1_73' title="bbox 1863 2694 3455 2770">
    <p class='ocr_par' dir='ltr' id='par_1_73' title="bbox 1863 2694 3455 2770">
     <span class='ocr_line' id='line_1_73' title="bbox 1863 2694 3455 2770; baseline 0.004 -23"><span class='ocrx_word' id='word_1_516' title='bbox 1863 2702 2024 2763; x_wconf 80' lang='lat' dir='ltr'><strong>pacto</strong></span> <span class='ocrx_word' id='word_1_517' title='bbox 2065 2694 2394 2765; x_wconf 75' lang='lat' dir='ltr'><strong>prmcipuutn</strong></span> <span class='ocrx_word' id='word_1_518' title='bbox 2425 2695 2648 2750; x_wconf 90' lang='lat' dir='ltr'><strong>militem</strong></span> <span class='ocrx_word' id='word_1_519' title='bbox 2696 2696 2897 2752; x_wconf 83' lang='lat' dir='ltr'><strong>Christi</strong></span> <span class='ocrx_word' id='word_1_520' title='bbox 2949 2697 3166 2770; x_wconf 87' lang='lat' dir='ltr'><strong>dignius</strong></span> <span class='ocrx_word' id='word_1_521' title='bbox 3208 2694 3455 2755; x_wconf 64' lang='lat' dir='ltr'><strong>valerent</strong></span> 
     </span>
    </p>
   </div>
   <div class='ocr_carea' id='block_1_74' title="bbox 1864 2783 3455 2861">
    <p class='ocr_par' dir='ltr' id='par_1_74' title="bbox 1864 2783 3455 2861">
     <span class='ocr_line' id='line_1_74' title="bbox 1864 2783 3455 2861; baseline 0.006 -24"><span class='ocrx_word' id='word_1_522' title='bbox 1864 2783 2123 2840; x_wconf 76' lang='lat' dir='ltr'><strong>extollere</strong></span> <span class='ocrx_word' id='word_1_523' title='bbox 2146 2799 2213 2840; x_wconf 88' lang='lat' dir='ltr'><strong>ac</strong></span> <span class='ocrx_word' id='word_1_524' title='bbox 2259 2786 2533 2851; x_wconf 89' lang='lat' dir='ltr'><strong>venerari,</strong></span> <span class='ocrx_word' id='word_1_525' title='bbox 2564 2795 2836 2857; x_wconf 87' lang='lat' dir='ltr'><strong>quatenus</strong></span> <span class='ocrx_word' id='word_1_526' title='bbox 2886 2797 3090 2843; x_wconf 88' lang='lat' dir='ltr'><strong>tantmu</strong></span> <span class='ocrx_word' id='word_1_527' title='bbox 3137 2804 3237 2861; x_wconf 90' lang='lat' dir='ltr'><strong>pro</strong></span> <span class='ocrx_word' id='word_1_528' title='bbox 3267 2803 3328 2845; x_wconf 89' lang='lat' dir='ltr'><strong>se</strong></span> <span class='ocrx_word' id='word_1_529' title='bbox 3372 2791 3455 2846; x_wconf 88' lang='lat' dir='ltr'><strong>in-</strong></span> 
     </span>
    </p>
   </div>
   <div class='ocr_carea' id='block_1_75' title="bbox 1866 2877 3458 2952">
    <p class='ocr_par' dir='ltr' id='par_1_75' title="bbox 1866 2877 3458 2952">
     <span class='ocr_line' id='line_1_75' title="bbox 1866 2877 3458 2952; baseline 0.006 -26"><span class='ocrx_word' id='word_1_530' title='bbox 1866 2880 2224 2928; x_wconf 85' lang='lat' dir='ltr'><strong>tercessorem</strong></span> <span class='ocrx_word' id='word_1_531' title='bbox 2255 2891 2440 2930; x_wconf 87' lang='lat' dir='ltr'><strong>coram</strong></span> <span class='ocrx_word' id='word_1_532' title='bbox 2471 2877 2652 2932; x_wconf 88' lang='lat' dir='ltr'><strong>divina</strong></span> <span class='ocrx_word' id='word_1_533' title='bbox 2683 2878 2967 2949; x_wconf 85' lang='lat' dir='ltr'><strong>majestate</strong></span> <span class='ocrx_word' id='word_1_534' title='bbox 2990 2881 3195 2952; x_wconf 86' lang='lat' dir='ltr'><strong>jugiter</strong></span> <span class='ocrx_word' id='word_1_535' title='bbox 3237 2890 3458 2951; x_wconf 74' lang='lat' dir='ltr'><strong>possent</strong></span> 
     </span>
    </p>
   </div>
   <div class='ocr_carea' id='block_1_76' title="bbox 1867 2968 3453 3043">
    <p class='ocr_par' dir='ltr' id='par_1_76' title="bbox 1867 2968 3453 3043">
     <span class='ocr_line' id='line_1_76' title="bbox 1867 2968 3453 3043; baseline 0.005 -24"><span class='ocrx_word' id='word_1_536' title='bbox 1867 2968 2166 3035; x_wconf 89' lang='lat' dir='ltr'><strong>promereri</strong></span> <span class='ocrx_word' id='word_1_537' title='bbox 2193 2983 2208 3031; x_wconf 87' lang='lat'><strong>;</strong></span> <span class='ocrx_word' id='word_1_538' title='bbox 2253 2979 2475 3038; x_wconf 88' lang='lat' dir='ltr'><strong>peracto</strong></span> <span class='ocrx_word' id='word_1_539' title='bbox 2515 2973 2657 3037; x_wconf 80' lang='lat' dir='ltr'><strong>quod</strong></span> <span class='ocrx_word' id='word_1_540' title='bbox 2686 2988 2829 3027; x_wconf 90' lang='lat' dir='ltr'><strong>nunc</strong></span> <span class='ocrx_word' id='word_1_541' title='bbox 2855 2982 3102 3043; x_wconf 85' lang='lat' dir='ltr'><strong>superest</strong></span> <span class='ocrx_word' id='word_1_542' title='bbox 3131 2970 3370 3029; x_wconf 73' lang='lat' dir='ltr'><strong>nratorlo</strong></span> <span class='ocrx_word' id='word_1_543' title='bbox 3390 2974 3453 3027; x_wconf 84' lang='grc' dir='ltr'><strong>Β.</strong></span> 
     </span>
    </p>
   </div>
   <div class='ocr_carea' id='block_1_77' title="bbox 1790 3027 3460 3135">
    <p class='ocr_par' dir='ltr' id='par_1_77' title="bbox 1790 3027 3460 3135">
     <span class='ocr_line' id='line_1_77' title="bbox 1790 3027 3460 3135; baseline 0.008 -30"><span class='ocrx_word' id='word_1_544' title='bbox 1790 3027 1834 3088; x_wconf 77' lang='lat' dir='ltr'><strong>C</strong></span> <span class='ocrx_word' id='word_1_545' title='bbox 1864 3027 2012 3107; x_wconf 77' lang='lat' dir='ltr'><strong>l’etri</strong></span> <span class='ocrx_word' id='word_1_546' title='bbox 2047 3027 2302 3125; x_wconf 77' lang='lat' dir='ltr'><strong>apostoli,</strong></span> <span class='ocrx_word' id='word_1_547' title='bbox 2333 3073 2482 3113; x_wconf 89' lang='lat' dir='ltr'><strong>aram</strong></span> <span class='ocrx_word' id='word_1_548' title='bbox 2512 3028 2683 3130; x_wconf 81' lang='lat' dir='ltr'><strong>ipsius</strong></span> <span class='ocrx_word' id='word_1_549' title='bbox 2710 3027 2970 3133; x_wconf 62' lang='lat' dir='ltr'><strong>martyris</strong></span> <span class='ocrx_word' id='word_1_550' title='bbox 3087 3027 3276 3120; x_wconf 86' lang='lat' dir='ltr'><strong>eodem</strong></span> <span class='ocrx_word' id='word_1_551' title='bbox 3293 3027 3385 3135; x_wconf 84' lang='lat' dir='ltr'><strong>jus</strong></span> <span class='ocrx_word' id='word_1_552' title='bbox 3416 3064 3460 3119; x_wconf 87' lang='lat' dir='ltr'><strong>it</strong></span> 
     </span>
    </p>
   </div>
   <div class='ocr_carea' id='block_1_78' title="bbox 1862 3146 3458 3220">
    <p class='ocr_par' dir='ltr' id='par_1_78' title="bbox 1862 3146 3458 3220">
     <span class='ocr_line' id='line_1_78' title="bbox 1862 3146 3458 3220; baseline 0.006 -22"><span class='ocrx_word' id='word_1_553' title='bbox 1862 3146 2144 3208; x_wconf 87' lang='lat' dir='ltr'><strong>constitui.</strong></span> <span class='ocrx_word' id='word_1_554' title='bbox 2178 3154 2314 3201; x_wconf 82' lang='lat' dir='ltr'><strong>etex</strong></span> <span class='ocrx_word' id='word_1_555' title='bbox 2346 3157 2471 3204; x_wconf 91' lang='lat' dir='ltr'><strong>tunc</strong></span> <span class='ocrx_word' id='word_1_556' title='bbox 2496 3150 2642 3204; x_wconf 89' lang='lat' dir='ltr'><strong>omni</strong></span> <span class='ocrx_word' id='word_1_557' title='bbox 2669 3165 2813 3206; x_wconf 89' lang='lat' dir='ltr'><strong>anno</strong></span> <span class='ocrx_word' id='word_1_558' title='bbox 2830 3151 2948 3220; x_wconf 80' lang='lat' dir='ltr'><strong>ejus</strong></span> <span class='ocrx_word' id='word_1_559' title='bbox 2977 3153 3212 3207; x_wconf 67' lang='lat' dir='ltr'><strong>natalem</strong></span> <span class='ocrx_word' id='word_1_560' title='bbox 3241 3154 3291 3206; x_wconf 81' lang='lat' dir='ltr'><strong>in</strong></span> <span class='ocrx_word' id='word_1_561' title='bbox 3319 3154 3458 3208; x_wconf 83' lang='lat' dir='ltr'><strong>albis</strong></span> 
     </span>
    </p>
   </div>
   <div class='ocr_carea' id='block_1_79' title="bbox 1865 3238 3457 3301">
    <p class='ocr_par' dir='ltr' id='par_1_79' title="bbox 1865 3238 3457 3301">
     <span class='ocr_line' id='line_1_79' title="bbox 1865 3238 3457 3301; baseline 0.006 -11"><span class='ocrx_word' id='word_1_562' title='bbox 1865 3250 1986 3291; x_wconf 85' lang='lat' dir='ltr'><strong>cum</strong></span> <span class='ocrx_word' id='word_1_563' title='bbox 2012 3238 2160 3292; x_wconf 90' lang='lat' dir='ltr'><strong>omni</strong></span> <span class='ocrx_word' id='word_1_564' title='bbox 2183 3238 2474 3295; x_wconf 86' lang='lat' dir='ltr'><strong>devotione</strong></span> <span class='ocrx_word' id='word_1_565' title='bbox 2499 3242 2883 3300; x_wconf 85' lang='lat' dir='ltr'><strong>decentissime</strong></span> <span class='ocrx_word' id='word_1_566' title='bbox 2910 3246 3192 3301; x_wconf 85' lang='lat' dir='ltr'><strong>custodiri.</strong></span> <span class='ocrx_word' id='word_1_567' title='bbox 3222 3244 3329 3300; x_wconf 84' lang='lat' dir='ltr'><strong>Nos</strong></span> <span class='ocrx_word' id='word_1_568' title='bbox 3356 3261 3457 3300; x_wconf 85' lang='lat' dir='ltr'><strong>au-</strong></span> 
     </span>
    </p>
   </div>
   <div class='ocr_carea' id='block_1_80' title="bbox 1866 3329 3460 3405">
    <p class='ocr_par' dir='ltr' id='par_1_80' title="bbox 1866 3329 3460 3405">
     <span class='ocr_line' id='line_1_80' title="bbox 1866 3329 3460 3405; baseline 0.006 -25"><span class='ocrx_word' id='word_1_569' title='bbox 1866 3337 1993 3388; x_wconf 87' lang='lat' dir='ltr'><strong>tem,</strong></span> <span class='ocrx_word' id='word_1_570' title='bbox 2020 3329 2221 3384; x_wconf 86' lang='lat' dir='ltr'><strong>fratres</strong></span> <span class='ocrx_word' id='word_1_571' title='bbox 2258 3331 2588 3390; x_wconf 82' lang='lat' dir='ltr'><strong>charissimi.</strong></span> <span class='ocrx_word' id='word_1_572' title='bbox 2605 3329 2716 3398; x_wconf 86' lang='lat' dir='ltr'><strong>jam</strong></span> <span class='ocrx_word' id='word_1_573' title='bbox 2740 3332 3127 3389; x_wconf 69' lang='lat' dir='ltr'><strong>districtiorem</strong></span> <span class='ocrx_word' id='word_1_574' title='bbox 3155 3334 3460 3405; x_wconf 65' lang='lat' dir='ltr'><strong>pra-locuta:</strong></span> 
     </span>
    </p>
   </div>
   <div class='ocr_carea' id='block_1_81' title="bbox 1863 3419 3452 3497">
    <p class='ocr_par' dir='ltr' id='par_1_81' title="bbox 1863 3419 3452 3497">
     <span class='ocr_line' id='line_1_81' title="bbox 1863 3419 3452 3497; baseline 0.008 -28"><span class='ocrx_word' id='word_1_575' title='bbox 1863 3419 2301 3475; x_wconf 82' lang='lat' dir='ltr'><strong>cominiuationis</strong></span> <span class='ocrx_word' id='word_1_576' title='bbox 2319 3423 2712 3491; x_wconf 86' lang='lat' dir='ltr'><strong>correctionem</strong></span> <span class='ocrx_word' id='word_1_577' title='bbox 2742 3424 2975 3492; x_wconf 70' lang='lat' dir='ltr'><strong>experti,</strong></span> <span class='ocrx_word' id='word_1_578' title='bbox 3002 3434 3188 3493; x_wconf 74' lang='lat' dir='ltr'><strong>utpote</strong></span> <span class='ocrx_word' id='word_1_579' title='bbox 3217 3426 3310 3497; x_wconf 82' lang='lat' dir='ltr'><strong>qui</strong></span> <span class='ocrx_word' id='word_1_580' title='bbox 3352 3439 3452 3481; x_wconf 89' lang='lat' dir='ltr'><strong>no-</strong></span> 
     </span>
    </p>
   </div>
   <div class='ocr_carea' id='block_1_82' title="bbox 1864 3512 3446 3578">
    <p class='ocr_par' dir='ltr' id='par_1_82' title="bbox 1864 3512 3446 3578">
     <span class='ocr_line' id='line_1_82' title="bbox 1864 3512 3446 3578; baseline 0.005 -16"><span class='ocrx_word' id='word_1_581' title='bbox 1864 3517 1980 3562; x_wconf 86' lang='lat' dir='ltr'><strong>stro</strong></span> <span class='ocrx_word' id='word_1_582' title='bbox 2006 3518 2245 3578; x_wconf 87' lang='lat' dir='ltr'><strong>tempore</strong></span> <span class='ocrx_word' id='word_1_583' title='bbox 2263 3526 2480 3565; x_wconf 90' lang='lat' dir='ltr'><strong>omnem</strong></span> <span class='ocrx_word' id='word_1_584' title='bbox 2505 3512 2679 3566; x_wconf 90' lang='lat' dir='ltr'><strong>locum</strong></span> <span class='ocrx_word' id='word_1_585' title='bbox 2703 3523 2948 3567; x_wconf 88' lang='lat' dir='ltr'><strong>nostrum</strong></span> <span class='ocrx_word' id='word_1_586' title='bbox 2965 3516 3220 3569; x_wconf 88' lang='lat' dir='ltr'><strong>traditum</strong></span> <span class='ocrx_word' id='word_1_587' title='bbox 3235 3516 3446 3571; x_wconf 65' lang='lat' dir='ltr'><strong>desolao</strong></span> 
     </span>
    </p>
   </div>
   <div class='ocr_carea' id='block_1_83' title="bbox 1868 3599 3452 3677">
    <p class='ocr_par' dir='ltr' id='par_1_83' title="bbox 1868 3599 3452 3677">
     <span class='ocr_line' id='line_1_83' title="bbox 1868 3599 3452 3677; baseline 0.005 -24"><span class='ocrx_word' id='word_1_588' title='bbox 1868 3599 1999 3655; x_wconf 91' lang='lat' dir='ltr'><strong>tioni</strong></span> <span class='ocrx_word' id='word_1_589' title='bbox 2031 3600 2203 3655; x_wconf 88' lang='lat' dir='ltr'><strong>oculis</strong></span> <span class='ocrx_word' id='word_1_590' title='bbox 2232 3602 2458 3667; x_wconf 85' lang='lat' dir='ltr'><strong>nostris,</strong></span> <span class='ocrx_word' id='word_1_591' title='bbox 2481 3604 2719 3672; x_wconf 87' lang='lat' dir='ltr'><strong>peccatis</strong></span> <span class='ocrx_word' id='word_1_592' title='bbox 2743 3606 2945 3660; x_wconf 89' lang='lat' dir='ltr'><strong>nostris</strong></span> <span class='ocrx_word' id='word_1_593' title='bbox 2964 3606 3065 3661; x_wconf 84' lang='lat' dir='ltr'><strong>hoc</strong></span> <span class='ocrx_word' id='word_1_594' title='bbox 3096 3608 3452 3677; x_wconf 85' lang='lat' dir='ltr'><strong>promerenti-</strong></span> 
     </span>
    </p>
   </div>
   <div class='ocr_carea' id='block_1_84' title="bbox 1866 3690 3449 3767">
    <p class='ocr_par' dir='ltr' id='par_1_84' title="bbox 1866 3690 3449 3767">
     <span class='ocr_line' id='line_1_84' title="bbox 1866 3690 3449 3767; baseline 0.004 -22"><span class='ocrx_word' id='word_1_595' title='bbox 1866 3690 1986 3755; x_wconf 82' lang='lat' dir='ltr'><strong>hus,</strong></span> <span class='ocrx_word' id='word_1_596' title='bbox 2007 3696 2380 3761; x_wconf 86' lang='lat' dir='ltr'><strong>perspeximus</strong></span> <span class='ocrx_word' id='word_1_597' title='bbox 2400 3694 2523 3762; x_wconf 86' lang='lat' dir='ltr'><strong>igne</strong></span> <span class='ocrx_word' id='word_1_598' title='bbox 2539 3695 2807 3759; x_wconf 87' lang='lat' dir='ltr'><strong>devorari,</strong></span> <span class='ocrx_word' id='word_1_599' title='bbox 2838 3705 2929 3750; x_wconf 91' lang='lat' dir='ltr'><strong>tan</strong></span> <span class='ocrx_word' id='word_1_600' title='bbox 2949 3699 3051 3751; x_wconf 83' lang='lat' dir='ltr'><strong>lein</strong></span> <span class='ocrx_word' id='word_1_601' title='bbox 3080 3709 3290 3767; x_wconf 88' lang='lat' dir='ltr'><strong>tempus</strong></span> <span class='ocrx_word' id='word_1_602' title='bbox 3318 3701 3449 3754; x_wconf 81' lang='lat' dir='ltr'><strong>visi-</strong></span> 
     </span>
    </p>
   </div>
   <div class='ocr_carea' id='block_1_85' title="bbox 1869 3783 3449 3858">
    <p class='ocr_par' dir='ltr' id='par_1_85' title="bbox 1869 3783 3449 3858">
     <span class='ocr_line' id='line_1_85' title="bbox 1869 3783 3449 3858; baseline 0.005 -22"><span class='ocrx_word' id='word_1_603' title='bbox 1869 3783 2086 3838; x_wconf 85' lang='lat' dir='ltr'><strong>tationis</strong></span> <span class='ocrx_word' id='word_1_604' title='bbox 2107 3793 2302 3838; x_wconf 78' lang='lat' dir='ltr'><strong>nostra:</strong></span> <span class='ocrx_word' id='word_1_605' title='bbox 2319 3784 2371 3838; x_wconf 91' lang='lat' dir='ltr'><strong>in</strong></span> <span class='ocrx_word' id='word_1_606' title='bbox 2397 3787 2500 3839; x_wconf 87' lang='lat' dir='ltr'><strong>lioc</strong></span> <span class='ocrx_word' id='word_1_607' title='bbox 2515 3799 2612 3839; x_wconf 90' lang='lat' dir='ltr'><strong>nos</strong></span> <span class='ocrx_word' id='word_1_608' title='bbox 2629 3795 3202 3857; x_wconf 63' lang='lat' dir='ltr'><strong>oportetcognnscere,</strong></span> <span class='ocrx_word' id='word_1_609' title='bbox 3224 3791 3449 3858; x_wconf 84' lang='lat' dir='ltr'><strong>etquid-</strong></span> 
     </span>
    </p>
   </div>
   <div class='ocr_carea' id='block_1_86' title="bbox 1866 3873 3443 3948">
    <p class='ocr_par' dir='ltr' id='par_1_86' title="bbox 1866 3873 3443 3948">
     <span class='ocr_line' id='line_1_86' title="bbox 1866 3873 3443 3948; baseline 0.004 -23"><span class='ocrx_word' id='word_1_610' title='bbox 1866 3874 1995 3943; x_wconf 88' lang='lat' dir='ltr'><strong>quid</strong></span> <span class='ocrx_word' id='word_1_611' title='bbox 2023 3873 2076 3928; x_wconf 91' lang='lat' dir='ltr'><strong>in</strong></span> <span class='ocrx_word' id='word_1_612' title='bbox 2103 3874 2257 3931; x_wconf 88' lang='lat' dir='ltr'><strong>nobis</strong></span> <span class='ocrx_word' id='word_1_613' title='bbox 2279 3876 2507 3930; x_wconf 86' lang='lat' dir='ltr'><strong>Domino</strong></span> <span class='ocrx_word' id='word_1_614' title='bbox 2530 3888 2717 3931; x_wconf 88' lang='lat' dir='ltr'><strong>nostro</strong></span> <span class='ocrx_word' id='word_1_615' title='bbox 2746 3880 3118 3946; x_wconf 80' lang='lat' dir='ltr'><strong>perspeximus</strong></span> <span class='ocrx_word' id='word_1_616' title='bbox 3140 3880 3443 3948; x_wconf 76' lang='lat' dir='ltr'><strong>displicere,</strong></span> 
     </span>
    </p>
   </div>
   <div class='ocr_carea' id='block_1_87' title="bbox 1808 3967 3455 4032">
    <p class='ocr_par' dir='ltr' id='par_1_87' title="bbox 1808 3967 3455 4032">
     <span class='ocr_line' id='line_1_87' title="bbox 1808 3967 3455 4032; baseline 0.003 -13"><span class='ocrx_word' id='word_1_617' title='bbox 1808 3974 1821 3983; x_wconf 85' lang='lat'><strong><em>’</em></strong></span> <span class='ocrx_word' id='word_1_618' title='bbox 1866 3980 1898 4019; x_wconf 85' lang='lat' dir='ltr'><strong>a</strong></span> <span class='ocrx_word' id='word_1_619' title='bbox 1921 3967 2231 4021; x_wconf 81' lang='lat' dir='ltr'><strong>sanctitario</strong></span> <span class='ocrx_word' id='word_1_620' title='bbox 2258 3981 2381 4032; x_wconf 85' lang='lat' dir='ltr'><strong>suo,</strong></span> <span class='ocrx_word' id='word_1_621' title='bbox 2418 3967 2521 4022; x_wconf 88' lang='lat' dir='ltr'><strong>hoc</strong></span> <span class='ocrx_word' id='word_1_622' title='bbox 2549 3976 2634 4022; x_wconf 81' lang='lat' dir='ltr'><strong>est</strong></span> <span class='ocrx_word' id='word_1_623' title='bbox 2661 3984 2691 4022; x_wconf 88' lang='lat' dir='ltr'><strong>a</strong></span> <span class='ocrx_word' id='word_1_624' title='bbox 2715 3968 2968 4025; x_wconf 64' lang='lat' dir='ltr'><strong>cordibus</strong></span> <span class='ocrx_word' id='word_1_625' title='bbox 3003 3971 3204 4030; x_wconf 82' lang='lat' dir='ltr'><strong>nostris</strong></span> <span class='ocrx_word' id='word_1_626' title='bbox 3236 3971 3455 4024; x_wconf 75' lang='lat' dir='ltr'><strong>festine-</strong></span> 
     </span>
    </p>
   </div>
   <div class='ocr_carea' id='block_1_88' title="bbox 1870 4058 3454 4133">
    <p class='ocr_par' dir='ltr' id='par_1_88' title="bbox 1870 4058 3454 4133">
     <span class='ocr_line' id='line_1_88' title="bbox 1870 4058 3454 4133; baseline 0.004 -19"><span class='ocrx_word' id='word_1_627' title='bbox 1870 4076 1990 4114; x_wconf 89' lang='lat' dir='ltr'><strong>mus</strong></span> <span class='ocrx_word' id='word_1_628' title='bbox 2016 4058 2252 4126; x_wconf 82' lang='lat' dir='ltr'><strong>auferre,</strong></span> <span class='ocrx_word' id='word_1_629' title='bbox 2293 4070 2455 4129; x_wconf 89' lang='lat' dir='ltr'><strong>atque</strong></span> <span class='ocrx_word' id='word_1_630' title='bbox 2495 4071 2683 4132; x_wconf 88' lang='lat' dir='ltr'><strong>gentes</strong></span> <span class='ocrx_word' id='word_1_631' title='bbox 2732 4064 2985 4119; x_wconf 88' lang='lat' dir='ltr'><strong>vitiorum</strong></span> <span class='ocrx_word' id='word_1_632' title='bbox 3022 4078 3142 4133; x_wconf 73' lang='lat' dir='ltr'><strong>qua:</strong></span> <span class='ocrx_word' id='word_1_633' title='bbox 3189 4063 3244 4119; x_wconf 89' lang='lat' dir='ltr'><strong>in</strong></span> <span class='ocrx_word' id='word_1_634' title='bbox 3275 4063 3454 4121; x_wconf 63' lang='lat' dir='ltr'><strong>bare-</strong></span> 
     </span>
    </p>
   </div>
   <div class='ocr_carea' id='block_1_89' title="bbox 1869 4151 3453 4224">
    <p class='ocr_par' dir='ltr' id='par_1_89' title="bbox 1869 4151 3453 4224">
     <span class='ocr_line' id='line_1_89' title="bbox 1869 4151 3453 4224; baseline 0.001 -18"><span class='ocrx_word' id='word_1_635' title='bbox 1869 4151 2091 4206; x_wconf 87' lang='lat' dir='ltr'><strong>ditatem</strong></span> <span class='ocrx_word' id='word_1_636' title='bbox 2121 4166 2273 4207; x_wconf 83' lang='lat' dir='ltr'><strong>suam</strong></span> <span class='ocrx_word' id='word_1_637' title='bbox 2301 4166 2521 4215; x_wconf 88' lang='lat' dir='ltr'><strong>venere,</strong></span> <span class='ocrx_word' id='word_1_638' title='bbox 2544 4169 2608 4206; x_wconf 87' lang='lat' dir='ltr'><strong>ne</strong></span> <span class='ocrx_word' id='word_1_639' title='bbox 2640 4164 2836 4220; x_wconf 80' lang='lat' dir='ltr'><strong>ponant</strong></span> <span class='ocrx_word' id='word_1_640' title='bbox 2868 4151 3164 4208; x_wconf 72' lang='lat' dir='ltr'><strong>Jerusalem</strong></span> <span class='ocrx_word' id='word_1_641' title='bbox 3196 4156 3249 4208; x_wconf 83' lang='lat' dir='ltr'><strong>in</strong></span> <span class='ocrx_word' id='word_1_642' title='bbox 3279 4170 3453 4224; x_wconf 84' lang='lat' dir='ltr'><strong>pomo-</strong></span> 
     </span>
    </p>
   </div>
   <div class='ocr_carea' id='block_1_90' title="bbox 1871 4237 3457 4312">
    <p class='ocr_par' dir='ltr' id='par_1_90' title="bbox 1871 4237 3457 4312">
     <span class='ocr_line' id='line_1_90' title="bbox 1871 4237 3457 4312; baseline 0.006 -21"><span class='ocrx_word' id='word_1_643' title='bbox 1871 4256 1986 4292; x_wconf 82' lang='lat' dir='ltr'><strong>rum</strong></span> <span class='ocrx_word' id='word_1_644' title='bbox 2026 4242 2323 4294; x_wconf 73' lang='lat' dir='ltr'><strong>custodiam</strong></span> <span class='ocrx_word' id='word_1_645' title='bbox 2349 4237 2525 4311; x_wconf 80' lang='lat' dir='ltr'><strong>(Psal.</strong></span> <span class='ocrx_word' id='word_1_646' title='bbox 2573 4256 2799 4305; x_wconf 78' lang='lat' dir='ltr'><strong>Lxsvttt,</strong></span> <span class='ocrx_word' id='word_1_647' title='bbox 2848 4241 3185 4312; x_wconf 72' lang='lat' dir='ltr'><strong>l),-emintts</strong></span> <span class='ocrx_word' id='word_1_648' title='bbox 3224 4259 3262 4311; x_wconf 84' lang='lat' dir='ltr'><strong>_a</strong></span> <span class='ocrx_word' id='word_1_649' title='bbox 3297 4246 3457 4300; x_wconf 79' lang='lat' dir='ltr'><strong>nobis</strong></span> 
     </span>
    </p>
   </div>
   <div class='ocr_carea' id='block_1_91' title="bbox 177 4331 3460 4426">
    <p class='ocr_par' dir='ltr' id='par_1_91' title="bbox 177 4331 3460 4426">
     <span class='ocr_line' id='line_1_91' title="bbox 177 4331 3460 4426; baseline -0.004 -21"><span class='ocrx_word' id='word_1_650' title='bbox 177 4352 331 4405; x_wconf 87' lang='lat' dir='ltr'><strong>enim</strong></span> <span class='ocrx_word' id='word_1_651' title='bbox 381 4366 538 4426; x_wconf 59' lang='lat' dir='ltr'><strong>(aratri</strong></span> <span class='ocrx_word' id='word_1_652' title='bbox 566 4363 687 4402; x_wconf 91' lang='lat' dir='ltr'><strong>cum</strong></span> <span class='ocrx_word' id='word_1_653' title='bbox 733 4347 934 4401; x_wconf 76' lang='lat' dir='ltr'><strong>sant-tis</strong></span> <span class='ocrx_word' id='word_1_654' title='bbox 964 4345 1276 4399; x_wconf 83' lang='lat' dir='ltr'><strong>Audontaro</strong></span> <span class='ocrx_word' id='word_1_655' title='bbox 1306 4351 1471 4413; x_wconf 89' lang='lat' dir='ltr'><strong>atque</strong></span> <span class='ocrx_word' id='word_1_656' title='bbox 1519 4339 1766 4405; x_wconf 78' lang='lat' dir='ltr'><strong>Bertins,</strong></span> <span class='ocrx_word' id='word_1_657' title='bbox 1798 4362 1846 4421; x_wconf 67' lang='grc' dir='ltr'><strong>ί)</strong></span> <span class='ocrx_word' id='word_1_658' title='bbox 1873 4331 2186 4426; x_wconf 63' lang='grc' dir='ltr'><strong>ξῑυιιθιιξηυε</strong></span> <span class='ocrx_word' id='word_1_659' title='bbox 2214 4331 2536 4426; x_wconf 58' lang='lat' dir='ltr'><strong>propellere.</strong></span> <span class='ocrx_word' id='word_1_660' title='bbox 2569 4332 2716 4390; x_wconf 88' lang='lat' dir='ltr'><strong>illius</strong></span> <span class='ocrx_word' id='word_1_661' title='bbox 2736 4349 2951 4405; x_wconf 86' lang='lat' dir='ltr'><strong>quoque</strong></span> <span class='ocrx_word' id='word_1_662' title='bbox 2979 4334 3275 4392; x_wconf 72' lang='lat' dir='ltr'><strong>Dominicte</strong></span> <span class='ocrx_word' id='word_1_663' title='bbox 3298 4351 3460 4406; x_wconf 81' lang='lat' dir='ltr'><strong>super</strong></span> 
     </span>
    </p>
   </div>
   <div class='ocr_carea' id='block_1_92' title="bbox 179 4433 1768 4515">
    <p class='ocr_par' dir='ltr' id='par_1_92' title="bbox 179 4433 1768 4515">
     <span class='ocr_line' id='line_1_92' title="bbox 179 4433 1768 4515; baseline -0.004 -22"><span class='ocrx_word' id='word_1_664' title='bbox 179 4445 276 4515; x_wconf 79' lang='lat' dir='ltr'><strong>qui</strong></span> <span class='ocrx_word' id='word_1_665' title='bbox 308 4444 413 4497; x_wconf 86' lang='lat' dir='ltr'><strong>huc</strong></span> <span class='ocrx_word' id='word_1_666' title='bbox 446 4442 597 4495; x_wconf 77' lang='lat' dir='ltr'><strong>vobis</strong></span> <span class='ocrx_word' id='word_1_667' title='bbox 643 4441 887 4494; x_wconf 83' lang='lat' dir='ltr'><strong>venimus</strong></span> <span class='ocrx_word' id='word_1_668' title='bbox 915 4437 1190 4507; x_wconf 68' lang='lat' dir='ltr'><strong>praesidio.</strong></span> <span class='ocrx_word' id='word_1_669' title='bbox 1221 4434 1381 4499; x_wconf 88' lang='lat' dir='ltr'><strong>Nam,</strong></span> <span class='ocrx_word' id='word_1_670' title='bbox 1413 4433 1768 4503; x_wconf 89' lang='lat' dir='ltr'><strong>quorumdam</strong></span> 
     </span>
    </p>
   </div>
   <div class='ocr_carea' id='block_1_93' title="bbox 182 4524 1771 4604">
    <p class='ocr_par' dir='ltr' id='par_1_93' title="bbox 182 4524 1771 4604">
     <span class='ocr_line' id='line_1_93' title="bbox 182 4524 1771 4604; baseline -0.007 -15"><span class='ocrx_word' id='word_1_671' title='bbox 182 4535 360 4604; x_wconf 79' lang='lat' dir='ltr'><strong>culpis</strong></span> <span class='ocrx_word' id='word_1_672' title='bbox 395 4533 741 4603; x_wconf 74' lang='lat' dir='ltr'><strong>exigentibus</strong></span> <span class='ocrx_word' id='word_1_673' title='bbox 762 4571 776 4593; x_wconf 88' lang='lat'><strong>,</strong></span> <span class='ocrx_word' id='word_1_674' title='bbox 803 4528 982 4584; x_wconf 91' lang='lat' dir='ltr'><strong>omnis</strong></span> <span class='ocrx_word' id='word_1_675' title='bbox 1009 4528 1161 4584; x_wconf 90' lang='lat' dir='ltr'><strong>locus</strong></span> <span class='ocrx_word' id='word_1_676' title='bbox 1210 4526 1315 4580; x_wconf 80' lang='lat' dir='ltr'><strong>iste</strong></span> <span class='ocrx_word' id='word_1_677' title='bbox 1359 4526 1411 4579; x_wconf 80' lang='lat' dir='ltr'><strong>in</strong></span> <span class='ocrx_word' id='word_1_678' title='bbox 1443 4524 1771 4580; x_wconf 88' lang='lat' dir='ltr'><strong>deditionem</strong></span> 
     </span>
    </p>
   </div>
   <div class='ocr_carea' id='block_1_94' title="bbox 181 4620 1773 4682">
    <p class='ocr_par' dir='ltr' id='par_1_94' title="bbox 181 4620 1773 4682">
     <span class='ocr_line' id='line_1_94' title="bbox 181 4620 1773 4682; baseline -0.006 -3"><span class='ocrx_word' id='word_1_679' title='bbox 181 4625 420 4679; x_wconf 70' lang='lat' dir='ltr'><strong>[latinum</strong></span> <span class='ocrx_word' id='word_1_680' title='bbox 448 4641 477 4676; x_wconf 89' lang='lat' dir='ltr'><strong>a</strong></span> <span class='ocrx_word' id='word_1_681' title='bbox 512 4623 739 4677; x_wconf 83' lang='lat' dir='ltr'><strong>Domino</strong></span> <span class='ocrx_word' id='word_1_682' title='bbox 762 4622 936 4675; x_wconf 87' lang='lat' dir='ltr'><strong>fuerat</strong></span> <span class='ocrx_word' id='word_1_683' title='bbox 962 4620 1213 4682; x_wconf 87' lang='lat' dir='ltr'><strong>traditus,</strong></span> <span class='ocrx_word' id='word_1_684' title='bbox 1238 4633 1426 4672; x_wconf 68' lang='lat' dir='ltr'><strong>verum</strong></span> <span class='ocrx_word' id='word_1_685' title='bbox 1455 4631 1618 4670; x_wconf 81' lang='lat' dir='ltr'><strong>causa</strong></span> <span class='ocrx_word' id='word_1_686' title='bbox 1642 4630 1773 4670; x_wconf 69' lang='lat' dir='ltr'><strong>meae</strong></span> 
     </span>
    </p>
   </div>
   <div class='ocr_carea' id='block_1_95' title="bbox 186 4704 1774 4783">
    <p class='ocr_par' dir='ltr' id='par_1_95' title="bbox 186 4704 1774 4783">
     <span class='ocr_line' id='line_1_95' title="bbox 186 4704 1774 4783; baseline -0.005 -15"><span class='ocrx_word' id='word_1_687' title='bbox 186 4714 470 4770; x_wconf 72' lang='lat' dir='ltr'><strong>memoria:</strong></span> <span class='ocrx_word' id='word_1_688' title='bbox 499 4729 620 4783; x_wconf 78' lang='lat' dir='ltr'><strong>qua:</strong></span> <span class='ocrx_word' id='word_1_689' title='bbox 660 4712 747 4767; x_wconf 85' lang='lat' dir='ltr'><strong>hic</strong></span> <span class='ocrx_word' id='word_1_690' title='bbox 790 4712 842 4765; x_wconf 90' lang='lat' dir='ltr'><strong>in</strong></span> <span class='ocrx_word' id='word_1_691' title='bbox 890 4720 996 4764; x_wconf 88' lang='lat' dir='ltr'><strong>tam</strong></span> <span class='ocrx_word' id='word_1_692' title='bbox 1051 4707 1360 4778; x_wconf 81' lang='lat' dir='ltr'><strong>longinquis</strong></span> <span class='ocrx_word' id='word_1_693' title='bbox 1402 4706 1515 4760; x_wconf 91' lang='lat' dir='ltr'><strong>oris</strong></span> <span class='ocrx_word' id='word_1_694' title='bbox 1556 4721 1586 4758; x_wconf 88' lang='lat' dir='ltr'><strong>a</strong></span> <span class='ocrx_word' id='word_1_695' title='bbox 1624 4704 1774 4760; x_wconf 83' lang='lat' dir='ltr'><strong>vobis</strong></span> 
     </span>
    </p>
   </div>
   <div class='ocr_carea' id='block_1_96' title="bbox 182 4794 1775 4876">
    <p class='ocr_par' dir='ltr' id='par_1_96' title="bbox 182 4794 1775 4876">
     <span class='ocr_line' id='line_1_96' title="bbox 182 4794 1775 4876; baseline -0.006 -17"><span class='ocrx_word' id='word_1_696' title='bbox 182 4806 390 4876; x_wconf 85' lang='lat' dir='ltr'><strong>agitur,</strong></span> <span class='ocrx_word' id='word_1_697' title='bbox 404 4813 462 4860; x_wconf 89' lang='lat' dir='ltr'><strong>et</strong></span> <span class='ocrx_word' id='word_1_698' title='bbox 480 4804 609 4874; x_wconf 87' lang='lat' dir='ltr'><strong>quia</strong></span> <span class='ocrx_word' id='word_1_699' title='bbox 638 4810 748 4856; x_wconf 89' lang='lat' dir='ltr'><strong>tam</strong></span> <span class='ocrx_word' id='word_1_700' title='bbox 771 4802 966 4856; x_wconf 89' lang='lat' dir='ltr'><strong>devote</strong></span> <span class='ocrx_word' id='word_1_701' title='bbox 980 4798 1244 4855; x_wconf 85' lang='lat' dir='ltr'><strong>festivitas</strong></span> <span class='ocrx_word' id='word_1_702' title='bbox 1268 4810 1401 4851; x_wconf 77' lang='lat' dir='ltr'><strong>mete</strong></span> <span class='ocrx_word' id='word_1_703' title='bbox 1421 4794 1775 4864; x_wconf 84' lang='lat' dir='ltr'><strong>depositionis</strong></span> 
     </span>
    </p>
   </div>
   <div class='ocr_carea' id='block_1_97' title="bbox 182 4882 1775 4962">
    <p class='ocr_par' dir='ltr' id='par_1_97' title="bbox 182 4882 1775 4962">
     <span class='ocr_line' id='line_1_97' title="bbox 182 4882 1775 4962; baseline -0.007 -11"><span class='ocrx_word' id='word_1_704' title='bbox 182 4898 535 4960; x_wconf 85' lang='lat' dir='ltr'><strong>observatur,</strong></span> <span class='ocrx_word' id='word_1_705' title='bbox 591 4906 694 4962; x_wconf 88' lang='lat' dir='ltr'><strong>ego</strong></span> <span class='ocrx_word' id='word_1_706' title='bbox 736 4908 858 4947; x_wconf 91' lang='lat' dir='ltr'><strong>cum</strong></span> <span class='ocrx_word' id='word_1_707' title='bbox 894 4890 1097 4947; x_wconf 85' lang='lat' dir='ltr'><strong>sanctis</strong></span> <span class='ocrx_word' id='word_1_708' title='bbox 1138 4903 1366 4960; x_wconf 89' lang='lat' dir='ltr'><strong>quorum</strong></span> <span class='ocrx_word' id='word_1_709' title='bbox 1416 4882 1506 4938; x_wconf 89' lang='lat' dir='ltr'><strong>ltic</strong></span> <span class='ocrx_word' id='word_1_710' title='bbox 1549 4884 1775 4940; x_wconf 75' lang='lat' dir='ltr'><strong>emetita</strong></span> 
     </span>
    </p>
   </div>
   <div class='ocr_carea' id='block_1_98' title="bbox 183 4974 1777 5061">
    <p class='ocr_par' dir='ltr' id='par_1_98' title="bbox 183 4974 1777 5061">
     <span class='ocr_line' id='line_1_98' title="bbox 183 4974 1777 5061; baseline -0.013 -15"><span class='ocrx_word' id='word_1_711' title='bbox 183 5004 421 5061; x_wconf 82' lang='lat' dir='ltr'><strong>corpora</strong></span> <span class='ocrx_word' id='word_1_712' title='bbox 469 4994 832 5049; x_wconf 86' lang='lat' dir='ltr'><strong>venerantur,</strong></span> <span class='ocrx_word' id='word_1_713' title='bbox 884 4999 1066 5039; x_wconf 89' lang='lat' dir='ltr'><strong>coram</strong></span> <span class='ocrx_word' id='word_1_714' title='bbox 1116 4980 1398 5050; x_wconf 86' lang='lat' dir='ltr'><strong>majestate</strong></span> <span class='ocrx_word' id='word_1_715' title='bbox 1424 4974 1631 5030; x_wconf 84' lang='lat' dir='ltr'><strong>Domini</strong></span> <span class='ocrx_word' id='word_1_716' title='bbox 1678 4991 1777 5047; x_wconf 81' lang='lat' dir='ltr'><strong>pro</strong></span> 
     </span>
    </p>
   </div>
   <div class='ocr_carea' id='block_1_99' title="bbox 185 5067 1780 5149">
    <p class='ocr_par' dir='ltr' id='par_1_99' title="bbox 185 5067 1780 5149">
     <span class='ocr_line' id='line_1_99' title="bbox 185 5067 1780 5149; baseline -0.006 -13"><span class='ocrx_word' id='word_1_717' title='bbox 185 5082 343 5137; x_wconf 88' lang='lat' dir='ltr'><strong>vobis</strong></span> <span class='ocrx_word' id='word_1_718' title='bbox 388 5088 736 5149; x_wconf 90' lang='lat' dir='ltr'><strong>opportunus</strong></span> <span class='ocrx_word' id='word_1_719' title='bbox 765 5076 1106 5131; x_wconf 84' lang='lat' dir='ltr'><strong>interventor</strong></span> <span class='ocrx_word' id='word_1_720' title='bbox 1134 5071 1313 5139; x_wconf 88' lang='lat' dir='ltr'><strong>adfui,</strong></span> <span class='ocrx_word' id='word_1_721' title='bbox 1344 5077 1401 5124; x_wconf 89' lang='lat' dir='ltr'><strong>et</strong></span> <span class='ocrx_word' id='word_1_722' title='bbox 1437 5083 1466 5121; x_wconf 89' lang='lat' dir='ltr'><strong>a</strong></span> <span class='ocrx_word' id='word_1_723' title='bbox 1511 5067 1780 5140; x_wconf 81' lang='lat' dir='ltr'><strong>benignis-</strong></span> 
     </span>
    </p>
   </div>
   <div class='ocr_carea' id='block_1_100' title="bbox 185 5154 1778 5241">
    <p class='ocr_par' dir='ltr' id='par_1_100' title="bbox 185 5154 1778 5241">
     <span class='ocr_line' id='line_1_100' title="bbox 185 5154 1778 5241; baseline -0.007 -14"><span class='ocrx_word' id='word_1_724' title='bbox 185 5173 327 5227; x_wconf 87' lang='lat' dir='ltr'><strong>simo</strong></span> <span class='ocrx_word' id='word_1_725' title='bbox 357 5167 491 5224; x_wconf 85' lang='lat' dir='ltr'><strong>Jesu</strong></span> <span class='ocrx_word' id='word_1_726' title='bbox 537 5166 816 5235; x_wconf 88' lang='lat' dir='ltr'><strong>ereptione</strong></span> <span class='ocrx_word' id='word_1_727' title='bbox 866 5163 1024 5241; x_wconf 85' lang='lat' dir='ltr'><strong>hujus</strong></span> <span class='ocrx_word' id='word_1_728' title='bbox 1053 5163 1334 5232; x_wconf 85' lang='lat' dir='ltr'><strong>impetrata</strong></span> <span class='ocrx_word' id='word_1_729' title='bbox 1383 5154 1647 5222; x_wconf 64' lang='lat' dir='ltr'><strong>coenobii,</strong></span> <span class='ocrx_word' id='word_1_730' title='bbox 1676 5175 1778 5216; x_wconf 90' lang='lat' dir='ltr'><strong>nec</strong></span> 
     </span>
    </p>
   </div>
   <div class='ocr_carea' id='block_1_101' title="bbox 183 5248 1777 5320">
    <p class='ocr_par' dir='ltr' id='par_1_101' title="bbox 183 5248 1777 5320">
     <span class='ocr_line' id='line_1_101' title="bbox 183 5248 1777 5320; baseline -0.004 -3"><span class='ocrx_word' id='word_1_731' title='bbox 183 5278 339 5320; x_wconf 88' lang='lat' dir='ltr'><strong>mora</strong></span> <span class='ocrx_word' id='word_1_732' title='bbox 375 5262 483 5315; x_wconf 85' lang='lat' dir='ltr'><strong>huc</strong></span> <span class='ocrx_word' id='word_1_733' title='bbox 512 5255 923 5311; x_wconf 83' lang='lat' dir='ltr'><strong>adventavitnus</strong></span> <span class='ocrx_word' id='word_1_734' title='bbox 953 5263 1151 5311; x_wconf 76' lang='lat' dir='ltr'><strong>vestra:</strong></span> <span class='ocrx_word' id='word_1_735' title='bbox 1195 5248 1617 5309; x_wconf 85' lang='lat' dir='ltr'><strong>conservationi.</strong></span> <span class='ocrx_word' id='word_1_736' title='bbox 1646 5249 1777 5318; x_wconf 68' lang='lat' dir='ltr'><strong>Quae</strong></span> 
     </span>
    </p>
   </div>
   <div class='ocr_carea' id='block_1_102' title="bbox 1870 4418 3457 4492">
    <p class='ocr_par' dir='ltr' id='par_1_102' title="bbox 1870 4418 3457 4492">
     <span class='ocr_line' id='line_1_102' title="bbox 1870 4418 3457 4492; baseline 0.004 -18"><span class='ocrx_word' id='word_1_737' title='bbox 1870 4419 2175 4477; x_wconf 82' lang='lat' dir='ltr'><strong>Jerusalem</strong></span> <span class='ocrx_word' id='word_1_738' title='bbox 2222 4418 2379 4475; x_wconf 76' lang='lat' dir='ltr'><strong>facta:</strong></span> <span class='ocrx_word' id='word_1_739' title='bbox 2435 4422 2872 4479; x_wconf 87' lang='lat' dir='ltr'><strong>comminationis</strong></span> <span class='ocrx_word' id='word_1_740' title='bbox 2919 4439 3192 4482; x_wconf 89' lang='lat' dir='ltr'><strong>memores</strong></span> <span class='ocrx_word' id='word_1_741' title='bbox 3242 4427 3412 4481; x_wconf 86' lang='lat' dir='ltr'><strong>simus</strong></span> <span class='ocrx_word' id='word_1_742' title='bbox 3440 4467 3457 4492; x_wconf 88' lang='lat'><strong>,</strong></span> 
     </span>
    </p>
   </div>
   <div class='ocr_carea' id='block_1_103' title="bbox 1870 4511 3460 4599">
    <p class='ocr_par' dir='ltr' id='par_1_103' title="bbox 1870 4511 3460 4599">
     <span class='ocr_line' id='line_1_103' title="bbox 1870 4511 3460 4599; baseline 0.003 -35"><span class='ocrx_word' id='word_1_743' title='bbox 1870 4511 2014 4581; x_wconf 91' lang='lat' dir='ltr'><strong>quod</strong></span> <span class='ocrx_word' id='word_1_744' title='bbox 2039 4527 2141 4565; x_wconf 84' lang='lat' dir='ltr'><strong>non</strong></span> <span class='ocrx_word' id='word_1_745' title='bbox 2190 4511 2569 4580; x_wconf 76' lang='lat' dir='ltr'><strong>relinqueremr</strong></span> <span class='ocrx_word' id='word_1_746' title='bbox 2629 4513 2682 4567; x_wconf 90' lang='lat' dir='ltr'><strong>in</strong></span> <span class='ocrx_word' id='word_1_747' title='bbox 2732 4528 2797 4568; x_wconf 88' lang='lat' dir='ltr'><strong>ea</strong></span> <span class='ocrx_word' id='word_1_748' title='bbox 2846 4513 2981 4584; x_wconf 80' lang='lat' dir='ltr'><strong>lapis</strong></span> <span class='ocrx_word' id='word_1_749' title='bbox 3031 4531 3190 4585; x_wconf 81' lang='lat' dir='ltr'><strong>super</strong></span> <span class='ocrx_word' id='word_1_750' title='bbox 3232 4514 3460 4599; x_wconf 70' lang='lat' dir='ltr'><strong>lapidem</strong></span> 
     </span>
    </p>
   </div>
   <div class='ocr_carea' id='block_1_104' title="bbox 1873 4602 3466 4674">
    <p class='ocr_par' dir='ltr' id='par_1_104' title="bbox 1873 4602 3466 4674">
     <span class='ocr_line' id='line_1_104' title="bbox 1873 4602 3466 4674; baseline 0.003 -18"><span class='ocrx_word' id='word_1_751' title='bbox 1873 4602 2090 4673; x_wconf 73' lang='lat' dir='ltr'><strong>(Monii.</strong></span> <span class='ocrx_word' id='word_1_752' title='bbox 2120 4618 2271 4668; x_wconf 78' lang='lat' dir='ltr'><strong>xxiv,</strong></span> <span class='ocrx_word' id='word_1_753' title='bbox 2294 4603 2375 4673; x_wconf 74' lang='lat'><strong>2),</strong></span> <span class='ocrx_word' id='word_1_754' title='bbox 2400 4603 2493 4672; x_wconf 87' lang='lat' dir='ltr'><strong>qui</strong></span> <span class='ocrx_word' id='word_1_755' title='bbox 2512 4618 2623 4659; x_wconf 80' lang='lat' dir='ltr'><strong>non</strong></span> <span class='ocrx_word' id='word_1_756' title='bbox 2653 4611 2800 4659; x_wconf 86' lang='lat' dir='ltr'><strong>esset</strong></span> <span class='ocrx_word' id='word_1_757' title='bbox 2827 4605 3207 4670; x_wconf 87' lang='lat' dir='ltr'><strong>destruendus,</strong></span> <span class='ocrx_word' id='word_1_758' title='bbox 3235 4621 3301 4661; x_wconf 87' lang='lat' dir='ltr'><strong>eo</strong></span> <span class='ocrx_word' id='word_1_759' title='bbox 3318 4605 3466 4674; x_wconf 74' lang='grc' dir='ltr'><strong>(ιιι.τά</strong></span> 
     </span>
    </p>
   </div>
   <div class='ocr_carea' id='block_1_105' title="bbox 1873 4693 3462 4768">
    <p class='ocr_par' dir='ltr' id='par_1_105' title="bbox 1873 4693 3462 4768">
     <span class='ocr_line' id='line_1_105' title="bbox 1873 4693 3462 4768; baseline 0 -20"><span class='ocrx_word' id='word_1_760' title='bbox 1873 4708 1983 4748; x_wconf 90' lang='lat' dir='ltr'><strong>non</strong></span> <span class='ocrx_word' id='word_1_761' title='bbox 2010 4700 2388 4764; x_wconf 84' lang='lat' dir='ltr'><strong>cognoverunt</strong></span> <span class='ocrx_word' id='word_1_762' title='bbox 2413 4708 2524 4748; x_wconf 73' lang='lat' dir='ltr'><strong>sua:</strong></span> <span class='ocrx_word' id='word_1_763' title='bbox 2545 4693 2871 4751; x_wconf 86' lang='lat' dir='ltr'><strong>visitationis</strong></span> <span class='ocrx_word' id='word_1_764' title='bbox 2897 4704 3109 4764; x_wconf 87' lang='lat' dir='ltr'><strong>tempus</strong></span> <span class='ocrx_word' id='word_1_765' title='bbox 3132 4696 3288 4768; x_wconf 76' lang='lat' dir='ltr'><strong>(Luc.</strong></span> <span class='ocrx_word' id='word_1_766' title='bbox 3312 4710 3462 4757; x_wconf 78' lang='lat' dir='ltr'><strong>uix,</strong></span> 
     </span>
    </p>
   </div>
   <div class='ocr_carea' id='block_1_106' title="bbox 1872 4784 3471 4859">
    <p class='ocr_par' dir='ltr' id='par_1_106' title="bbox 1872 4784 3471 4859">
     <span class='ocr_line' id='line_1_106' title="bbox 1872 4784 3471 4859; baseline 0.004 -21"><span class='ocrx_word' id='word_1_767' title='bbox 1872 4784 1967 4857; x_wconf 71' lang='grc'><strong>44)</strong></span> <span class='ocrx_word' id='word_1_768' title='bbox 1998 4804 2011 4840; x_wconf 91' lang='lat'><strong>:</strong></span> <span class='ocrx_word' id='word_1_769' title='bbox 2045 4795 2207 4858; x_wconf 85' lang='lat' dir='ltr'><strong>atque</strong></span> <span class='ocrx_word' id='word_1_770' title='bbox 2246 4795 2369 4859; x_wconf 90' lang='lat' dir='ltr'><strong>post</strong></span> <span class='ocrx_word' id='word_1_771' title='bbox 2401 4796 2605 4843; x_wconf 88' lang='lat' dir='ltr'><strong>tantam</strong></span> <span class='ocrx_word' id='word_1_772' title='bbox 2647 4788 2885 4845; x_wconf 90' lang='lat' dir='ltr'><strong>incendii</strong></span> <span class='ocrx_word' id='word_1_773' title='bbox 2919 4789 3315 4847; x_wconf 89' lang='lat' dir='ltr'><strong>desolationem</strong></span> <span class='ocrx_word' id='word_1_774' title='bbox 3356 4788 3471 4855; x_wconf 84' lang='lat' dir='ltr'><strong>jam</strong></span> 
     </span>
    </p>
   </div>
   <div class='ocr_carea' id='block_1_107' title="bbox 1876 4877 3479 4952">
    <p class='ocr_par' dir='ltr' id='par_1_107' title="bbox 1876 4877 3479 4952">
     <span class='ocr_line' id='line_1_107' title="bbox 1876 4877 3479 4952; baseline 0.007 -20"><span class='ocrx_word' id='word_1_775' title='bbox 1876 4877 1972 4934; x_wconf 85' lang='lat' dir='ltr'><strong>Dei</strong></span> <span class='ocrx_word' id='word_1_776' title='bbox 2010 4883 2183 4952; x_wconf 89' lang='lat' dir='ltr'><strong>gratia</strong></span> <span class='ocrx_word' id='word_1_777' title='bbox 2219 4882 2552 4941; x_wconf 86' lang='lat' dir='ltr'><strong>monasterio</strong></span> <span class='ocrx_word' id='word_1_778' title='bbox 2581 4891 2770 4938; x_wconf 88' lang='lat' dir='ltr'><strong>nostro</strong></span> <span class='ocrx_word' id='word_1_779' title='bbox 2794 4898 2861 4940; x_wconf 88' lang='lat' dir='ltr'><strong>ac</strong></span> <span class='ocrx_word' id='word_1_780' title='bbox 2887 4884 3148 4942; x_wconf 88' lang='lat' dir='ltr'><strong>omnibus</strong></span> <span class='ocrx_word' id='word_1_781' title='bbox 3174 4881 3479 4943; x_wconf 69' lang='lat' dir='ltr'><strong>remtliﬁca-</strong></span> 
     </span>
    </p>
   </div>
   <div class='ocr_carea' id='block_1_108' title="bbox 1879 4971 3487 5044">
    <p class='ocr_par' dir='ltr' id='par_1_108' title="bbox 1879 4971 3487 5044">
     <span class='ocr_line' id='line_1_108' title="bbox 1879 4971 3487 5044; baseline -0.002 -19"><span class='ocrx_word' id='word_1_782' title='bbox 1879 4971 1951 5025; x_wconf 87' lang='lat' dir='ltr'><strong>tis</strong></span> <span class='ocrx_word' id='word_1_783' title='bbox 2012 4983 2070 5031; x_wconf 90' lang='lat' dir='ltr'><strong>et</strong></span> <span class='ocrx_word' id='word_1_784' title='bbox 2113 4975 2431 5031; x_wconf 84' lang='lat' dir='ltr'><strong>restauratis</strong></span> <span class='ocrx_word' id='word_1_785' title='bbox 2460 4973 2514 5027; x_wconf 92' lang='lat' dir='ltr'><strong>in</strong></span> <span class='ocrx_word' id='word_1_786' title='bbox 2549 4974 2762 5040; x_wconf 88' lang='lat' dir='ltr'><strong>melius,</strong></span> <span class='ocrx_word' id='word_1_787' title='bbox 2803 4974 2911 5033; x_wconf 81' lang='lat' dir='ltr'><strong>hoc</strong></span> <span class='ocrx_word' id='word_1_788' title='bbox 2963 4979 3196 5044; x_wconf 89' lang='lat' dir='ltr'><strong>speculo</strong></span> <span class='ocrx_word' id='word_1_789' title='bbox 3249 4971 3487 5040; x_wconf 79' lang='lat' dir='ltr'><strong>castiga-</strong></span> 
     </span>
    </p>
   </div>
   <div class='ocr_carea' id='block_1_109' title="bbox 1883 5063 3492 5140">
    <p class='ocr_par' dir='ltr' id='par_1_109' title="bbox 1883 5063 3492 5140">
     <span class='ocr_line' id='line_1_109' title="bbox 1883 5063 3492 5140; baseline 0.005 -22"><span class='ocrx_word' id='word_1_790' title='bbox 1883 5063 2052 5122; x_wconf 91' lang='lat' dir='ltr'><strong>tiores</strong></span> <span class='ocrx_word' id='word_1_791' title='bbox 2078 5078 2243 5140; x_wconf 87' lang='lat' dir='ltr'><strong>atque</strong></span> <span class='ocrx_word' id='word_1_792' title='bbox 2268 5064 2666 5120; x_wconf 89' lang='lat' dir='ltr'><strong>emendatiores</strong></span> <span class='ocrx_word' id='word_1_793' title='bbox 2690 5063 2831 5120; x_wconf 84' lang='lat' dir='ltr'><strong>eliici</strong></span> <span class='ocrx_word' id='word_1_794' title='bbox 2860 5065 3012 5122; x_wconf 90' lang='lat' dir='ltr'><strong>omni</strong></span> <span class='ocrx_word' id='word_1_795' title='bbox 3040 5063 3335 5122; x_wconf 74' lang='lat' dir='ltr'><strong>conamine</strong></span> <span class='ocrx_word' id='word_1_796' title='bbox 3357 5073 3492 5126; x_wconf 70' lang='grc' dir='ltr'><strong>ρτο·</strong></span> 
     </span>
    </p>
   </div>
   <div class='ocr_carea' id='block_1_110' title="bbox 1881 5146 3490 5226">
    <p class='ocr_par' dir='ltr' id='par_1_110' title="bbox 1881 5146 3490 5226">
     <span class='ocr_line' id='line_1_110' title="bbox 1881 5146 3490 5226; baseline 0.001 -18"><span class='ocrx_word' id='word_1_797' title='bbox 1881 5171 2155 5226; x_wconf 73' lang='lat' dir='ltr'><strong>curemus,</strong></span> <span class='ocrx_word' id='word_1_798' title='bbox 2183 5168 2349 5225; x_wconf 86' lang='lat' dir='ltr'><strong>atque</strong></span> <span class='ocrx_word' id='word_1_799' title='bbox 2379 5152 2854 5211; x_wconf 76' lang='lat' dir='ltr'><strong>innumerabilium</strong></span> <span class='ocrx_word' id='word_1_800' title='bbox 2882 5155 3145 5210; x_wconf 85' lang='lat' dir='ltr'><strong>vitiorum</strong></span> <span class='ocrx_word' id='word_1_801' title='bbox 3179 5146 3490 5209; x_wconf 60' lang='lat' dir='ltr'><strong>examinis.</strong></span> 
     </span>
    </p>
   </div>
   <div class='ocr_carea' id='block_1_111' title="bbox 1881 5245 3500 5320">
    <p class='ocr_par' dir='ltr' id='par_1_111' title="bbox 1881 5245 3500 5320">
     <span class='ocr_line' id='line_1_111' title="bbox 1881 5245 3500 5320; baseline -0.003 -13"><span class='ocrx_word' id='word_1_802' title='bbox 1881 5250 1971 5320; x_wconf 86' lang='lat' dir='ltr'><strong>qui</strong></span> <span class='ocrx_word' id='word_1_803' title='bbox 2004 5252 2307 5309; x_wconf 79' lang='lat' dir='ltr'><strong>Jerusalem</strong></span> <span class='ocrx_word' id='word_1_804' title='bbox 2350 5256 2594 5303; x_wconf 87' lang='lat' dir='ltr'><strong>sanctam</strong></span> <span class='ocrx_word' id='word_1_805' title='bbox 2639 5246 2878 5314; x_wconf 84' lang='lat' dir='ltr'><strong>Domini,</strong></span> <span class='ocrx_word' id='word_1_806' title='bbox 2907 5245 3122 5302; x_wconf 85' lang='lat' dir='ltr'><strong>scilicet</strong></span> <span class='ocrx_word' id='word_1_807' title='bbox 3164 5257 3289 5302; x_wconf 76' lang='lat' dir='ltr'><strong>n05.</strong></span> <span class='ocrx_word' id='word_1_808' title='bbox 3321 5250 3500 5302; x_wconf 78' lang='grc' dir='ltr'><strong>ουιιυ-</strong></span> 
     </span>
    </p>
   </div>
  </div>
