3960 5320
539 191 677 253 1127

1593 176 1936 259 FOLCAitDi
1982 200 2298 259 MONACiii
2340 198 2765 260 srrmvnums

3686 200 3723 255 ι
3732 198 3818 259 128

538 288 841 387 promereri
861 318 1149 389 possimus.
1179 315 1410 374 Sanctus
1436 316 1600 373 etiam
1629 328 1688 374 et
1709 317 1912 375 electos
1940 318 2036 374 Dei
2060 319 2125 374 ad
2153 321 2199 377 Α
2227 317 2353 375 dulo
2372 318 2573 391 diuque
2594 334 2657 375 se
2681 326 2853 374 totum
2881 319 3173 385 commisit,
3198 319 3398 392 suique
3420 317 3681 375 misereri
3710 335 3822 377 ot:-

540 417 784 465 rnstrum
844 408 1045 481 jugiter
1103 409 1420 464 invocemus
1484 408 1788 477 auxilium,
1852 424 1990 481 quos
2050 412 2125 464 ita

536 510 820 571 promptos
848 515 946 569 per
975 500 1118 556 hanc
1162 499 1552 556 revelationem
1582 501 1843 556 .novimus
1874 502 2032 558 nobis
2057 501 2127 557 ad

490 638 497 649 .
538 592 988 657 succurrendum,
1018 605 1083 647 ac
1111 604 1298 646 eorum
1326 589 1574 661 exempla
1607 600 1902 659 sequentes
1946 592 2126 646 crltci-

537 681 769 753 ﬁgamus
795 697 893 738 nos
929 681 1350 739 mortiﬁcatione
1377 682 1632 737 vitiorum
1661 692 1717 737 et
1738 682 2127 753 concupiscen-

536 774 759 836 tiarum,
810 781 1078 842 quatenus
1140 786 1238 827 nos
1296 771 1555 827 Dominus
1611 780 1799 827 noster
1853 771 2127 842 possideat

538 863 678 917 lilios
702 862 1174 928 ntorlillcalorntn,
1201 861 1292 931 qui
1332 876 1455 917 cum
1488 861 1595 917 Deo
1631 860 1792 917 Patre
1818 872 1874 915 et
1917 860 2124 929 Spiritu

534 964 723 1010 sancto
752 954 883 1008 vivit
906 963 961 1008 et
995 962 1188 1023 regnat
1213 968 1310 1023 per
1342 953 1526 1008 omnia
1553 952 1751 1008 secula
1777 952 2121 1008 saeculorum.

533 1046 733 1100 Amen.

604 1136 719 1207 (δι)
740 1136 872 1192 CAP.
903 1134 1024 1193 XV.
1061 1135 1387 1191 Miraculum
1423 1137 1478 1190 in
1508 1135 1635 1191 villa
1663 1136 1731 1191 de
1755 1135 2053 1192 tiaumont.

572 1226 789 1283 'Saucti
822 1226 1001 1282 Patris
1038 1226 1208 1282 nostri
1239 1224 1446 1282 Bertini
1493 1226 1829 1282 iamreditatis
1857 1241 1983 1296 pars
2014 1224 2119 1281 No-

531 1318 728 1373 viomae
756 1318 876 1374 urbi
921 1318 1153 1374 habetur
1181 1318 1455 1387 contigua.
1493 1316 1628 1373 Nam
1665 1317 1864 1372 ibidem
1909 1317 2033 1371 vilia
2058 1318 2124 1371 de

531 1409 794 1466 Caumont
825 1410 1058 1481 adjacet,
1085 1425 1207 1479 qua:
1238 1418 1348 1463 tota
1372 1408 1484 1479 juri
1530 1409 1773 1481 ejusdem
1822 1409 2000 1465 Patris
2024 1410 2121 1466 de-

525 1503 720 1560 betur:
759 1500 953 1557 tradita
993 1501 1138 1555 enim
1174 1499 1250 1556 illi
1290 1501 1359 1555 ab
1388 1500 1612 1571 antiquo
1644 1510 1887 1571 tempore
1940 1490 2118 1555 titulis

527 1594 871 1650 auctoritatis
890 1592 1152 1648 Sancitur.
1176 1592 1375 1648 Verum
1401 1591 1561 1662 hujus
1595 1592 1732 1647 villae
1754 1593 1980 1648 colonus
1999 1592 2121 1662 qui-

526 1688 653 1741 dam
687 1684 965 1757 tyrannica
996 1686 1223 1739 abutens
1268 1660 1535 1755 potestate
1563 1685 1904 1776 nimiumque
1929 1660 2116 1756 oppri-
2148 1660 2193 1720 Β

528 1775 711 1831 luebat
734 1776 873 1830 bona
902 1774 1138 1839 illorum,
1184 1774 1344 1829 modo
1384 1775 1435 1829 vi
1478 1775 1720 1845 quidem,
1771 1774 1886 1830 tum
1936 1784 2117 1830 autem

527 1879 853 1934 quocunque
912 1864 1072 1918 modo
1114 1871 1327 1933 poterat
1382 1863 1658 1919 auferens.
1707 1862 1876 1934 Hujus
1934 1866 2119 1935 itaque

527 1953 739 2009 insania
766 1952 834 2009 ad
864 1953 919 2008 id
950 1953 1168 2023 quidem
1201 1952 1507 2009 deﬂectitur
1527 1954 1797 2017 criminis,
1825 1956 1990 2023 inque
2020 1955 2114 2010 de-

529 2045 698 2100 terius
723 2044 917 2109 evasit,
941 2054 999 2098 ut
1025 2055 1235 2113 partem
1263 2045 1491 2101 colonia:
1527 2046 1698 2115 ipsius
1725 2046 1866 2102 villze
1896 2047 2119 2103 invade-

526 2144 630 2197 ret.
662 2151 1053 2206 pervasamqne
1076 2151 1177 2192 suo
1197 2135 1307 2206 juri
1343 2152 1408 2192 ac
1437 2137 1629 2193 ditioni
1657 2138 1980 2195 vindicaret.
2010 2141 2108 2195 Cu-

519 2226 611 2298 jus
626 2228 732 2282 vim
748 2226 1047 2283 iuvasionis
1074 2241 1304 2283 cernens
1320 2227 1691 2284 miuisterialis
1719 2230 1810 2298 qui
1832 2231 1902 2285 ab
1923 2231 2116 2284 abbate

523 2315 734 2385 positus
763 2316 818 2370 in
845 2313 930 2371 sui
959 2315 1078 2371 loco
1112 2323 1307 2371 cuncta
1341 2314 1481 2369 vilia:
1519 2317 1861 2385 providebat,
1907 2317 2115 2372 nefaria

523 2407 857 2463 machinanti
883 2408 1010 2462 totis
1035 2404 1243 2461 viribus
1269 2405 1516 2461 obviabat
1533 2446 1547 2471 ,
1576 2405 1867 2462 furibundo
1893 2407 2113 2463 resiste-

521 2499 639 2562 bat,
652 2508 815 2568 atque
834 2496 947 2552 lieri
963 2497 1074 2552 Deo
1085 2506 1382 2567 sanctoque
1395 2497 1545 2552 Patri
1563 2497 1883 2569 injustitiatu
1898 2498 2109 2568 procla-

516 2589 731 2645 mabat.
762 2588 1005 2644 Tandem
1031 2586 1167 2651 adeo
1196 2589 1422 2643 multum
1450 2604 1516 2643 ac
1543 2603 1916 2659 saepenumero
1940 2588 2112 2646 recla-

518 2686 732 2743 mante,
772 2676 1046 2734 nonnullis
1084 2691 1239 2748 atque
1283 2678 1448 2733 etiam
1485 2678 1783 2733 scientibus
1829 2678 1987 2746 hujus
2033 2679 2111 2734 rei

521 2768 835 2829 veritatem,
866 2766 1474 2837 mturadicentibusque
1504 2768 1697 2823 insano
1726 2777 1907 2838 erepto
1946 2768 2110 2834 illius,

518 2858 581 2913 in
611 2856 703 2925 jus
739 2867 956 2913 ventum
1003 2866 1120 2914 est:
1146 2866 1355 2914 tantum
1400 2859 1546 2914 enim
1597 2859 1713 2915 suis
1754 2860 2114 2930 praesumebat

2230 409 2436 465 vit:ac
2477 411 2694 466 tandem
2733 410 2901 480 petita
2945 410 3329 466 benedictione
3386 410 3637 474 abbatis,
3684 423 3823 467 nicas

2229 500 2384 571 quasi
2417 500 2651 571 quadam
2678 500 2938 571 agilitate,
2963 500 3139 571 magis
3164 499 3333 556 solito
3364 500 3579 571 raptim
3613 502 3824 556 reverti-

2230 602 2338 647 tur.
2363 591 2607 648 Primum
2638 602 2817 647 tamen
2846 606 2993 661 saepe
3017 601 3073 646 et
3116 590 3347 645 multum
3380 589 3598 645 obnixe
3624 588 3821 655 orabat,

2228 699 2297 740 ne
2324 684 2411 739 sui
2459 682 2896 738 oblivisceretur.
2944 681 3208 736 Veniente
3260 680 3433 751 igitur
3488 688 3704 735 statuto
3744 682 3818 735 die

2227 788 2287 829 se
2311 773 2490 830 duello
2513 772 2876 845 praeparabat,
2913 781 3099 828 tamen
3143 769 3304 840 juxta
3352 769 3701 841 promissum
3736 769 3820 824 aii-

2225 880 2364 936 quos
2389 880 2488 921 suo
2541 874 2802 921 venturos
2844 863 3050 919 auxilio
3076 863 3192 919 sive
3218 862 3405 933 ipsum
3453 862 3720 917 abbatem
3745 879 3826 916 ex-

2225 957 2530 1027 spectabat.
2566 953 2753 1027 itaque
2779 966 2902 1027 post
2927 953 3253 1027 celebratam
3294 968 3327 1008 a
3354 952 3695 1023 presbytero
3718 953 3825 1007 mis-

2225 1064 2364 1114 sam,
2381 1048 2575 1104 devote
2603 1047 2753 1102 linita
2780 1061 2963 1116 prece,
2992 1044 3340 1105 Eucharistia
3364 1044 3540 1116 digne
3567 1051 3823 1113 percepti,

2224 1142 2369 1212 quod
2427 1148 2582 1196 extra
2636 1138 2925 1195 ecclesiam
2969 1135 3111 1192 forte
3154 1136 3378 1207 jacebat
3431 1149 3612 1204 super
3654 1150 3823 1191 saxum

2227 1246 2480 1302 magnum
2562 1229 2798 1293 assedit,
2862 1242 3055 1282 versus
3103 1226 3284 1282 locum
3344 1224 3537 1280 Sithia
3596 1228 3825 1293 superius

2223 1324 2428 1378 dictum
2479 1321 2695 1390 erigens
2749 1319 2985 1382 lumina,
3052 1328 3234 1385 tensas
3302 1318 3561 1387 palmas,
3637 1317 3820 1370 vulnus

2227 1415 2429 1480 tenuit,
2463 1412 2747 1481 solumque
2785 1425 3008 1465 movens
3054 1409 3218 1472 labia,
3259 1424 3465 1477 magne
3496 1422 3645 1479 puro
3673 1406 3820 1463 corde

2223 1506 2497 1563 clamavit.
2523 1504 2682 1560 Forte
2707 1503 2799 1558 Dei
2822 1501 3159 1573 providentia
3187 1510 3245 1555 ut
3265 1501 3589 1557 declararet
3606 1500 3819 1570 ,dignuta

2225 1599 2481 1654 meritum
2505 1597 2588 1652 sui
2627 1594 2834 1657 militis,
2880 1594 3051 1648 abbas
3092 1592 3229 1647 alias
3274 1591 3579 1646 intendens
3606 1591 3822 1661 promis-

2220 1680 2340 1747 sum
2361 1690 2613 1762 neglexit.
2644 1687 2781 1742 Tum
2807 1701 2936 1741 vero
2966 1688 3315 1739 adversarius
3346 1698 3533 1738 minas
3561 1684 3817 1752 ingerens.

2219 1782 2400 1840 verbis
2447 1782 2738 1843 lacessens,
2790 1792 2998 1833 moram
3051 1775 3344 1831 facientem
3390 1773 3727 1837 incusabat,
3771 1781 3819 1825 et

2218 1870 2460 1927 nonnulli
2506 1884 2618 1925 sure
2661 1868 2803 1939 parti
2839 1865 3086 1920 faventes
3115 1867 3314 1934 probra
3357 1864 3816 1919 contumeliarum

2218 1961 2661 2034 ingeminabant,
2712 1973 2838 2013 eum
2880 1958 3092 2013 timoris
3133 1964 3450 2027 arguentes.
3502 1955 3602 2011 ille
3645 1964 3815 2010 tanta)

2218 2055 2500 2119 manebat,
2523 2050 2897 2122 exspectabat,
2943 2050 3133 2104 orabat
3157 2047 3569 2118 parvipendens
3594 2062 3819 2115 exaspe-

2218 2154 2424 2200 rantes.
2470 2141 2539 2196 Et
2584 2140 2804 2195 tandem
2852 2152 3143 2208 erumpens
3190 2136 3247 2190 in
3297 2150 3492 2193 vocem
3532 2153 3553 2190 :
3586 2136 3813 2201 Adhuc,

2218 2235 2419 2304 inquit,
2467 2248 2571 2287 una
2601 2229 2814 2287 merula
2845 2243 3024 2283 meum
3066 2227 3321 2299 operibor
3350 2225 3657 2282 dominum.
3695 2228 3816 2283 Post

2217 2341 2348 2382 vero
2383 2337 2514 2381 ecce
2547 2321 2760 2377 eminus
2808 2319 3039 2390 aspexit,
3083 2328 3139 2373 et
3184 2317 3321 2373 duas
3366 2317 3654 2375 columbas
3698 2319 3813 2373 nive

2216 2416 2557 2473 candidiores
2582 2426 2711 2469 aera
2741 2425 2933 2467 secare
2956 2409 3149 2479 pennis
3175 2409 3333 2463 vidit.
3363 2408 3422 2463 in
3461 2410 3566 2464 has
3612 2410 3687 2463 ita
3727 2409 3809 2463 dia

2213 2507 2418 2564 lumina
2469 2503 2573 2558 lixa
2631 2502 2841 2567 tenuit,
2900 2513 3159 2570 quorsum
3213 2507 3469 2554 tenerent
3537 2498 3804 2563 volatum,

2189 2598 2426 2670 ‘quodve
2471 2595 2609 2666 signi
2639 2592 2852 2649 volatus
2893 2590 3242 2663 portenderet
3289 2590 3439 2645 scire
3470 2588 3803 2645 desiderans.

2212 2690 2471 2746 Audierat
2498 2688 2643 2744 enim
2675 2684 2946 2756 quondam
2977 2698 3036 2741 se
3071 2681 3285 2753 dignari
3321 2681 3621 2738 ostendere
3664 2684 3805 2753 piem

2212 2783 2427 2839 Patrem
2451 2780 2752 2845 Bertinum,
2796 2787 2854 2833 et
2900 2777 2954 2831 in
2994 2774 3205 2856 visione
3255 2783 3449 2830 tenere
3492 2772 3807 2844 bujus'avis

2213 2874 2646 2932 similitudinem.
2691 2869 2880 2941 itaque
2909 2867 3078 2924 veloci
3108 2866 3291 2924 volatu
3332 2881 3560 2921 omnem
3592 2867 3808 2936 procin-

518 2950 754 3006 viribus.
784 2949 869 3005 Ab
901 2950 1001 3005 hoc
1026 2949 1209 3020 itaque
1250 2950 1461 3021 injuria:
1489 2965 1657 3006 causa
1684 2951 2107 3018 demonstratur,

2217 2977 2362 3023 clum
2393 2974 2473 3020 ter
2497 2962 2764 3035 ambiunt,
2788 2968 3018 3031 postque
3042 2959 3110 3012 ab
3134 2956 3309 3014 oculis
3335 2956 3645 3013 videntium
3687 2971 3808 3011 era-

521 3042 592 3096 ab
620 3043 711 3097 illo
727 3057 855 3098 vero
878 3042 1104 3097 minime
1123 3042 1344 3110 quidem
1366 3041 1484 3097 fore
1504 3041 1768 3111 iujustitia
1790 3043 2106 3114 denegatur.

522 3134 618 3189 Sic
663 3133 1029 3191 controversia
1066 3134 1246 3204 agitur
1298 3142 1354 3188 et
1394 3132 1465 3188 ab
1508 3142 1739 3202 utraque
1788 3143 1942 3202 parte
1996 3134 2110 3188 dis-

521 3226 781 3279 curritur.
819 3224 1117 3295 Opponitur
1139 3223 1374 3295 primum
1408 3240 1595 3290 causa,
1621 3240 1684 3279 ea
1714 3224 1892 3295 palam
1920 3227 2113 3280 statui-

523 3326 635 3380 tur.
662 3327 785 3386 post
803 3320 993 3372 eadem
1014 3317 1406 3375 deliberatione
1427 3317 1692 3373 sancitur.
1726 3317 1864 3373 Tutu
1892 3319 2111 3375 demum

524 3404 716 3461 ultima
759 3403 1036 3474 iudicialis
1067 3421 1246 3462 causa:
1290 3422 1383 3464 res
1423 3409 1791 3478 subsequitur.
1835 3409 1895 3465 Si
1921 3424 2106 3482 negas,

520 3494 701 3567 inquit
755 3510 940 3553 uoster
994 3507 1403 3570 propugnator,
1451 3500 1542 3555 Dei
1591 3500 1782 3557 ditioni
1828 3502 2111 3572 sanctique

516 3587 732 3646 Bertini
759 3590 868 3660 juri
897 3588 1054 3658 hujus
1085 3592 1354 3647 coloniam
1390 3592 1529 3647 villa:
1559 3608 1721 3662 quam
1757 3593 1957 3665 injuste
2012 3594 2109 3650 sibi

520 3683 768 3737 vindicas
811 3681 1038 3749 deberi;
1088 3684 1264 3739 victus
1315 3692 1494 3740 tamen
1537 3684 1869 3740 conﬁtebere
1905 3725 1921 3750 ,
1955 3700 2108 3741 suam

513 3784 713 3830 sancto
756 3774 931 3828 victus
961 3775 1172 3839 reddes,
1222 3783 1281 3829 et
1325 3776 1486 3830 istam
1517 3784 1663 3830 tuam
1693 3777 1920 3833 minime
1949 3792 2109 3834 reco-

512 3880 750 3936 gnosces
779 3882 793 3918 :
823 3864 1125 3934 Opponam,
1152 3865 1343 3933 inquit,
1375 3867 1521 3921 enim
1549 3878 1712 3937 caput
1737 3868 1814 3939 (et
1842 3878 2111 3925 monstrat

521 3957 712 4010 dextra
759 3956 954 4025 caput)
1000 3954 1286 4025 periculo,
1334 3964 1542 4011 tantum
1589 3957 1660 4011 ob
1706 3957 1801 4013 Dei
1842 3957 2108 4028 justitiam

514 4046 694 4118 ipsius
718 4048 956 4103 conlisus
980 4048 1205 4102 auxilio.
1242 4048 1309 4102 Et
1341 4057 1587 4114 econtra,
1620 4048 1797 4119 inquit
1818 4049 1977 4114 alter,
2024 4063 2111 4104 me

513 4139 702 4209 ipsum
729 4138 974 4196 invenies
1018 4148 1264 4207 paratum
1310 4149 1545 4205 certare,
1593 4156 1870 4212 nunquam
1904 4142 2108 4197 vietum

511 4231 642 4288 "fore
681 4225 849 4287 dices.
898 4230 1075 4286 Vades
1113 4230 1224 4299 (52)
1260 4231 1445 4300 itaque
1483 4231 1701 4295 dantur,
1735 4230 1971 4285 duellum
2004 4230 2109 4284 .lir-

2214 3064 2463 3114 nescunt.
2487 3052 2633 3108 illico
2662 3050 2900 3108 surrexit
2930 3057 2985 3104 et
3014 3046 3347 3103 horrendum
3379 3055 3605 3110 tonans,
3628 3046 3807 3117 clypeo

2214 3149 2525 3211 fulminatus,
2561 3158 2687 3200 cum
2717 3140 2912 3197 baculo
2941 3139 2993 3195 in
3021 3139 3235 3196 hostem
3266 3137 3442 3193 venit.
3488 3137 3689 3193 Fertur
3714 3138 3805 3193 de-

2213 3240 2377 3310 nique
2404 3236 2531 3307 quia
2573 3235 2702 3317 dum
2731 3240 2998 3304 surgeret,
3048 3243 3315 3300 versoque
3364 3228 3570 3284 baculo
3615 3243 3802 3283 saxum

2212 3327 2592 3399 percussisset,
2628 3324 2731 3379 hoc
2755 3337 2825 3377 ex
2851 3336 2909 3376 se
2952 3319 3234 3390 sanguinis
3265 3318 3505 3374 rivulum
3542 3318 3803 3374 emisisse.

2211 3418 2258 3476 Ο
2287 3419 2446 3488 digna
2472 3432 2593 3486 quae
2640 3413 2930 3468 roboratur
2962 3411 3400 3481 astipulaturque
3434 3410 3613 3467 altero
3638 3410 3804 3482 signo,

2212 3508 2412 3563 mirum
2447 3507 2616 3570 dictu,
2667 3504 2863 3559 mirum
2907 3502 3027 3557 visu
3064 3501 3391 3570 sanguinem
3423 3501 3494 3557 de
3521 3517 3657 3557 saxo
3696 3516 3806 3556 ma—

2212 3598 2384 3653 nare!
2420 3610 2611 3653 verum
2636 3592 2855 3666 quidem
2887 3593 2978 3647 Dei
3005 3599 3088 3648 est
3133 3590 3318 3648 omnia
3349 3605 3539 3662 posse.
3574 3591 3803 3646 Tandem

2211 3688 2451 3759 perlidus
2511 3686 2731 3741 iuvasor
2788 3683 2999 3739 crebris
3040 3681 3241 3738 ictibus
3289 3681 3474 3737 victus
3529 3689 3806 3753 superatur

2211 3788 2269 3833 et
2299 3789 2412 3834 solo
2454 3775 2840 3848 prosternitur.
2863 3772 3000 3828 Tum
3025 3773 3163 3828 adeo
3192 3772 3336 3828 male
3368 3772 3668 3829 mulctatus
3692 3787 3804 3826 sese

2214 3868 2419 3923 victum
2453 3864 2732 3921 multoties
2758 3862 3072 3933 proﬁtetur,
3117 3859 3318 3929 injuste
3354 3861 3629 3917 invasisse
3677 3860 3803 3913 villa:

2216 3957 2357 4012 ii.i.;s
2380 3955 2646 4011 coloniam
2671 3952 2991 4023 proclamat.
3015 3950 3185 4024 igitur
3208 3951 3300 4005 vix
3322 3962 3555 4022 ereptus
3579 3970 3610 4006 a
3642 3951 3802 4006 mati-

2212 4045 2314 4102 bus
2357 4045 2578 4100 victoris
2628 4046 2847 4099 domum
2886 4043 3247 4111 deportatur,
3299 4047 3357 4095 et
3396 4052 3528 4112 post
3577 4041 3797 4097 triduum

2213 4148 2459 4196 mortuus
2487 4146 2592 4196 est.
2621 4135 2812 4192 Omnis
2840 4135 3035 4191 vicinia
3073 4135 3176 4190 hoc
3205 4134 3409 4189 merito
3438 4133 3649 4191 factum
3690 4150 3797 4191 esse

2212 4233 2372 4298 dixit,
2400 4229 2645 4287 miraculi
2677 4228 2831 4300 signa
2864 4225 3174 4291 celebravit,
3199 4232 3567 4296 sanctumque
3596 4226 3794 4282 Patren

522 4331 725 4387 matur,
758 4321 875 4377 dies
903 4320 1182 4374 statuitur.
1206 4319 1341 4375 Post
1368 4322 1549 4389 itaque
1587 4334 1699 4374 rem
1729 4320 1819 4373 tali
1860 4319 1986 4387 jure
2016 4321 2109 4376 lir-
2133 4331 2188 4392 Β
2213 4323 2490 4379 Bertinurn
2519 4322 2711 4376 devote
2740 4318 3044 4375 extollendo
3075 4317 3258 4373 Caluil.

516 4420 725 4466 motam
764 4409 985 4464 minime
1035 4410 1119 4463 sui
1165 4408 1378 4463 villicus
1420 4409 1799 4473 obliviscitur,
1849 4410 1943 4464 sed
1996 4410 2109 4465 adit

514 4501 823 4557 Odbcrtnm
849 4496 970 4569 (55)
1004 4499 1255 4552 abbatem
1285 4497 1356 4567 (is
1394 4497 1538 4552 enim
1583 4512 1648 4552 eo
1676 4500 1727 4550 in
1758 4508 1999 4567 tempore
2024 4497 2109 4553 Si-

513 4594 638 4648 sltiu
655 4590 1211 4662 regebatcteuobium)
1221 4632 1236 4655 ,
1246 4605 1463 4646 omnem
1479 4591 1554 4645 rei
1567 4589 1766 4645 seriem
1775 4604 1839 4644 or
1847 4589 1972 4644 dine
1983 4605 2109 4660 pau-

516 4684 621 4750 dit,
636 4693 756 4739 orat
766 4683 869 4739 sibi
883 4682 1180 4747 subveniri,
1195 4691 1250 4736 ut
1274 4681 1569 4737 constituto
1589 4680 1677 4736 die
1694 4692 1784 4737 aut
1813 4680 1954 4735 idem
1972 4695 2108 4750 pra:-

515 4791 651 4833 sens
672 4775 817 4831 adsit
833 4774 992 4829 autin
1017 4775 1102 4829 sui
1123 4773 1242 4829 loco
1261 4772 1470 4844 aliquos
1491 4772 1616 4830 boni
1640 4774 1931 4829 testimonii
1964 4773 2108 4829 viros

515 4865 618 4921 illo
632 4865 832 4930 mittat,
847 4866 1081 4921 maxime
1091 4874 1270 4921 autem
1281 4865 1625 4934 orabatquod
1641 4864 1779 4919 idem
1796 4863 1962 4918 abbas
1972 4878 2098 4932 prte-

520 4972 653 5016 sens
676 4966 840 5015 esset.
871 4956 1114 5026 Spondet
1148 4957 1194 5013 is
1227 4958 1280 5012 id
1314 4958 1534 5027 quidem
1562 4973 1683 5013 sese
1728 4956 2017 5016 facturum.
2053 4966 2108 5010 et

512 5047 850 5104 auctoritate
865 5046 946 5102 sui
969 5047 1385 5117 przeseutialiter
1399 5047 1788 5102 subventurum
1799 5083 1812 5097 .
1829 5044 1966 5098 Tum
1981 5060 2107 5100 vero

514 5149 828 5211 prostratus
847 5148 976 5195 ante
1004 5148 1254 5193 sanctum
1283 5137 1474 5203 altare,
1514 5136 1607 5191 Dei
1645 5135 1998 5206 providentim
2023 5150 2106 5190 se.

594 5250 707 5320 (5|)
733 5248 861 5316 Quae
884 5258 1202 5317 sequuntur,
1244 5249 1371 5304 item
1416 5250 1485 5303 ab
1511 5248 1618 5302 aiio
1646 5255 1868 5301 auctore
1906 5246 2104 5313 scripta

2282 4414 2410 4469 CAP.
2439 4409 2581 4466 XVI.
2608 4407 2907 4464 Secundum
2934 4405 3245 4461 miraculum
3275 4406 3341 4460 de
3368 4409 3557 4460 eadem
3584 4408 3726 4463 vilic.

2286 4507 2486 4562 Verum
2515 4504 2658 4574 quod
2685 4516 3070 4570 nonnunquam
3111 4499 3274 4556 bonis
3300 4498 3590 4556 formidini
3630 4509 3715 4557 est
3751 4508 3794 4555 cl

2208 4599 2357 4655 unde
2399 4598 2587 4652 virtuti
2630 4597 2909 4652 studentes
2961 4595 3197 4649 maxime
3245 4594 3605 4664 corriguntur
3650 4603 3794 4663 atque

2210 4688 2441 4744 interius
2483 4688 2669 4742 divino
2695 4699 2915 4742 munere
2940 4683 3240 4749 nitescunt,
3267 4683 3397 4740 inde
3444 4685 3665 4754 reprobi
3706 4699 3791 4738 ex-

2213 4781 2381 4837 terius
2410 4779 2691 4835 audaciam
2713 4788 2950 4841 sumunt,
2982 4783 3264 4845 peccatum
3328 4784 3567 4845 peccato
3605 4776 3790 4830 addunt

2210 4884 2400 4925 verum
2447 4876 2862 4940 postponcntes,
2907 4866 3207 4936 ca‘catique
3244 4865 3391 4920 nube
3440 4864 3691 4920 mortalis
3719 4863 3785 4916 rei

2208 4957 2449 5013 deterius
2488 4965 2809 5027 sequuntur,
2832 4963 2886 5011 et
2916 4956 2970 5010 in
3001 4956 3082 5010 eis
3109 4954 3232 5008 illud
3254 4954 3641 5024 propheticum
3692 4953 3783 5004 iut-

2204 5050 2386 5122 pictur
2418 5067 2433 5106 :
2465 5048 2695 5116 Sanguis
2718 5048 3021 5118 sanguinem
3062 5045 3220 5114 tetigit
3245 5043 3397 5113 (Ore.
3431 5060 3505 5098 tv.
3532 5044 3612 5111 ‘2),
3640 5042 3691 5097 id
3714 5049 3785 5094 est

2211 5140 2426 5208 iniquus
2453 5151 2613 5207 prava
2644 5136 2759 5191 sive
2790 5135 3021 5206 pessima
3053 5132 3209 5188 malis
3236 5132 3427 5188 sedulo
3447 5132 3535 5187 {ac
3564 5133 3610 5186 is
3630 5130 3779 5185 adds.

2209 5249 2404 5317 inquit,
2441 5248 2572 5302 bello
2595 5263 2711 5320 eum
2739 5246 3088 5317 pugillaturus
3117 5246 3358 5316 impellit.
3397 5244 3547 5315 Lege
3577 5241 3777 5299 Acin-ri
