3960 5320
171 305 327 365 1129

1227 313 1578 373 MIRACULA
1618 316 1676 372 S.
1719 315 2010 372 BERTINI.
2041 349 2110 358 —
2143 317 2266 373 LIB.
2311 318 2369 372 ll.

3310 319 3446 376 “30

168 425 350 497 Igitur
373 425 508 483 alter
536 428 1102 499 lyrannusinnutritus
1122 431 1416 491 sceleribus
1440 435 1492 490 in
1511 434 1762 506 prtedicta
1793 445 1838 504 Α
1868 438 1982 508 ejus
2027 438 2325 507 pollicendo
2353 437 2553 507 aliquid
2596 438 2846 494 molliret.
2883 437 2996 492 Duo
3040 440 3200 508 igitur
3255 441 3325 494 illi
3359 441 3439 495 ol-

169 515 319 572 urbe
349 514 609 572 Novioma
647 519 882 584 exstitit,
908 519 1054 576 ferox
1087 522 1288 589 animo,
1332 525 1624 582 immanior
1659 542 1772 584 sce-

170 602 318 672 lere,
358 615 483 663 ante
511 622 699 664 omnes
723 609 860 665 alios
898 611 986 665 die
1018 619 1288 684 noctuque
1327 617 1644 687 sanguinem
1699 619 1771 674 si-

170 695 344 752 tiens.
374 696 558 768 itaque
582 714 709 754 cum
735 700 856 756 talis
899 700 1043 756 fama
1075 701 1216 759 foret
1259 722 1370 762 suae
1415 708 1720 780 iniquitatis
1749 753 1766 777 ,

168 787 336 844 dolos
366 789 584 847 fraudes
603 791 706 848 hac
743 793 971 862 illacque
1003 797 1362 865 expandebat.
1398 799 1531 853 Nam
1560 809 1770 873 strages

169 877 369 934 miseri
396 881 580 950 populi
609 883 790 947 dabat,
817 899 924 937 non
955 884 1103 950 viro,
1131 902 1236 941 non
1264 889 1498 955 mulieri,
1520 905 1618 945 nec
1647 906 1770 960 par-

169 971 310 1026 vulo
335 987 570 1042 parcens
596 975 834 1044 quidem.
851 975 957 1031 Sed
988 993 1109 1032 cum
1127 977 1241 1046 jam
1266 981 1503 1036 maxima
1525 997 1590 1036 ex
1612 993 1770 1052 parte

166 1075 410 1132 qumque
459 1063 710 1118 villarum
762 1064 1064 1133 adjacentia
1108 1069 1481 1136 devastasset,
1511 1070 1768 1126 Caumont

169 1158 308 1214 tilla
337 1159 561 1216 minime
586 1160 802 1230 quidem
826 1176 1016 1217 secura
1048 1164 1116 1218 ab
1145 1162 1262 1232 ejus
1295 1165 1504 1220 insania
1536 1167 1766 1231 exstitit,

166 1259 387 1305 timens
427 1250 602 1316 valde,
636 1251 778 1321 quod
823 1253 928 1308 sibi
977 1254 1201 1308 timebat
1231 1266 1415 1325 postea
1461 1259 1660 1312 evenit.
1702 1258 1770 1312 Et

163 1355 305 1395 cum
352 1339 594 1396 audisset
649 1353 704 1396 et
771 1359 959 1398 revera
1012 1344 1177 1398 sciret
1229 1355 1565 1416 peremptum
1623 1356 1768 1402 sorte

163 1433 366 1497 duelli,
397 1444 452 1488 et
489 1434 690 1504 injuste
728 1445 955 1506 agentes
992 1437 1048 1491 in
1090 1437 1268 1491 villam
1315 1439 1768 1509 admittentesque

167 1521 431 1592 iniuriam
455 1533 698 1582 sanctum
721 1525 940 1582 Patrem
973 1527 1250 1582 Bertinum
1283 1529 1579 1597 vindicare,
1623 1531 1767 1585 nullo

169 1616 346 1672 modo
380 1618 571 1674 insana
598 1633 754 1676 mens
777 1619 895 1688 ejus
921 1636 949 1674 a
984 1621 1142 1676 solita
1167 1619 1315 1678 rabie
1337 1637 1428 1677 seu
1458 1623 1525 1678 ab
1551 1633 1766 1679 assueto

166 1704 363 1764 furore
400 1710 787 1780 requiescendo
815 1713 1084 1778 cessabat,
1109 1727 1298 1768 verum
1331 1713 1546 1784 quidem
1568 1729 1765 1786 oppor-

1872 530 2039 594 lerre,
2073 530 2294 585 caeleste
2329 537 2386 583 et
2426 538 2699 584 terrenum
2743 530 2962 594 bonum,
2999 532 3277 586 sententiae
3325 533 3443 586 fuit.

1872 619 2081 673 Obtulit
2120 620 2380 688 primum,
2411 617 2638 674 alterum
2676 615 2893 692 quidem
2927 621 3068 676 haud
3095 621 3308 687 obtulit,
3340 638 3446 678 non

1872 711 2018 765 enim
2067 708 2324 774 cﬂ'ectus,
2362 724 2469 764 non
2506 724 2704 773 causa,
2753 726 2858 766 non
2913 719 3122 780 tempus
3174 711 3292 765 fuit.
3351 713 3448 768 Hie

1871 800 2118 869 equidem
2144 799 2410 855 submissa
2432 815 2586 866 voce,
2617 799 2801 854 humili
2833 801 3081 856 oratione
3127 802 3237 856 haec
3288 805 3454 874 cmpit

1871 889 2134 960 proferre,
2166 889 2313 944 vultu
2351 889 2557 945 ordinis
2604 905 2828 946 servans
2876 891 3232 946 reverentiam
3288 908 3453 962 quam

1868 981 2126 1036 ethabitu
2159 991 2213 1036 et
2259 990 2439 1036 mente
2480 981 2749 1052 gestabat.
2795 980 2981 1036 Oravit
3032 982 3302 1051 equidem,
3345 999 3450 1035 non

1870 1083 2050 1128 autem
2082 1073 2368 1143 peroravit.
2400 1072 2540 1129 Vere
2582 1075 2842 1143 spondeo,
2873 1075 2948 1128 ait
2975 1116 2988 1140 ,
3017 1084 3164 1129 certe
3195 1076 3452 1145 promitto

1873 1164 1968 1219 tibi
2007 1163 2271 1218 ducentas
2303 1163 2516 1218 missas.
2539 1163 2672 1219 Cum
2722 1179 2979 1234 perorare
3012 1165 3202 1232 voluit,
3263 1181 3449 1220 verum

1868 1254 1958 1310 ille
1995 1255 2281 1326 indignans
2335 1253 2709 1324 imperfectam
2740 1256 3042 1311 orationem
3081 1256 3150 1310 ab
3183 1255 3328 1309 illius
3357 1273 3450 1311 ore

1869 1347 2009 1414 tulit,
2037 1350 2114 1417 (ot
2152 1356 2209 1402 ut
2230 1347 2503 1402 communi
2537 1346 2850 1416 vulgariquc
2881 1349 3042 1404 verbo
3065 1346 3302 1417 utamur)
3332 1355 3451 1400 nm-

1867 1439 2077 1494 nacbus
2109 1439 2194 1509 pie
2234 1439 2494 1494 ducentas
2531 1438 2741 1502 missas,
2783 1439 2921 1493 alter
2968 1455 3136 1508 prave
3189 1439 3454 1509 despecti-

1869 1541 2041 1596 veque
2085 1528 2308 1597 protulit
2351 1529 2613 1584 ducentas
2640 1527 2831 1584 fessas.
2864 1528 2972 1584 Ter
3002 1529 3232 1598 denique
3262 1531 3449 1585 eadem

1868 1619 2033 1673 verba
2062 1620 2277 1688 repetit,
2307 1627 2360 1674 et
2406 1619 2579 1674 ferum
2627 1619 2930 1676 calcaribus
2971 1620 3213 1690 urgebat.
3262 1622 3449 1676 Adhuc

1867 1705 2048 1775 itaque
2078 1707 2300 1761 verbum
2323 1705 2724 1775 contemptibile
2749 1706 2801 1759 in
2833 1707 2948 1776 ejus
2975 1722 3070 1762 ore
3094 1708 3414 1761 versabatur
3434 1747 3448 1767 ,

163 1807 370 1854 tunum
400 1800 575 1857 locum
615 1804 1048 1874 conveniensque
1090 1813 1303 1875 tempus
1331 1821 1437 1876 quo
1459 1807 1638 1862 villam
1675 1808 1760 1862 in-

1866 1813 1989 1851 cum
2012 1797 2190 1851 subito
2219 1799 2285 1851 de
2313 1811 2453 1866 equo
2494 1797 2661 1862 cadit,
2687 1797 2741 1851 in
2779 1805 2941 1867 caput
2969 1799 3094 1862 ruit,
3121 1799 3272 1866 galea
3304 1808 3447 1854 terra

165 1887 404 1946 vaderet
449 1891 716 1950 volvebat.
747 1892 861 1950 Sed
887 1910 1014 1951 cum
1046 1897 1258 1954 deesset
1286 1899 1381 1954 ubi
1425 1914 1538 1954 sua:
1593 1899 1760 1956 rabiei

162 1981 458 2038 audaciam
491 1994 726 2042 verteret
768 1985 896 2055 (jam
930 1989 1074 2042 enim
1105 1988 1375 2057 incendio.
1407 1991 1593 2061 rapina
1660 2005 1762 2046 ca:-

162 2079 291 2125 tera
336 2087 476 2142 pene
534 2076 713 2130 omnia
756 2079 1220 2150 consumpserat),
1269 2087 1446 2134 armat
1502 2078 1761 2135 ducentos

158 2163 404 2232 equites,
428 2180 616 2220 versus
656 2165 914 2221 Cuumont
951 2167 1132 2222 villam
1182 2168 1287 2223 iter
1334 2169 1580 2224 arripuit.
1611 2169 1763 2223 Atta-

160 2266 298 2306 men
321 2253 551 2322 primunt
577 2269 676 2326 per
699 2255 854 2310 devia
903 2257 1157 2313 tendebat
1195 2257 1498 2313 simultates
1531 2260 1759 2330 ﬁngens,

162 2341 330 2410 quasi
355 2341 458 2397 alio
484 2342 788 2410 festinaret,
803 2344 942 2402 forte
970 2362 1001 2402 e
1031 2349 1250 2418 regione
1280 2349 1335 2403 in
1375 2349 1555 2404 villam
1578 2351 1761 2415 irruit,

165 2433 403 2487 armis
451 2435 828 2504 circumdedit,
873 2447 986 2492 tum
1015 2449 1216 2496 cuncta
1248 2455 1369 2510 quat
1414 2439 1552 2496 intra
1607 2453 1762 2498 erant

165 2524 314 2579 bona
355 2525 593 2598 diripuit.
630 2528 770 2584 Casu
817 2533 997 2588 ontuia
1034 2549 1132 2589 sua
1177 2535 1456 2602 animalia,
1489 2537 1720 2608 pecudes
1745 2579 1759 2604 ,

165 2630 373 2687 pecora
401 2620 469 2673 ad
495 2630 707 2690 pastum
743 2631 893 2678 extra
921 2625 1102 2680 villam
1149 2626 1238 2683 die
1269 2628 1357 2684 illo
1399 2629 1573 2684 ierant
1601 2647 1616 2695 ;
1642 2645 1762 2699 qua:

162 2721 300 2761 cum
331 2709 570 2766 redirent
592 2713 792 2782 passim
820 2717 1101 2785 pascentia
1130 2720 1337 2788 campis
1359 2721 1581 2775 invenit.
1615 2721 1754 2776 Heu!

164 2801 279 2853 heu
309 2801 324 2852 i
359 2799 556 2872 duplex
601 2803 956 2861 infortunium
989 2807 1096 2863 illis
1139 2810 1321 2866 subito
1349 2811 1586 2866 advenit.
1614 2811 1760 2867 lul‘ra

168 2888 358 2946 villam
384 2893 643 2964 quidquid
691 2896 993 2954 habebatur
1027 2900 1252 2967 melius,
1282 2902 1574 2972 diripitur;
1603 2915 1760 2959 extra

167 2995 304 3037 vero
344 2999 673 3056 quacunque
699 3002 896 3057 pecora
941 2993 1328 3060 pascebantur,
1377 2994 1758 3060 abducuntur;

164 3086 298 3127 cum
339 3089 467 3130 ecce
495 3078 812 3144 monachus,
849 3081 1066 3137 nomine
1108 3082 1425 3150 Wiuradus,
1451 3083 1604 3140 home
1641 3102 1756 3142 tne-

166 3167 366 3223 moriae
401 3168 484 3224 vir
521 3169 715 3241 dignus
747 3171 908 3228 laude
931 3214 949 3241 ,
979 3176 1176 3232 missus
1222 3179 1290 3232 ab
1337 3177 1532 3233 abbate
1586 3179 1759 3236 [lode-

164 3259 292 3316 rico
319 3260 468 3332 (ευ,
495 3262 612 3318 utili
650 3265 870 3334 quidem
915 3267 1170 3325 Ecclesixe
1194 3271 1286 3326 Dei
1315 3272 1624 3342 nostrisque
1665 3289 1759 3330 ne-

168 3353 410 3409 cessario
465 3353 838 3426 temporibus,
891 3359 1212 3431 dep0pulata
1256 3363 1380 3418 villa
1423 3367 1755 3434 supervenit.

169 3439 498 3510 Duplicatur
519 3458 650 3516 ergo
680 3446 885 3504 clamor
905 3449 1272 3522 ejulatusque,
1303 3463 1591 3523 postquam
1626 3470 1750 3510 eum

169 3531 362 3588 videre
386 3551 406 3586 .'
447 3533 736 3605 Succurre,
777 3555 1056 3609 succurre,
1089 3545 1290 3614 optime
1335 3547 1444 3612 vir,
1476 3545 1616 3603 bone
1660 3549 1758 3604 do-

167 3623 358 3688 mine,
393 3625 634 3694 iterant,
690 3631 934 3686 accelera
988 3633 1190 3690 vadens
1238 3644 1361 3705 post
1412 3636 1660 3703 hostem,
1692 3639 1758 3693 ad

169 3715 351 3786 ipsum
378 3720 538 3775 verba
572 3723 849 3792 precantia
881 3722 1061 3792 funde,
1093 3727 1226 3783 certi
1251 3744 1439 3784 sumus
1466 3739 1524 3785 ut
1544 3733 1759 3800 quando

166 3815 230 3862 te
256 3807 469 3877 viderit,
498 3810 639 3868 illico
665 3813 762 3870 tibi
799 3816 988 3871 reddet
1016 3827 1207 3874 cuncta
1234 3833 1355 3889 quae
1384 3837 1480 3892 per
1502 3837 1559 3877 se
1587 3823 1754 3889 ducit,

167 3899 306 3968 quia
329 3903 507 3956 omnia
554 3917 673 3973 qute
697 3904 836 3960 infra
867 3907 1049 3962 villam
1091 3918 1249 3964 erant
1274 3911 1612 3982 depraedatus
1653 3920 1757 3968 est.

168 3987 378 4046 Tactus
417 3992 577 4065 igitur
621 3997 766 4052 mitis
806 3999 888 4054 vir
917 3999 1246 4057 intrinsecus
1293 4012 1613 4058 cunctarum
1647 4020 1760 4059 ma-

167 4080 460 4150 gnitudine
486 4085 850 4154 querelarum,
884 4089 1144 4145 velociter
1166 4099 1291 4160 post
1323 4093 1498 4162 ipsum
1523 4093 1761 4149 admisso

169 4187 318 4242 equo
355 4171 651 4242 festinavit,
692 4188 1020 4234 consecutus
1067 4193 1195 4235 eum
1233 4181 1509 4238 salutavit.
1555 4183 1626 4237 At
1671 4183 1762 4240 ille

172 4271 304 4334 typo
333 4261 547 4338 [typho]
574 4267 838 4337 superbiae
867 4267 1151 4325 ferocitate
1193 4271 1362 4326 animi
1396 4272 1618 4328 minime
1643 4273 1760 4344 qui.

170 4357 301 4412 dem
333 4359 591 4426 respexit,
623 4373 722 4414 nec
757 4359 1014 4415 salutanti
1039 4362 1308 4418 monacho
1347 4378 1507 4420 servo
1553 4363 1647 4418 Dei
1679 4379 1762 4419 re-

1863 1890 2068 1961 figitur,
2097 1888 2292 1945 collum
2322 1889 2490 1944 ruinae
2510 1904 2696 1945 casum
2730 1891 2928 1955 sentit;
2956 1899 3066 1944 tum
3098 1906 3312 1960 quoque
3346 1891 3448 1945 huc

1863 1995 2022 2035 mana
2044 1991 2097 2035 et
2115 1990 2326 2036 secreta
2352 1980 2453 2035 alvi
2478 1996 2572 2050 per
2593 1979 2891 2036 naturalem
2928 1992 3162 2036 meatum
3197 1995 3446 2049 erupere.

1864 2070 2054 2125 Merito
2075 2086 2206 2140 ergo
2236 2086 2300 2125 ex
2338 2071 2426 2126 illa
2466 2081 2619 2141 parte
2659 2071 2913 2141 plectitur
2938 2073 3206 2144 dignaque
3255 2073 3448 2126 multa-

1866 2169 1952 2215 tur
1982 2175 2162 2232 pmna,
2193 2161 2334 2216 unde
2368 2162 2419 2216 in
2466 2171 2710 2218 sanctum
2759 2163 2971 2219 Patrem
3001 2180 3326 2221 emanavere
3356 2181 3448 2237 op-

1864 2256 2180 2324 probria,et
2203 2253 2348 2324 juste
2383 2257 2647 2326 digneque
2674 2257 2889 2326 quidem
2935 2258 3159 2313 inferius
3197 2268 3446 2328 putorem

1863 2343 2061 2409 emisit,
2091 2345 2182 2414 qui
2227 2345 2474 2415 superius
2521 2346 2751 2400 similem
2797 2346 2986 2402 fetoris
3028 2363 3246 2402 causam
3289 2349 3448 2403 labiis

1862 2444 1915 2490 et
1947 2435 2127 2506 lingua
2151 2435 2204 2489 in
2231 2450 2326 2490 ore
2355 2435 2602 2491 revolvit.
2631 2435 2842 2492 lntcrea
2878 2439 2957 2493 sui
2999 2437 3268 2494 ducebant
3310 2454 3448 2508 prae.

1864 2527 2008 2589 dam,
2042 2528 2348 2598 ignorantes
2374 2527 2655 2582 dominum
2692 2544 2849 2584 suum
2872 2544 3088 2599 passum
3130 2527 3296 2583 fuisse
3326 2527 3445 2582 talis

1863 2631 2022 2673 Casus
2046 2617 2254 2672 ruinam
2274 2660 2286 2681 ,
2325 2625 2379 2672 et
2411 2626 2608 2682 tamen,
2636 2617 2776 2672 fama
2808 2627 3056 2689 cogente,
3098 2617 3331 2688 praedam
3360 2617 3446 2671 di-

1865 2707 2108 2772 mittunt,
2134 2703 2200 2761 ad
2232 2706 2506 2761 dominum
2544 2723 2696 2762 suum
2727 2708 3005 2775 festinant,
3036 2717 3304 2762 mortuum
3327 2709 3446 2777 qui-

1863 2803 1985 2857 dem
2021 2810 2075 2856 et
2122 2801 2409 2855 multatum
2455 2801 2690 2855 vindicta
2738 2800 2973 2855 cmlestis
3017 2801 3111 2856 iraa
3150 2801 3445 2872 reperiunt.

1864 2893 2104 2948 Tandem
2128 2891 2309 2960 prmda
2339 2891 2618 2946 reducitur
2641 2890 2706 2944 ad
2741 2891 2979 2960 propria,
3008 2905 3204 2946 nomen
3234 2891 3443 2946 Domini
3507 2965 3514 2970 ’

1864 2985 1932 3038 ab
1961 2983 2211 3038 omnibus
2250 2982 2524 3046 laudatur,
2567 2981 2847 3052 sanctique
2889 2980 3071 3036 Patris
3122 2982 3323 3037 Bertini
3353 2997 3448 3053 pa-

1865 3077 2150 3130 trocinium
2182 3085 2486 3130 veneratur.
2519 3072 2584 3128 lli
2617 3074 2719 3129 lmti
2758 3075 2987 3146 insignis
3019 3075 3276 3146 triumphi
3309 3092 3446 3147 gau-

1863 3167 1950 3220 dia
1976 3165 2272 3227 celebrant,
2303 3164 2376 3218 illi
2407 3164 2583 3218 tristia
2615 3163 2804 3221 funera
2831 3165 3052 3220 ducunt.
3085 3165 3130 3221 Ο
3162 3166 3444 3220 Dominum

1860 3259 2284 3329 omnipotentem
2338 3255 2390 3310 in
2425 3257 2630 3311 sanctis
2671 3257 2784 3310 suis
2824 3256 3116 3327 gloriosum
3148 3258 3162 3309 l
3195 3271 3228 3312 ο
3273 3257 3443 3312 Deum
3511 3291 3516 3297 ~

1860 3351 1914 3406 in
1968 3350 2250 3405 altitudine
2301 3348 2624 3419 majestatis,
2657 3349 2708 3403 in
2757 3351 2996 3419 potentia
3055 3351 3446 3421 magnitudinis

1860 3443 2192 3497 mirabilem!
2218 3440 2351 3511 Quis
2377 3441 2586 3496 dubitet
2617 3441 2754 3496 hanc
2780 3441 3015 3511 palmam
3048 3442 3447 3498 nobilistrium—

1860 3534 1951 3603 phi
1983 3533 2181 3588 ascribi
2227 3546 2386 3602 posse
2431 3532 2643 3587 meritis
2690 3533 2864 3587 sancti
2908 3531 3084 3586 Patris
3122 3533 3444 3589 liertini?ln

1859 3631 2235 3692 argumentum
2267 3622 2450 3691 itaque
2485 3621 2610 3676 ﬁdei
2639 3623 2933 3678 monachus
2976 3625 3308 3693 supervenit,
3356 3640 3446 3679 ac-

1860 3715 2058 3769 cedens
2082 3712 2357 3768 humiliter
2385 3714 2582 3779 oravit,
2612 3712 2776 3768 verba
2812 3715 3087 3783 precantia
3120 3730 3305 3769 coram
3336 3715 3445 3769 Deo

1861 3803 2016 3872 fudit,
2045 3803 2135 3875 qui
2177 3817 2452 3873 nunquam
2479 3803 2706 3873 despicit
2735 3813 3018 3874 sperantes
3047 3805 3097 3858 in
3143 3819 3224 3870 se,
3257 3819 3446 3873 super-

1860 3896 1960 3951 bos
2001 3908 2214 3965 semper
2245 3893 2560 3960 humilians,
2601 3903 2656 3947 et
2696 3893 2988 3948 humilibus
3014 3895 3146 3948 dans
3192 3896 3441 3964 gratiam,

1861 3987 2170 4042 redditurus
2198 3985 2491 4055 unicuique
2519 3984 2814 4040 secundum
2853 4000 3014 4054 opera
3044 4000 3165 4052 sua,
3193 3986 3281 4056 qui
3310 3987 3444 4042 vivit

1861 4089 1917 4135 et
1944 4088 2130 4149 regnat
2155 4093 2251 4148 per
2276 4078 2459 4134 omnia
2487 4077 2678 4134 saecula
2719 4077 3056 4161 satculorurn.

1861 4193 1992 4250 CAP.
2026 4191 2187 4250 XVII.
2216 4191 2444 4247 Tertium
2467 4191 2780 4246 miraculum
2805 4192 2864 4248 S.
2893 4193 3096 4246 Bertini
3124 4193 3194 4247 de
3223 4193 3342 4248 villa
3373 4194 3442 4247 do

2133 4264 2402 4318 Caumont
2433 4272 2660 4329 tempore
2694 4261 2920 4317 Bovonis
2948 4263 3170 4316 abbatis.

1935 4345 2195 4420 Quidam,
2219 4351 2426 4409 Bodera
2471 4353 2714 4412 nomine.
2763 4352 3273 4407 subminislerialem
3311 4369 3438 4424 age-

171 4446 476 4501 verentiam
502 4448 767 4514 exhibuit,
799 4466 907 4520 quo
929 4452 1123 4507 saltem
1160 4453 1442 4509 verbulum
1489 4455 1756 4511 redderet.

1866 4444 1956 4500 bat
2005 4459 2224 4498 causam
2275 4441 2554 4512 cujusdam
2604 4443 2824 4514 majoris
2862 4443 3072 4512 prmditi
3131 4455 3436 4514 pctestate,

175 4533 392 4606 urgens
434 4544 616 4593 tamen
666 4539 838 4595 isdem
891 4541 1196 4598 calcaribus
1243 4558 1480 4616 equum,
1537 4546 1763 4603 habenis
1863 4535 2378 4602 advocationemque
2403 4534 2504 4587 sibi
2553 4533 2878 4587 vindicantis
2913 4532 3049 4586 villae
3076 4535 3441 4604 propriijuris

173 4627 467 4684 moderans
511 4630 736 4702 propius
774 4634 1039 4698 accessit,
1070 4636 1329 4692 audacius
1378 4637 1590 4693 locutus
1635 4647 1756 4693 est:

174 4715 425 4773 Prtedam
445 4719 589 4777 hanc
612 4736 644 4778 a
689 4723 814 4777 villa
843 4725 1015 4779 sancti
1045 4725 1222 4780 Patris
1257 4726 1459 4783 Bertini
1489 4729 1762 4798 abripiens

172 4808 380 4880 injuste
410 4811 604 4880 ducis;
648 4801 812 4871 redde
851 4815 1021 4886 igitur
1055 4830 1124 4872 ne
1150 4815 1221 4870 ob
1268 4817 1544 4888 injustitize
1588 4828 1759 4874 teme-

172 4903 420 4968 ritatem,
479 4917 547 4958 ne
592 4911 812 4974 propter
841 4906 1055 4977 injuria:
1108 4906 1454 4962 severitatem
1493 4908 1628 4962 iram
1663 4911 1756 4966 Dei

169 4993 342 5066 digne
394 4993 660 5050 incurras.
711 4993 895 5052 Noluit
947 4998 1262 5066 respicere,
1309 4995 1626 5067 dedignatus
1676 5009 1759 5054 est

345 5087 358 5110 ξ
391 5087 611 5110 --ΙΛΙο-ο
656 5100 970 5110 ..-a...-..-----
1037 5088 1249 5110 |—.-~_-.
1283 5089 1324 5110 2-
1371 5087 1494 5110 --.ΖΔ
1530 5103 1622 5110 -..-

1865 4623 1924 4677 S.
1957 4622 2182 4685 Bertini,
2225 4619 2484 4675 Caumont
2541 4623 2778 4676 nomine.
2811 4621 2908 4676 Hic
2954 4623 3080 4691 quia
3127 4639 3231 4677 una
3263 4633 3318 4678 et
3367 4625 3439 4678 ti-

1863 4716 1998 4770 meri
2045 4731 2110 4769 ae
2139 4715 2357 4784 placere
2404 4715 2782 4780 desiderabat,
2822 4714 3047 4769 nimium
3106 4717 3440 4786 nimiumque

1860 4813 2118 4868 vicicolas
2144 4813 2328 4866 labore
2354 4828 2525 4881 usque
2561 4812 2803 4880 impense
2841 4820 2960 4866 acto
2996 4814 3296 4880 premebat.
3333 4813 3441 4868 Vc-

1861 4921 1979 4958 rmn
2006 4919 2106 4973 pro
2125 4917 2286 4959 causa
2321 4903 2478 4972 hujus
2506 4900 2798 4956 moliminis
2823 4910 2873 4956 et
2900 4916 2996 4970 pro
3028 4908 3193 4957 tantze
3218 4910 3444 4957 controo

1858 4997 2036 5051 versia
2086 4994 2408 5071 injustitiae,
2467 4993 2686 5063 quidam
2735 4993 3075 5059 monachus,
3126 4993 3446 5048 lleribertus

1858 5089 2004 5110 ..-_.-9
2054 5103 2072 5108 -
2133 5087 2214 5108 ---!
2246 5084 2422 5108 ..ι.ι.,.ιι
2445 5083 2557 5108 Β-..

2563 5085 2646 5108 at“!
2674 5083 2725 5108 ἓ-
2760 5083 2994 5108 ..ιιι-2-.....η
3029 5085 3186 5106 Ιςμὲ..-
3215 5083 3398 5106 ειΜκΑΙς
