3960 5320
542 274 674 332 “5|

1595 265 1940 326 FOLCARDI
1978 262 2283 322 MONACili
2324 258 2750 333 SITHIVENSIS

3660 257 3825 335 M53

537 392 615 447 ris
636 389 784 446 velut
809 393 1055 442 metuens
1082 383 1336 456 fugiebat,
1354 381 1492 438 clam
1516 390 1696 436 autem
1729 381 1802 435 illi
1831 378 2121 435 detrahens
2149 386 2193 442 Α
2226 377 2580 446 componebat
2614 375 2913 432 orationem
2954 374 3211 433 aliorsum
3257 374 3431 432 verba
3480 374 3829 448 detorquens

534 479 795 537 subdolus
839 476 1272 533 machinamenta
1310 473 1628 530 instruebat.
1675 471 1850 542 Super
1880 471 1966 527 his
1992 484 2121 525 vero

537 572 723 629 dolens
750 568 1077 633 monachus,
1111 566 1390 622 dominum
1423 564 1565 620 illius
1587 563 1720 619 adiit
1748 604 1764 627 ,
1795 576 2122 631 suorumque

535 681 598 721 ac
626 679 778 721 suam
824 661 1078 733 injuriam
1107 658 1382 731 patefecit.
1420 656 1534 726 Ego
1577 655 1722 726 ipse,
1777 654 1985 725 inquit,
2026 667 2122 724 per

532 773 622 812 me
643 757 789 811 hunc
816 753 1047 824 primum
1074 750 1277 807 curabo
1304 748 1502 804 minari
1526 765 1539 801 :
1566 755 1621 802 et
1645 747 1691 803 si
1723 747 1975 814 deinceps
2007 744 2122 799 haec

536 845 851 910 admiserit,
903 841 1143 912 pecunia:
1190 839 1388 896 sentiet
1451 837 1733 892 damnum.
1796 836 2121 891 Revertente

535 953 665 995 vero
693 935 956 991 monacho
1000 932 1139 989 forte
1184 931 1321 986 alter
1340 928 1460 1000 jam
1504 928 1684 983 dictus
1732 926 1966 982 advenit.
2025 924 2120 980 Cui

535 1030 785 1088 dominus
816 1027 964 1097 ejus:
1007 1025 1365 1088 ileribertus,
1415 1020 1623 1092 inquit,
1675 1019 1973 1074 monachus
2027 1018 2121 1073 tibi

534 1132 845 1185 succenset,
873 1127 1078 1183 dicens,
1103 1117 1227 1187 quia
1254 1113 1516 1171 ruricolas
1539 1127 1658 1167 meo
1673 1110 1894 1166 servitio
1914 1109 2118 1166 subdis.

533 1210 695 1267 Redit
724 1211 989 1280 siquidem
1022 1208 1109 1263 ille
1146 1216 1388 1262 armatus
1419 1211 1693 1276 praecepto
1732 1202 1967 1265 domini,
2002 1215 2122 1255 ma-

532 1307 752 1383 lumque
803 1302 1006 1359 evomit
1063 1300 1280 1356 latentis
1323 1297 1534 1364 veneni.
1589 1295 1725 1351 Nam
1765 1294 2125 1365 apprehendit

532 1399 697 1455 boves
724 1394 867 1450 illius
896 1395 947 1448 in
980 1408 1111 1464 agro
1136 1398 1442 1461 pascentes,
1469 1396 1524 1443 et
1553 1387 1777 1444 servitio
1805 1384 2008 1441 domini
2038 1384 2121 1439 sui

533 1489 794 1553 subdidit,
819 1500 1023 1555 eosque
1048 1498 1144 1555 per
1167 1492 1338 1538 totum
1363 1481 1600 1536 triduum
1630 1480 1820 1535 tenuit.
1849 1477 1919 1533 Ut
1944 1486 2124 1532 autem

532 1580 765 1658 placuit,
821 1577 1141 1632 macilentos
1179 1572 1517 1643 ‘multumque
1580 1569 1848 1636 aﬂlictos,
1906 1568 1983 1623 uti
2033 1566 2122 1632 fit,

532 1682 607 1727 tot
630 1670 908 1726 laboribus
939 1666 1195 1722 reddidit.
1228 1663 1358 1720 lude
1385 1665 1521 1719 adeo
1550 1672 1728 1718 motus
1755 1660 1973 1731 quidem
2005 1674 2117 1715 mo-

2224 483 2288 523 ac
2302 467 2540 524 deberet.
2566 465 2763 522 Verum
2793 480 2917 521 cum
2939 480 3083 536 saepe
3108 465 3395 521 mendacio
3410 473 3615 522 contra
3630 480 3828 521 verum

2224 571 2366 618 stare
2396 562 2558 617 homo
2607 566 2984 622 assuesceret,
3044 558 3274 616 faciendi
3328 558 3646 617 assiduitas
3678 556 3833 629 aluit

2224 653 2540 721 audaciam,
2571 651 2798 708 audacia
2827 666 2958 708 vero
2992 652 3392 723 congeminavit
3423 652 3688 721 crimen,
3725 653 3834 709 cri-

2224 760 2346 800 men
2379 759 2592 816 quoque
2616 743 2861 799 meritam
2885 741 3065 797 intulit
3085 751 3335 799 mortem.
3364 743 3626 800 Necdum
3651 742 3833 801 triduo

2223 847 2342 908 post
2367 838 2482 894 haec
2507 845 2804 901 transacto,
2831 837 2996 891 boves
3021 832 3297 904 cujusdam
3326 837 3600 907 pauperis
3624 839 3829 908 rapuit,

2224 928 2413 983 (Ιίιὶοηὶ
2443 927 2563 982 falsi
2585 926 2725 996 juris
2754 926 3018 989 subdidit,
3067 926 3363 998 nimiisque
3405 926 3707 984 laboribus
3736 945 3832 1001 pro

2226 1018 2377 1074 libito
2428 1018 2508 1074 sui
2572 1032 2777 1091 proque
2838 1017 3096 1088 temporis
3143 1018 3457 1089 quantitate
3505 1018 3834 1074 insudalum

2226 1111 2417 1164 tenuit.
2446 1109 2685 1165 Necdum
2712 1108 3215 1183 bovesvreddiderat
3236 1149 3253 1175 ,
3279 1116 3340 1164 et
3362 1108 3579 1178 majora
3605 1110 3831 1181 quidem

2225 1211 2405 1254 actum
2438 1200 2517 1254 ire
2544 1199 2684 1255 forte
2710 1199 2944 1269 cogitatu
2969 1197 3184 1271 volebat
3206 1238 3223 1262 ,
3275 1213 3405 1254 cum
3443 1197 3597 1255 forte
3636 1201 3829 1254 eadem

2225 1293 2473 1362 passione
2498 1308 2604 1364 qua
2632 1293 2865 1363 primum
2904 1290 3204 1360 percutitur
3224 1333 3239 1354 ,
3285 1292 3438 1353 cadit
3483 1292 3788 1355 interram
3811 1334 3828 1357 ,

2226 1385 2391 1440 miser
2436 1392 2551 1438 tum
2606 1397 2820 1454 quoque
2857 1398 2964 1439 non
3007 1384 3167 1438 homo
3198 1396 3359 1448 esse,
3415 1396 3532 1438 non
3587 1383 3824 1439 mortale

2227 1496 2422 1537 sonare
2478 1479 2709 1535 videtur.
2742 1477 2879 1533 Nam
2921 1491 3019 1548 pro
3048 1477 3312 1535 humanis.
3348 1476 3541 1533 verbis
3583 1478 3823 1549 mugitus

2225 1574 2318 1629 dat
2350 1589 2446 1645 pro
2479 1574 2726 1647 planctu,
2763 1588 2862 1644 pro
2895 1570 3115 1643 querela
3148 1572 3355 1645 rabiem
3393 1571 3707 1647 agrestium
3747 1572 3819 1625 fe-

2228 1683 2413 1722 rarum
2446 1667 2723 1738 imitatur;
2750 1674 2870 1721 orat
2896 1665 3231 1736 amicosque
3248 1680 3350 1736 pro
3373 1679 3434 1721 se
3463 1674 3700 1736 rogent,
3721 1679 3819 1721 nec

530 1754 738 1818 nachus
765 1773 997 1830 nequam
1025 1757 1170 1812 hunc
1202 1754 1380 1813 verbis
1405 1752 1736 1824 aggreditur.
1763 1730 1946 1820 Usque
1976 1748 2041 1803 ad
2065 1746 2119 1804 id

2229 1759 2391 1815 refert
2418 1758 2668 1830 quidem;
2696 1759 3016 1828 deprecatur
3035 1730 3269 1823 nuntiis,
3290 1763 3352 1811 ut
3376 1769 3504 1811 sese
3530 1730 3817 1825 visitatum

533 1850 794 1923 temporis
818 1849 988 1904 libera
1017 1845 1226 1903 exstitit
1257 1853 1441 1899 nostra
1473 1842 1644 1897 curtis
1672 1841 1740 1896 ab
1769 1841 1915 1896 omni
1945 1838 2116 1895 servi-
2202 1853 2399 1906 'veniaj
2436 1850 2738 1906 monachus
2772 1867 2786 1904 ε
2830 1849 2882 1904 id
2914 1861 3130 1920 quoque
3178 1847 3404 1903 ιηίηξηιε
3445 1846 3677 1918 (μείω
3706 1860 3817 1900 me.

532 1942 608 1997 tio
628 1983 642 2007 ,
686 1938 893 2008 fuitque
928 1952 1039 1993 sua:
1067 1933 1386 2005 potestatis,
1416 1947 1516 1987 nec
1531 1932 1659 2000 quis
1684 1930 1925 2002 priorum
1955 1944 2119 1983 ausus

532 2026 713 2088 fuitin
743 2045 805 2086 ea
830 2028 930 2085 sibi
961 2027 1235 2083 vindicare
1260 2023 1479 2094 aliquod
1527 2021 1616 2092 jus
1668 2022 1781 2077 sive
1818 2021 1925 2075 vim
1963 2020 2118 2074 inva-

530 2111 721 2185 sionis.
755 2122 1116 2192 Quamobrem
1148 2135 1277 2191 ergo
1319 2124 1536 2173 nostros
1566 2117 1733 2171 boves
1761 2113 2016 2184 abegisti,
2066 2119 2120 2168 et

532 2224 586 2278 in
615 2218 896 2276 servitium
928 2213 1151 2271 alterius
1177 2209 1504 2268 vindicasti?
1528 2207 1644 2263 Non
1671 2206 1867 2261 mirum
1898 2203 2119 2275 quidem

531 2316 576 2370 si
605 2312 836 2384 nequam
876 2324 1041 2382 prava
1069 2322 1165 2363 ore
1204 2303 1439 2376 profert,
1486 2299 1660 2368 majus
1693 2306 1777 2354 est
1814 2311 1950 2367 opus
1980 2310 2044 2352 ac
2073 2294 2119 2350 si

531 2390 677 2465 esset
727 2405 971 2461 dictum:
1032 2398 1089 2455 Si
1134 2407 1297 2463 tuus,
1340 2393 1545 2465 inquit,
1592 2403 1813 2447 sanctus
1868 2389 2121 2445 Bertinus

531 2500 630 2557 bos
648 2504 829 2563 esset,
876 2495 1006 2567 jugo
1031 2506 1151 2547 meo
1176 2489 1524 2561 jungeretur,
1584 2484 1795 2555 subque
1824 2482 2010 2549 labore
2040 2482 2120 2537 in-

531 2598 815 2665 gemeret,
870 2587 965 2659 qui
998 2595 1118 2640 tuos
1153 2580 1404 2654 quereris
1434 2593 1553 2633 meo
1594 2575 1769 2633 labori
1813 2574 2114 2630 insudasse.

531 2682 712 2751 Atille
750 2680 923 2752 inquit
954 2695 967 2732 :
1008 2675 1147 2745 Quid
1183 2672 1365 2729 dixisti
1391 2711 1423 2752 ,ι
1447 2684 1681 2740 nequam
1710 2666 1836 2723 vir?
1873 2673 1929 2722 et
1956 2665 2002 2720 si
2030 2678 2122 2720 co-

532 2778 733 2859 gitares
774 2772 917 2846 quod
970 2768 1123 2826 nefas
1179 2767 1322 2823 dictu
1371 2773 1486 2831 est,
1555 2774 1896 2833 nequaquam
1941 2756 2121 2829 palam

534 2852 831 2941 proferres.
882 2863 1149 2927 Plectere,
1196 2859 1365 2914 miser
1388 2898 1403 2923 ,
1436 2855 1628 2911 merita
1655 2852 1894 2924 plectere
1918 2863 2078 2921 poma
2103 2887 2120 2915 ,

538 2938 836 3015 multabere
857 2952 1096 3009 ccelestis
1118 2950 1213 3005 ira:
1235 2949 1404 3017 virga.
1434 2945 1569 2999 Dum
1594 2943 1759 3014 igitur
1779 2940 1950 2997 isdem
1970 2938 2122 2994 valde

538 3057 718 3122 motus
747 3060 910 3117 super
933 3043 1018 3099 bis
1044 3041 1237 3113 pedem
1260 3046 1568 3102 averteret,
1598 3034 1795 3090 merito
1819 3032 1977 3104 digna
2006 3046 2123 3101 per—
2150 3080 2196 3143 Ο

534 3156 730 3197 cussus
754 3145 839 3195 est
884 3136 1059 3208 plaga.
1119 3132 1254 3187 Nam
1306 3130 1474 3186 facies
1522 3127 1664 3183 illius
1700 3126 1768 3181 ad
1822 3124 2124 3195 posteriora

538 3231 685 3287 illico
708 3227 1059 3292 ﬂectebatur,
1115 3224 1252 3279 adeo
1280 3231 1336 3276 ut
1365 3219 1610 3289 occiput,
1649 3216 1793 3287 quod
1838 3224 1957 3271 erat
2006 3215 2122 3270 sin-

542 3319 714 3389 ciput,
744 3314 1075 3385 etsinciput,
1103 3311 1245 3382 quod
1278 3317 1396 3365 erat
1426 3308 1662 3376 occiput,
1694 3305 1880 3360 haberi
1911 3305 2127 3359 videre-

542 3420 653 3475 tur,
675 3415 875 3479 praeter
896 3405 1039 3476 quod
1062 3402 1226 3457 facies
1247 3401 1360 3456 suis
1379 3397 1570 3454 formis
1593 3397 1840 3468 insigniri
1863 3396 2082 3451 deberet
2107 3413 2120 3449 :

545 3497 743 3555 collum
766 3496 909 3553 enim
931 3494 1215 3550 distortum
1238 3501 1292 3548 et
1322 3489 1619 3546 tumidum.
1657 3487 1798 3543 labia
1829 3502 1981 3558 mque
2007 3487 2124 3559 qui-

544 3584 667 3648 dem
687 3588 971 3655 tumentia,
996 3596 1050 3644 et
1072 3586 1328 3642 aliorsum
1341 3600 1405 3641 ac
1427 3583 1687 3640 deberent
1711 3596 1890 3648 versa,
1921 3581 2123 3634 lumina

538 3694 760 3759 quoque
787 3678 1071 3736 oculorum
1095 3678 1368 3733 inversum
1395 3673 1714 3745 aspicientia
1736 3685 1963 3729 cernere
1984 3680 2121 3727 erat.

545 3775 615 3831 Et
641 3772 769 3843 quid
816 3773 972 3843 plura
1002 3767 1278 3825 referam?
1308 3767 1450 3837 quod
1488 3764 1684 3819 mirum
1711 3762 1858 3817 dictu
1883 3800 1898 3827 ,
1927 3761 2125 3832 magis-

540 3881 647 3937 que
676 3864 795 3920 visu
823 3872 938 3929 est,
988 3857 1126 3915 nihil
1149 3856 1371 3917 humani
1405 3855 1459 3911 in
1486 3869 1551 3910 eo
1582 3852 1934 3908 intuebantur
1958 3866 1973 3905 :
2002 3850 2126 3906 talis

544 3960 729 4027 itaque
787 3954 1006 4008 domum
1059 3948 1395 4021 deportatur.
1464 3943 1535 3998 At
1589 3941 1836 3998 taurinos
1891 3939 2128 4011 mugitus

543 4057 803 4105 emittens
829 4059 1047 4101 omnem
1083 4041 1340 4097 viciniam
1370 4052 1482 4093 suae
1511 4049 1687 4107 poenae
1725 4034 1968 4091 cruciatu
2010 4047 2126 4087 mo-

542 4142 724 4200 vebat.
748 4139 881 4214 Erat
902 4132 1047 4193 enim
1070 4134 1125 4188 in
1149 4133 1368 4190 homine
1393 4130 1578 4186 videre
1606 4128 1901 4182 miseriam.
1924 4125 2126 4182 Verum

548 4234 663 4291 suis
696 4230 952 4304 precibus
1002 4226 1344 4295 aliorumque
1398 4229 1590 4293 rogatu
1618 4260 1634 4285 ,
1684 4227 1739 4274 et
1784 4217 1912 4288 quia
1958 4215 2129 4272 voluit

540 4327 733 4403 videre
758 4323 1076 4388 multatum,
1129 4333 1238 4374 una
1280 4331 1404 4373 cum
1446 4313 1567 4371 aliis
1618 4321 1799 4368 uoster
1831 4310 2127 4366 monachus

2223 1953 2394 1999 retur.
2418 1941 2587 2015 igitur
2615 1941 2806 1997 eodem
2829 1940 2917 1997 die
2944 1955 3052 2012 quo
3074 1954 3264 1999 rursus
3283 1953 3588 2010 percussus
3617 1937 3812 1992 eadem

2222 2037 2543 2092 infirmitate
2570 2043 2654 2090 cst
2671 2075 2685 2100 ,
2731 2034 2899 2088 vitam
2922 2048 3083 2104 quam
3110 2040 3521 2103 postposuerat,
3549 2029 3810 2103 perdidit,

2222 2137 2452 2185 mortem
2475 2143 2636 2198 quam
2660 2135 2877 2184 secutus
2904 2124 3033 2191 fuit,
3065 2123 3236 2188 vidit,
3267 2123 3508 2193 invenit,
3541 2121 3742 2177 sensit.

2314 2263 2444 2319 Car.
2485 2259 2669 2317 XVIII.
2712 2259 2788 2314 De
2815 2256 3106 2313 inventione
3128 2256 3364 2310 corporis
3391 2252 3453 2310 S.
3480 2251 3711 2308 Bai-riui.

2293 2375 2564 2433 Modernis
2619 2370 2951 2443 temporibus
3019 2365 3364 2439 exigentibus
3424 2361 3807 2441 iniquitatibus

2224 2469 2457 2535 nostris,
2503 2474 2562 2522 ut
2610 2463 2833 2521 oraculo
2885 2459 3097 2517 ctelesti
3140 2470 3421 2514 ostensum
3464 2457 3597 2521 'est,
3645 2463 3808 2526 utque

2222 2561 2491 2632 digestum
2524 2572 2690 2630 penes
2726 2571 2823 2610 nos
2873 2551 3146 2609 invenitur
3192 2551 3246 2605 in
3281 2551 3547 2605 memoria
3575 2548 3806 2604 S.'Yino

2223 2653 2391 2710 centii
2417 2650 2708 2724 martyris,
2760 2646 2895 2704 ultio
2939 2647 3108 2717 'super
3158 2659 3258 2700 nos
3304 2643 3507 2699 divina:
3540 2640 3806 2724 pendebat

2224 2716 2613 2816 indignationis
2638 2758 2653 2796 :
2687 2753 2895 2810 nosque
2918 2750 3089 2808 usque
3114 2735 3180 2791 ad
3204 2734 3447 2789 animam
3466 2716 3803 2803 perculisset,

2224 2834 2330 2890 nisi
2353 2834 2495 2889 idem
2514 2838 2733 2888 sanctus
2748 2830 2955 2900 martyr
2966 2843 3086 2884 cum
3106 2824 3310 2882 sanctis
3325 2824 3578 2896 patronis
3591 2824 3804 2891 nostris,

2222 2926 2532 2982 Audomaro
2549 2921 2798 2978 videlicet
2823 2922 2991 2990 atque
3014 2917 3231 2975 Bertino
3245 2957 3260 2983 ,
3294 2918 3697 2971 intercessores
3716 2928 3807 2985 pro

2224 3020 2381 3076 nobis
2416 3032 2602 3073 coram
2642 3014 2871 3071 Domino
2910 3011 3359 3067 assurrexissent.
3420 3009 3630 3065 Verum
3658 3008 3804 3062 miseb

2227 3113 2401 3167 ricors
2426 3107 2684 3163 Dominus
2717 3111 3027 3177 sanctorum
3067 3116 3290 3161 suorum
3325 3084 3804 3156 interventionibus

2224 3204 2397 3260 ﬂexus
2440 3203 2508 3257 ad
2557 3196 2838 3271 pietatem,
2882 3192 3272 3269 indignationis
3316 3210 3433 3250 sua:
3472 3195 3545 3249 ad
3607 3184 3803 3250 temo"

2224 3294 2434 3353 distulit
2458 3293 2854 3365 correptionem
2881 3331 2896 3358 ,
2933 3278 3287 3346 confessionis
3322 3274 3723 3358 plenitudinem
3745 3299 3804 3339 ac

2227 3399 2429 3447 sanctae
2484 3384 2911 3445 conversationis
2970 3384 3287 3456 praestolans
3348 3382 3798 3439 meliorationem.

2228 3483 2341 3538 llac
2368 3482 2552 3551 itaque
2583 3478 2962 3550 redargutione
2985 3460 3315 3535 unanimiter
3356 3468 3649 3549 perterriti
3673 3486 3727 3532 et
3743 3476 3805 3530 ad

2229 3584 2442 3646 tempus
2488 3570 2810 3645 poenitentia
2852 3570 3030 3637 ducti,
3087 3584 3209 3626 cum
3273 3569 3551 3627 linetenus
3596 3570 3651 3625 in
3693 3568 3807 3623 novi

2228 3667 2462 3726 hominis
2483 3665 2853 3722 sinceritatem
2875 3662 3217 3719 inmutatione
3234 3670 3427 3718 sancta
3450 3660 3595 3718 foret
3619 3663 3807 3717 eniten-

2227 3765 2384 3827 dum,
2413 3774 2442 3814 a
2471 3757 2742 3814 nonnullis
2767 3757 2961 3812 iterato
3003 3755 3233 3811 reditum
3261 3762 3346 3810 est
3383 3755 3442 3810 in
3473 3756 3574 3810 luti
3610 3754 3803 3810 voluta-

2227 3855 2404 3910 brum.
2441 3849 2684 3906 Tandem
2731 3836 3074 3919 iniquitatum
3118 3831 3432 3903 nostrarum
3487 3846 3805 3902 enormitate

2230 3944 2477 4000 irritatus
2528 3955 2795 4012 supernus
2859 3939 3079 3995 Arbiter
3114 3978 3131 4004 ,
3191 3937 3529 3993 exteriorem
3602 3937 3803 3992 domum

2228 4049 2415 4101 suam,
2437 4033 2512 4089 uti
2543 4032 2702 4104 longe
2727 4041 2886 4087 antea
2911 4029 3169 4087 divinitus
3189 4028 3590 4085 comminatum
3619 4027 3800 4091 fuerat,

2227 4126 2339 4199 igni
2369 4107 2752 4180 miserabiliter
2775 4121 2843 4178 ad
2874 4109 3243 4177 devorandum
3278 4119 3651 4185 deliberarat,
3686 4128 3804 4174 etut

2228 4220 2432 4279 dictum
2461 4208 2578 4292 est,
2600 4233 2632 4292 ᾳ
2662 4216 2966 4270 sanctuario
2993 4229 3106 4269 meo
3141 4212 3352 4283 incipite
3378 4211 3607 4280 (Eucti.
3632 4227 3713 4275 rx,
3733 4211 3802 4279 6),

2227 4310 2371 4366 aedes
2395 4309 2487 4364 Dei
2518 4309 2697 4363 subito
2724 4307 2848 4383 igne
2872 4305 3198 4360 invaduntur
3222 4320 3236 4358 :
3264 4302 3355 4373 qui
3391 4303 3697 4372 rapacitate
3720 4316 3804 4356 sua

548 4416 868 4474 ﬂeribertus
903 4413 995 4469 illo
1020 4411 1191 4467 venit.
1245 4409 1411 4480 Cujus
1445 4407 1789 4478 praesentiam
1822 4401 2128 4470 intelligens
2158 4433 2206 4490 Β
2231 4400 2394 4456 totius
2430 4399 2651 4453 claustri
2687 4404 2844 4469 gyrat
2887 4395 3157 4459 conﬁnia,
3201 4388 3277 4449 et,
3301 4393 3444 4449 nihil
3502 4392 3805 4465 intermisso

542 4500 683 4566 voce
706 4509 839 4577 (non
860 4505 1008 4561 enim
1029 4503 1149 4558 visu
1170 4502 1311 4556 hunc
1333 4500 1508 4570 ipsum
1535 4509 1831 4568 agnoscere
1857 4490 2126 4562 quiverat)

551 4617 660 4674 quo
678 4617 779 4673 pro
804 4615 865 4656 se
886 4607 1007 4655 oret
1032 4596 1357 4666 deprecatur
1379 4591 1589 4645 intente
1606 4629 1620 4655 ,
1648 4603 1713 4643 ac
1734 4602 1877 4657 saepe
1903 4583 2132 4639 multum

551 4701 727 4765 rogat.
760 4692 833 4746 At
864 4690 954 4747 ille
977 4685 1313 4757 compatieus
1340 4681 1570 4745 misero,
1621 4677 1764 4751 (quis
1804 4675 1950 4731 enim
1986 4689 2133 4728 mor-

553 4764 675 4842 talis
705 4785 849 4840 hunc
892 4776 1200 4851 hujusmodi
1230 4788 1461 4831 cernens
1504 4787 1610 4826 non
1657 4774 2063 4839 compateretur
2085 4764 2131 4830 ‘3)

542 4877 863 4949 sciscitatur
891 4890 958 4929 an
1007 4870 1137 4929 velit
1176 4867 1372 4924 amodo
1421 4864 1744 4938 resipiscere
1786 4860 2134 4929 funditusque

555 4969 796 5042 priorem
816 4968 984 5022 vitam
1012 4963 1304 5035 corrigere.
1345 4960 1580 5025 Eadem,
1629 4954 1834 5026 inquit,
1873 4953 2059 5024 passio
2081 4959 2136 5006 et

558 5060 879 5120 incurabilis
906 5048 1165 5129 percellat
1193 5070 1280 5111 me
1304 5052 1536 5116 feriens,
1575 5049 1621 5105 si
1666 5063 1797 5103 sane
1826 5052 2050 5101 sanatus
2078 5043 2133 5097 in

558 5153 808 5210 omnibus
829 5157 1111 5204 emendari
1135 5154 1445 5216 neglexero.
1492 5138 1739 5196 Credidit
1769 5137 1933 5208 igitur
1960 5134 2135 5189 bonus

1201 5246 1452 5270 rauci-cna
1485 5237 1564 5270 pet
1598 5229 1852 5270 nnntinnn
1925 5232 2096 5270 m‘MIII
2116 5263 2132 5270 -

557 5244 645 5270 ..ξι-
670 5237 940 5270 κλΛκοῖΛηῖ
976 5234 1117 5270 ἷηῖηο

2230 4488 2612 4547 exterminavit
2662 4487 2867 4545 omnia.
2915 4486 3012 4543 His
3039 4486 3114 4541 ita
3143 4485 3523 4556 consumptis,
3568 4486 3798 4539 insecuta

2233 4592 2392 4640 nocte
2415 4584 2627 4638 cuidam
2656 4582 2933 4653 seniorum
2974 4588 3284 4635 nostrorum
3327 4579 3386 4653 in
3418 4592 3619 4634 somno
3648 4576 3801 4633 visum

2233 4683 2318 4729 est
2361 4672 2546 4745 videre
2595 4671 2886 4742 quemdam
2928 4668 3273 4741 magnificum
3328 4666 3545 4733 virum,
3605 4665 3806 4720 habitus

2235 4766 2470 4822 candore
2497 4766 2744 4831 niveum,
2773 4763 2955 4820 vultus
2981 4761 3268 4834 splendore
3289 4758 3618 4815 fulmineum
3636 4799 3657 4825 ,
3686 4771 3805 4829 quo-

2235 4857 2361 4912 dam
2398 4855 2520 4911 loeo
2562 4854 2784 4911 claustri
2832 4852 3174 4926 perstitisse,
3235 4850 3594 4921 diligentique
3630 4849 3804 4905 obtutu

2236 4946 2646 5017 circumspectis
2675 4946 2929 5003 omnibus
2956 4952 3176 5000 extenta
3203 4942 3428 5017 dextera
3457 4954 3677 4995 omnem
3704 4954 3801 4994 eu:-

2236 5037 2384 5092 nobii
2410 5036 2587 5092 locum
2611 5035 2976 5094 benedixisse.
3017 5035 3134 5103 Qua
3165 5035 3233 5090 de
3273 5047 3333 5089 re
3354 5032 3520 5087 etiam
3545 5029 3800 5105 colligitur

2236 5128 2416 5185 locum
2453 5143 2482 5181 a
2517 5127 2839 5198 quibusdam
2871 5126 3176 5183 commissis
3211 5122 3327 5196 jam
3358 5123 3670 5193 expiatum,
3712 5122 3796 5177 de-

2239 5236 2495 5270 mnlnﬂlle
2541 5222 2594 5270 in
2638 5220 2927 5270 arietinum
2963 5218 3048 5270 vel
3093 5218 3358 5270 notiorem
3411 5216 3666 5270 decorem
3706 5212 3796 5267 ali-
