3960 5320
132 378 290 438 ιιὶῖ

1242 386 1593 453 ΜΙΒΔΕΙΞΙΑ
1642 388 1696 454 εξ
1739 400 2035 457 BERTINL
2079 436 2145 442 ——
2184 405 2309 459 LlB.
2351 406 2415 459 Il.

3273 412 3410 467 ιιδι

119 498 283 554 ratis
313 510 406 551 seu
430 499 608 567 potius
636 501 917 570 dealbatis,
943 505 1272 563 :editicanda:
1298 511 1497 566 ihidem
1524 525 1724 583 cryptm
1755 518 1798 576 Α
1830 518 1956 584 quid
1984 517 2049 572 de
2080 520 2163 574 his
2186 521 2300 589 ipse
2347 520 2673 589 apostolicus
2720 538 2841 576 cum
2895 522 3159 593 gratioris
3199 526 3410 581 consilii

132 600 324 647 causa
358 589 629 646 cardinale
670 591 783 666 (56)
824 593 882 649 S.
928 596 1142 653 Martini
1196 600 1373 657 altare
1409 605 1724 659 mutanilum

122 672 355 743 fuerat,
387 679 528 748 quod
556 679 671 736 sine
728 684 995 752 pontiﬁcis
1020 688 1133 743 fieri
1168 691 1453 760 pra'sentia
1506 693 1725 749 minime

122 765 395 824 decebat.
444 768 610 842 Cujus
664 774 739 830 rei
790 778 963 846 gratia
1014 780 1218 836 accitus
1263 784 1548 856 episcopus
1592 788 1724 842 satis

121 857 407 917 benevole
426 866 695 931 accurrit,
747 883 897 923 aram
948 870 1322 929 destructurus
1372 890 1495 929 cum
1534 877 1722 935 multis

118 954 409 1019 accessit,
434 955 629 1026 illaque
651 958 907 1015 subversa
930 961 1145 1018 domum
1168 965 1346 1020 rediit.
1380 966 1497 1032 Quo
1521 967 1573 1021 in
1604 967 1723 1025 loco

116 1033 376 1124 dumuti
410 1048 475 1101 ad
513 1047 738 1104 locanda
767 1049 1111 1108 fundamenta
1144 1055 1307 1111 altius
1326 1054 1560 1124 foditur,
1592 1058 1721 1114 dum

115 1122 316 1190 tum
342 1146 604 1213 terrarum
631 1143 784 1211 copia
813 1141 1065 1210 effertur,
1092 1160 1219 1202 ecce
1244 1147 1343 1202 sub
1366 1148 1479 1219 ipso
1503 1161 1720 1206 sacrato

115 1224 335 1281 altaris
360 1227 479 1284 loco
500 1230 773 1302 quoddam
800 1247 1077 1304 apogmum
1108 1236 1220 1307 (57)
1251 1237 1401 1294 duris
1426 1238 1715 1309 lapidibus,

117 1318 387 1388 tegulis,
444 1322 774 1394 antiquoque
838 1335 1100 1383 caemento
1156 1344 1381 1400 operose
1443 1333 1717 1388 conditum

113 1409 435 1467 oﬂ’enditur
465 1433 476 1467 :
509 1430 608 1469 nec
639 1417 772 1488 tegi,
807 1434 907 1474 nec
937 1420 1110 1491 detegi
1137 1421 1273 1477 uitra
1301 1418 1426 1477 illud
1450 1426 1720 1494 permitti-

122 1509 245 1567 tur,
277 1519 347 1557 ne
378 1502 559 1560 forsan
580 1506 621 1561 si
647 1508 853 1578 absque
867 1509 1130 1566 bonorum
1155 1512 1391 1568 virorum
1409 1516 1716 1574 testimonio

114 1591 412 1649 detectum
438 1596 769 1663 solveretur,
813 1609 907 1654 aut
941 1610 1142 1656 tectmn
1171 1603 1482 1674 aliquandiu
1520 1605 1715 1664 fratres

112 1683 301 1755 hujus
362 1686 465 1742 loci
517 1690 788 1747 occultare
844 1704 1203 1761 conarentur,
1271 1713 1714 1772 quorumcuuque

64 1840 81 1844 _
113 1776 457 1832 mutulorum
494 1779 939 1853 derogationibus
980 1786 1420 1843 criminarentur.
1473 1790 1712 1847 Tandem

1830 607 1963 661 viris
2016 611 2290 682 egregium
2335 613 2601 677 sentiret,
2655 615 2734 669 eis
2780 628 2878 683 pro
2932 616 3147 670 nomine
3196 615 3406 674 Domini

1826 700 2085 754 mandare
2133 702 2322 757 eodem
2371 702 2548 775 legato
2596 720 2703 759 non
2745 704 3005 762 differret.
3069 705 3236 773 Quem
3285 724 3407 764 cum

1826 786 2061 852 adiisset,
2094 806 2157 845 ac
2182 792 2293 863 jam
2321 807 2505 847 coram
2534 809 2600 849 eo
2621 794 2861 851 admisso
2912 796 3012 853 sibi
3071 797 3192 852 data
3253 799 3409 871 copia

1824 876 1971 932 fandi
2001 889 2163 946 esset,
2198 898 2311 937 rem
2340 894 2547 954 gestam
2576 901 2673 954 per
2714 886 2958 941 ordinem
3012 888 3210 943 domno
3255 905 3407 961 papae

1824 969 2118 1036 succincte,
2150 983 2308 1042 prout
2337 976 2388 1029 in
2420 976 2601 1031 multis
2652 989 2779 1033 tunc
2830 990 3092 1050 occnpato
3135 985 3405 1051 exposuit,

1825 1060 2242 1132 testimoniaque
2273 1063 2585 1136 Scrrpturze,
2618 1078 2671 1123 et
2691 1084 2907 1126 crucem
2948 1088 3070 1126 cum
3099 1088 3257 1129 sacro
3282 1090 3404 1131 cor-

1821 1163 1951 1218 pore
1976 1164 2242 1223 repertam
2267 1173 2428 1227 quam
2472 1174 2654 1215 secum
2686 1176 2784 1231 pro
2826 1164 3134 1219 testimonio
3188 1167 3403 1232 tulerat,

1820 1240 2098 1298 obtutibus
2127 1246 2245 1316 ejus
2270 1252 2634 1316 praesentavit.
2681 1252 2886 1319 Quibus
2913 1256 3062 1323 visis,
3118 1267 3174 1313 et
3218 1258 3269 1313 hi
3312 1261 3404 1331 qui

1820 1340 1949 1387 tunc
1973 1331 2110 1388 forte
2131 1350 2312 1391 secum
2338 1341 2585 1407 aderant,
2608 1343 2685 1396 uti
2708 1344 2797 1412 qui
2824 1344 2891 1400 ad
2933 1345 3233 1403 Romanum
3276 1352 3407 1404 cori-

1818 1423 2000 1479 cilium
2034 1435 2160 1482 tunc
2190 1441 2576 1496 convenerant,
2612 1433 2820 1489 scilicet
2864 1437 3191 1505 patriarcha:
3231 1438 3401 1510 Aqui-

1818 1512 1953 1581 leim,
1984 1517 2429 1591 archiepiscOpis,
2461 1524 2803 1593 prmsulibus,
2831 1526 3140 1593 abbatibus,
3174 1528 3399 1585 ducibus

1817 1622 1882 1663 ac
1919 1610 2245 1680 primoribus
2273 1652 2291 1679 ,
2357 1614 2745 1672 demonstratis
2794 1616 2987 1673 talibus
3038 1619 3117 1673 ait
3159 1621 3403 1677 veritatis

1815 1700 2029 1755 indiciis
2058 1716 2393 1774 nequaquam
2425 1705 2622 1762 debere
2648 1706 2837 1775 diuidi,
2876 1710 2967 1765 sed
3022 1711 3189 1767 tutius
3222 1728 3285 1767 ac
3313 1712 3403 1766 tir-

1816 1791 1956 1845 mins
1983 1793 2151 1857 credi,
2184 1795 2485 1864 praesertim
2528 1812 2651 1851 cum
2686 1798 2738 1852 in
2779 1800 2961 1855 multis
2986 1801 3264 1856 annalium
3316 1818 3399 1873 ge-

114 1879 300 1935 snper
328 1868 428 1924 hoc
459 1874 857 1929 communicato
875 1875 1165 1945 proborum
1188 1879 1449 1947 consilio,
1471 1881 1715 1953 pluribus
1746 1858 1788 1918 Β
1818 1882 1916 1938 stis
1946 1884 2079 1939 satis
2117 1886 2289 1955 possit
2319 1887 2575 1954 inveniri,
2604 1898 2827 1945 cunctos
2849 1906 2985 1961 pene
3009 1890 3196 1948 Galliae
3221 1894 3403 1949 termi-

113 1958 348 2016 idoneis
380 1960 604 2018 testibus
636 1964 1111 2024 circumstantibus
1135 2010 1151 2034 ,
1200 1985 1322 2025 cum
1352 1972 1713 2042 processioni-

114 2047 231 2104 bus
253 2091 269 2116 ,
302 2052 556 2110 crucibus
584 2056 788 2126 paratis
835 2067 892 2114 et
930 2060 1103 2116 cereis
1154 2062 1466 2131 acceditur,
1517 2073 1572 2120 et
1605 2064 1716 2120 fra-

112 2143 341 2210 tribus,
381 2155 439 2200 ut
483 2148 736 2215 decebat,
786 2151 1001 2208 interim
1056 2154 1275 2212 litanias
1322 2159 1709 2229 cantantibus,

108 2233 451 2305 cunctisque
502 2236 896 2298 demirantibus
948 2259 1224 2316 apogzeum
1278 2248 1548 2320 detegitur
1579 2290 1595 2317 ,
1646 2266 1711 2307 ac

112 2325 305 2403 niutto
332 2326 626 2384 muttorum
670 2330 868 2388 sudore
889 2348 917 2388 a
945 2334 1120 2405 prima
1151 2337 1259 2392 diei
1287 2338 1419 2395 hora
1456 2355 1625 2411 usque
1657 2343 1711 2397 in

112 2427 422 2486 vesperum
449 2418 643 2477 ferreis
677 2423 1051 2482 instrumentis
1094 2430 1182 2485 vix
1212 2432 1522 2503 dissipatur.
1558 2436 1710 2502 Quod

114 2506 348 2561 tandem
372 2518 639 2579 apertum.
662 2513 974 2583 plumbeum
998 2518 1257 2575 scrinium
1274 2523 1513 2578 onmium
1528 2534 1711 2581 astan-

113 2592 263 2651 tium
286 2599 456 2653 oculis
469 2612 690 2671 apparet
710 2606 1057 2676 continuisse,
1084 2608 1281 2680 illoque.
1294 2612 1471 2669 soluto
1490 2615 1707 2672 cunctis

107 2684 605 2769 circumstantibus
641 2694 866 2750 emerita
917 2696 1199 2768 cujusdam
1247 2704 1423 2759 sancti
1463 2707 1707 2761 membra

112 2780 472 2857 revelantur,
520 2794 579 2841 et
617 2787 717 2843 sub
763 2789 985 2848 dextero
1012 2793 1254 2862 ejusdem
1280 2796 1452 2852 sancti
1480 2798 1705 2855 humero

106 2885 262 2926 crux
290 2885 561 2957 argentea
603 2888 816 2949 reperta
845 2884 1184 2953 extrahitur,
1232 2886 1602 2960 fratribusqne
1638 2890 1703 2946 ad

114 2951 325 3023 magnus
355 2951 655 3036 profertur,
699 2970 796 3027 has
822 2981 1028 3031 tantum
1053 2977 1213 3033 trium
1243 2980 1533 3037 verborum
1568 2997 1701 3038 eon-

113 3046 307 3111 tiuens
329 3058 579 3116 notatas:
608 3060 839 3121 Sanctus
859 3064 1110 3124 Bertinus
1137 3070 1327 3128 abbas.

107 3160 978 3265 ωξς,.ἕέ¹ί;..ἐ¹ἰτέιξξέιειτε,σεοά
1006 3178 1209 3262 fac!“
1246 3192 1323 3265 ρει
1360 3184 1546 3265 eode»:
1584 3202 1699 3265 mo:
1729 3203 1774 3265 c

190 3247 514 3319 mento“an
539 3246 713 3319 sancti
734 3247 831 3319 viri
854 3246 1054 3319 corpus
1084 3252 1346 3309 inventum
1383 3266 1480 3313 est.
1514 3255 1700 3313 Leonis

187 3322 347 3376 papa:
372 3307 584 3366 licentia
604 3329 701 3383 pro
729 3307 967 3380 eiusdem.
990 3307 1290 3377 elevations.

191 3422 417 3482 Talibus
466 3443 594 3500 ergo
636 3429 853 3487 indiciis
906 3435 1143 3503 pretioso
1197 3450 1360 3507 super
1411 3454 1603 3495 aurum
1650 3451 1705 3498 et

109 3513 383 3585 topaziou
404 3515 626 3575 invento
650 3536 716 3577 ac
750 3534 1030 3594 comperto
1057 3524 1353 3582 beatissimi
1386 3528 1563 3584 Patris
1580 3547 1702 3586 cor-

108 3622 276 3677 pore,
304 3622 427 3665 cum
452 3619 680 3669 eatenus
705 3613 914 3669 diutina
939 3625 994 3671 et
1013 3617 1331 3686 gravissima
1361 3622 1538 3676 omnis
1558 3629 1701 3677 terra

109 3700 347 3755 decocta
392 3705 834 3770 pessumdaretur
873 3708 1119 3764 siccitate
1151 3749 1167 3774 ,
1205 3724 1331 3766 ecce
1367 3713 1559 3767 eodem
1595 3729 1702 3769 mo~

110 3798 314 3847 urente
342 3792 637 3859 prannissis
674 3794 859 3851 multis
900 3797 1151 3852 tonitruis
1181 3806 1344 3868 atque
1370 3803 1702 3855 coruscanti-

115 3880 227 3941 bus
293 3880 604 3939 fulminibus
650 3884 882 3954 [innima
932 3887 1229 3949 subsecuta
1279 3898 1365 3945 est
1422 3890 1703 3949 inundatio

108 3972 391 4044 pluvialis.
421 3975 534 4043 Qua
566 3979 1017 4039 sullicientissime
1044 3984 1285 4039 debriata
1315 3985 1471 4040 tellus
1491 4026 1504 4049 ,
1530 3986 1702 4042 culto-

114 4064 274 4122 ribus
297 4069 412 4125 suis
427 4068 479 4123 in
493 4087 662 4128 novos
689 4070 897 4129 fructus
917 4089 1039 4130 sese
1063 4075 1299 4131 rediviva
1327 4092 1422 4146 spe
1443 4076 1701 4146 jamjam-
1792 4108 1795 4111 ν

108 4170 229 4227 que
257 4162 426 4232 cepit
462 4163 706 4219 dilatare.
738 4163 904 4220 Facta
929 4174 1012 4220 est
1042 4175 1225 4221 autem
1252 4166 1413 4237 hujus
1451 4170 1702 4224 sacratis-

110 4248 249 4305 simi
290 4253 536 4322 corporis
565 4253 809 4309 inventio
847 4268 991 4310 anno
1029 4265 1322 4325 assumpta:
1348 4256 1700 4313 humanitatis

114 4338 325 4396 Christi
384 4343 669 4401 millesimo
723 4343 1204 4417 quinquagesimo,
1271 4345 1482 4403 decimo
1543 4356 1698 4403 sexto

113 4430 391 4489 Kalendas
430 4432 583 4491 Julii.
630 4434 800 4493 Sacro
836 4436 1002 4507 igitur
1048 4453 1277 4509 corpore
1297 4438 1404 4508 jam
1433 4440 1692 4505 revelato,

1816 1987 1940 2036 nos,
2000 1978 2344 2046 maximeque
2388 1990 2571 2033 nostra
2614 1994 2679 2034 ac
2724 1992 2920 2037 caetera
2964 1984 3233 2039 maritima
3282 1985 3400 2041 loca

1815 2062 2189 2133 frequentibus
2221 2069 2488 2124 Itanorum
2529 2069 2952 2137 incursionibus,
2986 2074 3400 2144 depraedationi-

1812 2152 1912 2210 bus
1935 2155 2303 2228 incendiisque
2331 2158 2602 2230 papulata,
2634 2168 2690 2219 et
2712 2162 2779 2217 ob
2806 2162 2859 2217 id
2884 2163 3050 2219 multa
3079 2174 3394 2221 sanctorum

1811 2261 2038 2316 corpora
2067 2249 2311 2318 quaedam
2338 2265 2368 2304 a
2389 2249 2522 2307 locis
2573 2253 2751 2309 minus
2783 2255 2910 2310 tutis
2943 2256 3224 2322 translata,
3250 2274 3398 2328 quac-

1812 2337 1936 2391 dam
1964 2352 2092 2394 vero
2120 2339 2446 2407 clanculum,
2478 2346 2618 2398 sicut
2641 2347 2705 2400 de
2738 2355 2927 2401 saneto
2943 2346 3166 2402 Bertino
3193 2348 3392 2404 factum

1808 2438 2042 2496 constat,
2075 2430 2159 2486 vel
2186 2434 2441 2489 maceriis
2468 2434 2547 2489 vel
2580 2436 2740 2492 terris
2767 2446 2892 2493 sunt
2936 2440 3233 2495 recondita.
3267 2440 3396 2508 Qui-

1808 2519 1908 2577 bus
1930 2523 2204 2595 responsis
2225 2525 2503 2594 apostolici
2552 2526 2751 2583 domno
2802 2529 2983 2584 abbati
3034 2531 3233 2585 Bovoni
3284 2532 3395 2585 t'ra-

1809 2612 2089 2683 tribusque
2117 2615 2274 2685 hujus
2314 2615 2414 2671 loci
2448 2618 2515 2672 ab
2546 2634 2733 2674 eorum
2783 2622 2972 2677 nuntio
3021 2623 3208 2679 relatis
3254 2624 3393 2678 invi-

1808 2710 1993 2759 tantur
2010 2705 2239 2762 domnus
2264 2706 2425 2764 Wido
2448 2707 2739 2765 Remorum
2770 2711 3119 2781 archiprzesul
3135 2724 3188 2768 et
3212 2713 3389 2786 Drogo

1806 2792 2137 2850 Morinorum
2167 2797 2451 2867 cpiscopus
2472 2814 2593 2852 cum
2625 2799 2808 2856 multis
2834 2801 3218 2871 spectabilibus
3266 2818 3390 2872 per-

1805 2888 1972 2943 sonis.
2000 2887 2316 2958 Diversique
2346 2906 2466 2945 cum
2496 2891 2575 2946 eis
2597 2892 2794 2947 adsunt
2817 2893 3043 2949 abbates
3083 2910 3114 2950 e
3160 2896 3390 2961 diversis

1804 2976 1937 3034 locis
1971 2981 2355 3047 adventantes;
2386 2982 2679 3038 innumera:
2704 2984 2884 3055 populi
2930 2985 3035 3041 huc
3062 2995 3223 3041 ruunt
3253 2987 3390 3041 mul—

1803 3072 2080 3128 titudines.

1803 3161 1934 3218 Car.
1968 3161 2085 3218 XX.
2122 3163 2209 3231 ,De
2261 3165 2548 3239 elevationes
2600 3169 2833 3239 ejusdem
2867 3172 3173 3238 protectoris
3223 3156 3389 3226 nostri

2487 3237 2706 3293 Bertini.

1873 3344 2029 3400 Anno
2055 3344 2221 3417 igitur
2248 3348 2410 3405 Verbi
2441 3347 2706 3404 iuearnati
2726 3350 3023 3423 millesimo
3051 3352 3385 3425 quinquage-

1802 3426 1940 3492 Siuto
1965 3438 2220 3503 secundo,
2253 3449 2406 3494 sexto
2430 3440 2608 3496 Nonas
2630 3440 2778 3506 Maii,
2815 3445 3021 3514 paratis
3046 3444 3387 3515 praesulibus,

1802 3529 2112 3595 abbatibus,
2164 3532 2445 3587 monachis
2494 3542 2657 3604 atque
2713 3535 3012 3600 canonicis,
3064 3538 3387 3607 quihusdam

1804 3620 1966 3674 etiam
1994 3620 2254 3675 laicorum
2300 3622 2597 3692 majoribus
2631 3624 2680 3678 in
2711 3626 3080 3682 testimonium
3114 3628 3390 3685 intromis-

1803 3713 1901 3776 sis,
1921 3727 2046 3768 enm
2066 3714 2504 3782 processionihus
2527 3717 2592 3771 ad
2621 3726 2868 3774 sanctum
2892 3720 3063 3776 locum
3087 3723 3381 3786 acceditur,

1802 3798 2006 3856 litania:
2047 3802 2306 3859 canenda:
2334 3804 2721 3876 incmptantur,
2784 3810 3071 3885 missisque
3120 3813 3386 3882 operariis

1802 3893 2060 3948 scrinium
2089 3896 2290 3951 sacrati
2314 3899 2557 3966 corporis
2586 3897 2742 3955 effodi
2762 3900 3002 3969 jubetur.

1873 4003 2000 4058 CAP.
2027 4004 2167 4060 XXI.
2202 4006 2518 4062 Miraculum
2569 4010 2769 4079 factum
2814 4012 2938 4065 dum
2988 4024 3380 4068 sacrosanctum

2216 4094 2405 4147 corpus
2433 4096 2464 4132 a
2492 4090 2633 4143 terra
2654 4081 2962 4136 elevaretur.

1871 4165 2004 4220 Cum
2034 4182 2163 4222 vero
2220 4168 2546 4223 sanctissimi
2579 4168 2759 4224 Patris
2782 4172 2981 4225 Bertini
3016 4175 3272 4228 membra.
3287 4189 3382 4245 per

1801 4271 1994 4312 manus
2019 4259 2331 4329 pontiﬁcum
2357 4269 2520 4330 atque
2560 4260 2811 4316 abbatum
2841 4260 3277 4331 extraherentur,
3305 4278 3376 4333 et,

1799 4354 1861 4401 ut
1884 4347 2132 4413 decebat,
2156 4358 2569 4416 venerarentur,
2600 4366 2740 4420 aqua
2766 4342 3002 4424 vinoque
3028 4364 3206 4409 rorata
3261 4357 3377 4426 pia-

1800 4446 2006 4503 rentur,
2035 4440 2245 4494 astabat
2267 4453 2510 4495 seorsum
2542 4442 2760 4512 quidam
2791 4443 3045 4512 clericus,
3066 4446 3381 4504 Berwoldus

114 4531 178 4575 ut
200 4520 405 4577 dictum
430 4532 537 4591 est,
575 4539 643 4581 ac
685 4526 921 4592 detecto,
951 4528 1140 4584 eadem
1171 4544 1306 4583 urna
1350 4545 1449 4586 sua
1496 4531 1688 4602 relegi,
1724 4544 1769 4602 ί)
1796 4528 2034 4591 nomine,
2071 4530 2230 4585 unius
2259 4530 2399 4586 oculi
2423 4530 2626 4588 lumine
2647 4534 2905 4600 orbatus,
2935 4538 3024 4606 qui
3050 4537 3378 4610 jampridem

111 4622 173 4668 et
221 4611 485 4689 loculus,
515 4627 572 4671 ut
615 4618 825 4687 pridem
882 4617 1089 4683 fuerat,
1130 4619 1350 4689 jubetur
1389 4624 1687 4688 remuniri,

107 4715 402 4775 quousque
426 4704 688 4774 majorum
732 4708 1004 4773 consultu;
1034 4708 1161 4778 quid
1191 4722 1350 4779 super
1396 4711 1513 4779 ipso
1553 4711 1693 4767 foret

108 4795 385 4865 agendum
413 4806 595 4866 posset
640 4798 945 4854 deliberari.
978 4797 1092 4853 Hae
1120 4806 1440 4870 tempestate
1465 4804 1692 4859 domnus

105 4899 249 4955 papa
277 4884 409 4951 Leo,
431 4900 785 4957 cognomento
811 4890 1009 4956 Bruno,
1053 4902 1254 4947 sanctae
1277 4892 1534 4949 Romanae
1554 4910 1691 4965 prae-

108 4976 605 5045 sidebatEcclesiae,
638 4981 791 5052 cujus
818 4982 1130 5052 sagacitatis
1153 4999 1216 5039 ac
1241 4984 1526 5053 probitatis
1548 4985 1691 5040 fama

108 5083 209 5140 per
234 5079 406 5124 totum
429 5070 614 5126 orbem
638 5074 879 5145 spirabat
909 5074 1131 5130 odorem
1154 5076 1335 5132 suavis
1359 5075 1687 5148 fragrantiaa;

109 5161 178 5214 ad
200 5175 363 5229 quem
386 5164 708 5219 necessitate
731 5174 975 5235 urgente,
1006 5180 1114 5234 quo
1144 5167 1407 5239 majorum
1453 5168 1692 5223 auctori-

1794 4631 2031 4689 eousque
2056 4629 2313 4691 utrosque
2349 4621 2534 4677 oculos
2565 4625 2955 4694 perspicuitate
3005 4642 3164 4697 pares
3214 4630 3381 4685 habe-

1794 4705 1908 4774 bat,
1933 4708 2027 4761 sed
2054 4710 2237 4764 nescio
2263 4709 2416 4778 cujus
2439 4713 2565 4765 mali
2592 4728 2756 4768 causa
2797 4715 3028 4771 antehac
3074 4720 3364 4786 quamdam

1792 4808 1984 4851 venam
2008 4799 2295 4853 secandam
2322 4801 2630 4870 contiguam
2660 4804 2834 4869 oculo,
2883 4813 2941 4859 ut
2982 4808 3374 4875 medicarelur,

1793 4884 1897 4940 sibi
1927 4885 2092 4941 incidi
2114 4886 2340 4955 fecerat,
2368 4889 2508 4944 unde
2535 4905 2697 4947 omne
2718 4892 2896 4948 lumen
2939 4894 3180 4964 ejusdem
3228 4901 3380 4957 oculi

1794 4974 2079 5042 amiserat;
2114 4977 2209 5033 sed
2237 4977 2291 5032 id
2331 4990 2529 5049 praeter
2554 4997 2757 5051 paucos
2795 4993 2850 5039 et
2879 4986 3205 5047 domesticos
3255 5005 3384 5048 suos

1793 5067 2008 5126 ruboris
2034 5086 2195 5126 causa
2226 5087 2363 5141 pene
2387 5080 2599 5131 cunctis
2618 5078 2910 5135 celaverat.
2940 5080 3039 5140 llic
3066 5084 3240 5141 sancti
3256 5084 3391 5138 Ber-

1794 5160 1893 5215 tini
1932 5165 2322 5235 patrocinium,
2371 5177 2429 5221 ut
2473 5184 2502 5222 a
2552 5171 2782 5230 Domino
2828 5172 2931 5229 sibi
2987 5179 3137 5234 reddi
3201 5176 3392 5234 lumen
