  <div class='ocr_page' id='page_1' title='image "/cluster/home/n/w/nwhite01/storage/ocr_20150623/147/hvd.32044010574002/573.png"; bbox 0 0 3936 5402; ppageno 0'>
   <div class='ocr_carea' id='block_1_1' title="bbox 562 240 696 300">
    <p class='ocr_par' dir='ltr' id='par_1_1' title="bbox 562 240 696 300">
     <span class='ocr_line' id='line_1_1' title="bbox 562 240 696 300; baseline -0.037 0"><span class='ocrx_word' id='word_1_1' title='bbox 562 244 585 299; x_wconf 78' lang='grc'>1</span> <span class='ocrx_word' id='word_1_2' title='bbox 602 240 696 300; x_wconf 72' lang='lat'><strong>135</strong></span> 
     </span>
    </p>
   </div>
   <div class='ocr_carea' id='block_1_2' title="bbox 560 321 2198 415">
    <p class='ocr_par' dir='ltr' id='par_1_2' title="bbox 560 321 2198 415">
     <span class='ocr_line' id='line_1_2' title="bbox 560 321 2198 415; baseline -0.023 -7"><span class='ocrx_word' id='word_1_3' title='bbox 560 349 989 408; x_wconf 83' lang='lat' dir='ltr'><strong>attrcclabantur</strong></span> <span class='ocrx_word' id='word_1_4' title='bbox 1012 344 1156 415; x_wconf 86' lang='lat' dir='ltr'><strong>tangi</strong></span> <span class='ocrx_word' id='word_1_5' title='bbox 1192 339 1293 396; x_wconf 88' lang='lat' dir='ltr'><strong>sibi</strong></span> <span class='ocrx_word' id='word_1_6' title='bbox 1325 336 1536 393; x_wconf 89' lang='lat' dir='ltr'><strong>oculum</strong></span> <span class='ocrx_word' id='word_1_7' title='bbox 1586 331 1884 399; x_wconf 87' lang='lat' dir='ltr'><strong>multopcre</strong></span> <span class='ocrx_word' id='word_1_8' title='bbox 1910 321 2126 378; x_wconf 83' lang='lat' dir='ltr'><strong>anhela-</strong></span> <span class='ocrx_word' id='word_1_9' title='bbox 2156 326 2198 384; x_wconf 73' lang='grc' dir='ltr'><strong>Α</strong></span> 
     </span>
    </p>
   </div>
   <div class='ocr_carea' id='block_1_3' title="bbox 563 596 2135 710">
    <p class='ocr_par' dir='ltr' id='par_1_3' title="bbox 563 596 2135 710">
     <span class='ocr_line' id='line_1_3' title="bbox 563 596 2135 710; baseline -0.022 -28"><span class='ocrx_word' id='word_1_10' title='bbox 563 625 811 710; x_wconf 80' lang='lat' dir='ltr'><strong>dentibus</strong></span> <span class='ocrx_word' id='word_1_11' title='bbox 831 622 944 691; x_wconf 86' lang='lat' dir='ltr'><strong>jam</strong></span> <span class='ocrx_word' id='word_1_12' title='bbox 965 619 1141 675; x_wconf 89' lang='lat' dir='ltr'><strong>dictus</strong></span> <span class='ocrx_word' id='word_1_13' title='bbox 1173 614 1404 672; x_wconf 87' lang='lat' dir='ltr'><strong>clericus</strong></span> <span class='ocrx_word' id='word_1_14' title='bbox 1426 608 1565 665; x_wconf 91' lang='lat' dir='ltr'><strong>oculi</strong></span> <span class='ocrx_word' id='word_1_15' title='bbox 1616 606 1773 661; x_wconf 89' lang='lat' dir='ltr'><strong>unius</strong></span> <span class='ocrx_word' id='word_1_16' title='bbox 1820 614 2011 657; x_wconf 78' lang='lat' dir='ltr'><strong>carens</strong></span> <span class='ocrx_word' id='word_1_17' title='bbox 2054 596 2135 649; x_wconf 89' lang='lat' dir='ltr'><strong>Iu-</strong></span> 
     </span>
    </p>
   </div>
   <div class='ocr_carea' id='block_1_4' title="bbox 454 694 2135 791">
    <p class='ocr_par' dir='ltr' id='par_1_4' title="bbox 454 694 2135 791">
     <span class='ocr_line' id='line_1_4' title="bbox 454 694 2135 791; baseline -0.02 -16"><span class='ocrx_word' id='word_1_18' title='bbox 454 782 462 791; x_wconf 40' lang='grc'>.</span> <span class='ocrx_word' id='word_1_19' title='bbox 562 699 877 780; x_wconf 82' lang='lat' dir='ltr'><strong>mine,cum</strong></span> <span class='ocrx_word' id='word_1_20' title='bbox 926 709 1128 767; x_wconf 89' lang='lat' dir='ltr'><strong>sanctis</strong></span> <span class='ocrx_word' id='word_1_21' title='bbox 1179 705 1425 767; x_wconf 88' lang='lat' dir='ltr'><strong>artubus,</strong></span> <span class='ocrx_word' id='word_1_22' title='bbox 1480 710 1539 755; x_wconf 89' lang='lat' dir='ltr'><strong>ut</strong></span> <span class='ocrx_word' id='word_1_23' title='bbox 1585 697 1697 768; x_wconf 89' lang='lat' dir='ltr'><strong>jam</strong></span> <span class='ocrx_word' id='word_1_24' title='bbox 1754 694 1954 750; x_wconf 90' lang='lat' dir='ltr'><strong>dictum</strong></span> <span class='ocrx_word' id='word_1_25' title='bbox 2004 695 2090 744; x_wconf 89' lang='lat' dir='ltr'><strong>est</strong></span> <span class='ocrx_word' id='word_1_26' title='bbox 2120 727 2135 752; x_wconf 93' lang='lat'><strong>,</strong></span> 
     </span>
    </p>
   </div>
   <div class='ocr_carea' id='block_1_5' title="bbox 555 781 2137 868">
    <p class='ocr_par' dir='ltr' id='par_1_5' title="bbox 555 781 2137 868">
     <span class='ocr_line' id='line_1_5' title="bbox 555 781 2137 868; baseline -0.02 -5"><span class='ocrx_word' id='word_1_27' title='bbox 555 814 844 863; x_wconf 86' lang='lat' dir='ltr'><strong>vereretur</strong></span> <span class='ocrx_word' id='word_1_28' title='bbox 870 802 1153 865; x_wconf 82' lang='lat' dir='ltr'><strong>accedere,</strong></span> <span class='ocrx_word' id='word_1_29' title='bbox 1185 796 1468 868; x_wconf 82' lang='lat' dir='ltr'><strong>quemdam</strong></span> <span class='ocrx_word' id='word_1_30' title='bbox 1498 793 1720 845; x_wconf 79' lang='lat' dir='ltr'><strong>fratrem</strong></span> <span class='ocrx_word' id='word_1_31' title='bbox 1770 781 1991 865; x_wconf 82' lang='lat' dir='ltr'><strong>aliquod</strong></span> <span class='ocrx_word' id='word_1_32' title='bbox 2052 793 2137 833; x_wconf 89' lang='lat' dir='ltr'><strong>sa-</strong></span> 
     </span>
    </p>
   </div>
   <div class='ocr_carea' id='block_1_6' title="bbox 552 871 2137 956">
    <p class='ocr_par' dir='ltr' id='par_1_6' title="bbox 552 871 2137 956">
     <span class='ocr_line' id='line_1_6' title="bbox 552 871 2137 956; baseline -0.02 -1"><span class='ocrx_word' id='word_1_33' title='bbox 552 913 781 956; x_wconf 83' lang='lat' dir='ltr'><strong>crorum</strong></span> <span class='ocrx_word' id='word_1_34' title='bbox 805 895 1167 951; x_wconf 84' lang='lat' dir='ltr'><strong>membrorum</strong></span> <span class='ocrx_word' id='word_1_35' title='bbox 1196 894 1570 946; x_wconf 81' lang='lat' dir='ltr'><strong>summatenus</strong></span> <span class='ocrx_word' id='word_1_36' title='bbox 1617 878 1799 950; x_wconf 79' lang='lat' dir='ltr'><strong>digitis</strong></span> <span class='ocrx_word' id='word_1_37' title='bbox 1823 874 1936 931; x_wconf 87' lang='lat' dir='ltr'><strong>suis</strong></span> <span class='ocrx_word' id='word_1_38' title='bbox 1979 871 2137 926; x_wconf 66' lang='lat' dir='ltr'><strong>obsc-</strong></span> 
     </span>
    </p>
   </div>
   <div class='ocr_carea' id='block_1_7' title="bbox 566 961 2142 1061">
    <p class='ocr_par' dir='ltr' id='par_1_7' title="bbox 566 961 2142 1061">
     <span class='ocr_line' id='line_1_7' title="bbox 566 961 2142 1061; baseline -0.02 -14"><span class='ocrx_word' id='word_1_39' title='bbox 566 999 683 1048; x_wconf 91' lang='lat' dir='ltr'><strong>crat</strong></span> <span class='ocrx_word' id='word_1_40' title='bbox 705 989 993 1061; x_wconf 88' lang='lat' dir='ltr'><strong>attingere,</strong></span> <span class='ocrx_word' id='word_1_41' title='bbox 1021 998 1227 1055; x_wconf 88' lang='lat' dir='ltr'><strong>suoque</strong></span> <span class='ocrx_word' id='word_1_42' title='bbox 1247 985 1450 1037; x_wconf 64' lang='lat' dir='ltr'><strong>caecato</strong></span> <span class='ocrx_word' id='word_1_43' title='bbox 1502 971 1660 1030; x_wconf 90' lang='lat' dir='ltr'><strong>oculo</strong></span> <span class='ocrx_word' id='word_1_44' title='bbox 1708 969 1911 1025; x_wconf 89' lang='lat' dir='ltr'><strong>eisdem</strong></span> <span class='ocrx_word' id='word_1_45' title='bbox 1960 961 2142 1034; x_wconf 77' lang='lat' dir='ltr'><strong>digitis</strong></span> 
     </span>
    </p>
   </div>
   <div class='ocr_carea' id='block_1_8' title="bbox 568 1053 2143 1154">
    <p class='ocr_par' dir='ltr' id='par_1_8' title="bbox 568 1053 2143 1154">
     <span class='ocr_line' id='line_1_8' title="bbox 568 1053 2143 1154; baseline -0.021 -15"><span class='ocrx_word' id='word_1_46' title='bbox 568 1053 1226 1154; x_wconf 47' lang='lat' dir='ltr'><strong>signanien&#39;impriniere.</strong></span> <span class='ocrx_word' id='word_1_47' title='bbox 1274 1070 1391 1138; x_wconf 87' lang='lat' dir='ltr'><strong>Quo</strong></span> <span class='ocrx_word' id='word_1_48' title='bbox 1430 1067 1607 1129; x_wconf 87' lang='lat' dir='ltr'><strong>facto,</strong></span> <span class='ocrx_word' id='word_1_49' title='bbox 1652 1075 1784 1117; x_wconf 80' lang='lat' dir='ltr'><strong>mox</strong></span> <span class='ocrx_word' id='word_1_50' title='bbox 1816 1058 1903 1113; x_wconf 91' lang='lat' dir='ltr'><strong>ille</strong></span> <span class='ocrx_word' id='word_1_51' title='bbox 1940 1053 2143 1109; x_wconf 86' lang='lat' dir='ltr'><strong>lumine</strong></span> 
     </span>
    </p>
   </div>
   <div class='ocr_carea' id='block_1_9' title="bbox 569 1146 2139 1234">
    <p class='ocr_par' dir='ltr' id='par_1_9' title="bbox 569 1146 2139 1234">
     <span class='ocr_line' id='line_1_9' title="bbox 569 1146 2139 1234; baseline -0.021 -4"><span class='ocrx_word' id='word_1_52' title='bbox 569 1146 773 1232; x_wconf 69' lang='lat' dir='ltr'><strong>dilaltll‘</strong></span> <span class='ocrx_word' id='word_1_53' title='bbox 796 1146 997 1226; x_wconf 84' lang='lat' dir='ltr'><strong>diutius</strong></span> <span class='ocrx_word' id='word_1_54' title='bbox 1026 1171 1354 1234; x_wconf 79' lang='lat' dir='ltr'><strong>exschtato.</strong></span> <span class='ocrx_word' id='word_1_55' title='bbox 1413 1158 1482 1213; x_wconf 79' lang='lat' dir='ltr'><strong>Et</strong></span> <span class='ocrx_word' id='word_1_56' title='bbox 1509 1170 1640 1213; x_wconf 84' lang='lat' dir='ltr'><strong>sane</strong></span> <span class='ocrx_word' id='word_1_57' title='bbox 1681 1152 1822 1224; x_wconf 81' lang='lat' dir='ltr'><strong>quod</strong></span> <span class='ocrx_word' id='word_1_58' title='bbox 1875 1146 2139 1203; x_wconf 85' lang='lat' dir='ltr'><strong>Dominus</strong></span> 
     </span>
    </p>
   </div>
   <div class='ocr_carea' id='block_1_10' title="bbox 570 1234 2145 1319">
    <p class='ocr_par' dir='ltr' id='par_1_10' title="bbox 570 1234 2145 1319">
     <span class='ocr_line' id='line_1_10' title="bbox 570 1234 2145 1319; baseline -0.021 1"><span class='ocrx_word' id='word_1_59' title='bbox 570 1267 636 1319; x_wconf 88' lang='lat' dir='ltr'><strong>ad</strong></span> <span class='ocrx_word' id='word_1_60' title='bbox 665 1263 872 1318; x_wconf 89' lang='lat' dir='ltr'><strong>Iaudem</strong></span> <span class='ocrx_word' id='word_1_61' title='bbox 902 1260 982 1315; x_wconf 91' lang='lat' dir='ltr'><strong>sui</strong></span> <span class='ocrx_word' id='word_1_62' title='bbox 1015 1254 1247 1312; x_wconf 87' lang='lat' dir='ltr'><strong>nominis</strong></span> <span class='ocrx_word' id='word_1_63' title='bbox 1274 1260 1331 1307; x_wconf 83' lang='lat' dir='ltr'><strong>et</strong></span> <span class='ocrx_word' id='word_1_64' title='bbox 1352 1250 1418 1305; x_wconf 87' lang='lat' dir='ltr'><strong>ad</strong></span> <span class='ocrx_word' id='word_1_65' title='bbox 1448 1245 1620 1303; x_wconf 86' lang='lat' dir='ltr'><strong>sancti</strong></span> <span class='ocrx_word' id='word_1_66' title='bbox 1670 1241 1921 1297; x_wconf 90' lang='lat' dir='ltr'><strong>meritum</strong></span> <span class='ocrx_word' id='word_1_67' title='bbox 1950 1234 2145 1307; x_wconf 80' lang='lat' dir='ltr'><strong>propa—</strong></span> 
     </span>
    </p>
   </div>
   <div class='ocr_carea' id='block_1_11' title="bbox 575 1325 2146 1412">
    <p class='ocr_par' dir='ltr' id='par_1_11' title="bbox 575 1325 2146 1412">
     <span class='ocr_line' id='line_1_11' title="bbox 575 1325 2146 1412; baseline -0.022 0"><span class='ocrx_word' id='word_1_68' title='bbox 575 1357 796 1411; x_wconf 92' lang='lat' dir='ltr'><strong>landum</strong></span> <span class='ocrx_word' id='word_1_69' title='bbox 823 1352 939 1408; x_wconf 90' lang='lat' dir='ltr'><strong>lieri</strong></span> <span class='ocrx_word' id='word_1_70' title='bbox 976 1346 1266 1412; x_wconf 88' lang='lat' dir='ltr'><strong>concessit,</strong></span> <span class='ocrx_word' id='word_1_71' title='bbox 1301 1344 1353 1398; x_wconf 91' lang='lat' dir='ltr'><strong>in</strong></span> <span class='ocrx_word' id='word_1_72' title='bbox 1376 1356 1434 1397; x_wconf 89' lang='lat' dir='ltr'><strong>se</strong></span> <span class='ocrx_word' id='word_1_73' title='bbox 1457 1340 1571 1410; x_wconf 88' lang='lat' dir='ltr'><strong>ipse</strong></span> <span class='ocrx_word' id='word_1_74' title='bbox 1599 1334 1762 1393; x_wconf 89' lang='lat' dir='ltr'><strong>stulto</strong></span> <span class='ocrx_word' id='word_1_75' title='bbox 1786 1330 1991 1404; x_wconf 88' lang='lat' dir='ltr'><strong>pudore</strong></span> <span class='ocrx_word' id='word_1_76' title='bbox 2010 1325 2146 1381; x_wconf 89' lang='lat' dir='ltr'><strong>reti-</strong></span> 
     </span>
    </p>
   </div>
   <div class='ocr_carea' id='block_1_12' title="bbox 574 1415 2147 1509">
    <p class='ocr_par' dir='ltr' id='par_1_12' title="bbox 574 1415 2147 1509">
     <span class='ocr_line' id='line_1_12' title="bbox 574 1415 2147 1509; baseline -0.021 -6"><span class='ocrx_word' id='word_1_77' title='bbox 574 1446 689 1503; x_wconf 91' lang='lat' dir='ltr'><strong>ceri</strong></span> <span class='ocrx_word' id='word_1_78' title='bbox 724 1443 916 1509; x_wconf 89' lang='lat' dir='ltr'><strong>voluit,</strong></span> <span class='ocrx_word' id='word_1_79' title='bbox 974 1439 1067 1495; x_wconf 91' lang='lat' dir='ltr'><strong>sed</strong></span> <span class='ocrx_word' id='word_1_80' title='bbox 1121 1437 1261 1493; x_wconf 87' lang='lat' dir='ltr'><strong>forte</strong></span> <span class='ocrx_word' id='word_1_81' title='bbox 1320 1444 1450 1489; x_wconf 89' lang='lat' dir='ltr'><strong>tunc</strong></span> <span class='ocrx_word' id='word_1_82' title='bbox 1480 1428 1712 1485; x_wconf 80' lang='lat' dir='ltr'><strong>cuidam</strong></span> <span class='ocrx_word' id='word_1_83' title='bbox 1753 1421 1993 1480; x_wconf 83' lang='lat' dir='ltr'><strong>Arnoldo</strong></span> <span class='ocrx_word' id='word_1_84' title='bbox 2045 1415 2147 1472; x_wconf 86' lang='lat' dir='ltr'><strong>sibi</strong></span> 
     </span>
    </p>
   </div>
   <div class='ocr_carea' id='block_1_13' title="bbox 584 1505 2149 1591">
    <p class='ocr_par' dir='ltr' id='par_1_13' title="bbox 584 1505 2149 1591">
     <span class='ocr_line' id='line_1_13' title="bbox 584 1505 2149 1591; baseline -0.021 0"><span class='ocrx_word' id='word_1_85' title='bbox 584 1505 927 1591; x_wconf 77' lang='lat' dir='ltr'><strong>familiariter</strong></span> <span class='ocrx_word' id='word_1_86' title='bbox 957 1524 1248 1585; x_wconf 68' lang='lat' dir='ltr'><strong>adhaerenti</strong></span> <span class='ocrx_word' id='word_1_87' title='bbox 1273 1518 1562 1577; x_wconf 89' lang='lat' dir='ltr'><strong>mussando</strong></span> <span class='ocrx_word' id='word_1_88' title='bbox 1594 1514 1799 1580; x_wconf 88' lang='lat' dir='ltr'><strong>intulit,</strong></span> <span class='ocrx_word' id='word_1_89' title='bbox 1828 1512 1969 1566; x_wconf 92' lang='lat' dir='ltr'><strong>bono</strong></span> <span class='ocrx_word' id='word_1_90' title='bbox 2013 1505 2149 1562; x_wconf 92' lang='lat' dir='ltr'><strong>omi-</strong></span> 
     </span>
    </p>
   </div>
   <div class='ocr_carea' id='block_1_14' title="bbox 574 1595 2150 1680">
    <p class='ocr_par' dir='ltr' id='par_1_14' title="bbox 574 1595 2150 1680">
     <span class='ocr_line' id='line_1_14' title="bbox 574 1595 2150 1680; baseline -0.019 0"><span class='ocrx_word' id='word_1_91' title='bbox 574 1639 644 1680; x_wconf 88' lang='lat' dir='ltr'><strong>ne</strong></span> <span class='ocrx_word' id='word_1_92' title='bbox 667 1637 767 1679; x_wconf 91' lang='lat' dir='ltr'><strong>suo</strong></span> <span class='ocrx_word' id='word_1_93' title='bbox 794 1636 853 1676; x_wconf 89' lang='lat' dir='ltr'><strong>se</strong></span> <span class='ocrx_word' id='word_1_94' title='bbox 884 1614 1010 1674; x_wconf 90' lang='lat' dir='ltr'><strong>illuc</strong></span> <span class='ocrx_word' id='word_1_95' title='bbox 1039 1616 1352 1679; x_wconf 88' lang='lat' dir='ltr'><strong>admissum,</strong></span> <span class='ocrx_word' id='word_1_96' title='bbox 1375 1627 1440 1667; x_wconf 91' lang='lat' dir='ltr'><strong>eo</strong></span> <span class='ocrx_word' id='word_1_97' title='bbox 1469 1608 1609 1679; x_wconf 87' lang='lat' dir='ltr'><strong>quod</strong></span> <span class='ocrx_word' id='word_1_98' title='bbox 1657 1602 1942 1677; x_wconf 71' lang='lat' dir='ltr'><strong>praesentis</strong></span> <span class='ocrx_word' id='word_1_99' title='bbox 1977 1595 2150 1654; x_wconf 86' lang='lat' dir='ltr'><strong>sancti</strong></span> 
     </span>
    </p>
   </div>
   <div class='ocr_carea' id='block_1_15' title="bbox 580 1694 2149 1775">
    <p class='ocr_par' dir='ltr' id='par_1_15' title="bbox 580 1694 2149 1775">
     <span class='ocr_line' id='line_1_15' title="bbox 580 1694 2149 1775; baseline -0.018 -3"><span class='ocrx_word' id='word_1_100' title='bbox 580 1724 787 1772; x_wconf 87' lang='lat' dir='ltr'><strong>attactu</strong></span> <span class='ocrx_word' id='word_1_101' title='bbox 819 1712 907 1769; x_wconf 91' lang='lat' dir='ltr'><strong>diu</strong></span> <span class='ocrx_word' id='word_1_102' title='bbox 944 1709 1199 1765; x_wconf 89' lang='lat' dir='ltr'><strong>amissum</strong></span> <span class='ocrx_word' id='word_1_103' title='bbox 1226 1703 1493 1775; x_wconf 83' lang='lat' dir='ltr'><strong>receperit</strong></span> <span class='ocrx_word' id='word_1_104' title='bbox 1519 1700 1716 1764; x_wconf 90' lang='lat' dir='ltr'><strong>visum,</strong></span> <span class='ocrx_word' id='word_1_105' title='bbox 1743 1694 1993 1753; x_wconf 78' lang='lat' dir='ltr'><strong>eumdem</strong></span> <span class='ocrx_word' id='word_1_106' title='bbox 2032 1704 2149 1745; x_wconf 91' lang='lat' dir='ltr'><strong>om-</strong></span> 
     </span>
    </p>
   </div>
   <div class='ocr_carea' id='block_1_16' title="bbox 558 1779 2152 1862">
    <p class='ocr_par' dir='ltr' id='par_1_16' title="bbox 558 1779 2152 1862">
     <span class='ocr_line' id='line_1_16' title="bbox 558 1779 2152 1862; baseline -0.019 0"><span class='ocrx_word' id='word_1_107' title='bbox 558 1806 707 1862; x_wconf 88' lang='lat' dir='ltr'><strong>nino</strong></span> <span class='ocrx_word' id='word_1_108' title='bbox 742 1804 1020 1858; x_wconf 87' lang='lat' dir='ltr'><strong>obtestans</strong></span> <span class='ocrx_word' id='word_1_109' title='bbox 1050 1806 1109 1854; x_wconf 93' lang='lat' dir='ltr'><strong>ut</strong></span> <span class='ocrx_word' id='word_1_110' title='bbox 1146 1798 1248 1853; x_wconf 87' lang='lat' dir='ltr'><strong>hoc</strong></span> <span class='ocrx_word' id='word_1_111' title='bbox 1276 1801 1500 1857; x_wconf 88' lang='lat' dir='ltr'><strong>taceret,</strong></span> <span class='ocrx_word' id='word_1_112' title='bbox 1529 1790 1659 1846; x_wconf 91' lang='lat' dir='ltr'><strong>nulli</strong></span> <span class='ocrx_word' id='word_1_113' title='bbox 1699 1799 1935 1857; x_wconf 87' lang='lat' dir='ltr'><strong>unquam</strong></span> <span class='ocrx_word' id='word_1_114' title='bbox 1965 1779 2152 1854; x_wconf 39' lang='lat' dir='ltr'><strong>laperi-</strong></span> 
     </span>
    </p>
   </div>
   <div class='ocr_carea' id='block_1_17' title="bbox 581 1863 2154 1957">
    <p class='ocr_par' dir='ltr' id='par_1_17' title="bbox 581 1863 2154 1957">
     <span class='ocr_line' id='line_1_17' title="bbox 581 1863 2154 1957; baseline -0.017 -10"><span class='ocrx_word' id='word_1_115' title='bbox 581 1902 685 1949; x_wconf 89' lang='lat' dir='ltr'><strong>ret.</strong></span> <span class='ocrx_word' id='word_1_116' title='bbox 706 1890 905 1947; x_wconf 79' lang='lat' dir='ltr'><strong>Verum</strong></span> <span class='ocrx_word' id='word_1_117' title='bbox 937 1890 1071 1945; x_wconf 86' lang='lat' dir='ltr'><strong>alter</strong></span> <span class='ocrx_word' id='word_1_118' title='bbox 1096 1899 1433 1957; x_wconf 84' lang='lat' dir='ltr'><strong>nequaquam</strong></span> <span class='ocrx_word' id='word_1_119' title='bbox 1461 1889 1624 1937; x_wconf 85' lang='lat' dir='ltr'><strong>tantae</strong></span> <span class='ocrx_word' id='word_1_120' title='bbox 1668 1876 1785 1948; x_wconf 83' lang='lat' dir='ltr'><strong>ejus</strong></span> <span class='ocrx_word' id='word_1_121' title='bbox 1829 1863 2154 1929; x_wconf 79' lang='lat' dir='ltr'><strong>insensibili-</strong></span> 
     </span>
    </p>
   </div>
   <div class='ocr_carea' id='block_1_18' title="bbox 584 1960 2150 2053">
    <p class='ocr_par' dir='ltr' id='par_1_18' title="bbox 584 1960 2150 2053">
     <span class='ocr_line' id='line_1_18' title="bbox 584 1960 2150 2053; baseline -0.016 -15"><span class='ocrx_word' id='word_1_122' title='bbox 584 1983 682 2037; x_wconf 89' lang='lat' dir='ltr'><strong>tati</strong></span> <span class='ocrx_word' id='word_1_123' title='bbox 736 1981 1025 2053; x_wconf 81' lang='lat' dir='ltr'><strong>acquievit,</strong></span> <span class='ocrx_word' id='word_1_124' title='bbox 1087 1978 1182 2034; x_wconf 90' lang='lat' dir='ltr'><strong>sed</strong></span> <span class='ocrx_word' id='word_1_125' title='bbox 1224 1970 1704 2033; x_wconf 84' lang='lat' dir='ltr'><strong>circumstantibus</strong></span> <span class='ocrx_word' id='word_1_126' title='bbox 1760 1982 1883 2022; x_wconf 80' lang='lat' dir='ltr'><strong>mox</strong></span> <span class='ocrx_word' id='word_1_127' title='bbox 1934 1960 2150 2019; x_wconf 80' lang='lat' dir='ltr'><strong>detexit.</strong></span> 
     </span>
    </p>
   </div>
   <div class='ocr_carea' id='block_1_19' title="bbox 586 2052 2153 2142">
    <p class='ocr_par' dir='ltr' id='par_1_19' title="bbox 586 2052 2153 2142">
     <span class='ocr_line' id='line_1_19' title="bbox 586 2052 2153 2142; baseline -0.015 -14"><span class='ocrx_word' id='word_1_128' title='bbox 586 2071 737 2141; x_wconf 84' lang='lat' dir='ltr'><strong>Quod</strong></span> <span class='ocrx_word' id='word_1_129' title='bbox 771 2052 988 2142; x_wconf 85' lang='lat' dir='ltr'><strong>quidam</strong></span> <span class='ocrx_word' id='word_1_130' title='bbox 1012 2068 1241 2123; x_wconf 83' lang='lat' dir='ltr'><strong>fratrum</strong></span> <span class='ocrx_word' id='word_1_131' title='bbox 1280 2078 1408 2121; x_wconf 86' lang='lat' dir='ltr'><strong>vere</strong></span> <span class='ocrx_word' id='word_1_132' title='bbox 1446 2060 1742 2132; x_wconf 79' lang='lat' dir='ltr'><strong>contigisse</strong></span> <span class='ocrx_word' id='word_1_133' title='bbox 1793 2052 2153 2125; x_wconf 82' lang='lat' dir='ltr'><strong>comperiens,</strong></span> 
     </span>
    </p>
   </div>
   <div class='ocr_carea' id='block_1_20' title="bbox 590 2141 2155 2218">
    <p class='ocr_par' dir='ltr' id='par_1_20' title="bbox 590 2141 2155 2218">
     <span class='ocr_line' id='line_1_20' title="bbox 590 2141 2155 2218; baseline -0.015 -1"><span class='ocrx_word' id='word_1_134' title='bbox 590 2141 808 2218; x_wconf 82' lang='lat' dir='ltr'><strong>extenta</strong></span> <span class='ocrx_word' id='word_1_135' title='bbox 842 2174 1003 2213; x_wconf 90' lang='lat' dir='ltr'><strong>manu</strong></span> <span class='ocrx_word' id='word_1_136' title='bbox 1030 2155 1243 2212; x_wconf 90' lang='lat' dir='ltr'><strong>cunctis</strong></span> <span class='ocrx_word' id='word_1_137' title='bbox 1265 2152 1545 2208; x_wconf 89' lang='lat' dir='ltr'><strong>silentium</strong></span> <span class='ocrx_word' id='word_1_138' title='bbox 1598 2149 1859 2209; x_wconf 88' lang='lat' dir='ltr'><strong>indicens,</strong></span> <span class='ocrx_word' id='word_1_139' title='bbox 1906 2141 2155 2198; x_wconf 86' lang='lat' dir='ltr'><strong>eumdem</strong></span> 
     </span>
    </p>
   </div>
   <div class='ocr_carea' id='block_1_21' title="bbox 586 2230 2158 2306">
    <p class='ocr_par' dir='ltr' id='par_1_21' title="bbox 586 2230 2158 2306">
     <span class='ocr_line' id='line_1_21' title="bbox 586 2230 2158 2306; baseline -0.014 0"><span class='ocrx_word' id='word_1_140' title='bbox 586 2253 748 2306; x_wconf 89' lang='lat' dir='ltr'><strong>unius</strong></span> <span class='ocrx_word' id='word_1_141' title='bbox 775 2249 915 2305; x_wconf 90' lang='lat' dir='ltr'><strong>oculi</strong></span> <span class='ocrx_word' id='word_1_142' title='bbox 944 2248 1058 2302; x_wconf 87' lang='lat' dir='ltr'><strong>visu</strong></span> <span class='ocrx_word' id='word_1_143' title='bbox 1080 2245 1169 2300; x_wconf 88' lang='lat' dir='ltr'><strong>ditt</strong></span> <span class='ocrx_word' id='word_1_144' title='bbox 1200 2245 1535 2304; x_wconf 88' lang='lat' dir='ltr'><strong>damnatum,</strong></span> <span class='ocrx_word' id='word_1_145' title='bbox 1593 2249 1723 2293; x_wconf 92' lang='lat' dir='ltr'><strong>tunc</strong></span> <span class='ocrx_word' id='word_1_146' title='bbox 1776 2248 1907 2290; x_wconf 86' lang='lat' dir='ltr'><strong>vero</strong></span> <span class='ocrx_word' id='word_1_147' title='bbox 1949 2230 2158 2287; x_wconf 89' lang='lat' dir='ltr'><strong>meritis</strong></span> 
     </span>
    </p>
   </div>
   <div class='ocr_carea' id='block_1_22' title="bbox 593 2326 2153 2409">
    <p class='ocr_par' dir='ltr' id='par_1_22' title="bbox 593 2326 2153 2409">
     <span class='ocr_line' id='line_1_22' title="bbox 593 2326 2153 2409; baseline -0.014 -13"><span class='ocrx_word' id='word_1_148' title='bbox 593 2340 767 2395; x_wconf 89' lang='lat' dir='ltr'><strong>sancti</strong></span> <span class='ocrx_word' id='word_1_149' title='bbox 797 2344 1107 2409; x_wconf 76' lang='lat' dir='ltr'><strong>exspectato</strong></span> <span class='ocrx_word' id='word_1_150' title='bbox 1139 2333 1357 2388; x_wconf 90' lang='lat' dir='ltr'><strong>luminis</strong></span> <span class='ocrx_word' id='word_1_151' title='bbox 1386 2330 1525 2384; x_wconf 92' lang='lat' dir='ltr'><strong>dono</strong></span> <span class='ocrx_word' id='word_1_152' title='bbox 1552 2326 1797 2383; x_wconf 91' lang='lat' dir='ltr'><strong>clamitat</strong></span> <span class='ocrx_word' id='word_1_153' title='bbox 1824 2331 2153 2394; x_wconf 88' lang='lat' dir='ltr'><strong>reparatum.</strong></span> 
     </span>
    </p>
   </div>
   <div class='ocr_carea' id='block_1_23' title="bbox 587 2417 2152 2485">
    <p class='ocr_par' dir='ltr' id='par_1_23' title="bbox 587 2417 2152 2485">
     <span class='ocr_line' id='line_1_23' title="bbox 587 2417 2152 2485; baseline -0.012 0"><span class='ocrx_word' id='word_1_154' title='bbox 587 2431 717 2485; x_wconf 63' lang='lat' dir='ltr'><strong>Car.</strong></span> <span class='ocrx_word' id='word_1_155' title='bbox 757 2428 921 2485; x_wconf 77' lang='lat' dir='ltr'><strong>XXII.</strong></span> <span class='ocrx_word' id='word_1_156' title='bbox 945 2426 1240 2483; x_wconf 75' lang='lat' dir='ltr'><strong>Secundum</strong></span> <span class='ocrx_word' id='word_1_157' title='bbox 1258 2420 1567 2477; x_wconf 82' lang='lat' dir='ltr'><strong>miraculum</strong></span> <span class='ocrx_word' id='word_1_158' title='bbox 1581 2419 1757 2473; x_wconf 75' lang='lat' dir='ltr'><strong>eodem</strong></span> <span class='ocrx_word' id='word_1_159' title='bbox 1774 2417 1858 2471; x_wconf 84' lang='lat' dir='ltr'><strong>die</strong></span> <span class='ocrx_word' id='word_1_160' title='bbox 1869 2422 2152 2485; x_wconf 79' lang='lat' dir='ltr'><strong>patratum.</strong></span> 
     </span>
    </p>
   </div>
   <div class='ocr_carea' id='block_1_24' title="bbox 660 2511 2162 2590">
    <p class='ocr_par' dir='ltr' id='par_1_24' title="bbox 660 2511 2162 2590">
     <span class='ocr_line' id='line_1_24' title="bbox 660 2511 2162 2590; baseline -0.012 -14"><span class='ocrx_word' id='word_1_161' title='bbox 660 2522 915 2590; x_wconf 68' lang='lat' dir='ltr'><strong>Quaedam</strong></span> <span class='ocrx_word' id='word_1_162' title='bbox 938 2520 1129 2575; x_wconf 82' lang='lat' dir='ltr'><strong>mulier</strong></span> <span class='ocrx_word' id='word_1_163' title='bbox 1158 2532 1280 2573; x_wconf 92' lang='lat' dir='ltr'><strong>cum</strong></span> <span class='ocrx_word' id='word_1_164' title='bbox 1314 2515 1423 2569; x_wconf 89' lang='lat' dir='ltr'><strong>tilio</strong></span> <span class='ocrx_word' id='word_1_165' title='bbox 1447 2511 1671 2569; x_wconf 88' lang='lat' dir='ltr'><strong>brachia</strong></span> <span class='ocrx_word' id='word_1_166' title='bbox 1734 2521 2003 2577; x_wconf 88' lang='lat' dir='ltr'><strong>cruraque</strong></span> <span class='ocrx_word' id='word_1_167' title='bbox 2039 2520 2162 2561; x_wconf 89' lang='lat' dir='ltr'><strong>con-</strong></span> 
     </span>
    </p>
   </div>
   <div class='ocr_carea' id='block_1_25' title="bbox 592 2595 2162 2679">
    <p class='ocr_par' dir='ltr' id='par_1_25' title="bbox 592 2595 2162 2679">
     <span class='ocr_line' id='line_1_25' title="bbox 592 2595 2162 2679; baseline -0.011 -11"><span class='ocrx_word' id='word_1_168' title='bbox 592 2611 782 2668; x_wconf 89' lang='lat' dir='ltr'><strong>stricto</strong></span> <span class='ocrx_word' id='word_1_169' title='bbox 809 2611 868 2667; x_wconf 89' lang='lat' dir='ltr'><strong>S.</strong></span> <span class='ocrx_word' id='word_1_170' title='bbox 898 2611 1175 2667; x_wconf 84' lang='lat' dir='ltr'><strong>Bcrtinum</strong></span> <span class='ocrx_word' id='word_1_171' title='bbox 1198 2616 1296 2679; x_wconf 90' lang='lat' dir='ltr'><strong>&#39;pro</strong></span> <span class='ocrx_word' id='word_1_172' title='bbox 1318 2606 1462 2660; x_wconf 91' lang='lat' dir='ltr'><strong>illius</strong></span> <span class='ocrx_word' id='word_1_173' title='bbox 1507 2603 1681 2657; x_wconf 87' lang='lat' dir='ltr'><strong>salute</strong></span> <span class='ocrx_word' id='word_1_174' title='bbox 1729 2607 1984 2669; x_wconf 84' lang='lat' dir='ltr'><strong>rogatura</strong></span> <span class='ocrx_word' id='word_1_175' title='bbox 2030 2595 2162 2651; x_wconf 91' lang='lat' dir='ltr'><strong>foris</strong></span> 
     </span>
    </p>
   </div>
   <div class='ocr_carea' id='block_1_26' title="bbox 593 2689 2162 2773">
    <p class='ocr_par' dir='ltr' id='par_1_26' title="bbox 593 2689 2162 2773">
     <span class='ocr_line' id='line_1_26' title="bbox 593 2689 2162 2773; baseline -0.012 -12"><span class='ocrx_word' id='word_1_176' title='bbox 593 2715 746 2761; x_wconf 78' lang='lat' dir='ltr'><strong>extra</strong></span> <span class='ocrx_word' id='word_1_177' title='bbox 775 2703 1027 2773; x_wconf 81' lang='lat' dir='ltr'><strong>templum</strong></span> <span class='ocrx_word' id='word_1_178' title='bbox 1058 2698 1337 2773; x_wconf 85' lang='lat' dir='ltr'><strong>perstabat</strong></span> <span class='ocrx_word' id='word_1_179' title='bbox 1366 2697 1418 2750; x_wconf 91' lang='lat' dir='ltr'><strong>in</strong></span> <span class='ocrx_word' id='word_1_180' title='bbox 1450 2695 1620 2759; x_wconf 81' lang='lat' dir='ltr'><strong>atrio;</strong></span> <span class='ocrx_word' id='word_1_181' title='bbox 1655 2706 1774 2761; x_wconf 66' lang='lat' dir='ltr'><strong>qum</strong></span> <span class='ocrx_word' id='word_1_182' title='bbox 1806 2689 1972 2745; x_wconf 88' lang='lat' dir='ltr'><strong>etiam</strong></span> <span class='ocrx_word' id='word_1_183' title='bbox 2012 2698 2162 2742; x_wconf 88' lang='lat' dir='ltr'><strong>ante-</strong></span> 
     </span>
    </p>
   </div>
   <div class='ocr_carea' id='block_1_27' title="bbox 595 2776 2165 2861">
    <p class='ocr_par' dir='ltr' id='par_1_27' title="bbox 595 2776 2165 2861">
     <span class='ocr_line' id='line_1_27' title="bbox 595 2776 2165 2861; baseline -0.014 -8"><span class='ocrx_word' id='word_1_184' title='bbox 595 2800 839 2853; x_wconf 85' lang='lat' dir='ltr'><strong>haecum</strong></span> <span class='ocrx_word' id='word_1_185' title='bbox 859 2794 1104 2849; x_wconf 86' lang='lat' dir='ltr'><strong>eumdem</strong></span> <span class='ocrx_word' id='word_1_186' title='bbox 1131 2804 1354 2861; x_wconf 88' lang='lat' dir='ltr'><strong>puerum</strong></span> <span class='ocrx_word' id='word_1_187' title='bbox 1405 2785 1742 2841; x_wconf 87' lang='lat' dir='ltr'><strong>duodennem</strong></span> <span class='ocrx_word' id='word_1_188' title='bbox 1781 2779 2057 2836; x_wconf 82' lang='lat' dir='ltr'><strong>Coloniam</strong></span> <span class='ocrx_word' id='word_1_189' title='bbox 2096 2776 2165 2831; x_wconf 88' lang='lat' dir='ltr'><strong>ad</strong></span> 
     </span>
    </p>
   </div>
   <div class='ocr_carea' id='block_1_28' title="bbox 597 2869 2166 2949">
    <p class='ocr_par' dir='ltr' id='par_1_28' title="bbox 597 2869 2166 2949">
     <span class='ocr_line' id='line_1_28' title="bbox 597 2869 2166 2949; baseline -0.014 -5"><span class='ocrx_word' id='word_1_190' title='bbox 597 2886 952 2944; x_wconf 51' lang='lat' dir='ltr'><strong>Sulleriberti</strong></span> <span class='ocrx_word' id='word_1_191' title='bbox 993 2893 1421 2949; x_wconf 71' lang='lat' dir='ltr'><strong>cmterorumque</strong></span> <span class='ocrx_word' id='word_1_192' title='bbox 1470 2884 1781 2933; x_wconf 87' lang='lat' dir='ltr'><strong>sanctorum</strong></span> <span class='ocrx_word' id='word_1_193' title='bbox 1830 2873 1960 2926; x_wconf 89' lang='lat' dir='ltr'><strong>inibi</strong></span> <span class='ocrx_word' id='word_1_194' title='bbox 2013 2869 2166 2945; x_wconf 80' lang='lat' dir='ltr'><strong>quie-</strong></span> 
     </span>
    </p>
   </div>
   <div class='ocr_carea' id='block_1_29' title="bbox 599 2964 2166 3043">
    <p class='ocr_par' dir='ltr' id='par_1_29' title="bbox 599 2964 2166 3043">
     <span class='ocr_line' id='line_1_29' title="bbox 599 2964 2166 3043; baseline -0.013 -8"><span class='ocrx_word' id='word_1_195' title='bbox 599 2979 858 3035; x_wconf 86' lang='lat' dir='ltr'><strong>scentium</strong></span> <span class='ocrx_word' id='word_1_196' title='bbox 882 2974 1134 3043; x_wconf 78' lang='lat' dir='ltr'><strong>sullragia</strong></span> <span class='ocrx_word' id='word_1_197' title='bbox 1165 2974 1426 3041; x_wconf 82' lang='lat' dir='ltr'><strong>cogitaret</strong></span> <span class='ocrx_word' id='word_1_198' title='bbox 1451 2964 1849 3028; x_wconf 84' lang='lat' dir='ltr'><strong>devehendum,</strong></span> <span class='ocrx_word' id='word_1_199' title='bbox 1898 2971 2166 3032; x_wconf 86' lang='lat' dir='ltr'><strong>quatenus</strong></span> 
     </span>
    </p>
   </div>
   <div class='ocr_carea' id='block_1_30' title="bbox 599 3048 2167 3127">
    <p class='ocr_par' dir='ltr' id='par_1_30' title="bbox 599 3048 2167 3127">
     <span class='ocr_line' id='line_1_30' title="bbox 599 3048 2167 3127; baseline -0.017 0"><span class='ocrx_word' id='word_1_200' title='bbox 599 3086 787 3127; x_wconf 90' lang='lat' dir='ltr'><strong>eorum</strong></span> <span class='ocrx_word' id='word_1_201' title='bbox 838 3067 1048 3121; x_wconf 89' lang='lat' dir='ltr'><strong>meritis</strong></span> <span class='ocrx_word' id='word_1_202' title='bbox 1101 3063 1345 3118; x_wconf 84' lang='lat' dir='ltr'><strong>obtinere</strong></span> <span class='ocrx_word' id='word_1_203' title='bbox 1389 3059 1569 3112; x_wconf 75' lang='lat' dir='ltr'><strong>forsan</strong></span> <span class='ocrx_word' id='word_1_204' title='bbox 1640 3061 1939 3108; x_wconf 79' lang='lat' dir='ltr'><strong>mereretur</strong></span> <span class='ocrx_word' id='word_1_205' title='bbox 1994 3048 2167 3103; x_wconf 81' lang='lat' dir='ltr'><strong>ofllria</strong></span> 
     </span>
    </p>
   </div>
   <div class='ocr_carea' id='block_1_31' title="bbox 603 3136 2171 3214">
    <p class='ocr_par' dir='ltr' id='par_1_31' title="bbox 603 3136 2171 3214">
     <span class='ocr_line' id='line_1_31' title="bbox 603 3136 2171 3214; baseline -0.017 0"><span class='ocrx_word' id='word_1_206' title='bbox 603 3157 984 3214; x_wconf 86' lang='lat' dir='ltr'><strong>membrorum.</strong></span> <span class='ocrx_word' id='word_1_207' title='bbox 1010 3154 1089 3206; x_wconf 79' lang='lat' dir='ltr'><strong>Ad</strong></span> <span class='ocrx_word' id='word_1_208' title='bbox 1117 3152 1230 3205; x_wconf 80' lang='lat' dir='ltr'><strong>haec</strong></span> <span class='ocrx_word' id='word_1_209' title='bbox 1254 3148 1422 3207; x_wconf 84' lang='lat' dir='ltr'><strong>idem.</strong></span> <span class='ocrx_word' id='word_1_210' title='bbox 1447 3157 1758 3213; x_wconf 89' lang='lat' dir='ltr'><strong>quanquam</strong></span> <span class='ocrx_word' id='word_1_211' title='bbox 1785 3154 1937 3209; x_wconf 82' lang='lat' dir='ltr'><strong>puer,</strong></span> <span class='ocrx_word' id='word_1_212' title='bbox 1997 3136 2171 3205; x_wconf 88' lang='lat' dir='ltr'><strong>inquit</strong></span> 
     </span>
    </p>
   </div>
   <div class='ocr_carea' id='block_1_32' title="bbox 603 3226 2171 3315">
    <p class='ocr_par' dir='ltr' id='par_1_32' title="bbox 603 3226 2171 3315">
     <span class='ocr_line' id='line_1_32' title="bbox 603 3226 2171 3315; baseline -0.016 -12"><span class='ocrx_word' id='word_1_213' title='bbox 603 3263 663 3303; x_wconf 90' lang='lat' dir='ltr'><strong>se</strong></span> <span class='ocrx_word' id='word_1_214' title='bbox 684 3261 784 3315; x_wconf 88' lang='lat' dir='ltr'><strong>per</strong></span> <span class='ocrx_word' id='word_1_215' title='bbox 812 3246 988 3297; x_wconf 81' lang='lat' dir='ltr'><strong>visum</strong></span> <span class='ocrx_word' id='word_1_216' title='bbox 1036 3240 1145 3309; x_wconf 84' lang='lat' dir='ltr'><strong>jam</strong></span> <span class='ocrx_word' id='word_1_217' title='bbox 1177 3246 1260 3290; x_wconf 86' lang='lat' dir='ltr'><strong>ter</strong></span> <span class='ocrx_word' id='word_1_218' title='bbox 1293 3234 1623 3288; x_wconf 84' lang='lat' dir='ltr'><strong>admonitum</strong></span> <span class='ocrx_word' id='word_1_219' title='bbox 1673 3244 1740 3284; x_wconf 89' lang='lat' dir='ltr'><strong>ne</strong></span> <span class='ocrx_word' id='word_1_220' title='bbox 1769 3242 2038 3299; x_wconf 89' lang='lat' dir='ltr'><strong>quoquam</strong></span> <span class='ocrx_word' id='word_1_221' title='bbox 2080 3226 2171 3281; x_wconf 89' lang='lat' dir='ltr'><strong>de-</strong></span> 
     </span>
    </p>
   </div>
   <div class='ocr_carea' id='block_1_33' title="bbox 605 3318 2168 3406">
    <p class='ocr_par' dir='ltr' id='par_1_33' title="bbox 605 3318 2168 3406">
     <span class='ocr_line' id='line_1_33' title="bbox 605 3318 2168 3406; baseline -0.016 -14"><span class='ocrx_word' id='word_1_222' title='bbox 605 3344 935 3406; x_wconf 82' lang='lat' dir='ltr'><strong>portaretur,</strong></span> <span class='ocrx_word' id='word_1_223' title='bbox 979 3330 1077 3383; x_wconf 86' lang='lat' dir='ltr'><strong>nisi</strong></span> <span class='ocrx_word' id='word_1_224' title='bbox 1096 3327 1254 3395; x_wconf 83' lang='lat' dir='ltr'><strong>prius</strong></span> <span class='ocrx_word' id='word_1_225' title='bbox 1285 3326 1348 3377; x_wconf 85' lang='lat' dir='ltr'><strong>ad</strong></span> <span class='ocrx_word' id='word_1_226' title='bbox 1379 3323 1437 3376; x_wconf 86' lang='lat' dir='ltr'><strong>S.</strong></span> <span class='ocrx_word' id='word_1_227' title='bbox 1472 3322 1745 3406; x_wconf 60' lang='lat' dir='ltr'><strong>Bertinnm</strong></span> <span class='ocrx_word' id='word_1_228' title='bbox 1774 3322 1911 3370; x_wconf 77' lang='lat' dir='ltr'><strong>Intus</strong></span> <span class='ocrx_word' id='word_1_229' title='bbox 1933 3318 2168 3384; x_wconf 67' lang='lat' dir='ltr'><strong>ejusdem</strong></span> 
     </span>
    </p>
   </div>
   <div class='ocr_carea' id='block_1_34' title="bbox 589 3395 2175 3481">
    <p class='ocr_par' dir='ltr' id='par_1_34' title="bbox 589 3395 2175 3481">
     <span class='ocr_line' id='line_1_34' title="bbox 589 3395 2175 3481; baseline -0.023 -9"><span class='ocrx_word' id='word_1_230' title='bbox 589 3395 787 3472; x_wconf 80' lang='lat' dir='ltr'><strong>merita</strong></span> <span class='ocrx_word' id='word_1_231' title='bbox 816 3409 1178 3481; x_wconf 80' lang='lat' dir='ltr'><strong>experiretur.</strong></span> <span class='ocrx_word' id='word_1_232' title='bbox 1223 3401 1473 3468; x_wconf 88' lang='lat' dir='ltr'><strong>Cumque</strong></span> <span class='ocrx_word' id='word_1_233' title='bbox 1510 3395 1641 3449; x_wconf 86' lang='lat' dir='ltr'><strong>illuc</strong></span> <span class='ocrx_word' id='word_1_234' title='bbox 1665 3398 1833 3446; x_wconf 78' lang='lat' dir='ltr'><strong>etiam</strong></span> <span class='ocrx_word' id='word_1_235' title='bbox 1865 3399 1966 3457; x_wconf 86' lang='lat' dir='ltr'><strong>per</strong></span> <span class='ocrx_word' id='word_1_236' title='bbox 1992 3397 2175 3438; x_wconf 80' lang='lat' dir='ltr'><strong>visum</strong></span> 
     </span>
    </p>
   </div>
   <div class='ocr_carea' id='block_1_35' title="bbox 591 3476 2176 3563">
    <p class='ocr_par' dir='ltr' id='par_1_35' title="bbox 591 3476 2176 3563">
     <span class='ocr_line' id='line_1_35' title="bbox 591 3476 2176 3563; baseline -0.023 1"><span class='ocrx_word' id='word_1_237' title='bbox 591 3514 815 3563; x_wconf 85' lang='lat' dir='ltr'><strong>ventum</strong></span> <span class='ocrx_word' id='word_1_238' title='bbox 844 3476 992 3558; x_wconf 80' lang='lat' dir='ltr'><strong>esset</strong></span> <span class='ocrx_word' id='word_1_239' title='bbox 1015 3506 1070 3554; x_wconf 90' lang='lat' dir='ltr'><strong>et</strong></span> <span class='ocrx_word' id='word_1_240' title='bbox 1095 3504 1333 3560; x_wconf 91' lang='lat' dir='ltr'><strong>oratum,</strong></span> <span class='ocrx_word' id='word_1_241' title='bbox 1360 3490 1489 3546; x_wconf 87' lang='lat' dir='ltr'><strong>item</strong></span> <span class='ocrx_word' id='word_1_242' title='bbox 1530 3486 1675 3542; x_wconf 89' lang='lat' dir='ltr'><strong>idem</strong></span> <span class='ocrx_word' id='word_1_243' title='bbox 1698 3490 1936 3555; x_wconf 87' lang='lat' dir='ltr'><strong>quatuor</strong></span> <span class='ocrx_word' id='word_1_244' title='bbox 1959 3476 2176 3533; x_wconf 88' lang='lat' dir='ltr'><strong>colum—</strong></span> 
     </span>
    </p>
   </div>
   <div class='ocr_carea' id='block_1_36' title="bbox 596 3571 2175 3655">
    <p class='ocr_par' dir='ltr' id='par_1_36' title="bbox 596 3571 2175 3655">
     <span class='ocr_line' id='line_1_36' title="bbox 596 3571 2175 3655; baseline -0.022 0"><span class='ocrx_word' id='word_1_245' title='bbox 596 3600 696 3655; x_wconf 86' lang='lat' dir='ltr'><strong>bas</strong></span> <span class='ocrx_word' id='word_1_246' title='bbox 725 3590 1148 3653; x_wconf 89' lang='lat' dir='ltr'><strong>candidissimas</strong></span> <span class='ocrx_word' id='word_1_247' title='bbox 1174 3586 1379 3643; x_wconf 82' lang='lat' dir='ltr'><strong>vidisse</strong></span> <span class='ocrx_word' id='word_1_248' title='bbox 1408 3597 1469 3639; x_wconf 91' lang='lat' dir='ltr'><strong>se</strong></span> <span class='ocrx_word' id='word_1_249' title='bbox 1488 3579 1564 3636; x_wconf 87' lang='lat' dir='ltr'><strong>ait</strong></span> <span class='ocrx_word' id='word_1_250' title='bbox 1586 3577 1867 3635; x_wconf 90' lang='lat' dir='ltr'><strong>avoiantes</strong></span> <span class='ocrx_word' id='word_1_251' title='bbox 1887 3571 2039 3627; x_wconf 89' lang='lat' dir='ltr'><strong>foras</strong></span> <span class='ocrx_word' id='word_1_252' title='bbox 2066 3582 2175 3623; x_wconf 91' lang='lat' dir='ltr'><strong>mo-</strong></span> 
     </span>
    </p>
   </div>
   <div class='ocr_carea' id='block_1_37' title="bbox 598 3658 2181 3757">
    <p class='ocr_par' dir='ltr' id='par_1_37' title="bbox 598 3658 2181 3757">
     <span class='ocr_line' id='line_1_37' title="bbox 598 3658 2181 3757; baseline -0.021 -11"><span class='ocrx_word' id='word_1_253' title='bbox 598 3689 903 3748; x_wconf 84' lang='lat' dir='ltr'><strong>nasterium</strong></span> <span class='ocrx_word' id='word_1_254' title='bbox 942 3686 1235 3757; x_wconf 85' lang='lat' dir='ltr'><strong>ipsumque</strong></span> <span class='ocrx_word' id='word_1_255' title='bbox 1274 3678 1446 3734; x_wconf 88' lang='lat' dir='ltr'><strong>altare</strong></span> <span class='ocrx_word' id='word_1_256' title='bbox 1488 3684 1822 3731; x_wconf 89' lang='lat' dir='ltr'><strong>concussum</strong></span> <span class='ocrx_word' id='word_1_257' title='bbox 1854 3668 2032 3722; x_wconf 86' lang='lat' dir='ltr'><strong>instar</strong></span> <span class='ocrx_word' id='word_1_258' title='bbox 2065 3658 2181 3717; x_wconf 83' lang='lat' dir='ltr'><strong>folii</strong></span> 
     </span>
    </p>
   </div>
   <div class='ocr_carea' id='block_1_38' title="bbox 600 3768 2186 3846">
    <p class='ocr_par' dir='ltr' id='par_1_38' title="bbox 600 3768 2186 3846">
     <span class='ocr_line' id='line_1_38' title="bbox 600 3768 2186 3846; baseline -0.02 -5"><span class='ocrx_word' id='word_1_259' title='bbox 600 3792 941 3841; x_wconf 89' lang='lat' dir='ltr'><strong>contremere</strong></span> <span class='ocrx_word' id='word_1_260' title='bbox 959 3820 974 3844; x_wconf 91' lang='lat'><strong>,</strong></span> <span class='ocrx_word' id='word_1_261' title='bbox 1002 3788 1233 3846; x_wconf 81' lang='lat' dir='ltr'><strong>seseque</strong></span> <span class='ocrx_word' id='word_1_262' title='bbox 1265 3786 1452 3828; x_wconf 89' lang='lat' dir='ltr'><strong>coram</strong></span> <span class='ocrx_word' id='word_1_263' title='bbox 1487 3784 1553 3825; x_wconf 77' lang='grc' dir='ltr'><strong>θο</strong></span> <span class='ocrx_word' id='word_1_264' title='bbox 1584 3769 2049 3838; x_wconf 86' lang='lat' dir='ltr'><strong>prosternentetn,</strong></span> <span class='ocrx_word' id='word_1_265' title='bbox 2082 3768 2186 3810; x_wconf 88' lang='lat' dir='ltr'><strong>nec</strong></span> 
     </span>
    </p>
   </div>
   <div class='ocr_carea' id='block_1_39' title="bbox 602 3842 2183 3927">
    <p class='ocr_par' dir='ltr' id='par_1_39' title="bbox 602 3842 2183 3927">
     <span class='ocr_line' id='line_1_39' title="bbox 602 3842 2183 3927; baseline -0.018 1"><span class='ocrx_word' id='word_1_266' title='bbox 602 3885 760 3927; x_wconf 89' lang='lat' dir='ltr'><strong>mora</strong></span> <span class='ocrx_word' id='word_1_267' title='bbox 806 3870 931 3927; x_wconf 86' lang='lat' dir='ltr'><strong>inde</strong></span> <span class='ocrx_word' id='word_1_268' title='bbox 961 3842 1181 3925; x_wconf 77' lang='lat' dir='ltr'><strong>meritis</strong></span> <span class='ocrx_word' id='word_1_269' title='bbox 1230 3860 1408 3921; x_wconf 83' lang='lat' dir='ltr'><strong>sancti</strong></span> <span class='ocrx_word' id='word_1_270' title='bbox 1451 3856 1712 3924; x_wconf 81' lang='lat' dir='ltr'><strong>sospitem</strong></span> <span class='ocrx_word' id='word_1_271' title='bbox 1755 3848 2077 3907; x_wconf 80' lang='lat' dir='ltr'><strong>surrexisse.</strong></span> <span class='ocrx_word' id='word_1_272' title='bbox 2124 3842 2183 3900; x_wconf 83' lang='lat' dir='ltr'><strong>Id</strong></span> 
     </span>
    </p>
   </div>
   <div class='ocr_carea' id='block_1_40' title="bbox 604 3940 2185 4035">
    <p class='ocr_par' dir='ltr' id='par_1_40' title="bbox 604 3940 2185 4035">
     <span class='ocr_line' id='line_1_40' title="bbox 604 3940 2185 4035; baseline -0.016 -16"><span class='ocrx_word' id='word_1_273' title='bbox 604 3977 736 4035; x_wconf 87' lang='lat' dir='ltr'><strong>ergo</strong></span> <span class='ocrx_word' id='word_1_274' title='bbox 756 3975 927 4034; x_wconf 88' lang='lat' dir='ltr'><strong>puero</strong></span> <span class='ocrx_word' id='word_1_275' title='bbox 955 3957 1203 4032; x_wconf 88' lang='lat' dir='ltr'><strong>genitrici</strong></span> <span class='ocrx_word' id='word_1_276' title='bbox 1232 3954 1504 4012; x_wconf 81' lang='lat' dir='ltr'><strong>referente</strong></span> <span class='ocrx_word' id='word_1_277' title='bbox 1533 3941 2045 4034; x_wconf 39' lang='lat' dir='ltr'><strong>iamiamque&#39;fama</strong></span> <span class='ocrx_word' id='word_1_278' title='bbox 2072 3940 2185 3997; x_wconf 83' lang='lat' dir='ltr'><strong>ele-</strong></span> 
     </span>
    </p>
   </div>
   <div class='ocr_carea' id='block_1_41' title="bbox 605 4032 2187 4112">
    <p class='ocr_par' dir='ltr' id='par_1_41' title="bbox 605 4032 2187 4112">
     <span class='ocr_line' id='line_1_41' title="bbox 605 4032 2187 4112; baseline -0.012 -3"><span class='ocrx_word' id='word_1_279' title='bbox 605 4056 768 4111; x_wconf 87' lang='lat' dir='ltr'><strong>vandi</strong></span> <span class='ocrx_word' id='word_1_280' title='bbox 799 4054 973 4109; x_wconf 81' lang='lat' dir='ltr'><strong>sancti</strong></span> <span class='ocrx_word' id='word_1_281' title='bbox 1012 4058 1358 4112; x_wconf 81' lang='lat' dir='ltr'><strong>assentiente,</strong></span> <span class='ocrx_word' id='word_1_282' title='bbox 1397 4032 1753 4104; x_wconf 76' lang='lat' dir='ltr'><strong>eodemeum</strong></span> <span class='ocrx_word' id='word_1_283' title='bbox 1784 4050 1965 4100; x_wconf 70' lang='lat' dir='ltr'><strong>puero</strong></span> <span class='ocrx_word' id='word_1_284' title='bbox 2000 4032 2187 4091; x_wconf 60' lang='lat' dir='ltr'><strong>multis</strong></span> 
     </span>
    </p>
   </div>
   <div class='ocr_carea' id='block_1_42' title="bbox 603 4115 2168 4186">
    <p class='ocr_par' dir='ltr' id='par_1_42' title="bbox 603 4115 2168 4186">
     <span class='ocr_line' id='line_1_42' title="bbox 603 4115 2168 4186; baseline -0.006 -9"><span class='ocrx_word' id='word_1_285' title='bbox 603 4129 858 4177; x_wconf 85' lang='lat' dir='ltr'><strong>comitata</strong></span> <span class='ocrx_word' id='word_1_286' title='bbox 892 4126 1127 4182; x_wconf 82' lang='lat' dir='ltr'><strong>advolat,</strong></span> <span class='ocrx_word' id='word_1_287' title='bbox 1176 4126 1602 4186; x_wconf 90' lang='lat' dir='ltr'><strong>proventumque</strong></span> <span class='ocrx_word' id='word_1_288' title='bbox 1622 4115 1831 4170; x_wconf 89' lang='lat' dir='ltr'><strong>Donnni</strong></span> <span class='ocrx_word' id='word_1_289' title='bbox 1862 4115 2168 4168; x_wconf 83' lang='lat' dir='ltr'><strong>interventu</strong></span> 
     </span>
    </p>
   </div>
   <div class='ocr_carea' id='block_1_43' title="bbox 604 4202 2167 4277">
    <p class='ocr_par' dir='ltr' id='par_1_43' title="bbox 604 4202 2167 4277">
     <span class='ocr_line' id='line_1_43' title="bbox 604 4202 2167 4277; baseline -0.005 -13"><span class='ocrx_word' id='word_1_290' title='bbox 604 4211 664 4264; x_wconf 86' lang='lat' dir='ltr'><strong>S.</strong></span> <span class='ocrx_word' id='word_1_291' title='bbox 695 4207 899 4264; x_wconf 85' lang='lat' dir='ltr'><strong>Bertini</strong></span> <span class='ocrx_word' id='word_1_292' title='bbox 928 4222 1026 4277; x_wconf 91' lang='lat' dir='ltr'><strong>pro</strong></span> <span class='ocrx_word' id='word_1_293' title='bbox 1068 4205 1275 4261; x_wconf 82' lang='lat' dir='ltr'><strong>foribus</strong></span> <span class='ocrx_word' id='word_1_294' title='bbox 1325 4204 1641 4273; x_wconf 57' lang='lat' dir='ltr'><strong>praestolans</strong></span> <span class='ocrx_word' id='word_1_295' title='bbox 1684 4202 2017 4266; x_wconf 87' lang='lat' dir='ltr'><strong>monasterii,</strong></span> <span class='ocrx_word' id='word_1_296' title='bbox 2041 4215 2167 4270; x_wconf 85' lang='lat' dir='ltr'><strong>sup-</strong></span> 
     </span>
    </p>
   </div>
   <div class='ocr_carea' id='block_1_44' title="bbox 1611 202 2750 279">
    <p class='ocr_par' dir='ltr' id='par_1_44' title="bbox 1611 202 2750 279">
     <span class='ocr_line' id='line_1_44' title="bbox 1611 202 2750 279; baseline -0.022 -2"><span class='ocrx_word' id='word_1_297' title='bbox 1611 216 1947 279; x_wconf 72' lang='lat' dir='ltr'><strong>FOLCARDI</strong></span> <span class='ocrx_word' id='word_1_298' title='bbox 1984 209 2287 269; x_wconf 65' lang='lat' dir='ltr'><strong>MONAGH:</strong></span> <span class='ocrx_word' id='word_1_299' title='bbox 2326 202 2750 264; x_wconf 64' lang='grc' dir='ltr'>διίιιινωδιδ</span> 
     </span>
    </p>
   </div>
   <div class='ocr_carea' id='block_1_45' title="bbox 3648 184 3743 239">
    <p class='ocr_par' dir='ltr' id='par_1_45' title="bbox 3648 184 3743 239">
     <span class='ocr_line' id='line_1_45' title="bbox 3648 184 3743 239; baseline 0.032 -3"><span class='ocrx_word' id='word_1_300' title='bbox 3648 184 3743 239; x_wconf 56' lang='grc'><strong>113</strong></span> 
     </span>
    </p>
   </div>
   <div class='ocr_carea' id='block_1_46' title="bbox 2228 294 3743 384">
    <p class='ocr_par' dir='ltr' id='par_1_46' title="bbox 2228 294 3743 384">
     <span class='ocr_line' id='line_1_46' title="bbox 2228 294 3743 384; baseline -0.013 -18"><span class='ocrx_word' id='word_1_301' title='bbox 2228 311 2386 384; x_wconf 84' lang='lat' dir='ltr'><strong>paulo</strong></span> <span class='ocrx_word' id='word_1_302' title='bbox 2410 319 2534 365; x_wconf 88' lang='lat' dir='ltr'><strong>ante</strong></span> <span class='ocrx_word' id='word_1_303' title='bbox 2564 307 2650 363; x_wconf 75' lang='lat' dir='ltr'><strong>vix</strong></span> <span class='ocrx_word' id='word_1_304' title='bbox 2693 312 2965 375; x_wconf 86' lang='lat' dir='ltr'><strong>repentem</strong></span> <span class='ocrx_word' id='word_1_305' title='bbox 2996 305 3274 363; x_wconf 79' lang='lat' dir='ltr'><strong>noverant,</strong></span> <span class='ocrx_word' id='word_1_306' title='bbox 3298 297 3452 352; x_wconf 83' lang='lat' dir='ltr'><strong>hunc</strong></span> <span class='ocrx_word' id='word_1_307' title='bbox 3478 308 3581 373; x_wconf 72' lang='lat' dir='ltr'><strong>prie</strong></span> <span class='ocrx_word' id='word_1_308' title='bbox 3617 294 3743 348; x_wconf 80' lang='lat' dir='ltr'><strong>oculis</strong></span> 
     </span>
    </p>
   </div>
   <div class='ocr_carea' id='block_1_47' title="bbox 2233 387 3746 471">
    <p class='ocr_par' dir='ltr' id='par_1_47' title="bbox 2233 387 3746 471">
     <span class='ocr_line' id='line_1_47' title="bbox 2233 387 3746 471; baseline -0.017 -7"><span class='ocrx_word' id='word_1_309' title='bbox 2233 410 2343 464; x_wconf 84' lang='lat' dir='ltr'><strong>suis</strong></span> <span class='ocrx_word' id='word_1_310' title='bbox 2381 407 2713 462; x_wconf 86' lang='lat' dir='ltr'><strong>incedentem</strong></span> <span class='ocrx_word' id='word_1_311' title='bbox 2750 399 2946 471; x_wconf 66' lang='lat' dir='ltr'><strong>praevia</strong></span> <span class='ocrx_word' id='word_1_312' title='bbox 2980 404 3151 452; x_wconf 89' lang='lat' dir='ltr'><strong>matre</strong></span> <span class='ocrx_word' id='word_1_313' title='bbox 3169 392 3489 448; x_wconf 86' lang='lat' dir='ltr'><strong>cernebant.</strong></span> <span class='ocrx_word' id='word_1_314' title='bbox 3518 387 3746 471; x_wconf 52' lang='lat' dir='ltr'><strong>Fiatrilm;</strong></span> 
     </span>
    </p>
   </div>
   <div class='ocr_carea' id='block_1_48' title="bbox 2235 454 3757 575">
    <p class='ocr_par' dir='ltr' id='par_1_48' title="bbox 2235 454 3757 575">
     <span class='ocr_line' id='line_1_48' title="bbox 2235 454 3757 575; baseline -0.016 -21"><span class='ocrx_word' id='word_1_315' title='bbox 2235 499 2449 554; x_wconf 87' lang='lat' dir='ltr'><strong>interim</strong></span> <span class='ocrx_word' id='word_1_316' title='bbox 2496 497 2548 551; x_wconf 93' lang='lat' dir='ltr'><strong>in</strong></span> <span class='ocrx_word' id='word_1_317' title='bbox 2578 496 2746 550; x_wconf 88' lang='lat' dir='ltr'><strong>choro</strong></span> <span class='ocrx_word' id='word_1_318' title='bbox 2777 492 2846 546; x_wconf 89' lang='lat' dir='ltr'><strong>ad</strong></span> <span class='ocrx_word' id='word_1_319' title='bbox 2888 489 3083 544; x_wconf 86' lang='lat' dir='ltr'><strong>missas</strong></span> <span class='ocrx_word' id='word_1_320' title='bbox 3124 482 3499 556; x_wconf 82' lang='lat' dir='ltr'><strong>psallentibus,</strong></span> <span class='ocrx_word' id='word_1_321' title='bbox 3528 477 3667 548; x_wconf 83' lang='lat' dir='ltr'><strong>hujus</strong></span> <span class='ocrx_word' id='word_1_322' title='bbox 3692 454 3757 575; x_wconf 43' lang='grc' dir='ltr'><strong>ἢ</strong></span> 
     </span>
    </p>
   </div>
   <div class='ocr_carea' id='block_1_49' title="bbox 2232 566 3749 648">
    <p class='ocr_par' dir='ltr' id='par_1_49' title="bbox 2232 566 3749 648">
     <span class='ocr_line' id='line_1_49' title="bbox 2232 566 3749 648; baseline -0.017 -1"><span class='ocrx_word' id='word_1_323' title='bbox 2232 591 2369 648; x_wconf 77' lang='lat' dir='ltr'><strong>odor</strong></span> <span class='ocrx_word' id='word_1_324' title='bbox 2408 588 2513 644; x_wconf 89' lang='lat' dir='ltr'><strong>illis</strong></span> <span class='ocrx_word' id='word_1_325' title='bbox 2544 585 2782 641; x_wconf 82' lang='lat' dir='ltr'><strong>illabitur</strong></span> <span class='ocrx_word' id='word_1_326' title='bbox 2827 577 3200 638; x_wconf 90' lang='lat' dir='ltr'><strong>suavissimus.</strong></span> <span class='ocrx_word' id='word_1_327' title='bbox 3231 572 3388 641; x_wconf 76' lang='lat' dir='ltr'><strong>Quod</strong></span> <span class='ocrx_word' id='word_1_328' title='bbox 3439 571 3562 626; x_wconf 84' lang='lat' dir='ltr'><strong>dum</strong></span> <span class='ocrx_word' id='word_1_329' title='bbox 3588 567 3646 623; x_wconf 85' lang='lat' dir='ltr'><strong>ab</strong></span> <span class='ocrx_word' id='word_1_330' title='bbox 3676 566 3749 622; x_wconf 53' lang='grc' dir='ltr'><strong>ὥς</strong></span> 
     </span>
    </p>
   </div>
   <div class='ocr_carea' id='block_1_50' title="bbox 2237 658 3745 742">
    <p class='ocr_par' dir='ltr' id='par_1_50' title="bbox 2237 658 3745 742">
     <span class='ocr_line' id='line_1_50' title="bbox 2237 658 3745 742; baseline -0.019 -2"><span class='ocrx_word' id='word_1_331' title='bbox 2237 694 2417 740; x_wconf 91' lang='lat' dir='ltr'><strong>utrum</strong></span> <span class='ocrx_word' id='word_1_332' title='bbox 2444 697 2629 737; x_wconf 86' lang='lat' dir='ltr'><strong>verum</strong></span> <span class='ocrx_word' id='word_1_333' title='bbox 2684 678 2820 734; x_wconf 82' lang='lat' dir='ltr'><strong>foret</strong></span> <span class='ocrx_word' id='word_1_334' title='bbox 2867 675 3043 731; x_wconf 86' lang='lat' dir='ltr'><strong>adhuc</strong></span> <span class='ocrx_word' id='word_1_335' title='bbox 3084 677 3461 742; x_wconf 46' lang='lat' dir='ltr'><strong>quaererem},</strong></span> <span class='ocrx_word' id='word_1_336' title='bbox 3495 658 3632 717; x_wconf 85' lang='lat' dir='ltr'><strong>idem</strong></span> <span class='ocrx_word' id='word_1_337' title='bbox 3656 675 3745 731; x_wconf 78' lang='lat' dir='ltr'><strong>pact</strong></span> 
     </span>
    </p>
   </div>
   <div class='ocr_carea' id='block_1_51' title="bbox 2239 737 3748 832">
    <p class='ocr_par' dir='ltr' id='par_1_51' title="bbox 2239 737 3748 832">
     <span class='ocr_line' id='line_1_51' title="bbox 2239 737 3748 832; baseline -0.018 -1"><span class='ocrx_word' id='word_1_338' title='bbox 2239 774 2448 831; x_wconf 87' lang='lat' dir='ltr'><strong>meritis</strong></span> <span class='ocrx_word' id='word_1_339' title='bbox 2477 771 2533 827; x_wconf 91' lang='lat' dir='ltr'><strong>S.</strong></span> <span class='ocrx_word' id='word_1_340' title='bbox 2556 769 2764 826; x_wconf 87' lang='lat' dir='ltr'><strong>Bertini</strong></span> <span class='ocrx_word' id='word_1_341' title='bbox 2795 770 3023 822; x_wconf 80' lang='lat' dir='ltr'><strong>sanatus</strong></span> <span class='ocrx_word' id='word_1_342' title='bbox 3043 737 3412 832; x_wconf 61' lang='lat' dir='ltr'><strong>ingreditur,&quot;</strong></span> <span class='ocrx_word' id='word_1_343' title='bbox 3407 761 3693 820; x_wconf 83' lang='lat' dir='ltr'><strong>erectusque</strong></span> <span class='ocrx_word' id='word_1_344' title='bbox 3712 750 3748 804; x_wconf 80' lang='lat' dir='ltr'><strong>Il</strong></span> 
     </span>
    </p>
   </div>
   <div class='ocr_carea' id='block_1_52' title="bbox 2240 841 3752 920">
    <p class='ocr_par' dir='ltr' id='par_1_52' title="bbox 2240 841 3752 920">
     <span class='ocr_line' id='line_1_52' title="bbox 2240 841 3752 920; baseline -0.019 0"><span class='ocrx_word' id='word_1_345' title='bbox 2240 864 2417 920; x_wconf 89' lang='lat' dir='ltr'><strong>medio</strong></span> <span class='ocrx_word' id='word_1_346' title='bbox 2458 861 2670 915; x_wconf 84' lang='lat' dir='ltr'><strong>illorum</strong></span> <span class='ocrx_word' id='word_1_347' title='bbox 2705 842 3153 912; x_wconf 85' lang='lat' dir='ltr'><strong>ducente-matre</strong></span> <span class='ocrx_word' id='word_1_348' title='bbox 3184 861 3373 904; x_wconf 86' lang='lat' dir='ltr'><strong>coram</strong></span> <span class='ocrx_word' id='word_1_349' title='bbox 3430 841 3581 897; x_wconf 78' lang='lat' dir='ltr'><strong>altari</strong></span> <span class='ocrx_word' id='word_1_350' title='bbox 3609 854 3752 895; x_wconf 76' lang='lat' dir='ltr'><strong>secun-</strong></span> 
     </span>
    </p>
   </div>
   <div class='ocr_carea' id='block_1_53' title="bbox 2241 927 3751 1012">
    <p class='ocr_par' dir='ltr' id='par_1_53' title="bbox 2241 927 3751 1012">
     <span class='ocr_line' id='line_1_53' title="bbox 2241 927 3751 1012; baseline -0.019 -3"><span class='ocrx_word' id='word_1_351' title='bbox 2241 954 2366 1009; x_wconf 89' lang='lat' dir='ltr'><strong>dum</strong></span> <span class='ocrx_word' id='word_1_352' title='bbox 2384 949 2654 1005; x_wconf 75' lang='lat' dir='ltr'><strong>modulum</strong></span> <span class='ocrx_word' id='word_1_353' title='bbox 2673 960 2829 1003; x_wconf 86' lang='lat' dir='ltr'><strong>suum</strong></span> <span class='ocrx_word' id='word_1_354' title='bbox 2845 944 2954 999; x_wconf 86' lang='lat' dir='ltr'><strong>Deo</strong></span> <span class='ocrx_word' id='word_1_355' title='bbox 2978 940 3178 1012; x_wconf 87' lang='lat' dir='ltr'><strong>gratias</strong></span> <span class='ocrx_word' id='word_1_356' title='bbox 3199 944 3424 992; x_wconf 88' lang='lat' dir='ltr'><strong>acturus</strong></span> <span class='ocrx_word' id='word_1_357' title='bbox 3435 927 3751 1004; x_wconf 80' lang='lat' dir='ltr'><strong>prosternitur,</strong></span> 
     </span>
    </p>
   </div>
   <div class='ocr_carea' id='block_1_54' title="bbox 2242 1025 3751 1110">
    <p class='ocr_par' dir='ltr' id='par_1_54' title="bbox 2242 1025 3751 1110">
     <span class='ocr_line' id='line_1_54' title="bbox 2242 1025 3751 1110; baseline -0.015 -10"><span class='ocrx_word' id='word_1_358' title='bbox 2242 1056 2295 1101; x_wconf 91' lang='lat' dir='ltr'><strong>et</strong></span> <span class='ocrx_word' id='word_1_359' title='bbox 2319 1045 2462 1099; x_wconf 88' lang='lat' dir='ltr'><strong>dicto</strong></span> <span class='ocrx_word' id='word_1_360' title='bbox 2493 1038 2783 1110; x_wconf 79' lang='lat' dir='ltr'><strong>Evangelia</strong></span> <span class='ocrx_word' id='word_1_361' title='bbox 2820 1035 3125 1103; x_wconf 89' lang='lat' dir='ltr'><strong>domuoque</strong></span> <span class='ocrx_word' id='word_1_362' title='bbox 3161 1025 3575 1095; x_wconf 82' lang='lat' dir='ltr'><strong>archiepiscopo</strong></span> <span class='ocrx_word' id='word_1_363' title='bbox 3598 1034 3751 1077; x_wconf 77' lang='lat' dir='ltr'><strong>coram.</strong></span> 
     </span>
    </p>
   </div>
   <div class='ocr_carea' id='block_1_55' title="bbox 2246 1110 3822 1204">
    <p class='ocr_par' dir='ltr' id='par_1_55' title="bbox 2246 1110 3822 1204">
     <span class='ocr_line' id='line_1_55' title="bbox 2246 1110 3822 1204; baseline -0.016 -16"><span class='ocrx_word' id='word_1_364' title='bbox 2246 1133 2402 1188; x_wconf 87' lang='lat' dir='ltr'><strong>altari</strong></span> <span class='ocrx_word' id='word_1_365' title='bbox 2434 1134 2700 1204; x_wconf 78' lang='lat' dir='ltr'><strong>hymnum</strong></span> <span class='ocrx_word' id='word_1_366' title='bbox 2742 1123 2812 1183; x_wconf 83' lang='lat' dir='ltr'><strong>Te</strong></span> <span class='ocrx_word' id='word_1_367' title='bbox 2830 1127 2995 1182; x_wconf 86' lang='lat' dir='ltr'><strong>Deum</strong></span> <span class='ocrx_word' id='word_1_368' title='bbox 3017 1122 3301 1178; x_wconf 73' lang='lat' dir='ltr'><strong>laudamus</strong></span> <span class='ocrx_word' id='word_1_369' title='bbox 3326 1116 3609 1173; x_wconf 85' lang='lat' dir='ltr'><strong>inchoante</strong></span> <span class='ocrx_word' id='word_1_370' title='bbox 3637 1121 3752 1180; x_wconf 79' lang='lat' dir='ltr'><strong>atque</strong></span> <span class='ocrx_word' id='word_1_371' title='bbox 3816 1110 3822 1117; x_wconf 85' lang='grc'><em>’</em></span> 
     </span>
    </p>
   </div>
   <div class='ocr_carea' id='block_1_56' title="bbox 2245 1198 3753 1294">
    <p class='ocr_par' dir='ltr' id='par_1_56' title="bbox 2245 1198 3753 1294">
     <span class='ocr_line' id='line_1_56' title="bbox 2245 1198 3753 1294; baseline -0.017 -16"><span class='ocrx_word' id='word_1_372' title='bbox 2245 1198 2614 1294; x_wconf 80' lang='lat' dir='ltr'><strong>multipliciter</strong></span> <span class='ocrx_word' id='word_1_373' title='bbox 2658 1220 2826 1275; x_wconf 90' lang='lat' dir='ltr'><strong>choro</strong></span> <span class='ocrx_word' id='word_1_374' title='bbox 2855 1217 3240 1285; x_wconf 88' lang='lat' dir='ltr'><strong>subsequente,</strong></span> <span class='ocrx_word' id='word_1_375' title='bbox 3276 1207 3485 1263; x_wconf 85' lang='lat' dir='ltr'><strong>multos</strong></span> <span class='ocrx_word' id='word_1_376' title='bbox 3502 1201 3693 1258; x_wconf 77' lang='lat' dir='ltr'><strong>Christo</strong></span> <span class='ocrx_word' id='word_1_377' title='bbox 3716 1198 3753 1252; x_wconf 75' lang='lat' dir='ltr'><strong>in</strong></span> 
     </span>
    </p>
   </div>
   <div class='ocr_carea' id='block_1_57' title="bbox 2245 1291 3754 1387">
    <p class='ocr_par' dir='ltr' id='par_1_57' title="bbox 2245 1291 3754 1387">
     <span class='ocr_line' id='line_1_57' title="bbox 2245 1291 3754 1387; baseline -0.017 -17"><span class='ocrx_word' id='word_1_378' title='bbox 2245 1330 2305 1370; x_wconf 88' lang='lat' dir='ltr'><strong>re</strong></span> <span class='ocrx_word' id='word_1_379' title='bbox 2333 1291 2482 1387; x_wconf 83' lang='lat' dir='ltr'><strong>gesta</strong></span> <span class='ocrx_word' id='word_1_380' title='bbox 2515 1310 2930 1385; x_wconf 84' lang='lat' dir='ltr'><strong>conjubilantes,</strong></span> <span class='ocrx_word' id='word_1_381' title='bbox 2958 1304 3154 1362; x_wconf 90' lang='lat' dir='ltr'><strong>multos</strong></span> <span class='ocrx_word' id='word_1_382' title='bbox 3171 1297 3471 1372; x_wconf 78' lang='lat' dir='ltr'><strong>Iacrytnari</strong></span> <span class='ocrx_word' id='word_1_383' title='bbox 3489 1298 3593 1367; x_wconf 65' lang='lat' dir='ltr'><strong>pra</strong></span> <span class='ocrx_word' id='word_1_384' title='bbox 3621 1291 3754 1348; x_wconf 64' lang='lat' dir='ltr'><strong>latitia</strong></span> 
     </span>
    </p>
   </div>
   <div class='ocr_carea' id='block_1_58' title="bbox 2240 1418 2520 1465">
    <p class='ocr_par' dir='ltr' id='par_1_58' title="bbox 2240 1418 2520 1465">
     <span class='ocr_line' id='line_1_58' title="bbox 2240 1418 2520 1465; baseline -0.004 0"><span class='ocrx_word' id='word_1_385' title='bbox 2240 1418 2520 1465; x_wconf 81' lang='lat' dir='ltr'><strong>‘cerueres.</strong></span> 
     </span>
    </p>
   </div>
   <div class='ocr_carea' id='block_1_59' title="bbox 2353 1469 3686 1578">
    <p class='ocr_par' dir='ltr' id='par_1_59' title="bbox 2353 1469 3686 1578">
     <span class='ocr_line' id='line_1_59' title="bbox 2353 1469 3686 1578; baseline -0.022 1"><span class='ocrx_word' id='word_1_386' title='bbox 2353 1516 2482 1578; x_wconf 70' lang='lat' dir='ltr'><strong>CAP.</strong></span> <span class='ocrx_word' id='word_1_387' title='bbox 2512 1511 2699 1575; x_wconf 81' lang='lat' dir='ltr'><strong>XXIII.</strong></span> <span class='ocrx_word' id='word_1_388' title='bbox 2736 1507 2966 1570; x_wconf 78' lang='lat' dir='ltr'><strong>Tertium</strong></span> <span class='ocrx_word' id='word_1_389' title='bbox 2999 1469 3317 1564; x_wconf 75' lang='lat' dir='ltr'><strong>miraculum</strong></span> <span class='ocrx_word' id='word_1_390' title='bbox 3342 1502 3523 1560; x_wconf 77' lang='lat' dir='ltr'><strong>eodem</strong></span> <span class='ocrx_word' id='word_1_391' title='bbox 3546 1492 3686 1551; x_wconf 65' lang='lat' dir='ltr'><strong>died:</strong></span> 
     </span>
    </p>
   </div>
   <div class='ocr_carea' id='block_1_60' title="bbox 2839 1581 3242 1637">
    <p class='ocr_par' dir='ltr' id='par_1_60' title="bbox 2839 1581 3242 1637">
     <span class='ocr_line' id='line_1_60' title="bbox 2839 1581 3242 1637; baseline -0.017 0"><span class='ocrx_word' id='word_1_392' title='bbox 2839 1581 3053 1637; x_wconf 81' lang='lat' dir='ltr'><strong>muliere</strong></span> <span class='ocrx_word' id='word_1_393' title='bbox 3082 1592 3242 1633; x_wconf 75' lang='lat' dir='ltr'><strong>‘cwca.</strong></span> 
     </span>
    </p>
   </div>
   <div class='ocr_carea' id='block_1_61' title="bbox 2181 1652 3757 1747">
    <p class='ocr_par' dir='ltr' id='par_1_61' title="bbox 2181 1652 3757 1747">
     <span class='ocr_line' id='line_1_61' title="bbox 2181 1652 3757 1747; baseline -0.022 -5"><span class='ocrx_word' id='word_1_394' title='bbox 2181 1671 2221 1728; x_wconf 73' lang='grc' dir='ltr'><strong><em>Β</em></strong></span> <span class='ocrx_word' id='word_1_395' title='bbox 2318 1682 2557 1739; x_wconf 77' lang='lat' dir='ltr'><strong>Necdum</strong></span> <span class='ocrx_word' id='word_1_396' title='bbox 2606 1692 2737 1735; x_wconf 86' lang='lat' dir='ltr'><strong>vero</strong></span> <span class='ocrx_word' id='word_1_397' title='bbox 2770 1676 2972 1747; x_wconf 85' lang='lat' dir='ltr'><strong>hymno</strong></span> <span class='ocrx_word' id='word_1_398' title='bbox 3016 1667 3281 1739; x_wconf 85' lang='lat' dir='ltr'><strong>completo</strong></span> <span class='ocrx_word' id='word_1_399' title='bbox 3336 1652 3395 1721; x_wconf 83' lang='lat' dir='ltr'><strong>et</strong></span> <span class='ocrx_word' id='word_1_400' title='bbox 3429 1661 3595 1717; x_wconf 85' lang='lat' dir='ltr'><strong>adhuc</strong></span> <span class='ocrx_word' id='word_1_401' title='bbox 3626 1656 3757 1713; x_wconf 84' lang='lat' dir='ltr'><strong>multis</strong></span> 
     </span>
    </p>
   </div>
   <div class='ocr_carea' id='block_1_62' title="bbox 2254 1750 3756 1841">
    <p class='ocr_par' dir='ltr' id='par_1_62' title="bbox 2254 1750 3756 1841">
     <span class='ocr_line' id='line_1_62' title="bbox 2254 1750 3756 1841; baseline -0.019 -13"><span class='ocrx_word' id='word_1_402' title='bbox 2254 1772 2497 1827; x_wconf 83' lang='lat' dir='ltr'><strong>ﬂentibus</strong></span> <span class='ocrx_word' id='word_1_403' title='bbox 2539 1783 2649 1841; x_wconf 59' lang='lat' dir='ltr'><strong>pra:</strong></span> <span class='ocrx_word' id='word_1_404' title='bbox 2699 1764 2914 1838; x_wconf 88' lang='lat' dir='ltr'><strong>gaudio,</strong></span> <span class='ocrx_word' id='word_1_405' title='bbox 2944 1758 3186 1832; x_wconf 66' lang='lat' dir='ltr'><strong>quaedam</strong></span> <span class='ocrx_word' id='word_1_406' title='bbox 3227 1754 3404 1811; x_wconf 87' lang='lat' dir='ltr'><strong>etiam</strong></span> <span class='ocrx_word' id='word_1_407' title='bbox 3449 1750 3627 1807; x_wconf 85' lang='lat' dir='ltr'><strong>mulier</strong></span> <span class='ocrx_word' id='word_1_408' title='bbox 3657 1760 3756 1801; x_wconf 65' lang='lat' dir='ltr'><strong>rect</strong></span> 
     </span>
    </p>
   </div>
   <div class='ocr_carea' id='block_1_63' title="bbox 2253 1837 3758 1931">
    <p class='ocr_par' dir='ltr' id='par_1_63' title="bbox 2253 1837 3758 1931">
     <span class='ocr_line' id='line_1_63' title="bbox 2253 1837 3758 1931; baseline -0.02 -14"><span class='ocrx_word' id='word_1_409' title='bbox 2253 1860 2414 1931; x_wconf 81' lang='lat' dir='ltr'><strong>hujus</strong></span> <span class='ocrx_word' id='word_1_410' title='bbox 2444 1837 2678 1915; x_wconf 81' lang='lat' dir='ltr'><strong>civitatis</strong></span> <span class='ocrx_word' id='word_1_411' title='bbox 2709 1837 3108 1914; x_wconf 15' lang='lat' dir='ltr'><strong>imansionaria,</strong></span> <span class='ocrx_word' id='word_1_412' title='bbox 3150 1846 3272 1902; x_wconf 83' lang='lat' dir='ltr'><strong>ideo</strong></span> <span class='ocrx_word' id='word_1_413' title='bbox 3314 1842 3531 1899; x_wconf 87' lang='lat' dir='ltr'><strong>cunctis</strong></span> <span class='ocrx_word' id='word_1_414' title='bbox 3562 1837 3758 1894; x_wconf 79' lang='lat' dir='ltr'><strong>fratribus</strong></span> 
     </span>
    </p>
   </div>
   <div class='ocr_carea' id='block_1_64' title="bbox 2246 1926 3757 2015">
    <p class='ocr_par' dir='ltr' id='par_1_64' title="bbox 2246 1926 3757 2015">
     <span class='ocr_line' id='line_1_64' title="bbox 2246 1926 3757 2015; baseline -0.019 -7"><span class='ocrx_word' id='word_1_415' title='bbox 2246 1949 2557 2015; x_wconf 79' lang='lat' dir='ltr'><strong>notissima,</strong></span> <span class='ocrx_word' id='word_1_416' title='bbox 2589 1960 2713 2003; x_wconf 91' lang='lat' dir='ltr'><strong>tunc</strong></span> <span class='ocrx_word' id='word_1_417' title='bbox 2736 1944 2910 2000; x_wconf 86' lang='lat' dir='ltr'><strong>visum</strong></span> <span class='ocrx_word' id='word_1_418' title='bbox 2956 1938 3225 2009; x_wconf 78' lang='lat' dir='ltr'><strong>recepisse</strong></span> <span class='ocrx_word' id='word_1_419' title='bbox 3255 1932 3635 2015; x_wconf 79' lang='lat' dir='ltr'><strong>denuntiatur;</strong></span> <span class='ocrx_word' id='word_1_420' title='bbox 3660 1926 3757 1997; x_wconf 76' lang='lat' dir='ltr'><strong>ipsa-</strong></span> 
     </span>
    </p>
   </div>
   <div class='ocr_carea' id='block_1_65' title="bbox 2250 2012 3759 2115">
    <p class='ocr_par' dir='ltr' id='par_1_65' title="bbox 2250 2012 3759 2115">
     <span class='ocr_line' id='line_1_65' title="bbox 2250 2012 3759 2115; baseline -0.018 -20"><span class='ocrx_word' id='word_1_421' title='bbox 2250 2059 2358 2115; x_wconf 77' lang='lat' dir='ltr'><strong>que</strong></span> <span class='ocrx_word' id='word_1_422' title='bbox 2388 2043 2440 2097; x_wconf 88' lang='lat' dir='ltr'><strong>itt</strong></span> <span class='ocrx_word' id='word_1_423' title='bbox 2472 2046 2760 2109; x_wconf 89' lang='lat' dir='ltr'><strong>conspectu</strong></span> <span class='ocrx_word' id='word_1_424' title='bbox 2782 2033 3022 2090; x_wconf 87' lang='lat' dir='ltr'><strong>omnium</strong></span> <span class='ocrx_word' id='word_1_425' title='bbox 3043 2012 3290 2084; x_wconf 79' lang='lat' dir='ltr'><strong>nuntium</strong></span> <span class='ocrx_word' id='word_1_426' title='bbox 3320 2019 3621 2095; x_wconf 73' lang='lat' dir='ltr'><strong>huiusmodi</strong></span> <span class='ocrx_word' id='word_1_427' title='bbox 3644 2016 3759 2072; x_wconf 80' lang='lat' dir='ltr'><strong>etimi-</strong></span> 
     </span>
    </p>
   </div>
   <div class='ocr_carea' id='block_1_66' title="bbox 2258 2104 3756 2199">
    <p class='ocr_par' dir='ltr' id='par_1_66' title="bbox 2258 2104 3756 2199">
     <span class='ocr_line' id='line_1_66' title="bbox 2258 2104 3756 2199; baseline -0.022 -9"><span class='ocrx_word' id='word_1_428' title='bbox 2258 2104 2418 2196; x_wconf 65' lang='lat' dir='ltr'><strong>tatur,</strong></span> <span class='ocrx_word' id='word_1_429' title='bbox 2457 2145 2520 2185; x_wconf 90' lang='lat' dir='ltr'><strong>ac</strong></span> <span class='ocrx_word' id='word_1_430' title='bbox 2574 2104 2738 2199; x_wconf 74' lang='lat' dir='ltr'><strong>puero</strong></span> <span class='ocrx_word' id='word_1_431' title='bbox 2784 2124 2852 2179; x_wconf 85' lang='lat' dir='ltr'><strong>ad</strong></span> <span class='ocrx_word' id='word_1_432' title='bbox 2882 2119 3096 2176; x_wconf 87' lang='lat' dir='ltr'><strong>laudem</strong></span> <span class='ocrx_word' id='word_1_433' title='bbox 3144 2117 3240 2173; x_wconf 83' lang='lat' dir='ltr'><strong>Dei</strong></span> <span class='ocrx_word' id='word_1_434' title='bbox 3266 2123 3324 2171; x_wconf 87' lang='lat' dir='ltr'><strong>et</strong></span> <span class='ocrx_word' id='word_1_435' title='bbox 3365 2113 3435 2168; x_wconf 90' lang='lat' dir='ltr'><strong>ad</strong></span> <span class='ocrx_word' id='word_1_436' title='bbox 3483 2109 3694 2165; x_wconf 80' lang='lat' dir='ltr'><strong>meritum</strong></span> <span class='ocrx_word' id='word_1_437' title='bbox 3717 2104 3756 2157; x_wconf 84' lang='lat' dir='ltr'><strong>S.</strong></span> 
     </span>
    </p>
   </div>
   <div class='ocr_carea' id='block_1_67' title="bbox 2257 2197 3756 2291">
    <p class='ocr_par' dir='ltr' id='par_1_67' title="bbox 2257 2197 3756 2291">
     <span class='ocr_line' id='line_1_67' title="bbox 2257 2197 3756 2291; baseline -0.022 -11"><span class='ocrx_word' id='word_1_438' title='bbox 2257 2222 2460 2280; x_wconf 84' lang='lat' dir='ltr'><strong>Bertini</strong></span> <span class='ocrx_word' id='word_1_439' title='bbox 2493 2197 2864 2291; x_wconf 80' lang='lat' dir='ltr'><strong>protelandum</strong></span> <span class='ocrx_word' id='word_1_440' title='bbox 2900 2218 3170 2284; x_wconf 88' lang='lat' dir='ltr'><strong>prostrata</strong></span> <span class='ocrx_word' id='word_1_441' title='bbox 3222 2204 3570 2262; x_wconf 74' lang='lat' dir='ltr'><strong>admiscetur.</strong></span> <span class='ocrx_word' id='word_1_442' title='bbox 3608 2197 3756 2291; x_wconf 62' lang='lat' dir='ltr'><strong>Quian</strong></span> 
     </span>
    </p>
   </div>
   <div class='ocr_carea' id='block_1_68' title="bbox 2258 2285 3756 2372">
    <p class='ocr_par' dir='ltr' id='par_1_68' title="bbox 2258 2285 3756 2372">
     <span class='ocr_line' id='line_1_68' title="bbox 2258 2285 3756 2372; baseline -0.019 -3"><span class='ocrx_word' id='word_1_443' title='bbox 2258 2329 2386 2368; x_wconf 85' lang='lat' dir='ltr'><strong>vero</strong></span> <span class='ocrx_word' id='word_1_444' title='bbox 2432 2285 2793 2366; x_wconf 75' lang='lat' dir='ltr'><strong>exsultatione</strong></span> <span class='ocrx_word' id='word_1_445' title='bbox 2837 2310 3108 2372; x_wconf 85' lang='lat' dir='ltr'><strong>quantavo</strong></span> <span class='ocrx_word' id='word_1_446' title='bbox 3135 2296 3409 2369; x_wconf 81' lang='lat' dir='ltr'><strong>dignitate</strong></span> <span class='ocrx_word' id='word_1_447' title='bbox 3430 2307 3490 2347; x_wconf 82' lang='lat' dir='ltr'><strong>ea</strong></span> <span class='ocrx_word' id='word_1_448' title='bbox 3514 2290 3590 2345; x_wconf 89' lang='lat' dir='ltr'><strong>die</strong></span> <span class='ocrx_word' id='word_1_449' title='bbox 3616 2290 3659 2342; x_wconf 89' lang='lat' dir='ltr'><strong>in</strong></span> <span class='ocrx_word' id='word_1_450' title='bbox 3687 2285 3756 2339; x_wconf 82' lang='lat' dir='ltr'><strong>Do-</strong></span> 
     </span>
    </p>
   </div>
   <div class='ocr_carea' id='block_1_69' title="bbox 2258 2374 3757 2459">
    <p class='ocr_par' dir='ltr' id='par_1_69' title="bbox 2258 2374 3757 2459">
     <span class='ocr_line' id='line_1_69' title="bbox 2258 2374 3757 2459; baseline -0.023 0"><span class='ocrx_word' id='word_1_451' title='bbox 2258 2403 2405 2459; x_wconf 90' lang='lat' dir='ltr'><strong>mino</strong></span> <span class='ocrx_word' id='word_1_452' title='bbox 2431 2399 2754 2455; x_wconf 79' lang='lat' dir='ltr'><strong>exsultatum</strong></span> <span class='ocrx_word' id='word_1_453' title='bbox 2793 2409 2857 2449; x_wconf 89' lang='lat' dir='ltr'><strong>ac</strong></span> <span class='ocrx_word' id='word_1_454' title='bbox 2894 2390 3216 2447; x_wconf 89' lang='lat' dir='ltr'><strong>delectatum</strong></span> <span class='ocrx_word' id='word_1_455' title='bbox 3245 2392 3357 2451; x_wconf 85' lang='lat' dir='ltr'><strong>est,</strong></span> <span class='ocrx_word' id='word_1_456' title='bbox 3385 2381 3576 2438; x_wconf 90' lang='lat' dir='ltr'><strong>nullius</strong></span> <span class='ocrx_word' id='word_1_457' title='bbox 3597 2374 3757 2431; x_wconf 76' lang='lat' dir='ltr'><strong>assertio</strong></span> 
     </span>
    </p>
   </div>
   <div class='ocr_carea' id='block_1_70' title="bbox 2261 2463 3757 2564">
    <p class='ocr_par' dir='ltr' id='par_1_70' title="bbox 2261 2463 3757 2564">
     <span class='ocr_line' id='line_1_70' title="bbox 2261 2463 3757 2564; baseline -0.026 -13"><span class='ocrx_word' id='word_1_458' title='bbox 2261 2495 2326 2550; x_wconf 87' lang='lat' dir='ltr'><strong>ad</strong></span> <span class='ocrx_word' id='word_1_459' title='bbox 2359 2493 2573 2564; x_wconf 88' lang='lat' dir='ltr'><strong>plenum</strong></span> <span class='ocrx_word' id='word_1_460' title='bbox 2607 2486 2861 2559; x_wconf 74' lang='lat' dir='ltr'><strong>expedire</strong></span> <span class='ocrx_word' id='word_1_461' title='bbox 2908 2480 3153 2539; x_wconf 79' lang='lat' dir='ltr'><strong>sufﬁciet.</strong></span> <span class='ocrx_word' id='word_1_462' title='bbox 3215 2476 3310 2532; x_wconf 74' lang='lat' dir='ltr'><strong>llis</strong></span> <span class='ocrx_word' id='word_1_463' title='bbox 3370 2475 3446 2529; x_wconf 81' lang='lat' dir='ltr'><strong>ita</strong></span> <span class='ocrx_word' id='word_1_464' title='bbox 3475 2470 3638 2543; x_wconf 75' lang='lat' dir='ltr'><strong>gestis,</strong></span> <span class='ocrx_word' id='word_1_465' title='bbox 3665 2463 3757 2519; x_wconf 78' lang='lat' dir='ltr'><strong>cele-</strong></span> 
     </span>
    </p>
   </div>
   <div class='ocr_carea' id='block_1_71' title="bbox 2261 2562 3756 2639">
    <p class='ocr_par' dir='ltr' id='par_1_71' title="bbox 2261 2562 3756 2639">
     <span class='ocr_line' id='line_1_71' title="bbox 2261 2562 3756 2639; baseline -0.02 1"><span class='ocrx_word' id='word_1_466' title='bbox 2261 2562 2499 2639; x_wconf 71' lang='lat' dir='ltr'><strong>berrima</strong></span> <span class='ocrx_word' id='word_1_467' title='bbox 2530 2580 2641 2634; x_wconf 88' lang='lat' dir='ltr'><strong>dies</strong></span> <span class='ocrx_word' id='word_1_468' title='bbox 2696 2576 2786 2632; x_wconf 91' lang='lat' dir='ltr'><strong>illa</strong></span> <span class='ocrx_word' id='word_1_469' title='bbox 2829 2588 2954 2629; x_wconf 91' lang='lat' dir='ltr'><strong>cum</strong></span> <span class='ocrx_word' id='word_1_470' title='bbox 2987 2565 3336 2626; x_wconf 88' lang='lat' dir='ltr'><strong>inenarrabili</strong></span> <span class='ocrx_word' id='word_1_471' title='bbox 3374 2562 3545 2633; x_wconf 80' lang='lat' dir='ltr'><strong>gloria</strong></span> <span class='ocrx_word' id='word_1_472' title='bbox 3572 2570 3756 2614; x_wconf 76' lang='lat' dir='ltr'><strong>consum-</strong></span> 
     </span>
    </p>
   </div>
   <div class='ocr_carea' id='block_1_72' title="bbox 2265 2646 3756 2738">
    <p class='ocr_par' dir='ltr' id='par_1_72' title="bbox 2265 2646 3756 2738">
     <span class='ocr_line' id='line_1_72' title="bbox 2265 2646 3756 2738; baseline -0.017 -11"><span class='ocrx_word' id='word_1_473' title='bbox 2265 2681 2460 2727; x_wconf 84' lang='lat' dir='ltr'><strong>utatur.</strong></span> <span class='ocrx_word' id='word_1_474' title='bbox 2494 2665 2749 2738; x_wconf 88' lang='lat' dir='ltr'><strong>Sequenti</strong></span> <span class='ocrx_word' id='word_1_475' title='bbox 2795 2677 2925 2718; x_wconf 93' lang='lat' dir='ltr'><strong>vero</strong></span> <span class='ocrx_word' id='word_1_476' title='bbox 2953 2661 3039 2718; x_wconf 89' lang='lat' dir='ltr'><strong>die</strong></span> <span class='ocrx_word' id='word_1_477' title='bbox 3077 2661 3203 2715; x_wconf 86' lang='lat' dir='ltr'><strong>item</strong></span> <span class='ocrx_word' id='word_1_478' title='bbox 3230 2657 3299 2712; x_wconf 90' lang='lat' dir='ltr'><strong>ad</strong></span> <span class='ocrx_word' id='word_1_479' title='bbox 3340 2656 3488 2711; x_wconf 85' lang='lat' dir='ltr'><strong>diem</strong></span> <span class='ocrx_word' id='word_1_480' title='bbox 3537 2646 3756 2705; x_wconf 51' lang='lat' dir='ltr'><strong>acceditur.</strong></span> 
     </span>
    </p>
   </div>
   <div class='ocr_carea' id='block_1_73' title="bbox 2266 2751 3756 2835">
    <p class='ocr_par' dir='ltr' id='par_1_73' title="bbox 2266 2751 3756 2835">
     <span class='ocr_line' id='line_1_73' title="bbox 2266 2751 3756 2835; baseline -0.008 -15"><span class='ocrx_word' id='word_1_481' title='bbox 2266 2775 2429 2835; x_wconf 87' lang='lat' dir='ltr'><strong>atque</strong></span> <span class='ocrx_word' id='word_1_482' title='bbox 2461 2761 2614 2817; x_wconf 87' lang='lat' dir='ltr'><strong>testis</strong></span> <span class='ocrx_word' id='word_1_483' title='bbox 2648 2767 2815 2831; x_wconf 66' lang='lat' dir='ltr'><strong>gesta:</strong></span> <span class='ocrx_word' id='word_1_484' title='bbox 2844 2756 2923 2813; x_wconf 88' lang='lat' dir='ltr'><strong>rei</strong></span> <span class='ocrx_word' id='word_1_485' title='bbox 2953 2755 3130 2811; x_wconf 67' lang='lat' dir='ltr'><strong>cautio</strong></span> <span class='ocrx_word' id='word_1_486' title='bbox 3161 2751 3436 2835; x_wconf 75' lang='lat' dir='ltr'><strong>ordinem,</strong></span> <span class='ocrx_word' id='word_1_487' title='bbox 3460 2751 3756 2815; x_wconf 50' lang='lat' dir='ltr'><strong>tempus?&quot;</strong></span> 
     </span>
    </p>
   </div>
   <div class='ocr_carea' id='block_1_74' title="bbox 2267 2830 3757 2914">
    <p class='ocr_par' dir='ltr' id='par_1_74' title="bbox 2267 2830 3757 2914">
     <span class='ocr_line' id='line_1_74' title="bbox 2267 2830 3757 2914; baseline -0.015 -1"><span class='ocrx_word' id='word_1_488' title='bbox 2267 2872 2455 2914; x_wconf 85' lang='lat' dir='ltr'><strong>sonam</strong></span> <span class='ocrx_word' id='word_1_489' title='bbox 2484 2871 2547 2910; x_wconf 90' lang='lat' dir='ltr'><strong>ac</strong></span> <span class='ocrx_word' id='word_1_490' title='bbox 2576 2863 2740 2909; x_wconf 87' lang='lat' dir='ltr'><strong>testes</strong></span> <span class='ocrx_word' id='word_1_491' title='bbox 2754 2851 3063 2913; x_wconf 87' lang='lat' dir='ltr'><strong>continens,</strong></span> <span class='ocrx_word' id='word_1_492' title='bbox 3094 2830 3306 2904; x_wconf 78' lang='lat' dir='ltr'><strong>astante</strong></span> <span class='ocrx_word' id='word_1_493' title='bbox 3343 2846 3615 2900; x_wconf 80' lang='lat' dir='ltr'><strong>innumera</strong></span> <span class='ocrx_word' id='word_1_494' title='bbox 3633 2832 3757 2907; x_wconf 78' lang='lat' dir='ltr'><strong>populi</strong></span> 
     </span>
    </p>
   </div>
   <div class='ocr_carea' id='block_1_75' title="bbox 2269 2935 3757 3011">
    <p class='ocr_par' dir='ltr' id='par_1_75' title="bbox 2269 2935 3757 3011">
     <span class='ocr_line' id='line_1_75' title="bbox 2269 2935 3757 3011; baseline -0.018 -3"><span class='ocrx_word' id='word_1_495' title='bbox 2269 2948 2609 3007; x_wconf 72' lang='lat' dir='ltr'><strong>Multitudine</strong></span> <span class='ocrx_word' id='word_1_496' title='bbox 2629 2944 2904 3006; x_wconf 90' lang='lat' dir='ltr'><strong>recitatur,</strong></span> <span class='ocrx_word' id='word_1_497' title='bbox 2930 2956 2995 2997; x_wconf 92' lang='lat' dir='ltr'><strong>ac</strong></span> <span class='ocrx_word' id='word_1_498' title='bbox 3018 2939 3261 3011; x_wconf 84' lang='lat' dir='ltr'><strong>perlecta</strong></span> <span class='ocrx_word' id='word_1_499' title='bbox 3290 2952 3421 2991; x_wconf 89' lang='lat' dir='ltr'><strong>cum</strong></span> <span class='ocrx_word' id='word_1_500' title='bbox 3445 2935 3638 2990; x_wconf 69' lang='lat' dir='ltr'><strong>inventa</strong></span> <span class='ocrx_word' id='word_1_501' title='bbox 3650 2940 3757 2984; x_wconf 75' lang='lat' dir='ltr'><strong>erute</strong></span> 
     </span>
    </p>
   </div>
   <div class='ocr_carea' id='block_1_76' title="bbox 2270 3016 3758 3105">
    <p class='ocr_par' dir='ltr' id='par_1_76' title="bbox 2270 3016 3758 3105">
     <span class='ocr_line' id='line_1_76' title="bbox 2270 3016 3758 3105; baseline -0.014 -7"><span class='ocrx_word' id='word_1_502' title='bbox 2270 3047 2623 3098; x_wconf 85' lang='lat' dir='ltr'><strong>sacrosancto</strong></span> <span class='ocrx_word' id='word_1_503' title='bbox 2674 3034 2887 3105; x_wconf 79' lang='lat' dir='ltr'><strong>corpori</strong></span> <span class='ocrx_word' id='word_1_504' title='bbox 2935 3031 3277 3102; x_wconf 75' lang='lat' dir='ltr'><strong>componitur</strong></span> <span class='ocrx_word' id='word_1_505' title='bbox 3309 3046 3323 3084; x_wconf 91' lang='lat'><strong>:</strong></span> <span class='ocrx_word' id='word_1_506' title='bbox 3357 3030 3544 3099; x_wconf 86' lang='lat' dir='ltr'><strong>sicque</strong></span> <span class='ocrx_word' id='word_1_507' title='bbox 3565 3016 3758 3091; x_wconf 68' lang='lat' dir='ltr'><strong>composi-</strong></span> 
     </span>
    </p>
   </div>
   <div class='ocr_carea' id='block_1_77' title="bbox 2274 3111 3757 3199">
    <p class='ocr_par' dir='ltr' id='par_1_77' title="bbox 2274 3111 3757 3199">
     <span class='ocr_line' id='line_1_77' title="bbox 2274 3111 3757 3199; baseline -0.02 -10"><span class='ocrx_word' id='word_1_508' title='bbox 2274 3145 2385 3189; x_wconf 88' lang='lat' dir='ltr'><strong>ttttn</strong></span> <span class='ocrx_word' id='word_1_509' title='bbox 2409 3128 2604 3187; x_wconf 90' lang='lat' dir='ltr'><strong>summi</strong></span> <span class='ocrx_word' id='word_1_510' title='bbox 2627 3127 2870 3199; x_wconf 64' lang='lat' dir='ltr'><strong>praesulis</strong></span> <span class='ocrx_word' id='word_1_511' title='bbox 2895 3125 3070 3195; x_wconf 87' lang='lat' dir='ltr'><strong>sigillo</strong></span> <span class='ocrx_word' id='word_1_512' title='bbox 3098 3125 3369 3195; x_wconf 80' lang='lat' dir='ltr'><strong>signatur,</strong></span> <span class='ocrx_word' id='word_1_513' title='bbox 3404 3118 3639 3176; x_wconf 84' lang='lat' dir='ltr'><strong>scrinium</strong></span> <span class='ocrx_word' id='word_1_514' title='bbox 3661 3111 3757 3165; x_wconf 68' lang='lat' dir='ltr'><strong>(Ini;—</strong></span> 
     </span>
    </p>
   </div>
   <div class='ocr_carea' id='block_1_78' title="bbox 2271 3202 3754 3288">
    <p class='ocr_par' dir='ltr' id='par_1_78' title="bbox 2271 3202 3754 3288">
     <span class='ocr_line' id='line_1_78' title="bbox 2271 3202 3754 3288; baseline -0.015 -7"><span class='ocrx_word' id='word_1_515' title='bbox 2271 3226 2437 3288; x_wconf 87' lang='lat' dir='ltr'><strong>ditur,</strong></span> <span class='ocrx_word' id='word_1_516' title='bbox 2467 3220 2657 3277; x_wconf 86' lang='lat' dir='ltr'><strong>ferreis</strong></span> <span class='ocrx_word' id='word_1_517' title='bbox 2686 3214 2905 3272; x_wconf 90' lang='lat' dir='ltr'><strong>circulis</strong></span> <span class='ocrx_word' id='word_1_518' title='bbox 2936 3214 3211 3282; x_wconf 86' lang='lat' dir='ltr'><strong>clavisque</strong></span> <span class='ocrx_word' id='word_1_519' title='bbox 3237 3219 3505 3274; x_wconf 85' lang='lat' dir='ltr'><strong>arctatur,</strong></span> <span class='ocrx_word' id='word_1_520' title='bbox 3536 3202 3754 3262; x_wconf 65' lang='lat' dir='ltr'><strong>consuitnr.</strong></span> 
     </span>
    </p>
   </div>
   <div class='ocr_carea' id='block_1_79' title="bbox 2272 3293 3756 3373">
    <p class='ocr_par' dir='ltr' id='par_1_79' title="bbox 2272 3293 3756 3373">
     <span class='ocr_line' id='line_1_79' title="bbox 2272 3293 3756 3373; baseline -0.02 -3"><span class='ocrx_word' id='word_1_521' title='bbox 2272 3315 2525 3373; x_wconf 53' lang='lat' dir='ltr'><strong>vincitur,</strong></span> <span class='ocrx_word' id='word_1_522' title='bbox 2575 3303 3125 3369; x_wconf 82' lang='lat' dir='ltr'><strong>indissolubiliterqne</strong></span> <span class='ocrx_word' id='word_1_523' title='bbox 3162 3313 3483 3373; x_wconf 67' lang='lat' dir='ltr'><strong>connexum</strong></span> <span class='ocrx_word' id='word_1_524' title='bbox 3527 3310 3632 3351; x_wconf 89' lang='lat' dir='ltr'><strong>cum</strong></span> <span class='ocrx_word' id='word_1_525' title='bbox 3653 3293 3756 3345; x_wconf 73' lang='lat' dir='ltr'><strong>intui-</strong></span> 
     </span>
    </p>
   </div>
   <div class='ocr_carea' id='block_1_80' title="bbox 2247 3367 3758 3447">
    <p class='ocr_par' dir='ltr' id='par_1_80' title="bbox 2247 3367 3758 3447">
     <span class='ocr_line' id='line_1_80' title="bbox 2247 3367 3758 3447; baseline -0.018 -2"><span class='ocrx_word' id='word_1_526' title='bbox 2247 3367 2412 3445; x_wconf 63' lang='lat' dir='ltr'><strong>tiicra</strong></span> <span class='ocrx_word' id='word_1_527' title='bbox 2434 3367 2804 3445; x_wconf 78' lang='lat' dir='ltr'><strong>multitudinis</strong></span> <span class='ocrx_word' id='word_1_528' title='bbox 2824 3367 3065 3447; x_wconf 84' lang='lat' dir='ltr'><strong>tripudio</strong></span> <span class='ocrx_word' id='word_1_529' title='bbox 3078 3373 3136 3427; x_wconf 92' lang='lat' dir='ltr'><strong>in</strong></span> <span class='ocrx_word' id='word_1_530' title='bbox 3156 3370 3365 3427; x_wconf 85' lang='lat' dir='ltr'><strong>Sancta</strong></span> <span class='ocrx_word' id='word_1_531' title='bbox 3387 3378 3666 3429; x_wconf 83' lang='lat' dir='ltr'><strong>sanctorum</strong></span> <span class='ocrx_word' id='word_1_532' title='bbox 3683 3367 3758 3435; x_wconf 64' lang='lat' dir='ltr'><strong>(at)</strong></span> 
     </span>
    </p>
   </div>
   <div class='ocr_carea' id='block_1_81' title="bbox 2248 3461 3759 3550">
    <p class='ocr_par' dir='ltr' id='par_1_81' title="bbox 2248 3461 3759 3550">
     <span class='ocr_line' id='line_1_81' title="bbox 2248 3461 3759 3550; baseline -0.012 -21"><span class='ocrx_word' id='word_1_533' title='bbox 2248 3492 2370 3533; x_wconf 80' lang='lat' dir='ltr'><strong>cum</strong></span> <span class='ocrx_word' id='word_1_534' title='bbox 2411 3480 2639 3550; x_wconf 86' lang='lat' dir='ltr'><strong>reliquis</strong></span> <span class='ocrx_word' id='word_1_535' title='bbox 2674 3469 2953 3530; x_wconf 86' lang='lat' dir='ltr'><strong>inducitur</strong></span> <span class='ocrx_word' id='word_1_536' title='bbox 3012 3464 3479 3536; x_wconf 82' lang='lat' dir='ltr'><strong>magniﬁcandum</strong></span> <span class='ocrx_word' id='word_1_537' title='bbox 3510 3483 3525 3519; x_wconf 89' lang='lat'><strong>:</strong></span> <span class='ocrx_word' id='word_1_538' title='bbox 3560 3461 3637 3517; x_wconf 86' lang='lat' dir='ltr'><strong>ubi</strong></span> <span class='ocrx_word' id='word_1_539' title='bbox 3661 3472 3759 3513; x_wconf 72' lang='lat' dir='ltr'><strong>nunc</strong></span> 
     </span>
    </p>
   </div>
   <div class='ocr_carea' id='block_1_82' title="bbox 2249 3548 3759 3630">
    <p class='ocr_par' dir='ltr' id='par_1_82' title="bbox 2249 3548 3759 3630">
     <span class='ocr_line' id='line_1_82' title="bbox 2249 3548 3759 3630; baseline -0.008 -15"><span class='ocrx_word' id='word_1_540' title='bbox 2249 3576 2423 3630; x_wconf 86' lang='lat' dir='ltr'><strong>usque</strong></span> <span class='ocrx_word' id='word_1_541' title='bbox 2468 3548 2757 3613; x_wconf 86' lang='lat' dir='ltr'><strong>veneratur</strong></span> <span class='ocrx_word' id='word_1_542' title='bbox 2793 3563 2870 3625; x_wconf 89' lang='lat' dir='ltr'><strong>et,</strong></span> <span class='ocrx_word' id='word_1_543' title='bbox 2907 3554 3139 3611; x_wconf 84' lang='lat' dir='ltr'><strong>Domino</strong></span> <span class='ocrx_word' id='word_1_544' title='bbox 3169 3563 3472 3622; x_wconf 85' lang='lat' dir='ltr'><strong>annuente,</strong></span> <span class='ocrx_word' id='word_1_545' title='bbox 3494 3548 3759 3609; x_wconf 64' lang='lat' dir='ltr'><strong>veneratin</strong></span> 
     </span>
    </p>
   </div>
   <div class='ocr_carea' id='block_1_83' title="bbox 2248 3645 3747 3709">
    <p class='ocr_par' dir='ltr' id='par_1_83' title="bbox 2248 3645 3747 3709">
     <span class='ocr_line' id='line_1_83' title="bbox 2248 3645 3747 3709; baseline -0.006 -3"><span class='ocrx_word' id='word_1_546' title='bbox 2248 3654 2303 3707; x_wconf 90' lang='lat' dir='ltr'><strong>in</strong></span> <span class='ocrx_word' id='word_1_547' title='bbox 2334 3651 2534 3709; x_wconf 62' lang='lat' dir='ltr'><strong>saecula</strong></span> <span class='ocrx_word' id='word_1_548' title='bbox 2564 3650 2913 3707; x_wconf 66' lang='lat' dir='ltr'><strong>saeculorum.</strong></span> <span class='ocrx_word' id='word_1_549' title='bbox 2950 3647 3156 3705; x_wconf 86' lang='lat' dir='ltr'><strong>Dehinc</strong></span> <span class='ocrx_word' id='word_1_550' title='bbox 3186 3656 3374 3703; x_wconf 87' lang='lat' dir='ltr'><strong>autem</strong></span> <span class='ocrx_word' id='word_1_551' title='bbox 3398 3661 3560 3704; x_wconf 64' lang='lat' dir='ltr'><strong>sacra!</strong></span> <span class='ocrx_word' id='word_1_552' title='bbox 3578 3645 3747 3700; x_wconf 73' lang='lat' dir='ltr'><strong>elevato</strong></span> 
     </span>
    </p>
   </div>
   <div class='ocr_carea' id='block_1_84' title="bbox 2252 3736 3758 3811">
    <p class='ocr_par' dir='ltr' id='par_1_84' title="bbox 2252 3736 3758 3811">
     <span class='ocr_line' id='line_1_84' title="bbox 2252 3736 3758 3811; baseline -0.013 -9"><span class='ocrx_word' id='word_1_553' title='bbox 2252 3746 2338 3802; x_wconf 91' lang='lat' dir='ltr'><strong>nis</strong></span> <span class='ocrx_word' id='word_1_554' title='bbox 2378 3746 2525 3801; x_wconf 85' lang='lat' dir='ltr'><strong>diem</strong></span> <span class='ocrx_word' id='word_1_555' title='bbox 2562 3743 2939 3801; x_wconf 77' lang='lat' dir='ltr'><strong>memorialem</strong></span> <span class='ocrx_word' id='word_1_556' title='bbox 2970 3755 3221 3798; x_wconf 87' lang='lat' dir='ltr'><strong>summus</strong></span> <span class='ocrx_word' id='word_1_557' title='bbox 3260 3739 3466 3811; x_wconf 76' lang='lat' dir='ltr'><strong>praesul</strong></span> <span class='ocrx_word' id='word_1_558' title='bbox 3494 3753 3555 3794; x_wconf 83' lang='lat' dir='ltr'><strong>ac</strong></span> <span class='ocrx_word' id='word_1_559' title='bbox 3588 3736 3758 3791; x_wconf 73' lang='lat' dir='ltr'><strong>domnus</strong></span> 
     </span>
    </p>
   </div>
   <div class='ocr_carea' id='block_1_85' title="bbox 2252 3829 3760 3910">
    <p class='ocr_par' dir='ltr' id='par_1_85' title="bbox 2252 3829 3760 3910">
     <span class='ocr_line' id='line_1_85' title="bbox 2252 3829 3760 3910; baseline -0.011 -16"><span class='ocrx_word' id='word_1_560' title='bbox 2252 3837 2542 3910; x_wconf 89' lang='lat' dir='ltr'><strong>episcopus</strong></span> <span class='ocrx_word' id='word_1_561' title='bbox 2578 3846 2768 3896; x_wconf 85' lang='lat' dir='ltr'><strong>noster</strong></span> <span class='ocrx_word' id='word_1_562' title='bbox 2805 3853 2838 3892; x_wconf 87' lang='lat' dir='ltr'><strong>a</strong></span> <span class='ocrx_word' id='word_1_563' title='bbox 2873 3845 3071 3893; x_wconf 85' lang='lat' dir='ltr'><strong>cuncto</strong></span> <span class='ocrx_word' id='word_1_564' title='bbox 3096 3833 3298 3906; x_wconf 81' lang='lat' dir='ltr'><strong>popqu</strong></span> <span class='ocrx_word' id='word_1_565' title='bbox 3340 3833 3507 3905; x_wconf 85' lang='lat' dir='ltr'><strong>hujus</strong></span> <span class='ocrx_word' id='word_1_566' title='bbox 3536 3829 3760 3887; x_wconf 65' lang='lat' dir='ltr'><strong>dimotis</strong></span> 
     </span>
    </p>
   </div>
   <div class='ocr_carea' id='block_1_86' title="bbox 2253 3912 3757 4001">
    <p class='ocr_par' dir='ltr' id='par_1_86' title="bbox 2253 3912 3757 4001">
     <span class='ocr_line' id='line_1_86' title="bbox 2253 3912 3757 4001; baseline -0.006 -16"><span class='ocrx_word' id='word_1_567' title='bbox 2253 3930 2512 4001; x_wconf 88' lang='lat' dir='ltr'><strong>deinceps</strong></span> <span class='ocrx_word' id='word_1_568' title='bbox 2547 3930 2921 3987; x_wconf 86' lang='lat' dir='ltr'><strong>venerandum</strong></span> <span class='ocrx_word' id='word_1_569' title='bbox 2967 3928 3250 3998; x_wconf 76' lang='lat' dir='ltr'><strong>multaque</strong></span> <span class='ocrx_word' id='word_1_570' title='bbox 3286 3927 3570 3982; x_wconf 87' lang='lat' dir='ltr'><strong>devotione</strong></span> <span class='ocrx_word' id='word_1_571' title='bbox 3595 3912 3757 3987; x_wconf 65' lang='lat' dir='ltr'><strong>simi!</strong></span> 
     </span>
    </p>
   </div>
   <div class='ocr_carea' id='block_1_87' title="bbox 2253 4006 3745 4084">
    <p class='ocr_par' dir='ltr' id='par_1_87' title="bbox 2253 4006 3745 4084">
     <span class='ocr_line' id='line_1_87' title="bbox 2253 4006 3745 4084; baseline -0.011 -3"><span class='ocrx_word' id='word_1_572' title='bbox 2253 4024 2417 4081; x_wconf 91' lang='lat' dir='ltr'><strong>annis</strong></span> <span class='ocrx_word' id='word_1_573' title='bbox 2444 4023 2759 4079; x_wconf 80' lang='lat' dir='ltr'><strong>indixerunt</strong></span> <span class='ocrx_word' id='word_1_574' title='bbox 2790 4022 3094 4084; x_wconf 75' lang='lat' dir='ltr'><strong>colendum.</strong></span> <span class='ocrx_word' id='word_1_575' title='bbox 3135 4018 3231 4076; x_wconf 75' lang='lat' dir='ltr'><strong>llis</strong></span> <span class='ocrx_word' id='word_1_576' title='bbox 3253 4020 3329 4074; x_wconf 83' lang='lat' dir='ltr'><strong>ita</strong></span> <span class='ocrx_word' id='word_1_577' title='bbox 3355 4014 3581 4074; x_wconf 75' lang='lat' dir='ltr'><strong>net-actis</strong></span> <span class='ocrx_word' id='word_1_578' title='bbox 3600 4006 3745 4067; x_wconf 67' lang='lat' dir='ltr'><strong>etde!!!</strong></span> 
     </span>
    </p>
   </div>
   <div class='ocr_carea' id='block_1_88' title="bbox 2267 4096 3753 4176">
    <p class='ocr_par' dir='ltr' id='par_1_88' title="bbox 2267 4096 3753 4176">
     <span class='ocr_line' id='line_1_88' title="bbox 2267 4096 3753 4176; baseline -0.013 -16"><span class='ocrx_word' id='word_1_579' title='bbox 2267 4106 2353 4160; x_wconf 87' lang='lat' dir='ltr'><strong>nis</strong></span> <span class='ocrx_word' id='word_1_580' title='bbox 2392 4103 2711 4176; x_wconf 66' lang='lat' dir='ltr'><strong>praesulibus</strong></span> <span class='ocrx_word' id='word_1_581' title='bbox 2771 4116 2827 4158; x_wconf 66' lang='lat' dir='ltr'><strong>es</strong></span> <span class='ocrx_word' id='word_1_582' title='bbox 2882 4099 3166 4156; x_wconf 86' lang='lat' dir='ltr'><strong>abbatibus</strong></span> <span class='ocrx_word' id='word_1_583' title='bbox 3220 4098 3474 4166; x_wconf 85' lang='lat' dir='ltr'><strong>quiddam</strong></span> <span class='ocrx_word' id='word_1_584' title='bbox 3517 4096 3753 4176; x_wconf 67' lang='lat' dir='ltr'><strong>meum</strong></span> 
     </span>
    </p>
   </div>
   <div class='ocr_carea' id='block_1_89' title="bbox 2268 4175 3748 4271">
    <p class='ocr_par' dir='ltr' id='par_1_89' title="bbox 2268 4175 3748 4271">
     <span class='ocr_line' id='line_1_89' title="bbox 2268 4175 3748 4271; baseline -0.013 -14"><span class='ocrx_word' id='word_1_585' title='bbox 2268 4200 2622 4271; x_wconf 87' lang='lat' dir='ltr'><strong>reliquiarum</strong></span> <span class='ocrx_word' id='word_1_586' title='bbox 2662 4196 2986 4268; x_wconf 87' lang='lat' dir='ltr'><strong>impetratis,</strong></span> <span class='ocrx_word' id='word_1_587' title='bbox 3012 4192 3206 4264; x_wconf 86' lang='lat' dir='ltr'><strong>singuli</strong></span> <span class='ocrx_word' id='word_1_588' title='bbox 3231 4175 3645 4263; x_wconf 73' lang='lat' dir='ltr'><strong>singuusdonait</strong></span> <span class='ocrx_word' id='word_1_589' title='bbox 3670 4194 3748 4229; x_wconf 76' lang='grc' dir='ltr'><strong>ωυ-</strong></span> 
     </span>
    </p>
   </div>
   <div class='ocr_carea' id='block_1_90' title="bbox 602 4283 3254 4375">
    <p class='ocr_par' dir='ltr' id='par_1_90' title="bbox 602 4283 3254 4375">
     <span class='ocr_line' id='line_1_90' title="bbox 602 4283 3254 4375; baseline -0.006 -23"><span class='ocrx_word' id='word_1_590' title='bbox 602 4299 726 4370; x_wconf 82' lang='lat' dir='ltr'><strong>plex</strong></span> <span class='ocrx_word' id='word_1_591' title='bbox 757 4314 878 4354; x_wconf 89' lang='lat' dir='ltr'><strong>cum</strong></span> <span class='ocrx_word' id='word_1_592' title='bbox 904 4297 1013 4351; x_wconf 85' lang='lat' dir='ltr'><strong>lilio</strong></span> <span class='ocrx_word' id='word_1_593' title='bbox 1036 4296 1329 4365; x_wconf 88' lang='lat' dir='ltr'><strong>perstabat.</strong></span> <span class='ocrx_word' id='word_1_594' title='bbox 1359 4293 1599 4364; x_wconf 86' lang='lat' dir='ltr'><strong>Cumque</strong></span> <span class='ocrx_word' id='word_1_595' title='bbox 1628 4294 1740 4365; x_wconf 89' lang='lat' dir='ltr'><strong>ipsa</strong></span> <span class='ocrx_word' id='word_1_596' title='bbox 1756 4295 1913 4349; x_wconf 75' lang='lat' dir='ltr'><strong>.inter</strong></span> <span class='ocrx_word' id='word_1_597' title='bbox 1936 4293 2170 4364; x_wconf 87' lang='lat' dir='ltr'><strong>compri-</strong></span> <span class='ocrx_word' id='word_1_598' title='bbox 2192 4311 2246 4375; x_wconf 74' lang='grc' dir='ltr'><strong>ι)</strong></span> <span class='ocrx_word' id='word_1_599' title='bbox 2270 4291 2491 4348; x_wconf 83' lang='lat' dir='ltr'><strong>aeribus</strong></span> <span class='ocrx_word' id='word_1_600' title='bbox 2525 4290 2590 4343; x_wconf 84' lang='lat' dir='ltr'><strong>ad</strong></span> <span class='ocrx_word' id='word_1_601' title='bbox 2607 4304 2700 4344; x_wconf 83' lang='lat' dir='ltr'><strong>sua</strong></span> <span class='ocrx_word' id='word_1_602' title='bbox 2726 4293 3039 4343; x_wconf 84' lang='lat' dir='ltr'><strong>remearunt</strong></span> <span class='ocrx_word' id='word_1_603' title='bbox 3064 4283 3254 4339; x_wconf 67' lang='lat' dir='ltr'><strong>laetius.</strong></span> 
     </span>
    </p>
   </div>
   <div class='ocr_carea' id='block_1_91' title="bbox 608 4384 2169 4443">
    <p class='ocr_par' dir='ltr' id='par_1_91' title="bbox 608 4384 2169 4443">
     <span class='ocr_line' id='line_1_91' title="bbox 608 4384 2169 4443; baseline -0.001 -1"><span class='ocrx_word' id='word_1_604' title='bbox 608 4398 818 4443; x_wconf 88' lang='lat' dir='ltr'><strong>mentes</strong></span> <span class='ocrx_word' id='word_1_605' title='bbox 851 4387 1037 4441; x_wconf 88' lang='lat' dir='ltr'><strong>turbas</strong></span> <span class='ocrx_word' id='word_1_606' title='bbox 1088 4386 1154 4439; x_wconf 91' lang='lat' dir='ltr'><strong>ad</strong></span> <span class='ocrx_word' id='word_1_607' title='bbox 1197 4384 1545 4440; x_wconf 88' lang='lat' dir='ltr'><strong>osculandum</strong></span> <span class='ocrx_word' id='word_1_608' title='bbox 1584 4385 1755 4441; x_wconf 91' lang='lat' dir='ltr'><strong>sancti</strong></span> <span class='ocrx_word' id='word_1_609' title='bbox 1778 4387 2035 4441; x_wconf 88' lang='lat' dir='ltr'><strong>feretrum</strong></span> <span class='ocrx_word' id='word_1_610' title='bbox 2062 4387 2169 4441; x_wconf 86' lang='lat' dir='ltr'><strong>im-</strong></span> 
     </span>
    </p>
   </div>
   <div class='ocr_carea' id='block_1_92' title="bbox 605 4474 2169 4549">
    <p class='ocr_par' dir='ltr' id='par_1_92' title="bbox 605 4474 2169 4549">
     <span class='ocr_line' id='line_1_92' title="bbox 605 4474 2169 4549; baseline -0.003 -16"><span class='ocrx_word' id='word_1_611' title='bbox 605 4479 876 4549; x_wconf 86' lang='lat' dir='ltr'><strong>pingeret,</strong></span> <span class='ocrx_word' id='word_1_612' title='bbox 912 4491 975 4533; x_wconf 88' lang='lat' dir='ltr'><strong>ac</strong></span> <span class='ocrx_word' id='word_1_613' title='bbox 1027 4474 1239 4547; x_wconf 87' lang='lat' dir='ltr'><strong>repulsa</strong></span> <span class='ocrx_word' id='word_1_614' title='bbox 1268 4475 1568 4545; x_wconf 79' lang='lat' dir='ltr'><strong>importuna</strong></span> <span class='ocrx_word' id='word_1_615' title='bbox 1601 4482 1886 4544; x_wconf 89' lang='lat' dir='ltr'><strong>repeteret,</strong></span> <span class='ocrx_word' id='word_1_616' title='bbox 1914 4489 2169 4544; x_wconf 86' lang='lat' dir='ltr'><strong>puerum-</strong></span> 
     </span>
    </p>
   </div>
   <div class='ocr_carea' id='block_1_93' title="bbox 608 4564 2173 4638">
    <p class='ocr_par' dir='ltr' id='par_1_93' title="bbox 608 4564 2173 4638">
     <span class='ocr_line' id='line_1_93' title="bbox 608 4564 2173 4638; baseline 0 -17"><span class='ocrx_word' id='word_1_617' title='bbox 608 4582 716 4638; x_wconf 89' lang='lat' dir='ltr'><strong>que</strong></span> <span class='ocrx_word' id='word_1_618' title='bbox 748 4566 919 4622; x_wconf 90' lang='lat' dir='ltr'><strong>sancti</strong></span> <span class='ocrx_word' id='word_1_619' title='bbox 975 4564 1176 4622; x_wconf 90' lang='lat' dir='ltr'><strong>feretro</strong></span> <span class='ocrx_word' id='word_1_620' title='bbox 1218 4579 1482 4636; x_wconf 87' lang='lat' dir='ltr'><strong>apponere</strong></span> <span class='ocrx_word' id='word_1_621' title='bbox 1524 4565 1692 4620; x_wconf 90' lang='lat' dir='ltr'><strong>multo</strong></span> <span class='ocrx_word' id='word_1_622' title='bbox 1715 4564 1998 4620; x_wconf 91' lang='lat' dir='ltr'><strong>conamine</strong></span> <span class='ocrx_word' id='word_1_623' title='bbox 2035 4564 2173 4621; x_wconf 89' lang='lat' dir='ltr'><strong>nite-</strong></span> 
     </span>
    </p>
   </div>
   <div class='ocr_carea' id='block_1_94' title="bbox 608 4652 2174 4723">
    <p class='ocr_par' dir='ltr' id='par_1_94' title="bbox 608 4652 2174 4723">
     <span class='ocr_line' id='line_1_94' title="bbox 608 4652 2174 4723; baseline -0.002 -13"><span class='ocrx_word' id='word_1_624' title='bbox 608 4665 783 4722; x_wconf 80' lang='lat' dir='ltr'><strong>retur,</strong></span> <span class='ocrx_word' id='word_1_625' title='bbox 839 4655 950 4710; x_wconf 90' lang='lat' dir='ltr'><strong>Deo</strong></span> <span class='ocrx_word' id='word_1_626' title='bbox 994 4662 1264 4710; x_wconf 89' lang='lat' dir='ltr'><strong>annuente</strong></span> <span class='ocrx_word' id='word_1_627' title='bbox 1300 4654 1440 4708; x_wconf 90' lang='lat' dir='ltr'><strong>idem</strong></span> <span class='ocrx_word' id='word_1_628' title='bbox 1485 4667 1620 4723; x_wconf 89' lang='lat' dir='ltr'><strong>puer</strong></span> <span class='ocrx_word' id='word_1_629' title='bbox 1661 4652 1884 4708; x_wconf 90' lang='lat' dir='ltr'><strong>brachia</strong></span> <span class='ocrx_word' id='word_1_630' title='bbox 1908 4666 2174 4721; x_wconf 89' lang='lat' dir='ltr'><strong>cruraque</strong></span> 
     </span>
    </p>
   </div>
   <div class='ocr_carea' id='block_1_95' title="bbox 610 4742 2172 4816">
    <p class='ocr_par' dir='ltr' id='par_1_95' title="bbox 610 4742 2172 4816">
     <span class='ocr_line' id='line_1_95' title="bbox 610 4742 2172 4816; baseline -0.002 -16"><span class='ocrx_word' id='word_1_631' title='bbox 610 4746 845 4801; x_wconf 85' lang='lat' dir='ltr'><strong>directus</strong></span> <span class='ocrx_word' id='word_1_632' title='bbox 875 4746 1121 4816; x_wconf 85' lang='lat' dir='ltr'><strong>sospitati</strong></span> <span class='ocrx_word' id='word_1_633' title='bbox 1175 4745 1422 4800; x_wconf 90' lang='lat' dir='ltr'><strong>donatur.</strong></span> <span class='ocrx_word' id='word_1_634' title='bbox 1467 4742 1621 4810; x_wconf 84' lang='lat' dir='ltr'><strong>Quod</strong></span> <span class='ocrx_word' id='word_1_635' title='bbox 1662 4742 1817 4798; x_wconf 90' lang='lat' dir='ltr'><strong>multi</strong></span> <span class='ocrx_word' id='word_1_636' title='bbox 1867 4750 2172 4808; x_wconf 88' lang='lat' dir='ltr'><strong>cernentes,</strong></span> 
     </span>
    </p>
   </div>
   <div class='ocr_carea' id='block_1_96' title="bbox 605 4832 2169 4909">
    <p class='ocr_par' dir='ltr' id='par_1_96' title="bbox 605 4832 2169 4909">
     <span class='ocr_line' id='line_1_96' title="bbox 605 4832 2169 4909; baseline -0.004 -16"><span class='ocrx_word' id='word_1_637' title='bbox 605 4839 829 4909; x_wconf 88' lang='lat' dir='ltr'><strong>quidam</strong></span> <span class='ocrx_word' id='word_1_638' title='bbox 893 4837 1184 4891; x_wconf 88' lang='lat' dir='ltr'><strong>astantium</strong></span> <span class='ocrx_word' id='word_1_639' title='bbox 1245 4848 1515 4905; x_wconf 70' lang='lat' dir='ltr'><strong>oppressa:</strong></span> <span class='ocrx_word' id='word_1_640' title='bbox 1581 4832 1740 4887; x_wconf 91' lang='lat' dir='ltr'><strong>matri</strong></span> <span class='ocrx_word' id='word_1_641' title='bbox 1810 4840 2169 4898; x_wconf 89' lang='lat' dir='ltr'><strong>succurrunt;</strong></span> 
     </span>
    </p>
   </div>
   <div class='ocr_carea' id='block_1_97' title="bbox 610 4922 2174 5001">
    <p class='ocr_par' dir='ltr' id='par_1_97' title="bbox 610 4922 2174 5001">
     <span class='ocr_line' id='line_1_97' title="bbox 610 4922 2174 5001; baseline -0.004 -18"><span class='ocrx_word' id='word_1_642' title='bbox 610 4930 828 5001; x_wconf 84' lang='lat' dir='ltr'><strong>quidam</strong></span> <span class='ocrx_word' id='word_1_643' title='bbox 858 4942 985 4983; x_wconf 87' lang='lat' dir='ltr'><strong>vero</strong></span> <span class='ocrx_word' id='word_1_644' title='bbox 1034 4941 1258 4997; x_wconf 89' lang='lat' dir='ltr'><strong>puerum</strong></span> <span class='ocrx_word' id='word_1_645' title='bbox 1312 4924 1757 4993; x_wconf 85' lang='lat' dir='ltr'><strong>comprehensum</strong></span> <span class='ocrx_word' id='word_1_646' title='bbox 1785 4922 2032 4978; x_wconf 85' lang='lat' dir='ltr'><strong>efferunt.</strong></span> <span class='ocrx_word' id='word_1_647' title='bbox 2058 4922 2174 4992; x_wconf 85' lang='lat' dir='ltr'><strong>Quo</strong></span> 
     </span>
    </p>
   </div>
   <div class='ocr_carea' id='block_1_98' title="bbox 613 5014 2176 5084">
    <p class='ocr_par' dir='ltr' id='par_1_98' title="bbox 613 5014 2176 5084">
     <span class='ocr_line' id='line_1_98' title="bbox 613 5014 2176 5084; baseline -0.008 -5"><span class='ocrx_word' id='word_1_648' title='bbox 613 5024 779 5084; x_wconf 84' lang='lat' dir='ltr'><strong>facto,</strong></span> <span class='ocrx_word' id='word_1_649' title='bbox 830 5017 1204 5075; x_wconf 89' lang='lat' dir='ltr'><strong>tumultuantis</strong></span> <span class='ocrx_word' id='word_1_650' title='bbox 1243 5015 1539 5070; x_wconf 66' lang='lat' dir='ltr'><strong>innumerae</strong></span> <span class='ocrx_word' id='word_1_651' title='bbox 1584 5014 1936 5068; x_wconf 89' lang='lat' dir='ltr'><strong>multitudinis</strong></span> <span class='ocrx_word' id='word_1_652' title='bbox 1971 5014 2176 5069; x_wconf 88' lang='lat' dir='ltr'><strong>clamor</strong></span> 
     </span>
    </p>
   </div>
   <div class='ocr_carea' id='block_1_99' title="bbox 614 5103 2172 5174">
    <p class='ocr_par' dir='ltr' id='par_1_99' title="bbox 614 5103 2172 5174">
     <span class='ocr_line' id='line_1_99' title="bbox 614 5103 2172 5174; baseline -0.008 -6"><span class='ocrx_word' id='word_1_653' title='bbox 614 5112 913 5174; x_wconf 90' lang='lat' dir='ltr'><strong>attollitur,</strong></span> <span class='ocrx_word' id='word_1_654' title='bbox 972 5109 1115 5164; x_wconf 89' lang='lat' dir='ltr'><strong>Deus</strong></span> <span class='ocrx_word' id='word_1_655' title='bbox 1170 5105 1433 5160; x_wconf 89' lang='lat' dir='ltr'><strong>mirabilis</strong></span> <span class='ocrx_word' id='word_1_656' title='bbox 1499 5104 1554 5158; x_wconf 90' lang='lat' dir='ltr'><strong>in</strong></span> <span class='ocrx_word' id='word_1_657' title='bbox 1609 5103 1811 5158; x_wconf 89' lang='lat' dir='ltr'><strong>sanctis</strong></span> <span class='ocrx_word' id='word_1_658' title='bbox 1836 5104 1947 5158; x_wconf 89' lang='lat' dir='ltr'><strong>suis</strong></span> <span class='ocrx_word' id='word_1_659' title='bbox 2003 5103 2172 5170; x_wconf 71' lang='lat' dir='ltr'><strong>(Prol.</strong></span> 
     </span>
    </p>
   </div>
   <div class='ocr_carea' id='block_1_100' title="bbox 614 5192 2175 5270">
    <p class='ocr_par' dir='ltr' id='par_1_100' title="bbox 614 5192 2175 5270">
     <span class='ocr_line' id='line_1_100' title="bbox 614 5192 2175 5270; baseline -0.008 -12"><span class='ocrx_word' id='word_1_660' title='bbox 614 5217 779 5265; x_wconf 80' lang='lat' dir='ltr'><strong>vatt,</strong></span> <span class='ocrx_word' id='word_1_661' title='bbox 811 5198 902 5270; x_wconf 82' lang='lat'><strong>&#39;56)</strong></span> <span class='ocrx_word' id='word_1_662' title='bbox 922 5197 1078 5269; x_wconf 85' lang='lat' dir='ltr'><strong>vulgo</strong></span> <span class='ocrx_word' id='word_1_663' title='bbox 1103 5195 1425 5265; x_wconf 79' lang='lat' dir='ltr'><strong>praedicatur</strong></span> <span class='ocrx_word' id='word_1_664' title='bbox 1448 5210 1464 5260; x_wconf 89' lang='lat'><strong>;</strong></span> <span class='ocrx_word' id='word_1_665' title='bbox 1492 5192 1745 5264; x_wconf 85' lang='lat' dir='ltr'><strong>quoniam</strong></span> <span class='ocrx_word' id='word_1_666' title='bbox 1770 5207 1993 5262; x_wconf 86' lang='lat' dir='ltr'><strong>puerum</strong></span> <span class='ocrx_word' id='word_1_667' title='bbox 2016 5206 2175 5262; x_wconf 89' lang='lat' dir='ltr'><strong>quem</strong></span> 
     </span>
    </p>
   </div>
   <div class='ocr_carea' id='block_1_101' title="bbox 689 5341 2178 5402">
    <p class='ocr_par' dir='ltr' id='par_1_101' title="bbox 689 5341 2178 5402">
     <span class='ocr_line' id='line_1_101' title="bbox 689 5341 2178 5402; baseline -0.003 0"><span class='ocrx_word' id='word_1_668' title='bbox 689 5351 799 5402; x_wconf 79' lang='lat' dir='ltr'><strong>t58l</strong></span> <span class='ocrx_word' id='word_1_669' title='bbox 837 5350 891 5402; x_wconf 93' lang='lat' dir='ltr'><strong>Id</strong></span> <span class='ocrx_word' id='word_1_670' title='bbox 933 5358 1014 5402; x_wconf 82' lang='lat' dir='ltr'><strong>est</strong></span> <span class='ocrx_word' id='word_1_671' title='bbox 1062 5347 1112 5402; x_wconf 91' lang='lat' dir='ltr'><strong>in</strong></span> <span class='ocrx_word' id='word_1_672' title='bbox 1167 5343 1532 5399; x_wconf 82' lang='lat' dir='ltr'><strong>sanctuarinm</strong></span> <span class='ocrx_word' id='word_1_673' title='bbox 1585 5355 1676 5395; x_wconf 91' lang='lat' dir='ltr'><strong>seu</strong></span> <span class='ocrx_word' id='word_1_674' title='bbox 1723 5341 1895 5394; x_wconf 89' lang='lat' dir='ltr'><strong>locum</strong></span> <span class='ocrx_word' id='word_1_675' title='bbox 1958 5342 2178 5402; x_wconf 87' lang='lat' dir='ltr'><strong>majoris</strong></span> 
     </span>
    </p>
   </div>
   <div class='ocr_carea' id='block_1_102' title="bbox 2353 4380 3683 4519">
    <p class='ocr_par' dir='ltr' id='par_1_102' title="bbox 2353 4380 3683 4519">
     <span class='ocr_line' id='line_1_102' title="bbox 2353 4380 3683 4519; baseline -0.015 -62"><span class='ocrx_word' id='word_1_676' title='bbox 2353 4399 2483 4458; x_wconf 71' lang='lat' dir='ltr'><strong>CAP.</strong></span> <span class='ocrx_word' id='word_1_677' title='bbox 2510 4398 2700 4454; x_wconf 78' lang='lat' dir='ltr'><strong>XXIV.</strong></span> <span class='ocrx_word' id='word_1_678' title='bbox 2738 4397 2813 4452; x_wconf 79' lang='lat' dir='ltr'><strong>De</strong></span> <span class='ocrx_word' id='word_1_679' title='bbox 2831 4396 3237 4519; x_wconf 46' lang='lat' dir='ltr'><strong>quo‘tllamfmtgo,</strong></span> <span class='ocrx_word' id='word_1_680' title='bbox 3262 4393 3417 4449; x_wconf 73' lang='lat' dir='ltr'><strong>dente</strong></span> <span class='ocrx_word' id='word_1_681' title='bbox 3434 4388 3491 4446; x_wconf 87' lang='lat' dir='ltr'><strong>S.</strong></span> <span class='ocrx_word' id='word_1_682' title='bbox 3518 4380 3683 4442; x_wconf 72' lang='lat' dir='ltr'><strong>Bertini</strong></span> 
     </span>
     <span class='ocr_line' id='line_1_103' title="bbox 2900 4480 3215 4519; baseline -0.006 0"><span class='ocrx_word' id='word_1_683' title='bbox 2900 4483 2916 4519; x_wconf 72' lang='grc' dir='ltr'><em>τ</em></span> <span class='ocrx_word' id='word_1_684' title='bbox 2962 4480 3140 4519; x_wconf 86' lang='lat' dir='ltr'><strong>umma</strong></span> <span class='ocrx_word' id='word_1_685' title='bbox 3199 4502 3215 4517; x_wconf 92' lang='lat'><strong>.</strong></span> 
     </span>
    </p>
   </div>
   <div class='ocr_carea' id='block_1_103' title="bbox 2900 4480 3215 4519">
    <p class='ocr_par' dir='ltr' id='par_1_103' title="bbox 2900 4480 3215 4519">
     <span class='ocr_line' id='line_1_104' title="bbox 2900 4480 3215 4519; baseline -0.006 0"><span class='ocrx_word' id='word_1_686' title='bbox 2900 4480 3215 4519; x_wconf 77' lang='lat' dir='ltr'><strong>tuumtuum.</strong></span> 
     </span>
    </p>
   </div>
   <div class='ocr_carea' id='block_1_104' title="bbox 2338 4528 3753 4631">
    <p class='ocr_par' dir='ltr' id='par_1_104' title="bbox 2338 4528 3753 4631">
     <span class='ocr_line' id='line_1_105' title="bbox 2338 4528 3753 4631; baseline -0.008 -17"><span class='ocrx_word' id='word_1_687' title='bbox 2338 4561 2580 4631; x_wconf 77' lang='lat' dir='ltr'><strong>Quorum</strong></span> <span class='ocrx_word' id='word_1_688' title='bbox 2619 4573 2778 4624; x_wconf 86' lang='lat' dir='ltr'><strong>unus,</strong></span> <span class='ocrx_word' id='word_1_689' title='bbox 2812 4556 3063 4613; x_wconf 87' lang='lat' dir='ltr'><strong>videlicet</strong></span> <span class='ocrx_word' id='word_1_690' title='bbox 3094 4555 3263 4611; x_wconf 83' lang='lat' dir='ltr'><strong>abbas</strong></span> <span class='ocrx_word' id='word_1_691' title='bbox 3306 4554 3367 4609; x_wconf 90' lang='lat' dir='ltr'><strong>s.</strong></span> <span class='ocrx_word' id='word_1_692' title='bbox 3413 4528 3753 4624; x_wconf 53' lang='lat' dir='ltr'><strong>murium).</strong></span> 
     </span>
    </p>
   </div>
   <div class='ocr_carea' id='block_1_105' title="bbox 2271 4641 3753 4719">
    <p class='ocr_par' dir='ltr' id='par_1_105' title="bbox 2271 4641 3753 4719">
     <span class='ocr_line' id='line_1_106' title="bbox 2271 4641 3753 4719; baseline -0.011 -10"><span class='ocrx_word' id='word_1_693' title='bbox 2271 4660 2583 4709; x_wconf 87' lang='lat' dir='ltr'><strong>sanctarum</strong></span> <span class='ocrx_word' id='word_1_694' title='bbox 2615 4648 2965 4719; x_wconf 85' lang='lat' dir='ltr'><strong>reliquiarum</strong></span> <span class='ocrx_word' id='word_1_695' title='bbox 3001 4646 3254 4717; x_wconf 79' lang='lat' dir='ltr'><strong>quiddam</strong></span> <span class='ocrx_word' id='word_1_696' title='bbox 3282 4641 3753 4714; x_wconf 63' lang='lat' dir='ltr'><strong>adepws.p08W</strong></span> 
     </span>
    </p>
   </div>
   <div class='ocr_carea' id='block_1_106' title="bbox 2271 4729 3754 4812">
    <p class='ocr_par' dir='ltr' id='par_1_106' title="bbox 2271 4729 3754 4812">
     <span class='ocr_line' id='line_1_107' title="bbox 2271 4729 3754 4812; baseline -0.012 -16"><span class='ocrx_word' id='word_1_697' title='bbox 2271 4749 2488 4812; x_wconf 84' lang='lat' dir='ltr'><strong>peracto</strong></span> <span class='ocrx_word' id='word_1_698' title='bbox 2514 4753 2686 4795; x_wconf 71' lang='lat' dir='ltr'><strong>sacrae</strong></span> <span class='ocrx_word' id='word_1_699' title='bbox 2724 4736 3040 4792; x_wconf 81' lang='lat' dir='ltr'><strong>elevationis</strong></span> <span class='ocrx_word' id='word_1_700' title='bbox 3094 4733 3360 4790; x_wconf 83' lang='lat' dir='ltr'><strong>solemnia</strong></span> <span class='ocrx_word' id='word_1_701' title='bbox 3388 4733 3584 4788; x_wconf 82' lang='lat' dir='ltr'><strong>domum</strong></span> <span class='ocrx_word' id='word_1_702' title='bbox 3613 4729 3678 4779; x_wconf 71' lang='lat' dir='ltr'><strong>ett</strong></span> <span class='ocrx_word' id='word_1_703' title='bbox 3695 4730 3754 4771; x_wconf 70' lang='grc' dir='ltr'><strong>τε·</strong></span> 
     </span>
    </p>
   </div>
   <div class='ocr_carea' id='block_1_107' title="bbox 2273 4808 3751 4901">
    <p class='ocr_par' dir='ltr' id='par_1_107' title="bbox 2273 4808 3751 4901">
     <span class='ocr_line' id='line_1_108' title="bbox 2273 4808 3751 4901; baseline -0.009 -16"><span class='ocrx_word' id='word_1_704' title='bbox 2273 4846 2482 4898; x_wconf 75' lang='lat' dir='ltr'><strong>versus,</strong></span> <span class='ocrx_word' id='word_1_705' title='bbox 2513 4831 2731 4901; x_wconf 88' lang='lat' dir='ltr'><strong>quidam</strong></span> <span class='ocrx_word' id='word_1_706' title='bbox 2762 4828 2998 4883; x_wconf 86' lang='lat' dir='ltr'><strong>rusticus</strong></span> <span class='ocrx_word' id='word_1_707' title='bbox 3030 4836 3385 4897; x_wconf 88' lang='lat' dir='ltr'><strong>utrorumque</strong></span> <span class='ocrx_word' id='word_1_708' title='bbox 3415 4822 3602 4881; x_wconf 79' lang='lat' dir='ltr'><strong>orbium</strong></span> <span class='ocrx_word' id='word_1_709' title='bbox 3627 4808 3751 4885; x_wconf 72' lang='lat' dir='ltr'><strong>pistil-</strong></span> 
     </span>
    </p>
   </div>
   <div class='ocr_carea' id='block_1_108' title="bbox 2275 4899 3749 4995">
    <p class='ocr_par' dir='ltr' id='par_1_108' title="bbox 2275 4899 3749 4995">
     <span class='ocr_line' id='line_1_109' title="bbox 2275 4899 3749 4995; baseline -0.012 -17"><span class='ocrx_word' id='word_1_710' title='bbox 2275 4925 2340 4980; x_wconf 88' lang='lat' dir='ltr'><strong>lis</strong></span> <span class='ocrx_word' id='word_1_711' title='bbox 2368 4899 2622 4995; x_wconf 79' lang='lat' dir='ltr'><strong>gravibus</strong></span> <span class='ocrx_word' id='word_1_712' title='bbox 2676 4920 2902 4976; x_wconf 88' lang='lat' dir='ltr'><strong>maculis</strong></span> <span class='ocrx_word' id='word_1_713' title='bbox 2930 4918 3179 4975; x_wconf 88' lang='lat' dir='ltr'><strong>obductis</strong></span> <span class='ocrx_word' id='word_1_714' title='bbox 3220 4929 3473 4980; x_wconf 59' lang='lat' dir='ltr'><strong>meatus,</strong></span> <span class='ocrx_word' id='word_1_715' title='bbox 3519 4922 3660 4984; x_wconf 83' lang='lat' dir='ltr'><strong>puero</strong></span> 
     </span>
    </p>
   </div>
   <div class='ocr_carea' id='block_1_109' title="bbox 2274 4987 3749 5084">
    <p class='ocr_par' dir='ltr' id='par_1_109' title="bbox 2274 4987 3749 5084">
     <span class='ocr_line' id='line_1_110' title="bbox 2274 4987 3749 5084; baseline -0.015 -15"><span class='ocrx_word' id='word_1_716' title='bbox 2274 4987 2537 5084; x_wconf 71' lang='lat' dir='ltr'><strong>dirigente</strong></span> <span class='ocrx_word' id='word_1_717' title='bbox 2562 5024 2778 5081; x_wconf 83' lang='lat' dir='ltr'><strong>gressus</strong></span> <span class='ocrx_word' id='word_1_718' title='bbox 2806 5007 3036 5062; x_wconf 83' lang='lat' dir='ltr'><strong>accessit</strong></span> <span class='ocrx_word' id='word_1_719' title='bbox 3083 5008 3152 5060; x_wconf 81' lang='lat' dir='ltr'><strong>ad</strong></span> <span class='ocrx_word' id='word_1_720' title='bbox 3186 5023 3334 5071; x_wconf 87' lang='lat' dir='ltr'><strong>eum,</strong></span> <span class='ocrx_word' id='word_1_721' title='bbox 3372 5002 3607 5075; x_wconf 84' lang='lat' dir='ltr'><strong>quidlibet</strong></span> <span class='ocrx_word' id='word_1_722' title='bbox 3634 4987 3749 5082; x_wconf 49' lang='lat' dir='ltr'><strong>medi:</strong></span> 
     </span>
    </p>
   </div>
   <div class='ocr_carea' id='block_1_110' title="bbox 2274 5074 3748 5170">
    <p class='ocr_par' dir='ltr' id='par_1_110' title="bbox 2274 5074 3748 5170">
     <span class='ocr_line' id='line_1_111' title="bbox 2274 5074 3748 5170; baseline -0.012 -14"><span class='ocrx_word' id='word_1_723' title='bbox 2274 5074 2502 5156; x_wconf 67' lang='lat' dir='ltr'><strong>cationis</strong></span> <span class='ocrx_word' id='word_1_724' title='bbox 2528 5074 2915 5170; x_wconf 68' lang='lat' dir='ltr'><strong>postulaturus.</strong></span> <span class='ocrx_word' id='word_1_725' title='bbox 2935 5095 3032 5150; x_wconf 79' lang='lat' dir='ltr'><strong>Cui</strong></span> <span class='ocrx_word' id='word_1_726' title='bbox 3059 5094 3147 5149; x_wconf 89' lang='lat' dir='ltr'><strong>ille</strong></span> <span class='ocrx_word' id='word_1_727' title='bbox 3173 5110 3189 5149; x_wconf 73' lang='grc' dir='ltr'>ε</span> <span class='ocrx_word' id='word_1_728' title='bbox 3213 5094 3376 5159; x_wconf 81' lang='lat' dir='ltr'><strong>Nihil,</strong></span> <span class='ocrx_word' id='word_1_729' title='bbox 3392 5074 3748 5170; x_wconf 55' lang='lat' dir='ltr'><strong>inquinantidoli</strong></span> 
     </span>
    </p>
   </div>
   <div class='ocr_carea' id='block_1_111' title="bbox 2280 5164 3752 5254">
    <p class='ocr_par' dir='ltr' id='par_1_111' title="bbox 2280 5164 3752 5254">
     <span class='ocr_line' id='line_1_112' title="bbox 2280 5164 3752 5254; baseline -0.011 -10"><span class='ocrx_word' id='word_1_730' title='bbox 2280 5191 2373 5246; x_wconf 89' lang='lat' dir='ltr'><strong>tali</strong></span> <span class='ocrx_word' id='word_1_731' title='bbox 2404 5192 2593 5245; x_wconf 83' lang='lat' dir='ltr'><strong>morbo</strong></span> <span class='ocrx_word' id='word_1_732' title='bbox 2644 5187 2769 5243; x_wconf 89' lang='lat' dir='ltr'><strong>novi</strong></span> <span class='ocrx_word' id='word_1_733' title='bbox 2823 5184 3182 5250; x_wconf 83' lang='lat' dir='ltr'><strong>salutiferam,</strong></span> <span class='ocrx_word' id='word_1_734' title='bbox 3209 5193 3407 5254; x_wconf 53' lang='lat' dir='ltr'><strong>prater</strong></span> <span class='ocrx_word' id='word_1_735' title='bbox 3424 5164 3752 5245; x_wconf 67' lang='lat' dir='ltr'><strong>cunctipowl‘lis</strong></span> 
     </span>
    </p>
   </div>
   <div class='ocr_carea' id='block_1_112' title="bbox 2278 5335 3240 5402">
    <p class='ocr_par' dir='ltr' id='par_1_112' title="bbox 2278 5335 3240 5402">
     <span class='ocr_line' id='line_1_113' title="bbox 2278 5335 3240 5402; baseline -0.007 -8"><span class='ocrx_word' id='word_1_736' title='bbox 2278 5341 2601 5402; x_wconf 80' lang='lat' dir='ltr'><strong>distinguens</strong></span> <span class='ocrx_word' id='word_1_737' title='bbox 2626 5354 2655 5390; x_wconf 89' lang='lat' dir='ltr'><strong>a</strong></span> <span class='ocrx_word' id='word_1_738' title='bbox 2678 5335 2885 5390; x_wconf 77' lang='lat' dir='ltr'><strong>Sanctis</strong></span> <span class='ocrx_word' id='word_1_739' title='bbox 2914 5343 3240 5388; x_wconf 73' lang='lat' dir='ltr'><strong>sanctorum.</strong></span> 
     </span>
    </p>
   </div>
   <div class='ocr_carea' id='block_1_113' title="bbox 3684 5379 3752 5402">
    <p class='ocr_par' dir='ltr' id='par_1_113' title="bbox 3684 5379 3752 5402">
     <span class='ocr_line' id='line_1_114' title="bbox 3684 5379 3752 5402; baseline 0 0"><span class='ocrx_word' id='word_1_740' title='bbox 3684 5379 3752 5402; x_wconf 69' lang='grc' dir='ltr'><strong>-.ιι</strong></span> 
     </span>
    </p>
   </div>
  </div>
