3936 5402
155 183 280 244 “57

1116 188 1467 249 MIRACULA
1510 189 1566 245 S.
1605 185 1900 243 BERTINI.
1942 218 2005 226 —
2035 187 2161 244 LIB.
2198 185 2262 241 ll.

3263 187 3396 242 “53

153 299 500 371 salutarisque
530 300 742 357 Domini
790 303 959 359 nostri
984 301 1111 360 Jesu
1135 303 1339 360 Christi
1363 311 1704 374 proventum.
1739 306 1786 363 Α
1815 301 1958 357 haud
2011 302 2167 372 longe
2213 308 2334 372 post
2381 299 2670 356 subsecuta
2717 309 2802 356 est
2861 310 2918 354 ut
2962 299 3088 353 illud
3139 299 3388 370 implere-

154 391 524 447 V'erumtatnen
561 391 841 462 cujusdam
873 394 1105 451 celebris
1152 396 1329 450 sancti
1373 395 1716 451 sanctissimo

152 481 458 539 elevationis
505 485 766 554 obsequio
825 486 1136 556 nuperrime
1187 486 1458 541 nonnullis
1487 501 1718 540 concur-

151 574 385 630 rentibus
435 585 489 630 et
534 591 636 648 ego
685 578 936 644 conveni,
991 586 1288 649 sanctoque
1343 559 1717 646 hujuscemodi

150 665 360 735 negotio
412 667 658 736 quamvis
732 667 1037 724 immeritus
1095 669 1337 736 interfui,
1392 669 1464 724 ibi
1509 682 1722 740 quoque

153 759 332 828 quanti
361 759 502 814 idem
529 769 751 816 sanctus
789 759 951 817 fuerit
990 761 1192 828 meriti,
1223 762 1454 818 diversis
1480 761 1719 816 miracue

151 847 318 902 larum
373 848 714 918 magnallbus
765 849 1264 907 Dominuscunctis
1301 851 1458 908 nobis
1483 849 1723 925 declara-

151 939 254 995 vit.
300 940 373 994 De
416 955 523 1004 quo
559 941 724 996 etiam
750 940 910 996 unius
958 955 1239 997 sacrorum
1293 940 1536 996 dentium
1583 941 1724 995 dono

153 1029 348 1086 ditatus
385 1029 488 1085 huc
548 1031 864 1102 regrediens
901 1033 1056 1087 attuli
1093 1032 1186 1088 tali
1215 1046 1440 1087 munere
1484 1030 1723 1104 gavisus,

153 1128 208 1175 et
253 1119 293 1176 si
344 1120 505 1176 fidem
561 1122 874 1179 adhibueris
926 1122 1170 1192 ejusdem
1219 1123 1429 1179 meritis
1478 1121 1650 1178 sancti
1677 1130 1726 1176 te

153 1225 308 1279 posse
349 1212 551 1278 sanari,
594 1221 844 1268 acturum
887 1214 983 1270 tibi
1025 1214 1226 1285 jubebo
1268 1213 1604 1285 praesentari.
1646 1213 1726 1267 Ad

152 1299 267 1355 hrec
291 1300 375 1357 ille
399 1320 412 1356 ε
437 1303 680 1368 Conﬁdo,
736 1304 948 1374 inquit;
994 1305 1148 1375 isque
1183 1320 1307 1360 mox
1342 1306 1392 1360 in
1431 1312 1725 1375 conSpectu

154 1394 439 1448 astantium
469 1394 664 1451 all'erre
698 1397 973 1468 prmeepit.
1031 1397 1148 1465 Quo
1179 1398 1346 1452 allato
1381 1407 1433 1454 et
1483 1399 1728 1468 utrisque

150 1483 270 1553 ejus
301 1485 594 1542 luminibus
645 1489 887 1544 adhibito
917 1489 1203 1545 confestim
1236 1489 1490 1546 revelatis
1534 1489 1726 1554 oculis,

151 1575 299 1633 clare
325 1577 508 1632 videre
527 1578 716 1648 erepit,
743 1588 906 1650 atque
947 1595 1108 1650 super
1133 1580 1236 1636 hoc
1269 1581 1486 1637 nomine
1515 1579 1727 1636 Domini

150 1668 434 1724 benedicto
464 1684 649 1741 sospes
669 1669 966 1740 hilarisque
989 1672 1207 1726 domum
1231 1672 1412 1728 rediit.

223 1777 352 1853 Cn.
380 1779 549 1835 XXV.
582 1780 660 1835 De
680 1781 917 1853 quadam
948 1781 1165 1838 muliere
1208 1783 1428 1838 vinculis
1465 1784 1650 1853 ferreis

314 1851 513 1921 ligata,
544 1861 592 1905 et
618 1852 686 1904 ad
716 1852 1020 1922 sepulcrum
1039 1854 1208 1908 sancti
1229 1856 1325 1914 viri
1359 1851 1556 1910 soluta.

235 1942 423 1997 Mulier
467 1943 708 2012 quaedam
753 1943 820 1998 de
866 1943 1210 2016 Lotharingia
1238 1986 1254 2011 ,
1292 1947 1488 2002 vinclis
1539 1946 1730 2002 ferreis

158 2034 381 2089 brachia
411 2042 640 2105 utraque
679 2034 886 2092 habens
919 2051 1016 2106 pro
1045 2038 1364 2107 paenitentia
1410 2041 1728 2105 constricta,

151 2125 209 2180 ἣι
251 2126 353 2180 hoc
377 2125 626 2180 ecenobio
646 2140 787 2182 anno
815 2125 975 2183 Verbi
1008 2129 1273 2183 inearnati
1303 2129 1585 2185 millesimo
1606 2147 1732 2186 cen-

151 2219 347 2274 tesimo
379 2219 638 2289 vigesimo
668 2219 878 2288 quinto,
907 2221 1090 2276 multis
1113 2223 1436 2290 astantibus,
1458 2224 1731 2294 precibus-

143 2318 259 2395 que
281 2310 605 2370 sanctissimi
633 2310 816 2367 Patris
868 2313 1043 2368 nostri
1072 2314 1277 2370 Bertini
1308 2331 1340 2371 a
1367 2315 1528 2371 dictis
1551 2316 1736 2371 vincu-

145 2403 220 2458 lls
252 2403 496 2462 solvitur.

222 2516 352 2577 Car.
392 2516 579 2573 XXVI.
608 2519 682 2574 De
706 2520 936 2591 quadam
966 2520 1140 2591 puella
1169 2521 1335 2577 nervis
1366 2478 1662 2578 contracta.

226 2631 411 2687 Puella
423 2633 949 2702 quaedam,Goduina
975 2635 1210 2701 nomine,
1243 2635 1482 2690 membra
1506 2636 1740 2691 habebat

147 2727 390 2796 integra,
419 2727 512 2781 sed
553 2727 733 2782 nervis
776 2736 1078 2782 contracta.
1119 2727 1200 2782 Ad
1232 2727 1537 2797 sepulcrum
1593 2727 1738 2781 beati

144 2819 261 2874 \iri
327 2835 470 2876 anno
523 2822 710 2892 gratiae
778 2821 1060 2877 millesimo
1125 2822 1435 2890 centesimo,
1481 2821 1741 2892 vigesimo

148 2921 315 2966 sexto
346 2918 471 2966 sunt
504 2911 555 2966 ei
584 2927 741 2966 crura
775 2922 979 2969 erecta.

464 3021 596 3077 Car.
622 3021 834 3107 XXVII.
862 3023 939 3077 De
969 3023 1153 3078 abbate
1183 3023 1449 3079 Lobiensi.

229 3135 464 3202 Quidam
499 3135 665 3192 abbas
687 3135 986 3203 L‘bbiensis,
1013 3135 1234 3192 nomine
1262 3135 1531 3201 Leonius,
1553 3143 1746 3206 postea

159 3232 224 3285 in
256 3229 497 3299 regimen
545 3227 704 3297 hujus
746 3229 1038 3284 Sitltiensis
1087 3228 1317 3284 emnobii
1360 3229 1664 3300 postulatus
1693 3237 1748 3283 et

149 3332 501 3394 a~sumptus,
535 3323 586 3377 iu
608 3323 862 3394 parochia
895 3319 953 3376 S.
987 3320 1277 3398 BertiniJn
1303 3320 1576 3375 territorio
1610 3319 1747 3374 Fur-

148 3415 325 3471 riensi
366 3415 654 3485 quamdam
700 3413 985 3471 ecclesiam
1030 3427 1174 3468 anno
1221 3413 1409 3482 gratiae
1462 3412 1750 3467 millesimo

145 3514 466 3564 c‘ntes’mo
523 3507 800 3579 trigesimo
850 3507 1042 3578 quinto
1093 3505 1211 3561 sine
1259 3520 1484 3561 assensu
1525 3504 1748 3576 capituli

147 3597 411 3666 ejusdem
452 3601 623 3653 sancti
668 3597 1014 3653 'construxit:
1046 3612 1208 3666 quam
1252 3597 1326 3651 ita
1365 3604 1560 3652 ventus
1589 3596 1750 3650 vehe-

146 3691 328 3746 mens
359 3689 580 3766 meritis
603 3689 772 3744 sancti
795 3688 905 3758 jam
937 3687 1065 3742 dicti
1089 3687 1390 3753 concussit,
1423 3703 1486 3741 ac
1514 3686 1580 3741 de
1607 3696 1750 3742 terra

145 3780 390 3835 evolare
419 3778 566 3846 fecit,
598 3787 658 3833 ut
688 3794 786 3836 nec
808 3778 1064 3849 junctura
1093 3778 1360 3849 lignorum
1391 3777 1544 3833 alteri
1578 3794 1752 3833 rema-

144 3873 348 3927 n'rret.
815 3906 854 3930 ς
1009 3917 1011 3920 i

188 3959 338 4014 CAP.
367 3959 604 4015 XXVIII.
627 3960 706 4016 De
746 3961 976 4032 quodam
999 3959 1185 4015 abbate
1213 3962 1277 4016 de
1303 3960 1709 4015 Claromarisco.

231 4055 404 4108 Anno
459 4063 751 4123 assumptte
804 4053 1162 4109 humanitatis
1218 4052 1418 4109 Christi
1469 4054 1754 4109 millesimo

143 4143 470 4200 centesimo
498 4146 890 4216 septuagesimo
930 4145 1128 4216 primo,
1162 4153 1406 4214 tempore
1438 4147 1591 4201 bona:
1640 4161 1752 4200 me-

141 4235 364 4290 moria:
413 4235 596 4290 domni
652 4236 968 4292 Godescalci
1023 4236 1186 4307 hujus
1229 4237 1334 4292 loci
1392 4237 1624 4301 abbatis,
1666 4253 1754 4292 res

1822 399 1908 445 tur
1937 411 1948 445 :

1859 483 2044 539 Desine
2066 486 2264 556 grande
2295 485 2468 553 loqui,
2491 484 2686 555 frangit
2723 483 2861 538 Deus
2890 499 3040 537 omne
3061 481 3360 550 superbum.

1822 573 1958 630 Nam
2007 577 2256 648 sequenti
2301 577 2388 631 die
2421 576 2736 646 prtedictum
2769 590 2905 645 opus
2938 589 3248 646 aggressus,
3280 587 3402 644 ope-

1824 671 2000 726 rarios
2052 686 2177 726 suos
2208 686 2306 740 pro
2351 671 2505 726 libito
2558 685 2657 724 suo
2716 669 2782 724 de
2827 671 3095 724 conductu
3157 667 3403 722 faciendo

1825 762 2102 824 docturus.
2134 764 2185 818 in
2211 763 2400 818 eodem
2434 763 2553 817 loco
2580 777 2719 831 equo
2741 777 2838 816 suo
2869 762 2967 816 sub
2995 776 3064 816 eo
3089 759 3404 815 calcitrante

1827 856 1976 912 humi
2022 863 2334 926 prostratus
2370 865 2486 920 est;
2531 854 2719 924 ibique
2764 852 3042 920 contracto
3092 865 3270 915 crure,
3309 849 3403 920 qui

1827 964 1989 1005 sanus
2036 949 2160 1020 equi
2211 948 2674 1004 transvectatione
2723 947 3016 1002 advenerat
3077 943 3401 999 famulorum

1828 1042 2078 1098 manibus
2106 1043 2324 1098 domum
2381 1041 2436 1096 in
2493 1040 2681 1095 lectica
2723 1041 3040 1111 deportatus
3068 1047 3183 1101 est,
3217 1036 3283 1092 ab
3333 1035 3408 1089 in-

1829 1134 2048 1189 vasione
2075 1142 2231 1188 terrae
2262 1141 2462 1187 nostrae
2488 1131 2740 1201 deinceps
2767 1130 3054 1194 desistens,
3081 1138 3136 1182 et
3168 1125 3408 1182 terribile

1831 1235 1884 1282 et
1907 1224 2299 1280 formidandum
2346 1222 2683 1278 invasoribus
2735 1232 2890 1277 terrae
2943 1228 3257 1276 sanctorum
3317 1218 3412 1288 (ut

1831 1319 2031 1374 dictum
2058 1317 2161 1388 est)
2197 1316 2503 1386 exemplum
2529 1314 2863 1385 relinquens.

1830 1431 1958 1486 CAP.
1991 1429 2181 1486 XXIX.
2216 1428 2293 1483 De
2340 1427 2567 1498 quodam
2599 1428 2807 1481 homine
2852 1425 3043 1495 festum
3092 1424 3263 1479 sancti
3305 1439 3408 1477 non

2509 1499 2730 1554 colente.

1916 1595 1972 1650 In
2024 1596 2197 1666 bnrgo
2247 1593 2308 1650 S.
2349 1592 2686 1657 Audomari,
2740 1606 2883 1646 anno
2934 1589 3095 1645 Verbi
3143 1588 3413 1645 incarnati

1831 1687 2115 1743 millesimo
2149 1686 2524 1743 ducentesimo
2577 1692 2774 1754 quarto
2818 1683 3053 1747 decimo,
3097 1682 3258 1736 homo
3289 1680 3412 1750 qui-

1831 1781 1977 1849 dam,
2029 1779 2265 1836 Michael
2309 1780 2548 1842 nomine,
2583 1777 2921 1848 professione
2965 1787 3174 1839 tonsor,
3221 1775 3273 1828 in
3328 1772 3417 1828 die

1831 1872 2183 1945 depositionis
2209 1871 2270 1926 Β.
2303 1871 2486 1925 Patris
2511 1869 2683 1924 nostri
2715 1867 2944 1932 Berlini,
2975 1882 3096 1921 eum
3125 1881 3155 1918 a
3189 1862 3419 1918 nonnul-

1831 1962 1897 2017 lis
1935 1961 2133 2017 vicinis
2151 1961 2265 2016 suis
2287 1958 2671 2030 objurgaretur
2702 1958 2845 2028 quod
2875 1956 3072 2010 festum
3103 1954 3276 2010 sancti
3308 1968 3426 2013 non.

1832 2053 2285 2118 observaret,nec
2309 2051 2431 2105 ideo
2459 2051 2636 2104 minus
2667 2049 3021 2118 operabatur;
3048 2048 3140 2102 sed
3168 2053 3417 2102 sanctum

1834 2147 2018 2202 verbis
2047 2146 2364 2201 convicians
2393 2153 2449 2200 et
2481 2145 2532 2198 in
2584 2143 2940 2198 contumelias
2979 2155 3421 2212 prorumpens,,a

1835 2239 2103 2294 daemonio
2131 2247 2414 2308 correptus
2453 2252 2550 2307 per
2587 2235 2805 2306 longum
2841 2246 3054 2302 tempus
3101 2233 3152 2286 in
3183 2247 3310 2287 vase
3359 2231 3426 2284 Ii-
3460 2281 3462 2283 ,

1835 2347 1973 2403 gneo
2001 2345 2108 2400 quo
2130 2341 2282 2402 pasta
2313 2329 2501 2399 pistari
2552 2328 2710 2392 solet,
2743 2327 2960 2381 funibus
3000 2336 3196 2397 ligatus
3226 2324 3398 2393 jacuit

1836 2421 2010 2488 Quem
2044 2431 2220 2475 tamen
2253 2419 2528 2490 aliquanta
2559 2418 2794 2473 sanitate
2834 2432 2930 2485 per
2976 2416 3069 2470 Dei
3114 2413 3422 2470 misericor~

1839 2512 1984 2567 diam
2015 2519 2072 2566 et
2097 2508 2271 2565 sancti
2317 2507 2682 2579 patrocinium
2724 2514 2964 2575 recepta,
2999 2504 3337 2559 melioratum
3367 2502 3419 2556 in

1839 2600 2082 2656 Ecclesia
2107 2607 2290 2655 nostra
2338 2608 2464 2653 ante
2502 2606 2748 2653 sanctum
2793 2596 2962 2651 altare
3004 2596 3056 2649 in
3095 2595 3262 2650 choro
3287 2592 3426 2649 vidi-

1842 2709 2002 2760 mus,
2043 2701 2255 2748 astante
2281 2693 2482 2748 domno
2511 2691 2708 2746 abbate
2755 2689 2965 2744 Joanne
3009 2688 3172 2744 tertio
3211 2695 3267 2742 et
3310 2701 3426 2742 mo-

1844 2787 2033 2842 nachis
2079 2783 2516 2856 quampluribus,
2559 2781 2653 2837 Dei
2687 2789 3003 2836 exorantem
3060 2777 3338 2832 humiliter
3370 2786 3428 2831 et

1847 2885 2038 2938 devote
2082 2877 2426 2934 clementiam
2462 2885 2518 2933 et
2567 2884 2883 2930 sanctorum
2932 2871 3187 2942 sulfragia
3227 2870 3422 2940 implo-

1773 2998 1816 3055 ο
1850 2984 2078 3030 rantem.

1849 3071 1976 3126 CAP.
2003 3065 2177 3121 XXX.
2217 3065 2291 3119 De
2353 3065 2580 3136 quodam
2638 3061 2911 3136 sacerdote
2950 3058 3330 3136 _S.__Bertinum
3375 3065 3426 3109 et

2051 3139 2227 3193 omnia
2263 3137 2331 3190 ad
2361 3131 2476 3191 eum
2515 3135 2827 3203 pertinentia
2859 3131 3218 3185 maledicente.

1920 3234 2054 3290 Cum
2087 3229 2402 3302 presbytero
2425 3227 2491 3282 de
2512 3225 2887 3296 Remynghem,
2913 3237 3054 3277 anno
3073 3219 3282 3276 Domini
3307 3218 3430 3274 mil-

1851 3326 2040 3382 lesimo
2089 3326 2461 3382 ducentesimo
2492 3338 2635 3378 nono
2666 3323 2896 3385 decimo,
2928 3335 3034 3374 non
3085 3317 3298 3374 licuerit
3336 3331 3429 3370 co—

1853 3421 2069 3476 medere
2121 3419 2177 3473 in
2226 3417 2516 3474 refectorio
2568 3416 2621 3469 in
2677 3413 3013 3483 depositione
3064 3410 3126 3464 B.
3183 3407 3430 3469 Berlini,

1854 3513 2025 3567 iratus
2056 3511 2110 3566 in
2154 3510 2326 3581 burgo
2365 3507 2617 3564 comedit.
2655 3505 2756 3573 Qui
2789 3520 2910 3560 cum
2946 3504 3162 3558 domum
3209 3500 3430 3561 rediret,

1855 3621 1978 3661 cum
2009 3603 2290 3659 canonicis
2326 3600 2760 3657 Watiniensibus
2805 3598 2856 3651 in
2888 3597 3010 3651 navi
3058 3603 3304 3650 sanctum
3337 3592 3429 3645 Dei

1854 3696 2130 3752 Bel-tinum
2162 3695 2330 3765 coepit
2361 3691 2728 3753 maledicere,
2761 3697 2818 3743 et
2862 3684 3333 3742 excommunicare
3379 3690 3436 3735 et

1854 3786 2037 3843 omnia
2069 3799 2189 3855 quae
2222 3784 2291 3838 ad
2337 3798 2462 3839 eum
2495 3781 2786 3852 pertinent.
2819 3777 2988 3845 Quem
3040 3774 3248 3846 gladius
3293 3772 3386 3825 Dei
3415 3811 3431 3835 ,

1857 3877 2150 3932 vindictam
2181 3888 2402 3931 sumens
2441 3873 2508 3927 ab
2539 3885 2624 3935 eo,
2653 3871 2762 3924 fere
2801 3867 3038 3923 medium
3071 3865 3264 3930 secuit,
3307 3879 3430 3918 eum

1857 3969 1910 4022 in
1941 3981 2099 4021 amne
2136 3966 2350 4021 nescius
2375 3979 2404 4018 a
2432 3978 2539 4032 quo
2567 3960 2932 4032 pmcipitatus
2957 3958 3148 4012 fuisset
3173 3956 3419 4011 submer-

1857 4071 1988 4121 sus,
2043 4056 2146 4110 nisi
2194 4053 2438 4110 canonici
2494 4051 2858 4107 extraxissent
2918 4064 3063 4106 eum.
3098 4048 3249 4115 Quod
3304 4045 3430 4115 quia

1859 4146 2176 4217 blasphemo
2225 4160 2320 4200 ore
2349 4153 2405 4199 et
2449 4143 2613 4198 corde
2652 4140 2884 4211 maligno
2930 4138 3186 4202 iteravit,
3238 4137 3436 4190 iterato

1858 4240 2060 4295 factum
2088 4247 2191 4295 est.

142 4325 372 4387 accidit
394 4325 594 4381 celebri
626 4336 682 4382 et
710 4326 904 4382 illustri
928 4326 1085 4398 digna
1118 4328 1400 4392 memoria,
1420 4335 1476 4382 et
1501 4327 1751 4382 omnibus
1783 4337 1830 4397 D
1895 4332 2032 4386 Item
2059 4330 2122 4386 de
2147 4329 2251 4385 alio
2285 4329 2551 4384 sacerdote
2593 4337 2832 4383 sanctum
2865 4325 2961 4380 Dei
2989 4323 3413 4394 blaspliemante.‘

143 4415 532 4471 Sithieusium
559 4417 958 4486 possessionum
1004 4419 1388 4488 pervaseribus
1418 4419 1672 4474 terribilis
1700 4429 1756 4474 et

137 4507 539 4564 for-nudanda.
575 4508 744 4562 David
789 4509 932 4563 enim
977 4523 1081 4563 non
1122 4508 1293 4565 multo
1314 4517 1596 4578 postquam
1633 4524 1756 4563 con-

138 4608 422 4657 sectatus
466 4609 550 4656 est
593 4601 761 4656 abbas
788 4601 840 4654 in
870 4600 1096 4656 ecclesia
1125 4599 1192 4652 de
1213 4599 1634 4664 Claromarisco,
1669 4600 1752 4654 lc-

138 4702 300 4747 vato
325 4692 580 4748 calcaneo
601 4702 788 4747 contra
820 4691 1103 4748 ecclesiam
1126 4691 1184 4745 B.
1209 4690 1433 4752 Bertini,
1457 4693 1754 4746 conductus

136 4799 444 4854 aquarum
493 4792 549 4838 et
600 4783 799 4838 fossata
838 4799 936 4854 per
984 4783 1215 4838 mediam
1248 4791 1447 4837 terram
1488 4782 1757 4851 prted'eta:

1930 4445 2131 4501 Eodem
2158 4457 2320 4510 anno,
2359 4439 2595 4497 Joannes
2622 4440 2908 4512 presbyter
2938 4437 3005 4492 de
3041 4435 3277 4496 Rubrae}:
3310 4448 3434 4488 cum

1861 4538 1985 4593 talis
2039 4536 2229 4591 ludens
2280 4535 2349 4589 ad
2385 4534 2532 4587 aleas
2577 4531 2764 4587 nescio
2811 4545 2905 4585 seu
2945 4530 3013 4583 ad
3067 4542 3274 4591 scacos,
3309 4526 3436 4580 dum

1860 4628 2119 4701 perdidit,
2153 4633 2402 4680 sanetum
2436 4623 2528 4677 Dei
2581 4621 2855 4677 Bertinum
2908 4617 3230 4672 maledicere
3275 4615 3447 4684 coepit

1859 4734 1913 4781 et
1939 4723 2121 4780 omnia
2158 4736 2277 4792 qua:
2312 4721 2376 4775 ad
2425 4735 2550 4772 eum
2584 4715 2958 4788 pertinebant;
3007 4721 3063 4767 et
3091 4727 3212 4768 eum
3244 4711 3453 4777 impro-

1858 4817 2068 4887 perium
2109 4811 2227 4881 ejus
2270 4807 2678 4881 quamplurima
2720 4803 3072 4874 blasphemiae
3115 4800 3277 4856 verba
3318 4815 3452 4868 pro-

133 4875 424 4933 ecclesize
448 4875 501 4929 in
533 4875 655 4929 villa
704 4875 771 4930 de
800 4876 974 4931 Arkas
1009 4874 1230 4929 molitus
1273 4883 1357 4930 est
1393 4874 1592 4928 facere.
1627 4874 1757 4940 Quae

133 4967 302 5024 villa
334 4967 402 5022 ab
429 4967 668 5036 antiquis
695 4968 1028 5037 temporibus
1057 4967 1260 5035 absque
1284 4965 1432 5021 omni
1471 4966 1757 5021 calumnia:

130 5059 575 5130 inquietatione
622 5058 862 5130 ejusdem
912 5055 1154 5113 ecclesiae
1208 5056 1427 5126 propria
1476 5064 1530 5109 et
1588 5055 1755 5111 libera

123 5151 347 5206 luisse
371 5149 725 5218 dignoscitur.
761 5146 870 5204 Nec
894 5151 996 5203 hac
1016 5146 1433 5217 prmsumptione
1449 5155 1755 5214 contentus,

121 5242 404 5308 insuper
431 5237 717 5291 ecclesiam
749 5234 806 5290 S.
859 5235 1063 5292 Berlini
1093 5234 1390 5304 ingressus,
1420 5235 1562 5306 quod
1617 5253 1758 5306 prae-

118 5342 494 5402 sumptuose
524 5329 844 5402 incoeperat,
865 5325 1075 5384 elfectui
1100 5341 1158 5380 se
1184 5328 1433 5381 daturum
1463 5329 1757 5382 secundum

1863 4908 2110 4971 tulisset,
2145 4917 2209 4958 ac
2241 4901 2287 4956 si
2343 4906 2533 4955 ventus
2589 4897 2796 4952 validus
2827 4891 3066 4955 veniret,
3092 4892 3324 4947 sonitum
3355 4903 3460 4941 au-

1862 5000 2020 5065 divit,
2063 5007 2119 5054 et
2173 4994 2389 5064 alapam
2435 5005 2690 5060 magnam
2724 4990 2777 5043 in
2823 4981 3047 5038 maxilla
3079 4980 3341 5049 recipiens
3372 4993 3475 5032 su-

1862 5113 1960 5167 per
2003 5090 2306 5152 scacarium
2339 5086 2427 5144 vel
2473 5084 2720 5142 alearum
2752 5078 2992 5138 tabulam
3033 5076 3249 5137 recidit,
3285 5079 3340 5124 et
3369 5087 3480 5140 per

1865 5192 2104 5246 triduum
2134 5184 2338 5241 mansit
2365 5180 2662 5250 incibatus,
2697 5187 2873 5246 neque
2900 5171 3156 5232 audiens,
3191 5175 3364 5229 neque
3394 5168 3488 5218 vi-

1862 5283 2014 5337 dens.

2013 5395 2040 5402 _
2159 5387 2334 5402 ..ν-ην.
2404 5385 2441 5402 η
2499 5383 2530 5402 _-
2613 5397 2625 5402 -
2743 5370 3050 5402 ..-ἀυὴρ
3120 5356 3313 5402 and";
