  <div class='ocr_page' id='page_1' title='image "/cluster/home/n/w/nwhite01/storage/ocr_20150623/147/hvd.32044010574002/575.png"; bbox 0 0 3936 5402; ppageno 0'>
   <div class='ocr_carea' id='block_1_1' title="bbox 530 164 674 222">
    <p class='ocr_par' dir='ltr' id='par_1_1' title="bbox 530 164 674 222">
     <span class='ocr_line' id='line_1_1' title="bbox 530 164 674 222; baseline 0.007 -1"><span class='ocrx_word' id='word_1_1' title='bbox 530 164 674 222; x_wconf 72' lang='lat'><strong>“59</strong></span> 
     </span>
    </p>
   </div>
   <div class='ocr_carea' id='block_1_2' title="bbox 1495 166 2798 229">
    <p class='ocr_par' dir='ltr' id='par_1_2' title="bbox 1495 166 2798 229">
     <span class='ocr_line' id='line_1_2' title="bbox 1495 166 2798 229; baseline 0.004 -6"><span class='ocrx_word' id='word_1_2' title='bbox 1495 170 1904 228; x_wconf 73' lang='lat' dir='ltr'><strong>FOLCARDUS</strong></span> <span class='ocrx_word' id='word_1_3' title='bbox 1944 169 2317 227; x_wconf 80' lang='lat' dir='ltr'><strong>MONACHUS</strong></span> <span class='ocrx_word' id='word_1_4' title='bbox 2349 166 2798 229; x_wconf 61' lang='lat' dir='ltr'><strong>SITHIVENSIS.</strong></span> 
     </span>
    </p>
   </div>
   <div class='ocr_carea' id='block_1_3' title="bbox 3628 167 3729 227">
    <p class='ocr_par' dir='ltr' id='par_1_3' title="bbox 3628 167 3729 227">
     <span class='ocr_line' id='line_1_3' title="bbox 3628 167 3729 227; baseline 0.04 -4"><span class='ocrx_word' id='word_1_5' title='bbox 3628 167 3729 227; x_wconf 63' lang='lat' dir='ltr'><strong>illi</strong></span> 
     </span>
    </p>
   </div>
   <div class='ocr_carea' id='block_1_4' title="bbox 539 275 3731 353">
    <p class='ocr_par' dir='ltr' id='par_1_4' title="bbox 539 275 3731 353">
     <span class='ocr_line' id='line_1_4' title="bbox 539 275 3731 353; baseline 0.001 -21"><span class='ocrx_word' id='word_1_6' title='bbox 539 277 607 333; x_wconf 88' lang='lat' dir='ltr'><strong>ad</strong></span> <span class='ocrx_word' id='word_1_7' title='bbox 632 290 769 348; x_wconf 86' lang='lat' dir='ltr'><strong>quos</strong></span> <span class='ocrx_word' id='word_1_8' title='bbox 796 275 1141 349; x_wconf 68' lang='lat' dir='ltr'><strong>prmsentium</strong></span> <span class='ocrx_word' id='word_1_9' title='bbox 1170 276 1361 333; x_wconf 76' lang='lat' dir='ltr'><strong>notitia</strong></span> <span class='ocrx_word' id='word_1_10' title='bbox 1395 284 1722 349; x_wconf 76' lang='lat' dir='ltr'><strong>pervenerit,</strong></span> <span class='ocrx_word' id='word_1_11' title='bbox 1767 294 2022 337; x_wconf 74' lang='lat' dir='ltr'><strong>:eternaxn</strong></span> <span class='ocrx_word' id='word_1_12' title='bbox 2055 283 2106 337; x_wconf 90' lang='lat' dir='ltr'><strong>in</strong></span> <span class='ocrx_word' id='word_1_13' title='bbox 2137 291 2181 349; x_wconf 78' lang='grc' dir='ltr'>Α</span> <span class='ocrx_word' id='word_1_14' title='bbox 2213 283 2341 338; x_wconf 90' lang='lat' dir='ltr'><strong>boni</strong></span> <span class='ocrx_word' id='word_1_15' title='bbox 2376 282 2668 339; x_wconf 82' lang='lat' dir='ltr'><strong>testimonii</strong></span> <span class='ocrx_word' id='word_1_16' title='bbox 2699 292 2753 336; x_wconf 93' lang='lat' dir='ltr'><strong>et</strong></span> <span class='ocrx_word' id='word_1_17' title='bbox 2782 279 3242 351; x_wconf 70' lang='lat' dir='ltr'><strong>vitatprobabilis,</strong></span> <span class='ocrx_word' id='word_1_18' title='bbox 3272 279 3527 336; x_wconf 74' lang='lat' dir='ltr'><strong>videlicet</strong></span> <span class='ocrx_word' id='word_1_19' title='bbox 3548 278 3731 353; x_wconf 72' lang='lat' dir='ltr'><strong>Widonc</strong></span> 
     </span>
    </p>
   </div>
   <div class='ocr_carea' id='block_1_5' title="bbox 529 367 1051 425">
    <p class='ocr_par' dir='ltr' id='par_1_5' title="bbox 529 367 1051 425">
     <span class='ocr_line' id='line_1_5' title="bbox 529 367 1051 425; baseline -0.004 0"><span class='ocrx_word' id='word_1_20' title='bbox 529 367 745 425; x_wconf 81' lang='lat' dir='ltr'><strong>Christo</strong></span> <span class='ocrx_word' id='word_1_21' title='bbox 778 368 1051 425; x_wconf 39' lang='lat' dir='ltr'><strong>salutetur</strong></span> 
     </span>
    </p>
   </div>
   <div class='ocr_carea' id='block_1_6' title="bbox 613 457 2107 531">
    <p class='ocr_par' dir='ltr' id='par_1_6' title="bbox 613 457 2107 531">
     <span class='ocr_line' id='line_1_6' title="bbox 613 457 2107 531; baseline 0.005 -23"><span class='ocrx_word' id='word_1_22' title='bbox 613 476 632 508; x_wconf 73' lang='grc' dir='ltr'><strong>ι</strong></span> <span class='ocrx_word' id='word_1_23' title='bbox 661 457 794 513; x_wconf 84' lang='lat' dir='ltr'><strong>Cum</strong></span> <span class='ocrx_word' id='word_1_24' title='bbox 825 458 893 513; x_wconf 87' lang='lat' dir='ltr'><strong>ad</strong></span> <span class='ocrx_word' id='word_1_25' title='bbox 920 458 1179 515; x_wconf 83' lang='lat' dir='ltr'><strong>honorem</strong></span> <span class='ocrx_word' id='word_1_26' title='bbox 1214 460 1305 516; x_wconf 90' lang='lat' dir='ltr'><strong>Dei</strong></span> <span class='ocrx_word' id='word_1_27' title='bbox 1335 462 1426 531; x_wconf 89' lang='lat' dir='ltr'><strong>qui</strong></span> <span class='ocrx_word' id='word_1_28' title='bbox 1454 464 1505 517; x_wconf 91' lang='lat' dir='ltr'><strong>in</strong></span> <span class='ocrx_word' id='word_1_29' title='bbox 1540 464 1741 519; x_wconf 76' lang='lat' dir='ltr'><strong>sanctis</strong></span> <span class='ocrx_word' id='word_1_30' title='bbox 1789 467 1901 518; x_wconf 88' lang='lat' dir='ltr'><strong>suis</strong></span> <span class='ocrx_word' id='word_1_31' title='bbox 1933 464 2107 519; x_wconf 84' lang='lat' dir='ltr'><strong>credi-</strong></span> 
     </span>
    </p>
   </div>
   <div class='ocr_carea' id='block_1_7' title="bbox 527 552 2108 625">
    <p class='ocr_par' dir='ltr' id='par_1_7' title="bbox 527 552 2108 625">
     <span class='ocr_line' id='line_1_7' title="bbox 527 552 2108 625; baseline 0.001 -17"><span class='ocrx_word' id='word_1_32' title='bbox 527 562 615 623; x_wconf 88' lang='lat' dir='ltr'><strong>tur</strong></span> <span class='ocrx_word' id='word_1_33' title='bbox 647 552 941 618; x_wconf 88' lang='lat' dir='ltr'><strong>honorari,</strong></span> <span class='ocrx_word' id='word_1_34' title='bbox 978 553 1043 608; x_wconf 91' lang='lat' dir='ltr'><strong>de</strong></span> <span class='ocrx_word' id='word_1_35' title='bbox 1082 568 1307 625; x_wconf 88' lang='lat' dir='ltr'><strong>corpore</strong></span> <span class='ocrx_word' id='word_1_36' title='bbox 1347 555 1408 609; x_wconf 89' lang='grc' dir='ltr'><strong>Β.</strong></span> <span class='ocrx_word' id='word_1_37' title='bbox 1453 555 1653 611; x_wconf 81' lang='lat' dir='ltr'><strong>Bertini</strong></span> <span class='ocrx_word' id='word_1_38' title='bbox 1696 556 1906 611; x_wconf 75' lang='lat' dir='ltr'><strong>abbatis</strong></span> <span class='ocrx_word' id='word_1_39' title='bbox 1953 556 2108 610; x_wconf 81' lang='lat' dir='ltr'><strong>fieret</strong></span> 
     </span>
    </p>
   </div>
   <div class='ocr_carea' id='block_1_8' title="bbox 531 644 2105 717">
    <p class='ocr_par' dir='ltr' id='par_1_8' title="bbox 531 644 2105 717">
     <span class='ocr_line' id='line_1_8' title="bbox 531 644 2105 717; baseline 0.001 -18"><span class='ocrx_word' id='word_1_40' title='bbox 531 644 813 702; x_wconf 79' lang='lat' dir='ltr'><strong>translatio</strong></span> <span class='ocrx_word' id='word_1_41' title='bbox 852 661 882 700; x_wconf 92' lang='lat' dir='ltr'><strong>a</strong></span> <span class='ocrx_word' id='word_1_42' title='bbox 914 645 1114 700; x_wconf 87' lang='lat' dir='ltr'><strong>scrinio</strong></span> <span class='ocrx_word' id='word_1_43' title='bbox 1144 646 1196 701; x_wconf 93' lang='lat' dir='ltr'><strong>in</strong></span> <span class='ocrx_word' id='word_1_44' title='bbox 1225 662 1333 717; x_wconf 92' lang='lat' dir='ltr'><strong>quo</strong></span> <span class='ocrx_word' id='word_1_45' title='bbox 1358 662 1452 716; x_wconf 86' lang='lat' dir='ltr'><strong>per</strong></span> <span class='ocrx_word' id='word_1_46' title='bbox 1494 657 1709 703; x_wconf 86' lang='lat' dir='ltr'><strong>centum</strong></span> <span class='ocrx_word' id='word_1_47' title='bbox 1739 657 1793 704; x_wconf 87' lang='lat' dir='ltr'><strong>et</strong></span> <span class='ocrx_word' id='word_1_48' title='bbox 1834 647 2105 717; x_wconf 68' lang='lat' dir='ltr'><strong>octoginta</strong></span> 
     </span>
    </p>
   </div>
   <div class='ocr_carea' id='block_1_9' title="bbox 529 735 2108 810">
    <p class='ocr_par' dir='ltr' id='par_1_9' title="bbox 529 735 2108 810">
     <span class='ocr_line' id='line_1_9' title="bbox 529 735 2108 810; baseline 0.001 -20"><span class='ocrx_word' id='word_1_49' title='bbox 529 736 768 806; x_wconf 88' lang='lat' dir='ltr'><strong>quinque</strong></span> <span class='ocrx_word' id='word_1_50' title='bbox 813 750 984 790; x_wconf 89' lang='lat' dir='ltr'><strong>annos</strong></span> <span class='ocrx_word' id='word_1_51' title='bbox 1024 735 1312 805; x_wconf 77' lang='lat' dir='ltr'><strong>iacuerat,</strong></span> <span class='ocrx_word' id='word_1_52' title='bbox 1360 738 1499 794; x_wconf 85' lang='lat' dir='ltr'><strong>sicut</strong></span> <span class='ocrx_word' id='word_1_53' title='bbox 1535 755 1601 795; x_wconf 79' lang='lat' dir='ltr'><strong>ex</strong></span> <span class='ocrx_word' id='word_1_54' title='bbox 1652 740 1856 810; x_wconf 88' lang='lat' dir='ltr'><strong>scripto</strong></span> <span class='ocrx_word' id='word_1_55' title='bbox 1908 739 2108 795; x_wconf 88' lang='lat' dir='ltr'><strong>ibidem</strong></span> 
     </span>
    </p>
   </div>
   <div class='ocr_carea' id='block_1_10' title="bbox 528 828 2111 899">
    <p class='ocr_par' dir='ltr' id='par_1_10' title="bbox 528 828 2111 899">
     <span class='ocr_line' id='line_1_10' title="bbox 528 828 2111 899; baseline -0.001 -15"><span class='ocrx_word' id='word_1_56' title='bbox 528 836 743 896; x_wconf 79' lang='lat' dir='ltr'><strong>reperto</strong></span> <span class='ocrx_word' id='word_1_57' title='bbox 792 828 1049 896; x_wconf 79' lang='lat' dir='ltr'><strong>perpendi</strong></span> <span class='ocrx_word' id='word_1_58' title='bbox 1102 829 1278 899; x_wconf 91' lang='lat' dir='ltr'><strong>potuit</strong></span> <span class='ocrx_word' id='word_1_59' title='bbox 1325 830 1645 895; x_wconf 82' lang='lat' dir='ltr'><strong>evidenter,</strong></span> <span class='ocrx_word' id='word_1_60' title='bbox 1696 829 1973 885; x_wconf 75' lang='lat' dir='ltr'><strong>inventum</strong></span> <span class='ocrx_word' id='word_1_61' title='bbox 2026 835 2111 884; x_wconf 88' lang='lat' dir='ltr'><strong>est</strong></span> 
     </span>
    </p>
   </div>
   <div class='ocr_carea' id='block_1_11' title="bbox 528 917 2108 991">
    <p class='ocr_par' dir='ltr' id='par_1_11' title="bbox 528 917 2108 991">
     <span class='ocr_line' id='line_1_11' title="bbox 528 917 2108 991; baseline -0.001 -15"><span class='ocrx_word' id='word_1_62' title='bbox 528 918 931 976; x_wconf 66' lang='lat' dir='ltr'><strong>sanctissimum</strong></span> <span class='ocrx_word' id='word_1_63' title='bbox 962 917 1095 974; x_wconf 88' lang='lat' dir='ltr'><strong>illud</strong></span> <span class='ocrx_word' id='word_1_64' title='bbox 1123 934 1321 989; x_wconf 78' lang='lat' dir='ltr'><strong>corpus</strong></span> <span class='ocrx_word' id='word_1_65' title='bbox 1350 922 1555 977; x_wconf 88' lang='lat' dir='ltr'><strong>scrinio</strong></span> <span class='ocrx_word' id='word_1_66' title='bbox 1589 930 1885 978; x_wconf 86' lang='lat' dir='ltr'><strong>memorato</strong></span> <span class='ocrx_word' id='word_1_67' title='bbox 1915 921 2108 991; x_wconf 84' lang='lat' dir='ltr'><strong>pannis</strong></span> 
     </span>
    </p>
   </div>
   <div class='ocr_carea' id='block_1_12' title="bbox 529 1006 2111 1081">
    <p class='ocr_par' dir='ltr' id='par_1_12' title="bbox 529 1006 2111 1081">
     <span class='ocr_line' id='line_1_12' title="bbox 529 1006 2111 1081; baseline 0.001 -18"><span class='ocrx_word' id='word_1_68' title='bbox 529 1007 770 1068; x_wconf 81' lang='lat' dir='ltr'><strong>sericeis,</strong></span> <span class='ocrx_word' id='word_1_69' title='bbox 806 1006 932 1063; x_wconf 90' lang='lat' dir='ltr'><strong>licet</strong></span> <span class='ocrx_word' id='word_1_70' title='bbox 956 1015 1226 1063; x_wconf 71' lang='lat' dir='ltr'><strong>vetustate</strong></span> <span class='ocrx_word' id='word_1_71' title='bbox 1253 1010 1601 1065; x_wconf 85' lang='lat' dir='ltr'><strong>vehementer</strong></span> <span class='ocrx_word' id='word_1_72' title='bbox 1635 1012 1854 1075; x_wconf 85' lang='lat' dir='ltr'><strong>attritis,</strong></span> <span class='ocrx_word' id='word_1_73' title='bbox 1888 1010 2111 1081; x_wconf 76' lang='lat' dir='ltr'><strong>diligen-</strong></span> 
     </span>
    </p>
   </div>
   <div class='ocr_carea' id='block_1_13' title="bbox 532 1090 2110 1169">
    <p class='ocr_par' dir='ltr' id='par_1_13' title="bbox 532 1090 2110 1169">
     <span class='ocr_line' id='line_1_13' title="bbox 532 1090 2110 1169; baseline 0.003 -17"><span class='ocrx_word' id='word_1_74' title='bbox 532 1106 617 1152; x_wconf 83' lang='lat' dir='ltr'><strong>ter</strong></span> <span class='ocrx_word' id='word_1_75' title='bbox 656 1096 953 1151; x_wconf 81' lang='lat' dir='ltr'><strong>involutum</strong></span> <span class='ocrx_word' id='word_1_76' title='bbox 980 1096 1299 1169; x_wconf 67' lang='lat' dir='ltr'><strong>etligatum,</strong></span> <span class='ocrx_word' id='word_1_77' title='bbox 1330 1107 1383 1153; x_wconf 92' lang='lat' dir='ltr'><strong>et</strong></span> <span class='ocrx_word' id='word_1_78' title='bbox 1409 1099 1601 1169; x_wconf 81' lang='lat' dir='ltr'><strong>sigillis</strong></span> <span class='ocrx_word' id='word_1_79' title='bbox 1627 1090 1957 1156; x_wconf 47' lang='lat' dir='ltr'><strong>aut&#39;lientieis</strong></span> <span class='ocrx_word' id='word_1_80' title='bbox 1985 1115 2110 1157; x_wconf 84' lang='lat' dir='ltr'><strong>con-</strong></span> 
     </span>
    </p>
   </div>
   <div class='ocr_carea' id='block_1_14' title="bbox 532 1188 2111 1260">
    <p class='ocr_par' dir='ltr' id='par_1_14' title="bbox 532 1188 2111 1260">
     <span class='ocr_line' id='line_1_14' title="bbox 532 1188 2111 1260; baseline 0.002 -18"><span class='ocrx_word' id='word_1_81' title='bbox 532 1188 835 1257; x_wconf 81' lang='lat' dir='ltr'><strong>signatum;</strong></span> <span class='ocrx_word' id='word_1_82' title='bbox 867 1197 921 1244; x_wconf 88' lang='lat' dir='ltr'><strong>et</strong></span> <span class='ocrx_word' id='word_1_83' title='bbox 970 1204 1091 1244; x_wconf 92' lang='lat' dir='ltr'><strong>cum</strong></span> <span class='ocrx_word' id='word_1_84' title='bbox 1137 1188 1372 1244; x_wconf 89' lang='lat' dir='ltr'><strong>solutum</strong></span> <span class='ocrx_word' id='word_1_85' title='bbox 1400 1200 1455 1245; x_wconf 91' lang='lat' dir='ltr'><strong>et</strong></span> <span class='ocrx_word' id='word_1_86' title='bbox 1490 1199 1735 1260; x_wconf 86' lang='lat' dir='ltr'><strong>apertum</strong></span> <span class='ocrx_word' id='word_1_87' title='bbox 1772 1189 1993 1256; x_wconf 79' lang='lat' dir='ltr'><strong>fuisset,</strong></span> <span class='ocrx_word' id='word_1_88' title='bbox 2023 1192 2111 1245; x_wconf 85' lang='lat' dir='ltr'><strong>in-</strong></span> 
     </span>
    </p>
   </div>
   <div class='ocr_carea' id='block_1_15' title="bbox 533 1281 2109 1353">
    <p class='ocr_par' dir='ltr' id='par_1_15' title="bbox 533 1281 2109 1353">
     <span class='ocr_line' id='line_1_15' title="bbox 533 1281 2109 1353; baseline 0.004 -21"><span class='ocrx_word' id='word_1_89' title='bbox 533 1290 694 1334; x_wconf 83' lang='lat' dir='ltr'><strong>venta</strong></span> <span class='ocrx_word' id='word_1_90' title='bbox 725 1290 810 1334; x_wconf 87' lang='lat' dir='ltr'><strong>est</strong></span> <span class='ocrx_word' id='word_1_91' title='bbox 841 1281 983 1335; x_wconf 90' lang='lat' dir='ltr'><strong>inter</strong></span> <span class='ocrx_word' id='word_1_92' title='bbox 1003 1281 1117 1352; x_wconf 84' lang='lat' dir='ltr'><strong>ipsa</strong></span> <span class='ocrx_word' id='word_1_93' title='bbox 1148 1290 1336 1337; x_wconf 89' lang='lat' dir='ltr'><strong>saneta</strong></span> <span class='ocrx_word' id='word_1_94' title='bbox 1381 1296 1505 1337; x_wconf 86' lang='lat' dir='ltr'><strong>ossa</strong></span> <span class='ocrx_word' id='word_1_95' title='bbox 1554 1297 1687 1338; x_wconf 79' lang='lat' dir='ltr'><strong>crux</strong></span> <span class='ocrx_word' id='word_1_96' title='bbox 1719 1290 2004 1353; x_wconf 80' lang='lat' dir='ltr'><strong>argentea,</strong></span> <span class='ocrx_word' id='word_1_97' title='bbox 2056 1283 2109 1338; x_wconf 87' lang='lat' dir='ltr'><strong>in</strong></span> 
     </span>
    </p>
   </div>
   <div class='ocr_carea' id='block_1_16' title="bbox 534 1370 2109 1444">
    <p class='ocr_par' dir='ltr' id='par_1_16' title="bbox 534 1370 2109 1444">
     <span class='ocr_line' id='line_1_16' title="bbox 534 1370 2109 1444; baseline 0.004 -22"><span class='ocrx_word' id='word_1_98' title='bbox 534 1388 639 1440; x_wconf 86' lang='lat' dir='ltr'><strong>qua</strong></span> <span class='ocrx_word' id='word_1_99' title='bbox 691 1370 793 1425; x_wconf 90' lang='lat' dir='ltr'><strong>fuit</strong></span> <span class='ocrx_word' id='word_1_100' title='bbox 839 1372 1123 1428; x_wconf 78' lang='lat' dir='ltr'><strong>manifeste</strong></span> <span class='ocrx_word' id='word_1_101' title='bbox 1171 1371 1368 1427; x_wconf 75' lang='lat' dir='ltr'><strong>litteris</strong></span> <span class='ocrx_word' id='word_1_102' title='bbox 1416 1373 1740 1444; x_wconf 81' lang='lat' dir='ltr'><strong>capitalibus</strong></span> <span class='ocrx_word' id='word_1_103' title='bbox 1785 1387 2109 1428; x_wconf 81' lang='lat' dir='ltr'><strong>exaratum:</strong></span> 
     </span>
    </p>
   </div>
   <div class='ocr_carea' id='block_1_17' title="bbox 536 1463 2114 1535">
    <p class='ocr_par' dir='ltr' id='par_1_17' title="bbox 536 1463 2114 1535">
     <span class='ocr_line' id='line_1_17' title="bbox 536 1463 2114 1535; baseline 0.001 -16"><span class='ocrx_word' id='word_1_104' title='bbox 536 1463 780 1519; x_wconf 71' lang='lat' dir='ltr'><strong>SANCTUS</strong></span> <span class='ocrx_word' id='word_1_105' title='bbox 817 1463 1090 1518; x_wconf 74' lang='lat' dir='ltr'><strong>Bsnrmus</strong></span> <span class='ocrx_word' id='word_1_106' title='bbox 1130 1463 1324 1519; x_wconf 65' lang='lat' dir='ltr'><strong>Aegas.</strong></span> <span class='ocrx_word' id='word_1_107' title='bbox 1367 1464 1568 1520; x_wconf 78' lang='lat' dir='ltr'><strong>Deinde</strong></span> <span class='ocrx_word' id='word_1_108' title='bbox 1596 1478 1627 1518; x_wconf 89' lang='lat' dir='ltr'><strong>a</strong></span> <span class='ocrx_word' id='word_1_109' title='bbox 1679 1464 2114 1535; x_wconf 83' lang='lat' dir='ltr'><strong>perquirentibns</strong></span> 
     </span>
    </p>
   </div>
   <div class='ocr_carea' id='block_1_18' title="bbox 535 1544 2110 1625">
    <p class='ocr_par' dir='ltr' id='par_1_18' title="bbox 535 1544 2110 1625">
     <span class='ocr_line' id='line_1_18' title="bbox 535 1544 2110 1625; baseline 0 -16"><span class='ocrx_word' id='word_1_110' title='bbox 535 1554 830 1610; x_wconf 89' lang='lat' dir='ltr'><strong>studiosius</strong></span> <span class='ocrx_word' id='word_1_111' title='bbox 860 1544 998 1610; x_wconf 84' lang='lat' dir='ltr'><strong>intra</strong></span> <span class='ocrx_word' id='word_1_112' title='bbox 1031 1570 1241 1625; x_wconf 85' lang='lat' dir='ltr'><strong>pannos</strong></span> <span class='ocrx_word' id='word_1_113' title='bbox 1270 1556 1555 1625; x_wconf 67' lang='lat' dir='ltr'><strong>praedictos</strong></span> <span class='ocrx_word' id='word_1_114' title='bbox 1593 1556 1872 1611; x_wconf 81' lang='lat' dir='ltr'><strong>inventum</strong></span> <span class='ocrx_word' id='word_1_115' title='bbox 1919 1571 2110 1611; x_wconf 87' lang='lat' dir='ltr'><strong>recon-</strong></span> 
     </span>
    </p>
   </div>
   <div class='ocr_carea' id='block_1_19' title="bbox 2210 371 3727 451">
    <p class='ocr_par' dir='ltr' id='par_1_19' title="bbox 2210 371 3727 451">
     <span class='ocr_line' id='line_1_19' title="bbox 2210 371 3727 451; baseline 0.002 -25"><span class='ocrx_word' id='word_1_116' title='bbox 2210 373 2614 444; x_wconf 87' lang='lat' dir='ltr'><strong>archicpiscopo</strong></span> <span class='ocrx_word' id='word_1_117' title='bbox 2649 381 2703 427; x_wconf 90' lang='lat' dir='ltr'><strong>et</strong></span> <span class='ocrx_word' id='word_1_118' title='bbox 2722 373 2979 451; x_wconf 77' lang='lat' dir='ltr'><strong>Drogone</strong></span> <span class='ocrx_word' id='word_1_119' title='bbox 3006 371 3256 442; x_wconf 87' lang='lat' dir='ltr'><strong>episcopo</strong></span> <span class='ocrx_word' id='word_1_120' title='bbox 3289 371 3344 425; x_wconf 92' lang='lat' dir='ltr'><strong>in</strong></span> <span class='ocrx_word' id='word_1_121' title='bbox 3373 372 3641 441; x_wconf 64' lang='lat' dir='ltr'><strong>praesentia</strong></span> <span class='ocrx_word' id='word_1_122' title='bbox 3666 374 3727 429; x_wconf 75' lang='lat' dir='ltr'><strong>de</strong></span> 
     </span>
    </p>
   </div>
   <div class='ocr_carea' id='block_1_20' title="bbox 2209 464 3735 536">
    <p class='ocr_par' dir='ltr' id='par_1_20' title="bbox 2209 464 3735 536">
     <span class='ocr_line' id='line_1_20' title="bbox 2209 464 3735 536; baseline 0.003 -18"><span class='ocrx_word' id='word_1_123' title='bbox 2209 464 2370 519; x_wconf 81' lang='lat' dir='ltr'><strong>minae</strong></span> <span class='ocrx_word' id='word_1_124' title='bbox 2393 464 2625 520; x_wconf 67' lang='lat' dir='ltr'><strong>Athletae</strong></span> <span class='ocrx_word' id='word_1_125' title='bbox 2661 464 2772 536; x_wconf 75' lang='grc' dir='ltr'><strong>(ὅθ)</strong></span> <span class='ocrx_word' id='word_1_126' title='bbox 2798 465 3113 531; x_wconf 66' lang='lat' dir='ltr'><strong>comitissm,</strong></span> <span class='ocrx_word' id='word_1_127' title='bbox 3136 465 3325 521; x_wconf 80' lang='lat' dir='ltr'><strong>uxoris</strong></span> <span class='ocrx_word' id='word_1_128' title='bbox 3350 465 3588 535; x_wconf 70' lang='lat' dir='ltr'><strong>prmdieti</strong></span> <span class='ocrx_word' id='word_1_129' title='bbox 3624 482 3735 522; x_wconf 82' lang='lat' dir='ltr'><strong>mar-</strong></span> 
     </span>
    </p>
   </div>
   <div class='ocr_carea' id='block_1_21' title="bbox 2209 554 3737 625">
    <p class='ocr_par' dir='ltr' id='par_1_21' title="bbox 2209 554 3737 625">
     <span class='ocr_line' id='line_1_21' title="bbox 2209 554 3737 625; baseline 0.003 -18"><span class='ocrx_word' id='word_1_130' title='bbox 2209 555 2455 621; x_wconf 89' lang='lat' dir='ltr'><strong>chionis,</strong></span> <span class='ocrx_word' id='word_1_131' title='bbox 2498 570 2618 625; x_wconf 69' lang='lat' dir='ltr'><strong>quae</strong></span> <span class='ocrx_word' id='word_1_132' title='bbox 2657 554 2711 609; x_wconf 85' lang='lat' dir='ltr'><strong>in</strong></span> <span class='ocrx_word' id='word_1_133' title='bbox 2769 554 2872 609; x_wconf 84' lang='lat' dir='ltr'><strong>hoc</strong></span> <span class='ocrx_word' id='word_1_134' title='bbox 2929 554 3102 611; x_wconf 78' lang='lat' dir='ltr'><strong>ofﬁcio</strong></span> <span class='ocrx_word' id='word_1_135' title='bbox 3149 554 3506 611; x_wconf 80' lang='lat' dir='ltr'><strong>derotissime</strong></span> <span class='ocrx_word' id='word_1_136' title='bbox 3551 556 3737 622; x_wconf 72' lang='lat' dir='ltr'><strong>deservi-</strong></span> 
     </span>
    </p>
   </div>
   <div class='ocr_carea' id='block_1_22' title="bbox 2213 643 3739 718">
    <p class='ocr_par' dir='ltr' id='par_1_22' title="bbox 2213 643 3739 718">
     <span class='ocr_line' id='line_1_22' title="bbox 2213 643 3739 718; baseline 0.005 -22"><span class='ocrx_word' id='word_1_137' title='bbox 2213 644 2288 699; x_wconf 79' lang='lat' dir='ltr'><strong>vit</strong></span> <span class='ocrx_word' id='word_1_138' title='bbox 2353 645 2464 699; x_wconf 89' lang='lat' dir='ltr'><strong>Deo</strong></span> <span class='ocrx_word' id='word_1_139' title='bbox 2518 650 2573 698; x_wconf 89' lang='lat' dir='ltr'><strong>et</strong></span> <span class='ocrx_word' id='word_1_140' title='bbox 2624 654 2815 699; x_wconf 88' lang='lat' dir='ltr'><strong>saneto</strong></span> <span class='ocrx_word' id='word_1_141' title='bbox 2858 644 3114 712; x_wconf 82' lang='lat' dir='ltr'><strong>Bcrtino;</strong></span> <span class='ocrx_word' id='word_1_142' title='bbox 3160 643 3521 716; x_wconf 69' lang='lat' dir='ltr'><strong>prmsentibus</strong></span> <span class='ocrx_word' id='word_1_143' title='bbox 3571 658 3739 718; x_wconf 75' lang='lat' dir='ltr'><strong>quoque</strong></span> 
     </span>
    </p>
   </div>
   <div class='ocr_carea' id='block_1_23' title="bbox 2209 732 3738 804">
    <p class='ocr_par' dir='ltr' id='par_1_23' title="bbox 2209 732 3738 804">
     <span class='ocr_line' id='line_1_23' title="bbox 2209 732 3738 804; baseline 0.002 -16"><span class='ocrx_word' id='word_1_144' title='bbox 2209 734 2493 789; x_wconf 82' lang='lat' dir='ltr'><strong>abbatibus</strong></span> <span class='ocrx_word' id='word_1_145' title='bbox 2546 733 2632 788; x_wconf 84' lang='lat' dir='ltr'><strong>his</strong></span> <span class='ocrx_word' id='word_1_146' title='bbox 2660 773 2677 800; x_wconf 89' lang='lat'><strong>,</strong></span> <span class='ocrx_word' id='word_1_147' title='bbox 2730 732 2944 799; x_wconf 62' lang='lat' dir='ltr'><strong>Boronc</strong></span> <span class='ocrx_word' id='word_1_148' title='bbox 2993 735 3187 791; x_wconf 83' lang='lat' dir='ltr'><strong>abbate</strong></span> <span class='ocrx_word' id='word_1_149' title='bbox 3232 733 3403 804; x_wconf 84' lang='lat' dir='ltr'><strong>hujus</strong></span> <span class='ocrx_word' id='word_1_150' title='bbox 3446 733 3577 800; x_wconf 79' lang='lat' dir='ltr'><strong>loci,</strong></span> <span class='ocrx_word' id='word_1_151' title='bbox 3611 733 3738 793; x_wconf 75' lang='lat' dir='ltr'><strong>liere-</strong></span> 
     </span>
    </p>
   </div>
   <div class='ocr_carea' id='block_1_24' title="bbox 2210 823 3738 898">
    <p class='ocr_par' dir='ltr' id='par_1_24' title="bbox 2210 823 3738 898">
     <span class='ocr_line' id='line_1_24' title="bbox 2210 823 3738 898; baseline 0 -19"><span class='ocrx_word' id='word_1_152' title='bbox 2210 841 2364 881; x_wconf 90' lang='lat' dir='ltr'><strong>maro</strong></span> <span class='ocrx_word' id='word_1_153' title='bbox 2416 823 2614 881; x_wconf 84' lang='lat' dir='ltr'><strong>abbate</strong></span> <span class='ocrx_word' id='word_1_154' title='bbox 2660 825 2894 883; x_wconf 85' lang='lat' dir='ltr'><strong>coenobii</strong></span> <span class='ocrx_word' id='word_1_155' title='bbox 2952 824 3013 880; x_wconf 91' lang='lat' dir='ltr'><strong>S.</strong></span> <span class='ocrx_word' id='word_1_156' title='bbox 3065 824 3343 898; x_wconf 82' lang='lat' dir='ltr'><strong>Remigii,</strong></span> <span class='ocrx_word' id='word_1_157' title='bbox 3405 824 3631 881; x_wconf 71' lang='lat' dir='ltr'><strong>Renuldo</strong></span> <span class='ocrx_word' id='word_1_158' title='bbox 3669 825 3738 879; x_wconf 82' lang='lat' dir='ltr'><strong>ab-</strong></span> 
     </span>
    </p>
   </div>
   <div class='ocr_carea' id='block_1_25' title="bbox 2210 908 3737 987">
    <p class='ocr_par' dir='ltr' id='par_1_25' title="bbox 2210 908 3737 987">
     <span class='ocr_line' id='line_1_25' title="bbox 2210 908 3737 987; baseline 0 -17"><span class='ocrx_word' id='word_1_159' title='bbox 2210 917 2336 972; x_wconf 90' lang='lat' dir='ltr'><strong>bate</strong></span> <span class='ocrx_word' id='word_1_160' title='bbox 2394 915 2454 971; x_wconf 88' lang='lat' dir='ltr'><strong>S.</strong></span> <span class='ocrx_word' id='word_1_161' title='bbox 2514 910 2805 987; x_wconf 82' lang='lat' dir='ltr'><strong>Winnnci,</strong></span> <span class='ocrx_word' id='word_1_162' title='bbox 2864 912 3101 973; x_wconf 76' lang='lat' dir='ltr'><strong>Corvino.</strong></span> <span class='ocrx_word' id='word_1_163' title='bbox 3147 908 3345 987; x_wconf 82' lang='lat' dir='ltr'><strong>abbate</strong></span> <span class='ocrx_word' id='word_1_164' title='bbox 3391 915 3452 971; x_wconf 89' lang='lat' dir='ltr'><strong>S.</strong></span> <span class='ocrx_word' id='word_1_165' title='bbox 3507 915 3737 979; x_wconf 78' lang='lat' dir='ltr'><strong>Richarii,</strong></span> 
     </span>
    </p>
   </div>
   <div class='ocr_carea' id='block_1_26' title="bbox 2209 1006 3738 1075">
    <p class='ocr_par' dir='ltr' id='par_1_26' title="bbox 2209 1006 3738 1075">
     <span class='ocr_line' id='line_1_26' title="bbox 2209 1006 3738 1075; baseline 0.001 -12"><span class='ocrx_word' id='word_1_166' title='bbox 2209 1008 2462 1064; x_wconf 82' lang='lat' dir='ltr'><strong>Folbcrto</strong></span> <span class='ocrx_word' id='word_1_167' title='bbox 2518 1007 2715 1064; x_wconf 84' lang='lat' dir='ltr'><strong>abbate</strong></span> <span class='ocrx_word' id='word_1_168' title='bbox 2775 1008 2838 1063; x_wconf 89' lang='lat' dir='ltr'><strong>S.</strong></span> <span class='ocrx_word' id='word_1_169' title='bbox 2904 1008 3180 1075; x_wconf 79' lang='lat' dir='ltr'><strong>Bavonis,</strong></span> <span class='ocrx_word' id='word_1_170' title='bbox 3245 1007 3534 1069; x_wconf 88' lang='lat' dir='ltr'><strong>llerihcrto</strong></span> <span class='ocrx_word' id='word_1_171' title='bbox 3590 1006 3738 1065; x_wconf 74' lang='lat' dir='ltr'><strong>abbate</strong></span> 
     </span>
    </p>
   </div>
   <div class='ocr_carea' id='block_1_27' title="bbox 2211 1094 3741 1179">
    <p class='ocr_par' dir='ltr' id='par_1_27' title="bbox 2211 1094 3741 1179">
     <span class='ocr_line' id='line_1_27' title="bbox 2211 1094 3741 1179; baseline -0.005 -25"><span class='ocrx_word' id='word_1_172' title='bbox 2211 1098 2269 1154; x_wconf 91' lang='lat' dir='ltr'><strong>S.</strong></span> <span class='ocrx_word' id='word_1_173' title='bbox 2324 1098 2555 1163; x_wconf 77' lang='lat' dir='ltr'><strong>Judoci,</strong></span> <span class='ocrx_word' id='word_1_174' title='bbox 2611 1099 2849 1156; x_wconf 80' lang='lat' dir='ltr'><strong>Wasone</strong></span> <span class='ocrx_word' id='word_1_175' title='bbox 2910 1099 3109 1156; x_wconf 88' lang='lat' dir='ltr'><strong>abbate</strong></span> <span class='ocrx_word' id='word_1_176' title='bbox 3165 1097 3226 1154; x_wconf 92' lang='lat' dir='ltr'><strong>S.</strong></span> <span class='ocrx_word' id='word_1_177' title='bbox 3266 1094 3536 1179; x_wconf 71' lang='lat' dir='ltr'><strong>walrici,</strong></span> <span class='ocrx_word' id='word_1_178' title='bbox 3581 1096 3741 1171; x_wconf 67' lang='lat' dir='ltr'><strong>Alii-ide</strong></span> 
     </span>
    </p>
   </div>
   <div class='ocr_carea' id='block_1_28' title="bbox 2209 1180 3737 1261">
    <p class='ocr_par' dir='ltr' id='par_1_28' title="bbox 2209 1180 3737 1261">
     <span class='ocr_line' id='line_1_28' title="bbox 2209 1180 3737 1261; baseline -0.002 -13"><span class='ocrx_word' id='word_1_179' title='bbox 2209 1193 2406 1248; x_wconf 82' lang='lat' dir='ltr'><strong>abbate</strong></span> <span class='ocrx_word' id='word_1_180' title='bbox 2459 1191 2644 1247; x_wconf 77' lang='lat' dir='ltr'><strong>Sancti</strong></span> <span class='ocrx_word' id='word_1_181' title='bbox 2686 1191 2949 1259; x_wconf 83' lang='lat' dir='ltr'><strong>Wlmari;</strong></span> <span class='ocrx_word' id='word_1_182' title='bbox 2998 1180 3279 1249; x_wconf 78' lang='lat' dir='ltr'><strong>canonicis</strong></span> <span class='ocrx_word' id='word_1_183' title='bbox 3329 1205 3463 1247; x_wconf 70' lang='lat' dir='ltr'><strong>vero</strong></span> <span class='ocrx_word' id='word_1_184' title='bbox 3510 1188 3737 1261; x_wconf 58' lang='lat' dir='ltr'><strong>Remens:</strong></span> 
     </span>
    </p>
   </div>
   <div class='ocr_carea' id='block_1_29' title="bbox 2213 1274 3739 1354">
    <p class='ocr_par' dir='ltr' id='par_1_29' title="bbox 2213 1274 3739 1354">
     <span class='ocr_line' id='line_1_29' title="bbox 2213 1274 3739 1354; baseline 0.002 -18"><span class='ocrx_word' id='word_1_185' title='bbox 2213 1283 2469 1338; x_wconf 61' lang='lat' dir='ltr'><strong>Ecclesiae</strong></span> <span class='ocrx_word' id='word_1_186' title='bbox 2496 1281 2699 1351; x_wconf 88' lang='lat' dir='ltr'><strong>Olrico,</strong></span> <span class='ocrx_word' id='word_1_187' title='bbox 2720 1274 3047 1340; x_wconf 89' lang='lat' dir='ltr'><strong>Constantio</strong></span> <span class='ocrx_word' id='word_1_188' title='bbox 3068 1325 3086 1352; x_wconf 59' lang='grc' dir='ltr'>ι</span> <span class='ocrx_word' id='word_1_189' title='bbox 3121 1283 3386 1354; x_wconf 78' lang='lat' dir='ltr'><strong>Hugone;</strong></span> <span class='ocrx_word' id='word_1_190' title='bbox 3439 1281 3739 1339; x_wconf 76' lang='lat' dir='ltr'><strong>Tcrvanensis</strong></span> 
     </span>
    </p>
   </div>
   <div class='ocr_carea' id='block_1_30' title="bbox 2212 1370 3738 1441">
    <p class='ocr_par' dir='ltr' id='par_1_30' title="bbox 2212 1370 3738 1441">
     <span class='ocr_line' id='line_1_30' title="bbox 2212 1370 3738 1441; baseline 0.001 -15"><span class='ocrx_word' id='word_1_191' title='bbox 2212 1370 2467 1429; x_wconf 70' lang='lat' dir='ltr'><strong>Ecclesia:</strong></span> <span class='ocrx_word' id='word_1_192' title='bbox 2494 1373 2706 1429; x_wconf 88' lang='lat' dir='ltr'><strong>clericis</strong></span> <span class='ocrx_word' id='word_1_193' title='bbox 2736 1372 2946 1429; x_wconf 81' lang='lat' dir='ltr'><strong>Joanne</strong></span> <span class='ocrx_word' id='word_1_194' title='bbox 2993 1372 3411 1441; x_wconf 82' lang='lat' dir='ltr'><strong>archidiacono,</strong></span> <span class='ocrx_word' id='word_1_195' title='bbox 3439 1371 3738 1439; x_wconf 75' lang='lat' dir='ltr'><strong>Theoderico,</strong></span> 
     </span>
    </p>
   </div>
   <div class='ocr_carea' id='block_1_31' title="bbox 2211 1460 3737 1536">
    <p class='ocr_par' dir='ltr' id='par_1_31' title="bbox 2211 1460 3737 1536">
     <span class='ocr_line' id='line_1_31' title="bbox 2211 1460 3737 1536; baseline -0.002 -16"><span class='ocrx_word' id='word_1_196' title='bbox 2211 1463 2488 1529; x_wconf 85' lang='lat' dir='ltr'><strong>Gozelino,</strong></span> <span class='ocrx_word' id='word_1_197' title='bbox 2518 1462 2800 1528; x_wconf 86' lang='lat' dir='ltr'><strong>Balduino,</strong></span> <span class='ocrx_word' id='word_1_198' title='bbox 2819 1472 2873 1520; x_wconf 89' lang='lat' dir='ltr'><strong>et</strong></span> <span class='ocrx_word' id='word_1_199' title='bbox 2902 1462 3023 1533; x_wconf 79' lang='lat' dir='ltr'><strong>aliis</strong></span> <span class='ocrx_word' id='word_1_200' title='bbox 3044 1464 3494 1536; x_wconf 89' lang='lat' dir='ltr'><strong>quampluribus;</strong></span> <span class='ocrx_word' id='word_1_201' title='bbox 3524 1460 3580 1518; x_wconf 88' lang='lat' dir='ltr'><strong>S.</strong></span> <span class='ocrx_word' id='word_1_202' title='bbox 3602 1462 3737 1517; x_wconf 78' lang='lat' dir='ltr'><strong>Audo-</strong></span> 
     </span>
    </p>
   </div>
   <div class='ocr_carea' id='block_1_32' title="bbox 2215 1552 3738 1625">
    <p class='ocr_par' dir='ltr' id='par_1_32' title="bbox 2215 1552 3738 1625">
     <span class='ocr_line' id='line_1_32' title="bbox 2215 1552 3738 1625; baseline -0.001 -16"><span class='ocrx_word' id='word_1_203' title='bbox 2215 1555 2349 1609; x_wconf 86' lang='lat' dir='ltr'><strong>mari</strong></span> <span class='ocrx_word' id='word_1_204' title='bbox 2379 1554 2646 1625; x_wconf 75' lang='lat' dir='ltr'><strong>Regardo,</strong></span> <span class='ocrx_word' id='word_1_205' title='bbox 2662 1554 2949 1621; x_wconf 84' lang='lat' dir='ltr'><strong>Norbcrto,</strong></span> <span class='ocrx_word' id='word_1_206' title='bbox 2976 1553 3239 1620; x_wconf 82' lang='lat' dir='ltr'><strong>Anberto,</strong></span> <span class='ocrx_word' id='word_1_207' title='bbox 3255 1552 3519 1619; x_wconf 86' lang='lat' dir='ltr'><strong>Odberto,</strong></span> <span class='ocrx_word' id='word_1_208' title='bbox 3531 1552 3738 1625; x_wconf 66' lang='lat' dir='ltr'><strong>Sinrgero,</strong></span> 
     </span>
    </p>
   </div>
   <div class='ocr_carea' id='block_1_33' title="bbox 538 1643 3738 1716">
    <p class='ocr_par' dir='ltr' id='par_1_33' title="bbox 538 1643 3738 1716">
     <span class='ocr_line' id='line_1_33' title="bbox 538 1643 3738 1716; baseline -0.001 -18"><span class='ocrx_word' id='word_1_209' title='bbox 538 1645 868 1701; x_wconf 24' lang='lat' dir='ltr'><strong>ditumrillnd</strong></span> <span class='ocrx_word' id='word_1_210' title='bbox 907 1645 1189 1714; x_wconf 88' lang='lat' dir='ltr'><strong>scriptum,</strong></span> <span class='ocrx_word' id='word_1_211' title='bbox 1222 1646 1286 1699; x_wconf 89' lang='lat' dir='ltr'><strong>de</strong></span> <span class='ocrx_word' id='word_1_212' title='bbox 1313 1661 1421 1716; x_wconf 93' lang='lat' dir='ltr'><strong>quo</strong></span> <span class='ocrx_word' id='word_1_213' title='bbox 1447 1659 1608 1714; x_wconf 85' lang='lat' dir='ltr'><strong>supra</strong></span> <span class='ocrx_word' id='word_1_214' title='bbox 1636 1645 1861 1701; x_wconf 83' lang='lat' dir='ltr'><strong>fecimus</strong></span> <span class='ocrx_word' id='word_1_215' title='bbox 1887 1647 2112 1701; x_wconf 89' lang='lat' dir='ltr'><strong>meutio-</strong></span> <span class='ocrx_word' id='word_1_216' title='bbox 2145 1645 2189 1705; x_wconf 82' lang='grc' dir='ltr'><strong><em>Β</em></strong></span> <span class='ocrx_word' id='word_1_217' title='bbox 2218 1643 2533 1700; x_wconf 80' lang='lat' dir='ltr'><strong>Rcmboldo.</strong></span> <span class='ocrx_word' id='word_1_218' title='bbox 2565 1643 2663 1701; x_wconf 83' lang='lat' dir='ltr'><strong>His</strong></span> <span class='ocrx_word' id='word_1_219' title='bbox 2692 1645 2944 1700; x_wconf 89' lang='lat' dir='ltr'><strong>omnibus</strong></span> <span class='ocrx_word' id='word_1_220' title='bbox 2977 1659 3097 1700; x_wconf 86' lang='lat' dir='ltr'><strong>eum</strong></span> <span class='ocrx_word' id='word_1_221' title='bbox 3131 1645 3425 1701; x_wconf 85' lang='lat' dir='ltr'><strong>innumera</strong></span> <span class='ocrx_word' id='word_1_222' title='bbox 3461 1643 3738 1707; x_wconf 77' lang='lat' dir='ltr'><strong>multitudine</strong></span> 
     </span>
    </p>
   </div>
   <div class='ocr_carea' id='block_1_34' title="bbox 541 1734 1403 1805">
    <p class='ocr_par' dir='ltr' id='par_1_34' title="bbox 541 1734 1403 1805">
     <span class='ocr_line' id='line_1_34' title="bbox 541 1734 1403 1805; baseline 0.002 -17"><span class='ocrx_word' id='word_1_223' title='bbox 541 1750 686 1801; x_wconf 89' lang='lat' dir='ltr'><strong>nem,</strong></span> <span class='ocrx_word' id='word_1_224' title='bbox 719 1734 873 1805; x_wconf 84' lang='lat' dir='ltr'><strong>cujus</strong></span> <span class='ocrx_word' id='word_1_225' title='bbox 903 1743 1057 1789; x_wconf 89' lang='lat' dir='ltr'><strong>tenor</strong></span> <span class='ocrx_word' id='word_1_226' title='bbox 1088 1735 1213 1791; x_wconf 85' lang='lat' dir='ltr'><strong>talis</strong></span> <span class='ocrx_word' id='word_1_227' title='bbox 1240 1746 1359 1792; x_wconf 86' lang='lat' dir='ltr'><strong>erat</strong></span> <span class='ocrx_word' id='word_1_228' title='bbox 1390 1754 1403 1790; x_wconf 93' lang='lat'><strong>:</strong></span> 
     </span>
    </p>
   </div>
   <div class='ocr_carea' id='block_1_35' title="bbox 611 1826 2122 1900">
    <p class='ocr_par' dir='ltr' id='par_1_35' title="bbox 611 1826 2122 1900">
     <span class='ocr_line' id='line_1_35' title="bbox 611 1826 2122 1900; baseline 0.003 -21"><span class='ocrx_word' id='word_1_229' title='bbox 611 1826 845 1900; x_wconf 80' lang='grc' dir='ltr'>[ιΑιιιιο</span> <span class='ocrx_word' id='word_1_230' title='bbox 886 1826 1177 1884; x_wconf 73' lang='lat' dir='ltr'><strong>Dominica:</strong></span> <span class='ocrx_word' id='word_1_231' title='bbox 1218 1828 1612 1885; x_wconf 85' lang='lat' dir='ltr'><strong>lncarnatiouis</strong></span> <span class='ocrx_word' id='word_1_232' title='bbox 1650 1830 1933 1888; x_wconf 87' lang='lat' dir='ltr'><strong>millesimo</strong></span> <span class='ocrx_word' id='word_1_233' title='bbox 1962 1830 2122 1900; x_wconf 52' lang='lat' dir='ltr'><strong>quina</strong></span> 
     </span>
    </p>
   </div>
   <div class='ocr_carea' id='block_1_36' title="bbox 545 1923 2121 1994">
    <p class='ocr_par' dir='ltr' id='par_1_36' title="bbox 545 1923 2121 1994">
     <span class='ocr_line' id='line_1_36' title="bbox 545 1923 2121 1994; baseline 0.001 -18"><span class='ocrx_word' id='word_1_234' title='bbox 545 1923 860 1992; x_wconf 80' lang='lat' dir='ltr'><strong>quagesimo</strong></span> <span class='ocrx_word' id='word_1_235' title='bbox 915 1923 1181 1989; x_wconf 89' lang='lat' dir='ltr'><strong>secundo,</strong></span> <span class='ocrx_word' id='word_1_236' title='bbox 1240 1923 1537 1979; x_wconf 86' lang='lat' dir='ltr'><strong>indictione</strong></span> <span class='ocrx_word' id='word_1_237' title='bbox 1583 1924 1806 1994; x_wconf 89' lang='lat' dir='ltr'><strong>quinta,</strong></span> <span class='ocrx_word' id='word_1_238' title='bbox 1861 1934 2121 1994; x_wconf 76' lang='lat' dir='ltr'><strong>regnante</strong></span> 
     </span>
    </p>
   </div>
   <div class='ocr_carea' id='block_1_37' title="bbox 547 2013 2122 2087">
    <p class='ocr_par' dir='ltr' id='par_1_37' title="bbox 547 2013 2122 2087">
     <span class='ocr_line' id='line_1_37' title="bbox 547 2013 2122 2087; baseline 0.002 -19"><span class='ocrx_word' id='word_1_239' title='bbox 547 2013 880 2069; x_wconf 87' lang='lat' dir='ltr'><strong>Francorum</strong></span> <span class='ocrx_word' id='word_1_240' title='bbox 930 2028 1053 2085; x_wconf 82' lang='lat' dir='ltr'><strong>rege</strong></span> <span class='ocrx_word' id='word_1_241' title='bbox 1099 2014 1332 2069; x_wconf 82' lang='lat' dir='ltr'><strong>Henrico</strong></span> <span class='ocrx_word' id='word_1_242' title='bbox 1361 2030 1503 2070; x_wconf 87' lang='lat' dir='ltr'><strong>anno</strong></span> <span class='ocrx_word' id='word_1_243' title='bbox 1530 2015 1794 2087; x_wconf 78' lang='lat' dir='ltr'><strong>vigesimo</strong></span> <span class='ocrx_word' id='word_1_244' title='bbox 1822 2025 2035 2086; x_wconf 84' lang='lat' dir='ltr'><strong>quarto,</strong></span> <span class='ocrx_word' id='word_1_245' title='bbox 2067 2025 2122 2071; x_wconf 88' lang='lat' dir='ltr'><strong>et</strong></span> 
     </span>
    </p>
   </div>
   <div class='ocr_carea' id='block_1_38' title="bbox 544 2102 2125 2175">
    <p class='ocr_par' dir='ltr' id='par_1_38' title="bbox 544 2102 2125 2175">
     <span class='ocr_line' id='line_1_38' title="bbox 544 2102 2125 2175; baseline 0.001 -15"><span class='ocrx_word' id='word_1_246' title='bbox 544 2102 880 2160; x_wconf 83' lang='lat' dir='ltr'><strong>oetodecimo</strong></span> <span class='ocrx_word' id='word_1_247' title='bbox 934 2119 1079 2159; x_wconf 80' lang='lat' dir='ltr'><strong>alllIO</strong></span> <span class='ocrx_word' id='word_1_248' title='bbox 1132 2104 1453 2174; x_wconf 67' lang='lat' dir='ltr'><strong>praesulatus</strong></span> <span class='ocrx_word' id='word_1_249' title='bbox 1508 2105 1690 2161; x_wconf 90' lang='lat' dir='ltr'><strong>domui</strong></span> <span class='ocrx_word' id='word_1_250' title='bbox 1737 2104 1983 2175; x_wconf 85' lang='lat' dir='ltr'><strong>Widonis</strong></span> <span class='ocrx_word' id='word_1_251' title='bbox 2018 2105 2125 2162; x_wconf 86' lang='lat' dir='ltr'><strong>lle-</strong></span> 
     </span>
    </p>
   </div>
   <div class='ocr_carea' id='block_1_39' title="bbox 550 2192 2126 2266">
    <p class='ocr_par' dir='ltr' id='par_1_39' title="bbox 550 2192 2126 2266">
     <span class='ocr_line' id='line_1_39' title="bbox 550 2192 2126 2266; baseline 0.003 -18"><span class='ocrx_word' id='word_1_252' title='bbox 550 2192 755 2249; x_wconf 87' lang='lat' dir='ltr'><strong>mensis</strong></span> <span class='ocrx_word' id='word_1_253' title='bbox 784 2192 1035 2249; x_wconf 77' lang='lat' dir='ltr'><strong>Ecclesiae</strong></span> <span class='ocrx_word' id='word_1_254' title='bbox 1062 2195 1479 2265; x_wconf 80' lang='lat' dir='ltr'><strong>archiepiscopi,</strong></span> <span class='ocrx_word' id='word_1_255' title='bbox 1505 2211 1650 2251; x_wconf 89' lang='lat' dir='ltr'><strong>anno</strong></span> <span class='ocrx_word' id='word_1_256' title='bbox 1693 2196 1954 2266; x_wconf 76' lang='lat' dir='ltr'><strong>vigesimo</strong></span> <span class='ocrx_word' id='word_1_257' title='bbox 1981 2212 2126 2253; x_wconf 91' lang='lat' dir='ltr'><strong>nono</strong></span> 
     </span>
    </p>
   </div>
   <div class='ocr_carea' id='block_1_40' title="bbox 550 2276 2127 2361">
    <p class='ocr_par' dir='ltr' id='par_1_40' title="bbox 550 2276 2127 2361">
     <span class='ocr_line' id='line_1_40' title="bbox 550 2276 2127 2361; baseline 0.002 -21"><span class='ocrx_word' id='word_1_258' title='bbox 550 2276 815 2358; x_wconf 84' lang='lat' dir='ltr'><strong>Drogonis</strong></span> <span class='ocrx_word' id='word_1_259' title='bbox 865 2285 1225 2344; x_wconf 67' lang='lat' dir='ltr'><strong>Terranensis</strong></span> <span class='ocrx_word' id='word_1_260' title='bbox 1253 2288 1506 2357; x_wconf 65' lang='lat' dir='ltr'><strong>Ecclesiae</strong></span> <span class='ocrx_word' id='word_1_261' title='bbox 1550 2289 1813 2360; x_wconf 88' lang='lat' dir='ltr'><strong>episcopi,</strong></span> <span class='ocrx_word' id='word_1_262' title='bbox 1856 2290 2127 2361; x_wconf 83' lang='lat' dir='ltr'><strong>principa-</strong></span> 
     </span>
    </p>
   </div>
   <div class='ocr_carea' id='block_1_41' title="bbox 549 2378 2125 2453">
    <p class='ocr_par' dir='ltr' id='par_1_41' title="bbox 549 2378 2125 2453">
     <span class='ocr_line' id='line_1_41' title="bbox 549 2378 2125 2453; baseline 0.004 -23"><span class='ocrx_word' id='word_1_263' title='bbox 549 2388 660 2433; x_wconf 89' lang='lat' dir='ltr'><strong>tum</strong></span> <span class='ocrx_word' id='word_1_264' title='bbox 711 2378 979 2434; x_wconf 73' lang='lat' dir='ltr'><strong>Flandrite</strong></span> <span class='ocrx_word' id='word_1_265' title='bbox 1030 2379 1266 2452; x_wconf 76' lang='lat' dir='ltr'><strong>regionis</strong></span> <span class='ocrx_word' id='word_1_266' title='bbox 1305 2389 1523 2438; x_wconf 86' lang='lat' dir='ltr'><strong>tenente</strong></span> <span class='ocrx_word' id='word_1_267' title='bbox 1564 2383 1769 2453; x_wconf 84' lang='lat' dir='ltr'><strong>inclyto</strong></span> <span class='ocrx_word' id='word_1_268' title='bbox 1811 2383 2125 2438; x_wconf 90' lang='lat' dir='ltr'><strong>marchione</strong></span> 
     </span>
    </p>
   </div>
   <div class='ocr_carea' id='block_1_42' title="bbox 550 2468 2129 2545">
    <p class='ocr_par' dir='ltr' id='par_1_42' title="bbox 550 2468 2129 2545">
     <span class='ocr_line' id='line_1_42' title="bbox 550 2468 2129 2545; baseline 0.006 -24"><span class='ocrx_word' id='word_1_269' title='bbox 550 2468 811 2525; x_wconf 80' lang='lat' dir='ltr'><strong>Balduino</strong></span> <span class='ocrx_word' id='word_1_270' title='bbox 853 2469 1127 2538; x_wconf 88' lang='lat' dir='ltr'><strong>(lnsulano</strong></span> <span class='ocrx_word' id='word_1_271' title='bbox 1156 2471 1295 2544; x_wconf 82' lang='lat' dir='ltr'><strong>scil.)</strong></span> <span class='ocrx_word' id='word_1_272' title='bbox 1322 2488 1465 2529; x_wconf 84' lang='lat' dir='ltr'><strong>anno</strong></span> <span class='ocrx_word' id='word_1_273' title='bbox 1509 2474 1934 2545; x_wconf 77' lang='lat' dir='ltr'><strong>septuagesimo,</strong></span> <span class='ocrx_word' id='word_1_274' title='bbox 1985 2488 2129 2531; x_wconf 89' lang='lat' dir='ltr'><strong>anno</strong></span> 
     </span>
    </p>
   </div>
   <div class='ocr_carea' id='block_1_43' title="bbox 548 2563 2125 2635">
    <p class='ocr_par' dir='ltr' id='par_1_43' title="bbox 548 2563 2125 2635">
     <span class='ocr_line' id='line_1_43' title="bbox 548 2563 2125 2635; baseline 0.003 -20"><span class='ocrx_word' id='word_1_275' title='bbox 548 2563 829 2633; x_wconf 80' lang='lat' dir='ltr'><strong>regiminis</strong></span> <span class='ocrx_word' id='word_1_276' title='bbox 885 2563 1066 2619; x_wconf 83' lang='lat' dir='ltr'><strong>domui</strong></span> <span class='ocrx_word' id='word_1_277' title='bbox 1121 2564 1334 2619; x_wconf 89' lang='lat' dir='ltr'><strong>abbatis</strong></span> <span class='ocrx_word' id='word_1_278' title='bbox 1386 2563 1622 2621; x_wconf 77' lang='lat' dir='ltr'><strong>Bovonis</strong></span> <span class='ocrx_word' id='word_1_279' title='bbox 1652 2565 1843 2635; x_wconf 89' lang='lat' dir='ltr'><strong>quinto</strong></span> <span class='ocrx_word' id='word_1_280' title='bbox 1872 2565 2125 2629; x_wconf 88' lang='lat' dir='ltr'><strong>decimo,</strong></span> 
     </span>
    </p>
   </div>
   <div class='ocr_carea' id='block_1_44' title="bbox 509 2654 2128 2729">
    <p class='ocr_par' dir='ltr' id='par_1_44' title="bbox 509 2654 2128 2729">
     <span class='ocr_line' id='line_1_44' title="bbox 509 2654 2128 2729; baseline 0.004 -23"><span class='ocrx_word' id='word_1_281' title='bbox 509 2663 513 2666; x_wconf 74' lang='lat'><strong>‘</strong></span> <span class='ocrx_word' id='word_1_282' title='bbox 551 2661 746 2722; x_wconf 72' lang='lat' dir='ltr'><strong>corpus</strong></span> <span class='ocrx_word' id='word_1_283' title='bbox 774 2654 1075 2711; x_wconf 82' lang='lat' dir='ltr'><strong>beatissimi</strong></span> <span class='ocrx_word' id='word_1_284' title='bbox 1104 2654 1279 2712; x_wconf 88' lang='lat' dir='ltr'><strong>Patris</strong></span> <span class='ocrx_word' id='word_1_285' title='bbox 1307 2655 1509 2714; x_wconf 84' lang='lat' dir='ltr'><strong>Bcrtiui</strong></span> <span class='ocrx_word' id='word_1_286' title='bbox 1532 2699 1546 2723; x_wconf 92' lang='lat'><strong>,</strong></span> <span class='ocrx_word' id='word_1_287' title='bbox 1576 2659 1720 2729; x_wconf 89' lang='lat' dir='ltr'><strong>quod</strong></span> <span class='ocrx_word' id='word_1_288' title='bbox 1750 2658 1968 2713; x_wconf 86' lang='lat' dir='ltr'><strong>biennio</strong></span> <span class='ocrx_word' id='word_1_289' title='bbox 2003 2672 2128 2714; x_wconf 86' lang='lat' dir='ltr'><strong>ncc-</strong></span> 
     </span>
    </p>
   </div>
   <div class='ocr_carea' id='block_1_45' title="bbox 472 2744 2132 2814">
    <p class='ocr_par' dir='ltr' id='par_1_45' title="bbox 472 2744 2132 2814">
     <span class='ocr_line' id='line_1_45' title="bbox 472 2744 2132 2814; baseline 0.003 -18"><span class='ocrx_word' id='word_1_290' title='bbox 472 2782 473 2785; x_wconf 58' lang='grc' dir='ltr'><strong>η</strong></span> <span class='ocrx_word' id='word_1_291' title='bbox 550 2745 675 2798; x_wconf 88' lang='lat' dir='ltr'><strong>dum</strong></span> <span class='ocrx_word' id='word_1_292' title='bbox 710 2744 923 2814; x_wconf 83' lang='lat' dir='ltr'><strong>expleto</strong></span> <span class='ocrx_word' id='word_1_293' title='bbox 954 2745 1053 2801; x_wconf 89' lang='lat' dir='ltr'><strong>sub</strong></span> <span class='ocrx_word' id='word_1_294' title='bbox 1080 2746 1367 2814; x_wconf 85' lang='lat' dir='ltr'><strong>capitaneo</strong></span> <span class='ocrx_word' id='word_1_295' title='bbox 1407 2748 1466 2804; x_wconf 91' lang='lat' dir='ltr'><strong>S.</strong></span> <span class='ocrx_word' id='word_1_296' title='bbox 1513 2748 1728 2803; x_wconf 76' lang='lat' dir='ltr'><strong>Martini</strong></span> <span class='ocrx_word' id='word_1_297' title='bbox 1762 2749 1921 2803; x_wconf 87' lang='lat' dir='ltr'><strong>altari</strong></span> <span class='ocrx_word' id='word_1_298' title='bbox 1952 2746 2132 2803; x_wconf 83' lang='lat' dir='ltr'><strong>fuerat</strong></span> 
     </span>
    </p>
   </div>
   <div class='ocr_carea' id='block_1_46' title="bbox 551 2826 2127 2906">
    <p class='ocr_par' dir='ltr' id='par_1_46' title="bbox 551 2826 2127 2906">
     <span class='ocr_line' id='line_1_46' title="bbox 551 2826 2127 2906; baseline 0.004 -17"><span class='ocrx_word' id='word_1_299' title='bbox 551 2826 846 2906; x_wconf 85' lang='lat' dir='ltr'><strong>repertum,</strong></span> <span class='ocrx_word' id='word_1_300' title='bbox 890 2836 1122 2892; x_wconf 76' lang='lat' dir='ltr'><strong>levatum</strong></span> <span class='ocrx_word' id='word_1_301' title='bbox 1152 2847 1232 2894; x_wconf 89' lang='lat' dir='ltr'><strong>est</strong></span> <span class='ocrx_word' id='word_1_302' title='bbox 1278 2849 1432 2896; x_wconf 74' lang='lat' dir='ltr'><strong>sexto</strong></span> <span class='ocrx_word' id='word_1_303' title='bbox 1462 2839 1641 2895; x_wconf 84' lang='lat' dir='ltr'><strong>Nonas</strong></span> <span class='ocrx_word' id='word_1_304' title='bbox 1686 2840 1807 2896; x_wconf 81' lang='lat' dir='ltr'><strong>Maii</strong></span> <span class='ocrx_word' id='word_1_305' title='bbox 1837 2842 1906 2896; x_wconf 89' lang='lat' dir='ltr'><strong>ab</strong></span> <span class='ocrx_word' id='word_1_306' title='bbox 1937 2840 2127 2896; x_wconf 87' lang='lat' dir='ltr'><strong>iisdem</strong></span> 
     </span>
    </p>
   </div>
   <div class='ocr_carea' id='block_1_47' title="bbox 551 2928 2127 3001">
    <p class='ocr_par' dir='ltr' id='par_1_47' title="bbox 551 2928 2127 3001">
     <span class='ocr_line' id='line_1_47' title="bbox 551 2928 2127 3001; baseline 0.004 -20"><span class='ocrx_word' id='word_1_307' title='bbox 551 2928 785 2985; x_wconf 76' lang='lat' dir='ltr'><strong>duininis</strong></span> <span class='ocrx_word' id='word_1_308' title='bbox 833 2929 1101 3001; x_wconf 89' lang='lat' dir='ltr'><strong>episcopis</strong></span> <span class='ocrx_word' id='word_1_309' title='bbox 1137 2932 1202 2985; x_wconf 76' lang='lat' dir='ltr'><strong>de</strong></span> <span class='ocrx_word' id='word_1_310' title='bbox 1241 2932 1493 3001; x_wconf 87' lang='lat' dir='ltr'><strong>plumbeo</strong></span> <span class='ocrx_word' id='word_1_311' title='bbox 1535 2933 1735 2987; x_wconf 90' lang='lat' dir='ltr'><strong>scrinio</strong></span> <span class='ocrx_word' id='word_1_312' title='bbox 1781 2933 1849 2988; x_wconf 87' lang='lat' dir='ltr'><strong>ab</strong></span> <span class='ocrx_word' id='word_1_313' title='bbox 1894 2947 1960 2988; x_wconf 86' lang='lat' dir='ltr'><strong>eo</strong></span> <span class='ocrx_word' id='word_1_314' title='bbox 1985 2931 2127 2998; x_wconf 84' lang='lat' dir='ltr'><strong>loco,</strong></span> 
     </span>
    </p>
   </div>
   <div class='ocr_carea' id='block_1_48' title="bbox 2215 1732 3737 1806">
    <p class='ocr_par' dir='ltr' id='par_1_48' title="bbox 2215 1732 3737 1806">
     <span class='ocr_line' id='line_1_48' title="bbox 2215 1732 3737 1806; baseline -0.003 -16"><span class='ocrx_word' id='word_1_315' title='bbox 2215 1743 2299 1790; x_wconf 89' lang='lat' dir='ltr'><strong>est</strong></span> <span class='ocrx_word' id='word_1_316' title='bbox 2344 1734 2552 1790; x_wconf 83' lang='lat' dir='ltr'><strong>levatus</strong></span> <span class='ocrx_word' id='word_1_317' title='bbox 2578 1743 2633 1789; x_wconf 92' lang='lat' dir='ltr'><strong>et</strong></span> <span class='ocrx_word' id='word_1_318' title='bbox 2680 1735 2733 1790; x_wconf 91' lang='lat' dir='ltr'><strong>in</strong></span> <span class='ocrx_word' id='word_1_319' title='bbox 2764 1736 2867 1791; x_wconf 92' lang='lat' dir='ltr'><strong>hoc</strong></span> <span class='ocrx_word' id='word_1_320' title='bbox 2911 1733 3115 1791; x_wconf 85' lang='lat' dir='ltr'><strong>scrinio</strong></span> <span class='ocrx_word' id='word_1_321' title='bbox 3159 1736 3438 1806; x_wconf 83' lang='lat' dir='ltr'><strong>repositus</strong></span> <span class='ocrx_word' id='word_1_322' title='bbox 3480 1747 3568 1805; x_wconf 79' lang='lat' dir='ltr'><strong>per</strong></span> <span class='ocrx_word' id='word_1_323' title='bbox 3606 1732 3737 1788; x_wconf 81' lang='lat' dir='ltr'><strong>omnia</strong></span> 
     </span>
    </p>
   </div>
   <div class='ocr_carea' id='block_1_49' title="bbox 2217 1806 3313 1901">
    <p class='ocr_par' dir='ltr' id='par_1_49' title="bbox 2217 1806 3313 1901">
     <span class='ocr_line' id='line_1_49' title="bbox 2217 1806 3313 1901; baseline 0.002 -16"><span class='ocrx_word' id='word_1_324' title='bbox 2217 1829 2552 1886; x_wconf 85' lang='lat' dir='ltr'><strong>benedictus.</strong></span> <span class='ocrx_word' id='word_1_325' title='bbox 2583 1827 2818 1901; x_wconf 72' lang='lat' dir='ltr'><strong>Amemj</strong></span> <span class='ocrx_word' id='word_1_326' title='bbox 2866 1832 2867 1835; x_wconf 66' lang='grc'><em>“</em></span> <span class='ocrx_word' id='word_1_327' title='bbox 3128 1806 3137 1823; x_wconf 35' lang='grc'>⁸</span> <span class='ocrx_word' id='word_1_328' title='bbox 3206 1824 3213 1831; x_wconf 69' lang='grc'>’</span> <span class='ocrx_word' id='word_1_329' title='bbox 3310 1882 3313 1887; x_wconf 72' lang='lat'><strong>,</strong></span> 
     </span>
    </p>
   </div>
   <div class='ocr_carea' id='block_1_50' title="bbox 2300 1916 3737 1992">
    <p class='ocr_par' dir='ltr' id='par_1_50' title="bbox 2300 1916 3737 1992">
     <span class='ocr_line' id='line_1_50' title="bbox 2300 1916 3737 1992; baseline -0.001 -17"><span class='ocrx_word' id='word_1_330' title='bbox 2300 1940 2319 1975; x_wconf 74' lang='grc' dir='ltr'><strong><em>ο</em></strong></span> <span class='ocrx_word' id='word_1_331' title='bbox 2368 1922 2487 1991; x_wconf 86' lang='lat' dir='ltr'><strong>Quo</strong></span> <span class='ocrx_word' id='word_1_332' title='bbox 2547 1921 2711 1979; x_wconf 89' lang='lat' dir='ltr'><strong>etiam</strong></span> <span class='ocrx_word' id='word_1_333' title='bbox 2782 1922 2869 1978; x_wconf 88' lang='lat' dir='ltr'><strong>die</strong></span> <span class='ocrx_word' id='word_1_334' title='bbox 2934 1921 3195 1979; x_wconf 83' lang='lat' dir='ltr'><strong>Dominus</strong></span> <span class='ocrx_word' id='word_1_335' title='bbox 3258 1935 3362 1992; x_wconf 76' lang='lat' dir='ltr'><strong>per</strong></span> <span class='ocrx_word' id='word_1_336' title='bbox 3432 1919 3545 1992; x_wconf 84' lang='lat' dir='ltr'><strong>ejus</strong></span> <span class='ocrx_word' id='word_1_337' title='bbox 3598 1916 3737 1975; x_wconf 70' lang='lat' dir='ltr'><strong>merita</strong></span> 
     </span>
    </p>
   </div>
   <div class='ocr_carea' id='block_1_51' title="bbox 2223 2006 3739 2085">
    <p class='ocr_par' dir='ltr' id='par_1_51' title="bbox 2223 2006 3739 2085">
     <span class='ocr_line' id='line_1_51' title="bbox 2223 2006 3739 2085; baseline -0.005 -16"><span class='ocrx_word' id='word_1_338' title='bbox 2223 2013 2323 2069; x_wconf 90' lang='lat' dir='ltr'><strong>tria</strong></span> <span class='ocrx_word' id='word_1_339' title='bbox 2391 2011 2653 2069; x_wconf 81' lang='lat' dir='ltr'><strong>miracula</strong></span> <span class='ocrx_word' id='word_1_340' title='bbox 2720 2006 2996 2083; x_wconf 77' lang='lat' dir='ltr'><strong>operatus</strong></span> <span class='ocrx_word' id='word_1_341' title='bbox 3026 2020 3130 2069; x_wconf 86' lang='lat' dir='ltr'><strong>est.</strong></span> <span class='ocrx_word' id='word_1_342' title='bbox 3200 2011 3375 2085; x_wconf 76' lang='lat' dir='ltr'><strong>Igitur</strong></span> <span class='ocrx_word' id='word_1_343' title='bbox 3446 2020 3739 2066; x_wconf 81' lang='lat' dir='ltr'><strong>memoratum</strong></span> 
     </span>
    </p>
   </div>
   <div class='ocr_carea' id='block_1_52' title="bbox 2221 2090 3738 2177">
    <p class='ocr_par' dir='ltr' id='par_1_52' title="bbox 2221 2090 3738 2177">
     <span class='ocr_line' id='line_1_52' title="bbox 2221 2090 3738 2177; baseline -0.004 -17"><span class='ocrx_word' id='word_1_344' title='bbox 2221 2120 2420 2175; x_wconf 90' lang='lat' dir='ltr'><strong>corpus</strong></span> <span class='ocrx_word' id='word_1_345' title='bbox 2468 2118 2499 2161; x_wconf 83' lang='lat' dir='ltr'><strong>a</strong></span> <span class='ocrx_word' id='word_1_346' title='bbox 2569 2105 2828 2177; x_wconf 83' lang='lat' dir='ltr'><strong>praedicto</strong></span> <span class='ocrx_word' id='word_1_347' title='bbox 2880 2102 3086 2161; x_wconf 86' lang='lat' dir='ltr'><strong>scrinio</strong></span> <span class='ocrx_word' id='word_1_348' title='bbox 3153 2104 3209 2160; x_wconf 91' lang='lat' dir='ltr'><strong>in</strong></span> <span class='ocrx_word' id='word_1_349' title='bbox 3264 2090 3413 2165; x_wconf 80' lang='lat' dir='ltr'><strong>aliud</strong></span> <span class='ocrx_word' id='word_1_350' title='bbox 3468 2117 3638 2159; x_wconf 83' lang='lat' dir='ltr'><strong>norum</strong></span> <span class='ocrx_word' id='word_1_351' title='bbox 3673 2100 3738 2154; x_wconf 64' lang='lat' dir='ltr'><strong>de</strong></span> 
     </span>
    </p>
   </div>
   <div class='ocr_carea' id='block_1_53' title="bbox 2223 2193 3739 2267">
    <p class='ocr_par' dir='ltr' id='par_1_53' title="bbox 2223 2193 3739 2267">
     <span class='ocr_line' id='line_1_53' title="bbox 2223 2193 3739 2267; baseline -0.005 -14"><span class='ocrx_word' id='word_1_352' title='bbox 2223 2206 2412 2253; x_wconf 87' lang='lat' dir='ltr'><strong>center</strong></span> <span class='ocrx_word' id='word_1_353' title='bbox 2438 2196 2823 2267; x_wconf 76' lang='lat' dir='ltr'><strong>transpositam</strong></span> <span class='ocrx_word' id='word_1_354' title='bbox 2856 2194 3179 2251; x_wconf 80' lang='lat' dir='ltr'><strong>translatum</strong></span> <span class='ocrx_word' id='word_1_355' title='bbox 3201 2202 3289 2250; x_wconf 88' lang='lat' dir='ltr'><strong>est</strong></span> <span class='ocrx_word' id='word_1_356' title='bbox 3318 2209 3350 2249; x_wconf 84' lang='lat' dir='ltr'><strong>a</strong></span> <span class='ocrx_word' id='word_1_357' title='bbox 3379 2193 3605 2259; x_wconf 85' lang='lat' dir='ltr'><strong>nobis,et</strong></span> <span class='ocrx_word' id='word_1_358' title='bbox 3627 2206 3739 2260; x_wconf 58' lang='lat' dir='ltr'><strong>repit-</strong></span> 
     </span>
    </p>
   </div>
   <div class='ocr_carea' id='block_1_54' title="bbox 2225 2282 3735 2362">
    <p class='ocr_par' dir='ltr' id='par_1_54' title="bbox 2225 2282 3735 2362">
     <span class='ocr_line' id='line_1_54' title="bbox 2225 2282 3735 2362; baseline -0.005 -15"><span class='ocrx_word' id='word_1_359' title='bbox 2225 2292 2385 2347; x_wconf 92' lang='lat' dir='ltr'><strong>situm</strong></span> <span class='ocrx_word' id='word_1_360' title='bbox 2410 2291 2464 2345; x_wconf 92' lang='lat' dir='ltr'><strong>in</strong></span> <span class='ocrx_word' id='word_1_361' title='bbox 2491 2304 2706 2362; x_wconf 84' lang='lat' dir='ltr'><strong>capsam</strong></span> <span class='ocrx_word' id='word_1_362' title='bbox 2749 2304 2940 2355; x_wconf 80' lang='lat' dir='ltr'><strong>novam</strong></span> <span class='ocrx_word' id='word_1_363' title='bbox 2972 2288 3040 2344; x_wconf 90' lang='lat' dir='ltr'><strong>de</strong></span> <span class='ocrx_word' id='word_1_364' title='bbox 3071 2302 3205 2342; x_wconf 90' lang='lat' dir='ltr'><strong>auro</strong></span> <span class='ocrx_word' id='word_1_365' title='bbox 3231 2295 3290 2343; x_wconf 91' lang='lat' dir='ltr'><strong>et</strong></span> <span class='ocrx_word' id='word_1_366' title='bbox 3321 2297 3539 2361; x_wconf 78' lang='lat' dir='ltr'><strong>argento</strong></span> <span class='ocrx_word' id='word_1_367' title='bbox 3562 2295 3606 2340; x_wconf 81' lang='lat' dir='ltr'><strong>et</strong></span> <span class='ocrx_word' id='word_1_368' title='bbox 3638 2282 3735 2355; x_wconf 75' lang='lat' dir='ltr'><strong>lapi-</strong></span> 
     </span>
    </p>
   </div>
   <div class='ocr_carea' id='block_1_55' title="bbox 2225 2374 3735 2452">
    <p class='ocr_par' dir='ltr' id='par_1_55' title="bbox 2225 2374 3735 2452">
     <span class='ocr_line' id='line_1_55' title="bbox 2225 2374 3735 2452; baseline -0.009 -14"><span class='ocrx_word' id='word_1_369' title='bbox 2225 2381 2379 2438; x_wconf 81' lang='lat' dir='ltr'><strong>dibus</strong></span> <span class='ocrx_word' id='word_1_370' title='bbox 2404 2380 2658 2452; x_wconf 85' lang='lat' dir='ltr'><strong>pretiosis</strong></span> <span class='ocrx_word' id='word_1_371' title='bbox 2686 2378 2753 2433; x_wconf 87' lang='lat' dir='ltr'><strong>ad</strong></span> <span class='ocrx_word' id='word_1_372' title='bbox 2782 2378 2884 2434; x_wconf 89' lang='lat' dir='ltr'><strong>hoc</strong></span> <span class='ocrx_word' id='word_1_373' title='bbox 2930 2374 3228 2433; x_wconf 79' lang='lat' dir='ltr'><strong>honorifice</strong></span> <span class='ocrx_word' id='word_1_374' title='bbox 3277 2384 3630 2448; x_wconf 69' lang='lat' dir='ltr'><strong>prteparatarn,</strong></span> <span class='ocrx_word' id='word_1_375' title='bbox 3653 2386 3735 2426; x_wconf 77' lang='lat' dir='ltr'><strong>1m</strong></span> 
     </span>
    </p>
   </div>
   <div class='ocr_carea' id='block_1_56' title="bbox 2225 2466 3733 2549">
    <p class='ocr_par' dir='ltr' id='par_1_56' title="bbox 2225 2466 3733 2549">
     <span class='ocr_line' id='line_1_56' title="bbox 2225 2466 3733 2549; baseline -0.007 -21"><span class='ocrx_word' id='word_1_376' title='bbox 2225 2472 2496 2529; x_wconf 82' lang='lat' dir='ltr'><strong>Kalendas</strong></span> <span class='ocrx_word' id='word_1_377' title='bbox 2544 2471 2774 2543; x_wconf 80' lang='lat' dir='ltr'><strong>Augusti</strong></span> <span class='ocrx_word' id='word_1_378' title='bbox 2802 2512 2818 2537; x_wconf 93' lang='lat'><strong>,</strong></span> <span class='ocrx_word' id='word_1_379' title='bbox 2860 2477 3051 2540; x_wconf 86' lang='lat' dir='ltr'><strong>quarta</strong></span> <span class='ocrx_word' id='word_1_380' title='bbox 3084 2468 3198 2549; x_wconf 66' lang='lat' dir='ltr'><strong>(6i)</strong></span> <span class='ocrx_word' id='word_1_381' title='bbox 3245 2468 3459 2546; x_wconf 86' lang='lat' dir='ltr'><strong>scilicet</strong></span> <span class='ocrx_word' id='word_1_382' title='bbox 3498 2466 3611 2522; x_wconf 82' lang='lat' dir='ltr'><strong>feria</strong></span> <span class='ocrx_word' id='word_1_383' title='bbox 3646 2473 3733 2518; x_wconf 77' lang='lat' dir='ltr'><strong>ante</strong></span> 
     </span>
    </p>
   </div>
   <div class='ocr_carea' id='block_1_57' title="bbox 2227 2555 3732 2639">
    <p class='ocr_par' dir='ltr' id='par_1_57' title="bbox 2227 2555 3732 2639">
     <span class='ocr_line' id='line_1_57' title="bbox 2227 2555 3732 2639; baseline -0.009 -17"><span class='ocrx_word' id='word_1_384' title='bbox 2227 2565 2421 2622; x_wconf 64' lang='lat' dir='ltr'><strong>festum</strong></span> <span class='ocrx_word' id='word_1_385' title='bbox 2458 2565 2641 2639; x_wconf 32' lang='lat' dir='ltr'><strong>Mariae,</strong></span> <span class='ocrx_word' id='word_1_386' title='bbox 2669 2562 2998 2635; x_wconf 74' lang='lat' dir='ltr'><strong>Magdalenze</strong></span> <span class='ocrx_word' id='word_1_387' title='bbox 3025 2603 3041 2628; x_wconf 91' lang='lat'><strong>,</strong></span> <span class='ocrx_word' id='word_1_388' title='bbox 3107 2575 3251 2617; x_wconf 84' lang='lat' dir='ltr'><strong>anno</strong></span> <span class='ocrx_word' id='word_1_389' title='bbox 3291 2559 3478 2632; x_wconf 75' lang='lat' dir='ltr'><strong>gratia:</strong></span> <span class='ocrx_word' id='word_1_390' title='bbox 3521 2555 3732 2612; x_wconf 74' lang='lat' dir='ltr'><strong>millesimo</strong></span> 
     </span>
    </p>
   </div>
   <div class='ocr_carea' id='block_1_58' title="bbox 2230 2646 3729 2727">
    <p class='ocr_par' dir='ltr' id='par_1_58' title="bbox 2230 2646 3729 2727">
     <span class='ocr_line' id='line_1_58' title="bbox 2230 2646 3729 2727; baseline -0.01 -12"><span class='ocrx_word' id='word_1_391' title='bbox 2230 2658 2599 2716; x_wconf 83' lang='lat' dir='ltr'><strong>ducentesimo</strong></span> <span class='ocrx_word' id='word_1_392' title='bbox 2646 2655 2927 2727; x_wconf 75' lang='lat' dir='ltr'><strong>trigesimo</strong></span> <span class='ocrx_word' id='word_1_393' title='bbox 2961 2653 3211 2725; x_wconf 84' lang='lat' dir='ltr'><strong>septimo,</strong></span> <span class='ocrx_word' id='word_1_394' title='bbox 3244 2660 3505 2725; x_wconf 78' lang='lat' dir='ltr'><strong>regnante</strong></span> <span class='ocrx_word' id='word_1_395' title='bbox 3527 2646 3729 2705; x_wconf 74' lang='lat' dir='ltr'><strong>excellat-</strong></span> 
     </span>
    </p>
   </div>
   <div class='ocr_carea' id='block_1_59' title="bbox 2232 2738 3733 2817">
    <p class='ocr_par' dir='ltr' id='par_1_59' title="bbox 2232 2738 3733 2817">
     <span class='ocr_line' id='line_1_59' title="bbox 2232 2738 3733 2817; baseline -0.01 -11"><span class='ocrx_word' id='word_1_396' title='bbox 2232 2751 2439 2807; x_wconf 85' lang='lat' dir='ltr'><strong>tissimo</strong></span> <span class='ocrx_word' id='word_1_397' title='bbox 2471 2751 2805 2806; x_wconf 83' lang='lat' dir='ltr'><strong>Francorum</strong></span> <span class='ocrx_word' id='word_1_398' title='bbox 2851 2761 2975 2817; x_wconf 77' lang='lat' dir='ltr'><strong>rege</strong></span> <span class='ocrx_word' id='word_1_399' title='bbox 3000 2746 3276 2802; x_wconf 76' lang='lat' dir='ltr'><strong>Ludovico</strong></span> <span class='ocrx_word' id='word_1_400' title='bbox 3306 2745 3422 2801; x_wconf 83' lang='lat' dir='ltr'><strong>lilio</strong></span> <span class='ocrx_word' id='word_1_401' title='bbox 3446 2738 3677 2803; x_wconf 70' lang='lat' dir='ltr'><strong>Ludovici,</strong></span> <span class='ocrx_word' id='word_1_402' title='bbox 3697 2746 3733 2792; x_wconf 80' lang='lat' dir='ltr'><strong>et</strong></span> 
     </span>
    </p>
   </div>
   <div class='ocr_carea' id='block_1_60' title="bbox 2231 2834 3731 2914">
    <p class='ocr_par' dir='ltr' id='par_1_60' title="bbox 2231 2834 3731 2914">
     <span class='ocr_line' id='line_1_60' title="bbox 2231 2834 3731 2914; baseline -0.011 -17"><span class='ocrx_word' id='word_1_403' title='bbox 2231 2841 2399 2899; x_wconf 77' lang='lat' dir='ltr'><strong>fratre</strong></span> <span class='ocrx_word' id='word_1_404' title='bbox 2425 2843 2541 2914; x_wconf 84' lang='lat' dir='ltr'><strong>ejus</strong></span> <span class='ocrx_word' id='word_1_405' title='bbox 2561 2840 2761 2911; x_wconf 83' lang='lat' dir='ltr'><strong>inclyto</strong></span> <span class='ocrx_word' id='word_1_406' title='bbox 2784 2838 3026 2895; x_wconf 82' lang='lat' dir='ltr'><strong>Roberto</strong></span> <span class='ocrx_word' id='word_1_407' title='bbox 3050 2839 3378 2894; x_wconf 82' lang='lat' dir='ltr'><strong>comitatum</strong></span> <span class='ocrx_word' id='word_1_408' title='bbox 3400 2834 3731 2890; x_wconf 76' lang='lat' dir='ltr'><strong>Atrebatensem</strong></span> 
     </span>
    </p>
   </div>
   <div class='ocr_carea' id='block_1_61' title="bbox 2230 2923 3732 3004">
    <p class='ocr_par' dir='ltr' id='par_1_61' title="bbox 2230 2923 3732 3004">
     <span class='ocr_line' id='line_1_61' title="bbox 2230 2923 3732 3004; baseline -0.009 -13"><span class='ocrx_word' id='word_1_409' title='bbox 2230 2937 2505 2991; x_wconf 88' lang='lat' dir='ltr'><strong>obtinente</strong></span> <span class='ocrx_word' id='word_1_410' title='bbox 2524 2932 2860 3004; x_wconf 76' lang='lat' dir='ltr'><strong>inpr-incipio</strong></span> <span class='ocrx_word' id='word_1_411' title='bbox 2878 2932 3168 2989; x_wconf 82' lang='lat' dir='ltr'><strong>comitatus</strong></span> <span class='ocrx_word' id='word_1_412' title='bbox 3191 2931 3304 2997; x_wconf 86' lang='lat' dir='ltr'><strong>sui,</strong></span> <span class='ocrx_word' id='word_1_413' title='bbox 3326 2934 3582 3000; x_wconf 65' lang='lat' dir='ltr'><strong>prmeunte</strong></span> <span class='ocrx_word' id='word_1_414' title='bbox 3594 2923 3732 2978; x_wconf 78' lang='lat' dir='ltr'><strong>abom-</strong></span> 
     </span>
    </p>
   </div>
   <div class='ocr_carea' id='block_1_62' title="bbox 551 3007 3729 3096">
    <p class='ocr_par' dir='ltr' id='par_1_62' title="bbox 551 3007 3729 3096">
     <span class='ocr_line' id='line_1_62' title="bbox 551 3007 3729 3096; baseline -0.002 -23"><span class='ocrx_word' id='word_1_415' title='bbox 551 3021 641 3075; x_wconf 87' lang='lat' dir='ltr'><strong>ubi</strong></span> <span class='ocrx_word' id='word_1_416' title='bbox 671 3022 797 3077; x_wconf 92' lang='lat' dir='ltr'><strong>olim</strong></span> <span class='ocrx_word' id='word_1_417' title='bbox 843 3040 873 3078; x_wconf 87' lang='lat' dir='ltr'><strong>a</strong></span> <span class='ocrx_word' id='word_1_418' title='bbox 912 3033 1103 3080; x_wconf 90' lang='lat' dir='ltr'><strong>saneto</strong></span> <span class='ocrx_word' id='word_1_419' title='bbox 1150 3024 1414 3095; x_wconf 86' lang='lat' dir='ltr'><strong>Folquino</strong></span> <span class='ocrx_word' id='word_1_420' title='bbox 1444 3025 1765 3081; x_wconf 79' lang='lat' dir='ltr'><strong>translatum</strong></span> <span class='ocrx_word' id='word_1_421' title='bbox 1794 3034 1848 3080; x_wconf 92' lang='lat' dir='ltr'><strong>et</strong></span> <span class='ocrx_word' id='word_1_422' title='bbox 1887 3025 2130 3081; x_wconf 88' lang='lat' dir='ltr'><strong>recondi-</strong></span> <span class='ocrx_word' id='word_1_423' title='bbox 2157 3007 2201 3068; x_wconf 68' lang='grc' dir='ltr'><strong>(ἶ</strong></span> <span class='ocrx_word' id='word_1_424' title='bbox 2235 3028 2394 3084; x_wconf 88' lang='lat' dir='ltr'><strong>nibus</strong></span> <span class='ocrx_word' id='word_1_425' title='bbox 2420 3036 2473 3083; x_wconf 84' lang='lat' dir='ltr'><strong>et</strong></span> <span class='ocrx_word' id='word_1_426' title='bbox 2503 3034 2831 3096; x_wconf 84' lang='lat' dir='ltr'><strong>cooperante</strong></span> <span class='ocrx_word' id='word_1_427' title='bbox 2851 3025 3025 3096; x_wconf 80' lang='lat' dir='ltr'><strong>gratia</strong></span> <span class='ocrx_word' id='word_1_428' title='bbox 3050 3024 3143 3083; x_wconf 87' lang='lat' dir='ltr'><strong>Dei</strong></span> <span class='ocrx_word' id='word_1_429' title='bbox 3176 3020 3478 3085; x_wconf 72' lang='lat' dir='ltr'><strong>Salvatoris</strong></span> <span class='ocrx_word' id='word_1_430' title='bbox 3502 3012 3729 3082; x_wconf 77' lang='lat' dir='ltr'><strong>nostri,qri</strong></span> 
     </span>
    </p>
   </div>
   <div class='ocr_carea' id='block_1_63' title="bbox 553 3113 2129 3184">
    <p class='ocr_par' dir='ltr' id='par_1_63' title="bbox 553 3113 2129 3184">
     <span class='ocr_line' id='line_1_63' title="bbox 553 3113 2129 3184; baseline 0.004 -20"><span class='ocrx_word' id='word_1_431' title='bbox 553 3122 667 3167; x_wconf 82' lang='lat' dir='ltr'><strong>tum</strong></span> <span class='ocrx_word' id='word_1_432' title='bbox 720 3113 839 3168; x_wconf 82' lang='lat' dir='ltr'><strong>fuit.</strong></span> <span class='ocrx_word' id='word_1_433' title='bbox 875 3113 998 3170; x_wconf 68' lang='lat' dir='ltr'><strong>Hmc</strong></span> <span class='ocrx_word' id='word_1_434' title='bbox 1045 3124 1223 3170; x_wconf 88' lang='lat' dir='ltr'><strong>autem</strong></span> <span class='ocrx_word' id='word_1_435' title='bbox 1265 3116 1630 3184; x_wconf 75' lang='lat' dir='ltr'><strong>inventionis,</strong></span> <span class='ocrx_word' id='word_1_436' title='bbox 1684 3116 1791 3171; x_wconf 89' lang='lat' dir='ltr'><strong>imo</strong></span> <span class='ocrx_word' id='word_1_437' title='bbox 1844 3115 2129 3171; x_wconf 86' lang='lat' dir='ltr'><strong>levationis</strong></span> 
     </span>
    </p>
   </div>
   <div class='ocr_carea' id='block_1_64' title="bbox 554 3202 2127 3277">
    <p class='ocr_par' dir='ltr' id='par_1_64' title="bbox 554 3202 2127 3277">
     <span class='ocr_line' id='line_1_64' title="bbox 554 3202 2127 3277; baseline 0.001 -18"><span class='ocrx_word' id='word_1_438' title='bbox 554 3202 715 3273; x_wconf 84' lang='lat' dir='ltr'><strong>hujus</strong></span> <span class='ocrx_word' id='word_1_439' title='bbox 745 3203 845 3259; x_wconf 86' lang='lat' dir='ltr'><strong>fuit</strong></span> <span class='ocrx_word' id='word_1_440' title='bbox 873 3221 1032 3261; x_wconf 89' lang='lat' dir='ltr'><strong>causa</strong></span> <span class='ocrx_word' id='word_1_441' title='bbox 1073 3221 1086 3259; x_wconf 91' lang='lat'><strong>:</strong></span> <span class='ocrx_word' id='word_1_442' title='bbox 1117 3206 1501 3262; x_wconf 78' lang='lat' dir='ltr'><strong>Monasterium</strong></span> <span class='ocrx_word' id='word_1_443' title='bbox 1532 3208 1781 3263; x_wconf 85' lang='lat' dir='ltr'><strong>incendio</strong></span> <span class='ocrx_word' id='word_1_444' title='bbox 1811 3208 2127 3277; x_wconf 82' lang='lat' dir='ltr'><strong>dissipatum</strong></span> 
     </span>
    </p>
   </div>
   <div class='ocr_carea' id='block_1_65' title="bbox 555 3294 2132 3368">
    <p class='ocr_par' dir='ltr' id='par_1_65' title="bbox 555 3294 2132 3368">
     <span class='ocr_line' id='line_1_65' title="bbox 555 3294 2132 3368; baseline 0.004 -23"><span class='ocrx_word' id='word_1_445' title='bbox 555 3294 866 3350; x_wconf 82' lang='lat' dir='ltr'><strong>minabatur</strong></span> <span class='ocrx_word' id='word_1_446' title='bbox 909 3298 1157 3362; x_wconf 88' lang='lat' dir='ltr'><strong>ruinam;</strong></span> <span class='ocrx_word' id='word_1_447' title='bbox 1201 3297 1354 3368; x_wconf 86' lang='lat' dir='ltr'><strong>cujus</strong></span> <span class='ocrx_word' id='word_1_448' title='bbox 1400 3298 1778 3352; x_wconf 88' lang='lat' dir='ltr'><strong>restaurationi</strong></span> <span class='ocrx_word' id='word_1_449' title='bbox 1812 3298 1938 3351; x_wconf 81' lang='lat' dir='ltr'><strong>dum</strong></span> <span class='ocrx_word' id='word_1_450' title='bbox 1979 3296 2132 3353; x_wconf 82' lang='lat' dir='ltr'><strong>ﬂeret</strong></span> 
     </span>
    </p>
   </div>
   <div class='ocr_carea' id='block_1_66' title="bbox 557 3387 2133 3460">
    <p class='ocr_par' dir='ltr' id='par_1_66' title="bbox 557 3387 2133 3460">
     <span class='ocr_line' id='line_1_66' title="bbox 557 3387 2133 3460; baseline 0.004 -21"><span class='ocrx_word' id='word_1_451' title='bbox 557 3395 777 3456; x_wconf 85' lang='lat' dir='ltr'><strong>crypta,</strong></span> <span class='ocrx_word' id='word_1_452' title='bbox 822 3396 876 3443; x_wconf 90' lang='lat' dir='ltr'><strong>et</strong></span> <span class='ocrx_word' id='word_1_453' title='bbox 922 3388 1036 3457; x_wconf 87' lang='lat' dir='ltr'><strong>ejus</strong></span> <span class='ocrx_word' id='word_1_454' title='bbox 1075 3387 1391 3457; x_wconf 83' lang='lat' dir='ltr'><strong>jacerentur</strong></span> <span class='ocrx_word' id='word_1_455' title='bbox 1423 3389 1805 3454; x_wconf 84' lang='lat' dir='ltr'><strong>fundamenta,</strong></span> <span class='ocrx_word' id='word_1_456' title='bbox 1857 3390 2133 3460; x_wconf 83' lang='lat' dir='ltr'><strong>insperato</strong></span> 
     </span>
    </p>
   </div>
   <div class='ocr_carea' id='block_1_67' title="bbox 558 3477 2136 3551">
    <p class='ocr_par' dir='ltr' id='par_1_67' title="bbox 558 3477 2136 3551">
     <span class='ocr_line' id='line_1_67' title="bbox 558 3477 2136 3551; baseline 0.004 -24"><span class='ocrx_word' id='word_1_457' title='bbox 558 3477 810 3547; x_wconf 83' lang='lat' dir='ltr'><strong>apparuit</strong></span> <span class='ocrx_word' id='word_1_458' title='bbox 861 3486 967 3531; x_wconf 89' lang='lat' dir='ltr'><strong>tam</strong></span> <span class='ocrx_word' id='word_1_459' title='bbox 1015 3479 1344 3535; x_wconf 87' lang='lat' dir='ltr'><strong>sanctissimi</strong></span> <span class='ocrx_word' id='word_1_460' title='bbox 1393 3480 1636 3551; x_wconf 90' lang='lat' dir='ltr'><strong>corporis</strong></span> <span class='ocrx_word' id='word_1_461' title='bbox 1664 3481 1842 3551; x_wconf 72' lang='lat' dir='ltr'><strong>gleba.</strong></span> <span class='ocrx_word' id='word_1_462' title='bbox 1880 3480 2136 3536; x_wconf 81' lang='lat' dir='ltr'><strong>Jacuerat</strong></span> 
     </span>
    </p>
   </div>
   <div class='ocr_carea' id='block_1_68' title="bbox 560 3567 2135 3642">
    <p class='ocr_par' dir='ltr' id='par_1_68' title="bbox 560 3567 2135 3642">
     <span class='ocr_line' id='line_1_68' title="bbox 560 3567 2135 3642; baseline 0.004 -23"><span class='ocrx_word' id='word_1_463' title='bbox 560 3567 612 3620; x_wconf 92' lang='lat' dir='ltr'><strong>in</strong></span> <span class='ocrx_word' id='word_1_464' title='bbox 636 3570 994 3641; x_wconf 82' lang='lat' dir='ltr'><strong>sarcophago,</strong></span> <span class='ocrx_word' id='word_1_465' title='bbox 1027 3586 1136 3641; x_wconf 88' lang='lat' dir='ltr'><strong>quo</strong></span> <span class='ocrx_word' id='word_1_466' title='bbox 1182 3571 1250 3626; x_wconf 89' lang='lat' dir='ltr'><strong>ab</strong></span> <span class='ocrx_word' id='word_1_467' title='bbox 1298 3571 1559 3639; x_wconf 85' lang='lat' dir='ltr'><strong>Helfrido,</strong></span> <span class='ocrx_word' id='word_1_468' title='bbox 1606 3587 1764 3642; x_wconf 90' lang='lat' dir='ltr'><strong>quem</strong></span> <span class='ocrx_word' id='word_1_469' title='bbox 1797 3573 1911 3642; x_wconf 88' lang='lat' dir='ltr'><strong>ipse</strong></span> <span class='ocrx_word' id='word_1_470' title='bbox 1959 3572 2135 3627; x_wconf 89' lang='lat' dir='ltr'><strong>adhuc</strong></span> 
     </span>
    </p>
   </div>
   <div class='ocr_carea' id='block_1_69' title="bbox 559 3658 2136 3735">
    <p class='ocr_par' dir='ltr' id='par_1_69' title="bbox 559 3658 2136 3735">
     <span class='ocr_line' id='line_1_69' title="bbox 559 3658 2136 3735; baseline 0.008 -25"><span class='ocrx_word' id='word_1_471' title='bbox 559 3658 744 3713; x_wconf 66' lang='lat' dir='ltr'><strong>vivens</strong></span> <span class='ocrx_word' id='word_1_472' title='bbox 793 3661 1039 3716; x_wconf 87' lang='lat' dir='ltr'><strong>abbatem</strong></span> <span class='ocrx_word' id='word_1_473' title='bbox 1091 3664 1475 3729; x_wconf 85' lang='lat' dir='ltr'><strong>ordinaverat,</strong></span> <span class='ocrx_word' id='word_1_474' title='bbox 1534 3664 1773 3735; x_wconf 87' lang='lat' dir='ltr'><strong>sepultus</strong></span> <span class='ocrx_word' id='word_1_475' title='bbox 1810 3677 1935 3731; x_wconf 79' lang='lat' dir='ltr'><strong>eSt,</strong></span> <span class='ocrx_word' id='word_1_476' title='bbox 1978 3666 2136 3722; x_wconf 84' lang='lat' dir='ltr'><strong>annis</strong></span> 
     </span>
    </p>
   </div>
   <div class='ocr_carea' id='block_1_70' title="bbox 561 3747 2134 3825">
    <p class='ocr_par' dir='ltr' id='par_1_70' title="bbox 561 3747 2134 3825">
     <span class='ocr_line' id='line_1_70' title="bbox 561 3747 2134 3825; baseline 0.007 -26"><span class='ocrx_word' id='word_1_477' title='bbox 561 3747 675 3805; x_wconf 79' lang='lat' dir='ltr'><strong>fere</strong></span> <span class='ocrx_word' id='word_1_478' title='bbox 718 3761 934 3806; x_wconf 89' lang='lat' dir='ltr'><strong>centum</strong></span> <span class='ocrx_word' id='word_1_479' title='bbox 976 3755 1331 3825; x_wconf 79' lang='lat' dir='ltr'><strong>quadraginta</strong></span> <span class='ocrx_word' id='word_1_480' title='bbox 1372 3770 1597 3821; x_wconf 78' lang='lat' dir='ltr'><strong>novem;</strong></span> <span class='ocrx_word' id='word_1_481' title='bbox 1636 3755 1689 3810; x_wconf 89' lang='lat' dir='ltr'><strong>in</strong></span> <span class='ocrx_word' id='word_1_482' title='bbox 1718 3755 1972 3825; x_wconf 88' lang='lat' dir='ltr'><strong>plumbeo</strong></span> <span class='ocrx_word' id='word_1_483' title='bbox 2007 3771 2134 3810; x_wconf 82' lang='lat' dir='ltr'><strong>vero</strong></span> 
     </span>
    </p>
   </div>
   <div class='ocr_carea' id='block_1_71' title="bbox 562 3839 2135 3915">
    <p class='ocr_par' dir='ltr' id='par_1_71' title="bbox 562 3839 2135 3915">
     <span class='ocr_line' id='line_1_71' title="bbox 562 3839 2135 3915; baseline 0.008 -26"><span class='ocrx_word' id='word_1_484' title='bbox 562 3839 778 3903; x_wconf 77' lang='lat' dir='ltr'><strong>scrinio,</strong></span> <span class='ocrx_word' id='word_1_485' title='bbox 809 3856 915 3909; x_wconf 86' lang='lat' dir='ltr'><strong>quo</strong></span> <span class='ocrx_word' id='word_1_486' title='bbox 961 3842 1039 3911; x_wconf 90' lang='lat' dir='ltr'><strong>(ut</strong></span> <span class='ocrx_word' id='word_1_487' title='bbox 1085 3843 1340 3915; x_wconf 80' lang='lat' dir='ltr'><strong>diximus)</strong></span> <span class='ocrx_word' id='word_1_488' title='bbox 1373 3859 1400 3897; x_wconf 92' lang='lat' dir='ltr'><strong>a</strong></span> <span class='ocrx_word' id='word_1_489' title='bbox 1430 3844 1486 3899; x_wconf 89' lang='lat' dir='ltr'><strong>S.</strong></span> <span class='ocrx_word' id='word_1_490' title='bbox 1537 3846 1802 3915; x_wconf 86' lang='lat' dir='ltr'><strong>Fulquiuo</strong></span> <span class='ocrx_word' id='word_1_491' title='bbox 1831 3847 1931 3901; x_wconf 88' lang='lat' dir='ltr'><strong>sub</strong></span> <span class='ocrx_word' id='word_1_492' title='bbox 1962 3845 2135 3901; x_wconf 83' lang='lat' dir='ltr'><strong>altare</strong></span> 
     </span>
    </p>
   </div>
   <div class='ocr_carea' id='block_1_72' title="bbox 564 3932 2139 4006">
    <p class='ocr_par' dir='ltr' id='par_1_72' title="bbox 564 3932 2139 4006">
     <span class='ocr_line' id='line_1_72' title="bbox 564 3932 2139 4006; baseline 0.007 -26"><span class='ocrx_word' id='word_1_493' title='bbox 564 3940 706 3983; x_wconf 74' lang='lat' dir='ltr'><strong>terra</strong></span> <span class='ocrx_word' id='word_1_494' title='bbox 752 3932 1058 3986; x_wconf 83' lang='lat' dir='ltr'><strong>reconditus</strong></span> <span class='ocrx_word' id='word_1_495' title='bbox 1098 3943 1182 3988; x_wconf 77' lang='lat' dir='ltr'><strong>est</strong></span> <span class='ocrx_word' id='word_1_496' title='bbox 1207 3976 1221 3995; x_wconf 89' lang='lat'><strong>,</strong></span> <span class='ocrx_word' id='word_1_497' title='bbox 1271 3934 1518 3990; x_wconf 89' lang='lat' dir='ltr'><strong>ducentis</strong></span> <span class='ocrx_word' id='word_1_498' title='bbox 1548 3945 1601 3991; x_wconf 88' lang='lat' dir='ltr'><strong>et</strong></span> <span class='ocrx_word' id='word_1_499' title='bbox 1631 3950 1726 3991; x_wconf 75' lang='lat' dir='ltr'><strong>sex</strong></span> <span class='ocrx_word' id='word_1_500' title='bbox 1759 3936 1918 3991; x_wconf 89' lang='lat' dir='ltr'><strong>annis</strong></span> <span class='ocrx_word' id='word_1_501' title='bbox 1968 3950 2139 4006; x_wconf 83' lang='lat' dir='ltr'><strong>usque</strong></span> 
     </span>
    </p>
   </div>
   <div class='ocr_carea' id='block_1_73' title="bbox 566 4023 2138 4097">
    <p class='ocr_par' dir='ltr' id='par_1_73' title="bbox 566 4023 2138 4097">
     <span class='ocr_line' id='line_1_73' title="bbox 566 4023 2138 4097; baseline 0.008 -26"><span class='ocrx_word' id='word_1_502' title='bbox 566 4025 631 4071; x_wconf 74' lang='lat' dir='ltr'><strong>at</strong></span> <span class='ocrx_word' id='word_1_503' title='bbox 667 4030 874 4090; x_wconf 82' lang='lat' dir='ltr'><strong>tempus</strong></span> <span class='ocrx_word' id='word_1_504' title='bbox 909 4032 1150 4077; x_wconf 88' lang='lat' dir='ltr'><strong>nostrum</strong></span> <span class='ocrx_word' id='word_1_505' title='bbox 1188 4041 1200 4076; x_wconf 93' lang='lat'>:</span> <span class='ocrx_word' id='word_1_506' title='bbox 1232 4037 1342 4093; x_wconf 88' lang='lat' dir='ltr'><strong>quo</strong></span> <span class='ocrx_word' id='word_1_507' title='bbox 1385 4023 1593 4080; x_wconf 81' lang='lat' dir='ltr'><strong>levatus</strong></span> <span class='ocrx_word' id='word_1_508' title='bbox 1624 4027 1979 4097; x_wconf 67' lang='lat' dir='ltr'><strong>praesentibus</strong></span> <span class='ocrx_word' id='word_1_509' title='bbox 2003 4027 2138 4083; x_wconf 83' lang='lat' dir='ltr'><strong>viris</strong></span> 
     </span>
    </p>
   </div>
   <div class='ocr_carea' id='block_1_74' title="bbox 2235 3103 3730 3189">
    <p class='ocr_par' dir='ltr' id='par_1_74' title="bbox 2235 3103 3730 3189">
     <span class='ocr_line' id='line_1_74' title="bbox 2235 3103 3730 3189; baseline -0.009 -13"><span class='ocrx_word' id='word_1_510' title='bbox 2235 3129 2543 3176; x_wconf 84' lang='lat' dir='ltr'><strong>sanctorum</strong></span> <span class='ocrx_word' id='word_1_511' title='bbox 2584 3131 2817 3189; x_wconf 82' lang='lat' dir='ltr'><strong>corpora</strong></span> <span class='ocrx_word' id='word_1_512' title='bbox 2846 3114 3165 3171; x_wconf 85' lang='lat' dir='ltr'><strong>reformabit</strong></span> <span class='ocrx_word' id='word_1_513' title='bbox 3190 3112 3433 3176; x_wconf 71' lang='lat' dir='ltr'><strong>claritati</strong></span> <span class='ocrx_word' id='word_1_514' title='bbox 3454 3109 3535 3173; x_wconf 85' lang='lat' dir='ltr'><strong>sui</strong></span> <span class='ocrx_word' id='word_1_515' title='bbox 3554 3103 3730 3177; x_wconf 64' lang='lat' dir='ltr'><strong>certioris</strong></span> 
     </span>
    </p>
   </div>
   <div class='ocr_carea' id='block_1_75' title="bbox 2236 3200 3732 3270">
    <p class='ocr_par' dir='ltr' id='par_1_75' title="bbox 2236 3200 3732 3270">
     <span class='ocr_line' id='line_1_75' title="bbox 2236 3200 3732 3270; baseline -0.013 0"><span class='ocrx_word' id='word_1_516' title='bbox 2236 3210 2590 3270; x_wconf 82' lang='lat' dir='ltr'><strong>conformata.</strong></span> <span class='ocrx_word' id='word_1_517' title='bbox 2644 3208 2811 3264; x_wconf 83' lang='lat' dir='ltr'><strong>Facta</strong></span> <span class='ocrx_word' id='word_1_518' title='bbox 2867 3216 2951 3264; x_wconf 88' lang='lat' dir='ltr'><strong>est</strong></span> <span class='ocrx_word' id='word_1_519' title='bbox 3000 3215 3181 3263; x_wconf 90' lang='lat' dir='ltr'><strong>autem</strong></span> <span class='ocrx_word' id='word_1_520' title='bbox 3238 3206 3361 3262; x_wconf 59' lang='lat' dir='ltr'><strong>hac</strong></span> <span class='ocrx_word' id='word_1_521' title='bbox 3413 3200 3732 3260; x_wconf 59' lang='lat' dir='ltr'><strong>translatio».</strong></span> 
     </span>
    </p>
   </div>
   <div class='ocr_carea' id='block_1_76' title="bbox 2237 3283 3729 3370">
    <p class='ocr_par' dir='ltr' id='par_1_76' title="bbox 2237 3283 3729 3370">
     <span class='ocr_line' id='line_1_76' title="bbox 2237 3283 3729 3370; baseline -0.007 -15"><span class='ocrx_word' id='word_1_522' title='bbox 2237 3302 2488 3357; x_wconf 88' lang='lat' dir='ltr'><strong>lemniter</strong></span> <span class='ocrx_word' id='word_1_523' title='bbox 2537 3316 2567 3355; x_wconf 87' lang='lat' dir='ltr'><strong>a</strong></span> <span class='ocrx_word' id='word_1_524' title='bbox 2611 3299 2767 3355; x_wconf 89' lang='lat' dir='ltr'><strong>nobis</strong></span> <span class='ocrx_word' id='word_1_525' title='bbox 2808 3283 2864 3354; x_wconf 83' lang='lat' dir='ltr'><strong>et</strong></span> <span class='ocrx_word' id='word_1_526' title='bbox 2911 3313 3011 3370; x_wconf 88' lang='lat' dir='ltr'><strong>per</strong></span> <span class='ocrx_word' id='word_1_527' title='bbox 3047 3314 3149 3353; x_wconf 89' lang='lat' dir='ltr'><strong>nos</strong></span> <span class='ocrx_word' id='word_1_528' title='bbox 3196 3297 3249 3353; x_wconf 87' lang='lat' dir='ltr'><strong>in</strong></span> <span class='ocrx_word' id='word_1_529' title='bbox 3288 3295 3509 3354; x_wconf 85' lang='lat' dir='ltr'><strong>ecclesia</strong></span> <span class='ocrx_word' id='word_1_530' title='bbox 3554 3285 3729 3363; x_wconf 62' lang='lat' dir='ltr'><strong>pradicli</strong></span> 
     </span>
    </p>
   </div>
   <div class='ocr_carea' id='block_1_77' title="bbox 2239 3387 3731 3463">
    <p class='ocr_par' dir='ltr' id='par_1_77' title="bbox 2239 3387 3731 3463">
     <span class='ocr_line' id='line_1_77' title="bbox 2239 3387 3731 3463; baseline -0.013 -13"><span class='ocrx_word' id='word_1_531' title='bbox 2239 3392 2432 3460; x_wconf 80' lang='lat' dir='ltr'><strong>sancti,</strong></span> <span class='ocrx_word' id='word_1_532' title='bbox 2457 3388 2813 3463; x_wconf 66' lang='lat' dir='ltr'><strong>praesentibus</strong></span> <span class='ocrx_word' id='word_1_533' title='bbox 2838 3388 3253 3463; x_wconf 86' lang='lat' dir='ltr'><strong>quampluribus</strong></span> <span class='ocrx_word' id='word_1_534' title='bbox 3275 3387 3553 3444; x_wconf 86' lang='lat' dir='ltr'><strong>abbatibus</strong></span> <span class='ocrx_word' id='word_1_535' title='bbox 3571 3388 3617 3437; x_wconf 87' lang='lat' dir='ltr'><strong>et</strong></span> <span class='ocrx_word' id='word_1_536' title='bbox 3630 3392 3731 3455; x_wconf 65' lang='lat' dir='ltr'><strong>pm</strong></span> 
     </span>
    </p>
   </div>
   <div class='ocr_carea' id='block_1_78' title="bbox 2240 3468 3732 3558">
    <p class='ocr_par' dir='ltr' id='par_1_78' title="bbox 2240 3468 3732 3558">
     <span class='ocr_line' id='line_1_78' title="bbox 2240 3468 3732 3558; baseline -0.012 -16"><span class='ocrx_word' id='word_1_537' title='bbox 2240 3486 2467 3558; x_wconf 84' lang='lat' dir='ltr'><strong>positis,</strong></span> <span class='ocrx_word' id='word_1_538' title='bbox 2521 3482 2840 3554; x_wconf 78' lang='lat' dir='ltr'><strong>caeterisque</strong></span> <span class='ocrx_word' id='word_1_539' title='bbox 2892 3481 3255 3538; x_wconf 86' lang='lat' dir='ltr'><strong>Ecclesiarum</strong></span> <span class='ocrx_word' id='word_1_540' title='bbox 3308 3478 3534 3552; x_wconf 69' lang='lat' dir='ltr'><strong>prmlatis</strong></span> <span class='ocrx_word' id='word_1_541' title='bbox 3571 3482 3615 3530; x_wconf 87' lang='lat' dir='ltr'><strong>ct</strong></span> <span class='ocrx_word' id='word_1_542' title='bbox 3647 3468 3732 3525; x_wconf 77' lang='lat' dir='ltr'><strong>aliis</strong></span> 
     </span>
    </p>
   </div>
   <div class='ocr_carea' id='block_1_79' title="bbox 2239 3565 3729 3639">
    <p class='ocr_par' dir='ltr' id='par_1_79' title="bbox 2239 3565 3729 3639">
     <span class='ocr_line' id='line_1_79' title="bbox 2239 3565 3729 3639; baseline -0.009 -8"><span class='ocrx_word' id='word_1_543' title='bbox 2239 3576 2395 3631; x_wconf 90' lang='lat' dir='ltr'><strong>bonis</strong></span> <span class='ocrx_word' id='word_1_544' title='bbox 2421 3574 2573 3639; x_wconf 71' lang='lat' dir='ltr'><strong>viris,</strong></span> <span class='ocrx_word' id='word_1_545' title='bbox 2610 3572 2815 3639; x_wconf 72' lang='lat' dir='ltr'><strong>Iacobo</strong></span> <span class='ocrx_word' id='word_1_546' title='bbox 2847 3580 2975 3628; x_wconf 87' lang='lat' dir='ltr'><strong>tunc</strong></span> <span class='ocrx_word' id='word_1_547' title='bbox 3004 3571 3260 3629; x_wconf 70' lang='lat' dir='ltr'><strong>Ecclesiae</strong></span> <span class='ocrx_word' id='word_1_548' title='bbox 3304 3571 3370 3626; x_wconf 84' lang='grc' dir='ltr'>Β.</span> <span class='ocrx_word' id='word_1_549' title='bbox 3418 3565 3595 3624; x_wconf 86' lang='lat' dir='ltr'><strong>Bcrtini</strong></span> <span class='ocrx_word' id='word_1_550' title='bbox 3620 3572 3729 3614; x_wconf 75' lang='lat' dir='ltr'><strong>vene-</strong></span> 
     </span>
    </p>
   </div>
   <div class='ocr_carea' id='block_1_80' title="bbox 2240 3651 3728 3737">
    <p class='ocr_par' dir='ltr' id='par_1_80' title="bbox 2240 3651 3728 3737">
     <span class='ocr_line' id='line_1_80' title="bbox 2240 3651 3728 3737; baseline -0.012 -14"><span class='ocrx_word' id='word_1_551' title='bbox 2240 3667 2398 3723; x_wconf 84' lang='lat' dir='ltr'><strong>rabili</strong></span> <span class='ocrx_word' id='word_1_552' title='bbox 2437 3651 2634 3722; x_wconf 84' lang='lat' dir='ltr'><strong>abbate</strong></span> <span class='ocrx_word' id='word_1_553' title='bbox 2669 3665 3014 3737; x_wconf 85' lang='lat' dir='ltr'><strong>praesidente.</strong></span> <span class='ocrx_word' id='word_1_554' title='bbox 3036 3662 3102 3723; x_wconf 27' lang='lat' dir='ltr'><strong>.ln</strong></span> <span class='ocrx_word' id='word_1_555' title='bbox 3130 3662 3284 3732; x_wconf 87' lang='lat' dir='ltr'><strong>cujus</strong></span> <span class='ocrx_word' id='word_1_556' title='bbox 3336 3661 3412 3718; x_wconf 91' lang='lat' dir='ltr'><strong>rei</strong></span> <span class='ocrx_word' id='word_1_557' title='bbox 3446 3652 3728 3715; x_wconf 86' lang='lat' dir='ltr'><strong>testimonium</strong></span> 
     </span>
    </p>
   </div>
   <div class='ocr_carea' id='block_1_81' title="bbox 2241 3743 3725 3831">
    <p class='ocr_par' dir='ltr' id='par_1_81' title="bbox 2241 3743 3725 3831">
     <span class='ocr_line' id='line_1_81' title="bbox 2241 3743 3725 3831; baseline -0.007 -18"><span class='ocrx_word' id='word_1_558' title='bbox 2241 3768 2533 3831; x_wconf 70' lang='lat' dir='ltr'><strong>prtcsentes</strong></span> <span class='ocrx_word' id='word_1_559' title='bbox 2563 3759 2769 3813; x_wconf 83' lang='lat' dir='ltr'><strong>litteras</strong></span> <span class='ocrx_word' id='word_1_560' title='bbox 2807 3756 3000 3828; x_wconf 77' lang='lat' dir='ltr'><strong>sigillis</strong></span> <span class='ocrx_word' id='word_1_561' title='bbox 3035 3755 3237 3811; x_wconf 88' lang='lat' dir='ltr'><strong>nostris</strong></span> <span class='ocrx_word' id='word_1_562' title='bbox 3280 3752 3501 3811; x_wconf 84' lang='lat' dir='ltr'><strong>fecimus</strong></span> <span class='ocrx_word' id='word_1_563' title='bbox 3535 3743 3725 3803; x_wconf 58' lang='lat' dir='ltr'><strong>roborarit</strong></span> 
     </span>
    </p>
   </div>
   <div class='ocr_carea' id='block_1_82' title="bbox 2244 3839 3728 3913">
    <p class='ocr_par' dir='ltr' id='par_1_82' title="bbox 2244 3839 3728 3913">
     <span class='ocr_line' id='line_1_82' title="bbox 2244 3839 3728 3913; baseline -0.013 -8"><span class='ocrx_word' id='word_1_564' title='bbox 2244 3865 2387 3905; x_wconf 87' lang='lat' dir='ltr'><strong>anno</strong></span> <span class='ocrx_word' id='word_1_565' title='bbox 2428 3849 2640 3904; x_wconf 91' lang='lat' dir='ltr'><strong>Domini</strong></span> <span class='ocrx_word' id='word_1_566' title='bbox 2680 3846 2970 3902; x_wconf 87' lang='lat' dir='ltr'><strong>millesimo</strong></span> <span class='ocrx_word' id='word_1_567' title='bbox 3008 3844 3381 3902; x_wconf 87' lang='lat' dir='ltr'><strong>ducentesimo</strong></span> <span class='ocrx_word' id='word_1_568' title='bbox 3415 3839 3651 3913; x_wconf 75' lang='lat' dir='ltr'><strong>trigesimo</strong></span> <span class='ocrx_word' id='word_1_569' title='bbox 3670 3847 3728 3886; x_wconf 73' lang='lat' dir='ltr'><strong>5c-</strong></span> 
     </span>
    </p>
   </div>
   <div class='ocr_carea' id='block_1_83' title="bbox 2242 3924 3561 4011">
    <p class='ocr_par' dir='ltr' id='par_1_83' title="bbox 2242 3924 3561 4011">
     <span class='ocr_line' id='line_1_83' title="bbox 2242 3924 3561 4011; baseline -0.01 -16"><span class='ocrx_word' id='word_1_570' title='bbox 2242 3941 2433 4011; x_wconf 88' lang='lat' dir='ltr'><strong>ptimo,</strong></span> <span class='ocrx_word' id='word_1_571' title='bbox 2464 3940 2693 4010; x_wconf 88' lang='lat' dir='ltr'><strong>septimo</strong></span> <span class='ocrx_word' id='word_1_572' title='bbox 2728 3938 2941 3994; x_wconf 88' lang='lat' dir='ltr'><strong>decimo</strong></span> <span class='ocrx_word' id='word_1_573' title='bbox 2976 3924 3244 3992; x_wconf 65' lang='lat' dir='ltr'><strong>Kalendas</strong></span> <span class='ocrx_word' id='word_1_574' title='bbox 3276 3932 3511 4009; x_wconf 75' lang='lat' dir='ltr'><strong>Augusti.</strong></span> <span class='ocrx_word' id='word_1_575' title='bbox 3542 3948 3561 3982; x_wconf 69' lang='grc' dir='ltr'><strong>ο</strong></span> 
     </span>
    </p>
   </div>
   <div class='ocr_carea' id='block_1_84' title="bbox 1453 4158 2927 4232">
    <p class='ocr_par' dir='ltr' id='par_1_84' title="bbox 1453 4158 2927 4232">
     <span class='ocr_line' id='line_1_84' title="bbox 1453 4158 2927 4232; baseline -0.001 -21"><span class='ocrx_word' id='word_1_576' title='bbox 1453 4160 1470 4229; x_wconf 96' lang='grc'>(</span> <span class='ocrx_word' id='word_1_577' title='bbox 1502 4159 1601 4212; x_wconf 80' lang='lat' dir='ltr'><strong>llic</strong></span> <span class='ocrx_word' id='word_1_578' title='bbox 1632 4161 1786 4214; x_wconf 71' lang='lat' dir='ltr'><strong>iudex</strong></span> <span class='ocrx_word' id='word_1_579' title='bbox 1814 4160 2169 4231; x_wconf 74' lang='lat' dir='ltr'><strong>capitulorum</strong></span> <span class='ocrx_word' id='word_1_580' title='bbox 2197 4162 2477 4232; x_wconf 74' lang='lat' dir='ltr'><strong>apponitur</strong></span> <span class='ocrx_word' id='word_1_581' title='bbox 2512 4161 2567 4215; x_wconf 81' lang='lat' dir='ltr'><strong>in</strong></span> <span class='ocrx_word' id='word_1_582' title='bbox 2590 4176 2716 4215; x_wconf 77' lang='lat' dir='ltr'><strong>mss.</strong></span> <span class='ocrx_word' id='word_1_583' title='bbox 2744 4158 2927 4230; x_wconf 78' lang='lat' dir='ltr'><strong>codd.)</strong></span> 
     </span>
    </p>
   </div>
   <div class='ocr_carea' id='block_1_85' title="bbox 636 4287 2126 4362">
    <p class='ocr_par' dir='ltr' id='par_1_85' title="bbox 636 4287 2126 4362">
     <span class='ocr_line' id='line_1_85' title="bbox 636 4287 2126 4362; baseline 0.004 -21"><span class='ocrx_word' id='word_1_584' title='bbox 636 4287 749 4362; x_wconf 71' lang='lat'><strong>(60)</strong></span> <span class='ocrx_word' id='word_1_585' title='bbox 780 4289 934 4362; x_wconf 76' lang='lat' dir='ltr'><strong>_Le_g_e</strong></span> <span class='ocrx_word' id='word_1_586' title='bbox 953 4290 1321 4362; x_wconf 68' lang='lat' dir='ltr'><strong>Adltelrvfilice</strong></span> <span class='ocrx_word' id='word_1_587' title='bbox 1354 4293 1570 4348; x_wconf 80' lang='lat' dir='ltr'><strong>Roberti</strong></span> <span class='ocrx_word' id='word_1_588' title='bbox 1602 4294 1930 4348; x_wconf 84' lang='lat' dir='ltr'><strong>Francorum</strong></span> <span class='ocrx_word' id='word_1_589' title='bbox 1964 4296 2126 4362; x_wconf 80' lang='lat' dir='ltr'><strong>regis,</strong></span> 
     </span>
    </p>
   </div>
   <div class='ocr_carea' id='block_1_86' title="bbox 566 4357 2129 4431">
    <p class='ocr_par' dir='ltr' id='par_1_86' title="bbox 566 4357 2129 4431">
     <span class='ocr_line' id='line_1_86' title="bbox 566 4357 2129 4431; baseline 0.005 -22"><span class='ocrx_word' id='word_1_590' title='bbox 566 4357 1025 4431; x_wconf 55' lang='lat' dir='ltr'><strong>uxorisBalduitti</strong></span> <span class='ocrx_word' id='word_1_591' title='bbox 1054 4360 1309 4422; x_wconf 85' lang='lat' dir='ltr'><strong>lnsulaui.</strong></span> <span class='ocrx_word' id='word_1_592' title='bbox 1343 4378 1462 4431; x_wconf 69' lang='lat' dir='ltr'><strong>qua:</strong></span> <span class='ocrx_word' id='word_1_593' title='bbox 1494 4374 1704 4417; x_wconf 83' lang='lat' dir='ltr'><strong>mortuo</strong></span> <span class='ocrx_word' id='word_1_594' title='bbox 1757 4365 1950 4417; x_wconf 87' lang='lat' dir='ltr'><strong>marito</strong></span> <span class='ocrx_word' id='word_1_595' title='bbox 1986 4357 2129 4418; x_wconf 76' lang='lat' dir='ltr'><strong>anno</strong></span> 
     </span>
    </p>
   </div>
   <div class='ocr_carea' id='block_1_87' title="bbox 569 4426 2128 4494">
    <p class='ocr_par' dir='ltr' id='par_1_87' title="bbox 569 4426 2128 4494">
     <span class='ocr_line' id='line_1_87' title="bbox 569 4426 2128 4494; baseline 0.003 -14"><span class='ocrx_word' id='word_1_596' title='bbox 569 4426 805 4494; x_wconf 57' lang='lat'><strong>1057,13:</strong></span> <span class='ocrx_word' id='word_1_597' title='bbox 844 4428 1086 4483; x_wconf 77' lang='lat' dir='ltr'><strong>Mcssinis</strong></span> <span class='ocrx_word' id='word_1_598' title='bbox 1116 4426 1589 4484; x_wconf 69' lang='lat' dir='ltr'><strong>sanctimonialium</strong></span> <span class='ocrx_word' id='word_1_599' title='bbox 1638 4436 1926 4486; x_wconf 72' lang='lat' dir='ltr'><strong>construxit</strong></span> <span class='ocrx_word' id='word_1_600' title='bbox 1957 4450 2128 4486; x_wconf 74' lang='lat' dir='ltr'><strong>emno-</strong></span> 
     </span>
    </p>
   </div>
   <div class='ocr_carea' id='block_1_88' title="bbox 571 4497 2133 4571">
    <p class='ocr_par' dir='ltr' id='par_1_88' title="bbox 571 4497 2133 4571">
     <span class='ocr_line' id='line_1_88' title="bbox 571 4497 2133 4571; baseline 0.005 -23"><span class='ocrx_word' id='word_1_601' title='bbox 571 4497 713 4571; x_wconf 66' lang='grc' dir='ltr'>ιιὶμιιι</span> <span class='ocrx_word' id='word_1_602' title='bbox 746 4512 760 4549; x_wconf 89' lang='lat'><strong>:</strong></span> <span class='ocrx_word' id='word_1_603' title='bbox 789 4510 837 4571; x_wconf 72' lang='lat' dir='ltr'><strong>et</strong></span> <span class='ocrx_word' id='word_1_604' title='bbox 874 4498 1055 4552; x_wconf 79' lang='lat' dir='ltr'><strong>devote</strong></span> <span class='ocrx_word' id='word_1_605' title='bbox 1076 4498 1259 4571; x_wconf 67' lang='lat' dir='ltr'><strong>limine</strong></span> <span class='ocrx_word' id='word_1_606' title='bbox 1281 4501 1632 4571; x_wconf 81' lang='lat' dir='ltr'><strong>apostolorum</strong></span> <span class='ocrx_word' id='word_1_607' title='bbox 1666 4504 1906 4567; x_wconf 81' lang='lat' dir='ltr'><strong>visilam,</strong></span> <span class='ocrx_word' id='word_1_608' title='bbox 1936 4520 1967 4555; x_wconf 82' lang='grc' dir='ltr'><em>α</em></span> <span class='ocrx_word' id='word_1_609' title='bbox 1998 4519 2133 4571; x_wconf 79' lang='lat' dir='ltr'><strong>pupa</strong></span> 
     </span>
    </p>
   </div>
   <div class='ocr_carea' id='block_1_89' title="bbox 570 4564 2134 4643">
    <p class='ocr_par' dir='ltr' id='par_1_89' title="bbox 570 4564 2134 4643">
     <span class='ocr_line' id='line_1_89' title="bbox 570 4564 2134 4643; baseline 0.003 -22"><span class='ocrx_word' id='word_1_610' title='bbox 570 4564 867 4621; x_wconf 76' lang='lat' dir='ltr'><strong>Alexandro</strong></span> <span class='ocrx_word' id='word_1_611' title='bbox 895 4570 1118 4624; x_wconf 75' lang='lat' dir='ltr'><strong>secundo</strong></span> <span class='ocrx_word' id='word_1_612' title='bbox 1149 4564 1408 4625; x_wconf 68' lang='lat' dir='ltr'><strong>viduale»:</strong></span> <span class='ocrx_word' id='word_1_613' title='bbox 1435 4573 1654 4643; x_wconf 77' lang='lat' dir='ltr'><strong>suscepit</strong></span> <span class='ocrx_word' id='word_1_614' title='bbox 1682 4564 2134 4642; x_wconf 65' lang='lat' dir='ltr'><strong>Itabitrtrn.Sic:jrte</strong></span> 
     </span>
    </p>
   </div>
   <div class='ocr_carea' id='block_1_90' title="bbox 2236 4270 3720 4357">
    <p class='ocr_par' dir='ltr' id='par_1_90' title="bbox 2236 4270 3720 4357">
     <span class='ocr_line' id='line_1_90' title="bbox 2236 4270 3720 4357; baseline -0.009 -10"><span class='ocrx_word' id='word_1_615' title='bbox 2236 4309 2441 4348; x_wconf 82' lang='lat' dir='ltr'><strong>reversa</strong></span> <span class='ocrx_word' id='word_1_616' title='bbox 2463 4294 2518 4347; x_wconf 82' lang='lat' dir='ltr'><strong>in</strong></span> <span class='ocrx_word' id='word_1_617' title='bbox 2547 4301 2865 4346; x_wconf 73' lang='lat' dir='ltr'><strong>monasterio</strong></span> <span class='ocrx_word' id='word_1_618' title='bbox 2890 4307 2986 4344; x_wconf 84' lang='lat' dir='ltr'><strong>suo</strong></span> <span class='ocrx_word' id='word_1_619' title='bbox 3014 4288 3323 4357; x_wconf 75' lang='lat' dir='ltr'><strong>Messincnsi</strong></span> <span class='ocrx_word' id='word_1_620' title='bbox 3348 4279 3596 4357; x_wconf 74' lang='lat' dir='ltr'><strong>humillime</strong></span> 
     </span>
    </p>
   </div>
   <div class='ocr_carea' id='block_1_91' title="bbox 2236 4341 3721 4433">
    <p class='ocr_par' dir='ltr' id='par_1_91' title="bbox 2236 4341 3721 4433">
     <span class='ocr_line' id='line_1_91' title="bbox 2236 4341 3721 4433; baseline -0.014 -18"><span class='ocrx_word' id='word_1_621' title='bbox 2236 4341 2976 4433; x_wconf 64' lang='lat' dir='ltr'><strong>ei</strong></span> <span class='ocrx_word' id='word_1_622' title='bbox 3008 4341 3165 4425; x_wconf 61' lang='lat' dir='ltr'><strong>obiit,</strong></span> <span class='ocrx_word' id='word_1_623' title='bbox 3180 4341 3349 4430; x_wconf 77' lang='lat' dir='ltr'><strong>ibique</strong></span> <span class='ocrx_word' id='word_1_624' title='bbox 3382 4351 3562 4425; x_wconf 75' lang='lat' dir='ltr'><strong>sepulta</strong></span> <span class='ocrx_word' id='word_1_625' title='bbox 3578 4354 3648 4400; x_wconf 73' lang='lat' dir='ltr'><strong>est.</strong></span> <span class='ocrx_word' id='word_1_626' title='bbox 3671 4341 3721 4394; x_wconf 76' lang='lat' dir='ltr'><strong>Ita</strong></span> 
     </span>
    </p>
   </div>
   <div class='ocr_carea' id='block_1_92' title="bbox 2189 4433 2976 4504">
    <p class='ocr_par' dir='ltr' id='par_1_92' title="bbox 2189 4433 2976 4504">
     <span class='ocr_line' id='line_1_92' title="bbox 2189 4433 2976 4504; baseline 0.005 -22"><span class='ocrx_word' id='word_1_627' title='bbox 2189 4473 2207 4481; x_wconf 77' lang='lat'><strong>-</strong></span> <span class='ocrx_word' id='word_1_628' title='bbox 2238 4433 2449 4504; x_wconf 79' lang='lat' dir='ltr'><strong>lperius</strong></span> <span class='ocrx_word' id='word_1_629' title='bbox 2472 4448 2595 4504; x_wconf 82' lang='lat' dir='ltr'><strong>cap.</strong></span> <span class='ocrx_word' id='word_1_630' title='bbox 2634 4433 2703 4488; x_wconf 78' lang='lat'><strong>58</strong></span> <span class='ocrx_word' id='word_1_631' title='bbox 2732 4440 2886 4503; x_wconf 90' lang='lat' dir='ltr'><strong>parte</strong></span> <span class='ocrx_word' id='word_1_632' title='bbox 2911 4449 2976 4486; x_wconf 88' lang='grc' dir='ltr'><strong>ιι.</strong></span> 
     </span>
    </p>
   </div>
   <div class='ocr_carea' id='block_1_93' title="bbox 2316 4482 3720 4575">
    <p class='ocr_par' dir='ltr' id='par_1_93' title="bbox 2316 4482 3720 4575">
     <span class='ocr_line' id='line_1_93' title="bbox 2316 4482 3720 4575; baseline -0.022 -4"><span class='ocrx_word' id='word_1_633' title='bbox 2316 4482 2447 4575; x_wconf 58' lang='lat' dir='ltr'><strong>itif)~</strong></span> <span class='ocrx_word' id='word_1_634' title='bbox 2471 4482 2612 4572; x_wconf 54' lang='lat' dir='ltr'><strong>Lege</strong></span> <span class='ocrx_word' id='word_1_635' title='bbox 2637 4482 2883 4575; x_wconf 62' lang='grc' dir='ltr'><strong>ἷιᾷιῖιὶἷῖ</strong></span> <span class='ocrx_word' id='word_1_636' title='bbox 2909 4482 3032 4559; x_wconf 67' lang='lat' dir='ltr'><strong>inim</strong></span> <span class='ocrx_word' id='word_1_637' title='bbox 3079 4516 3144 4559; x_wconf 89' lang='lat' dir='ltr'><strong>co</strong></span> <span class='ocrx_word' id='word_1_638' title='bbox 3191 4515 3334 4557; x_wconf 87' lang='lat' dir='ltr'><strong>anno</strong></span> <span class='ocrx_word' id='word_1_639' title='bbox 3376 4497 3481 4556; x_wconf 87' lang='lat' dir='ltr'><strong>dies</strong></span> <span class='ocrx_word' id='word_1_640' title='bbox 3519 4482 3720 4548; x_wconf 68' lang='lat' dir='ltr'><strong>nomine</strong></span> 
     </span>
    </p>
   </div>
   <div class='ocr_carea' id='block_1_94' title="bbox 2241 4573 2914 4653">
    <p class='ocr_par' dir='ltr' id='par_1_94' title="bbox 2241 4573 2914 4653">
     <span class='ocr_line' id='line_1_94' title="bbox 2241 4573 2914 4653; baseline -0.001 -26"><span class='ocrx_word' id='word_1_641' title='bbox 2241 4573 2422 4630; x_wconf 81' lang='lat' dir='ltr'><strong>littera</strong></span> <span class='ocrx_word' id='word_1_642' title='bbox 2464 4574 2506 4630; x_wconf 92' lang='lat' dir='ltr'><strong>D</strong></span> <span class='ocrx_word' id='word_1_643' title='bbox 2533 4574 2756 4653; x_wconf 65' lang='lat' dir='ltr'><strong>praedita</strong></span> <span class='ocrx_word' id='word_1_644' title='bbox 2777 4581 2914 4638; x_wconf 80' lang='lat' dir='ltr'><strong>erat.</strong></span> 
     </span>
    </p>
   </div>
  </div>
