3936 5402
157 341 310 402 ιιιι

958 363 1046 418 DE
1079 365 1495 426 INVENTIONE
1545 371 1634 427 ET
1681 374 2116 434 ELEVATIONE
2157 379 2214 435 S.
2257 379 2549 436 BERTINI.

3257 388 3402 444 11ιὲ

223 486 3326 536 MM—

1457 641 2070 762 RELATIO

913 874 1040 972 DE
1135 877 1744 983 INVENTIONE
1845 888 1974 995 ET
2045 890 2661 994 ELEVATIONE

1329 1085 1389 1146 S.
1449 1087 1770 1151 BERTINI
1811 1089 2151 1153 ABBATIS

837 1243 1003 1313 ρυλε
1046 1247 1266 1303 FACTA
1306 1247 1437 1305 EST
1472 1250 1660 1310 ANNO
1693 1253 2221 1317 INCARNATIONIS
2255 1263 2488 1320 DOMINI
2530 1268 2686 1334 105⁸2,

1130 1407 1206 1466 Α.
1236 1410 1496 1472 Bovoue
1540 1411 1754 1474 abbate
1784 1414 2122 1480 Sithivensi
2151 1418 2410 1499 digesta.

205 1558 454 1615 (Μωιιι.
482 1561 611 1617 Acta
649 1561 749 1620 SS.
788 1564 982 1622 Bened.
1023 1567 1159 1625 bace.
1187 1570 1272 1637 ill,
1304 1584 1458 1644 parte
1488 1591 1569 1641 ιιι,
1596 1592 1715 1649 pag.
1743 1578 1866 1634 153.
1898 1597 1960 1635 ex
1992 1596 2123 1668 mss:
2175 1585 2334 1639 codd.
2366 1585 2663 1644 Sithivensi
2696 1598 2750 1644 et
2779 1575 3312 1668 Claromarisceusi.)

1588 1718 1972 1736 ἡ

311 1803 548 1874 Epistula
577 1805 800 1862 Bovonis
840 1827 908 1863 aa
940 1809 1216 1867 Witianem
1260 1812 1535 1869 Remorum

689 1880 1156 1952 archiepiscopum.

206 1984 436 2042 Domino
499 1991 950 2058 prmstantissimo
1027 1996 1438 2068 archiepiscopo
1503 1999 1717 2055 Wmosi

123 2077 304 2158 frater
367 2077 514 2134 Bovo
547 2080 797 2151 indignus
871 2086 1042 2142 abbas
1091 2087 1383 2145 Sitbiensis
1439 2091 1672 2147 ρωποι)Ῑί
1702 2134 1715 2158 ,

125 2151 276 2223 inter
293 2169 607 2233 benedictos
626 2173 914 2233 benedicit.

203 2259 336 2315 Dum
366 2262 420 2317 in
453 2278 679 2334 corpore
709 2269 1027 2332 sanetaeDei
1065 2271 1320 2329 Ecclesiae
1349 2276 1450 2331 sub
1492 2278 1714 2334 Christo

122 2367 342 2410 summo
366 2355 543 2422 capite
567 2357 895 2416 eminentius
918 2363 1238 2430 membrum,
1265 2365 1482 2423 domine
1517 2368 1700 2436 Pater,

118 2447 205 2501 sis
255 2449 597 2516 constitutus,
628 2457 705 2515 et,
739 2460 799 2506 ut
845 2453 919 2507 ita
950 2454 1144 2519 dicam,
1193 2456 1394 2513 collum
1451 2470 1500 2514 te
1551 2460 1714 2534 capiti

120 2550 393 2608 oporteat
427 2543 570 2597 uniri
615 2553 778 2614 atque
817 2547 1082 2606 inhaerere
1131 2551 1374 2617 vicinius,
1435 2557 1715 2626 utriusque

116 2631 320 2701 partis,
351 2633 545 2688 animae
575 2635 823 2699 videlicet
842 2648 894 2693 et
921 2642 1187 2710 corporis,
1211 2643 1512 2702 valitudine
1539 2651 1716 2704 οιιιιιί-

116 2721 308 2776 modis
333 2733 478 2777 tuam
525 2730 887 2784 reverentiam
912 2731 1116 2801 pollere
1145 2733 1416 2802 desidero,
1447 2747 1713 2808 quatenus

114 2826 227 2865 nos
273 2826 536 2881 suprema.
575 2824 736 2886 atque
767 2820 961 2876 debilia
1012 2823 1274 2889 membra,
1323 2835 1376 2882 te
1420 2828 1712 2886 salubriter

113 2900 424 2968 mediante,
458 2913 566 2959 tam
615 2921 749 2962 sano
773 2910 932 2980 capiti
966 2910 1192 2969 Domino
1228 2924 1412 2971 nostro
1438 2919 1708 2987 possimus

112 2997 519 3066 concorporari
545 3015 558 3051 :
591 3013 659 3053 ne
688 3000 850 3069 (quod
882 3003 1074 3074 absit!)
1098 3021 1254 3062 secus
1281 3020 1520 3080 agentes,
1545 3027 1709 3081 pene-

109 3086 407 3142 trabiliore
451 3087 567 3157 ejus
591 3090 769 3160 gladio
805 3094 1116 3152 scindamur
1153 3104 1308 3166 juxta
1351 3101 1480 3159 illud
1531 3104 1706 3159 Evan-

104 3176 246 3246 gelii
282 3196 296 3208 ·
330 3178 454 3233 Non
483 3182 616 3247 veni,
647 3183 842 3252 inquit,
887 3188 1088 3243 mittere
1129 3207 1328 3260 pacem,
1353 3193 1444 3247 sed
1467 3193 1701 3264 gladium

105 3269 347 3339 (Matth.
389 3289 420 3327 χ
451 3312 464 3336 ,
513 3274 626 3346 δι).
673 3274 826 3342 Quod
876 3289 1056 3335 autem
1106 3283 1495 3340 sublimitatem
1557 3296 1700 3344 tuam

103 3360 327 3417 talibus
370 3362 652 3432 imperitia:
696 3383 828 3423 mea:
901 3375 1240 3428 convenerint
1296 3378 1512 3443 verbis,
1562 3383 1704 3435 haud

104 3453 362 3507 tantum
393 3458 712 3513 temeritatis
755 3471 1015 3530 quantum
1061 3465 1314 3525 instinctu
1367 3473 1546 3541 agitur
1581 3474 1706 3530 cha-

101 3549 326 3610 ritatis,
377 3552 670 3621 qua-juxta
699 3555 1016 3626 Apostolum
1067 3563 1240 3616 omnia
1280 3575 1476 3634 sperat,
1532 3570 1706 3622 omnia

97 3644 318 3707 credit,
342 3648 518 3700 omnia
549 3651 768 3704 sustinet
813 3651 865 3723 (1
905 3653 1027 3708 Cor.
1069 3672 1190 3718 xm,
1219 3657 1291 3728 7).
1323 3658 1480 3714 Salus
1510 3661 1708 3715 ctenim

97 3744 363 3804 pastoris
395 3747 505 3792 tuta
551 3757 674 3812 spes
718 3756 801 3800 est
832 3748 1028 3817 gregis.
1079 3748 1212 3803 Nam
1264 3759 1544 3821 postquam
1587 3768 1710 3821 pro-

95 3829 301 3882 merui
335 3830 402 3883 ad
431 3839 534 3884 tua:
561 3843 798 3901 paterna:
833 3838 1111 3894 eharitatis
1142 3841 1528 3914 benignitatem
1572 3847 1711 3900 noti-

95 3917 306 3982 ﬁcari,
344 3923 555 3976 Lantetsi
607 3924 887 3982 minimum
934 3930 1237 3999 profuerit,
1284 3949 1497 4005 semper
1531 3946 1709 3993 tamen

100 4019 230 4064 tua:
265 4010 463 4068 salutis
501 4016 760 4075 sollicitus
790 4019 902 4090 Iri,
945 4033 999 4080 et
1028 4040 1270 4095 quosque
1295 4027 1359 4082 ad
1389 4045 1485 4084 nos
1511 4031 1576 4085 de
1608 4031 1710 4087 illis

93 4103 381 4172 partibus
421 4114 864 4178 supervenientes
893 4117 957 4171 de
993 4117 1204 4173 fortuna
1254 4122 1327 4175 tui
1369 4127 1710 4192 percunctari

91 4192 348 4261 solitus,
396 4198 519 4251 dum
554 4201 877 4258 incolumem
921 4221 986 4262 ac
1017 4209 1284 4263 valentem
1333 4221 1478 4267 tuam
1526 4216 1710 4271 haberi

93 4284 476 4342 nobilitatem
504 4294 924 4361 comperiebam,
952 4299 1280 4368 gaudebam;
1312 4303 1450 4358 sicut
1471 4319 1502 4360 e
1523 4315 1708 4361 contra

89 4379 249 4432 dum
275 4395 507 4449 aegram,
533 4387 886 4443 eondolebam
921 4408 934 4444 :
966 4391 1163 4463 quippe
1207 4396 1299 4464 qui
1330 4397 1490 4452 Pater
1528 4410 1714 4456 noster

85 4475 392 4542 spiritalis
435 4493 499 4532 ac
548 4495 792 4537 summus
837 4495 1022 4554 pastor
1051 4488 1284 4544 haberis.
1329 4491 1596 4548 Praeterea
1621 4497 1712 4550 de-
1739 4511 1779 4567 ε

79 4566 268 4623 votio
318 4571 660 4638 paternitatis
709 4583 855 4641 tu'e,
897 4593 1016 4647 quae
1059 4580 1306 4637 elevandi
1357 4587 1601 4654 corporis
1648 4587 1706 4642 S.

77 4656 335 4714 Bertiui
365 4663 548 4718 causis
591 4665 786 4719 dudum
818 4655 940 4722 tam.
971 4680 1214 4739 prompte
1263 4683 1480 4746 tamque
1521 4678 1712 4734 devote

76 4751 446 4821 deservivit,
479 4772 580 4810 nos
610 4758 853 4814 ﬁdelitati
903 4770 1006 4816 tua:
1037 4765 1304 4832 gravioris
1349 4769 1514 4823 debiti
1545 4772 1714 4828 obno-

74 4843 230 4898 xios
300 4846 558 4908 reddidit,
602 4857 661 4902 ut
703 4849 906 4921 jngitcr
950 4854 1176 4908 salutem
1225 4868 1368 4911 tuam
1419 4862 1712 4937 suspirare,

66 4933 423 5007 eademque
467 4938 724 4992 continua
801 4945 1249 5000 intereessionnm
1318 4958 1445 5003 vota
1520 4933 1716 5012 divinis

66 5027 345 5085 auribus
403 5030 670 5086 debemus
726 5031 1028 5091 infundere.
1063 5023 1222 5104 'Qua:
1274 5056 1361 5096 res
1407 5044 1569 5098 etiam
1603 5087 1617 5110 ,
1659 5055 1717 5100 ut

66 5120 360 5177 charitas
393 5129 485 5176 tua
519 5121 790 5186 meminit,
816 5125 1119 5196 apprimum
1147 5144 1322 5183 meam
1365 5132 1713 5201 exiguitatem

1423 5219 1586 5246 (Vni---
1639 5229 1712 5246 -,-·

1093 5220 1323 5246 Δίκαια-..12
1336 5229 1348 5246 Ι

66 5219 197 5246 tum
262 5211 702 5246 mnu-dﬂnnnlim
769 5216 1035 5246 ηηιὲηηηηῖ

1739 1819 1788 1878 Α
1817 1821 2007 1877 vandis
2053 1825 2228 1881 sacris
2253 1827 2478 1883 artubus
2523 1828 2634 1899 ipse
2682 1830 2816 1886 satis
2865 1832 3058 1889 devote
3106 1833 3396 1919 inservires

1823 1927 1984 1980 quam
2034 1914 2331 1974 honoriﬁce
2409 1935 2679 1990 quamque
2735 1923 2962 1979 miriﬁce
3009 1925 3120 1995 ipsa
3149 1914 3399 2002 celebria

1823 2007 1996 2062 sancti
2036 2007 2268 2065 elevatio
2309 2021 2523 2081 peracta
2571 2013 2662 2080 sit,
2703 2015 2880 2072 nullus
2924 2028 3012 2073 tua
3062 2023 3395 2090 experientia

1821 2098 2067 2167 profecto
2110 2102 2304 2158 melius
2343 2105 2489 2160 norit
2517 2123 2528 2158 :
2558 2106 2755 2177 quippe
2786 2123 2904 2178 quae
2927 2109 3264 2168 celsitudinis
3295 2122 3399 2168 tua:

1821 2193 2058 2261 potentia
2105 2195 2415 2263 sublimata,
2468 2200 2792 2256 auctoritate
2843 2203 3092 2259 consistit
3143 2205 3394 2260 subnixa.

1820 2285 1972 2352 Quod
2035 2303 2156 2344 cum
2206 2289 2279 2344 ita
2334 2291 2425 2358 sit,
2473 2294 2539 2347 ad
2589 2293 2998 2349 describendum
3049 2297 3280 2368 idipsum
3334 2313 3400 2352 ae

1818 2379 2050 2449 posteris
2098 2380 2487 2437 notiﬁcandum
2531 2399 2667 2439 meae
2710 2385 2990 2456 imperitia:
3021 2403 3237 2441 manum
3264 2387 3404 2443 cba-,

1819 2469 2036 2525 ritativa
2082 2470 2312 2526 fratrum
2360 2481 2668 2529 nostrorum
2713 2476 2924 2532 exactio
2976 2477 3236 2548 suggerit,
3289 2493 3396 2533 non

1817 2560 1942 2629 quia
1991 2560 2095 2616 illis
2139 2562 2328 2630 quavis
2363 2572 2614 2632 prmstem
2657 2565 2915 2631 scientia,
2943 2581 3064 2620 cum
3101 2567 3280 2621 cuncti
3310 2580 3398 2620 me

1814 2651 2124 2720 probitate,
2176 2653 2417 2709 nonnulli
2491 2655 2653 2710 etiam
2721 2656 3026 2712 intellectus
3087 2656 3398 2727 praecellant

1812 2745 2144 2816 perspicaeia
2170 2763 2183 2812 ;
2209 2760 2394 2801 vermn
2421 2757 2480 2802 ut
2509 2749 2620 2820 ipsa
2647 2758 2850 2805 sancta:
2877 2749 3194 2807 elevationis
3225 2751 3395 2806 series

1814 2837 2023 2904 dignior
2045 2846 2352 2902 censeatur,
2397 2839 2438 2893 si
2473 2839 2692 2911 majoris
2719 2841 2954 2897 nominis
2981 2841 3154 2907 titulo,
3188 2842 3397 2898 scilicet

1813 2926 2022 2981 abbatis
2053 2929 2271 2983 nomine
2315 2928 2657 2999 insigniatur.
2705 2931 2944 2999 Quorum
2977 2943 3151 2988 tamen
3183 2935 3396 2990 conati-

1809 3016 1911 3072 bus
1946 3033 2046 3072 nec
2099 3019 2150 3072 in
2189 3028 2357 3073 totum
2391 3023 2630 3076 renitens
2657 3065 2671 3087 ,
2720 3039 2820 3079 nec
2868 3024 2919 3078 in
2966 3034 3131 3080 totum
3176 3027 3392 3091 cedens,

1813 3116 1914 3164 llltB
1962 3111 2132 3182 magis
2169 3111 2412 3180 iudiciali
2457 3117 2736 3169 sententia:
2784 3116 3047 3188 relinquo,
3090 3133 3284 3188 meque
3309 3131 3398 3172 se.

1806 3201 2078 3269 querulum
2113 3203 2371 3272 proﬁteor
2418 3206 2681 3275 quidquid
2730 3221 2894 3279 super
2919 3209 3018 3262 hoc
3054 3208 3395 3278 potissimum

1803 3291 2128 3364 judicaverit
2157 3295 2500 3364 paternitatis
2533 3305 2635 3350 tuae
2661 3297 2956 3365 celsitudo;
2989 3301 3062 3354 ita
3099 3309 3280 3355 tamen
3308 3309 3389 3365 ut,

1808 3386 1852 3439 si
1922 3385 2090 3440 relatu
2151 3388 2369 3458 dignum
2415 3389 2666 3454 duxeris,
2715 3406 2999 3460 meamque
3043 3391 3411 3462 exiguitatem.

1809 3474 2098 3544 imperiosa
2133 3478 2479 3533 auctoritatis
2527 3488 2631 3533 tuae
2665 3481 2904 3550 potentia
2937 3481 3002 3535 ad
3054 3483 3105 3536 id
3132 3481 3396 3537 denotan-

1809 3571 1934 3618 dum
1970 3567 2269 3635 impuleris,
2295 3585 2417 3621 cum
2448 3570 2553 3623 tuis
2575 3572 2781 3626 sanctis
2807 3580 3084 3640 promptus
3113 3587 3209 3641 pro
3239 3586 3396 3641 posse

1810 3669 2041 3725 paruero
2082 3641 2415 3725 jussiouibus
2446 3698 2460 3722 ,
2509 3666 2613 3713 tua:
2667 3661 3014 3730 pateruitatis
3059 3661 3396 3717 excellentum

1813 3756 2088 3819 utcunque
2109 3759 2423 3821 congestum
2451 3753 2658 3807 venerit
2683 3753 2748 3808 ad
2779 3769 2993 3816 manus,
3025 3768 3252 3823 qumque
3275 3757 3407 3825 ejus.

1813 3838 2084 3908 superﬂua
2116 3840 2426 3910 apostolica:
2453 3843 2790 3899 auctoritatis
2828 3843 3170 3899 confodiatur
3199 3845 3392 3909 obelis,

1814 3932 1996 3986 minus
2043 3932 2187 3987 dicta
2228 3933 2591 3989 dilucidentur
2621 3937 2928 4001 asteriscis;
2961 3945 3228 4006 quatenus
3254 3939 3395 3993 sicut

1816 4033 1905 4079 tua
1977 4025 2364 4096 gloriosissima
2437 4037 2492 4082 et
2547 4037 2860 4097 exspectata
2905 4037 3105 4084 sanctae
3157 4031 3394 4084 auctori-

1815 4119 1945 4173 tatis
2010 4121 2294 4189 przesentia
2364 4121 2552 4176 eadem
2620 4137 2777 4176 saera
2831 4121 3060 4176 elevatio
3108 4122 3392 4192 magniﬁca

1814 4213 2063 4276 habetur,
2113 4213 2190 4267 sic
2221 4213 2458 4283 ejusdem
2501 4215 2774 4270 denotatio
2808 4214 2996 4270 eodem
3030 4214 3415 4285 astipulatore

1815 4319 1877 4358 ac
1905 4303 2132 4372 prmside
2153 4304 2557 4359 corroboretur.

2312 4438 2556 4494 Widonis
2574 4442 2897 4508 rescriptum.

1885 4575 2044 4631 Wmo
2078 4575 2372 4630 Remorum
2412 4575 2847 4646 archiepiscopus
2874 4575 3167 4631 venerabili
3215 4575 3409 4632 abbati

1814 4673 2034 4726 Bovosr.

1887 4760 2154 4827 Quoniam
2185 4772 2349 4829 opera
2382 4760 2594 4816 Domini
2626 4775 2848 4814 narrare
2890 4761 3248 4817 honoriﬁcum
3290 4773 3396 4827 est,

1818 4854 2036 4922 dignum
2074 4854 2321 4914 ducimus
2375 4862 2479 4908 tua:
2513 4854 2815 4927 consulere.
2839 4854 3204 4922 inquisitioni,
3237 4870 3401 4924 quam

1818 4961 1916 5016 pro
1953 4945 2313 5001 describenda
2361 4945 2670 5002 inventione
2717 4947 2925 5014 pariter
2991 4957 3047 5002 et
3101 4948 3410 5003 elevatione

1819 5038 2062 5110 corporis
2092 5035 2149 5090 S.
2195 5036 2400 5090 Bertini
2441 5038 2597 5095 nobis
2621 5035 2874 5093 effudisti.
2909 5034 3223 5093 Gaudemus
3261 5037 3416 5091 enim

1819 5137 1872 5183 ct
1894 5129 2201 5198 judicamus
2234 5125 2467 5196 idipsum
2514 5129 2681 5198 gestis
2709 5123 3042 5182 litteralibus
3091 5122 3423 5188 mancipari,

1818 5223 1956 5246 -.-ιλιι
1988 5224 2090 5246 ἢ-..
2125 5222 2320 5246 ..1-Α.-ει
2362 5221 2654 5246 ΠΑ-1--9Αμ--
2687 5232 2922 5246 -.-ιι-...ω

2974 5230 2986 5246 ι
3001 5238 3022 5246 Α
3037 5242 3082 5246 ---
3115 5216 3431 5246 -..Ι-Ιῖη-ιῖοιι..
