3936 5402
540 256 677 317 1145

1487 259 1896 320 FOLCARDL'S
1932 258 2311 323 MONACHUS
2350 256 2793 325 SiTHlVENSiS.

3623 262 3735 323 HM

533 346 640 461 que
668 369 793 455 talia
837 376 1049 440 oportet
1095 368 1353 438 describi,
1387 381 1445 428 ut
1471 373 1587 429 haec
1614 375 1727 461 ipsa
1770 375 1821 433 ei
1847 375 2110 447 placeant,
2140 380 2190 438 Α
2219 373 2479 460 fastidiat,
2504 372 2591 428 bis
2609 370 2923 441 abjectionis
2958 377 3159 435 nostra:
3184 370 3427 433 oleribus
3453 373 3733 447 aliquantis-

527 454 623 533 (ιιιί
647 450 711 533 se
733 458 1030 516 Veritatem
1058 459 1370 518 innotescit.
1406 462 1556 520 Vale.

694 549 923 605 Boeonis
948 550 1164 621 epistola
1198 553 1526 609 dedicatoria
1557 556 1627 609 ad
1647 555 1946 623 Widoneut.

602 641 847 697 Glorioso
890 641 993 697 Dei
1033 644 1204 715 gratia
1231 644 1422 701 domno
1462 645 1676 704 Wtbom
1721 650 2109 720 anc/tiepisropo

531 752 649 794 cunt
680 735 822 790 omni
844 752 953 789 stuc
975 726 1116 792 cura:
1143 738 1335 792 credito
1360 751 1553 795 sancta:
1577 740 1824 797 Ecclesia:
1840 742 2108 798 Bernensis

527 832 685 897 eiero,
718 831 887 901 frater
915 830 1062 898 Βονο
1096 843 1340 903 peccator
1371 832 1526 905 quem
1554 835 1734 890 dicunt
1764 827 2106 901 Sititierisium

527 923 791 988 abbatem,
840 922 1043 977 beatam
1100 940 1217 979 cum
1253 924 1451 990 dextra:
1491 927 1656 995 partis
1687 914 1865 985 ovibus
1905 926 2105 999 partio-

527 1030 663 1068 nem.

606 1103 868 1177 Suscepto
894 1111 1209 1166 reverentiae
1227 1119 1329 1167 tua:
1348 1112 1665 1177 mandato,o
1687 1111 1880 1183 praesul
1901 1112 2111 1183 magni-

526 1196 877 1281 ﬁcentissime
908 1242 924 1267 ,
967 1216 1075 1272 quo
1136 1203 1489 1260 elevationem
1539 1206 1872 1261 sacrosancti
1928 1204 2108 1261 Patris

523 1290 696 1346 nostri
768 1290 974 1349 Bcrtini
1019 1294 1177 1365 jubes
1225 1298 1478 1367 pauperis
1525 1297 1648 1370 styli
1712 1298 1882 1353 nostri
1934 1298 2103 1353 ordiri

525 1381 891 1450 denotatione,
926 1396 1036 1442 tum
1065 1387 1305 1459 ejusdem
1333 1390 1506 1446 sancti
1545 1391 1630 1460 pia
1659 1390 1965 1456 devotione,
1993 1401 2104 1447 tum

524 1484 629 1530 tuze
670 1478 977 1553 apostolicae
1026 1481 1364 1542 auctoritatis
1403 1484 1802 1553 praecepionc,
1856 1493 1965 1539 tum
1998 1482 2109 1539 ἴνα-ι

524 1578 667 1624 trum
698 1583 1007 1628 nostrorum
1054 1573 1366 1643 quotidiana
1404 1560 1821 1631 obsecrationis'
1844 1577 2107 1647 importu-

525 1647 718 1730 nitate,
771 1678 840 1718 ne
888 1671 991 1719 tua:
1037 1663 1371 1720 celsitudinis
1407 1664 1639 1735 jussioni
1685 1669 1992 1723 contrarius
2018 1668 2101 1722 vi-

2209 457 2308 535 pcr
2326 461 2484 518 vobis
2513 464 2646 518 cum“
2673 462 2869 518 vestris
2898 461 3176 518 intendere
3207 463 3400 530 libeat,
3437 465 3601 521 donec
3635 482 3734 526 esa-

2208 553 2372 610 minis
2398 553 2566 615 vostri
2595 553 2863 609 sententia
2890 553 3230 611 discernatur
3262 563 3445 611 utrum
3468 557 3551 613 vei
3574 573 3735 630 parva-

2207 643 2383 700 torum
2408 643 2598 701 usibus
2639 643 2801 715 digna
2826 658 2898 706 an
2924 644 3147 718 indigna
3193 646 3483 702 habeatur.
3525 648 3646 705 Dine
3672 651 3737 705 at»

2208 733 2350 790 fectu
2376 733 2601 791 infantis
2623 735 2982 807 quodcunque
3007 735 3237 791 audierit
3263 736 3371 793 hri
3391 738 3646 808 volentis,
3665 742 3736 798 sed

2210 827 2438 883 necdum
2485 826 2649 884 verba
2692 826 2760 882 ad
2804 826 3020 898 plemn
3066 825 3304 883 formare
3350 829 3605 898 potentis,
3641 844 3737 886 en

2209 916 2499 973 nonnullas
2526 932 2708 973 rerum
2747 918 3158 975 convenientias
3193 919 3504 975 scribendis
3542 921 3741 991 gestibus

2208 1007 2442 1064 antehac
2467 1008 2785 1080 pervenisse
2814 1008 3151 1065 meminerim
3168 1048 3187 1073 ,
3214 1023 3452 1079 quorum
3491 1007 3633 1079 plura
3660 1022 3740 1081 ego

2208 1098 2324 1169 ipse
2353 1099 2599 1167 viderim,
2625 1101 2871 1171 quaedam
2900 1098 3167 1169 majorum
3188 1098 3334 1154 haud
3353 1100 3737 1171 spernendam-

2207 1188 2448 1243 virorum
2475 1188 2649 1245 reiatu
2695 1189 2999 1255 didicerim,
3045 1189 3347 1258 eademque
3389 1187 3738 1258 hiemesque

2207 1277 2513 1334 balbutiens
2540 1278 2822 1350 pralibare
2851 1293 3014 1357 quam
3049 1286 3233 1340 tacere
3276 1277 3493 1343 malim,
3518 1286 3739 1346 quntum

2206 1369 2294 1425 bis
2326 1370 2451 1426 aliis
2474 1370 2746 1436 admistis,
2771 1356 3041 1442 quomodo
3076 1370 3179 1426 hoc
3205 1379 3455 1441 tempore
3480 1370 3617 1425 circa
3645 1384 3739 1437 nos,

2208 1457 2263 1513 in
2306 1473 2445 1529 quos
2478 1457 2615 1514 fines
2655 1458 2974 1528 mulorum
3008 1458 3365 1525 devenerunt,
3414 1459 3739 1515 mirificavcrit

2205 1548 2608 1605 misericordias
2652 1563 2783 1605 suas
2828 1551 3109 1617 Dominus,
3134 1549 3370 1605 lucidius
3403 1550 3607 1604 evinctis
3636 1549 3740 1603 eati-

2206 1653 2322 1708 cct,
2369 1651 2425 1696 et
2475 1655 2541 1697 ex
2596 1640 2701 1697 hoc
2754 1641 2970 1712 dignius
3014 1641 3068 1696 in
3125 1641 3319 1697 laudes
3367 1640 3464 1695 Dei
3506 1641 3741 1710 sanctique

522 1741 674 1817 dear,
703 1717 808 1824 pro
852 1717 1011 1825 captu
1045 1717 1514 1826 ingeniolinnostri
1541 1799 1556 1823 ,
1583 1771 1892 1828 quanquam
1922 1759 2102 1813 minus
2132 1717 2175 1791 Β
2203 1731 2515 1828 ἦξλίθθπιίαί
2553 1740 2701 1794 tom
2727 1742 2935 1797 305"”
2972 1732 3253 1804 ταιίείωιίε
3293 1732 3576 1799 hicth
3600 1733 3739 1802 MF"

522 1843 770 1920 idoneus,
799 1859 921 1903 eam
956 1856 1225 1918 utcunque
1255 1860 1577 1905 narraturus
1606 1851 1908 1923 aggrediar.
1939 1852 2102 1908 Cum-

521 1949 629 1998 que
679 1938 930 1995 veritatis
967 1939 1107 1994 viam
1162 1954 1422 2001 cursurus
1470 1953 1670 1997 nostra:
1717 1943 2102 2000 imbecillitatis

526 2029 776 2086 manibus
806 2030 918 2100 jam
953 2032 1133 2088 ventis
1181 2032 1299 2088 vela
1351 2035 1730 2104 prmtenderim
1758 2077 1774 2103 ,
1824 2037 1870 2091 si
1915 2037 2100 2094 forsan

521 2121 727 2177 :ctnulae
773 2124 1105 2193 tempestatis
1155 2124 1398 2179 turbines
1427 2124 1747 2196 naufragosa
1786 2126 2099 2184 discrimina

521 2215 927 2283 intentaverint,
961 2227 1067 2273 tum
1095 2218 1161 2272 ad
1194 2218 1311 2273 haec
1351 2219 1599 2275 stationis
1627 2220 1745 2274 sinu
1772 2220 2100 2277 recrearulus

522 2309 796 2378 cacipiar,
830 2309 1088 2367 benefidze
1135 2326 1331 2366 manus
1381 2310 1608 2367 tuitione
1673 2312 1943 2368 defenser.
1993 2312 2100 2369 Par

486 2407 602 2463 ,cst
650 2399 795 2457 enim
866 2415 954 2456 me
998 2408 1103 2455 tua:
1169 2400 1467 2457 nobilitatis
1517 2401 1682 2457 tutela
1737 2403 2096 2459 confidentem

518 2508 676 2545 nntro
720 2502 822 2548 tua
850 2491 1180 2548 defensionis
1231 2493 1471 2563 pretegi,
1518 2493 1670 2565 cujus
1724 2493 1883 2563 jussu
1937 2504 2101 2551 tanta

517 2584 674 2639 mutis
700 2599 869 2641 onera
914 2600 1223 2655 quanquam
1272 2586 1480 2658 fragilis
1516 2587 1830 2657 perferenua
1858 2588 2089 2659 suscepi.

588 2675 792 2733 Dehinc
823 2692 917 2733 vos
943 2686 1143 2733 sanctae
1166 2677 1451 2734 Remensis
1479 2679 1731 2736 Ecclesia:
1760 2679 1898 2736 filios
1923 2681 2095 2737 domi-

513 2779 612 2820 nos
666 2774 880 2826 nostros
937 2767 1161 2837 supplex
1221 2769 1494 2839 deposco,
1541 2778 1809 2839 quatenus
1866 2770 2094 2828 fraterni

512 2856 656 2926 pacti
690 2858 1131 2922 reminiscentes,
1166 2874 1308 2914 nunc
1352 2860 1488 2915 mihi
1534 2861 1656 2916 sitis
1701 2862 1994 2931 praesidio:
2030 2866 2094 2921 et

513 2947 945 3018 quandocunque
962 2949 1076 3005 haec
1103 2960 1303 3007 nostrae
1323 2952 1647 3022 nugacitatis
1665 2955 2096 3025 congeriesapoe

512 3037 713 3113 stolica’
732 3039 1043 3111 porrigente
1072 3040 1294 3098 dextera
1328 3050 1540 3098 vestras
1567 3044 1847 3100 devenerit
1878 3045 1934 3101 in
1977 3058 2161 3122 ma-‘c

512 3144 639 3196 nus,
663 3130 839 3186 cidem
862 3142 1072 3188 vestros
1095 3134 1421 3189 reverendos
1447 3149 1513 3189 ne
1543 3137 1804 3191 avertatis
1829 3136 2089 3205 intuitus;

512 3220 608 3287 sed
635 3236 859 3292 quaeque
892 3221 1008 3294 ejus
1043 3223 1245 3279 insulsa
1294 3224 1407 3278 sale
1440 3235 1633 3280 vestrae
1677 3226 1887 3296 peritiae
1933 3227 2089 3295 jussu

513 3311 716 3371 domini
752 3311 1149 3382 archipracsulis
1199 3315 1423 3370 condire
1469 3330 1576 3369 non
1626 3318 1863 3388 negetis,
1905 3319 2094 3389 sicque

511 3400 714 3472 fratres
741 3404 930 3471 fratris
949 3419 1119 3460 onera
1143 3405 1207 3460 ad
1229 3407 1443 3477 iussum
1463 3406 1706 3479 Apostoli
1730 3408 1874 3465 ferre
1887 3409 2093 3481 juvetis

514 3488 659 3562 (Gal.
700 3509 774 3559 vt,
806 3493 884 3563 9.).
922 3494 1039 3551 Non
1077 3503 1255 3550 autem
1287 3506 1605 3568 congestum
1643 3506 1728 3555 est
1754 3507 1812 3554 ut
1841 3498 1943 3557 hoc
1986 3501 2089 3557 sibi

514 3582 811 3649 peritorum
840 3583 1057 3642 solertia
1081 3586 1352 3657 dignetur,
1380 3588 1475 3644 sed
1497 3596 1555 3643 ut
1577 3587 1632 3643 in
1654 3589 1758 3645 hoc
1781 3590 1865 3646 vel
1886 3590 2091 3662 simpli-

516 3675 692 3735 ciores
739 3679 910 3735 nostri
962 3679 1289 3736 meditantes
1338 3692 1696 3752 occupentur,
1752 3694 1846 3740 aut
1895 3687 2091 3742 saltem

511 3777 668 3843 parta
694 3769 928 3824 dictandi
959 3772 1214 3826 materies
1243 3772 1366 3827 inde
1390 3774 1564 3843 perito
1586 3774 1840 3844 cuiquam
1866 3791 2091 3846 quomo-

513 3858 798 3927 docunque
843 3858 1135 3927 habeatur,
1163 3861 1403 3918 utetiam
1427 3904 1442 3928 ,
1462 3860 1617 3931 juxta
1641 3864 1957 3934 Apostolum
1994 3867 2089 3937 qui

516 3963 620 4001 non
650 3947 911 4009 laboravit
940 3950 1041 4005 sibi
1072 3951 1197 4016 soli,
1224 3951 1320 4008 sed
1346 3952 1598 4009 omnibus
1630 3953 1683 4024 (I
1706 3952 1829 4011 Cor.
1854 3970 1943 4023 xv,
1977 3956 2091 4028 10),

516 4039 703 4094 SCiilllf)
734 4040 786 4093 in
814 4039 1032 4097 Christo
1057 4041 1307 4101 labarare
1339 4044 1844 4102 volentibus'series
1889 4056 2092 4103 nostrae

514 4132 777 4202 orationis
830 4134 1106 4201 ordiatur,
1139 4146 1248 4190 tum
1295 4152 1425 4199 vero
1455 4137 1734 4209 exemplar
1780 4137 1937 4203 Justi,
1974 4149 2089 4194 tum

513 4221 730 4291 quidem
772 4225 872 4279 viri
919 4225 1191 4295 speculum
1251 4243 1348 4297 pro
1393 4243 1553 4298 posse
1591 4238 1776 4285 nostro
1818 4229 2087 4287 imitetur.

448 4376 451 4377 ν
516 4313 606 4384 Sic
630 4329 759 4386 ergo
781 4315 897 4379 fiat,
931 4326 989 4370 ut
1020 4326 1074 4371 et
1120 4318 1362 4374 deliciosi
1426 4322 1661 4390 reperire
1694 4321 1908 4377 valeant
1959 4323 2115 4393 quid

2203 1822 2335 1878 dict.

2274 1912 2480 1969 chinc
2507 1912 2736 1987 diligens
2758 1915 2930 1973 lector
2953 1917 3097 1975 haud
3119 1916 3253 1972 mibi
3272 1931 3430 1974 nunc
3450 1916 3739 1987 indignetur.

2203 2005 2247 2060 si
2286 2005 2709 2075 simplicioribus
2747 2009 2949 2065 nostris
2984 2008 3210 2071 notandi
3251 2009 3502 2079 opusculi
3548 2009 3737 2070 intentio

2201 2094 2531 2165 prmlibetur,
2568 2112 2638 2153 ne
2664 2112 2787 2154 cum
2825 2099 2987 2155 solito
3014 2100 3238 2157 duriora
3262 2099 3517 2170 [egernes
3541 2100 3734 2158 olentis-

2200 2183 2395 2249 derint,
2427 2186 2816 2255 extimescant;
2848 2188 2943 2244 sed
2969 2190 3238 2259 quomodo
3288 2197 3353 2251 et
3390 2204 3464 2245 au
3507 2189 3637 2260 quod
3670 2191 3732 2245 di-

2200 2282 2394 2328 cantur
2418 2275 2813 2347 significantius
2834 2278 3070 2348 capiant.
3122 2278 3342 2336 Dulcior
3386 2281 3585 2351 quippe
3617 2281 3740 2335 nobis

2197 2376 2282 2423 est
2314 2384 2476 2440 apum
2505 2370 2683 2435 labor,
2716 2371 2762 2428 si
2795 2372 2947 2442 prius
2971 2387 3067 2426 ora
3106 2372 3333 2430 tinxerit
3382 2372 3560 2429 malus
3590 2388 3737 2443 sapor.

2197 2459 2418 2525 Gratius
2464 2470 2612 2526 astra
2677 2463 2902 2531 micant,
2943 2462 3035 2518 ubi
3080 2472 3243 2520 nobis
3296 2464 3482 2521 nubes
3517 2463 3741 2536 fugaverit

2199 2554 2569 2613 densissimas.
2609 2553 2767 2623 Haud
2794 2568 2957 2611 secus
2997 2554 3310 2611 Dominicas
3334 2556 3590 2628 inprimis
3622 2569 3740 2610 con-

2196 2643 2522 2709 niinationes
2547 2651 2711 2716 atque
2740 2644 3121 2715 castigationes
3144 2661 3200 2699 re
3229 2653 3390 2716 gesta
3417 2660 3543 2700 cum
3584 2645 3737 2699 subere

2196 2743 2394 2805 quente
2438 2742 2697 2805 provectu
2746 2734 2946 2795 divina:
2990 2736 3384 2803 misericordia
3437 2746 3736 2807 posterorum

2197 2825 2495 2884 traditurus
2521 2826 2814 2890 memoriae,
2843 2825 2995 2894 pium
3022 2841 3085 2881 ac
3103 2825 3310 2895 justum
3328 2826 3574 2897 judicent
3592 2824 3740 2882 Deni-

2195 2932 2323 2971 num
2363 2925 2607 2975 nostrum
2654 2932 2752 2976 nos
2783 2916 3149 2987 multipliciter
3187 2916 3738 2990 delinquentes,mc

2194 3005 2356 3060 minis
2392 3006 2505 3061 suis
2548 3007 2913 3071 terrificasse,
2950 3021 3091 3073 rtunc
3143 3006 3295 3066 duris
3327 3006 3737 3079 objurgationuat

2191 3109 2411 3149 suarum
2443 3094 2870 3169 itumissionibus
2890 3095 3048 3165 digne
3083 3094 3359 3159 multoties
3388 3096 3616 3167 dixerim
3636 3109 3733 3149 car-

2192 3187 2424 3251 rexissc,
2446 3197 2714 3256 quatenus
2738 3187 2895 3243 nobis
2919 3185 3165 3255 ejusdem
3203 3186 3330 3255 mali
3369 3188 3589 3263 saporis
3610 3193 3737 3259 gusta

2191 3278 2258 3332 ad
2314 3286 2525 3349 tempus
2570 3278 2944 3343 exacerba‘tis,
2989 3286 3108 3347 post
3158 3280 3595 3349 supervenientis
3634 3290 3735 3351 gn!

2192 3368 2288 3424 Dei
2342 3369 2674 3441 gratioribus
2733 3369 3101 3429 exbilaremur
3150 3370 3346 3435 donis;
3402 3380 3567 3442 atque
3611 3370 3738 3431 toties

2190 3476 2352 3533 super
2404 3476 2506 3525 nos
2559 3460 2721 3519 factae
2765 3462 3093 3519 visitationis
3114 3476 3330 3533 semper
3385 3460 3735 3525 memorenia

2191 3552 2396 3624 reliqua
2435 3554 2560 3619 vitae
2599 3561 2800 3610 nostrae
2839 3562 3081 3623 tempora
3121 3552 3292 3608 simus
3340 3551 3737 3619 emendatum.

2192 3644 2572 3702 Verumtamen
2596 3662 2704 3702 non
2740 3647 2854 3702 lucc
2877 3645 3169 3701 Dominictc
3204 3646 3535 3701 invectionis
3563 3643 3735 3716 ﬂagella

2191 3734 2510 3805 cujusquam
2551 3750 2712 3795 aures
2757 3734 3062 3807 oerndant,
3092 3737 3187 3791 sed
3239 3736 3430 3806 potius
3464 3736 3737 3807 quicunque

2188 3824 2272 3879 bis
2301 3839 2359 3879 se
2400 3824 2770 3898 correxerint,
2798 3826 2849 3880 in
2888 3823 3285 3896 susceptionem
3328 3823 3574 3879 ﬁliorum
3618 3822 3731 3878 reci-

2189 3917 2418 3987 piendos
2447 3915 2861 3991 congaudeant,
2898 3914 3201 3993 recolcyes
3244 3915 3390 3993 quod
3429 3930 3583 3969 sacra
3615 3911 3733 3967 Scri-

2190 4016 2348 4077 ptura
2383 4019 2484 4061 nos
2511 4004 2768 4060 instruit:
2795 4001 3056 4083 Flapsffat
3089 4000 3342 4057 Dominus
3375 4018 3577 4079 omnem
3597 4000 3734 4069 ﬁlium

2188 4115 2339 4169 quem
2360 4085 2542 4170 recipit
2572 4094 2761 4170 (Hebr.
2787 4113 2887 4163 xu,
2915 4098 3001 4167 ϐ),
3029 4105 3137 4152 etc.

2532 4209 2952 4276 NARRATIO
2998 4200 3419 4271 AUCTORIS.

2264 4331 2315 4384 1.
2356 4328 2581 4386 Cunctis
2613 4343 2847 4399 namque
2868 4337 3071 4385 sancta
3110 4328 3203 4382 Dei
3230 4326 3491 4383 Ecclesia
3513 4325 3631 4381 ﬁliis
3662 4323 3737 4378 ba-

515 4417 724 4475 0ptcut.
757 4416 811 4462 ct
833 4409 975 4463 fame
1007 4394 1206 4479 sitique
1236 4412 1441 4480 gravati
1473 4414 1709 4468 viatores
1739 4414 1880 4468 unde
1908 4413 2091 4468 Domio
2117 4401 2167 4461 D
2194 4420 2351 4475 betur
2386 4419 2729 4481 notissimum
2756 4394 3053 4479 civitatem
3089 4416 3427 4472 Hierusalem
3474 4415 3737 4488 quondm.

518 4515 648 4552 num
688 4500 794 4554 sibi
827 4502 1138 4557 concilient.
1197 4504 1271 4557 At
1309 4520 1438 4560 vero
1478 4508 1569 4576 qui
1608 4515 1764 4572 sunt,
1792 4517 1846 4561 et
1873 4522 1994 4577 quae
2027 4524 2090 4563 ac

516 4587 712 4657 quibus
742 4588 1042 4657 infundant,
1077 4605 1210 4661 puer
1233 4592 1521 4665 Egyptius
1550 4597 1603 4649 iu
1628 4597 1711 4650 via
1740 4596 2038 4656 lassescens
2060 4615 2090 4654 a

522 4678 745 4743 domino
781 4697 880 4737 suo
917 4681 1215 4739 Amalecita
1256 4684 1497 4754 abjectus
1538 4702 1775 4753 congrue
1805 4689 2087 4746 dilucidat.

518 4768 618 4837 Qui
645 4785 674 4824 a
708 4771 873 4833 David
898 4785 1257 4853 persequente
1293 4789 1540 4847 repertus
1569 4795 1633 4836 ac
1666 4779 1908 4848 ejusdem
1939 4782 2086 4853 dapi-

514 4857 615 4913 hus
643 4861 966 4923 sufﬁcienter
992 4865 1250 4933 refectus,
1295 4869 1471 4929 eidem
1516 4886 1620 4924 non
1647 4870 1820 4932 solum
1851 4873 1918 4926 ad
1947 4873 2092 4928 insc-

517 4955 791 5023 quendum
813 4957 1169 5014 Amalecitam
1209 4961 1573 5032 coniungitur,
1616 4964 1710 5019 sed
1751 4972 1806 5023 et
1854 4981 1919 5019 eo
1956 4965 2090 5022 duce

1424 5052 1531 5082 ἔπη..
1612 5053 1684 5082 ΑΛ
1739 5054 1834 5082 ι.--

521 5045 775 5082 nrnrunna
948 5050 1194 5082 :nunnlaan
1248 5052 1531 5082 nA-:m:laln

1878 5070 2088 5082 Iuliana.“

2192 4511 2333 4565 sicut
2380 4508 2691 4581 evangelica
2729 4510 2992 4579 approbat
3040 4506 3295 4576 assertio,
3342 4503 3736 4561 misericorditer

2193 4599 2473 4657 deﬂevisw
2504 4599 2840 4664 Salvator-ein
2872 4594 3137 4664 nostrum,
3158 4597 3511 4667 ejusdemque
3530 4591 3737 4649 civitatis

2191 4692 2570 4749 comminando
2613 4691 2806 4746 futurae
2852 4691 3023 4753 ruina:
3056 4698 3250 4745 cuncta
3287 4689 3603 4759 praedixisse
3637 4685 3732 4740 dis-

2191 4782 2405 4852 pendia,
2428 4798 2493 4841 ac
2515 4791 2695 4853 postea
2722 4785 2789 4845 ad
2813 4783 3014 4838 dictum
3066 4780 3287 4841 Domini
3310 4779 3599 4849 contigisse
3638 4789 3735 4829 ou-

2191 4875 2300 4929 nia.
2335 4874 2486 4933 Haud
2536 4888 2693 4929 secus
2729 4871 3005 4930 modernis
3038 4870 3374 4940 temporibus
3423 4864 3736 4938 exigentibus

2190 4964 2566 5037 iniquitatibus
2603 4963 2841 5026 nostris,
2872 4971 2933 5016 ut
2971 4962 3193 5016 oracqu
3230 4958 3440 5020 ccclein
3482 4966 3733 5015 ostenti“

2192 5064 2271 5082 nn.
2323 5063 2488 5082 uin-an
2509 5053 2772 5082 Αῗηηοοηιηι
2794 5067 2959 5082 annos
2985 5066 3079 5082 uno
3114 5050 3387 5082 :uunnilnn
3412 5050 3461 5082 :n
3503 5056 3729 5082 nam‘
