3936 5402
174 232 357 295 1143.
1026 236 1113 292 DE
1152 235 1571 317 INVENTIONE
1608 235 1694 292 ET
1733 234 2168 294 ELEVATIONE
2208 234 2271 298 S.
2308 232 2604 293 BERTINI.
3334 222 3476 289 ιηο

172 348 479 421 gnationis
505 362 617 407 suaa
644 347 709 407 al
740 356 952 419 tempus
972 348 1178 405 distulit
1200 349 1624 419 correptiouem.
1655 363 1785 405 eon-
1810 354 1861 412 Α
1887 357 2102 404 extenta
2117 349 2305 405 dextra
2318 364 2534 405 onmem
2546 343 3336 405 cmuobiilocumbenedixisse.
3354 343 3474 412 Qua

175 440 464 498 fessionis
507 450 707 498 nostrae
752 442 1119 512 pcenitudines
1157 457 1220 497 ac
1251 451 1454 497 sanctae
1502 456 1794 498 conversa-
1897 442 1963 497 de
1986 458 2043 497 re
2065 442 2226 495 etiam
2251 441 2541 513 colligitur,
2566 439 2742 497 locum
2767 456 2796 494 a
2820 438 3140 510 quibusdam
3164 436 3475 494 commissis

179 529 375 589 tionis
419 530 740 600 praestolans
773 529 1235 594 meliorationem,
1271 539 1329 586 ut
1354 531 1498 586 enim
1531 530 1794 601 propheta
1890 532 2003 603 jam
2026 534 2322 603 expiatum,
2351 533 2677 601 demumque
2701 530 2753 585 in
2781 530 3068 600 pristinum
3098 528 3182 584 vel
3210 527 3475 599 potiorem

178 628 509 678 memorat:
537 619 663 676 Non
688 618 795 674 vult
821 630 1039 674 mortem
1086 622 1396 690 peccatoris.
1438 620 1528 677 sed
1575 631 1633 675 ιιι
1673 637 1798 676 con-
1899 626 2147 682 decorem
2176 625 2471 694 aliquando
2513 623 2865 679 miseratione
2894 621 2989 677 Dei
3028 620 3473 677 convertendum.

184 717 445 766 vertatur
469 720 517 766 et
548 711 687 765 vivat
731 708 949 781 (Ezech.
981 726 1139 775 xvru,
1176 710 1292 781 23).
1327 710 1439 767 Hac
1470 711 1655 782 itaque
1709 726 1794 767 rc-
1900 717 2109 781 Interea
2140 719 2294 774 nobis
2327 718 2451 773 divo
2478 715 2738 788 expositis
2764 729 2829 770 ac
2857 728 3133 769 murorum
3177 711 3478 783 parietibus

186 801 534 873 dargutione
565 802 875 860 immaniter
900 804 1176 873 perterriti
1221 813 1276 859 et
1326 804 1396 860 ad
1427 812 1641 875 tempus
1677 819 1798 875 βω·
1903 817 2168 866 tectorum
2200 824 2421 867 suorum
2451 809 2737 866 honestate
2766 806 3003 872 nudatis,
3030 806 3210 860 denuo
3241 800 3481 858 necessio

188 893 444 949 nitentia
476 895 643 960 ducti,
677 911 798 950 cum
826 896 933 951 fine
974 905 1131 952 tenus
1160 896 1216 951 in
1246 893 1372 953 novi
1401 897 1639 953 hominis
1687 897 1802 953 sin-
1903 900 2092 957 tudine
2116 909 2341 971 urgente
2368 910 2510 956 tecta
2537 908 2877 971 reparantur,
2903 896 3180 965 murisque
3206 902 3481 962 utcunque

194 985 501 1069 ceritatem
548 987 893 1043 aemulatione
947 998 1134 1043 sancta
1188 987 1332 1044 foret
1384 988 1721 1058 enitendum,
1770 1005 1805 1047 a
1903 994 2081 1052 adhuc
2114 994 2381 1051 stantibus
2414 1002 2807 1065 supponuntur.
2852 990 2988 1058 Quid
3021 988 3224 1060 plura?
3268 983 3481 1042 cunctis

197 1079 495 1161 nonnullis
550 1097 703 1138 more
749 1082 911 1139 suillo
969 1083 1161 1139 iterato
1218 1085 1451 1141 reditum
1496 1096 1580 1142 est
1611 1087 1667 1142 in
1703 1086 1803 1143 luti
1903 1098 2004 1154 pro
2031 1095 2273 1155 tempore
2310 1100 2372 1141 ac
2399 1099 2497 1155 pro
2520 1097 2680 1153 posse
2715 1080 2982 1151 reparatis
3008 1094 3101 1135 seu
3131 1078 3311 1150 potius
3335 1072 3483 1130 deal-

196 1168 585 1229 volutahrum.
614 1172 859 1230 Tandem
902 1173 1252 1246 iniquitatum
1283 1186 1597 1234 nostrarum
1646 1192 1809 1234 enor—
1904 1178 2071 1245 batis,
2098 1177 2317 1248 quidam
2342 1186 2651 1232 nostrorum
2678 1174 2837 1230 citius
2862 1182 3012 1229 recto
3034 1188 3141 1227 non
3164 1170 3336 1226 multo
3360 1173 3484 1239 post

199 1261 411 1318 mitate
439 1262 686 1323 irritatus
705 1280 973 1337 supernus
993 1267 1806 1335 Arbiter,exterioremdomum
1907 1279 2150 1341 tempore
2191 1267 2517 1325 visitationis
2559 1282 2671 1325 sua:
2701 1264 2854 1323 obliti
2894 1273 2949 1321 et
2992 1263 3059 1319 ad
3102 1259 3483 1318 abrenuntiata

199 1367 395 1419 suam,
424 1355 517 1410 sed
543 1355 698 1411 malis
728 1358 930 1414 nostris
953 1360 1271 1430 urgentibus
1292 1362 1609 1433 speluncam
1638 1362 1809 1419 latro-
1907 1360 2273 1416 irreverenter
2296 1358 2524 1424 reversi,
2553 1357 2892 1427 necdnmque
2917 1356 3049 1411 fazce
3070 1353 3335 1409 malorum
3358 1365 3489 1407 suo-

92 1452 99 1455 “
205 1462 351 1502 num
382 1446 604 1516 factam,
627 1450 703 1504 uti
733 1449 892 1520 longe
922 1460 1084 1507 antea
1125 1451 1385 1508 divinitus
1414 1453 1805 1510 comminatum
1907 1468 2028 1509 rum
2056 1452 2355 1517 exinanita,
2405 1451 2623 1508 demum
2651 1449 2933 1506 diabolica:
2970 1444 3323 1519 malignitatis
3362 1442 3486 1499 illa-

206 1537 549 1610 fuerat,igni
574 1541 955 1597 miserabiliter
974 1543 1043 1597 ad
1062 1543 1430 1599 devorandum
1456 1544 1805 1602 deliberarat.
1907 1553 2177 1617 queantur
2223 1544 2409 1618 pedica
2456 1562 2470 1598 :
2516 1558 2640 1599 cum
2690 1556 2818 1598 ecce
2855 1540 3033 1596 divina
3082 1537 3338 1608 maiestas
3388 1549 3490 1590 nos

209 1628 367 1701 Nulli
395 1641 574 1688 autem
603 1632 673 1688 sit
698 1634 919 1690 dubium
952 1645 1135 1691 utrum
1157 1650 1288 1692 casu
1314 1634 1541 1693 fortuito
1563 1653 1631 1693 an
1666 1654 1805 1709 pra:-
1834 1702 1872 1709 _
1910 1637 2195 1703 territura,
2225 1637 2441 1693 demum
2466 1643 2590 1706 post
2617 1633 2923 1704 aliquorum
2956 1644 3221 1685 annorum
3245 1626 3495 1684 curricu—

211 1719 406 1778 libatce
434 1723 513 1778 rei
539 1724 707 1795 gratia
743 1724 903 1794 hujus
927 1724 1322 1782 combustionis
1364 1742 1529 1798 super
1573 1702 1682 1783 nos
1722 1729 1804 1784 in—
1834 1702 1879 1758 Β
1908 1728 2015 1786 lum
2044 1729 2099 1785 in
2129 1702 2228 1785 nos
2255 1702 2490 1800 gladium
2520 1740 2673 1782 suum
2707 1702 2925 1780 vibravit
2956 1720 3128 1791 (Paul.
3155 1736 3254 1784 vn,
3284 1717 3397 1789 1'5),
3429 1731 3493 1772 ac

213 1814 801 1887 gruerintdispendia,
846 1832 972 1873 cum
1017 1816 1205 1887 procul
1262 1832 1293 1871 a
1332 1818 1663 1875 monasterio
1711 1819 1806 1877 illo

216 1907 354 1979 igne
383 1919 713 1981 exsurgente
734 1926 798 1966 ac
820 1921 1119 1977 crescente,
1147 1918 1203 1966 et
1235 1899 1444 1967 ventus'
1474 1910 1525 1967 ei
1576 1926 1803 1968 consur-

218 1999 431 2055 rexerit
456 2007 511 2055 et
538 2003 909 2068 concreverit,
953 2018 1018 2058 ac
1063 2002 1319 2058 nonnulla
1377 2002 1597 2059 domata
1634 2014 1810 2060 trans-

219 2104 469 2163 gressus,
511 2105 702 2147 versus
750 2094 1005 2164 templum
1042 2092 1449 2149 vehementiore
1478 2092 1671 2161 ﬂabra,
1700 2094 1812 2151 imo

220 2190 458 2253 peccato
494 2195 749 2256 urgente,
777 2185 1073 2256 impulerit.
1130 2186 1193 2241 Et
1234 2194 1291 2241 ut
1338 2186 1541 2243 dictum
1573 2196 1659 2243 est
1705 2206 1719 2242 :
1764 2188 1811 2242 Α

220 2275 535 2333 sanctuario
583 2293 696 2333 meo
743 2278 956 2347 incipite
1007 2276 1226 2350 (Ezech.
1261 2296 1337 2345 Ix,
1376 2278 1453 2350 6),
1512 2281 1669 2336 sedes
1716 2280 1812 2336 Dei

225 2363 415 2421 subito
464 2364 587 2436 igne
640 2367 999 2433 invaduntur,
1046 2368 1576 2440 lamentabiliterque
1631 2369 1815 2425 edacis

229 2456 469 2523 ﬂamma:
498 2458 794 2514 voracitate
829 2459 1136 2529 liquantur;
1160 2470 1216 2515 et
1252 2461 1395 2531 quod
1426 2462 1636 2517 diutino
1678 2460 1816 2517 mul-

229 2556 398 2616 toque
425 2548 621 2604 sudore
643 2549 977 2605 elaboratum
1002 2551 1236 2616 exstitit,
1266 2562 1395 2606 tunc
1418 2592 1434 2619 ,
1460 2554 1593 2622 proli
1628 2552 1812 2608 dolor!

230 2638 401 2705 unius
443 2639 549 2696 diei
577 2640 710 2696 hora
738 2643 1095 2713 consumpsit.
1145 2642 1353 2698 Dehinc
1397 2644 1692 2714 rapacitate
1721 2661 1818 2701 sua

232 2730 405 2791 totius
429 2729 646 2789 claustri
674 2740 831 2804 gyrat
854 2732 1109 2799 conﬁnia,
1133 2743 1189 2789 et
1211 2734 1346 2788 nihil
1389 2734 1697 2791 intermisso
1726 2751 1825 2791 ex-

232 2825 495 2886 terminat
516 2826 720 2881 omnia.
744 2824 968 2892 Verum,
992 2836 1046 2882 ut
1077 2828 1279 2884 dictum
1301 2836 1407 2896 est,
1435 2830 1568 2885 nihil
1596 2832 1648 2885 in
1678 2839 1821 2886 terra

233 2918 361 2978 ﬁeri
408 2918 526 2973 sine
572 2933 735 2979 causa
801 2917 924 2991 (Job
957 2934 1013 2982 v,
1048 2917 1126 2990 6),
1170 2919 1313 2975 haud
1360 2921 1689 2976 credendum
1740 2930 1826 2977 est

1910 1826 2091 1881 subita
2136 1832 2289 1894 peste
2323 1822 2549 1879 multam
2578 1829 2788 1893 partem
2835 1828 3143 1875 nostrorum
3187 1815 3491 1870 lethotenns

1908 1916 2160 1991 perculit.
2193 1914 2303 1971 Nec
2325 1923 2446 1972 erat
2473 1922 2597 1969 tunc
2624 1912 2732 1967 ulla
2761 1910 3105 1966 morientiqu
3136 1906 3374 1977 requies,
3399 1903 3496 1959 sed

1911 2011 2099 2066 dietim
2144 2009 2474 2065 corruebant
2521 2005 2666 2062 velut
2712 2003 2972 2060 morbida:
3015 2016 3167 2057 Oves.
3219 1999 3353 2054 Cum
3403 1996 3496 2050 illo

1911 2102 1997 2158 vel
2030 2102 2136 2158 illis
2164 2099 2436 2157 defunctis
2482 2098 2661 2154 adhuc
2698 2112 2885 2153 eorum
2932 2093 3224 2164 sepulturis
3262 2089 3495 2146 inservi-

1913 2205 2087 2262 retur,
2115 2208 2243 2249 ecce
2270 2193 2501 2248 aliorum
2530 2192 2708 2247 exitus
2738 2185 2900 2243 subiti
2933 2186 3345 2241 derumtiantur.
3381 2180 3500 2237 Plu-

1916 2288 2041 2343 rimi
2082 2286 2300 2342 interim
2337 2284 2578 2354 ejusdem
2613 2283 2782 2354 pestis
2817 2282 3048 2337 horrore
3087 2275 3295 2341 all‘ecti,
3334 2283 3500 2343 atque

1915 2377 2112 2449 singuli
2144 2391 2307 2448 super
2336 2391 2395 2432 se
2422 2375 2604 2431 subito
2628 2375 2828 2430 futura:
2854 2372 3045 2428 mortis
3078 2368 3336 2440 suspecti,
3362 2365 3501 2422 mul—

1920 2481 2029 2527 tam
2052 2469 2319 2525 malorum
2342 2482 2563 2523 suorum
2587 2464 2982 2537 paenitudinem
3005 2461 3198 2516 iterato
3221 2464 3502 2528 coeperunt

1918 2576 2144 2635 gerere,
2177 2576 2240 2616 ac
2280 2558 2485 2614 intimis
2520 2556 2881 2628 lacrymarum
2911 2550 3161 2622 suspiriis
3202 2547 3501 2604 exacerba-

1923 2662 2030 2709 tam
2061 2650 2220 2707 malis
2246 2650 2360 2706 suis
2394 2648 2608 2706 Domini
2641 2645 2809 2703 nostri
2840 2644 3031 2699 faciem
3071 2642 3307 2712 placare.
3350 2638 3505 2693 Tunc

1922 2757 2175 2800 cerneres
2211 2740 2338 2797 illud
2372 2738 2731 2812 apostolicum
2767 2737 2905 2793 bene
2933 2732 3189 2804 compleri
3223 2747 3239 2786 :
3272 2729 3505 2799 Conﬁte-

1923 2836 2053 2890 mini
2086 2834 2400 2889 alterutrum
2437 2840 2651 2903 peccata
2685 2838 2874 2895 vestra,
2901 2837 2950 2883 et
2982 2834 3128 2881 orate
3160 2840 3255 2895 pro
3286 2822 3505 2878 invicem

1925 2935 1980 2980 ut
2009 2924 2282 2980 salvemint'
2330 2921 2472 2993 (Jac.
2501 2937 2556 2985 v,
2590 2918 2698 2990 16).
2744 2916 2857 2972 Nec
2904 2916 3083 2971 minus
3121 2912 3296 2970 omnis
3344 2925 3509 2982 pecu-

234 3009 528 3075 Dominum
575 3009 794 3067 domum
842 3025 995 3065 suam
1026 3010 1296 3066 ἀῖιηίδίεεθ
1345 3012 1524 3079 Perire
1578 3011 1775 3068 frustra
1803 3028 1817 3077 ς
1850 3047 1896 3109 ε
1927 3020 2177 3076 liaritatis
2213 3016 2423 3074 reculas
2472 3016 2525 3070 in
2576 3014 2811 3071 medium
2849 3008 3076 3083 proferri
3106 3049 3122 3075 ,
3173 3015 3299 3061 ante
3342 3004 3508 3077 pedes

236 3101 340 3163 sed
370 3108 429 3156 ut
456 3102 680 3157 diutinis
719 3101 876 3159 malis
902 3102 1117 3173 penitus
1142 3104 1484 3173 expiaretur,
1527 3112 1582 3159 et
1611 3112 1668 3159 ut
1724 3104 1822 3159 do-

239 3209 368 3265 ntus
396 3210 491 3250 sua
518 3195 747 3251 interior
765 3236 779 3260 ,
808 3196 1009 3251 ibidem
1051 3196 1306 3253 videlicet
1333 3205 1767 3262 commanentes,
1794 3212 1825 3251 a

240 3284 432 3357 pravis
459 3285 764 3341 actionibus
784 3286 899 3342 suis
918 3286 1353 3351 deterrerentur.
1377 3302 1445 3343 ne
1463 3287 1507 3342 si
1531 3287 1688 3343 malis
1716 3287 1830 3342 suis

247 3376 460 3439 nollent
502 3378 818 3433 renuntiare
844 3418 860 3444 ,
905 3378 1143 3433 deterius
1193 3377 1333 3449 ignis
1379 3380 1569 3434 aeterni
1612 3388 1732 3449 post
1775 3379 1829 3433 in

245 3476 512 3533 aeternum
557 3468 878 3538 punirentur
924 3468 1294 3524 damnatione.
1345 3467 1463 3524 Huc
1490 3469 1653 3525 etiam
1704 3469 1833 3524 illud

247 3560 525 3614 memoriae
543 3562 784 3617 occurrit
812 3561 953 3631 quod
987 3560 1425 3632 Quadragesinia:
1453 3561 1833 3617 observatione

248 3649 381 3709 illud
407 3650 695 3709 discrimen
725 3653 879 3711 nobis
909 3653 1199 3718 acciderit,
1235 3653 1452 3723 quando
1479 3653 1656 3708 cuncti
1688 3667 1835 3708 sanae

250 3738 379 3809 fidei
404 3740 638 3796 cultores
661 3742 1002 3812 potissimum
1042 3751 1220 3798 errata
1256 3742 1487 3798 aliorum
1533 3750 1834 3813 temporum

248 3832 467 3903 punire,
491 3842 655 3905 atque
689 3834 757 3889 ah
805 3835 890 3891 liis
926 3835 1085 3907 digna
1128 3836 1464 3906 paenitudine
1510 3850 1569 3891 se
1613 3849 1836 3905 operam

253 3925 389 3979 dant
409 3926 649 3996 expiare.
675 3926 767 3984 Sic
792 3928 874 3985 sic
901 3928 1224 3999 longanimis
1245 3940 1300 3985 et
1328 3929 1510 3985 multa:
1531 3928 1839 3984 misericor-

256 4017 362 4083 dia:
392 4026 447 4072 et
479 4033 643 4073 verax
674 4019 960 4085 Dominus,
986 4019 1077 4075 illo
1108 4020 1160 4074 in
1212 4031 1485 4092 tempore,
1519 4021 1623 4076 hoc
1651 4034 1843 4076 coeno-

255 4108 409 4178 bium
438 4108 847 4179 ctenobitasque
879 4124 979 4164 nos
1017 4118 1166 4164 tanta
1209 4111 1444 4165 incendii
1491 4109 1841 4181 percussione

265 4202 524 4265 multatos
549 4218 578 4256 a
613 4203 824 4259 cunctis
844 4204 1048 4273 peccati
1078 4202 1354 4273 spnrcitiis
1381 4201 1755 4267 examinasse,
1786 4212 1842 4258 et

260 4294 313 4350 in
339 4295 608 4364 requuum
641 4296 762 4351 vita:
786 4306 996 4367 tempus
1021 4311 1055 4351 ο
1085 4297 1291 4351 utinam
1337 4296 1473 4351 velit
1510 4296 1846 4351 emendatio-

1930 3112 2132 3170 domini
2162 3110 2375 3167 abbatis
2403 3106 2652 3164 Roderici
2680 3113 2906 3161 cunctas
2940 3100 3157 3173 exponi,
3186 3099 3362 3169 dignm
3393 3110 3511 3167 poe-

1929 3204 2197 3261 nitudinis
2233 3210 2288 3257 et
2316 3201 2684 3272 lacrymarum
2716 3195 2932 3252 fluentis
2963 3190 3287 3264 rebaptizari
3332 3199 3413 3253 et,
3453 3197 3533 3245 ut-

1929 3296 2150 3355 brevius
2192 3292 2548 3356 concludam,
2584 3289 2671 3344 his
2696 3285 3016 3355 cunctisque
3044 3282 3200 3339 malis
3242 3281 3512 3335 abrenun-

1932 3386 2080 3451 tiari,
2107 3393 2162 3440 et
2196 3382 2450 3437 omnibus
2491 3378 2652 3434 bonis
2683 3375 2861 3431 inniti.
2895 3372 3005 3429 Nec
3046 3381 3224 3427 tamen
3258 3368 3336 3423 sic
3364 3366 3512 3421 omni

1933 3472 2354 3543 Quadragesima
2384 3478 2651 3525 cessatum
2682 3474 2765 3521 est
2794 3465 2861 3519 ab
2896 3461 3201 3531 hujusmodi
3230 3459 3319 3513 lue
3352 3456 3514 3512 letlii-

1934 3565 2073 3631 fera,
2103 3562 2276 3617 donec
2306 3559 2557 3616 undecim
2586 3566 2894 3611 nostrorum
2930 3551 3226 3614 defunctis,
3261 3562 3326 3604 ac
3351 3546 3520 3603 totius

1937 3658 2063 3714 anni
2094 3657 2287 3712 diebus
2315 3654 2515 3725 quibus
2540 3650 2742 3706 diutius
2768 3647 2920 3702 abusi
2945 3660 3139 3703 sumus
3164 3643 3217 3697 in
3248 3641 3341 3697 tali
3380 3655 3519 3695 mte-

1938 3763 2061 3805 rore
2096 3756 2262 3817 atque
2301 3744 2578 3801 anxietate
2618 3738 2933 3804 decimatis,
2965 3733 3218 3791 festivum
3262 3729 3521 3803 paschale

1939 3837 2263 3896 solemnium
2294 3835 2557 3894 instaret.
2587 3842 2912 3899 omnemque
2948 3824 3192 3896 ejusdem
3227 3821 3398 3876 eladis
3440 3819 3521 3873 la—

1939 3944 2180 4003 crymam
2225 3928 2295 3983 ab
2337 3925 2511 3982 oculis
2558 3921 2761 3979 nostris
2805 3920 2978 3991 pietas
3024 3915 3119 3973 Dei
3161 3913 3519 4003 abstergeret.

1940 4002 2094 4092 Quod
2124 4016 2457 4076 undenarius
2502 4026 2761 4070 numerus
2791 4010 2858 4065 ad
2894 4017 3176 4080 peccatum
3217 4002 3523 4075 pertineat,

1942 4129 2114 4171 sacrae
2154 4110 2451 4167 auctoritas
2478 4106 2773 4175 Scripturae
2811 4100 2945 4158 satis
2974 4099 3349 4160 demonstrat;
3394 4092 3522 4163 quia

1943 4209 2085 4263 sicut
2107 4202 2407 4273 Decalogus
2428 4197 2636 4255 denarii
2668 4209 2875 4251 summa
2901 4190 3222 4262 completur,
3255 4186 3335 4242 sic
3356 4184 3526 4239 unde—
3584 4234 3601 4244 κ

1946 4301 2083 4359 narii
2126 4301 2460 4355 incremento
2488 4290 2914 4348 transeenditur.
2957 4286 3137 4354 Quare
3173 4279 3528 4353 quemadmo—

260 4402 350 4444 res
389 4402 510 4443 esse
534 4429 548 4452 ,
583 4398 851 4458 quatenus
900 4366 1008 4444 hoe
1064 4404 1195 4459 rogo
1249 4388 1614 4458 exstinguibili
1663 4386 1842 4442 ell‘ecti
1873 4394 1919 4454 ι)
1946 4395 2072 4450 dum
2096 4407 2195 4464 per
2214 4388 2496 4446 denarium
2525 4381 2777 4453 Decalogi
2798 4376 3131 4438 observatio,
3154 4372 3342 4464 eodem
3367 4366 3529 4464 modo

261 4480 660 4551 castigatiores,
687 4465 879 4537 salerni
926 4481 1066 4552 ignis
1103 4482 1379 4538 cruciatus
1409 4482 1677 4553 possimus
1717 4496 1843 4537 eva-

262 4573 393 4629 dere
438 4573 933 4644 iuexstinguibiles!
992 4572 1085 4630 Sic
1127 4574 1330 4629 etenim
1377 4573 1694 4643 plerumque
1750 4574 1843 4628 Dei

261 4667 530 4738 sapientia
586 4666 642 4721 in
689 4668 1034 4738 corripiendo
1088 4668 1479 4723 immissiouem
1530 4668 1696 4733 virgae
1735 4683 1848 4722 sua:

260 4758 563 4823 nioditicat,
589 4766 647 4811 nt
670 4764 723 4818 et
742 4757 1168 4828 delinquentium
1190 4757 1525 4812 emendanda
1543 4758 1626 4827 pie
1638 4759 1846 4829 puniat,

264 4854 596 4921 domumque
626 4850 679 4904 in
708 4850 823 4918 ipsa
850 4851 1203 4923 castigatione
1228 4850 1484 4921 quiddam
1515 4851 1643 4905 boni
1688 4849 1849 4905 mise-

266 4946 481 5000 ratione
512 4957 612 4998 sua
637 4942 818 4997 foveat
845 4945 986 5013 quod
1012 4951 1131 5015 post
1157 4942 1210 4997 in
1251 4952 1495 5012 tempore
1524 4958 1623 4998 suo
1661 4956 1855 5013 oppor-

265 5048 392 5092 tune
418 5038 793 5103 demonstrat,
824 5033 1276 5105 quemadmodum
1320 5033 1440 5088 loco
1484 5048 1584 5088 suo
1627 5033 1854 5103 diligens

262 5138 426 5191 lector
445 5130 710 5190 inveniet.

330 5229 382 5283 2.
426 5225 525 5281 llis
578 5224 657 5278 ita
709 5221 1079 5294 consumptis,
1135 5219 1379 5276 insecuta
1434 5226 1599 5274 nocte
1642 5219 1854 5278 cuidam

366 5329 576 5342 ...οι-..-αυ-
632 5313 906 5342 οηηεηυοισκ
957 5316 1139 5342 Ιηιιιὶιτὶ
1200 5314 1322 5342 Iun-:0
1384 5308 1559 5342 ΔᾹΙιηΑ
1614 5316 1853 5342 ..μηθ’-ρει

1946 4501 2042 4556 per
2072 4458 2425 4539 u'ndenat'ium
2464 4474 2671 4547 peccati
2707 4472 2970 4542 figuratur
3001 4460 3379 4538 transgressio.
3418 4458 3533 4556 Cur

1947 4547 2002 4631 et
2025 4576 2138 4629 haec
2161 4567 2601 4639 Quadragesimae
2629 4560 2857 4632 tempori
2886 4560 3284 4619 convenerunt,
3311 4547 3532 4618 etquod

1949 4665 2015 4721 de
2038 4664 2225 4720 eodem
2252 4670 2492 4730 tempore
2519 4671 2682 4725 supra
2711 4661 2955 4707 notatum
2984 4650 3079 4715 sit,
3108 4648 3339 4717 diligens
3365 4642 3538 4697 lector

1951 4758 2152 4817 videat,
2180 4769 2244 4808 ac
2270 4748 2542 4822 quomodo
2572 4763 2658 4802 res
2688 4746 2871 4807 rebus,
2901 4736 3255 4811 temporaque
3283 4734 3540 4805 tempori-

1952 4850 2055 4905 bus
2095 4845 2186 4901 hic
2219 4848 2646 4910 consequantur,
2689 4834 2920 4890 rationis
2963 4833 3262 4891 vivacitate
3305 4826 3541 4894 colligat.

1953 4942 2026 4997 At
2051 4933 2328 5009 paululum
2369 4937 2563 4999 emptae
2608 4922 2938 4981 narrationis
2983 4923 3271 4998 digressus
3311 4923 3549 4977 textum,

1960 5032 2027 5088 ad
2057 5029 2197 5084 idem
2220 5022 2332 5092 jam
2364 5032 2510 5075 nunc
2540 5018 2762 5074 reflecto
2788 5012 3101 5073 calamum,
3324 5087 3355 5098 ﬂ
3399 5086 3431 5098 Δ,

2031 5120 2085 5175 5.
2127 5087 2336 5171 Interea
2379 5111 2460 5165 sic
2507 5108 2668 5165 nobis
2712 5105 2864 5175 virga
2910 5101 3151 5165 Domini
3190 5087 3465 5163 ﬂagellatis
3502 5099 3570 5140 ac

1967 5205 2174 5270 meliori
2210 5205 2310 5259 vite
2348 5196 2630 5269 impulsis,
2667 5207 2962 5268 paucorum
3016 5184 3578 5278 annorum-tempore

1970 5312 2229 5342 .m:=::2-
2288 5291 2587 5342 sanctuarii
2642 5288 2881 5342 narietes
2940 5292 3167 5342 Darlim
3224 5268 3585 5337 αηιῑειεεῖεεῑθ.
