3936 5402
433 244 559 306 1151
1251 265 1258 269 ·
1410 241 1819 302 FOLCARDUS
1858 237 2234 298 MONACHUS
2274 229 2722 293 SlTlllVENSlS.
3539 212 3679 273 {[52

427 359 765 436 perduravit.
817 357 1048 415 Tantilla
1099 370 1227 412 vero
1275 357 1390 412 base
1437 356 1620 426 pueris
1666 355 1866 411 nostris
1911 369 1997 409 me
2028 361 2074 418 Α
2101 351 2444 406 invenerunt.
2477 345 2714 410 Quorum
2747 350 2854 395 tres
2883 335 3099 408 quantis
3127 329 3317 404 ‘pozuis
3357 327 3680 393 aﬂecerunt,

429 420 681 524 tetigisse
728 449 978 517 sufﬁciat,
1017 459 1077 504 ut
1109 449 1304 519 quibus
1340 420 1577 518 peccatis
1629 463 1660 501 a
1699 445 2006 506 sanctuario
2107 441 2320 512 qualive
2366 445 2619 510 quartum
2669 433 2814 488 letho
2859 428 3070 485 multati
3119 431 3245 480 sunt
3293 434 3360 477 ac
3415 420 3683 490 quomodo

439 541 535 598 Dei
595 543 806 598 exortis
859 549 1004 596 tanta
1063 539 1202 595 mala
1269 512 1713 595 consurrexerint
1783 545 2005 606 pateat,
2107 533 2321 590 cunctis
2345 543 2464 601 qua:
2509 525 2752 584 invenire
2796 529 3046 594 poterant
3080 517 3306 584 direptis
3353 512 3684 568 monasteria

437 641 504 684 ac
542 628 739 698 quibus
780 625 1098 697 urgentibus
1137 625 1316 680 causis
1365 623 1535 680 sancti
1581 623 1824 693 corporis
1868 637 2010 676 mar-
2109 635 2437 694 cunctasque
2483 618 2726 677 ofﬁcinas
2772 609 3128 674 incenderint,
3159 612 3466 674 cunctaque
3512 613 3686 656 exter-

436 691 609 792 garita
665 691 936 773 recondita
987 716 1078 779 sit,
1125 713 1466 769 manifestius
1509 691 1714 784 pateat.
1778 711 2012 782 Impera-

2177 691 2457 778 inaverint,
2487 718 2664 766 textus
2683 706 2820 761 Vitae
2850 699 2961 774 (64)
2987 699 3158 756 sancti
3183 695 3391 753 Bertini
3423 691 3695 748 satisevi-

438 785 560 864 ῖοτθ
605 805 829 878 Ρνωῖθδο
875 805 1169 862 decedente
1223 820 1252 859 ³
1312 805 1509 860 3330"")
1537 844 1552 870 ο
1611 803 1706 858 ﬁlii
1757 801 1872 872 eius
1917 801 2014 856 L0-
2113 807 2304 867 denter
2349 803 2585 861 disserit.
2635 797 2772 868 Quid
2822 794 3018 866 igitur?
3061 790 3118 847 Si
3167 800 3292 845 tunc
3339 785 3688 857 praefatomm

441 900 669 961 tharius.
720 898 1022 954 Ludovicus
1072 905 1127 952 et
1175 896 1431 961 Carolus,
1485 894 1678 965 singuli
1733 904 2013 964 paternum

2180 911 2427 957 nctorum
2458 908 2686 965 corpora
2722 883 3167 946 eminentioribus
3187 878 3270 937 vel
3300 879 3473 934 certis
3522 877 3689 929 locata

441 989 730 1062 imperium
770 987 1030 1052 :emulati,
1055 1000 1178 1041 mox
1207 986 1275 1040 ab
1310 984 1541 1040 invicem
1583 982 1866 1038 dissentire
1904 995 2017 1036 coc-

2177 995 2248 1051 cis
2275 992 2452 1049 debite
2497 993 2904 1045 venerarentur,
2938 974 3343 1048 exportandane
3391 967 3597 1039 putatis
3638 967 3688 1019 in

443 1089 658 1152 perunt,
710 1087 872 1148 atque
913 1076 1248 1132 ferocissima
1295 1077 1438 1131 inter
1479 1090 1536 1131 se
1583 1089 1757 1144 pugna
1814 1074 2014 1128 inserta

2177 1084 2293 1140 tlida
2326 1098 2485 1138 manu
2508 1077 2715 1135 Domini
2736 1069 3110 1145 eriperentur?
3143 1069 3226 1121 An
3260 1079 3369 1119 non
3395 1073 3528 1116 tunc
3559 1057 3689 1112 mul-

444 1175 498 1232 in
542 1189 679 1247 pago
700 1172 1150 1240 Autissiodorensi
1179 1172 1372 1227 bellum
1403 1172 1835 1228 cruentissimum
1867 1186 2014 1226 com-
2119 1187 2232 1233 tum
2273 1173 2572 1246 Oportebat,
2607 1169 2746 1240 quod
2791 1166 2901 1237 jam
2931 1162 3104 1217 dictus
3132 1157 3388 1214 sacerdos
3435 1152 3530 1206 Dei
3580 1160 3691 1203 tan-

445 1267 750 1322 m‘serunt:
787 1263 878 1320 ubi
908 1279 1029 1320 cum
1070 1264 1410 1320 Francorum
1448 1264 1757 1336 proceribus
1800 1272 1856 1318 et
1896 1277 2018 1322 eum
2119 1276 2296 1333 torum
2341 1263 2604 1322 malorum
2647 1273 2917 1332 praesagus
2953 1248 3336 1308 conservandis
3377 1255 3688 1299 sanctorum

446 1371 482 1412 ο
500 1357 656 1413 metis
681 1355 986 1412 nationibus
1013 1355 1114 1411 sibi
1140 1357 1394 1427 subjectis
1426 1335 1605 1411 mutua
1632 1370 1692 1410 se
1721 1355 1864 1410 caede
1892 1368 2017 1424 pro:
2119 1359 2430 1435 pigneribus
2459 1353 2618 1433 paulo
2643 1360 2769 1413 ante
2787 1345 3067 1404 effecerat?
3093 1341 3330 1398 Necdum
3355 1338 3538 1392 locum
3562 1335 3695 1388 hunc

449 1464 477 1504 δ
501 1447 836 1511 “mentibus-
887 1449 1102 1502 ῑδηάθω
1151 1445 1418 1502 Ῑλοάοίουε
1466 1455 1520 1501 el
1567 1445 1792 1500 (Ῑίιτοῐιιε
1841 1444 2022 1516 fus-Tuo
2121 1428 2301 1524 aliqua
2328 1428 2534 1507 castelli
2569 1445 2656 1504 vel
2685 1431 3408 1500 vallidefensabatmunitio
3441 1439 3535 1482 :et
3567 1428 3692 1488 ideo,

450 1539 710 1597 Lotbario
758 1538 1086 1610 triumphum
1133 1537 1311 1608 adepti
1358 1546 1500 1592 sunt.
1533 1535 1698 1605 Cujus
1747 1534 2021 1595 seminatii
2123 1518 2295 1616 magis
2339 1549 2519 1601 autem
2551 1545 2891 1614 peccatorum
2921 1529 3060 1590 mole
3105 1534 3358 1598 urgente;
3384 1521 3496 1578 huc
3527 1518 3695 1589 perfa-

453 1631 724 1688 discordia
753 1609 979 1686 durante
1004 1644 1103 1699 per
1121 1628 1563 1700 quinquennium,
1595 1627 1684 1681 ubi
1731 1641 1867 1697 pene
1907 1640 2025 1678 om-

2177 1609 2259 1693 lis'
2289 1609 2596 1704 iniquorum
2628 1627 2823 1698 inrupit
2869 1621 3125 1683 incursio.
3170 1617 3281 1674 Nec
3311 1617 3479 1674 modo
3520 1609 3697 1672 setuel,

453 1741 491 1782 ιι
514 1741 554 1780 -s
597 1723 929 1780 Francorum
955 1722 1199 1792 regiones
1240 1736 1360 1776 cum
1405 1718 1793 1776 habitatoribus
1820 1718 1932 1772 suis
1960 1717 2025 1771 ad
2059 1707 2077 1766 Ι

2177 1744 2314 1786 arum
2337 1702 2424 1782 bis
2454 1735 2640 1794 terque
2670 1720 2970 1776 Sitbienses
2997 1715 3132 1770 ﬁnes
3161 1707 3420 1766 redivivis
3451 1702 3698 1772 irruptio-

456 1815 688 1872 ηῗῗιίίιιῐῐι
720 1813 926 1868 redacti
951 1821 1100 1879 sum.
1130 1813 1341 1869 tandem
1371 1827 1504 1883 Pace
1532 1812 1671 1867 fac”
1697 1811 2030 1866 Francorum
2129 1835 2258 1876 num
2292 1832 2509 1872 suarum
2542 1809 2935 1868 vastationibus
2960 1811 3263 1876 repetentes
3292 1796 3584 1869 profligare
3603 1806 3702 1846 non

460 1925 684 1981 l'~‘8"“m
728 1909 828 1966 Sibi
872 1908 1191 1973 ἀίνίεετυηιν
1220 1916 1452 1979 tuncque
1487 1915 1683 1962 ηοείΐω
1731 1916 1910 1976 Parios
1943 1917 2032 1958 οε·
2130 1913 2435 1972 csssarunt,
2489 1902 2662 1959 donec
2715 1898 3091 1971 praedictorum
3138 1899 3456 1946 sanctorqu
3507 1881 3703 1936 meritis

460 1978 751 2058 cidentales
777 1999 968 2056 Carolo
995 1999 1104 2070 regi
1135 1978 1432 2056 cesserunt.
1455 1996 1620 2067 Cujus
1640 1996 1857 2051 obtentu
1886 1994 2033 2063 pacis
2132 2001 2311 2058 divina
2337 1997 2538 2053 ultione
2568 1991 2931 2063 multipliciter
2958 1984 3150 2050 attriti,
3190 1983 3244 2036 in
3278 1978 3536 2050 vaginam
3563 1988 3703 2030 suam

463 2108 801 2163 nequaquam
848 2093 986 2148 mala
1019 2093 1322 2156 deSiel‘ulll;
1372 2090 1465 2145 58d
1498 2089 1766 2158 ιΐίρονιῖῑο
1811 2098 2034 2158 Palem")
2132 2088 2392 2160 conpulsi
2422 2095 2549 2143 sunt
2578 2082 2806 2155 regredi.
2847 2079 3050 2134 Dehinc
3080 2085 3137 2130 ut
3183 2071 3340 2127 tertia
3373 2083 3593 2140 quoque
3627 2079 3707 2120 01':-

463 2184 714 2255 impcrio,
744 2183 869 2238 dum
916 2182 1110 2253 singuli
1159 2198 1254 2253 per
1296 2181 1504 2250 singula
1541 2157 1703 2251 regna
1743 2157 2032 2250 patrizare,
2134 2183 2218 2237 bis
2246 2157 2656 2236 examinaretur
2694 2173 2870 2244 plaga,
2903 2170 3114 2223 dennnn
3146 2163 3304 2219 famis
3329 2169 3386 2215 ct
3423 2157 3708 2218 barbaric:

461 2291 629 2347 seque
656 2276 950 2332 secundum
986 2284 1261 2346 paternam
1289 2271 2036 2345 magnificentiamprotelare
2135 2274 2306 2333 cladis
2337 2271 2580 2327 residuos
2625 2267 2930 2334 ubicunque
2965 2261 3202 2316 locorum
3249 2254 3435 2310 rabies
3482 2249 3710 2318 insequi-

463 2343 711 2440 cnpiunt,
742 2383 906 2439 seque
951 2343 1155 2438 suaque
1181 2366 1569 2423 confundentes
1599 2364 1874 2435 dejiciunt.
1920 2361 2036 2418 Non
2138 2375 2228 2422 tur
2267 2363 2520 2428 hclluina,
2552 2375 2686 2431 quos
2713 2354 3088 2413 miserabiliter
3128 2347 3424 2406 suffocatos
3461 2343 3710 2407 trucidat,

461 2462 608 2517 enim
651 2461 873 2516 verbum
915 2461 1126 2516 Domini
1158 2459 1355 2514 excidit
1387 2475 1400 2513 :
1428 2456 1592 2513 Omne
1621 2472 1834 2524 regnum
1864 2456 1917 2509 in
1959 2472 2041 2509 δε·
2141 2469 2299 2526 atque
2334 2456 2643 2511 inhumatos
2665 2449 3004 2506 membratim
3027 2447 3338 2513 discerpeus
3363 2436 3619 2497 extersui:
3641 2444 3710 2488 at.

465 2554 633 2624 ipsum
670 2553 892 2608 divisum
940 2552 1280 2618 desolabilur,
1309 2561 1356 2605 et
1401 2551 1585 2606 domus
1625 2564 1784 2620 supra
1828 2549 2039 2602 deorum
2140 2546 2331 2604 Tantis
2359 2545 2551 2601 divina:
2581 2541 2798 2598 ultionis
2826 2536 3070 2594 cladibus
3115 2535 3258 2588 banc
3297 2540 3504 2589 terram
3555 2527 3713 2582 ferme

466 2643 616 2697 cadet
646 2641 797 2714 (Luc.
829 2657 908 2706 xl,
945 2642 1051 2711 Π).
1103 2641 1380 2712 Regnante
1427 2640 1614 2696 eodem
1661 2652 1784 2709 rege
1827 2637 2039 2702 Carolo,
2143 2652 2357 2699 centum
2409 2639 2565 2695 annis
2612 2635 3022 2707 occupantibus,
3056 2631 3234 2688 denuo
3283 2626 3443 2697 quasi
3489 2624 3713 2694 quodam

471 2731 635 2786 tertio
687 2731 960 2802 regiminis
1009 2730 1257 2784 Adalardi
1311 2728 1524 2784 abbatis
1565 2743 1744 2794 anno,
1793 2726 2042 2798 praefatus

2183 2732 2343 2788 iluvio
2366 2730 2585 2786 diluitur
2609 2727 2695 2782 bis
2721 2726 2938 2781 decocta
2970 2717 3424 2777 tribulationibus.

470 2819 670 2891 pracsul
715 2821 970 2876 emeritos
1020 2818 1076 2872 S.
1111 2817 1314 2874 Bertini
1361 2826 1511 2872 artus
1562 2831 1706 2871 anno
1753 2816 2044 2871 Dominica:

2214 2825 2271 2878 7.
2302 2821 2596 2875 Tantorum
2637 2832 2765 2888 ergo
2794 2814 3054 2871 malorum
3086 2809 3342 2866 sacerdos
3371 2806 3466 2861 Dei
3509 2803 3718 2872 Folqut~

473 2911 862 2968 lncarnationis
914 2911 1358 2982 octingentesimo
1404 2908 1814 2979 quadragesimo
1861 2908 2044 2972 tertio,

2177 2931 2248 2971 ius
2297 2912 2469 2971 sancti
2505 2910 2736 2981 Spiritus
2778 2906 3130 2962 illustratione
3180 2899 3559 2972 prmmonitus,
3601 2896 3720 2949 dum

475 3003 756 3060 secretiori
780 3017 942 3072 quam
971 3003 1117 3072 prius
1156 3000 1331 3056 fuerat
1359 2999 1476 3054 loco
1518 2999 1650 3053 mire
1692 2997 2044 3068 compositum
2078 3047 2116 3072 η
2150 3007 2324 3062 adhuc
2354 3003 2501 3066 vixit,
2533 2997 2837 3056 venerabile
2861 2995 2918 3052 S.
2951 2993 3150 3049 Bertini
3181 3004 3379 3059 corpus
3407 2983 3723 3058 ignotolooo

478 3047 942 3072 ννν·ν“·ν·-“ι“·“··-
1009 3047 1117 3056 ----υ
1156 3047 1331 3056 --ν-ςη
1360 3047 1472 3054 -νη
1697 3047 2042 3068 -ν--τ-η--ηη
2150 3047 2324 3062 “uno
2546 3047 2835 3056 mm"---
2862 3047 2917 3052 κ-
2952 3047 2975 3049 κ
3004 3047 3042 3049 η
3279 3047 3293 3059 ,
3429 3047 3458 3058 ,,

478 3093 609 3166 [tege
629 3047 1201 3166 compositos]rlocavit
1232 3110 1246 3147 :
1278 3093 1418 3146 sicut
1447 3091 1602 3161 paulo
1631 3099 1754 3144 ante
1783 3089 1840 3145 S.
1873 3090 2048 3143 Audo-
2077 3047 2120 3109 Ο
2151 3107 2204 3154 et
2239 3093 2329 3152 ubi
2361 3094 2538 3150 minus
2567 3097 2847 3163 putaretur
2884 3085 3137 3147 occuluit,
3178 3081 3268 3135 ubi
3311 3093 3496 3150 usque
3524 3076 3592 3130 ad
3621 3076 3729 3128 butt:

479 3187 616 3242 mari
655 3185 960 3241 venerabile
1008 3201 1202 3256 corpus
1257 3185 1439 3242 furtim
1487 3192 1750 3253 ereptum.
1799 3183 1890 3237 sed
1940 3199 2050 3237 suae
2153 3196 2334 3243 nostra
2390 3182 2680 3240 novissima
2733 3190 2995 3249 tempora,
3031 3173 3234 3230 scilicet
3281 3169 3534 3225 ducentis
3585 3167 3732 3236 quin—

479 3275 771 3346 diligentia:
808 3275 1064 3329 divinitus
1093 3253 1402 3329 concessum
1430 3274 1549 3327 loco
1576 3288 1674 3327 suo
1703 3273 1955 3338 restituit,
1985 3287 2052 3327 ne
2153 3276 2407 3350 quaginta
2459 3272 2570 3345 (65)
2613 3270 2790 3335 annis,
2822 3253 2960 3322 altdr
3007 3274 3060 3320 et
3091 3272 3275 3335 pastor
3323 3269 3515 3315 noster
3558 3256 3726 3316 latuit.

484 3367 600 3421 lucc
625 3365 800 3434 patria
830 3373 980 3420 tanto
1010 3379 1244 3434 unquam
1276 3365 1615 3419 fraudaretur
1631 3373 1880 3434 patrono,
1912 3362 2054 3417 baud
2155 3369 2324 3426 donec
2368 3365 2652 3423 fundandae
2677 3357 2877 3434 cryfptzn
2914 3373 3099 3420 causa,
3129 3354 3205 3410 uti
3226 3353 3342 3422 jam
3374 3360 3732 3423 praenotata!!!

485 3457 821 3512 dissimiliter
871 3457 1226 3512 abditioribus
1280 3457 1414 3512 locis
1466 3457 1760 3512 mandavit.
1816 3455 2053 3522 Quorum
2157 3468 2258 3524 est,
2287 3458 2533 3514 eumdem
2576 3453 2852 3512 subversio
2880 3447 3191 3522 principalis
3219 3445 3334 3518 (66)
3371 3459 3485 3500 ara:
3514 3442 3729 3499 detexit.

487 3551 653 3605 etiam
715 3559 935 3605 sanctas
999 3547 1375 3604 translationes
1427 3546 1694 3604 distinctis
1753 3555 2055 3616 temporum
2160 3551 2365 3620 Quibus
2391 3547 2605 3605 indiciis
2639 3546 2747 3616 jam
2775 3544 2972 3600 certior
2995 3541 3186 3606 factus,
3212 3545 3470 3606 suscepta
3512 3537 3582 3590 ab
3625 3535 3731 3605 epi-

487 3640 947 3698 debusacuncto
971 3640 1164 3711 populo
1207 3639 1454 3695 dioecesis
1487 3655 1596 3695 sua:
1630 3637 2056 3709 magnificentius
2161 3656 2324 3712 scopo
2376 3647 2564 3695 nostro
2615 3635 2860 3707 epistola,
2919 3632 3100 3689 Remis
3151 3631 3220 3687 ad
3273 3627 3732 3698 archiepiscopum

489 3733 834 3790 celebrandas
863 3733 1108 3795 sancivit,
1144 3739 1200 3786 ut
1244 3731 1500 3802 quidquid
1533 3731 1584 3784 in
1614 3745 1802 3786 eorum
1845 3728 2058 3798 deposi—
2161 3729 2475 3802 proﬁciscor
2527 3742 2689 3797 super
2749 3725 2834 3781 bis
2878 3721 3177 3781 consultum
3229 3718 3606 3789 quaesiturus:
3655 3716 3734 3770 ubi

491 3826 726 3882 tionibus
777 3825 975 3882 sanctis
1027 3839 1211 3881 mense
1263 3824 1564 3894 Septembri
1619 3822 2061 3879 concurrentibus
2164 3837 2286 3878 cunt
2323 3820 2676 3882 venissemus,
2701 3817 2899 3872 domno
2929 3811 3330 3883 archiepiscopo
3357 3807 3594 3864 locuturi
3625 3821 3733 3874 pro-

490 3932 526 3974 u
559 3926 716 3989 gente
744 3916 935 3972 messis
963 3916 1281 3971 necessita'e
1309 3916 1484 3969 minus
1507 3914 1664 3984 digne
1707 3913 2059 3977 celebrarent,
2165 3919 2445 3975 cessimus.
2479 3913 2642 3970 Nobis
2686 3927 2898 3983 quoque
2927 3923 3107 3984 coram
3138 3921 3196 3961 se
3227 3901 3563 3958 intromissis
3598 3915 3733 3954 mox-

492 4009 578 4064 liis
605 4016 916 4064 sanctarum
948 4006 1357 4063 translationum
1388 4005 1818 4062 solemnitatibus
1842 4003 2063 4056 liberius
2165 4024 2270 4086 que
2316 4020 2434 4064 sese
2475 4015 2588 4062 toto
2628 4001 2872 4074 exposito
2917 4000 2983 4054 ad
3031 3997 3225 4052 seriem
3261 4000 3466 4048 nostra:
3510 3989 3739 4046 dicenda:

491 4098 775 4154 exsolvere
827 4107 1066 4170 possent.
1125 4097 1299 4154 Tanto
1351 4097 1513 4168 igitur
1560 4096 1815 4151 thesauro
1870 4091 2066 4146 abditis
2169 4079 2416 4166 ιῖδιίοηίε,
2443 4103 2607 4169 gestae
2628 4093 2704 4149 rei
2728 4092 3017 4148 novitatem
3041 4088 3087 4143 ei
3116 4101 3213 4156 per
3238 4082 3496 4140 ordinem
3519 4079 3742 4156 primum

494 4190 629 4246 locis
660 4189 953 4261 assignato,
994 4205 1100 4244 non
1130 4189 1296 4244 multo
1332 4195 1449 4258 post
1490 4185 1744 4258 temporis
1785 4181 2066 4240 intervallo

2177 4189 2477 4254 retulimus,
2509 4202 2574 4243 ac
2605 4185 2798 4242 deinde
2827 4179 3108 4253 epistolam
3146 4173 3328 4233 domui
3357 4174 3599 4244 episcopi
3630 4183 3742 4224 cum

494 4295 685 4338 onnes
711 4281 866 4337 istius
892 4280 1080 4352 patriae
1121 4280 1364 4336 nationes
1399 4279 1524 4333 hinc
1557 4276 1825 4346 surgentis
1855 4271 2066 4344 gravis-
2175 4293 2310 4342 ιεείε
2367 4281 2646 4350 scriptura
2695 4291 2856 4348 super
2902 4275 3004 4330 hoc
3033 4271 3148 4342 ipso
3188 4268 3448 4338 loquente
3471 4281 3539 4320 ac
3577 4262 3744 4319 crucis

496 4379 647 4434 s’mae
696 4375 855 4432 famis
904 4375 1152 4446 angustia
1212 4370 1579 4436 consternati,
1635 4369 1778 4424 illinc
1831 4367 2063 4422 subitam

2177 4375 2328 4432 titulo
2358 4373 2458 4445 ipsi
2488 4372 2606 4426 dedi
2632 4371 2686 4424 in
2720 4382 2928 4423 manus.
2957 4364 3055 4432 Qui
3088 4376 3211 4417 mox
3248 4357 3570 4415 convocatis
3596 4355 3746 4409 abba.-

498 4466 894 4521 Nortmannicze
938 4463 1264 4521 incursionis
1314 4464 1515 4518 rabiem
1569 4459 1843 4530 suspecti,
1892 4454 2072 4512 omnis

2177 4469 2337 4534 tibus,
2369 4461 2833 4518 arcbidiaconibus
2863 4467 2918 4512 et
2947 4455 3256 4528 quibusque
3284 4451 3526 4510 sanioris
3563 4447 3747 4502 mentis

501 4573 636 4626 pene
686 4557 936 4614 nobilitas
985 4557 1141 4613 istius
1197 4567 1353 4611 terra:
1401 4563 1596 4626 praeter
1655 4567 1883 4621 paucos,
1938 4563 2073 4621 quos

2177 4555 2457 4615 monachis
2483 4563 2643 4624 atque
2664 4548 2956 4611 canonicis,
2982 4545 3034 4600 in
3064 4549 3352 4613 conspectu
3377 4541 3746 4598 ducentorum,

501 4665 726 4722 operum
752 4665 817 4707 ac
846 4651 1130 4706 fundorum
1155 4650 1306 4719 copia
1338 4657 1393 4703 et
1417 4646 1757 4702 castellorum
1785 4643 1868 4698 vel
1898 4641 2072 4696 muni-

2177 4651 2341 4706 tcrtio
2363 4647 2486 4702 ldus
2517 4641 2758 4699 Januarii
2785 4641 2837 4696 in
2867 4636 3157 4694 festivitate
3184 4630 3540 4710 depositionis
3563 4628 3620 4685 S.
3650 4625 3748 4682 Re-

507 4717 710 4798 tionum
741 4741 936 4798 fiducia
986 4717 1311 4805 detinuerat,
1359 4747 1480 4809 post
1528 4738 1772 4793 dominos
1815 4749 1942 4790 suos
1991 4731 2074 4786 vel

2178 4738 2328 4809 migii
2369 4737 2422 4791 in
2453 4736 2568 4790 haec
2593 4733 2757 4788 verba
2787 4729 2973 4787 eadem
3003 4725 3227 4781 recitata
3250 4730 3334 4778 est
3359 4717 3587 4790 epistola
3621 4736 3635 4770 :

505 4847 825 4905 quocunque
852 4834 1017 4888 tutius
1040 4833 1120 4888 eis
1141 4832 1424 4887 videbatur
1448 4829 1810 4885 discedebant.
1836 4825 2077 4881 Practer-

2177 4851 2379 4906 Damno
2435 4845 2649 4904 Wtoortl
2707 4841 2800 4896 Dei
2839 4839 3010 4910 gratia
3065 4836 3349 4910 Remorum
3399 4825 3749 4910 qrrhipra’stdi

505 4939 568 4982 ea
601 4925 845 4980 residuos
868 4924 1086 4979 immani
1113 4924 1271 4977 famis
1301 4930 1571 4990 utcunque
1615 4926 1807 4974 exutos
1837 4913 2075 4986 periculo
2178 4901 2210 4906 —
2318 4901 2500 4972 Dnooo
2528 4901 2793 4986 episcOpus
2821 4901 2999 4964 e'orum
3019 4907 3108 4977 qui
3132 4905 3381 4957 dicuntur
3412 4901 3611 4954 Morini

2318 4900 2500 4972 Dnoco
2528 4900 2793 4986 episwpus
2821 4900 2999 4964 eorum
3019 4907 3108 4977 qui
3132 4905 3381 4957 dicuntur
3412 4900 3632 4954 Morini.

2255 5008 2288 5018 κ
2452 5006 2484 5018 ιο
2527 5005 2538 5017 ο
2807 5015 2816 5017 Α
2869 5015 2879 5018 -
2952 4997 3150 5018 -..Ξ--..ι
3206 5006 3431 5018 anum-vum
3485 4987 3722 5018 λίσσηῖιιιιῖ
