3936 5402
219 258 362 317 “53

1088 261 1173 315 DE
1211 260 1627 318 lNVEN'l’lONE
1660 261 1748 316 ΕΤ
1790 260 2227 317 ELEVATIONE
2279 262 2338 317 S.
2379 261 2667 318 BERTINI.

3314 266 3474 326 -Ηῦῑ

220 373 446 430 consilia
480 390 493 428 :
521 387 639 443 qua:
663 373 707 428 si
744 371 931 429 deifice
961 383 1016 429 et
1045 373 1384 429 laudabiliter
1421 375 1797 440 disponantur,
1828 377 1872 432 Λ
1901 374 2195 444 approbent
2242 374 2569 437 testimonia,
2593 391 2757 443 super
2793 375 2891 432 hoc
2920 386 3146 450 utroque
3176 379 3479 436 consultum

220 474 312 521 tua
342 475 425 521 est
452 466 656 521 utilitas
699 465 858 522 simul
901 473 954 521 et
999 475 1203 520 nostra.
1237 463 1389 520 Unde
1416 467 1459 521 si
1503 467 1716 536 quando
1746 465 1798 519 in

221 553 484 612 Ecclesiis
517 557 716 612 nostris
741 555 940 627 aliquid
967 555 1226 626 contingit
1262 555 1556 621 insolitum,
1583 556 1670 611 ubi
1703 570 1801 625 pro

221 647 301 702 rei
334 649 703 720 magnitudine
748 663 839 703 seu
877 648 1114 702 novitate
1141 663 1247 704 non
1289 648 1422 703 satis
1462 646 1618 717 plene
1647 647 1802 703 nobis

220 739 516 796 sufficimus
572 741 640 796 ad
696 739 1121 805 consulendum,
1172 750 1567 811 consequenter
1622 740 1690 794 ad
1750 746 1802 794 te

220 847 420 902 quippe
448 841 506 887 ut
537 832 603 887 ad
633 842 794 902 caput
838 848 866 886 a
899 833 1154 887 membris
1185 835 1501 898 recurritur,
1535 841 1802 901 quatenus

217 921 274 976 in
303 922 478 978 dubiis
504 925 705 979 nostris
729 925 990 980 certiores
1029 940 1127 980 nos
1156 933 1242 979 tua
1279 925 1572 980 auctoritas
1613 923 1797 991 faciat,

221 1026 453 1080 quorum
488 1014 762 1070 humilitas
790 1014 924 1070 nihil
962 1030 1058 1085 per
1085 1031 1142 1070 se
1173 1024 1376 1070 temere
1415 1015 1621 1082 definit,
1658 1017 1800 1085 quod

219 1101 467 1158 altiorem
516 1103 1001 1160 considerationem
1035 1115 1089 1161 et
1133 1107 1571 1162 deliberationem
1616 1106 1802 1178 requi-

219 1206 324 1252 rat.
363 1197 583 1255 Noverit
611 1201 790 1272 itaque
826 1203 1120 1272 paternitas
1149 1213 1257 1268 tua,
1290 1205 1344 1260 in
1367 1205 1583 1262 dioecesi
1617 1215 1798 1263 nostra

223 1289 310 1346 his
340 1291 530 1348 diebus
565 1308 760 1350 novum
791 1296 1045 1367 quiddam
1072 1299 1359 1369 contigisse
1393 1310 1446 1356 et
1489 1302 1797 1368 mirificum,

218 1382 363 1451 quod
403 1393 462 1439 ut
491 1384 589 1440 tibi
637 1386 948 1454 scriberem,
981 1399 1234 1461 tuamque
1274 1407 1438 1464 super
1470 1394 1575 1450 hoc
1601 1391 1802 1466 efflagi-

220 1479 392 1529 tarem
431 1474 777 1542 sententiam,
807 1477 980 1533 visum
1005 1488 1088 1534 est
1123 1481 1252 1536 mibi
1303 1481 1466 1540 fuisse
1495 1484 1797 1540 consilium.

217 1560 398 1618 Locus
443 1564 619 1621 dictus
656 1564 830 1622 Sithiu
860 1569 1097 1626 virorum
1142 1570 1237 1626 Dei
1279 1583 1361 1628 est
1407 1574 1708 1629 coenobium
1747 1584 1802 1630 et

214 1655 359 1711 sedis
384 1664 580 1712 nostrae
609 1659 888 1727 parochia,
918 1675 1106 1715 eorum
1136 1677 1352 1736 quoque
1381 1679 1487 1719 non
1524 1665 1796 1732 ultimum,

215 1761 337 1816 quas
363 1745 491 1802 olim
527 1763 558 1802 a
590 1750 804 1821 regibus
841 1751 1059 1807 fundata
1092 1753 1251 1808 simul
1289 1763 1344 1810 et
1371 1756 1537 1811 ditata
1567 1757 1803 1828 antiqui-

217 1839 345 1893 tatis
367 1839 580 1910 reliquit
606 1843 888 1898 memoria.
913 1844 1334 1902 Celeberrimum
1359 1863 1490 1903 sane
1513 1859 1598 1906 est
1619 1851 1802 1907 multis

213 1939 525 1988 sanctorum
555 1933 688 1990 inibi
722 1935 1116 2005 quiescentium
1151 1940 1486 2010 pigneribus,
1517 1943 1656 1999 inter
1683 1959 1802 2016 quae

215 2021 371 2089 quasi
428 2023 658 2092 quodam
721 2026 974 2097 specialis
1027 2030 1205 2084 meriti
1268 2031 1551 2104 privilegio
1610 2036 1801 2092 beatus

215 2113 418 2168 eminet
465 2113 731 2180 Bertinus,
767 2117 933 2187 ipsius
974 2120 1224 2178 videlicet
1266 2123 1368 2180 loci
1403 2134 1585 2182 rector
1611 2130 1802 2199 praeci-

213 2220 372 2274 puus.
447 2205 553 2262 Rus
599 2209 904 2278 postulabat
951 2221 1010 2266 ut
1055 2228 1152 2284 pro
1198 2221 1560 2275 construenda
1609 2233 1799 2292 crypta

220 2305 524 2352 mutaretur
563 2299 853 2357 cardinalis
896 2317 1012 2369 ara,
1044 2305 1184 2374 quod
1233 2305 1422 2364 altiore
1451 2310 1677 2366 consilio
1711 2313 1799 2369 ab-

216 2387 313 2443 bas
349 2389 530 2447 faccre
579 2392 808 2448 instituit
856 2395 908 2448 in
944 2406 1125 2451 nostra
1176 2403 1477 2470 praesentia.
1525 2403 1626 2458 Ubi
1671 2404 1796 2459 dum

215 2489 337 2548 post
363 2480 553 2536 altaris
575 2482 991 2542 destructionem
1037 2497 1178 2544 terra
1214 2491 1374 2546 altius
1407 2491 1677 2557 effoditur,
1711 2508 1796 2548 re-

214 2569 576 2628 conditorium
627 2577 895 2644 quoddam
933 2578 1166 2635 lateritio
1218 2596 1380 2652 opere
1422 2598 1486 2638 ac
1532 2592 1795 2639 caemento

215 2688 352 2743 pene
397 2675 766 2734 indissolubile
799 2679 969 2735 oculis
1021 2684 1310 2738 astantium
1359 2684 1601 2741 offertur.
1640 2688 1792 2753 Quod

213 2769 430 2822 tandem
479 2768 645 2824 multo
683 2770 879 2826 sudore
908 2773 1262 2840 destructum,
1294 2776 1551 2832 scrinium
1590 2778 1792 2848 plumbi

210 2865 266 2910 et
301 2871 425 2910 ossa
481 2859 708 2916 cinerati
756 2863 1000 2931 corporis
1049 2875 1315 2921 monstrat
1359 2869 1620 2923 contineri
1669 2885 1790 2924 cum

211 2946 373 3014 sigilli
427 2951 700 3006 notamine
747 2953 880 3010 satis
926 2955 1178 3010 evidenti.
1217 2955 1459 3027 Sigillum
1507 2975 1641 3013 crux
1691 2959 1792 3014 fuit

211 3051 490 3110 argentea,
525 3042 713 3098 titulus
740 3060 864 3100 vero
895 3064 907 3099 :
938 3045 995 3101 S.
1024 3047 1294 3123 BERTINUS
1314 3064 1494 3105 senss.
1534 3049 1658 3106 Haec
1701 3065 1786 3107 res
1811 3064 1856 3124 ο

213 3139 322 3183 tam
354 3131 514 3197 mira,
553 3141 659 3187 tam
694 3133 961 3204 insperata
999 3152 1120 3192 cum
1151 3121 1413 3206 quosdam
1442 3138 1787 3209 perfunderet

211 3221 432 3290 gaudio,
464 3223 721 3290 quosdam
747 3239 874 3279 vero
899 3224 1192 3281 diffidentia
1223 3229 1462 3283 turbaret
1489 3238 1542 3284 et
1571 3239 1788 3300 stupore

209 3312 398 3377 L'mio,
435 3313 611 3369 abbati
663 3323 718 3369 et
767 3315 1024 3372 fratribus
1059 3334 1217 3387 super
1271 3321 1372 3376 hoc
1423 3322 1787 3378 testimonium

215 3404 354 3456 redit
383 3403 450 3457 ad
476 3406 792 3460 memoriam
815 3415 869 3462 et
897 3407 962 3460 ad
985 3407 1210 3463 aliorum
1242 3409 1420 3465 minus
1453 3414 1787 3467 credentium

208 3493 528 3562 perducitur
572 3497 840 3565 notitiam,
868 3498 1018 3567 cujus
1044 3499 1205 3555 etiam
1256 3501 1347 3558 tibi
1395 3503 1627 3558 breviter
1667 3520 1788 3576 per-

210 3585 532 3640 strinximus
558 3589 899 3644 sententiam.
933 3589 1150 3661 Legitur
1179 3591 1231 3646 in
1278 3593 1444 3663 ipsius
1472 3593 1574 3650 loci
1602 3595 1788 3650 archi-

209 3674 294 3729 vis
344 3674 589 3745 publicis,
631 3679 773 3748 quod
802 3677 860 3734 S.
912 3680 1207 3752 Folquinus
1245 3693 1438 3740 nostrse
1485 3685 1628 3741 sedis
1672 3687 1784 3758 epi-

208 3781 408 3837 seopus
436 3767 607 3839 (cujus
633 3772 795 3825 etiam
817 3787 1012 3843 corpus
1039 3776 1249 3846 magnis
1269 3777 1479 3832 celebre
1503 3779 1789 3838 virtutibus

208 3857 266 3913 in
303 3860 493 3915 eadem
533 3862 761 3932 quiescit
798 3864 1050 3937 ecclesia)
1076 3883 1356 3937 grassante
1399 3869 1521 3940 igne
1565 3881 1617 3926 et
1642 3871 1788 3931 ferro

208 3947 485 4006 Danorum
535 3951 781 4010 barbarie
835 3971 930 4026 per
977 3957 1092 4013 loca
1143 3961 1436 4029 maritima,
1465 3964 1625 4033 paulo
1662 3975 1790 4023 ante

207 4040 354 4096 banc
382 4044 697 4100 vastationis
728 4047 868 4101 luem
898 4063 1093 4120 corpus
1126 4051 1284 4122 hujus
1321 4055 1493 4110 sancti
1523 4067 1670 4113 certa
1701 4058 1788 4114 die

197 4125 357 4187 terra
413 4138 770 4194 recondiderit
805 4157 818 4193 :
848 4149 1099 4196 caeterum
1146 4145 1360 4213 quando
1405 4146 1488 4201 vel
1534 4164 1564 4203 a
1594 4151 1788 4222 quibus

207 4233 335 4294 post
388 4226 662 4283 inventum
710 4233 802 4297 sit,
832 4247 899 4288 ne
945 4236 1148 4290 mentio
1194 4238 1407 4307 quidem
1456 4239 1656 4312 aliqua,
1688 4260 1786 4300 ex—

206 4331 366 4392 cepto
409 4325 586 4394 p0puli
634 4341 870 4396 rumore,
898 4331 989 4401 qui
1037 4333 1176 4389 sicut
1216 4346 1367 4392 certa
1409 4353 1506 4408 pro
1539 4342 1785 4410 incertis,

207 4413 286 4466 ita
313 4412 627 4486 plerumque
662 4418 792 4474 falsa
825 4437 922 4492 pro
951 4425 1092 4480 veris
1120 4426 1343 4484 inducit.
1389 4430 1554 4500 Hujus
1589 4436 1665 4490 rei
1709 4446 1785 4494 te-

207 4505 376 4559 statio
421 4507 486 4561 ad
518 4508 591 4562 rei
641 4509 798 4565 fidem
855 4514 1013 4570 nobis
1059 4518 1352 4586 satisfacit;
1397 4523 1490 4578 sed
1515 4533 1599 4580 est
1643 4527 1786 4584 aliud

205 4597 354 4665 quod
397 4600 592 4668 partim
642 4618 761 4670 nos,
793 4605 981 4676 vulgus
1025 4618 1204 4666 autem
1256 4613 1434 4671 minus
1481 4617 1650 4672 intelli

206 4704 316 4743 non
366 4690 712 4748 mediocriter
757 4698 924 4768 angit.
954 4697 1086 4754 Nam
1119 4703 1247 4771 quid
1289 4705 1356 4761 de
1400 4709 1641 4780 reliquiis
1684 4713 1784 4768 sub

204 4781 448 4852 ejusdem
469 4787 639 4840 sancti
663 4789 878 4846 nomine
909 4790 960 4845 in
990 4793 1178 4848 eadem
1201 4796 1427 4853 ecclesia
1451 4800 1503 4854 in
1535 4817 1785 4860 reveren-

208 4873 283 4927 tia
308 4873 509 4930 habitis
543 4875 658 4931 fieri
687 4888 956 4948 oporteat,
985 4881 1030 4936 si
1073 4899 1262 4941 recens
1301 4887 1576 4944 inventum
1611 4895 1783 4950 sancti

205 4979 406 5036 corpus
425 4966 494 5021 ad
521 4968 759 5023 debitum
781 4971 1037 5028 honorem
1065 4978 1436 5048 transferatur,
1463 4982 1604 5038 nulla
1630 4985 1782 5042 nobis

205 5056 272 5109 ad
299 5065 486 5111 votqu
517 5056 756 5113 definitio
785 5059 1124 5133 suffragatur.
1167 5067 1458 5124 Precamur
1479 5073 1660 5145 itaque
1687 5093 1784 5148 per

200 5160 322 5202 eum
343 5147 436 5218 qui
465 5154 516 5201 te
543 5149 696 5203 nobis
721 5146 956 5219 praefecit
977 5156 1291 5224 antistitem,
1315 5173 1413 5227 per
1432 5176 1632 5221 sanctas
1653 5146 1781 5224 cha-

197 5241 380 5296 ritatis
423 5252 670 5294 mutuam
699 5256 1104 5316 connexionem,
1134 5260 1193 5306 ut
1232 5251 1418 5308 ascitis
1451 5257 1585 5311 viris
1646 5276 1780 5330 quos

194 5332 396 5388 divina:
425 5330 562 5402 legis
603 5332 830 5389 illustret
859 5337 1099 5402 scientia.
1133 5345 1258 5399 vine
1286 5344 1448 5399 etiam
1497 5349 1780 5402 laudabilis

1903 463 2138 527 habeas,
2187 472 2241 518 ct
2288 464 2627 518 auctoritatis
2674 474 2775 520 tum
2821 468 3080 539 rescripto
3113 470 3270 525 nobis
3314 487 3482 542 super

1902 563 2129 626 utroque
2150 554 2452 610 consultum
2473 556 2643 611 facias
2675 565 2773 611 :ut
2809 559 2951 614 omni
2986 561 3178 616 nebula
3217 562 3482 633 ambigui.

1903 645 2028 699 tatis
2049 657 2274 712 remota,
2303 646 2648 703 dissensionis
2670 648 2832 703 etiam
2856 650 3018 706 totius
3037 650 3305 721 pellantur
3323 666 3481 708 scan-

1903 737 2042 802 dala,
2063 746 2114 792 et
2136 736 2281 806 pacis
2299 740 2585 794 concordia
2611 741 2660 793 in
2685 742 2839 797 nobis
2859 753 3139 810 augeatur,
3159 750 3216 798 et
3233 743 3481 816 laudetur

1902 842 2094 881 nomen
2109 828 2318 882 Domini
2333 829 2385 883 in
2399 829 2649 885 omnibus
2659 832 2910 901 operibus
2923 833 3141 900 nostris,
3160 835 3346 888 Amen.
3361 831 3478 900 Qua

1901 918 2135 988 perlecta
2158 921 2395 972 omnium
2426 921 2670 975 consultu
2707 924 2945 978 omnium
2970 926 3112 980 votis
3135 924 3293 979 aliam
3315 923 3482 994 jussit

1902 1008 2129 1062 rescribi
2164 1007 2446 1077 epistolam
2470 1011 2830 1067 continentem
2863 1014 3163 1081 hujusmodi
3195 1030 3475 1085 responsa.

1972 1086 2133 1142 Wlno
2163 1085 2444 1142 Remorum
2495 1093 2912 1162 archiepiscopus
2938 1092 3176 1150 Dnocoat
3208 1096 3363 1164 fratri
3384 1111 3473 1148 co-

1899 1168 2135 1237 episcopo
2154 1167 2375 1238 feliciter
2400 1170 2567 1223 virere
2590 1171 2642 1224 in
2668 1182 2882 1244 utroque
2903 1175 3116 1229 srrculo.

1977 1260 2112 1327 Quia
2137 1260 2399 1330 sapientia
2439 1276 2653 1332 semper
2689 1265 2960 1334 sapienter
2984 1267 3114 1336 agit,
3140 1275 3194 1322 et
3225 1265 3478 1322 Salomon

1901 1352 2059 1408 dicit:
2085 1351 2218 1419 Fili,
2235 1355 2412 1409 omnia
2435 1355 2522 1425 {ac
2543 1372 2658 1410 cum
2684 1357 2921 1424 consilio,
2948 1367 3122 1430 etpost
3149 1359 3348 1429 {acutus
3373 1375 3478 1413 non

1899 1445 2158 1516 panitebit
2185 1447 2376 1519 (Eccli.
2393 1463 2568 1513 xxx",
2585 1445 2709 1518 24);
2734 1447 3034 1516 laudamus,
3078 1449 3246 1504 frater
3266 1450 3477 1505 charis-

1900 1537 2398 1607 sime,prudentiam
2413 1546 2578 1604 tuam,
2593 1554 2622 1592 a
2637 1537 2790 1594 nobis
2804 1539 2879 1594 uti
2897 1555 2993 1610 par
3005 1540 3376 1596 estconsilium
3391 1553 3478 1612 pe-

1903 1635 2105 1683 tentem
2119 1643 2280 1699 super
2294 1645 2480 1686 recens
2498 1631 2695 1687 inventi
2711 1633 2882 1687 sancti
2899 1633 3159 1704 reliquiis.
3175 1632 3280 1689 Nos
3295 1644 3476 1689 autem

1832 1721 1873 1780 B
1903 1721 2132 1776 consilio
2143 1737 2302 1792 super
2315 1723 2414 1778 hoc
2430 1723 2544 1794 ipso
2557 1739 2678 1779 eum
2699 1725 2899 1779 nostris
2915 1725 3096 1779 habito
3111 1735 3168 1779 ut
3184 1725 3472 1795 petiveras,

1905 1825 2102 1882 corpus
2130 1813 2346 1882 quidem
2378 1826 2650 1886 repertum
2665 1813 2941 1870 S.Bertin’i
2965 1831 3085 1871 esse
3112 1816 3471 1881 decernimus,

1903 1903 2028 1972 quia
2058 1903 2266 1960 incerta
2312 1907 2476 1962 certis
2531 1907 2750 1963 omnino
2794 1907 3189 1977 postponimus,
3245 1907 3385 1977 quod
3418 1917 3476 1962 et

1903 1994 2182 2064 scripturae
2208 2011 2370 2066 quam
2395 1997 2551 2052 nobis
2577 1997 2768 2052 misisti
2793 2000 3114 2054 confirmant
3147 1998 3470 2065 testimonia,

1902 2095 1957 2140 et
1991 2085 2094 2142 loci
2129 2087 2180 2142 in
2209 2104 2316 2159 quo
2346 2098 2615 2159 repertum
2648 2099 2733 2145 est
2761 2091 3026 2163 dignatio,
3054 2106 3119 2147 ac
3143 2091 3364 2148 evidens
3392 2091 3478 2146 in-

1901 2176 2123 2244 dicium,
2149 2179 2327 2234 crucis
2354 2179 2606 2234 videlicet
2630 2191 2778 2236 nota.
2809 2182 2988 2252 Ipsum
3015 2183 3198 2254 itaque
3225 2193 3472 2241 sanctum

1899 2288 2094 2344 corpus
2142 2289 2264 2329 cum
2316 2274 2496 2330 debito
2551 2275 2754 2332 honore
2808 2277 3041 2333 levatum
3078 2279 3130 2333 in
3179 2279 3474 2336 reverenda

1900 2366 2000 2438 (uti
2038 2366 2214 2436 decet)
2241 2366 2357 2421 loco
2395 2367 2610 2437 ponite;
2659 2368 2753 2423 sed
2788 2377 2842 2423 et
2877 2368 3101 2423 alterius
3148 2369 3360 2435 incerti,
3410 2379 3472 2425 ut

1897 2457 2098 2524 dicitis,
2137 2460 2311 2515 sancti
2349 2459 2608 2530 reliquias
2645 2459 2795 2528 juxta
2822 2462 2988 2532 ipsius
3014 2460 3072 2517 S.
3103 2461 3310 2518 Bertini
3352 2478 3474 2519 cor-

1897 2564 1998 2620 pus
2027 2549 2222 2616 locate,
2263 2551 2594 2608 confidentes
2616 2552 2682 2608 de
2708 2555 3080 2610 misericordia
3122 2554 3238 2621 Dei,
3263 2555 3395 2626 quia
3414 2566 3472 2612 ct

1899 2644 2027 2709 ipsae
2050 2640 2206 2712 cujus
2227 2651 2372 2709 sunt,
2416 2644 2470 2699 in
2514 2645 2630 2715 ipso
2671 2647 2996 2702 revelabitur
3039 2648 3151 2719 (67)
3203 2657 3467 2720 tempore.

1895 2731 2158 2787 Caeterum
2183 2741 2292 2788 tam
2315 2735 2384 2789 ad
2432 2735 2623 2790 incerti
2650 2737 2823 2791 sancti
2874 2737 3250 2793 revelationem
3305 2755 3467 2810 quam

1895 2823 1962 2879 ad
2001 2824 2134 2878 certi
2173 2825 2554 2882 revelationem
2612 2827 2918 2884 triduanum
2963 2829 3225 2900 jejunium
3269 2832 3468 2902 populo

1894 2913 2062 2969 indici
2110 2916 2416 2983 statuimus,
2445 2927 2506 2973 ut
2540 2921 2872 2976 orationibus
2916 2936 2980 2976 ac
3022 2920 3226 2992 jejunio
3285 2925 3466 2994 p0puli

1892 3002 1976 3058 sui
2013 3003 2398 3074 complaeatus,
2425 3009 2638 3077 quando
2667 3009 2777 3065 vult
2796 3020 2851 3066 et
2869 3011 3134 3082 quomodo
3153 3012 3283 3081 vult,
3313 3010 3470 3070 nobis

1887 3095 2089 3166 aperiat
2116 3097 2391 3152 Dominus.
2418 3098 2616 3156 Amen.

1959 3175 2014 3231 8.
2049 3177 2146 3232 llis
2173 3180 2428 3248 peractis,
2465 3182 2790 3251 quibusdam
2824 3183 3136 3241 domesticis
3163 3183 3281 3255 ejus
3317 3199 3468 3242 seor-

1889 3283 2010 3325 sum
2038 3271 2234 3326 excitis
2254 3273 2502 3328 eumdem
2529 3288 2801 3330 summum
2847 3276 3134 3346 praesulem
3165 3277 3251 3334 bis
3299 3278 3469 3334 inter-

1889 3363 2096 3420 nuntiis
2149 3364 2505 3435 deprecamur
2565 3368 2860 3439 supplices,
2903 3377 3172 3439 quatenus
3216 3368 3332 3426 dies
3372 3368 3466 3426 Dei

1891 3453 2096 3509 auxilio
2149 3455 2368 3526 agendae
2437 3456 2756 3515 elevationis
2803 3458 3018 3516 futurus
3065 3459 3148 3516 sui
3201 3458 3466 3514 adventus

1888 3546 2176 3614 praesentia
2217 3546 2602 3614 houoraretur,
2651 3565 2763 3606 sua:
2826 3552 3101 3622 dignitatis
3142 3551 3465 3608 auctoritate
3539 3569 3545 3574 ·

1889 3639 2230 3695 solidaretur.
2265 3641 2367 3710 Qui
2409 3658 2530 3699 mox
2558 3653 2768 3715 tempus
2794 3645 3044 3716 diemque
3080 3655 3465 3718 percunctatus

1889 3731 2106 3800 quando
2149 3730 2204 3786 id
2237 3732 2466 3788 Domino
2515 3731 2846 3805 suffragante
2874 3736 3047 3791 acturi
3095 3750 3361 3805 essemus,
3401 3745 3466 3793 ut

1887 3825 2122 3896 primum
2151 3825 2234 3880 vel
2255 3827 2550 3882 secundum
2579 3827 2703 3884 Maii
2751 3831 2956 3884 mensis
3002 3825 3151 3886 diem'
3171 3841 3357 3887 nostro
3383 3846 3464 3887 re-

1889 3930 2090 3984 sponso
2115 3917 2377 3987 percepit,
2401 3931 2523 3973 sese
2546 3917 2808 3984 futurum,
2837 3921 2944 3975 vita
2977 3929 3154 3976 tamen
3196 3937 3263 3978 ac
3285 3921 3461 3979 salute

1889 4005 1994 4062 sibi
2019 4007 2237 4072 comite,
2283 4007 2514 4078 benigne
2556 4011 2857 4080 spopondit;
2893 4010 3043 4067 Unde
3069 4011 3458 4081 aliquantulum

1885 4093 1996 4151 iam
2053 4095 2230 4152 effecti
2299 4097 2731 4168 animasquiores,
2794 4109 3045 4170 suscepta
3081 4100 3459 4172 descriptionis

1888 4187 2116 4258 epistola
2170 4197 2498 4259 acceptaque
2560 4189 2796 4256 licentia,
2852 4190 3069 4245 domum
3125 4191 3462 4263 regredimur

1889 4278 2113 4333 celeres.
2143 4278 2244 4334 Ubi
2281 4288 2462 4334 autem
2508 4278 2803 4337 Tarvenna:
2847 4281 3176 4352 pervenitur,
3227 4283 3460 4338 domnus

1889 4369 2174 4439 episcopus
2196 4369 2268 4424 ibi
2312 4367 2639 4425 offenditur:
2677 4370 2830 4440 cujus
2870 4371 3172 4443 praesentiae
3210 4369 3456 4438 admissi,

1887 4459 2168 4528 epistolam
2198 4462 2265 4516 ad
2294 4461 2456 4517 verba
2477 4478 2574 4519 sua
2606 4473 2906 4520 renotatam
2939 4466 3176 4522 dextera:
3214 4465 3329 4538 ejus
3376 4465 3461 4521 in-

1881 4550 2147 4620 jeci.‘Qua
2181 4556 2428 4620 recitata,
2470 4570 2590 4612 sese
2615 4558 2682 4612 ad
2709 4559 2904 4614 summi
2949 4559 3194 4630 prtesulis
3242 4560 3459 4617 consul-

1655 4635 1804 4719 8⁸ηὲ
1888 4650 2001 4697 tum
2054 4653 2246 4700 cuncta
2283 4646 2612 4716 pollicitatur
2663 4664 2762 4719 per
2823 4649 3104 4706 dicecesim
3154 4667 3307 4706 suam
3378 4653 3460 4709 in-

1886 4733 2132 4788 dicenda.
2194 4731 2396 4791 Dehinc
2457 4737 2612 4793 nobis
2674 4739 2890 4794 domum
2958 4741 3240 4812 digressis,
3301 4744 3460 4799 obsc-

1885 4823 2241 4890 crationibus,
2291 4823 2529 4894 jejuniis,
2587 4827 2786 4898 vigiliis
2835 4844 2936 4899 pro
2984 4831 3199 4887 modulo
3231 4843 3461 4892 'nostrze

1885 4913 2194 4984 exiguitatis
2244 4916 2669 4974 misericordiam
2731 4919 2826 4975 Dei
2870 4921 3279 4992 patrociniaque
3335 4940 3468 4980 san-

1883 5012 2095 5060 ctorum
2159 5004 2466 5062 medullitus
2513 5023 2798 5080 quaarere,
2838 5012 2951 5082 jam
2995 5012 3216 5083 jamque
3264 5025 3470 5083 appro-

1884 5093 2197 5165 pinquantis
2252 5096 2470 5164 agenda:
2519 5099 2832 5156 festivitatis
2879 5103 3226 5172 apparatibus
3273 5109 3474 5160 Omni—

1884 5185 2060 5240 modis
2089 5183 2392 5241 studuimus
2423 5186 2699 5245 intendere
2729 5205 2744 5245 :
2775 5205 2898 5247 cum
2948 5193 3164 5262 quidam
3215 5204 3318 5260 pro
3365 5195 3477 5256 hoc

1883 5275 2001 5344 ipso
2044 5275 2279 5349 grandes
2329 5281 2815 5337 contradictionnm
2874 5281 3292 5352 iuqnietudines.
3349 5300 3478 5346 Ino-

2153 5371 2554 5402 nnncnnsslinnn-
2640 5373 2858 5402 :-.=.-—:An
2928 5375 3082 5402 mn‘.:-

2661 5375 2858 5402 ns:nI‘:Aﬂ
2928 5375 3082 5402 hn‘|:-

1882 5365 2063 5402 lnalzno
