3936 5402
462 311 501 385 "t
517 331 616 387 εδδ

1433 331 1842 393 FLOCARDUS
1881 309 2255 394 MbNACHUS
2297 336 2741 394 srrmveusrs.

3605 315 3734 402 ita;

452 451 458 470 ’·
477 445 695 518 agendis
722 447 892 503 sancti
921 449 1193 521 mysteriis
1221 449 1514 522 p.urimum
1545 452 1908 508 moliebantur
1941 451 2014 506 im
2039 483 2048 494 ι
2075 457 2126 517 Α
2151 451 2428 523 choroquc
2457 455 2781 524 suscipiente
2814 472 2826 508 :
2870 453 3017 510 Sicut
3045 457 3316 514 incensum
3351 477 3406 515 tu
3441 469 3734 534 comperta

459 537 682 610 pedire.
727 539 796 596 Ut
825 551 1004 597 autem
1040 541 1108 599 de
1137 544 1292 600 nobis
1321 543 1531 610 sileam,
1583 546 1781 616 quippe
1829 545 1921 616 qui
1945 561 2051 601 non

447 631 608 685 'satis
631 631 845 700 dignam
879 633 1036 688 malis
1070 635 1270 691 neStris
1318 637 1622 706 recepimus
1670 651 1924 707 poenam;
1957 637 2052 692 sed

476 719 528 776 in
558 731 774 779 sanctos
795 722 888 778 Dei
920 725 1184 792 quidlibet
1227 727 1405 782 moliri
1437 711 1623 799 quanti
1670 727 1741 782 sit
1783 727 2049 794 criminis,

450 809 601 870 'arca
639 813 727 869 illa
759 817 1067 871 testamenti
1122 817 1295 873 bobus
1343 818 1747 873 calcitrantibus
1793 818 2052 874 inclinata

472 903 812 962 evidentibus
857 916 1124 963 monstrat
1167 909 1386 980 figuris;
1441 910 1696 978 quoniam
1748 910 1874 965 dum
1929 924 2050 965 eam

451 995 664 1052 levites
714 1005 916 1053 temere
969 1001 1250 1054 tractando
1288 1000 1528 1055 relevare
1580 1000 1790 1066 nititur,
1871 1001 2050 1055 divina

473 1102 600 1144 mox
628 1089 831 1146 ultione
859 1089 1104 1147 addictus
1143 1093 1353 1147 mortali
1397 1093 1503 1148 vita
1537 1092 1848 1148 frustratur.
1895 1094 2053 1150 [laud

473 1193 630 1235 secus
683 1181 994 1252 quicunque
1043 1182 1319 1254 quodlibet
1351 1199 1381 1237 a
1411 1183 1584 1239 servis
1621 1183 1716 1238 Dei
1771 1183 2045 1256 dispensa-

474 1271 612 1328 torie
641 1269 844 1328 factum
869 1273 1157 1345 objurgare
1182 1275 1496 1342 moliuntur,
1529 1283 1758 1330 caveant
1783 1289 1850 1330 ne
1877 1291 2053 1346 quan-

473 1365 669 1437 doque,
725 1367 779 1422 ni
831 1369 1206 1442 plenitucrint,
1274 1370 1677 1438 vehementiore
1748 1372 2051 1427 animarum

473 1457 818 1516 damnatione
837 1462 1222 1531 percellantur.
1275 1461 1455 1518 Multis
1486 1464 1681 1520 dehinc
1735 1465 1916 1521 vexati
1959 1465 2053 1520 tri-

452 1553 859 1630 bulationibus,
892 1558 1108 1612 tandem
1131 1557 1199 1611 ab
1226 1557 1310 1618 his
1338 1556 1552 1613 Christo
1575 1559 1808 1630 propitio
1837 1559 2051 1614 liberati

378 1705 380 1708 τ
471 1645 673 1702 fumus.
713 1647 851 1715 Quid
895 1649 1092 1721 plura?
1126 1649 1309 1706 Primo
1366 1649 1489 1705 Maii
1530 1652 1732 1707 mensis
1769 1652 1856 1707 die
1902 1654 2052 1708 dom-

470 1753 574 1796 nus
601 1739 762 1797 Wido
791 1756 1034 1798 summus
1063 1741 1302 1815 pontifex
1331 1743 1459 1816 (68),
1483 1759 1606 1798 cum
1629 1743 1816 1800 multis
1840 1753 2051 1814 speeta-

469 1831 666 1888 bilibus
692 1833 956 1904 personis,
988 1834 1166 1907 Drogo
1188 1835 1352 1892 etiam
1399 1835 1687 1906 episcopus
1719 1845 1902 1890 noster
1926 1850 2048 1889 cum

469 1938 570 1980 suo
607 1924 910 1980 honorabili
958 1926 1125 1991 clero,
1177 1927 1485 1996 diversique
1521 1940 1644 1981 eum
1697 1924 1812 1981 suis
1867 1923 2050 1980 domui

463 2013 670 2091 adsunt
715 2014 960 2070 abbates.
1002 2015 1113 2072 Nec
1167 2025 1332 2080 deest.
1358 2017 1576 2072 donuua
1605 2015 1833 2083 Adhela,
1881 2014 2053 2069 fratre

471 2125 571 2166 suo
591 2110 776 2168 Odone
801 2113 1078 2184 multoque
1102 2129 1390 2185 procerum
1412 2113 1611 2184 stipata
1637 2113 1826 2169 milite.
1852 2112 2054 2168 Nihilo-

471 2204 653 2262 minus
686 2222 717 2262 c
737 2207 966 2264 diversis
1003 2208 1138 2264 locis
1165 2209 1523 2264 adventantes
1545 2207 1842 2264 innumerte
1869 2206 2051 2278 pepuli

458 2295 580 2373 :bue
613 2305 774 2354 ruunt
795 2298 1187 2364 multitudines,
1208 2298 1452 2355 ecclesiae
1473 2296 1762 2369 implentur
1787 2297 2043 2367 parietes.

471 2385 860 2456 Yerumtamen
889 2390 1088 2446 domno
1116 2391 1526 2461 archiepiscopo
1555 2405 1676 2446 cum
1723 2391 1838 2446 suis
1885 2400 2049 2446 czete-

385 2533 389 2540 ,
468 2477 655 2548 risque
685 2478 1008 2550 hospitibus,
1033 2481 1286 2551 quoniam
1315 2495 1381 2536 ex
1415 2480 1607 2536 itinere
1638 2481 1848 2552 fatigati
1870 2490 2045 2545 erant,

463 2584 537 2626 .ea
588 2571 675 2626 die
735 2572 1160 2644 quiescentibus,
1222 2571 1438 2627 interim
1496 2586 1594 2627 nos
1643 2572 2050 2648 quibuscunque

470 2663 799 2720 necessariis
848 2663 1214 2734 prteparaudis
1258 2663 1538 2718 inteudct‘e
1571 2678 1945 2734 procuramus,
1989 2677 2052 2716 ac

407 2827 424 2832 _
465 2756 658 2815 omnia
687 2755 753 2812 de
792 2764 982 2810 sancto
1032 2755 1235 2826 agenda
1285 2753 1338 2808 in
1390 2754 1686 2808 crastinum
1731 2751 2046 2808 diﬂerimus.

470 2844 606 2902 Cum
630 2847 775 2920 enim
800 2846 1122 2918 jampridem
1147 2847 1320 2917 prima
1345 2845 1467 2900 Maii
1491 2846 1691 2902 mensis
1713 2845 1799 2901 die
1818 2845 2049 2914 idipsum

469 2937 779 3016 faciendum
801 2941 1182 3012 deliberarem,
1204 2955 1269 2993 ac
1295 2955 1456 3010 super
1481 2940 1584 2996 hoc
1603 2939 1786 2994 domui
1811 2937 2048 3008 episcopi

359 3083 383 3096 .,
455 3031 951 3102 ‘uostriasseusnm
983 3031 1150 3088 misso
1171 3032 1220 3104 ei
1244 3031 1434 3086 nuntio
1455 3043 1780 3101 quaererem,
1812 3029 1900 3085 ille
1925 3043 2050 3084 mox

471 3107 774 3179 salubriore
821 3123 1050 3179 consilio
1102 3123 1155 3177 in
1208 3123 1503 3196 secundum
1557 3121 1796 3196 ejusdem
1845 3119 2049 3181 mensis

309 3255 312 3258 ι
389 3265 393 3271 .
475 3214 616 3280 diem
641 3217 819 3289 potius
846 3215 1037 3281 indixit
1065 3217 1290 3287 tliil‘erri,
1327 3219 1786 3286 ueeeleberrima
1827 3227 2049 3275 sancto-

463 3327 594 3372 .rttm
624 3312 989 3380 apostolorum
1014 3311 1244 3382 Philippi
1273 3321 1330 3368 et
1351 3311 1544 3368 Jacobi.
1565 3312 1899 3378 solemuitas,
1930 3326 2051 3382 qua:

471 3401 665 3456 eadem
696 3401 784 3456 die
802 3410 968 3465 esset,
999 3416 1030 3455 a
1059 3416 1155 3457 sua
1193 3400 1510 3458 celebritate
1547 3401 1823 3459 videretur
1868 3402 2048 3457 mino-

473 3491 583 3546 rari
603 3533 617 3554 ,
649 3503 815 3560 utque
837 3491 1030 3548 eadem
1053 3493 1417 3562 prmeedente,
1441 3503 1497 3550 et
1518 3493 1735 3550 demum
1759 3493 2049 3550 salutifera:

475 3579 650 3634 micis
675 3577 1020 3636 luventiouis-
1065 3581 1358 3638 festivitate
1415 3584 1798 3653 subsequente.
1850 3584 2052 3655 quique

475 3670 583 3726 huc
612 3671 971 3730 adventantes
1023 3675 1105 3730 vel
1157 3676 1282 3731 hinc
1334 3687 1668 3734 revertentes
1719 3676 1913 3734 festiva
1954 3678 2051 3733 otii

470 3762 883 3834 pet-fruerentur
905 3765 1284 3823 exsultatione.
1317 3766 1433 3834 Qua
1461 3769 1527 3823 de
1554 3782 1612 3822 re
1642 3767 1797 3822 nobis
1818 3768 2051 3824 necdum

474 3855 528 3912 id
553 3858 1004 3926 cognoscentibus
1035 3859 1212 3913 divina
1241 3858 1447 3914 factum
1477 3873 1599 3914 esse
1646 3859 2051 3929 dispensatione

471 3947 763 4012 credimus,
797 3956 855 4004 ut
888 3946 1066 4002 futura
1095 3948 1210 4004 dies
1244 3946 1356 4017 jam
1401 3949 1620 4018 quidem
1673 3949 2051 4006 convenientia

408 4059 410 4062 ν
473 4036 871 4092 decoraretur:
906 4046 965 4092 ut
992 4037 1133 4094 sicut
1174 4038 1348 4092 sancti
1397 4037 1658 4094 Walberti
1717 4039 2052 4110 depositione

474 4129 842 4200 tnagnifieata,
876 4132 956 4186 sic
991 4132 1208 4186 demum
1263 4131 1437 4187 sancti
1492 4131 1696 4187 Bertini
1751 4131 2052 4186 elevatione

471 4217 867 4288 magnificanda
924 4219 1238 4289 haberetur,
1266 4235 1402 4290 quos
1430 4221 1586 4276 unius
1617 4218 1749 4277 Vita:
1788 4220 2050 4277 lectiones

473 4310 940 4376 commendarent,
979 4311 1277 4383 eademque
1313 4312 1653 4383 responsoria
1697 4311 2050 4368 concelebra-

475 4395 618 4457 rent.
644 4401 739 4458 llis
763 4403 981 4458 omissis
1016 4404 1294 4475 sequentis
1321 4403 1426 4460 diei
1451 4405 1627 4474 primo
1659 4420 1815 4461 mane
1845 4404 2051 4475 paratis

2085 1805 2129 1860 Β

2154 553 2267 612 tuo,
2293 545 2538 612 Domine,
2579 546 2719 602 idem
2775 546 2918 602 intus
2968 556 3228 621 extraque
3277 537 3579 609 thurificat.
3629 555 3736 613 Hoc

2152 647 2500 708 pnecantato,
2531 641 2655 694 dum
2679 641 2867 695 eodem
2892 643 3220 711 praecinente
3243 643 3490 712 ejusdem
3517 663 3737 718 respon-

2154 735 2283 791 sorii
2323 752 2514 792 versus
2573 732 2811 791 Elevatio
2850 755 3061 792 manum
3109 756 3345 793 mearum
3415 741 3736 809 sacri/irim

2153 830 2495 901 vespertinum
2535 831 2975 902 subsequeretur,
3000 835 3141 903 quod
3173 835 3408 891 antehae
3439 837 3735 908 cujuscun-

2153 938 2258 993 que
2289 923 2364 978 rei
2393 923 2565 994 gratia
2593 939 2623 978 a
2659 923 2931 979 nonnullis
2955 934 3219 980 tentatum
3265 924 3587 982 dilIicultate
3612 943 3739 998 qua-

2154 1013 2277 1069 dam
2301 1013 2689 1086 denegabatur,
2723 1001 2851 1068 tunc
2894 1030 3188 1084 paucorum
3228 1016 3483 1071 manibus
3518 1017 3738 1072 insertis

2153 1121 2276 1162 eum
2307 1105 2547 1172 agilitate
2582 1123 2646 1162 ac
2694 1105 2957 1162 facilitate
2999 1107 3326 1172 extrahitur,
3379 1105 3433 1161 iu
3497 1109 3741 1163 eminen-

2155 1196 2320 1252 tiores
2345 1212 2691 1252 scamnorum
2721 1205 3011 1268 apparatus
3039 1193 3281 1263 effertur,
3316 1197 3476 1252 nobis
3541 1207 3738 1252 terram

2154 1288 2366 1344 cunctis
2385 1290 2692 1359 petentibus
2727 1297 3040 1350 veneratur,
3082 1288 3323 1358 itemque
3366 1288 3736 1354 thuriiicatur,

2154 1380 2360 1435 nostris
2400 1395 2616 1450 quoque
2658 1387 2787 1434 tunc
2837 1377 3126 1432 maculosis
3185 1377 3575 1448 conspectibus
3635 1387 3736 1431 tam

2155 1479 2370 1524 sacrata
2433 1469 2676 1525 membra
2751 1469 3077 1535 revelantur,
3137 1483 3278 1538 aqua
3330 1469 3573 1542 vinoque
3633 1467 3736 1540 (69)

2157 1572 2338 1618 rorata
2375 1564 2610 1633 piantur.

2224 1653 2274 1711 9.
2310 1654 2518 1710 Interea
2567 1652 2784 1723 quidam
2832 1651 3062 1708 clericus
3121 1650 3446 1706 Berwoldus
3498 1652 3737 1714 nomine,

2155 1746 2315 1802 unius
2336 1743 2476 1801 oculi
2527 1743 2730 1800 lumine
2789 1743 3014 1798 orbatus
3063 1756 3309 1796 seorsum
3345 1737 3608 1804 astabat,
3649 1741 3735 1809 qui

2148 1839 2474 1911 jampridem
2523 1851 2761 1906 eousque
2811 1845 3068 1904 utrosque
3113 1833 3302 1889 oculos
3347 1831 3739 1904 perspicuitate

2151 1943 2313 2003 pares
2341 1929 2593 1995 habebat,
2630 1927 2724 1983 sed
2747 1927 2929 1982 nescio
2967 1924 3120 1994 cujus
3146 1924 3271 1979 mali
3300 1939 3465 1979 causa
3506 1923 3736 1978 antehae

2153 2023 2442 2096 quamdam
2468 2037 2662 2078 venam
2688 2020 2975 2076 secandam
3021 2018 3332 2089 contiguam
3363 2015 3527 2071 oculo
3550 2025 3607 2072 ut
3631 2030 3736 2069 me-

2152 2117 2433 2173 dicaretur
2490 2113 2592 2170 sibi
2647 2112 2811 2166 incidi
2868 2109 3093 2173 fecerat,
3140 2110 3285 2163 unde
3330 2122 3499 2162 omne
3560 2105 3731 2160 lumen

2151 2207 2393 2279 ejusdem
2445 2204 2585 2260 oculi
2642 2203 2930 2268 amiserat;
2971 2201 3066 2256 sed
3103 2201 3156 2256 id
3203 2208 3407 2271 praeter
3454 2213 3655 2268 paucas
3681 2208 3731 2252 et

2154 2301 2478 2358 domesticos
2531 2315 2659 2355 suos
2695 2298 2905 2353 ruboris
2932 2309 3094 2352 causa
3124 2308 3261 2364 pene
3294 2293 3513 2349 cunctis
3533 2292 3731 2347 celave-

2155 2402 2256 2448 rat.
2289 2391 2388 2448 llic
2415 2391 2589 2446 sancti
2643 2387 2848 2444 Bertini
2903 2385 3266 2458 patrocinium
3315 2393 3373 2438 ut
3426 2399 3457 2436 a
3513 2383 3730 2437 Domino

2155 2483 2258 2539 sibi
2288 2483 2439 2539 reddi
2491 2481 2670 2535 lumen
2730 2479 2989 2533 amissum
3039 2475 3332 2537 obtineret,
3361 2473 3577 2527 intimis
3617 2486 3730 2542 pre-

2155 2574 2308 2628 cibus
2332 2571 2678 2642 deposcebat,
2707 2579 2867 2640 atque
2903 2567 3143 2637 quolibet
3193 2573 3512 2622 sanctorum
3565 2578 3731 2617 mem-

2152 2666 2370 2720 br0rum
2395 2679 2515 2733 qum
2542 2661 2612 2716 ibi
2639 2661 3009 2716 tractabantur
3031 2658 3178 2729 tangi
3208 2657 3308 2711 sibi
3337 2655 3558 2711 oculum
3598 2654 3730 2708 mul-

2155 2754 2338 2828 tdpere
2363 2754 2664 2817 anhelabat,
2721 2753 2815 2808 sed
2846 2748 3168 2822 appropiare
3215 2748 3444 2803 minime
3481 2747 3583 2801 sibi
3621 2762 3733 2816 per-

2153 2849 2293 2904 mitti
2319 2847 2611 2902 metuebat.
2645 2846 2716 2899 At
2745 2844 2898 2900 nobis
2955 2851 3115 2896 tanta:
3170 2842 3250 2896 rei
3287 2839 3526 2896 sollicite
3557 2839 3730 2894 inten-

2153 2940 2426 3004 dentibus,
2452 2951 2516 2993 ac
2545 2935 2756 2992 interim
2779 2934 3097 3005 quibusdam
3121 2933 3351 2989 canticis
3379 2933 3544 2987 dictis
3566 2932 3732 2985 eidem

2153 3038 2498 3088 sacramento
2523 3027 2986 3091 convenientibus,
3026 3025 3486 3098 responsorioqne
3535 3033 3734 3079 sancta:

2157 3123 2437 3184 Trinitatis
2465 3121 2728 3198 asiguata,
2791 3118 2922 3190 Quis
2971 3113 3113 3178 Deus
3159 3135 3383 3194 magnus
3423 3117 3567 3178 sicut
3601 3117 3736 3177 Deus

2156 3230 2348 3286 noster,
2379 3231 2435 3273 tu
2472 3235 2525 3274 es
2562 3217 2700 3272 Deus
2754 3219 2844 3287 qui
2876 3216 3008 3286 facis
3061 3215 3352 3279 mirabilia,
3408 3216 3732 3276 decantata;

2154 3311 2282 3366 item
2307 3309 2547 3381 ejusdem
2581 3307 2754 3364 saneti
2791 3305 3192 3376 responsoriut'n
3223 3321 3236 3359 :
3272 3301 3554 3358 Gloriosus
3581 3305 3737 3371 igitur

2154 3403 2253 3458 Dei
2274 3387 2491 3466 athleta,
2521 3389 2584 3456 ac
2610 3400 2833 3456 eximius
2868 3398 3113 3454 sacerdos
3137 3396 3408 3462 Bertinus,
3442 3398 3500 3451 iu
3529 3396 3736 3466 pretim

2142 3502 2308 3549 ‘wtate
2339 3491 2560 3562 jejuniis
2585 3501 2631 3545 et
2672 3489 3311 3558 oratiouibus'famutans
3340 3490 3448 3560 regi
3490 3505 3730 3557 superno,

2154 3571 2374 3641 achoro
2411 3596 2624 3639 morose
2647 3581 2971 3638 cantandum
3007 3582 3338 3653 suscipitur;
3378 3582 3568 3652 sicque
3600 3583 3735 3636 inter

2142 3675 2456 3731 cauendum
2476 3671 2585 3745 jam
2613 3671 2790 3728 dictus
2838 3672 3068 3728 clericus
3097 3673 3256 3727 rebus
3311 3671 3614 3738 sulliciens,
3642 3671 3732 3726 sed

2149 3767 2296 3822 'oculi
2354 3767 2514 3822 unius
2561 3765 2762 3820 lumine
2815 3777 3033 3830 carens,
3080 3781 3202 3821 cum
3249 3765 3458 3820 sanctis
3513 3765 3732 3819 artubus

2156 3856 2364 3928 (utjam
2385 3856 2590 3912 dictum
2612 3856 2717 3927 est)
2775 3864 3054 3911 vereretur
3107 3857 3390 3921 accedere,
3443 3858 3729 3926 quemdam

2153 3950 2385 4005 fratrum
2445 3958 2754 4006 nostrorum
2781 3948 2996 4018 aliquod
3040 3962 3319 4002 sacrorum
3362 3948 3729 4003 membrorum

2154 4049 2528 4095 summotenus
2558 4039 2739 4110 digitis
2766 4039 2880 4094 suis
2920 4038 3174 4092 obsecrat
3205 4038 3498 4109 attingere,
3532 4053 3731 4108 suaque

2153 4141 2358 4188 caecato
2379 4129 2538 4187 oculo
2589 4130 2788 4186 eisdem
2834 4128 3014 4200 digitis
3063 4129 3347 4197 signamen
3394 4130 3729 4200 imprimere.

2151 4221 2303 4290 Quod
2338 4223 2492 4278 nobis
2526 4221 2710 4276 insciis
2757 4221 2882 4276 dum
2913 4219 3086 4283 ﬁeret,
3111 4220 3292 4290 magis
3319 4230 3504 4275 autem
3541 4219 3614 4275 ob
3640 4221 3730 4274 dc-

2151 4316 2422 4372 votionem
2458 4314 2740 4385 prmsentis
2769 4313 2938 4369 sancti
2971 4312 3060 4367 hic
3090 4312 3215 4368 linis
3244 4315 3579 4383 responsorii
3620 4315 3730 4368 ani-

2149 4425 2272 4466 mos
2315 4410 2485 4466 adhuc
2528 4407 2872 4478 psallentium
2919 4407 3268 4473 demnlceret,
3302 4407 3459 4464 hodie
3517 4409 3728 4478 suscipit

473 4494 815 4563 praesulibus,
864 4497 1173 4561 abbatibus,
1218 4497 1498 4552 monachis
1538 4505 1699 4566 atque
1746 4498 2045 4564 canonicis,
2079 4498 2452 4559 Dmcritorum
2487 4500 2705 4571 prwmia
2757 4500 2812 4553 in
2858 4499 3163 4569 angelorum
3209 4502 3412 4564 choro;
3473 4516 3600 4555 mox
3646 4499 3729 4553 ille

475 4584 800 4655 quibusdam
819 4585 983 4642 etiam
1007 4587 1267 4644 laicorum
1289 4589 1584 4660 majoribus
1607 4590 1658 4643 in
1683 4589 2048 4646 testimonium

476 4675 622 4740 intro
641 4676 911 4745 admissis,
937 4694 1061 4736 cum
1087 4681 1520 4752 processionibus
1552 4683 1620 4740 ad
1646 4693 2050 4741 sacrosanctum

479 4769 656 4828 locum
707 4774 1001 4843 acceditur,
1056 4776 1257 4832 litanias
1322 4778 1581 4834 canenda:
1653 4778 2046 4850 incmptantur,

476 4862 766 4935 missisque
792 4868 1057 4938 operariis
1085 4868 1347 4925 scrinium
1378 4871 1578 4925 sacrati
1609 4872 1862 4942 corporis
1888 4869 2050 4926 eﬂ‘odi

468 4951 714 5024 jnbetur.
739 4955 847 5013 Nec
865 4958 1014 5027 jnssa
1035 4956 1380 5026 diﬂ'eruntur,
1403 4959 1500 5015 sed
1541 4959 1714 5028 ejecta
1765 4962 1932 5016 humo
1962 4976 2052 5016 sa-

383 5076 386 5079 -
475 5061 572 5104 cer
626 5045 774 5102 locus
817 5063 1054 5118 eousque
1087 5060 1337 5118 paratur,
1384 5065 1492 5120 quo
1541 5051 1606 5104 ad
1657 5051 2050 5106 extrahendum

477 5139 654 5194 sancti
702 5140 960 5196 scrinium
1008 5141 1182 5197 facilis
1216 5157 1280 5198 ac
1318 5157 1508 5198 cessus
1553 5143 1762 5197 eunetis
1806 5145 2047 5198 daretur.

2153 4592 2358 4647 lumine
2417 4591 2576 4646 datur
2627 4597 2962 4659 exspectato.
2998 4588 3064 4643 Et
3099 4604 3230 4643 sane
3269 4590 3416 4659 quod
3472 4590 3728 4646 Dominus

2153 4681 2220 4736 ad
2258 4680 2473 4736 laudem
2525 4679 2608 4734 sui
2643 4677 2878 4734 nominis
2913 4685 2968 4732 et
2993 4676 3060 4731 ad
3091 4675 3263 4731 sancti
3303 4678 3559 4732 meritum
3607 4693 3729 4747 pro-

2151 4770 2440 4841 palandum
2487 4767 2757 4823 concessit
2815 4765 2932 4820 ﬁeri
2963 4764 3120 4826 inse,
3155 4763 3271 4834 ipse
3316 4764 3484 4818 stulto
3528 4757 3726 4834 pudore

2155 4861 2374 4916 reticeri
2399 4857 2596 4926 voluit;
2627 4859 2719 4914 sed
2745 4857 2882 4912 forte
2911 4866 3036 4911 tunc
3088 4856 3302 4911 cuidam
3334 4856 3575 4912 Arnoldo
3627 4857 3723 4912 sibi

2153 4951 2497 5008 familiariter
2581 4949 2880 5005 adhrerenti
2941 4947 3234 5003 mussando
3302 4948 3525 5013 intulit,
3591 4951 3724 5004 bono

2152 5044 2336 5100 omine
2369 5030 2467 5098 su'o
2504 5055 2563 5097 se
2612 5041 2740 5095 illuc
2789 5038 3107 5104 admissum,
3154 5052 3220 5093 eo
3249 5041 3397 5109 quod
3449 5043 3724 5110 prmsentis

2154 5134 2330 5192 sancti
2369 5140 2575 5188 attactu
2606 5133 2696 5186 diu
2735 5131 2994 5184 amissum
3043 5130 3310 5199 receperit
3336 5131 3531 5195 visum,
3558 5133 3718 5186 eidem
