3936 5402
150 197 289 254 1157

1001 189 1087 244 DE
1123 183 1536 242 lNVENTlO-NE
1571 179 1658 238 ET
1693 177 2130 236 ELEVATIONE
2161 176 2225 233 8.
2260 174 2555 233 ΒΕΒΤΙΝΙ.

3279 168 3420 226 1158

147 317 372 363 extenta
411 319 570 360 manu
604 302 817 358 cunctis
854 301 1133 362 silentium
1184 299 1450 364 indicens,
1482 296 1730 351 eumdem
1761 301 1806 354 Α
1836 292 2098 346 comitatu
2130 290 2364 354 advolat,
2397 297 2828 359 proventumque
2868 284 3079 342 Domini
3116 284 3422 360 interventu

147 399 314 454 unius
335 397 474 453 oculi
505 397 623 449 visu
671 395 761 450 diu
804 393 1139 457 damnatum,
1197 400 1324 446 tunc
1367 404 1498 443 vero
1527 386 1736 440 meritis

150 488 327 544 sancti
355 493 670 557 exspectato
698 483 917 540 luminis
948 483 1088 538 dono
1117 482 1363 537 clamitat
1397 487 1732 550 reparatum.

153 580 366 650 Quibus
415 578 631 642 auditis,
673 576 965 647 plurimum
1015 573 1323 637 exhilarati,
1377 588 1487 642 pne
1541 569 1737 640 gaudio

154 670 493 726 tolundimur
541 667 818 738 lacrytrds,
855 667 957 720 hac
1001 666 1111 735 jam
1167 663 1400 734 quadam
1425 677 1518 732 spe
1546 674 1740 716 conso-

153 762 354 821 lamur.
409 758 554 829 quod
606 758 1014 827 quibuscunque
1060 757 1254 812 divina:
1293 755 1481 825 gratim
1522 752 1740 807 indiciis

155 852 413 908 erunibus
445 865 472 902 a
504 847 759 903 cordibus
805 847 1161 902 dillidentium
1209 846 1472 901 dubitatio
1504 844 1738 916 pellere-

159 947 268 994 tur.

233 1032 321 1089 10.
377 1030 514 1086 Tum
553 1031 771 1101 quidam
826 1030 990 1086 etiam
1033 1029 1596 1095 domesucusnoster,
1645 1027 1742 1083 sed

158 1124 325 1182 nimis
361 1135 590 1181 eatenus
616 1125 770 1180 nobis
798 1124 900 1178 hac
932 1134 1086 1194 parte
1109 1123 1454 1188 dissentiens,
1487 1122 1745 1175 nimium-

159 1231 268 1286 que
290 1215 414 1271 huic
444 1232 521 1271 rei
545 1215 804 1281 insolens,
837 1223 964 1272 tunc
1024 1216 1258 1285 primum
1291 1213 1457 1268 multa
1508 1214 1735 1283 pmnitu-

161 1306 291 1361 dine
319 1306 538 1374 ductus,
573 1306 745 1362 multo
765 1307 1128 1378 lacrymarum
1154 1307 1304 1361 fonte
1342 1304 1617 1376 perfusus,
1651 1304 1743 1358 sed

161 1399 396 1454 necdum
425 1399 600 1454 cidem
625 1399 700 1454 rei
727 1399 858 1458 satis
884 1398 1157 1461 credulus,
1185 1399 1326 1453 votis
1365 1397 1560 1468 quibus
1602 1397 1745 1453 valc-

163 1490 257 1544 bat
306 1490 480 1560 ipsum
535 1491 752 1560 pietatis
816 1491 1020 1546 fontem
1077 1489 1362 1544 Dominum
1424 1488 1746 1558 supplicier

163 1581 379 1650 orabat,
411 1591 469 1636 ut
496 1582 540 1636 si
566 1583 616 1638 id
642 1597 840 1652 corpus
865 1582 923 1638 8.
957 1581 1163 1638 Bertini
1201 1581 1342 1637 foret
1369 1581 1510 1652 quod
1542 1581 1738 1635 ibidem

167 1681 296 1728 tunc
321 1674 734 1738 attractabatur,
766 1672 1320 1730 trinomiraculorum
1346 1672 1500 1742 signo
1528 1671 1740 1727 cunctis

166 1762 444 1820 declarare
479 1764 814 1835 dignaretur.

240 1853 329 1907 il.
353 1851 565 1908 Interea
586 1854 816 1916 candido
843 1852 1010 1910 linteo
1038 1853 1388 1924 prctiosoque
1411 1853 1597 1922 pallio,
1629 1869 1748 1924 quae

166 1946 445 2002 comitissa
479 1947 545 2000 ad
587 1946 702 2001 hinc
725 1946 897 2004 libens
925 1955 1230 2016 paraverat,
1258 1948 1463 2004 sanctis
1489 1946 1750 2002 membris

167 2049 229 2095 ut
255 2038 388 2095 olim
438 2048 831 2109 concorporata
867 2038 1084 2095 fuerant
1109 2039 1444 2110 compositis,
1491 2039 1752 2094 acinim—

169 2131 386 2187 modico
408 2131 594 2187 scrinii
633 2131 844 2188 bustoa
889 2131 1087 2186 domno
1135 2131 1546 2200 archiepiscopo
1599 2146 1750 2185 reve-

170 2229 357 2276 renter
388 2221 687 2287 collocatis,
717 2222 845 2275 item
872 2221 1094 2294 prmfata
1146 2222 1477 2277 venerabilis
1503 2230 1752 2274 matrona

169 2327 382 2384 magnae
408 2313 712 2372 devotionis
739 2329 849 2370 sua:
891 2330 1010 2384 quze
1058 2329 1184 2385 erga
1217 2325 1468 2372 sanctum
1518 2315 1752 2371 habebat

170 2404 460 2475 propalans
513 2405 808 2470 desideria,
857 2423 1145 2477 quamdam
1201 2408 1488 2465 salinarem
1551 2418 1751 2463 terram

170 2509 358 2550 coram
399 2496 610 2552 cunctis
631 2497 723 2568 qui
746 2497 974 2553 aderant
1004 2499 1178 2554 eidem
1226 2508 1416 2555 sancto
1462 2498 1755 2556 donatione

173 2588 397 2644 tradidit
427 2588 676 2658 legaliter
713 2587 873 2644 facta.
1145 2657 1147 2660 j

250 2677 340 2734 12.
367 2677 466 2755 His
488 2679 560 2735 ita
583 2679 768 2750 gestis,
796 2678 1133 2752 contingenti
1151 2679 1493 2751 psallentium
1521 2680 1756 2751 tripudio

175 2769 229 2824 in
280 2768 425 2825 ulnis
462 2771 763 2835 extollitur,
815 2787 878 2827 ac
935 2771 1082 2826 foras
1107 2781 1292 2844 crypta
1344 2773 1398 2826 in
1449 2773 1754 2844 sacrarium

179 2863 549 2918 venerandum
603 2864 866 2927 defertur,
901 2879 1024 2918 cum
1053 2879 1178 2919 ecce
1207 2865 1413 2935 reliqua
1443 2873 1756 2920 sanctorum

177 2954 310 3010 inihi
335 2955 734 3026 quiescendum
757 2970 991 3025 corpora
1017 2971 1129 3025 prae
1175 2955 1386 3011 foribus
1407 2964 1608 3028 cryptae
1630 2972 1757 3026 pro-
1787 2986 1832 3048 ρ

178 3047 478 3103 tenduntur
514 3047 694 3102 obvia.
719 3047 830 3102 Nec
851 3047 1257 3118 archiepiscopo
1287 3057 1412 3102 tunc
1437 3050 1629 3103 missas
1664 3063 1756 3102 ce-

178 3140 468 3196 lebratum
507 3139 1192 3210 turbiseomprimentilms
1234 3149 1291 3194 et
1347 3139 1780 3194 accurrent-ibus-

180 3231 358 3287 facilis
409 3233 639 3287 dabatur
660 3232 868 3286 exitus:
907 3231 1134 3301 ideoque
1164 3239 1318 3286 extra
1354 3231 1539 3286 limina
1571 3247 1760 3286 mona-

181 3325 334 3380 sterii
378 3335 506 3380 tunc
547 3333 742 3379 cuncta
771 3322 921 3393 jussa
972 3331 1099 3379 sunt
1147 3322 1350 3388 etl'erri,
1384 3335 1653 3392 quatenus
1697 3339 1762 3380 ea

180 3417 479 3471 comitante
506 3417 726 3485 majoris
758 3414 1103 3470 multitudine
1134 3415 1336 3486 papuli,
1363 3429 1606 3472 summus
1637 3434 1763 3488 pon-

182 3508 317 3565 tifex
348 3510 542 3565 missas
597 3519 816 3564 acturus
870 3489 1068 3563 Sancta
1099 3517 1408 3562 sanctorum
1440 3510 1558 3563 sine
1590 3509 1761 3578 impc-

169 3601 427 3662 .dimento
453 3612 635 3672 posset
655 3600 886 3671 ingredi.
915 3599 1066 3668 Quod
1098 3613 1220 3655 cum
1269 3611 1570 3670 opportune
1589 3600 1762 3656 clIiee-

183 3704 360 3762 retur,
407 3694 747 3764 maximeque
796 3701 982 3764 partes
1025 3693 1187 3748 totius
1239 3693 1485 3762 plurima:
1539 3693 1616 3765 [id
1666 3703 1764 3760 est,

182 3783 382 3856 turbae]
429 3793 736 3840 sanctorum
777 3785 1002 3855 pignora
1047 3784 1525 3855 subsequereutur,
1557 3800 1768 3841 summo

185 3874 448 3943 pontiﬁce
471 3876 842 3930 sanctuarimu
865 3877 1107 3948 ingresso
1123 3876 1297 3932 missae
1318 3877 1622 3933 cardinales
1645 3892 1771 3948 age-

187 3966 410 4023 bantur.
1457 3983 1460 3985 λ
1574 4023 1582 4026 .

259 4060 351 4114 13.
378 4060 586 4115 Interea
615 4061 809 4115 mulier
833 4061 1076 4132 quaadam
1094 4078 1221 4123 cum
1255 4063 1365 4117 lilio
1390 4063 1613 4120 brachia
1646 4077 1770 4117 cru-

188 4167 362 4222 raque
423 4162 704 4208 eontracto
733 4153 791 4213 S.
836 4153 1117 4210 Bertinum
1164 4169 1261 4223 pro
1294 4155 1438 4210 illius
1466 4155 1639 4210 salute
1680 4171 1770 4210 ro-

188 4255 384 4315 gatura
415 4243 544 4299 foris
570 4257 722 4300 extra
770 4246 1026 4315 templum
1077 4248 1356 4316 perstabat
1377 4248 1431 4303 in
1453 4249 1614 4304 atrio.
1641 4249 1772 4317 Qure

1841 385 1896 438 S.
1931 383 2132 438 Bertini
2163 398 2273 452 pra:
2295 381 2502 437 foribus
2531 377 2847 450 praestolans
2867 373 3421 446 monasteriisupplex

1839 489 1959 530 Cum
2034 473 2145 526 ﬁlio
2169 471 2462 542 perstabat.
2501 470 2744 540 Cumque
2801 469 2914 537 ipsa
2981 466 3123 521 inter
3189 463 3423 534 compri—

1842 574 2049 619 mentes
2078 563 2264 619 turbas
2293 563 2361 618 ad
2387 561 2741 618 osculandum
2795 559 2967 615 sancti
3009 557 3269 612 feretrum
3327 555 3422 610 im-

1843 652 2110 724 pingeret,
2155 669 2218 707 ae
2247 652 2460 722 repulsa
2508 652 2816 722 importuna
2852 657 3142 718 repeteret,
3171 661 3424 718 puerum-

1841 761 1947 816 que
1977 745 2150 799 sancti
2205 745 2405 799 feretro
2451 758 2721 816 apponere
2778 742 2946 797 multo
2975 740 3260 796 conamine
3287 737 3425 791 nite-

1844 847 2018 900 retur,
2044 837 2152 892 Dco
2176 845 2472 906 annuente,
2525 836 2665 890 idem
2718 852 2850 907 pucr
2895 834 3120 889 brachia
3153 847 3425 904 cruraque

1842 929 2081 984 directus
2112 928 2358 998 sospitati
2413 929 2664 983 donatur.
2703 928 2856 996 Quod
2907 926 3060 981 multi
3115 935 3422 987 cernentes.

1843 1023 2063 1092 quidam
2089 1022 2382 1077 astantium
2407 1037 2676 1092 oppressa,
2728 1020 2887 1074 matri
2916 1026 3265 1083 succurrunt,
3307 1018 3426 1086 qni-

1844 1119 1966 1172 dam
2023 1132 2151 1171 vero
2206 1132 2431 1186 puerum
2506 1116 2956 1186 comprehensum
3013 1112 3262 1168 efferunt.
3310 1109 3426 1178 Quo

1847 1209 2022 1272 laeto,
2067 1208 2444 1264 tumultuantis
2491 1209 2782 1262 innumera:
2815 1207 3178 1262 multitudinis
3223 1205 3429 1259 clamor

1845 1300 2108 1354 attollitur
2128 1321 2140 1352 ;
2163 1301 2303 1354 Deus
2326 1299 2591 1353 mirabilis
2613 1299 2663 1352 in
2691 1299 2892 1353 sanctis
2916 1298 3026 1352 suis
3058 1294 3229 1368 (I’sal.
3261 1310 3426 1360 vatt,

1845 1389 1934 1460 56)
1966 1391 2121 1460 vulgo
2153 1389 2507 1460 praedicatur;
2538 1388 2794 1458 quoniam
2828 1403 3054 1466 puerum
3079 1401 3237 1457 quem
3269 1386 3428 1456 paulo

1846 1493 1972 1540 ante
1997 1483 2083 1538 vix
2130 1491 2405 1552 repentem
2455 1491 2737 1547 noverant,
2791 1482 2933 1538 hunc
2966 1497 3073 1550 prm
3118 1481 3287 1542 oculis
3317 1480 3430 1535 suis

1848 1571 2183 1627 incedentem
2212 1573 2408 1643 prazvia
2441 1581 2611 1627 matre
2662 1573 2976 1627 cernebant.
3008 1570 3174 1627 Nobis
3211 1571 3426 1625 inlcrint

1851 1663 1902 1717 iu
1970 1663 2136 1718 choro
2189 1664 2254 1722 ad
2310 1663 2505 1717 missas
2559 1662 2935 1732 psallentibus,
2991 1659 3152 1728 hujus
3179 1661 3254 1715 rei
3297 1661 3432 1714 odor

1851 1755 2006 1810 nobis
2029 1755 2267 1810 illabitur
2291 1753 2663 1810 suavissimus.
2693 1753 2844 1822 Quod
2870 1754 2993 1807 dum
3016 1767 3048 1806 a
3071 1751 3224 1806 nobis
3250 1760 3428 1805 utrum

1852 1862 2038 1920 verum
2079 1847 2215 1901 foret
2243 1846 2418 1902 adhuc
2447 1857 2805 1917 quzercretur,
2856 1846 2997 1901 idem
3042 1861 3187 1914 puer-
3226 1843 3433 1898 meritis

1852 1937 2026 1991 sancti
2059 1937 2262 1992 Bertini
2291 1948 2516 1992 sanatus
2539 1931 2857 2008 ingreditur,
2888 1945 3211 2005 erectusque
3233 1951 3286 1988 tn
3314 1949 3431 1990 me-

1853 2029 1940 2085 dio
1969 2038 2211 2083 nostrum
2236 2028 2464 2084 ducente
2493 2039 2666 2102 matre
2698 2045 2880 2084 coram
2935 2028 3090 2084 altari
3131 2028 3430 2083 secundum

1855 2120 2125 2177 modulum
2155 2136 2311 2176 suum
2344 2120 2454 2178 Deo
2483 2122 2687 2193 gratias
2713 2131 2934 2178 acturus
2955 2123 3340 2191 prosternitur.
3367 2121 3433 2176 Et

1855 2214 1998 2270 dicto
2059 2213 2372 2287 Evangelia.
2421 2216 2726 2287 domnoque
2773 2216 3180 2286 archiepiscopo
3249 2230 3433 2269 coram

1856 2306 2011 2359 altari
2037 2307 2296 2376 hymnum
2331 2306 2400 2361 Te
2432 2307 2596 2360 Deum
2619 2308 2900 2361 laudamus
2932 2309 3434 2379 inchoante,vatque

1856 2399 2228 2469 multipliciter
2256 2400 2427 2456 choro
2478 2401 2867 2469 subsequente,
2909 2399 3104 2456 multos
3132 2399 3346 2456 Christo
3379 2401 3433 2455 in

1838 2507 1917 2562 re
1943 2502 2094 2564 gesta
2125 2491 2540 2562 coujubilantes,
2573 2491 2771 2549 nmltos
2800 2491 3086 2562 laerymari
3110 2509 3222 2565 pra:
3246 2493 3434 2549 laetitia

1856 2600 2132 2640 cerneres.

1934 2679 2020 2732 14.
2048 2678 2286 2734 Necdum
2321 2694 2450 2733 vero
2470 2679 2673 2749 hymno
2695 2667 2990 2747 completo,
3015 2688 3070 2736 et
3107 2678 3284 2752 adhuc
3306 2693 3439 2732 non-

1861 2773 2022 2828 nullis
2073 2774 2232 2826 nobis
2285 2770 2538 2826 ﬂentibus
2565 2785 2674 2840 pra:
2720 2752 2943 2841 gaudio,
2993 2770 3236 2840 quedam
3275 2771 3437 2832 etiam

1861 2866 2058 2919 mulier
2088 2879 2228 2918 caeca
2276 2862 2432 2931 hujus
2487 2863 2723 2918 civitatis
2772 2863 3157 2928 mansionaria,
3213 2862 3441 2931 ideoque

1860 2957 2073 3013 cunctis
2105 2956 2636 3022 nostrisnotissima,
2685 2966 2812 3012 tunc
2842 2956 3013 3014 visum
3052 2955 3320 3028 recepisse
3349 2956 3442 3011 de-

1863 3049 2168 3114 nuntiatur,
2217 3047 2439 3118 ipsaque
2459 3048 2520 3102 in
2553 3058 2843 3118 conSpectu
2893 3049 3134 3104 omnium
3189 3046 3441 3102 nuntium

1853 3137 2178 3208 hujestnodi
2217 3138 2516 3192 illuminata
2551 3139 2866 3203 comitatur,
2911 3139 3287 3210 tremuerunt]
3329 3137 3444 3191 lau-

1863 3232 1985 3286 dem
2013 3231 2104 3285 Dei
2126 3238 2180 3286 et
2208 3231 2273 3285 ad
2307 3230 2554 3285 meritum
2588 3230 2645 3286 S.
2670 3229 2880 3287 Bertini
2917 3233 3293 3303 protelandum
3313 3248 3442 3302 pro-

1863 3331 2033 3379 strata
2075 3323 2422 3378 admiscetur.
2449 3322 2659 3390 Quanta
2693 3341 2825 3380 vero
2875 3326 3240 3382 exsultatio::e
3272 3342 3446 3398 quan-

1849 3425 1989 3479 ,tave
2024 3416 2287 3487 dignitate
2321 3431 2381 3470 ea
2414 3417 2500 3470 die
2532 3419 2585 3470 in
2633 3416 2863 3472 Domino
2893 3421 3222 3474 exsultatum
3261 3435 3324 3474 ac
3354 3420 3446 3474 de-

1865 3506 2123 3562 lectatum
2161 3517 2264 3570 est,
2291 3508 2490 3561 nullius
2533 3509 2764 3564 assertio
2814 3510 2880 3565 ad
2924 3513 3140 3580 plenum
3190 3512 3446 3582 expedire

1867 3602 2116 3657 subiciet.
2173 3600 2307 3654 Nam
2333 3603 2693 3670 quorumdam
2742 3591 3228 3671 inquietudinibus,
3273 3604 3443 3658 mole—

1870 3695 2012 3760 suis,
2038 3693 2347 3764 ignominiis
2376 3708 2615 3763 eousque
2644 3694 2978 3758 exacerbati,
3007 3704 3133 3749 tunc
3157 3693 3445 3749 Dei‘nostri

1855 3800 2030 3856 super
2049 3802 2148 3841 nos
2194 3785 2398 3857 gratius
2451 3793 2771 3840 coruscantc
2815 3781 3022 3856 gratia,
3066 3783 3221 3840 Facti
3259 3786 3446 3843 "sumus

1869 3881 2004 3935 sicut
2029 3877 2320 3942 consolati;
2347 3887 2469 3931 tunc
2501 3876 2747 3947 repletam
2785 3894 2856 3932 est
2889 3878 3080 3948 gaudio
3112 3895 3168 3932 ος
3189 3890 3448 3946 nostrum,

1870 3973 2121 4044 etliugua
2160 3975 2336 4026 nostra
2374 3969 2724 4026 exsultatione
2752 3970 2922 4042 (Psal.
2960 3985 3122 4036 cxxv,
3157 3971 3264 4042 1).-

1942 4065 2031 4120 15.
2069 4063 2188 4124 lam
2211 4079 2354 4119 nunc
2383 4062 2673 4134 praelibatm
2719 4062 3008 4133 singularis
3048 4065 3236 4135 gratiae
3261 4057 3447 4119 causa

1873 4157 2104 4221 emicat,
2142 4155 2254 4225 jam
2285 4155 2419 4210 illud
2449 4153 2705 4224 quiddam
2735 4155 2862 4210 boni
2907 4153 3048 4225 quod
3103 4154 3452 4210 miseratione

1857 4250 1972 4305 Ι)θί
1997 4247 2387 4304 confovendum
2413 4255 2760 4316 temporeque
2782 4259 2878 4300 suo
2897 4245 3295 4317 prrduccndum
3319 4260 3452 4316 pra:-

189 4335 360 4388 etiam
418 4335 643 4390 antehac
691 4350 813 4390 cum
852 4337 1100 4394 eumdem
1131 4337 1467 4395 duodennem
1494 4339 1770 4395 Coloniam
1800 4330 2078 4396 D-dixisse
2104 4337 2325 4396 memini
2365 4336 2690 4392 infuhninat.
2735 4335 2946 4390 Nullum
2983 4347 3288 4391 nostromm
3336 4335 3453 4390 haec

191 4425 259 4480 ad
284 4424 346 4480 S.
379 4423 654 4482 Heriberti
685 4437 1114 4499 ceterorumque
1142 4438 1454 4486 sanctorum
1474 4432 1603 4488 inibi
1627 4433 1778 4503 quic-

193 4516 468 4572 scentium
491 4515 746 4589 suﬂragia
768 4518 1032 4588 cogitaret
1059 4521 1459 4588 devehendum,
1510 4534 1778 4592 quatenus

193 4620 386 4661 eorum
434 4607 644 4662 meritis
699 4609 945 4664 obtinere
1004 4609 1188 4664 forsan
1246 4621 1548 4667 mereretur
1606 4613 1778 4668 oiIicia

195 4695 604 4763 membrorum;
630 4699 696 4752 ad
728 4700 842 4755 haec
866 4700 1008 4755 idem
1031 4715 1339 4772 quanquam
1362 4718 1497 4772 puer
1520 4704 1699 4772 inquit
1721 4719 1779 4760 se

193 4802 292 4857 per
323 4789 500 4844 visum
521 4789 634 4860 jam
665 4800 745 4846 ter
774 4793 1127 4857 admonitum,
1177 4809 1244 4850 ne
1269 4809 1539 4864 quoquam
1587 4798 1780 4865 depor-

197 4887 430 4943 taretur.
457 4879 562 4933 nisi
622 4880 770 4949 prius
808 4882 874 4935 ad
933 4882 992 4938 S.
1039 4883 1319 4940 Bertinum
1345 4884 1488 4940 latus
1537 4885 1779 4958 ejusdem

197 4975 392 5028 merita
425 4974 788 5044 experiretur.
824 4976 1071 5047 Cumque
1107 4978 1234 5035 illuc
1263 4979 1426 5034 etiam
1481 4994 1580 5049 per
1605 4979 1779 5036 visum

199 5079 419 5121 ventum
447 5074 597 5121 esset
625 5075 680 5120 et
701 5076 932 5134 oratum,
972 5071 1096 5123 item
1136 5071 1276 5128 idem
1308 5078 1543 5141 quatuor
1572 5072 1780 5128 colum-

197 5158 289 5214 bas
314 5155 739 5214 candidissimas
764 5159 961 5216 vidisse
990 5175 1048 5214 se
1073 5161 1151 5216 ait
1171 5163 1448 5218 avolautes
1491 5162 1637 5218 foras
1666 5177 1782 5222 nro—

192 5250 528 5314 nasterium,
588 5248 871 5319 ipsumque
913 5252 1083 5306 altare
1117 5269 1440 5310 concussum
1473 5253 1644 5310 instar
1663 5256 1778 5313 folii

191 5350 563 5402 contremere,
619 5354 842 5402 seseque
865 5357 1046 5398 coram
1085 5357 1152 5399 eo
1195 5355 1648 5402 prosternentem.
1682 5365 1783 5402 nec

1879 4433 2050 4505 gratia
2083 4433 2352 4503 ingratum
2373 4430 2569 4485 habeat
2589 4469 2605 4494 ,
2631 4443 2819 4484 omnes
2842 4443 2940 4484 nos
2961 4425 3178 4483 Christo
3198 4427 3454 4497 deinceps

1879 4525 2182 4580 devotiorcs
2211 4522 2488 4585 exhibeat,
2514 4534 2703 4575 omnes
2731 4519 2796 4575 ad
2828 4519 3036 4573 laudem
3085 4518 3179 4573 Dei
3223 4515 3454 4588 vigilan-

1859 4613 2048 4668 tiores
2085 4611 2341 4681 impellat.
2377 4610 2512 4664 Dum
2559 4609 2801 4680 profecto
2860 4607 2945 4662 his
2994 4607 3244 4672 intendo,
3290 4607 3456 4662 etiam

1883 4704 2046 4758 trium
2071 4702 2360 4757 verborum
2380 4701 2432 4754 in
2450 4700 2667 4754 inventa
2683 4697 2953 4754 crucicula
2972 4699 3301 4768 sculptorum
3325 4696 3458 4751 mihi

1883 4795 2072 4851 incidit
2120 4791 2345 4848 mentio.
2389 4789 2462 4846 Ut
2501 4790 2647 4845 enim
2680 4799 2808 4846 tunc
2835 4789 3008 4845 tribus
3037 4785 3466 4845 evidentioribus

1883 4885 2057 4957 signis
2107 4881 2305 4940 claruit
2347 4881 2599 4937 clevatio.
2667 4881 2800 4936 Nam
2857 4881 3000 4937 sicut
3049 4883 3104 4937 in
3156 4871 3468 4935 inventione

1883 4979 2134 5048 quisnam
2157 4982 2304 5032 esset
2331 4974 2660 5041 nesciretur,
2687 4974 2742 5030 ni
2766 4975 2867 5028 tria
2889 4974 3058 5029 verba
3084 4975 3475 5041 loquerentur;

1883 5069 1965 5124 sic
1993 5082 2211 5139 quoque
2239 5067 2294 5119 in
2322 5065 2626 5123 clevatione
2650 5068 2790 5123 haud
2817 5065 2953 5123 satis
2981 5066 3053 5121 ab
3074 5055 3325 5122 omnibus
3356 5074 3479 5114 cre-

1884 5161 2132 5226 deretur,
2165 5157 2271 5214 nisi
2302 5156 2388 5211 bis
2415 5155 2578 5212 trium
2611 5158 2998 5214 miraculorum
3031 5150 3246 5211 indiciis
3271 5147 3482 5202 veritas

1885 5251 2298 5308 clariﬁcaretur.
2349 5247 2489 5316 Quid
2545 5249 2753 5320 igitur?
2798 5249 3046 5304 Tantane
3091 5240 3225 5301 nihil
3279 5239 3483 5294 harum

1887 5359 2068 5400 rerum
2091 5339 2474 5400 convenientia
2504 5339 2888 5398 movercmur'i
2922 5336 3052 5392 Tria
3081 5336 3246 5392 verba
3284 5329 3488 5383 inven-
