3936 5402
530 327 670 390 H59

1590 304 1932 390 FLOCARDI
1971 326 2276 388 nomen:
2317 319 2743 387 SITHWENSIS

525 449 709 505 oiunia
731 447 800 502 ab
825 446 1073 503 omnibus
1100 447 1193 504 Dei
1224 447 1396 519 gratia
1434 447 1709 519 pelluntur
1753 444 2067 504 umbracula
2085 484 2102 514 ,
2133 451 2180 507 Α
2206 454 2262 501 et
2286 445 2571 502 abbatibus
2594 446 2850 516 quiddam
2893 452 3203 500 sanctarum
3230 443 3588 514 reliquiarum
3620 443 3776 512 impe-

523 542 629 597 hac
653 541 784 596 tanti
823 541 1035 613 patroni
1062 557 1204 597 nunc
1230 539 1502 613 fulgurant
1537 542 1754 597 merita.

595 629 684 688 i6.
720 633 1018 699 Caeterum,
1060 633 1295 704 peractis
1325 649 1448 689 cum
1480 641 1643 688 tanta:
1672 634 1859 706 gloriae
1889 631 2102 703 magni-

524 719 743 776 ficentia
782 722 1143 777 sacrosanctis
1183 722 1468 777 missarum
1501 722 1725 789 oiliciis,
1783 723 2104 792 caeterisque

525 819 836 865 sanctorum
854 812 1174 880 corporibus
1195 810 1330 867 locis
1352 811 1466 866 suis
1479 811 1778 882 deportatis
1795 852 1812 880 ,
1841 812 2100 868 scrinium

523 903 698 957 sancti
721 899 924 957 Bertini
952 901 1129 957 adhuc
1155 904 1497 959 immnnitum
1527 917 1690 974 super
1719 919 1869 959 aram
1897 913 2100 960 sancta:

521 991 702 1048 crucis
754 991 948 1063 populo
975 992 1431 1064 frequentandum
1485 995 1808 1062 exponitur,
1847 993 1960 1064 jam
1987 993 2099 1050 sole

521 1084 591 1136 ad
645 1094 892 1136 Jccasum
931 1093 1216 1154 vergente,
1266 1082 1458 1152 positis
1513 1083 1825 1138 custodibus
1852 1083 1905 1138 in
1955 1082 2096 1137 diem

521 1170 818 1226 crastinum
845 1171 1166 1242 signandum
1191 1181 1567 1227 conservatur.
1624 1171 1720 1228 liis
1764 1173 1901 1228 bene
1929 1171 2098 1244 gestis

519 1276 750 1332 corpora
779 1263 941 1318 rebus
973 1273 1364 1334 procurantur,
1406 1273 1570 1334 atque
1611 1265 1690 1320 sic
1741 1263 2094 1320 celeberrima

518 1352 635 1408 dies
662 1353 750 1408 illa
779 1369 898 1409 cum
925 1354 1274 1410 inenarrabili
1304 1354 1474 1426 gloria
1514 1363 1937 1410 consummatur.
1999 1355 2099 1410 Se-

519 1455 720 1516 quente
749 1460 878 1501 vero
899 1448 985 1501 die
1012 1449 1138 1503 item
1166 1447 1470 1512 acceditur,
1526 1456 1687 1516 atque
1734 1447 1887 1502 testis
1932 1455 2096 1516 gesta:

519 1535 596 1590 rei
642 1536 823 1591 cautio
859 1537 1146 1602 ordinem,
1197 1547 1408 1608 tempus
1434 1578 1448 1602 ,
1492 1552 1776 1606 personam
1821 1551 1884 1591 ac
1929 1546 2096 1592 testes

516 1626 805 1682 continens
831 1636 1042 1683 astante
1067 1629 1349 1685 innuuzera
1375 1629 1555 1700 populi
1583 1627 1923 1683 multitudine
1952 1627 2096 1684 ret-i-

520 1729 698 1789 tatur,
753 1738 818 1778 ac
857 1723 1094 1794 perlecta
1142 1739 1263 1779 cum
1309 1726 1522 1779 inventa
1553 1739 1715 1780 cruce
1745 1733 2095 1779 sacrosancto

2207 534 2396 600 tratis,
2455 536 2648 606 singuli
2699 534 2920 606 singulis
2968 533 3148 589 donati
3189 535 3510 588 muneribus
3566 533 3636 587 ad
3689 546 3774 587 sua

2201 635 2515 692 remearunt
2539 626 2732 681 laetius.

2276 719 2362 774 18.
2404 719 2640 787 Quorum
2667 735 2839 785 unus,
2893 717 3144 773 videlicet
3187 717 3357 772 abbas
3409 716 3470 771 S.
3521 712 3775 770 Walerici

2202 806 2412 876 Wazo,
2471 821 2780 867 sanctarum
2831 809 3177 880 reliquiarum
3226 804 3484 878 quiddam
3517 809 3776 876 adeptus,

2203 909 2487 971 postquam
2519 911 2741 972 peracto
2771 917 2940 958 saera:
2979 902 3298 956 elevationis
3348 901 3622 956 solemnia
3657 916 3779 972 gau-

2203 990 2335 1046 dens
2363 990 2579 1047 domum
2617 1002 2701 1048 est
2729 1007 3006 1064 regressus
3033 1034 3046 1056 ,
3105 990 3324 1062 quidam
3369 989 3612 1048 rusticus
3637 1001 3781 1047 utro-

2201 1095 2428 1149 rumque
2455 1082 2666 1137 orbium
2713 1083 2928 1153 pupillis
2973 1084 3226 1154 gravibus
3266 1083 3500 1139 maculis
3537 1082 3777 1138 obductis

2201 1183 2450 1237 czrcatus.
2499 1190 2667 1244 puero
2707 1173 2806 1230 sibi
2839 1173 3101 1247 d'rigente
3145 1190 3387 1245 gressus,
3436 1175 3674 1230 accessit
3717 1175 3778 1228 ad

2199 1275 2353 1323 cum.
2404 1263 2666 1333 quidlibet
2695 1263 3070 1321 medicatiouis
3097 1263 3489 1337 pOstulaturus.
3523 1265 3627 1322 Cui
3657 1266 3776 1322 ille:

2201 1353 2373 1422 Nihil,
2403 1356 2605 1428 inquit,
2640 1359 2867 1414 autidoti
2903 1359 2990 1413 tali
3023 1361 3212 1414 morbo
3247 1360 3369 1414 novi
3400 1359 3777 1422 salutiferum,

2203 1455 2397 1516 praater
2449 1448 2865 1518 cunctipotentis
2918 1449 3277 1518 salutarisque
3337 1449 3555 1504 Domini
3612 1447 3776 1503 nostri

2199 1536 2324 1592 vau
2390 1537 2590 1594 Christi
2649 1548 2988 1610 proventum.
3057 1538 3442 1596 Verumtamen
3503 1541 3777 1612 cujusdam

2202 1628 2430 1682 celebris
2460 1629 2630 1684 sancti
2664 1628 3001 1684 sanctissimo
3028 1630 3347 1685 clevationis
3380 1631 3654 1700 obsequio
3679 1646 3776 1683 nu-

2202 1720 2436 1791 perrime
2485 1720 2754 1778 nonnullis
2789 1723 3237 1777 concurrentibus
3271 1733 3325 1776 et
3354 1739 3457 1792 ego
3491 1715 3737 1776 ruat-cui
3763 1762 3777 1784 ,

438 1879 450 1894 Ι
516 1817 734 1884 corpori
801 1817 1174 1888 componitur,
1230 1817 1415 1886 sicque
1481 1815 1839 1886 compositum
1896 1817 2092 1871 suuuui
2128 1804 2168 1861 ll
2199 1822 2495 1882 sanctoque
2523 1811 2892 1882 hujuscemodi
2925 1814 3140 1883 negotio
3174 1816 3425 1883 quamvis
3470 1815 3780 1869 immeritus

518 1908 766 1978 praesulis
792 1909 965 1980 sigillo
989 1911 1249 1982 signatur,
1287 1911 1547 1965 scrinium
1574 1910 1873 1974 clauditur,
1902 1908 2093 1965 ferreis

515 1997 740 2054 circulis
771 1999 1046 2072 clavisque
1063 2009 1336 2067 arctatur,
1364 2001 1644 2056 consuitur
1665 2041 1682 2066 ,
1721 2000 1954 2054 vincitur
1974 2039 1990 2065 ,
2013 2000 2096 2054 iu-

515 2087 1007 2161 dissolubiliterque
1041 2107 1343 2146 connexum
1373 2107 1495 2146 cum
1527 2091 1827 2145 innumera:
1856 2089 2094 2145 multitu-

515 2178 657 2234 dinis
713 2181 948 2252 tripudio
995 2183 1046 2238 in
1091 2181 1290 2238 Sancta
1344 2194 1652 2239 sanctorum
1683 2197 1808 2238 cum
1853 2181 2095 2251 reliquiis

516 2267 788 2325 inducitur
816 2273 1264 2342 magniﬁcaudum
1290 2291 1304 2328 :
1329 2273 1418 2329 nbi
1448 2288 1590 2328 mine
1611 2288 1780 2345 usque
1807 2265 2113 2328 veneratur.

511 2367 570 2416 et
586 2402 603 2428 ,
644 2364 869 2420 Domino
895 2376 1168 2423 annuente
1193 2409 1208 2435 ,
1250 2369 1598 2425 venerabitdr
1624 2368 1679 2424 in
1701 2367 1896 2424 szecola
1921 2383 2088 2424 saecu-

513 2451 713 2510 lorum.

583 2549 672 2605 i7.
713 2549 918 2607 Dehine
943 2561 1124 2609 autem
1153 2569 1323 2610 sacra:
1353 2553 1669 2611 elevationis
1708 2554 1849 2610 diem
1888 2568 2094 2611 memo-

511 2641 702 2697 rialem
736 2659 980 2700 summus
1008 2645 1204 2716 praesul
1233 2662 1295 2702 ac
1337 2647 1566 2704 domuos
1592 2647 1875 2717 episcopus
1910 2656 2094 2702 noster

511 2749 544 2788 a
575 2745 772 2790 cuncto
810 2736 1006 2806 pupulo
1035 2735 1192 2805 hujus
1217 2739 1512 2795 diteceseos
1547 2739 1800 2808 deinceps
1829 2753 2092 2793 veneran-

511 2824 673 2891 dum,
720 2827 992 2896 multaque
1021 2828 1306 2886 devotione
1349 2830 1573 2902 singulis
1598 2830 1756 2885 annis
1782 2829 2093 2886 indixerunt

509 2911 815 2970 colendum.
869 2915 964 2972 His
1018 2917 1092 2971 ita
1145 2918 1384 2990 peractis
1407 2958 1424 2986 ,
1453 2929 1509 2976 et
1533 2918 1744 2974 domuis
1775 2918 2093 2989 praesulibus

2200 1901 2467 1958 interfui:
2528 1902 2601 1958 ibi
2640 1918 2851 1973 quoque
2897 1904 3083 1973 quanti
3115 1906 3254 1959 idem
3303 1913 3538 1959 sanctus
3583 1904 3776 1968 fuerit,

2201 1994 2425 2049 diversis
2455 1995 2836 2050 miraculorum
2883 1996 3218 2067 magnalibus
3261 1997 3529 2051 Dominus
3574 1996 3780 2050 eunetis

2202 2086 2357 2142 nobis
2392 2086 2702 2142 declaravit.
2757 2086 2830 2143 De
2883 2103 2990 2158 quo
3041 2088 3203 2142 etiam
3261 2088 3423 2140 unius
3463 2096 3778 2140 sanctorum

2198 2179 2439 2234 dentium
2492 2179 2634 2234 dono
2680 2181 2881 2236 ditatus
2937 2181 3041 2236 hnc
3091 2179 3408 2250 regrediens
3453 2179 3659 2243 attuli,
3695 2177 3779 2231 tali

2199 2286 2424 2327 munere
2467 2271 2729 2342 gavisus:
2786 2282 2840 2327 et
2888 2273 2932 2327 si
2979 2272 3137 2328 (idem
3187 2271 3513 2327 adhibueris
3543 2270 3779 2342 ejusdem

2199 2366 2406 2422 meritis
2428 2368 2600 2423 sancti
2635 2375 2684 2422 te
2707 2381 2864 2438 posse
2893 2365 3108 2431 sanari,
3162 2371 3407 2421 actutum
3444 2363 3547 2419 tibi
3590 2363 3780 2432 iubebo

2197 2458 2534 2530 prasentari.
2558 2459 2640 2514 Ad
2665 2459 2778 2514 haec
2799 2457 2886 2514 ille
2911 2475 2924 2511 :
2956 2456 3210 2523 Confido,
3243 2455 3444 2526 inquit.
3472 2454 3642 2526 isque
3666 2468 3779 2507 mox

2199 2552 2254 2610 in
2281 2559 2569 2622 conspectu
2598 2552 2890 2606 astantium
2915 2550 3110 2606 aﬂ'erre
3139 2550 3420 2620 praecepit.
3464 2549 3592 2616 Quo
3629 2547 3780 2601 allato

2199 2654 2254 2701 et
2282 2645 2524 2715 utrisque
2545 2643 2659 2712 ejus
2685 2643 2978 2698 luminibus
3003 2640 3245 2697 adhibito
3268 2681 3284 2706 ,
3311 2639 3615 2696 confestim
3643 2653 3781 2693 rere-

2199 2734 2322 2790 latis
2358 2735 2527 2790 oculis
2572 2734 2718 2788 clare
2770 2733 2954 2788 videre
3004 2731 3205 2803 coepit,
3245 2740 3412 2800 atque
3463 2746 3635 2800 super
3689 2729 3779 2782 hoc

2198 2826 2417 2880 nomine
2447 2824 2657 2880 Domini
2680 2825 2965 2881 benedicta
2984 2865 2999 2891 ,
3024 2837 3208 2895 sospes
3235 2823 3547 2892 hilarisque
3570 2823 3776 2878 domum

2200 2917 2358 2972 rediit
2389 2916 2525 2989 (70).

606 3071 696 3143 70)
721 3071 778 3146 S_.
809 3072 1008 3146 Bertini
1030 3089 1228 3145 corpus
1253 3073 1703 3144 theczeargenteae
1724 3088 1887 3144 super
1907 3071 2079 3128 altare
2119 3071 2322 3143 majus,
2375 3081 2538 3146 caput
2584 3073 2790 3130 scrinio
2826 3073 3090 3130 deaurato
3120 3070 3394 3128 inclusum
3441 3073 3497 3127 in
3554 3085 3714 3126 sacro

511 3156 653 3212 penu
678 3141 708 3196 a
731 3141 1058 3200 Bertiuianis
1087 3141 1290 3201 nostris
1309 3141 1678 3201 asservantur.

1909 3233 1944 3246 Δ

523 3279 3771 3310 W

1411 3429 1680 3495 SERMO
1727 3430 1810 3492 IN
1862 3429 2117 3493 FESTO
2157 3428 2511 3492 EJUSDEM
2547 3425 2859 3489 SANCTI.

1829 3575 2348 3658 (Fragmentum)

583 3716 829 3776 Gaudete
852 3758 868 3783 ,
896 3716 1230 3774 dilectissimi
1255 3711 1484 3787 fratres,
1516 3719 1573 3777 in
1603 3719 1830 3777 Domino
1855 3761 1871 3785 ,
1897 3721 1989 3792 qui
2017 3709 2084 3774 ad
2113 3726 2158 3790 ο
2187 3719 2490 3775 cumoletur
2539 3718 2738 3792 gloria,
2787 3727 2845 3776 et
2896 3735 2994 3776 nos
3029 3688 3152 3778 cum
3204 3719 3297 3776 illo
3357 3722 3772 3778 desiderabilem

512 3809 842 3866 sanctissimi
885 3807 1064 3865 Patris
1087 3821 1141 3865 et
1182 3811 1503 3882 protectoris
1531 3812 1733 3880 nostri,
1781 3812 1954 3868 sancti
1987 3811 2094 3866 sci-

516 3898 878 3955 licet'Bertini
904 3899 1165 3955 solemnia
1189 3899 1552 3966 convenistis,
1594 3909 1650 3955 et
1690 3900 1958 3971 spirituali
2001 3899 2092 3971 ju-

516 3991 796 4045 cunditate
823 3988 1081 4046 lmtamiui
1105 4030 1122 4055 ,
1176 4000 1232 4046 et
1251 4006 1323 4047 ex
1351 3991 1542 4047 intimo
1562 3992 1743 4048 cordis
1764 3991 1959 4047 allecto
1987 3989 2096 4046 cle-

518 4083 778 4138 mentiam
810 4083 1022 4138 Domini
1052 4084 1225 4140 nostri
1254 4083 1382 4140 Jesu
1402 4085 1604 4140 Christi
1639 4085 1976 4150 collaudate,
1999 4088 2094 4157 qui

517 4190 619 4230 nos
638 4173 708 4228 ab
729 4174 1047 4230 idololatria
1067 4175 1344 4232 erroribus
1367 4177 1435 4232 ad
1458 4176 1788 4248 agnitionem
1811 4177 1986 4232 sancti
2011 4175 2095 4232 sui

518 4267 754 4324 nominis
783 4282 880 4338 per
914 4268 1071 4336 hujus
1107 4269 1282 4326 sancti
1297 4269 1615 4330 sacerdotis
1651 4269 2092 4341 pmdicationem

518 4361 815 4432 perdocere
839 4361 1092 4430 dignatus
1117 4370 1223 4416 est.
1272 4361 1577 4434 Sequemur
1603 4361 1934 4417 unanimiter
1983 4369 2094 4415 tam

517 4449 692 4504 sancti
742 4449 981 4504 doctoris
1036 4449 1289 4518 vestigia;
1348 4464 1456 4503 non
1510 4449 1680 4503 simus
1735 4450 1870 4503 tanti
1914 4447 2094 4504 Patris

517 4540 818 4609 degeneres
847 4539 941 4592 lilii
971 4579 987 4604 ,
1042 4540 1138 4594 sed
1169 4539 1512 4594 sanctitatem
1555 4540 1682 4594 vita:
1714 4539 1857 4595 illius
1881 4555 2094 4596 tuorum

520 4628 802 4684 nobilitate
827 4629 1120 4684 ituitemur.
1147 4628 1475 4704 Abjiciamus
1513 4646 1543 4684 a
1574 4630 1730 4688 nobis
1751 4645 1912 4700 opera
1945 4641 2095 4686 tene-

522 4720 744 4774 brarum
764 4758 782 4786 ,
809 4731 866 4774 et
894 4718 1182 4776 induamus
1209 4735 1308 4776 nos
1336 4735 1487 4775 arma
1523 4720 1694 4787 locis,
1743 4720 1884 4776 sicut
1923 4721 1978 4776 in
2009 4722 2096 4776 die

523 4809 1103 4874 honesteambulemus
1132 4810 1310 4882 (Rom.
1337 4826 1467 4878 xui,
1502 4811 1626 4880 12):
1659 4811 1783 4880 quia
1815 4826 1920 4866 uox
1947 4811 2098 4882 igno—

522 4901 714 4957 rantiae
743 4903 989 4966 recessit,
1018 4911 1074 4957 et
1099 4918 1240 4958 vera:
1257 4903 1497 4962 scientia:
1513 4903 1670 4959 nobis
1691 4902 1871 4958 lumen
1897 4903 2093 4972 illuxit,

499 5003 584 5047 .ut
608 4991 704 5048 filii
725 4992 862 5048 lucis
891 4994 944 5047 in
963 4994 1113 5048 omni
1142 4995 1392 5050 castitate
1417 5002 1470 5048 et
1500 4993 1701 5064 pietate
1729 4995 2090 5052 ambulmuus.

2196 3824 2504 3865 mereamur
2557 3811 2744 3866 audire
2794 3811 3165 3868 sententiam:
3232 3810 3422 3867 Venite
3448 3854 3466 3880 ,
3527 3814 3775 3868 benedicti

2196 3897 2376 3956 Patris
2401 3903 2500 3956 mei
2523 3941 2539 3967 ,
2589 3901 2833 3973 percipite
2859 3918 3069 3973 regnum
3097 3903 3236 3973 quod
3262 3905 3409 3958 vobis
3432 3917 3683 3974 paratam
3703 3912 3776 3956 est

2191 3992 2261 4046 ab
2289 3992 2487 4063 origine
2516 3994 2698 4048 mundi
2739 3992 2952 4065 (Matth.
2987 4010 3130 4061 xxv,
3165 3994 3279 4065 56).
3329 3995 3425 4051 Ille
3474 3998 3545 4051 de
3572 3996 3772 4051 cmlesti

2196 4087 2371 4156 patria
2423 4086 2526 4157 piis
2570 4087 2904 4144 orationibus
2957 4096 3201 4143 nostrum
3255 4089 3506 4158 quotidie
3549 4105 3774 4162 agonem

2198 4176 2455 4247 adjuvare
2475 4191 2580 4232 non
2603 4176 2854 4243 desistit,
2911 4176 3225 4234 desiderans
3264 4193 3396 4234 suos
3424 4181 3774 4236 charissimos

2198 4265 2358 4334 filios,
2396 4282 2530 4337 quos
2545 4277 2770 4337 paterna
2782 4269 2982 4338 pietate
3001 4271 3189 4340 genuit
3215 4269 3267 4323 in
3292 4269 3544 4340 Christo,
3579 4272 3648 4326 ad
3669 4271 3776 4342 glo-

2197 4359 2334 4414 riam
2371 4369 2643 4430 perpetuze
2680 4361 3031 4418 beatitudinis
3065 4363 3372 4433 pervenire.
3413 4365 3772 4438 Quapropter,

2197 4449 2524 4515 charissimi,
2559 4452 2928 4522 unusquisque
2951 4453 3004 4508 in
3021 4467 3119 4508 suo
3139 4454 3329 4509 ordine
3367 4459 3672 4512 secundum
3702 4459 3776 4510 vi.

2199 4540 2338 4596 rium
2383 4555 2599 4596 suarum
2628 4541 2940 4600 facultatem
2976 4543 3190 4602 fortiter
3229 4547 3522 4604 diabolicis
3563 4550 3780 4605 resistat

2196 4632 2659 4703 suggestionibos;
2688 4644 2747 4690 ut
2772 4647 3030 4692 aeternam
3073 4639 3327 4708 triumphi
3356 4655 3623 4696 coronam
3658 4657 3776 4697 cum

2197 4724 2287 4793 pio
2299 4733 2522 4794 parente
2539 4735 2724 4782 nostro
2744 4727 2990 4797 accipere
3002 4729 3192 4798 dignus
3204 4730 3504 4785 etliciatnr:
3525 4730 3778 4787 Nonum

2195 4816 2333 4870 enim
2359 4817 2632 4888 condignis
2657 4857 2675 4883 ,
2715 4826 2774 4872 ut
2823 4818 2898 4873 ait
2927 4820 3247 4889 Apostolus,
3293 4823 3572 4890 passiones
3622 4823 3778 4892 hujus

2198 4907 2446 4976 temporis
2470 4907 2538 4961 od
2565 4919 2992 4979 superventurum
3040 4911 3260 4980 gloriam
3307 4929 3431 4982 quae
3468 4916 3782 4969 ret-dubitur

2197 4997 2254 5052 in
2280 4998 2428 5053 nobis
2459 4997 2636 5069 (Rom.
2667 5014 2788 5066 vm,
2817 5001 2924 5070 l8).
2957 5000 3125 5071 Igitur
3145 5004 3309 5059 breve
3336 5004 3548 5061 lat-.oris
3575 5017 3778 5076 tempus

521 5082 638 5139 Non
685 5085 796 5140 sint
845 5084 1071 5152 alicujus
1121 5086 1374 5155 nequitia:
1402 5088 1488 5143 vel
1519 5088 1740 5143 malitia
1779 5087 1992 5142 occulta
2037 5087 2091 5141 iu
2126 5069 2172 5128 Ῑ)
2198 5086 2380 5142 divina
2435 5087 2590 5156 nobis
2639 5089 2808 5144 voluit
2848 5069 3226 5160 esse—pietas,
3269 5099 3326 5146 et
3364 5095 3566 5164 agouis
3611 5069 3777 5150 nostri

523 5176 678 5214 nnhic
705 5191 938 5216 mmsna-
971 5177 1094 5218 nstin
1119 5177 1280 5218 hnmn
1307 5177 1444 5220 τίλλε
1473 5179 1523 5220 In
1555 5177 1710 5222 furia-
1743 5175 1884 5222 Deus
1909 5184 2089 5224 autem

2201 5177 2605 5224 retrihntieszem
2631 5193 2751 5224 eam
2773 5189 3082 5224 mrmtimm
3109 5221 3118 5224 -
3150 5191 3201 5224 at
3233 5195 3334 5224 nm
3364 5187 3657 5224 spinam-il:
3685 5187 3777 5224 Iri.
