3936 5402
134 281 259 340 "65

1184 282 1340 338 \‘l‘I‘A
1385 284 1441 338 5.
1483 282 1768 342 ιοΑΝΝῐε
1801 279 2389 344 ΒΕΥΕΒῘΑΕΕΝΞΙΞ.

3226 236 3373 332 ἶηερ

243 409 3359 448 ,Μ--ΜΜ-α-υό

1223 585 1764 702 INCIPIT
1848 584 2245 704 VITA.

699 919 973 977 PBOLOG
982 919 1068 978 US

169 1048 219 1109 ἲ.
236 1051 497 1108 Lucerna:
512 1053 720 1108 ardenti
743 1062 795 1106 et
811 1053 1012 1109 lucenti
1037 1054 1087 1107 in
1102 1052 1398 1125 caliginoso
1423 1050 1686 1118 Ioco,i\n-

101 1145 305 1214 glorum
335 1145 702 1213 arcltiprtesuli
748 1147 1004 1201 ALnnr-zoo
1036 1146 1173 1215 (71),
1205 1146 1465 1201 minimus
1514 1149 1677 1202 devo-

98 1247 269 1290 torum
301 1235 421 1304 ejus
451 1235 615 1291 frater
639 1235 984 1303 FOL’CARDUS,
1013 1238 1240 1293 salutem
1263 1253 1384 1293 cum
1421 1238 1566 1294 fideli
1597 1238 1683 1294 fa-

105 1329 332 1384 mulatu.
1668 1396 1671 1397 ν

162 1422 218 1477 lu
264 1432 541 1493 praecepto
606 1423 884 1478 servitutis
937 1433 1066 1491 tute,“
1116 1423 1188 1479 mi
1244 1426 1684 1482 reverentissime

96 1510 257 1569 Pater
280 1525 335 1569 et
369 1514 616 1579 Domine,
645 1516 871 1571 necesse
900 1525 984 1570 est
1029 1516 1285 1586 parvitati
1320 1532 1452 1571 mete
1481 1533 1685 1573 memo-

92 1609 196 1661 rari
256 1624 365 1661 nou
399 1608 574 1662 solum
611 1619 853 1664 veterum
886 1610 1248 1663 amicitiarum
1278 1618 1334 1663 et
1380 1607 1682 1678 frequentis

89 1696 366 1760 beneficii,
395 1708 584 1751 verum
607 1699 770 1752 etiam
799 1698 961 1769 (quod
997 1699 1080 1752 his
1105 1698 1274 1768 pluris
1294 1699 1400 1766 est)
1433 1700 1680 1753 auctori—

84 1789 214 1843 tatis
246 1798 379 1854 tate,
408 1802 528 1858 qua:
558 1791 696 1843 inter
718 1791 967 1846 homines
983 1800 1065 1845 est
1088 1790 1338 1845 Christus
1369 1790 1481 1845 Dei.
1508 1786 1682 1847 Tanta

90 1882 296 1951 quippe
333 1882 643 1937 cmlestiunt
670 1884 1056 1938 charismatum
1091 1884 1443 1954 praerogativa
1495 1883 1683 1940 sufful-

84 1982 189 2038 tus,
212 1974 441 2045 pondus
471 1975 638 2031 babes
658 1977 932 2047 przeeepti,
966 1978 1108 2032 unde
1138 1986 1194 2032 et
1230 1977 1446 2047 gravius
1467 1992 1682 2049 quoque

81 2066 329 2121 imminet
355 2067 628 2138 judicium
661 2068 953 2123 resistenti.
990 2068 1053 2122 Et
1083 2086 1206 2123 cum
1234 2071 1347 2123 hare
1397 2070 1679 2140 pusillani-

80 2158 333 2214 ntitatent
389 2176 571 2214 nteant
620 2161 982 2230 persu:tticaut
1032 2170 1217 2230 patere
1261 2161 1490 2228 jussioni
1537 2174 1679 2229 tute,

75 2248 379 2316 plurimum
404 2250 948 2304 succurritutemoria
970 2247 1087 2317 ejus
1105 2250 1490 2305 misericordia:
1513 2265 1563 2321 qr

83 2341 245 2396 nobis
274 2341 464 2396 fecisti
502 2340 623 2395 fidei
658 2342 757 2394 hac
784 2341 1275 2396 entnmendatione.
1502 2342 1505 2347 ’

137 2434 196 2487 2.
229 2431 493 2488 Turbato
514 2431 782 2503 siquidem
815 2431 1129 2488 fluctuantis
1152 2431 1387 2488 emnobii
1412 2431 1539 2505 :(72)
1565 2434 1678 2490 mei

65 2526 286 2597 pelago,
313 2526 782 2596 gententibusque
812 2540 948 2596 pene
974 2525 1188 2580 cunctis
1219 2526 1558 2582 charissimis
1596 2516 1681 2595 pi?

63 2620 335 2689 gnoribus
371 2620 714 2683 monasteri‘,
749 2618 893 2687 quod
926 2620 970 2673 is
999 2619 1093 2686 qui
1128 2617 1360 2687 pastoris
1388 2627 1442 2671 et
1481 2615 1677 2672 medici

66 2710 255 2766 locum
285 2718 686 2780 occupaverat,
718 2708 770 2761 in
800 2707 1087 2777 languente
1131 2707 1341 2762 ovicula
1372 2722 1476 2760 non
1504 2705 1677 2775 culpa:

62 2818 427 2871 pressuram,
461 2799 558 2856 sed
588 2813 822 2855 veterem
857 2798 1137 2855 familiaris
1165 2800 1273 2853 odii
1298 2798 1679 2867 insequeretur

54 2892 385 2960 iacturam;
423 2900 637 2947 etcum
688 2889 903 2945 collatis
952 2890 1079 2943 totis
1134 2889 1301 2945 animi
1346 2890 1427 2944 sui
1470 2890 1677 2945 viribus

55 2984 389 3038 consociant
423 2996 582 3036 ovem
608 2981 674 3036 ab
697 2982 938 3036 irruente
965 2978 1123 3051 (proh
1153 2979 1359 3051 dolor!)
1387 2981 1546 3034 nimis
1596 2978 1677 3033 fa-

50 3071 258 3127 miliari
292 3073 439 3141 lupo
461 3088 568 3126 nou
591 3081 881 3126 cenaretur
909 3072 1068 3135 tueri,
1094 3071 1187 3124 sed
1215 3086 1499 3141 perperam
1528 3086 1676 3125 com-

49 3174 252 3236 parato
282 3175 588 3235 potentatu
632 3164 875 3218 smculari
903 3165 1222 3219 exturbatos
1256 3179 1358 3219 nos
1408 3180 1438 3219 e
1486 3166 1675 3220 carina

48 3255 457 3312 tuouasteriali
500 3255 750 3309 fluctibus
777 3256 1096 3309 immitteret
1137 3254 1566 3326 pontizjamque
1596 3256 1675 3310 ir-

44 3349 357 3403 ruentibus
392 3348 642 3403 vicissim
666 3357 723 3402 et
745 3348 1148 3403 involveutibns
1183 3350 1364 3412 undis,
1388 3365 1511 3402 cum
1537 3351 1674 3405 inte-

42 3441 188 3495 ritus
219 3440 595 3506 solummodo
647 3440 982 3504 iuuniueret,
1019 3454 1120 3493 nec
1174 3440 1282 3494 ttlla
1340 3455 1465 3511 spes
1494 3436 1681 3495 emer?

37 3535 203 3604 geudi
241 3543 437 3598 esset,
476 3535 592 3589 lucc
641 3534 880 3600 tandem,
905 3534 1056 3589 velut
1087 3538 1256 3589 maris
1286 3534 1463 3599 stella,
1493 3535 1581 3605 pio
1610 3530 1673 3588 il-

1714 911 1763 971 Α
1781 900 2214 979 “emolumentum
2241 920 2594 995 provi‘deatur
2618 921 2903 993 praesentis
2932 921 3106 994 regni.

1852 1014 1905 1070 5.
1922 1014 1995 1071 Ut
2014 1024 2193 1069 autem
2221 1013 2470 1085 superius
2496 1014 2682 1070 relicta
2708 1024 2968 1084 repetam,
2988 1012 3362 1074 consolatione

1780 1115 1837 1161 et
1864 1105 2069 1161 medela
2101 1105 2210 1171 tui,
2241 1105 2315 1159 mi
2360 1104 2734 1161 amantissime
2787 1104 2980 1172 Pater,
3033 1094 3371 1161 clauduntur

1782 1196 2005 1267 quidem
2036 1195 2396 1260 vulnera,setl
2419 1210 2449 1249 e
2478 1194 2662 1249 vicino
2690 1195 3045 1265 quorumdam
3072 1194 3347 1251 lividorun

1780 1286 1920 1342 clam
1946 1285 2257 1341 insidiantis
2282 1285 2640 1355 perhorresco
2661 1283 2865 1354 jacula.
2893 1284 3096 1341 Verum
3128 1284 3360 1339 multum

1781 1377 2015 1446 respiro,
2044 1376 2145 1430 sub
2175 1383 2441 1444 potestate
2470 1376 2883 1445 patronze,quin
2905 1375 3072 1430 etsub
3094 1390 3377 1431 eommen-a

1780 1468 2017 1522 dationis
2050 1476 2153 1522 tute
2173 1467 2504 1522 constitutus
2526 1466 2689 1520 tutela
2708 1506 2723 1531 ,
2761 1481 2861 1520 nec
2889 1481 2985 1535 per
3012 1466 3103 1521 Dei
3130 1462 3366 1538 graiiam

1781 1558 2079 1613 timendum
2111 1567 2195 1612 est
2225 1557 2395 1627 quod,
2421 1565 2478 1611 te
2505 1565 2685 1611 tutore
2721 1556 2804 1611 vel
2831 1564 3064 1620 rectore,
3096 1570 3196 1612 nos
3233 1556 3363 1615 ulla;

1781 1648 2185 1719 quantumlibet
2223 1649 2405 1702 minax
2449 1658 2506 1702 et
2533 1646 2831 1711 insidians,
2867 1646 3062 1701 obruat
3106 1638 3363 1717 procella.

1782 1738 1917 1792 Nam
1947 1752 2185 1806 semper,
2233 1736 2447 1790 Domini
2494 1738 2834 1807 praecedente
2883 1736 3081 1805 gratia,
3133 1735 3369 1807 sperabo

1782 1830 1882 1884 sub
1904 1827 2094 1882 umbra
2120 1826 2330 1881 alarum
2360 1836 2597 1891 tuarum,
2630 1827 2804 1882 donec
2837 1835 3079 1881 transeat
3106 1826 3367 1895 iniquitas

1781 1920 2022 1974 Omnium
2060 1918 2404 1973 insidiarum.
2432 1918 2540 1973 Sed
2581 1917 2696 1974 haec
2724 1918 3010 1973 hactenus.
3040 1917 3122 1972 Ad
3158 1918 3370 1988 pondus

1781 2019 1963 2064 autem
2004 2008 2218 2078 imperii
2272 2009 2346 2061 tui
2391 2016 2637 2062 vertatur
2688 2022 2870 2063 sermo
2926 2023 3099 2073 meus,
3148 2008 3368 2077 qui,'ex

1781 2100 2168 2170 consequentia
2199 2100 2306 2165 sui,
2337 2100 2442 2155 hoc
2488 2101 2799 2155 necessario
2824 2100 3013 2168 paucis
3041 2098 3365 2168 pnelibabit,

1781 2191 1978 2262 quibus
2010 2190 2362 2246 incrementis
2384 2190 2554 2244 divini
2592 2189 2887 2245 famulatus
2936 2199 3123 2245 saneta
3157 2190 3367 2245 Ebora-

1571 2264 1675 2305 ’³³³
1705 2283 1751 2341 Β
1780 2287 1958 2342 censis
1988 2284 2250 2348 Ecclesia,
2277 2283 2351 2337 tui
2382 2282 2704 2353 praesulatus
2734 2276 3055 2354 (tempore),
3071 2281 3364 2351 pristinam

1780 2376 2137 2432 rusticitatem
2167 2374 2506 2440 excusserit;
2540 2383 2597 2429 et
2649 2375 2703 2429 in
2764 2375 2857 2429 Dei
2915 2374 3185 2439 laudibus,
3241 2375 3371 2429 rudi

1778 2466 2020 2520 novitate
2049 2466 2155 2519 tuis
2191 2462 2455 2517 doctrinis
2480 2463 2834 2527 commonita,
2874 2463 3133 2518 decenter
3173 2461 3363 2519 adole.

1777 2558 1939 2611 verit.
1968 2556 2078 2610 Hoc
2099 2555 2361 2609 divinitus
2390 2569 2607 2610 cormue
2639 2562 2741 2608 tum
2770 2553 2999 2608 dixerim
3041 2552 3363 2617 adauctum.

1778 2648 1920 2718 quod
1948 2646 2147 2711 clerus,
2183 2662 2212 2701 a
2246 2645 2590 2701 satcularium
2634 2646 2900 2709 hactenus
2948 2643 3149 2699 usitata
3204 2652 3371 2699 verte.

1777 2740 2129 2801 indiscretus,
2162 2739 2381 2794 nuncin
2412 2748 2563 2793 veste
2609 2737 2838 2806 nuptiali
2893 2736 3080 2791 laudes
3108 2735 3358 2791 celebrat

1778 2832 1894 2897 Dei,
1924 2840 1977 2886 et
2004 2831 2265 2886 taiaribus
2291 2831 2486 2885 tunicis
2511 2838 2834 2885 conventum
2865 2828 3106 2884 celebrat
3125 2828 3359 2899 synodi;

1777 2923 2016 2992 itemque
2046 2921 2207 2977 nimis
2234 2922 2540 2991 neglectum
2593 2910 2647 2974 in
2671 2919 3029 2990 eleemosyuis
3062 2928 3117 2973 et
3148 2933 3354 2988 paupe—

1776 3030 1897 3068 rum
1954 3012 2323 3068 oblattonibus
2375 3027 2513 3081 opus
2569 3019 2790 3066 exercet
2842 3008 3264 3073 misericordia,
3302 3018 3361 3064 et

1775 3105 1919 3176 quod
1957 3105 2274 3159 memoriam
2315 3104 2552 3159 fidelium
2603 3102 2984 3157 defunctorum
3034 3100 3250 3155 assidua
3278 3100 3362 3156 eis

1777 3193 2066 3249 inculeasti
2095 3192 2588 3247 commendatione.
2631 3190 2783 3258 Quod
2833 3190 2970 3253 dico,
3027 3205 3133 3244 non
3167 3198 3227 3244 ut
3277 3187 3358 3244 la—

1775 3302 1975 3356 quemn
1999 3283 2328 3340 adulationis
2354 3283 2447 3337 tibi
2470 3280 2732 3350 injiciam,
2761 3280 2855 3336 sed
2885 3279 3149 3351 potlustsi
3178 3280 3362 3335 diceno

1777 3377 1906 3432 dum
1936 3392 1966 3430 a
1998 3391 2083 3430 me
2109 3374 2213 3445 est)
2272 3384 2333 3429 ut
2388 3375 2455 3429 ad
2494 3375 2624 3427 talia
2656 3373 2947 3428 accentlatn
2999 3388 3120 3440 quas
3165 3373 3356 3445 utique

1774 3468 2086 3524 necessario
2156 3478 2209 3522 te
2278 3467 2390 3521 Deo
2444 3466 2641 3521 debere
2697 3466 2982 3536 cognoscis
3029 3480 3060 3518 e
3109 3475 3361 3535 suscepto

1775 3576 1998 3617 munere
2020 3560 2351 3630 praelationis
2373 3574 2496 3614 cum
2528 3558 2778 3627 imposita
2816 3558 3082 3627 dignitate
3109 3556 3357 3614 honoris.

36 3624 183 3679 Lm"
254 3623 520 3721 Ῐῗηῧίῖνθν
573 3624 1001 3721 ηθυΐῖδξῖυφίιίω
1055 3642 1211 3721 ξυηητ
1253 3636 1409 3721 nom}
1471 3628 1747 3721 ’Ψεβίιε
1847 3653 1903 3706 4.
1936 3652 1992 3706 lu
2022 3623 2130 3706 hoc
2149 3666 2365 3721 quoque
2392 3623 2618 3719 dignum
2644 3623 3016 3704 successorem
3041 3650 3358 3719 prmceden-

31 3718 456 3773 miserationis
487 3717 978 3783 sumetdoloribus
999 3719 1284 3774 vulnerum
1312 3719 1488 3773 adhuc
1521 3720 1669 3774 hian.

33 3810 176 3862 tium
194 3816 259 3863 et
296 3822 363 3862 re
378 3808 631 3861 centium
661 3821 966 3877 contpassa,
991 3817 1238 3862 materno
1264 3809 1532 3862 conduetu
1551 3808 1669 3873 tibi,

31 3902 190 3955 velut
211 3900 427 3972 sagaci
458 3899 688 3965 medico,
724 3900 870 3953 tuisit
891 3900 1186 3954 curandum
1211 3899 1681 3975 etcousolandum

31 4007 130 4063 pro
160 4005 475 4065 tempore,
504 4003 691 4047 secuta
720 3991 815 4047 scil
841 4005 928 4047 cet
958 3990 1099 4047 ﬁdeli
1132 3991 1239 4047 Deo
1261 3991 1460 4048 femina
1487 4006 1673 4047 exem-

31 4092 184 4158 plum
211 4090 386 4145 illius
413 4086 587 4141 electi
606 4086 961 4148 Samaritaui,
995 4087 1107 4155 qui,
1132 4087 1416 4139 vulnerato
1445 4100 1475 4139 a
1505 4084 1671 4139 latrw

31 4182 199 4235 nibus
233 4189 299 4236 et
345 4194 383 4233 a
429 4179 724 4231 sacerdote
757 4187 812 4230 et
867 4175 1056 4231 Levita
1107 4175 1376 4245 neglecto,
1408 4176 1672 4230 miserans

31 4271 562 4343 appropinquavit,
590 4269 835 4323 saucium
871 4269 999 4322 vino
1026 4267 1176 4334 lavit,
1204 4269 1324 4323 oleo
1377 4268 1528 4331 fovit,
1559 4266 1674 4335 pie-

31 4376 134 4420 .ate
159 4364 479 4434 alligavit,
506 4358 803 4415 stabulario
849 4359 950 4415 sub
999 4360 1359 4428 promissione
1405 4358 1672 4413 mercedis

32 4457 362 4512 :uramium
399 4452 715 4507 commisit.
748 4449 925 4520 thue
963 4458 1168 4504 tantam
1209 4450 1463 4518 pietatem
1494 4446 1673 4501 omnis

31 4559 228 4606 t05eat
258 4543 624 4623 posteritas,
663 4545 902 4612 reginam
939 4543 1049 4611 (75)
1077 4542 1196 4597 dico
1225 4542 1387 4597 fuisse
1415 4558 1535 4612 qum
1556 4542 1673 4596 haec

31 4640 255 4704 'ecerit,
297 4637 495 4707 cujus
527 4633 824 4697 probitates
860 4632 1057 4687 nullius
1108 4632 1676 4700 unquam‘qttantum-

32 4736 153 4787 ibet
205 4726 444 4786 diserti
516 4726 747 4778 rethoris
801 4723 1031 4777 facunda
1080 4722 1291 4775 evolvet
1335 4720 1685 4790 loquacitas;

31 4839 187 4892 [nam
257 4818 515 4893 idcirco
553 4813 810 4867 divinitus
856 4810 1163 4880 adjunctam
1215 4807 1362 4879 regio
1399 4811 1672 4865 credimus

31 4913 180 4968 ateri
221 4919 296 4966 ut
343 4912 533 4961 tanta
576 4902 694 4972 ejus
740 4902 1068 4973 invigilantis
1122 4899 1402 4955 industria:
1449 4900 1670 4954 solertia

38 5146 512 5216 it‘ate'Citristi.
544 5164 685 5202 anno
713 5149 866 5215 1060,
897 5149 1095 5201 electus
1121 5146 1582 5214 archiepiscopus,
1620 5157 1675 5200 et

31 5226 724 5294 intttmcltllse?'_'“l"51__
802 5284 944 5294 _..
1032 5285 1043 5294 .
1130 5282 1160 5294 _
1248 5292 1253 5294 Α
1370 5282 1383 5294 .

76 5302 213 5371 (72)
250 5287 614 5371 (έῳιιρὺὲυξῃ
785 5285 1092 5371 ‘Trinilmis-
1123 5285 1451 5371 Cantuarim
1482 5286 1670 5371 fuerat

33 5355 137 5402 ..3η
190 5355 231 5402 ’n
289 5359 503 5402 lituis
552 5361 931 5402 combustum.
981 5359 1320 5402 nostmmlttm
1377 5355 1671 5402 coenobium

1702 4992 1749 5046 D

78 5088 213 5163 (τι)
252 5077 578 5162 Αιιινεςιιιε
602 5094 665 5133 ex
699 5078 951 5163 episcopo
980 5073 1384 5163 Wigornilensi,
1435 5075 1487 5129 in
1523 5076 1691 5130 Nati-‘

1775 3742 1907 3796 tium
1937 3752 2247 3796 sanctorum
2281 3750 2385 3795 tua:
2407 3739 2554 3796 sedis
2583 3740 2872 3809 prtesulutn
2901 3749 2954 3795 te
2978 3739 3203 3809 prtebes,
3229 3756 3355 3796 cum

1782 3850 1970 3889 eorum
1994 3842 2148 3888 artus
2171 3841 2226 3887 ct
2254 3833 2421 3886 vitam
2446 3832 2725 3887 celebrare
2770 3840 2825 3886 et
2856 3831 3050 3887 litteris
3079 3847 3355 3887 commen-~

1776 3925 1909 3979 dare
1939 3923 2161 3978 sedulus
2186 3922 2561 3979 studes.Undc
2588 3932 2645 3978 et
2664 3923 2862 3977 accidit
2879 3932 2958 3985 ut,
2984 3924 3369 3993 rcsponsoriit

1772 4015 2100 4088 sanctissimi
2129 4012 2352 4068 Joannis
2377 4013 2668 4081 tejubente
2685 4015 3001 4083 compositis
3022 4030 3116 4084 pro
3143 4015 3359 4071 modulo

1775 4105 2063 4176 parvitatis
2102 4121 2255 4159 meae.
2298 4106 2620 4174 prtcciperes
2646 4106 2712 4159 ad
2736 4105 2854 4173 ejus
2885 4104 3065 4159 Vitam
3098 4105 3359 4159 inchoan-

1772 4197 1899 4251 dam
1930 4195 2128 4265 stylum
2159 4206 2398 4259 vertere;
2428 4195 2572 4264 quod
2628 4209 2766 4263 opus
2791 4204 2938 4249 certe
2989 4204 3137 4248 tanto
3184 4194 3357 4263 magis

1772 4285 2124 4354 Cognoscitur
2152 4282 2365 4339 dillicile
2393 4293 2446 4336 et
2477 4284 2727 4344 arduum,
2762 4293 2965 4353 quanto
2990 4283 3164 4351 magis
3192 4281 3355 4338 fuerit

1775 4383 1982 4429 notum.
2010 4374 2064 4427 In
2091 4373 2306 4428 neruine
2333 4390 2465 4443 ergo
2494 4373 2728 4436 Domini,
2754 4383 2807 4428 tu
2832 4373 3116 4443 remigium
3140 4372 3375 4442 subige,

1770 4463 1891 4517 vela
1925 4465 2115 4530 pande,
2131 4480 2347 4518 cursum
2375 4473 2621 4519 nostrum
2651 4464 2762 4519 Deo
2788 4464 3064 4520 commite.
3109 4462 3186 4517 Eo
3227 4477 3355 4532 gra-

1773 4555 1903 4607 tiam
1918 4571 2068 4608 suam
2087 4555 2339 4625 precibus
2367 4556 2472 4609 tuis
2500 4554 3147 4623 accommodante,ripam
3183 4551 3351 4606 attin-

1772 4652 1979 4712 gentes,
2013 4643 2242 4695 feliciter
2272 4658 2493 4695 arenam
2527 4641 2858 4696 calcabiutus
2899 4641 3117 4704 littoris,
3171 4642 3347 4694 securi

1773 4747 1871 4785 nec
1899 4730 2111 4785 solliciti
2140 4732 2205 4785 de
2230 4733 2681 4801 tumultuantibus
2702 4731 2938 4799 :equoris
2967 4731 3194 4795 canibus
3216 4769 3232 4794 ,
3258 4732 3349 4796 qui

1772 4836 1974 4893 quanto
1995 4824 2484 4877 acutiusinlatratu
2514 4826 2710 4879 cristas
2731 4823 2967 4893 erigunt,
2999 4831 3153 4876 tanto
3184 4821 3344 4874 imbe-

1775 4908 2012 4966 cilliores
2055 4928 2150 4967 eos
2178 4919 2368 4964 natura
2402 4913 2580 4979 prodit
2604 4910 2738 4983 (74).

1853 5083 1965 5153 (74)
2002 5084 2112 5139 Hoc
2143 5083 2293 5149 quasi
2323 5083 2548 5153 prologo
2581 5086 2731 5140 finito
2753 5084 3096 5143 subtlitur'in
3130 5097 3233 5138 ms.

1780 5155 1999 5208 modum
2028 5156 2275 5208 rubricm.
2313 5152 2412 5204 Hic
2446 5156 2581 5209 redit
2608 5155 2706 5210 Fr.
2743 5154 3039 5208 Folmrdus
3072 5154 3143 5209 ad
3170 5161 3364 5218 propo-

1780 5224 1936 5294 situm
1966 5240 2117 5277 suun:
2153 5222 2216 5275 de
2248 5219 2302 5275 S.
2325 5220 2545 5294 Joanne
2571 5240 2592 5278 :
2613 5243 2678 5280 ex
2734 5240 2842 5294 qtto
2884 5224 3107 5294 colligas
3135 5224 3362 5273 caeteras

1785 5292 2426 5362 rubricas.permotlum
2484 5291 2764 5350 titulorum
2803 5291 3117 5362 capitalium
3168 5298 3366 5362 conse-

1780 5369 2010 5402 nllplllnr
2043 5359 2367 5402 ililﬂl‘IPl'lﬂQ.
2406 5376 2514 5402 nnn
2542 5380 2665 5402 (tum
2687 5359 2946 5402 nurlnriﬁ-
2973 5362 3067 5402 ΕΩΙΙ
3097 5359 3363 5402 ιτεηςαη-
