3936 5402
565 309 588 360 1
602 300 694 359 1ὶῖ

1081 417 1310 474 CAPUT
1345 418 1634 477 PRIMUM.

563 530 783 598 Studia,
795 531 1090 608 conciones.
1107 533 1433 608 episcopatus
1461 532 2146 608 flogulstadensis,farcltie-

843 605 1140 673 piscopatus
1168 603 1538 667 Eboracensis.
1553 603 1854 660 miraculo.

634 693 688 749 5.
721 691 946 750 Etcrna
995 694 1383 763 compatientis
1437 695 1529 749 Dei
1584 696 1884 759 miseratio,
1947 698 2149 752 mundo

563 800 891 843 succurrens
916 787 1256 857 perdito.per
1277 785 1615 840 iucarnatum
1642 804 1798 842 suum
1829 787 2024 865 Filium
2054 805 2149 842 au-

565 877 774 949 tiquum
803 877 1173 932 damnationis
1221 877 1473 933 humanae
1504 877 2056 948 dissolvitjtulicium,
2089 887 2150 933 ut

562 968 705 1024 sicut
734 983 832 1043 per
861 967 1354 1040 transgredientem
1379 969 1552 1024 Adam
1585 985 1810 1025 eramus
1839 969 1932 1024 ﬁlii
1959 972 2149 1026 mortis

562 1065 620 1121 et
643 1055 875 1113 inferni:
904 1057 984 1112 sic
1014 1072 1110 1127 per
1133 1056 1411 1114 Christum
1448 1057 1652 1124 Jesum,
1689 1060 1781 1115 Dei
1811 1069 1866 1114 et
1912 1058 2150 1127 Virginis

562 1146 933 1219 Uuigenitum,
970 1150 1388 1206 restitueremur
1418 1151 1512 1206 ﬁlii
1538 1139 1669 1206 'vitte
1694 1152 1746 1206 in
1772 1152 2147 1208 hmreditatem

563 1241 807 1297 cmlcstis
839 1242 1009 1312 regni.
1035 1242 1139 1298 Per
1159 1244 1302 1299 hunc
1326 1252 1747 1314 conregnantem
1770 1245 1873 1300 sibi
1895 1244 1946 1298 in
1970 1244 2147 1310 cadis,

563 1341 619 1386 et
641 1331 955 1387 hominibus
977 1334 1379 1389 eohabitautem
1413 1335 1465 1389 in
1492 1335 1673 1399 terris,
1695 1336 1936 1390 divinum
1969 1336 2152 1404 dispo-

564 1423 781 1490 sitionis
810 1441 921 1481 sua:
942 1427 1209 1482 reseravit
1240 1427 1560 1497 mysterium
1583 1467 1599 1493 ,
1623 1427 1677 1480 in
1709 1437 1912 1497 quanta
1939 1427 2151 1483 scilicet

564 1516 1164 1575 misericordiasalvare
1186 1520 1671 1577 decrevissetDeus
1690 1521 1826 1576 lilios
1848 1521 2145 1586 hominum,

565 1628 693 1684 cum
721 1612 787 1669 ad
806 1629 902 1669 eos
928 1613 1282 1670 viviﬁcandos
1307 1616 1359 1670 in
1391 1624 1619 1669 mortem
1642 1614 2149 1670 tradideritunicum

563 1705 763 1769 Filium
785 1722 964 1763 suum.
989 1709 1224 1776 Accepta
1255 1707 1740 1777 siquideminjuria
1774 1707 1934 1763 illata:
1960 1716 2150 1763 contu-

565 1799 764 1865 melia,
796 1799 898 1853 hac
953 1799 1003 1854 iu
1044 1799 1508 1869 contemptoribus
1563 1799 1677 1854 suis
1722 1814 1853 1854 usus
1896 1805 1982 1852 est
2031 1797 2150 1868 lege

566 1891 976 1954 misericordiae,
1001 1900 1060 1945 ιιι
1086 1892 1175 1947 ubi
1213 1892 1670 1962 superabundavit
1711 1893 1889 1962 culpa,
1920 1892 1997 1948 ibi
2051 1892 2150 1944 tui-

567 1982 904 2038 seratiouum
927 1982 1042 2051 ejus
1062 1982 1299 2052 largiora
1329 1981 1691 2038 redundarent
1713 1982 1978 2053 exempla.
2011 1981 2151 2037 Con-

567 2071 802 2131 ﬁrmatis
830 2072 1013 2142 itaque
1039 2073 1317 2144 discipulis
1367 2073 1515 2136 suis,
1563 2074 1874 2128 doctoribus
1928 2074 2148 2136 nostris.

565 2176 667 2235 per
690 2163 996 2226 divinorum
1026 2173 1418 2234 praeceptorum
1451 2164 1698 2233 dogmata
1720 2202 1738 2229 ,
1765 2178 1980 2218 omnem
2013 2176 2151 2232 pene

564 2253 678 2325 jam
726 2255 1006 2318 mundum,
1055 2269 1085 2308 a
1115 2255 1197 2309 sui
1227 2254 1684 2318 denominatione,
1716 2255 1816 2309 sub
1842 2253 2153 2308 Christiano

567 2344 918 2415 praetitulavit
945 2344 1194 2408 nomine;
1247 2352 1711 2416 peuetraruutque
1748 2344 1915 2399 verba
1961 2357 2151 2398 eorum

568 2438 707 2494 ﬁnes
733 2445 790 2501 et
813 2437 1041 2506 angulos
1067 2447 1356 2502 terrarum,
1383 2437 1525 2491 unde
1561 2445 1618 2492 et
1660 2436 1907 2506 pervenit
1929 2434 2061 2490 ﬁdes
2085 2433 2153 2489 ad

568 2532 814 2589 notitiam
849 2533 1088 2589 omnium
1120 2533 1444 2604 linguarum.
1474 2530 1542 2587 Ut
1571 2532 1715 2588 enim
1756 2531 1894 2586 ﬁdeli
1936 2539 2151 2599 patrum

568 2629 828 2689 traditum
872 2635 957 2684 est
1004 2627 1292 2692 relatione,
1317 2625 1636 2696 jamdudum
1685 2624 1789 2680 ﬁde
1837 2623 2155 2679 illuminatis

569 2720 768 2776 ﬁnibus
791 2720 957 2774 totius
980 2717 1186 2784 Gallire,
1216 2719 1391 2774 serius
1417 2718 1683 2790 perlatum
1703 2726 1787 2771 est
1808 2716 2029 2771 verbum
2061 2715 2155 2770 Dei

569 2815 638 2871 ad
670 2815 812 2871 hanc
837 2813 1068 2867 insulam
1094 2811 1404 2867 Britanuite.
1429 2812 1578 2880 Qum,
1623 2819 1807 2867 secuta
1841 2810 2151 2879 exemplum

572 2904 716 2960 illius
744 2903 1290 2973 evangelicijunioris
1320 2902 1436 2969 lilii,
1487 2903 1576 2971 qui
1631 2901 1806 2971 primo
1854 2915 2158 2970 repugnans

565 2995 1163 3067 jubeatipatri,postca
1190 3008 1318 3049 vero
1365 2993 1682 3061 paenitentia
1734 2991 1929 3047 ductus
1980 2991 2160 3046 acrius

1697 308 2037 389 FOLCARDI
2058 310 2494 395 slTHl\"ENSlS
2536 316 2843 375 MONACHI

2176 429 2227 485 Α
2255 424 2493 482 clemens
2516 428 2660 483 Deus
2691 436 2898 483 tantum
2919 427 3100 483 lumen
3122 441 3228 484 non
3263 443 3452 500 passus
3480 426 3566 486 diu
3608 431 3773 488 modia

3663 319 3770 381 nn

2253 516 2453 572 includi
2483 517 2694 583 locello,
2725 519 2979 575 eductum
3010 518 3077 575 de
3120 518 3285 574 modii
3323 517 3544 573 latibulo
3570 518 3774 589 imposuit

2250 609 2599 676 candelabro,
2613 621 2673 665 ut
2697 611 2947 666 omnibus
2977 610 3183 667 luceret
3203 610 3622 681 ingredientibus
3643 612 3687 665 in
3704 626 3773 666 sua

2250 699 2432 755 domo.

2321 791 2372 843 7.
2406 790 2608 846 Exiens
2637 807 2769 862 ergo
2796 791 2945 859 inde,
2981 791 3222 847 fraterna
3250 790 3608 848 commonitus
3637 792 3775 849 chari-

2254 891 2388 948 tate,
2417 886 2638 939 rudibus
2667 886 2843 941 adhuc
2862 886 3183 956 ,,Anglorum
3220 885 3433 956 pepulis
3477 885 3684 939 verbum
3708 885 3778 940 Dei

2250 978 2417 1046 coapit
2451 976 3072 1048 evangelizare.Divina
3110 988 3294 1031 autem
3326 970 3532 1030 affatim
3576 976 3781 1044 [traditus

2251 1067 2564 1140 largitione,
2594 1068 2857 1124 facundus
2886 1069 3075 1124 rhetor
3098 1077 3217 1122 erat
3249 1068 3304 1121 in
3335 1066 3621 1122 verborum
3660 1065 3781 1135 digna

2251 1162 2541 1230 effusione;
2572 1163 2849 1232 praebebat
2877 1164 3043 1217 etiam
3078 1171 3268 1218 sancta
3292 1160 3403 1215 vita
3435 1167 3779 1228 competenter:

2252 1251 2491 1308 favorem
2523 1254 2753 1308 assidua:
2778 1246 3183 1322 praedicationi,
3210 1266 3335 1306 cum
3368 1264 3399 1303 a
3427 1248 3616 1303 semita
3633 1246 3783 1301 audita

2248 1333 2609 1398 institutionis
2638 1332 2904 1413 nusquam
2959 1343 3256 1397 diverteret
3295 1339 3597 1397 exbibitum
3646 1352 3784 1391 exem-

2250 1434 2398 1504 plum
2441 1435 2493 1488 in
2539 1450 2599 1490 se
2657 1434 3106 1490 conversationis.
3152 1432 3532 1490 Comitabatur
3576 1419 3785 1501 pnetem

2251 1529 2427 1583 virtus
2458 1526 2553 1582 Dei
2588 1527 2844 1582 virtutem
2896 1526 3046 1582 verbi
3096 1525 3202 1592 sui,
3261 1534 3319 1580 et
3364 1523 3687 1581 sanabantur
3719 1534 3787 1591 per

2250 1633 2374 1674 eum
2403 1620 2603 1689 quique
2627 1619 2938 1684 iuﬁrmi,ut
2982 1627 3037 1675 et
3087 1619 3142 1674 in
3173 1619 3279 1674 hoc
3327 1617 3480 1674 ﬁdeli
3534 1631 3677 1672 servo
3716 1628 3788 1668 suo

2251 1710 2544 1776 promissio
2585 1709 2896 1767 ﬁrmaretur
2948 1709 3173 1765 Christi.
3235 1708 3432 1779 Signa,
3485 1705 3664 1775 inquit,
3702 1717 3789 1774 qu:

2252 1814 2351 1870 ego
2382 1798 2541 1865 facio,
2570 1809 2627 1855 et
2652 1816 2750 1856 vos
2780 1800 3013 1868 facietis,
3053 1811 3108 1856 et
3134 1800 3341 1871 majora
3391 1800 3586 1854 horum
3609 1796 3789 1852 facietis.

2255 1887 2446 1960 (Jama.
2478 1906 2592 1955 xiv,
2626 1889 2927 1963 12).Tanta
2971 1902 3154 1945 autem
3180 1890 3394 1945 ditatus
3436 1890 3609 1961 gratia
3648 1886 3791 1942 divini-

2252 1970 2686 2053 tatis,acceptum
2709 1981 2970 2038 talentum
2982 1982 3195 2037 Domini
3221 1981 3305 2037 sui
3329 1983 3494 2037 vario
3522 1980 3786 2051 multiplicat

2253 2070 2457 2134 fenore,
2489 2082 2550 2128 ut
2579 2073 2631 2128 in
2662 2074 2918 2145 gaudium
2961 2073 3176 2129 Domini
3210 2073 3295 2128 sui
3337 2073 3468 2128 lmta
3498 2074 3705 2129 intraret
3723 2087 3789 2127 ro-

2252 2163 2489 2219 eatione.

2324 2257 2376 2311 8.
2415 2256 2743 2311 Litterarum
2796 2256 2941 2310 enim
2998 2253 3236 2311 aﬁluenti
3281 2255 3531 2310 imbutus
3576 2254 3726 2324 copia,
3754 2252 3793 2306 in

2260 2346 2520 2406 docendis
2549 2346 2832 2417 discipulis
2859 2346 2972 2400 suis
2996 2345 3182 2400 solerti
3237 2345 3488 2400 instabat
3535 2341 3794 2413 vigilantia;

2256 2437 2398 2493 inter
2419 2453 2554 2507 quos
2579 2438 2801 2500 Bedam,
2826 2437 2918 2507 qui
2950 2438 3089 2492 inter
3106 2438 3359 2492 doctores
3388 2435 3643 2492 Ecclesia:
3659 2434 3795 2490 clarus

2256 2530 2515 2595 habetur,
2545 2546 2674 2586 caro
2732 2528 2929 2585 affectu
2986 2544 3083 2598 pro
3135 2528 3463 2599 capacitatis
3518 2544 3624 2582 sua:
3662 2526 3798 2596 vigore

2256 2623 2719 2698 amplectebatur;
2762 2637 2926 2692 quem
2948 2630 3168 2675 secutus
3198 2620 3509 2675 industrius
3536 2617 3797 2681 tirunculus,

2258 2734 2288 2774 a
2317 2726 2465 2771 tanto
2491 2714 2783 2785 paedagogo
2812 2710 3095 2766 afﬂuenter
3120 2710 3381 2775 imbutus,
3416 2721 3475 2765 et
3506 2709 3559 2764 iu
3578 2720 3796 2777 exponens

2258 2807 2342 2862 dis
2389 2803 2736 2875 Evangeliis,
2787 2811 2843 2856 et
2899 2800 2951 2854 in
3001 2800 3277 2854 historicis
3324 2800 3497 2855 rebus
3549 2796 3799 2870 digerendis

2260 2880 2485 2969 magnus
2504 2894 2738 2961 enituit;
2769 2901 2826 2948 et
2854 2892 3137 2962 descriptis
3158 2901 3475 2961 temporum
3514 2902 3570 2946 et
3612 2887 3797 2958 computi

2260 2988 2564 3046 rationibus
2591 2984 2984 3051 subtilissimis,
3030 2984 3253 3038 inditam
3294 2984 3626 3039 Britannica:
3668 2981 3801 3054 gentis

570 3087 809 3159 perstitit
850 3089 902 3144 in
950 3086 1263 3142 excolendis
1310 3085 1574 3140 fructibus
1618 3085 1786 3139 vinea:
1819 3084 1991 3154 patr's
2039 3083 2158 3148 sui,
2186 3122 2230 3178 Ο
2263 3081 2644 3168 hebetutliuem
2693 3079 2968 3150 purgavit,
2998 3078 3442 3165 scriptorumque
3503 3091 3704 3133 suorum

573 3193 641 3235 eo
666 3180 832 3248 cmpit
857 3180 1101 3235 devotius
1122 3179 1172 3233 in
1199 3187 1451 3248 suscepta
1479 3176 1736 3247 religione
1765 3174 2027 3245 proﬁcere
2053 3188 2162 3243 quo

575 3285 637 3325 se
665 3271 799 3325 vidit
824 3272 890 3325 ad
919 3270 1077 3327 ﬁdem
1103 3270 1306 3326 Christi
1335 3269 1545 3323 tardius
1570 3268 1803 3322 venisse.

645 3361 700 3416 6.
751 3361 929 3432 Cmpit
952 3362 1064 3434 jam
1085 3362 1214 3416 hinc
1239 3362 1441 3418 Christi
1480 3362 1709 3433 propitia
1745 3361 1962 3417 bonitas
1982 3361 2035 3416 in
2058 3362 2159 3417 tri-

576 3451 727 3507 bulis
745 3452 929 3507 dulces
959 3453 1093 3508 ﬁcus
1122 3467 1432 3522 procreare,
1481 3454 1532 3506 in
1584 3452 1720 3506 rubo
1764 3451 1993 3506 decoras
2027 3466 2161 3507 uvas

579 3541 960 3611 multiplicare,
985 3551 1040 3597 ct
1075 3542 1297 3598 novella:
1321 3543 1500 3613 gentis
1531 3557 1642 3597 suae
1670 3542 1893 3610 stirpem
1944 3548 2159 3597 sancto-

579 3647 700 3687 rum
728 3632 957 3687 ﬁliorum
987 3632 1136 3703 pro'e
1180 3632 1492 3688 fecundare.
1557 3632 1720 3702 Ergo,
1777 3634 1918 3687 inter
1958 3642 2158 3687 ctetera

579 3723 699 3778 rudi
726 3721 1020 3777 Britannia:
1041 3721 1298 3778 divinitus
1329 3733 1456 3778 tunc
1494 3722 1687 3778 collata
1733 3721 2041 3786 luminaria,
2092 3721 2159 3776 ad

579 3815 924 3888 depellendas
944 3826 1189 3871 veterum
1214 3832 1461 3872 errorum
1489 3818 1740 3872 tenebras
1760 3815 1962 3872 clarius
1991 3831 2018 3869 a
2049 3815 2160 3871 Deo

577 3922 831 3967 accensa.
862 3907 1061 3963 effulsit
1088 3908 1176 3963 hic
1199 3911 1390 3964 beatus
1422 3923 1555 3978 puer
1575 3907 1836 3975 Joannes,
1867 3908 2015 3963 velut
2040 3924 2159 3962 ma-

580 4005 752 4054 tutina
773 3997 963 4065 stella;
992 4000 1081 4068 qui
1113 4001 1181 4055 ab
1211 4000 1328 4069 ipso
1358 3999 1595 4055 nominis
1646 4000 1800 4055 initio
1853 4000 1906 4053 iu
1955 3999 2157 4055 Christi

579 4090 825 4147 initiatus
849 4092 1041 4162 gratia,
1067 4091 1334 4162 gloriosus
1350 4092 1439 4147 Dei
1464 4093 1620 4148 miles
1642 4091 1910 4149 ﬁnetenus
1926 4093 1977 4147 in
2004 4092 2160 4147 Citri-

577 4183 910 4253 stiperstitit
937 4183 1148 4239 militia.
1198 4185 1465 4240 Subduxit
1492 4186 1668 4255 primo
1712 4200 1931 4242 manum
1976 4184 2160 4240 ferula:

579 4273 695 4345 (75)
727 4274 998 4331 Theodori
1024 4275 1424 4347 archiprmsulis
1451 4276 1679 4344 Cantia),
1712 4276 1866 4346 cujus
1892 4276 2160 4331 doctrinis

579 4381 644 4423 ac
664 4383 795 4424 cura
820 4378 937 4424 erat
968 4370 1247 4425 institutus
1270 4410 1285 4434 ,
1317 4385 1345 4423 a
1371 4386 1583 4426 summo
1616 4371 1840 4427 doctore
1885 4383 2156 4424 summum

2262 3164 2524 3245 gnitatem
2550 3174 2811 3228 Romanae
2843 3172 2989 3226 sedis
3020 3171 3289 3242 acquisita
3318 3162 3649 3226 auctoritate
3683 3167 3799 3222 nubi-

2262 3266 2464 3332 litavit,
2488 3267 2741 3338 quodque
2785 3266 2870 3320 ltis
2898 3264 3073 3335 majus
3105 3273 3222 3329 est,
3266 3276 3492 3320 servata
3546 3260 3798 3319 innocentia

2261 3360 2408 3425 vitm,
2442 3360 2548 3413 Deo
2574 3359 2802 3414 ﬁdeliter
2820 3357 3027 3413 studuit
3052 3357 3156 3412 ﬁne
3181 3365 3342 3410 tenus
3369 3356 3612 3427 placere,
3638 3363 3690 3408 ut
3709 3365 3798 3407 cum

2261 3462 2449 3507 saneto
2480 3461 2702 3506 sanctus
2731 3462 2893 3513 esset,
2925 3458 2979 3504 et
3025 3463 3147 3504 cum
3200 3446 3379 3503 electo
3436 3448 3685 3520 magistro
3728 3457 3799 3498 suo

2261 3543 2609 3598 sanctissimo
2638 3540 2848 3595 Joanne
2872 3541 2925 3594 in
2960 3538 3224 3596 electione
3254 3539 3615 3610 discipulatus
3643 3535 3799 3593 Christi

2261 3642 2622 3703 permaneret.
2658 3632 2992 3688 Succedente
3012 3630 3175 3686 etiam
3201 3640 3475 3702 tempore,
3503 3645 3654 3702 quem
3671 3643 3699 3682 a
3718 3626 3799 3697 pri-

2262 3725 2364 3779 mis
2393 3740 2670 3781 sacrorum
2698 3725 2960 3793 graduum
2988 3724 3271 3780 ordinibus
3293 3725 3404 3779 Deo
3424 3724 3799 3793 manciparent.

2261 3817 2549 3873 sacerdotii
2574 3816 2837 3888 dignitate
2853 3818 2997 3872 hunc
3018 3815 3216 3871 Bedam
3231 3831 3356 3871 cum
3382 3815 3509 3870 abis
3529 3810 3798 3886 quibusdam

2261 3925 2372 3964 sua:
2403 3908 2761 3963 institutionis
2786 3907 2939 3969 viris,
2965 3907 3158 3979 dignos
3184 3906 3293 3962 Deo
3335 3907 3614 3974 adjutores
3630 3916 3800 3973 promo

2260 4002 2365 4068 vit;
2399 4011 2458 4057 ut
2493 4011 2642 4057 tanto
2668 4000 2912 4057 tenacius
2950 4001 3170 4055 Christo
3208 3999 3304 4054 viti
3335 4014 3453 4054 suze
3483 3998 3797 4053 adhmrerenl.

2261 4105 2469 4166 quanto
2501 4095 2744 4150 strictius
2767 4093 3032 4164 complexi
3060 4092 3309 4163 palmites
3342 4091 3464 4161 ejus
3511 4096 3699 4145 essent.
3728 4082 3800 4137 ἲς·

2261 4204 2380 4243 rum
2409 4187 2534 4257 quia
2566 4185 2759 4241 horum
2787 4184 3090 4254 aliquorum
3120 4182 3385 4239 memoria
3431 4181 3651 4250 reliqua:
3689 4175 3801 4235 vita.

2261 4291 2327 4332 ex
2359 4277 2684 4332 necessitate
2706 4289 2883 4329 rerum
2910 4273 3372 4337 convenientium,
3413 4271 3518 4326 fuit
3549 4264 3800 4325 inferenda.

2263 4367 2550 4423 redeamus
2577 4380 2721 4420 nunc
2756 4364 2823 4419 ad
2852 4372 3088 4434 acceptae
3129 4363 3464 4418 narrationis
3508 4371 3653 4434 gesta
3690 4352 3802 4414 evol-

578 4460 896 4515 conscendit
922 4460 1132 4528 apicem
1174 4460 1543 4530 philosophiae.
1598 4461 1768 4531 llujus
1825 4459 2157 4516 excellentia:
2187 4462 2235 4520 D
2260 4458 2430 4513 venda
2465 4456 2598 4528 (77).

578 4558 837 4606 evocatus
859 4550 1034 4621 gratia
1050 4550 1104 4604 in
1119 4551 1450 4607 monasterio
1470 4550 1898 4607 Streveshalensi
1915 4552 2155 4622 aliquan-

584 4640 651 4696 tis
673 4640 947 4697 detinetur
978 4640 1170 4698 diebus
1192 4642 1259 4698 ab
1300 4641 1502 4730 E‘Iﬁeda
1548 4642 1821 4699 abbatissa
1862 4642 1998 4715 (76).
2052 4642 2159 4700 Sed

651 4821 764 4894 (75)
785 4821 1079 4880 Colitur'S.
1115 4823 1430 4881 Theodorus
1460 4825 1527 4881 l9
1569 4823 1923 4895 Septembris.
1954 4824 2004 4880 ls
2049 4824 2159 4880 Ro-

541 4900 684 4948 dmte
707 4905 1054 4950 consecrante
1076 4896 1225 4949 venit
1256 4895 1608 4950 Cantuariam
1660 4911 1806 4951 anno
1835 4897 1962 4962 699,
2013 4911 2156 4951 mor-

470 4982 474 4985 ·
574 4969 858 5052 tuus-ann.
891 4964 1279 5052 Gauri-hornus
1303 4964 1468 5048 Stuhs
1489 4967 1686 5052 asserit
1723 4967 1789 5052 ob
1850 4983 1931 5048 eo,
1991 4965 2162 5021 excel-

2331 4551 2386 4607 9.
2416 4550 2695 4621 Reguante
2723 4548 2924 4619 inelyte
2952 4547 3245 4617 Anglorqu
3278 4562 3407 4619 rege
3424 4546 3666 4602 Aldfrido
3688 4540 3801 4613 (73i-

2260 4644 2558 4700 excedente
2588 4642 2840 4699 humanis
2868 4643 3028 4697 rebus
3059 4639 3229 4695 felicis
3251 4641 3376 4695 vita:
3405 4638 3539 4695 Eata
3571 4636 3674 4713 σθ)
3710 4630 3801 4703 cpi.

2265 4823 2329 4880 S.
2370 4823 2605 4879 Joannes
2634 4829 2826 4877 electus
2848 4829 2922 4875 est
2956 4836 3012 4891 an
3033 4818 3479 4891 archiepiscopum
3502 4805 3804 4891 Εόοωςωὶξ

2260 4894 2511 4949 ecclesite.
2549 4894 2748 4949 Verum
2773 4890 3017 4961 quresub
3036 4888 3189 4961 initio
3212 4884 3548 4948 referuntur,
3572 4884 3803 4961 pertinent

2261 4964 2472 5052 adsies
2493 4959 3804 5052 sescentae,939951993???iﬁift‘fﬁﬁl‘

3092 5041 3377 5052 ..η-...ηηηη
3398 5015 3544 5052 ἷκε..-
3581 5015 3696 5052 In...
3729 5015 3781 5052 ιι
