3936 5402
156 239 308 298 1⁸169

1237 243 1388 299 rm
1431 242 1490 299 Β.
1532 239 1818 299 JOANNIS
1858 211 2444 297 BEVERLACENSIS.

3294 248 3433 303 H70

153 370 354 428 scopo.
401 365 724 413 cunctorum
750 357 893 413 votis
935 358 1306 427 poscentibus,
1344 358 1581 413 maxime
1619 369 1740 410 vero

1853 389 2014 429 mane
2062 375 2292 431 concilio
2342 385 2397 431 et
2444 389 2475 430 a
2539 376 2602 431 ι).
2660 389 2796 447 papa
2866 374 3149 447 Agathone
3203 381 3431 452 epistola

154 456 297 500 nutu
331 446 424 502 Dei
453 456 665 519 agente,
700 447 789 502 hic
811 448 1040 502 dilectus
1086 447 1178 502 Dei
1214 449 1269 503 in
1317 448 1436 519 ejus
1484 447 1753 503 successit

151 538 473 607 episcopatu
507 553 522 590 :
550 550 852 607 unctusque
902 538 957 592 in
991 536 1268 593 Christum
1319 537 1552 600 Domini,
1583 551 1751 607 opera

152 629 311 681 auxit
337 627 555 696 pietatis
584 636 638 680 et
670 626 817 693 llilei,
848 628 1209 699 competentia
1246 628 1434 698 utique
1466 635 1618 681 tanto
1661 642 1753 682 or-

151 715 275 772 dini
306 725 362 771 et
389 716 585 771 divina!
608 718 880 787 dignitati,
927 736 1046 790 quae
1097 720 1223 776 licet
1259 720 1442 776 omnia
1489 735 1752 777 enarrare

150 820 496 875 nequeamus
525 823 622 877 pro
652 822 879 864 numero
922 809 1028 875 sui,
1082 810 1272 865 saltem
1314 811 1383 865 ad
1431 810 1610 879 aliqua
1655 825 1752 865 ex-

146 895 408 966 plicanda
440 899 806 969 accingamur,
841 899 907 953 ad
964 900 1223 956 honorem
1270 910 1327 957 et
1370 900 1600 972 gloriam
1647 901 1750 956 Do-

149 987 314 1053 mini,
346 1003 467 1057 qua:
496 991 680 1060 utique
711 992 966 1049 veridicis
997 992 1195 1048 tradita
1224 995 1545 1065 agnovimus
1594 993 1752 1049 testi-

146 1080 282 1146 bus,
312 1091 367 1136 et
389 1084 725 1153 potissimum
747 1101 778 1138 a
812 1086 971 1141 beato
1013 1086 1297 1143 Brithtuno
1320 1088 1431 1161 (80)
1454 1089 1545 1159 qui
1573 1089 1748 1159 primo

147 1172 277 1242 ejus
307 1187 424 1231 erat
459 1177 750 1245 diaconus,
802 1189 856 1235 et
885 1190 1072 1251 postea
1108 1181 1225 1251 ejus
1252 1183 1394 1239 dnuo
1440 1193 1497 1238 et
1548 1198 1746 1239 conse-

142 1269 405 1325 cratione
463 1272 795 1327 monasterio
851 1272 919 1327 ab
970 1287 1037 1328 eo
1084 1272 1331 1330 funditus
1378 1284 1699 1331 constructo
1728 1316 1744 1343 ,

141 1366 302 1434 quod
356 1366 616 1439 Beverley
674 1368 912 1436 dicitur,
971 1370 1156 1441 .abbas
1205 1369 1423 1441 pmfuit
1482 1368 1744 1440 dignissi-

141 1468 298 1512 mus.

225 1568 318 1625 l0.
347 1569 698 1626 Dedicaverat
729 1571 870 1627 idem
898 1573 1126 1629 dilectus
1175 1574 1286 1629 Deo
1348 1572 1544 1646 pracsul
1568 1573 1747 1630 eccle-

141 1664 293 1719 siam
334 1664 388 1718 in
432 1665 696 1721 honorem
753 1666 897 1721 beati
958 1667 1237 1723 Michaelis
1288 1669 1635 1737 archangeli,
1687 1671 1741 1724 in

139 1756 339 1811 villula
372 1757 513 1813 dicta
543 1759 876 1824 Carneshoc,
911 1774 1017 1815 non
1054 1760 1209 1832 longe
1231 1777 1259 1815 a
1289 1760 1557 1818 deﬂuente
1584 1777 1742 1817 amne

140 1848 322 1921 Tynm
348 1849 495 1905 ﬂuvii
530 1849 770 1923 (8!).Hic
793 1851 1126 1923 frequenter,
1161 1865 1213 1909 et
1242 1855 1474 1910 maxime
1497 1856 1744 1923 Quadra-

141 1944 403 2015 gesimali
432 1953 697 2015 tempore,
724 1946 868 2017 quod
900 1962 931 2000 a
958 1947 1201 2018 populari
1240 1945 1545 2018 frequentia
1592 1948 1746 2005 locus

143 2037 419 2092 semotior
446 2047 588 2101 erat,
612 2036 664 2090 in
691 2036 913 2104 jejuniis
939 2046 994 2092 et
1043 2037 1382 2094 orationibus
1429 2048 1484 2093 et
1511 2038 1744 2094 eleetno-

145 2144 420 2203 synarum
474 2128 853 2201 largitionibus
909 2129 1151 2186 intentus
1222 2141 1442 2186 sanctus
1507 2130 1745 2189 Joannes

142 2220 434 2286 manebat,
465 2219 556 2275 ubi
583 2235 706 2275 cum
736 2221 970 2289 quodam
1003 2232 1245 2292 tempore
1273 2223 1488 2276 turbam
1537 2237 1745 2293 paupe-

141 2328 299 2378 rum,
332 2313 492 2368 solito
516 2328 613 2368 suo
658 2329 828 2379 more,
876 2313 1256 2368 consolandam
1280 2313 1537 2381 iussisset
1578 2314 1746 2369 intro-

142 2406 313 2473 duci,
344 2408 595 2463 convenit
627 2407 768 2462 inter
809 2422 904 2462 eos
936 2407 1156 2476 quidam
1206 2406 1528 2461 miserabilis
1558 2405 1745 2461 formae

139 2500 256 2554 vir.
289 2498 423 2554 Nam
451 2509 506 2554 et
531 2508 715 2554 mutus
743 2508 865 2554 erat
897 2515 927 2554 a
959 2499 1263 2566 nativitate,
1295 2508 1347 2552 et
1372 2500 1506 2554 adeo
1534 2499 1746 2555 obscm—

140 2607 258 2647 nus
287 2591 457 2646 lurida
481 2592 675 2664 capitis
700 2590 980 2657 fmditatc,
1022 2601 1080 2646 ut
1106 2600 1484 2663 pracoccupato
1522 2608 1551 2646 a
1599 2593 1741 2646 tinea

144 2690 271 2735 toto
300 2682 501 2737 circulo
528 2683 743 2754 capitis,
772 2699 871 2753 pro
902 2683 1025 2753 pilis
1046 2683 1304 2737 horrebat
1347 2683 1487 2737 raris
1527 2692 1582 2737 et
1625 2684 1743 2737 hir-

139 2776 293 2829 sutis
319 2776 472 2845 quasi
497 2791 785 2844 porcorum
821 2777 953 2831 setis
990 2776 1139 2847 (85):
1172 2791 1333 2845 quem
1365 2785 1586 2831 sanctus
1623 2775 1739 2846 epi-

140 2881 353 2936 scopus
381 2867 516 2921 bene
550 2875 805 2931 noverat,
838 2868 966 2937 quia
1021 2868 1087 2921 ad
1136 2868 1534 2937 elcemosynam
1587 2882 1740 2920 suam

142 2959 306 3013 inter
330 2957 465 3014 alios
492 2974 759 3028 pauperes
783 2974 908 3014 eum
965 2959 1278 3029 frequenter
1330 2960 1557 3014 viderat.
1599 2958 1742 3012 Tan-

1853 475 2071 536 accepta
2097 467 2151 521 in
2181 467 2414 537 patriam
2446 467 2683 534 revenit,
2712 476 2768 524 et
2807 470 3178 540 episcopatum
3232 472 3433 547 Hagule

1851 559 2121 614 stadensis
2168 559 2415 615 ecclesiae
2445 575 2568 614 cum
2624 560 2883 631 synodadi
2933 563 3164 617 concilio
3208 566 3432 635 recepit,

1850 659 1903 706 et
1943 661 2163 708 sanctus
2196 651 2435 710 Joannes
2465 653 2517 707 in
2545 653 2789 709 Eboraco
2816 654 3039 709 civitate
3059 656 3433 725 episcopatum

1850 746 2082 816 accepit,
2115 754 2171 800 et
2202 746 2359 802 annis
2393 745 2616 817 triginta
2640 747 2816 802 tribus
2847 746 3101 802 nobiliter
3129 748 3321 802 tenuit.

1929 838 2012 893 12.
2038 838 2158 894 ΑΙὶο
2181 854 2396 909 quoque
2422 849 2684 910 tempore,
2702 855 2824 895 cum
2848 840 2950 894 iter
2974 839 3179 895 laceret
3203 840 3434 896 Sanctus

1849 931 1968 996 Dei,
1997 934 2245 1002 pervenit
2277 932 2345 987 ad
2384 931 2559 987 vicum
2597 932 2689 1002 qui
2744 931 2997 987 Yatadini
3041 932 3153 1004 (85)
3210 932 3435 996 dicitur,-

1849 1023 1937 1077 ubi
1970 1036 2097 1080 tunc
2125 1031 2245 1077 erat
2277 1024 2664 1078 monasterium
2695 1022 3016 1078 ancillarum
3040 1022 3262 1090 Christi,
3306 1023 3432 1094 qui-

1846 1114 1947 1169 bus
1976 1122 2208 1186 praeerat
2236 1113 2567 1183 llereburgis
2595 1112 2738 1169 dicta
2781 1114 3076 1180 abbatissa,
3103 1114 3298 1169 mulier
3326 1113 3435 1169 lida

1845 1210 2027 1279 plena,
2057 1218 2113 1264 et
2144 1217 2271 1264 tunc
2294 1209 2364 1264 ob
2418 1208 2707 1263 adventum
2740 1207 2841 1261 viri
2893 1205 2988 1261 Dei
3039 1220 3161 1260 cum
3218 1204 3434 1261 ﬁliabus

1845 1302 1958 1356 suis
1992 1302 2043 1356 in
2072 1301 2291 1357 Christo
2320 1299 2475 1356 valde
2516 1298 2834 1370 jucundata.
2865 1296 3051 1353 Refert
3107 1279 3239 1369 ergo
3285 1295 3433 1353 illico

1845 1394 1931 1464 pia
1963 1405 2141 1450 mater
2176 1410 2298 1449 cum
2353 1393 2526 1460 luctu,
2578 1407 2919 1462 conquerens
2981 1400 3172 1446 sancto
3214 1389 3433 1462 praesuli

1844 1502 2194 1542 consororem
2226 1485 2518 1556 quamdam
2567 1500 2759 1556 magna
2817 1484 3060 1554 corporis
3115 1483 3432 1552 :egritudine

1844 1576 2098 1647 deprimi,
2131 1592 2232 1631 nec
2255 1576 2491 1646 aliquam
2516 1590 2665 1646 Spem
2691 1576 2817 1630 vitm
2837 1575 2954 1644 egns
2983 1574 3194 1630 haberi.
3235 1575 3429 1630 Preca-

1846 1677 1933 1723 tur
1957 1669 2272 1741 suppliciter
2301 1678 2359 1725 ut
2386 1685 2505 1725 eam
2552 1669 2869 1741 dignaretur
2901 1667 3143 1735 visitare,
3190 1668 3432 1737 dicitque

1847 1777 1905 1818 se
1932 1763 1983 1817 in
2014 1762 2107 1818 Dei
2147 1762 2346 1834 pietate
2372 1771 2427 1818 et
2457 1760 2574 1832 ejus
2603 1762 2812 1817 meritis
2852 1760 3082 1815 multum
3127 1758 3429 1825 conlidere,

1847 1854 1988 1924 quod
2037 1855 2086 1909 ei
2133 1853 2326 1908 melius
2379 1852 2692 1924 proveniret
2731 1866 2796 1907 ex
2824 1850 3194 1922 -impositione
3240 1862 3433 1905 manus

1848 1936 1978 2001 suae.
2009 1945 2253 2016 Requirit
2290 1947 2479 2000 beatus
2508 1944 2755 2015 pontifex
2778 1958 2995 1999 causam
3022 1943 3218 2010 morbi,
3246 1943 3433 1999 discit-

1847 2053 1954 2108 que
1997 2035 2064 2093 ab
2094 2038 2369 2093 abbatissa
2403 2037 2550 2091 illam
2601 2037 2656 2093 in
2706 2045 2899 2106 quarta
2939 2035 3066 2092 luna
3116 2036 3433 2107 sanguinem

1849 2130 2133 2193 minuisse,
2166 2131 2495 2200 turbataque
2523 2130 2771 2200 corporis
2803 2139 2970 2195 statu,
2995 2129 3280 2184 brachium
3315 2127 3433 2197 ejus

1848 2221 2232 2276 miserabiliter
2258 2221 2606 2277 intumuisse.
2652 2219 2995 2276 Protestatur
3027 2221 3129 2275 hoc
3154 2225 3435 2289 comperto

1845 2326 1965 2367 esse
2016 2311 2217 2367 factum
2274 2312 2689 2382 imprudentius,
2740 2320 3117 2381 memoratque
3172 2325 3230 2366 se
3278 2324 3309 2363 a
3370 2308 3432 2363 B.

1846 2400 2132 2458 Theodoro
2163 2403 2575 2473 archiepiscopo
2614 2403 2879 2472 magistro
2909 2418 3006 2458 suo
3036 2404 3274 2468 audisse,
3309 2416 3432 2456 cum

1845 2509 1979 2563 puer
2005 2501 2151 2548 esset
2176 2502 2230 2548 et
2255 2492 2372 2563 ejus
2393 2492 2711 2563 discipulus,
2737 2493 3258 2564 periculosissimam
3312 2506 3432 2549 esse

1844 2585 1898 2638 in
1948 2596 2141 2655 quarta
2196 2586 2324 2641 luna
2380 2586 2812 2642 imminutionem
2867 2587 3169 2658 sanguinis,
3223 2594 3278 2642 et
3325 2601 3432 2641 non

1844 2688 2095 2749 Oportcre
2123 2679 2431 2750 huiusmodi
2460 2682 2772 2735 curationes
2801 2695 3059 2736 exercere
3084 2680 3138 2735 in
3173 2678 3432 2735 teneriorl

1844 2772 2143 2827 crescentis
2215 2772 2355 2828 luna:
2416 2783 2606 2839 :ctate,
2676 2773 2762 2828 vel
2818 2782 3068 2829 recenter
3114 2781 3431 2844 erumpente

1841 2860 2063 2921 fluentis
2093 2864 2268 2938 pelagi
2316 2866 2618 2920 rheumate.
2678 2864 2860 2921 Victus
2912 2867 3126 2921 tandem
3175 2864 3433 2936 latrymis

1842 2966 2005 3028 atque
2042 2959 2294 3029 precibus
2326 2959 2612 3012 manentis
2638 2957 2928 3013 abbatissm
2955 2968 3012 3012 et
3047 2970 3432 3024 consororum,

141 3049 278 3105 dem
304 3066 434 3119 ergo
460 3046 711 3105 dilectam
742 3051 853 3107 Deo
883 3051 1125 3105 animam
1157 3052 1277 3105 talis
1306 3051 1473 3105 facies
1504 3050 1741 3106 miseriae
1767 3078 1814 3143 Ο
1845 3050 2170 3106 infirmantia
2195 3049 2423 3105 feminas
2448 3051 2617 3105 intrat
2643 3050 2982 3117 cubiculum;
3014 3051 3237 3119 visoque
3263 3048 3432 3104 nimio

140 3137 319 3191 altius
344 3153 615 3209 pungens,
645 3138 969 3195 clementius
998 3130 1208 3210 tetigit:
1228 3141 1531 3211 iujectaque
1555 3156 1738 3206 manu,

138 3238 211 3286 ut
234 3239 353 3285 erat
388 3232 831 3302 benignissimus,
862 3243 1045 3288 mento
1070 3249 1362 3305 pauperem
1390 3235 1748 3305 comprehen-

137 3325 253 3389 dit,
282 3324 560 3381 benedixit
586 3325 720 3397 (85),
747 3334 803 3381 et
829 3327 883 3382 in
920 3326 1014 3381 Dei
1044 3328 1261 3382 nomine
1316 3336 1374 3380 ut
1425 3327 1745 3398 loqueretur

138 3416 429 3488 praecepit.
477 3416 743 3473 Praecedit
802 3421 1088 3490 episcopus
1131 3418 1338 3475 litteras
1386 3419 1646 3488 quasdam
1686 3428 1742 3475 et

137 3508 317 3562 verba
349 3508 607 3575 dicendo;
639 3508 731 3566 ille
783 3509 875 3580 qui
922 3519 1104 3565 mutus
1141 3520 1288 3574 erat,
1320 3510 1496 3565 soluto
1545 3511 1741 3581 lingua:

136 3597 349 3664 oﬂicio,
376 3601 722 3671 subsequitur
751 3602 938 3658 eadem
968 3618 1035 3657 ex
1065 3619 1162 3659 ore
1185 3603 1421 3673 episcopi
1450 3601 1736 3671 loquendo.

135 3689 398 3747 Tandem
429 3702 555 3765 post
586 3694 749 3749 verba
788 3695 1048 3764 paulatim
1096 3693 1299 3749 invadit
1327 3692 1587 3747 orationis
1615 3707 1741 3747 seu-

137 3778 374 3847 tentias,
423 3791 585 3854 prout
620 3785 863 3851 praesulis
902 3784 1150 3854 exigebat
1181 3784 1459 3840 sanctitas.
1500 3782 1741 3851 Fugatur

128 3873 320 3931 etiam
358 3873 542 3930 abillo
567 3874 746 3931 euntis
796 3875 882 3929 illa
940 3876 1160 3931 horrida
1211 3875 1405 3945 capitis
1460 3874 1737 3945 contagio,

132 3962 483 4033 vestiturque
500 3963 817 4034 capillorum
838 3973 1030 4018 ornatu
1055 3964 1236 4034 crispo
1265 3974 1321 4018 et
1351 3965 1525 4034 nigro;
1543 3963 1736 4032 sicque

132 4053 445 4110 consulatis
469 4039 692 4125 reliquis
723 4057 1053 4127 pauperibus
1084 4056 1315 4128 simplici
1339 4057 1618 4120 alimonia,
1648 4056 1737 4112 ille

128 4159 239 4215 per
264 4144 449 4201 Sancti
480 4143 707 4201 Joannis
750 4148 940 4201 merita
993 4147 1134 4202 redit
1193 4146 1395 4203 ditatus
1442 4145 1731 4217 multiplici

131 4237 559 4292 mist-rationum
589 4238 681 4293 Dei
709 4239 861 4309 copia
895 4239 1031 4313 (84).

214 4331 305 4386 Η.
337 4329 467 4386 Post
516 4329 632 4387 htec
688 4348 819 4402 ergo
876 4333 936 4388 B.
966 4332 1251 4389 Wilfridus
1286 4333 1590 4405 episcopus,
1642 4351 1733 4406 qut

130 4422 306 4494 longo
334 4431 577 4494 tempore
605 4425 673 4479 ab
698 4425 1010 4496 episcopatu
1040 4440 1138 4480 suo
1161 4422 1369 4491 ejectus
1395 4424 1513 4490 fuit,
1544 4440 1572 4479 a
1617 4424 1730 4480 Ro-

218 4556 337 4633 (89)
368 4557 531 4633 Deda.
560 4558 654 4633 lib.
690 4575 898 4633 v,cap.
931 4560 984 4622 2,
1038 4561 1321 4633 sequentia
1354 4561 1551 4626 habet,
1584 4577 1727 4633 qnze,

132 4627 342 4699 ijiqnit,
372 4629 545 4683 dicere
571 4629 696 4683 solet
717 4632 796 4684 vir
811 4627 1270 4685 réverendissimus
1283 4642 1329 4684 et
1354 4627 1727 4688 ueracissimus

131 4697 445 4771 Berlulmn,
468 4699 722 4755 diaconus
760 4702 1025 4770 quondam
1049 4702 1184 4771 ejus,
1211 4718 1347 4755 nunc
1369 4712 1546 4754 autem
1570 4702 1729 4759 abbas

131 4769 448 4823 monasterii
476 4772 615 4836 quod
664 4769 877 4825 vocatur
899 4769 1288 4835 ludere-vncla,
1336 4771 1390 4824 id
1425 4780 1500 4824 est
1552 4773 1729 4828 insula

135 4839 442 4910 Deirorum.
466 4839 573 4894 Pro
600 4842 684 4896 his
714 4842 767 4895 in
799 4842 919 4896 Vita
947 4854 976 4894 a
1002 4840 1289 4896 Mabilione
1313 4841 1684 4910 editalegitur
1709 4860 1725 4897 :

137 4909 305 4982 Nunc
332 4921 511 4982 autem
539 4912 1022 4982 abbnsmonasterii
1061 4913 1201 4982 quod
1223 4909 1488 4966 Beverlick
1510 4909 1722 4968 dicitur.

134 4981 517 5054 Inplentastici
578 4981 860 5054 Anglicani
912 4991 1043 5054 tom.
1076 4981 1139 5054 ’l,
1186 4997 1306 5054 pag.
1355 4982 1478 5054 “0,
1531 4982 1730 5054 dicitur

135 5051 331 5106 o'tiisse
359 5050 652 5105 Brithunns
672 5050 894 5120 'primus
920 5052 1079 5106 abbas
1108 5050 1499 5120 Bereflacensis
1540 5050 1728 5109 Idibus

139 5120 280 5198 {lviii
304 5137 444 5198 anno
471 5119 829 5198 ΒοηῄηὶἸὸὅ,
853 5133 902 5177 et
913 5122 1150 5198 sepultus
1169 5125 1331 5194 juxta
1353 5123 1416 5178 S.
1437 5119 1723 5181 Joannem.

1849 3153 2057 3199 tumore
2086 3144 2317 3210 brachii,
2352 3146 2565 3216 signum
2603 3144 2828 3213 opponit
2851 3142 3052 3207 crucis,
3083 3142 3433 3212 prwlihatque

1845 3234 1957 3292 Deo
1986 3237 2255 3293 intensius
2283 3237 2438 3291 thura
2487 3250 2637 3306 purae
2687 3234 2970 3299 orationis,
3018 3234 3433 3304 consolatusque

1837 3328 2108 3399 iacentem
2135 3328 2411 3400 egreditur
2438 3345 2468 3384 e
2495 3329 2676 3383 domo.
2705 3326 2811 3382 Sed
2842 3341 2966 3381 cum
3022 3326 3314 3397 languente
3353 3324 3433 3381 fe-

1846 3418 1988 3472 mina
2016 3418 2205 3472 eﬂicax
2234 3428 2519 3487 permanet
2539 3418 2864 3482 benedictio,
2893 3424 2948 3472 et
2981 3417 3160 3471 omnis
3191 3414 3278 3469 illa
3309 3429 3433 3470 cum

1845 3511 2133 3565 recedente
2182 3509 2437 3580 episcopo
2501 3510 2712 3565 receit
2766 3508 2992 3564 inﬂatio.
3052 3508 3150 3563 Vix
3210 3518 3432 3563 sanctus

1842 3602 2167 3656 consederat
2198 3601 2267 3655 ad
2294 3601 2495 3665 cibum,
2518 3611 2574 3656 et
2603 3599 2944 3670 Capuburgis
2970 3600 3073 3672 (sic
3095 3601 3238 3654 enim
3270 3614 3433 3654 voca-

1841 3691 2021 3762 batur)
2053 3692 2120 3746 ad
2144 3690 2261 3760 ejus
2311 3691 2599 3746 diaconum
2646 3689 3017 3757 Brithtunum,
3071 3705 3228 3746 suum
3265 3689 3432 3744 mittit

1840 3795 2112 3852 nuntium,
2148 3796 2340 3856 petens
2380 3795 2439 3841 ut
2471 3786 2546 3840 illi
2577 3802 2735 3841 suum
2763 3794 3047 3856 praestaret
3075 3783 3425 3854 colloquium.
3491 3788 3497 3793 '

1841 3877 2014 3930 Petita
2065 3875 2156 3930 ille
2207 3877 2447 3948 episcopi
2496 3876 2871 3932 benedictione
2921 3890 3046 3932 cum
3098 3875 3224 3941 iret,
3277 3873 3427 3929 illam

1833 3966 1946 4036 jam
1985 3984 2173 4023 sanam
2213 3969 2425 4025 obviam
2474 3970 2656 4033 habet,
2684 3969 2952 4038 discitque
2980 3967 3246 4023 medelam
3267 3960 3428 4024 cura-

1843 4058 2005 4112 tionis
2035 4059 2352 4128 provenisse
2380 4058 2480 4113 sibi
2514 4073 2610 4128 per
2636 4057 2938 4112 orationem
2970 4056 3264 4127 pontiﬁcis.
3297 4055 3428 4112 Post

1840 4150 1958 4205 haec
1986 4151 2122 4205 vixit
2154 4166 2285 4206 sana
2325 4151 2487 4222 longo
2521 4161 2781 4220 tempore,
2805 4151 3046 4222 jucunda
3073 4149 3425 4221 frequentans

1841 4243 2104 4298 relatione
2152 4244 2485 4299 curationem
2515 4243 2616 4299 sibi
2665 4259 2693 4298 a
2747 4242 2907 4300 beato
2948 4242 3180 4312 praesule
3217 4242 3426 4312 impen-

1837 4351 1976 4391 sam.

1915 4429 1998 4484 l5.
2029 4429 2291 4485 Invitatus
2318 4444 2533 4497 unoque
2568 4427 2656 4483 hic
2684 4427 2797 4481 Deo
2837 4436 3043 4482 electus
3071 4424 3310 4483 pontifex
3357 4426 3426 4479 ad

1909 4564 2024 4636 (85)
2057 4566 2220 4621 Beda.
2254 4564 2475 4636 Signum
2502 4573 2898 4636 sanctwrrum
2918 4563 3112 4632 linguw
3139 4558 3423 4633 impressit,

1835 4634 1927 4690 ubi
1952 4634 2013 4689 et
2030 4638 2236 4705 reliqua
2263 4634 2572 4691 accuratius
2601 4634 2829 4703 profert.
3106 4704 3112 4705 γ
3210 4684 3215 4689 ,

1910 4706 2023 4775 (84)
2050 4701 2174 4760 Haec.
2198 4708 2264 4759 ad
2300 4722 2445 4758 num.
2475 4705 2570 4769 25,
2604 4701 2886 4775 perperam
2918 4704 3207 4775 translata
3264 4701 3427 4775 culpa

1833 4771 2267 4831 amanuensium.
2301 4771 2663 4843 reposuimus,
2693 4771 2769 4827 uti
2821 4782 2875 4827 et
2918 4772 3083 4826 habet
3112 4771 3234 4843 Vita
3281 4772 3427 4840 aputl

1832 4843 2198 4899 Maliillonem.
2230 4841 2498 4898 Rieu—nius
2516 4860 2656 4897 anno
2683 4858 2786 4895 uno
2826 4843 2998 4897 solum
3040 4852 3096 4896 et
3144 4841 3283 4897 forte
3316 4856 3430 4898 non

1833 4914 2044 4984 integro
2077 4914 2490 4984 Hagnlstadcnsi
2565 4912 2820 4968 Ecclesiae
2872 4910 3161 4984 prmfuisse
3206 4913 3429 4967 asserit.

1831 4982 2031 5057 [factus
2067 4982 2195 5057 ergo
2216 4993 2379 5057 esset
2411 4985 2856 5057 archiepiscopus
2889 4982 3249 5057 Eboracensis
3278 4997 3435 5057 ann-0

1830 5051 1950 5116 686,
1983 5047 2227 5120 scilicct,
2260 5064 2321 5107 ut
2352 5054 2493 5109 Beda
2526 5047 2613 5109 ait'
2631 5054 2724 5108 lib.
2755 5047 2814 5116 ἦν,
2843 5068 2963 5121 cap.
2995 5053 3049 5105 5.
3090 5053 3226 5107 Cum
3280 5047 3437 5121 Νη-

1830 5122 2005 5193 {ridus
2051 5129 2108 5181 in
2130 5117 2482 5198 episcopatum
2524 5117 3137 5198 essetrﬂagulsiqdensis
3186 5117 3438 5198 ecclesiae
