3936 5402
557 296 689 352 1171

1679 290 2019 347 ι-ὀιωιιυι
2055 287 2478 345 SlTlilVENSlS
2518 287 2824 344 ΜΟΝΛΟΙΙΙ

3675 287 3782 344 lli!

558 407 910 465 dedicandam
958 405 1243 463 ecclesiam
1300 405 1441 461 viil-.e
1502 405 1663 476 (87),
1695 421 1816 476 qure
1866 405 2136 460 Australis
2167 410 2211 469 Α
2239 402 2303 457 ad
2336 402 2646 459 bibendum.
2673 402 2964 457 Exsultant
2999 418 3187 459 omnes
3216 401 3357 473 quod
3378 402 3425 458 is
3454 402 3586 473 petit
3610 400 3779 462 bibere,

556 496 757 556 Burton
787 500 1008 565 dicitur,
1039 499 1197 555 oﬂicii
1220 500 1303 554 sui
1331 515 1436 554 non
1466 501 1781 554 instrenuus
1827 507 2135 565 exsecutor,

558 589 790 645 accessit
845 597 901 644 et
962 589 1253 651 dedicavit,
1312 588 1697 660 perfectisque,
1749 597 1807 645 ut
1866 604 1981 645 mos
2030 599 2135 656 est,

554 681 826 747 omnibus,
882 687 948 736 ad
975 683 1191 753 propria
1227 684 1405 739 redire
1455 684 1642 737 voluit.
1698 684 1747 739 ls
1799 701 1929 739 vero
1983 684 2137 748 cuius

553 770 680 824 villa
713 782 865 838 erat,
895 773 985 842 qui
1027 788 1147 827 eum
1206 775 1553 839 invitaverat,
1600 775 1852 845 precibus
1895 775 2135 830 humilli-

556 862 659 916 mis
695 877 818 917 eum
857 863 970 918 suis
1001 863 1167 919 instat
1211 874 1268 919 ut
1297 866 1513 921 domum
1561 865 1675 935 ejus
1725 867 1928 920 intrare
1976 876 2025 921 et
2067 882 2134 921 ex

553 951 671 1020 ejus
700 960 961 1027 obsequio
1008 958 1296 1026 prandium
1343 958 1658 1027 dignaretur
1682 959 1980 1028 suscipere.
2035 957 2132 1013 Cui

552 1056 679 1099 cum
725 1057 947 1100 sanctus
994 1045 1373 1102 Dei-Joannes
1431 1050 1638 1102 diceret
1688 1050 1862 1120 magis
1925 1051 2139 1119 cpisco—

555 1144 683 1205 pum
749 1135 943 1192 decere
996 1138 1063 1191 ad
1106 1138 1494 1193 monasterium
1553 1139 1747 1205 redire,
1796 1141 2014 1213 ctDeo
2079 1141 2131 1196 in

552 1224 667 1282 siuis
704 1229 1035 1299 pauperibus
1080 1231 1286 1286 servire
1325 1248 1484 1301 quam
1532 1247 1627 1302 per
1673 1230 1863 1286 domos
1905 1233 2129 1288 divitum

551 1314 869 1387 convivari,
924 1325 1207 1393 promissis
1254 1326 1355 1379 sub
1404 1325 1505 1380 hac
1559 1326 1733 1397 gratia
1771 1325 2130 1397 clcemosynis

555 1409 824 1478 pluribus,
861 1422 917 1469 et
939 1415 1174 1469 maxime
1203 1430 1233 1469 a
1262 1415 1320 1471 Β.
1345 1414 1631 1470 Britlztuuo
1658 1416 1795 1469 idem
1842 1416 2131 1486 pollicente

549 1516 858 1569 persuasus,
890 1520 1171 1569 assensum
1204 1508 1416 1561 tandem
1449 1508 1675 1577 prtebuit
1714 1508 2085 1577 poscentibus.

618 1594 707 1649 14.
768 1594 1180 1652 Materfatuilias
1228 1608 1431 1665 autem,
1488 1615 1625 1653 uxr
1675 1600 1794 1668 ejus
1861 1598 1953 1668 qui
2003 1613 2127 1653 eum

551 1687 897 1754 invitaverat,
940 1691 1088 1761 gravi
1136 1692 1380 1762 corporis
1434 1692 1800 1747 invaletudiue
1849 1692 2127 1747 detineba-

2243 493 2307 548 de
2327 494 2480 561 cujus
2514 494 2671 563 paulo
2721 502 2845 547 ante
2897 495 3331 549 sollicitabantur
3352 494 3563 549 funere.
3587 493 3783 565 Porrigit

2240 582 2382 638 illico
2414 583 2646 656 inclytus
2673 584 2867 655 prmsul
2906 586 3129 639 calicem
3158 584 3566 655 vini.jubetque
3593 586 3783 640 sitibon-

2238 676 2361 731 dam
2388 678 2533 732 sitim
2561 694 2625 732 ex
2654 694 2716 730 eo
2742 677 3063 732 refocillare.
3091 677 3208 744 Quo
3236 678 3432 731 hausto
3463 678 3555 729 illi:
3585 678 3783 746 acceptis

2242 769 2571 823 indumentis
2616 770 2864 833 vcstitur,
2890 770 2956 822 ad
2988 770 3341 823 convivantes
3392 769 3706 839 ingreditur,
3742 776 3784 823 ct

2237 860 2387 929 quiaj
2410 876 2478 913 nn
2507 861 2595 914 diu
2614 877 2718 914 nou
2744 860 3191 918 mamlucaverat.
3222 859 3437 914 esurire
3460 859 3786 921 sefatctur,et

2237 966 2415 1007 escam
2470 953 2723 1023 postulat.
2768 952 2963 1007 Lat-tari
3007 953 3321 1009 solemniter
3368 953 3588 1008 videres
3617 967 3786 1008 omnes

2236 1049 2493 1104 convivas
2521 1065 2620 1118 pro
2672 1049 2928 1103 consocio
2973 1048 3183 1103 reddito
3223 1048 3370 1111 vita,
3419 1047 3661 1101 venerari
3693 1062 3789 1103 san-

2236 1151 2378 1196 ctum
2406 1141 2499 1195 Dei
2525 1142 2700 1194 virum
2724 1142 2925 1195 mundo
2952 1150 3099 1195 tanta
3125 1141 3491 1195 clarilieatunt
3519 1140 3788 1205 sanaitale,

2235 1228 2519 1301 laudantes
2551 1233 2835 1287 Dominum
2865 1233 3049 1303 procul
3098 1233 3262 1311 dubio
3293 1231 3390 1302 qui
3437 1230 3571 1286 talia
3620 1231 3671 1286 in
3711 1247 3795 1286 sua

2233 1322 2440 1378 Joanne
2466 1324 2651 1380 favore
2678 1335 2935 1395 operatur
2957 1324 3211 1396 propitio.

2863 1438 3090 1495 CAPUT
3136 1439 3200 1493 ll.
3273 1489 3277 1492 .

2231 1536 2351 1590 A'ia
2380 1535 2632 1590 miracnfa
2658 1546 2777 1591 ante
2809 1546 2988 1605 etpost
3028 1535 3245 1615 obitum.
3305 1532 3541 1602 Tempus
3589 1530 3717 1584 sedis
3749 1532 3791 1584 cf

2941 1616 3143 1661 ηιοιιιδ.

2256 1686 2390 1752 ’16.
2458 1697 2819 1767 Magnificavit
2875 1696 3136 1751 Dominus
3183 1694 3334 1749 illum
3413 1692 3474 1747 in
3538 1698 3788 1759 conspectu

545 1776 657 1842 tur,
686 1777 760 1833 ita
785 1787 843 1833 ut
872 1778 991 1849 plus
1023 1781 1196 1836 tribus
1248 1782 1566 1851 septimanis
1616 1782 1753 1838 lCClt)
1797 1783 2127 1838 decumbens
2159 1798 2203 1852 Β
2230 1807 2440 1862 regum,
2488 1801 2541 1843 et,
2584 1790 2636 1843 in
2687 1796 2954 1842 conventu
2988 1812 2995 1825 ι
3027 1786 3328 1856 principum
3386 1782 3629 1837 oszcndit
3676 1779 3789 1832 ilius

546 1869 968 1938 periclitaretur.
995 1870 1112 1938 Quo
1140 1883 1416 1943 comperto
1439 1874 1521 1927 vir
1551 1874 1665 1938 Dei,
1697 1888 1860 1927 verus
1889 1873 2130 1927 medicus

547 1958 849 2017 animarum
880 1971 935 2016 et
968 1977 1281 2032 corporum,
1336 1965 1402 2019 de
1449 1973 1609 2035 aquis
1657 1964 1725 2018 ad
1772 1963 2127 2018 dedicandam

546 2049 830 2106 ecclesiam
882 2055 1219 2109 consecratis
1274 2054 1438 2124 jussit
1468 2072 1588 2110 eam
1642 2056 1850 2125 potari;
1906 2066 1982 2122 et,
2039 2055 2127 2109 ubi

548 2144 723 2199 morbi
751 2144 905 2200 dolor
931 2148 1113 2203 aerius
1136 2150 1394 2220 urgebat,
1429 2166 1493 2204 ex
1528 2151 1716 2204 eadem
1769 2164 1908 2219 aqua
1944 2148 2127 2219 rigari.

546 2234 666 2305 Quo
690 2236 837 2294 facto
880 2240 1057 2295 omnis
1088 2242 1307 2295 morbus
1336 2243 1517 2296 subito
1563 2241 1795 2310 fugatur,
1845 2249 1900 2295 et
1948 2241 2036 2295 illa
2074 2241 2129 2294 in

545 2344 746 2386 novum
794 2332 1048 2388 sanitatis
1075 2336 1313 2404 vigorem
1342 2342 1644 2403 reparatur.
1698 2332 1883 2402 Surgit
1938 2333 2132 2387 mulier

545 2423 824 2488 continuo,
852 2435 1006 2495 parat
1034 2441 1092 2481 se
1139 2439 1332 2480 ornatu
1366 2442 1483 2490 suo,
1530 2418 1947 2496 ingrediensqtte
1998 2426 2131 2496 petit

546 2517 998 2584 benedictionem,
1027 2527 1082 2573 et
1113 2519 1522 2574 convivantibus
1574 2518 1692 2573 lucta
1747 2519 1966 2573 exhibet
2014 2534 2131 2573 ser-

544 2607 794 2675 vitutem,
821 2617 1135 2680 tantamque
1173 2611 1536 2666 valetudinem
1565 2613 1668 2665 sibi
1720 2611 1973 2667 collatam
1998 2628 2130 2666 cun—

543 2701 647 2754 ctis
675 2698 930 2767 innotuit,
958 2714 1018 2757 ut
1038 2704 1125 2771 pio
1149 2703 1363 2775 praesuli
1400 2719 1690 2774 secumque
1732 2705 2045 2759 sedentibus
2073 2704 2129 2757 in

545 2799 675 2860 potu
705 2791 878 2847 ﬁdelis
906 2795 1162 2863 pincerna
1192 2795 1455 2860 serviens,
1488 2810 1587 2849 nec
1612 2796 1777 2850 semel
1806 2804 1863 2848 ut
1888 2796 2131 2865 quiesce-

548 2892 632 2937 ret
654 2884 952 2940 recederet.
982 2886 1201 2951 Videte,
1235 2902 1438 2956 quatso,
1487 2889 1541 2941 in
1584 2889 1742 2943 beato
1789 2887 1994 2943 Joanne
2040 2889 2129 2944 hic

551 2974 834 3045 impletum
865 2970 1008 3047 quod
1036 2977 1290 3033 Christus
1328 2978 1575 3048 promisit
1615 2980 1729 3033 suis
1761 2996 1775 3032 :
1808 2979 1981 3050 Opera
2009 2994 2129 3048 quae

547 3080 649 3136 ego
677 3066 820 3123 facio
849 3076 903 3123 et
931 3084 1024 3123 vos
1052 3054 1289 3124 facietis:
1314 3070 1405 3125 ille
1421 3071 1677 3126 Dominus
1686 3080 1886 3151 poster
1909 3071 2127 3125 domum

2232 1884 2460 1955 gloriam
2507 1890 2560 1935 et
2591 1882 2868 1935 meritum.
2898 1879 3080 1949 ιὶρείιΙί
3113 1878 3296 1932 edicto
3333 1875 3668 1930 conveniunt
3701 1870 3787 1940 pri-

2232 1984 2403 2028 mates
2435 1973 2623 2043 regni;
2658 1970 3101 2024 eouveuitetiam
3153 1982 3277 2021 cum
3330 1965 3463 2019 aliis
3505 1976 3562 2017 et
3610 1963 3687 2016 hic
3725 1961 3788 2014 vir

2235 2064 2348 2117 Dei.
2378 2062 2562 2117 Adfuit
2589 2076 2802 2130 quoque
2833 2068 2887 2113 et
2919 2058 3035 2129 ipse
3065 2055 3303 2113 Osredus
3338 2070 3465 2120 rex,
3500 2053 3582 2105 vir
3613 2050 3791 2119 religio-

2232 2155 2316 2208 nis
2341 2164 2396 2207 et
2422 2153 2565 2219 fidei,
2590 2162 2645 2206 ct
2667 2149 2938 2206 eonunuui
2971 2158 3203 2203 tractatu
3238 2146 3490 2201 ﬁdelium
3537 2143 3787 2198 ordinatio-

2232 2262 2328 2302 nes
2356 2247 2426 2302 ibi
2458 2246 2793 2299 constituunt
2829 2242 3121 2296 multarum
3152 2256 3337 2295 rerum
3393 2239 3634 2293 utilium.
3681 2233 3786 2290 Nam

2231 2348 2285 2393 el
2308 2338 2514 2405 iniuriae
2539 2337 2610 2391 ibi
2636 2335 3001 2405 corriguntur,
3032 2333 3179 2404 leges
3204 2334 3295 2387 Dei
3312 2332 3655 2391 sanciantur,
3672 2328 3788 2399 pacis

2231 2431 2458 2499 :equitas
2488 2430 2755 2492 firmatur,
2791 2440 2878 2481 res
2905 2424 3254 2481 ecclesiarum
3279 2432 3336 2479 et
3367 2421 3786 2477 monasteriorum

2234 2520 2379 2588 regis
2406 2518 2702 2573 munimine
2738 2518 3183 2595 corroborantur.
3217 2513 3436 2582 Quibus
3468 2512 3688 2566 feliciter
3703 2519 3787 2564 sta-

2234 2612 2386 2677 tutis,
2420 2611 2672 2665 dominus
2703 2610 3160 2681 archiepiscopus,
3196 2607 3288 2661 Dei
3313 2608 3496 2678 gratia
3533 2617 3586 2662 et
3611 2605 3787 2659 nomine

2229 2714 2285 2758 ct
2312 2702 2485 2758 oliieio
2516 2703 2776 2767 Joannes,
2808 2719 2988 2773 regem
3015 2717 3137 2758 cum
3169 2701 3283 2754 suis
3311 2701 3380 2753 ad
3406 2715 3647 2753 mensam
3668 2711 3785 2752 suam

2233 2797 2456 2862 invitat;
2487 2797 2575 2864 qui
2613 2796 2858 2868 gratifice
2886 2793 3093 2859 obedit,
3122 2803 3179 2847 ut
3206 2793 3466 2856 decebat,
3514 2790 3787 2846 comitatus-

2230 2904 2336 2960 que
2364 2890 2680 2959 proceribus
2725 2889 2841 2942 suis
2887 2886 3234 2942 discumbens
3264 2883 3329 2937 ad
3372 2895 3570 2961 nutum
3622 2878 3785 2936 assedit

2232 2981 2521 3051 pontiﬁcis,
2538 2980 2813 3049 utiturque
2839 2993 2961 3032 cum
2986 2975 3292 3032 carnalibus
3320 2973 3507 3043 epulis
3527 2970 3784 3027 cmleslium

2233 3072 2473 3126 monitis.
2503 3070 2709 3138 Quibus
2746 3069 2956 3125 cunctis
3007 3070 3291 3123 alllueuter
3342 3065 3590 3126 refectis,
3619 3060 3781 3123 audite,

550 3158 795 3225 intravit,
820 3175 1037 3216 socrum
1068 3161 1214 3217 Petri
1243 3161 1645 3217 febricitantem
1696 3163 1920 3225 invenit,
1950 3164 2128 3217 febres
2156 3157 2200 3217 C
2232 3178 2437 3231 qa:eso,
2468 3161 2722 3215 cordibus
2744 3160 2989 3225 intentis,
3025 3158 3207 3212 audite
3230 3164 3286 3211 et
3333 3156 3427 3211 hic
3454 3154 3782 3227 operationem

546 3251 770 3322 depulit,
801 3252 1061 3324 illumque
1088 3255 1190 3309 sibi
1223 3256 1538 3311 ministrare
1570 3258 1846 3326 prmeepit.
1892 3257 2132 3327 Uterque

554 3345 719 3398 unum
750 3354 804 3400 et
833 3346 1009 3402 simile
1041 3346 1247 3402 faciunt
1270 3364 1445 3417 opus;
1477 3350 1570 3403 sed
1626 3350 1699 3404 ibi
1729 3350 1933 3419 absque
1974 3366 2131 3405 servo

558 3434 838 3498 Dominus,
883 3436 975 3492 hic
1002 3453 1132 3493 vero
1167 3452 1263 3507 per
1312 3439 1598 3493 Dominum
1646 3449 1701 3495 et
1730 3457 1851 3495 eum
1902 3442 2133 3501 Domino

556 3518 809 3584 ﬁdelis'et
836 3526 1074 3594 prudens
1095 3541 1305 3583 servus.

624 3618 711 3671 15.
742 3616 1023 3674 Clarificat
1048 3619 1176 3675 item
1218 3619 1476 3677 Dominus
1497 3622 1553 3677 in
1584 3624 1747 3678 simili
1776 3640 1939 3695 opere
1966 3626 2133 3681 Joan-

548 3720 671 3764 nem
717 3725 1146 3777 scrvum,suum
1177 3753 1191 3778 ,
1240 3729 1363 3768 cum
1416 3731 1511 3786 per
1561 3717 1849 3786 quemdam
1909 3718 2130 3774 divitem

545 3803 716 3858 Adam
745 3804 856 3876 (88)
894 3807 1133 3871 nomine,
1158 3806 1418 3862 invitatur
1464 3810 1529 3863 ad
1577 3812 2011 3867 consecrandum
2040 3828 2131 3869 cc-

545 3895 727 3951 clesite
751 3911 888 3967 opus
916 3913 1133 3954 novum.
1151 3899 1281 3954 Erat
1304 3900 1431 3955 huic
1458 3900 1610 3955 diviti
1632 3903 1850 3972 quidam
1882 3920 2127 3969 suorum,

548 3984 700 4039 valde
720 3988 921 4043 cbarus
950 3988 1023 4043 illi
1062 3999 1119 4044 et
1142 3989 1320 4055 utilis;
1354 3991 1445 4060 qui
1475 4006 1541 4046 ex
1573 3992 1919 4051 incumbente
1941 3995 2130 4052 morbo

544 4081 612 4136 ad
652 4083 705 4136 id
754 4095 1078 4153 pervenerat
1124 4096 1183 4139 ut
1229 4086 1385 4156 juxta
1421 4086 1836 4144 decumbentem
1880 4092 1935 4144 in
1989 4091 2129 4147 lecto

543 4173 802 4231 feretrum
858 4177 1072 4246 corpori
1114 4184 1415 4246 aptaretur,
1445 4178 1664 4233 sudaria
1690 4193 2034 4250 pararentur,
2076 4189 2130 4237 et

542 4281 662 4336 quae
692 4265 873 4341 funeri}
898 4277 1257 4338 congruerent
1293 4269 1344 4324 in
1378 4271 1666 4340 prreseutia
1694 4270 2005 4341 languentis
2060 4275 2128 4330 ad

543 4374 763 4413 manum
785 4369 988 4416 essent.
1018 4361 1116 4416 llic
1150 4362 1413 4418 invitatur
1437 4364 1633 4419 iterum
1680 4350 1770 4420 ille
1814 4366 1979 4421 homo
2010 4364 2125 4431 Dei,

541 4461 724 4509 noster
768 4455 1029 4517 medicus,
1086 4456 1177 4523 qui
1230 4457 1502 4524 pressaris
1554 4458 1810 4528 gravibus
1866 4457 2129 4512 antidotis

2235 3253 2595 3318 Doniiuicam,
2621 3255 2798 3309 videte
2819 3264 2873 3308 et
2901 3253 2989 3308 hic
3012 3252 3373 3307 assertionem
3407 3248 3781 3318 evangelicum:

2234 3345 2409 3418 Opera
2446 3364 2564 3417 qua:
2608 3362 2708 3418 ego
2738 3346 2880 3400 facio
2926 3356 2982 3401 et
3025 3359 3123 3399 vos
3181 3342 3417 3396 facietis.
3451 3342 3682 3411 implete,
3726 3338 3781 3390 ait

2236 3441 2292 3493 S.
2342 3438 2577 3493 Joannes
2605 3440 2880 3508 pinceruis
2930 3436 3074 3503 suisf,
3132 3434 3350 3505 implete
3406 3444 3524 3489 tres
3573 3430 3776 3503 hydrias,

2235 3547 2397 3587 unum
2445 3532 2593 3594 vino,
2625 3530 2785 3584 aliam
2814 3530 3007 3593 mulso,
3036 3529 3250 3585 tertiam
3281 3530 3541 3585 cervisia.

2307 3624 2392 3678 l7.
2423 3623 2630 3689 Quibus
2662 3623 2897 3692 impletis
2925 3638 3094 3692 usque
3134 3623 3199 3676 ad
3247 3612 3548 3689 sumntum,
3582 3620 3781 3675 Joannes

2232 3715 2321 3785 qui
2346 3726 2399 3771 et
2431 3716 2604 3787 gratia
2634 3714 2752 3779 Dei,
2778 3725 3000 3770 extensa
3032 3730 3192 3768 manu
3221 3715 3507 3769 benedixit
3537 3723 3589 3768 et
3629 3710 3777 3782 propi-

2232 3807 2349 3861 nari
2383 3807 2655 3877 praecepit.
2685 3805 2952 3860 Hauriunt
2973 3806 3243 3874 pincerme
3273 3804 3580 3859 crescentia
3607 3800 3781 3873 hydria-

2232 3916 2350 3954 rmn
2382 3899 2582 3954 fluenta
2610 3893 2862 3954 fecundis
2893 3899 3241 3961 ealieibus,et
3270 3912 3368 3966 per
3389 3897 3543 3951 tzetos
3565 3894 3777 3949 convivas

2231 3992 2571 4063 prepinando
2598 3991 2827 4045 redeunt
2852 3990 3209 4058 frequentius,
3244 3987 3511 4043 hauriunt
3556 3986 3777 4041 inexhau-

2229 4094 2334 4150 ste,
2367 4084 2607 4155 nihilque
2660 4085 2713 4138 in
2775 4084 2985 4155 ltydriis
3038 4091 3261 4154 apparet
3311 4083 3480 4138 toties
3536 4078 3772 4137 hausisse;

2230 4191 2443 4248 semper
2472 4177 2775 4232 redundant
2812 4177 2877 4229 ad
2918 4191 3185 4230 sumunnn
3210 4190 3403 4244 usque.
3431 4164 3771 4238 PotantcsipSi

2230 4276 2446 4337 stupent
2477 4272 2733 4321 renovato
2763 4277 3000 4329 nectare.
3022 4266 3275 4335 quo'dque
3323 4265 3516 4319 bibunt
3550 4263 3775 4317 mirantur

2231 4372 2503 4423 crescere,
2537 4367 2591 4413 et
2635 4358 2845 4427 placida
2892 4357 3174 4412 dulcedine
3220 4366 3274 4412 et
3322 4356 3558 4411 mirabili
3602 4347 3770 4409 caelesti

2228 4451 2612 4507 entitdatioue.
2667 4451 2724 4505 ln
2757 4452 2915 4520 lmjus
2955 4460 3115 4520 potus
3164 4452 3433 4503 crescenti
3466 4448 3680 4503 valentia
3706 4458 3771 4497 re-

546 4555 864 4598 uccun-eret
893 4544 1265 4607 validioribus,
1315 4545 1552 4614 visisque
1596 4564 1665 4603 ex
1708 4564 1857 4603 more
1886 4547 2125 4604 funereis
2158 4532 2204 4591 θ
2229 4542 2389 4599 colite
2416 4544 2632 4625 nuptias
2662 4542 2712 4597 iu
2752 4543 2898 4597 Cana
2926 4541 3178 4608 Galilein;
3218 4558 3342 4595 nam
3378 4541 3451 4595 ibi
3477 4536 3768 4595 arehitrieli-

540 4633 915 4706 apparatibus,
944 4650 1178 4706 magnus
1197 4645 1387 4691 orator
1436 4646 1581 4693 totus
1635 4638 1780 4703 intro
1823 4639 1999 4695 fertur
2051 4642 2121 4697 ad

542 4722 808 4790 coelestia,
848 4734 904 4781 et
958 4737 1141 4798 rogata
1178 4728 1438 4784 obtinuit.
1485 4730 1565 4785 Ad
1615 4742 1944 4803 praeceptum
1996 4749 2121 4789 mox

540 4827 860 4879 conversus,
891 4815 1149 4872 velociter
1177 4834 1301 4874 cum
1344 4821 1526 4875 sanari
1574 4832 1631 4876 et
1666 4837 1907 4894 surgere
1935 4822 2117 4893 jussit,

542 4917 777 4981 moxque
802 4900 1049 4963 recessit.
1096 4909 1188 4965 ille
1238 4908 1424 4983 fugato
1473 4913 1662 4970 morbo
1699 4916 1938 4971 redditus
1974 4918 2121 4984 vitae,

540 4995 815 5063 paululum
846 4998 1004 5054 haesit
1028 5009 1270 5072 stupens,
1294 5014 1472 5083 utrum
1500 5012 1645 5059 esset
1669 5005 1810 5059 idem
1835 5007 1963 5077 ipse.
1981 5007 2123 5064 Caro

543 5087 611 5130 ad
637 5089 799 5132 vitam
849 5087 1096 5132 rodnrntav
1137 5096 1301 5134 rapuit
1333 5096 1555 5136 avio-sva
1588 5096 1769 5136 vitalia
1840 5101 2005 5138 mini!
2055 5102 2121 5138 ηδ

2229 4651 2330 4697 nus
2358 4636 2541 4690 vinum
2575 4636 2773 4701 bonum
2804 4649 2922 4690 esse
2949 4634 3281 4705 pronuntiat.
3335 4633 3392 4687 lu
3449 4629 3771 4689 exundatione

2228 4738 2409 4782 autem
2435 4727 2748 4799 hydri-arum
2777 4728 2962 4790 trimn,
2991 4736 3318 4782 mementote
3354 4724 3619 4782 Dominici
3662 4735 3764 4776 eone

2229 4818 2379 4884 vivii,
2409 4833 2516 4889 quo
2542 4817 2780 4891 quinque
2809 4817 2978 4872 millia
3012 4817 3293 4872 hominum
3342 4826 3399 4872 et
3456 4832 3521 4872 eo
3574 4811 3771 4881 amplius

2228 4912 2465 4976 satiavit,
2495 4920 2549 4968 et
2584 4912 2928 4967 considerate
2952 4912 3005 4965 in
3033 4911 3233 4965 vestris
3265 4912 3520 4966 cordibus
3546 4906 3664 4980 quid
3689 4918 3769 4974 per

2226 5000 2489 5057 Joannem
2512 5018 2668 5056 suum
2696 5012 2953 5073 operatur
2986 5001 3244 5056 Dominus
3283 5016 3436 5055 suus.
3472 5000 3672 5072 Legitur
3709 4992 3764 5048 ibi

2226 5093 2350 5138 (min
2382 5094 2497 5138 vien
2520 5094 2679 5138 sinum
2708 5094 2817 5138 vini
2847 5094 3189 5138 nrmlirlm‘nnl
3222 5094 3274 5134 in
3312 5093 3495 5138 lusum
3518 5094 3596 5138 sui
3624 5086 3762 5138 disci-
