3936 5402
162 284 304 340 Ιίῖὅ

1233 286 1392 344 VITA
1425 288 1483 345 S.
1524 288 1809 347 JOANNIS
1849 292 2434 352 BEVERLACENSIS.
2472 378 2475 379 ν

3296 307 3437 365 ΗΠ

105 428 110 432 -
155 397 371 469 experti
408 405 560 462 sunt,
590 396 707 454 viso
761 398 864 454 boc
898 398 1086 468 signo,
1117 413 1236 454 esse
1286 400 1340 455 in
1393 400 1599 457 Joanne
1657 418 1755 459 suo
1783 411 1830 467 Α
1857 405 2093 461 hominis
2123 410 2519 465 resurrectione
2544 427 2636 466 sua
2663 421 2890 469 mortem
2907 413 3163 495 calcaret,
3199 425 3254 475 et
3278 419 3445 479 vitam

154 488 392 556 gratiam
428 486 545 547 Dei.
581 496 984 557 veneratusqne
1019 486 1108 543 Dei
1140 490 1437 556 hominem,
1482 502 1640 546 vocat
1684 492 1754 547 ad

153 596 211 632 se
239 577 364 646 ejus
397 578 748 647 pinccrnam,
782 578 1166 634 Brithdrcdum
1200 583 1451 644 nomine;
1488 583 1751 653 ltetusque

154 668 301 735 regia
322 667 698 734 jucunditate.
728 672 953 740 optime,
983 672 1176 740 inquit,
1202 672 1480 742 proiecisti
1511 675 1562 729 iu
1588 677 1757 731 servi—

156 767 270 811 tute
309 768 430 821 tua,
459 776 579 813 nam
606 769 659 814 et
683 761 890 831 optimo
932 772 1057 831 potu
1104 772 1157 817 ct
1188 762 1419 817 mirabili
1463 779 1493 817 a
1528 764 1754 821 Domino

153 857 243 901 tuo
282 848 486 904 ref-ceti
525 867 714 907 sumus
763 852 1070 917 affluenter,
1118 853 1517 923 sanctitateque
1575 856 1753 910 sancti

149 936 417 994 lzetilicati
452 959 616 1012 quam
645 943 907 1012 vidimus,
957 944 1239 1001 discedere
1291 952 1436 1000 nunc
1490 946 1753 1004 habemus

148 1043 267 1081 cum
314 1029 439 1097 ejus
465 1032 661 1101 gratia.
680 1084 685 1091 ,

216 1117 307 1173 18.
340 1119 570 1185 Audite,
598 1138 804 1192 quaeso,
858 1125 1037 1181 adhuc
1065 1126 1352 1183 Dominum
1411 1128 1466 1184 in
1501 1130 1750 1206 exemplo

146 1212 226 1267 sui
284 1212 675 1269 miriiicantem
714 1213 979 1272 Joannem
1026 1234 1183 1288 suum
1213 1260 1229 1287 ,
1285 1221 1749 1294 exhibentemque

147 1315 345 1355 novum
372 1305 686 1358 sanetitatis
711 1304 827 1374 ejus
874 1307 1154 1382 iudicium.
1203 1308 1258 1364 Si
1294 1313 1511 1380 quando
1542 1313 1595 1368 in
1628 1331 1746 1371 me-

149 1391 339 1460 tropoli
372 1391 623 1448 Eboraco
648 1397 1149 1470 arcbiepiscotiatus
1203 1401 1413 1457 scilicet
1459 1405 1542 1459 sui
1594 1407 1743 1474 sedc,

148 1496 270 1536 eum
329 1483 658 1555 contigisset
694 1489 916 1555 morari,
945 1491 1369 1560 amplectebatur
1412 1494 1564 1550 valde
1602 1496 1743 1552 basi-

150 1574 305 1628 licam
335 1573 531 1630 Saucti
560 1576 835 1633 Michaelis
880 1581 1215 1655 archangeli,
1261 1576 1443 1655 ibique
1480 1588 1740 1646 excubias

146 1667 462 1743 celebrabat
517 1671 662 1725 soliti
720 1673 902 1742 operis
951 1676 1066 1757 spi;
1120 1677 1373 1749 contigua
1424 1681 1570 1736 enim
1621 1691 1739 1737 erat

148 1759 413 1814 mansioni
446 1777 583 1816 sure.
611 1762 765 1820 Unde
787 1768 985 1822 accidit
1011 1770 1244 1838 quadam
1289 1772 1405 1826 vice
1437 1781 1515 1837 ut,
1545 1789 1611 1827 eo
1655 1774 1735 1830 la-
1769 1766 1813 1821 Β

149 1861 316 1906 tcnter
341 1864 544 1924 agente
564 1856 692 1910 inibi
716 1857 835 1913 illas
861 1861 1135 1916 orationes
1158 1865 1597 1927 suas,visibiliter
1622 1882 1738 1924 cer-

147 1945 373 1999 nendam
396 1960 459 2000 se
484 1947 537 2001 in
565 1949 748 2018 specie
772 1952 1053 2007 candentis
1074 1954 1336 2010 columba:
1365 1955 1436 2010 illi
1463 1960 1734 2026 praeberet

150 2035 382 2104 Spiritus
393 2040 572 2093 sancti
609 2041 888 2111 maiestas,
906 2042 1155 2100 flammeo
1168 2047 1455 2117 Splendore
1477 2065 1730 2118 corusca,

147 2138 298 2192 supra
331 2138 497 2195 caput
522 2129 730 2185 orantis
757 2131 993 2201 episcopi
1023 2135 1169 2189 sedis
1197 2151 1308 2190 suae
1331 2138 1558 2207 gloriam
1603 2144 1727 2212 (po-

150 2218 290 2287 nere)
317 2218 563 2290 dignata,
592 2221 733 2277 Deus
754 2233 955 2279 aeterne
973 2234 1027 2279 et
1044 2226 1454 2297 benignissime,
1478 2231 1545 2287 de
1567 2248 1727 2302 quam

148 2308 335 2363 numdo
356 2312 524 2367 corde
547 2325 926 2384 processerunt
946 2317 1222 2373 orationes
1264 2319 1367 2375 illa:
1410 2337 1529 2390 qua:
1555 2325 1725 2379 sancti

150 2396 375 2469 Spiritus
405 2404 753 2472 prasentiam
781 2407 1086 2474 obtinuere,
1116 2408 1284 2475 illam,
1309 2401 1557 2480 inquam,
1580 2429 1727 2470 eam-

150 2490 258 2544 dem
288 2507 406 2561 quze
441 2493 495 2548 in
519 2492 644 2550 Jesu
676 2495 785 2552 lilio
813 2497 905 2552 Dei
955 2499 1229 2570 baptizato
1256 2504 1500 2573 apparuit
1529 2506 1580 2558 in
1606 2504 1726 2561 Jor-

148 2576 301 2637 dane!
321 2583 493 2652 Quam
509 2586 719 2655 placitae
741 2590 1109 2645 ascenderunt
1132 2593 1183 2645 in
1211 2606 1562 2664 conspectum
1582 2597 1722 2652 divi-

150 2670 343 2739 nitatis,
389 2676 642 2733 fidelibus
695 2678 861 2733 etiam
912 2680 1131 2751 perlata:
1183 2681 1552 2753 internuntiis,
1603 2703 1723 2757 qua:

151 2770 339 2817 tantum
368 2763 614 2820 referunt
639 2764 890 2823 effectum
922 2770 1167 2826 virtutis!
1203 2771 1433 2830 lrradiat
1456 2791 1585 2846 ergo
1626 2793 1723 2848 per

147 2866 355 2922 qumque
375 2848 645 2911 foramina
672 2866 728 2912 et
752 2858 1015 2916 fenestras
1045 2863 1282 2919 basilica:
1333 2867 1420 2922 illa
1456 2868 1720 2925 immensa

148 2942 350 3001 claritas
385 2948 688 3019 majestatis
719 2951 971 3018 inclusae,
997 2970 1062 3009 ac
1087 2956 1131 3009 si
1158 2956 1348 3012 relicto
1389 2961 1591 3015 aethere
1638 2962 1719 3016 sol

148 3028 263 3087 illuc
311 3041 755 3108 commigrasset,
802 3042 1256 3116 splendoremque
1304 3064 1458 3104 suum
1499 3050 1553 3105 in
1599 3051 1717 3120 ejus

146 3119 235 3177 loci
261 3128 536 3196 angustias
573 3110 902 3190 inclusisset.
938 3134 1114 3206 thue
1146 3139 1222 3192 rei
1250 3141 1530 3197 veritatem
1556 3144 1717 3213 digna
1745 3110 1789 3172 Ο

1857 498 2089 553 mortuis
2120 510 2419 569 repararet.
2448 500 2653 557 Videtis
2691 513 2744 557 ct
2775 506 2861 558 hic.
2890 504 3152 561 Joannem
3197 509 3442 567 imitatos

1855 603 1972 643 rem
2010 590 2217 643 Domini
2247 593 2363 656 sui,
2393 602 2584 647 testem
2628 594 2822 649 divina:
2872 597 3283 669 gloriﬁcatiouis
3309 615 3442 668 sure,

1855 684 2008 753 (illusi
2038 687 2310 750 mercede,
2340 690 2663 751 conducere,
2711 693 2963 759 precibus
2992 693 3212 763 alligare
3239 702 3298 748 ut
3324 694 3443 750 visa

1855 774 2152 829 coutieerct
2182 776 2353 843 donec
2404 779 2503 832 hoc
2536 780 2765 834 mortale
2792 791 3015 836 exueret
3052 792 3107 839 et
3144 784 3313 840 beata:
3340 785 3443 839 im-

1854 866 2206 923 mortalitatis
2261 869 2488 938 gloriam
2553 872 2820 927 indueret.
2894 874 3256 931 Dubitaudum
3312 890 3442 948 ergo

1853 973 1960 1012 non
1993 968 2075 1013 est
2113 960 2242 1027 quin
2271 960 2358 1015 hic
2382 973 2601 1017 sanctus
2627 964 2719 1018 Dei
2767 954 2979 1036 magum
3002 966 3253 1035 puritatis
3276 967 3442 1025 fuerit

1852 1045 1905 1100 in
1934 1057 2231 1118 conspectu
2261 1048 2353 1104 Dei
2386 1050 2437 1104 in
2464 1052 2638 1115 emlis,
2665 1053 2757 1122 qui
2793 1062 2951 1108 tanta?
2978 1055 3243 1112 claritatis
3280 1070 3433 1113 com-

1849 1154 1947 1211 pos
1974 1140 2152 1197 factus
2177 1143 2248 1221 sit
2280 1158 2464 1199 coram
2502 1145 2812 1204 hominibus
2843 1150 2895 1203 in
2933 1151 3112 1206 terris.

1916 1254 2007 1309 20.
2048 1254 2250 1309 Habuit
2277 1258 2443 1311 etiam
2479 1267 2537 1314 et
2587 1259 2751 1315 alium
2780 1271 2969 1318 testem
2998 1263 3277 1336 signorum
3312 1280 3434 1336 qua

1845 1363 1944 1418 per
1965 1363 2089 1404 eum
2119 1352 2346 1421 propitia
2371 1352 2542 1421 gessit
2566 1352 2851 1419 divinitas;
2902 1356 3260 1412 llerebaldnm
3318 1358 3436 1430 (91)

1844 1442 2051 1498 scilicet
2074 1442 2598 1501 Tenemntlteucnsis
2616 1449 2965 1518 coenobii,qui
2984 1448 3111 1517 ejus
3141 1450 3433 1523 discipulus

1842 1549 1872 1590 a
1909 1550 2076 1614 puero
2106 1545 2161 1591 et
2190 1537 2438 1592 doctrina
2470 1549 2590 1593 erat
2637 1540 2906 1606 imbutus,
2937 1557 3230 1614 comesque
3280 1560 3432 1600 cum-

1841 1606 2067 1682 manéns
2094 1627 2421 1683 individuus.
2474 1628 2799 1684 Testabatur
2825 1631 2913 1688 hic
2942 1606 3154 1704 saepius
3182 1648 3244 1689 se
3289 1633 3431 1691 bene

1841 1718 2005 1772 etiam
2049 1734 2147 1787 per
2198 1719 2436 1789 seipsum
2480 1723 2814 1790 comperisse
2868 1724 3011 1779 lutnc
3055 1723 3114 1778 S.
3162 1722 3426 1782 Joannem

1838 1825 1966 1865 vere
1995 1826 2118 1867 esse
2143 1812 2499 1867 sanctissima:
2523 1814 2680 1880 vitaz;
2730 1817 2823 1886 qui
2870 1817 3014 1872 inter
3058 1816 3195 1873 alias
3242 1819 3427 1877 multis

1836 1906 2068 1961 infirmis
2092 1909 2330 1976 praesuta
2361 1908 2647 1974 beneﬁcia,
2674 1910 2846 1979 ipsum
2868 1912 2936 1967 de
2953 1922 3128 1967 morte
3148 1913 3426 1970 reduxerit

1833 2006 1888 2053 et
1916 1997 2109 2053 subita:
2134 2000 2377 2069 sospitati
2402 2001 2809 2057 cendonaverit.
2842 2004 3067 2059 Dicebat
3099 2007 3265 2062 semel
3290 2022 3433 2063 con-

1839 2090 2028 2158 tigissc
2063 2091 2444 2145 convivantem
2468 2108 2590 2147 cum
2619 2093 2735 2149 suis
2763 2094 2907 2149 hunc
2937 2096 3162 2151 charum
3194 2097 3289 2154 Dei
3321 2099 3422 2154 ho-

1832 2180 2031 2235 minem
2060 2181 2316 2236 devenire
2343 2183 2395 2237 in
2423 2182 2683 2253 planioris
2708 2186 2809 2240 via:
2832 2197 2983 2256 grata
3015 2189 3211 2258 spatia,
3265 2188 3422 2257 cujus

1825 2270 2071 2342 jucunda
2110 2273 2333 2343 planitie
2364 2274 2616 2329 delectati
2639 2276 2886 2346 juvenes,
2921 2279 3139 2334 militari
3186 2294 3425 2337 consue-

1830 2367 2015 2420 tudine
2055 2376 2347 2436 precantur
2378 2368 2522 2424 hunc
2551 2369 2829 2424 dominum
2859 2386 3039 2437 suum,
3064 2382 3125 2427 ut
3154 2373 3314 2429 liceat
3339 2375 3421 2432 eis

1826 2471 1993 2526 equos
2007 2472 2135 2513 suos
2166 2459 2218 2512 in
2233 2458 2422 2514 eodem
2450 2460 2955 2529 probareinoﬂ'enso
2974 2466 3148 2531 campi
3172 2480 3417 2533 aequore.
3455 2470 3465 2481 '

1827 2547 1979 2615 Quod
2007 2564 2130 2603 cum
2161 2550 2338 2618 primo
2358 2551 2438 2602 vir
2460 2551 2552 2603 Dei
2578 2549 2925 2618 prolevitate
2952 2553 3155 2608 ducens
3176 2554 3435 2625 denegat--

1825 2651 1936 2704 ret;
1977 2643 2190 2695 tandem
2244 2643 2474 2710 petendo
2519 2641 3089 2716 instantibus:Agite,
3114 2645 3308 2717 inquit,
3343 2648 3432 2705 ad'

1823 2732 2061 2803 libitum,
2093 2734 2427 2789 Herebaldus
2452 2749 2582 2791 vero
2609 2746 2823 2791 maneat
2850 2753 3087 2795 mecum.
3140 2740 3293 2808 Quod
3324 2740 3433 2799 illo‘

1822 2824 2291 2893 audiensjuveuili
2317 2826 2483 2893 erepit
2515 2825 2717 2880 tristari
2748 2826 2985 2890 levitate.
3008 2828 3137 2898 quia
3160 2839 3429 2888 recentcr'

1822 2919 2007 2972 datum
2038 2918 2105 2973 ab
2126 2919 2379 2989 episcopo
2414 2933 2635 2988 equum,
2671 2920 2780 3009 .cui
2843 2920 3143 2989 insedebat,
3197 2922 3411 2997 volebat

1819 3009 2070 3077 probare.

1889 3120 1981 3175 21.
2017 3119 2255 3176 Tandem
2286 3135 2413 3193 ergo
2447 3138 2569 3178 cum
2599 3122 2737 3179 laxis
2771 3123 2939 3180 frenis
2977 3127 3155 3182 ontnis
3181 3138 3405 3197 campus

1819 3215 2249 3269 discurrentibus
2272 3227 2659 3287 perstreperet,
2678 3217 3031 3295 llercbaldus,
3048 3235 3112 3275 ac
3134 3221 3178 3276 si
3202 3219 3404 3277 invitus

1816 3315 1869 3362 et
1904 3308 2058 3379 quasi
2092 3308 2372 3361 incitatum
2403 3323 2597 3377 equum
2624 3310 2860 3364 retinere
2884 3326 2988 3364 non
3016 3322 3217 3381 posset,
3235 3311 3403 3367 recla-

1816 3409 1997 3452 mau'e
2024 3398 2278 3466 episcopo
2307 3399 2504 3463 evniat,
2540 3398 2923 3470 volucremque
2944 3403 3285 3472 cornipedem
3315 3402 3399 3458 la-

1812 3488 2057 3543 xiorihns
2088 3487 2259 3543 frenis
2285 3490 2351 3542 ad
2381 3506 2599 3544 cursum
2629 3493 2893 3547 concitat.
2937 3492 3149 3549 Testari
3189 3493 3400 3551 solebat

1812 3580 1953 3634 idem
1982 3578 2315 3633 llerebaldus
2340 3595 2397 3633 se
2447 3588 2573 3634 tunc
2625 3581 2841 3636 audisse
2872 3582 2940 3635 ab
2974 3584 3226 3653 episcopo
3274 3596 3397 3655 post

1812 3679 2018 3741 tergum
2074 3669 2382 3723 clamante:
2413 3669 2569 3735 Male,
2605 3671 2801 3739 inquit,
2857 3672 2973 3742 agis
3021 3674 3308 3730 discedens
3357 3691 3391 3730 ει

1806 3778 1915 3827 me,
1938 3772 1990 3817 et
2020 3763 2121 3816 hoc
2144 3761 2302 3815 modo
2326 3775 2636 3830 cognosces.
2664 3760 2763 3814 Vix
2794 3760 2944 3815 finita
2968 3763 3390 3820 comminatione

1804 3855 1905 3909 viri
1953 3853 2125 3907 sancti
2187 3867 2359 3922 equus
2403 3852 2601 3906 labitur
2645 3851 2962 3919 Herebaldi;
3019 3869 3390 3925 excussusque

1804 3943 2137 3998 Herebaldus
2159 3957 2320 4012 snper
2341 3942 2528 4013 ingens
2555 3957 2776 4009 saxum,
2804 3943 2962 3997 ruina
3010 3943 3210 3998 decidit
3246 3957 3388 4014 prte-

1801 4041 1970 4110 cipiti,
1996 4039 2171 4108 capite
2199 4036 2592 4106 confringitnr,
2638 4037 2990 4091 interioribus
3036 4035 3378 4103 discinditur,

1798 4132 1880 4188 de'
1907 4132 2096 4200 ilisque
2130 4147 2289 4184 manu
2320 4140 2374 4182 et
2403 4130 2596 4199 pollice
2623 4129 2885 4183 redditur.
2917 4128 3142 4184 Turbati
3188 4141 3381 4185 omnes

1796 4238 1861 4278 eo
1893 4232 2245 4283 concurrunt,
2280 4219 2483 4275 relictis
2503 4220 2658 4289 equis
2703 4221 2770 4274 ad
2823 4229 3022 4274 terram
3069 4219 3381 4290 prosiliunt,

1795 4317 1889 4373 sed
1921 4316 1965 4370 is
1987 4316 2077 4384 qui
2102 4314 2373 4370 colliditur
2393 4314 2558 4382 magis
2586 4312 2797 4367 videtur
2813 4313 3014 4382 absque
3026 4327 3186 4367 sensu
3210 4300 3378 4382 quant

1793 4421 2002 4479 sapere,
2028 4407 2199 4478 magis
2228 4415 2451 4476 putatur
2481 4406 2617 4459 mori
2647 4419 2811 4474 quam
2866 4404 3067 4459 vivere.
3113 4403 3377 4459 Tenditur

1792 4518 1954 4573 super
1983 4501 2361 4556 moribundum
2388 4499 2608 4570 papilio,
2636 4501 2823 4565 eteius
2852 4513 3014 4573 causa
3043 4513 3139 4568 per
3167 4497 3378 4567 spatio-

1789 4609 1907 4647 sum
1936 4608 2120 4662 :cquor
2146 4590 2408 4660 cujusque
2459 4589 2836 4660 frequentatur
2864 4588 3227 4643 obumbratio.
3265 4586 3383 4644 Do.

1789 4684 1900 4739 lent
1929 4699 2121 4738 omnes
2140 4683 2473 4747 cucurrisse,
2507 4684 2601 4736 sed
2632 4680 2951 4735 nesciebant
2972 4681 3099 4750 quid
3121 4678 3188 4732 de
3210 4693 3376 4735 cursu

1786 4776 2110 4846 providisset
2139 4776 2280 4830 Deus
2311 4774 2427 4843 ipse

146 3225 520 3283 prosequamur
572 3219 791 3277 laudum
839 3226 1107 3292 novitate,
1154 3245 1283 3285 vere
1343 3231 1717 3291 includebatur

148 3300 209 3354 ibi
237 3305 548 3376 soljustitia:
579 3311 738 3377 Deus,
771 3314 823 3368 in
850 3331 948 3371 suo
995 3318 1231 3375 inclusus
1256 3320 1483 3389 Joanne,
1515 3327 1717 3383 illumi-

146 3405 267 3446 nans
291 3408 411 3450 eum
442 3400 619 3470 gratia
652 3401 886 3473 Spiritus
915 3407 1107 3474 sancti,
1126 3423 1225 3465 nec
1252 3427 1377 3466 eum
1405 3414 1512 3469 ullo
1528 3430 1713 3474 errore

145 3486 440 3551 permittens
479 3492 846 3551 obtenebrari.

204 3594 283 3650 l9.
314 3597 507 3658 Cuncti
538 3605 639 3662 hoc
666 3607 909 3666 videntes
936 3619 1176 3682 stupent,
1206 3625 1264 3669 ut
1289 3614 1356 3670 de
1383 3594 1442 3671 re
1472 3596 1705 3687 insolita,

145 3684 498 3764 miranturque
532 3713 653 3768 qum
677 3716 799 3756 esse
847 3704 1055 3772 possint
1090 3704 1178 3759 illa
1229 3705 1533 3772 lmninaria,
1565 3713 1707 3767 unde

147 3784 215 3831 tot
253 3780 383 3839 lucis
438 3790 575 3843 radii
628 3801 777 3847 tanto
825 3793 1070 3850 lacerent
1122 3796 1407 3868 splendore
1448 3811 1705 3873 tantaque

144 3870 417 3963 emicarent
473 3878 741 3937 claritate.
800 3883 1048 3941 Accessit
1095 3889 1310 3942 tandem
1367 3888 1526 3960 Sigga
1590 3870 1700 3963 (ὗο)

145 3954 244 4051 ejus
267 3964 537 4031 diaconus.
562 3974 883 4044 pessuloqne
912 3977 1088 4031 soluto
1116 3978 1292 4046 aperit
1327 3981 1523 4035 ostium
1540 4023 1554 4045 ,
1579 3998 1702 4051 par-

147 4044 416 4143 liCipatque
441 4060 667 4130 gloriam
718 4066 959 4121 visionis.
994 4044 1165 4123 Videt
1196 4078 1441 4135 Sanctum
1486 4044 1701 4143 postilla

143 4158 263 4214 casn,
289 4140 507 4214 intentis
533 4160 800 4215 incwlnm
835 4162 1126 4220 luminibus
1168 4168 1472 4237 erectisque
1517 4170 1696 4225 mani-

142 4236 248 4306 bus,
272 4244 320 4298 iu
344 4265 632 4323 conspectu
662 4254 754 4309 Dei
779 4254 1164 4321 effundentem,
1191 4236 1564 4330 sicutaquam,
1580 4262 1696 4316 ani-

144 4346 266 4390 mam
295 4355 466 4410 suam,
495 4356 547 4401 et
573 4348 624 4400 in
647 4346 765 4415 ejus
791 4352 969 4419 capite
998 4351 1301 4406 columbam
1326 4370 1493 4424 super
1513 4356 1692 4412 nivem

143 4428 419 4487 cualitlam.
451 4434 614 4506 Cujus
663 4439 778 4493 viso
814 4441 1070 4496 candenti
1100 4443 1384 4512 Splendore
1406 4446 1690 4515 diaconus,
1721 4454 1767 4512 D

141 4514 270 4571 velut
299 4523 571 4595 decoctus,
610 4530 750 4586 facie
781 4542 1060 4588 contracta
1092 4536 1146 4589 in
1180 4553 1369 4607 rugas,
1403 4548 1512 4595 tota
1566 4550 1690 4595 cute

142 4615 304 4668 pinnas
330 4624 538 4688 excepit
570 4624 889 4679 temeritatis
921 4624 1103 4680 illatae.
1134 4625 1314 4682 Sensit
1343 4638 1563 4684 sanctus
1593 4630 1687 4686 Dei

142 4692 397 4789 diaconum
428 4714 747 4778 participem
777 4716 1023 4782 visionis;
1052 4728 1107 4772 et
1141 4719 1387 4787 quamvis
1422 4720 1685 4789 irritatus,

144 4780 354 4861 habitum
401 4807 575 4858 tamen
624 4822 730 4860 non
790 4807 939 4862 exuit
990 4820 1283 4865 mansueta:
1349 4810 1682 4868 intentionis.
1786 4780 2110 4846 prowhssel
2139 4780 2280 4830 Deus
2311 4788 2478 4897 Ῥεθῇ
2523 4889 2535 4897 1
2585 4889 2597 4897 _
2734 4887 2745 4897 _
2858 4837 2873 4850 ο
3029 4894 3035 4897 Α
3196 4885 3208 4897 ⁸
3250 4882 3282 4897 μ

151 4875 197 4897 lc
237 4880 264 4897 υ.
583 4896 591 4897 ,
1863 4894 1915 4897 Α-
1981 4892 2008 4897 ᾧ

142 4875 357 4938 Accitum
379 4903 504 4961 ergo
531 4896 597 4949 ad
624 4910 681 4951 se
708 4906 852 4953 mem
880 4900 1148 4955 cumcum
1174 4902 1436 4963 dexterae,
1467 4918 1685 4973 compa.
1856 4894 1944 4947 29..
1977 4892 2209 4948 Sanctus
2238 4897 2419 4943 autem
2446 4886 2538 4944 Dei
2568 4889 2637 4983 de
2666 4887 2820 4966 ruina
2849 4894 3052 4983 mearet
3068 4882 3380 4983 specialiter

144 4965 324 5039 sitaque
353 4977 403 5032 in
434 4985 714 5049 pristinum
738 4990 985 5047 decorem
1016 4991 1154 5047 facie
1197 4994 1470 5058 obsecrat,
1495 5004 1682 5063 prote-

1828 4988 1973 5042 ilecti
2026 4982 2298 5054 discipuli,
2331 4982 2763 5052 compositisque
2818 4980 2998 5035 saccis
3041 4981 3095 5034 in
3143 4973 3386 5063 tentorio

144 5062 656 5152 siam“adiurat.ne,
691 5081 867 5148 quoad
921 5081 1036 5152 ipse
1080 5080 1134 5135 in
1185 5083 1286 5136 hac
1317 5081 1425 5134 vita
1450 5062 1677 5151 viveret,
1785 5079 2087 5135 insomnem
2117 5085 2329 5131 noctem
2383 5073 2566 5139 ducit,
2620 5071 3026 5180 propititlmque
3093 5065 3389 5164 ὓοξηιηυιιι

145 5146 444 5180 ι·ορῖη..,....εη
603 5166 632 5180 ..
713 5169 724 5179 .
934 5171 963 5180 ..
1135 5172 1146 5180 .
1453 5172 1464 5180 .
1544 5174 1573 5180 -,
1786 5171 1798 5180 .
1878 5171 1890 5180 .
1968 5173 1995 5180 ..
2100 5172 2111 5180 .
2421 5166 2482 5180 .,.
2558 5170 2571 5180 .
2742 5163 2774 5180 ..
2820 5168 2931 5180 ν--.
2992 5165 3218 5180 κ,-...ν..ο
3251 5164 3356 5180 Ann

145 5146 369 5180 νὶεἶηιιη...
397 5160 444 5180 3H
603 5166 632 5180 ιι
712 5146 724 5179 ξ
934 5146 971 5180 .v;
1135 5172 1146 5180 .
1453 5172 1464 5180 .
1544 5174 1573 5180 -.
1786 5171 1798 5180 ι
1878 5171 1890 5180 ι
1968 5173 1995 5180 ..
2100 5172 2111 5180 .
2421 5166 2482 5180 ο.-
2558 5170 2571 5180 .
2742 5163 2774 5180 οΙ
2820 5176 2857 5180 ν-
2888 5168 2931 5180 ,ι

2992 5178 3001 5179 κ
3032 5151 3218 5180 --οσσνιῖο
3251 5164 3356 5180 Ann
