3936 5402
477 207 615 265 H75

1626 212 1971 270 FOLCARDI
1998 209 2429 293 SlTHlVENSlS
2467 208 2774 267 MONACHI

3629 214 3767 269 ιιῖι

477 323 626 388 dum,
653 338 779 380 cuin
811 338 843 379 a
868 322 1232 394 praecedentis
1281 322 1390 379 diei
1430 324 1562 379 hora
1611 328 1841 397 septima
1895 343 2069 396 usque
2099 331 2145 387 A
2175 325 2334 381 batur
2378 325 2609 392 meritis,
2662 335 2988 383 accersitum
3010 328 3303 400 quemdam
3356 327 3619 392 fratrem,
3647 328 3771 382 Ple-

480 420 547 477 ad
577 418 705 475 illud
737 433 895 474 mane
925 419 1080 489 quasi
1110 418 1382 475 exanimis
1398 416 1654 488 jacuerit,
1686 436 1714 475 a
1745 431 1937 476 sancto
1964 422 2066 477 Dei

476 520 721 575 vocatus,
768 512 921 581 quasi
966 511 1035 566 de
1082 512 1233 582 gravi
1283 526 1479 566 somno
1530 512 1830 579 excitatus,
1880 515 2070 569 oculos

477 604 674 672 aperit,
697 614 752 659 et
782 609 835 659 in
858 605 1033 659 virum
1064 603 1159 659 Dei
1189 603 1438 658 intendit.
1476 604 1783 675 lnterrogat
1830 608 1951 676 pius
1980 607 2072 661 do-

478 705 600 750 ctor
647 705 830 751 utrum
896 705 1153 765 agnoscat
1201 696 1596 766 colloquentem
1654 697 1777 762 sibi,
1836 714 2069 770 moxque

479 787 770 857 respondet
799 796 1033 858 :egrotus
1058 801 1193 841 voce
1221 787 1556 860 lacrymabili
1592 806 1605 842 :
1640 788 1720 844 Tu
1751 807 1831 856 es,
1866 791 2064 860 inquit,

476 878 714 935 Joannes
749 880 1039 951 episcopus
1067 878 1452 936 dilectissimus
1482 880 1737 938 dominus
1779 899 1953 938 meus.
2005 885 2071 940 Et

478 973 592 1041 ipse
618 989 631 1025 :
662 970 921 1037 Putasne,
952 971 1149 1040 inquit,
1185 987 1253 1025 ex
1279 973 1499 1028 instanti
1530 973 1770 1043 periculo
1794 990 1918 1030 cum
1959 977 2068 1031 vita

477 1068 639 1126 posse
661 1055 914 1111 evadere.
949 1055 1076 1110 Scio
1099 1064 1152 1110 et
1178 1057 1366 1124 credo,
1394 1056 1567 1127 inquit
1596 1058 1717 1123 ille,
1748 1059 1792 1113 si
1825 1074 1923 1129 per
1948 1076 2071 1131 pre-

439 1150 449 1160 '
479 1162 572 1203 ces
599 1156 719 1202 tuas
746 1148 848 1203 hoc
877 1147 1006 1202 mihi
1040 1148 1182 1202 Deus
1204 1151 1479 1205 annuerit.
1512 1149 1650 1218 Quid
1679 1150 1870 1220 plura?
1896 1151 2071 1224 Impo-

477 1254 560 1303 tttt
580 1245 777 1316 praesul
803 1246 898 1302 Dei
923 1263 1118 1303 manus
1139 1246 1420 1302 confracta
1443 1248 1626 1318 capiti,
1641 1258 1889 1304 sacratas
1900 1264 2070 1319 aquas

479 1336 760 1394 debilitato
799 1338 997 1395 irrorat
1028 1340 1284 1409 corpori;
1326 1340 1494 1395 Deum
1536 1340 1793 1396 invocans
1836 1357 2073 1397 cernuus

479 1426 553 1481 illi
592 1428 849 1498 inspirat,
873 1430 1069 1505 deinde
1091 1444 1255 1486 cruce
1283 1430 1487 1501 signat,
1515 1439 1571 1486 et
1615 1431 1853 1486 subitam
1887 1433 2073 1487 mede-

478 1516 585 1574 lam
632 1521 781 1576 Deus
825 1529 1070 1590 prastat.
1106 1521 1220 1577 Hoc
1259 1522 1457 1591 smpius
1486 1521 1628 1577 idem
1658 1521 1773 1591 ipse
1803 1520 2075 1577 referebat

476 1622 665 1684 postea
716 1612 880 1685 longo
909 1614 1097 1670 vivens
1142 1623 1415 1683 tempore;
1465 1614 1841 1684 maturiorque
1885 1599 2073 1684 vitate,

2172 415 2446 471 chelmum
2471 417 2705 483 nomine,
2725 418 3022 475 introducit
3042 420 3109 475 ad
3135 420 3399 475 visionem
3427 422 3506 475 rei
3530 420 3769 475 insueta:

2168 514 2224 558 et
2255 504 2544 571 mirabilis,
2600 514 2661 561 ut
2712 508 3085 563 testimonium
3133 508 3364 564 haberet
3416 510 3474 564 in
3522 521 3771 578 tempore

2171 597 2467 652 relationis.
2485 597 2799 669 Suscipiunt
2828 617 2958 673 ergo
2982 602 3109 657 illud
3148 604 3200 657 in
3231 603 3342 658 alio
3370 618 3525 666 vase.
3550 605 3769 675 gratias

2170 698 2398 759 agentes
2423 689 2550 755 Deo,
2585 692 2677 759 qui
2712 692 2835 747 talia
2863 701 3123 764 operatur
3150 693 3203 748 in
3236 693 3296 749 S.
3320 694 3566 759 Joanne,
3614 708 3765 749 com-

2169 784 2366 854 placito
2399 799 2524 839 vase
2559 784 2971 839 iuhabitationis
3012 802 3143 841 sum.

2241 875 2331 929 25.
2363 875 2524 930 Multa
2552 876 2770 946 quidem
2788 886 2840 930 et
2868 875 2971 930 alia
3000 877 3151 946 signa
3176 891 3277 949 per
3300 876 3564 932 eumdem
3590 876 3772 931 Domi-

2170 983 2273 1023 tzus
2316 978 2572 1039 operatus
2595 977 2697 1024 est.
2726 969 3000 1039 Quotquot
3022 970 3164 1024 enim
3204 970 3605 1025 vestimentum
3651 971 3766 1039 ejus

2169 1075 2291 1116 cum
2319 1060 2421 1116 (ide
2459 1063 2772 1132 tangebam,
2810 1062 3052 1116 omnium
3104 1061 3498 1117 iulirmitatum
3550 1058 3787 1117 suarum

2169 1152 2402 1208 Celerem
2457 1154 2559 1208 sibi
2591 1155 2882 1209 sanitatem
2930 1153 3215 1209 advenisse
3258 1155 3584 1226 gaudebant
3637 1155 3765 1225 (92).

2173 1245 2306 1301 Dum
2343 1257 2522 1302 autem
2554 1249 2787 1316 quadam
2821 1247 2910 1302 die
2940 1248 3006 1301 ad
3035 1254 3290 1302 sanctum
3340 1246 3618 1301 Joannem
3662 1249 3770 1316 epi-

2170 1344 2390 1408 scopum
2424 1338 2588 1393 multa
2617 1340 2937 1393 couveniret
2966 1340 3121 1394 turba
3140 1379 3156 1405 ,
3184 1348 3244 1393 ut
3267 1339 3419 1393 sacri
3447 1340 3766 1395 chrismatis

2171 1432 2482 1486 unctionem
2513 1431 2810 1501 acciperet,
2841 1433 3133 1503 quemdam
3179 1433 3445 1503 juvenem
3499 1441 3766 1487 mortuum

2172 1522 2315 1578 inter
2345 1522 2672 1578 aliossacris
2700 1523 3011 1578 chrismatis
3040 1524 3298 1579 unctione
3338 1522 3550 1587 linivit,
3594 1533 3653 1577 et
3690 1523 3769 1578 sic

2170 1615 2236 1669 dc
2267 1624 2440 1669 morte
2471 1614 2537 1669 ad
2572 1615 2736 1668 vitam
2773 1616 3002 1670 reduxit.
3043 1614 3313 1669 Similiter
3353 1624 3414 1669 et
3464 1614 3767 1669 daemonem

478 1705 660 1760 tactus
696 1712 780 1758 est
805 1702 975 1758 abbas
1004 1702 1450 1772 vigilantissimus
1472 1718 1538 1759 eo
1566 1704 1620 1758 in
1653 1703 1772 1760 loco
1804 1704 1894 1760 ubi
1923 1705 2070 1774 pela-
2101 1698 2142 1753 Β
2170 1705 2238 1760 ab
2266 1705 2485 1760 homine
2514 1705 2748 1775 quodam
2794 1705 3003 1775 expulit
3028 1722 3043 1771 ;
3076 1707 3299 1761 insanos
3326 1704 3500 1760 etiam
3534 1714 3593 1759 et
3623 1705 3771 1759 inﬁr-

479 1811 580 1867 gus
633 1796 812 1853 inﬂuit
854 1795 993 1852 Tiua
1039 1795 1267 1863 ﬂuvius;
1300 1797 1444 1853 unde
1487 1809 1545 1854 et
1587 1799 1877 1856 Tinemuta
1929 1801 2071 1857 idem

480 1888 700 1951 dicitur.

504 2028 517 2033 -
548 1977 637 2033 23.
667 1977 957 2035 Referebat
977 1978 1149 2035 etiam
1203 1978 1533 2037 venerabilis
1581 1980 1709 2037 vitae
1762 1982 1933 2038 abbas
1983 1980 2075 2037 ille

479 2069 634 2140 cujus
660 2088 832 2143 supra.
853 2077 1224 2142 meminimus,
1252 2079 1396 2149 quod
1417 2081 1652 2151 quadam
1681 2080 1800 2135 vice
1829 2080 1919 2136 bic
1948 2095 2075 2134 san-

480 2176 599 2225 ctus
630 2167 723 2226 Dei
750 2168 988 2227 Joannes
1016 2173 1411 2231 Beverlacettse
1442 2175 1832 2230 monasterium
1853 2173 2070 2240 adierit,

481 2259 696 2317 duabus
726 2263 907 2319 causis
938 2264 1310 2335 poscentibus,
1359 2274 1420 2320 ut
1461 2266 1938 2339 scilicet’gregem
1978 2266 2072 2323 Dei

479 2351 612 2413 inibi
641 2364 1070 2411 commorantem
1097 2356 1152 2411 in
1174 2357 1437 2427 obsequio
1456 2358 1551 2413 Dei
1582 2359 2083 2415 commonefaceret

479 2444 674 2505 salutis
702 2461 835 2512 suae,
860 2458 914 2504 et
942 2457 1001 2503 ut
1032 2449 1087 2504 in
1118 2450 1443 2521 temporalis
1464 2451 1786 2507 substantiae
1833 2452 2072 2507 admini-

478 2536 754 2592 stratione
782 2538 915 2594 nihil
948 2538 1056 2595 illis
1077 2541 1293 2596 abesset
1334 2554 1444 2610 quo
1471 2540 1652 2595 minus
1679 2541 1873 2597 divinis
1898 2542 2074 2596 inten-

482 2625 698 2683 derent.
754 2626 831 2685 lbi
882 2631 1095 2687 cunctis
1146 2630 1494 2686 manifestum
1522 2630 1669 2687 dedit
1698 2641 1945 2703 prompta
1976 2632 2071 2687 Dei

479 2715 718 2788 largitio,
744 2729 962 2789 quanta:
985 2720 1312 2792 integritatis
1340 2723 1621 2792 praeconio
1634 2723 1776 2793 apud
1809 2738 1871 2779 se
1896 2724 2072 2798 pasti-

484 2809 614 2865 terit
640 2810 726 2866 hic
748 2825 880 2865 suus
912 2826 1138 2881 magnus
1161 2826 1376 2868 servus.
1399 2812 1698 2868 Paraverat
1726 2812 1871 2869 idem
1906 2828 2074 2868 vene-

483 2900 865 2961 rabilisabbas
893 2904 1146 2961 balneum
1171 2903 1285 2972 jam
1309 2904 1523 2960 defesso
1544 2920 1613 2960 ex
1659 2902 1886 2960 instanti
1917 2906 2073 2960 senio

482 2993 725 3064 praisuli.
754 2994 899 3061 Quo,
926 3005 1049 3066 post
1072 2996 1288 3066 longius
1317 3006 1625 3067 protractas
1666 3012 1732 3051 ex
1783 3012 1936 3053 more
1970 3012 2075 3053 suo

2176 1813 2294 1851 mos
2339 1812 2553 1867 semper
2582 1798 2817 1863 sanavit,
2853 1799 3163 1868 ubicunque
3191 1813 3287 1852 eos
3311 1797 3555 1862 invenit;
3590 1797 3691 1851 sed
3714 1806 3767 1849 et

2177 1896 2560 1958 tempestatum
2592 1888 2824 1943 habebat
2846 1900 3173 1960 potestatem
3198 1902 3297 1959 per
3329 1887 3509 1942 sancti
3536 1886 3773 1957 Spiritus

2174 1981 2437 2049 vigorem.

2196 2094 2199 2101 ⁴
2241 2070 2335 2126 26.
2374 2069 2487 2127 Nec
2540 2071 2738 2126 mirum
2784 2069 2829 2125 si
2878 2070 3152 2141 gratiosus
3191 2070 3337 2141 apud
3390 2069 3769 2125 Dominumet

2175 2163 2420 2221 homines
2447 2164 2538 2220 hic
2569 2164 2777 2220 electus
2807 2164 2902 2220 Dei
2948 2164 3185 2220 Joannes
3214 2163 3499 2218 exstiterit
3530 2203 3548 2229 ,
3585 2173 3769 2232 utpote

2173 2258 2314 2328 quia
2343 2258 2607 2325 magistro
2628 2268 2682 2313 et
2707 2257 2930 2313 doctore
2954 2257 3256 2313 clarissimo
3280 2266 3339 2312 et
3390 2257 3539 2311 inter
3566 2253 3766 2309 theolo-

2176 2366 2271 2419 gos
2299 2351 2693 2407 facundissimo
2720 2351 3056 2407 sullicienter
3082 2350 3312 2405 edoctus
3344 2349 3454 2411 sit,
3481 2346 3770 2402 Theodoro

2175 2441 2387 2496 scilicet
2417 2442 2799 2497 Cantuaricnsi
2827 2440 3261 2511 archiepiscopo,
3297 2440 3367 2494 de
3405 2455 3516 2508 quo
3544 2446 3768 2492 sanctus

2174 2534 2316 2590 Beda
2372 2534 2541 2590 refert
2601 2536 2656 2591 in
2713 2536 3097 2591 ecclesiastica
3129 2534 3435 2605 Anglorum
3504 2531 3766 2587 Historia.

2176 2627 2330 2694 Erat,
2360 2626 2554 2699 iuqttit,
2581 2637 2822 2699 tempore
2846 2628 3040 2684 Cedda:
3060 2628 3326 2700 episcopi,
3342 2628 3533 2682 Romae
3551 2627 3769 2697 quidam

2175 2721 2495 2786 monachus,
2530 2720 2751 2775 nomine
2779 2719 3117 2787 Theodorus,
3148 2730 3311 2776 natus
3342 2721 3544 2775 Tharsi
3578 2722 3632 2775 iu
3676 2718 3768 2775 Ci-

2175 2809 2320 2874 L'cia,
2356 2812 2438 2866 vir
2471 2822 2526 2867 et
2552 2812 2798 2867 sreculari
2823 2822 2875 2867 et
2909 2812 3088 2867 divina
3117 2811 3439 2867 litteratura
3473 2813 3692 2876 Graece,
3715 2823 3767 2866 et

2176 2902 2388 2968 Latine,
2416 2913 2470 2958 et
2519 2902 2787 2958 llebraicc
2822 2904 3153 2959 suilicienter
3187 2904 3517 2971 instructus,
3575 2905 3771 2975 probes

2177 2997 2438 3062 moribus,
2476 3005 2533 3052 ct
2557 3005 2717 3052 mlate
2747 2998 3107 3064 venerandus,
3138 2998 3230 3066 qui
3262 2998 3553 3052 ordinatus
3607 3012 3637 3050 a
3673 2995 3764 3049 Vi-

481 3056 1017 3152 psalmodiarum-et
1054 3056 1366 3141 orationum
1418 3086 1835 3152 celebrationes,
1868 3087 2069 3152 abluto,
2102 3056 2143 3115 Ο
2182 3087 2382 3165 taliano
2428 3102 2565 3157 papa
2620 3088 2959 3142 Britanniam
2992 3089 3192 3142 missus
3234 3097 3347 3154 est,
3392 3097 3451 3143 et
3501 3090 3649 3142 venit
3698 3088 3766 3142 ad

481 3174 727 3244 postulat
743 3174 913 3231 abbas
936 3183 995 3230 ut
1019 3175 1299 3231 cellarium
1324 3176 1682 3247 ingrediatur,
1711 3185 1765 3230 ct
1791 3192 1913 3246 qua:
1935 3177 2075 3234 Deus

482 3263 556 3320 ibi
578 3264 634 3319 in
663 3280 795 3320 usus
822 3280 1104 3320 servorum
1130 3281 1354 3321 suorum
1379 3266 1728 3336 prcestiterat,
1753 3266 2075 3323 benedicere

483 3356 823 3423 dignaretur.
853 3357 1061 3425 Quibus
1082 3358 1153 3413 ad
1185 3367 1369 3413 votum
1396 3357 1611 3413 abbatis
1640 3358 1878 3428 impletis
1901 3358 2075 3415 fessus

484 3461 654 3505 senex
722 3450 998 3516 consedit;
1052 3464 1216 3521 quem
1269 3450 1438 3506 abbas
1483 3449 1761 3506 humiliter
1819 3452 2072 3519 consulit,

485 3549 677 3595 utrum
696 3550 822 3612 post
867 3540 1123 3596 balneum
1173 3540 1568 3611 aliquantulum
1623 3542 1734 3596 vini
1786 3542 2077 3611 degustare

484 3631 635 3689 velit.
664 3632 735 3688 At
762 3633 852 3689 ille
894 3633 1108 3704 placido
1139 3632 1289 3689 vultu
1316 3634 1449 3689 dicit
1499 3634 1604 3688 sibi
1644 3634 1880 3704 placere,
1911 3636 1957 3689 si
2007 3635 2076 3690 ad

485 3739 706 3780 manum
750 3726 924 3796 possit
957 3726 1066 3784 sibi
1096 3727 1302 3782 venire.
1346 3725 1625 3781 Detulcrat
1668 3735 1848 3781 autem
1901 3727 2077 3796 pridie

486 3817 707 3888 quidam
731 3829 1007 3875 mercator
1033 3835 1068 3874 a
1094 3819 1318 3875 civitate
1336 3820 1517 3876 eidem
1549 3818 1733 3874 abbati
1780 3816 2074 3875 llasconem

484 3910 635 3978 vini;
665 3925 829 3983 quem
857 3910 1014 3981 laetus
1036 3912 1364 3983 suscipiens,
1391 3913 1444 3967 in
1477 3911 1699 3967 cellario
1746 3912 1934 3983 reponi
1956 3911 2075 3983 jus—

484 4010 633 4056 serat
655 4003 723 4057 ad
750 4017 888 4072 opus
909 4001 1151 4073 ejusdem
1174 4005 1506 4061 sanctissimi
1540 4006 1671 4061 viri.

555 4092 648 4148 24.
702 4096 1037 4173 Αεςθτείιυι.
1072 4096 1391 4153 Britbredus
1432 4097 1714 4168 piucerna,
1745 4095 2075 4167 iubeturque

488 4195 548 4239 ut
577 4186 760 4242 vinum
796 4188 1048 4259 propinet
1090 4189 1345 4260 episcopo
1389 4191 1444 4243 in
1504 4190 1674 4244 vitrea
1722 4189 1927 4260 phiala.
1972 4189 2073 4255 Qui

490 4283 620 4337 dum
665 4281 898 4339 festinus
927 4293 1082 4356 paret
1111 4284 1345 4355 iubenti,
1378 4285 1757 4356 properantius
1786 4299 1954 4354 agens
2005 4298 2077 4338 ex

489 4371 686 4432 all‘ectu
717 4376 990 4446 obsequii,
1017 4376 1289 4430 incautius
1309 4377 1529 4445 reliquit
1570 4375 1962 4446 dependentem
2017 4375 2071 4430 in
2106 4396 2153 4456 ι)

487 4467 697 4536 pariete
717 4466 1037 4536 praedictum
1059 4465 1351 4521 llasconem
1380 4466 1524 4533 vini;
1556 4466 1647 4536 qni
1678 4481 1745 4521 ex
1790 4465 1902 4521 alto
1950 4480 2075 4522 cor-

490 4571 662 4612 ruens
685 4571 785 4627 per
813 4556 1053 4611 medium
1080 4557 1371 4627 rumpitur,
1416 4557 1492 4612 ita
1521 4566 1582 4611 ut
1623 4557 1677 4611 in
1717 4557 1851 4613 duas
1894 4567 2078 4627 partes

490 4648 843 4705 divideretur.
875 4648 1000 4713 Sed,
1028 4648 1155 4721 quia
1210 4649 1258 4705 is
1303 4650 1387 4705 cui
1423 4658 1581 4720 putus
1627 4649 1714 4705 ilie
1762 4652 2081 4707 servabatur

491 4753 586 4795 vas
612 4740 797 4797 electae
824 4741 1157 4813 integritatis
1179 4742 1291 4798 Deo
1315 4740 1546 4808 erat,nil
1575 4740 1771 4796 mirum
1799 4744 1944 4814 quod
1964 4743 2080 4815 ipse

492 4829 636 4885 Deus
667 4841 851 4901 potum
891 4833 1044 4889 illum
1072 4836 1125 4889 iu
1156 4835 1401 4905 partibus
1447 4834 1605 4889 vasis‘
1631 4833 1822 4889 divisis
1855 4850 2080 4891 conser-

491 4922 669 4978 varet.
695 4922 832 4980 Nam
890 4925 1020 4982 hinc
1073 4927 1199 4981 inde
1246 4935 1454 4983 semota
1484 4942 1609 4999 pars
1639 4943 1668 4981 a
1698 4937 1854 4997 parte
1877 4928 2074 4991 stabat,

490 5015 788 5087 vinumque
816 5016 870 5064 in
901 5032 961 5069 se
986 5016 1143 5086 quasi
1173 5016 1519 5089 congelatum
1550 5017 1817 5087 liquorem
1850 5016 1936 5072 vel
1955 5018 2082 5072 soli-

2176 3180 2463 3235 ecclesiam
2486 3195 2641 3236 suam
2676 3176 3269 3247 Cantuarite,‘secundo
3319 3190 3614 3251 postquam
3650 3196 3771 3236 con-

2176 3282 2418 3328 secratus
2444 3281 2527 3329 est
2567 3288 2730 3328 anno.
2779 3272 2879 3330 llic
2920 3273 3084 3328 etiam
3142 3272 3467 3330 Theodorus
3513 3275 3567 3328 in
3621 3290 3769 3328 suam

2177 3365 2416 3436 suscepit
2445 3365 2790 3435 disciplinam
2837 3364 3186 3435 quamplurcs
3207 3366 3274 3420 de
3306 3367 3533 3435 regione
3563 3364 3768 3419 Btitan-

2179 3457 2319 3521 nica,
2345 3456 2490 3512 inter
2505 3472 2642 3527 quos
2658 3459 2945 3526 quemdam
2971 3456 3204 3511 habebat
3231 3471 3444 3526 magnae
3469 3458 3769 3511 sanctitatis

2176 3546 2533 3617 discipulum,
2584 3549 2803 3602 nomine
2856 3547 3161 3613 Joannem,
3212 3562 3375 3616 quem
3429 3548 3765 3617 postmodum

2179 3637 2409 3691 vidimus
2464 3635 2904 3701 archiprmsulcm
2959 3637 3372 3707 metropolitica:
3420 3640 3668 3694 ecclesiae
3706 3636 3763 3692 Β.

2177 3728 2319 3783 Petri
2341 3729 2724 3794 Eboracensis,
2751 3729 3198 3798 temporeAlt'ridi
3231 3731 3401 3801 regis,
3427 3732 3765 3795 ordinatum,
3818 3744 3825 3749 ‘

2180 3836 2339 3892 quem
2365 3822 2626 3877 Dominus
2652 3821 2812 3877 Jesus
2836 3820 3084 3876 Christus
3106 3829 3315 3875 tantum
3342 3822 3539 3878 dilexit
3561 3834 3620 3877 ut
3644 3825 3690 3875 ci
3717 3823 3766 3876 iu

2176 3916 2484 3970 columbina
2514 3914 2969 3985 SpecicSpiritum
2993 3923 3240 3969 sanctum
3262 3914 3448 3968 divina
3473 3915 3765 3970 celebranti

2180 4006 2563 4061 transmiserit.
2607 4005 2731 4060 Fuit
2781 4015 2961 4060 autem
3012 4004 3331 4060 Theodorus
3392 4007 3449 4060 in
3509 4007 3766 4075 archiepi-

2176 4105 2399 4165 scopatu
2413 4095 2791 4151 Cantuaricnsi
2820 4112 2916 4166 per
2937 4112 3107 4151 annos
3124 4096 3313 4167 viginti
3344 4107 3401 4151 et
3430 4113 3767 4163 unum,mcu-

2177 4202 2267 4242 ses
2299 4198 2429 4250 tres,
2462 4187 2580 4242 dies
2610 4186 2801 4256 viginti
2829 4197 2885 4242 et
2914 4203 3032 4249 sex,
3055 4198 3110 4244 et
3145 4190 3224 4243 sic
3259 4190 3520 4259 migravit
3534 4191 3602 4244 ad
3624 4189 3767 4245 Chri-

2178 4290 2343 4342 stum,
2371 4276 2609 4333 Joannes
2631 4293 2761 4333 vero
2782 4278 2977 4333 multos
3000 4295 3214 4350 quoque
3242 4279 3568 4334 diaconatus
3589 4281 3765 4334 ordine

2179 4381 2236 4426 et
2262 4372 2583 4442 presbyterii
2608 4372 2971 4427 sanctilicavit
2996 4373 3219 4438 honore,
3250 4373 3319 4428 de
3349 4389 3592 4444 quorum
3619 4374 3766 4428 colle.

2180 4466 2269 4537 gio
2295 4473 2518 4520 sanctus
2555 4464 2765 4519 exstitit
2788 4464 2959 4531 Beda,
2988 4466 3079 4534 qui
3106 4465 3272 4519 multa
3308 4468 3628 4535 apostolicm
3654 4466 3764 4521 ἥιιεὶ

2180 4556 2400 4626 scripsit
2420 4555 2593 4609 utilia.
2618 4555 2735 4623 Ipse
2762 4556 2924 4610 etiam
2951 4553 3188 4610 Joannes
3218 4555 3456 4610 habebat
3486 4559 3765 4625 quemdam

2181 4663 2391 4718 magna:
2437 4649 2743 4704 sanctitatis
2794 4649 3104 4716 diaconum,
3156 4650 3375 4705 nomine
3408 4650 3762 4711 Brithianutn.

2179 4754 2343 4809 quem
2402 4739 2457 4793 in
2497 4739 2829 4795 monasterio
2887 4755 3009 4805 suo,
3051 4740 3197 4820 quod
3247 4741 3508 4811 Beverley
3553 4742 3766 4806 dicitur,

2179 4828 2886 4884 abbatemsanctimonialis
2915 4830 3042 4883 vita:
3090 4829 3390 4884 constituit.
3445 4831 3594 4884 Idem
3646 4846 3764 4886 vero

2178 4918 2415 4974 Joannes
2445 4919 2735 4990 episc0pus
2762 4935 2951 4975 omnes
2984 4921 3050 4975 ad
3083 4937 3142 4975 se
3191 4922 3473 4977 venientes
3524 4923 3596 4978 ad
3632 4924 3763 4977 viam

2180 5011 2426 5066 veritatis
2456 5012 2753 5078 convertit,
2786 5020 2840 5069 et
2887 5028 2985 5083 pro
3012 5028 3175 5084 grege
3206 5013 3310 5067 sibi
3365 5015 3660 5070 commisso
3712 5023 3760 5067 ct
