3936 5402
156 323 279 381 ΙΠῙ

1237 311 1392 367 ὶΊΤΑ
1435 311 1494 367 S.
1537 307 1822 366 JOANNIS
1857 304 2445 364 BEVERLACENSIS.

3265 304 3405 359 “78

148 448 200 494 et
229 433 483 491 tredecim
514 431 724 495 diebus,
754 435 810 483 et
833 437 1042 499 postea,
1072 442 1195 483 cum
1219 427 1330 498 jam
1351 427 1720 497 episropatttttt
1750 427 1796 482 Α
1823 420 2095 487 abbatem,
2128 430 2400 490 utcorpus
2420 433 2601 483 suum,
2627 418 2672 473 si
2702 417 2908 473 obisset
2931 415 3087 484 inibi,
3120 416 3173 472 in
3204 430 3411 500 etamen

147 542 252 599 pra:
276 539 476 592 majore
505 530 784 578 senectute
811 521 1044 576 circuire
1071 536 1177 576 non
1199 529 1403 590 posset,
1427 535 1526 575 suo
1548 535 1725 575 sacer-

151 624 270 679 dote
297 617 553 672 Wilfrido
584 615 696 686 (94)
724 630 848 669 cum
897 614 1060 669 totius
1086 613 1268 685 populi
1296 613 1562 670 electione
1591 629 1725 684 pon-

150 712 404 768 tiﬁcatum
433 709 708 764 commisit
731 707 1152 771 Eboracensem,
1175 715 1230 761 et
1259 706 1373 777 ipse
1394 722 1516 761 cum
1549 706 1726 761 consi-

130 800 216 855 lio
248 799 307 855 S.
341 798 587 852 Brithnni
628 796 841 851 abbatis
871 797 953 850 sui
984 795 1336 849 Beverlacum
1362 795 1537 864 petiit,
1577 804 1630 849 et
1652 794 1724 849 ibi

146 891 230 945 diu
262 889 312 942 in
360 888 455 942 Dei
481 888 743 942 servitute
801 886 1118 956 persistens,
1170 885 1338 941 Nonis
1386 885 1510 941 Maii
1560 887 1723 940 vitam

145 979 366 1035 feliciter
392 977 568 1032 ﬁnivit
594 979 704 1048 (95)
725 978 898 1033 :etsic
918 978 984 1031 ad
1014 977 1260 1033 caelestia
1278 990 1439 1047 regna
1459 993 1727 1032 conscen-

146 1072 293 1137 dens,
326 1069 570 1141 sepnltus
597 1069 753 1124 estin
774 1069 985 1139 porticu
1013 1069 1070 1123 S.
1102 1067 1327 1124 Joannis
1354 1069 1723 1140 evangelistte,

146 1163 196 1217 in
225 1162 557 1216 monasterio
587 1176 707 1225 suo,
765 1175 909 1215 anno
958 1161 1028 1216 ab
1079 1159 1459 1217 lncarnatione
1514 1161 1725 1217 Domini

146 1252 623 1321 septingentesimo
651 1253 914 1307 vicesimo
951 1253 1148 1322 primo.
1196 1252 1252 1307 In
1301 1254 1491 1308 eodem
1545 1262 1725 1308 autem

145 1337 256 1393 loco
306 1337 396 1391 ubi
428 1338 673 1407 sepultus
704 1347 805 1402 est,
831 1353 930 1407 per
948 1337 1063 1406 ejus
1088 1340 1280 1394 merita
1310 1340 1507 1394 inﬁrmi
1533 1356 1730 1395 sanan~

146 1436 247 1492 tur,
275 1427 548 1483 daemones
572 1427 897 1499 eﬂ'ugantur,
937 1429 1066 1483 εειξεὶ
1115 1428 1509 1496 illuminantur,
1549 1432 1729 1487 surdis

145 1536 299 1577 aures
322 1530 661 1589 reserantur,
692 1522 856 1577 mutis
895 1524 1062 1578 verba
1120 1533 1463 1594 reparantur,
1519 1525 1728 1582 claudis

146 1609 367 1680 vestigia
390 1610 791 1675 condonantur,
819 1621 1016 1667 cuneta
1062 1626 1262 1681 genera
1293 1612 1541 1668 dolormn
1596 1612 1731 1669 effu-

146 1711 357 1771 gantur,
389 1701 616 1771 ejusque
640 1703 951 1757 interventu
975 1703 1205 1758 crimina
1243 1712 1428 1760 nostra
1452 1703 1723 1767 delentur.

1827 513 1965 586 terio
2013 510 2104 567 illo
2157 504 2379 581 sepeliri
2427 509 2767 580 permitteret
2795 525 2810 562 :
2841 508 2968 577 quia
3024 508 3139 579 ipse
3187 519 3412 563 sanctus

1823 608 2131 678 episcopus,
2162 604 2360 677 inquit,
2391 619 2453 660 se
2478 612 2638 665 antea
2665 603 2733 659 ad
2764 602 3155 659 sacerdotalem
3194 615 3410 672 promo-

1826 707 1976 755 verat
2005 700 2251 766 gradum.
2297 696 2449 764 Quod
2477 706 2758 767 postquam
2782 695 3186 765 impetraverat,
3235 695 3282 747 ci
3312 696 3355 749 ‘e
3378 709 3411 747 ιι

1829 792 1943 861 ipse
1970 793 2251 862 presbyter
2280 790 2483 861 gratias
2513 802 2675 859 prece
2722 787 2949 858 supplici
3000 794 3163 857 atque
3219 784 3412 842 devota

1826 883 2103 954 persolvit.

1899 975 1989 1032 50.
2020 975 2331 1044 Insequenti
2362 989 2492 1029 vero
2512 973 2741 1029 noctein
2775 980 2986 1027 tantum
3011 969 3413 1041 aggravabatur

1829 1066 2168 1130 inﬁrmitate,
2192 1065 2336 1136 quod
2359 1080 2479 1120 eam
2507 1066 2660 1120 vivus
2683 1063 2907 1119 minime
2937 1062 3227 1133 putabatur
3254 1072 3417 1131 posse

1830 1159 2084 1212 transire.
2140 1154 2297 1209 Mane
2353 1166 2533 1209 autem
2585 1152 2731 1209 facto
2781 1154 2895 1224 ipse
2942 1150 3112 1207 abbas
3154 1150 3305 1205 venit
3349 1150 3416 1204 ad

1829 1250 2024 1319 ipsum,
2054 1249 2241 1304 dicens
2262 1249 2313 1303 ei
2339 1265 2355 1303 :
2385 1247 2560 1303 Credo
2588 1249 2695 1303 cito
2720 1246 2911 1302 melius
2938 1256 2988 1302 te
3008 1245 3124 1301 fore
3150 1242 3414 1309 futurum,

1827 1343 1871 1398 si
1903 1344 2096 1398 allatus
2116 1343 2315 1397 fuisses
2339 1342 2406 1397 ad
2430 1341 2841 1405 monasterium.
2867 1341 2921 1395 in
2947 1354 3057 1411 quo
3083 1346 3211 1393 sunt
3236 1335 3417 1391 multa:

1830 1434 2070 1505 reliquiae
2121 1443 2430 1488 sanctorum
2489 1443 2807 1505 martyrum.
2859 1432 2974 1486 Hoc
3006 1430 3148 1485 idem
3201 1428 3421 1499 quoque

1830 1524 1953 1596 (ait)
1984 1540 2043 1580 se
2070 1525 2299 1579 credere
2334 1524 2533 1594 ipsum,
2557 1533 2611 1578 et
2639 1532 2954 1577 contestans
2982 1520 3260 1584 continuo,
3299 1529 3421 1589 post

1832 1618 2020 1671 horam
2059 1616 2278 1671 tertiam
2318 1615 2513 1669 allatus
2556 1622 2641 1670 est
2688 1615 2740 1669 in
2788 1616 2962 1684 ipsum
3007 1609 3418 1677 monasterium,

1832 1707 1931 1776 ipsi
1964 1706 2127 1761 etiam
2167 1707 2277 1761 Deo
2312 1715 2498 1777 grates
2551 1705 2795 1762 referens
2822 1706 2949 1777 quia
2980 1721 3034 1760 ru
3067 1706 3241 1776 ipsum
3268 1707 3421 1760 vivus

145 1801 198 1848 et
238 1794 434 1864 gaudia
460 1794 650 1849 crelica
689 1796 1080 1862 conceduntur,
1120 1805 1415 1867 praestante
1475 1798 1590 1866 illo,
1637 1800 1722 1854 cui
1759 1788 1799 1847 li
1832 1798 2027 1852 meruit
2055 1798 2381 1852 introire.Et
2405 1813 2527 1853 cum
2553 1797 2817 1853 intentius
2842 1799 3150 1853 antealtare
3176 1795 3422 1852 S.Joan—

146 1895 331 1942 cuncta
377 1886 730 1943 famulantur.

207 1979 295 2035 28.
319 1979 435 2051 (96)
451 1980 711 2035 Dominus
741 1989 797 2036 et
818 1980 1070 2036 Salvator
1100 1991 1287 2037 noster
1304 1982 1460 2039 Jcsus
1481 1984 1731 2040 Christus

147 2070 302 2124 multa
329 2071 593 2126 miracula
624 2087 722 2143 per
747 2072 1004 2127 dilectum
1034 2087 1191 2127 suum
1224 2072 1488 2130 Joannem
1531 2091 1723 2146 opera-

148 2172 226 2220 tus
245 2172 350 2217 est.
384 2163 629 2232 Quorum
678 2164 914 2234 primum
964 2165 1068 2220 hoe
1115 2175 1240 2220 est:
1270 2167 1468 2221 accidit
1497 2170 1728 2238 quodam

150 2265 382 2326 tempore
413 2266 474 2311 ut
506 2258 752 2327 quidam,
789 2259 985 2316 ardore
1039 2261 1267 2316 febrium
1321 2274 1634 2335 oppressus,
1664 2263 1730 2318 ad

147 2356 387 2401 sanctum
416 2347 583 2417 ipsius
608 2349 918 2420 sepulcrum
949 2353 1282 2421 pervenerit,
1313 2369 1376 2408 ac
1417 2367 1578 2407 sensu
1604 2354 1731 2408 alie-

147 2447 319 2503 natus,
360 2441 497 2496 dum
550 2443 623 2497 ibt
652 2442 744 2498 diu
785 2443 1189 2511 derolveretur,
1242 2445 1458 2501 tandem
1507 2448 1732 2517 spiritus

147 2530 411 2601 malignus
438 2532 505 2587 ab
532 2533 647 2603 ipso
676 2533 894 2605 fugatus
922 2545 1023 2592 est.
1050 2536 1151 2604 Qui
1182 2545 1236 2593 et
1264 2538 1488 2609 integrae
1509 2540 1731 2596 sanitati

146 2636 237 2691 per
258 2621 316 2676 S.
345 2621 575 2678 Joannis
607 2626 798 2682 merita
853 2628 1168 2694 restitutus,
1215 2640 1495 2700 assumpto
1539 2630 1733 2687 baculo

148 2728 261 2778 suo,
303 2714 370 2769 ad
406 2716 697 2785 propriam
734 2717 954 2773 domum
994 2720 1272 2790 perrexit;
1330 2732 1496 2792 atque
1556 2724 1731 2793 ipsum

149 2815 328 2872 postea
359 2821 640 2876 nunquam
667 2810 872 2864 eaedem
907 2810 1256 2868 inﬁrmitates
1284 2814 1621 2870 invaserunt.

215 2893 298 2950 29.
330 2894 387 2949 in
415 2898 650 2966 quodam
682 2910 872 2969 postea
927 2911 1170 2973 tempore
1210 2906 1380 2960 abbas‘
1430 2905 1732 2961 Brithunus

150 2979 389 3038 invitavit
416 2985 670 3042 abbatem
695 2990 761 3044 de
801 2991 985 3045 Swina
1014 2992 1126 3064 (97)
1160 2993 1215 3048 in
1246 2994 1623 3051 anniversario
1649 2997 1734 3053 die

150 3072 204 3129 S.
228 3074 455 3133 Joannis
479 3078 545 3133 ad
568 3078 849 3148 Beverlev,
877 3084 1164 3140 habentem
1190 3101 1370 3141 secum
1396 3088 1521 3145 illnc
1545 3103 1735 3158 qucrn-

148 3169 262 3223 dam
287 3171 691 3242 presbyterum,
716 3177 937 3231 nomine
965 3179 1312 3245 Druchwald,
1339 3182 1428 3250 qui
1474 3191 1530 3237 et
1585 3191 1732 3237 tanta

148 3258 458 3317 inﬁrmitate
479 3264 829 3319 detinebatur
855 3275 912 3319 ut
949 3267 1036 3321 vix
1067 3269 1195 3323 illuc
1227 3270 1305 3325 ire
1336 3281 1569 3340 poterat.
1598 3272 1731 3328 item

148 3361 324 3435 postea
350 3368 474 3410 cum
504 3357 672 3413 abbas
700 3358 766 3413 de
797 3357 980 3413 Swina
1034 3360 1252 3416 domum
1311 3364 1491 3419 redire
1529 3362 1733 3436 propo-

149 3445 275 3513 suit,
311 3458 505 3520 rogatu
535 3466 635 3505 suo
660 3451 959 3507 Brithuntts
1012 3454 1181 3508 abbas
1233 3454 1411 3525 ipsum
1460 3458 1733 3512 inﬁrmum

149 3538 545 3608 presbyterum,
569 3541 744 3597 donec
774 3542 1067 3598 incolumis
1095 3542 1267 3611 ﬁeret,
1300 3546 1351 3599 in
1378 3547 1622 3601 custodia
1646 3563 1734 3603 re-

150 3630 308 3699 cepit,
334 3641 388 3686 et
418 3634 655 3689 maxime
681 3643 903 3704 propter
925 3634 1325 3691 invocationem
1380 3639 1615 3693 nominis
1673 3638 1732 3694 S.

147 3719 367 3777 Joannis
390 3723 556 3792 atque
584 3739 847 3780 antorem.
878 3725 1011 3795 Cum
1038 3743 1144 3798 quo
1182 3737 1239 3783 ct
1282 3729 1399 3798 ipse
1454 3729 1622 3787 abbas
1669 3731 1734 3787 de

150 3808 327 3866 Swina
388 3814 680 3881 quemdam
727 3816 1014 3871 diaconum
1062 3833 1251 3883 suum,
1302 3820 1395 3889 qui
1438 3822 1736 3893 vocabatur

145 3899 315 3968 Adde,
341 3912 615 3971 quatenus
659 3917 1047 3975 procuraretur
1089 3909 1370 3977 attentius,
1410 3911 1730 3983 reliquerat;

149 3990 228 4044 cui
250 3992 395 4045 enim
428 4009 557 4049 vero
578 3995 745 4051 abbas
766 3996 1065 4054 Britbunus
1079 3999 1331 4056 Welverd
1359 4003 1733 4074 presbyterum

150 4082 450 4151 addiderat,
481 4096 538 4141 ut
588 4088 703 4159 ipse
756 4090 1052 4147 inﬁrmanti
1091 4094 1410 4165 presbytero
1458 4097 1639 4152 omnia
1684 4098 1734 4152 ei

150 4179 495 4242 procurando
548 4183 854 4237 necessaria
916 4182 1297 4241 famularetur.
1355 4187 1508 4243 Tune
1552 4200 1736 4246 autem

149 4264 236 4332 qui
266 4266 651 4325 iuﬁrrnabatur
673 4273 927 4329 sacerdos
958 4275 1183 4344 rogabat
1205 4276 1381 4348 ipsum
1411 4278 1735 4336 Brithunum

1833 1904 1919 1942 nis
1939 1888 2283 1959 evangelista:
2308 1899 2542 1954 orasset,
2567 1890 2693 1944 inde
2719 1891 2786 1951 ad
2816 1889 3122 1958 sepulcrum
3152 1888 3267 1958 ipse
3292 1901 3421 1956 pro-

1833 1996 2050 2048 gressus
2077 1992 2181 2047 est,
2215 1981 2442 2052 supplici
2466 1996 2591 2037 eum
2627 1996 2789 2052 prece
2820 1981 3122 2051 deposcens
3150 1986 3421 2050 quatenus

1833 2073 1934 2128 sibi
1969 2073 2021 2126 in
2046 2074 2364 2129 inﬁrmitate
2387 2090 2484 2130 sua
2496 2089 2622 2145 erga
2639 2090 2795 2129 suum
2815 2074 3083 2129 medicum
3110 2074 3425 2146 dignaretur

1833 2166 2105 2220 auxiliari.
2122 2167 2201 2222 Ac
2216 2167 2413 2237 schius
2434 2168 2609 2237 gratia
2634 2167 2961 2238 impetrandi
2976 2172 3422 2229 commemorata,
3457 2175 3461 2180 ‘

1834 2274 1996 2328 quam
2022 2274 2150 2331 erga
2178 2261 2346 2314 Deum
2375 2261 2633 2328 habebat,
2685 2261 2809 2317 inde
2856 2259 3213 2331 progrediens
3240 2271 3430 2313 mona-

1840 2353 2070 2407 sterium
2108 2354 2167 2407 S.
2202 2352 2442 2419 Martini,
2476 2356 2619 2424 quod
2656 2355 2708 2409 in
2756 2369 2816 2410 se
2874 2354 3187 2409 continebat
3230 2352 3427 2408 multas

1841 2460 2062 2515 quoque
2102 2456 2421 2501 sanctorum
2479 2454 2784 2518 martyrum
2837 2446 3115 2516 reliquias,
3149 2445 3431 2515 ingressus

1842 2538 2213 2605 rst.Quartttn
2265 2537 2428 2608 igitur
2460 2538 2817 2609 impressione
2854 2547 2913 2593 ut
2964 2538 3176 2607 signum
3225 2536 3428 2591 sanctae

1834 2629 2015 2685 crucis
2043 2626 2206 2684 fronti
2234 2630 2638 2686 sumintentum
2673 2639 2779 2697 est,
2823 2644 2888 2685 ac
2938 2643 3003 2685 eo
3049 2642 3300 2700 regresso
3347 2627 3417 2681 ad

1838 2720 2105 2774 tumulum
2152 2720 2325 2776 sancti
2378 2721 2729 2787 confessoris,
2754 2721 3011 2777 continuo
3039 2720 3107 2775 ah
3130 2720 3244 2790 ipsa
3272 2718 3429 2774 inﬁr-

1836 2812 2027 2871 mitate
2049 2827 2154 2881 qua
2182 2812 2528 2867 detinebatur
2555 2822 2776 2869 curatus
2804 2822 2917 2880 est;
2945 2820 2999 2869 et
3046 2821 3232 2883 postea
3263 2825 3429 2868 sanus

1835 2910 1890 2955 ct
1920 2901 2207 2957 incolumis
2229 2903 2447 2957 domum
2480 2902 2720 2969 rediens,
2754 2905 2855 2959 hoc
2871 2904 3046 2974 ipsum
3075 2903 3423 2968 miraculum,

1836 2995 1982 3065 quod
2017 2993 2071 3047 in
2095 3008 2155 3049 se
2182 2993 2387 3048 factum
2429 2993 2627 3061 fuerat,
2655 3010 2778 3051 cum
2808 2996 3013 3068 ingenti
3068 2995 3255 3051 hctitia
3285 3009 3429 3066 saepe

1837 3093 1893 3141 et
1929 3086 2159 3140 multum
2187 3086 2397 3141 solebat
2424 3084 2646 3143 referre.

1763 3149 1808 3208 Ο
1910 3179 2001 3234 51.
2041 3179 2285 3246 Quodam
2347 3179 2513 3235 etiam
2570 3189 2813 3251 tempore
2864 3179 3091 3251 contigit
3138 3180 3431 3250 quamdam

1810 3270 2307 3327 sanctimonialem
2360 3271 2427 3326 de
2465 3271 2665 3337 Esech,
2712 3270 2867 3341 cujus
2895 3287 3089 3326 manus
3139 3280 3432 3328 contracta:

1837 3374 2016 3431 erant,
2048 3365 2405 3435 membraque
2429 3368 2682 3419 universa
2710 3356 3078 3420 invaletn‘dine
3108 3354 3431 3420 detineban-

1843 3465 1961 3522 tur,
1990 3456 2057 3511 ad
2088 3457 2266 3510 sancti
2302 3454 2633 3512 confessoris
2686 3456 2952 3513 tumulum
3003 3457 3306 3520 devenisse.
3365 3472 3432 3512 ac

1838 3549 1923 3603 sui
1951 3549 2192 3604 universi
2220 3548 2495 3620 languoris
2529 3549 2648 3605 sine
2701 3566 2852 3604 mora
2901 3551 3238 3608 curationem
3297 3549 3431 3604 inibi

1840 3642 2115 3712 recepisse
2134 3656 2235 3712 per
2256 3642 2707 3699 intercessionem
2742 3644 2909 3713 ipsius
2932 3643 3106 3698 sancti
3134 3640 3430 3698 Confessa-

1838 3739 1936 3794 ris.
1969 3736 2216 3793 Sanitate
2252 3738 2416 3809 igitur
2437 3739 2796 3808 recepta,ipsa
2820 3737 3007 3792 multis
3035 3739 3347 3793 hominibus
3375 3738 3427 3793 in

1839 3827 2028 3884 eodem
2056 3829 2144 3883 die
2166 3843 2275 3899 quo
2297 3837 2484 3882 curata
2517 3837 2600 3883 est
2630 3827 2967 3898 propinando
2994 3828 3348 3893 ministravit,
3377 3838 3434 3884 et

1839 3921 1894 3976 in
1928 3937 1991 3975 ca
2037 3929 2227 3990 postea
2255 3921 2490 3978 sanitate
2514 3920 2697 3976 multis
2743 3920 2959 3975 vixerat
2983 3920 3161 3975 annis.
3198 3919 3266 3974 Et
3314 3922 3431 3976 base

1838 4026 1936 4083 per
1961 4012 2412 4069 intercessionem
2458 4012 2618 4082 hujus
2666 4011 2840 4067 sancti
2870 4010 3198 4067 confessoris
3229 4010 3432 4065 ﬁebant

1837 4103 1907 4157 ad
1964 4102 2181 4158 laudem
2251 4111 2305 4158 et
2365 4104 2631 4159 honorem
2704 4102 2978 4159 Creatoris
3052 4100 3226 4156 nostri
3301 4098 3430 4155 Jesu

1840 4197 2066 4262 Christi,
2118 4197 2213 4266 qui
2245 4196 2380 4252 vivit
2403 4205 2456 4252 et
2497 4204 2691 4268 regnat
2714 4196 2856 4253 Deus
2884 4210 2982 4267 per
3018 4194 3201 4251 omnia
3231 4193 3429 4251 srecula
3472 4252 3478 4257 ,

1841 4286 2186 4343 saeculorum.

692 4472 974 4532 Wilfridus
995 4475 1200 4546 jnnior,
1231 4481 1384 4551 cujus
1408 4483 1589 4539 Vitam
1639 4484 1734 4542 de-
1764 4502 1811 4563 ι)
1840 4505 2040 4563 annum
2054 4489 2157 4563 ηε)
2175 4498 2230 4545 et
2255 4503 2493 4563 mensem
2517 4487 2964 4563 Julinm,etultra
2986 4497 3235 4563 octavum
3255 4488 3432 4563 diem;

150 4534 324 4610 diuitis
361 4537 438 4610 27
471 4542 689 4610 Aprilis.

182 4606 330 4694 9-(93)
357 4606 726 4694 Betim-ibique
757 4613 860 4694 Deo
890 4616 1049 4687 digna
1077 4624 1469 4694 conversatione
1505 4627 1731 4694 comple-

150 4684 239 4738 rit,
260 4684 465 4759 caussa
499 4684 759 4749 particula
787 4687 900 4759 diu.
930 4684 1027 4759 pro
1053 4706 1157 4758 qua
1205 4692 1540 4751 substituunt
1590 4684 1740 4753 Tho-

154 4760 266 4832 {pas
295 4751 463 4832 Stubs
486 4762 542 4806 et
568 4765 759 4809 auctor
787 4751 1007 4832 Vincis.
1030 4751 1274 4816 lirithuni
1294 4775 1522 4832 quatuor
1545 4751 1731 4825 annos.

155 4813 422 4904 hicat-dus
454 4838 620 4904 nullo:
650 4835 753 4904 (res
788 4830 1017 4893 asserit;
1042 4813 1123 4883 at
1154 4813 1274 4904 noni

154 4892 479 4970 peperimus.
511 4892 814 4970 .Nanrlﬂasa
846 4892 1058 4953 mortuo
1079 4916 1222 4956 anno
1248 4903 1372 4968 685,
1407 4892 1460 4958 et
1491 4901 1629 4962 forte
1665 4892 1736 4964 ἑά

155 4952 669 5049 ρέιὲψξξ,·ςιίιξιιιεί
720 4970 907 5049 paucis
952 4952 1123 5049 solum
1142 4952 1736 5049 judiétigiéfinié'rjécﬁlr

157 5024 317 5111 fuerit
347 5031 633 5111 ordinatus
659 5024 966 5111 episcopus,
987 5050 1041 5094 et
1065 5042 1117 5094 in
1142 5024 1229 5096 illa
1248 5024 1734 5107 audiiaiéiiitiiéiié

159 5108 520 5156 permanserit
554 5109 825 5156 attttns'BS-
859 5126 1072 5156 umnms
1093 5113 1125 5156 Ω
1174 5114 1290 5156 alios
1320 5116 1387 5156 13
1443 5129 1731 5156 ςιηιιιηηιιιη

1844 4562 1987 4615 unde
2016 4562 2082 4614 ad
2108 4561 2251 4616 hunc
2280 4562 2425 4616 diem
2458 4560 2487 4613 7
2544 4562 2670 4615 Maii
2725 4562 2851 4616 anni
2908 4560 3032 4625 721,
3088 4560 3176 4613 vix
3237 4558 3433 4622 decent

1843 4647 2059 4687 menses
2080 4632 2220 4703 ultra
2251 4648 2451 4686 annum
2477 4641 2703 4702 possunt
2721 4644 3037 4703 superesse;
3061 4630 3204 4700 quod
3230 4628 3432 4695 suﬁieit

1843 4711 1904 4756 ut
1925 4702 2233 4756 dicaturibi
2267 4703 2442 4757 adhuc
2473 4702 2564 4755 diu
2606 4702 2929 4772 perstitisse.

1915 4773 2028 4841 (96)
2053 4774 2183 4838 Quae
2220 4784 2523 4842 sequuntur
2547 4772 2830 4836 miracula,
2855 4783 2915 4827 ut
2940 4788 3006 4827 ex
3036 4786 3176 4826 novo
3201 4776 3435 4842 apparet

1842 4844 2093 4907 exordio,
2123 4843 2342 4896 aliunde
2371 4841 2579 4910 adjecta
2603 4854 2751 4897 sunt.

1916 4913 2030 4984 (97)
2052 4914 2297 4984 Abbatia:
2318 4909 2655 4967 vainiensis
2687 4913 2740 4966 in
2765 4927 2896 4982 agro
2919 4909 3246 4969 Eboracensi
3274 4924 3437 4984 men-

1849 4980 2252 5054 tin'eelcbrat‘nr
2283 4983 2668 5054 inmonastieo
2719 4980 3042 5054 Anglicano,
3093 4996 3215 5052 pag.
3266 4980 3439 5054 1.926,

1841 5057 1925 5109 cui
1959 5071 2023 5110 ex
2054 5057 2156 5110 hoc
2178 5051 2297 5106 loco
2316 5052 2435 5122 ejus
2461 5054 2763 5156 antitLuitas
2804 5050 3128 5114 adstruitur,
3158 5050 3451 5111 cumineo

1841 5127 2165 5156 n....c:......:..a
2218 5131 2339 5156 unto
2369 5139 2568 5156 nun-nn
2637 5123 2705 5156 ’ξπ
2749 5138 2856 5156 ηηΛ
2912 5124 3205 5156 lini-Inuum
3261 5117 3451 5156 ΩΙιΙυδα

2637 5123 2705 5156 ’ξπ
2749 5138 2856 5156 ηηΛ
2912 5124 3205 5156 “uiduus-na
3261 5117 3452 5156 Ωιιίυιιτ

1874 5127 2165 5156 ιιιιιῖηηηίιι.
2218 5131 2301 5156 IIII.
