3936 5402
457 289 599 349 H79

1571 287 1914 346 FOLCARDI
1968 263 2355 348 orusceu
2380 291 2609 350 ouem.

3599 288 3722 353 1180

457 428 3721 476 W

1017 606 1495 698 CARMEN
1574 604 2165 698 FOLCARDI
2243 533 2391 696 DE
2465 608 2558 698 s.
2634 606 3146 702 VIGORE.

1554 798 1820 875 (Acnsnr,
1853 797 2040 872 Spicil.
2068 809 2178 857 vet.
2209 800 2298 858 ed.
2320 799 2411 868 ιν,
2443 797 2592 874 576.)

1928 964 2213 982 _—

453 1087 618 1157 Festa
653 1090 771 1145 dies
798 1088 982 1145 Patris
1004 1089 1189 1146 rutilat
1220 1089 1545 1147 celebranda
1578 1092 1819 1163 Vigoris,

453 1180 674 1255 Patrem
719 1180 964 1250 Baiocas,
998 1197 1160 1254 quem
1197 1182 1421 1238 fratrem
1453 1184 1653 1253 gaudet
1680 1184 1937 1241 Atrebas.

453 1272 624 1341 llujus
652 1285 806 1346 grata
844 1274 955 1331 Deo
985 1277 1244 1347 genitrix,
1269 1292 1535 1349 generosa
1565 1277 1753 1347 virago

457 1366 687 1438 Pignore
714 1369 782 1423 de
817 1377 966 1422 tanto
991 1369 1138 1439 capit
1167 1377 1441 1425 assertore
1470 1384 1706 1441 superno

412 1454 416 1459 ’
450 1458 670 1522 Natum,
701 1474 862 1528 quem
887 1467 1081 1529 gestat,
1117 1459 1395 1515 benedixit
1424 1460 1545 1514 diva
1578 1468 1842 1530 potestas,

458 1548 821 1621 sacravitque
855 1550 983 1617 sibi,
1011 1560 1211 1606 cuncto
1240 1551 1477 1606 sacravit
1496 1560 1551 1607 et
1578 1552 1720 1607 orbi.

452 1640 707 1695 Nascitur
728 1656 861 1712 ergo
888 1656 1022 1710 puer
1055 1640 1229 1695 forma
1258 1642 1561 1712 speciosus,
1603 1652 1659 1697 et
1685 1641 1823 1697 alter

448 1732 537 1791 Fit
569 1732 807 1796 Samuel,
841 1734 1071 1789 Domino
1096 1735 1399 1805 condignus
1434 1735 1503 1790 ab
1531 1750 1710 1807 ungue
1743 1734 1967 1791 tenello.

448 1822 683 1894 Moxque
711 1823 842 1894 jngo
867 1824 1078 1880 Domini
1109 1826 1381 1882 subelinat
1403 1825 1546 1881 lenia
1574 1825 1722 1891 colli,

448 1913 794 1983 lnl‘ertnrque
819 1915 967 1986 gregi
996 1917 1291 1972 monachus
1320 1931 1455 1987 puer
1473 1915 1820 1971 Atrebatensi
1849 1933 1863 1969 :

449 2004 750 2077 Proﬁciens
789 2009 1002 2080 eunetis
1028 2007 1305 2072 Patribns,
1334 2007 1569 2079 profecit
1595 2010 1663 2074 ab
1689 2008 1814 2075 illis,

448 2093 687 2177 Inclytus
712 2094 799 2151 ille
827 2111 982 2166 puer,
1012 2099 1227 2154 cunctis
1261 2099 1542 2169 subjectus
1564 2107 1817 2154 ovanter.

447 2181 575 2238 Jam
602 2186 875 2255 quoddam
904 2186 1077 2256 majus
1101 2189 1394 2244 meditatur
1418 2190 1521 2245 tiro
1552 2190 1763 2255 beatus.

449 2274 573 2331 Fiat
600 2287 714 2333 uta
747 2281 926 2350 patria
955 2280 1257 2352 peregrinis
1294 2296 1417 2337 cum
1451 2279 1783 2351 patriarcha.

2063 1077 2112 1135 Α
2136 1092 2361 1149 Exsulat
2387 1108 2518 1165 ergo
2540 1091 2729 1163 procul
2766 1091 2856 1148 hic
2883 1091 3306 1150 seminiverbius
3324 1094 3519 1161 exsul,

2142 1185 2394 1243 Tendens
2424 1187 2491 1240 ad
2529 1186 2784 1256 populum
2810 1185 2915 1241 sibi
2937 1185 3153 1243 coalitus
3179 1186 3558 1254 insinuatum,

2143 1278 2285 1335 Urbs
2310 1290 2394 1335 est
2420 1279 2665 1350 Bajocas,
2696 1295 2859 1348 quam
2883 1280 3061 1348 prisca
3089 1278 3342 1335 Neustria
3369 1287 3677 1337 monstras.

2141 1363 2295 1421 llanc
2321 1365 2435 1420 adit
2460 1375 2517 1420 ut
2547 1365 2739 1421 doceat
2767 1381 2903 1436 quos
2931 1365 3126 1435 impius
3148 1381 3310 1423 error
3346 1367 3625 1435 habebat,

2142 1454 2329 1511 Gratia
2363 1456 2620 1510 virtutum
2651 1454 2853 1511 Christi
2885 1456 3177 1511 comitatur
3205 1456 3523 1511 alumnum.

2144 1546 2384 1618 Quaeque
2433 1546 2684 1603 docendo
2744 1556 2929 1601 monet
2957 1585 2972 1612 ,
3021 1546 3193 1618 signis
3236 1546 3479 1617 probat,
3529 1544 3751 1601 actibus.

2596 1638 2602 1645 '
3428 1632 3664 1707 [implet.

2140 1730 2359 1787 Viribus
2387 1745 2693 1798 exsangues
2721 1731 3015 1800 reparavit,
3038 1730 3249 1800 depulit
3271 1745 3544 1801 angues,.

2137 1821 2216 1876 Ad
2243 1836 2470 1891 superos
2496 1821 2604 1875 vita
2634 1819 2876 1875 functum
2906 1820 3074 1876 traxit
3098 1836 3257 1891 prece
3286 1820 3435 1876 fusa.

2135 1912 2232 1970 llis
2271 1912 2502 1984 populus
2533 1913 2688 1979 visis,
2718 1927 2776 1967 se
2803 1912 2976 1968 sacris
3003 1913 3233 1967 devovet
3270 1911 3479 1978 undis;

2138 2004 2398 2074 Hancque
2421 2005 2532 2059 Deo
2557 2001 2765 2072 prolem
2788 2016 2886 2072 per
2913 2002 3054 2056 sacri
3086 2000 3252 2057 fontis
3278 2001 3581 2063 honorem,

2138 2098 2342 2153 Sancte
2372 2096 2558 2167 Vigor,
2610 2109 2872 2165 geucras;
2905 2109 3094 2150 sacras
3127 2094 3233 2174 cui.
3263 2093 3543 2150 solvimus
3573 2090 3729 2158 edas.

2068 2234 2078 2247 .
2135 2189 2501 2245 Flammarum
2538 2186 2798 2251 domitor,
2828 2186 2919 2255 qui
2950 2186 3133 2240 mundi
3172 2185 3502 2254 comprimis
3545 2184 3725 2256 ignes,

2063 2295 2110 2356 Β
2138 2280 2218 2337 Ne
2245 2296 2343 2337 nos
2371 2287 2622 2343 exuram,
2646 2276 2895 2333 ﬂammas
2914 2291 3205 2348 compesce
3228 2277 3528 2348 gehennae.

481 2426 3691 2463 ________________________________________—

913 2499 1704 2710 FOLCARDI
1756 2566 2627 2705 .‘OPUSCULA
2716 2561 3242 2697 DUBIA.

1420 2916 1735 3031 VITA
1818 2920 1927 3024 S.
2045 2912 2725 3024 AUDOMABI

1643 3146 1919 3193 EPISCOPI
1965 3145 2086 3187 TER
2096 3144 2227 3187 WEN
2237 3141 2478 3197 ΝΕιιειε,

443 3297 703 3380 Scripta
733 3298 808 3360 ab
839 3306 1098 3361 auctore
1138 3314 1474 3380 anonymo,
1506 3295 1616 3374 qui
1654 3290 2339 3380 antenNorma'nnorum
2371 3284 2616 3380 ςιαὰξξιι.
2641 3285 2879 3378 alatisac
2908 3285 3160 3380 videtur
3195 3310 3217 3350 :
3258 3283 3438 3380 apud
3459 3284 3711 3380 ῥητίνης

528 3360 881 3451 ὸδιιιταιτα,
914 3388 967 3439 et
1004 3360 1390 3455 interpolavit:
1416 3360 1682 3455 for'tasse
1726 3371 1765 3431 ὰ
1798 3367 2111 3431 Folcardo
2146 3365 2445 3431 monacho
2489 3364 2832 3427 Sithivcnst'
2873 3365 3100 3431 circulo
3143 3387 3248 3445 x1;
3294 3360 3613 3427 restituta
3636 3360 3715 3425 ad

516 3458 960 3539 ,apographum
989 3454 1377 3518 Corbeiense.

1129 3615 1305 3690 (Apud
1334 3613 1564 3671 Μηιιι..
1612 3612 1745 3668 Acta
1783 3609 1887 3668 SS.
1931 3609 2050 3666 ord.
2092 3608 2155 3666 S.
2196 3607 2421 3675 Bened.,
2464 3606 2602 3664 Sac.
2634 3605 2699 3675 ll,
2774 3620 2894 3680 pag.
2927 3603 3077 3677 559.)

1922 3745 2246 3764 .————I_

1432 3889 2059 3986 PROLOGUS
2124 3885 2760 3981 AUCTORIS.

519 4098 574 4156 ί.
628 4093 857 4152 Domino
908 4085 1294 4162 omnipotenti.
1354 4100 1639 4141 munerum
1704 4080 2026 4154 spiritalium
2056 4092 2098 4150 ρ
2135 4090 2236 4145 tos,
2268 4080 2569 4149 eodemque
2595 4076 2790 4148 spiritu
2819 4075 3054 4149 repletos
3083 4056 3459 4148 apostolon
3479 4076 3710 4134 vicario:

445 4178 877 4261 magnarumque
924 4176 1189 4237 virtutum
1217 4177 1487 4249 largitori,
1534 4173 1865 4243 multiplices
1901 4187 2030 4243 gra-

447 4283 553 4339 tias
598 4281 895 4349 laudesque
937 4273 1150 4331 sedulas
1197 4272 1381 4326 dicere
1417 4267 1697 4332 debemus,
1734 4266 1850 4336 qui,
1907 4280 2027 4318 om-

447 4376 596 4430 nium
626 4379 1004 4429 creaturarum
1029 4364 1323 4420 visibilium
1351 4369 1405 4415 et
1440 4357 1795 4414 invisibilium
1825 4355 2030 4412 Condi-

450 4476 535 4522 tor
570 4474 627 4522 et
666 4464 1000 4535 gubernator
1038 4456 1300 4517 existens,
1342 4452 1539 4507 Filium
1574 4465 1731 4505 suum
1773 4448 2027 4518 unigeni-

448 4567 563 4614 tum
606 4540 892 4609 Ilominum
940 4556 1185 4603 nostrum
1209 4543 1395 4600 Jesum
1423 4541 1700 4599 Christum
1734 4540 1801 4595 ad
1826 4540 2027 4594 docen-

441 4626 547 4704 das
608 4642 1063 4710 redimendasque
1117 4637 1442 4708 omnigenas
1500 4642 1692 4705 gentes
1746 4631 1897 4687 misit
1956 4631 2025 4687 ad

448 4749 645 4805 terras,
678 4746 786 4791 etc.
812 4732 913 4803 Qui
947 4731 1160 4788 duobus
1190 4739 1247 4785 et
1275 4728 1460 4784 decem
1491 4724 1753 4798 apostolis
1778 4724 1845 4780 de
1868 4725 2023 4778 turba

449 4828 615 4885 totius
639 4824 852 4898 generis
881 4821 1105 4879 humani
1137 4819 1350 4884 electis,
1381 4818 1518 4873 alios
1544 4831 1760 4888 quoque
1801 4814 2024 4869 alterius

444 4916 654 4992 ordinis
676 4916 959 4984 sexaginta
983 4922 1039 4969 et
1065 4917 1200 4968 duos
1232 4909 1541 4982 regionibus
1569 4908 1706 4964 albis
1744 4922 1810 4963 ne
1841 4906 2024 4962 multa:

923 5015 956 5034 ιι
987 5006 1145 5034 ...ηιρρὲ
1185 5002 1328 5034 iul-nn
1354 5001 1709 5034 ll.“n:nnlon¢
1728 4997 2022 5034 rlicninnlna

2133 4173 2186 4228 in
2233 4172 2487 4228 omnibus
2536 4169 2722 4225 nmndi
2781 4168 3028 4240 partibus
3077 4168 3198 4225 esse
3247 4169 3544 4231 concessit.
3597 4178 3702 4224 etc.

2131 4260 2288 4318 Unde
2309 4260 2737 4317 occidentalibus
2764 4258 2947 4315 mundi
2985 4259 3251 4329 partibus,
3275 4258 3479 4313 divinis
3518 4272 3701 4313 mune-

2130 4353 2281 4408 ribus
2310 4352 2647 4416 decoratum,
2672 4350 2839 4421 signis
2861 4365 2926 4405 ac
2955 4348 3246 4404 virtutibus
3272 4348 3327 4405 in
3351 4348 3541 4404 multis
3562 4349 3699 4403 orbis

2127 4444 2374 4516 partibus
2412 4453 2600 4497 notum
2628 4431 2997 4496 Audomarum
3027 4438 3112 4512 (S.
3139 4439 3318 4512 Omer)
3350 4442 3694 4510 apostolicum

2129 4538 2354 4593 donavit
2392 4537 2695 4592 doctorem.
2735 4534 2860 4590 Ideo
2907 4543 2983 4599 te,
3018 4533 3159 4604 Dens
3201 4534 3576 4603 omnipotens.
3616 4546 3701 4604 per

2126 4628 2361 4700 gloriosa
2404 4627 2645 4698 ejusdem
2676 4626 2948 4696 pontilieis
2976 4623 3281 4696 patrocinia
3324 4639 3619 4695 precamur
3641 4630 3692 4675 ut

2127 4716 2372 4789 largiﬂua
2408 4726 2512 4772 tua:
2546 4716 2830 4786 sapientiae
2860 4714 2930 4770 de
2964 4714 3218 4786 supernis
3254 4713 3455 4768 ﬂuenta
3500 4712 3696 4768 nostris

2126 4807 2254 4862 licet
2296 4806 2581 4862 maculatis
2627 4805 2901 4861 mentibus
2938 4818 3125 4859 rorare
3173 4804 3467 4866 concedas,
3503 4812 3587 4867 ut,
3634 4801 3695 4855 de

2128 4898 2265 4954 tanti
2297 4899 2398 4954 viri
2426 4898 2638 4953 meritis
2662 4907 2826 4967 atque
2848 4895 3133 4950 virtutibus
3157 4909 3276 4963 qure
3310 4909 3407 4965 per
3434 4893 3586 4947 illum
3610 4904 3692 4946 tua

2125 4992 2296 5034 omnia
2339 4992 2508 5034 ομαςίι
2543 4989 2685 5034 enim
2720 4989 2983 5034 valentes-
3026 4986 3152 5034 licet
3178 4986 3244 5034 de
3273 4986 3489 5034 maenis
3535 4998 3694 5034 narra
