3936 5402
98 196 107 204 κ
164 202 312 261 λιιι.

1455 182 1610 267 vm
1644 210 1702 266 s.
1744 211 2137 272 AUDOMARI.

3303 224 3445 282 US!

1371 431 1912 551 INCIPIT
1977 437 2374 555 VITA.

224 672 280 726 2.
323 670 427 726 [lic
462 671 625 741 igitur
651 671 804 743 agius
840 671 1082 742 pontifex
1137 671 1480 727 Audomarus
1509 683 1564 727 et
1595 674 1745 727 nobi-
1777 671 1820 716 Α
1851 673 1994 739 enim
2057 686 2238 731 mente
2275 685 2459 734 castus
2504 688 2558 735 et
2612 696 2837 752 corpore
2861 726 2876 750 ,
2915 685 3222 744 obedientia
3271 698 3437 762 atque

157 761 297 816 libus
341 772 395 815 et
444 761 661 833 inclytis
698 765 993 816 secundum
1034 763 1212 817 surculi
1242 764 1558 832 dignitatem
1598 774 1652 818 et
1692 766 1744 817 in

164 856 266 909 ﬁde
294 855 566 909 catholica
621 855 847 909 eruditis
878 864 1033 909 ortus
1066 856 1165 909 luit
1203 856 1520 925 parentibus
1548 856 1658 924 (98)
1693 858 1745 910 in

158 946 622 1002 Constantinense
681 947 945 1015 regione,
997 962 1097 999 nec
1146 945 1302 1015 longe
1343 964 1371 999 a
1423 945 1743 1001 Constantia

158 1038 471 1110 (Constance
509 1038 575 1092 ad
606 1037 878 1107 Rhenum)
906 1038 1150 1101 civitate,
1179 1046 1233 1091 et
1256 1038 1307 1091 in
1334 1053 1400 1091 eo
1431 1038 1747 1107 specialiter

157 1133 272 1187 loco
320 1132 414 1202 qui
469 1130 841 1185 Aurea-Vallis
890 1130 1143 1199 (Imperio
1208 1129 1369 1197 vulgo
1427 1130 1742 1200 Culdindul)

165 1233 407 1285 vocatur,
455 1229 615 1275 natus
658 1228 761 1274 est.
802 1218 1028 1273 Genitor
1060 1235 1188 1271 vero
1226 1217 1384 1285 hujus
1432 1219 1573 1272 inter
1615 1234 1744 1275 suos

158 1315 333 1370 clarus
353 1313 597 1369 Friull‘us
624 1314 956 1376 vocabatur;
999 1311 1236 1365 Domitia
1266 1325 1444 1368 autem
1469 1330 1566 1368 sua
1606 1332 1744 1369 nuu-

158 1418 344 1478 cupata
403 1407 508 1461 fuit
552 1409 813 1480 genitrix.
872 1408 938 1463 lli
992 1426 1118 1464 vero
1176 1411 1413 1480 religiosi
1486 1422 1742 1481 parentes

160 1502 472 1572 praidictum
512 1518 736 1572 puerum
780 1503 1077 1556 secundum
1109 1503 1436 1557 Christianze
1465 1506 1742 1573 religionis

159 1612 185 1648 a
211 1593 497 1649 cunabulis
524 1593 687 1647 ritum
722 1594 903 1647 divina
929 1594 1101 1663 gratia
1129 1594 1460 1666 suifragaute
1492 1596 1542 1649 in
1567 1595 1740 1650 ecele-

158 1667 391 1741 siasticis
436 1684 757 1738 nutriebant.
800 1683 1105 1754 disciplinis
1138 1702 1152 1738 :
1186 1686 1405 1738 unicum
1438 1687 1584 1739 enim
1629 1687 1738 1740 Au-

161 1783 437 1835 domarum
489 1782 763 1835 habebant
795 1781 985 1835 lilium.
1013 1779 1250 1835 Frinll‘us
1279 1798 1408 1836 vero
1436 1793 1558 1852 post
1605 1798 1732 1852 pra:-

156 1879 304 1932 dictte
330 1876 583 1948 conjugis
610 1892 723 1931 sua:
749 1876 983 1938 obitunt,
1005 1887 1060 1930 et
1090 1892 1259 1946 puero
1286 1886 1447 1930 :etate
1485 1887 1539 1930 et
1562 1876 1734 1945 gratia

157 1978 447 2032 crescente,
483 1969 636 2023 suavi
662 1984 793 2038 ptgo
829 1966 1033 2022 Christi
1084 1983 1147 2022 ac
1185 1968 1312 2032 levi,
1339 1969 1518 2023 divina
1554 1968 1731 2021 fantu-

1851 765 2157 823 humilitate
2211 769 2478 836 refertus,
2539 773 2590 827 in
2636 775 2820 831 divina
2871 779 3097 833 scientia
3150 782 3432 848 eruditus,

1849 855 2118 911 charitate
2162 868 2217 911 et
2264 864 2679 936 mansuetudine
2707 864 2918 932 plenus,
2952 866 3216 925 districtis
3253 873 3436 940 parci-

1849 964 2043 1003 niomae
2067 951 2362 1019 castigatus
2387 953 2629 1022 jcjnniis,
2655 960 2880 1026 prolixis
2927 963 3166 1016 noctium
3195 965 3433 1035 pervigil

1845 1041 2112 1103 excubiis,
2138 1043 2315 1097 sciens
2344 1046 2487 1113 quod
2510 1048 2772 1115 scriptum
2797 1061 2881 1104 est
2912 1067 2926 1103 :
2956 1049 3109 1104 Beati
3143 1065 3265 1108 sunt
3292 1058 3432 1111 servi

1844 1130 1923 1203 illi
1968 1147 2119 1200 quos,
2168 1150 2286 1186 cum
2335 1145 2525 1188 cenent
2575 1137 2851 1206 Dominus,
2886 1141 3133 1197 invenerit
3162 1146 3434 1215 vigilantes

1847 1218 1999 1289 (Luc.
2029 1238 2128 1284 xu,
2156 1223 2264 1289 57).
2634 1256 2635 1259 η
2724 1258 2729 1259 ν
3236 1256 3241 1259 Α

1915 1313 1970 1367 4.
2025 1315 2230 1371 Dehine
2281 1317 2344 1371 B.
2400 1317 2696 1376 Andomari
2756 1324 2898 1379 fama
2953 1343 3054 1397 per
3103 1329 3270 1384 multa
3316 1331 3432 1387 lora

1846 1408 2059 1476 vulgata
2103 1426 2272 1487 usque
2304 1412 2371 1466 ad
2415 1414 2702 1484 Dagoberti
2744 1417 3079 1475 Francorum
3111 1424 3255 1493 regis
3286 1426 3431 1479 noti-

1845 1498 1974 1565 tiam
2024 1503 2312 1570 pervcnit°
2343 1506 2601 1560 abscmuli
2649 1508 2794 1562 enim
2857 1526 2962 1565 non
3010 1522 3189 1581 potest
3238 1516 3434 1575 civitas

1842 1605 2005 1659 super
2035 1607 2273 1659 montem
2297 1597 2472 1663 posita
2500 1597 2716 1669 (Matth.
2737 1616 2787 1667 v,
2815 1602 2923 1673 14).
2956 1602 3222 1675 Posdtmc,
3248 1609 3434 1664 multis

1843 1684 2330 1744 intervenientibus
2375 1692 2556 1758 annis,
2608 1708 2638 1747 a
2671 1697 3125 1752 revercudissimo
3174 1702 3432 1770 prtedicto

1841 1780 2087 1848 principe
2120 1780 2541 1850 Dagoberto,.ct
2570 1786 2640 1840 ab
2677 1789 2825 1842 omni
2859 1788 3191 1847 Francorum
3234 1796 3454 1863 populo‘

1839 1880 2086 1935 vocatus,
2112 1870 2171 1924 ὃ.
2192 1873 2430 1928 Aebario
2447 1874 2809 1933 Noviomeuse
2830 1882 3085 1951 episcopo
3104 1884 3430 1953 opitulante,

1840 1961 1909 2011 ad
1951 1961 2257 2017 docendum
2296 1975 2461 2035 atque
2503 1969 2570 2020 ad
2603 1972 3016 2037 gnlernandum
3054 1974 3432 2034 Tetwanensis

158 2061 297 2116 laute
346 2061 755 2123 misericordia,
802 2076 925 2114 cum
977 2058 1323 2114 confortante
1373 2076 1437 2115 ac
1473 2061 1736 2115 suadente
1769 2047 1809 2105 Β
1843 2051 1993 2104 urbis
2044 2054 2328 2122 populum.
2369 2057 2731 2128 Opiscopalem
2788 2075 2912 2116 cum
2967 2077 3163 2130 magna
3233 2067 3433 2124 mentis

160 2153 462 2207 Audomaro
497 2152 608 2206 lilio
631 2168 731 2206 suo
763 2167 822 2206 se
846 2136 1080 2206 subdere
1110 2153 1336 2205 studuit.

196 2246 268 2307 _3.
304 2247 482 2301 Ambo
514 2247 701 2315 igitur,
750 2247 964 2313 genitor
1014 2246 1265 2300 videlicet
1321 2246 1558 2300 Frinll‘us
1609 2261 1732 2301 eum

158 2338 304 2393 beato
333 2338 443 2393 lilio
480 2354 578 2392 suo
600 2339 936 2399 Audomaro,
972 2338 1257 2407 itttpleulcs
1283 2340 1423 2406 (ιηοά
1472 2341 1733 2406 scriptum

157 2408 257 2485 est:
285 2428 447 2494 Vade,
465 2441 514 2482 et
537 2431 697 2483 vende
711 2430 883 2483 omnia
897 2428 1204 2501 qua’ltubes,
1230 2440 1275 2481 et
1303 2430 1371 2482 da
1393 2430 1731 2498 pauperibus,

158 2532 200 2591 et
227 2524 365 2587 reni;
389 2538 605 2590 sequere
626 2537 727 2587 me,
751 2532 797 2575 et
829 2521 1039 2585 habebis
1070 2522 1222 2574 vitam
1245 2534 1493 2574 wternam
1517 2520 1733 2585 (Matth.

158 2631 266 2680 MK,
288 2616 414 2686 2|),
445 2615 652 2687 mundo
684 2615 905 2678 mortui,
935 2615 1041 2668 Deo
1072 2615 1212 2677 vivi,
1250 2613 1471 2667 caducis
1522 2614 1733 2682 inOpcs,

162 2709 479 2776 perennibus
510 2706 836 2777 locupletes,
878 2706 990 2760 Deo
1024 2706 1246 2768 subditi,
1297 2705 1512 2759 diabolo
1556 2705 1733 2758 rebel-

160 2798 257 2862 les,
302 2807 479 2854 mente
540 2798 788 2861 similes,
834 2806 995 2851 aetate
1051 2795 1340 2864 dispares,
1399 2795 1466 2847 ad
1525 2795 1731 2848 Christi

162 2890 372 2944 militum
403 2904 695 2960 perrexere
740 2888 1049 2943 cmnohium
1083 2887 1227 2957 quod
1277 2888 1487 2941 famoso
1518 2888 1733 2941 nomine

158 2993 367 3037 vocatur
414 2981 752 3045 Lnxovium,
804 2982 1057 3050 quodque
1112 2998 1142 3033 a
1200 2990 1404 3034 saneta:
1459 2982 1733 3036 memoria:

162 3074 480 3141 llibernense
504 3076 621 3132 viro
651 3075 707 3128 Β.
734 3074 1071 3130 Columbano
1098 3074 1295 3128 abbate
1320 3076 1370 3127 in
1406 3074 1732 3142 Burgundia:

162 3169 367 3238 regione
434 3169 486 3222 in
555 3166 648 3221 Dei
717 3166 936 3220 nomine
995 3164 1098 3218 fuit
1160 3164 1465 3220 fittnlatnm.
1530 3165 1732 3219 Sancto

163 3261 312 3329 igitur
350 3261 605 3315 Austasio
634 3259 831 3313 abbate
858 3259 949 3328 qui
986 3270 1115 3314 tunc
1148 3259 1200 3311 in
1233 3259 1495 3328 pnedicto
1538 3274 1732 3312 mona-

162 3354 314 3407 sterio
350 3363 553 3407 sancta:
583 3363 744 3422 atque
772 3353 943 3404 beata:
974 3351 1361 3404 monachorum
1396 3350 1725 3404 multitudini

1841 2140 2143 2198 lunuilitate
2168 2147 2401 2215 sumpsit
2434 2148 2695 2204 honorem
2732 2169 2743 2204 :
2778 2152 2832 2206 in
2862 2169 2971 2223 quo
2999 2156 3168 2225 gradu
3199 2159 3428 2214 verbum

1838 2233 2081 2288 divinum
2135 2236 2187 2290 in
2221 2240 2384 2292 corda
2417 2242 2755 2297 credentium
2787 2245 3086 2311 seminans,
3120 2248 3427 2305 animarum

1836 2340 2239 2397 corporumque
2281 2329 2573 2401 langunres
2621 2349 2841 2399 curans,
2887 2336 3135 2405 captivos
3186 2338 3431 2393 vincula-

1842 2426 2036 2487 Iusque
2062 2406 2355 2486 redimens,
2383 2424 2667 2479 viduarum
2694 2427 3022 2496 inopumque
3043 2443 3153 2497 pra?
3176 2430 3429 2487 omnibus

1836 2524 2021 2562 curam
2060 2525 2277 2579 gerens,
2310 2512 2520 2580 plebem
2562 2516 2662 2570 sibi
2695 2532 2725 2569 a
2758 2517 2986 2572 Domino
3008 2519 3276 2576 creditam
3304 2522 3429 2585 rite

1836 2599 2199 2668 gubernabat.
2234 2600 2532 2660 Pl‘mtllcllls
2581 2605 2747 2676 igitur
2781 2607 3164 2677 'l‘ervvanensis
3200 2613 3429 2683 populus

1836 2691 1963 2747 licet
1993 2704 2119 2748 ante
2156 2696 2450 2750 adventum
2482 2698 2544 2753 B.
2587 2701 2883 2756 Audomari
2916 2720 2945 2756 a
2986 2705 3152 2773 sociis
3187 2686 3425 2778 Dionysii

1838 2788 2113 2854 martyris,
2170 2787 2438 2843 Fusciano
2477 2792 2729 2848 videlicet
2777 2803 2833 2850 et
2874 2793 3166 2863 Victorico,
3196 2791 3425 2855 v'erbum

1835 2877 2044 2932 audivit
2081 2881 2559 2947 divinum,‘eodem
2592 2897 2835 2959 tempore
2870 2905 2979 2959 quo
3023 2890 3082 2946 S.
3132 2891 3428 2958 Quintinus

1839 2968 1890 3021 in
1917 2970 2285 3027 Ambiani-use
2312 2976 2645 3044 prtedicabat
2667 2980 2834 3046 urbe;
2864 2980 3015 3035 multi
3041 2993 3220 3037 tamen
3236 2984 3426 3047 adhuc

1836 3078 1901 3118 ex
1952 3064 2089 3132 ipsis
2136 3066 2592 3139 il'ervvaneusilms
2645 3072 2809 3125 cultui
2862 3073 3213 3129 adhaerebant
3253 3075 3426 3139 idolo-

1840 3170 1976 3207 tum.
1994 3154 2444 3224 Postquamenim
2464 3159 2572 3215 duo
2584 3162 2726 3216 beati
2744 3164 2842 3217 viri
2864 3165 3100 3233 praedicti
3124 3165 3425 3223 Fuscianus

1837 3256 1890 3300 ct
1925 3246 2230 3304 Victorious
2263 3251 2329 3304 de
2357 3253 2613 3320 praulieta
2650 3252 3096 3311 'l'envanensium
3131 3258 3265 3314 urbe
3299 3272 3425 3329 per-

1839 3350 2117 3405 rexerunt,
2140 3343 2267 3395 etin
2291 3344 2738 3417 Amisiaucnsinm
2755 3349 2978 3403 civitate
2994 3352 3256 3423 martyrio
3268 3367 3426 3409 coro-

163 3453 398 3512 prteerat,
442 3445 790 3500 Audomarus
819 3457 943 3497 eum
975 3456 1075 3497 suo
1113 3442 1443 3496 unanimiter
1483 3443 1729 3512 genitore

1839 3432 1945 3484 uati
1970 3440 2092 3484 sunt
2117 3472 2132 3493 ,
2161 3442 2286 3488 tunc
2310 3435 2703 3493 'l‘ervvanenses
2726 3438 2793 3491 ad
2814 3418 3081 3495 culturam
3108 3443 3305 3499 iterum
3330 3459 3423 3501 re-

165 3538 397 3610 religiosa
431 3524 919 3609 inanilestaverunt
950 3536 1241 3602 desideria,
1270 3546 1565 3606 sequentes
1586 3535 1731 3604 quod

162 3629 402 3699 scriptum
429 3640 549 3684 est:
580 3626 856 3697 Interroga
886 3635 1086 3693 patrem
1122 3635 1290 3689 (unm,
1319 3637 1366 3679 et
1395 3625 1728 3679 annnntiabit

162 3721 263 3786 tibi,
293 3732 338 3776 et
371 3722 598 3791 majores
626 3731 763 3782 tuos,
805 3729 853 3773 et
885 3719 1057 3772 dicent
1098 3717 1190 3771 tibi
1220 3716 1401 3786 (Deut.
1443 3733 1616 3779 xxxu,
1651 3717 1725 3786 7).

164 3810 380 3867 Sanctus
433 3829 564 3867 vero
612 3810 903 3866 Anstasius
955 3824 1049 3863 eos
1108 3809 1211 3877 Dei
1255 3823 1443 3863 amore
1498 3808 1728 3877 ﬂagrare

163 3919 394 3969 cernens,
416 3913 470 3959 et
500 3904 554 3957 in
600 3904 661 3977 Β.
692 3900 986 3972 Audomari
1018 3899 1164 3954 vultu
1197 3908 1252 3957 et
1284 3898 1725 3980 verbisgratiam

162 4012 481 4065 cognoscens
527 4010 647 4051 esse
671 3996 933 4059 divinam,
966 3992 1183 4047 salubre
1213 3993 1383 4060 atque
1420 3992 1723 4060 perlectum

161 4091 438 4157 secundum
477 4104 646 4145 saera:
685 4086 986 4164 Scriptura:
1027 4086 1409 4139 auctoritatem
1452 4084 1724 4154 praedictis

167 4180 250 4236 llei
275 4181 486 4237 fatnnlis
507 4182 656 4236 dedit
682 4178 989 4240 consilium,
1024 4177 1257 4249 suadens
1283 4175 1534 4231 videlicet
1565 4176 1726 4230 utris-

163 4285 259 4338 que
294 4270 581 4341 aliquando
612 4269 795 4332 simul,
841 4267 1133 4336 aliquando
1166 4266 1484 4336 separatim,
1529 4274 1594 4319 ’ut
1625 4265 1725 4319 sub

168 4363 387 4432 regulari
414 4344 699 4433 diseiplina
737 4375 922 4415 secum
950 4358 1004 4413 in
1047 4358 1140 4412 Dei
1168 4366 1580 4429 perseverarent
1610 4372 1725 4411 ser-

162 4453 299 4513 vitio.
329 4453 499 4508 Ambo
527 4455 691 4521 igitur
722 4452 905 4507 divino
932 4451 1186 4506 ardentes
1216 4440 1426 4515 amore,
1461 4449 1724 4520 spiritalis

162 4542 325 4601 Patris
378 4547 613 4617 Arustasii
673 4555 964 4615 sequentes
1014 4545 1341 4609 consilium,
1396 4544 1497 4598 sub
1555 4558 1725 4599 sacra:

160 4639 345 4706 regula:
367 4638 552 4710 jngnm
584 4649 766 4695 mente
803 4638 994 4694 devota
1032 4653 1091 4693 se
1121 4635 1488 4704 subjecerunt.
1528 4635 1723 4692 Beatus

1833 3524 1975 3577 versi
2012 3533 2139 3578 sunt
2171 3524 2457 3605 idolorum.
2498 3526 2624 3583 Non.
2649 3530 2823 3584 solum
2852 3532 2996 3585 enim
3030 3533 3082 3587 hi
3106 3535 3197 3604 qui
3224 3551 3421 3593 nomen

1834 3615 2043 3669 Domini
2065 3628 2221 3670 antea
2255 3618 2498 3686 recipere
2521 3619 2831 3685 noluerunt,
2859 3623 2952 3677 sed
2982 3625 3146 3679 etiam
3177 3627 3230 3681 ill
3259 3627 3353 3697 qui
3388 3644 3421 3685 a

1831 3708 2109 3777 praedictis
2154 3709 2408 3765 l’atribus
2458 3710 2679 3787 fuerunt
2719 3712 3017 3781 baptizati,
3058 3718 3176 3786 pari
3212 3733 3420 3783 lcrtore

1830 3800 1975 3855 ducti
2005 3800 2148 3854 idola
2192 3801 2463 3879 colebant.
2490 3802 2746 3858 Suunnus
2773 3804 2938 3874 igitur
2963 3808 3255 3876 praedictus
3276 3824 3417 3879 pon-

1833 3894 1957 3946 tilex
1973 3893 2316 3948 Audomarus
2336 3880 2579 3967 eamdem
2601 3895 2876 3965 ingressus
2901 3898 3112 3963 urbem,
3137 3898 3416 3956 salutifera

1830 3985 1999 4059 divini
2048 3986 2197 4040 verbi
2231 3997 2498 4057 praecepta
2541 3988 2754 4043 stolidis
2785 4004 3120 4058 paganorum
3161 3994 3417 4048 cordibus

1832 4078 2076 4143 tradidit,
2128 4077 2383 4150 ferasque
2421 4096 2609 4135 eormn
2644 4093 2855 4137 mentes
2901 4084 3056 4138 tetris
3095 4080 3417 4155 ignei-actia:

1828 4168 2152 4240 caliginibus
2184 4179 2416 4225 catcatas
2448 4171 2599 4240 largo
2640 4172 2917 4243 Evangelii
2964 4173 3169 4228 lumine
3210 4173 3412 4228 illumi-

1828 4267 1994 4328 navit,
2028 4283 2278 4338 vanaque
2308 4265 2597 4321 sunulacra
2627 4267 2953 4320 destruenda
3014 4266 3121 4336 igni
3161 4267 3409 4335 tradidit,

1826 4359 2258 4431 sacrilegamqne
2298 4359 2566 4413 idolorum
2590 4356 2862 4411 culturam
2898 4357 2949 4410 in
2991 4357 3247 4426 praidiCta
3275 4359 3412 4415 urbe
3460 4392 3467 4395 «

1827 4453 2071 4511 funditus
2096 4453 2315 4520 evertit,
2345 4468 2671 4522 onmetnque
2706 4452 2757 4503 in
2787 4466 2851 4504 ea
2878 4449 3213 4505 habitantem
3241 4465 3415 4523 popu-

1826 4546 1936 4602 lum
1999 4547 2065 4602 ad
2114 4548 2271 4602 Iidem
2331 4545 2602 4601 convertit
2643 4543 3009 4610 catholicam,
3067 4544 3249 4599 divina
3308 4544 3414 4601 sibi

1827 4638 2162 4710 suffragante
2217 4638 2393 4709 gratia
2441 4655 2454 4691 :
2503 4637 2651 4691 onmi
2700 4637 2844 4691 enim
2904 4636 3152 4708 operanti
3212 4628 3417 4693 bonum

161 4728 309 4802 igitur
328 4733 888 4788 Ausutsiusimmenso
908 4729 1108 4802 gaudio
1134 4728 1390 4798 repletus,
1414 4743 1510 4783 eos
1530 4739 1722 4783 saneto
1751 4771 1801 4831 υ
1829 4718 2009 4804 (Rom.
2052 4748 2115 4796 ιι,
2150 4732 2240 4802 ιο)
2292 4731 2437 4784 Deus
2475 4738 2825 4798 cooperator.
2868 4727 2929 4783 Si
2959 4730 3129 4792 enim,
3181 4718 3439 4786 testante

165 4824 532 4879 monachorum
571 4826 845 4880 consortio
873 4821 1174 4892 conjunxit.
1206 4820 1417 4877 Dehine
1445 4821 1503 4876 S.
1535 4821 1719 4876 Ando-

164 4926 333 4970 ntarus
379 4916 606 4985 spiritali
657 4916 828 4987 gratia
871 4914 1105 4984 plenus,
1170 4921 1332 4969 aetate
1386 4921 1560 4979 tener,
1615 4914 1718 4969 [ide

163 5003 430 5071 robustus,
473 5008 722 5062 districto
776 5005 975 5077 regula:
1023 5005 1186 5077 rigori
1238 5003 1529 5069 subditus,
1577 5005 1720 5060 inter

164 5093 325 5171 agium
354 5100 732 5154 monachorum
757 5098 1009 5170 populum
1033 5096 1133 5151 fuit
1157 5097 1414 5162 imbutus,
1438 5098 1721 5154 omnibus-

164 5196 258 5250 qIIe
294 5186 490 5245 Christi
523 5191 783 5247 militibus
831 5191 884 5244 iu
915 5192 1171 5260 prtedicto
1198 5189 1533 5253 monasterio
1559 5191 1717 5245 habi—

167 5276 401 5363 tantibus,
432 5281 613 5336 diviua
651 5283 914 5339 suadente
941 5283 1135 5351 gratia,
1167 5279 1418 5335 amabilis
1441 5281 1562 5336 fuit.
1589 5283 1721 5337 Erat

1826 4823 2115 4896 Apostolo,
2161 4822 2302 4876 Deus
2350 4837 2445 4891 pro
2504 4821 2683 4886 nobis,
2737 4819 2854 4891 quis
2913 4830 3102 4876 contra
3159 4835 3253 4895 nos
3302 4826 3420 4880 est?

1830 4915 2005 4986 (llum.
2030 4930 2147 4979 vtu,
2177 4911 2292 4982 5|.)

1902 5012 1954 5067 5.
1987 5009 2286 5076 Postquam
2306 5019 2433 5059 vero
2464 5005 2773 5074 praedictam
2820 5003 3035 5073 plebem
3083 5000 3150 5055 ad
3182 5001 3431 5062 verme,

1829 5106 2032 5161 cultum
2066 5098 2323 5172 praelatus
2350 5097 2592 5168 pontifex
2622 5098 2911 5161 convertit,
2933 5096 3158 5154 verbum
3183 5088 3446 5148 divinum

1829 5191 2285 5255 concurrentibus
2308 5191 2375 5246 ad
2397 5206 2523 5247 eum
2560 5191 2794 5261 undique
2834 5181 3185 5258 praedicando
3239 5183 3450 5249 turbis,

1828 5291 2140 5358 multosque
2167 5282 2221 5337 in
2246 5281 2339 5337 Dei
2366 5272 2595 5340 nomine
2630 5280 2794 5335 variis
2836 5274 3120 5334 liberando
3151 5267 3454 5330 languori-
