3936 5402
407 125 557 185 1185

1516 120 1858 179 ΕΟιΟΑῙιΒΙ
1885 120 2251 183 OPUSCULA
2278 126 2505 185 DUBIA.

3552 132 3575 184 ι
3592 131 3683 187 l3!

407 244 532 309 bus,
564 255 881 313 magnarum
913 240 1016 297 sibi
1058 238 1210 311 signa
1247 237 1506 292 virtutum
1536 235 1751 305 largitio
1771 252 1995 293 conces-
2024 243 2069 303 Α
2101 241 2349 312 nipotens
2380 252 2597 298 ventum
2655 242 2732 299 ilh
2780 233 3083 303 concedens
3130 255 3352 317 aptum,
3396 246 3686 301 mitescere

407 336 481 392 sit
517 334 721 400 divina,
745 332 812 387 de
841 331 1038 401 quibus
1064 345 1206 386 nunc
1231 328 1507 399 almigeris
1532 327 1677 384 illius
1704 328 1998 384 virtutibus

407 426 746 496 subsequens
803 437 983 479 sermo
1007 461 1024 488 ,
1073 420 1294 477 Christo
1343 420 1573 485 favente,
1606 434 1777 488 pauca
1805 417 1999 488 depro-

408 536 561 577 mere
590 529 862 591 properat.
897 501 1139 586 Quadam
1177 530 1308 572 vero
1353 516 1440 571 die
1469 515 1812 570 Audomarus
1838 527 1996 585 egre-

409 613 528 685 gius
547 611 748 667 Christi
780 608 1059 666 confessor
1105 609 1157 663 in
1205 608 1445 663 Bononia
1487 607 1599 678 (99)
1630 607 1763 661 urbe
1814 620 1999 676 perse-

408 718 647 770 verans,
710 712 832 774 post
902 710 1198 757 nocturnas
1269 699 1485 769 vigilias
1541 698 1781 754 diluculo
1845 711 1999 752 more

411 797 572 852 solito
597 811 845 867 surgens,
887 795 940 848 in
993 792 1277 849 ecclesiam
1330 792 1554 847 intravit
1598 806 1778 857 orare,
1817 789 1999 860 ibique

410 887 683 957 prolixum
715 884 888 940 mstivi
938 882 1042 938 diei
1090 881 1327 952 spatium
1377 882 1602 936 verbum
1633 878 1726 935 Dei
1767 880 1999 935 circum-

410 978 683 1035 stantibus
736 976 909 1032 turbis
950 974 1272 1045 prtedicans.
1322 973 1650 1043 Missamque
1687 971 1998 1028 Christiano

410 1071 608 1145 populo
630 1078 878 1135 cantans,
908 1067 1126 1139 πει-οιίς
1157 1066 1331 1122 variis
1359 1065 1649 1137 generibus
1685 1064 1997 1119 morborum

412 1178 606 1220 manus
627 1162 932 1233 imponens,
961 1152 1280 1217 meridianis
1305 1158 1411 1214 diei
1439 1159 1588 1214 horis
1611 1158 1737 1213 vita:
1770 1172 1999 1212 venera-

410 1255 535 1311 bilis
582 1244 749 1310 senex
803 1252 980 1307 lassus
1013 1265 1135 1307 sese
1169 1250 1366 1305 locavit
1418 1250 1486 1305 ad
1532 1250 1749 1305 lectum.
1794 1249 2000 1305 Dehine

410 1358 638 1417 parvum
699 1343 962 1415 pausandi
1014 1342 1246 1412 spatium
1307 1342 1496 1398 volens
1555 1357 1653 1397 suo
1719 1341 2000 1413 indulgere

412 1438 598 1493 multis
625 1437 901 1492 laboribus
929 1435 1156 1507 fatigato
1205 1435 1547 1506 corpusculo,
1598 1450 1739 1490 unus
1787 1435 1855 1490 de
1888 1435 2003 1490 eir-

411 1529 809 1584 cumstantibus
838 1527 1008 1598 ipsius
1036 1526 1549 1597 ministrisjuvenili
1582 1535 1741 1581 aetate
1760 1525 1999 1582 lascivus

411 1618 641 1677 accessit
676 1621 743 1677 ad
786 1621 936 1676 illum
969 1621 1153 1677 dicens
1180 1639 1194 1675 :
1225 1639 1246 1673 ‹
1274 1620 1522 1687 Domine,
1555 1620 1619 1676 da
1675 1619 1807 1675 mihi
1857 1634 2003 1674 nunc

413 1718 560 1766 tuam
610 1725 824 1766 mecum
863 1712 1064 1767 habere
1114 1710 1538 1780 licentiam;'ad
1589 1710 1768 1765 vicina
1811 1710 2002 1781 pelago

411 1800 536 1855 volo
566 1815 709 1856 nunc
740 1814 964 1872 pergere
1008 1801 1146 1856 loca.
1180 1819 1200 1854 ι
1228 1801 1383 1857 Tunc
1427 1815 1591 1857 senex
1632 1798 1818 1868 juveni
1867 1800 2004 1854 dixit

411 1905 598 1946 coram
622 1891 776 1946 turba
810 1891 1050 1960 petenti:
1086 1909 1104 1943 ι
1134 1890 1249 1946 Non
1280 1892 1448 1947 habes
1470 1891 1768 1956 licentiam,
1798 1890 1871 1945 fili
1907 1891 2002 1959 mi,

415 1988 593 2043 adhue
654 2003 881 2061 pergere
943 1989 1129 2057 foras;
1187 2005 1311 2045 nam
1349 1989 1443 2044 tibi
1507 1988 1594 2044 hic
1639 1985 1830 2042 melius
1879 1998 2006 2039 reor

413 2088 732 2147 exspectare
757 2093 1070 2151 parumper,
1097 2080 1268 2135 donec
1306 2094 1392 2133 me
1432 2078 1688 2149 sospitem
1722 2076 1790 2130 de
1813 2088 2005 2130 somno

414 2180 637 2238 surgere
667 2183 880 2226 cernas.
912 2190 930 2223 ι
961 2170 1218 2226 Praevidit
1244 2169 1391 2225 enim
1423 2169 1681 2241 providus
1702 2166 2006 2238 speculator

413 2260 498 2314 sui
526 2261 706 2331 gregis
732 2262 1050 2334 prophetico
1099 2262 1291 2333 plenus
1318 2262 1532 2333 spiritu,
1586 2260 1789 2315 erranti
1817 2254 2004 2332 juveni

414 2355 558 2423 quod
579 2365 725 2413 esset
753 2355 951 2411 malum
980 2356 1150 2412 abire.
1183 2354 1335 2410 Tunc
1355 2369 1564 2411 sommo
1595 2353 1802 2423 sepitus
1832 2351 2005 2406 fessus

415 2444 497 2500 sic
538 2446 688 2501 siluit
728 2462 915 2503 senex.
961 2449 1058 2502 Ast
1099 2445 1317 2517 juvenis
1345 2444 1534 2516 optimi
1569 2457 1832 2514 spernens
1876 2455 2008 2512 pra:-

415 2544 574 2607 cepta
601 2539 838 2609 patroni,
868 2547 927 2594 ut
966 2554 1082 2594 mos
1112 2546 1198 2594 est
1230 2537 1522 2610 juvenibus
1560 2536 1711 2607 jussa
1745 2535 1823 2589 sic
1851 2547 2005 2603 sper-

418 2642 553 2684 nere
578 2644 803 2697 senum,
836 2640 964 2687 tunc
1009 2630 1213 2701 rapidis
1253 2630 1529 2701 gressibus
1580 2627 1733 2684 velox
1761 2626 1827 2681 ad
1859 2639 2008 2681 mare

418 2708 694 2793 migravit.
722 2723 859 2779 Tum
889 2736 1111 2795 parvam
1152 2722 1457 2780 naviculam
1490 2734 1722 2777 cernens
1743 2720 1796 2773 in
1827 2719 2008 2773 littore

419 2819 682 2878 stantem,
723 2830 828 2885 qua
856 2814 999 2869 soliti
1040 2814 1259 2868 fueruttt
1286 2812 1536 2868 homines
1567 2827 1789 2883 parvum
1829 2818 2010 2864 trans-

2100 332 2288 404 pelago
2313 332 2510 402 jubens
2533 342 2661 390 ante
2683 336 2933 401 tumenti,
2963 336 3206 392 navicula
3234 346 3434 391 natans
3473 332 3685 393 rursum

2099 441 2196 498 per
2224 442 2373 483 mare
2395 444 2670 494 serenum,
2710 438 2949 483 actutum
2978 430 3170 483 iterum
3201 432 3387 485 salvus
3430 431 3690 484 remeavit

2100 522 2165 575 ad
2187 531 2423 592 portum,
2448 523 2513 577 de
2545 538 2651 591 quo
2681 523 2830 578 illum
2853 532 3009 578 antea
3041 522 3198 578 fortis
3229 532 3493 592 rapuerat
3517 522 3686 578 Eurus

2099 620 2151 666 et
2176 612 2483 683 przedictus‘
2515 613 2718 667 rivulus
2777 613 2930 677 Elna,
2987 613 3076 668 ubi
3130 614 3357 669 intravit
3412 616 3469 668 in
3522 629 3685 669 mare.

2100 703 2272 760 Nauta
2303 722 2529 777 surgens
2558 708 2701 763 illico
2727 718 2884 763 notos
2912 724 3209 779 agnoscens
3235 724 3422 775 agros,
3468 707 3687 762 illaesam

2100 798 2351 869 linquens
2406 815 2556 855 suam
2612 801 2664 855 in
2708 799 2889 856 littore
2931 816 3143 864 navem,
3193 801 3447 857 littoreas
3477 801 3689 855 calcans

2100 893 2303 963 rapidis
2333 893 2608 963 gressibus
2654 893 2835 963 algas,
2885 893 3231 948 multimodas
3277 908 3452 964 agens
3491 892 3690 961 gratias

2100 985 2467 1057 Omnipotenti
2497 1026 2512 1050 ,
2551 986 2618 1040 ad
2667 1001 2823 1041 suum
2863 986 3132 1056 paenitens
3173 1001 3397 1040 rursum
3458 984 3687 1039 recurrit

2099 1076 2478 1147 patronum.ln
2503 1092 2567 1131 co
2589 1076 2876 1146 episcopus
2902 1076 3077 1131 adhuc
3104 1087 3348 1131 moratus
3369 1091 3483 1146 quo
3504 1090 3688 1130 somno

2101 1169 2334 1240 sopitum
2387 1176 2510 1223 ante
2556 1168 2852 1239 reliquerat
2905 1168 3072 1232 illum,
3123 1170 3261 1223 mira
3300 1152 3688 1238 omnipotentis

2104 1260 2197 1316 Dei
2222 1259 2591 1317 misericordia
2630 1261 2681 1315 in
2710 1260 2914 1315 eisdem
2947 1261 3097 1316 horis
3130 1261 3276 1316 celer
3316 1261 3412 1316 ille
3443 1274 3690 1314 reversus

2102 1360 2203 1407 est.
2234 1351 2386 1405 Tunc
2412 1352 2727 1421 proximans
2772 1350 3016 1421 postibus
3052 1351 3189 1406 aulae
3234 1351 3326 1406 ubi
3371 1364 3545 1406 senex
3573 1364 3693 1404 ora-

2100 1444 2212 1512 bat,
2240 1444 2403 1499 miser
2437 1443 2618 1499 multis
2643 1443 2867 1499 vocibus
2895 1443 3002 1499 cito
3028 1453 3335 1515 prostratus
3361 1442 3431 1496 ad
3466 1451 3689 1506 terram,

2104 1534 2339 1589 humidis
2367 1532 2603 1588 vultibus
2625 1533 2836 1603 culpam
2867 1532 3168 1597 confessus,
3201 1548 3324 1588 cum
3355 1529 3488 1585 ﬂetu
3517 1530 3691 1599 suspi—

2106 1641 2269 1691 rans,
2313 1624 2567 1697 lacrymis
2621 1625 2833 1679 veniam
2898 1622 3177 1693 ﬂagitabat
3222 1622 3487 1695 profusis.
3548 1620 3694 1674 Tunc

2103 1733 2267 1774 senex
2300 1717 2493 1772 leniter
2545 1716 2719 1786 inquit
2778 1716 3079 1787 corripiens
3130 1716 3323 1770 illum:
3381 1732 3400 1765 ι
3434 1712 3562 1776 Fili,
3602 1708 3694 1766 tibi

2105 1818 2262 1864 antea
2288 1808 2396 1863 dixi
2422 1807 2549 1878 quid
2575 1815 2718 1863 esset
2741 1814 3051 1868 venturum.
3098 1805 3244 1877 quod
3293 1821 3403 1859 non
3434 1813 3489 1859 te
3519 1801 3693 1858 decuit

2106 1900 2263 1955 hodie
2290 1913 2517 1970 pergere
2544 1897 2708 1961 foras,
2760 1912 2858 1953 cur
2895 1911 3058 1951 ausus
3105 1910 3165 1951 es
3214 1903 3405 1965 postea
3452 1904 3693 1947 nostrum

2106 2001 2456 2048 contemnere
2484 1988 2743 2045 verbum?
2774 2008 2793 2042 ι
2840 1986 2993 2043 Tunc
3043 1986 3305 2042 tremulus
3332 1984 3556 2056 juvenis
3597 1998 3693 2037 suo

2107 2084 2388 2157 respondit
2420 2091 2691 2155 patrono:
2728 2101 2747 2134 ι
2772 2080 2887 2136 Mea
2910 2080 3088 2150 culpa,
3120 2079 3363 2141 domine,
3388 2092 3510 2132 mea
3540 2089 3694 2130 vera-

2106 2178 2245 2234 citer
2274 2174 2449 2245 culpa,
2481 2174 2702 2246 ignosce
2744 2172 2943 2227 misero
2970 2169 3099 2225 mihi
3140 2184 3239 2240 per
3268 2179 3320 2223 te
3348 2183 3378 2222 a
3412 2174 3590 2222 morte
3611 2179 3696 2220 re-

2107 2268 2287 2324 ducto.
2318 2287 2336 2321 »
2364 2266 2515 2321 Tunc
2540 2267 2674 2337 ipse,
2692 2272 2750 2319 ut
2771 2264 3026 2329 diximus,
3052 2277 3147 2317 sua
3169 2259 3411 2331 pericula
3445 2272 3692 2322 narrans,

2107 2360 2249 2430 quod
2278 2357 2424 2414 solus
2452 2357 2594 2412 inter
2642 2362 2913 2410 tumentes
2966 2352 3166 2409 Oceani
3198 2350 3413 2415 ﬂuctus,
3443 2348 3692 2417 interque

2105 2464 2334 2507 voraces
2375 2449 2520 2505 circa
2568 2447 2819 2518 scopulos
2852 2444 3187 2503 currentium
3234 2441 3510 2513 gurgitum
3536 2451 3693 2493 mstus

2108 2542 2162 2597 in
2195 2557 2360 2612 parva
2397 2538 2669 2605 navicula,
2699 2537 2866 2594 multa
2909 2550 3197 2606 perpessus
3246 2532 3300 2586 in
3347 2538 3548 2600 ponto,
3596 2540 3692 2580 nec

2110 2634 2247 2690 mari
2279 2650 2341 2690 se
2372 2631 2602 2688 credidit
2655 2632 2837 2685 vivum
2892 2628 3121 2683 evadere
3177 2637 3361 2695 posse,
3394 2620 3502 2676 nisi
3548 2618 3691 2672 illum

2110 2725 2376 2783 misellum
2426 2725 2718 2780 humanam
2767 2722 3144 2791 desperantem
3196 2731 3353 2785 opem
3398 2702 3694 2768 Sudomari

2110 2819 2321 2874 meritis
2346 2817 2488 2872 Deus
2516 2816 2799 2871 liberasset
2826 2814 2908 2869 de‘
2930 2819 3123 2866 morte.
3151 2809 3305 2864 Tunc
3342 2806 3507 2864 silere
3539 2804 3681 2875 juve-

420 2907 685 2963 scendere
742 2906 941 2963 flumen
992 2906 1133 2976 quod
1183 2905 1383 2962 accolae
1440 2905 1725 2961 nominant
1781 2903 1912 2973 ipsis
1952 2903 2004 2957 in

2113 2928 2235 2968 nem
2262 2911 2425 2982 jussit
2451 2909 2530 2965 sic
2558 2909 2771 2966 sobrius
2818 2919 3008 2969 senex,
3041 2904 3315 2958 incautum
3367 2896 3685 2967 discipulum

420 3002 667 3072 partibus
695 3001 824 3055 Elna
859 3000 1058 3073 (Eine),
1102 2999 1392 3054 immemor
1429 3010 1485 3052 at
1507 2996 1746 3069 juvenis,
1775 3004 2009 3050 czecatus

421 3111 610 3153 amore
653 3096 788 3163 ludi,
822 3093 1125 3150 inconsulte
1174 3102 1417 3148 actutum
1468 3090 1615 3146 solus
1670 3087 1914 3144 ascendit
1958 3086 2011 3142 in

423 3192 592 3259 illam,
624 3190 743 3262 ipse
766 3189 953 3244 volens
976 3187 1161 3243 ludere
1206 3186 1262 3242 in
1304 3183 1465 3254 hujus
1515 3183 1672 3238 rivnli
1708 3182 1871 3252 ripas.
1913 3180 2013 3235 Ast

425 3283 575 3339 illum
644 3282 697 3337 in
757 3280 980 3351 pelagus
1032 3278 1209 3347 rapuit
1264 3277 1348 3331 vis
1406 3274 1581 3329 valida
1637 3274 1806 3329 venti.
1859 3271 2013 3327 'l‘unc

425 3372 604 3428 subito
655 3385 883 3440 surgens
927 3370 981 3425 in
1025 3380 1189 3441 ponto
1216 3383 1357 3425 saava
1401 3374 1723 3437 tempestas,
1772 3365 1883 3436 ipsa
1916 3379 2015 3419 na-

427 3463 605 3519 vicula
682 3462 843 3519 undis
902 3460 1328 3518 tumescentibus
1380 3467 1678 3531 quassata,
1747 3472 1851 3512 nec
1910 3470 2010 3526 gu-

425 3557 719 3616 bernacula
772 3572 870 3614 nec
910 3558 1328 3628 gubernatorem
1384 3554 1611 3618 habens,
1670 3551 1778 3607 huc
1805 3559 1861 3606 et
1885 3549 2013 3605 illuc

426 3648 679 3704 fluctibus
727 3662 917 3704 errans
960 3647 1184 3702 natabat
1223 3647 1277 3701 in
1319 3644 1456 3699 mari
1488 3642 1632 3713 quod
1662 3655 1859 3713 magno
1889 3640 2009 3694 Bri-

428 3743 671 3797 tanniam
717 3742 927 3813 gurgite
980 3720 1216 3796 secernit
1273 3754 1305 3793 a
1355 3737 1621 3802 Francis,
1678 3734 1822 3806 quod
1872 3746 2014 3803 sa'pe

426 3832 739 3889 fortissimis
764 3831 959 3887 mersis
985 3831 1075 3885 hic
1100 3829 1331 3885 navibus
1354 3834 1532 3884 uocet.
1566 3827 1665 3883 Ast
1714 3825 1885 3880 miser
1913 3838 2014 3879 nec

426 3925 702 4002 propriam
755 3938 985 3981 cernens
1042 3938 1144 3979 nec
1190 3922 1414 3977 alteram
1449 3932 1677 3984 terram,
1711 3928 1838 3974 tunc
1864 3915 2013 3972 illum

429 4016 685 4093 paenituit
736 4016 877 4086 quod
927 4016 1135 4086 sprevit
1185 4014 1348 4070 verba
1401 4012 1648 4084 patroni;
1700 4009 1837 4066 mon‘
1893 4022 2014 4065 sese

430 4109 660 4164 credidit
687 4108 864 4187 ventis
888 4108 1250 4180 pugnantibus
1278 4106 1331 4162 in
1358 4106 1546 4173 undis;
1593 4114 1701 4160 nec
1728 4102 1880 4159 navis
1915 4113 2016 4156 nec

427 4200 642 4272 juvenis
691 4210 906 4271 poterat
958 4201 1213 4257 resistere
1273 4211 1459 4272 ponto.
1506 4196 1661 4254 Tunc
1713 4196 1862 4252 illum
1916 4209 2016 4265 per

2113 3003 2299 3060 humili
2330 3004 2631 3074 reprimens
2658 3010 2838 3056 mente
2865 3016 2878 3053 :
2911 3017 2928 3049 ‹
2957 2995 3066 3052 Nec
3095 2997 3201 3051 hoc
3222 2995 3474 3055 verbum,
3500 2986 3687 3059 inquit,

2111 3097 2306 3153 iterum
2341 3097 2484 3152 foras
2512 3096 2579 3151 ab
2609 3110 2705 3151 ore
2731 3095 3039 3163 depromas,
3072 3104 3173 3145 nec
3200 3086 3292 3142 ulli
3317 3083 3555 3141 hominis
3584 3081 3691 3134 han

2111 3190 2179 3244 de
2210 3204 2296 3244 me
2325 3190 2507 3244 dicere
2536 3187 2723 3251 debes,
2750 3184 2987 3257 quandiu
3037 3198 3124 3237 me
3169 3181 3374 3234 videris
3419 3176 3523 3231 hac
3548 3172 3690 3227 breu

2110 3280 2314 3353 perfrui
2344 3280 2473 3345 vita,
2505 3293 2571 3334 ne
2594 3278 2820 3333 zabulus
2847 3282 3064 3346 superet
3087 3268 3485 3342 nosjactantia:
3511 3264 3680 3332 culpa;

2112 3388 2213 3428 nec
2248 3371 2317 3427 ab
2366 3388 2460 3428 ore
2504 3372 2783 3426 hominum
2830 3383 3074 3440 qumrere
3120 3364 3356 3428 laudem,
3412 3360 3480 3415 ne
3524 3354 3689 3412 inanis

2112 3463 2281 3534 gloria
2308 3478 2403 3519 cor
2430 3472 2676 3518 nostrum
2700 3461 2844 3516 levet
2878 3460 2931 3514 in
2970 3457 3188 3512 altum.»
3223 3453 3362 3508 Hinc
3393 3460 3516 3522 post
3544 3445 3697 3513 hujus

2112 3558 2317 3613 obitum
2385 3564 2580 3612 cuncta
2632 3549 2730 3624 per
2782 3551 3027 3609 ordinem
3088 3557 3407 3604 monstrans
3456 3538 3693 3598 narravit

2111 3650 2406 3722 discipulus
2431 3649 2517 3704 ille
2542 3647 2632 3719 qui
2663 3661 2859 3720 passus
2887 3655 2971 3702 est
2999 3645 3053 3700 in
3081 3642 3242 3698 unzlis
3276 3638 3449 3711 ([00).

2182 3741 2236 3796 7.
2262 3740 2392 3797 Post
2422 3741 2527 3797 hoc
2576 3756 2684 3797 non
2732 3738 2899 3794 multo
2931 3734 3189 3806 temporis
3217 3728 3507 3787 intervallo
3541 3727 3607 3782 ad
3637 3726 3690 3780 Β.

2113 3833 2483 3889 Audomarum
2539 3832 2606 3888 de
2664 3830 2920 3902 praedicta
2972 3823 3431 3883 Constantinense
3488 3819 3697 3890 regione

2117 3937 2228 3982 tres
2257 3942 2361 3981 una
2386 3939 2509 3980 cum
2535 3932 2714 3978 mente
2735 3922 2837 3976 viri
2877 3918 3283 3980 Mummolinus,
3311 3914 3701 3969 Ebertramnus

2114 4017 2264 4088 (illi)
2288 4025 2619 4088 sanctusque
2646 4014 2901 4070 Bertinus
2936 4012 3142 4083 pariter
3181 4014 3475 4070 venerunt,
3528 4002 3688 4057 relin-

2114 4120 2344 4181 quentes
2366 4109 2528 4163 etiam
2557 4107 2850 4164 secundum
2897 4103 3106 4161 Domini
3157 4108 3487 4173 praeceptum
3517 4107 3699 4167 paren~

2064 4262 2069 4267 ,
2119 4212 2219 4270 tes,
2244 4203 2495 4274 patriam,
2525 4212 2822 4270 omnesque
2846 4198 3176 4268 propinquos
3201 4192 3420 4266 (ΜαιιΙι.
3449 4205 3568 4251 xix,
3589 4186 3698 4256 29).

433 4293 622 4348 merita
654 4295 797 4348 Dcus
838 4291 1132 4348 Audomari
1180 4301 1513 4362 precantem,
1547 4291 1815 4361 trepidum
1843 4287 2008 4344 Saxo-

2120 4296 2358 4352 Sanctus
2407 4309 2537 4349 vero
2586 4293 2929 4349 Audomarus
2976 4288 3265 4361 praedictos
3317 4284 3417 4339 Dei
3471 4279 3700 4335 famulos

433 4381 611 4436 nicam
634 4379 1034 4453 [Anglicanam]
1067 4381 1208 4435 illico
1239 4381 1459 4436 deduxit
1507 4380 1574 4434 ad
1624 4388 1849 4434 terram.
1877 4377 2012 4431 Tum

436 4477 633 4533 iterum
659 4471 907 4542 stupidus
945 4472 1127 4543 ignota
1168 4485 1395 4526 cernens
1440 4486 1591 4538 arva,
1629 4476 1875 4540 raptores
1903 4475 2014 4523 tre-

436 4561 616 4620 mulus
667 4576 728 4617 se
765 4562 1039 4618 denudare
1087 4562 1334 4628 timebat,
1384 4561 1431 4617 si
1486 4560 1634 4617 solus
1671 4559 1875 4615 diutius
1909 4556 2018 4612 illic

435 4661 754 4723 exspectare
780 4663 1065 4711 tentasset.

491 4745 563 4801 ‘6.
621 4744 757 4802 lline
800 4757 980 4804 notam
1037 4747 1304 4803 confitens
1353 4744 1731 4801 inobedientiaa
1779 4740 2013 4811 culpam,

436 4835 692 4909 lacrymis
726 4838 956 4893 ubertim
1004 4838 1238 4909 profusis
1285 4832 1566 4907 postulans
1613 4848 1795 4904 opem,
1833 4831 2018 4886 Audo-

438 4944 648 4986 marum
677 4931 907 4986 tremula
954 4929 1198 4985 clamans
1247 4937 1377 4984 tunc
1419 4942 1553 4983 voce
1602 4936 1922 4998 patronum,
1964 4923 2019 4977 in

439 5020 726 5083 Dominum
756 5022 928 5079 fidens
955 5022 1064 5077 cito
1106 5020 1338 5076 recurrit
1376 5020 1443 5075 ad
1472 5032 1688 5074 navem.
1710 5018 1868 5074 ‘lllico
1893 5016 2021 5073 Om-

513 5157 625 5237 (g9)
654 5158 922 5237 Bonon_ia_1
929 5157 1080 5237 _alias
1096 5153 1341 5237 Dolopia,
1360 5152 1647 5237 Βοιειοῃηε2
1666 5151 2023 5237 battd_procitl

444 5221 756 5285 ab'Oc'eano
788 5230 856 5284 ad
880 5229 1072 5284 Elnam
1104 5225 1352 5288 fluvium,
1381 5221 1546 5278 sedes
1560 5221 1881 5292 episcopalis
1905 5221 2023 5278 Mo-

444 5296 686 5352 rinorum
713 5338 729 5362 ,
772 5301 847 5354 uti
908 5309 966 5354 et
1009 5295 1292 5352 Tarvenna
1337 5293 1612 5363 quondam
1670 5293 1900 5363 civitas,
1926 5292 2024 5363 iad

445 5363 661 5402 lbninun
691 5361 959 5402 “nuit-thum
1007 5383 1035 5402 οι
1057 5365 1253 5402 l‘oimln
1275 5363 1317 5402 V
1344 5361 1452 5402 {rem
1497 5372 1639 5402 ειηῃή
1661 5362 1681 5402 ⁴
1696 5361 1800 5402 Βέίλ
1819 5362 1998 5402 ρτιιῖαςι

2116 4386 2360 4461 graliflce
2382 4386 2605 4457 recepit,
2635 4386 3032 4453 immensasque
3076 4377 3435 4449 omnipotenti
3480 4373 3699 4431 Domino

2116 4481 2318 4554 gratias
2346 4494 2511 4551 agens
2532 4478 2622 4550 qui
2657 4478 2791 4533 tales
2822 4476 2925 4531 sibi
2963 4475 3031 4530 ad
3081 4471 3491 4544 przedicaudum
3530 4466 3698 4520 Evan-

2117 4573 2314 4646 gelium
2361 4573 2635 4643 adjutores
2674 4568 2917 4625 deduxit.
2972 4567 3138 4623 Erant
3170 4566 3316 4621 enim
3358 4560 3571 4634 pnefati
3603 4557 3699 4611 viri

2119 4666 2175 4722 in
2214 4665 2318 4721 fide
2344 4664 2570 4736 perfecti
2607 4662 2905 4728 catholica,
2937 4668 2993 4717 et
3037 4660 3091 4716 in
3129 4655 3520 4714 ecclesiasticis
3547 4649 3704 4707 disci-

2118 4757 2282 4830 plinis
2304 4766 2464 4826 atque
2490 4755 2544 4811 in
2575 4755 2759 4812 divina
2799 4755 3075 4825 Scriptura
3098 4751 3319 4809 eruditi.

2193 4850 2249 4906 8.
2298 4848 2473 4904 Parvo
2521 4849 2763 4920 posthmc
2803 4847 3059 4918 temporis
3104 4845 3282 4917 spatio
3333 4849 3613 4897 transacto
3640 4835 3693 4891 S.

2121 4942 2465 4998 Audomarus
2494 4958 2616 4996 cum
2648 4941 2921 5011 prtedictis
2968 4940 3143 4995 beatis
3186 4937 3340 5002 viris,
3378 4933 3561 4990 divina
3597 4926 3693 4984 sibi

2124 5034 2439 5091 stimulante
2485 5032 2656 5107 gratia
2684 5073 2700 5101 ,
2752 5033 3139 5088 monasterium
3199 5026 3461 5099 cogitavit
3511 5026 3568 5079 in
3611 5023 3696 5077 Dei

2198 5148 2346 5220 (l00)
2372 5146 2619 5205 Posthaec
2651 5149 2704 5203 in
2735 5147 3045 5220 apographo
3066 5143 3400 5220 Fuliensium
3431 5139 3697 5220 Parisien-

2125 5212 2265 5277 siu‘m
2294 5212 2555 5274 recitatur
2581 5212 2806 5274 tentatio
2834 5212 3037 5281 carnis,
3060 5230 3220 5286 quam
3248 5213 3307 5286 S.
3340 5212 3696 5286 Audomarus,

2125 5291 2378 5359 exemplo
2396 5289 2453 5344 S.
2482 5288 2777 5359 Benedicti,
2808 5280 3102 5343 urticarum
3121 5293 3177 5340 et
3196 5284 3477 5355 spinarum
3508 5280 3698 5335 aculeis

2127 5373 2414 5402 sitmst-ngat
2450 5358 2667 5402 dicitur-
