3936 5402
211 267 344 326 1185

1481 228 1635 327 τω
1679 271 1740 330 s.
1768 270 2143 329 annonam.

3319 274 3458 330 1186

205 383 431 438 fundare
470 383 735 440 nomine:
773 385 838 441 ad
891 385 1244 441 habitandum
1283 387 1426 442 cnim
1481 388 1778 454 monachis,
1809 392 1853 450 Α
1884 385 2013 442 dicti
2047 385 2148 441 viri
2174 394 2295 457 post
2335 385 2552 456 aliquod
2599 386 2885 457 praevisum
2923 388 3022 444 sibi
3053 387 3285 459 spatium
3313 389 3459 447 illico

207 475 386 530 divina
431 475 531 530 sibi
566 476 826 546 largiente
875 479 1268 543 misericordia,
1323 481 1498 536 locum
1547 480 1778 536 habebat

208 573 409 634 aptum.
441 565 571 618 Erat
599 568 743 620 enim
797 569 1015 638 quidam
1063 570 1144 624 vir
1189 582 1384 641 potens
1424 573 1778 629 Atlrowaldus

204 655 440 719 nomine,
469 656 521 710 in
570 658 771 713 divitiis
812 659 968 725 hujus
1019 663 1199 717 saeculi
1230 665 1382 718 vanis
1421 665 1575 720 valde
1602 666 1775 730 dives,

204 762 362 816 quem
397 744 457 799 B.
486 747 823 805 Audomarus
853 752 918 806 de
945 768 1130 808 errore
1177 756 1498 824 gentilitatis
1525 756 1589 810 ad
1617 757 1776 812 fidem

205 839 468 892 convertit
487 841 830 906 catholicam,
863 859 1130 914 quemque
1151 861 1273 900 cum
1299 848 1445 902 omni
1477 863 1574 902 sua
1598 848 1775 918 bapti-

205 931 347 984 zavit
405 929 630 986 familia.
681 935 1036 990 Adrowaldus
1087 954 1213 992 vero
1258 940 1506 1006 prudenti
1553 940 1778 994 consilio

207 1020 426 1076 fallaces
473 1024 691 1078 divitias
746 1027 1025 1094 praesentis
1081 1029 1263 1083 saeculi
1321 1044 1621 1098 spernens,
1677 1045 1777 1087 nec

202 1112 364 1166 ullum
400 1114 606 1171 habens
631 1116 820 1182 filium,
854 1135 1103 1189 magnam
1150 1137 1261 1176 suae
1305 1122 1619 1178 hereditatis
1653 1140 1779 1193 par-

204 1214 307 1258 tem
331 1221 451 1260 cum
486 1210 632 1262 omni
665 1224 758 1264 sua
783 1212 1060 1282 multiplici
1085 1214 1386 1268 substantia
1413 1215 1520 1270 Deo
1542 1225 1597 1271 et
1620 1218 1776 1271 beato

201 1298 393 1352 obtulit
425 1302 751 1367 Audomarn,
775 1303 957 1358 villam
980 1304 1230 1360 videlicet
1257 1322 1377 1376 quae
1402 1317 1532 1362 noto
1559 1308 1778 1363 nomine

205 1401 420 1444 vocatur
452 1391 650 1448 Sitbiu.
682 1394 877 1451 Beatus
894 1411 1022 1451 vero
1058 1398 1398 1454 Audomarus
1429 1401 1480 1454 in
1519 1403 1774 1470 praedicta

197 1480 321 1534 villa
349 1491 475 1537 ante
497 1485 783 1540 adventum
808 1488 1186 1558 praedictorum
1222 1491 1459 1546 virorum
1490 1493 1775 1549 ecclesiam

201 1573 506 1642 aedificavit,
539 1577 592 1631 in
619 1593 687 1633 eo
711 1581 872 1634 etiam
922 1581 1040 1636 loco
1087 1584 1139 1639 in
1168 1598 1277 1653 quo
1304 1599 1460 1639 suum
1493 1596 1682 1656 pausat
1721 1587 1774 1641 in

203 1679 332 1732 pace
379 1669 782 1736 corpusculum.
834 1669 1126 1742 Postquam
1167 1688 1296 1744 ergo
1334 1673 1543 1742 przefati
1573 1674 1664 1729 Dei
1696 1674 1775 1729 fa-

205 1755 325 1808 tnnli
357 1757 424 1810 ad
454 1773 576 1812 eum
623 1773 1004 1830 pervenerunt,
1045 1765 1315 1821 concessit
1362 1766 1467 1821 illis
1497 1776 1554 1820 ut
1584 1784 1774 1823 mona-

195 1847 423 1901 chorum
455 1850 821 1906 habitaculum
851 1842 1216 1920 'zediticarent,
1253 1857 1560 1926 ubicunque
1587 1859 1691 1913 illis
1722 1859 1777 1913 in

194 1938 456 2007 .przedicta
492 1941 781 2010 placuisset
804 1944 949 1998 villa.
981 1944 1165 2000 Sancti
1199 1946 1362 2016 igitur
1390 1947 1490 2000 viri
1521 1947 1778 2002 Mummo-

197 2029 518 2102 linns(l02)
566 2043 726 2103 atque
773 2035 1023 2091 Bertinus
1079 2052 1201 2092 cum
1251 2040 1464 2093 caeteris
1507 2054 1693 2093 eorum
1723 2039 1777 2093 in

200 2116 410 2172 Christo
466 2123 644 2176 sociis.
682 2125 1070 2179 monasterium
1127 2125 1395 2181 aediﬁcare
1442 2128 1493 2182 in
1542 2129 1776 2198 quodam

194 2221 477 2280 ets-perunt
528 2214 662 2276 loco,
715 2218 857 2286 quod
913 2233 1084 2287 usque
1132 2219 1292 2273 hodie
1345 2220 1510 2274 Vetus
1553 2232 1779 2276 vocatur

204 2307 583 2361 monasterium
621 2309 767 2379 (l03)
797 2325 813 2375 ;
851 2311 944 2365 sed
976 2311 1028 2365 in
1058 2326 1123 2366 eo
1156 2311 1274 2367 loco
1296 2314 1482 2382 paucis
1505 2325 1779 2370 morantes

208 2398 378 2459 annis,
407 2399 589 2454 divina
620 2401 700 2456 eis
742 2403 1003 2458 suadente
1047 2404 1242 2475 gratia,
1281 2405 1444 2459 alium
1498 2407 1780 2462 voluerunt

203 2486 391 2557 eligere
422 2487 620 2544 locum.

268 2579 318 2634 9.
347 2580 496 2636 Beati
525 2582 688 2651 igitur
709 2586 836 2655 viri,
869 2587 920 2641 in
964 2589 1171 2644 Domini
1203 2590 1534 2646 confidentes
1563 2592 1777 2648 miseri-

211 2671 408 2737 cordia,
457 2673 752 2741 perfectum
814 2678 1136 2734 invenerunt
1181 2683 1486 2736 consilium.
1519 2681 1778 2740 Protinus

199 2759 338 2813 cnim
367 2761 419 2814 in
447 2778 640 2817 navem
671 2767 1023 2822 ascendentes
1049 2770 1165 2824 sine
1194 2772 1554 2840 gubernatore
1590 2783 1645 2828 et
1690 2790 1778 2828 rc-

203 2851 382 2920 migio,
415 2868 484 2908 ac
536 2855 652 2910 sine
687 2857 791 2912 ulla
842 2860 945 2915 cibi
991 2870 1046 2915 et
1085 2874 1242 2931 pctus
1275 2880 1441 2928 cura,
1473 2866 1578 2920 huc
1617 2877 1780 2936 atque

204 2943 327 2998 illuc
375 2947 619 3016 spatioso
669 2959 859 3021 stagno
922 2954 1233 3010 adhaerente
1281 2958 1539 3024 przedicto
1589 2953 1776 3014 eorum

206 3032 510 3091 habitaculo
575 3040 938 3110 navigantes,
1018 3045 1439 3114 omnipotentem
1513 3049 1846 3134 r0gabaatc

205 3122 486 3179 Dominum
525 3137 579 3182 ut
617 3131 684 3184 ad
739 3129 914 3185 locum
963 3148 1120 3202 quem
1170 3151 1268 3190 sna
1323 3137 1425 3193 illis
1455 3141 1775 3208 praeparavit

203 3214 571 3272 misericordia
593 3236 686 3275 eos
715 3221 1002 3279 deduceret
1033 3225 1252 3292 illaesos;
1279 3229 1519 3285 dicentes
1544 3233 1774 3288 invicem

199 3305 339 3371 quod
365 3321 472 3362 non
501 3315 774 3367 ascensuri
805 3325 988 3370 essent
1037 3318 1103 3372 de
1148 3320 1403 3388 prtedicto
1424 3331 1638 3392 stagno,
1670 3325 1774 3380 nisi

207 3400 438 3464 quando,
465 3404 707 3460 navicula
729 3421 913 3461 eorum
938 3420 1120 3478 aptutn
1142 3413 1371 3468 tenendo
1395 3423 1628 3482 portum,
1648 3431 1776 3471 con-

205 3487 413 3559 tigisset
445 3493 554 3549 illis
584 3499 875 3554 secundum
902 3500 1146 3556 ordinem
1171 3503 1407 3572 psalterii
1435 3506 1772 3576 subsequen-

209 3583 310 3630 tum
341 3593 562 3638 cantare
588 3586 908 3642 versiculum
935 3605 948 3643 :
994 3588 1123 3644 Ila'c
1151 3593 1346 3661 requies
1386 3610 1499 3647 mea
1528 3595 1583 3648 in
1613 3611 1778 3648 siccu-

203 3663 308 3720 fttm
332 3672 538 3736 sa'cuh';
588 3675 671 3727 hic
705 3677 968 3744 habitabo,
997 3681 1244 3748 quoniam
1286 3681 1415 3752 elegi
1443 3699 1556 3736 eam
1599 3682 1772 3754 (Psal.

207 3770 386 3822 cxxxr,
420 3762 528 3831 14).
562 3765 866 3823 MiSericors
916 3769 1080 3838 igitur
1120 3771 1381 3827 Dominus
1409 3775 1499 3843 qui
1526 3775 1637 3827 suis
1659 3774 1776 3830 ubi-

209 3862 310 3916 que
337 3867 578 3921 pr:esens
604 3865 687 3912 est
731 3857 964 3924 famulis,
997 3876 1162 3930 prope
1196 3870 1278 3916 est
1327 3865 1470 3917 enim
1521 3864 1775 3920 Dominus

209 3939 580 4006 invocantibus
617 3964 761 4015 eum,
796 3966 987 4007 navem
1018 3955 1068 4006 in
1103 3969 1208 4024 qua
1233 3953 1374 4009 beati
1401 3952 1615 4009 fuerunt
1640 3971 1778 4024 prae-

277 4095 420 4179 (10⁸1)
435 4097 744 4179 (Adi-caldus
769 4102 974 4179 (scribit
1002 4104 1226 4179 lpc_rius)
1263 4105 1421 4179 coluit
1444 4107 1777 4179 donationem

208 4179 352 4245 suam
382 4168 676 4245 litterarum
711 4168 1038 4226 attestationé
1067 4168 1290 4242 ﬁrmari,
1331 4188 1384 4229 ut
1430 4177 1622 4242 futuris
1648 4188 1778 4230 tem-

206 4233 412 4315 poribus
437 4239 658 4293 validior
677 4255 1024 4364 permaneret.
1053 4233 1144 4298 Sic
1169 4233 1288 4314 ergo
1319 4262 1378 4299 ea
1417 4233 1592 4312 incipit
1619 4261 1638 4298 :
1671 4248 1777 4301 Do-

208 4315 367 4359 minis
423 4311 626 4364 sanctis
702 4313 926 4364 'atrihus
977 4312 1215 4364 Bertino.
1273 4315 1637 4364 Mnmmelino-
1669 4326 1776 4364 etc.

208 4311 367 4382 minis
423 4311 626 4382 sanctis
677 4311 926 4366 Patrihus
977 4311 1242 4377 Bertinof
1273 4315 1637 4382 Mummelino,
1669 4326 1776 4372 etc.

1879 480 2102 535 deduxit
2142 481 2210 536 ad
2273 490 2495 536 terram.
2552 481 2704 538 Tunc
2764 482 2928 537 etiam
2987 482 3082 547 illi,
3142 483 3456 553 pradictum

1878 579 2143 626 canentes
2166 571 2512 636 versiculum,
2543 571 2661 626 sine
2688 587 2839 626 mora
2883 571 3457 642 navemlrelinquentes

1876 659 1982 721 lzeti
2008 660 2345 714 intraverunt
2371 661 2422 714 in
2448 671 2668 728 terram,
2693 672 3076 732 cognoscentes
3097 663 3261 718 etiam
3282 663 3455 719 locum

1879 750 2029 805 illum
2069 766 2099 805 a
2136 751 2364 806 Domino
2400 752 2532 823 ipsis
2579 754 2854 808 traditum.
2908 753 3112 809 Dehinc
3161 754 3222 808 Β.
3279 755 3498 810 Audo--

1879 859 2051 908 maro,
2093 845 2180 913 pio
2213 860 2398 900 eorum
2431 845 2608 910 Patre,
2659 845 2893 912 favente,
2925 848 3315 902 monasterium
3360 863 3456 903 no-

1880 935 2023 989 mine
2066 934 2240 990 Sithiu
2273 933 2424 1005 (104)
2477 936 2734 1006 praedicta
2763 936 2884 991 villa
2917 938 3248 992 nominatum
3293 953 3456 1008 super

1875 1026 2177 1096 Agnionam
2219 1026 2439 1082 ﬂuvium
2475 1028 2527 1082 in
2575 1028 2667 1082 Dei
2715 1028 2934 1082 nomine
2978 1028 3247 1082 aedificare
3276 1041 3450 1096 empe-

1879 1127 2023 1172 runt.
2075 1118 2590 1189 Conﬂuentibnsque
2631 1119 2866 1188 undique
2911 1119 3176 1190 religiosis
3206 1119 3339 1174 viris
3383 1120 3451 1173 ad

1878 1210 2164 1279 praulictos
2194 1211 2289 1266 Dei
2308 1210 2558 1275 famulos,
2589 1211 2648 1264 Β.
2677 1211 3018 1266 Audomarus
3046 1207 3449 1264 Mummolinnm

1877 1300 2208 1356 multitudini
2237 1301 2528 1370 praeposuit
2571 1300 2952 1355 monachorum
2981 1317 2995 1365 ;
3021 1301 3117 1356 sed
3149 1315 3252 1355 non
3281 1300 3452 1356 mulzo

1875 1392 2114 1461 posthaec
2160 1390 2417 1462 temporis
2468 1391 2782 1456 intervallo,
2824 1391 3079 1462 praefatus
3124 1393 3450 1448 venerabilis

1876 1483 2044 1540 abbas
2075 1483 2451 1539 anmolinus
2485 1486 2552 1538 ad
2580 1483 2952 1539 Noviomcnsis
2987 1484 3138 1540 urbis
3163 1484 3449 1556 episcopa-

1877 1583 2012 1641 tum,
2044 1575 2225 1630 divina
2256 1576 2517 1645 largiente
2574 1577 2769 1648 gratia,
2821 1585 3106 1648 provectus
3130 1584 3236 1642 est,
3271 1583 3327 1631 et
3352 1589 3453 1645 per

1877 1668 2066 1738 viginti
2086 1677 2142 1724 et
2159 1683 2251 1724 sex
2282 1668 2428 1738 (105)
2454 1684 2622 1724 annos
2643 1668 2910 1740 praedicta:
2933 1668 3174 1724 civitatis
3194 1666 3448 1740 populum

1877 1772 1908 1811 a
1933 1757 2159 1812 Domino
2186 1757 2286 1812 sibi
2315 1759 2577 1813 creditum
2614 1761 2713 1814 rite
2733 1759 3072 1830 gubernavit.

1957 1849 2044 1910 10.
2104 1849 2382 1907 Gloriosus
2432 1850 2596 1920 igitur
2651 1849 2891 1920 pontifex
2939 1851 3282 1906 Andomarus
3330 1857 3452 1922 post

1879 1937 2282 1993 Mummolinum
2310 1939 2363 1993 in
2403 1940 2658 2008 praedicto
2688 1940 3016 1994 monasterio
3044 1949 3234 1994 sancto
3263 1955 3452 1993 mona-

1879 2032 2108 2087 chorum
2166 2033 2336 2087 choro
2375 2033 2593 2087 beatum
2637 2031 2930 2102 praaposuit
2960 2031 3237 2086 Bertinum
3276 2031 3447 2102 (106);

1877 2125 2085 2179 sanctis
2113 2125 2258 2180 enim
2298 2123 2560 2179 fratribus
2599 2125 2651 2179 in
2705 2124 2894 2178 eodem
2949 2124 3068 2180 loco
3119 2123 3220 2178 sub
3247 2124 3452 2179 strictae

1877 2216 2078 2286 regula:
2109 2217 2287 2286 rigore
2328 2218 2436 2271 Deo
2473 2216 2834 2272 servientibus
2861 2216 3088 2272 dilectus
3115 2224 3280 2286 atque
3304 2231 3452 2270 ama-

1875 2307 1998 2362 bilis
2024 2310 2214 2362 beatus
2235 2307 2337 2362 fuit
2369 2309 2638 2363 Bertinus.
2670 2309 2801 2363 Erat
2820 2308 2962 2363 enim
2999 2309 3084 2362 vir
3106 2307 3449 2373 venerabilis,

1878 2395 1931 2450 in
1981 2398 2184 2451 divinis
2231 2397 2392 2452 rebus
2447 2400 2704 2467 prudens,
2737 2409 2792 2452 et
2837 2399 3098 2468 providus
3149 2398 3327 2469 gregis
3365 2397 3450 2452 sui

1877 2498 2080 2558 pastor,
2115 2490 2168 2544 in
2207 2490 2365 2546 malis
2399 2505 2525 2544 vero
2577 2490 2804 2558 simplex
2855 2501 2909 2546 et
2938 2491 3217 2554 innocens,
3248 2505 3446 2546 secun-

1878 2582 2002 2636 dum
2063 2583 2272 2637 Domini
2337 2593 2660 2652 praeceptum
2703 2601 2730 2636 :~
2768 2580 2946 2636 Estote
2977 2583 3255 2653 prudentes
3304 2579 3441 2637 sicut

1876 2682 2156 2740 serpentes,
2208 2681 2255 2725 et
2304 2672 2562 2743 simplices
2610 2675 2745 2726 sicut
2812 2671 3065 2726 columba
3118 2672 3336 2742 (Matth.
3381 2686 3441 2739 ι,

1880 2763 1990 2834 16).

1949 2857 2036 2910 11.
2080 2855 2326 2912 Ροειιιωο
2358 2872 2508 2921 vero,
2538 2855 2722 2911 multis
2751 2855 3234 2912 intervenientibus
3261 2856 3444 2924 annis,

1877 2946 1940 3001 B.
1980 2948 2323 3002 Audomarus
2381 2949 2630 3004 carnales
2656 2949 2912 3003 amittens
2940 2949 3126 3004 oculos
3165 2949 3448 3019 temporali

1877 3037 2120 3107 privatus
2141 3048 2227 3093 est
2251 3037 2472 3104 lumine,
2504 3049 2563 3094 ut
2591 3049 2848 3110 perpetua
2880 3040 2998 3095 lucc
3023 3039 3360 3095 illuminatus
3393 3040 3447 3094 in

1879 3128 2162 3197 Dominum
2195 3145 2410 3201 semper
2458 3131 2742 3200 aspiceret,
2791 3133 2927 3186 sicut
2982 3131 3040 3184 Β.
3072 3130 3238 3184 David
3265 3129 3397 3185 dicit
3430 3147 3443 3183 :

1879 3218 2032 3273 Oculi
2061 3220 2160 3273 mei
2197 3236 2396 3288 semper
2437 3222 2506 3273 ad
2547 3220 2825 3275 Dominum
2869 3220 3041 3292 (Psal.
3084 3235 3195 3284 xrv,
3225 3219 3354 3290 15);
3393 3225 3450 3274 et

1877 3310 2018 3365 idem
2049 3311 2210 3364 dicit:
2243 3311 2325 3363 Ad
2363 3321 2410 3364 te
2430 3310 2592 3365 levavi
2624 3311 2801 3365 oculos
2843 3328 3008 3377 meos,
3051 3312 3140 3382 qui
3165 3309 3370 3364 habitas
3393 3309 3450 3363 iu

1877 3401 2016 3456 caelis
2045 3397 2233 3470 .(Psal.
2265 3399 2540 3470 cxxn,l).
2594 3399 2699 3453 Per
2745 3400 3092 3454 amissionem
3149 3413 3278 3454 vero
3323 3411 3447 3451 car-

1876 3492 2080 3548 nalinm
2137 3491 2414 3546 oculorum
2462 3492 2689 3561 spiritali
2740 3493 2942 3546 lumine
2993 3491 3242 3562 repletus,
3281 3505 3451 3560 popu-

1878 3581 1985 3635 lum
2025 3581 2304 3637 aDomino
2352 3581 2453 3637 sibi
2508 3584 2772 3637 creditum
2839 3585 3028 3637 eodem
3089 3584 3310 3653 regebat
3361 3597 3451 3635 or-

1878 3673 2000 3727 dine
2027 3672 2196 3742 (m7).
3369 3669 3373 3674 '

1949 3761 2036 3817 12.
2061 3761 2302 3818 Posthaec
2324 3778 2449 3818 vero
2464 3763 2646 3833 paucis
2664 3763 3142 3819 intervenientibus
3157 3762 3314 3817 annis
3329 3779 3449 3819 cum

1877 3855 2164 3925 praedictus
2192 3855 2510 3910 venerabilis
2548 3857 2670 3910 vita:
2697 3870 2862 3910 senex
2897 3855 3240 3908 Audomarus
3281 3855 3449 3908 nimio

1880 3943 2045 4001 febris
2064 3943 2258 4000 ardore
2283 3944 2472 3999 fuisset
2522 3944 2796 4016 fatigatus,
2823 3958 3054 4016 cumque
3089 3943 3230 3998 diem
3268 3943 3450 3997 obitus

1880 4103 1922 4158 11
1953 4118 2095 4157 anno
2129 4104 2309 4169 tertio,
2338 4104 2535 4158 Christi
2562 4103 2685 4169 liii),
2719 4103 2999 4158 ordinatus
3022 4102 3092 4156 sit
3129 4103 3441 4172 episcopus.

1880 4172 2265 4243 pmiueritqne
2295 4174 2550 4227 Ecclesia:
2589 4173 3000 4243 Noviomagensi
3033 4181 3086 4226 et
3116 4173 3459 4243 'l‘ornacensi

1882 4243 2038 4298 annis
2063 4242 2249 4298 decem
2281 4261 2344 4297 ac
2372 4259 2587 4307 novem,
2612 4259 2754 4298 anno
2790 4242 2894 4298 649
2918 4243 3092 4296 locum
3120 4242 3246 4296 fecit
3276 4242 3450 4295 Mum-

1882 4313 2115 4374 moleno,
2145 4314 2234 4382 qui
2263 4316 2332 4368 ob
2354 4329 2551 4380 equum
2580 4313 2752 4369 sancti
2782 4314 2878 4366 viri
2907 4313 3220 4380 subreptum
3262 4311 3446 4382 abbati

207 4368 796 4466 fuitmdonatiomv'nt.
830 4382 919 4465 Id.
976 4368 1264 4466 Septemb,”
1329 4368 1778 4466 anno;x_t_,'reg.ni
1812 4405 1858 4466 ο
2279 4368 2432 4453 Eligii
2483 4384 2991 4466 c.n_rrcp_ti.tsndicitnt_'
3020 4368 3085 4435 in'
3123 4382 3242 4466 Vita
3281 4381 3451 4450 ipsius

206 4440 404 4526 domini
433 4451 597 4526 nostri
629 4451 919 4505 Chlodovei
944 4440 1123 4526 _t_'eqis.
1165 4440 1353 4508 Actum
1382 4457 1432 4507 in
1457 4440 1628 4509 Sithiu
1658 4440 1780 4511 villa

207 4510 486 4595 davnia-ica.
514 4519 579 4572 Et
603 4529 788 4595 tamen
817 4523 956 4595 apud
978 4510 1238 4595 Mirteum,
1269 4525 1461 4578 Donat.
1492 4527 1628 4595 pi-ar.
1661 4510 1780 4594 eap.

207 4579 526 4652 §_._legitur:
580 4589 763 4642 Actum
812 4579 962 4645 A'scio
1017 4593 1136 4646 villa
1187 4579 1699 4650 dbntinica.'Anttus
1727 4579 1784 4652 'xt

207 4647 486 4730 Cltlodgvei
515 4675 655 4710 anno
685 4659 880 4715 Christi
914 4662 1015 4716 648
1039 4663 1348 4730 respondet.

207 4787 219 4799 .
275 4722 418 4803 (105)
439 4725 790 4803 §nrinslegit
818 4741 958 4803 vetus
998 4722 1264 4803 templum.
1295 4733 1521 4803 ilperius
1549 4753 1561 4787 :
1593 4735 1780 4800 Iussu,

207 4795 397 4869 inquit,
429 4795 493 4848 Β.
540 4795 826 4853 Audonirrri
867 4810 968 4853 tres
1005 4795 1110 4853 viri
1135 4802 1304 4853 sancti
1335 4795 1574 4869 irraulicti
1619 4795 1780 4857 eccle;

206 4861 817 4944 tioiumconstruxerunt
864 4885 908 4924 et
950 4869 1132 4924 cellam
1160 4871 1212 4923 in
1251 4861 1510 4944 territorio
1551 4874 1781 4942 ejusdem

209 4929 364 4995 vilice,
394 4933 447 4985 in
474 4934 589 5009 loco
609 4939 698 5004 qui
727 4941 898 4992 adhuc
925 4949 972 4992 et
1014 4953 1224 5009 propter
1245 4942 1341 4992 hoc
1379 4941 1532 4996 Vetus
1568 4929 1783 4998 ὗοειιηιιε

210 5005 569 5083 monasterium
591 5024 752 5083 super
773 5005 1254 5083 [luviumAgniona
1298 5027 1437 5083 anno
1477 5013 1601 5067 626.
1644 5012 1783 5083 (1ch

212 5080 357 5153 anno
391 5076 537 5153 circa
585 5076 734 5153 6-59.)
767 5078 829 5130 In
871 5095 933 5153 eo
985 5076 1099 5133 loco
1143 5079 1436 5147 supradicti
1472 5084 1573 5153 (viri
1612 5076 1782 5137 sancti

211 5147 356 5224 (Ιξφδξ
383 5147 752 5224 ἐηῄρνεηιζιοςῑρ
791 5149 1032 5202 sederunt
1071 5165 1188 5203 cum
1241 5152 1600 5207 conventiculo
1620 5163 1779 5224 parvo

211 5215 482 5281 constricti,
496 5215 646 5267 annis
676 5216 756 5281 l-l,
782 5226 886 5272 etc.

251 5275 428 5355 .004)
468 5275 845 5355 Monasterium
892 5286 1216 5348 Sithivense,
1275 5286 1414 5342 alias
1459 5291 1775 5353 Ulterense,

215 5341 649 5402 dictum’atluvio
677 5354 829 5402 liltm
880 5357 992 5402 (mu
1023 5369 1074 5402 et
1122 5341 1323 5402 Ᾰσήίη-
1363 5341 1772 5402 Αίσηῖἓιῖςίᾜῖηζ

1891 4453 2066 4525 Eligii,
2103 4453 2192 4508 lib.
2237 4470 2296 4517 tt,
2328 4450 2449 4525 cap.
2495 4453 2585 4518 44,
2635 4450 2723 4508 ubi
2767 4454 2824 4508 S.
2869 4454 3158 4525 Autloenns
3189 4450 3454 4525 Munime-

1887 4521 2068 4577 lenium
2121 4526 2284 4577 uirum
2334 4521 2675 4592 apostolicum
2724 4532 2901 4576 vocat.
2946 4522 3184 4577 Decessit
3226 4521 3452 4592 proinde

1887 4593 2284 4648 Mummolenns
2319 4590 2459 4648 anno
2484 4594 2611 4657 684,
2640 4595 2724 4649 die
2752 4596 2818 4648 l6
2865 4592 3056 4647 Octob.
3109 4590 3234 4660 quo
3257 4592 3344 4644 die
3393 4590 3449 4646 in

1887 4663 2286 4735 Martyrologiis
2316 4664 2669 4735 Benedictino
2696 4674 2750 4735 et
2793 4663 3075 4735 Gallicano
3116 4662 3448 4735 celebratur.

1885 4731 2235 4802 Ejus'corpns
2266 4735 2317 4787 in
2367 4733 2560 4802 majori
2607 4734 2833 4787 ecclesia
2863 4731 3298 4800 Noviomagensi.
3326 4745 3454 4802 pars

1884 4803 2079 4872 capitis
2135 4803 2187 4855 in
2240 4801 2569 4857 monasterio
2629 4802 2923 4857 Sithivensi
2979 4802 3356 4872 adservantur.
3397 4801 3454 4872 in

1886 4869 2001 4942 ejus
2031 4872 2182 4942 Actis
2203 4887 2330 4942 mss.
2364 4874 2493 4942 nihil
2523 4880 2716 4941 praeter
2742 4873 2840 4926 ista
2889 4871 3149 4942 occurrit,
3175 4869 3276 4942 nisi
3310 4871 3459 4936 quod

1887 4937 2259 5065 a'Chllotblario
2283 4937 2578 4996 Chlodovei
2608 4941 2715 4996 ﬁlio
2755 4953 3035 5011 promotus
3062 4939 3129 4992 ad
3178 4937 3466 5009 episcOpa-

1887 5022 1998 5065 tum
2048 5027 2130 5065 cut
2160 5027 2240 5064 ur.

1887 5022 1998 5068 tum
2031 5011 2240 5068 legitur.
3471 5031 3474 5034 ’

1957 5030 2002 5153 l(nl
2015 5030 2417 5153 ftamen
2439 5080 2660 5136 Bertino
2680 5080 2916 5153 primum
2936 5076 3190 5153 loeum_i_n
3215 5077 3478 5153 catalogo

1890 5146 2144 5210 abbatum
2179 5149 2566 5207 Sithivensium
2618 5146 2805 5205 tribuit
2851 5149 3082 5220 lperius,
3113 5146 3484 5205 Mutttntoliuo

1889 5237 2111 5298 υτοτξιὶε
2136 5231 2429 5298 (ΞΧΡἮἘοιολ
2506 5291 2546 5298 --
2601 5290 2612 5298 .
2888 5289 2902 5298 .

1918 5320 1937 5336 ο
1961 5294 2111 5369 (107)
2133 5283 2367 5369 Aln‘NVita
2506 5288 3012 5369 Vetlssti_Alcuintts
3033 5283 3257 5369 _scribit
3277 5283 3492 5369 ριιίιο·

1891 5349 2106 5402 ma‘pnrn'
2132 5360 2189 5402 ᾗ-
2226 5357 2440 5402 Vmincli
2494 5359 2828 5402 Irnnslnlinni
2883 5357 3236 5402 imm-ruisse:
3270 5349 3344 5402 In
3373 5374 3491 5402 nam
