3936 5402
474 262 608 319 HM

1608 259 1951 317 FOLCARDI
1989 257 2353 318 OPUSCULA
2400 258 2627 315 DUBIA.

3628 260 3762 318 1199

470 373 780 439 Oswaldns,
819 375 1152 431 concedente
1177 391 1294 446 rege
1320 373 1608 446 Adelretlo,
1658 372 2057 446 [Vigornensem
2088 378 2135 438 Α
2167 367 2473 446 deAhlull'o
2499 389 2511 424 :
2535 370 2807 446 Successit
2843 370 2893 424 ei
2930 370 2983 424 in
3016 370 3386 446 utraquesede
3412 369 3667 446 Aldulfus
3700 391 3758 429 es

471 448 825 517 episcopatum
851 447 905 499 in
929 463 1092 500 manu
1119 464 1215 501 sua
1236 444 1441 509 habuit,
1479 454 1618 517 teste
1659 444 1865 498 Thoma
1891 444 2059 498 Stub-

473 516 581 595 bio.
626 516 1108 595 Ipse-duodecimo
1148 518 1481 595 episcopatus
1534 516 1617 568 sui
1657 530 1818 595 anno,
1843 530 2062 595 congre-

470 588 605 656 gatis
630 586 948 656 coepiscopis
964 627 978 649 ,
1012 586 1304 647 abbatibus.
1329 586 1609 655 multisque
1635 585 1893 656 religiosis
1912 584 2059 656 viris,

462 653 641 709 sancti
674 653 908 709 omam:
935 656 1309 726 archiepiscopi
1339 673 1464 726 ossa,
1484 653 1630 726 anno!
1654 655 1793 726 regis
1813 653 2061 706 Adelredi

470 740 596 783 xxv.
630 726 819 798 indici.
852 741 943 792 xv,
980 741 1053 780 vn
1083 725 1223 797 [lege
1256 723 1388 798 mu]
1425 725 1544 798 Kal.
1577 723 1732 789 Maii,
1764 723 1900 798 feria
1932 738 2004 786 tv,
2031 740 2062 798 _e

468 794 673 866 tumulo
690 796 912 866 levarit,
940 806 987 853 el
1018 794 1296 853 iit—scrinio
1320 794 1461 866 quod
1482 806 1786 865 paraverat,
1810 865 1814 866 ί
1851 794 2064 866 honori-

467 864 567 936 fice
595 865 870 936 collocarit
896 882 915 930 ;
943 876 988 920 et
1018 883 1119 920 non
1150 866 1311 920 multo
1332 862 1491 936 post,
1510 866 1562 918 id
1593 876 1672 936 est
1697 865 1838 932 prid.
1872 862 2061 936 Nonas

468 932 625 1004 .ﬂaii.
658 935 767 1004 ipse
800 937 1077 1004 defumlus
1102 946 1199 1000 est,
1231 947 1277 990 et
1305 932 1359 990 in
1387 937 1604 991 ecclesia
1637 934 1848 989 Sancta:
1872 933 2062 987 Maria:

473 1001 768 1075 Wigornite
799 1001 1050 1075 sepultus.
1085 1007 1388 1062 Florentius
1431 1006 1830 1075 Wigorniensis
1868 1005 2060 1058 eadem

471 1074 637 1147 hvhet
670 1077 736 1130 ad
768 1092 967 1147 annum
1001 1075 1157 1140 ιουεξ,
1191 1093 1299 1147 quo
1332 1077 1447 1133 haec
1492 1074 1723 1130 elevatin
1768 1076 1912 1147 facta
1954 1083 2058 1147 est.

469 1143 712 1215 Uterque
734 1146 1027 1215 exscripsit.
1056 1143 1365 1202 Simeonem
1421 1147 1835 1201 Dnnelmcnsem
1878 1144 1930 1198 in
1967 1143 2059 1198 lib.

467 1213 545 1266 De
597 1213 1007 1289 gestisuregum
1058 1217 1376 1289 Anglorum.
1436 1219 1687 1288 Ejusdem
1744 1216 2064 1289 elevatiunis

471 1284 719 1356 meminit
759 1284 1061 1344 Willelmus
1115 1284 1613 1344 Malmesburiensis
1676 1289 1729 1342 in
1795 1284 2064 1356 episcopis

467 1350 919 1412 Eboracensibus.
955 1356 1122 1422 Tunc,
1182 1359 1374 1425 inquit,
1414 1360 1469 1413 in
1511 1358 1731 1412 ecclesia
1776 1350 1843 1410 ΒΣ
1874 1350 2063 1411 Murus

468 1426 723 1497 sepultus,
759 1437 873 1497 post
900 1427 1177 1483 duodecim
1205 1446 1369 1484 annos
1410 1430 1574 1497 signis
1608 1428 1857 1482 divinitus
1888 1436 2065 1497 osteug

467 1495 541 1549 “sis
569 1514 600 1549 u
631 1495 770 1550 terra
798 1499 970 1552 elatus
1000 1507 1096 1551 est.
1150 1499 1290 1564 Quid
1332 1495 1474 1553 sane
1501 1500 1742 1552 miraculi
1792 1499 1880 1561 sit,
1922 1496 2063 1564 quod

462 1570 580 1620 toto
605 1581 822 1638 corpore
849 1568 904 1621 iu
942 1570 1203 1636 pulverem
1233 1570 1670 1638 assumpto,stola
1696 1566 2062 1629 sacerdotalis,

466 1651 575 1710 qua
604 1636 778 1705 fuerat
807 1638 1057 1700 amictus,
1089 1639 1396 1710 corruptela:
1414 1636 1589 1710 usque
1626 1639 1695 1691 ad
1749 1638 1886 1710 hanc
1923 1638 2063 1710 diem

2164 442 2354 495 abbate
2382 441 2690 501 Burclieusi.
2718 450 2957 503 sanctus,
3003 450 3057 493 ut
3093 440 3385 507 perhibent,
3426 442 3509 495 vir
3548 454 3598 496 et
3627 460 3759 498 rere-

2165 512 2382 582 reudus.
2415 511 2525 581 Ipsi
2575 527 2673 580 pro
2721 511 3002 582 sanctitate
3044 512 3337 580 ignoscitur
3385 513 3535 582 quod
3584 526 3758 566 contra

2165 581 2376 651 regulas
2416 580 2680 635 canonum
2724 580 2860 635 duas
2895 581 3043 634 sedes
3092 582 3352 652 tenuerit,
3392 580 3540 652 quod
3570 586 3758 638 sciiicet

2166 650 2271 705 non
2299 653 2396 705 hoc
2424 653 2730 714 ambitione,
2767 652 2857 704 sed
2906 650 3213 704 necessitate
3262 650 3469 719 fecerit.
3524 651 3757 707 Wlstouo

2167 736 2269 793 non
2301 723 2396 786 ita,
2429 723 2518 793 qui
2547 721 3200 793 sanctitatediscrepabat
3238 733 3285 774 et
3328 721 3539 775 habitu.
3591 720 3685 778 llic
3707 725 3754 777 in

2164 789 2701 862 Malmesbnriensem
2746 792 3057 862 indignatur
3088 789 3390 846 Godvvinns
3438 802 3609 847 secta:
3658 796 3757 847 An-

2164 861 2413 931 glicante,
2442 864 2584 932 quod
2610 861 2876 916 Adnlfum
2898 864 3126 916 duarum
3160 862 3522 918 ecclesiarum
3555 864 3642 932 cpi

2165 946 2292 1000 pum
2352 934 2542 1002 probet
2595 933 2945 995 Willelmus,
2999 941 3190 986 contra
3253 934 3305 986 id
3368 933 3626 987 “istane
3671 950 3761 1002 pro

2165 1003 2374 1073 scelere
2405 1004 2650 1073 imputet.
2681 1004 2751 1059 At
2782 1003 3080 1073 legitimam
3110 1017 3330 1056 causam
3382 1004 3549 1072 hujus
3578 1005 3761 1059 discri-

2168 1071 2332 1126 minis
2360 1070 2539 1137 all‘ert,
2559 1088 2751 1143 nempe
2774 1073 2826 1126 in
2842 1070 3052 1128 'Adull‘o
3068 1074 3419 1127 sanctitatem
3446 1070 3758 1129 ambitionis

2167 1154 2466 1209 expertem,
2484 1153 2539 1198 ct
2551 1142 2928 1199 necessitatem
2952 1142 3236 1205 Ecclesiae;
3277 1160 3401 1211 qua:
3425 1147 3478 1198 in
3524 1144 3763 1200 Wlstano

2166 1228 2273 1266 non
2304 1214 2536 1268 inerant.
2568 1214 2718 1283 locet
2743 1214 2992 1283 Aldulfus
3017 1212 3329 1283 Wigorniw,
3360 1216 3549 1268 subdit
3568 1214 3763 1270 Winei-

2149 1298 2312 1347 ‘mus,
2345 1284 2505 1355 etiam
2540 1282 2869 1355 Ij‘loriacsnsi
2902 1282 3246 1355 monasterio,
3272 1302 3369 1353 pro
3398 1287 3558 1355 copia
3584 1289 3761 1340 senic-

2168 1369 2284 1406 rum
2304 1354 2503 1427 quibus
2538 1351 3208 1427 Oswaldimuniﬁcentiam
3251 1351 3502 1427 (riuulari
3555 1360 3756 1427 sategit,

2165 1424 2558 1493 pra'dicandus.
2593 1426 2734 1493 Lege
2763 1432 2884 1479 acta
2909 1424 2969 1478 S.
2994 1424 3260 1478 Athonis.
3299 1426 3544 1480 Oswaldi
3570 1424 3758 1482 stolam

2166 1494 2575 1565 sacerdotalem
2600 1510 2949 1565 purpuream,
2982 1510 3115 1565 ituro
3143 1503 3191 1548 et
3232 1498 3454 1565 gemmis
3498 1507 3759 1560 ornatam,

2166 1580 2230 1617 ac
2267 1567 2440 1633 prisca
2485 1563 2883 1634 pulchritudine
2925 1563 3325 1633 fulgidum,_in
3378 1567 3758 1622 Beverlacensi

2168 1636 2396 1690 ecclesia
2421 1645 2696 1691 servatam
2725 1652 2823 1689 suo
2851 1645 3090 1704 tempore
3116 1634 3286 1692 fuisse
3319 1637 3569 1693 Thomas
3598 1638 3759 1692 Stub-

466 1704 720 1760 damuum
747 1724 850 1761 non
877 1709 1086 1774 sentiat,
1112 1704 1324 1762 Domini
1346 1704 1634 1763 reseruetur
1653 1707 1908 1762 examini.
1923 1706 2059 1761 Tum
2096 1723 2140 1781 Β
2170 1704 2290 1758 bins
2321 1706 2503 1761 tradit.

1883 1864 2197 1882 ἡ

537 1946 591 2000 1.
625 1945 859 2001 Sanctus
880 1944 1163 2002 Oswaldns
1189 1946 1655 2018 archiepiscopus,
1708 1950 2047 2006 nobilissima

462 2038 722 2110 progenie
765 2048 938 2103 ortus,
995 2038 1225 2110 eleganti
1259 2038 1434 2094 forma
1481 2040 1699 2095 enituit.
1747 2041 1869 2108 Hic,
1919 2059 2053 2114 puer

465 2128 661 2193 factus,
693 2130 928 2199 pueriles
950 2130 1179 2200 ineptias
1200 2132 1465 2193 devitarc.
1517 2142 1576 2187 et
1626 2133 1694 2186 ad
1742 2136 2048 2191 sanctitatis

463 2233 627 2289 opera
679 2222 1028 2292 semetipsum
1080 2222 1378 2278 informare
1425 2224 1612 2293 carpit.
1665 2224 1860 2280 Frater
1902 2227 2048 2282 enim

462 2312 635 2383 patris
661 2314 741 2367 sui
763 2323 882 2369 erat
915 2326 1137 2369 sanctus
1172 2314 1314 2381 Odo,
1336 2314 1754 2371 .Cantuariensis
1781 2317 2051 2388 archiepi-

461 2420 679 2474 scopus,
700 2406 1027 2460 discretione
1054 2406 1325 2471 sublimis,
1359 2407 1603 2462 moribus
1632 2408 1833 2476 gravis,
1881 2408 2047 2478 justi-

463 2497 550 2551 tiae
574 2497 770 2563 cultor,
795 2507 851 2552 et
880 2500 1029 2553 omni
1060 2498 1277 2555 actione
1308 2515 1405 2555 sua
1436 2501 1886 2572 circumspectus.
1914 2502 2051 2557 Huic

459 2589 607 2645 enim
639 2605 806 2659 nepos
834 2607 966 2646 suus
994 2592 1280 2648 Oswaldns
1310 2593 1573 2648 doctrinis
1598 2594 1944 2660 imbuendus,
1994 2603 2050 2649 et

459 2679 618 2735 bonis
645 2680 905 2751 exemplis
926 2690 982 2737 et
1010 2683 1253 2738 moribus
1282 2683 1630 2739 instruendus
1672 2700 1701 2739 a
1732 2686 2049 2755 parentibus

460 2773 892 2828 commendatur.
931 2773 1190 2829 Smculari
1223 2775 1440 2829 demum
1497 2776 1725 2830 scientia
1795 2786 1850 2832 et
1898 2776 2050 2831 Scri-

461 2874 618 2933 ptura
646 2878 804 2919 sacra
829 2865 896 2919 ad
926 2865 1142 2935 plenum
1174 2864 1518 2931 informatus,
1548 2881 1577 2919 a
1605 2866 1664 2921 S.
1688 2866 1876 2922 Odone
1909 2868 2051 2937 apud

462 2950 797 3007 Wintoniam
822 2955 1120 3009 canonicos
1169 2954 1420 3021 ell'ecttts,
1465 2972 1588 3010 cum
1640 2959 1822 3011 caeteri
1869 2968 2049 3027 spreta

464 3045 807 3103 institutione
826 3047 1033 3103 ordinis
1052 3048 1159 3112 sui,
1188 3048 1457 3103 desideria
1513 3050 1694 3104 cordis
1721 3050 1802 3105 sui
1844 3065 2043 3120 seque-

462 3147 677 3202 rentur,
714 3138 1105 3194 institutionem
1145 3140 1269 3194 vita:
1310 3141 1695 3195 canonicornm
1744 3141 2048 3198 indefessus
2076 3138 2119 3161 "

463 3229 889 3305 exsequebatur.
927 3232 1172 3289 Decanus
1200 3232 1382 3300 itaque
1404 3232 1459 3286 in
1500 3233 1645 3288 brevi
1694 3231 1888 3295 factus.
1936 3249 2049 3286 ma-

459 3317 696 3377 culatam
718 3333 908 3374 senum
936 3318 1102 3372 vitam
1128 3321 1444 3382 emendare,
1482 3330 1538 3375 et
1581 3322 1819 3390 pueriles
1863 3336 2051 3376 eorum

462 3420 657 3461 sensus
701 3402 881 3461 studio
927 3408 1232 3479 disciplina:
1278 3410 1516 3465 caelestis
1565 3427 1834 3466 evacnare
1871 3412 2052 3467 adhuc

462 3494 577 3575 ipse
593 3497 810 3566 juvenis
834 3498 1064 3553 curavit.
1096 3499 1172 3553 Illi
1203 3514 1332 3555 vero
1380 3501 1555 3573 magis
1603 3504 1827 3573 antiqua
1873 3519 2053 3575 pravae

460 3587 873 3643 consuetudinis
916 3589 1112 3644 itinera
1164 3598 1352 3646 tenero
1396 3593 1662 3658 volentes,
1702 3594 1848 3650 nullo
1892 3608 2052 3666 pacto

460 3677 610 3732 illum
636 3679 689 3732 in
722 3679 918 3736 talibus
947 3696 1006 3737 se
1032 3682 1315 3737 audituros
1340 3682 1705 3740 aﬂirmabant.

470 3776 477 3842 ί
527 3788 580 3843 2.
623 3789 743 3857 Quo
770 3790 1066 3858 intellecto,
1095 3802 1278 3862 spreta
1323 3794 1568 3848 smcnlari
1601 3811 1792 3865 pompa
1818 3811 1917 3853 nec
1944 3812 2050 3853 non

458 3881 694 3948 divitiis,
751 3881 1092 3949 Floriaeum,
1144 3884 1234 3938 ubi
1294 3899 1492 3954 corpus
1539 3888 1715 3940 sancti
1772 3888 2050 3943 Benedicti

457 3977 778 4046 requiescit,
810 3991 1038 4047 pergere
1093 3976 1355 4032 decrevit.
1390 3977 1567 4032 Missis
1601 3980 1746 4033 enim
1798 3994 1827 4033 a
1861 3991 2052 4035 sancto

461 4067 647 4121 Odone
692 4066 1149 4122 commendatitiis
1187 4066 1408 4134 litteris,
1466 4079 1522 4124 et
1573 4071 1730 4125 donis
1780 4069 2048 4140 plurimis,

452 4158 709 4227 juvenem
753 4161 898 4216 dicto
943 4160 1342 4217 commendavit
1390 4174 1445 4218 et
1487 4162 1653 4219 facto.
1718 4164 1881 4218 Idem
1920 4178 2050 4219 vero

458 4261 681 4308 sanctus
715 4252 906 4308 Odoin
932 4253 1219 4321 juventnte
1265 4258 1613 4321 constitutus,
1645 4257 1782 4311 mari
1814 4256 2047 4313 transito

457 4334 703 4400 habitum
754 4346 1110 4401 monastieum
1155 4348 1297 4418 apud
1326 4349 1575 4403 eumdem
1610 4349 1918 4405 Floriacum
1951 4365 2046 4405 sn-

2202 1867 2274 1886 δ-

2160 1931 2231 1985 ab
2290 1929 2485 1985 abbate
2543 1930 2596 1985 in
2664 1929 2897 1986 ecclesia
2964 1930 3175 2001 accepit
3234 1929 3436 1994 locum,
3520 1932 3577 1986 in
3653 1948 3754 2002 quo

2152 2024 2264 2082 Deo
2339 2023 2662 2079 fannliarius
2735 2022 3053 2095 adhwreret.
3114 2022 3225 2079 Illic
3284 2025 3432 2079 enim
3490 2024 3750 2089 orationi,

2158 2119 2527 2184 meditationi,
2559 2117 3007 2188 contemplationi
3036 2117 3162 2172 vita:
3185 2118 3467 2188 perennis,
3529 2119 3602 2172 ab
3627 2118 3756 2173 alio-

2160 2228 2280 2267 rum
2324 2211 2705 2281 inquietudine
2760 2218 3033 2273 remotus,
3084 2224 3308 2278 operam
3355 2210 3493 2264 dare
3538 2209 3752 2274 solitus,

2155 2318 2413 2373 magnum
2463 2299 2683 2356 humani
2729 2299 3123 2368 generishosti
3166 2301 3415 2355 fomitem
3468 2299 3661 2355 livoris
3698 2310 3757 2354 et

2156 2395 2267 2448 odii
2311 2392 2682 2447 ministrabat.

2227 2490 2279 2544 '5.
2320 2489 2438 2543 Una
2500 2497 2660 2543 nocte
2716 2487 2974 2558 quadam,
3016 2487 3144 2542 dum
3194 2486 3645 2557 contemplationi
3690 2496 3749 2542 et

2155 2582 2392 2636 orationi
2420 2589 2666 2646 vacaret,
2713 2580 2890 2634 adfuit
2917 2582 3145 2651 εμπ-ηας
3168 2581 3458 2652 malignus,
3494 2591 3557 2636 et
3591 2597 3751 2637 sonos

2157 2670 2444 2726 horriﬁcos
2488 2671 2656 2725 edens
2706 2678 2766 2725 ut
2816 2679 2998 2742 empto
3047 2671 3357 2737 desisteret,
3415 2680 3472 2727 et
3533 2675 3747 2744 segnius

2156 2772 2249 2816 ant
2276 2761 2582 2817 nullatenus
2612 2760 2740 2815 talia
2761 2769 3082 2824 attentaret,
3120 2760 3379 2816 hominen
3420 2760 3518 2816 Dei
3555 2772 3751 2817 terrere

2159 2853 2503 2907 moliebatur.
2531 2853 2601 2906 At
2633 2852 2745 2920 ille,
2780 2851 2902 2906 fidei
2929 2861 3088 2907 scuto
3111 2862 3416 2921 protectus,
3444 2868 3557 2908 non
3588 2856 3747 2924 magis

2156 2947 2220 2999 ad
2254 2944 2533 2999 fremitum
2564 2944 2739 3000 leonis
2787 2944 2873 2999 vel
2920 2945 3138 3000 sibilum
3169 2948 3463 3016 serpentis,
3495 2964 3658 3018 quam
3681 2950 3745 3002 ab

2154 3039 2393 3092 balatum
2449 3039 2568 3093 ovis
2623 3038 2921 3093 exterritus
2975 3046 3080 3093 est.
3147 3038 3351 3094 Harum
3401 3048 3461 3094 et
3520 3040 3736 3094 aliarum

2156 3129 2452 3184 bestiarum
2496 3131 2546 3184 ei
2611 3130 2892 3200 improbus
2956 3130 3049 3185 ille
3106 3146 3264 3185 voces
3326 3131 3590 3200 ingessit;
3653 3133 3735 3185 sel

2156 3221 2563 3291 imperterritus
2584 3233 2783 3277 cuncta
2819 3237 2942 3277 cum
2974 3238 3073 3277 suo
3095 3226 3334 3279 Auctore
3347 3223 3570 3276 derisit.
3595 3221 3736 3288 Quod

2155 3311 2365 3366 daunon
2395 3311 2686 3367 advertens
2708 3313 3003 3382 disparuit;
3035 3313 3131 3366 sed
3162 3312 3214 3365 in
3252 3312 3521 3383 Angelum
3551 3312 3687 3367 lucis
3711 3327 3739 3364 e

2154 3405 2382 3475 vestigio
2425 3404 2863 3477 transﬁguratus,
2895 3406 3068 3461 eidem
3100 3414 3290 3459 sancto
3317 3408 3595 3476 apparuit.
3645 3405 3743 3460 Sed

2153 3492 2238 3553 vir
2295 3498 2389 3553 Dei
2440 3499 2596 3570 signo
2651 3500 2830 3555 crucis
2875 3513 2933 3553 se
2989 3497 3259 3562 munivit,
3311 3499 3499 3554 sciens
3554 3497 3742 3554 exinde

2154 3592 2403 3662 angelum
2455 3592 2592 3648 lucis
2646 3608 2754 3648 non
2820 3591 3184 3656 irritandnm;
3255 3592 3514 3660 angelum
3568 3600 3739 3647 autem

2154 3685 2500 3739 tenebrarum
2523 3683 2735 3738 eminus
2763 3680 3130 3753 eﬂ‘ugaudum.
3168 3680 3236 3735 Et
3272 3680 3481 3735 factum
3524 3681 3611 3737 ést
3652 3684 3739 3736 ita.

2153 3777 2287 3833 Nam
2322 3776 2588 3849 malignus
2620 3784 2880 3839 tentatur,
2910 3775 3030 3831 viso
3052 3774 3233 3831 crucis
3264 3773 3573 3845 signaculo,
3605 3774 3739 3830 velut

2152 3874 2332 3927 fumus
2360 3873 2427 3926 ab
2455 3871 2627 3926 oculis
2653 3869 2769 3939 ejus
2797 3869 3037 3924 evanuit.

2222 3966 2278 4020 4.
2318 3965 2514 4019 Audita
2550 3964 2769 4018 tandem
2824 3971 3011 4018 sancta
3064 3961 3493 4016 conversatione
3538 3963 3737 4032 nepotis

2152 4059 2233 4115 sui
2267 4056 2522 4122 Oswaldi,
2550 4055 2844 4111 immensas
2870 4052 3228 4124 omnipotenti
3263 4052 3374 4107 Deo
3402 4054 3614 4122 gratias
3634 4054 3738 4124 egit

2152 4162 2372 4209 sanctus
2408 4151 2545 4217 Odo,
2572 4159 2627 4206 et
2652 4149 2835 4205 missis
2859 4149 3091 4204 diversis
3120 4147 3448 4203 muneribus
3477 4148 3660 4203 abbati
3684 4158 3737 4202 et

2152 4246 2456 4309 monachis,
2486 4260 2585 4314 pro
2606 4257 2704 4297 suo
2735 4251 2927 4311 nepote
2955 4241 3161 4312 gratias
3184 4239 3443 4295 exsolvit.
3478 4239 3735 4294 lndicavit

2149 4340 2311 4394 etiam
2342 4337 2446 4392 illis
2474 4350 2534 4391 se
2554 4336 2697 4390 illius
2719 4333 3005 4403 praesentia
3030 4347 3358 4403 magnopere
3384 4330 3527 4387 velle
3550 4333 3732 4402 potiri;

458 4424 732 4507 sceperat.
767 4438 1035 4508 Suscepto
1061 4440 1243 4508 itaque
1266 4441 1455 4495 habitu
1484 4442 1567 4509 (il
1585 4443 1631 4512 Ι)
1656 4458 1837 4507 sacro,
1862 4443 1954 4512 qui
1978 4444 2047 4497 ab

2160 4441 2264 4484 tum
2317 4429 2441 4500 quia
2481 4428 2634 4483 senio
2696 4426 2875 4481 fessus
2934 4435 3162 4479 mortem
3217 4423 3323 4478 sibi
3378 4426 3732 4495 propinquam

458 4526 580 4582 aliis
600 4528 783 4583 doceri
811 4539 1059 4593 venerat,
1102 4529 1262 4583 talem
1314 4525 1374 4585 Se
1412 4532 1679 4597 exhibuit,
1728 4543 1786 4587 nt
1816 4534 1948 4589 satis
1988 4534 2042 4588 in

459 4632 526 4672 eo
557 4617 702 4687 quod
730 4619 1011 4685 docerent,
1036 4621 1179 4690 quod
1210 4621 1555 4677 imitarentur
1598 4623 1882 4679 haberent.
1915 4626 2047 4681 Erat

458 4709 605 4764 enim
627 4725 818 4765 somno
850 4726 1067 4782 parcus,
1101 4713 1223 4769 cibo
1268 4713 1505 4779 sobrius,
1556 4716 1610 4769 in
1649 4716 1919 4785 loquendo
1964 4720 2047 4773 di-

459 4810 692 4866 scretus,
722 4802 772 4856 in
796 4805 1043 4859 oratione
1072 4805 1338 4862 assiduus.
1380 4806 1551 4874 Quam
1603 4808 1838 4878 patiens,
1868 4808 2046 4864 humi-

459 4892 549 4959 lis,
598 4894 886 4965 benignus,
931 4906 1243 4953 mansuetus
1287 4899 1560 4955 exstiterit
1620 4908 1678 4955 et
1730 4900 2041 4964 benevolus,

460 4999 523 5014 ne
593 4986 802 5014 Ιοῖηηη-σι
872 4986 1134 5014 ηιιΛ-ῙΙΑΙΑ
1225 5003 1324 5014 ιιι-ιιι
1396 5004 1555 5014 -..οι-ιι
1624 4991 2039 5014 ..-αἶγα-,ιξΑ-.-μ

2149 4522 2382 4586 sciebat;
2419 4531 2528 4574 tum
2556 4519 2680 4589 quia
2709 4518 2944 4589 regulari
2972 4516 3397 4572 conversatione
3421 4532 3538 4571 sua:
3565 4517 3735 4586 gentis

2148 4615 2294 4671 viros
2338 4629 2435 4684 per
2474 4628 2596 4669 eum
2635 4611 2920 4666 instituere
2964 4610 3307 4680 disponebat.
3359 4608 3480 4675 Quo
3534 4610 3733 4672 audito.

2147 4707 2296 4777 gravi
2334 4720 2568 4762 mmrore
2599 4701 2817 4772 deiecti,
2847 4702 3244 4771 nonandentes
3271 4710 3457 4756 tamen
3473 4700 3732 4755 voluntati

2149 4798 2410 4853 antistitis
2432 4797 2656 4853 obviare
2674 4797 2722 4867 (l
2741 4796 2847 4866 ιε),
2865 4803 3078 4866 parent,
3095 4802 3146 4849 et
3168 4793 3355 4848 debito
3382 4808 3508 4847 cum
3536 4794 3735 4848 honore

2148 4890 2213 4943 ad
2243 4899 2429 4944 nutum
2462 4888 2708 4959 praesulis
2736 4889 2998 4960 dirigunt.
3033 4888 3341 4955 Antequam
3379 4896 3566 4940 tamen
3596 4885 3730 4939 Can-

2149 4982 2378 5014 οιοηνῖητη
2430 4983 2615 5014 νος-ἔσσα
2644 4983 2813 5014 nni-nio
2886 4990 3106 5014 annnlnc
3135 4979 3253 5014 an
3280 4979 3527 5014 Λοιιῖιιιηι
3555 4977 3728 5014 τισιν-εἶα
