3936 5402
153 237 289 292 1195

1469 233 1622 288 VITA
1656 231 1712 287 8.
1755 232 2093 289 OSWALDI.

3286 242 3422 296 1194

149 349 348 404 strensi
404 348 552 417 ("3)
593 347 850 403 Ecclesiae
897 347 1114 417 quidam
1154 343 1443 401 Osketillus
1482 347 1720 410 nomine,
1754 349 1798 402 A
1831 344 2087 398 cutiendo
2119 344 2297 398 locum
2347 343 2538 401 altaris
2581 346 2929 401 construendi
2962 346 3222 403 divinitus
3249 348 3420 418 signi-

148 457 266 510 qui,
299 441 484 494 audito
533 441 741 510 nepotis
793 440 874 494 sui
922 440 1157 494 Oswaldi
1189 439 1448 503 adventu,
1497 439 1731 509 benigne

149 530 394 598 suscepit
444 529 610 593 illum,
667 539 720 583 et
770 531 983 584 sincere
1027 529 1235 593 dilexit,
1283 538 1340 582 et
1393 529 1475 584 sui
1531 529 1726 584 secreti

146 623 426 676 conscium
483 620 630 676 fecit.
660 621 952 690 Assumpto
992 620 1208 675 tandem
1258 622 1324 674 ad
1371 621 1729 690 archiepisco-

144 722 335 781 patum
379 710 777 765 Eboracensem
823 710 1100 775 Osketillo,
1151 718 1370 764 sanctus
1418 709 1728 765 Dunstanus

141 801 452 859 Oswaldum
468 801 578 870 regi
594 801 1247 871 Edgarocommendatum
1263 799 1583 855 familiarem
1599 801 1728 856 ell'c-

141 894 237 959 cit,
254 904 308 947 et
314 893 468 960 jussu
493 893 632 963 regis
653 893 1011 964 Wigorniensi
1028 892 1176 965 (111)
1195 893 1438 948 ecclesia)
1459 895 1722 964 praefecit.

213 985 266 1040 5.
311 985 670 1056 Congregavit
699 998 876 1039 autem
903 985 1183 1042 Oswaldus
1220 987 1500 1043 duodecim
1536 1002 1722 1042 mona-

142 1077 279 1130 chos
309 1076 362 1130 in
392 1077 536 1142 villa,
564 1077 777 1130 nomine
800 1075 1098 1149 Westsbyri
1125 1079 1448 1150 (ll5),quos
1471 1081 1722 1148 frequen-

143 1175 229 1220 ter
261 1166 502 1231 visitare,
554 1167 753 1220 monita
807 1166 997 1223 salutis
1029 1178 1249 1225 aeterna:
1299 1171 1612 1226 ministrare
1667 1180 1723 1226 et

136 1258 440 1321 consolari.
478 1269 531 1313 et
552 1257 796 1328 jejuniis,
827 1260 1027 1332 vigiliis
1055 1270 1112 1317 et
1151 1262 1485 1318 orationibus
1513 1263 1722 1319 solebat

136 1361 361 1416 operam
390 1348 540 1403 dare.

205 1439 266 1491 6.
306 1439 516 1494 Accidit
543 1440 708 1494 etiam
753 1449 812 1494 ut
856 1440 1119 1499 Ailwinus
1175 1458 1358 1500 comes
1409 1445 1604 1500 diurno
1656 1459 1718 1500 ac

135 1524 415 1580 laborioso
440 1527 682 1581 cruciatu
732 1530 982 1600 podagrae
1017 1534 1212 1602 pedum
1264 1549 1488 1588 suorum
1534 1535 1719 1591 multis

135 1616 407 1668 laboraret
439 1617 626 1670 annis:
659 1627 710 1672 el
738 1634 860 1672 cum
891 1620 1221 1688 piscatorum
1245 1624 1718 1692 quidam,nomine

132 1704 382 1775 Walgit,
442 1723 564 1761 cum
621 1687 1024 1765 naviculaisua
1082 1687 1308 1780 aquam,
1369 1695 1717 1768 Ramésmere
1751 1687 1791 1744 θ

131 1810 523 1871 nuncupatam,
565 1803 807 1872 piscandi
857 1805 1029 1873 gratia
1075 1805 1141 1858 ad
1191 1819 1347 1859 usum
1398 1805 1599 1859 domini
1632 1804 1714 1859 sui

129 1894 350 1949 comitis
391 1894 667 1965 ingressus
713 1905 859 1949 esset
896 1912 910 1950 :
941 1905 996 1950 et
1041 1897 1130 1951 diu
1180 1895 1384 1950 frustra
1437 1897 1712 1962 laborans,

133 1983 308 2037 nimio
334 1984 492 2038 taedio
521 1984 798 2053 fatigatus,
825 1985 1374 2041 tandemobdormire
1399 1986 1592 2056 carpit;
1625 1989 1710 2042 cui

129 2083 357 2131 sanctus
401 2075 727 2131 Benedictus
758 2092 1024 2146 apparens
1073 2079 1210 2133 dixit
1240 2097 1252 2132 :
1289 2097 1308 2130 ‹
1347 2079 1558 2134 Aurora
1589 2095 1710 2134 cum

127 2169 475 2234 surrexerit,
534 2177 684 2223 tuum
748 2168 884 2238 ejice
953 2179 1209 2240 tragum,
1266 2180 1321 2226 et
1381 2171 1710 2227 multitudini

129 2260 363 2328 cepiosa:
391 2261 498 2313 voti
551 2276 774 2331 compos
822 2261 1068 2317 obviabis
1113 2263 1365 2331 piscium.
1418 2263 1710 2333 Captorunt

125 2367 348 2423 quoque
392 2354 616 2420 piscium
671 2353 951 2422 majorem,
993 2354 1186 2420 llaket,
1249 2356 1300 2409 id
1347 2365 1429 2410 est
1484 2355 1708 2411 Lucium

127 2454 403 2509 vocatum,
433 2443 663 2501 Ailwiuo
684 2445 902 2501 domino
930 2456 1022 2500 tuo
1050 2462 1169 2502 mea
1199 2461 1265 2501 ex
1283 2455 1436 2517 parte
1451 2447 1707 2514 otferens,

125 2536 279 2592 dices
315 2536 364 2590 ei
403 2546 484 2601 ut,
518 2552 695 2592 meam
725 2537 1072 2594 donationem
1113 2540 1344 2611 benigne
1384 2542 1704 2611 suscipiens,

126 2627 230 2696 pia:
271 2629 429 2682 matri
465 2627 848 2683 misericordiae
878 2629 1082 2696 Mariae,
1131 2630 1297 2695 mihi,
1350 2631 1707 2703 omnibusque

126 2720 303 2774 sacris
333 2719 630 2789 virginibus
658 2719 1048 2774 monasterium
1089 2721 1142 2774 in
1177 2721 1281 2774 hac
1310 2721 1481 2775 insula
1521 2738 1707 2776 mona-

121 2811 356 2865 chorum
415 2811 532 2865 sine
570 2809 823 2866 dilatione
871 2811 1086 2866 studeat
1133 2811 1441 2878 fabricare;
1492 2823 1703 2868 scrute-

124 2908 327 2972 turque
388 2899 658 2970 quomodo
714 2908 873 2954 nocte
933 2899 988 2954 in
1058 2900 1233 2954 insula
1292 2902 1548 2956 animalia
1605 2916 1701 2958 sua

1835 435 2038 489 ficavit.
2083 435 2277 491 Comes
2317 451 2448 506 ergo
2480 440 2645 492 Deum
2677 439 2928 505 laudans,
2959 439 3242 496 confestim
3273 449 3421 495 trun-

1833 527 1970 582 catis
1998 527 2156 598 lignis
2175 527 2438 599 capellam
2469 529 2539 584 ibi
2573 530 2896 585 construxit.
2926 530 3041 588 Nen
3080 531 3250 586 multo
3287 544 3420 588 vero

1830 628 1952 688 post
1977 659 1992 681 ,
2024 621 2220 675 comite
2274 621 2508 676 A-itwino
2563 621 2750 691 (116)
2783 623 2994 692 amplas
3044 624 3418 693 possessiones

1830 710 2176 774 concedente,
2223 710 2282 766 S.
2311 709 2592 767 Oswaldus
2634 713 2772 766 intra
2819 714 3249 783 quinquennium
3285 713 3417 769 mdi-

1829 799 2015 854 ﬁcavit
2046 800 2257 870 insigne
2283 801 2482 874 ibidem
2512 803 2924 869 monasterium,
2956 813 3010 859 et
3034 819 3176 859 anno
3199 805 3413 859 Domini

1829 891 2244 959 nongentcsimo
2287 894 2690 966 septuagesimo
2741 903 2935 964 quarto
2973 895 3290 952 solemniter
3318 898 3413 951 de-

1830 978 2050 1043 dicavit,
2087 981 2391 1036 Ednotbum
2417 985 2742 1040 monachum
2768 985 3021 1041 abbatem
3049 987 3352 1041 constituit.

1899 1072 1954 1126 7.
1995 1072 2099 1126 Per
2145 1073 2286 1128 idem
2335 1084 2548 1145 tempus
2600 1077 2928 1131 auctoritate
2981 1076 3205 1132 Joannis
3259 1093 3409 1148 papa:

1825 1159 2136 1216 Dunstanus
2179 1164 2624 1234 archiepiscopus
2671 1176 2866 1222 coacto
2896 1168 3135 1238 generali
3183 1167 3410 1224 concilio

1826 1252 1974 1321 (117)
2000 1253 2192 1307 statuit
2236 1264 2291 1309 et
2324 1257 2542 1311 decreto
2575 1257 2810 1312 ﬁrmavit
2831 1267 2888 1311 ut
2917 1273 3105 1313 omnes
3133 1260 3408 1324 canonici,

1823 1344 2148 1414 presbyteri,
2180 1345 2419 1411 diaconi,
2447 1347 2759 1403 subdiaconi
2797 1359 2891 1404 aut
2938 1360 3088 1405 caste
3137 1351 3408 1417 viverem,

1823 1443 1920 1488 aut
1972 1435 2236 1492 ecclesias
2284 1453 2420 1507 quas
2469 1441 2724 1495 tenebant
2769 1441 3125 1498 dimitterent.
3161 1441 3408 1499 llabebat

1821 1535 2002 1580 autem
2033 1542 2214 1598 regem
2240 1529 2513 1600 Edgarum
2546 1531 2598 1586 in
2623 1532 2726 1585 hoc
2757 1533 2972 1602 negotio
3000 1534 3210 1589 fidelem
3249 1535 3404 1605 adju-

1825 1626 1995 1671 torem
2046 1627 2101 1672 et
2129 1617 2344 1672 firmum
2377 1619 2740 1676 defensorem.
2793 1621 2963 1692 llujus
3008 1625 3151 1678 enim
3201 1625 3403 1681 decreti

1820 1708 2100 1762 exsecutio
2126 1706 2378 1764 Oswaldo
2409 1709 2775 1782 Wigorniensi
2812 1715 3066 1784 episcopo
3121 1723 3176 1770 et
3221 1716 3404 1770 Ethel-

1818 1800 1995 1854 woldo
2035 1799 2398 1857 Wiutoniensi
2451 1804 2705 1876 episcopo
2745 1805 3031 1860 commissa
3062 1815 3164 1862 est.
3207 1808 3405 1864 Beati-9

1818 1905 1952 1960 ergo
1982 1889 2266 1946 Oswaldus
2308 1903 2514 1963 septem
2549 1897 2879 1951 monasteria
2913 1896 2968 1950 in
3018 1913 3113 1952 sua
3160 1899 3402 1966 diascesi,

1816 1979 2005 2048 ejectis
2054 1981 2268 2038 clericis
2325 1982 2622 2040 insolenter
2673 1987 3014 2052 viventibus,
3077 1991 3403 2056 construxit,

1817 2081 1871 2127 et
1913 2075 2206 2130 monachos
2234 2075 2555 2144 introduxit,
2594 2087 2648 2133 et
2675 2080 2897 2135 abbates
2924 2081 3004 2135 eis
3028 2081 3294 2150 pmfecit.

1886 2163 1937 2218 8.
1981 2165 2189 2219 Interea
2231 2166 2400 2222 abbas
2449 2166 2797 2225 Persorensis
2848 2187 3008 2240 quem
3061 2174 3402 2237 instituerat.

1815 2254 2032 2309 nomine
2086 2254 2393 2310 Fudbertus
2447 2258 2620 2329 (118),
2682 2261 3042 2330 morigeratus
3093 2273 3148 2318 et
3192 2264 3404 2319 fervens

1813 2346 2088 2416 religionis
2130 2348 2443 2403 monastica:
2494 2349 2722 2414 zelator,
2773 2353 2982 2408 scilicet
3027 2353 3079 2407 in
3129 2355 3397 2416 subditos.

1811 2438 1952 2508 quod
1981 2439 2134 2493 valde
2167 2440 2217 2493 in
2265 2455 2330 2494 eo
2387 2443 2907 2510 reprehendebatur,
2936 2445 3117 2499 nimia:
3153 2454 3207 2498 ct
3260 2447 3401 2499 indi-

1811 2540 2004 2584 sereta:
2037 2532 2345 2586 severitatis
2375 2533 2495 2587 fuit.
2536 2533 2586 2588 ls
2616 2534 2682 2588 ad
2711 2543 2952 2590 extrema
3005 2537 3321 2605 perductus,
3344 2549 3402 2591 et

1809 2622 1936 2678 huic
1965 2625 2089 2679 vitae
2131 2625 2396 2692 sublatus,
2429 2635 2485 2682 et
2531 2627 2586 2681 in
2639 2627 2841 2682 feretro
2893 2628 3124 2692 locatus,
3174 2639 3398 2699 recepto

1809 2715 2024 2783 spiritu,
2066 2716 2462 2785 trepidantibus
2527 2720 2758 2785 cunctis,
2808 2720 2980 2775 erexit
3015 2735 3072 2775 se
3128 2720 3314 2775 dicens
3365 2736 3396 2775 a

1804 2805 1966 2859 beato
2031 2804 2326 2861 Benedicto
2381 2808 2436 2861 in
2492 2810 2754 2864 visionem
2816 2809 2909 2866 Dei
2964 2825 3022 2866 se
3076 2813 3394 2880 perdudum

1808 2892 1995 2957 fuisse,
2041 2903 2095 2949 et
2125 2895 2290 2948 Deum
2337 2911 2431 2950 sua
2469 2907 2688 2968 peccata
2730 2901 2938 2954 meritis
2984 2902 3256 2956 dilectori;
3303 2904 3388 2956 sui

124 2990 469 3055 incumbunt,
500 2998 556 3043 et
591 2989 682 3044 ubi
721 2997 937 3044 taurum
978 3000 1286 3060 surgentem
1327 2992 1519 3047 dextro
1568 2994 1703 3062 pede
1729 3026 1772 3084 α
1805 2980 2048 3084 Οεννειιάί.
2091 2983 2407 3049 indulsisse,
2459 2996 2624 3057 atque
2669 2989 2735 3042 ad
2793 2987 3150 3045 intimandam
3190 2994 3394 3048 sancti-

120 3081 344 3146 viderit,
379 3090 579 3134 terram
609 3090 913 3150 percutere,
930 3081 1001 3136 ibi
1032 3097 1181 3136 aram
1212 3081 1423 3152 erigere
1446 3081 1698 3137 festinet:

121 3182 293 3240 utque
329 3171 532 3226 certius
585 3170 720 3226 meis
753 3173 942 3227 credat
985 3173 1293 3238 mandatis,
1345 3173 1490 3228 hunc
1551 3184 1700 3229 tuum

123 3261 216 3316 tibi
246 3261 576 3315 exteriorem
604 3261 830 3316 incurvo
854 3261 1105 3334 digitum,
1130 3278 1292 3333 quem
1321 3272 1374 3318 et
1399 3265 1534 3334 ipse,
1575 3283 1704 3322 mox

119 3365 151 3404 a
203 3365 352 3404 nexu
383 3351 635 3421 podagra:
664 3351 892 3417 solutus,
943 3352 1038 3408 tibi
1087 3353 1265 3423 erigat
1314 3355 1698 3424 reparandum.

118 3441 399 3514 Esigilans
443 3451 622 3497 autem
673 3442 945 3512 copiosam
1008 3443 1239 3512 piscium
1298 3445 1700 3503 multitudinem

118 3535 407 3597 conclusit,
438 3533 806 3604 maioremque
835 3533 1051 3590 domino
1087 3551 1184 3590 suo
1227 3551 1293 3590 ex
1337 3548 1489 3606 parte
1525 3538 1697 3592 sancti

112 3625 336 3689 obtulit,
359 3641 479 3695 quae
505 3614 785 3680 videratet
805 3627 1050 3681 audierat
1072 3627 1364 3696 replicans;
1396 3638 1454 3682 ut
1474 3629 1698 3696 digitum

115 3732 281 3770 suum
352 3716 694 3770 incurvatum
761 3717 934 3788 erigat
995 3717 1195 3772 obnixe
1259 3721 1486 3788 rogavit.
1548 3718 1698 3774 Tunc

113 3807 386 3862 Ailwinus
424 3808 648 3878 digitum
680 3809 785 3862 viri
835 3807 1019 3862 manui
1070 3808 1362 3862 lucrentem
1394 3809 1592 3873 erexit,
1642 3818 1699 3864 et

114 3899 181 3951 ad
203 3898 438 3953 insulam
469 3907 528 3952 ut
556 3899 729 3968 potuit
755 3899 1083 3969 properavit.
1119 3898 1362 3968 Cumque
1386 3901 1438 3952 in
1464 3900 1693 3954 insulam

112 3989 394 4059 ingressus
407 4006 437 4042 a
459 4004 556 4044 suo
573 3989 762 4043 morbo
783 3989 1020 4059 perfecte
1033 4001 1256 4045 curatus
1280 3992 1492 4056 fuisset,
1509 4000 1596 4045 tau
1606 4008 1696 4047 rus

111 4081 179 4135 de
211 4081 395 4135 medio
435 4080 746 4134 animalium
773 4096 1094 4152 exsurgens,
1141 4091 1343 4136 terram
1389 4083 1525 4152 pede
1573 4098 1697 4153 per-

108 4214 262 4267 tarde
283 4214 446 4288 uenit,
471 4215 651 4288 nuntio
673 4213 930 4288 regrijam
952 4215 1324 4288 discumbentis
1347 4216 1425 4288 (a)
1450 4219 1694 4272 avunculi

108 4284 407 4356 perculsus.
454 4283 577 4356 lam
630 4283 751 4354 ergo
784 4285 952 4356 Dahis
983 4287 1256 4353 appulsus.
1285 4283 1366 4339 ιη’
1389 4289 1691 4356 defunctum

109 4354 691 4425 nudiuit,_n_tiuimunt
739 4354 906 4423 abfuit
961 4357 1085 4425 quin
1154 4358 1330 4409 statim
1381 4354 1688 4411 Floriacum

111 4425 324 4474 rediret.
352 4420 460 4496 Sed
483 4424 754 4496 admonitu
777 4420 1036 4496 sociorum
1065 4429 1391 4479 necessitates
1416 4441 1689 4496 parentat.»

105 4509 212 4542 non
242 4493 601 4565 negligendas,
634 4503 746 4560 post
769 4494 1139 4565 justa_sancto
1171 4493 1561 4565 archiepiswpo
1601 4515 1688 4550 so-

105 4565 246 4621 iuta,
301 4561 370 4614 ad
422 4563 867 4631 archiepiscopum
921 4562 1301 4618 Eboracensem
1351 4561 1686 4629 vomit-ellum,

103 4645 265 4704 quem
320 4632 566 4704 proximo
615 4633 1086 4704 consanguinitatis
1143 4636 1312 4702 gradu
1357 4637 1640 4704 attingebat
1671 4677 1685 4699 ,

104 4701 304 4772 venit:
367 4703 480 4769 ejus
533 4701 808 4754 dulcedine
863 4714 1086 4770 captus,
1138 4701 1244 4757 non
1296 4701 1686 4772 paucis—enixis

106 4770 362 4841 religione
389 4781 442 4841 et
472 4772 810 4824 contubernio
838 4773 952 4840 ejus
981 4773 1174 4841 [mirus
1213 4770 1308 4827 est.
1354 4775 1468 4828 Odo
1510 4778 1686 4828 archi-

106 4840 399 4912 episcopus
423 4840 829 4912 Cautuariensis
877 4840 1118 4912 mortuus
1145 4852 1230 4896 est
1264 4859 1404 4899 anno
1429 4845 1554 4911 961,
1579 4861 1686 4912 quo

105 4909 340 4984 proinde
369 4924 514 4984 anno
538 4910 1268 4984 contigithwaldireditus
1318 4914 1371 4967 in
1409 4909 1683 4984 Angliam,

106 4978 875 5100 cuinﬁrchembaldus'abbas
905 4981 1152 5037 Floriaco
1180 4994 1455 5052 praesset,
1479 4978 1537 5039 u't
1560 4978 1684 5041 mox

106 5063 179 5100 no
209 5063 241 5100 a
281 5065 387 5100 am.

105 5058 307 5101 notaba
317 5066 387 5102 m.

180 5119 331 5185 (115)
359 5121 802 5193 ῡοπρθδιςθηεεπη
831 5119 993 5193 etiam
1023 5121 1332 5193 episcopum
1358 5134 1514 5180 vocat
1543 5125 1684 5181 infra

104 5188 560 5260 chronograpbus
590 5187 956 5243 Ramesiensis
983 5207 996 5242 :
1029 5187 1331 5247 Willefmus
1371 5194 1682 5252 Eboracen—

102 5273 245 5310 sem.
276 5259 499 5329 Utrique
549 5260 663 5312 sedi
701 5261 1002 5314 successive
1057 5263 1338 5327 praefuisse
1376 5278 1444 5318 ex
1493 5267 1682 5321 eodem

170 5345 249 5402 (α)
274 5348 409 5402 Lege
432 5351 774 5399 dectunbentts.
811 5347 1127 5402 Discumbere
1155 5365 1287 5402 enim
1303 5355 1508 5402 verbum
1535 5359 1684 5402 lricli-

1723 4363 1770 4420 1)

1807 3082 1973 3127 tatem
2002 3073 2120 3143 ejus
2146 3089 2204 3129 se
2232 3077 2494 3133 revixisse
2516 3079 2769 3134 asseruit.
2795 3080 2914 3147 Quo
2939 3082 3083 3135 dicto
3105 3084 3388 3146 conticuit,

1803 3173 1859 3218 et
1882 3175 2108 3234 accepto
2137 3166 2336 3220 viatico
2366 3167 2631 3224 Dominici
2661 3171 2904 3241 corporis
2935 3171 3217 3228 dimidium
3245 3174 3389 3227 diem

1803 3253 2124 3320 supervixit.
2151 3262 2206 3307 et
2228 3254 2395 3308 vitam
2427 3256 2576 3310 obitu
2607 3258 2804 3314 iterato
2832 3257 3024 3314 finivit.

1873 3344 1926 3397 9.
1959 3343 2015 3396 In
2052 3343 2171 3400 aliis
2196 3346 2339 3398 enim
2363 3347 2565 3417 Anglia:
2589 3349 2830 3418 partibus
2862 3351 3100 3420 insignes
3123 3351 3391 3408 ecclesiis

1801 3434 1870 3488 ob
1895 3434 2169 3504 praifixam
2193 3451 2413 3490 causam
2443 3436 2657 3492 clericis
2688 3440 2994 3504 evacuavit,
3036 3449 3091 3494 et
3134 3456 3228 3496 eas
3255 3443 3390 3496 viris

1803 3525 2117 3578 momstica:
2159 3524 2437 3594 religionis
2467 3526 2803 3592 sublimavit,
2845 3543 3075 3597 quorum
3124 3529 3240 3584 haec
3290 3545 3390 3583 no‘

1800 3614 1946 3668 mina
1971 3623 2098 3668 sunt
2128 3632 2143 3670 :
2174 3615 2416 3670 Ecclesia
2444 3615 2504 3669 S.
2528 3615 2743 3678 Albani.
2790 3617 2848 3672 S.
2899 3619 3234 3673 Etheldreda:
3278 3621 3387 3674 vir-

1798 3707 1937 3776 ginis
1961 3707 2012 3760 in
2043 3705 2267 3777 llely,et
2296 3721 2359 3761 ea
2380 3721 2500 3775 qua:
2527 3708 2665 3776 apud
2695 3707 3054 3763 lleamlledam
3085 3712 3380 3765 constituta

1800 3795 2134 3850 honorabilis
2177 3795 2502 3850 habebatur.
2555 3795 2796 3850 Instituit
2841 3797 2985 3851 enim
3035 3797 3089 3851 in
3151 3799 3381 3855 ecclesia

1799 3884 1858 3941 S.
1884 3885 2072 3939 Albani
2100 3883 2360 3942 Elfricum
2396 3886 2647 3940 abbatem
2671 3887 2839 3958 (119).
2882 3888 2974 3956 qui
3015 3888 3080 3942 ad
3113 3890 3382 3959 archiepi-

1799 3987 2075 4047 scopatum
2103 3975 2548 4032 Cantuariensem
2597 3988 2780 4047 postea
2809 3979 3129 4034 Sublimatus
3159 3979 3280 4045 fuit,
3326 3981 3379 4036 in

1798 4071 2036 4126 Ecclesia
2065 4070 2281 4141 Elyensi
2314 4069 2657 4125 Brithnotum
2691 4073 2960 4135 abbatem,
2983 4073 3378 4129 Beatnﬂedensi

1795 4181 2206 4250 clu'onographo
2231 4181 2508 4250 probatur.

1868 4253 2014 4321 (114)
2053 4250 2191 4303 lnfra
2228 4252 2295 4305 ad
2326 4264 2525 4304 annum
2572 4250 2678 4306 960
2727 4253 2968 4307 referunt
3021 4251 3242 4307 Simeon
3275 4253 3376 4307 Du-

1797 4322 2088 4377 nelmensis
2146 4329 2200 4374 et
2256 4321 2520 4389 Rogerius
2577 4321 2940 4385 llovedenus,
3016 4324 3109 4392 qui
3172 4324 3376 4378 Odouis

1798 4404 2026 4447 mortem
2061 4405 2204 4444 anno
2231 4392 2334 4445 958
2361 4393 2704 4462 consignant,
2746 4410 2864 4462 qua:
2915 4393 3150 4447 triennio
3193 4398 3375 4447 secius

1793 4464 2008 4524 accidit,
2032 4471 2090 4515 ut
2125 4463 2410 4529 probatum
2439 4472 2520 4516 est
2547 4463 2612 4517 ad
2662 4465 2834 4517 Vitam
2883 4463 2939 4518 S.
2977 4463 3198 4518 Odonis.
3257 4464 3372 4517 Non

1791 4551 1920 4604 ergo
1960 4542 2081 4586 ante
2125 4547 2324 4584 annum
2377 4531 2476 4586 961
2525 4545 2803 4602 promotus
2842 4544 2925 4589 est
2977 4535 3260 4589 Uswaldus
3319 4533 3373 4590 in

1792 4610 1973 4653 sedem
2011 4601 2464 4653 Wiqorniensem.

1807 4613 1973 4654 sedem
2018 4613 2070 4653 W
2083 4613 2464 4654 ιιίοῖῖιιθηδρηὶ.

1792 4610 1973 4658 Sedem
2015 4610 2464 4669 thortiiensem.

1835 4670 2122 4744 7(l15)_De
2162 4670 2555 4744 )Yestburiensi
2614 4673 2947 4744 monasterio
2998 4673 3115 4741 agri
3151 4673 3373 4744 Wigor-

1793 4740 1996 4798 niensis
2025 4742 2142 4806 lege
2173 4740 2454 4794 Monastici
2493 4752 2697 4795 tomum
2728 4743 2799 4795 la
2841 4758 2963 4810 pag.
2999 4740 3122 4796 1‘25.

1862 4811 2010 4883 (116)
2052 4810 2126 4862 De
2155 4810 2388 4883 Ailwtuo
2427 4811 2626 4883 comite
2679 4815 2729 4883 in
2769 4812 2878 4883 alia.
2916 4813 3055 4866 Vita.
3086 4810 3373 4867 Oswaldus

1789 4879 2071 4937 duodecim
2102 4879 2397 4932 monachos
2423 4882 2490 4933 de
2528 4879 2787 4935 Westbiri
2815 4880 3123 4938 Ramesiam
3158 4883 3375 4936 misisse

1789 4953 1988 5009 dicitur
2020 4953 2070 5005 in
2101 4946 2398 5020 Monastico
2418 4963 2540 5020 pag.
2566 4951 2696 5004 231.

1862 5023 2008 5097 (H7)
2047 5023 2122 5076 De
2174 5019 2278 5072 hoc
2305 5019 2540 5074 concilio
2567 5021 2693 5076 vide
2723 5019 2858 5075 Acta
2896 5020 2955 5077 S.
2988 5019 3252 5078 Dunstani
3283 5033 3384 5078 su.-

1830 5111 1906 5148 ra.

1787 5109 2009 5235 pr818)
2039 5163 2137 5235 De.
2155 5171 2220 5212 eo
2267 5157 2413 5226 apud
2461 5159 2700 5235 Pitseum
2745 5160 2812 5214 ad
2867 5177 3065 5235 annum
3119 5155 3240 5235 9_80,
3278 5159 3381 5235 uhi

1785 5227 1911 5288 eum
1954 5228 2332 5288 Fuldebertum
2360 5242 2536 5284 vocat.
2589 5233 2664 5286 De
2705 5245 2770 5286 eo
2797 5240 2853 5282 et
2901 5234 2968 5284 de
3017 5227 3383 5288 l’ershorensi

1787 5301 2270 5370 monasteriolege
2297 5296 2444 5370 dicta
2472 5302 2722 5370 superius
2750 5314 2872 5368 pag.
2907 5299 3004 5370 6H
3041 5295 3243 5370 Szcculi
3271 5295 3337 5370 Υ.

1860 5375 2005 5402 11101
2045 5369 2168 5402 ﬂuis
2221 5376 2268 5402 nl
2319 5367 2456 5402 illius
2502 5366 2725 5402 Λῖΐιιὶηηα
2755 5366 2868 5402 vanu
2922 5369 3150 5402 ιῗΙΓσ-ῖοης
3198 5366 3377 5402 σὶιιινὶο
