3936 5402
375 231 566 308 ,4196

1562 199 1901 263 FOLCARDI
1937 192 2301 256 OPUSCULA
2343 186 2570 246 DUBIA.

3569 165 3593 220 ί
3604 162 3703 220 196

427 341 1069 407 EcclesiaeGodmannum
1083 327 1375 388 constituit
1392 314 2011 380 abbatem.Monasteria
2041 316 2082 374 Α
2113 307 2266 380 quasi
2296 302 2430 360 nihil
2453 297 2636 358 oneris
2671 295 2856 360 ferret,
2909 290 2976 347 ad
3016 288 3190 360 ripam
3231 295 3501 355 prospero
3560 278 3713 348 lapsa

430 453 550 510 quas
593 431 959 491 mdiﬁcaverat
1000 421 1254 488 circuire,
1309 414 1477 472 verbo
1509 410 1670 469 simul
1722 417 1778 465 et
1826 421 2011 478 opere,

430 499 553 603 qua:
571 524 764 584 salutis
791 528 950 578 erant
977 525 1204 589 paterno
1222 509 1458 582 quodam
1480 504 1677 561 atl‘ectu
1704 499 2016 556 ministrare
2045 550 2050 554 .

433 620 665 680 curavit.

504 735 593 790 to.
631 730 821 788 Posuit
848 739 1062 798 quoque
1082 739 1135 780 -n
1164 715 1495 777 monasterio
1513 708 1817 768 Rameseiae
1840 704 2022 762 Abbo-

434 842 563 884 nem
611 822 1016 881 Floriacensem
1061 813 1411 877 monachum,
1460 819 1672 863 morum
1731 798 2021 857 sanctitate

433 910 780 991 praclarum,
825 911 1130 966 litterarum
1179 901 1410 961 scientia
1454 895 1783 953 excellenter
1826 892 2024 946 instru-

437 981 610 1085 ctum,
641 1007 735 1078 qui
757 1003 1055 1060 monachos
1079 998 1322 1060 doceret,
1353 991 1569 1049 scholas
1610 991 1842 1056 regeret,
1876 988 1931 1035 et
1969 981 2023 1033 in

439 1075 723 1175 disciplina
779 1098 1015 1172 regulari
1069 1103 1125 1150 et
1171 1088 1400 1147 scientia
1453 1079 1676 1139 litterati
1720 1075 2023 1147 prodesset.

441 1162 710 1253 Dunstani
761 1162 985 1261 insuper
1033 1187 1254 1242 hortatu
1303 1177 1610 1251 passionem
1656 1170 1718 1224 Β.
1751 1162 2027 1240 ⁸Εάιιιιιηιὶὶ

443 1288 592 1360 regis
624 1294 680 1341 et
725 1256 982 1353 marty—ris
1028 1277 1169 1333 idem
1196 1271 1354 1329 Αἰ)ὺο
1393 1262 1742 1323 laudabiliter
1786 1256 2026 1325 scripsit.

442 1351 639 1435 Postea
691 1351 996 1431 Floriacum
1060 1377 1337 1438 regressus
1382 1368 1437 1417 et
1492 1356 1668 1413 “abbas
1720 1351 1947 1407 effectus
1999 1364 2030 1402 a

444 1467 728 1527 monachis
755 1463 902 1538 (120)
941 1460 1055 1517 suis
1085 1456 1373 1514 occiditur.
1407 1465 1411 1469 ‘

522 1584 612 1639 tt.
657 1580 790 1636 Cum
845 1585 1024 1633 autem
1075 1568 1464 1627 monasterium
1496 1564 1548 1620 in
1577 1550 1858 1633 Wigornia
1891 1550 2059 1613 infra'

2115 408 2301 457 evecta
2325 406 2426 452 est.

2186 492 2274 548 M.
2294 491 2427 547 Cum
2451 485 2593 542 enim
2626 481 2965 539 nuntiaretur
2991 474 3039 533 ei
3060 472 3349 547 quemdam
3373 466 3705 523 monachum

2118 584 2391 640 Elieusem
2440 579 2508 633 ab
2555 590 2720 647 opere
2770 570 3013 627 ecclesiae
3072 564 3473 638 praecipitatum
3531 557 3706 613 subita

2120 684 2297 731 morte
2352 667 2709 731 occubuisse,
2757 659 3061 718 vehementi
3120 668 3359 712 mterore
3415 652 3706 713 turbatur;

2121 771 2352 823 noverat
2378 760 2526 815 illum
2559 772 2668 812 non
2700 765 3088 822 usquequaque
3114 747 3278 800 vitam
3321 742 3552 796 duxisse
3593 737 3708 793 feli-

2123 871 2264 912 cem.
2320 848 2647 908 Convocatis
2701 856 2880 899 autem
2935 837 3233 894 Rameseiaa
3293 831 3585 889 monachis
3640 830 3713 883 rei

2123 956 2375 1003 eventum
2408 940 2612 1004 retulit,
2646 945 2779 991 etut
2804 949 2901 1003 pro
2925 932 3100 985 anima
3134 924 3374 983 defuncti
3422 922 3711 976 Dominum

2128 1036 2424 1096 studiosius
2451 1039 2698 1095 orarent,
2736 1024 3035 1079 admonuit.
3061 1019 3271 1089 Vigiliis
3298 1016 3471 1086 igitur
3502 1023 3710 1071 vacant,

2127 1127 2350 1200 psalmis
2413 1134 2467 1178 et
2513 1117 2790 1191 lacrymis,
2847 1124 2901 1170 et
2951 1113 3016 1168 ad
3059 1111 3281 1182 januam
3332 1103 3721 1159 tiliscricorilize

2131 1217 2506 1286 Redemptoris
2542 1215 2757 1284 pulsant
2814 1228 2825 1261 :
2881 1217 2933 1261 et
2975 1219 3102 1260 ecce
3150 1209 3310 1255 nocte
3346 1196 3589 1267 quadam
3619 1194 3724 1261 epi-

2131 1327 2297 1383 scopo
2327 1306 2665 1364 orationibus
2690 1299 2961 1357 insistenli
2991 1298 3128 1351 idem
3159 1294 3457 1347 defunctus
3498 1287 3721 1341 visibili-

2054 1460 2057 1463 .
2135 1416 2216 1463 ter
2242 1404 2510 1475 apparuit,
2537 1408 2590 1453 et
2620 1401 2968 1466 percontatus
2993 1389 3111 1457 quis
3135 1395 3301 1445 esset,
3334 1383 3489 1437 illum
3522 1396 3583 1433 se
3611 1393 3722 1431 ene

2132 1514 2233 1570 pro
2261 1511 2369 1566 quo
2389 1494 2554 1547 Deum
2581 1496 2863 1556 rogaverat
2890 1479 3187 1551 rcSpondit.
3208 1480 3275 1528 At
3302 1476 3392 1527 ille
3418 1473 3721 1539 respiram:

2141 1566 2159 1642 λ
2191 1588 2459 1656 Qualiter,
2483 1566 2679 1653 inquit,
2706 1579 2897 1639 frater,
2928 1574 3022 1626 tibi
3057 1571 3177 1629 fuit,
3214 1568 3293 1621 vei
3320 1566 3562 1635 (Illaiiltr
3594 1576 3723 1614 nunc

450 1680 629 1750 ipsam
666 1671 851 1729 sedem
888 1665 1252 1738 episcOpaIem
1303 1667 1622 1717 construere
1668 1655 1947 1750 coepisset.
1979 1651 2032 1750 ip
2066 1658 2111 1717 Β
2143 1651 2258 1736 esi?
2277 1651 2665 1734 —'llacleuus,
2699 1671 2793 1730 ait,
2827 1667 2980 1719 valde
3008 1662 3170 1723 male,
3200 1676 3340 1712 nunc
3373 1669 3558 1709 autem
3581 1653 3728 1705 vaide

452 1788 561 1846 quo
594 1784 720 1829 cum
766 1763 1050 1823 monachis
1103 1764 1561 1820 conversaretur,
1619 1766 1728 1806 non
1779 1749 1935 1820 longe
1971 1746 2041 1800 ab

453 1838 618 1939 opere
640 1865 757 1934 ipso
786 1858 1008 1931 quidam
1040 1854 1178 1925 lapis
1222 1850 1463 1922 quadrus
1493 1846 1714 1916 jacebat
1755 1841 1822 1897 ad
1863 1838 2044 1911 operis

455 1954 719 2012 fabricam
745 1929 967 2025 omnino
995 1942 1342 2001 necessarius
1389 1956 1403 1993 :
1461 1951 1621 2008 quem
1649 1949 1775 1990 cum
1807 1929 2045 1985 artifices

456 2047 643 2102 levare
703 2022 924 2115 vellent,
974 2034 1131 2108 quasi
1188 2031 1450 2111 radicitus
1505 2035 1667 2083 terrae
1706 2022 1944 2086 inhznsit,
1993 2027 2048 2073 et

459 2133 610 2191 nullo
637 2113 835 2188 conatu
882 2124 1089 2183 moveri
1127 2121 1319 2194 potuit.
1380 2117 1584 2187 Stupor
1623 2113 1814 2183 ingens
1855 2123 2047 2166 omnes

461 2230 714 2294 occupat,
748 2216 1037 2275 mandatur
1072 2213 1138 2269 de
1172 2200 1395 2282 negotio
1431 2204 1579 2262 Patri
1619 2201 1911 2259 Oswaldo:
1957 2198 2049 2269 qui

462 2283 713 2381 veniens,
760 2319 816 2368 et
868 2305 1273 2366 multitudinem
1330 2312 1584 2370 magnam
1636 2295 1782 2350 circa
1816 2283 2064 2361 lapidem

465 2422 624 2466 casso
667 2404 851 2459 labore
896 2399 1178 2457 sudantem
1239 2390 1530 2462 aspiciens,
1580 2385 1811 2441 miratus
1863 2389 1947 2437 est
1999 2388 2055 2433 et

467 2497 734 2556 attonitus
759 2503 929 2557 stans,
962 2490 1242 2558 Deumque
1261 2480 1476 2539 silentio
1507 2471 2055 2547 deprecans,aspexit

467 2594 524 2649 in
554 2589 730 2661 lapide
757 2585 847 2662 illo
860 2581 1173 2651 [Ethiopem
1193 2573 1482 2657 quemdam
1505 2570 1716 2634 sedere,
1730 2577 1784 2622 et
1808 2563 2057 2621 obscenis

471 2652 710 2739 motibus
728 2657 1038 2733 laborantes
1069 2652 1452 2726 subsannando
1484 2660 1752 2718 deridere.
1781 2657 1849 2713 Et
1873 2655 2054 2712 statim

473 2781 664 2830 contra
694 2770 991 2842 daemonem
1022 2745 1235 2842 signum
1260 2756 1442 2839 crucis
1470 2753 1706 2817 intorsit,
1729 2759 1784 2806 et
1812 2748 2057 2804 territum

476 2866 629 2923 illum
668 2838 793 2933 fuga
825 2859 927 2916 sibi
968 2838 1255 2912 consulere
1294 2834 1576 2919 compulit.
1619 2844 1690 2900 At
1717 2841 1854 2911 lapis
1897 2854 2058 2911 quem

479 2930 755 3028 octoginta
803 2964 1019 3008 movere
1068 2944 1387 3016 nequibant,
1425 2936 1693 3020 apaucis
1746 2930 2060 2989 hominibus

478 3018 739 3104 faciliime
777 3043 985 3098 levatus
1036 3037 1090 3093 in
1119 3048 1285 3106 Opere
1320 3018 1637 3087 cellocatur.
1686 3022 1933 3080 Perfecta
1967 3020 2064 3075 ita-
2090 3018 2134 3080 C

481 3155 588 3210 que
616 3134 845 3194 ecclesia
887 3132 942 3187 in
983 3130 1192 3186 honore
1242 3123 1304 3180 Β.
1361 3120 1568 3185 Mariae,
1620 3124 1676 3171 et
1721 3110 2063 3183 congregatis

483 3204 685 3287 ibidem
716 3223 1042 3297 quibusdam
1068 3216 1376 3283 monachis,
1403 3209 1589 3268 clerici
1617 3207 1673 3263 in
1699 3205 1826 3262 sede
1856 3204 2067 3273 episco—

482 3320 591 3393 pali
637 3294 905 3382 nonnulli,
959 3320 1144 3383 spreto
1189 3305 1387 3363 sreculo
1423 3298 1782 3357 monasﬁcum
1820 3294 2066 3350 habitum

487 3382 846 3477 susceperunt
877 3420 892 3458 :
929 3382 1003 3457 et,
1025 3399 1093 3455 ab
1128 3393 1358 3453 ecclesia
1385 3392 1447 3447 Β.
1484 3387 1634 3445 Petri
1678 3386 1745 3442 ad
1785 3382 2068 3440 ecclesiam

487 3499 552 3554 B.
582 3473 763 3554 Mariae
790 3510 820 3550 a
863 3490 1080 3549 clericis
1118 3489 1187 3546 ad
1216 3482 1516 3543 monachos
1542 3476 1869 3552 episeOpalis
1914 3473 2071 3532 sedes

490 3590 761 3647 translata
791 3594 894 3642 est.

564 3703 653 3760 1-2.
688 3699 900 3756 Mortuo
932 3691 1265 3753 Eboracensi
1310 3685 1719 3756 archiepiscopo
1754 3677 1927 3752 (Ml),
1977 3688 2074 3731 co-

494 3795 745 3869 gentibus
771 3806 899 3862 rege
922 3788 1139 3858 Edgaro
1160 3792 1216 3839 et
1244 3788 1434 3838 sancto
1474 3779 1775 3835 Dunstano,
1808 3767 2078 3825 omnium-

495 3900 601 3957 que
629 3883 948 3940 clericorum
996 3890 1246 3939 assensu,
1304 3870 1374 3926 ad
1426 3865 1947 3936 archiepiscopatum
1986 3872 2077 3921 ass

498 3950 743 4049 sumptus
768 3982 869 4029 est.
902 3972 969 4027 Et
998 3985 1066 4025 ne
1094 3963 1343 4023 monachi
1370 3974 1508 4031 quos
1533 3950 2078 4019 instituerat,a|iqua,

497 4048 641 4124 ultra
658 4079 820 4136 quam
851 4060 995 4116 ferre
1023 4057 1283 4118 valerent,
1312 4048 1608 4107 tentatione
1634 4048 2081 4103 concuterentur,

501 4158 547 4214 si
582 4129 840 4226 pastorali
869 4165 1002 4207 cura
1041 4145 1283 4204 destituti
1330 4156 1438 4197 non
1472 4138 1738 4193 haberent
1780 4147 1889 4203 quo
1942 4129 2083 4185 nite-

502 4258 716 4311 rentur,
746 4242 1072 4299 auctoritate
1106 4237 1164 4292 S.
1191 4231 1457 4291 Dunstani
1497 4228 1842 4299 episcopatus
1871 4221 2086 4291 Wigor-

506 4310 712 4394 niensis
747 4350 934 4390 curam
975 4346 1082 4387 una
1108 4342 1232 4384 cum
1261 4320 1729 4393 archiepiscopatu
1761 4313 1910 4387 (122)
1941 4310 2089 4367 solli-

507 4435 614 4489 cite
644 4431 806 4521 rexit.

584 4547 672 4603 15.
712 4544 850 4601 Cum
903 4549 1083 4596 autem
1154 4530 1405 4591 monachi
1463 4524 1786 4589 Rameseiae,
1836 4522 2089 4593 episcopo

512 4636 765 4696 Oswaldo
826 4636 881 4692 in
932 4634 1049 4704 ripa
1091 4638 1308 4693 stante,
1352 4636 1549 4694 aquam
1601 4616 1817 4687 navigio
1859 4612 2091 4668 transire

513 4729 734 4795 vellent,
768 4725 924 4783 navis
964 4701 1125 4779 nimis
1167 4724 1393 4776 onerata
1424 4710 1593 4781 mergi
1636 4710 1821 4778 erepit.
1870 4701 2093 4759 Turbati

515 4825 792 4891 monachi,
828 4831 883 4879 et
920 4819 1059 4876 mori
1107 4820 1408 4872 metuentes
1430 4822 1587 4880 opem
1618 4801 1792 4859 sancti
1825 4793 2094 4870 pontificis

517 4918 901 4993 implorabant.
943 4910 1097 4977 Quod
1138 4906 1328 4985 videns
1371 4905 1592 4956 sanctus
1646 4893 1860 4961 signum
1919 4880 2096 4939 crucis

518 4985 708 5078 edidit,
729 5018 787 5065 et
814 5005 967 5061 navis
996 5001 1063 5056 ab
1095 5008 1356 5068 aquarum
1383 4985 1763 5062 profunditate,
1792 4986 2096 5046 emergens,

595 5167 743 5241 (120)
782 5163 899 5220 Non
949 5174 980 5213 a
1027 5150 1345 5241 monachis?
1376 5143 1470 5200 sed
1507 5125 2098 5241 asert‘tisrmonasterit

901 5231 937 5241 ·-
1142 5237 1199 5241 η-
1261 5219 1313 5241 2--
1347 5231 1400 5241 --
1434 5215 1488 5241 ε..
1525 5223 1637 5241 nsum
1713 5221 1741 5241 ιι
1775 5219 1818 5241 ,α

661 5207 760 5250 ἲν)-
784 5207 1200 5250 ⁵“’“ἰ.Ῐ-.Ϊ.⁷ιί...ρ.
1261 5207 1401 5250 ;..'r...
1434 5215 1488 5250 in
1524 5210 1642 5250 Aine
1670 5207 1840 5250 Actis.

2119 4356 2165 4412 D

2141 1765 2446 1827 bene.Tuis
2470 1764 2665 1833 quippe
2694 1760 2901 1814 meritis
2922 1767 2975 1810 et
2997 1752 3246 1823 precibus
3275 1766 3303 1801 a
3335 1749 3519 1815 pomis
3541 1746 3729 1813 quibus

2142 1861 2431 1920 cruciabar
2458 1872 2555 1927 per
2570 1853 2817 1923 angelum
2849 1867 3004 1903 suum
3031 1862 3119 1900 me
3140 1846 3227 1898 die
3251 1845 3511 1897 hesterna
3537 1840 3726 1907 eripuit

2145 1952 2425 2029 Dominus.
2453 1947 2605 2014 Quod
2632 1955 2686 1999 ct
2709 1943 2802 1998 tibi
2831 1938 3149 1994 insinuando
3172 1934 3293 1989 veni
3316 1935 3527 2003 gratias
3556 1944 3727 1998 agere,

2146 2051 2221 2109 et,
2245 2024 2499 2112 quoniam
2528 2034 2798 2112 gratiosus
2841 2046 2938 2101 pro
2981 2029 3082 2081 hoc
3126 2034 3181 2079 et
3211 2024 3335 2077 aliis
3378 2023 3509 2092 jure
3541 2021 3731 2073 debeas

2150 2132 2263 2187 Deo
2302 2130 2542 2183 existere
2580 2123 2797 2188 merito,
2854 2118 3154 2174 insinuare.
3193 2134 3212 2166 ι
3252 2112 3375 2179 Quo
3432 2112 3580 2166 dicto
3632 2125 3731 2163 non

2148 2218 2475 2292 comparuit.

2222 2314 2310 2370 15.
2353 2310 2640 2368 Dimcesim
2683 2322 2836 2363 suam
2886 2298 3203 2374 opportunis
3244 2295 3587 2365 temporibus
3621 2307 3733 2362 per-

2155 2419 2380 2478 agrans,
2406 2389 2666 2473 quidquid
2697 2399 2893 2453 elicere
2920 2400 3130 2466 poterat
3160 2390 3213 2444 in
3246 2388 3492 2442 moribus
3519 2399 3729 2438 suorum

2122 2503 2342 2573 ,oculos
2373 2498 2571 2557 summi
2613 2495 2707 2552 Dei
2754 2491 3047 2552 offendere,
3076 2482 3321 2557 paterna
3382 2480 3737 2549 castigatione

2155 2596 2430 2665 corripere
2475 2601 2638 2669 atque
2682 2587 2957 2667 corrigere
3001 2581 3303 2649 satagebat.
3341 2575 3469 2629 [lare
3496 2580 3737 2640 agentem

2156 2662 2387 2759 contigit
2430 2686 2549 2739 vice
2589 2662 2829 2752 quadam
2878 2677 3089 2730 venisse
3136 2672 3360 2741 Itipum,
3419 2668 3511 2721 ubi
3558 2666 3738 2720 l‘eatns

2159 2773 2743 2853 quondam_Wiliridus
2783 2767 2930 2846 (ηὸ)
2967 2762 3131 2819 nobili
3174 2768 3497 2816 co..structo
3564 2770 3740 2809 tuon:-

2159 2871 2328 2926 sterio
2358 2847 2556 2921 merult
2580 2841 2824 2935 sepeliri.
2878 2856 3051 2929 Locus
3081 2863 3259 2905 tamen
3291 2848 3383 2901 ille
3429 2862 3460 2898 a
3500 2842 3739 2897 barbaris

2165 2962 2292 3017 olim
2331 2972 2521 3029 magna
2567 2933 2634 3007 ex
2667 2958 2820 3022 parte
2851 2948 3082 3006 dirutus,
3126 2939 3371 2995 latibulis
3398 2949 3579 2990 tamen
3609 2933 3740 2986 fera-

2167 3068 2285 3108 rum
2311 3049 2413 3105 fuit
2436 3043 2838 3101 accommodus.
2869 3037 2984 3092 lllic
3013 3034 3153 3091 enim
3182 3017 3411 3102 pervigil
3453 3028 3508 3082 in
3543 3026 3739 3081 oratio-

2166 3143 2325 3197 nibus
2379 3143 2542 3191 noctu
2581 3132 2896 3202 persistens.
2952 3124 3130 3179 divina
3181 3118 3518 3173 revelatione
3548 3112 3740 3167 'didicit

2168 3231 2287 3304 ipso
2328 3228 2447 3283 loco
2500 3231 2813 3279 sanctorum
2868 3229 3094 3285 corpora
3141 3198 3361 3266 condita
3416 3199 3591 3261 esse:
3630 3219 3741 3272 qua:

2170 3320 2499 3387 investigans
2528 3330 2649 3389 cum
2676 3309 2985 3387 nominibus
3015 3302 3353 3374 singulorum
3376 3296 3566 3369 procul
3594 3294 3744 3348 dubio

2170 3409 2454 3467 inveniret.
2483 3386 2652 3458 Facto
2692 3382 2874 3454 autem
2912 3409 3070 3449 mane
3100 3406 3220 3469 cum
3252 3400 3457 3443 terram
3487 3382 3745 3444 foderunt,

2171 3505 2481 3555 sanctorum
2541 3504 2772 3560 corpora
2833 3500 2963 3564 meum
3032 3479 3213 3537 tabula
3272 3479 3390 3532 1)ch
3442 3474 3746 3531 coniuente

2174 3600 2386 3661 reperta
2452 3594 2577 3641 sunt
2625 3601 2639 3637 :
2703 3580 2803 3634 llic
2861 3574 3131 3647 requiescit
3192 3577 3407 3624 sanctus
3474 3563 3748 3633 Wilfrid”

2177 3682 2395 3735 antistet
2435 3671 2809 3737 Eboracensis,
2849 3677 2896 3722 et
2928 3661 3192 3719 reverendi
3219 3659 3435 3713 abbate;
3468 3655 3745 3715 Tubertus,

2177 3769 2470 3835 Botwinus,
2497 3763 2761 3826 Albertus,
2816 3754 3068 3826 Sigredus
3096 3761 3248 3818 atque
3273 3745 3574 3801 Wildenua.
3612 3741 3745 3795 Reli-

2180 3863 2337 3935 quias
2377 3867 2557 3914 autem
2599 3859 2844 3926 repertas
2893 3846 3111 3903 interim
3144 3841 3263 3897 loco
3297 3848 3426 3909 apto
3454 3833 3743 3892 collocarit.

2178 3927 2532 4011 Dostmodum
2578 3962 2709 4003 vero
2756 3956 2956 4015 corpus
3008 3935 3182 3994 sancti
3219 3932 3461 3987 Wiltridi
3516 3927 3658 3999 (tit)
3699 3927 3746 3978 in

2185 4051 2388 4106 feretro
2434 4045 2689 4100 decenter
2735 4044 2920 4108 aptato
2968 4046 3090 4087 cum
3142 4025 3449 4083 reverentia
3494 4019 3745 4097 condidit,

2185 4146 2375 4210 utpote
2398 4149 2557 4205 quem
2597 4106 2794 4199 magno
2832 4121 3088 4179 Wilfrido
3128 4117 3273 4172 illius
3329 4113 3433 4168 loci
3490 4106 3747 4165 fundatori

2189 4227 2659 4303 consanguinitate
2706 4221 2949 4291 junctum
2998 4219 3243 4269 noverat.
3291 4206 3509 4275 Corpus
3537 4211 3750 4266 namque

2192 4286 2425 4395 majori;
2443 4314 2678 4373 Wilfridi
2706 4286 2744 4365 a
2779 4309 2839 4365 S.
2873 4307 3057 4363 Odone
3082 4296 3465 4357 Cantuarieusi
3500 4286 3750 4356 archiepi-

2190 4379 2356 4485 sco'po
2377 4410 2579 4468 dudum
2614 4402 2935 4461 translatum
2984 4394 3178 4449 fuerat.
3216 4388 3442 4444 Locatis
3488 4386 3666 4451 itaque
3704 4379 3749 4429 in

2191 4510 2393 4565 feretro
2445 4497 2713 4571 reliquiis,
2758 4487 3095 4563 Wigorniam
3138 4496 3272 4538 “cum
3322 4492 3523 4549 magno
3571 4476 3755 4529 honore

2195 4594 2511 4656 transmisit.

2270 4690 2358 4745 16.
2402 4684 2494 4741 Vir
2533 4680 2755 4753 quidam
2801 4681 2993 4747 potens
3039 4665 3218 4723 valida
3269 4662 3422 4718 febre
3474 4663 3760 4725 correptus,

2194 4800 2294 4857 per
2339 4778 2586 4837 nuntium
2622 4772 2742 4827 viro
2791 4766 2884 4824 Dei
2928 4778 2987 4821 se
3030 4758 3297 4817 infirmari
3346 4751 3661 4809 insinuavit.
3702 4747 3765 4800 At

2197 4881 2290 4937 ille
2317 4873 2644 4934 benedicens
2677 4878 2896 4938 panem,
2927 4860 3087 4929 eique
3122 4849 3619 4927 transmittens,.ut
3654 4851 3760 4891 cum

2614 4944 2615 4947 η
3210 4945 3219 4947 Α
3393 4938 3407 4947 _
3514 4936 3547 4947 ,Δ
3626 4931 3664 4947 Δ
3686 4926 3759 4947 Δ

2200 4974 2309 5030 tlde
2336 4966 2586 5028 sanitatis
2616 4926 3015 5028 consequendae
3036 4945 3346 5005 comederet
3388 4926 3575 5008 jussit.
3622 4926 3761 4998 Quod

2196 5136 2201 5157 ⁴
2273 5121 2425 5197 (125)
2461 5113 2698 5173 Wilfridi
2754 5103 2986 5164 senioris
3032 5108 3163 5177 aeta
3205 5091 3501 5168 retulimus
3554 5093 3665 5138 tum
3719 5077 3765 5156 in

2592 5184 2624 5197 "
2694 5179 2782 5197 πυ
2818 5173 2959 5197 --—-::
3014 5179 3126 5197 ιη...
3153 5183 3206 5197 ,η
3247 5160 3558 5197 Anmudlm
3586 5148 3765 5197 mnu

2199 5148 2985 5250 ητξὲηῗιῡιυίξιῖιὲιὲὲὲυῧνίὲἷίὶῖ
3014 5148 3209 5249 tumin
3239 5160 3559 5250 Appendice
3586 5148 3765 5208 Statili
