3936 5402
196 369 3448 487 Mm

1419 565 1587 615 uno
1625 568 1855 613 DOMINI
1914 575 2208 624 MLxxxtt.
2306 640 2309 643 λ

1188 724 2415 908 ΟΕΒΠΙΝΙΙΒ

629 1007 1625 1173 LUG‘DUNENSIS
1708 974 2968 1175 ARCHIEPISCOPUS.

1586 1210 1985 1232 ﬁ

1184 1279 1692 1375 ΝΟΤΙΤΙΑ
1761 1291 2454 1397 HISTORICA.

1114 1472 1217 1528 (Ex
1259 1469 1442 1531 Gallia
1470 1478 1801 1550 Christiana,
1831 1502 1955 1541 nov.
1998 1492 2152 1557 edit.,
2202 1505 2330 1552 tom.
2367 1498 2480 1575 ιν.)

1557 1645 2092 1670 Μ

275 1726 573 1797 Gebuintts,
604 1732 696 1803 qui
720 1744 774 1790 et
804 1732 1085 1803 Gibut'nus,
1116 1740 1223 1796 imo
1253 1753 1304 1797 ct
1327 1743 1588 1801 Ceboinus
1609 1748 1858 1815 dictns'A

200 1830 324 1885 est,
372 1836 435 1877 ac
485 1801 740 1879 successu
789 1831 1047 1899 temporis
1075 1801 1285 1888 mutata
1336 1838 1509 1904 prima
1550 1801 1788 1898 nominis
1817 1801 1858 1815 η
1888 1801 2606 1905 ΒΡ,³¹¹δ³φ.ρτονῖηθῘ²1Ῐυω
2646 1821 3035 1890 arrogantiam“
3070 1843 3093 1880 ³
3126 1826 3271 1886 Nihil
3300 1846 3466 1905 nega.

193 1910 379 1965 littera
414 1911 465 1966 in
500 1910 553 1967 Ι.
581 1912 820 1980 ejusdem
851 1920 1004 1986 soni,
1039 1921 1297 1978 Jebuinus
1350 1930 1650 1998 appellatus
1678 1942 1782 1995 est,

196 2011 261 2055 ut
292 2001 475 2057 videre
501 2011 587 2058 est
632 2004 685 2059 in
739 2008 963 2076 antiquo
1008 2009 1446 2083 Lugdunensium
1494 2021 1786 2088 praesulnm

196 2095 381 2151 indice
418 2097 591 2153 relato
627 2099 679 2181 in
711 2103 1128 2173 antiquitatibus
1166 2109 1357 2166 insula:
1386 2112 1656 2171 Barbarae.
1687 2117 1791 2173 Dc-

200 2188 368 2257 nique
396 2205 493 2260 per
520 2206 793 2263 apocopen
825 2197 983 2251 unius
1030 2199 1224 2256 littera:
1250 2202 1478 2260 Jubiuus
1507 2224 1785 2280 nuncupa-

159 2286 310 2344 'tus,
356 2290 415 2335 ιιι
462 2282 645 2339 videre
672 2294 755 2340 est
804 2287 860 2342 in
912 2289 1237 2354 lllissalibtts.
1270 2297 1664 2371 Breviariisque
1712 2303 1781 2358 ad

196 2383 357 2423 usum
384 2368 758 2440 Lugdunensis
780 2376 1063 2447 Ecclesia',
1098 2398 1161 2437 ex
1214 2385 1316 2440 hoc
1345 2402 1474 2443 vero
1503 2401 1777 2458 postremo

195 2460 422 2515 nomine
453 2464 695 2519 manavit
744 2466 1012 2525 Gallicum
1042 2474 1177 2527 saint
1204 2475 1369 2532 Jubin
1413 2495 1521 2549 quo
1561 2498 1590 2537 a
1626 2482 1781 2555 vulgo

192 2551 534 2622 designatur.
596 2556 720 2612 Fuit
768 2559 1009 2631 llugonis
1064 2563 1129 2620 lll
1175 2556 1407 2626 comitis.
1442 2551 1784 2632 Divionensz's

196 2645 362 2713 Illius,
398 2648 497 2703 fuit
521 2659 577 2705 et
600 2661 784 2721 postea
809 2655 1166 2727 Lingoncnsis
1185 2667 1619 2726 archidiaconus.
1653 2673 1782 2743 Ejus

198 2737 271 2790 ad
324 2738 695 2810 episcopatum
752 2745 1068 2805 electionem
1122 2753 1201 2809 sic
1253 2757 1420 2813 refert
1469 2737 1783 2820 Chronicon

194 2828 542 2889 Virduncnse
569 2856 582 2889 ς
622 2854 641 2887 t
670 2836 724 2891 ln
746 2840 949 2908 synodo
974 2841 1244 2902 Heducnsi
1267 2864 1429 2918 quam
1455 2868 1598 2908 anno
1643 2857 1781 2912 1077

205 2923 384 2976 tenuit
404 2922 561 2995 [Iugo
584 2926 794 2982 Dicnsis
815 2931 1101 3003 episcopus
1121 2945 1175 2991 et
1198 2936 1406 3009 legatus
1423 2946 1785 3014 apostolicus,

1891 1892 1969 1946 vit
1998 1897 2260 1965 pontifex,
2312 1911 2390 1958 tot
2449 1910 2727 1977 praeclaris
2783 1918 2905 1973 novi
2954 1892 3468 1984 antistitis~dotibus

1891 2001 2214 2050 commotus.

1868 2090 1871 2091 '
1961 2087 2119 2143 Anno
2150 2087 2285 2145 l078
2313 2104 2645 2152 memoratur
2674 2097 2726 2155 in
2761 2103 2948 2160 charta
2980 2104 3233 2164 Widelini
3266 2109 3471 2168 Foren-

1872 2180 1967 2262 sis
2002 2183 2218 2239 comitis
2255 2184 2627 2246 Saviuiacensi
2675 2194 2920 2250 ctenobio
2969 2202 3226 2258 nonnulla
3272 2218 3471 2261 concc-

1885 2271 2092 2340 dentis;
2132 2274 2213 2331 sic
2246 2278 2390 2333 enim
2436 2280 2491 2335 in
2538 2297 2598 2337 ea
2650 2274 2905 2356 temporis
2944 2301 3065 2346 nota
3103 2292 3415 2350 inscribitur
3453 2314 3468 2350 :

1892 2379 1912 2413 ι
1949 2362 2179 2421 Domino
2214 2364 2446 2424 llenrico
2474 2370 2542 2426 l\'
2569 2373 2811 2445 Angusto
2851 2378 3048 2434 bellum
3099 2397 3221 2437 cum
3273 2383 3475 2440 Rodat.-

1887 2454 1994 2523 plto
2033 2470 2159 2526 rege
2199 2470 2451 2529 gerente,
2502 2476 2800 2538 sanctoque
2845 2485 2979 2544 papa
3020 2472 3383 2532 llildebrando
3417 2479 3493 2545 in,

1885 2548 2183 2617 apostolico
2241 2552 2377 2609 solio
2429 2556 2737 2626 residente,
2792 2572 2955 2634 atque
3002 2556 3473 2642 archiepiscopum

1890 2647 2237 2720 Lugdunensi
2265 2652 2367 2707 sub
2387 2654 2648 2726 regimine
2679 2658 2880 2716 domini
2920 2661 3148 2719 Gebuini
3187 2668 3472 2737 quiescen—

1891 2749 1943 2798 te
1984 2761 1998 2796 :
2040 2745 2258 2800 domino
2303 2747 2466 2803 etiam
2520 2749 2787 2808 Dalmatio
2838 2754 3173 2814 Savinicnsis
3222 2762 3470 2819 baculum

1891 2842 2107 2892 tenente
2138 2877 2152 2891 .
2181 2876 2195 2893 .
2222 2877 2237 2893 .
2266 2880 2279 2892 .
2311 2879 2324 2893 .
2356 2856 2542 2897 mense
2581 2843 2720 2901 Maio
2746 2847 2876 2903 feria
2906 2849 2960 2914 2,
2990 2860 3044 2905 et
3075 2869 3142 2907 xv
3175 2852 3303 2926 (die)
3334 2871 3473 2912 anno

1889 2924 2099 2982 Domini
2134 2930 2301 2995 l078,
2349 2932 2537 2988 indict.
2571 2951 2586 2988 t
2616 2948 2974 2996 concurrente
3013 2957 3085 3005 vr,
3120 2924 3307 3013 epacta
3340 2963 3412 3000 tv.
3445 2966 3467 3000 ι

190 3012 392 3082 quinta
419 3015 529 3077 die,
579 3017 703 3085 quia
735 3017 1114 3092 Lugdunensis
1143 3028 1321 3096 sedes,
1355 3012 1655 3090 llttmberto
1693 3012 1782 3091 Si‘;
1814 3058 1856 3116 Β
1887 3015 2086 3116 Εοάξθιξι
2137 3036 2279 3116 ἒηηυ
2314 3037 2419 3116 ἔθη
2468 3025 2646 3094 Ρ⁰¹Ῐ¹¹⁸
2690 3032 2935 3098 suumn”
2965 3031 3119 3099 Ῑ¹¹⁸¹³
3155 3034 3473 3091 ¹’⁰⁴¹ί⁰¹’¹¹““¹

170 3104 450 3159 ‘moniaco
500 3107 726 3176 expulso
775 3118 833 3164 et
870 3111 935 3189 in
974 3113 1105 3171 locis
1149 3115 1470 3180 Jureusibus
1511 3126 1778 3182 monacho

190 3195 361 3263 facto,
400 3202 627 3256 vacabat
659 3203 922 3271 antistite,
957 3210 1120 3266 totius
1151 3215 1366 3270 concilii
1413 3233 1638 3275 assensu
1664 3221 1776 3276 elc-

191 3301 320 3348 ctus
357 3296 636 3352 Gebuinus
661 3300 1095 3368 archidiaconus,
1130 3309 1214 3362 vir
1260 3300 1469 3368 morum
1513 3316 1781 3385 probitate

191 3394 477 3441 venustus.
518 3386 573 3441 ld
605 3404 749 3460 :egre
802 3391 925 3447 tulit
975 3394 1329 3467 Lingonensis
1383 3406 1606 3472 praesul,
1649 3422 1779 3464 cou-

162 3476 165 3477 ⁷
192 3483 421 3542 questus
440 3478 582 3545 quod
607 3477 797 3536 Patres
833 3483 1081 3539 dextrum
1110 3487 1211 3542 sibi
1237 3491 1451 3547 oculum
1482 3478 1777 3563 eruisscnt,

194 3564 285 3618 cui
317 3580 473 3621 suum
505 3567 857 3628 abstulissent
904 3578 1370 3648 archidiaconunt,
1402 3587 1573 3641 virum
1607 3590 1663 3643 in
1690 3606 1777 3645 ec—

192 3654 506 3713 clesiasticis
555 3669 603 3714 et
653 3663 997 3721 awcularibus
1047 3674 1262 3740 negotiis
1311 3666 1778 3747 peruecestarium,

193 3748 253 3802 in
305 3763 413 3817 quo
462 3767 619 3806 suum
670 3755 838 3824 ipsius
867 3761 1176 3829 consilium,
1215 3766 1486 3836 totiusque
1531 3771 1781 3828 (litecesis

195 3837 452 3896 solatium
481 3846 799 3902 residebat:
828 3851 919 3905 sed
950 3856 1231 3922 prmvaluit
1261 3846 1498 3917 concors.
1512 3865 1778 3919 sententia

173 3934 438 3998 ’concilii,
470 3937 594 4005 quia
624 3938 702 3993 sic
725 3950 844 3995 erat
868 3945 1269 4011 prmﬁnitumet
1291 3950 1547 4020 placitum
1577 3956 1630 4011 in
1656 3971 1782 4012 ocu-

193 4022 267 4076 lis
296 4025 530 4081 Domini.
561 4028 671 4085 Nec
726 4048 896 4096 mora,
930 4051 1038 4090 uno
1066 4038 1176 4105 dic,
1208 4041 1258 4095 id
1287 4053 1371 4099 est
1404 4046 1683 4103 Dominico
1712 4065 1782 4104 xv

195 4114 324 4169 Kal.
355 4117 598 4185 Oetebr.,
622 4120 821 4178 Ilcdua:
844 4142 1051 4182 summa
1076 4133 1315 4187 omnium
1344 4137 1704 4196 exsultatione
1727 4149 1782 4196 et

196 4206 441 4277 tripudio
468 4224 499 4264 a
544 4210 720 4281 legato
773 4228 1122 4275 consecratus
1152 4233 1253 4277 est.
1288 4224 1398 4281 Nec
1449 4228 1497 4281 id
1549 4239 1780 4298 tantum,

193 4296 291 4349 sed
322 4299 506 4353 statim
532 4302 752 4370 pallium
782 4322 880 4376 pro
904 4323 969 4363 eo
991 4312 1281 4379 postulavit
1314 4315 1487 4387 Hugo,
1516 4319 1605 4373 ltis
1653 4296 1779 4376 ver;

1885 3110 2012 3165 anni
2059 3112 2343 3169 inchoandi
2388 3119 2630 3183 modum,
2670 3117 2867 3176 Petrus
2902 3123 3224 3181 Albanensis
3265 3127 3474 3195 episeo-

1882 3214 2002 3270 pus,
2042 3202 2297 3260 Romana:
2332 3206 2587 3264 Ecclesiae
2630 3200 2944 3277 cardinalis.
2981 3226 3034 3296 et
3072 3232 3219 3288 papae
3266 3218 3475 3288 legatus

1884 3297 1938 3351 itt
1974 3298 2217 3366 partibus
2255 3297 2601 3372 Burgundiac,
2632 3304 2884 3377 episcopo
2915 3306 3296 3366 Matisconensi
3336 3312 3476 3366 Lan-

1883 3387 2056 3454 drico,
2085 3399 2138 3446 et
2176 3390 2422 3448 Gchuino
2454 3394 2863 3468 archiepiscopo
2895 3398 3238 3470 Lugdunensi
3269 3401 3477 3474 signifi-

1884 3492 1973 3537 cat
2002 3498 2059 3539 se
2089 3500 2153 3538 ex
2179 3494 2331 3552 parte
2353 3485 2534 3542 domui
2558 3503 2709 3559 papa:
2735 3505 2829 3547 eos
2855 3494 3471 3557 excommunicautrum.

1884 3575 1984 3630 nisi
2013 3590 2042 3629 a
2076 3577 2337 3633 molestiis
2373 3593 2506 3648 quas
2546 3580 2993 3640 Cluniacensibus
3025 3588 3306 3643 monachis
3340 3589 3475 3644 infc-

1883 3678 2044 3730 rnnt,
2098 3667 2427 3724 abstineant.
2482 3688 2501 3721 ‹
2536 3672 2729 3727 Actum
2776 3674 2939 3729 Ansee
2977 3677 3118 3746 apud
3158 3676 3215 3732 S.
3241 3677 3476 3734 Betnar-

1883 3761 2035 3827 dum,
2064 3775 2158 3815 tm
2209 3760 2493 3826 Februan,
2541 3764 2730 3821 iudict.
2784 3782 2843 3821 tt.
2886 3786 2903 3818 ι
2943 3767 3096 3823 Circa
3150 3769 3249 3825 hoc
3296 3770 3471 3845 ipsum

1886 3859 2096 3921 tempus
2125 3852 2409 3911 Gcbuinus.
2430 3856 2643 3911 videtur
2685 3857 2912 3913 Romam
2944 3874 3075 3915 cum
3102 3861 3372 3915 nonnullis
3404 3876 3472 3916 ex

1884 3943 1999 3999 suis
2030 3946 2306 4001 canonicis
2341 3947 2591 4017 petiisse;
2626 3948 2676 4003 id
2704 3949 2847 4005 enim
2877 3950 3148 4020 significat
3174 3950 3472 4020 Gregorius

1877 4029 2109 4107 cpistola
2149 4040 2238 4105 56,
2284 4040 2375 4095 lib.
2422 4057 2506 4104 vr,
2537 4056 2601 4097 cx
2646 4058 2749 4111 qua
2780 4053 2928 4112 patet
2973 4052 3100 4099 tunc
3144 4044 3470 4114 regularem.

1885 4144 2228 4186 communem
2270 4146 2332 4187 ac
2373 4132 2569 4200 peculii
2605 4146 2882 4203 expertem
2930 4136 3095 4189 vitam
3127 4135 3348 4191 duxisse
3381 4150 3474 4189 ca.-

1889 4223 2148 4278 thedralis
2200 4224 2442 4279 ecclesize
2496 4226 2783 4283 canonicos
2817 4245 2830 4282 :
2864 4228 3008 4283 enim
3067 4243 3195 4286 vero
3248 4242 3371 4283 cum
3438 4244 3471 4283 a

1888 4310 2157 4369 Landrico
2186 4314 2565 4371 Matisconcnsi
2595 4318 2866 4387 episcopo,
2901 4317 3043 4375 facto
3076 4319 3145 4374 ad
3176 4320 3318 4375 hanc
3345 4334 3473 4374 eau-

192 4386 285 4441 bis
324 4405 337 4441 :
378 4406 397 4439 ι
428 4388 782 4463 Summopere
811 4400 1085 4466 poscimus
1132 4396 1187 4457 ut
1224 4396 1324 4476 per
1366 4386 1647 4465 dominum
1684 4411 1786 4468 Va-
1811 4388 2006 4483 c'sam
2046 4409 2319 4479 pontiﬁcis
2365 4410 2645 4480 cognitore
2681 4414 3025 4468 anathemate
3063 4412 3295 4485 perculsi
3336 4411 3472 4468 fuis-

191 4475 461 4533 lentinum
505 4482 812 4554 episcopum
841 4489 1060 4558 pallium
1103 4475 1258 4549 nobis
1297 4499 1521 4555 mittatis
1555 4485 1624 4557 ad
1655 4518 1784 4559 con-

198 4566 525 4626 firmandam
550 4575 951 4635 ordinationem
994 4584 1382 4655 religiosissimi
1407 4589 1783 4663 Lugdunensis

192 4659 459 4718 Ecclesiae
483 4668 878 4755 archiepiscopi
908 4687 1094 4731 contra
1117 4679 1449 4739 oblatrantes
1472 4659 1781 4763 haereticos,

195 4756 347 4812 etde
381 4760 525 4832 regis
558 4746 927 4833 indignatione
956 4770 1222 4828 adversus
1246 4760 1645 4834 ordinationem
1687 4780 1781 4837 Dei

195 4851 499 4907 carnaliter
523 4854 854 4925 gloriantes;
879 4862 1000 4931 ipse
1013 4864 1157 4919 enim
1190 4871 1506 4937 postpositis
1528 4875 1781 4930 omnibus

200 4943 647 4999 .ttcommodisaet
676 4948 931 5016 periculis
959 4942 1194 5022 penuriae
1216 4944 1385 5025 atque
1420 4960 1630 5018 itineris
1656 4979 1782 5018 san-

192 5030 402 5090 ctitatis
435 5043 632 5089 vestra!
660 5034 972 5110 conspectui
1012 5044 1358 5101 devotissime
1393 5064 1453 5104 se
1490 5062 1783 5119 praesenta-

176 5126 292 5190 τρι,
322 5126 369 5182 si
426 5125 675 5183 Ecclesia
722 5129 797 5185 illi
848 5133 1131 5189 commissa
1193 5124 1387 5191 tandiu‘
1434 5139 1682 5212 languida
1726 5150 1781 5199 et

186 5216 434 5285 pastoris
475 5215 671 5270 solatio
698 5219 976 5282 destituta.
1025 5237 1240 5295 quoquo
1270 5226 1432 5283 modo
1476 5230 1776 5289 absentiam

185 5307 305 5374 ejus
354 5308 483 5362 sine
525 5322 720 5379 magno
748 5312 1071 5385 detrimento
1117 5317 1224 5385 pati
1257 5319 1543 5384 potuisset.
1579 5322 1777 5380 Valen-

1884 4510 2026 4568 sent,
2058 4503 2182 4571 quia
2222 4488 2541 4560 communia,
2567 4503 2825 4560 Ecclesia:
2852 4506 2995 4563 bona
3023 4505 3166 4562 inter
3195 4521 3253 4562 se
3284 4506 3471 4572 partiti

1885 4592 2128 4657 fuerant,
2182 4603 2242 4649 ut
2302 4596 2554 4665 privatim
2610 4596 2877 4663 viverint;
2938 4613 3183 4668 cumque:
3223 4598 3470 4653 nonnulli

1883 4683 2115 4738 Romam
2146 4684 2372 4754 profecti
2402 4685 2630 4742 fuissent
2657 4694 2791 4741 utet
2817 4688 3211 4745 absolutionem
3236 4696 3291 4741 et
3312 4688 3472 4744 bene.

1883 4775 2171 4829 dictionem
2207 4776 2585 4846 impetrarent,
2620 4778 2759 4832 hanc
2793 4794 2899 4833 non
2945 4788 3155 4834 tantum
3193 4795 3300 4834 non
3337 4796 3470 4836 cou-

1876 4856 2047 4921 cessit
2076 4868 2343 4936 pontifex,
2374 4867 2488 4925 imo
2513 4868 2809 4940 apostolica
2837 4874 3166 4928 auctoritate
3192 4874 3473 4942 praecepit,

1876 4948 1941 5014 ut
1978 4960 2068 5029 qui
2107 4959 2189 5014 sic
2226 4942 2595 5028 acquisicrant
2634 4959 2858 5017 omnino
2899 4964 3258 5025 dimitterent,
3287 4962 3479 5018 volens

1881 5062 1943 5121 ut
1970 5051 2326 5115 nobilitatem,
2354 5068 2460 5121 qua
2485 5055 2628 5111 inter
2655 5067 2845 5109 omnes
2870 5053 3183 5113 Gallicanas
3208 5051 3486 5109 Ecclesias

1883 5144 2258 5223 Lugdunensis
2291 5145 2624 5214 resplenduit
2649 5146 2704 5200 in
2735 5143 3014 5216 religionis
3036 5141 3309 5210 exemplo,
3340 5159 3492 5202 nunc

1884 5253 2099 5309 quoque
2148 5235 2434 5307 vigilanter
2481 5237 2778 5302 custodiat;
2828 5248 2889 5292 ut
2938 5250 2996 5296 et
3049 5233 3280 5310 gloriam
3324 5248 3491 5303 quam

1884 5330 2146 5386 hactenus
2173 5342 2283 5396 pra:
2303 5334 2520 5388 caneris
2565 5332 2672 5388 illis
2713 5328 2902 5384 habuit
2937 5332 2991 5386 in
3031 5324 3316 5398 dignitate,
3349 5342 3499 5383 nunc
