  <div class='ocr_page' id='page_1' title='image "/cluster/home/n/w/nwhite01/storage/ocr_20150623/147/hvd.32044010574002/609.png"; bbox 0 0 3936 5402; ppageno 0'>
   <div class='ocr_carea' id='block_1_1' title="bbox 498 233 638 287">
    <p class='ocr_par' dir='ltr' id='par_1_1' title="bbox 498 233 638 287">
     <span class='ocr_line' id='line_1_1' title="bbox 498 233 638 287; baseline -0.021 0"><span class='ocrx_word' id='word_1_1' title='bbox 498 235 523 287; x_wconf 87' lang='grc'><strong>1</strong></span> <span class='ocrx_word' id='word_1_2' title='bbox 534 233 638 286; x_wconf 68' lang='lat'><strong>207</strong></span> 
     </span>
    </p>
   </div>
   <div class='ocr_carea' id='block_1_2' title="bbox 1673 233 2646 294">
    <p class='ocr_par' dir='ltr' id='par_1_2' title="bbox 1673 233 2646 294">
     <span class='ocr_line' id='line_1_2' title="bbox 1673 233 2646 294; baseline -0.007 0"><span class='ocrx_word' id='word_1_3' title='bbox 1673 237 1948 294; x_wconf 70' lang='lat' dir='ltr'><strong>CEBUlM</strong></span> <span class='ocrx_word' id='word_1_4' title='bbox 1989 234 2290 290; x_wconf 67' lang='lat' dir='ltr'><strong>LECDUN.</strong></span> <span class='ocrx_word' id='word_1_5' title='bbox 2332 233 2646 289; x_wconf 78' lang='lat' dir='ltr'><strong>ARClllEl’.</strong></span> 
     </span>
    </p>
   </div>
   <div class='ocr_carea' id='block_1_3' title="bbox 3611 241 3718 296">
    <p class='ocr_par' dir='ltr' id='par_1_3' title="bbox 3611 241 3718 296">
     <span class='ocr_line' id='line_1_3' title="bbox 3611 241 3718 296; baseline 0.019 -2"><span class='ocrx_word' id='word_1_6' title='bbox 3611 241 3718 296; x_wconf 70' lang='lat' dir='ltr'><strong>HO!</strong></span> 
     </span>
    </p>
   </div>
   <div class='ocr_carea' id='block_1_4' title="bbox 494 349 3722 425">
    <p class='ocr_par' dir='ltr' id='par_1_4' title="bbox 494 349 3722 425">
     <span class='ocr_line' id='line_1_4' title="bbox 494 349 3722 425; baseline 0.002 -23"><span class='ocrx_word' id='word_1_7' title='bbox 494 350 645 404; x_wconf 83' lang='lat' dir='ltr'><strong>curia</strong></span> <span class='ocrx_word' id='word_1_8' title='bbox 674 350 732 405; x_wconf 85' lang='grc'><strong>8.</strong></span> <span class='ocrx_word' id='word_1_9' title='bbox 764 349 954 406; x_wconf 76' lang='lat' dir='ltr'><strong>Nicetii</strong></span> <span class='ocrx_word' id='word_1_10' title='bbox 979 394 994 418; x_wconf 94' lang='lat'><strong>,</strong></span> <span class='ocrx_word' id='word_1_11' title='bbox 1026 354 1140 423; x_wconf 66' lang='lat' dir='ltr'><strong>ipso</strong></span> <span class='ocrx_word' id='word_1_12' title='bbox 1168 355 1424 424; x_wconf 77' lang='lat' dir='ltr'><strong>pontifice</strong></span> <span class='ocrx_word' id='word_1_13' title='bbox 1452 355 1521 410; x_wconf 90' lang='lat' dir='ltr'><strong>ibi</strong></span> <span class='ocrx_word' id='word_1_14' title='bbox 1543 355 1762 425; x_wconf 82' lang='lat' dir='ltr'><strong>jaccute</strong></span> <span class='ocrx_word' id='word_1_15' title='bbox 1791 356 1842 408; x_wconf 90' lang='lat' dir='ltr'><strong>in</strong></span> <span class='ocrx_word' id='word_1_16' title='bbox 1869 355 2087 424; x_wconf 75' lang='lat' dir='ltr'><strong>:rgritu—</strong></span> <span class='ocrx_word' id='word_1_17' title='bbox 2115 358 2161 415; x_wconf 75' lang='grc' dir='ltr'><strong>Α</strong></span> <span class='ocrx_word' id='word_1_18' title='bbox 2193 352 2461 407; x_wconf 75' lang='lat' dir='ltr'><strong>chronica:</strong></span> <span class='ocrx_word' id='word_1_19' title='bbox 2528 361 2668 406; x_wconf 68' lang='lat' dir='ltr'><strong>notae</strong></span> <span class='ocrx_word' id='word_1_20' title='bbox 2727 351 2999 422; x_wconf 86' lang='lat' dir='ltr'><strong>eorruntpi</strong></span> <span class='ocrx_word' id='word_1_21' title='bbox 3059 363 3312 422; x_wconf 86' lang='lat' dir='ltr'><strong>potuere;</strong></span> <span class='ocrx_word' id='word_1_22' title='bbox 3371 361 3429 409; x_wconf 85' lang='lat' dir='ltr'><strong>et</strong></span> <span class='ocrx_word' id='word_1_23' title='bbox 3484 369 3722 424; x_wconf 73' lang='lat' dir='ltr'><strong>corruptas</strong></span> 
     </span>
    </p>
   </div>
   <div class='ocr_carea' id='block_1_5' title="bbox 495 442 2080 502">
    <p class='ocr_par' dir='ltr' id='par_1_5' title="bbox 495 442 2080 502">
     <span class='ocr_line' id='line_1_5' title="bbox 495 442 2080 502; baseline 0.005 -9"><span class='ocrx_word' id='word_1_24' title='bbox 495 443 640 498; x_wconf 86' lang='lat' dir='ltr'><strong>dine.</strong></span> <span class='ocrx_word' id='word_1_25' title='bbox 666 442 826 498; x_wconf 90' lang='lat' dir='ltr'><strong>Certe</strong></span> <span class='ocrx_word' id='word_1_26' title='bbox 866 444 1074 502; x_wconf 81' lang='lat' dir='ltr'><strong>calculo</strong></span> <span class='ocrx_word' id='word_1_27' title='bbox 1120 446 1386 502; x_wconf 72' lang='lat' dir='ltr'><strong>laboravit</strong></span> <span class='ocrx_word' id='word_1_28' title='bbox 1414 455 1467 502; x_wconf 92' lang='lat' dir='ltr'><strong>et</strong></span> <span class='ocrx_word' id='word_1_29' title='bbox 1495 457 1681 502; x_wconf 89' lang='lat' dir='ltr'><strong>acutos</strong></span> <span class='ocrx_word' id='word_1_30' title='bbox 1723 447 1896 502; x_wconf 86' lang='lat' dir='ltr'><strong>morbi</strong></span> <span class='ocrx_word' id='word_1_31' title='bbox 1938 446 2080 501; x_wconf 89' lang='lat' dir='ltr'><strong>illius</strong></span> 
     </span>
    </p>
   </div>
   <div class='ocr_carea' id='block_1_6' title="bbox 491 537 2080 608">
    <p class='ocr_par' dir='ltr' id='par_1_6' title="bbox 491 537 2080 608">
     <span class='ocr_line' id='line_1_6' title="bbox 491 537 2080 608; baseline 0.004 -23"><span class='ocrx_word' id='word_1_32' title='bbox 491 546 847 603; x_wconf 82' lang='lat' dir='ltr'><strong>paroxysmos</strong></span> <span class='ocrx_word' id='word_1_33' title='bbox 889 542 1034 588; x_wconf 89' lang='lat' dir='ltr'><strong>tanta</strong></span> <span class='ocrx_word' id='word_1_34' title='bbox 1070 537 1330 604; x_wconf 73' lang='lat' dir='ltr'><strong>patientia</strong></span> <span class='ocrx_word' id='word_1_35' title='bbox 1371 538 1614 608; x_wconf 89' lang='lat' dir='ltr'><strong>pertulit,</strong></span> <span class='ocrx_word' id='word_1_36' title='bbox 1655 547 1735 604; x_wconf 92' lang='lat' dir='ltr'><strong>ut,</strong></span> <span class='ocrx_word' id='word_1_37' title='bbox 1778 539 1830 592; x_wconf 89' lang='lat' dir='ltr'><strong>itt</strong></span> <span class='ocrx_word' id='word_1_38' title='bbox 1862 539 2080 593; x_wconf 90' lang='lat' dir='ltr'><strong>virtutis</strong></span> 
     </span>
    </p>
   </div>
   <div class='ocr_carea' id='block_1_7' title="bbox 488 625 2082 702">
    <p class='ocr_par' dir='ltr' id='par_1_7' title="bbox 488 625 2082 702">
     <span class='ocr_line' id='line_1_7' title="bbox 488 625 2082 702; baseline 0.003 -22"><span class='ocrx_word' id='word_1_39' title='bbox 488 625 773 695; x_wconf 63' lang='lat' dir='ltr'><strong>praemium</strong></span> <span class='ocrx_word' id='word_1_40' title='bbox 804 627 946 681; x_wconf 90' lang='lat' dir='ltr'><strong>illius</strong></span> <span class='ocrx_word' id='word_1_41' title='bbox 981 628 1206 683; x_wconf 80' lang='lat' dir='ltr'><strong>curandi</strong></span> <span class='ocrx_word' id='word_1_42' title='bbox 1239 630 1346 683; x_wconf 86' lang='lat' dir='ltr'><strong>vim</strong></span> <span class='ocrx_word' id='word_1_43' title='bbox 1384 632 1672 684; x_wconf 78' lang='lat' dir='ltr'><strong>maximam</strong></span> <span class='ocrx_word' id='word_1_44' title='bbox 1711 631 1910 686; x_wconf 88' lang='lat' dir='ltr'><strong>habere</strong></span> <span class='ocrx_word' id='word_1_45' title='bbox 1951 646 2082 702; x_wconf 76' lang='lat' dir='ltr'><strong>prae-</strong></span> 
     </span>
    </p>
   </div>
   <div class='ocr_carea' id='block_1_8' title="bbox 489 722 2079 795">
    <p class='ocr_par' dir='ltr' id='par_1_8' title="bbox 489 722 2079 795">
     <span class='ocr_line' id='line_1_8' title="bbox 489 722 2079 795; baseline 0.001 -19"><span class='ocrx_word' id='word_1_46' title='bbox 489 723 721 786; x_wconf 85' lang='lat' dir='ltr'><strong>dicetur,</strong></span> <span class='ocrx_word' id='word_1_47' title='bbox 755 734 809 777; x_wconf 93' lang='lat' dir='ltr'><strong>et</strong></span> <span class='ocrx_word' id='word_1_48' title='bbox 839 739 901 778; x_wconf 88' lang='lat' dir='ltr'><strong>ea</strong></span> <span class='ocrx_word' id='word_1_49' title='bbox 938 725 1148 779; x_wconf 84' lang='lat' dir='ltr'><strong>ratione</strong></span> <span class='ocrx_word' id='word_1_50' title='bbox 1187 741 1218 778; x_wconf 88' lang='lat' dir='ltr'><strong>a</strong></span> <span class='ocrx_word' id='word_1_51' title='bbox 1257 724 1704 795; x_wconf 89' lang='lat' dir='ltr'><strong>Lugdunensibus</strong></span> <span class='ocrx_word' id='word_1_52' title='bbox 1735 733 1790 779; x_wconf 90' lang='lat' dir='ltr'><strong>et</strong></span> <span class='ocrx_word' id='word_1_53' title='bbox 1835 722 2079 778; x_wconf 84' lang='lat' dir='ltr'><strong>finitimis</strong></span> 
     </span>
    </p>
   </div>
   <div class='ocr_carea' id='block_1_9' title="bbox 489 812 2079 884">
    <p class='ocr_par' dir='ltr' id='par_1_9' title="bbox 489 812 2079 884">
     <span class='ocr_line' id='line_1_9' title="bbox 489 812 2079 884; baseline 0.001 -20"><span class='ocrx_word' id='word_1_54' title='bbox 489 812 570 864; x_wconf 77' lang='lat' dir='ltr'><strong>int</strong></span> <span class='ocrx_word' id='word_1_55' title='bbox 593 822 790 870; x_wconf 80' lang='lat' dir='ltr'><strong>)celur.</strong></span> <span class='ocrx_word' id='word_1_56' title='bbox 825 812 880 866; x_wconf 90' lang='lat' dir='ltr'><strong>ltt</strong></span> <span class='ocrx_word' id='word_1_57' title='bbox 913 813 1079 866; x_wconf 87' lang='lat' dir='ltr'><strong>veteri</strong></span> <span class='ocrx_word' id='word_1_58' title='bbox 1113 812 1486 884; x_wconf 79' lang='lat' dir='ltr'><strong>Lugdunensis</strong></span> <span class='ocrx_word' id='word_1_59' title='bbox 1519 813 1774 868; x_wconf 67' lang='lat' dir='ltr'><strong>Ecclesiae</strong></span> <span class='ocrx_word' id='word_1_60' title='bbox 1809 813 2079 884; x_wconf 82' lang='lat' dir='ltr'><strong>Martyro—</strong></span> 
     </span>
    </p>
   </div>
   <div class='ocr_carea' id='block_1_10' title="bbox 487 903 2078 975">
    <p class='ocr_par' dir='ltr' id='par_1_10' title="bbox 487 903 2078 975">
     <span class='ocr_line' id='line_1_10' title="bbox 487 903 2078 975; baseline 0.001 -19"><span class='ocrx_word' id='word_1_61' title='bbox 487 903 628 972; x_wconf 85' lang='lat' dir='ltr'><strong>logto</strong></span> <span class='ocrx_word' id='word_1_62' title='bbox 655 904 776 957; x_wconf 77' lang='lat' dir='ltr'><strong>vita:</strong></span> <span class='ocrx_word' id='word_1_63' title='bbox 814 904 982 972; x_wconf 84' lang='lat' dir='ltr'><strong>ipsius</strong></span> <span class='ocrx_word' id='word_1_64' title='bbox 1014 905 1278 959; x_wconf 84' lang='lat' dir='ltr'><strong>terminus</strong></span> <span class='ocrx_word' id='word_1_65' title='bbox 1313 907 1662 975; x_wconf 80' lang='lat' dir='ltr'><strong>consignatur</strong></span> <span class='ocrx_word' id='word_1_66' title='bbox 1688 906 1900 960; x_wconf 88' lang='lat' dir='ltr'><strong>decimo</strong></span> <span class='ocrx_word' id='word_1_67' title='bbox 1937 918 2078 959; x_wconf 88' lang='lat' dir='ltr'><strong>octa-</strong></span> 
     </span>
    </p>
   </div>
   <div class='ocr_carea' id='block_1_11' title="bbox 488 997 2074 1069">
    <p class='ocr_par' dir='ltr' id='par_1_11' title="bbox 488 997 2074 1069">
     <span class='ocr_line' id='line_1_11' title="bbox 488 997 2074 1069; baseline 0.002 -19"><span class='ocrx_word' id='word_1_68' title='bbox 488 1013 555 1050; x_wconf 83' lang='lat' dir='ltr'><strong>vo</strong></span> <span class='ocrx_word' id='word_1_69' title='bbox 595 997 814 1066; x_wconf 81' lang='lat' dir='ltr'><strong>Aprilis.</strong></span> <span class='ocrx_word' id='word_1_70' title='bbox 856 999 911 1051; x_wconf 93' lang='lat' dir='ltr'><strong>ln</strong></span> <span class='ocrx_word' id='word_1_71' title='bbox 963 998 1174 1054; x_wconf 84' lang='lat' dir='ltr'><strong>Necrol.</strong></span> <span class='ocrx_word' id='word_1_72' title='bbox 1215 999 1272 1054; x_wconf 98' lang='grc'><strong>8.</strong></span> <span class='ocrx_word' id='word_1_73' title='bbox 1315 998 1536 1069; x_wconf 88' lang='lat' dir='ltr'><strong>Benigui</strong></span> <span class='ocrx_word' id='word_1_74' title='bbox 1588 999 1798 1053; x_wconf 80' lang='lat' dir='ltr'><strong>Divion.</strong></span> <span class='ocrx_word' id='word_1_75' title='bbox 1835 999 2074 1068; x_wconf 87' lang='lat' dir='ltr'><strong>legitur:</strong></span> 
     </span>
    </p>
   </div>
   <div class='ocr_carea' id='block_1_12' title="bbox 493 1090 2077 1161">
    <p class='ocr_par' dir='ltr' id='par_1_12' title="bbox 493 1090 2077 1161">
     <span class='ocr_line' id='line_1_12' title="bbox 493 1090 2077 1161; baseline 0.003 -22"><span class='ocrx_word' id='word_1_76' title='bbox 493 1109 511 1139; x_wconf 72' lang='grc' dir='ltr'><em>α</em></span> <span class='ocrx_word' id='word_1_77' title='bbox 555 1107 622 1143; x_wconf 78' lang='lat' dir='ltr'><strong>xv</strong></span> <span class='ocrx_word' id='word_1_78' title='bbox 675 1090 792 1144; x_wconf 82' lang='lat' dir='ltr'><strong>Kal.</strong></span> <span class='ocrx_word' id='word_1_79' title='bbox 842 1090 966 1144; x_wconf 77' lang='lat' dir='ltr'><strong>Maii</strong></span> <span class='ocrx_word' id='word_1_80' title='bbox 1003 1091 1267 1161; x_wconf 85' lang='lat' dir='ltr'><strong>depositio</strong></span> <span class='ocrx_word' id='word_1_81' title='bbox 1317 1093 1378 1146; x_wconf 93' lang='lat' dir='ltr'><strong>D.</strong></span> <span class='ocrx_word' id='word_1_82' title='bbox 1427 1090 1643 1147; x_wconf 87' lang='lat' dir='ltr'><strong>Gibttitti</strong></span> <span class='ocrx_word' id='word_1_83' title='bbox 1695 1093 1932 1160; x_wconf 80' lang='lat' dir='ltr'><strong>art-ltiep.</strong></span> <span class='ocrx_word' id='word_1_84' title='bbox 1967 1090 2077 1144; x_wconf 88' lang='lat' dir='ltr'><strong>Lu-</strong></span> 
     </span>
    </p>
   </div>
   <div class='ocr_carea' id='block_1_13' title="bbox 485 1180 2079 1251">
    <p class='ocr_par' dir='ltr' id='par_1_13' title="bbox 485 1180 2079 1251">
     <span class='ocr_line' id='line_1_13' title="bbox 485 1180 2079 1251; baseline 0.002 -18"><span class='ocrx_word' id='word_1_85' title='bbox 485 1181 649 1250; x_wconf 87' lang='lat' dir='ltr'><strong>gdun.</strong></span> <span class='ocrx_word' id='word_1_86' title='bbox 688 1201 707 1233; x_wconf 71' lang='grc' dir='ltr'><strong><em>ι</em></strong></span> <span class='ocrx_word' id='word_1_87' title='bbox 757 1180 912 1235; x_wconf 81' lang='lat' dir='ltr'><strong>Jacet</strong></span> <span class='ocrx_word' id='word_1_88' title='bbox 962 1181 1015 1236; x_wconf 93' lang='lat' dir='ltr'><strong>in</strong></span> <span class='ocrx_word' id='word_1_89' title='bbox 1066 1182 1292 1238; x_wconf 86' lang='lat' dir='ltr'><strong>ecclesia</strong></span> <span class='ocrx_word' id='word_1_90' title='bbox 1337 1181 1395 1236; x_wconf 90' lang='lat' dir='ltr'><strong>S.</strong></span> <span class='ocrx_word' id='word_1_91' title='bbox 1441 1181 1648 1236; x_wconf 70' lang='lat' dir='ltr'><strong>lreuaei.</strong></span> <span class='ocrx_word' id='word_1_92' title='bbox 1697 1181 1826 1251; x_wconf 83' lang='lat' dir='ltr'><strong>Ejus</strong></span> <span class='ocrx_word' id='word_1_93' title='bbox 1875 1181 2079 1236; x_wconf 88' lang='lat' dir='ltr'><strong>tumulo</strong></span> 
     </span>
    </p>
   </div>
   <div class='ocr_carea' id='block_1_14' title="bbox 486 1271 2080 1341">
    <p class='ocr_par' dir='ltr' id='par_1_14' title="bbox 486 1271 2080 1341">
     <span class='ocr_line' id='line_1_14' title="bbox 486 1271 2080 1341; baseline 0.003 -17"><span class='ocrx_word' id='word_1_94' title='bbox 486 1271 888 1340; x_wconf 81' lang='lat' dir='ltr'><strong>superpositum</strong></span> <span class='ocrx_word' id='word_1_95' title='bbox 940 1281 1022 1326; x_wconf 87' lang='lat' dir='ltr'><strong>est</strong></span> <span class='ocrx_word' id='word_1_96' title='bbox 1076 1272 1247 1327; x_wconf 87' lang='lat' dir='ltr'><strong>altare</strong></span> <span class='ocrx_word' id='word_1_97' title='bbox 1298 1271 1409 1327; x_wconf 92' lang='lat' dir='ltr'><strong>Deo</strong></span> <span class='ocrx_word' id='word_1_98' title='bbox 1468 1272 1568 1326; x_wconf 87' lang='lat' dir='ltr'><strong>sub</strong></span> <span class='ocrx_word' id='word_1_99' title='bbox 1633 1272 1803 1341; x_wconf 87' lang='lat' dir='ltr'><strong>ipsius</strong></span> <span class='ocrx_word' id='word_1_100' title='bbox 1860 1272 2080 1328; x_wconf 85' lang='lat' dir='ltr'><strong>nomine</strong></span> 
     </span>
    </p>
   </div>
   <div class='ocr_carea' id='block_1_15' title="bbox 483 1364 2080 1431">
    <p class='ocr_par' dir='ltr' id='par_1_15' title="bbox 483 1364 2080 1431">
     <span class='ocr_line' id='line_1_15' title="bbox 483 1364 2080 1431; baseline 0.003 -15"><span class='ocrx_word' id='word_1_101' title='bbox 483 1375 895 1431; x_wconf 80' lang='lat' dir='ltr'><strong>consecratum,</strong></span> <span class='ocrx_word' id='word_1_102' title='bbox 945 1375 1001 1420; x_wconf 92' lang='lat' dir='ltr'><strong>et</strong></span> <span class='ocrx_word' id='word_1_103' title='bbox 1048 1365 1124 1419; x_wconf 89' lang='lat' dir='ltr'><strong>uti</strong></span> <span class='ocrx_word' id='word_1_104' title='bbox 1173 1375 1394 1423; x_wconf 86' lang='lat' dir='ltr'><strong>sanctus</strong></span> <span class='ocrx_word' id='word_1_105' title='bbox 1445 1365 1498 1420; x_wconf 91' lang='lat' dir='ltr'><strong>itt</strong></span> <span class='ocrx_word' id='word_1_106' title='bbox 1549 1381 1644 1421; x_wconf 84' lang='lat' dir='ltr'><strong>sua</strong></span> <span class='ocrx_word' id='word_1_107' title='bbox 1697 1364 1938 1422; x_wconf 77' lang='lat' dir='ltr'><strong>Ecclesia</strong></span> <span class='ocrx_word' id='word_1_108' title='bbox 1986 1381 2080 1421; x_wconf 87' lang='lat' dir='ltr'><strong>co-</strong></span> 
     </span>
    </p>
   </div>
   <div class='ocr_carea' id='block_1_16' title="bbox 481 1454 636 1510">
    <p class='ocr_par' dir='ltr' id='par_1_16' title="bbox 481 1454 636 1510">
     <span class='ocr_line' id='line_1_16' title="bbox 481 1454 636 1510; baseline 0 0"><span class='ocrx_word' id='word_1_109' title='bbox 481 1454 636 1510; x_wconf 80' lang='lat' dir='ltr'><strong>litur.</strong></span> 
     </span>
    </p>
   </div>
   <div class='ocr_carea' id='block_1_17' title="bbox 553 1545 2078 1620">
    <p class='ocr_par' dir='ltr' id='par_1_17' title="bbox 553 1545 2078 1620">
     <span class='ocr_line' id='line_1_17' title="bbox 553 1545 2078 1620; baseline 0.003 -20"><span class='ocrx_word' id='word_1_110' title='bbox 553 1545 635 1600; x_wconf 82' lang='lat' dir='ltr'><strong>Ad</strong></span> <span class='ocrx_word' id='word_1_111' title='bbox 662 1561 860 1601; x_wconf 89' lang='lat' dir='ltr'><strong>annum</strong></span> <span class='ocrx_word' id='word_1_112' title='bbox 897 1546 1013 1616; x_wconf 83' lang='lat' dir='ltr'><strong>ejus</strong></span> <span class='ocrx_word' id='word_1_113' title='bbox 1055 1548 1234 1602; x_wconf 81' lang='lat' dir='ltr'><strong>obitus</strong></span> <span class='ocrx_word' id='word_1_114' title='bbox 1285 1549 1428 1620; x_wconf 89' lang='lat' dir='ltr'><strong>quod</strong></span> <span class='ocrx_word' id='word_1_115' title='bbox 1471 1556 1704 1619; x_wconf 88' lang='lat' dir='ltr'><strong>spectat,</strong></span> <span class='ocrx_word' id='word_1_116' title='bbox 1741 1549 1794 1603; x_wconf 91' lang='lat' dir='ltr'><strong>in</strong></span> <span class='ocrx_word' id='word_1_117' title='bbox 1839 1549 2078 1618; x_wconf 80' lang='lat' dir='ltr'><strong>antiquis</strong></span> 
     </span>
    </p>
   </div>
   <div class='ocr_carea' id='block_1_18' title="bbox 481 1639 2077 1708">
    <p class='ocr_par' dir='ltr' id='par_1_18' title="bbox 481 1639 2077 1708">
     <span class='ocr_line' id='line_1_18' title="bbox 481 1639 2077 1708; baseline 0.003 -18"><span class='ocrx_word' id='word_1_118' title='bbox 481 1639 847 1693; x_wconf 86' lang='lat' dir='ltr'><strong>monumentis</strong></span> <span class='ocrx_word' id='word_1_119' title='bbox 893 1653 998 1693; x_wconf 91' lang='lat' dir='ltr'><strong>non</strong></span> <span class='ocrx_word' id='word_1_120' title='bbox 1038 1640 1380 1708; x_wconf 70' lang='lat' dir='ltr'><strong>exprimitur.</strong></span> <span class='ocrx_word' id='word_1_121' title='bbox 1427 1639 1686 1694; x_wconf 89' lang='lat' dir='ltr'><strong>Dominus</strong></span> <span class='ocrx_word' id='word_1_122' title='bbox 1731 1640 1798 1695; x_wconf 91' lang='lat' dir='ltr'><strong>de</strong></span> <span class='ocrx_word' id='word_1_123' title='bbox 1842 1639 2077 1695; x_wconf 89' lang='lat' dir='ltr'><strong>Lamure</strong></span> 
     </span>
    </p>
   </div>
   <div class='ocr_carea' id='block_1_19' title="bbox 481 1700 2151 1800">
    <p class='ocr_par' dir='ltr' id='par_1_19' title="bbox 481 1700 2151 1800">
     <span class='ocr_line' id='line_1_19' title="bbox 481 1700 2151 1800; baseline -0.001 -18"><span class='ocrx_word' id='word_1_124' title='bbox 481 1727 598 1792; x_wconf 76' lang='lat' dir='ltr'><strong>ejus</strong></span> <span class='ocrx_word' id='word_1_125' title='bbox 632 1728 799 1784; x_wconf 83' lang='lat' dir='ltr'><strong>vitatu</strong></span> <span class='ocrx_word' id='word_1_126' title='bbox 821 1729 886 1784; x_wconf 90' lang='lat' dir='ltr'><strong>ad</strong></span> <span class='ocrx_word' id='word_1_127' title='bbox 914 1744 1115 1783; x_wconf 89' lang='lat' dir='ltr'><strong>annum</strong></span> <span class='ocrx_word' id='word_1_128' title='bbox 1159 1745 1328 1799; x_wconf 88' lang='lat' dir='ltr'><strong>usque</strong></span> <span class='ocrx_word' id='word_1_129' title='bbox 1371 1729 1508 1785; x_wconf 87' lang='grc'>1087</span> <span class='ocrx_word' id='word_1_130' title='bbox 1538 1738 1822 1786; x_wconf 80' lang='lat' dir='ltr'><strong>exeuntem</strong></span> <span class='ocrx_word' id='word_1_131' title='bbox 1863 1738 2076 1800; x_wconf 87' lang='lat' dir='ltr'><strong>proten-</strong></span> <span class='ocrx_word' id='word_1_132' title='bbox 2107 1700 2151 1759; x_wconf 74' lang='grc' dir='ltr'><strong>Β</strong></span> 
     </span>
    </p>
   </div>
   <div class='ocr_carea' id='block_1_20' title="bbox 480 1817 2074 1889">
    <p class='ocr_par' dir='ltr' id='par_1_20' title="bbox 480 1817 2074 1889">
     <span class='ocr_line' id='line_1_20' title="bbox 480 1817 2074 1889; baseline 0.001 -19"><span class='ocrx_word' id='word_1_133' title='bbox 480 1817 578 1882; x_wconf 90' lang='lat' dir='ltr'><strong>dit,</strong></span> <span class='ocrx_word' id='word_1_134' title='bbox 624 1826 677 1871; x_wconf 93' lang='lat' dir='ltr'><strong>et</strong></span> <span class='ocrx_word' id='word_1_135' title='bbox 719 1819 1142 1888; x_wconf 82' lang='lat' dir='ltr'><strong>protendendam</strong></span> <span class='ocrx_word' id='word_1_136' title='bbox 1181 1822 1374 1889; x_wconf 88' lang='lat' dir='ltr'><strong>probat</strong></span> <span class='ocrx_word' id='word_1_137' title='bbox 1410 1835 1476 1876; x_wconf 83' lang='lat' dir='ltr'><strong>ex</strong></span> <span class='ocrx_word' id='word_1_138' title='bbox 1509 1821 1672 1875; x_wconf 84' lang='lat' dir='ltr'><strong>veteri</strong></span> <span class='ocrx_word' id='word_1_139' title='bbox 1709 1836 1810 1874; x_wconf 74' lang='lat' dir='ltr'><strong>ms.</strong></span> <span class='ocrx_word' id='word_1_140' title='bbox 1843 1819 2074 1874; x_wconf 73' lang='lat' dir='ltr'><strong>cmuobii</strong></span> 
     </span>
    </p>
   </div>
   <div class='ocr_carea' id='block_1_21' title="bbox 479 1894 2072 1982">
    <p class='ocr_par' dir='ltr' id='par_1_21' title="bbox 479 1894 2072 1982">
     <span class='ocr_line' id='line_1_21' title="bbox 479 1894 2072 1982; baseline 0.003 -18"><span class='ocrx_word' id='word_1_141' title='bbox 479 1894 905 1976; x_wconf 60' lang='lat' dir='ltr'><strong>Saviuia’cettsis,</strong></span> <span class='ocrx_word' id='word_1_142' title='bbox 949 1912 999 1966; x_wconf 92' lang='lat' dir='ltr'><strong>in</strong></span> <span class='ocrx_word' id='word_1_143' title='bbox 1040 1929 1147 1982; x_wconf 92' lang='lat' dir='ltr'><strong>quo</strong></span> <span class='ocrx_word' id='word_1_144' title='bbox 1197 1923 1408 1969; x_wconf 83' lang='lat' dir='ltr'><strong>veteres</strong></span> <span class='ocrx_word' id='word_1_145' title='bbox 1466 1913 1608 1968; x_wconf 90' lang='lat' dir='ltr'><strong>illius</strong></span> <span class='ocrx_word' id='word_1_146' title='bbox 1655 1913 1849 1968; x_wconf 75' lang='lat' dir='ltr'><strong>tabula:</strong></span> <span class='ocrx_word' id='word_1_147' title='bbox 1896 1913 2072 1968; x_wconf 90' lang='lat' dir='ltr'><strong>couti-</strong></span> 
     </span>
    </p>
   </div>
   <div class='ocr_carea' id='block_1_22' title="bbox 480 2004 2076 2074">
    <p class='ocr_par' dir='ltr' id='par_1_22' title="bbox 480 2004 2076 2074">
     <span class='ocr_line' id='line_1_22' title="bbox 480 2004 2076 2074; baseline 0.003 -19"><span class='ocrx_word' id='word_1_148' title='bbox 480 2010 702 2066; x_wconf 83' lang='lat' dir='ltr'><strong>nenlur,</strong></span> <span class='ocrx_word' id='word_1_149' title='bbox 743 2011 798 2057; x_wconf 90' lang='lat' dir='ltr'><strong>et</strong></span> <span class='ocrx_word' id='word_1_150' title='bbox 851 2012 961 2059; x_wconf 88' lang='lat' dir='ltr'><strong>tres</strong></span> <span class='ocrx_word' id='word_1_151' title='bbox 1009 2005 1212 2060; x_wconf 74' lang='lat' dir='ltr'><strong>charta:</strong></span> <span class='ocrx_word' id='word_1_152' title='bbox 1259 2005 1590 2069; x_wconf 87' lang='lat' dir='ltr'><strong>referuntur,</strong></span> <span class='ocrx_word' id='word_1_153' title='bbox 1626 2007 1680 2060; x_wconf 91' lang='lat' dir='ltr'><strong>in</strong></span> <span class='ocrx_word' id='word_1_154' title='bbox 1729 2005 1928 2074; x_wconf 78' lang='lat' dir='ltr'><strong>quibus</strong></span> <span class='ocrx_word' id='word_1_155' title='bbox 1971 2004 2076 2059; x_wconf 87' lang='lat' dir='ltr'><strong>Ge-</strong></span> 
     </span>
    </p>
   </div>
   <div class='ocr_carea' id='block_1_23' title="bbox 475 2094 2071 2154">
    <p class='ocr_par' dir='ltr' id='par_1_23' title="bbox 475 2094 2071 2154">
     <span class='ocr_line' id='line_1_23' title="bbox 475 2094 2071 2154; baseline 0.001 -6"><span class='ocrx_word' id='word_1_156' title='bbox 475 2094 631 2149; x_wconf 88' lang='lat' dir='ltr'><strong>buiui</strong></span> <span class='ocrx_word' id='word_1_157' title='bbox 663 2095 838 2150; x_wconf 85' lang='lat' dir='ltr'><strong>adhuc</strong></span> <span class='ocrx_word' id='word_1_158' title='bbox 868 2096 1096 2152; x_wconf 86' lang='lat' dir='ltr'><strong>viventis</strong></span> <span class='ocrx_word' id='word_1_159' title='bbox 1135 2099 1337 2152; x_wconf 89' lang='lat' dir='ltr'><strong>mentio</strong></span> <span class='ocrx_word' id='word_1_160' title='bbox 1376 2098 1434 2153; x_wconf 78' lang='grc' dir='ltr'><strong>[ιι</strong></span> <span class='ocrx_word' id='word_1_161' title='bbox 1472 2099 1629 2153; x_wconf 90' lang='lat' dir='ltr'><strong>annis</strong></span> <span class='ocrx_word' id='word_1_162' title='bbox 1664 2098 1798 2154; x_wconf 91' lang='grc'>1086</span> <span class='ocrx_word' id='word_1_163' title='bbox 1825 2109 1879 2154; x_wconf 91' lang='lat' dir='ltr'><strong>et</strong></span> <span class='ocrx_word' id='word_1_164' title='bbox 1916 2098 2071 2154; x_wconf 87' lang='grc'>1087.</span> 
     </span>
    </p>
   </div>
   <div class='ocr_carea' id='block_1_24' title="bbox 477 2183 2070 2246">
    <p class='ocr_par' dir='ltr' id='par_1_24' title="bbox 477 2183 2070 2246">
     <span class='ocr_line' id='line_1_24' title="bbox 477 2183 2070 2246; baseline 0.004 -8"><span class='ocrx_word' id='word_1_165' title='bbox 477 2183 660 2239; x_wconf 88' lang='lat' dir='ltr'><strong>Prima</strong></span> <span class='ocrx_word' id='word_1_166' title='bbox 699 2186 1008 2243; x_wconf 85' lang='lat' dir='ltr'><strong>continetur</strong></span> <span class='ocrx_word' id='word_1_167' title='bbox 1050 2187 1258 2246; x_wconf 88' lang='lat' dir='ltr'><strong>codicis</strong></span> <span class='ocrx_word' id='word_1_168' title='bbox 1290 2188 1420 2243; x_wconf 91' lang='lat' dir='ltr'><strong>folio</strong></span> <span class='ocrx_word' id='word_1_169' title='bbox 1451 2190 1554 2244; x_wconf 73' lang='lat'><strong>1&#39;23</strong></span> <span class='ocrx_word' id='word_1_170' title='bbox 1586 2191 1685 2245; x_wconf 83' lang='lat' dir='ltr'><strong>sub</strong></span> <span class='ocrx_word' id='word_1_171' title='bbox 1725 2190 1826 2246; x_wconf 89' lang='lat' dir='ltr'><strong>hoc</strong></span> <span class='ocrx_word' id='word_1_172' title='bbox 1871 2191 2070 2245; x_wconf 81' lang='lat' dir='ltr'><strong>titulo:</strong></span> 
     </span>
    </p>
   </div>
   <div class='ocr_carea' id='block_1_25' title="bbox 477 2268 2076 2338">
    <p class='ocr_par' dir='ltr' id='par_1_25' title="bbox 477 2268 2076 2338">
     <span class='ocr_line' id='line_1_25' title="bbox 477 2268 2076 2338; baseline 0.006 -10"><span class='ocrx_word' id='word_1_173' title='bbox 477 2268 557 2329; x_wconf 87' lang='lat' dir='ltr'><strong>De</strong></span> <span class='ocrx_word' id='word_1_174' title='bbox 586 2275 818 2332; x_wconf 85' lang='lat' dir='ltr'><strong>ecclesia</strong></span> <span class='ocrx_word' id='word_1_175' title='bbox 859 2276 914 2333; x_wconf 90' lang='lat' dir='ltr'><strong>S.</strong></span> <span class='ocrx_word' id='word_1_176' title='bbox 949 2277 1134 2334; x_wconf 75' lang='lat' dir='ltr'><strong>Maria:</strong></span> <span class='ocrx_word' id='word_1_177' title='bbox 1163 2280 1230 2336; x_wconf 88' lang='lat' dir='ltr'><strong>de</strong></span> <span class='ocrx_word' id='word_1_178' title='bbox 1258 2280 1598 2336; x_wconf 83' lang='lat' dir='ltr'><strong>Diuiciaco...</strong></span> <span class='ocrx_word' id='word_1_179' title='bbox 1625 2293 1678 2336; x_wconf 90' lang='lat' dir='ltr'><strong>et</strong></span> <span class='ocrx_word' id='word_1_180' title='bbox 1703 2281 1984 2336; x_wconf 83' lang='lat' dir='ltr'><strong>ecclesiam</strong></span> <span class='ocrx_word' id='word_1_181' title='bbox 2010 2281 2076 2338; x_wconf 83' lang='lat' dir='ltr'><strong>de</strong></span> 
     </span>
    </p>
   </div>
   <div class='ocr_carea' id='block_1_26' title="bbox 477 2363 2071 2442">
    <p class='ocr_par' dir='ltr' id='par_1_26' title="bbox 477 2363 2071 2442">
     <span class='ocr_line' id='line_1_26' title="bbox 477 2363 2071 2442; baseline 0.008 -24"><span class='ocrx_word' id='word_1_182' title='bbox 477 2363 803 2423; x_wconf 85' lang='lat' dir='ltr'><strong>Comiaco...</strong></span> <span class='ocrx_word' id='word_1_183' title='bbox 845 2383 944 2425; x_wconf 90' lang='lat' dir='ltr'><strong>nec</strong></span> <span class='ocrx_word' id='word_1_184' title='bbox 995 2385 1100 2424; x_wconf 89' lang='lat' dir='ltr'><strong>non</strong></span> <span class='ocrx_word' id='word_1_185' title='bbox 1141 2380 1196 2427; x_wconf 89' lang='lat' dir='ltr'><strong>et</strong></span> <span class='ocrx_word' id='word_1_186' title='bbox 1242 2372 1499 2442; x_wconf 78' lang='lat' dir='ltr'><strong>capellam</strong></span> <span class='ocrx_word' id='word_1_187' title='bbox 1552 2373 1618 2428; x_wconf 90' lang='lat' dir='ltr'><strong>de</strong></span> <span class='ocrx_word' id='word_1_188' title='bbox 1670 2373 2071 2430; x_wconf 83' lang='lat' dir='ltr'><strong>Montelardo...</strong></span> 
     </span>
    </p>
   </div>
   <div class='ocr_carea' id='block_1_27' title="bbox 475 2456 2072 2536">
    <p class='ocr_par' dir='ltr' id='par_1_27' title="bbox 475 2456 2072 2536">
     <span class='ocr_line' id='line_1_27' title="bbox 475 2456 2072 2536; baseline 0.004 -23"><span class='ocrx_word' id='word_1_189' title='bbox 475 2456 596 2514; x_wconf 80' lang='lat' dir='ltr'><strong>Hoc</strong></span> <span class='ocrx_word' id='word_1_190' title='bbox 649 2459 849 2516; x_wconf 89' lang='lat' dir='ltr'><strong>donum</strong></span> <span class='ocrx_word' id='word_1_191' title='bbox 904 2460 1143 2518; x_wconf 84' lang='lat' dir='ltr'><strong>laudavit</strong></span> <span class='ocrx_word' id='word_1_192' title='bbox 1190 2465 1628 2536; x_wconf 80' lang='lat' dir='ltr'><strong>archiepiscopus</strong></span> <span class='ocrx_word' id='word_1_193' title='bbox 1684 2465 1961 2522; x_wconf 81' lang='lat' dir='ltr'><strong>Gebuinus</strong></span> <span class='ocrx_word' id='word_1_194' title='bbox 2021 2467 2072 2521; x_wconf 88' lang='lat' dir='ltr'><strong>itt</strong></span> 
     </span>
    </p>
   </div>
   <div class='ocr_carea' id='block_1_28' title="bbox 479 2552 2074 2624">
    <p class='ocr_par' dir='ltr' id='par_1_28' title="bbox 479 2552 2074 2624">
     <span class='ocr_line' id='line_1_28' title="bbox 479 2552 2074 2624; baseline 0.006 -20"><span class='ocrx_word' id='word_1_195' title='bbox 479 2552 654 2606; x_wconf 88' lang='lat' dir='ltr'><strong>choro</strong></span> <span class='ocrx_word' id='word_1_196' title='bbox 694 2552 1076 2624; x_wconf 75' lang='lat' dir='ltr'><strong>Lugdunensis</strong></span> <span class='ocrx_word' id='word_1_197' title='bbox 1123 2557 1387 2623; x_wconf 57' lang='lat' dir='ltr'><strong>ecclesiae,</strong></span> <span class='ocrx_word' id='word_1_198' title='bbox 1424 2567 1559 2614; x_wconf 89' lang='lat' dir='ltr'><strong>teste</strong></span> <span class='ocrx_word' id='word_1_199' title='bbox 1599 2558 1870 2614; x_wconf 89' lang='lat' dir='ltr'><strong>Landrico</strong></span> <span class='ocrx_word' id='word_1_200' title='bbox 1919 2558 2074 2613; x_wconf 81' lang='lat' dir='ltr'><strong>illati-</strong></span> 
     </span>
    </p>
   </div>
   <div class='ocr_carea' id='block_1_29' title="bbox 474 2646 2072 2719">
    <p class='ocr_par' dir='ltr' id='par_1_29' title="bbox 474 2646 2072 2719">
     <span class='ocr_line' id='line_1_29' title="bbox 474 2646 2072 2719; baseline 0.006 -22"><span class='ocrx_word' id='word_1_201' title='bbox 474 2646 726 2700; x_wconf 85' lang='lat' dir='ltr'><strong>sconensi</strong></span> <span class='ocrx_word' id='word_1_202' title='bbox 775 2647 1052 2719; x_wconf 80' lang='lat' dir='ltr'><strong>episcopo,</strong></span> <span class='ocrx_word' id='word_1_203' title='bbox 1110 2648 1338 2706; x_wconf 88' lang='lat' dir='ltr'><strong>Bladiuo</strong></span> <span class='ocrx_word' id='word_1_204' title='bbox 1393 2651 1632 2716; x_wconf 83' lang='lat' dir='ltr'><strong>decano,</strong></span> <span class='ocrx_word' id='word_1_205' title='bbox 1680 2663 1835 2707; x_wconf 89' lang='lat' dir='ltr'><strong>etc...</strong></span> <span class='ocrx_word' id='word_1_206' title='bbox 1877 2651 2072 2706; x_wconf 87' lang='lat' dir='ltr'><strong>Actum</strong></span> 
     </span>
    </p>
   </div>
   <div class='ocr_carea' id='block_1_30' title="bbox 474 2735 2074 2810">
    <p class='ocr_par' dir='ltr' id='par_1_30' title="bbox 474 2735 2074 2810">
     <span class='ocr_line' id='line_1_30' title="bbox 474 2735 2074 2810; baseline 0.006 -21"><span class='ocrx_word' id='word_1_207' title='bbox 474 2735 531 2789; x_wconf 91' lang='lat' dir='ltr'><strong>in</strong></span> <span class='ocrx_word' id='word_1_208' title='bbox 558 2737 795 2807; x_wconf 89' lang='lat' dir='ltr'><strong>capitulo</strong></span> <span class='ocrx_word' id='word_1_209' title='bbox 821 2738 1194 2797; x_wconf 87' lang='lat' dir='ltr'><strong>Saviuiacensi</strong></span> <span class='ocrx_word' id='word_1_210' title='bbox 1223 2752 1376 2798; x_wconf 77' lang='lat' dir='ltr'><strong>sexto</strong></span> <span class='ocrx_word' id='word_1_211' title='bbox 1398 2759 1568 2799; x_wconf 86' lang='lat' dir='ltr'><strong>nonas</strong></span> <span class='ocrx_word' id='word_1_212' title='bbox 1594 2743 1893 2810; x_wconf 83' lang='lat' dir='ltr'><strong>Februarii,</strong></span> <span class='ocrx_word' id='word_1_213' title='bbox 1920 2754 2074 2799; x_wconf 79' lang='lat' dir='ltr'><strong>sexto</strong></span> 
     </span>
    </p>
   </div>
   <div class='ocr_carea' id='block_1_31' title="bbox 477 2828 2072 2907">
    <p class='ocr_par' dir='ltr' id='par_1_31' title="bbox 477 2828 2072 2907">
     <span class='ocr_line' id='line_1_31' title="bbox 477 2828 2072 2907; baseline 0.008 -27"><span class='ocrx_word' id='word_1_214' title='bbox 477 2833 534 2880; x_wconf 88' lang='lat' dir='ltr'><strong>et</strong></span> <span class='ocrx_word' id='word_1_215' title='bbox 569 2828 784 2884; x_wconf 82' lang='lat' dir='ltr'><strong>decimo</strong></span> <span class='ocrx_word' id='word_1_216' title='bbox 825 2832 1040 2900; x_wconf 89' lang='lat' dir='ltr'><strong>quinto,</strong></span> <span class='ocrx_word' id='word_1_217' title='bbox 1074 2832 1262 2886; x_wconf 87' lang='lat' dir='ltr'><strong>indict.</strong></span> <span class='ocrx_word' id='word_1_218' title='bbox 1297 2850 1458 2898; x_wconf 90' lang='lat' dir='ltr'><strong>nona,</strong></span> <span class='ocrx_word' id='word_1_219' title='bbox 1486 2846 1672 2904; x_wconf 89' lang='lat' dir='ltr'><strong>epacta</strong></span> <span class='ocrx_word' id='word_1_220' title='bbox 1706 2835 1888 2902; x_wconf 90' lang='lat' dir='ltr'><strong>tertia,</strong></span> <span class='ocrx_word' id='word_1_221' title='bbox 1921 2836 2072 2907; x_wconf 84' lang='lat' dir='ltr'><strong>cyclo</strong></span> 
     </span>
    </p>
   </div>
   <div class='ocr_carea' id='block_1_32' title="bbox 478 2919 2070 3000">
    <p class='ocr_par' dir='ltr' id='par_1_32' title="bbox 478 2919 2070 3000">
     <span class='ocr_line' id='line_1_32' title="bbox 478 2919 2070 3000; baseline 0.007 -27"><span class='ocrx_word' id='word_1_222' title='bbox 478 2919 689 2976; x_wconf 84' lang='lat' dir='ltr'><strong>decimo</strong></span> <span class='ocrx_word' id='word_1_223' title='bbox 709 2938 872 2986; x_wconf 88' lang='lat' dir='ltr'><strong>nono,</strong></span> <span class='ocrx_word' id='word_1_224' title='bbox 896 2933 1153 2996; x_wconf 82' lang='lat' dir='ltr'><strong>regnante</strong></span> <span class='ocrx_word' id='word_1_225' title='bbox 1170 2925 1402 2982; x_wconf 88' lang='lat' dir='ltr'><strong>llenrico</strong></span> <span class='ocrx_word' id='word_1_226' title='bbox 1432 2927 1483 2982; x_wconf 90' lang='lat' dir='ltr'><strong>in</strong></span> <span class='ocrx_word' id='word_1_227' title='bbox 1507 2929 1834 3000; x_wconf 88' lang='lat' dir='ltr'><strong>Burgundia.</strong></span> <span class='ocrx_word' id='word_1_228' title='bbox 1856 2928 2070 3000; x_wconf 85' lang='lat' dir='ltr'><strong>Scripta</strong></span> 
     </span>
    </p>
   </div>
   <div class='ocr_carea' id='block_1_33' title="bbox 474 3015 2070 3086">
    <p class='ocr_par' dir='ltr' id='par_1_33' title="bbox 474 3015 2070 3086">
     <span class='ocr_line' id='line_1_33' title="bbox 474 3015 2070 3086; baseline 0.008 -20"><span class='ocrx_word' id='word_1_229' title='bbox 474 3029 638 3067; x_wconf 85' lang='lat' dir='ltr'><strong>manu</strong></span> <span class='ocrx_word' id='word_1_230' title='bbox 673 3015 932 3086; x_wconf 86' lang='lat' dir='ltr'><strong>Stephani</strong></span> <span class='ocrx_word' id='word_1_231' title='bbox 961 3019 1393 3075; x_wconf 88' lang='lat' dir='ltr'><strong>vicecaucellarii</strong></span> <span class='ocrx_word' id='word_1_232' title='bbox 1438 3037 1581 3076; x_wconf 89' lang='lat' dir='ltr'><strong>anno</strong></span> <span class='ocrx_word' id='word_1_233' title='bbox 1615 3023 1767 3078; x_wconf 90' lang='lat' dir='ltr'><strong>Dom.</strong></span> <span class='ocrx_word' id='word_1_234' title='bbox 1816 3021 1954 3079; x_wconf 87' lang='grc'>1086</span> <span class='ocrx_word' id='word_1_235' title='bbox 1983 3038 2070 3078; x_wconf 87' lang='lat' dir='ltr'><strong>se—</strong></span> 
     </span>
    </p>
   </div>
   <div class='ocr_carea' id='block_1_34' title="bbox 475 3105 2069 3185">
    <p class='ocr_par' dir='ltr' id='par_1_34' title="bbox 475 3105 2069 3185">
     <span class='ocr_line' id='line_1_34' title="bbox 475 3105 2069 3185; baseline 0.006 -27"><span class='ocrx_word' id='word_1_236' title='bbox 475 3105 650 3159; x_wconf 89' lang='lat' dir='ltr'><strong>cunda</strong></span> <span class='ocrx_word' id='word_1_237' title='bbox 680 3115 858 3161; x_wconf 80' lang='lat' dir='ltr'><strong>exstat</strong></span> <span class='ocrx_word' id='word_1_238' title='bbox 913 3109 1115 3165; x_wconf 80' lang='lat' dir='ltr'><strong>codicis</strong></span> <span class='ocrx_word' id='word_1_239' title='bbox 1163 3111 1313 3165; x_wconf 90' lang='lat' dir='ltr'><strong>citati</strong></span> <span class='ocrx_word' id='word_1_240' title='bbox 1343 3111 1435 3166; x_wconf 92' lang='lat' dir='ltr'><strong>fol.</strong></span> <span class='ocrx_word' id='word_1_241' title='bbox 1465 3112 1567 3166; x_wconf 69' lang='lat'><strong>122</strong></span> <span class='ocrx_word' id='word_1_242' title='bbox 1591 3129 1701 3183; x_wconf 88' lang='lat' dir='ltr'><strong>quo</strong></span> <span class='ocrx_word' id='word_1_243' title='bbox 1748 3115 1900 3185; x_wconf 86' lang='lat' dir='ltr'><strong>Agna</strong></span> <span class='ocrx_word' id='word_1_244' title='bbox 1944 3129 2069 3170; x_wconf 90' lang='lat' dir='ltr'><strong>cum</strong></span> 
     </span>
    </p>
   </div>
   <div class='ocr_carea' id='block_1_35' title="bbox 477 3193 2070 3273">
    <p class='ocr_par' dir='ltr' id='par_1_35' title="bbox 477 3193 2070 3273">
     <span class='ocr_line' id='line_1_35' title="bbox 477 3193 2070 3273; baseline 0.007 -26"><span class='ocrx_word' id='word_1_245' title='bbox 477 3193 607 3249; x_wconf 85' lang='lat' dir='ltr'><strong>llliis</strong></span> <span class='ocrx_word' id='word_1_246' title='bbox 631 3197 746 3250; x_wconf 82' lang='lat' dir='ltr'><strong>suis</strong></span> <span class='ocrx_word' id='word_1_247' title='bbox 775 3197 866 3252; x_wconf 91' lang='lat' dir='ltr'><strong>dat</strong></span> <span class='ocrx_word' id='word_1_248' title='bbox 896 3197 957 3254; x_wconf 91' lang='lat' dir='ltr'><strong>S.</strong></span> <span class='ocrx_word' id='word_1_249' title='bbox 1011 3198 1243 3255; x_wconf 79' lang='lat' dir='ltr'><strong>Martino</strong></span> <span class='ocrx_word' id='word_1_250' title='bbox 1302 3201 1608 3256; x_wconf 88' lang='lat' dir='ltr'><strong>Saviuiensi</strong></span> <span class='ocrx_word' id='word_1_251' title='bbox 1663 3219 1761 3273; x_wconf 91' lang='lat' dir='ltr'><strong>pro</strong></span> <span class='ocrx_word' id='word_1_252' title='bbox 1813 3203 1922 3258; x_wconf 88' lang='lat' dir='ltr'><strong>filio</strong></span> <span class='ocrx_word' id='word_1_253' title='bbox 1973 3218 2070 3258; x_wconf 90' lang='lat' dir='ltr'><strong>suo</strong></span> 
     </span>
    </p>
   </div>
   <div class='ocr_carea' id='block_1_36' title="bbox 475 3287 2069 3360">
    <p class='ocr_par' dir='ltr' id='par_1_36' title="bbox 475 3287 2069 3360">
     <span class='ocr_line' id='line_1_36' title="bbox 475 3287 2069 3360; baseline 0.004 -19"><span class='ocrx_word' id='word_1_254' title='bbox 475 3287 770 3344; x_wconf 85' lang='lat' dir='ltr'><strong>Leuchone</strong></span> <span class='ocrx_word' id='word_1_255' title='bbox 800 3305 961 3360; x_wconf 85' lang='lat' dir='ltr'><strong>quem</strong></span> <span class='ocrx_word' id='word_1_256' title='bbox 1004 3293 1170 3346; x_wconf 85' lang='lat' dir='ltr'><strong>tradit</strong></span> <span class='ocrx_word' id='word_1_257' title='bbox 1213 3292 1392 3346; x_wconf 87' lang='lat' dir='ltr'><strong>orditti</strong></span> <span class='ocrx_word' id='word_1_258' title='bbox 1440 3293 1757 3348; x_wconf 86' lang='lat' dir='ltr'><strong>monastico&#39;</strong></span> <span class='ocrx_word' id='word_1_259' title='bbox 1787 3293 1840 3347; x_wconf 93' lang='lat' dir='ltr'><strong>in</strong></span> <span class='ocrx_word' id='word_1_260' title='bbox 1881 3295 2069 3349; x_wconf 85' lang='lat' dir='ltr'><strong>eodem</strong></span> 
     </span>
    </p>
   </div>
   <div class='ocr_carea' id='block_1_37' title="bbox 473 3380 2074 3452">
    <p class='ocr_par' dir='ltr' id='par_1_37' title="bbox 473 3380 2074 3452">
     <span class='ocr_line' id='line_1_37' title="bbox 473 3380 2074 3452; baseline 0.005 -19"><span class='ocrx_word' id='word_1_261' title='bbox 473 3380 618 3445; x_wconf 83' lang='lat' dir='ltr'><strong>loco,</strong></span> <span class='ocrx_word' id='word_1_262' title='bbox 647 3380 926 3436; x_wconf 84' lang='lat' dir='ltr'><strong>dimidiam</strong></span> <span class='ocrx_word' id='word_1_263' title='bbox 967 3391 1176 3452; x_wconf 86' lang='lat' dir='ltr'><strong>partem</strong></span> <span class='ocrx_word' id='word_1_264' title='bbox 1225 3385 1290 3439; x_wconf 90' lang='lat' dir='ltr'><strong>de</strong></span> <span class='ocrx_word' id='word_1_265' title='bbox 1344 3384 1572 3439; x_wconf 84' lang='lat' dir='ltr'><strong>ecclesia</strong></span> <span class='ocrx_word' id='word_1_266' title='bbox 1620 3384 1680 3439; x_wconf 92' lang='lat' dir='ltr'><strong>S.</strong></span> <span class='ocrx_word' id='word_1_267' title='bbox 1731 3383 1955 3440; x_wconf 81' lang='lat' dir='ltr'><strong>Joannis</strong></span> <span class='ocrx_word' id='word_1_268' title='bbox 2003 3385 2074 3441; x_wconf 91' lang='lat' dir='ltr'><strong>de</strong></span> 
     </span>
    </p>
   </div>
   <div class='ocr_carea' id='block_1_38' title="bbox 475 3471 2068 3548">
    <p class='ocr_par' dir='ltr' id='par_1_38' title="bbox 475 3471 2068 3548">
     <span class='ocr_line' id='line_1_38' title="bbox 475 3471 2068 3548; baseline 0.004 -23"><span class='ocrx_word' id='word_1_269' title='bbox 475 3471 696 3528; x_wconf 88' lang='lat' dir='ltr'><strong>Dnerna</strong></span> <span class='ocrx_word' id='word_1_270' title='bbox 743 3491 867 3528; x_wconf 89' lang='lat' dir='ltr'><strong>cum</strong></span> <span class='ocrx_word' id='word_1_271' title='bbox 919 3476 1145 3532; x_wconf 87' lang='lat' dir='ltr'><strong>decimis</strong></span> <span class='ocrx_word' id='word_1_272' title='bbox 1197 3485 1252 3531; x_wconf 89' lang='lat' dir='ltr'><strong>et</strong></span> <span class='ocrx_word' id='word_1_273' title='bbox 1303 3477 1637 3548; x_wconf 88' lang='lat' dir='ltr'><strong>appendiciis</strong></span> <span class='ocrx_word' id='word_1_274' title='bbox 1686 3478 1816 3533; x_wconf 90' lang='lat' dir='ltr'><strong>suis.</strong></span> <span class='ocrx_word' id='word_1_275' title='bbox 1873 3477 2068 3532; x_wconf 81' lang='lat' dir='ltr'><strong>Actum</strong></span> 
     </span>
    </p>
   </div>
   <div class='ocr_carea' id='block_1_39' title="bbox 477 3564 2070 3635">
    <p class='ocr_par' dir='ltr' id='par_1_39' title="bbox 477 3564 2070 3635">
     <span class='ocr_line' id='line_1_39' title="bbox 477 3564 2070 3635; baseline 0.004 -19"><span class='ocrx_word' id='word_1_276' title='bbox 477 3579 614 3635; x_wconf 82' lang='lat' dir='ltr'><strong>pago</strong></span> <span class='ocrx_word' id='word_1_277' title='bbox 653 3564 895 3634; x_wconf 83' lang='lat' dir='ltr'><strong>Lugduni</strong></span> <span class='ocrx_word' id='word_1_278' title='bbox 949 3568 1197 3623; x_wconf 72' lang='lat' dir='ltr'><strong>cmtzobio</strong></span> <span class='ocrx_word' id='word_1_279' title='bbox 1243 3567 1554 3635; x_wconf 86' lang='lat' dir='ltr'><strong>Saviniaco,</strong></span> <span class='ocrx_word' id='word_1_280' title='bbox 1578 3567 1833 3622; x_wconf 85' lang='lat' dir='ltr'><strong>laudante</strong></span> <span class='ocrx_word' id='word_1_281' title='bbox 1890 3569 2070 3623; x_wconf 88' lang='lat' dir='ltr'><strong>archi-</strong></span> 
     </span>
    </p>
   </div>
   <div class='ocr_carea' id='block_1_40' title="bbox 475 3653 2068 3728">
    <p class='ocr_par' dir='ltr' id='par_1_40' title="bbox 475 3653 2068 3728">
     <span class='ocr_line' id='line_1_40' title="bbox 475 3653 2068 3728; baseline 0.004 -22"><span class='ocrx_word' id='word_1_282' title='bbox 475 3653 733 3723; x_wconf 86' lang='lat' dir='ltr'><strong>episcopo</strong></span> <span class='ocrx_word' id='word_1_283' title='bbox 777 3654 1042 3722; x_wconf 88' lang='lat' dir='ltr'><strong>Gebuiuo,</strong></span> <span class='ocrx_word' id='word_1_284' title='bbox 1079 3656 1470 3718; x_wconf 75' lang='lat' dir='ltr'><strong>tueuse°Juuio.</strong></span> <span class='ocrx_word' id='word_1_285' title='bbox 1518 3658 1651 3712; x_wconf 87' lang='lat' dir='ltr'><strong>feria</strong></span> <span class='ocrx_word' id='word_1_286' title='bbox 1689 3654 1900 3728; x_wconf 83' lang='lat' dir='ltr'><strong>quarta,</strong></span> <span class='ocrx_word' id='word_1_287' title='bbox 1945 3659 2068 3712; x_wconf 91' lang='lat' dir='ltr'><strong>luna</strong></span> 
     </span>
    </p>
   </div>
   <div class='ocr_carea' id='block_1_41' title="bbox 475 3746 2067 3820">
    <p class='ocr_par' dir='ltr' id='par_1_41' title="bbox 475 3746 2067 3820">
     <span class='ocr_line' id='line_1_41' title="bbox 475 3746 2067 3820; baseline 0.004 -23"><span class='ocrx_word' id='word_1_288' title='bbox 475 3746 711 3814; x_wconf 76' lang='lat' dir='ltr'><strong>quinta,</strong></span> <span class='ocrx_word' id='word_1_289' title='bbox 749 3757 1012 3816; x_wconf 76' lang='lat' dir='ltr'><strong>regnante</strong></span> <span class='ocrx_word' id='word_1_290' title='bbox 1068 3748 1314 3820; x_wconf 83' lang='lat' dir='ltr'><strong>Philippo</strong></span> <span class='ocrx_word' id='word_1_291' title='bbox 1347 3749 1397 3802; x_wconf 92' lang='lat' dir='ltr'><strong>itt</strong></span> <span class='ocrx_word' id='word_1_292' title='bbox 1449 3749 1702 3813; x_wconf 84' lang='lat' dir='ltr'><strong>Francia,</strong></span> <span class='ocrx_word' id='word_1_293' title='bbox 1751 3749 1986 3804; x_wconf 90' lang='lat' dir='ltr'><strong>llenrico</strong></span> <span class='ocrx_word' id='word_1_294' title='bbox 2016 3750 2067 3804; x_wconf 92' lang='lat' dir='ltr'><strong>in</strong></span> 
     </span>
    </p>
   </div>
   <div class='ocr_carea' id='block_1_42' title="bbox 474 3838 2069 3910">
    <p class='ocr_par' dir='ltr' id='par_1_42' title="bbox 474 3838 2069 3910">
     <span class='ocr_line' id='line_1_42' title="bbox 474 3838 2069 3910; baseline 0.004 -18"><span class='ocrx_word' id='word_1_295' title='bbox 474 3838 805 3910; x_wconf 86' lang='lat' dir='ltr'><strong>Burgundia,</strong></span> <span class='ocrx_word' id='word_1_296' title='bbox 859 3857 1000 3895; x_wconf 91' lang='lat' dir='ltr'><strong>anno</strong></span> <span class='ocrx_word' id='word_1_297' title='bbox 1059 3841 1269 3896; x_wconf 89' lang='lat' dir='ltr'><strong>incarn.</strong></span> <span class='ocrx_word' id='word_1_298' title='bbox 1323 3841 1537 3896; x_wconf 88' lang='lat' dir='ltr'><strong>Domini</strong></span> <span class='ocrx_word' id='word_1_299' title='bbox 1590 3843 1877 3898; x_wconf 86' lang='lat' dir='ltr'><strong>millesimo</strong></span> <span class='ocrx_word' id='word_1_300' title='bbox 1915 3853 2069 3899; x_wconf 89' lang='lat' dir='ltr'><strong>octo-</strong></span> 
     </span>
    </p>
   </div>
   <div class='ocr_carea' id='block_1_43' title="bbox 475 3931 2068 4003">
    <p class='ocr_par' dir='ltr' id='par_1_43' title="bbox 475 3931 2068 4003">
     <span class='ocr_line' id='line_1_43' title="bbox 475 3931 2068 4003; baseline 0.002 -18"><span class='ocrx_word' id='word_1_301' title='bbox 475 3931 682 4000; x_wconf 78' lang='lat' dir='ltr'><strong>gesimo</strong></span> <span class='ocrx_word' id='word_1_302' title='bbox 714 3941 971 4001; x_wconf 73' lang='lat' dir='ltr'><strong>septimo,</strong></span> <span class='ocrx_word' id='word_1_303' title='bbox 1013 3934 1121 3988; x_wconf 85' lang='lat' dir='ltr'><strong>ind.</strong></span> <span class='ocrx_word' id='word_1_304' title='bbox 1163 3934 1392 3989; x_wconf 50' lang='lat' dir='ltr'><strong>decim&quot;.</strong></span> <span class='ocrx_word' id='word_1_305' title='bbox 1444 3931 1622 3989; x_wconf 86' lang='lat' dir='ltr'><strong>Tertia</strong></span> <span class='ocrx_word' id='word_1_306' title='bbox 1671 3934 1816 4003; x_wconf 86' lang='lat' dir='ltr'><strong>jacet</strong></span> <span class='ocrx_word' id='word_1_307' title='bbox 1849 3935 2068 4000; x_wconf 86' lang='lat' dir='ltr'><strong>ibidem,</strong></span> 
     </span>
    </p>
   </div>
   <div class='ocr_carea' id='block_1_44' title="bbox 475 4024 2070 4094">
    <p class='ocr_par' dir='ltr' id='par_1_44' title="bbox 475 4024 2070 4094">
     <span class='ocr_line' id='line_1_44' title="bbox 475 4024 2070 4094; baseline 0.004 -17"><span class='ocrx_word' id='word_1_308' title='bbox 475 4024 782 4094; x_wconf 83' lang='lat' dir='ltr'><strong>eodemque</strong></span> <span class='ocrx_word' id='word_1_309' title='bbox 827 4024 918 4078; x_wconf 88' lang='lat' dir='ltr'><strong>fol.</strong></span> <span class='ocrx_word' id='word_1_310' title='bbox 951 4025 1024 4080; x_wconf 84' lang='lat' dir='ltr'><strong>Ea</strong></span> <span class='ocrx_word' id='word_1_311' title='bbox 1058 4026 1116 4081; x_wconf 92' lang='lat' dir='ltr'><strong>S.</strong></span> <span class='ocrx_word' id='word_1_312' title='bbox 1152 4026 1456 4082; x_wconf 89' lang='lat' dir='ltr'><strong>Savinieusi</strong></span> <span class='ocrx_word' id='word_1_313' title='bbox 1500 4027 1777 4084; x_wconf 66' lang='lat' dir='ltr'><strong>Ecclesiae.</strong></span> <span class='ocrx_word' id='word_1_314' title='bbox 1803 4069 1818 4083; x_wconf 95' lang='lat'><strong>.</strong></span> <span class='ocrx_word' id='word_1_315' title='bbox 1849 4069 1862 4083; x_wconf 94' lang='lat'><strong>.</strong></span> <span class='ocrx_word' id='word_1_316' title='bbox 1891 4072 1903 4084; x_wconf 93' lang='lat'><strong>.</strong></span> <span class='ocrx_word' id='word_1_317' title='bbox 1933 4069 1948 4086; x_wconf 96' lang='lat'><strong>.</strong></span> <span class='ocrx_word' id='word_1_318' title='bbox 1979 4029 2070 4084; x_wconf 92' lang='lat' dir='ltr'><strong>ubi</strong></span> 
     </span>
    </p>
   </div>
   <div class='ocr_carea' id='block_1_45' title="bbox 475 4115 2072 4191">
    <p class='ocr_par' dir='ltr' id='par_1_45' title="bbox 475 4115 2072 4191">
     <span class='ocr_line' id='line_1_45' title="bbox 475 4115 2072 4191; baseline 0.003 -21"><span class='ocrx_word' id='word_1_319' title='bbox 475 4115 540 4170; x_wconf 91' lang='lat' dir='ltr'><strong>D.</strong></span> <span class='ocrx_word' id='word_1_320' title='bbox 575 4115 770 4171; x_wconf 91' lang='lat' dir='ltr'><strong>lterius</strong></span> <span class='ocrx_word' id='word_1_321' title='bbox 815 4119 1086 4174; x_wconf 90' lang='lat' dir='ltr'><strong>secundus</strong></span> <span class='ocrx_word' id='word_1_322' title='bbox 1115 4120 1283 4175; x_wconf 86' lang='lat' dir='ltr'><strong>abbas</strong></span> <span class='ocrx_word' id='word_1_323' title='bbox 1307 4135 1538 4191; x_wconf 68' lang='lat' dir='ltr'><strong>praeesse</strong></span> <span class='ocrx_word' id='word_1_324' title='bbox 1563 4119 1799 4187; x_wconf 79' lang='lat' dir='ltr'><strong>videtur,</strong></span> <span class='ocrx_word' id='word_1_325' title='bbox 1845 4122 2072 4177; x_wconf 79' lang='lat' dir='ltr'><strong>Ermen-</strong></span> 
     </span>
    </p>
   </div>
   <div class='ocr_carea' id='block_1_46' title="bbox 477 4207 2070 4282">
    <p class='ocr_par' dir='ltr' id='par_1_46' title="bbox 477 4207 2070 4282">
     <span class='ocr_line' id='line_1_46' title="bbox 477 4207 2070 4282; baseline 0.006 -23"><span class='ocrx_word' id='word_1_326' title='bbox 477 4207 660 4275; x_wconf 80' lang='lat' dir='ltr'><strong>gardis</strong></span> <span class='ocrx_word' id='word_1_327' title='bbox 687 4207 828 4263; x_wconf 88' lang='lat' dir='ltr'><strong>bona</strong></span> <span class='ocrx_word' id='word_1_328' title='bbox 883 4209 975 4263; x_wconf 90' lang='lat' dir='ltr'><strong>dat</strong></span> <span class='ocrx_word' id='word_1_329' title='bbox 1021 4225 1118 4280; x_wconf 94' lang='lat' dir='ltr'><strong>pro</strong></span> <span class='ocrx_word' id='word_1_330' title='bbox 1164 4227 1262 4266; x_wconf 87' lang='lat' dir='ltr'><strong>sua</strong></span> <span class='ocrx_word' id='word_1_331' title='bbox 1315 4212 1619 4282; x_wconf 89' lang='lat' dir='ltr'><strong>sepultura,</strong></span> <span class='ocrx_word' id='word_1_332' title='bbox 1679 4214 1963 4269; x_wconf 84' lang='lat' dir='ltr'><strong>ecclesiam</strong></span> <span class='ocrx_word' id='word_1_333' title='bbox 2011 4213 2070 4269; x_wconf 82' lang='lat' dir='ltr'><strong>S.</strong></span> 
     </span>
    </p>
   </div>
   <div class='ocr_carea' id='block_1_47' title="bbox 477 4297 2074 4374">
    <p class='ocr_par' dir='ltr' id='par_1_47' title="bbox 477 4297 2074 4374">
     <span class='ocr_line' id='line_1_47' title="bbox 477 4297 2074 4374; baseline 0.004 -23"><span class='ocrx_word' id='word_1_334' title='bbox 477 4297 682 4353; x_wconf 80' lang='lat' dir='ltr'><strong>Verani</strong></span> <span class='ocrx_word' id='word_1_335' title='bbox 714 4301 764 4354; x_wconf 93' lang='lat' dir='ltr'><strong>in</strong></span> <span class='ocrx_word' id='word_1_336' title='bbox 795 4300 1079 4356; x_wconf 83' lang='lat' dir='ltr'><strong>Graziaco.</strong></span> <span class='ocrx_word' id='word_1_337' title='bbox 1110 4303 1303 4356; x_wconf 83' lang='lat' dir='ltr'><strong>Actum</strong></span> <span class='ocrx_word' id='word_1_338' title='bbox 1328 4319 1465 4374; x_wconf 81' lang='lat' dir='ltr'><strong>pago</strong></span> <span class='ocrx_word' id='word_1_339' title='bbox 1486 4303 1854 4374; x_wconf 84' lang='lat' dir='ltr'><strong>Lugdunensi,</strong></span> <span class='ocrx_word' id='word_1_340' title='bbox 1887 4319 2074 4359; x_wconf 84' lang='lat' dir='ltr'><strong>coeno-</strong></span> 
     </span>
    </p>
   </div>
   <div class='ocr_carea' id='block_1_48' title="bbox 2181 441 3719 512">
    <p class='ocr_par' dir='ltr' id='par_1_48' title="bbox 2181 441 3719 512">
     <span class='ocr_line' id='line_1_48' title="bbox 2181 441 3719 512; baseline 0.004 -18"><span class='ocrx_word' id='word_1_341' title='bbox 2181 442 2358 511; x_wconf 88' lang='lat' dir='ltr'><strong>reipsa</strong></span> <span class='ocrx_word' id='word_1_342' title='bbox 2384 441 2548 496; x_wconf 81' lang='lat' dir='ltr'><strong>fuisse</strong></span> <span class='ocrx_word' id='word_1_343' title='bbox 2573 441 2698 496; x_wconf 90' lang='lat' dir='ltr'><strong>inde</strong></span> <span class='ocrx_word' id='word_1_344' title='bbox 2724 450 2894 510; x_wconf 89' lang='lat' dir='ltr'><strong>patet,</strong></span> <span class='ocrx_word' id='word_1_345' title='bbox 2924 441 3067 512; x_wconf 86' lang='lat' dir='ltr'><strong>quod</strong></span> <span class='ocrx_word' id='word_1_346' title='bbox 3101 441 3156 497; x_wconf 89' lang='lat' dir='ltr'><strong>in</strong></span> <span class='ocrx_word' id='word_1_347' title='bbox 3191 445 3398 498; x_wconf 86' lang='lat' dir='ltr'><strong>chartis</strong></span> <span class='ocrx_word' id='word_1_348' title='bbox 3426 446 3548 498; x_wconf 86' lang='lat' dir='ltr'><strong>anni</strong></span> <span class='ocrx_word' id='word_1_349' title='bbox 3593 446 3719 510; x_wconf 80' lang='grc'>1087,</span> 
     </span>
    </p>
   </div>
   <div class='ocr_carea' id='block_1_49' title="bbox 2182 532 3722 606">
    <p class='ocr_par' dir='ltr' id='par_1_49' title="bbox 2182 532 3722 606">
     <span class='ocr_line' id='line_1_49' title="bbox 2182 532 3722 606; baseline 0.003 -18"><span class='ocrx_word' id='word_1_350' title='bbox 2182 532 2530 588; x_wconf 82' lang='lat' dir='ltr'><strong>iudictionem</strong></span> <span class='ocrx_word' id='word_1_351' title='bbox 2557 533 2820 588; x_wconf 89' lang='lat' dir='ltr'><strong>decimam</strong></span> <span class='ocrx_word' id='word_1_352' title='bbox 2844 532 3036 597; x_wconf 88' lang='lat' dir='ltr'><strong>altera,</strong></span> <span class='ocrx_word' id='word_1_353' title='bbox 3056 533 3226 589; x_wconf 85' lang='lat' dir='ltr'><strong>altera</strong></span> <span class='ocrx_word' id='word_1_354' title='bbox 3243 537 3527 606; x_wconf 87' lang='lat' dir='ltr'><strong>septimam</strong></span> <span class='ocrx_word' id='word_1_355' title='bbox 3545 553 3652 590; x_wconf 89' lang='lat' dir='ltr'><strong>curn</strong></span> <span class='ocrx_word' id='word_1_356' title='bbox 3675 555 3722 592; x_wconf 83' lang='lat' dir='ltr'><strong>eo</strong></span> 
     </span>
    </p>
   </div>
   <div class='ocr_carea' id='block_1_50' title="bbox 2181 616 3724 700">
    <p class='ocr_par' dir='ltr' id='par_1_50' title="bbox 2181 616 3724 700">
     <span class='ocr_line' id='line_1_50' title="bbox 2181 616 3724 700; baseline 0.004 -21"><span class='ocrx_word' id='word_1_357' title='bbox 2181 642 2322 682; x_wconf 89' lang='lat' dir='ltr'><strong>anno</strong></span> <span class='ocrx_word' id='word_1_358' title='bbox 2363 626 2674 700; x_wconf 88' lang='lat' dir='ltr'><strong>conjungat.</strong></span> <span class='ocrx_word' id='word_1_359' title='bbox 2723 628 2850 684; x_wconf 81' lang='lat' dir='ltr'><strong>inde</strong></span> <span class='ocrx_word' id='word_1_360' title='bbox 2901 629 3100 683; x_wconf 89' lang='lat' dir='ltr'><strong>iterum</strong></span> <span class='ocrx_word' id='word_1_361' title='bbox 3131 629 3272 699; x_wconf 90' lang='lat' dir='ltr'><strong>quod</strong></span> <span class='ocrx_word' id='word_1_362' title='bbox 3320 630 3376 684; x_wconf 93' lang='lat' dir='ltr'><strong>in</strong></span> <span class='ocrx_word' id='word_1_363' title='bbox 3424 630 3589 700; x_wconf 86' lang='lat' dir='ltr'><strong>prima</strong></span> <span class='ocrx_word' id='word_1_364' title='bbox 3631 616 3724 685; x_wconf 76' lang='lat' dir='ltr'><strong>dies</strong></span> 
     </span>
    </p>
   </div>
   <div class='ocr_carea' id='block_1_51' title="bbox 2181 720 3724 792">
    <p class='ocr_par' dir='ltr' id='par_1_51' title="bbox 2181 720 3724 792">
     <span class='ocr_line' id='line_1_51' title="bbox 2181 720 3724 792; baseline 0.005 -20"><span class='ocrx_word' id='word_1_365' title='bbox 2181 720 2487 791; x_wconf 82' lang='lat' dir='ltr'><strong>assignetur</strong></span> <span class='ocrx_word' id='word_1_366' title='bbox 2535 732 2729 776; x_wconf 74' lang='lat' dir='ltr'><strong>sextus</strong></span> <span class='ocrx_word' id='word_1_367' title='bbox 2757 731 2884 777; x_wconf 89' lang='lat' dir='ltr'><strong>ante</strong></span> <span class='ocrx_word' id='word_1_368' title='bbox 2935 721 3115 777; x_wconf 86' lang='lat' dir='ltr'><strong>Nonas</strong></span> <span class='ocrx_word' id='word_1_369' title='bbox 3153 721 3461 785; x_wconf 82' lang='lat' dir='ltr'><strong>Februarii.</strong></span> <span class='ocrx_word' id='word_1_370' title='bbox 3510 725 3593 792; x_wconf 89' lang='lat' dir='ltr'><strong>qui</strong></span> <span class='ocrx_word' id='word_1_371' title='bbox 3632 725 3724 779; x_wconf 79' lang='lat' dir='ltr'><strong>talis</strong></span> 
     </span>
    </p>
   </div>
   <div class='ocr_carea' id='block_1_52' title="bbox 2181 814 3727 885">
    <p class='ocr_par' dir='ltr' id='par_1_52' title="bbox 2181 814 3727 885">
     <span class='ocr_line' id='line_1_52' title="bbox 2181 814 3727 885; baseline 0.007 -22"><span class='ocrx_word' id='word_1_372' title='bbox 2181 827 2453 881; x_wconf 88' lang='lat' dir='ltr'><strong>nunquam</strong></span> <span class='ocrx_word' id='word_1_373' title='bbox 2485 814 2693 868; x_wconf 81' lang='lat' dir='ltr'><strong>exstitit</strong></span> <span class='ocrx_word' id='word_1_374' title='bbox 2724 814 2826 868; x_wconf 85' lang='lat' dir='ltr'><strong>huc</strong></span> <span class='ocrx_word' id='word_1_375' title='bbox 2857 829 3060 869; x_wconf 83' lang='lat' dir='ltr'><strong>mense.</strong></span> <span class='ocrx_word' id='word_1_376' title='bbox 3101 815 3230 869; x_wconf 74' lang='lat' dir='ltr'><strong>lude</strong></span> <span class='ocrx_word' id='word_1_377' title='bbox 3253 817 3468 869; x_wconf 90' lang='lat' dir='ltr'><strong>demunt</strong></span> <span class='ocrx_word' id='word_1_378' title='bbox 3493 818 3620 885; x_wconf 73' lang='lat' dir='ltr'><strong>quod</strong></span> <span class='ocrx_word' id='word_1_379' title='bbox 3651 834 3727 874; x_wconf 79' lang='lat' dir='ltr'><strong>nec</strong></span> 
     </span>
    </p>
   </div>
   <div class='ocr_carea' id='block_1_53' title="bbox 2181 905 3724 976">
    <p class='ocr_par' dir='ltr' id='par_1_53' title="bbox 2181 905 3724 976">
     <span class='ocr_line' id='line_1_53' title="bbox 2181 905 3724 976; baseline 0.005 -21"><span class='ocrx_word' id='word_1_380' title='bbox 2181 905 2495 972; x_wconf 87' lang='lat' dir='ltr'><strong>genuinum,</strong></span> <span class='ocrx_word' id='word_1_381' title='bbox 2521 922 2618 960; x_wconf 89' lang='lat' dir='ltr'><strong>nec</strong></span> <span class='ocrx_word' id='word_1_382' title='bbox 2637 906 2966 976; x_wconf 85' lang='lat' dir='ltr'><strong>iutelligibile</strong></span> <span class='ocrx_word' id='word_1_383' title='bbox 2988 908 3127 975; x_wconf 91' lang='lat' dir='ltr'><strong>quod</strong></span> <span class='ocrx_word' id='word_1_384' title='bbox 3151 908 3310 960; x_wconf 85' lang='lat' dir='ltr'><strong>habet</strong></span> <span class='ocrx_word' id='word_1_385' title='bbox 3343 908 3515 976; x_wconf 90' lang='lat' dir='ltr'><strong>prima</strong></span> <span class='ocrx_word' id='word_1_386' title='bbox 3541 911 3724 962; x_wconf 81' lang='lat' dir='ltr'><strong>charta:</strong></span> 
     </span>
    </p>
   </div>
   <div class='ocr_carea' id='block_1_54' title="bbox 2179 992 3722 1068">
    <p class='ocr_par' dir='ltr' id='par_1_54' title="bbox 2179 992 3722 1068">
     <span class='ocr_line' id='line_1_54' title="bbox 2179 992 3722 1068; baseline 0.006 -22"><span class='ocrx_word' id='word_1_387' title='bbox 2179 992 2375 1046; x_wconf 83' lang='lat' dir='ltr'><strong>Actum</strong></span> <span class='ocrx_word' id='word_1_388' title='bbox 2398 1010 2448 1048; x_wconf 70' lang='grc' dir='ltr'><strong>γι</strong></span> <span class='ocrx_word' id='word_1_389' title='bbox 2470 994 2774 1060; x_wconf 84' lang='lat' dir='ltr'><strong>Februarii,</strong></span> <span class='ocrx_word' id='word_1_390' title='bbox 2802 1006 2954 1052; x_wconf 81' lang='lat' dir='ltr'><strong>sexto</strong></span> <span class='ocrx_word' id='word_1_391' title='bbox 2976 1007 3030 1052; x_wconf 91' lang='lat' dir='ltr'><strong>et</strong></span> <span class='ocrx_word' id='word_1_392' title='bbox 3059 999 3272 1054; x_wconf 90' lang='lat' dir='ltr'><strong>decimo</strong></span> <span class='ocrx_word' id='word_1_393' title='bbox 3294 1003 3508 1068; x_wconf 70' lang='lat' dir='ltr'><strong>quinto.</strong></span> <span class='ocrx_word' id='word_1_394' title='bbox 3534 1001 3722 1056; x_wconf 78' lang='lat' dir='ltr'><strong>Aliunde</strong></span> 
     </span>
    </p>
   </div>
   <div class='ocr_carea' id='block_1_55' title="bbox 2181 1085 3728 1158">
    <p class='ocr_par' dir='ltr' id='par_1_55' title="bbox 2181 1085 3728 1158">
     <span class='ocr_line' id='line_1_55' title="bbox 2181 1085 3728 1158; baseline 0.006 -22"><span class='ocrx_word' id='word_1_395' title='bbox 2181 1098 2329 1148; x_wconf 88' lang='lat' dir='ltr'><strong>vero,</strong></span> <span class='ocrx_word' id='word_1_396' title='bbox 2361 1085 2405 1140; x_wconf 93' lang='lat' dir='ltr'><strong>si</strong></span> <span class='ocrx_word' id='word_1_397' title='bbox 2433 1086 2562 1155; x_wconf 90' lang='lat' dir='ltr'><strong>quid</strong></span> <span class='ocrx_word' id='word_1_398' title='bbox 2617 1087 2668 1142; x_wconf 90' lang='lat' dir='ltr'><strong>itt</strong></span> <span class='ocrx_word' id='word_1_399' title='bbox 2701 1088 2962 1158; x_wconf 74' lang='lat' dir='ltr'><strong>ejusmodi</strong></span> <span class='ocrx_word' id='word_1_400' title='bbox 3006 1089 3168 1142; x_wconf 87' lang='lat' dir='ltr'><strong>rebus</strong></span> <span class='ocrx_word' id='word_1_401' title='bbox 3198 1090 3480 1143; x_wconf 89' lang='lat' dir='ltr'><strong>historicis</strong></span> <span class='ocrx_word' id='word_1_402' title='bbox 3522 1100 3728 1145; x_wconf 74' lang='lat' dir='ltr'><strong>constare</strong></span> 
     </span>
    </p>
   </div>
   <div class='ocr_carea' id='block_1_56' title="bbox 2181 1178 3726 1250">
    <p class='ocr_par' dir='ltr' id='par_1_56' title="bbox 2181 1178 3726 1250">
     <span class='ocr_line' id='line_1_56' title="bbox 2181 1178 3726 1250; baseline 0.003 -20"><span class='ocrx_word' id='word_1_403' title='bbox 2181 1186 2378 1247; x_wconf 89' lang='lat' dir='ltr'><strong>potest,</strong></span> <span class='ocrx_word' id='word_1_404' title='bbox 2405 1178 2686 1250; x_wconf 88' lang='lat' dir='ltr'><strong>Hugonem</strong></span> <span class='ocrx_word' id='word_1_405' title='bbox 2713 1180 2941 1235; x_wconf 87' lang='lat' dir='ltr'><strong>Gebuiui</strong></span> <span class='ocrx_word' id='word_1_406' title='bbox 2972 1179 3147 1234; x_wconf 91' lang='lat' dir='ltr'><strong>locum</strong></span> <span class='ocrx_word' id='word_1_407' title='bbox 3199 1189 3328 1237; x_wconf 90' lang='lat' dir='ltr'><strong>ante</strong></span> <span class='ocrx_word' id='word_1_408' title='bbox 3379 1197 3575 1234; x_wconf 86' lang='lat' dir='ltr'><strong>annum</strong></span> <span class='ocrx_word' id='word_1_409' title='bbox 3604 1182 3726 1247; x_wconf 79' lang='lat' dir='ltr'><strong>l087,</strong></span> 
     </span>
    </p>
   </div>
   <div class='ocr_carea' id='block_1_57' title="bbox 2182 1269 3730 1343">
    <p class='ocr_par' dir='ltr' id='par_1_57' title="bbox 2182 1269 3730 1343">
     <span class='ocr_line' id='line_1_57' title="bbox 2182 1269 3730 1343; baseline 0.003 -20"><span class='ocrx_word' id='word_1_410' title='bbox 2182 1269 2290 1325; x_wconf 90' lang='lat' dir='ltr'><strong>in:o</strong></span> <span class='ocrx_word' id='word_1_411' title='bbox 2333 1279 2388 1325; x_wconf 92' lang='lat' dir='ltr'><strong>et</strong></span> <span class='ocrx_word' id='word_1_412' title='bbox 2441 1281 2569 1327; x_wconf 87' lang='lat' dir='ltr'><strong>ante</strong></span> <span class='ocrx_word' id='word_1_413' title='bbox 2608 1271 2750 1328; x_wconf 92' lang='grc'>1086</span> <span class='ocrx_word' id='word_1_414' title='bbox 2794 1273 3097 1329; x_wconf 90' lang='lat' dir='ltr'><strong>obtinuisse</strong></span> <span class='ocrx_word' id='word_1_415' title='bbox 3127 1274 3554 1328; x_wconf 87' lang='lat' dir='ltr'><strong>demonstratur.</strong></span> <span class='ocrx_word' id='word_1_416' title='bbox 3598 1276 3730 1343; x_wconf 75' lang='lat' dir='ltr'><strong>Argu-</strong></span> 
     </span>
    </p>
   </div>
   <div class='ocr_carea' id='block_1_58' title="bbox 2180 1360 3729 1434">
    <p class='ocr_par' dir='ltr' id='par_1_58' title="bbox 2180 1360 3729 1434">
     <span class='ocr_line' id='line_1_58' title="bbox 2180 1360 3729 1434; baseline 0.004 -20"><span class='ocrx_word' id='word_1_417' title='bbox 2180 1370 2360 1416; x_wconf 85' lang='lat' dir='ltr'><strong>menta</strong></span> <span class='ocrx_word' id='word_1_418' title='bbox 2393 1360 2598 1417; x_wconf 86' lang='lat' dir='ltr'><strong>rcferre</strong></span> <span class='ocrx_word' id='word_1_419' title='bbox 2646 1378 2867 1418; x_wconf 83' lang='lat' dir='ltr'><strong>necesse</strong></span> <span class='ocrx_word' id='word_1_420' title='bbox 2912 1373 3022 1431; x_wconf 77' lang='lat' dir='ltr'><strong>est;</strong></span> <span class='ocrx_word' id='word_1_421' title='bbox 3078 1380 3184 1418; x_wconf 91' lang='lat' dir='ltr'><strong>nou</strong></span> <span class='ocrx_word' id='word_1_422' title='bbox 3213 1365 3436 1434; x_wconf 88' lang='lat' dir='ltr'><strong>quidem</strong></span> <span class='ocrx_word' id='word_1_423' title='bbox 3465 1366 3628 1418; x_wconf 84' lang='lat' dir='ltr'><strong>omnia</strong></span> <span class='ocrx_word' id='word_1_424' title='bbox 3659 1369 3729 1420; x_wconf 63' lang='lat' dir='ltr'><strong>sed</strong></span> 
     </span>
    </p>
   </div>
   <div class='ocr_carea' id='block_1_59' title="bbox 2179 1454 2471 1524">
    <p class='ocr_par' dir='ltr' id='par_1_59' title="bbox 2179 1454 2471 1524">
     <span class='ocr_line' id='line_1_59' title="bbox 2179 1454 2471 1524; baseline 0.01 -19"><span class='ocrx_word' id='word_1_425' title='bbox 2179 1454 2471 1524; x_wconf 82' lang='lat' dir='ltr'><strong>praecipua.</strong></span> 
     </span>
    </p>
   </div>
   <div class='ocr_carea' id='block_1_60' title="bbox 2248 1544 3730 1620">
    <p class='ocr_par' dir='ltr' id='par_1_60' title="bbox 2248 1544 3730 1620">
     <span class='ocr_line' id='line_1_60' title="bbox 2248 1544 3730 1620; baseline 0.004 -22"><span class='ocrx_word' id='word_1_426' title='bbox 2248 1544 2490 1599; x_wconf 89' lang='lat' dir='ltr'><strong>Primum</strong></span> <span class='ocrx_word' id='word_1_427' title='bbox 2538 1545 2738 1602; x_wconf 88' lang='lat' dir='ltr'><strong>dicitur</strong></span> <span class='ocrx_word' id='word_1_428' title='bbox 2771 1562 2800 1600; x_wconf 90' lang='lat' dir='ltr'><strong>a</strong></span> <span class='ocrx_word' id='word_1_429' title='bbox 2829 1545 2886 1600; x_wconf 91' lang='lat' dir='ltr'><strong>S.</strong></span> <span class='ocrx_word' id='word_1_430' title='bbox 2931 1546 3185 1601; x_wconf 88' lang='lat' dir='ltr'><strong>Auselmo</strong></span> <span class='ocrx_word' id='word_1_431' title='bbox 3221 1547 3459 1602; x_wconf 85' lang='lat' dir='ltr'><strong>Lucensi</strong></span> <span class='ocrx_word' id='word_1_432' title='bbox 3502 1551 3730 1620; x_wconf 79' lang='lat' dir='ltr'><strong>episcopo,</strong></span> 
     </span>
    </p>
   </div>
   <div class='ocr_carea' id='block_1_61' title="bbox 2179 1634 3727 1706">
    <p class='ocr_par' dir='ltr' id='par_1_61' title="bbox 2179 1634 3727 1706">
     <span class='ocr_line' id='line_1_61' title="bbox 2179 1634 3727 1706; baseline 0.005 -19"><span class='ocrx_word' id='word_1_433' title='bbox 2179 1635 2267 1702; x_wconf 88' lang='lat' dir='ltr'><strong>qui</strong></span> <span class='ocrx_word' id='word_1_434' title='bbox 2288 1634 2338 1688; x_wconf 91' lang='lat' dir='ltr'><strong>iu</strong></span> <span class='ocrx_word' id='word_1_435' title='bbox 2367 1635 2593 1703; x_wconf 89' lang='lat' dir='ltr'><strong>epistola</strong></span> <span class='ocrx_word' id='word_1_436' title='bbox 2623 1637 2824 1706; x_wconf 87' lang='lat' dir='ltr'><strong>scripta</strong></span> <span class='ocrx_word' id='word_1_437' title='bbox 2862 1636 3077 1703; x_wconf 84' lang='lat' dir='ltr'><strong>Pontio,</strong></span> <span class='ocrx_word' id='word_1_438' title='bbox 3102 1654 3167 1692; x_wconf 79' lang='lat' dir='ltr'><strong>ex</strong></span> <span class='ocrx_word' id='word_1_439' title='bbox 3193 1638 3348 1694; x_wconf 65' lang='lat' dir='ltr'><strong>Casa:</strong></span> <span class='ocrx_word' id='word_1_440' title='bbox 3366 1639 3459 1694; x_wconf 86' lang='lat' dir='ltr'><strong>Dei</strong></span> <span class='ocrx_word' id='word_1_441' title='bbox 3485 1643 3727 1703; x_wconf 83' lang='lat' dir='ltr'><strong>monacho,</strong></span> 
     </span>
    </p>
   </div>
   <div class='ocr_carea' id='block_1_62' title="bbox 2179 1725 3730 1808">
    <p class='ocr_par' dir='ltr' id='par_1_62' title="bbox 2179 1725 3730 1808">
     <span class='ocr_line' id='line_1_62' title="bbox 2179 1725 3730 1808; baseline 0.007 -31"><span class='ocrx_word' id='word_1_442' title='bbox 2179 1725 2358 1779; x_wconf 89' lang='lat' dir='ltr'><strong>abbati</strong></span> <span class='ocrx_word' id='word_1_443' title='bbox 2387 1725 2730 1795; x_wconf 82' lang='lat' dir='ltr'><strong>Fraxiueusi,</strong></span> <span class='ocrx_word' id='word_1_444' title='bbox 2762 1743 2922 1799; x_wconf 89' lang='lat' dir='ltr'><strong>quam</strong></span> <span class='ocrx_word' id='word_1_445' title='bbox 2953 1729 3730 1808; x_wconf 51' lang='lat' dir='ltr'><strong>referbMabillon,mentionem</strong></span> 
     </span>
    </p>
   </div>
   <div class='ocr_carea' id='block_1_63' title="bbox 2177 1813 3729 1894">
    <p class='ocr_par' dir='ltr' id='par_1_63' title="bbox 2177 1813 3729 1894">
     <span class='ocr_line' id='line_1_63' title="bbox 2177 1813 3729 1894; baseline 0.007 -28"><span class='ocrx_word' id='word_1_446' title='bbox 2177 1813 2308 1870; x_wconf 88' lang='lat' dir='ltr'><strong>facit</strong></span> <span class='ocrx_word' id='word_1_447' title='bbox 2334 1817 2659 1872; x_wconf 87' lang='lat' dir='ltr'><strong>venerabilis</strong></span> <span class='ocrx_word' id='word_1_448' title='bbox 2693 1817 2870 1874; x_wconf 86' lang='lat' dir='ltr'><strong>Patris</strong></span> <span class='ocrx_word' id='word_1_449' title='bbox 2901 1819 3144 1891; x_wconf 74' lang='lat' dir='ltr'><strong>l-lugonis</strong></span> <span class='ocrx_word' id='word_1_450' title='bbox 3188 1821 3566 1894; x_wconf 79' lang='lat' dir='ltr'><strong>Lugdunensis</strong></span> <span class='ocrx_word' id='word_1_451' title='bbox 3592 1825 3729 1879; x_wconf 81' lang='lat' dir='ltr'><strong>archi-</strong></span> 
     </span>
    </p>
   </div>
   <div class='ocr_carea' id='block_1_64' title="bbox 2178 1909 3730 1987">
    <p class='ocr_par' dir='ltr' id='par_1_64' title="bbox 2178 1909 3730 1987">
     <span class='ocr_line' id='line_1_64' title="bbox 2178 1909 3730 1987; baseline 0.006 -25"><span class='ocrx_word' id='word_1_452' title='bbox 2178 1909 2449 1980; x_wconf 84' lang='lat' dir='ltr'><strong>episcOpi,</strong></span> <span class='ocrx_word' id='word_1_453' title='bbox 2483 1919 2537 1967; x_wconf 93' lang='lat' dir='ltr'><strong>et</strong></span> <span class='ocrx_word' id='word_1_454' title='bbox 2567 1912 2633 1967; x_wconf 89' lang='lat' dir='ltr'><strong>ad</strong></span> <span class='ocrx_word' id='word_1_455' title='bbox 2663 1912 2815 1982; x_wconf 89' lang='lat' dir='ltr'><strong>cujus</strong></span> <span class='ocrx_word' id='word_1_456' title='bbox 2844 1915 3217 1987; x_wconf 89' lang='lat' dir='ltr'><strong>calcemjubet</strong></span> <span class='ocrx_word' id='word_1_457' title='bbox 3258 1933 3362 1972; x_wconf 91' lang='lat' dir='ltr'><strong>suo</strong></span> <span class='ocrx_word' id='word_1_458' title='bbox 3391 1919 3600 1973; x_wconf 88' lang='lat' dir='ltr'><strong>nomine</strong></span> <span class='ocrx_word' id='word_1_459' title='bbox 3623 1920 3730 1974; x_wconf 85' lang='lat' dir='ltr'><strong>salu-</strong></span> 
     </span>
    </p>
   </div>
   <div class='ocr_carea' id='block_1_65' title="bbox 2180 2003 3730 2078">
    <p class='ocr_par' dir='ltr' id='par_1_65' title="bbox 2180 2003 3730 2078">
     <span class='ocr_line' id='line_1_65' title="bbox 2180 2003 3730 2078; baseline 0.006 -24"><span class='ocrx_word' id='word_1_460' title='bbox 2180 2003 2280 2056; x_wconf 89' lang='lat' dir='ltr'><strong>tari</strong></span> <span class='ocrx_word' id='word_1_461' title='bbox 2311 2003 2569 2059; x_wconf 89' lang='lat' dir='ltr'><strong>domuum</strong></span> <span class='ocrx_word' id='word_1_462' title='bbox 2623 2005 3037 2075; x_wconf 83' lang='lat' dir='ltr'><strong>Lugdunensem</strong></span> <span class='ocrx_word' id='word_1_463' title='bbox 3088 2011 3579 2078; x_wconf 86' lang='lat' dir='ltr'><strong>archiepiscopum.</strong></span> <span class='ocrx_word' id='word_1_464' title='bbox 3629 2012 3730 2068; x_wconf 85' lang='lat' dir='ltr'><strong>Cum</strong></span> 
     </span>
    </p>
   </div>
   <div class='ocr_carea' id='block_1_66' title="bbox 2176 2093 3731 2163">
    <p class='ocr_par' dir='ltr' id='par_1_66' title="bbox 2176 2093 3731 2163">
     <span class='ocr_line' id='line_1_66' title="bbox 2176 2093 3731 2163; baseline 0.005 -17"><span class='ocrx_word' id='word_1_465' title='bbox 2176 2105 2308 2162; x_wconf 86' lang='lat' dir='ltr'><strong>ergo</strong></span> <span class='ocrx_word' id='word_1_466' title='bbox 2335 2093 2388 2148; x_wconf 92' lang='lat' dir='ltr'><strong>in</strong></span> <span class='ocrx_word' id='word_1_467' title='bbox 2424 2094 2663 2163; x_wconf 89' lang='lat' dir='ltr'><strong>ejusdem</strong></span> <span class='ocrx_word' id='word_1_468' title='bbox 2690 2097 2930 2151; x_wconf 81' lang='lat' dir='ltr'><strong>Anscluti</strong></span> <span class='ocrx_word' id='word_1_469' title='bbox 2977 2096 3092 2151; x_wconf 84' lang='lat' dir='ltr'><strong>Vita</strong></span> <span class='ocrx_word' id='word_1_470' title='bbox 3125 2098 3192 2154; x_wconf 89' lang='lat' dir='ltr'><strong>ab</strong></span> <span class='ocrx_word' id='word_1_471' title='bbox 3226 2115 3337 2154; x_wconf 75' lang='lat' dir='ltr'><strong>una</strong></span> <span class='ocrx_word' id='word_1_472' title='bbox 3365 2115 3433 2154; x_wconf 78' lang='lat' dir='ltr'><strong>ex</strong></span> <span class='ocrx_word' id='word_1_473' title='bbox 3463 2115 3566 2154; x_wconf 75' lang='lat' dir='ltr'><strong>sua:</strong></span> <span class='ocrx_word' id='word_1_474' title='bbox 3600 2100 3731 2154; x_wconf 84' lang='lat' dir='ltr'><strong>eccle-</strong></span> 
     </span>
    </p>
   </div>
   <div class='ocr_carea' id='block_1_67' title="bbox 2177 2182 3731 2258">
    <p class='ocr_par' dir='ltr' id='par_1_67' title="bbox 2177 2182 3731 2258">
     <span class='ocr_line' id='line_1_67' title="bbox 2177 2182 3731 2258; baseline 0.005 -20"><span class='ocrx_word' id='word_1_475' title='bbox 2177 2182 2271 2239; x_wconf 67' lang='lat' dir='ltr'><strong>siae</strong></span> <span class='ocrx_word' id='word_1_476' title='bbox 2297 2186 2576 2241; x_wconf 89' lang='lat' dir='ltr'><strong>canonicis</strong></span> <span class='ocrx_word' id='word_1_477' title='bbox 2619 2191 2856 2258; x_wconf 86' lang='lat' dir='ltr'><strong>scripta,</strong></span> <span class='ocrx_word' id='word_1_478' title='bbox 2885 2189 3097 2244; x_wconf 75' lang='lat' dir='ltr'><strong>dicatur</strong></span> <span class='ocrx_word' id='word_1_479' title='bbox 3131 2209 3144 2244; x_wconf 91' lang='lat'><strong>:</strong></span> <span class='ocrx_word' id='word_1_480' title='bbox 3178 2191 3340 2246; x_wconf 85' lang='lat' dir='ltr'><strong>Auno</strong></span> <span class='ocrx_word' id='word_1_481' title='bbox 3392 2193 3731 2248; x_wconf 79' lang='lat' dir='ltr'><strong>incarnationis</strong></span> 
     </span>
    </p>
   </div>
   <div class='ocr_carea' id='block_1_68' title="bbox 2177 2275 3730 2352">
    <p class='ocr_par' dir='ltr' id='par_1_68' title="bbox 2177 2275 3730 2352">
     <span class='ocr_line' id='line_1_68' title="bbox 2177 2275 3730 2352; baseline 0.005 -23"><span class='ocrx_word' id='word_1_482' title='bbox 2177 2275 2389 2331; x_wconf 91' lang='lat' dir='ltr'><strong>Domini</strong></span> <span class='ocrx_word' id='word_1_483' title='bbox 2425 2279 2594 2333; x_wconf 91' lang='lat' dir='ltr'><strong>nostri</strong></span> <span class='ocrx_word' id='word_1_484' title='bbox 2626 2278 2674 2334; x_wconf 84' lang='lat' dir='ltr'><strong>J.</strong></span> <span class='ocrx_word' id='word_1_485' title='bbox 2709 2279 2770 2334; x_wconf 88' lang='lat' dir='ltr'><strong>C.</strong></span> <span class='ocrx_word' id='word_1_486' title='bbox 2808 2280 2963 2342; x_wconf 87' lang='grc'>1086,</span> <span class='ocrx_word' id='word_1_487' title='bbox 2996 2282 3343 2352; x_wconf 84' lang='lat' dir='ltr'><strong>episcopatus</strong></span> <span class='ocrx_word' id='word_1_488' title='bbox 3373 2299 3502 2338; x_wconf 88' lang='lat' dir='ltr'><strong>vero</strong></span> <span class='ocrx_word' id='word_1_489' title='bbox 3529 2283 3602 2337; x_wconf 92' lang='lat' dir='ltr'><strong>sui</strong></span> <span class='ocrx_word' id='word_1_490' title='bbox 3623 2298 3730 2337; x_wconf 81' lang='lat' dir='ltr'><strong>anno</strong></span> 
     </span>
    </p>
   </div>
   <div class='ocr_carea' id='block_1_69' title="bbox 2175 2369 3726 2446">
    <p class='ocr_par' dir='ltr' id='par_1_69' title="bbox 2175 2369 3726 2446">
     <span class='ocr_line' id='line_1_69' title="bbox 2175 2369 3726 2446; baseline 0.004 -24"><span class='ocrx_word' id='word_1_491' title='bbox 2175 2381 2296 2433; x_wconf 80' lang='lat' dir='ltr'><strong>xnt,</strong></span> <span class='ocrx_word' id='word_1_492' title='bbox 2321 2369 2509 2426; x_wconf 91' lang='lat' dir='ltr'><strong>indict.</strong></span> <span class='ocrx_word' id='word_1_493' title='bbox 2540 2387 2617 2439; x_wconf 64' lang='grc' dir='ltr'><strong>ιχ,</strong></span> <span class='ocrx_word' id='word_1_494' title='bbox 2640 2371 2970 2427; x_wconf 88' lang='lat' dir='ltr'><strong>obdormivit</strong></span> <span class='ocrx_word' id='word_1_495' title='bbox 2999 2373 3053 2428; x_wconf 91' lang='lat' dir='ltr'><strong>iu</strong></span> <span class='ocrx_word' id='word_1_496' title='bbox 3094 2374 3325 2428; x_wconf 87' lang='lat' dir='ltr'><strong>Domino</strong></span> <span class='ocrx_word' id='word_1_497' title='bbox 3359 2392 3430 2429; x_wconf 82' lang='lat' dir='ltr'><strong>xv</strong></span> <span class='ocrx_word' id='word_1_498' title='bbox 3460 2375 3573 2429; x_wconf 73' lang='lat' dir='ltr'><strong>Kal.</strong></span> <span class='ocrx_word' id='word_1_499' title='bbox 3601 2376 3726 2446; x_wconf 54' lang='lat' dir='ltr'><strong>Apri.</strong></span> 
     </span>
    </p>
   </div>
   <div class='ocr_carea' id='block_1_70' title="bbox 2179 2460 3726 2538">
    <p class='ocr_par' dir='ltr' id='par_1_70' title="bbox 2179 2460 3726 2538">
     <span class='ocr_line' id='line_1_70' title="bbox 2179 2460 3726 2538; baseline 0.003 -24"><span class='ocrx_word' id='word_1_500' title='bbox 2179 2460 2273 2527; x_wconf 87' lang='lat' dir='ltr'><strong>lis;</strong></span> <span class='ocrx_word' id='word_1_501' title='bbox 2334 2471 2545 2518; x_wconf 83' lang='lat' dir='ltr'><strong>constat.</strong></span> <span class='ocrx_word' id='word_1_502' title='bbox 2589 2475 2712 2519; x_wconf 87' lang='lat' dir='ltr'><strong>ante</strong></span> <span class='ocrx_word' id='word_1_503' title='bbox 2759 2465 2902 2519; x_wconf 88' lang='lat' dir='ltr'><strong>hunc</strong></span> <span class='ocrx_word' id='word_1_504' title='bbox 2952 2482 3151 2520; x_wconf 91' lang='lat' dir='ltr'><strong>annum</strong></span> <span class='ocrx_word' id='word_1_505' title='bbox 3207 2465 3460 2536; x_wconf 76' lang='lat' dir='ltr'><strong>Lugduni</strong></span> <span class='ocrx_word' id='word_1_506' title='bbox 3493 2467 3726 2538; x_wconf 68' lang='lat' dir='ltr'><strong>praesulem</strong></span> 
     </span>
    </p>
   </div>
   <div class='ocr_carea' id='block_1_71' title="bbox 2176 2549 3728 2628">
    <p class='ocr_par' dir='ltr' id='par_1_71' title="bbox 2176 2549 3728 2628">
     <span class='ocr_line' id='line_1_71' title="bbox 2176 2549 3728 2628; baseline 0.003 -22"><span class='ocrx_word' id='word_1_507' title='bbox 2176 2549 2346 2608; x_wconf 91' lang='lat' dir='ltr'><strong>fuisse</strong></span> <span class='ocrx_word' id='word_1_508' title='bbox 2424 2553 2724 2624; x_wconf 78' lang='lat' dir='ltr'><strong>llugonetn.</strong></span> <span class='ocrx_word' id='word_1_509' title='bbox 2809 2553 3119 2611; x_wconf 82' lang='lat' dir='ltr'><strong>Secundum</strong></span> <span class='ocrx_word' id='word_1_510' title='bbox 3189 2560 3504 2628; x_wconf 86' lang='lat' dir='ltr'><strong>suppeditat</strong></span> <span class='ocrx_word' id='word_1_511' title='bbox 3571 2558 3728 2627; x_wconf 78' lang='lat' dir='ltr'><strong>Grego-</strong></span> 
     </span>
    </p>
   </div>
   <div class='ocr_carea' id='block_1_72' title="bbox 2176 2641 3722 2717">
    <p class='ocr_par' dir='ltr' id='par_1_72' title="bbox 2176 2641 3722 2717">
     <span class='ocr_line' id='line_1_72' title="bbox 2176 2641 3722 2717; baseline 0.002 -21"><span class='ocrx_word' id='word_1_512' title='bbox 2176 2642 2290 2698; x_wconf 88' lang='lat' dir='ltr'><strong>rius</strong></span> <span class='ocrx_word' id='word_1_513' title='bbox 2321 2641 2408 2698; x_wconf 82' lang='lat' dir='ltr'><strong>Vll</strong></span> <span class='ocrx_word' id='word_1_514' title='bbox 2437 2661 2602 2716; x_wconf 86' lang='lat' dir='ltr'><strong>papa;</strong></span> <span class='ocrx_word' id='word_1_515' title='bbox 2639 2646 2718 2701; x_wconf 89' lang='lat' dir='ltr'><strong>sic</strong></span> <span class='ocrx_word' id='word_1_516' title='bbox 2751 2646 2893 2700; x_wconf 88' lang='lat' dir='ltr'><strong>enim</strong></span> <span class='ocrx_word' id='word_1_517' title='bbox 2924 2648 3081 2717; x_wconf 92' lang='lat' dir='ltr'><strong>epist.</strong></span> <span class='ocrx_word' id='word_1_518' title='bbox 3109 2647 3194 2712; x_wconf 89' lang='grc'><strong>19,</strong></span> <span class='ocrx_word' id='word_1_519' title='bbox 3230 2649 3329 2704; x_wconf 92' lang='lat' dir='ltr'><strong>lib.</strong></span> <span class='ocrx_word' id='word_1_520' title='bbox 3366 2666 3446 2714; x_wconf 67' lang='grc' dir='ltr'><strong>ιχ,</strong></span> <span class='ocrx_word' id='word_1_521' title='bbox 3480 2649 3722 2703; x_wconf 69' lang='lat' dir='ltr'><strong>inscribit:</strong></span> 
     </span>
    </p>
   </div>
   <div class='ocr_carea' id='block_1_73' title="bbox 2181 2736 3723 2806">
    <p class='ocr_par' dir='ltr' id='par_1_73' title="bbox 2181 2736 3723 2806">
     <span class='ocr_line' id='line_1_73' title="bbox 2181 2736 3723 2806; baseline 0.003 -19"><span class='ocrx_word' id='word_1_522' title='bbox 2181 2752 2200 2786; x_wconf 77' lang='lat' dir='ltr'><strong>t</strong></span> <span class='ocrx_word' id='word_1_523' title='bbox 2240 2736 2535 2805; x_wconf 77' lang='lat' dir='ltr'><strong>Gregorius</strong></span> <span class='ocrx_word' id='word_1_524' title='bbox 2565 2737 2868 2806; x_wconf 86' lang='lat' dir='ltr'><strong>episcopus,</strong></span> <span class='ocrx_word' id='word_1_525' title='bbox 2889 2753 3075 2794; x_wconf 87' lang='lat' dir='ltr'><strong>servus</strong></span> <span class='ocrx_word' id='word_1_526' title='bbox 3107 2755 3396 2794; x_wconf 82' lang='lat' dir='ltr'><strong>servorum</strong></span> <span class='ocrx_word' id='word_1_527' title='bbox 3429 2741 3539 2804; x_wconf 79' lang='lat' dir='ltr'><strong>Dei,</strong></span> <span class='ocrx_word' id='word_1_528' title='bbox 3568 2740 3723 2794; x_wconf 81' lang='lat' dir='ltr'><strong>dilecto</strong></span> 
     </span>
    </p>
   </div>
   <div class='ocr_carea' id='block_1_74' title="bbox 2176 2827 3723 2901">
    <p class='ocr_par' dir='ltr' id='par_1_74' title="bbox 2176 2827 3723 2901">
     <span class='ocr_line' id='line_1_74' title="bbox 2176 2827 3723 2901; baseline 0.002 -20"><span class='ocrx_word' id='word_1_529' title='bbox 2176 2827 2229 2881; x_wconf 93' lang='lat' dir='ltr'><strong>in</strong></span> <span class='ocrx_word' id='word_1_530' title='bbox 2253 2827 2472 2882; x_wconf 77' lang='lat' dir='ltr'><strong>Christo</strong></span> <span class='ocrx_word' id='word_1_531' title='bbox 2523 2827 2677 2883; x_wconf 91' lang='lat' dir='ltr'><strong>fratri</strong></span> <span class='ocrx_word' id='word_1_532' title='bbox 2718 2828 2781 2882; x_wconf 91' lang='grc'><strong>11.</strong></span> <span class='ocrx_word' id='word_1_533' title='bbox 2815 2867 2830 2882; x_wconf 92' lang='grc'><strong>.</strong></span> <span class='ocrx_word' id='word_1_534' title='bbox 2864 2869 2877 2883; x_wconf 95' lang='grc'><strong>.</strong></span> <span class='ocrx_word' id='word_1_535' title='bbox 2910 2872 2921 2882; x_wconf 95' lang='grc'><strong>.</strong></span> <span class='ocrx_word' id='word_1_536' title='bbox 2953 2829 3305 2900; x_wconf 85' lang='lat' dir='ltr'><strong>Lugdunensi</strong></span> <span class='ocrx_word' id='word_1_537' title='bbox 3361 2833 3723 2901; x_wconf 59' lang='lat' dir='ltr'><strong>arclticpiscow</strong></span> 
     </span>
    </p>
   </div>
   <div class='ocr_carea' id='block_1_75' title="bbox 2176 2919 3722 2994">
    <p class='ocr_par' dir='ltr' id='par_1_75' title="bbox 2176 2919 3722 2994">
     <span class='ocr_line' id='line_1_75' title="bbox 2176 2919 3722 2994; baseline 0 -20"><span class='ocrx_word' id='word_1_538' title='bbox 2176 2919 2241 2974; x_wconf 86' lang='grc'><strong>11.</strong></span> <span class='ocrx_word' id='word_1_539' title='bbox 2277 2959 2290 2974; x_wconf 96' lang='grc'><strong>.</strong></span> <span class='ocrx_word' id='word_1_540' title='bbox 2325 2960 2340 2975; x_wconf 94' lang='grc'><strong>.</strong></span> <span class='ocrx_word' id='word_1_541' title='bbox 2374 2961 2387 2974; x_wconf 91' lang='grc'><strong>.</strong></span> <span class='ocrx_word' id='word_1_542' title='bbox 2423 2941 2441 2973; x_wconf 76' lang='grc' dir='ltr'><strong>ι</strong></span> <span class='ocrx_word' id='word_1_543' title='bbox 2473 2921 2567 2977; x_wconf 86' lang='lat' dir='ltr'><strong>Ille</strong></span> <span class='ocrx_word' id='word_1_544' title='bbox 2612 2937 2717 2976; x_wconf 93' lang='lat' dir='ltr'><strong>non</strong></span> <span class='ocrx_word' id='word_1_545' title='bbox 2763 2931 2939 2992; x_wconf 86' lang='lat' dir='ltr'><strong>potest</strong></span> <span class='ocrx_word' id='word_1_546' title='bbox 2973 2922 3111 2977; x_wconf 88' lang='lat' dir='ltr'><strong>alius</strong></span> <span class='ocrx_word' id='word_1_547' title='bbox 3156 2936 3276 2977; x_wconf 88' lang='lat' dir='ltr'><strong>esse</strong></span> <span class='ocrx_word' id='word_1_548' title='bbox 3304 2923 3379 2977; x_wconf 89' lang='lat' dir='ltr'><strong>ab</strong></span> <span class='ocrx_word' id='word_1_549' title='bbox 3411 2922 3621 2994; x_wconf 82' lang='lat' dir='ltr'><strong>llugoue</strong></span> <span class='ocrx_word' id='word_1_550' title='bbox 3647 2920 3722 2976; x_wconf 80' lang='lat' dir='ltr'><strong>Ge-</strong></span> 
     </span>
    </p>
   </div>
   <div class='ocr_carea' id='block_1_76' title="bbox 2172 3014 3718 3085">
    <p class='ocr_par' dir='ltr' id='par_1_76' title="bbox 2172 3014 3718 3085">
     <span class='ocr_line' id='line_1_76' title="bbox 2172 3014 3718 3085; baseline -0.001 -17"><span class='ocrx_word' id='word_1_551' title='bbox 2172 3014 2322 3070; x_wconf 90' lang='lat' dir='ltr'><strong>buiui</strong></span> <span class='ocrx_word' id='word_1_552' title='bbox 2355 3030 2692 3081; x_wconf 87' lang='lat' dir='ltr'><strong>successore,</strong></span> <span class='ocrx_word' id='word_1_553' title='bbox 2725 3024 2835 3070; x_wconf 89' lang='lat' dir='ltr'><strong>tum</strong></span> <span class='ocrx_word' id='word_1_554' title='bbox 2867 3016 2989 3085; x_wconf 84' lang='lat' dir='ltr'><strong>quia</strong></span> <span class='ocrx_word' id='word_1_555' title='bbox 3019 3015 3063 3070; x_wconf 82' lang='lat' dir='ltr'><strong>H</strong></span> <span class='ocrx_word' id='word_1_556' title='bbox 3095 3016 3267 3085; x_wconf 90' lang='lat' dir='ltr'><strong>prima</strong></span> <span class='ocrx_word' id='word_1_557' title='bbox 3299 3027 3391 3072; x_wconf 86' lang='lat' dir='ltr'><strong>est</strong></span> <span class='ocrx_word' id='word_1_558' title='bbox 3425 3017 3562 3071; x_wconf 92' lang='lat' dir='ltr'><strong>illius</strong></span> <span class='ocrx_word' id='word_1_559' title='bbox 3582 3016 3718 3069; x_wconf 58' lang='lat' dir='ltr'><strong>nouli.</strong></span> 
     </span>
    </p>
   </div>
   <div class='ocr_carea' id='block_1_77' title="bbox 2132 3097 3717 3178">
    <p class='ocr_par' dir='ltr' id='par_1_77' title="bbox 2132 3097 3717 3178">
     <span class='ocr_line' id='line_1_77' title="bbox 2132 3097 3717 3178; baseline -0.001 -17"><span class='ocrx_word' id='word_1_560' title='bbox 2132 3100 2143 3120; x_wconf 85' lang='lat'><strong>&#39;</strong></span> <span class='ocrx_word' id='word_1_561' title='bbox 2174 3108 2258 3162; x_wconf 91' lang='lat' dir='ltr'><strong>nis</strong></span> <span class='ocrx_word' id='word_1_562' title='bbox 2289 3107 2495 3173; x_wconf 87' lang='lat' dir='ltr'><strong>littera;</strong></span> <span class='ocrx_word' id='word_1_563' title='bbox 2532 3117 2644 3162; x_wconf 87' lang='lat' dir='ltr'><strong>ttnn</strong></span> <span class='ocrx_word' id='word_1_564' title='bbox 2695 3097 2820 3178; x_wconf 84' lang='lat' dir='ltr'><strong>quia</strong></span> <span class='ocrx_word' id='word_1_565' title='bbox 2852 3108 2897 3163; x_wconf 92' lang='lat' dir='ltr'><strong>is</strong></span> <span class='ocrx_word' id='word_1_566' title='bbox 2925 3108 3012 3163; x_wconf 92' lang='lat' dir='ltr'><strong>cui</strong></span> <span class='ocrx_word' id='word_1_567' title='bbox 3057 3109 3268 3172; x_wconf 86' lang='lat' dir='ltr'><strong>scribit,</strong></span> <span class='ocrx_word' id='word_1_568' title='bbox 3334 3109 3586 3163; x_wconf 67' lang='lat' dir='ltr'><strong>Romamn</strong></span> <span class='ocrx_word' id='word_1_569' title='bbox 3611 3107 3717 3161; x_wconf 76' lang='lat' dir='ltr'><strong>sedit</strong></span> 
     </span>
    </p>
   </div>
   <div class='ocr_carea' id='block_1_78' title="bbox 2173 3197 3721 3272">
    <p class='ocr_par' dir='ltr' id='par_1_78' title="bbox 2173 3197 3721 3272">
     <span class='ocr_line' id='line_1_78' title="bbox 2173 3197 3721 3272; baseline 0 -22"><span class='ocrx_word' id='word_1_570' title='bbox 2173 3197 2384 3269; x_wconf 82' lang='lat' dir='ltr'><strong>legatus</strong></span> <span class='ocrx_word' id='word_1_571' title='bbox 2409 3208 2547 3265; x_wconf 88' lang='lat' dir='ltr'><strong>erat,</strong></span> <span class='ocrx_word' id='word_1_572' title='bbox 2587 3209 2641 3253; x_wconf 89' lang='lat' dir='ltr'><strong>ttt</strong></span> <span class='ocrx_word' id='word_1_573' title='bbox 2673 3215 2739 3254; x_wconf 76' lang='lat' dir='ltr'><strong>ex</strong></span> <span class='ocrx_word' id='word_1_574' title='bbox 2767 3209 3014 3255; x_wconf 89' lang='lat' dir='ltr'><strong>contecta</strong></span> <span class='ocrx_word' id='word_1_575' title='bbox 3046 3210 3212 3271; x_wconf 90' lang='lat' dir='ltr'><strong>patet,</strong></span> <span class='ocrx_word' id='word_1_576' title='bbox 3247 3217 3419 3271; x_wconf 89' lang='lat' dir='ltr'><strong>quam</strong></span> <span class='ocrx_word' id='word_1_577' title='bbox 3454 3201 3721 3272; x_wconf 79' lang='lat' dir='ltr'><strong>dignitatern</strong></span> 
     </span>
    </p>
   </div>
   <div class='ocr_carea' id='block_1_79' title="bbox 2177 3291 3724 3362">
    <p class='ocr_par' dir='ltr' id='par_1_79' title="bbox 2177 3291 3724 3362">
     <span class='ocr_line' id='line_1_79' title="bbox 2177 3291 3724 3362; baseline -0.001 -17"><span class='ocrx_word' id='word_1_578' title='bbox 2177 3306 2454 3360; x_wconf 90' lang='lat' dir='ltr'><strong>nunquam</strong></span> <span class='ocrx_word' id='word_1_579' title='bbox 2484 3291 2672 3346; x_wconf 88' lang='lat' dir='ltr'><strong>habuit</strong></span> <span class='ocrx_word' id='word_1_580' title='bbox 2702 3291 3000 3348; x_wconf 85' lang='lat' dir='ltr'><strong>Gebuinus.</strong></span> <span class='ocrx_word' id='word_1_581' title='bbox 3046 3292 3151 3348; x_wconf 83' lang='lat' dir='ltr'><strong>Sed</strong></span> <span class='ocrx_word' id='word_1_582' title='bbox 3185 3302 3241 3347; x_wconf 91' lang='lat' dir='ltr'><strong>et</strong></span> <span class='ocrx_word' id='word_1_583' title='bbox 3277 3294 3507 3362; x_wconf 86' lang='lat' dir='ltr'><strong>epistola</strong></span> <span class='ocrx_word' id='word_1_584' title='bbox 3531 3294 3591 3348; x_wconf 64' lang='grc' dir='ltr'><strong>δὲ</strong></span> <span class='ocrx_word' id='word_1_585' title='bbox 3614 3291 3724 3358; x_wconf 82' lang='lat' dir='ltr'><strong>ejus-</strong></span> 
     </span>
    </p>
   </div>
   <div class='ocr_carea' id='block_1_80' title="bbox 2175 3383 3722 3457">
    <p class='ocr_par' dir='ltr' id='par_1_80' title="bbox 2175 3383 3722 3457">
     <span class='ocr_line' id='line_1_80' title="bbox 2175 3383 3722 3457; baseline -0.002 -20"><span class='ocrx_word' id='word_1_586' title='bbox 2175 3383 2298 3437; x_wconf 91' lang='lat' dir='ltr'><strong>dem</strong></span> <span class='ocrx_word' id='word_1_587' title='bbox 2323 3383 2448 3438; x_wconf 90' lang='lat' dir='ltr'><strong>libri</strong></span> <span class='ocrx_word' id='word_1_588' title='bbox 2497 3384 2618 3437; x_wconf 89' lang='lat' dir='ltr'><strong>data</strong></span> <span class='ocrx_word' id='word_1_589' title='bbox 2653 3393 2735 3438; x_wconf 90' lang='lat' dir='ltr'><strong>est</strong></span> <span class='ocrx_word' id='word_1_590' title='bbox 2763 3383 3058 3438; x_wconf 88' lang='lat' dir='ltr'><strong>venerabili</strong></span> <span class='ocrx_word' id='word_1_591' title='bbox 3107 3383 3462 3457; x_wconf 85' lang='lat' dir='ltr'><strong>Lugdunensi</strong></span> <span class='ocrx_word' id='word_1_592' title='bbox 3510 3383 3722 3450; x_wconf 69' lang='lat' dir='ltr'><strong>archiepi-</strong></span> 
     </span>
    </p>
   </div>
   <div class='ocr_carea' id='block_1_81' title="bbox 2172 3475 3718 3549">
    <p class='ocr_par' dir='ltr' id='par_1_81' title="bbox 2172 3475 3718 3549">
     <span class='ocr_line' id='line_1_81' title="bbox 2172 3475 3718 3549; baseline -0.003 -19"><span class='ocrx_word' id='word_1_593' title='bbox 2172 3489 2357 3546; x_wconf 83' lang='lat' dir='ltr'><strong>sc0po,</strong></span> <span class='ocrx_word' id='word_1_594' title='bbox 2385 3491 2447 3530; x_wconf 91' lang='lat' dir='ltr'><strong>ac</strong></span> <span class='ocrx_word' id='word_1_595' title='bbox 2487 3475 2647 3530; x_wconf 88' lang='lat' dir='ltr'><strong>simul</strong></span> <span class='ocrx_word' id='word_1_596' title='bbox 2693 3477 2839 3532; x_wconf 88' lang='lat' dir='ltr'><strong>sedis</strong></span> <span class='ocrx_word' id='word_1_597' title='bbox 2870 3476 3180 3546; x_wconf 69' lang='lat' dir='ltr'><strong>apostolicae</strong></span> <span class='ocrx_word' id='word_1_598' title='bbox 3217 3477 3422 3549; x_wconf 86' lang='lat' dir='ltr'><strong>legato,</strong></span> <span class='ocrx_word' id='word_1_599' title='bbox 3466 3477 3718 3532; x_wconf 76' lang='lat' dir='ltr'><strong>ulcuilibet</strong></span> 
     </span>
    </p>
   </div>
   <div class='ocr_carea' id='block_1_82' title="bbox 2172 3565 3718 3639">
    <p class='ocr_par' dir='ltr' id='par_1_82' title="bbox 2172 3565 3718 3639">
     <span class='ocr_line' id='line_1_82' title="bbox 2172 3565 3718 3639; baseline -0.003 -19"><span class='ocrx_word' id='word_1_600' title='bbox 2172 3581 2292 3620; x_wconf 86' lang='lat' dir='ltr'><strong>eam</strong></span> <span class='ocrx_word' id='word_1_601' title='bbox 2319 3567 2516 3638; x_wconf 86' lang='lat' dir='ltr'><strong>legenti</strong></span> <span class='ocrx_word' id='word_1_602' title='bbox 2547 3567 2724 3639; x_wconf 87' lang='lat' dir='ltr'><strong>palam</strong></span> <span class='ocrx_word' id='word_1_603' title='bbox 2757 3577 2861 3622; x_wconf 90' lang='lat' dir='ltr'><strong>est.</strong></span> <span class='ocrx_word' id='word_1_604' title='bbox 2893 3567 3062 3622; x_wconf 87' lang='lat' dir='ltr'><strong>Porro</strong></span> <span class='ocrx_word' id='word_1_605' title='bbox 3086 3579 3304 3624; x_wconf 84' lang='lat' dir='ltr'><strong>constat</strong></span> <span class='ocrx_word' id='word_1_606' title='bbox 3332 3570 3534 3624; x_wconf 82' lang='lat' dir='ltr'><strong>obiisse</strong></span> <span class='ocrx_word' id='word_1_607' title='bbox 3561 3565 3718 3634; x_wconf 75' lang='lat' dir='ltr'><strong>Grego-</strong></span> 
     </span>
    </p>
   </div>
   <div class='ocr_carea' id='block_1_83' title="bbox 2173 3659 3714 3734">
    <p class='ocr_par' dir='ltr' id='par_1_83' title="bbox 2173 3659 3714 3734">
     <span class='ocr_line' id='line_1_83' title="bbox 2173 3659 3714 3734; baseline -0.004 -20"><span class='ocrx_word' id='word_1_608' title='bbox 2173 3659 2312 3714; x_wconf 85' lang='lat' dir='ltr'><strong>rium</strong></span> <span class='ocrx_word' id='word_1_609' title='bbox 2343 3676 2534 3730; x_wconf 90' lang='lat' dir='ltr'><strong>papam</strong></span> <span class='ocrx_word' id='word_1_610' title='bbox 2559 3676 2700 3714; x_wconf 91' lang='lat' dir='ltr'><strong>anuo</strong></span> <span class='ocrx_word' id='word_1_611' title='bbox 2730 3661 2883 3726; x_wconf 79' lang='grc'>1085,</span> <span class='ocrx_word' id='word_1_612' title='bbox 2911 3662 2995 3716; x_wconf 89' lang='lat' dir='ltr'><strong>die</strong></span> <span class='ocrx_word' id='word_1_613' title='bbox 3017 3661 3088 3714; x_wconf 76' lang='lat'><strong>9.5</strong></span> <span class='ocrx_word' id='word_1_614' title='bbox 3118 3660 3260 3714; x_wconf 81' lang='lat' dir='ltr'><strong>Maii.</strong></span> <span class='ocrx_word' id='word_1_615' title='bbox 3307 3661 3452 3734; x_wconf 82' lang='lat' dir='ltr'><strong>Ergo</strong></span> <span class='ocrx_word' id='word_1_616' title='bbox 3471 3661 3572 3729; x_wconf 88' lang='lat' dir='ltr'><strong>jam</strong></span> <span class='ocrx_word' id='word_1_617' title='bbox 3597 3667 3714 3711; x_wconf 78' lang='lat' dir='ltr'><strong>antea</strong></span> 
     </span>
    </p>
   </div>
   <div class='ocr_carea' id='block_1_84' title="bbox 2173 3751 3330 3824">
    <p class='ocr_par' dir='ltr' id='par_1_84' title="bbox 2173 3751 3330 3824">
     <span class='ocr_line' id='line_1_84' title="bbox 2173 3751 3330 3824; baseline 0.002 -18"><span class='ocrx_word' id='word_1_618' title='bbox 2173 3751 2588 3822; x_wconf 87' lang='lat' dir='ltr'><strong>Lugdunensem</strong></span> <span class='ocrx_word' id='word_1_619' title='bbox 2616 3754 2799 3808; x_wconf 90' lang='lat' dir='ltr'><strong>sedem</strong></span> <span class='ocrx_word' id='word_1_620' title='bbox 2827 3756 3127 3823; x_wconf 86' lang='lat' dir='ltr'><strong>occupabat</strong></span> <span class='ocrx_word' id='word_1_621' title='bbox 3156 3752 3330 3824; x_wconf 84' lang='lat' dir='ltr'><strong>llugo.</strong></span> 
     </span>
    </p>
   </div>
   <div class='ocr_carea' id='block_1_85' title="bbox 2246 3828 3710 3915">
    <p class='ocr_par' dir='ltr' id='par_1_85' title="bbox 2246 3828 3710 3915">
     <span class='ocr_line' id='line_1_85' title="bbox 2246 3828 3710 3915; baseline 0 -17"><span class='ocrx_word' id='word_1_622' title='bbox 2246 3843 2490 3899; x_wconf 86' lang='lat' dir='ltr'><strong>Tertium</strong></span> <span class='ocrx_word' id='word_1_623' title='bbox 2529 3846 2763 3915; x_wconf 90' lang='lat' dir='ltr'><strong>illudque</strong></span> <span class='ocrx_word' id='word_1_624' title='bbox 2797 3847 3055 3902; x_wconf 91' lang='lat' dir='ltr'><strong>iuvictmu</strong></span> <span class='ocrx_word' id='word_1_625' title='bbox 3085 3828 3348 3903; x_wconf 72' lang='lat' dir='ltr'><strong>habemus</strong></span> <span class='ocrx_word' id='word_1_626' title='bbox 3374 3865 3439 3904; x_wconf 77' lang='lat' dir='ltr'><strong>ex</strong></span> <span class='ocrx_word' id='word_1_627' title='bbox 3464 3846 3573 3901; x_wconf 75' lang='lat' dir='ltr'><strong>Vita</strong></span> <span class='ocrx_word' id='word_1_628' title='bbox 3599 3843 3710 3911; x_wconf 80' lang='lat' dir='ltr'><strong>ejus-</strong></span> 
     </span>
    </p>
   </div>
   <div class='ocr_carea' id='block_1_86' title="bbox 2175 3934 3710 4009">
    <p class='ocr_par' dir='ltr' id='par_1_86' title="bbox 2175 3934 3710 4009">
     <span class='ocr_line' id='line_1_86' title="bbox 2175 3934 3710 4009; baseline -0.003 -21"><span class='ocrx_word' id='word_1_629' title='bbox 2175 3934 2296 3988; x_wconf 90' lang='lat' dir='ltr'><strong>dem</strong></span> <span class='ocrx_word' id='word_1_630' title='bbox 2352 3935 2601 4005; x_wconf 88' lang='lat' dir='ltr'><strong>Gregorii</strong></span> <span class='ocrx_word' id='word_1_631' title='bbox 2654 3935 2763 4000; x_wconf 85' lang='lat' dir='ltr'><strong>Vll,</strong></span> <span class='ocrx_word' id='word_1_632' title='bbox 2814 3935 2882 3991; x_wconf 90' lang='lat' dir='ltr'><strong>ab</strong></span> <span class='ocrx_word' id='word_1_633' title='bbox 2930 3947 3152 3992; x_wconf 92' lang='lat' dir='ltr'><strong>auctore</strong></span> <span class='ocrx_word' id='word_1_634' title='bbox 3199 3940 3529 4009; x_wconf 80' lang='lat' dir='ltr'><strong>synchrouo,</strong></span> <span class='ocrx_word' id='word_1_635' title='bbox 3581 3934 3710 3989; x_wconf 83' lang='lat' dir='ltr'><strong>Paulo</strong></span> 
     </span>
    </p>
   </div>
   <div class='ocr_carea' id='block_1_87' title="bbox 2175 4026 3714 4100">
    <p class='ocr_par' dir='ltr' id='par_1_87' title="bbox 2175 4026 3714 4100">
     <span class='ocr_line' id='line_1_87' title="bbox 2175 4026 3714 4100; baseline 0 -20"><span class='ocrx_word' id='word_1_636' title='bbox 2175 4026 2386 4080; x_wconf 88' lang='lat' dir='ltr'><strong>scilicet</strong></span> <span class='ocrx_word' id='word_1_637' title='bbox 2425 4026 2800 4082; x_wconf 67' lang='lat' dir='ltr'><strong>Bcruedieusi</strong></span> <span class='ocrx_word' id='word_1_638' title='bbox 2850 4030 3178 4100; x_wconf 87' lang='lat' dir='ltr'><strong>conscripta,</strong></span> <span class='ocrx_word' id='word_1_639' title='bbox 3209 4032 3260 4084; x_wconf 92' lang='lat' dir='ltr'><strong>in</strong></span> <span class='ocrx_word' id='word_1_640' title='bbox 3295 4047 3400 4100; x_wconf 87' lang='lat' dir='ltr'><strong>qua</strong></span> <span class='ocrx_word' id='word_1_641' title='bbox 3433 4032 3541 4085; x_wconf 74' lang='lat' dir='ltr'><strong>ltzec</strong></span> <span class='ocrx_word' id='word_1_642' title='bbox 3567 4029 3714 4098; x_wconf 82' lang='lat' dir='ltr'><strong>legun-</strong></span> 
     </span>
    </p>
   </div>
   <div class='ocr_carea' id='block_1_88' title="bbox 2176 4115 3711 4190">
    <p class='ocr_par' dir='ltr' id='par_1_88' title="bbox 2176 4115 3711 4190">
     <span class='ocr_line' id='line_1_88' title="bbox 2176 4115 3711 4190; baseline 0.003 -20"><span class='ocrx_word' id='word_1_643' title='bbox 2176 4125 2263 4170; x_wconf 90' lang='lat' dir='ltr'><strong>tur</strong></span> <span class='ocrx_word' id='word_1_644' title='bbox 2294 4135 2306 4170; x_wconf 92' lang='lat'><strong>:</strong></span> <span class='ocrx_word' id='word_1_645' title='bbox 2339 4117 2579 4189; x_wconf 73' lang='lat' dir='ltr'><strong>[togatus</strong></span> <span class='ocrx_word' id='word_1_646' title='bbox 2636 4118 2951 4190; x_wconf 86' lang='lat' dir='ltr'><strong>(Gregorius</strong></span> <span class='ocrx_word' id='word_1_647' title='bbox 2978 4136 3110 4189; x_wconf 87' lang='lat' dir='ltr'><strong>papa</strong></span> <span class='ocrx_word' id='word_1_648' title='bbox 3159 4121 3212 4174; x_wconf 91' lang='lat' dir='ltr'><strong>in</strong></span> <span class='ocrx_word' id='word_1_649' title='bbox 3244 4123 3503 4176; x_wconf 79' lang='lat' dir='ltr'><strong>extremis</strong></span> <span class='ocrx_word' id='word_1_650' title='bbox 3528 4115 3711 4188; x_wconf 82' lang='lat' dir='ltr'><strong>positus)</strong></span> 
     </span>
    </p>
   </div>
   <div class='ocr_carea' id='block_1_89' title="bbox 2175 4209 3706 4281">
    <p class='ocr_par' dir='ltr' id='par_1_89' title="bbox 2175 4209 3706 4281">
     <span class='ocr_line' id='line_1_89' title="bbox 2175 4209 3706 4281; baseline -0.001 -19"><span class='ocrx_word' id='word_1_651' title='bbox 2175 4209 2312 4262; x_wconf 92' lang='lat' dir='ltr'><strong>utin</strong></span> <span class='ocrx_word' id='word_1_652' title='bbox 2347 4218 2491 4264; x_wconf 90' lang='lat' dir='ltr'><strong>tanta</strong></span> <span class='ocrx_word' id='word_1_653' title='bbox 2519 4209 2755 4263; x_wconf 81' lang='lat' dir='ltr'><strong>fidelium</strong></span> <span class='ocrx_word' id='word_1_654' title='bbox 2789 4213 3194 4281; x_wconf 86' lang='lat' dir='ltr'><strong>perturbatione</strong></span> <span class='ocrx_word' id='word_1_655' title='bbox 3241 4211 3342 4266; x_wconf 89' lang='lat' dir='ltr'><strong>sibi</strong></span> <span class='ocrx_word' id='word_1_656' title='bbox 3383 4219 3706 4266; x_wconf 78' lang='lat' dir='ltr'><strong>successorem</strong></span> 
     </span>
    </p>
   </div>
   <div class='ocr_carea' id='block_1_90' title="bbox 2177 4296 3708 4370">
    <p class='ocr_par' dir='ltr' id='par_1_90' title="bbox 2177 4296 3708 4370">
     <span class='ocr_line' id='line_1_90' title="bbox 2177 4296 3708 4370; baseline -0.004 -18"><span class='ocrx_word' id='word_1_657' title='bbox 2177 4299 2485 4366; x_wconf 78' lang='lat' dir='ltr'><strong>designaret</strong></span> <span class='ocrx_word' id='word_1_658' title='bbox 2513 4337 2528 4352; x_wconf 95' lang='lat'><strong>.</strong></span> <span class='ocrx_word' id='word_1_659' title='bbox 2563 4338 2578 4353; x_wconf 95' lang='lat'><strong>.</strong></span> <span class='ocrx_word' id='word_1_660' title='bbox 2606 4338 2621 4354; x_wconf 96' lang='lat'><strong>.</strong></span> <span class='ocrx_word' id='word_1_661' title='bbox 2653 4337 2667 4353; x_wconf 93' lang='lat'><strong>.</strong></span> <span class='ocrx_word' id='word_1_662' title='bbox 2705 4339 2720 4354; x_wconf 92' lang='lat'><strong>.</strong></span> <span class='ocrx_word' id='word_1_663' title='bbox 2755 4339 2770 4353; x_wconf 93' lang='lat'><strong>.</strong></span> <span class='ocrx_word' id='word_1_664' title='bbox 2804 4301 2964 4354; x_wconf 89' lang='lat' dir='ltr'><strong>trium</strong></span> <span class='ocrx_word' id='word_1_665' title='bbox 2993 4301 3159 4356; x_wconf 92' lang='lat' dir='ltr'><strong>edidit</strong></span> <span class='ocrx_word' id='word_1_666' title='bbox 3185 4301 3479 4370; x_wconf 77' lang='lat' dir='ltr'><strong>optionem,</strong></span> <span class='ocrx_word' id='word_1_667' title='bbox 3505 4296 3708 4352; x_wconf 74' lang='lat' dir='ltr'><strong>videlicet</strong></span> 
     </span>
    </p>
   </div>
   <div class='ocr_carea' id='block_1_91' title="bbox 477 4385 3703 4464">
    <p class='ocr_par' dir='ltr' id='par_1_91' title="bbox 477 4385 3703 4464">
     <span class='ocr_line' id='line_1_91' title="bbox 477 4385 3703 4464; baseline 0 -25"><span class='ocrx_word' id='word_1_668' title='bbox 477 4389 570 4444; x_wconf 85' lang='lat' dir='ltr'><strong>hio</strong></span> <span class='ocrx_word' id='word_1_669' title='bbox 602 4389 976 4444; x_wconf 86' lang='lat' dir='ltr'><strong>Saviuiaccnsi</strong></span> <span class='ocrx_word' id='word_1_670' title='bbox 1028 4407 1149 4445; x_wconf 92' lang='lat' dir='ltr'><strong>cum</strong></span> <span class='ocrx_word' id='word_1_671' title='bbox 1190 4392 1347 4446; x_wconf 91' lang='lat' dir='ltr'><strong>laude</strong></span> <span class='ocrx_word' id='word_1_672' title='bbox 1377 4393 1763 4464; x_wconf 87' lang='lat' dir='ltr'><strong>archiepiscopi</strong></span> <span class='ocrx_word' id='word_1_673' title='bbox 1817 4393 2070 4459; x_wconf 65' lang='lat' dir='ltr'><strong>(iebuini,</strong></span> <span class='ocrx_word' id='word_1_674' title='bbox 2102 4401 2150 4462; x_wconf 82' lang='grc' dir='ltr'><strong>ι)</strong></span> <span class='ocrx_word' id='word_1_675' title='bbox 2179 4387 2438 4443; x_wconf 90' lang='lat' dir='ltr'><strong>Desiderii</strong></span> <span class='ocrx_word' id='word_1_676' title='bbox 2466 4389 2759 4444; x_wconf 85' lang='lat' dir='ltr'><strong>cartlinalis</strong></span> <span class='ocrx_word' id='word_1_677' title='bbox 2812 4400 2867 4443; x_wconf 89' lang='lat' dir='ltr'><strong>et</strong></span> <span class='ocrx_word' id='word_1_678' title='bbox 2895 4390 3108 4444; x_wconf 90' lang='lat' dir='ltr'><strong>abbatis</strong></span> <span class='ocrx_word' id='word_1_679' title='bbox 3137 4391 3371 4445; x_wconf 67' lang='lat' dir='ltr'><strong>cmuobii</strong></span> <span class='ocrx_word' id='word_1_680' title='bbox 3395 4385 3703 4445; x_wconf 83' lang='lat' dir='ltr'><strong>Cassiucnsis.</strong></span> 
     </span>
    </p>
   </div>
   <div class='ocr_carea' id='block_1_92' title="bbox 479 4482 2070 4554">
    <p class='ocr_par' dir='ltr' id='par_1_92' title="bbox 479 4482 2070 4554">
     <span class='ocr_line' id='line_1_92' title="bbox 479 4482 2070 4554; baseline 0.001 -20"><span class='ocrx_word' id='word_1_681' title='bbox 479 4499 624 4536; x_wconf 85' lang='lat' dir='ltr'><strong>anno</strong></span> <span class='ocrx_word' id='word_1_682' title='bbox 674 4483 885 4536; x_wconf 88' lang='lat' dir='ltr'><strong>Domini</strong></span> <span class='ocrx_word' id='word_1_683' title='bbox 943 4482 1334 4538; x_wconf 85' lang='lat' dir='ltr'><strong>iucarnalionis</strong></span> <span class='ocrx_word' id='word_1_684' title='bbox 1387 4483 1675 4538; x_wconf 85' lang='lat' dir='ltr'><strong>millesimo</strong></span> <span class='ocrx_word' id='word_1_685' title='bbox 1735 4485 2070 4554; x_wconf 79' lang='lat' dir='ltr'><strong>octogesimo</strong></span> 
     </span>
    </p>
   </div>
   <div class='ocr_carea' id='block_1_93' title="bbox 479 4573 2068 4646">
    <p class='ocr_par' dir='ltr' id='par_1_93' title="bbox 479 4573 2068 4646">
     <span class='ocr_line' id='line_1_93' title="bbox 479 4573 2068 4646; baseline 0.001 -18"><span class='ocrx_word' id='word_1_686' title='bbox 479 4574 732 4645; x_wconf 79' lang='lat' dir='ltr'><strong>septimo,</strong></span> <span class='ocrx_word' id='word_1_687' title='bbox 761 4573 944 4628; x_wconf 84' lang='lat' dir='ltr'><strong>indict.</strong></span> <span class='ocrx_word' id='word_1_688' title='bbox 979 4575 1232 4644; x_wconf 86' lang='lat' dir='ltr'><strong>septima,</strong></span> <span class='ocrx_word' id='word_1_689' title='bbox 1262 4590 1446 4630; x_wconf 89' lang='lat' dir='ltr'><strong>mense</strong></span> <span class='ocrx_word' id='word_1_690' title='bbox 1476 4574 1658 4640; x_wconf 90' lang='lat' dir='ltr'><strong>Junio,</strong></span> <span class='ocrx_word' id='word_1_691' title='bbox 1686 4575 1818 4632; x_wconf 89' lang='lat' dir='ltr'><strong>feria</strong></span> <span class='ocrx_word' id='word_1_692' title='bbox 1852 4585 2068 4646; x_wconf 88' lang='lat' dir='ltr'><strong>quarta,</strong></span> 
     </span>
    </p>
   </div>
   <div class='ocr_carea' id='block_1_94' title="bbox 479 4665 2072 4739">
    <p class='ocr_par' dir='ltr' id='par_1_94' title="bbox 479 4665 2072 4739">
     <span class='ocr_line' id='line_1_94' title="bbox 479 4665 2072 4739; baseline 0.003 -19"><span class='ocrx_word' id='word_1_693' title='bbox 479 4667 604 4720; x_wconf 88' lang='lat' dir='ltr'><strong>luna</strong></span> <span class='ocrx_word' id='word_1_694' title='bbox 635 4665 847 4736; x_wconf 90' lang='lat' dir='ltr'><strong>quinta,</strong></span> <span class='ocrx_word' id='word_1_695' title='bbox 870 4677 1127 4736; x_wconf 88' lang='lat' dir='ltr'><strong>regnante</strong></span> <span class='ocrx_word' id='word_1_696' title='bbox 1155 4667 1399 4738; x_wconf 84' lang='lat' dir='ltr'><strong>Philippo</strong></span> <span class='ocrx_word' id='word_1_697' title='bbox 1421 4685 1547 4739; x_wconf 87' lang='lat' dir='ltr'><strong>rege</strong></span> <span class='ocrx_word' id='word_1_698' title='bbox 1574 4669 1624 4722; x_wconf 92' lang='lat' dir='ltr'><strong>in</strong></span> <span class='ocrx_word' id='word_1_699' title='bbox 1652 4669 1902 4736; x_wconf 79' lang='lat' dir='ltr'><strong>Francia,</strong></span> <span class='ocrx_word' id='word_1_700' title='bbox 1931 4670 2072 4724; x_wconf 87' lang='lat' dir='ltr'><strong>Heu-</strong></span> 
     </span>
    </p>
   </div>
   <div class='ocr_carea' id='block_1_95' title="bbox 481 4755 2066 4830">
    <p class='ocr_par' dir='ltr' id='par_1_95' title="bbox 481 4755 2066 4830">
     <span class='ocr_line' id='line_1_95' title="bbox 481 4755 2066 4830; baseline 0.003 -21"><span class='ocrx_word' id='word_1_701' title='bbox 481 4755 594 4811; x_wconf 75' lang='lat' dir='ltr'><strong>l&#39;lCO</strong></span> <span class='ocrx_word' id='word_1_702' title='bbox 617 4757 667 4811; x_wconf 92' lang='lat' dir='ltr'><strong>in</strong></span> <span class='ocrx_word' id='word_1_703' title='bbox 690 4755 1020 4829; x_wconf 84' lang='lat' dir='ltr'><strong>Burgundia.</strong></span> <span class='ocrx_word' id='word_1_704' title='bbox 1047 4758 1170 4814; x_wconf 58' lang='lat' dir='ltr'><strong>[late</strong></span> <span class='ocrx_word' id='word_1_705' title='bbox 1192 4760 1407 4830; x_wconf 88' lang='lat' dir='ltr'><strong>quidem</strong></span> <span class='ocrx_word' id='word_1_706' title='bbox 1432 4760 1763 4816; x_wconf 87' lang='lat' dir='ltr'><strong>validissima</strong></span> <span class='ocrx_word' id='word_1_707' title='bbox 1783 4761 2066 4826; x_wconf 81' lang='lat' dir='ltr'><strong>videntur,</strong></span> 
     </span>
    </p>
   </div>
   <div class='ocr_carea' id='block_1_96' title="bbox 480 4849 2070 4922">
    <p class='ocr_par' dir='ltr' id='par_1_96' title="bbox 480 4849 2070 4922">
     <span class='ocr_line' id='line_1_96' title="bbox 480 4849 2070 4922; baseline 0.002 -19"><span class='ocrx_word' id='word_1_708' title='bbox 480 4849 590 4904; x_wconf 93' lang='lat' dir='ltr'><strong>imo</strong></span> <span class='ocrx_word' id='word_1_709' title='bbox 621 4849 857 4916; x_wconf 89' lang='lat' dir='ltr'><strong>indubia,</strong></span> <span class='ocrx_word' id='word_1_710' title='bbox 909 4851 953 4905; x_wconf 90' lang='lat' dir='ltr'><strong>si</strong></span> <span class='ocrx_word' id='word_1_711' title='bbox 985 4852 1121 4907; x_wconf 91' lang='lat' dir='ltr'><strong>bene</strong></span> <span class='ocrx_word' id='word_1_712' title='bbox 1170 4853 1456 4922; x_wconf 77' lang='lat' dir='ltr'><strong>exscripsit</strong></span> <span class='ocrx_word' id='word_1_713' title='bbox 1501 4852 1569 4906; x_wconf 90' lang='lat' dir='ltr'><strong>D.</strong></span> <span class='ocrx_word' id='word_1_714' title='bbox 1595 4852 1660 4906; x_wconf 91' lang='lat' dir='ltr'><strong>de</strong></span> <span class='ocrx_word' id='word_1_715' title='bbox 1704 4851 1967 4916; x_wconf 86' lang='lat' dir='ltr'><strong>Lamure;</strong></span> <span class='ocrx_word' id='word_1_716' title='bbox 2022 4851 2070 4906; x_wconf 83' lang='lat' dir='ltr'><strong>si</strong></span> 
     </span>
    </p>
   </div>
   <div class='ocr_carea' id='block_1_97' title="bbox 482 4940 2070 5013">
    <p class='ocr_par' dir='ltr' id='par_1_97' title="bbox 482 4940 2070 5013">
     <span class='ocr_line' id='line_1_97' title="bbox 482 4940 2070 5013; baseline 0.001 -20"><span class='ocrx_word' id='word_1_717' title='bbox 482 4940 820 5012; x_wconf 85' lang='lat' dir='ltr'><strong>autographa</strong></span> <span class='ocrx_word' id='word_1_718' title='bbox 852 4950 978 4994; x_wconf 91' lang='lat' dir='ltr'><strong>sunt</strong></span> <span class='ocrx_word' id='word_1_719' title='bbox 1002 4942 1361 4996; x_wconf 89' lang='lat' dir='ltr'><strong>instrumenta</strong></span> <span class='ocrx_word' id='word_1_720' title='bbox 1389 4957 1508 5013; x_wconf 77' lang='lat' dir='ltr'><strong>qua:</strong></span> <span class='ocrx_word' id='word_1_721' title='bbox 1538 4943 1778 5008; x_wconf 56' lang='lat' dir='ltr'><strong>exhibet,</strong></span> <span class='ocrx_word' id='word_1_722' title='bbox 1811 4958 1913 4996; x_wconf 91' lang='lat' dir='ltr'><strong>non</strong></span> <span class='ocrx_word' id='word_1_723' title='bbox 1941 4956 2070 4996; x_wconf 77' lang='lat' dir='ltr'><strong>vero</strong></span> 
     </span>
    </p>
   </div>
   <div class='ocr_carea' id='block_1_98' title="bbox 481 5031 2066 5102">
    <p class='ocr_par' dir='ltr' id='par_1_98' title="bbox 481 5031 2066 5102">
     <span class='ocr_line' id='line_1_98' title="bbox 481 5031 2066 5102; baseline 0.002 -19"><span class='ocrx_word' id='word_1_724' title='bbox 481 5038 870 5102; x_wconf 89' lang='lat' dir='ltr'><strong>transsumpta.</strong></span> <span class='ocrx_word' id='word_1_725' title='bbox 902 5031 1093 5087; x_wconf 67' lang='lat' dir='ltr'><strong>llmreo</strong></span> <span class='ocrx_word' id='word_1_726' title='bbox 1121 5041 1323 5098; x_wconf 87' lang='lat' dir='ltr'><strong>tamen,</strong></span> <span class='ocrx_word' id='word_1_727' title='bbox 1357 5033 1464 5088; x_wconf 94' lang='lat' dir='ltr'><strong>imo</strong></span> <span class='ocrx_word' id='word_1_728' title='bbox 1498 5033 1550 5088; x_wconf 93' lang='lat' dir='ltr'><strong>in</strong></span> <span class='ocrx_word' id='word_1_729' title='bbox 1581 5034 1910 5088; x_wconf 88' lang='lat' dir='ltr'><strong>contrariam</strong></span> <span class='ocrx_word' id='word_1_730' title='bbox 1939 5047 2066 5087; x_wconf 88' lang='lat' dir='ltr'><strong>sen-</strong></span> 
     </span>
    </p>
   </div>
   <div class='ocr_carea' id='block_1_99' title="bbox 483 5124 2069 5198">
    <p class='ocr_par' dir='ltr' id='par_1_99' title="bbox 483 5124 2069 5198">
     <span class='ocr_line' id='line_1_99' title="bbox 483 5124 2069 5198; baseline 0.002 -21"><span class='ocrx_word' id='word_1_731' title='bbox 483 5124 734 5188; x_wconf 88' lang='lat' dir='ltr'><strong>tentiam,</strong></span> <span class='ocrx_word' id='word_1_732' title='bbox 782 5125 835 5179; x_wconf 89' lang='lat' dir='ltr'><strong>vi</strong></span> <span class='ocrx_word' id='word_1_733' title='bbox 887 5126 1134 5181; x_wconf 86' lang='lat' dir='ltr'><strong>veritatis</strong></span> <span class='ocrx_word' id='word_1_734' title='bbox 1174 5126 1432 5195; x_wconf 87' lang='lat' dir='ltr'><strong>abreptus</strong></span> <span class='ocrx_word' id='word_1_735' title='bbox 1477 5127 1554 5180; x_wconf 91' lang='lat' dir='ltr'><strong>ire</strong></span> <span class='ocrx_word' id='word_1_736' title='bbox 1600 5141 1764 5198; x_wconf 87' lang='lat' dir='ltr'><strong>cogor</strong></span> <span class='ocrx_word' id='word_1_737' title='bbox 1799 5142 1908 5182; x_wconf 77' lang='lat' dir='ltr'><strong>non</strong></span> <span class='ocrx_word' id='word_1_738' title='bbox 1947 5140 2069 5180; x_wconf 86' lang='lat' dir='ltr'><strong>esse</strong></span> 
     </span>
    </p>
   </div>
   <div class='ocr_carea' id='block_1_100' title="bbox 485 5217 2072 5286">
    <p class='ocr_par' dir='ltr' id='par_1_100' title="bbox 485 5217 2072 5286">
     <span class='ocr_line' id='line_1_100' title="bbox 485 5217 2072 5286; baseline 0.001 -20"><span class='ocrx_word' id='word_1_739' title='bbox 485 5217 820 5285; x_wconf 86' lang='lat' dir='ltr'><strong>autographa</strong></span> <span class='ocrx_word' id='word_1_740' title='bbox 869 5231 988 5286; x_wconf 63' lang='lat' dir='ltr'><strong>qua}</strong></span> <span class='ocrx_word' id='word_1_741' title='bbox 1033 5217 1202 5273; x_wconf 88' lang='lat' dir='ltr'><strong>refert</strong></span> <span class='ocrx_word' id='word_1_742' title='bbox 1247 5217 1626 5282; x_wconf 88' lang='lat' dir='ltr'><strong>instrumenta,</strong></span> <span class='ocrx_word' id='word_1_743' title='bbox 1663 5218 1745 5270; x_wconf 69' lang='lat' dir='ltr'><strong>vel</strong></span> <span class='ocrx_word' id='word_1_744' title='bbox 1800 5218 1920 5271; x_wconf 84' lang='lat' dir='ltr'><strong>inde</strong></span> <span class='ocrx_word' id='word_1_745' title='bbox 1946 5231 2072 5285; x_wconf 77' lang='lat' dir='ltr'><strong>pro-</strong></span> 
     </span>
    </p>
   </div>
   <div class='ocr_carea' id='block_1_101' title="bbox 2175 4476 3705 4550">
    <p class='ocr_par' dir='ltr' id='par_1_101' title="bbox 2175 4476 3705 4550">
     <span class='ocr_line' id='line_1_101' title="bbox 2175 4476 3705 4550; baseline -0.003 -18"><span class='ocrx_word' id='word_1_746' title='bbox 2175 4489 2338 4548; x_wconf 89' lang='lat' dir='ltr'><strong>atque</strong></span> <span class='ocrx_word' id='word_1_747' title='bbox 2389 4479 2962 4534; x_wconf 87' lang='lat' dir='ltr'><strong>revcreudissimorum</strong></span> <span class='ocrx_word' id='word_1_748' title='bbox 3009 4482 3385 4550; x_wconf 77' lang='lat' dir='ltr'><strong>episcoporum</strong></span> <span class='ocrx_word' id='word_1_749' title='bbox 3417 4479 3610 4535; x_wconf 84' lang='lat' dir='ltr'><strong>Ottonis</strong></span> <span class='ocrx_word' id='word_1_750' title='bbox 3635 4476 3705 4530; x_wconf 83' lang='lat' dir='ltr'><strong>Os-</strong></span> 
     </span>
    </p>
   </div>
   <div class='ocr_carea' id='block_1_102' title="bbox 2176 4571 3705 4643">
    <p class='ocr_par' dir='ltr' id='par_1_102' title="bbox 2176 4571 3705 4643">
     <span class='ocr_line' id='line_1_102' title="bbox 2176 4571 3705 4643; baseline -0.006 -17"><span class='ocrx_word' id='word_1_751' title='bbox 2176 4573 2386 4638; x_wconf 88' lang='lat' dir='ltr'><strong>tiensis,</strong></span> <span class='ocrx_word' id='word_1_752' title='bbox 2419 4582 2473 4628; x_wconf 86' lang='lat' dir='ltr'><strong>et</strong></span> <span class='ocrx_word' id='word_1_753' title='bbox 2500 4573 2738 4643; x_wconf 86' lang='lat' dir='ltr'><strong>llugonis</strong></span> <span class='ocrx_word' id='word_1_754' title='bbox 2753 4574 3145 4641; x_wconf 80' lang='lat' dir='ltr'><strong>Lugdunensis.</strong></span> <span class='ocrx_word' id='word_1_755' title='bbox 3173 4573 3530 4642; x_wconf 84' lang='lat' dir='ltr'><strong>Additurque:</strong></span> <span class='ocrx_word' id='word_1_756' title='bbox 3550 4571 3705 4624; x_wconf 74' lang='lat' dir='ltr'><strong>Verum</strong></span> 
     </span>
    </p>
   </div>
   <div class='ocr_carea' id='block_1_103' title="bbox 2175 4661 3700 4736">
    <p class='ocr_par' dir='ltr' id='par_1_103' title="bbox 2175 4661 3700 4736">
     <span class='ocr_line' id='line_1_103' title="bbox 2175 4661 3700 4736; baseline 0.001 -20"><span class='ocrx_word' id='word_1_757' title='bbox 2175 4665 2299 4734; x_wconf 88' lang='lat' dir='ltr'><strong>quia</strong></span> <span class='ocrx_word' id='word_1_758' title='bbox 2330 4703 2345 4718; x_wconf 95' lang='lat'><strong>.</strong></span> <span class='ocrx_word' id='word_1_759' title='bbox 2373 4700 2390 4717; x_wconf 91' lang='lat'><strong>.</strong></span> <span class='ocrx_word' id='word_1_760' title='bbox 2419 4704 2432 4718; x_wconf 93' lang='lat'><strong>.</strong></span> <span class='ocrx_word' id='word_1_761' title='bbox 2459 4679 2555 4718; x_wconf 90' lang='lat' dir='ltr'><strong>sua</strong></span> <span class='ocrx_word' id='word_1_762' title='bbox 2587 4665 2823 4720; x_wconf 88' lang='lat' dir='ltr'><strong>lustrans</strong></span> <span class='ocrx_word' id='word_1_763' title='bbox 2881 4665 3249 4736; x_wconf 88' lang='lat' dir='ltr'><strong>gubernacula</strong></span> <span class='ocrx_word' id='word_1_764' title='bbox 3308 4665 3490 4736; x_wconf 89' lang='lat' dir='ltr'><strong>procul</strong></span> <span class='ocrx_word' id='word_1_765' title='bbox 3532 4661 3700 4717; x_wconf 71' lang='lat' dir='ltr'><strong>aberat.</strong></span> 
     </span>
    </p>
   </div>
   <div class='ocr_carea' id='block_1_104' title="bbox 2175 4754 3702 4821">
    <p class='ocr_par' dir='ltr' id='par_1_104' title="bbox 2175 4754 3702 4821">
     <span class='ocr_line' id='line_1_104' title="bbox 2175 4754 3702 4821; baseline -0.007 -13"><span class='ocrx_word' id='word_1_766' title='bbox 2175 4755 2347 4809; x_wconf 88' lang='lat' dir='ltr'><strong>suasit</strong></span> <span class='ocrx_word' id='word_1_767' title='bbox 2381 4756 2508 4821; x_wconf 84' lang='lat' dir='ltr'><strong>eligi</strong></span> <span class='ocrx_word' id='word_1_768' title='bbox 2536 4755 2777 4810; x_wconf 89' lang='lat' dir='ltr'><strong>vicinum</strong></span> <span class='ocrx_word' id='word_1_769' title='bbox 2814 4756 3171 4810; x_wconf 88' lang='lat' dir='ltr'><strong>Dcsiderium.</strong></span> <span class='ocrx_word' id='word_1_770' title='bbox 3229 4756 3374 4810; x_wconf 84' lang='lat' dir='ltr'><strong>Idem</strong></span> <span class='ocrx_word' id='word_1_771' title='bbox 3399 4754 3702 4810; x_wconf 79' lang='lat' dir='ltr'><strong>confirmatur</strong></span> 
     </span>
    </p>
   </div>
   <div class='ocr_carea' id='block_1_105' title="bbox 2173 4839 3706 4916">
    <p class='ocr_par' dir='ltr' id='par_1_105' title="bbox 2173 4839 3706 4916">
     <span class='ocr_line' id='line_1_105' title="bbox 2173 4839 3706 4916; baseline -0.006 -15"><span class='ocrx_word' id='word_1_772' title='bbox 2173 4863 2242 4901; x_wconf 78' lang='lat' dir='ltr'><strong>ex</strong></span> <span class='ocrx_word' id='word_1_773' title='bbox 2279 4845 2398 4901; x_wconf 80' lang='lat' dir='ltr'><strong>Vita</strong></span> <span class='ocrx_word' id='word_1_774' title='bbox 2441 4846 2728 4913; x_wconf 86' lang='lat' dir='ltr'><strong>Desiderii,</strong></span> <span class='ocrx_word' id='word_1_775' title='bbox 2777 4863 2871 4902; x_wconf 86' lang='lat' dir='ltr'><strong>seu</strong></span> <span class='ocrx_word' id='word_1_776' title='bbox 2915 4845 3150 4902; x_wconf 85' lang='lat' dir='ltr'><strong>Victoris</strong></span> <span class='ocrx_word' id='word_1_777' title='bbox 3197 4846 3284 4911; x_wconf 91' lang='lat' dir='ltr'><strong>lll,</strong></span> <span class='ocrx_word' id='word_1_778' title='bbox 3319 4847 3490 4916; x_wconf 87' lang='lat' dir='ltr'><strong>inqua</strong></span> <span class='ocrx_word' id='word_1_779' title='bbox 3523 4844 3619 4897; x_wconf 66' lang='lat' dir='ltr'><strong>haec</strong></span> <span class='ocrx_word' id='word_1_780' title='bbox 3645 4839 3706 4892; x_wconf 79' lang='lat' dir='ltr'><strong>le-</strong></span> 
     </span>
    </p>
   </div>
   <div class='ocr_carea' id='block_1_106' title="bbox 2175 4937 3698 5008">
    <p class='ocr_par' dir='ltr' id='par_1_106' title="bbox 2175 4937 3698 5008">
     <span class='ocr_line' id='line_1_106' title="bbox 2175 4937 3698 5008; baseline -0.002 -18"><span class='ocrx_word' id='word_1_781' title='bbox 2175 4947 2376 5008; x_wconf 85' lang='lat' dir='ltr'><strong>guntur</strong></span> <span class='ocrx_word' id='word_1_782' title='bbox 2407 4956 2420 4991; x_wconf 94' lang='lat'><strong>:</strong></span> <span class='ocrx_word' id='word_1_783' title='bbox 2449 4938 2607 4992; x_wconf 84' lang='lat' dir='ltr'><strong>Anno</strong></span> <span class='ocrx_word' id='word_1_784' title='bbox 2662 4940 2817 4994; x_wconf 89' lang='lat' dir='ltr'><strong>Dom.</strong></span> <span class='ocrx_word' id='word_1_785' title='bbox 2875 4939 3138 4994; x_wconf 86' lang='lat' dir='ltr'><strong>iucarnat.</strong></span> <span class='ocrx_word' id='word_1_786' title='bbox 3201 4939 3359 5002; x_wconf 75' lang='grc'>1085,</span> <span class='ocrx_word' id='word_1_787' title='bbox 3405 4937 3576 4991; x_wconf 88' lang='lat' dir='ltr'><strong>indict.</strong></span> <span class='ocrx_word' id='word_1_788' title='bbox 3605 4945 3698 4987; x_wconf 79' lang='lat' dir='ltr'><strong>rut.</strong></span> 
     </span>
    </p>
   </div>
   <div class='ocr_carea' id='block_1_107' title="bbox 2165 5024 3699 5102">
    <p class='ocr_par' dir='ltr' id='par_1_107' title="bbox 2165 5024 3699 5102">
     <span class='ocr_line' id='line_1_107' title="bbox 2165 5024 3699 5102; baseline -0.011 -15"><span class='ocrx_word' id='word_1_789' title='bbox 2165 5031 2469 5102; x_wconf 76' lang='lat' dir='ltr'><strong>Gregorius</strong></span> <span class='ocrx_word' id='word_1_790' title='bbox 2498 5030 2585 5085; x_wconf 75' lang='grc' dir='ltr'><strong>νη</strong></span> <span class='ocrx_word' id='word_1_791' title='bbox 2627 5032 2991 5102; x_wconf 88' lang='lat' dir='ltr'><strong>interrogatus</strong></span> <span class='ocrx_word' id='word_1_792' title='bbox 3012 5040 3138 5087; x_wconf 84' lang='lat' dir='ltr'><strong>ante</strong></span> <span class='ocrx_word' id='word_1_793' title='bbox 3160 5031 3300 5086; x_wconf 89' lang='lat' dir='ltr'><strong>diem</strong></span> <span class='ocrx_word' id='word_1_794' title='bbox 3329 5031 3531 5084; x_wconf 84' lang='lat' dir='ltr'><strong>tertium</strong></span> <span class='ocrx_word' id='word_1_795' title='bbox 3555 5024 3699 5080; x_wconf 82' lang='lat' dir='ltr'><strong>obitus</strong></span> 
     </span>
    </p>
   </div>
   <div class='ocr_carea' id='block_1_108' title="bbox 2175 5123 3694 5194">
    <p class='ocr_par' dir='ltr' id='par_1_108' title="bbox 2175 5123 3694 5194">
     <span class='ocr_line' id='line_1_108' title="bbox 2175 5123 3694 5194; baseline -0.007 -16"><span class='ocrx_word' id='word_1_796' title='bbox 2175 5123 2256 5178; x_wconf 91' lang='lat' dir='ltr'><strong>sui</strong></span> <span class='ocrx_word' id='word_1_797' title='bbox 2288 5123 2356 5176; x_wconf 89' lang='lat' dir='ltr'><strong>ab</strong></span> <span class='ocrx_word' id='word_1_798' title='bbox 2387 5123 2657 5194; x_wconf 82' lang='lat' dir='ltr'><strong>episcopis</strong></span> <span class='ocrx_word' id='word_1_799' title='bbox 2709 5135 2764 5179; x_wconf 91' lang='lat' dir='ltr'><strong>et</strong></span> <span class='ocrx_word' id='word_1_800' title='bbox 2791 5123 3154 5178; x_wconf 87' lang='lat' dir='ltr'><strong>cardinalibus</strong></span> <span class='ocrx_word' id='word_1_801' title='bbox 3199 5124 3289 5192; x_wconf 92' lang='lat' dir='ltr'><strong>qui</strong></span> <span class='ocrx_word' id='word_1_802' title='bbox 3325 5133 3443 5175; x_wconf 90' lang='lat' dir='ltr'><strong>tunc</strong></span> <span class='ocrx_word' id='word_1_803' title='bbox 3479 5135 3572 5172; x_wconf 86' lang='lat' dir='ltr'><strong>una</strong></span> <span class='ocrx_word' id='word_1_804' title='bbox 3601 5127 3694 5167; x_wconf 78' lang='lat' dir='ltr'><strong>eum</strong></span> 
     </span>
    </p>
   </div>
   <div class='ocr_carea' id='block_1_109' title="bbox 2179 5209 3693 5288">
    <p class='ocr_par' dir='ltr' id='par_1_109' title="bbox 2179 5209 3693 5288">
     <span class='ocr_line' id='line_1_109' title="bbox 2179 5209 3693 5288; baseline -0.008 -18"><span class='ocrx_word' id='word_1_805' title='bbox 2179 5217 2456 5271; x_wconf 86' lang='lat' dir='ltr'><strong>Desiderio</strong></span> <span class='ocrx_word' id='word_1_806' title='bbox 2500 5228 2795 5288; x_wconf 63' lang='lat' dir='ltr'><strong>praesentes</strong></span> <span class='ocrx_word' id='word_1_807' title='bbox 2826 5225 3000 5282; x_wconf 89' lang='lat' dir='ltr'><strong>erant,</strong></span> <span class='ocrx_word' id='word_1_808' title='bbox 3052 5218 3177 5285; x_wconf 89' lang='lat' dir='ltr'><strong>quid</strong></span> <span class='ocrx_word' id='word_1_809' title='bbox 3209 5226 3330 5285; x_wconf 83' lang='lat' dir='ltr'><strong>post</strong></span> <span class='ocrx_word' id='word_1_810' title='bbox 3357 5229 3502 5268; x_wconf 91' lang='lat' dir='ltr'><strong>suum</strong></span> <span class='ocrx_word' id='word_1_811' title='bbox 3528 5209 3693 5264; x_wconf 75' lang='lat' dir='ltr'><strong>obitum</strong></span> 
     </span>
    </p>
   </div>
  </div>
