3936 5402
139 329 274 384 1209

1190 322 1404 380 EPlST.
1447 322 1538 378 AD
1569 319 1999 380 llODU-IJ’HUM
2039 317 2295 378 TURON.

3258 308 3394 364 mo

133 451 233 496 aut
253 439 546 496 Lucensem
571 437 906 510 episcopum,
938 453 1099 508 quem
1126 439 1276 509 prius
1299 453 1366 494 ex
1391 437 1476 491 bis
1507 437 1708 492 habere
1733 444 1782 504 Α
1812 437 2052 493 landiani
2075 437 2128 490 in
2154 431 2386 503 append.
2418 431 2482 486 ad
2506 429 2646 484 diem
2675 427 2745 482 25
2771 424 2888 483 Maii
2915 433 3044 479 tom.
3079 421 3122 475 γ
3153 420 3394 492 ejusdem

133 541 375 601 possent,
435 532 487 584 in
513 547 705 601 papam
735 531 932 600 eligere
967 538 1088 600 post
1113 531 1319 584 obitum
1348 544 1505 582 suum
1534 543 1708 598 quan—

139 625 314 678 tocius
342 624 678 678 festinarent.
716 622 838 676 llaec
858 623 992 677 adeo
1021 622 1166 676 clara
1194 630 1319 676 sunt
1337 631 1392 675 et
1427 634 1718 690 expressa;

135 720 201 767 ut
228 713 295 767 ab
331 713 394 767 iis
418 713 672 768 recedere
719 712 804 765 vix
831 712 1088 782 possibile
1120 710 1380 764 videatur.
1422 709 1558 764 Hinc
1587 707 1708 762 Bol-

1237 853 1468 866 ————...<—

1813 533 2016 585 mensis
2044 536 2184 599 part.
2215 542 2254 590 ι,
2279 540 2398 595 pag.
2426 523 2585 586 l95l,
2612 521 2761 575 aiunt
2781 535 2905 574 eum
2930 514 3130 571 obiisse
3157 513 3398 582 1082,16

1813 622 2035 692 Aprilis,
2073 623 2181 688 vel,
2209 627 2270 675 ut
2295 618 2388 674 alii
2425 617 2638 683 volunt,
2673 617 2732 670 l7
2756 613 2900 669 Maii.

1407 1000 2193 1116 GEBUINI

815 1230 1658 1322 LUGDUNENSIS
1728 1223 2649 1318 ARCHIEPISCOPI

1415 1442 2102 1557 EPISTOLA

1174 1668 1285 1730 AD
1328 1663 1826 1726 RODULPHUM
1869 1664 2432 1728 TURONENSEM.

990 1830 1340 1903 (Bibliotheca
1373 1828 1594 1884 Patrum
1630 1827 1899 1900 Lugdun.,
1931 1838 2064 1885 tom.
2090 1829 2233 1896 XVI,
2264 1845 2386 1900 pag.
2419 1829 2566 1900 768.)

221 2163 285 2219 G.
319 2160 692 2232 Lugdunensis
722 2157 982 2213 Ecclesiae
1011 2158 1294 2227 prvshyter
1324 2155 1579 2224 indignus
1605 2155 1720 2208 exi-
1755 2147 1796 2205 Β
1827 2160 2021 2223 nostri,
2076 2171 2131 2214 et
2161 2174 2258 2215 nos
2288 2176 2353 2214 ex
2386 2161 2654 2218 charitate
2679 2167 2844 2219 vestri
2881 2167 3182 2222 elliciamur
3206 2175 3230 2224 τ
3265 2171 3418 2226 Unde

143 2259 258 2310 iuio
282 2255 423 2308 Patri
454 2262 510 2308 et
538 2252 847 2322 specialiter
868 2250 1096 2305 colendo
1123 2249 1162 2319 -ι-
1191 2249 1254 2302 ες.
1273 2247 1561 2302 Τιιτοηὶεῖε
1584 2247 1729 2301 sedis

143 2348 561 2416 archiepiscopo
614 2360 737 2400 cum
798 2356 960 2414 grege
1015 2340 1115 2395 sibi
1164 2339 1455 2394 commisso
1513 2347 1730 2393 aeterm:

149 2440 502 2497 Leativudinis
531 2439 780 2510 gloriam.

218 2533 264 2588 0
293 2548 454 2603 quam
498 2531 639 2586 bona
693 2537 749 2584 et
813 2541 974 2598 quam
1015 2524 1262 2581 sublimis
1293 2534 1375 2579 est
1425 2523 1729 2588 humilitas,

147 2641 274 2694 quas
318 2632 566 2694 potentes
604 2623 776 2676 elatos
832 2621 898 2675 de
944 2620 1072 2674 sede
1117 2619 1384 2689 superbia:
1427 2619 1648 2686 dejicit,
1679 2627 1732 2673 et

144 2730 414 2787 pauperes
443 2713 674 2770 humiles
719 2717 784 2766 de
806 2720 1047 2766 stercore
1092 2710 1253 2776 erigit
1276 2705 1450 2779 (Psal.
1476 2722 1608 2773 exn,
1643 2705 1720 2777 7)!

147 2807 326 2877 Ipsius
371 2815 452 2861 est
478 2803 622 2860 enim
653 2812 797 2858 tanta
830 2810 1091 2872 potestas,
1149 2812 1206 2854 ut
1243 2816 1338 2870 per
1363 2801 1536 2870 ipsum
1561 2800 1626 2854 de
1658 2799 1734 2853 la-

145 2900 287 2954 bore
317 2898 384 2952 ad
434 2896 696 2967 requiem,
735 2894 802 2950 de
829 2903 1001 2948 morte
1045 2893 1111 2946 ad
1141 2892 1327 2957 vitam,
1374 2893 1440 2947 de
1468 2891 1642 2962 ρωιιῑε
1668 2891 1735 2946 ad

147 2992 382 3063 gloriam
419 2990 650 3043 transire
673 2987 988 3041 debeamus.
1015 2984 1131 3053 Ipsa
1159 2993 1242 3038 est
1262 2999 1357 3054 per
1378 2999 1541 3054 quam
1568 2981 1735 3039 fortes

146 3081 549 3151 ds-priauuntnr,
599 3075 829 3130 humiles
887 3072 1211 3137 exaltantur,
1269 3072 1574 3127 humilitate
1610 3086 1737 3143 pro-

146 3175 302 3228 fecto
333 3174 474 3227 Dens
496 3185 656 3240 super
678 3169 860 3223 omnia
903 3181 1126 3222 manens
1159 3166 1225 3221 de
1253 3164 1375 3220 forti
1411 3173 1619 3220 armato
1642 3182 1739 3220 no-

148 3266 340 3323 biliter
387 3261 760 3332 triumphavit,
819 3269 874 3315 et
922 3260 987 3314 de
1013 3258 1235 3322 mundo,
1276 3273 1435 3327 quem
1463 3258 1736 3328 captivum

154 3353 400 3417 tenebat,
425 3350 655 3405 exclusit
677 3349 954 3404 humilitas
981 3347 1094 3409 Dei,
1126 3355 1345 3417 propter
1365 3347 1507 3415 quod
1541 3366 1557 3398 ι
1591 3344 1739 3401 exal-

151 3448 292 3502 tavit
316 3446 463 3500 illum
491 3445 654 3510 Deus,
685 3452 737 3496 et
760 3442 908 3497 dedit
935 3440 1008 3495 illi
1043 3453 1264 3505 nomen,
1305 3437 1448 3508 quod
1473 3451 1558 3494 est
1576 3454 1740 3508 super

1837 2260 1988 2306 tanto
2017 2251 2192 2321 magis
2225 2267 2286 2306 ac
2319 2253 2490 2322 magis
2524 2263 2703 2308 vestra
2759 2259 2896 2324 apud
2923 2259 3067 2328 pium
3094 2261 3421 2332 Redempto-

1835 2358 1949 2397 rem
2005 2343 2111 2398 erit
2161 2343 2400 2407 uberior,
2453 2354 2653 2413 quanto
2703 2349 2874 2418 magis
2934 2351 3290 2408 humilitatem
3323 2373 3420 2424 per

1830 2451 1993 2504 quam
2018 2446 2340 2490 cunctorum
2371 2436 2601 2491 fratrum
2643 2443 2954 2506 concordia,
2989 2455 3040 2497 et
3067 2456 3269 2501 saneta:
3301 2448 3420 2501 uni-

1833 2541 2007 2582 versa:
2039 2525 2292 2582 Ecclesia:
2333 2528 2516 2583 unitas
2568 2531 2890 2594 custoditur,
2928 2535 3164 2588 retinere
3191 2538 3418 2591 studue-

1834 2617 1978 2672 ritis.
2047 2617 2123 2672 De
2171 2619 2442 2674 charitate
2493 2620 2661 2687 igitur
2713 2633 2909 2686 vestra,
2967 2623 3106 2678 sicut
3134 2641 3317 2681 revera
3352 2627 3420 2682 de

1835 2709 2159 2765 charissimo
2183 2712 2360 2766 amico
2389 2713 2744 2777 conﬁdentes,
2803 2731 2963 2770 aures
2994 2717 3206 2786 pietatis
3230 2729 3422 2775 vestra:

1837 2803 2164 2859 ﬁducialiter
2216 2805 2432 2873 pulsare
2488 2823 2592 2860 non
2648 2807 3000 2875 dubitamus,
3036 2812 3220 2880 procul
3253 2813 3423 2868 dubio

1837 2897 2118 2951 credentes
2165 2897 2308 2966 quod
2368 2897 2588 2951 minime
2618 2899 2897 2968 patiamini
2947 2917 3046 2956 nos
3087 2903 3422 2966 contristari,

1838 2989 2078 3043 maxime
2129 2987 2180 3042 in
2212 2987 2302 3042 tali
2351 3003 2432 3051 re,
2465 2990 2609 3044 unde
2633 2991 2809 3045 anima
2841 3002 3022 3046 vestra
3056 2994 3281 3047 multmn
3325 3011 3424 3062 po-

1841 3079 1972 3134 terit
2035 3077 2300 3146 adjuvari.
2346 3079 2438 3134 Est
2494 3080 2638 3135 enim
2695 3083 2850 3137 vobis
2912 3084 3126 3138 abbatia
3177 3087 3428 3154 quzeitam

1841 3167 2168 3224 Sabiniacus
2209 3170 2453 3234 nomine,
2509 3170 2660 3226 locus
2686 3171 2753 3226 ab
2781 3174 3006 3244 antiquo
3030 3175 3422 3237 nobilissimus,

1840 3258 2120 3328 antiquam
2179 3259 2287 3314 Deo
2339 3261 2546 3330 gratias
2594 3261 2770 3318 adhuc
2797 3279 3021 3319 servans
3059 3265 3424 3330 nobilitatem,

1840 3351 1931 3420 qui
1959 3367 2055 3406 suo
2075 3349 2188 3420 jam
2221 3351 2310 3406 diu
2352 3361 2436 3407 est
2464 3352 2689 3408 orbatus
2746 3365 2987 3424 pastore,
3035 3371 3134 3425 pro
3161 3373 3267 3424 quo
3299 3372 3430 3426 rogo

1841 3455 1966 3512 ego,
2020 3450 2173 3513 rogat
2230 3441 2469 3496 Ecclesia
2511 3440 2910 3509 Lugdunensis,
2961 3461 3058 3514 pro
3090 3461 3195 3511 quo
3225 3445 3332 3499 huc
3362 3444 3431 3498 ad

147 3555 322 3595 omne
378 3553 571 3592 nomen
607 3533 861 3607 (Philipp.
893 3547 954 3594 tl,
987 3531 1063 3601 9).
1101 3550 1120 3583 ι
1169 3529 1280 3585 Hac
1313 3531 1497 3600 itaque
1542 3530 1740 3584 virtute
1770 3527 1812 3588 C
1845 3548 1944 3590 vos
1993 3535 2380 3604 imploraturus
2423 3534 2714 3599 venissem,
2769 3535 2873 3590 nisi
2905 3536 3045 3604 quod
3076 3545 3152 3590 tot
3181 3553 3245 3590 ac
3268 3535 3431 3589 tantis

150 3645 402 3690 vestram
425 3632 811 3701 benignitatem
857 3628 1070 3696 plenam
1111 3641 1230 3681 esse
1276 3625 1595 3694 reperimus,
1618 3639 1740 3677 eum

151 3735 369 3781 saneta:
421 3739 553 3778 meae
584 3720 925 3790 Lugdunensi
986 3717 1244 3773 Ecclesiae
1274 3731 1424 3770 more
1449 3715 1745 3785 praedeces-

151 3833 347 3873 sorum
369 3824 671 3870 vestrorum
700 3820 804 3866 tam
831 3809 1131 3864 humillima
1148 3808 1453 3872 devotione,
1483 3815 1588 3859 tam
1616 3805 1748 3859 cha-

155 3909 390 3965 ritativa
420 3906 813 3978 supplicatione
853 3902 1179 3960 humilitatis
1205 3916 1270 3956 ac
1303 3901 1464 3955 totius
1487 3897 1747 3953 obedien-

57 4040 66 4057 η
152 4001 255 4055 tim
278 3998 599 4067 obsequium
626 3996 852 4052 reddere
877 4010 981 4049 non
1011 3991 1399 4064 dedignamini.
1431 3989 1582 4046 Unde
1608 4004 1744 4060 qua-

151 4099 327 4144 tenus
381 4097 571 4159 penset
617 4086 930 4158 magnitudo
973 4093 1169 4140 vestrae
1224 4080 1588 4146 discretionis,
1619 4095 1744 4134 cum

146 4188 364 4250 quanta
411 4179 714 4243 dulcedine,
773 4192 894 4232 cum
939 4184 1140 4246 quanto
1192 4174 1476 4229 charitatis
1532 4171 1746 4227 fervore

150 4271 531 4327 humilitatem
555 4279 790 4324 vestram
814 4265 1118 4337 diligamus,
1143 4265 1276 4318 certi
1299 4263 1442 4334 quod
1472 4277 1570 4318 nos
1596 4278 1626 4316 a
1653 4277 1750 4316 vo—

147 4362 248 4417 bis
274 4361 425 4430 diligi
445 4360 647 4414 scimus
680 4377 692 4412 :
723 4359 852 4428 quia
879 4357 1160 4428 Scriptura
1186 4356 1317 4411 dicit
1347 4373 1362 4410 :
1390 4355 1544 4410 Amat
1567 4355 1747 4409 anima

151 4465 438 4510 nutantem.
455 4469 529 4508 se.
554 4452 822 4508 Praeterea
851 4451 988 4506 sciat
1013 4450 1236 4506 dilectio
1253 4460 1434 4504 vestra.
1455 4447 1597 4518 quod
1623 4462 1745 4502 cum

155 4559 318 4604 tanta
346 4547 632 4626 dulcedine
661 4563 759 4603 vos
788 4562 1056 4610 amamus,
1084 4554 1144 4598 ut
1169 4544 1212 4599 si
1241 4552 1415 4600 vestra
1449 4541 1748 4612 postularet

147 4640 489 4703 necessitas,
541 4654 647 4709 qua
701 4638 988 4694 dilectione
1041 4634 1336 4706 Apostolus
1391 4649 1491 4703 pro
1543 4631 1748 4688 Galatis

147 4732 349 4786 oculos
375 4730 508 4785 dare
536 4729 844 4798 proﬁtetur,
867 4727 1055 4783 eadem
1087 4741 1183 4781 nos
1209 4724 1397 4780 oculos
1417 4732 1632 4779 nostros
1653 4738 1750 4792 pro

145 4820 318 4875 vobis
363 4833 580 4881 eruere.
637 4826 694 4874 et
726 4833 825 4889 pro
875 4817 1032 4873 vobis
1059 4816 1191 4872 dare
1221 4829 1326 4870 non
1353 4814 1744 4870 dubitaremus.

1845 3626 2254 3682 inﬁrmitatibus
2300 3641 2533 3694 premor,
2569 3635 2625 3679 ut
2651 3643 2756 3681 non
2788 3627 2962 3681 dicam
2991 3645 3075 3682 me
3114 3629 3180 3683 ad
3205 3644 3299 3683 vos
3331 3629 3429 3696 ire,

1847 3720 1941 3774 sed
1977 3719 2247 3787 respirare
2277 3717 2364 3771 vix
2393 3718 2540 3773 licet.
2584 3717 2737 3773 Nunc
2773 3719 2957 3789 igitur,
2991 3719 3115 3786 quia
3140 3721 3431 3789 prazsentia

1848 3808 2116 3878 corporali
2153 3807 2431 3862 vobiscum
2458 3821 2581 3862 esse
2610 3823 2842 3876 nequeo,
2876 3807 3084 3876 Spiritu
3125 3819 3306 3861 autem
3340 3823 3435 3860 vo-

1848 3899 2057 3954 biscum
2099 3910 2314 3966 semper
2362 3912 2581 3962 maneo,
2614 3897 2875 3965 deprecor
2898 3906 2956 3951 ut
2996 3898 3047 3951 in
3098 3913 3206 3950 uno
3232 3896 3424 3966 spiritu

1850 3986 2163 4058 congregati
2195 3987 2452 4041 domuum
2481 3987 2520 4054 1-
2553 3985 2636 4049 Β..
2668 3985 2887 4055 Majoris
2927 3987 3241 4042 monasterii
3270 3986 3434 4040 abha-

1851 4091 1978 4144 tem,
2005 4095 2126 4136 cum
2152 4079 2318 4134 multa
2345 4079 2629 4132 dulcedine
2656 4092 2721 4132 ex
2754 4091 2936 4133 nostra
2966 4089 3120 4148 parte
3148 4089 3202 4134 et
3228 4087 3430 4140 vestra,

1851 4172 2142 4237 monendo,
2169 4170 2511 4240 deprecando
2558 4171 2819 4235 exoretis,
2870 4179 3137 4240 quatenus
3180 4169 3307 4224 mihi
3334 4185 3434 4224 suo

1852 4263 2072 4328 dilecto,
2112 4272 2166 4318 et
2197 4261 2454 4317 desolatis
2500 4260 2761 4316 fratribus
2823 4261 3250 4316 misericordiam
3279 4276 3434 4314 snam

1852 4356 2221 4428 poscentibus,
2249 4354 2534 4410 consulere
2582 4370 2687 4409 non
2728 4353 2963 4408 differat.
2995 4353 3169 4408 Mittat
3193 4353 3433 4417 Patrem,

1852 4450 2035 4504 mittat
2071 4458 2366 4519 pastorem,
2417 4448 2510 4516 qui
2567 4462 2690 4502 cum
2765 4454 2915 4500 tanta
2959 4445 3169 4500 cautela
3216 4460 3436 4516 gregem

1853 4557 2010 4597 suum
2064 4539 2356 4605 custodiat,
2388 4554 2458 4594 ne
2504 4539 2725 4607 antiquo
2773 4537 2915 4592 hosti
2963 4553 3029 4591 ex
3067 4535 3248 4606 aliqua
3282 4546 3440 4605 parte

1855 4631 2037 4686 aditus
2081 4637 2283 4700 pateat,
2337 4644 2436 4698 per
2458 4643 2618 4696 quem
2657 4627 2722 4681 ad
2753 4627 2928 4696 ipsum
2956 4642 3174 4698 gregem
3201 4641 3438 4694 unquam

1855 4723 2160 4792 irrumpere
2212 4721 2409 4774 valeat.
2465 4719 2674 4774 Valete.
2721 4717 3079 4787 Omnipotens
3109 4717 3248 4770 Deus
3270 4716 3443 4770 vitam

1854 4820 2094 4867 vestram
2124 4825 2222 4879 per
2242 4808 2534 4863 multorum
2566 4821 2832 4860 annorum
2860 4805 3128 4859 curricula
3153 4804 3446 4870 extendat,

149 4911 300 4967 Nam
333 4912 424 4966 ubi
449 4910 810 4966 humilitatem
865 4909 1025 4964 matri
1063 4919 1256 4965 vestra:
1280 4907 1586 4970 ostenditis,
1618 4906 1748 4976 quid
1783 4877 1826 4933 υ
1854 4911 2054 4974 etpost
2082 4877 2240 4970 longa
2265 4910 2510 4968 tempora
2541 4900 2596 4954 in
2639 4895 2878 4952 caelestis
2917 4913 3012 4951 vos
3042 4894 3230 4967 patria:
3255 4911 3450 4952 mensa

153 5003 316 5060 aliud
371 5003 478 5060 hoc
528 5000 776 5059 faciendo
827 5002 1026 5072 agitur,
1079 5001 1183 5058 nisi
1229 5007 1288 5056 ut
1341 5013 1438 5054 vos
1468 5013 1536 5053 ex
1568 4997 1750 5053 debito

1859 4995 2144 5065 suscipiat.
2179 4991 2310 5046 Item
2336 4990 2534 5058 valete,
2563 4988 2835 5045 mandatis
2861 4988 3113 5044 insistite.

1607 5378 1874 5402 ...ΑΔ
1881 5383 2170 5402 ——__..—
