3936 5402
88 278 228 333 fil?

1376 271 1651 331 ΝΟΠΤΙΑ
1690 271 2074 328 ΙΙΙΞΤΟῙΠΠΔ.

3221 272 3357 329 1218

78 392 324 453 nittasin
348 390 512 449 fluvio
534 391 740 457 Silarii,
775 392 1070 451 lenimenta
1093 392 1158 449 de
1183 391 1370 457 Pecta,
1417 394 1482 447 de
1505 393 1667 447 Fasa-
1696 399 1737 452 Α
1773 391 1941 462 ipsam
1992 389 2254 445 Dominici
2303 391 2548 462 corporis
2599 388 2920 447 fraetionem
2974 399 3202 461 reperta:
3252 403 3362 450 tres

77 469 237 527 na'ra,
269 464 443 519 lacum
491 464 774 535 majorem,
818 472 1037 535 cryptas
1084 464 1252 518 maris
1280 466 1346 518 de
1372 463 1661 535 Tusciano,

77 534 461 605 Castellntium
498 535 563 588 de
617 534 920 605 Battipalla,
973 550 1072 588 nec
1119 549 1223 588 non
1274 544 1328 605 et
1378 534 1559 605 sylvas
1599 539 1667 587 de

76 607 330 665 Laurito.
357 604 769 671 Malenritunde,
795 603 1071 667 Calezani,
1104 614 1159 659 et
1189 605 1257 658 de
1288 603 1480 669 Lama,
1502 614 1666 673 atque

74 687 262 731 terras
282 676 414 730 alias
444 675 742 738 laboratas,
772 684 822 729 et
859 675 1092 729 incultas
1114 675 1165 729 in
1194 673 1484 737 Tusciano,
1535 685 1590 727 et
1615 673 1667 728 in

74 749 243 804 Foria
279 747 517 801 civitatis
546 755 747 799 nostra:
797 744 1011 800 Salerni
1059 748 1354 800 existentes
1384 746 1451 799 ad
1487 744 1667 800 eccle-

74 820 224 873 siam
253 816 291 871 S
336 816 568 870 Matthzei
593 816 844 887 apostoli,
872 826 923 870 et
953 817 1300 887 evangelista:
1321 817 1390 870 de
1412 816 1667 887 praedicta

78 889 307 943 civitate
348 895 543 957 nostra
587 884 819 952 Salerni,
870 888 924 941 in
955 902 1061 957 qua
1100 884 1342 941 domnus
1390 886 1670 956 Alphanus

72 974 276 1014 vener.
305 955 748 1026 archiepiscopus
773 955 983 1027 praeest
1013 957 1162 1023 justo
1211 957 1389 1019 titulo,
1437 955 1493 1011 et
1541 971 1670 1011 vero

75 1027 329 1083 dominio
356 1028 648 1095 pertinent,
674 1038 729 1081 et
754 1026 879 1082 sunt
903 1029 1085 1082 omnia
1111 1038 1165 1082 et
1188 1026 1289 1081 alia
1318 1027 1469 1095 plura
1501 1027 1671 1082 stabi-

74 1099 153 1153 lia
188 1098 359 1167 ipsam
390 1097 700 1162 ecclesiam,
741 1113 807 1151 ac
858 1099 1175 1167 praedictum
1209 1098 1272 1151 Ι).
1305 1099 1670 1167 archiepisco-

73 1185 213 1240 pum
228 1167 374 1234 juste
400 1177 603 1240 tenere,
627 1169 928 1240 etpacifice
947 1169 1222 1240 possidere
1247 1168 1427 1223 divino
1452 1169 1669 1233 intuitu,

75 1236 137 1295 et
165 1239 389 1310 jubente
440 1237 502 1310 D.
559 1236 850 1310 Sicalgaita
898 1236 1127 1310 conjuge
1164 1250 1375 1301 nostra,
1414 1240 1671 1309 praedicta

76 1309 295 1372 omnia,
320 1317 377 1379 et
411 1308 621 1376 singula
670 1318 726 1363 et
753 1309 857 1363 alia
891 1308 1083 1364 contra
1110 1324 1232 1379 qua:
1284 1310 1395 1378 ipsa
1418 1308 1669 1364 Ecclesia

76 1378 481 1435 rationabiliter
503 1387 650 1432 tenet
671 1390 724 1432 et
745 1380 927 1449 quiete
950 1378 1208 1447 possidet,
1237 1388 1401 1449 atque
1432 1381 1674 1434 decimas

78 1451 155 1504 de
182 1449 437 1504 omnibus
464 1448 762 1505 redditibus
810 1451 1009 1504 nostris
1062 1448 1325 1504 civitatis
1346 1460 1545 1505 nostra!
1575 1450 1674 1504 Sa-

74 1520 248 1583 lerni,
297 1528 351 1573 et
402 1528 559 1574 terrai
609 1520 762 1574 Ehnli
803 1521 855 1573 d.
891 1520 1146 1575 Ecclesiae
1194 1520 1255 1575 S.
1304 1520 1564 1581 Mattha-i.
1618 1530 1675 1576 et

75 1592 314 1661 praefato
342 1589 402 1643 ι).
429 1590 839 1661 archiepiscOpo
881 1600 936 1645 et
967 1591 1376 1646 successoribus
1399 1594 1510 1646 suis
1541 1606 1675 1646 coa-

79 1660 351 1720 rseditnus.
379 1670 434 1712 et
460 1660 511 1713 in
543 1669 859 1731 perpetuum
882 1664 1287 1715 confirmamus.
1313 1662 1463 1728 Quod
1486 1663 1528 1716 si
1552 1661 1675 1731 quis

80 1731 387 1785 temerario
431 1746 566 1784 ausu
596 1729 753 1797 hujus
805 1741 1004 1786 nostra:
1033 1734 1423 1794 concessionis.
1468 1742 1519 1786 et
1545 1729 1673 1786 con-

77 1801 415 1856 ﬁrmationis
446 1800 498 1854 in
528 1811 681 1869 parte
727 1801 907 1871 aliqua
936 1802 1168 1857 violator
1198 1804 1494 1867 exstiterit,
1537 1804 1678 1857 sciat

81 1886 151 1925 se
173 1871 599 1939 compositurum
628 1872 748 1925 auri
778 1873 1054 1942 purissimi
1087 1873 1180 1929 lib.
1207 1872 1297 1939 50,
1331 1874 1676 1929 medietatem

80 1942 337 2014 {laureae
361 1950 586 2014 nostrae,
614 1952 671 1996 et
697 1943 1040 2014 medietatem
1062 1944 1201 2014 parti
1239 1944 1407 2013 ipsius
1435 1944 1679 1999 ecclesia:

83 2012 152 2067 S.
186 2011 446 2065 Matthzei.
495 2010 726 2066 'l‘extnm
750 2011 926 2080 .hujus
956 2010 1156 2068 nostra!
1204 2010 1591 2077 concessionis,
1624 2024 1680 2069 et

80 2082 521 2137 confirmationis
571 2098 666 2151 per
732 2098 927 2137 manus
977 2083 1202 2140 Joannis
1248 2085 1444 2139 notarii
1506 2085 1676 2138 nostri

80 2153 331 2224 scribere
381 2153 757 2224 przecepimns,
807 2162 862 2207 et
902 2155 1113 2224 typario
1180 2167 1366 2209 nostro
1428 2154 1679 2224 plmnheo

81 2222 335 2277 roborari
368 2237 511 2277 anno
539 2222 830 2278 Dominicae
860 2222 1033 2279 incar.
1066 2225 1222 2284 1080,
1258 2222 1439 2280 meus.
1461 2226 1675 2290 0ctob.,

83 2293 203 2347 ind.
235 2309 310 2353 tv,
345 2294 572 2346 ducatus
600 2302 778 2346 autem
811 2296 978 2348 nostri
1024 2311 1166 2349 anno
1195 2296 1286 2352 ‘20.
1316 2297 1450 2350 Cum
1498 2306 1675 2349 autem

82 2362 265 2435 ipsum
323 2362 665 2435 privilegium
716 2374 994 2435 ostensum
1048 2381 1113 2433 ac
1159 2366 1358 2420 lectmu
1402 2364 1523 2427 fuit,
1552 2366 1676 2435 quia

84 2432 561 2505 intererateidem
595 2432 1116 2505 D._archiepiscopo
1149 2445 1205 2490 et
1248 2436 1518 2505 praedictae
1569 2432 1681 2491 suae

84 2503 335 2559 ecclesiae
367 2503 538 2571 ipsum
568 2503 897 2571 publicatum
946 2520 1041 2560 seu
1075 2503 1404 2561 insinuatum
1457 2506 1676 2570 habere,

89 2574 300 2629 idcirco
351 2573 491 2627 idem
546 2572 609 2626 Ι).
642 2574 1079 2644 archiepiscopus
1110 2592 1289 2629 memn
1317 2576 1548 2631 officium
1582 2580 1685 2630 itu-

84 2644 467 2716 plorandome
492 2645 812 2716 deprecatus
839 2654 922 2699 est
952 2656 1231 2716 quatenus
1255 2650 1428 2716 ipsum
1457 2646 1702 2715 privile-.

86 2714 237 2783 gium
291 2712 671 2782 publicandum
718 2731 812 2769 seu
859 2712 1242 2770 insinuandum
1274 2712 1677 2783 admitterem;

90 2785 248 2865 cujus
278 2799 396 2866 .ego
434 2783 973 2866 precibus'anunens.
1008 2789 1132 2866 quia
1165 2802 1259 2866 eas
1289 2788 1394 2840 vidi
1431 2798 1678 2866 consent.

89 2854 317 2917 ratiOui,
344 2854 518 2926 ipsum
558 2855 915 2926 privilegium
947 2854 1355 2926 publicandum,
1402 2873 1496 2910 seu
1548 2857 1680 2911 insi—

88 2926 372 2979 nuandum
426 2925 618 2995 admisi
674 2934 844 2980 totum
892 2925 989 2995 per
1016 2928 1259 2982 ordinem
1309 2928 1377 2981 de
1417 2928 1584 2981 verbo
1615 2928 1683 2981 ad

86 2996 343 3062 verbum,
368 2994 511 3065 nullo
543 2994 594 3049 in
634 3010 700 3051 eo
735 2994 917 3052 addito
954 2998 1038 3051 vel
1071 3007 1297 3063 mutato,
1346 3013 1443 3065 per
1491 3013 1684 3052 manus

1771 460 1965 533 favilla:
1991 462 2130 531 ignis
2160 475 2227 516 ex
2257 461 2376 531 ipso
2404 460 2615 517 caelesti
2656 470 3002 533 sacramento
3034 460 3363 533 prodeuntes

1771 532 2133 595 emicuernnt,
2175 541 2231 585 et
2278 533 2330 586 in
2392 541 2581 601 peetus
2634 531 2994 587 sacrificantis
3035 531 3365 590 terribiliter

1773 603 2141 685 impegerunt:
2196 602 2339 685 quod
2379 603 2671 685 Jnimirum
2720 603 2866 685 quid.
2905 618 3047 685 esse
3074 607 3361 685 _potue_r-it,

1772 671 2043 726 subtiliter
2119 671 2442 743 inquirentis
2510 671 2793 743 prudentia
2846 671 3132 740 iudicabit.
3172 695 3190 729 ι
3253 676 3367 732 Hoc

1773 751 2017 813 tempore
2046 742 2279 799 celebris
2308 754 2427 799 erat
2454 742 2681 799 ecclesia
2713 742 2773 798 S.
2807 743 3087 801 Michaelis
3115 747 3365 802 Archau-

1773 813 1877 881 geli
1915 814 2055 883 apud
2104 813 2415 887 Salernum,
2454 814 2630 887 cujus
2656 816 2869 887 mentio
2910 816 2962 869 in
3005 818 3238 887 quodam
3281 819 3366 871 itt-

1773 892 2077 958 strimiento
2102 885 2413 958 monialium
2446 883 2896 958 SanctiGcorgii.
2921 906 2938 937 ι
2970 883 3147 952 Anno,
3169 888 3365 958 inquit,

1775 953 1933 1027 jO'if),
1987 954 2511 1027 temporibus_dom.
2550 955 2770 1011 Roberti
2810 953 3029 1022 gloriosi
3078 953 3368 1027 ducis-ego

1773 1023 1960 1079 Laudo
2002 1023 2276 1094 quondam
2323 1025 2575 1081 Joannis.
2604 1065 2652 1080 ..
2704 1027 2869 1082 habet
2911 1043 3068 1083 casus
3116 1023 3369 1085 humanae

1774 1094 2085 1170 fragilitatis
2113 1097 2398 1170 aegrotavi.
2423 1106 2479 1151 et
2510 1097 2563 1170 in
2596 1097 2793 1170 lectulo
2817 1097 2994 1166 jaceo,
3023 1109 3153 1170 ete..
3185 1109 3240 1170 et
3266 1116 3368 1170 pro

1775 1164 1955 1220 aniina
1983 1180 2101 1220 mea
2123 1164 2308 1232 judico
2339 1167 2406 1221 de
2449 1167 2613 1223 rebus
2653 1168 2789 1223 meis
2822 1164 2882 1222 in
2922 1169 3149 1225 ecclesia
3179 1164 3366 1225 Sancti

1775 1236 2054 1309 Michaelis
2092 1236 2456 1309 Archangeli,
2487 1248 2943 1309 quaeconstructa
2982 1249 3067 1295 est
3106 1241 3157 1294 in
3195 1239 3368 1309 juris-

1776 1308 2010 1362 dictione
2041 1306 2149 1379 loci
2173 1307 2261 1362 ubi
2287 1308 2566 1378 padulecta
2599 1308 2821 1371 dicitur,
2845 1318 3007 1364 etest
3035 1311 3146 1379 ipsa
3180 1306 3368 1374 rebus.

1775 1389 1909 1440 etc.,
1940 1380 2007 1432 ad
2048 1377 2355 1451 faciendam
2394 1392 2523 1451 pars
2560 1380 2829 1451 prceilicta:
2867 1377 3131 1443 ecclesiae,
3161 1392 3218 1436 et
3254 1382 3369 1451 ejus

1777 1459 2018 1502 rectores
2082 1449 2342 1517 quidquid
2401 1450 2669 1503 voluerint
2720 1450 2835 1505 sine
2887 1452 3033 1504 omni
3097 1449 3373 1507 contradi-

1777 1521 1977 1581 ctione,
2003 1537 2030 1589 3
2065 1528 2173 1574 etc.
2227 1519 2490 1573 Caeterum
2518 1519 2799 1589 Alphanus
2824 1530 2933 1575 tres
2956 1530 3138 1589 partes
3165 1522 3370 1576 absidis

1780 1589 1962 1657 templi
1994 1587 2179 1644 Sancti
2223 1589 2455 1644 Mattluei
2505 1587 2669 1658 opere
2706 1587 3133 1658 elegantissimo,
3160 1593 3373 1647 tnnsivo

1780 1607 1962 1657 tempu
1995 1607 2179 1644 sancti
2223 1607 2455 1644 mattnan
2505 1607 2537 1641 o
2578 1607 2669 1643 ere
2706 1607 3133 1658 ereganussrmo,
3160 1608 3370 1647 tnnstvo

1778 1659 1942 1722 dicto,
1972 1662 2205 1743 ornavit,
2239 1661 2307 1743 in.
2323 1675 2497 1743 eoque
2525 1607 2846 1731 gregarium
2884 1660 2967 1716 V'll
3001 1671 3153 1743 ροῃιΣ
3198 1678 3370 1727 max.,

1712 1743 1754 1797 Β
1782 1744 1943 1797 quem
1999 1730 2244 1785 exsulem
2296 1731 2531 1800 hospitio
2576 1730 2919 1798 susceperat,
2956 1746 3020 1786 ac
3058 1732 3372 1789 defunctum

1783 1800 2019 1874 soletqui
2052 1816 2244 1874 pompa
2286 1802 2495 1874 tumulo
2520 1800 2935 1874 elegantissimo
2953 1807 3111 1874 [opus
3139 1803 3369 1874 splendi-

1780 1871 1883 1925 dis.
1919 1869 2133 1924 Roberli
2160 1872 2330 1943 ducis)
2361 1872 2556 1927 clausit
2585 1869 2730 1943 anno
2760 1870 2917 1927 1085.
2953 1869 3105 1943 Hunc
3142 1869 3375 1928 sanctis-

1779 1943 1976 2014 simum
2006 1941 2318 2014 pontificem
2341 1943 2567 2014 elegisse
2590 1942 2727 2014 sibi,
2741 1943 2865 1997 dum
2891 1942 3102 1998 Salerni
3129 1944 3371 2014 degeret.

1781 2013 1848 2066 ad
1897 2011 2084 2066 altaris
2126 2011 2485 2068 ministerium
2546 2012 2731 2081 viginti
2781 2022 3017 2083 quatuor
3055 2011 3373 2075 canonicos,

1778 2097 1917 2150 quos
1936 2091 1990 2136 et
2014 2084 2360 2153 presbyteros
2387 2084 2693 2139 cardinales
2720 2099 3081 2153 nuncupasse.
3106 2094 3373 2153 quatuor-

1780 2168 1885 2220 que
1934 2154 2223 2225 diaconos,
2272 2170 2410 2225 quos
2458 2154 2711 2225 similiter
2762 2154 3017 2225 diaconos
3067 2155 3378 2211 cardinales

1780 2237 2004 2278 vocasse
2053 2223 2645 2295 tradunt'Salernitani
2686 2223 3001 2293 scriptores.
3042 2224 3250 2292 Quibus
3277 2242 3376 2295 pc:

1781 2308 2127 2364 successores
2176 2294 2461 2363 pontifices
2512 2294 2617 2349 fuit
2667 2296 2721 2349 in
2778 2304 3054 2364 posterum
3113 2294 3377 2352 concessa

1784 2363 2013 2417 facultas
2066 2365 2309 2434 gestandi
2361 2366 2551 2420 mitras
2601 2363 2838 2429 sericas,
2887 2380 3023 2434 quas
3066 2375 3264 2421 vocant
3310 2366 3377 2421 de

1782 2432 2324 2506 damascoﬁTalibus
2369 2451 2531 2506 porro
2570 2437 2880 2506 nominibus
2906 2432 2964 2490 et
3000 2436 3176 2491 mitris
3205 2452 3378 2505 usque

1781 2504 1837 2558 in
1868 2503 2187 2558 hodiernum
2218 2503 2634 2559 diem‘utuntur.
2664 2505 2942 2573 Alphanns
2972 2521 3100 2560 vero
3126 2503 3378 2560 innume—

1782 2576 1875 2646 ris
1901 2574 2167 2629 mirabilis
2209 2575 2264 2630 in
2309 2575 2474 2630 Deum
2509 2576 2806 2646 obsequiis,
2838 2576 3139 2629 animarum
3178 2576 3376 2640 salute,

1782 2645 2062 2716 religionis
2092 2657 2406 2716 augmento,
2438 2644 2802 2716 Ecclesiaaque
2828 2660 2940 2700 sua:
2967 2645 3374 2716 decoramento,

1782 2715 2041 2770 vicesimo
2097 2714 2241 2769 nono
2289 2717 2580 2772 sacerdotii
2623 2714 2932 2780 sni‘anno,
2987 2714 3181 2779 salutis
3243 2732 3377 2772 vero

1784 2784 1946 2857 1085,
1981 2801 2054 2857 vn
2082 2786 2158 2857 ld.
2188 2785 2440 2857 ροιοιπ..
2462 2786 2655 2857 plenus
2681 2786 2891 2843 dierum
2919 2794 3085 2857 atque
3112 2787 3374 2843 virtutum

1783 2855 2039 2927 migravit
2085 2856 2153 2911 ad
2183 2855 2494 2922 Dominum,
2542 2872 2609 2912 ac
2653 2872 2823 2927 prope
2861 2855 3128 2911 tumulum
3170 2857 3379 2927 Grego-

1784 2925 1851 2979 rii
1880 2924 2323 3000 Vllsauctissimi
2359 2924 2669 3000 pontificis,
2696 2924 2856 3000 paulo
2895 2936 3021 2983 ante
3067 2928 3134 2981 ad
3174 2924 3376 3000 coelum
3458 2992 3461 2995 _

1784 2997 2014 3060 evocati,
2047 3006 2203 3053 terrae
2228 2996 2520 3053 mandatus
2553 3005 2659 3064 est,
2691 3006 2747 3051 et
2785 2998 2929 3052 inter
2956 3006 3175 3053 sanctos
3204 2996 3378 3052 fertur

88 3066 341 3136 prtedicti
372 3064 600 3149 Philippi
642 3067 838 3149 publici
886 3068 1096 3149 Salerni
1133 3079 1245 3149 not.
1281 3064 1676 3149 itrhancscri‘
1710 3086 1754 3149 ρ
1787 3068 2009 3123 relatus.
2036 3066 2199 3122 Plura
2237 3068 2473 3149 edidisse
2499 3068 2801 3149 alphanum
2831 3068 2916 3149 sui
2951 3068 3378 3149 ingeniinmeuu-

92 3148 313 3209 pteram
338 3136 606 3209 publicant
656 3139 1065 3209 transnmendo,
1090 3140 1231 3208 quod
1265 3153 1364 3209 ego
1390 3140 1684 3209 praedictus

92 3204 377 3280 Philippus
408 3204 651 3280 publicus
685 3207 892 3263 Salerni
933 3204 1176 3265 amarius
1206 3204 1428 3280 rogatus
1462 3208 1683 3264 interfui

92 3277 151 3331 in
177 3276 678 3349 hancuscripturam
726 3280 995 3346 publicam
1030 3276 1319 3349 redigenda
1361 3279 1575 3347 scripsi,
1630 3288 1686 3334 et

92 3361 219 3401 meo
255 3347 414 3401 solito
449 3348 601 3419 signo
630 3348 858 3417 signavi,
901 3351 1041 3419 quod
1072 3347 1253 3403 autem
1281 3350 1532 3419 superius
1563 3351 1686 3404 des-

93 3427 376 3491 turpa_tnm
428 3427 511 3491 est
539 3417 735 3491 legitur
764 3417 970 3475 dilectae
1011 3421 1274 3491 conjugis.
1306 3417 1484 3474 Locus
1520 3420 1680 3489 signi.

172 3504 193 3537 ε
235 3486 347 3567 Ego
366 3488 457 3556 qui
488 3486 652 3567 supra
673 3488 959 3567 Matthasus
982 3486 1171 3567 jtnle's.

174 3574 196 3609 ι
242 3557 356 3627 Ego
406 3557 695 3626 praedictus
753 3557 1037 3616 Mattlizeus
1100 3563 1168 3615 de
1215 3559 1470 3618 Silicibus
1535 3564 1687 3619 testis

91 3642 241 3682 sum.

176 3718 198 3751 ι
243 3697 353 3767 Ego
383 3697 672 3765 praedictus
702 3702 942 3756 notarius
967 3700 1198 3755 Jacobus
1231 3703 1381 3756 testis
1410 3717 1549 3756 smn.

177 3789 197 3822 ι
242 3769 355 3837 Ego
400 3769 689 3836 praedictus
743 3774 985 3827 notarius
1026 3769 1261 3826 Joannes
1305 3772 1493 3827 Scaut.
1536 3774 1688 3830 testis

95 3854 244 3893 smn.
283 3860 302 3893 ι

171 3909 409 3986 Przesule
444 3916 699 3986 Alphano
729 3911 937 3986 insigne
972 3910 1292 3986 miraculum
1325 3912 1377 3966 in
1399 3922 1689 3986 monaste-

95 3981 188 4034 rio
215 3980 397 4039 Sancti
430 3980 701 4041 Benedicti
734 3980 874 4050 apud
905 3983 1188 4037 Salernum
1222 3998 1365 4036 anno
1392 3982 1528 4037 1078
1559 3998 1691 4038 con-

97 4050 292 4123 tigisse
328 4066 517 4111 narrat
542 4056 744 4112 Chron.
776 4052 959 4108 Casin.
991 4054 1172 4123 lih.-tu
1204 4070 1217 4106 :
1256 4070 1276 4104 ἰ
1305 4052 1454 4123 Tunc
1487 4062 1689 4123 tempo-

93 4123 202 4186 ris,
231 4122 427 4193 inquit,
454 4127 507 4181 in
537 4124 865 4181 monasterio
889 4123 947 4177 Β.
977 4122 1155 4177 Patris
1186 4123 1355 4177 nostri
1386 4122 1687 4190 Benedic'ti,

96 4193 247 4259 quod
295 4196 437 4250 intra
484 4197 839 4252 Salernitana:
878 4194 1029 4247 urbis
1076 4193 1275 4247 muenia
1318 4203 1687 4249 constructum

94 4269 207 4332 est.
236 4272 290 4317 et
320 4266 446 4321 huic
487 4266 765 4322 Casinensi
804 4264 1051 4317 coenobio
1080 4264 1148 4316 ab
1177 4264 1293 4332 ipso
1324 4266 1688 4318 constructio-

94 4331 191 4386 nis
226 4347 338 4388 sum
364 4338 585 4391 exordio
625 4336 922 4399 subditum,
957 4334 1089 4389 satis
1134 4331 1343 4401 insigne
1371 4334 1687 4389 miraculum

95 4402 347 4476 contigit.
375 4406 452 4461 Ex
479 4408 647 4476 ipsius
675 4420 907 4473 namque
931 4404 1245 4476 monasterii
1270 4402 1496 4476 familia,
1520 4421 1685 4460 vorax

94 4471 383 4547 hominum
438 4471 595 4546 lupus
647 4471 925 4547 parvulum
975 4475 1255 4536 puerulum
1322 4475 1689 4532 clandestinus

96 4542 355 4608 impetiit,
387 4542 564 4615 rapuit
600 4542 660 4603 et
684 4547 837 4611 abiit,
874 4556 995 4615 post
1026 4561 1185 4615 quem
1216 4546 1472 4615 transfixa
1505 4547 1687 4600 dolore

97 4621 300 4675 mater,
333 4614 632 4673 inclamans
664 4618 738 4671 ait
769 4632 782 4670 :
817 4637 835 4667 ‹
869 4614 1069 4682 Adjuro
1109 4624 1177 4675 te,
1219 4614 1405 4671 bestia.
1440 4631 1537 4684 per
1566 4618 1690 4668 hea-

99 4689 215 4755 tnin
251 4684 623 4753 Benedictum,
668 4686 820 4755 cujus
846 4702 1033 4741 servus
1073 4695 1174 4749 est,
1208 4700 1275 4737 ne
1310 4686 1474 4738 filium
1512 4702 1688 4739 meum

98 4751 333 4809 ulterius
359 4756 525 4820 feras,
543 4751 633 4811 sed
657 4751 777 4810 enin
801 4759 898 4810 snh
918 4756 1061 4809 omni
1086 4755 1360 4809 celeritate
1382 4756 1638 4809 dimittas.
1665 4775 1684 4807 ι

97 4820 398 4898 Quolupus
426 4829 613 4898 audito
640 4829 783 4883 hunc
807 4827 1045 4898 quidem,
1069 4841 1227 4893 quem
1250 4823 1477 4885 ferebat,
1505 4837 1692 4892 aperto

97 4895 352 4960 protinus
374 4912 488 4966 ore
518 4897 765 4966 deposuit
789 4917 800 4951 :
824 4895 994 4951 alium
1036 4911 1164 4950 vero
1200 4909 1422 4961 puerum
1458 4898 1695 4963 repenti-

98 4978 208 5037 nus
258 4965 497 5037 insiluit,
551 4965 785 5037 eumque
838 4967 1017 5021 subito
1074 4966 1379 5026 dissecans,
1443 4974 1690 5037 truncum

96 5033 391 5107 cadaveris
455 5033 713 5105 Sprevit,‘
750 5037 1142 5107 prcecisumqne
1199 5044 1361 5107 caput
1421 5035 1693 5107 mordicus

97 5105 405 5171 confixum,
439 5108 489 5158 in
520 5124 644 5162 suas
670 5105 905 5162 latebras
926 5108 1171 5160 concitus
1194 5105 1507 5171 asportavit.
1547 5124 1564 5154 ι
1604 5107 1694 5159 llis

96 5171 217 5245 fere
260 5177 603 5245 temporibus
648 5179 791 5231 aliud
840 5176 1159 5230 miraculmn
1203 5184 1469 5227 memorat
1504 5175 1694 5229 Petrus

90 5241 402 5301 Damianns
459 5246 549 5299 lib.
598 5264 651 5316 tv
695 5248 852 5316 epist.
902 5246 967 5297 ad
990 5247 1303 5315 episcopos,
1360 5245 1501 5315 quod
1553 5246 1693 5315 apud

1789 3147 1970 3208 menta
2021 3147 2274 3193 testatum
2329 3136 2794 3208 reliquit'Petrus
2830 3136 3106 3193 Diaconus
3149 3136 3376 3193 Casinas

1789 3209 1881 3264 lib.
1918 3207 1993 3263 De
2014 3209 2158 3277 ,viris
2204 3208 2368 3265 illnst.
2400 3207 2640 3277 ejusdem
2677 3209 2943 3272 ctenobii,
2995 3223 3154 3277 quem
3206 3223 3378 3275 nuper

1827 3278 1991 3333 ublici
2006 3276 2145 3347 juris
2170 3278 2295 3334 fecit
2312 3280 2560 3333 eruditus
2586 3279 2793 3333 amicus
2815 3276 3107 3347 noster’Jo.
3130 3276 3374 3344 Baptista

1846 3350 1946 3412 ari,
1987 3346 2284 3407 eanonicus
2320 3348 2504 3405 Sancti
2538 3348 2729 3420 Angeli
2757 3346 2980 3420 in_foro
3015 3349 3278 3420 Piscario,
3309 3364 3376 3403 ac

1790 3420 1934 3475 notis
1980 3420 2289 3475 illustravit.
2325 3438 2345 3471 ι
2378 3417 2680 3489 Alphanus,
2716 3419 2794 3473 ait
2823 3417 3037 3482 Petrus,
3070 3418 3375 3489 Salernita-

1788 3505 1891 3545 nus
1931 3491 2403 3560 archiepiscopus,
2448 3488 2505 3544 et
2549 3489 2866 3546 Casinensis
2914 3488 3149 3544 emnobii
3182 3504 3379 3544 mona-

1788 3561 1942 3623 chus,
1970 3559 2056 3613 vir
2104 3560 2157 3613 in
2201 3559 2501 3629 Scripturis
2539 3560 2743 3615 sanctis
2786 3560 3052 3625 eruditus,
3085 3567 3142 3613 et
3182 3561 3378 3614 notitia

1788 3629 2283 3685 ecclesiasticorum
2322 3632 2630 3698 dogmatum
2678 3630 2745 3683 ad
2793 3629 3008 3699 plenum
3049 3630 3377 3694 instructus,

1789 3700 2092 3768 composuit
2124 3700 2268 3754 nudo
2308 3708 2364 3754 et
2407 3699 2738 3755 lucidissimo
2780 3714 3032 3754 sermone
3065 3699 3375 3767 passionem

1791 3771 1849 3824 S.
1891 3770 2210 3834 Christinae,
2249 3770 2479 3838 hymnos
2518 3779 2782 3839 praeterea
2824 3770 2890 3823 de
2922 3770 3378 3839 eademivirgine

1789 3840 1958 3901 duos,
2022 3839 2089 3894 tle
2144 3839 2202 3894 S.
2263 3837 2558 3896 Benedicto
2611 3854 2803 3894 versus
2864 3838 2931 3892 ad
2999 3837 3375 3901 Pandulphum

1790 3910 2091 3981 Marsorum
2120 3911 2465 3981 episcopum;
2515 3910 2721 3965 Cantus
2766 3908 2824 3981 S.
2870 3907 3121 3981 Sabinae;
3172 3907 3376 3963 Versus

1791 3981 1850 4036 8.
1905 3978 2224 4044 Christinie;
2273 3978 2330 4035 S'.
2377 3980 2522 4035 Petri
2572 3979 2831 4049 apostoli;
2874 3979 2943 4033 'in
3000 3978 3213 4033 laudem
3260 3992 3376 4031 mo.

1790 4052 2087 4107 nachorum
2126 4052 2530 4118 Casiniensium;
2575 4048 2651 4105 De
2694 4049 2828 4111 situ,
2877 4058 2931 4102 et
2970 4048 3376 4118 constructione

1791 4137 1854 4177 ac
1901 4122 2250 4175 renovatione
2285 4116 2523 4187 ejusdem
2564 4120 2829 4182 emnohii;
2869 4118 3095 4172 Metrum
3138 4116 3375 4185 Sapphi~

1791 4207 1913 4246 cum
1954 4192 2455 4262 hendecasyllabum
2498 4192 2565 4244 de
2601 4190 2659 4244 S.
2701 4190 2917 4254 Mauro;
2955 4187 3371 4262 item‘ejnsdem

1793 4264 2051 4332 hymnos;
2089 4263 2155 4315 de
2184 4256 2241 4314 δῖ
2275 4263 2527 4332 Mattltreo
2551 4262 2781 4332 hymnos
2810 4269 2953 4322 tres;
2985 4257 3052 4312 de
3084 4257 3142 4332 8τ
3178 4256 3376 4310 Furtu—

1792 4329 1920 4387 nato
1945 4334 2110 4394 duos;
2162 4332 2230 4386 de
2279 4331 2337 4385 S.
2380 4329 2604 4385 Nicolao
2646 4331 2712 4382 ad
2750 4332 3013 4384 Actoncm
3056 4329 3372 4397 episcopum

1792 4402 2145 4472 Theatinum;
2182 4404 2247 4455 ad
2274 4401 2590 4472 Gisulphum
2617 4400 2916 4470 principem
2945 4397 3372 4472 Salernitanum,

1793 4475 1861 4528 ad
1914 4471 2256 4527 Gnillelrnunt
2315 4469 2554 4541 ejusdem
2620 4469 2741 4541 loci
2797 4469 3373 4541 grammaticum;_ad

1792 4543 2095 4598 Guidonem
2148 4537 2369 4597 fratrem
2410 4541 2669 4611 principis
2722 4537 3199 4611 Salernitaniaad
3244 4537 3372 4611 Gor-

1792 4614 1988 4668 fridnm
2038 4614 2371 4666 Aversannm
2412 4609 2766 4682 episcopum;
2814 4611 2887 4679 ad
2954 4609 3373 4682 llildebrandttm

1792 4683 2231 4737 archidiaconnm
2266 4679 2709 4743 Rotnatiumaad
2750 4680 3105 4734 Romualdum
3135 4679 3375 4732 causidi-

1791 4770 1913 4808 cum
1953 4753 2389 4815 Salernitannm;
2431 4754 2495 4805 ad
2544 4750 2825 4804 liof‘ridum
2864 4750 3188 4802 monachum
3225 4748 3378 4802 Casi-

1794 4838 2046 4884 nenscm;
2099 4831 2327 4873 metrum
2382 4823 2658 4875 heroicum
2701 4821 2753 4873 itt
2805 4820 3065 4873 honorem
3106 4817 3204 4870 88.
3239 4820 3373 4871 duo-

1794 4894 1965 4946 decim
2050 4891 2353 4945 Fratrum:
2406 4890 2809 4945 Confessionem
2890 4888 3167 4942 metricam
3229 4886 3381 4952 ejus;

1796 4963 1995 5016 Versus
2041 4962 2105 5014 de
2144 4959 2371 5012 ecclesia
2405 4960 2445 5015 S
2492 4959 2716 5015 Joannis
2745 4957 3001 5025 Baptista!
3046 4957 3099 5009 in
3137 4955 3385 5023 Casino;

1795 5032 2075 5101 Epitaphia
2110 5030 2503 5097 quamplurima
2542 5029 2778 5083 virorum
2819 5028 3146 5101 insigniora,
3185 5035 3240 5077 et
3279 5029 3393 5083 alia

1795 5094 1913 5171 qua:
1945 5094 2008 5155 ad
2040 5094 2285 5154 nostram
2314 5102 2562 5156 notitiam
2595 5114 2697 5171 non
2729 5094 3016 5151 venerunt.
3050 5094 3175 5171 Fuit
3204 5105 3402 5171 autem

1799 5162 2131 5241 temporibus
2170 5171 2608 5241 supradicturum
2662 5167 3108 5241 intpetlaturunt.‘
3132 5162 3407 5241 Sepultus

1794 5230 1925 5297 vero
1954 5242 2043 5297 'cst
2070 5230 2565 5316 ap_lltl_:Sﬂlertttttll.
2601 5257 2619 5289 ι
2647 5230 2785 5316 Ἠειξο
2816 5236 3029 5316 Petrus.
3068 5230 3251 5316 Petro
3278 5231 3411 5315 haec
