3936 5402
121 275 247 332 ιεὶι

118 389 225 445 Νοιι
256 400 413 442 secus
434 398 499 441 ac
525 382 698 455 potui,
739 382 953 442 fuerant
988 399 1108 455 qua:
1122 383 1271 455 jussa
1309 381 1510 453 peregi,

182 478 400 533 Dulcius
430 485 488 530 ut
516 475 761 531 referunt
788 476 1056 539 carmina,
1085 489 1248 544 prosa
1272 481 1526 528 metrum.

118 568 223 623 Vox
249 578 334 621 tua
363 582 448 622 me
477 567 706 645 monuit,
726 568 1038 637 pariterque
1062 550 1326 618 monendo
1352 562 1561 631 regavit

180 658 388 713 Laudes
411 657 627 712 Sabinae
647 658 905 728 martyris
938 664 997 709 ut
1023 669 1301 709 canerem.

120 749 272 803 Forte
302 749 523 819 quidem
556 749 700 803 volui
734 763 952 803 carmen
978 748 1150 803 vitare
1174 746 1379 801 laboris

178 839 358 905 Obice,
384 841 476 895 sed
502 839 655 894 timui
688 840 1034 909 displicuisse
1065 838 1184 893 tibi.

115 930 252 983 Velle
282 940 433 984 tuum
465 931 615 994 novi,
644 930 788 999 quod
818 931 1056 985 nondum
1103 937 1290 997 posset
1316 925 1521 981 amoris

177 1008 385 1090 Exigro
412 1020 547 1075 solvi
580 1021 809 1074 crimine
830 1020 944 1089 jam
971 1018 1150 1072 didici.

113 1111 222 1166 Non
246 1128 344 1182 ego
370 1112 451 1166 sic
473 1112 610 1167 adeo
632 1126 750 1166 sum
778 1121 961 1165 mente
992 1110 1247 1169 munitus,
1286 1115 1345 1159 ut
1376 1104 1518 1157 ultro

177 1203 382 1272 Expers
414 1201 726 1270 pertulerim
757 1199 1001 1254 muneris
1031 1214 1151 1253 esse
1185 1197 1277 1251 tui.
1540 1184 1545 1187 ’

114 1300 215 1355 Res
245 1316 294 1352 in
323 1278 563 1352 amicitia
597 1297 758 1350 nimis
795 1298 907 1350 haec
930 1294 1213 1348 laudabilis
1235 1298 1414 1347 exstat

178 1392 311 1459 Apta
337 1372 555 1458 quidem
588 1387 703 1442 fieri
738 1388 994 1458 quaelibet
1020 1385 1284 1439 unanimi.

114 1483 372 1537 Barbarus
400 1494 483 1536 est
513 1482 730 1544 misere,
760 1481 849 1552 qui
881 1480 1073 1534 viverit
1103 1479 1206 1532 hoc
1236 1479 1353 1532 sine
1382 1490 1533 1530 more

179 1573 232 1625 lu
267 1572 446 1625 medio
472 1570 644 1625 Getici
677 1571 762 1624 cui
797 1568 972 1639 placet
994 1582 1115 1622 esse
1144 1566 1242 1620 soli

114 1662 285 1716 Laetus
310 1675 407 1728 spe
433 1660 606 1713 venire
639 1667 845 1712 tantum
871 1657 1024 1720 mihi,
1055 1655 1286 1725 postulo,
1327 1655 1509 1729 praebe

181 1749 348 1804 Jussis
369 1742 514 1819 quod
537 1746 732 1802 fuerim
758 1747 968 1801 tardior
990 1756 1115 1800 ante
1148 1744 1276 1799 tuis.

117 1840 335 1893 Maxima
364 1854 455 1893 res
489 1847 630 1902 erat,
660 1846 822 1907 atque
852 1836 988 1893 meis
1011 1851 1116 1890 non
1141 1835 1348 1889 viribus
1374 1840 1519 1905 apta,

180 1930 355 1983 Ardua
380 1929 669 2000 dactylicis
706 1943 941 1999 pangere
972 1935 1119 1997 gesta
1146 1927 1358 1981 metris.

118 2022 232 2076 Rite
254 2030 434 2075 tamen
460 2021 561 2075 feci
597 2021 688 2074 tibi
712 2021 854 2089 quod
877 2002 1458 2084 veneranter‘adhaisi,

180 2102 779 2182 Sustulit'opprohrium
811 2127 912 2166 vox
941 2119 1030 2164 tua
1060 2124 1253 2179 nempe
1281 2112 1491 2163 meum.

119 2202 309 2258 Ordine
343 2218 455 2272 pro
474 2202 621 2256 vario
645 2202 948 2256 numerosis
974 2200 1181 2271 legibus
1211 2202 1465 2270 hymnos,

183 2295 403 2363 Respice
440 2295 772 2364 compositos
802 2309 907 2347 non
945 2294 1063 2346 sine
1103 2292 1243 2361 mole
1281 2293 1438 2345 duos.

117 2384 359 2441 Versibus
387 2378 704 2454 antipltonaa
735 2384 875 2453 binis
902 2392 1027 2437 sunt
1050 2397 1190 2452 pene
1214 2391 1415 2436 notata:

180 2476 409 2532 Membra
437 2480 579 2547 quod
609 2486 735 2531 octo
761 2486 946 2531 tenent
970 2475 1093 2545 jure
1120 2474 1239 2529 dua:
1262 2474 1483 2543 pariles.

119 2566 176 2619 Et
200 2578 318 2621 sunt
341 2576 428 2623 ter
449 2563 653 2638 septem
683 2569 824 2623 sicut
851 2581 968 2623 mos
991 2566 1156 2636 exigit
1179 2580 1300 2621 esse

178 2657 418 2726 Priscus,
459 2668 514 2714 et
543 2669 629 2715 est
655 2659 798 2715 natis
838 2652 1074 2714 consona
1100 2672 1325 2728 quaeque
1352 2658 1468 2713 suis
1500 2676 1513 2712 :

115 2746 233 2802 Inde
257 2750 347 2804 tibi
373 2757 591 2805 restant
622 2740 1077 2820 ter'responsoria
1113 2758 1267 2803 terna

182 2837 327 2893 Sicut
348 2848 441 2895 ter
466 2840 521 2894 in
551 2840 633 2894 his
657 2842 844 2895 novies
871 2850 952 2894 ter
980 2840 1097 2894 sine
1118 2838 1237 2893 labe
1274 2839 1440 2908 pedes

117 2925 417 2999 Conscripsi
461 2931 677 2984 tandem
712 2932 845 3002 pede
880 2916 1019 2985 liber
1044 2930 1303 3001 martyris
1332 2939 1479 2985 artes

183 3020 449 3092 Obsequio
481 3022 582 3077 fuit
615 3024 705 3077 hic
744 3021 832 3078 res
868 3021 1045 3077 aliena
1077 3016 1232 3077 mihi.

120 3108 389 3168 Profuerat
447 3115 685 3169 studium
710 3113 965 3187 Cypriani
993 3128 1135 3183 saepe
1162 3112 1420 3167 relectum

183 3203 393 3270 Optime
418 3218 530 3273 quo
564 3202 737 3257 fertur
762 3203 1005 3258 scribere
1031 3202 1360 3273 martyribus

120 3288 277 3345 Ardet
298 3293 349 3346 in
392 3293 657 3363 antiquis”,
681 3302 741 3346 ut
771 3292 928 3347 stella
959 3292 1280 3361 retrograda
1314 3293 1483 3359 libris,

184 3380 380 3439 Lumen
413 3385 470 3439 in
497 3385 751 3439 Ecclesia:
784 3385 875 3438 dat
912 3382 1145 3451 speciale
1178 3382 1303 3449 fide,

121 3470 219 3528 Fas
239 3475 306 3529 ibi
333 3477 634 3532 rhetoricis
655 3476 755 3530 fuit
784 3475 903 3544 ejus
933 3472 1154 3527 floribus
1183 3474 1280 3538 uti,

186 3565 357 3634 Atque
386 3567 649 3623 coloratis
671 3566 857 3622 ludere
886 3581 1028 3636 saepe
1047 3564 1210 3633 jocis,

120 3652 264 3710 Nunc
287 3657 435 3724 licet,
470 3666 529 3712 ut
552 3657 699 3714 llcite
719 3656 1102 3720 scribentibus,
1125 3664 1286 3724 atque
1316 3653 1516 3720 licebit,

186 3747 321 3805 Usus
358 3761 414 3807 et
442 3752 531 3806 hic
571 3767 776 3806 morem
806 3750 942 3821 legis
965 3749 1167 3823 habere
1191 3746 1344 3801 solet.

121 3835 261 3893 Solvi
291 3857 395 3896 non
431 3843 634 3912 poterit
660 3857 745 3896 res
768 3842 883 3895 hmo
909 3838 1212 3894 rationibus
1245 3836 1387 3897 ullis,

185 3929 239 3984 Si
268 3949 371 3987 non
394 3916 682 3989 solvuntur
703 3941 899 3987 czelera
918 3932 1040 4002 jura
1065 3929 1247 3984 simul.

118 4020 329 4076 Arbiter
352 4025 469 4079 haec
491 4008 705 4092 sapiens
736 4031 941 4075 tantum
963 4021 1272 4074 discernere
1300 4018 1485 4082 debes,

186 4109 401 4167 Laetitiae
420 4100 675 4183 poterunt
706 4112 749 4166 si
780 4111 873 4165 tibi
900 4110 1042 4164 ferre
1076 4108 1275 4163 locum.

120 4195 241 4253 Esto
262 4204 403 4269 quod
430 4185 553 4257 esse
585 4201 738 4267 velis,
769 4200 898 4253 mihi
930 4214 1035 4253 non
1076 4212 1196 4252 mea
1227 4211 1389 4252 causa
1418 4195 1652 4262 nocebit;

187 4288 373 4346 Restat
401 4302 457 4347 et
479 4294 566 4347 hic
592 4291 709 4346 fidae
734 4276 929 4361 pignus
950 4276 1223 4342 amicitiae.
1316 4328 1325 4337 .

121 4377 224 4435 Nec
254 4384 417 4439 timeo
444 4386 625 4440 verbis
651 4384 879 4439 aliorum
910 4382 1012 4436 rite
1043 4380 1239 4445 refelli,

187 4469 378 4530 .ludice
405 4476 531 4530 dum
559 4474 712 4529 fuero
743 4484 794 4529 te
819 4472 1082 4527 fruiturus
1110 4485 1230 4541 ego.

121 4559 195 4613 Tu
223 4565 351 4620 mihi
374 4568 557 4623 cordis
576 4581 705 4636 apes
734 4564 946 4634 fugiunt
975 4562 1173 4633 quibus
1194 4569 1348 4615 antra
1374 4558 1657 4629 Cyclope,‘

183 4649 260 4705 Ae
289 4661 376 4706 tua
401 4670 508 4709 non
533 4655 735 4724 pariter
763 4664 1003 4719 pungere
1029 4649 1132 4703 tela
1153 4646 1353 4701 valent.

116 4731 225 4790 Non
251 4753 352 4810 ego
381 4742 686 4799 confertum
716 4740 977 4794 virtutum
1009 4750 1236 4790 munere
1262 4745 1446 4804 pectus

180 4828 298 4883 Vidi
327 4832 406 4886 sic
432 4833 666 4903 penitus.
700 4838 755 4884 ut
778 4835 931 4899 patet
953 4840 1076 4881 esse
1105 4834 1275 4879 tuum.

116 4911 266 4973 Solus
306 4935 502 4978 amara
530 4923 675 4992 sapis
697 4919 977 4976 dulcedine
999 4916 1313 4983 nobilitatis,

185 5012 567 5089 Auxiliumque
595 5017 727 5072 satis
758 5015 901 5069 ferre
934 5014 1039 5069 tuis
1063 5010 1302 5066 famulis.

118 5099 325 5160 Rursus
349 5116 405 5162 et
435 5109 535 5162 ista
559 5108 631 5161 tui
655 5106 855 5161 facient
882 5113 999 5159 rata
1015 5101 1230 5170 scripta
1259 5099 1544 5170 prepinqui

192 5192 321 5232 Cum
358 5199 550 5232 annuus
602 5208 655 5232 ul
686 5211 843 5232 anni-ﬁ
894 5194 945 5232 ηί
977 5197 1114 5232 Anno
1163 5199 1310 5232 lnlnc
1334 5206 1430 5232 om

1586 264 1921 324 CARMINA.

1720 385 1765 440 Α
1866 376 1974 433 Sed
2002 374 2411 432 Transmundus
2436 372 2549 446 agit
2579 375 2686 429 hoc
2717 370 2861 443 quod
2891 378 3122 440 uterque
3153 368 3308 427 facit.

1724 1724 1779 1807 B.

1723 3074 1765 3132 C

1724 4406 1789 4468 Π

1795 470 2075 535 Cognosce
2106 467 2364 537 reliquos,
2391 467 2487 522 sed
2516 475 2577 521 ut
2601 466 2687 521 his
2715 464 2924 519 artibus
2946 473 3104 534 aptos

1867 562 1973 619 Ore
2005 569 2209 617 canunt
2235 560 2365 616 solis
2392 560 2618 616 vocibus
2637 545 2801 627 atque
2831 556 2995 611 notis.

1794 654 1974 710 Prosit
2002 663 2056 709 et
2081 654 2196 708 haec
2223 654 2342 707 istis
2368 652 2610 717 bonitas,
2641 665 2761 720 qua:
2791 646 2995 725 profuit
3042 646 3169 711 illis,

1869 748 1940 803 Ut
1968 749 2223 802 studeant
2250 746 2457 817 pariter
2471 745 2721 815 prospice
2749 741 2997 797 sollicite.

1797 839 1903 895 Sed
1930 850 2130 903 tamen,
2162 848 2220 893 ut
2254 854 2491 907 possum,
2518 851 2657 906 quos
2687 834 2797 888 dixi
2824 833 3060 903 praedico
3088 845 3309 901 prorsus

1867 930 2095 1000 Semper
2116 929 2241 984 dum
2269 929 2443 994 fuero,
2481 943 2617 998 quos
2647 941 2791 991 amo,
2816 940 2954 995 quos
2978 924 3169 987 timeo,

1793 1023 1993 1095 Accipe
2028 1038 2148 1094 qua:
2174 1022 2324 1093 potui
2366 1021 2459 1076 tibi
2492 1019 2711 1090 priemia
2742 1017 2888 1072 ferre
2917 1015 3130 1085 roganti
3178 1016 3181 1019 ’

1866 1114 2031 1169 Levia
2052 1122 2199 1177 sunt,
2227 1112 2455 1183 placidis
2481 1111 2573 1165 sed
2608 1118 2789 1164 tamen
2815 1117 2941 1178 apta
2972 1106 3126 1162 locis.

1802 1205 1869 1261 Ut
1897 1219 2103 1259 merces
2136 1204 2269 1258 lauti
2308 1217 2414 1256 non
2446 1202 2521 1255 sis
2548 1200 2677 1254 mihi
2706 1215 2860 1254 cassa
2888 1197 3114 1263 laboris,

1868 1297 1947 1352 Tu
1975 1298 2060 1352 fac
2083 1296 2339 1366 implores
2363 1293 2620 1364 martyris
2646 1292 2805 1362 hujus
2844 1306 2995 1359 opes.

1796 1388 1864 1443 Et
1890 1402 2054 1456 super
2077 1390 2189 1441 haec
2217 1386 2390 1456 rogito
2415 1382 2711 1451 Pandulplii
2747 1393 2870 1435 vota
2895 1388 3170 1435 memento

1869 1479 2015 1532 More
2049 1477 2121 1548 pii
2144 1470 2501 1544 Patris'digna
2529 1468 2726 1542 juvare
2751 1474 2847 1527 tui.

1798 1570 2011 1642 Integra
2038 1571 2109 1625 sit
2134 1573 2287 1639 pueri
2315 1567 2531 1622 bonitas
2561 1567 2655 1621 tibi
2688 1556 2844 1638 grata
2873 1564 3097 1632 Leonis,

1869 1664 1979 1717 Nec
2003 1662 2098 1717 tibi
2125 1660 2433 1730 displiceat,
2460 1659 2627 1723 hunc,
2654 1665 2713 1710 ut
2742 1656 2966 1720 ameris,
2992 1671 3136 1708 ama.

1800 1754 1869 1810 Ut
1892 1755 1986 1809 tibi
2011 1769 2117 1823 quo
2146 1767 2364 1822 semper
2389 1760 2440 1805 te
2473 1749 2685 1818 diligat,
2719 1758 2881 1816 atque
2911 1747 3140 1800 libent-3r

1863 1845 2191 1916 Obsequium
2220 1845 2392 1915 possit
2419 1842 2628 1897 solvere
2659 1854 2801 1911 saepe
2834 1838 2952 1893 tibi.

1795 1941 1971 1996 Mente
1995 1941 2128 1995 satis
2155 1940 2271 1994 miti
2295 1928 2519 1993 devotus
2548 1940 2600 1993 in
2629 1936 2820 1991 ordine
2838 1928 2998 2000 vivit,

1865 2035 1919 2088 In
1942 2050 2048 2104 quo
2070 2033 2348 2104 perficitur
2372 2030 2809 2099 Cunctipotentis
2831 2045 2994 2101 opus.

1793 2122 1946 2179 Nunc
1969 2123 2064 2179 tibi
2095 2124 2203 2178 sint
2229 2122 2524 2185 satis’hzec,
2551 2120 2753 2187 valeas,
2781 2130 3127 2189 vestrumque
3165 2133 3374 2173 meum.

2384 2228 2392 2237 .
2800 2226 2804 2230 _
3078 2209 3209 2282 {qua

1866 2306 2069 2363 Onoma
2092 2305 2377 2376 quaesitum
2407 2303 2665 2360 carminis
2687 2317 2780 2359 ora
2814 2301 3014 2357 ferunt.

2006 2485 2245 2557 Hymnus
2273 2486 2509 2555 ejusdem
2534 2486 2587 2539 iu
2619 2483 2830 2537 laudem
2858 2481 2915 2537 S.
2947 2481 3178 2536 Sabinis.

2011 2579 2219 2641 Praebe,
2250 2579 2487 2642 Christe,
2514 2574 2839 2632 canentibus

1941 2671 2135 2725 Munus
2167 2670 2351 2724 lietitia
2389 2659 2677 2740 martyris,
2710 2678 2769 2722 ut
2801 2660 2906 2721 tuae

1941 2763 2155 2818 Sabina:
2183 2778 2337 2816 sacra
2364 2762 2581 2831 praemia

1938 2855 2263 2909 Promautur
2289 2840 2492 2921 pariter
2513 2852 2760 2917 vocibus,
2796 2859 2851 2904 et
2881 2850 3017 2921 lyra.

2030 2943 2207 2999 Claris
2234 2951 2353 2998 orta
2384 2934 2723 3012 parentibus,

1933 3036 2150 3091 Pollons
2177 3036 2360 3090 eximii
2392 3032 2646 3104 coniugio
2682 3032 2784 3086 viri

1939 3126 2229 3181 Prmstanti
2259 3123 2401 3179 facie
2428 3123 2620 3188 nimis,
2904 3190 2907 3191 ν

1937 3218 2147 3278 Morum
2182 3217 2339 3288 plena
2374 3216 2530 3280 satis,
2560 3216 2712 3270 dives
2746 3230 2907 3285 opum
2940 3212 3059 3267 fuit.

2012 3308 2166 3363 Hanc
2189 3310 2342 3378 virgo
2371 3307 2592 3362 monitis
2620 3306 2732 3361 suis

1942 3394 2227 3466 Seraphim
2259 3393 2427 3464 probe
2451 3392 2657 3449 fecerat
2680 3391 2823 3446 idola

1942 3485 2081 3541 Toto
2111 3486 2275 3540 corde
2304 3484 2635 3554 relinquere,

1943 3576 2273 3644 Factorique
2297 3590 2398 3629 suo
2428 3575 2651 3629 credere
2681 3573 2913 3628 concite.

2022 3663 2389 3734 Sprevitjura
2419 3663 2743 3733 potentium,

1943 3753 2149 3809 Durum
2182 3768 2288 3807 non
2320 3752 2499 3806 timuit
2530 3750 2776 3821 supplicii
2808 3766 3001 3821 genus,

1946 3846 2052 3902 Sed
2081 3846 2328 3917 praebens
2354 3845 2537 3915 gladio
2570 3851 2735 3912 caput
2770 3868 2775 3874 ι

1941 3936 2195 3992 Centena
2220 3936 2414 3989 merito
2444 3933 2612 4005 frugis
2645 3932 2758 3987 adit
2782 3932 3029 4002 gradum.

2016 4025 2108 4080 Sic
2140 4025 2191 4079 in
2221 4033 2394 4078 morte
2425 4023 2589 4078 semel
2619 4038 2748 4078 suos

1942 4116 2297 4172 Abscondens
2323 4116 2507 4170 oculos
2534 4104 2754 4186 semper
2782 4128 2951 4169 ovans
2980 4112 3151 4179 videt,

1945 4207 2088 4262 Solis
2118 4207 2363 4278 perpetui
2379 4206 2542 4274 jub’ar

1946 4299 2233 4369 Nunquam
2257 4298 2515 4353 deficiens
2540 4296 2702 4366 hujus
2731 4283 2835 4352 erit
2863 4296 3000 4351 dies.

2016 4389 2167 4445 Felix
2198 4389 2330 4444 orbe
2363 4388 2659 4458 potentior,

1944 4478 2077 4547 Quae
2105 4477 2301 4535 ccelum
2327 4479 2517 4549 recipit
2536 4477 2800 4549 sanguine
2826 4492 2924 4547 pro
2955 4490 3079 4542 suo,

1947 4571 2045 4625 Cui
2069 4584 2279 4625 merces
2306 4569 2592 4639 paradisus
2620 4578 2726 4634 est,

1948 4663 2083 4717 Vitae
2108 4663 2317 4717 deliciis
2346 4662 2588 4718 moribus
2619 4660 2865 4717 amiiens.

2016 4752 2129 4807 Illic
2157 4767 2462 4821 purpureus
2484 4766 2622 4805 rosae

1942 4846 2093 4905 Flos,
2116 4852 2171 4898 et
2200 4844 2399 4898 nardus
2432 4845 2594 4905 inest,
2630 4848 2825 4897 vernat
2852 4840 3229 4906 amarantlius,

1943 4939 2133 4994 Floret
2153 4950 2277 4991 eum
2305 4936 2464 4991 violis
2492 4950 2712 4999 crocus,
3094 4976 3098 4982 .

1945 5031 2170 5103 Spirant
2192 5016 2376 5093 thura,
2401 5030 2638 5101 thymus.
2669 5027 2803 5091 lilia,
2831 5025 3153 5081 balsamum.

2018 5119 2262 5191 Hymnos
2295 5119 2526 5190 angelici
2557 5118 2737 5182 chori,

2603 5222 2817 5232 --“‘AA‘
2848 5203 3079 5232 ..-Α-..ηιξ

2006 5230 2011 5231 .
2032 5210 2282 5232 4J!-_.-_.
2317 5226 2432 5232 ..-_-
2462 5226 2548 5232 μ-..

3251 257 3267 310 l
3279 256 3386 313 233
