3936 5402
171 318 196 373 l
207 318 314 374 ΗΞ

928 438 1017 493 Vl.

585 527 659 582 De
688 527 744 582 S.
779 529 1032 584 Matt/nea
1069 529 1324 599 apostolo.

387 618 771 686 Apostolorum
807 621 971 675 nobili
1006 621 1250 684 victoria,

310 707 376 762 Et
420 711 677 764 retributa
709 726 810 780 pro
832 711 1024 767 labore
1047 711 1218 782 gloria

309 801 468 864 Coeli,
500 803 707 868 solique
731 803 854 858 lzeta
885 805 943 858 fit
965 804 1293 874 respublica,

311 893 378 947 Ut
410 910 618 948 summa
649 897 865 951 laudum
893 897 1182 952 conferunt
1206 912 1477 966 praeconia

307 983 516 1050 Quibus
543 987 739 1041 decora
780 997 958 1042 mater
979 998 1063 1043 est
1091 989 1354 1042 Ecclesia.

379 1076 474 1131 llic
497 1089 579 1132 est
601 1089 845 1143 senatus,
878 1081 1025 1150 Rege
1053 1082 1143 1150 qui
1174 1097 1296 1134 cum
1333 1081 1519 1151 gloriae

307 1166 402 1221 Die
431 1185 685 1239 supremo
715 1174 1024 1242 prazsidehit
1052 1173 1256 1228 arbiter

306 1259 386 1312 Ad
405 1257 757 1326 judicandum
787 1279 949 1319 omne
977 1281 1162 1318 semen
1187 1265 1376 1328 lsrael,

303 1348 469 1419 Cujus
499 1363 739 1420 potestas
772 1357 924 1409 novit
953 1355 1091 1409 altas
1123 1355 1376 1411 claudere

301 1441 488 1506 Seras,
524 1444 834 1515 iterumque
861 1447 1014 1500 clave
1053 1447 1248 1516 lingua:
1271 1449 1509 1518 pandere

369 1532 428 1586 In
461 1534 560 1588 hoc
592 1536 751 1590 beato
778 1538 1080 1606 principum
1105 1539 1336 1608 collegio

304 1625 586 1683 Matthaeus
614 1629 756 1684 almo
784 1631 1048 1700 gloriatur
1075 1633 1324 1698 praemio,

305 1718 408 1784 Qui
439 1736 566 1775 mox
594 1723 786 1777 relicto
817 1726 1014 1778 merito
1039 1725 1255 1793 negotio

299 1813 574 1867 Christum
597 1824 816 1870 secutus
844 1817 961 1885 ejus
986 1833 1013 1868 a
1048 1817 1350 1885 primordio

303 1903 706 1962 Humanitatem
737 1908 957 1976 scripsit
977 1909 1231 1963 omnibus
1253 1910 1420 1979 prior.

368 1997 572 2069 Auriga
597 2015 791 2054 currus
818 2001 1024 2069 primus
1051 2010 1135 2056 est
1166 2003 1454 2068 mirabilis,

303 2089 501 2146 Servat
529 2092 780 2147 Phisonis
809 2105 863 2147 et
894 2095 1120 2163 figuram
1145 2093 1406 2161 ﬂuminis,

295 2183 656 2255 Evangelistis
683 2185 770 2240 cui
803 2187 964 2240 datur
987 2201 1098 2256 prze
1125 2187 1338 2242 caeteris

302 2272 557 2328 Formam
589 2291 854 2345 suprema:
878 2276 1022 2331 ferre
1045 2277 1498 2346 pulchritudinis;

296 2361 432 2417 Nam
461 2364 609 2419 solus
641 2348 708 2419 ex
740 2366 826 2420 his
846 2375 931 2420 est
958 2367 1122 2421 homo
1153 2367 1430 2422 notabilis.

373 2453 536 2508 Trina
565 2455 793 2526 refulget
818 2456 1083 2526 dignitate
1117 2471 1428 2522 munerum,

297 2542 485 2598 Refert
507 2553 565 2598 ut
586 2560 747 2600 omne
770 2546 1106 2601 concinendo
1129 2547 1408 2610 saeculum,

291 2634 660 2707 Evangelista,
697 2646 925 2708 martyr,
953 2646 1009 2692 et
1033 2638 1329 2707 apostolus.

292 2721 447 2791 Quod
477 2724 582 2779 tale
609 2724 743 2778 nulli
765 2723 832 2780 de
853 2726 965 2781 suis
994 2727 1342 2782 consortibus

292 2811 517 2869 Videtur
547 2831 783 2885 unquam
813 2817 1103 2888 contigisse
1134 2819 1434 2886 praemium.

362 2907 565 2963 Gentes
585 2909 891 2979 propinquo
917 2909 1048 2965 solis
1073 2920 1223 2966 ustas
1249 2911 1482 2979 climate,

294 2998 555 3068 lntusque
597 3000 795 3055 tinctas
823 3001 1112 3055 criminum
1138 3001 1388 3072 fuligine,

295 3089 375 3145 Ne
406 3092 599 3147 mortis
621 3101 738 3146 atra
763 3102 1051 3163 vergerent
1078 3094 1338 3164 caligine,

292 3181 479 3239 Nitere
505 3183 632 3240 fecit
657 3195 858 3250 mente,
889 3186 1015 3240 dum
1049 3187 1280 3242 ﬁdeliter

298 3273 502 3346 Signis,
531 3283 586 3330 et
613 3278 754 3331 almo
782 3277 1032 3333 liberavit
1061 3278 1282 3336 famine.

365 3365 639 3434 Matthzee,
662 3378 841 3440 grates
871 3369 1105 3429 debitas.
1133 3373 1397 3441 apostolo,

297 3458 468 3530 Digne
493 3470 708 3516 tuorum
741 3461 941 3516 civium
963 3461 1078 3530 jam
1107 3464 1340 3532 suscipe,

291 3550 442 3618 Quos
467 3552 551 3608 fac
580 3553 647 3608 ab
677 3555 822 3608 omni
855 3569 978 3609 esse
1019 3563 1161 3610 tutos
1199 3556 1452 3623 crimine,

296 3641 370 3696 Ut
392 3657 450 3698 se
477 3644 658 3699 futuro
686 3647 925 3700 sentiant
947 3647 1200 3703 examine

295 3731 413 3788 Tali
436 3744 664 3804 patrono
687 3736 933 3806 paruisse
971 3745 1211 3792 strenue.

364 3825 449 3881 Sit
475 3826 726 3882 Trinitati
756 3843 966 3884 summa
1000 3827 1140 3896 laus,
1173 3838 1229 3884 et
1257 3831 1452 3902 gloria,

293 3915 472 3981 Salus,
498 3919 778 3990 honorque
807 3934 1018 3990 perpes,
1059 3930 1114 3976 et
1141 3924 1380 3992 potentia

296 4005 558 4078 Simplex,
592 4019 647 4065 et
676 4027 780 4065 una
802 4025 923 4080 gen.
968 4050 981 4064 .
1025 4051 1039 4065 .
1081 4050 1095 4065 .
1141 4014 1444 4080 teternitas,

294 4097 364 4152 Et
393 4113 553 4168 quam
583 4110 765 4157 creata
792 4101 1122 4158 confitentur
1150 4105 1357 4170 omnia,

291 4185 398 4241 Per
426 4198 618 4244 cuncta
644 4206 860 4261 semper
882 4192 1205 4250 saeculorum
1235 4196 1454 4250 saecula.

361 4281 557 4336 Amen.

891 4377 996 4433 νυ.

644 4466 784 4522 Item
807 4468 944 4523 alius
969 4469 1226 4538 ejusdem.

287 4549 519 4617 Lzetare,
545 4562 742 4620 mater,
771 4556 1010 4623 parturis
1032 4572 1153 4626 quae
1186 4557 1345 4622 filios,

218 4645 472 4700 Fecunda
504 4645 620 4717 Ugo
645 4661 884 4716 semper,
906 4656 961 4700 et
987 4648 1308 4716 purissimos

219 4737 368 4803 Quos
391 4737 608 4809 lympha
636 4749 824 4809 partus
849 4739 982 4803 edit,
1013 4746 1177 4807 atque
1206 4739 1452 4806 spiritus,

219 4823 346 4878 Tibi
373 4839 469 4894 per
497 4840 688 4880 omnes
712 4826 982 4881 motiones
1011 4833 1338 4894 temporum.

289 4913 532 4969 Primum
562 4916 752 4971 salutis
781 4926 891 4971 tam
923 4931 1080 4970 sacro
1111 4915 1377 4984 mysterio

213 5007 599 5076 Apostolorum
623 5008 784 5080 fulgis
814 5024 883 5064 ex
909 5008 1154 5080 collegio,

211 5096 365 5153 Nites
403 5108 458 5154 et
483 5099 601 5170 ejus
636 5099 838 5170 inclyte
861 5101 1180 5163 certamine,

209 5190 310 5246 Cui
343 5191 435 5245 dat
467 5191 769 5261 triumphos
797 5191 970 5246 laudis
1001 5191 1237 5249 mundus
1264 5189 1375 5246 hac
1403 5193 1492 5253 die

288 5282 383 5332 Est
410 5283 529 5332 haec
547 5281 782 5332 Matthmi
814 5282 1006 5332 nobilis
1027 5279 1332 5332 festivitas:

1649 314 1915 371 CARMIN

1787 432 1836 491 Δ

1924 319 1983 371 Α.

1934 429 2124 492 Sonat.
2153 443 2391 490 canente
2413 433 2589 504 plebe.
2621 436 2769 494 claro
2799 439 3048 510 dogmate

1929 522 2048 578 Tibi
2073 526 2348 592 decenter,
2379 537 2437 582 ut
2465 529 2658 599 placet,
2689 530 2767 586 sic
2797 531 3030 600 corrige.

1997 616 2076 668 Tu
2106 633 2269 686 prava
2295 622 2650 689 quorumdam
2685 622 2988 676 daemonum
3017 617 3247 676 ludibria

1925 704 2097 776 Magis
2127 718 2346 777 peracta
2377 710 2579 765 clarius
2605 712 2912 776 detexeras,

1926 801 2030 866 Qui
2059 801 2257 856 damna
2290 805 2480 858 mortis
2512 805 2780 874 pertulere
2815 805 3074 874 pessima,

1921 892 2131 960 Quibus
2156 895 2387 950 latenter
2415 905 2492 951 tot
2519 912 2642 952 reos
2674 895 2992 952 effecerant.

1995 984 2238 1056 Utraque
2265 989 2474 1058 lapsum
2502 1002 2676 1045 morte
2708 992 2850 1060 regis
2881 990 3100 1045 unicum

1927 1077 2176 1134 Orationi
2207 1080 2482 1134 suscitasti
2515 1079 2704 1135 lilium.

1922 1167 2049 1222 Post
2077 1168 2188 1222 luec
2219 1179 2502 1238 tyrannum
2526 1170 2651 1222 dum
2683 1170 2888 1226 refutas
2916 1170 3152 1225 Irtacum

1923 1259 2061 1314 llinc
2090 1272 2298 1332 martyr
2327 1269 2473 1315 astra
2503 1263 2736 1326 scandis,
2775 1264 2901 1318 hinc
2929 1263 3224 1334 apostolus.

1989 1349 2333 1418 Evangelista
2365 1351 2599 1419 gloriose
2625 1369 2912 1408 numerum

1921 1442 2254 1511 Acceptione
2281 1443 2482 1506 dedita,
2512 1442 2648 1510 jam,
2681 1459 3012 1512 quaesumus,

1920 1531 2154 1588 leeste
2175 1549 2399 1601 regnum
2432 1535 2659 1604 impetra
2686 1535 2958 1600 fidelibus,

1921 1625 2164 1694 Quorum
2193 1627 2396 1682 videris
2425 1627 2617 1696 hospes
2639 1643 2761 1682 esse
2791 1628 3010 1683 sedulus

1991 1725 2126 1780 Cum
2160 1723 2320 1778 Patre
2344 1735 2568 1794 praestet
2588 1726 2690 1780 hoc
2719 1739 2989 1794 supernus
3022 1723 3223 1790 Filius,

1770 1807 1819 1869 Β
1917 1815 2151 1870 Sanctus
2177 1815 2444 1884 simulque
2472 1815 2766 1884 parilisque
2794 1814 3050 1885 Spiritus,

1860 5302 1972 5332 1..-

1923 1905 2132 1974 Quibus
2163 1905 2233 1960 sit
2253 1906 2429 1960 omnis
2456 1907 2593 1967 laus,
2627 1909 2907 1976 honorque
2937 1905 3172 1970 debitus,

3301 322 3442 381 1⁸126

1919 1997 2122 2066 Perpes
2152 2005 2390 2066 potestas
2420 2000 2625 2067 absque
2648 1998 2756 2052 line
2789 2005 3112 2069 temporum.
3152 1994 3346 2050 Amen.

2579 2087 2709 2142 Vill.

2412 2181 2563 2236 Attus
2593 2181 2849 2252 ejusdem.

2200 2275 2420 2341 Adesto,
2453 2284 2643 2331 sancte
2671 2275 2924 2348 Spiritus,

2132 2360 2299 2419 Nobis
2324 2375 2444 2420 tuas
2474 2365 2796 2422 canentibus

2133 2450 2348 2508 Laudes
2387 2455 2439 2508 in
2470 2454 2574 2510 hac
2611 2455 2841 2526 apostoli

2132 2542 2451 2599 Festivitate
2480 2545 2674 2601 nobili.

2203 2633 2375 2701 Quem
2402 2650 2500 2704 pro
2528 2635 2666 2691 lucri
2692 2637 2968 2708 cuptoine,

2129 2722 2271 2778 Foro
2298 2733 2544 2792 vacante,
2581 2726 2789 2792 sedule,

2131 2813 2210 2866 Ex
2237 2814 2530 2884 publicano
2560 2818 2807 2887 protinus

2125 2903 2286 2960 Facis
2317 2907 2532 2977 replens
2556 2910 2852 2978 apostolus,

2197 2998 2295 3055 Hic
2318 3001 2584 3072 languidis
2613 3006 2925 3073 pectoribus

2127 3090 2450 3148 Perustione
2471 3094 2762 3152 criminum

2129 3178 2325 3237 Verbis
2354 3183 2618 3239 medelam
2646 3186 2882 3255 praebuit

2127 3274 2174 3330 A
2203 3283 2254 3330 te
2283 3276 2385 3332 sibi
2412 3277 2526 3348 jam
2551 3279 2797 3337 creditis.

2208 3367 2362 3424 Lavit
2391 3384 2548 3426 sacro
2581 3371 2904 3443 baptismate

2091 3487 2105 3502 ι
2126 3458 2331 3530 Regem
2357 3461 2517 3517 simul
2545 3477 2670 3518 cum
2697 3465 2954 3537 conjuge,

2142 3551 2385 3618 Quorum
2410 3561 2662 3623 potenter
2688 3556 2858 3612 lilium
2889 3575 2892 3578 ’

2125 3639 2495 3698 Resuscitavit
2511 3653 2813 3700 mortuum.

2197 3731 2459 3788 Sermone
2468 3733 2616 3805 justo
2642 3735 2859 3808 nuptias

2133 3823 2468 3880 Confuderat
2491 3827 2831 3897 tyrannicas,

2120 3912 2228 3968 Pr‘o
2251 3928 2359 3983 quo
2389 3915 2618 3971 decorus
2639 3916 2843 3974 laurea

2131 4003 2343 4077 Martyr
2366 4005 2552 4077 polum
2583 4010 3015 4067 transcenderat.

2195 4097 2444 4154 Concede
2464 4099 2602 4169 jam,
2630 4099 2929 4167 Paraclite,

2127 4190 2200 4247 Ut
2224 4209 2324 4248 nos
2352 4193 2406 4247 in
2436 4194 2540 4249 isto
2569 4203 2812 4264 tempore

2125 4282 2404 4339 Possimus
2430 4299 2620 4340 omnes
2646 4285 2817 4342 libere

2124 4374 2258 4446 Ejus
2288 4375 2563 4448 triumpho
2583 4376 2788 4432 vivere.

2197 4467 2327 4523 Tuae
2353 4467 2590 4525 refertur
2611 4473 2800 4544 gratiae

2131 4558 2346 4616 Nostra:
2367 4562 2510 4631 quod
2539 4562 2678 4618 idem
2707 4572 2900 4634 patrne

2125 4651 2297 4718 Civis,
2327 4663 2593 4723 paterque
2621 4656 2844 4720 dicitur,

2125 4743 2282 4812 Quod
2309 4754 2365 4798 et
2397 4755 2644 4814 patenter
2671 4749 2932 4803 creditur.

2195 4835 2422 4890 Summo
2451 4835 2670 4892 Parenti
2709 4838 2900 4908 gloria,

2130 4924 2197 4978 Et
2221 4921 2364 4977 Filio
2387 4924 2642 4989 victoria,
2703 4951 2706 4953 λ

2137 5015 2365 5083 'I‘ibique
2387 5015 2505 5072 laus
2526 5017 2596 5070 sit
2621 5018 2806 5074 debita

2138 5107 2239 5162 Per
2267 5107 2585 5162 seculorum
2615 5108 2839 5165 saecula.
2881 5109 3102 5172 Amen.

2594 5196 2688 5254 1X.

1984 5305 2259 5332 -..ροηφιιηι
2295 5304 2379 5332 mn
2389 5300 2531 5332 rhnn
2540 5306 2585 5332 m
2631 5291 2922 5332 Fas-lunai;

2997 5288 3120 5332 ηηῖἱ
3163 5292 3204 5332 et
3249 5290 3467 5332 Anthea-
