3936 5402
475 252 610 324 mi

547 372 782 431 Hostiles
803 377 1006 425 cuneos
1028 367 1275 435 frangere
1300 358 1532 420 fortiter,

546 470 837 523 Certavere
863 461 945 517 sui
976 456 1220 527 corporis
1244 453 1424 518 obice,

550 560 621 616 Ut
648 554 987 629 postTunera
1017 550 1282 605 viverent.

618 650 677 705 In
709 646 853 718 regis
875 643 1037 715 positi
1063 654 1209 695 nunc
1234 635 1541 691 diademate

553 742 850 799 Stellarum
870 736 1049 809 potius
1076 730 1280 787 lumine
1303 726 1630 799 praenitent;

554 831 817 892 Donativa
844 828 959 885 suis
987 822 1252 881 militibus
1278 818 1427 875 dedit

552 924 805 983 Christus
827 919 1001 977 Filius
1025 918 1142 975 haec
1165 914 1280 969 Dei.

626 1015 703 1070 Ex
734 1023 964 1083 quorum
995 1019 1228 1063 numero
1252 1008 1381 1058 sunt
1408 998 1607 1070 quibus
1628 994 1836 1066 optime

506 1119 510 1122 ‘
554 1103 778 1161 Gaudet.
797 1101 949 1172 plebs
968 1097 1132 1160 hodie
1159 1093 1371 1151 cantica
1400 1103 1674 1160 promere,

557 1195 714 1251 Plebs
736 1193 912 1249 laudis
948 1198 1138 1246 nostra
1167 1186 1271 1256 piae
1309 1193 1459 1238 tanta
1484 1178 1625 1236 velut
1650 1178 1807 1235 decet

561 1285 730 1356 Hujus
752 1282 958 1339 lumina
978 1279 1189 1352 patriar.

627 1378 947 1443 Fortunate,
976 1371 1082 1428 tuis
1112 1380 1267 1425 utere
1294 1363 1572 1437 prosperis

560 1465 744 1521 Rebus
771 1476 896 1518 cum
927 1458 1142 1515 meritis
1167 1455 1254 1510 cui
1288 1461 1413 1508 nota
1441 1447 1678 1504 nominis

561 1555 866 1612 Concordat
891 1552 1124 1623 pariter,
1157 1559 1362 1615 nosque
1390 1554 1478 1598 tua
1504 1555 1664 1612 prece

562 1650 638 1705 Da
668 1645 907 1727 gaudere
931 1639 1264 1713 perenniter.

636 1726 711 1794 Et
735 1745 813 1804 tu,
844 1734 1001 1804 Gnie,
1032 1731 1192 1797 bonis
1218 1726 1458 1783 moribus
1490 1736 1676 1778 annue

563 1831 730 1887 Nobis
757 1828 976 1903 assidue
997 1825 1161 1881 corda
1192 1821 1505 1886 retundere,

568 1924 636 1978 Et
663 1921 807 1993 quod
837 1931 981 1974 nunc
1016 1915 1270 1986 petimus,
1306 1924 1524 1967 sumere
1546 1916 1734 1979 postea

565 2015 676 2070 Nos
707 2011 940 2068 feliciter
961 2008 1176 2078 adjuva.

642 2102 856 2160 Antlies
881 2107 1142 2171 perpetuo
1164 2095 1369 2150 lumine
1404 2089 1687 2164 splendide

577 2197 674 2252 llis
696 2204 752 2251 et
778 2208 879 2265 par
907 2189 1103 2245 merito
1119 2187 1242 2257 jure
1270 2200 1371 2241 nec
1401 2184 1590 2238 ultime

575 2289 929 2344 Communem
953 2280 1241 2349 Dominum
1265 2276 1351 2333 fac
1380 2276 1537 2332 toties
1567 2287 1724 2346 roges

575 2364 682 2437 Pro
708 2378 886 2443 nobis,
916 2374 1129 2446 quoties
1153 2379 1331 2443 potest.

646 2473 762 2529 Hoc
798 2469 955 2526 nobis
983 2466 1184 2527 Deitas,
1214 2478 1333 2535 rex,
1370 2470 1461 2517 tua
1485 2458 1733 2516 conferat

579 2563 897 2623 Discordem
921 2558 1165 2619 numeris
1191 2557 1503 2627 congeriem
1535 2553 1737 2625 ligans,

582 2659 653 2715 Ut
677 2667 855 2713 tecum
882 2651 1067 2708 stabili
1088 2662 1223 2721 pace
1243 2663 1342 2719 per
1365 2644 1556 2715 omnia

581 2750 841 2804 Vivamus
869 2742 964 2801 tibi
990 2740 1208 2799 saecula.
1279 2739 1476 2793 Amen.

1268 2828 1336 2884 Χ.

980 2896 1119 2982 lteri:
1147 2924 1285 2981 alius
1315 2923 1381 2979 de
1400 2920 1622 2978 eisdem.

868 3025 1047 3088 Salve,
1082 3025 1220 3089 dies,
1251 3021 1527 3077 tutori-bus

796 3118 1009 3175 Nostris
1034 3117 1235 3182 dicata,
1262 3115 1515 3171 laudibus

692 3267 699 3275 .
793 3211 1049 3284 Insignis,
1078 3219 1134 3264 et
1164 3208 1458 3263 virtutibus

802 3299 1266 3365 Summisdecora
1290 3308 1615 3367 martyrum.

876 3392 980 3460 Qui
1002 3391 1106 3447 rite
1126 3386 1519 3459 temporalibus

806 3486 944 3543 Dum
973 3474 1302 3555 sempiterna
1326 3479 1643 3552 praeferunt,

801 3576 1076 3636 Macronis
1101 3577 1213 3635 ictu
1242 3573 1458 3630 concito

806 3671 1007 3729 Christi
1038 3670 1339 3742 probantur
1367 3664 1591 3721 milites.

879 3766 1021 3822 Sunt
1045 3762 1185 3820 mira
1206 3775 1331 3832 qua:
1343 3769 1465 3830 post
1486 3757 1782 3813 transitum

809 3857 906 3915 His
937 3855 1239 3927 contigisse,
1258 3853 1529 3909 creditur.

807 3954 949 4006 Aves
967 3962 1156 4006 eorum
1182 3960 1415 4016 corpora

808 4040 1199 4099 Custodiebant
1235 4035 1537 4107 splendida.

884 4133 1121 4190 Obsessa
1149 4130 1267 4186 dire
1296 4128 1499 4200 patria,

810 4225 879 4281 Et
902 4237 1040 4296 pene
1065 4222 1229 4279 morti
1261 4218 1479 4282 tradita,

814 4314 1011 4370 Mansit
1038 4318 1264 4382 repente
1288 4308 1460 4363 libera

814 4411 1020 4467 Horum
1049 4406 1268 4477 quidem
1284 4403 1548 4457 victoria.

887 4497 1094 4552 Secura
1121 4491 1236 4561 iam
1265 4488 1586 4546 concivibus

817 4587 1004 4646 Sancti
1035 4584 1264 4643 Salerne
1298 4581 1514 4638 dulcius

819 4680 1009 4736 Praebe
1035 4677 1142 4733 tuis
1162 4674 1463 4731 victoribus

800 4769 1025 4847 .Laudis
1053 4782 1208 4825 novre
1234 4763 1583 4836 praeconium.

895 4862 957 4917 lli
985 4869 1113 4918 sunt
1133 4858 1334 4929 quibus
1358 4857 1657 4925 Saepissime

821 4956 899 5011 Te
924 4950 1188 5025 gratulari
1205 4949 1489 5012 condecet,

827 5048 1068 5113 Quorum
1090 5043 1301 5116 putaris
1319 5053 1544 5094 munere

827 5139 970 5194 Metu
1007 5147 1256 5205 represso
1284 5133 1491 5187 vivere.

897 5227 1091 5284 Hostes
1123 5223 1220 5280 tibi
1248 5220 1492 5278 visibiles

824 5318 1017 5385 Peilat,
1047 5327 1103 5371 et:
1133 5313 1467 5376 invisibiles;

1478 228 1774 300 ALrni‘Nt
1814 232 2271 294 SALEMITANI
2301 228 2618 289 Aticntzip.

2085 352 2135 412 Δ

2446 342 2514 395 Ει
2551 333 2776 393 Flamini
2807 331 2926 388 laus
2960 327 3138 387 debita

2449 431 2553 486 Per
2582 424 2901 483 saeculorum
2922 419 3137 477 smeula.
3161 418 3355 472 Amen.

2678 629 2755 686 De
2780 535 3243 685 sanciLNicolao.

2380 747 2495 804 Rex
2528 760 2735 815 regum,
2768 743 2913 799 Deus
2941 739 3201 799 omnium,

2314 837 2638 894 Sanctorum
2665 834 2830 888 decus
2852 840 2909 886 et
2928 829 3122 902 gloria,
3148 827 3239 897 qui
3269 826 3436 881 duces

2314 930 2496 985 Sacrae
2526 924 2731 981 militiae
2760 922 2914 977 novis

2314 1022 2542 1091 Semper
2578 1016 2892 1073 muneribus
2918 1013 3233 1086 perspicuos
3263 1008 3399 1062 facis
3426 1025 3441 1059 :

2385 1112 2562 1169 Ornas
2583 1119 2637 1165 et
2662 1108 2966 1164 diademate

2315 1203 2489 1276 Regni
2519 1198 2798 1273 perpetuo,
2822 1214 2927 1270 quo
2955 1197 3158 1268 pariter
3185 1195 3314 1258 frui,

2317 1294 2523 1349 Tecum
2552 1290 2753 1346 vixisse
2780 1298 3025 1361 tempore

2319 1386 2461 1441 Ante
2489 1382 2739 1454 principii
2776 1380 3022 1438 constitit
3051 1387 3115 1434 ut
3140 1377 3306 1433 diem.

2391 1477 2602 1532 Adsunt
2633 1475 2774 1530 unde
2804 1471 3061 1537 celebria,

2320 1569 2527 1628 Horum
2556 1567 2692 1623 festa
2723 1566 2828 1638 piis
2854 1561 3105 1619 laudibus
3132 1576 3331 1628 annua,

2325 1661 2459 1718 Cum
2488 1658 2720 1713 mundus
2748 1672 2845 1712 sua
2874 1654 3097 1727 prmmia

2327 1753 2432 1810 Per
2458 1753 2702 1808 dimensa
2732 1750 2813 1806 sui
2846 1749 3067 1806 climata
3101 1746 3380 1820 prmdicat.

2398 1841 2474 1897 Te
2500 1840 2846 1912 poscentibus
2867 1854 3048 1894 annue

2331 1934 2419 1991 Uti
2448 1932 2749 1990 dulcisonis
2772 1932 3026 1987 cantibus

2331 2023 2583 2082 Nicolaus
2614 2022 2728 2077 adit
2752 2022 2933 2077 sidera
2958 2019 3213 2092 fulgidus.

2406 2205 2463 2263 In
2488 2213 2679 2276 quarta
2708 2218 2840 2273 puer
2869 2203 2959 2258 liic
2989 2200 3177 2267 semel,

2341 2296 2405 2355 Et
2436 2306 2590 2353 sexta
2620 2295 2752 2350 feria
2785 2303 3007 2349 suxerat
3035 2293 3222 2357 ubera,

2336 2388 2489 2457 Quod
2521 2384 2766 2441 mirabile
2791 2384 3077 2454 prandium

2338 2480 2690 2537 Contractum
2715 2476 2934 2530 minime
2959 2474 3011 2529 te
3031 2474 3149 2530 sine
3168 2471 3429 2529 creditur.

2408 2568 2726 2627 Transactis
2748 2566 3050 2638 puerilibus

2344 2663 2538 2727 Annis,
2567 2660 2822 2717 Ecclesia:
2849 2659 3033 2714 limina
3061 2654 3260 2730 sa'pius

2344 2755 2655 2812 Observans
2690 2750 3004 2823 patrimonii

2345 2847 2628 2905 Hmredem
2659 2845 2775 2901 ﬁeri
2811 2853 2864 2899 te
2889 2841 3059 2898 voluit
3085 2841 3191 2897 sui.

2416 2941 2562 2994 Auro
2591 2952 2696 2993 non
2730 2936 2944 2992 modico
2971 2934 3072 2988 viri

2347 3031 2514 3087 Sedat
2543 3028 2879 3101 pauperiem,
2901 3041 3060 3099 quam
3083 3025 3289 3096 patitur
3316 3023 3451 3078 inise

2351 3120 2550 3191 Stupro
2580 3118 2823 3190 germine
2855 3118 3064 3173 nobiles

2350 3210 2487 3268 Tres
2516 3226 2547 3265 a
2576 3226 2634 3265 se
2660 3211 2873 3282 genitas
2905 3209 3115 3265 tradere
3144 3207 3408 3279 virgines.

2422 3303 2536 3358 Hoc
2566 3302 2747 3375 Myrea
2780 3300 3090 3371 metropolis
3132 3332 3143 3336 -

2355 3395 2523 3466 Digna
2557 3393 2852 3464 promeruit
2883 3393 3114 3464 praesule
3140 3406 3240 3463 pro
3269 3391 3375 3457 sui,

2354 3487 2528 3556 Quem
2556 3486 2738 3543 divina
2771 3486 3019 3542 ﬁdelibus

2356 3578 2474 3634 Vox
2497 3577 2679 3632 audita
2711 3577 2819 3632 tuis
2841 3578 3021 3648 signat
3048 3576 3385 3646 episcopum.

2425 3669 2751 3741 Compulsus
2776 3669 3043 3739 precibus,
3071 3668 3240 3723 maris

2355 3759 2693 3832 Compressu
2721 3759 2882 3815 citius
2906 3759 3109 3829 grande
3136 3756 3462 3830 periculum,

2357 3853 2426 3908 Et
2453 3860 2619 3924 ponto
2639 3866 2807 3924 prope
2835 3852 3091 3907 subrutos

2361 3944 2677 4016 Tranquillo
2702 3944 2921 4015 penitus
2952 3943 3188 4000 restituit
3215 3942 3356 3999 locos

2429 4036 2621 4093 Nautis
2645 4036 2722 4092 nil
2748 4036 2964 4103 minuit,
2990 4029 3192 4091 datum

2358 4133 2605 4201 Angusto
2626 4130 2806 4187 sancis
2833 4130 2887 4186 in
2919 4128 3450 4200 temporetriticum,

2362 4223 2471 4280 Sed
2496 4237 2592 4294 per
2613 4223 2742 4296 juge
2766 4223 3046 4278 biennium

2363 4311 2587 4368 Cunctis
2616 4313 2718 4369 hoc
2741 4311 2919 4368 fuerat
2948 4313 3102 4384 copia
3132 4311 3359 4369 civibus.

2435 4402 2619 4459 Hostis
2643 4402 2925 4460 fraudibus
2947 4405 3171 4460 obvians

2367 4496 2582 4552 Versuti
2608 4496 2798 4567 pelago
2826 4510 2921 4552 vas
2946 4496 3122 4552 oleum
3147 4494 3326 4552 ferens

2368 4585 2581 4643 Elfundi
2601 4587 2752 4657 jubet
2782 4586 2958 4653 ocius,

2370 4674 2524 4744 Quod
2552 4675 2849 4731 combussit
2884 4690 3038 4746 aqua:
3068 4675 3346 4731 materiam
3373 4674 3483 4729 diu.

2437 4767 2565 4823 Post
2589 4772 2748 4838 paena
2776 4764 2968 4840 capitis
2998 4779 3121 4823 reos

2373 4860 2509 4916 Tres
2534 4875 2562 4913 a
2587 4868 2759 4915 morte
2786 4860 2931 4915 viros
2952 4860 3114 4930 eripit
3136 4842 3385 4929 impiger,

2373 4949 2539 5018 Cujus
2566 4963 2799 5019 namque
2828 4949 3085 5018 potentias
3385 5013 3389 5017 ,

2373 5041 2441 5095 Et
2472 5039 2670 5095 clausae
2698 5038 2899 5096 bifores
2921 5048 3115 5109 sponte
3138 5052 3234 5095 sua
3262 5044 3458 5108 pateat.

2442 5130 2499 5184 In
2524 5130 2729 5185 somnis
2748 5129 2909 5185 modo
2937 5130 3227 5195 Caesarem,

2375 5218 2790 5290 Exarrhumque
2817 5222 2975 5275 modo
2996 5220 3211 5276 territat
3233 5218 3449 5280 acriter,

2378 5313 2440 5366 Et
2464 5310 2617 5367 valde
2647 5312 2852 5381 positus
2872 5310 3060 5379 procul
3104 5340 3107 5343 λ

3606 208 3728 263 ιεῆ
