3936 5402
101 275 260 334 ἰξίθ
1514 269 1641 326 (ἈΕ

1789 269 1839 321 λ·
3256 281 3394 336 ιέεο

265 391 374 443 lfoe
399 391 534 442 festo
566 387 788 458 placidis
814 401 935 440 cnzn
963 384 1056 440 tibi
1081 383 1348 440 laudibus.

341 482 412 536 Te
439 479 758 534 mirabiliter
779 479 930 541 colit,

265 573 494 634 Laudat,
521 571 831 640 magniﬁcat
857 569 1065 625 Griecia
1096 561 1327 633 nobilis:

261 662 373 716 Imo
407 663 570 716 tutius
601 661 750 714 orbis
780 662 894 716 hsce
1221 707 1226 712 .

259 753 471 808 Gaudet
495 763 638 809 meta
671 753 767 808 tibi
797 767 1020 808 munera
1053 752 1283 808 solvere.

333 835 516 899 Mundi
548 844 718 899 Iloma
742 855 904 914 caput
931 844 1039 899 tuis

263 935 546 1005 [Equalem
571 935 808 990 celebrat
838 950 1054 1005 semper
1083 933 1364 1007 apostolis,

258 1025 426 1095 Cujus
452 1026 642 1082 crebra
661 1027 940 1095 juVamina

261 1116 380 1172 Non
409 1117 594 1172 multis
618 1118 868 1188 precibus
899 1116 1115 1187 quaerit,
1139 1126 1191 1170 et
1223 1115 1475 1184 lmpetrat

333 1208 466 1277 Quis
490 1225 595 1266 non
621 1210 844 1264 duceret
871 1209 1018 1263 lnmc
1050 1209 1190 1263 diem

262 1296 483 1354 Festum
516 1299 633 1370 plus
665 1300 902 1369 reliquis.
936 1314 1058 1352 cum
1092 1297 1427 1369 genitoribus

263 1389 435 1446 Natus
462 1391 639 1446 reddit
659 1391 727 1446 ab
754 1391 1001 1446 hostibus

260 1484 469 1553 Raptos
494 1485 562 1540 ad
585 1485 718 1539 varii
743 1485 948 1540 servitii
966 1485 1178 1556 jngum.

339 1576 496 1631 Ponti
519 1577 842 1645 multiplices
865 1577 1016 1632 sinus
1325 1623 1332 1628 .

260 1667 575 1726 Observans
600 1669 741 1725 facili
767 1681 889 1725 cum
916 1681 1076 1740 prece
1107 1670 1370 1740 posceris.

261 1760 703 1830 Tempestatibus
735 1762 969 1817 horridis

262 1850 579 1908 Submersis
603 1853 829 1908 miseros
860 1854 1087 1908 navibus
1116 1854 1299 1924 eripis.

862 1944 971 1997 XII.

477 2034 544 2088 In
577 2034 784 2088 laudem
823 2046 1018 2088 sanrlrc
1055 2033 1355 2090 Christinm.

115 2123 293 2192 Virgo
317 2124 493 2179 dicata
521 2125 631 2179 Deo
659 2125 833 2190 nobis,
866 2125 1166 2190 Christina,
1193 2125 1395 2187 favete,

191 2217 280 2272 Sit
309 2218 495 2288 decus,
521 2228 685 2289 atque
705 2219 861 2287 quies
883 2217 1136 2273 omnibus
1161 2219 1260 2273 ista
1297 2219 1431 2272 dies.

119 2309 283 2367 Plebs
315 2312 450 2366 bene
474 2312 631 2366 docta
657 2311 820 2366 nimis
846 2311 940 2380 tibi
968 2310 1216 2366 laudibus
1243 2311 1405 2367 instat
1433 2310 1641 2375 amicis,

193 2400 378 2459 Possit
405 2413 462 2458 ut
490 2403 694 2459 auxilio
725 2413 839 2458 luta
871 2419 1092 2459 manere
1121 2414 1230 2458 tuo.

126 2491 203 2548 Tu
240 2496 436 2564 patria:
465 2494 598 2566 legis
620 2510 800 2552 mores
831 2496 964 2550 nihil
993 2512 1114 2550 esse
1146 2496 1355 2560 fateris,

197 2581 269 2641 Ut
292 2586 489 2642 doceas
513 2589 765 2652 comites,
789 2604 910 2658 qua:
937 2591 1008 2644 sit
1033 2589 1276 2644 habenda
1303 2590 1455 2643 ﬁdes.

128 2673 270 2729 Idola
301 2675 617 2752 confringis,
643 2677 956 2748 praefectum
993 2680 1244 2750 dogmate
1276 2680 1468 2741 vincis,

200 2767 336 2823 Esse
357 2767 524 2824 Deutn
552 2771 799 2837 credens,
823 2771 914 2841 qui
944 2788 1107 2842 super
1133 2781 1276 2827 astra
1305 2774 1476 2828 sedet.

130 2853 347 2928 Flagra,
377 2871 576 2926 rotam,
599 2860 806 2932 gladios
832 2863 1068 2932 primum
1096 2863 1322 2932 depellis
1347 2873 1554 2927 acutos,

202 2948 332 3004 Post
354 2950 542 3022 pelago
569 2966 801 3006 mersam
833 2963 884 3007 te
905 2953 1051 3008 dedit
1077 2954 1217 3008 unda
1245 2954 1412 3008 foras.

137 3041 238 3096 Sed
270 3054 426 3112 pater
449 3045 643 3100 inﬁdus
668 3047 833 3100 miser
857 3047 1056 3102 occidit
1097 3047 1266 3102 hostis
1297 3047 1529 3118 iniquus,

202 3134 322 3204 Ipse
348 3136 564 3207 quidem
588 3139 764 3207 petiit,
791 3146 841 3192 te
874 3139 1014 3208 Deus
1036 3141 1254 3209 eripuit.

137 3225 426 3298 Frangitur
448 3229 554 3284 olla
587 3231 720 3304 satis
747 3231 992 3285 conferta
1016 3231 1318 3308 liquoribus
1348 3243 1503 3296 atrts,
1571 3307 1580 3312 α

203 3321 382 3376 Aurea
413 3321 584 3378 delusi
621 3323 751 3378 solis
783 3323 960 3394 imago
993 3325 1120 3378 ruit.

139 3410 246 3466 [Ioc
269 3413 412 3468 male
441 3415 595 3469 turba
623 3414 803 3470 ferens
825 3417 891 3470 ad
911 3415 1110 3484 judicis
1141 3417 1348 3471 intonat
1367 3417 1530 3482 mdes,

206 3503 293 3558 Fit
324 3519 450 3559 reus
476 3505 526 3558 in
556 3521 718 3561 causa
749 3521 942 3560 censor
964 3516 1018 3560 et
1047 3507 1159 3576 ipse
1184 3517 1295 3560 tua.

141 3593 458 3652 Tradiderat
481 3599 584 3653 diri
616 3599 847 3654 flammis
876 3610 964 3653 ttta
997 3600 1238 3654 membra
1265 3601 1484 3666 camini,

207 3689 334 3756 Quae
367 3701 569 3757 tamen,
593 3701 652 3744 ut
674 3690 861 3755 voluit,
886 3691 1112 3762 perdere
1143 3707 1249 3746 non
1279 3693 1471 3762 potuit.

143 3779 402 3837 Occubuit
424 3782 636 3846 Marsus
661 3794 972 3854 serpentum
1000 3786 1270 3840 morsibus
1293 3797 1472 3854 aptus,

212 3872 438 3930 Nomine
461 3874 554 3929 sed
580 3874 792 3929 Domini
821 3875 1019 3930 restitit
1047 3875 1352 3930 incolumis.

145 3965 266 4021 lndc
295 3981 452 4022 cares
477 3965 678 4036 lingua,
707 3967 976 4021 truncaris
1004 3976 1235 4037 utraque
1264 3967 1524 4033 mamilla,

211 4056 451 4111 Inﬁceris
475 4055 696 4126 jaculis,
727 4057 807 4112 sic
829 4057 975 4113 celer
1008 4067 1152 4113 astra
1177 4058 1336 4128 petis.

148 4145 282 4216 Ergo
305 4148 462 4214 doce,
486 4149 639 4219 virgo
663 4149 872 4204 caelesti
905 4152 1059 4204 docta
1086 4152 1367 4220 magistro.

216 4237 349 4306 Quid
378 4248 470 4295 tua
491 4239 643 4310 plebs
671 4239 837 4295 faciat
866 4256 973 4309 quo
997 4241 1133 4296 cluis
1162 4251 1219 4295 ttt
1247 4242 1443 4297 veniat.

859 4331 994 4386 XIII.

751 4399 820 4456 In
850 4406 1105 4456 eamdem.

154 4486 466 4548 lntemerata
498 4494 603 4549 ﬁde
630 4504 830 4550 nostrae
860 4510 1119 4550 succurre
1150 4512 1340 4560 runnc,

220 4583 334 4655 lpse
359 4585 509 4640 dedit
536 4587 702 4650 vires,
735 4585 890 4655 cujus
917 4603 1104 4642 amore
1135 4588 1303 4656 viges.

160 4673 250 4738 Tu,
277 4686 430 4746 patre
459 4686 790 4748 contempto,
824 4677 954 4749 Regi
984 4678 1273 4747 conjuncta
1312 4691 1564 4748 superno,

221 4765 401 4838 Iurgia
428 4769 665 4834 derides,
697 4771 924 4825 verbera
957 4771 1097 4825 nulla
1133 4773 1308 4826 times.

163 4853 220 4906 lit
242 4859 361 4925 quia
397 4866 448 4913 te
477 4858 730 4913 Christus
755 4858 1009 4914 Salvator
1041 4861 1274 4931 possidet
1309 4861 1474 4926 intus,

227 4945 324 5011 Ira,
353 4948 524 5012 furor,
550 4949 758 5020 gladius
787 4952 860 5005 nil
890 4953 1027 5007 valet
1051 4954 1308 5007 exterius.

166 5029 304 5089 Iussa
329 5038 528 5091 dueum
556 5039 784 5108 spernis,
811 5042 1008 5095 temnis
1039 5051 1303 5110 prascepta
1337 5045 1595 5111 parentis,

229 5123 314 5177 Sic
347 5131 534 5178 servat
561 5141 811 5196 sponsam
841 5145 933 5183 rex
968 5131 1018 5183 in
1047 5147 1216 5202 agone
1246 5146 1416 5185 suam.

169 5205 367 5267 Estuat
398 5213 674 5280 Urbanus,
709 5216 890 5271 fremit
918 5218 1085 5287 ldion,
1109 5230 1162 5276 et
1189 5219 1456 5277 Julianus.

1737 388 1784 450 Α
1815 377 1932 434 Non
1962 386 2103 442 rota,
2139 396 2244 435 non
2278 396 2506 447 terrum,
2541 399 2644 438 non
2677 384 2881 454 spicula
2914 388 3062 444 mille
3093 389 3363 450 furentum

1887 470 2182 524 lmmutant
2207 471 2468 538 animum,
2501 474 2652 544 virgo
2681 475 2860 539 beata.
2888 486 3061 535 tuum.

1816 549 2090 629 Virgineis
2118 561 2373 629 precibus
2395 561 2613 630 juvenis
2642 566 2708 621 de
2739 576 2914 624 morte
2941 583 3230 643 resurgens

1889 649 2130 704 {Etherei
2156 651 2318 720 Regis
2351 652 2604 708 subditur
2633 655 2898 726 imperiis.

1815 740 1952 807 Quid
1973 740 2184 794 Juliane
2216 741 2386 796 facis?
2423 745 2552 814 quid
2583 762 2779 802 censor
2809 747 2992 820 inique
3028 751 3295 819 moraris?

1821 907 1823 910 g
1887 833 2076 888 Victus
2103 848 2186 898 es,
2218 845 2277 887 ut
2311 835 2485 901 video,
2511 848 2730 907 pectore
2752 838 3006 896 femineo.

1815 923 2025 980 Perﬁce
2064 926 2207 994 quod
2246 936 2442 992 restat,
2467 938 2611 985 tenta
2642 932 2784 1002 quod
2814 934 3000 988 durius
3027 943 3223 991 exstat.

1887 1016 2002 1072 Non
2034 1027 2213 1073 cesset
2242 1017 2453 1085 feritas,
2487 1036 2593 1075 non
2626 1032 2780 1078 vacet
2811 1026 3080 1096 impietas.

1815 1106 1985 1163 Aufer
2023 1109 2202 1164 adhuc
2228 1108 2500 1180 linguam,
2534 1112 2719 1180 miser,
2758 1115 2912 1169 aufer
2955 1125 3241 1187 utramque
3290 1133 3401 1173 ma-

3097 1209 3329 1276 millam;

1889 1290 1997 1347 Sed
2029 1292 2072 1347 si
2105 1309 2210 1347 non
2239 1294 2498 1364 loquitur,
2527 1305 2706 1351 mente
2739 1297 2846 1353 Deo
2877 1298 3093 1364 fruitur,

1818 1379 1926 1440 Nos
1958 1386 2052 1439 tibi
2083 1388 2429 1451 commissos,
2461 1389 2771 1445 Christiana
2803 1392 3049 1462 piissimo
3086 1408 3262 1466 virgo,

1891 1479 2121 1552 Protege
2149 1483 2447 1554 perpetuis,
2479 1485 2771 1554 poscimus,
2803 1489 3049 1554 auxiliis;

1817 1575 2015 1630 Aﬁluat
2047 1577 2098 1630 in
2137 1579 2295 1634 nobis
2321 1581 2511 1634 aeterni
2544 1597 2740 1636 munus
2769 1585 2991 1648 amoris,

1888 1667 2061 1734 Quam
2088 1670 2218 1724 colis
2243 1671 2308 1725 ad
2339 1673 2570 1740 patriam
2605 1689 2734 1742 grex
2781 1684 2902 1728 tuus
2925 1685 2980 1728 ut
3014 1678 3226 1744 veniat,»

2542 1763 2678 1816 XIV.

2411 1854 2476 1908 In
2509 1857 2763 1912 eumdem.

2103 1941 2290 2014 Virgo,
2321 1943 2569 2000 sidericis
2602 1948 2767 2001 ardua
2808 1948 3052 2014 sedibus,

1961 2027 2061 2096 Te,
2090 2031 2424 2099 Christiana,
2451 2037 2556 2089 tuis
2581 2037 2756 2092 insero
2786 2038 3052 2108 plebibus,

1964 2119 2028 2174 Ut
2063 2123 2273 2190 possint
2303 2125 2514 2193 placido
2539 2143 2682 2182 nunc
2711 2130 2804 2184 tibi
2832 2141 3052 2200 pectore

2102 2211 2303 2267 Laudis
2325 2215 2506 2268 munia
2532 2216 2761 2273 solvere.

1963 2297 2044 2357 Tu
2073 2305 2245 2374 patris
2275 2306 2435 2363 rutilo
2461 2309 2738 2378 splendida
2763 2314 3029 2382 germine,

1963 2391 2069 2448 Sed
2102 2395 2271 2451 multo
2302 2398 2496 2452 melius
2527 2403 2770 2458 moribus
2799 2414 2855 2458 et
2883 2406 3007 2472 ﬁde,

1963 2483 2100 2538 Dum
2132 2497 2285 2542 casto
2321 2487 2524 2558 refugis
2553 2506 2784 2563 corpore
2811 2489 3090 2564 saeculum,

2101 2577 2354 2648 Acquiris
2383 2581 2635 2636 comitem
2660 2583 2852 2639 Deum.

1961 2665 2128 2738 Cujus
2150 2668 2302 2738 jussa
2326 2670 2509 2740 probis
2531 2673 2742 2731 actibus
2761 2692 3087 2748 exsequens,

1965 2757 2136 2826 Quem
2163 2762 2322 2816 srcvis
2346 2763 2573 2820 ducibus
2598 2768 2829 2837 prodere
2857 2786 2962 2827 non
2989 2774 3148 2831 times

1964 2849 2304 2919 Coutemptis
2333 2851 2511 2907 valido
2540 2865 2760 2924 pectore
2788 2857 2982 2918 fortius

2105 2939 2394 2996 Poenarum
2424 2960 2595 3013 genus
2628 2948 2928 3007 horridum.

1964 3029 2114 3097 Quae,
2146 3032 2232 3086 vel
2261 3047 2465 3103 quanta
2494 3037 2692 3106 quibus
2711 3041 2894 3110 prmlia
2925 3047 3190 3115 gesseris:

1964 3122 2109 3192 Ignis
2130 3141 2252 3179 cum
2281 3127 2497 3197 gladiis,
2531 3129 2785 3198 fustibus,
2815 3144 2872 3191 et
2901 3140 3056 3204 retis,

1969 3213 2193 3281 Vinclis,
2227 3219 2567 3288 verberibus,
2597 3235 2828 3296 cutltque
2856 3229 3130 3290 ferocibus

2111 3306 2363 3363 Telorum
2392 3313 2589 3381 probat
2616 3315 2832 3373 ictibus.

1966 3413 2085 3452 .am
2115 3415 2370 3471 suprema
2397 3403 2504 3474 poli
2535 3421 2654 3475 qua:
2683 3422 2941 3478 penetras
2974 3414 3111 3481 loca,

1968 3491 2136 3548 Nobis
2165 3506 2221 3548 ut
2244 3506 2488 3566 pateant,
2513 3500 2615 3557 boc
2641 3519 2804 3572 prece
2831 3509 2918 3564 fac
2948 3519 3058 3565 tna.

1967 3583 2033 3638 Et
2063 3600 2279 3656 semper
2306 3604 2632 3658 memorum,
2662 3596 2708 3650 si
2737 3603 3150 3674 memoraberis,

2111 3677 2262 3732 Felix
2290 3694 2411 3736 esse
2433 3697 2642 3738 memor
2670 3685 2824 3745 velis.

1973 3763 2064 3820 Sic
2095 3768 2252 3823 nobis
2284 3767 2490 3835 Deitas,
2522 3773 2634 3830 Rex
2654 3816 2669 3841 ,
2702 3785 2792 3833 tua
2820 3781 3096 3850 conferat,

1973 3856 2293 3916 Discordem
2322 3865 2562 3922 numeris
2582 3871 2889 3941 congeriem
2917 3875 3110 3947 ligans,

1975 3947 2045 4004 Ut
2070 3965 2253 4006 secum
2289 3955 2468 4010 stabili
2500 3974 2634 4028 pace
2658 3977 2754 4031 per
2773 3967 2956 4022 omnia

2119 4041 2376 4101 Vivamus
2402 4048 2496 4103 tibi
2528 4051 2745 4106 sarcula.

2566 4140 2686 4197 XV.

2445 4224 2512 4284 In
2538 4233 2794 4289 eamdem.

2187 4302 2415 4372 Fontem
2448 4323 2704 4389 perennis
2734 4327 2922 4395 gratize

2122 4402 2331 4473 Prmbe,
2360 4410 2502 4478 quod
2525 4426 2606 4478 es,
2632 4411 2761 4474 Jesu
2789 4418 2898 4487 pie,

2118 4494 2176 4549 In
2208 4496 2363 4553 laude
2392 4509 2556 4556 tanta:
2583 4504 2807 4577 virginis

2124 4587 2228 4643 Pro
2263 4599 2312 4646 te
2340 4595 2547 4662 paratis
2569 4598 2818 4654 servulis.

2193 4681 2318 4738 llaec
2343 4700 2578 4756 namque
2600 4691 2836 4759 primum
2865 4698 3106 4763 nomine,

2119 4771 2248 4827 Post
2288 4784 2339 4829 te
2374 4785 2590 4834 notarat
2617 4782 2889 4853 dogmate,

2122 4864 2216 4921 Sic
2249 4882 2445 4937 sponsa
2476 4875 2658 4942 εροηεί
2687 4874 2859 4944 gloria

2121 4955 2260 5025 Apte
2287 4957 2396 5011 frui
2426 4960 2764 5034 decreverat.

2195 5050 2369 5106 Exosa
2393 5065 2619 5128 pompas
2649 5057 2830 5114 saeculi

2126 5141 2202 5196 Te
2233 5141 2404 5198 forma
2434 5152 2684 5217 quasivit
2708 5150 2857 5216 boni,

2126 5234 2295 5300 Quem
2325 5236 2434 5294 ﬁxa
2472 5244 2594 5294 teIis
2622 5246 2858 5292 ιιοηίιιεα
