3936 5402
1548 336 1885 396 CARMINA.
1914 404 1917 405 ί

358 461 426 519 Ut
454 460 524 515 sit
552 459 712 528 hujus
743 457 895 529 plebs
926 471 1137 517 memor
1171 456 1271 513 ista
1302 456 1501 525 laudis,
1754 454 1805 515 Δ

355 548 456 605 llic
481 563 631 605 antes
664 548 772 605 dici
809 555 984 619 pater,
1014 549 1153 604 hanc
1175 547 1429 603 decenter

354 639 413 697 Si
443 640 628 707 doces,
653 639 800 696 laute
825 639 1033 707 refove,
1062 639 1355 711 polumque

532 731 809 788 Scandere
831 732 1032 803 prabe.

350 821 569 879 Christe
597 824 773 899 det'oti
805 825 1036 895 pretium
1065 822 1284 889 laboris,

350 913 550 969 Confer
584 914 742 969 istius
765 930 925 984 prece
953 930 1050 969 nos
1082 914 1286 984 juvari,

351 1004 516 1075 Cujus
544 1007 795 1077 exemplo
821 1008 1062 1078 peritura
1094 1007 1225 1063 findi

530 1098 812 1169 Liqnimus
831 1100 1001 1156 orbis.

356 1191 600 1264 Ilytnnus
633 1192 719 1248 hic
744 1201 949 1261 noster,
974 1193 1265 1249 Benedietc
1292 1192 1561 1263 princeps,

351 1282 444 1355 Sic
475 1285 568 1339 tibi
602 1299 816 1356 semper
844 1285 1120 1356 placidusi,
1155 1294 1367 1340 tuorum

353 1366 454 1449 Qui
488 1374 636 1433 salus
663 1390 747 1443 es,
772 1375 890 1443 lux,
918 1377 1084 1434 decus
1109 1385 1164 1433 et
1191 1375 1444 1447 perennis

524 1467 667 1524 Laus
708 1468 1125 1526 monachorum.

353 1557 492 1614 Mela
525 1559 767 1617 caelestis
792 1560 1031 1631 pretiosa
1061 1557 1229 1628 Regis

355 1652 433 1707 'l‘e
461 1652 591 1709 facit
619 1653 761 1709 veris
789 1652 1060 1709 celebrem
1092 1652 1328 1722 tropaeis.

352 1744 505 1801 Unde
533 1760 635 1803 nos
664 1759 880 1815 semper
908 1744 1142 1816 petimus
1167 1741 1482 1813 frequentes

518 1837 691 1894 Nocte
717 1838 936 1909 dieque.

352 1931 500 1986 Doxa
528 1929 746 1986 sublimi
774 1935 994 1984 maneat
1020 1925 1259 1981 Parenti.

352 2025 481 2093 Ejus
510 2031 564 2080 et
590 2040 751 2081 sacro
776 2024 1024 2079 diadema
1051 2022 1207 2077 Nato.

352 2116 423 2172 Et
457 2116 554 2172 tibi
584 2116 758 2171 virtus
780 2115 1065 2185 utriusque
1095 2127 1315 2184 compar

528 2207 764 2279 Spiritus
790 2206 957 2263 alme.

841 2297 1025 2357 XVIII.

134 2383 373 2471 Sequens
394 2389 618 2471 hymnus
638 2390 874 2471 ejusdem
891 2388 1124 2471 auctoris
1147 2385 1435 2471 Seuariolis
1455 2396 1724 2471 constans.

203 2462 276 2513 de
305 2458 487 2515 virttise
523 2458 870 2527 humilitatis,
912 2458 1273 2530 superbiaeque
1323 2458 1445 2511 vitio
1493 2467 1726 2530 tractare

201 2531 435 2594 ridetur,
480 2533 568 2601 qui
616 2531 823 2601 quidem
872 2527 1121 2585 estsatis
1168 2528 1420 2601 elegans,
1448 2527 1539 2581 sed
1579 2528 1633 2601 in
1665 2543 1726 2581 eo

199 2596 515 2669 pangendo,
560 2596 704 2655 more
748 2603 1099 2663 comicorum,
1130 2596 1298 2653 multa
1344 2598 1511 2653 utitur
1534 2596 1724 2669 pedum

202 2666 445 2725 licentia.
482 2671 633 2727 Dolet
667 2682 840 2726 autem
869 2671 997 2725 mihi
1029 2669 1279 2740 reperisse
1306 2670 1359 2723 in
1384 2685 1443 2723 eo
1466 2666 1725 2740 quaedam

202 2741 467 2823 dictiones
505 2743 626 2798 vitio
674 2741 946 2813 scriptoris
982 2738 1279 2810 corruptas,
1307 2755 1436 2811 quas
1465 2738 1727 2808 corrigere

203 2825 436 2879 nequivi.
1330 2829 1336 2834 ‘

422 2903 663 2960 Gaudete
688 2905 839 2975 justi,
868 2906 1026 2960 mites
1057 2913 1112 2961 et
1136 2902 1378 2975 paciﬁci,‘

353 2995 420 3051 Et
449 3013 639 3054 omnes
668 2997 800 3055 recti
827 2996 991 3053 corde
1014 2995 1347 3065 gloriamini,

355 3086 583 3159 Semper
610 3090 880 3146 manentis
908 3103 1250 3159 possessores
1275 3088 1469 3143 bravii.

353 3180 473 3235 Filii
504 3182 620 3248 Dei,
650 3192 1032 3255 conspectores
1062 3182 1296 3237 Domini.

354 3270 447 3327 Sic
472 3271 608 3327 ordo
641 3274 781 3327 sacri
811 3281 1042 3327 testatur
1064 3272 1286 3340 eloquii.

425 3364 482 3419 In
512 3364 667 3419 nobis
689 3364 903 3436 quidem
937 3374 1159 3419 sanctus
1179 3363 1492 3435 illejugiter

351 3454 587 3527 Spiritus
616 3460 855 3528 pietatis,
877 3458 1156 3528 sapientite

355 3550 420 3605 Et
445 3552 768 3617 intellectus,
799 3552 1029 3616 timoris,
1055 3545 1297 3606 scientiae
1342 3558 1347 3563 ’

353 3640 595 3708 Consilii,
627 3642 959 3697 fortitudinis
984 3641 1205 3708 residet,

354 3729 606 3801 Largiter
632 3733 765 3788 satis
801 3746 1240 3803 unumquemque
1275 3730 1544 3787 imbuens.

424 3823 788 3879 lnenarranda
822 3825 1031 3881 Domini
1066 3834 1147 3881 est
1173 3825 1368 3895 pictas,

356 3912 459 3980 Qui
498 3924 708 3971 tantum
744 3917 904 3971 corda
946 3917 1119 3987 diligit
1156 3915 1402 3980 humilia,

358 4007 431 4063 Ut
454 4024 515 4064 ea
545 4010 761 4079 replens
785 4011 1086 4080 septiformi
1114 4009 1287 4082 gratia

358 4098 593 4170 Spiritus
616 4102 698 4157 sui
722 4103 921 4158 condat
943 4101 1274 4167 habitacula,

356 4191 519 4261 Cujus
538 4203 621 4248 est
648 4193 855 4250 fructus
877 4194 1151 4265 gaudium,
1179 4208 1306 4263 pax,
1334 4193 1594 4250 eltaritas.

434 4283 641 4339 Sternit
666 4286 829 4348 elata,
866 4285 1042 4342 fttndit
1073 4287 1406 4356 arrogantia,

357 4372 587 4430 Brachio
620 4391 719 4430 suo
747 4376 984 4432 conterit
1012 4375 1332 4447 praelustria.

358 4462 450 4519 Sic
470 4466 751 4537 ‘quondam
779 4481 987 4522 summa
1015 4466 1325 4523 redimitum
1352 4468 1546 4539 gloria,
1746 4484 1804 4547 ι)

284 4564 289 4569 ·
358 4550 463 4607 Pro
489 4555 601 4611 sola
634 4565 841 4613 tantum
866 4558 1113 4628 angelum
1137 4558 1389 4629 superbia

262 4634 271 4641 ’
359 4644 641 4704 Felicitate
669 4649 867 4720 repulit
885 4659 1164 4722 perpetua.

427 4736 528 4805 Qui
564 4748 669 4793 tam
709 4738 999 4805 formosus,
1029 4750 1083 4797 et
1118 4743 1348 4798 decorus
1375 4743 1607 4811 exstitit,

358 4827 429 4885 Ut
452 4828 587 4884 nihil
611 4829 751 4885 intra
783 4832 1092 4903 paradisum
1118 4834 1332 4888 Domini

356 4917 585 4987 AEquari
622 4929 803 4992 posset
834 4919 953 4990 ejus
978 4921 1387 4992 pulchritudini.

364 5006 594 5071 Platani,
627 5009 774 5065 cedri
807 5018 990 5065 vertex
1021 5026 1085 5067 ac
1105 5011 1299 5067 abietis

361 5096 665 5153 Frondibus
688 5098 807 5166 ejus
832 5114 938 5154 non
970 5098 1072 5155 fuit
1098 5100 1401 5170 mquabilis.

430 5187 816 5246 Sitnilitudinis
842 5189 937 5247 Dei
967 5189 1303 5261 signaculum

360 5282 492 5337 Erat
517 5282 744 5338 decorus
770 5280 949 5352 specie
978 5282 1310 5351 prtenimius.

350 5373 518 5402 l‘ninn
551 5374 602 5402 τι.
628 5382 776 5402 mania
806 5371 1025 5402 fulua-oni
1058 5371 1416 5402 An-‘IIII‘AII'II-

114 352 290 409 ’1233

3274 335 3414 399 ιιὶδι

2049 454 2108 512 Si
2128 454 2309 526 justus
2324 453 2492 526 judex
2513 455 2727 511 veniam
2750 469 2855 511 non
2884 453 3094 522 tribuit,

2051 547 2150 603 Cui
2183 548 2446 605 claritatis
2466 557 2646 604 tantm
2676 548 2857 604 lumen
2889 548 3093 616 intulit,

2054 636 2124 694 Ut
2155 640 2257 693 rite
2279 639 2492 695 cunctis
2512 639 2897 710 prml'erreutur
2919 638 3141 712 angelis.

2120 730 2227 787 Sed
2252 732 2375 791 felix
2407 730 2521 798 ille,
2544 748 2703 803 quem
2734 747 2819 788 res
2841 732 2958 789 istm
2980 732 3272 803 possident,

2047 824 2197 880 Mens
2218 825 2379 890 bona,
2407 835 2594 896 pectus
2622 842 2842 898 purum,
2870 827 2979 882 vita
3008 827 3287 891 innocens,

2050 918 2217 989 Cujus
2243 917 2297 973 in
2320 918 2462 974 emlo
2485 934 2694 975 merces
2714 919 2847 975 orbe
2871 919 3044 991 major
3074 927 3177 983 est,

2042 1007 2113 1063 Et
2144 1022 2340 1065 nomen
2382 1008 2470 1063 ille
2508 1024 2733 1081 magnus
2763 1008 2900 1064 liber
2922 1007 3184 1070 continet,

2046 1099 2219 1169 Quem
2260 1108 2387 1156 ante
2422 1108 2638 1171 tempus
2671 1099 2966 1171 scripserat
3001 1099 3375 1171 Omnipotens.

2112 1190 2226 1247 Illic
2256 1190 2452 1249 divinae
2481 1190 2697 1264 pietatis
2732 1204 2956 1247 munere

2046 1282 2155 1338 Vos
2175 1282 2378 1341 oderis.
2404 1323 2418 1337 .
2447 1321 2462 1337 .
2488 1283 2694 1338 tudine.
2722 1322 2739 1337 .
2767 1322 2780 1336 .
2807 1291 2920 1338 tras
2952 1281 3190 1338 mudule.

2039 1373 2380 1445 Couscriptis
2404 1374 2528 1429 vita:
2558 1372 2767 1444 fulgitis
2794 1368 3131 1429 charactere.

2041 1461 2423 1535 Apostolotum
2447 1464 2648 1520 chorus
2675 1464 2821 1529 hinc,
2845 1474 2900 1519 et
2921 1473 3213 1536 martyres,

2046 1555 2108 1611 Et
2142 1537 2484 1611 confessores
2521 1554 2814 1618 exsultant,
2846 1569 2912 1609 ac
2940 1554 3198 1625 virgines.

2113 1645 2405 1716 Postquam
2438 1644 2589 1699 finita
2622 1643 2854 1700 statione
2881 1644 3085 1709 smenli,

2050 1734 2160 1790 Vos
2187 1735 2422 1806 scriptos
2447 1735 2589 1790 idem
2616 1734 2872 1806 antiquus
2897 1733 3150 1790 citaverit

2042 1823 2315 1880 Ctelornm
2344 1825 2492 1895 regni
2522 1824 2759 1897 claviger
2785 1840 2907 1879 mox
2938 1825 3133 1896 aperit.

2040 1914 2203 1986 Regis
2224 1916 2413 1972 aeterni
2446 1916 2607 1988 Virgo
2636 1927 2808 1972 mater
2832 1916 3049 1987 excipit,

2041 2007 2109 2063 Et
2138 2009 2319 2077 statim
2354 2008 2535 2064 choris
2565 2009 2740 2065 sociat
2769 2002 3069 2081 angelicis.

2115 2097 2440 2154 Sanctorum
2465 2099 2645 2154 omnis
2669 2098 2916 2155 concinit
2939 2098 3234 2154 exercitus.

2038 2188 2198 2245 .Inbal
2226 2197 2310 2244 cst
2334 2188 2541 2260 primus
2570 2187 2622 2243 in
2649 2188 2819 2244 choro
2844 2187 3177 2243 canentium.

2043 2280 2228 2337 Pulsat
2251 2280 2419 2336 Maria
2449 2295 2608 2337 soror
2637 2281 2785 2337 Aron
2824 2290 3163 2353 tympanum.

2045 2374 2160 2429 Rex
2186 2383 2364 2429 autem
2389 2373 2556 2430 David
2577 2382 2835 2444 personat
2858 2373 3193 2444 psalterium.

2044 2464 2111 2521 Et
2146 2464 2473 2521 Benedictus
2506 2465 2754 2536 regulare
2790 2466 3096 2536 praemium.

2114 2555 2303 2611 Cernit
2337 2556 2575 2628 insignes
2599 2557 2732 2627 legis
2757 2571 2870 2611 sure
2896 2554 3168 2626 dogmate,

2066 2657 2189 2703 nter
2216 2647 2435 2719 ignitos,
2473 2655 2525 2703 et
2553 2647 2857 2703 condensos
2888 2645 3095 2718 lapides

2042 2737 2232 2796 Nitore
2261 2738 2402 2794 miro
2435 2753 2725 2794 coruscare
2752 2738 2956 2808 pariter

2043 2830 2269 2886 Miratur
2301 2846 2459 2901 opus,
2488 2839 2543 2886 et
2568 2829 2753 2887 laudat
2775 2828 3065 2885 artiﬁcem.

2040 2923 2170 2979 lntle
2194 2923 2507 2997 scholarem
2529 2922 2757 2979 rimatur
2779 2921 3072 2994 originem.

2106 3010 2336 3068 Accedit
2360 2998 2597 3076 Maurus,
2626 3011 2954 3075 Honoratus,
2987 3008 3238 3065 Placidus

2050 3103 2117 3160 Et
2139 3104 2547 3172 Constantinus,
2579 3104 2815 3160 Faustus
2840 3113 2895 3159 et
2926 3103 3257 3175 Simplicius.

2042 3198 2214 3254 Beato
2245 3196 2389 3253 Petri
2414 3213 2605 3253 omnes
2629 3198 2700 3252 ita
2727 3199 2993 3254 referunt.

2042 3289 2191 3358 Quos
2221 3290 2300 3346 sic
2327 3290 2545 3345 miraris
2574 3306 2642 3345 ex
2665 3288 2865 3346 Casino
2892 3292 3180 3362 prodeunt.

2043 3383 2154 3439 Nos
2179 3383 2444 3454 expolivit
2473 3392 2656 3440 noster
2682 3382 2992 3439 Dcsidcrins

2113 3475 2211 3531 Cui
2250 3473 2415 3531 Pater
2442 3475 2617 3531 almus
2641 3486 2825 3547 grates
2850 3476 2956 3531 fert
2984 3474 3319 3540 innumeras,

2045 3567 2217 3639 Eique
2250 3568 2405 3638 digna
2438 3568 2659 3639 praemia
2692 3560 3027 3638 pronuntiat.

2042 3662 2333 3717 Auctorem
2363 3676 2544 3717 rerum
2572 3662 2814 3716 omnium
2843 3663 3167 3735 expostulat,

2044 3749 2116 3806 Ut
2145 3750 2197 3805 in
2229 3765 2462 3821 superna
2494 3750 2806 3823 angelorum
2835 3751 3003 3822 gloria

2045 3838 2159 3894 Sibi
2188 3855 2310 3893 eum
2340 3839 2433 3895 illo
2456 3839 2795 3911 eongandere
2819 3840 2995 3896 liceat.

2112 3930 2258 3987 Inter
2285 3932 2401 3986 haec
2424 3932 2573 3988 vobis
2603 3933 2855 4005 seraphin
2887 3932 3147 3992 micantia

2044 4021 2301 4090 Sanctus,
2325 4034 2380 4080 et
2402 4033 2643 4090 sanctus,
2669 4034 2892 4081 sanctus
2915 4023 3305 4098 proclamantia

2042 4113 2419 4170 lnmstimanda
2452 4113 2745 4173 conferunt
2770 4117 3025 4191 tripudia,

2043 4205 2252 4262 Canerc
2269 4205 2465 4276 jubent
2492 4209 2825 4264 canticorum
2858 4209 3091 4267 cantica.

2047 4294 2117 4351 Ut
2142 4297 2231 4352 illa
2262 4308 2460 4368 quater
2488 4299 2709 4369 triginta
2741 4315 2833 4359 sex
2864 4300 3052 4354 millia.

2113 4388 2511 4446 Citharizanles
2538 4391 2754 4447 cantico
2790 4391 3031 4465 virgineo

2047 4481 2308 4537 Decenter
2337 4482 2477 4555 agno
2506 4483 2734 4555 psallitis
2756 4499 3048 4556 purpureo.

2042 4571 2302 4632 Laudatis
2327 4590 2452 4635 eum
2478 4576 2531 4633 in
2560 4577 2729 4632 choro
2756 4588 2811 4633 et
2839 4585 3125 4652 tympano,

2041 4670 2288 4728 Cantatis
2309 4673 2357 4728 ei
2390 4673 2443 4729 in
2472 4671 2693 4729 chordis
2718 4682 2773 4727 et
2796 4688 3023 4744 organo,

2038 4763 2172 4819 Cteli
2204 4775 2466 4839 terraeque
2490 4761 2737 4835 jubilatis
2772 4761 3019 4819 Domino.

2113 4854 2278 4926 Cujus
2306 4853 2480 4909 eﬂ'ecti
2514 4854 2697 4925 gloria:
2720 4854 3036 4927 participes,

2041 4943 2160 5001 lam
2189 4960 2384 5017 precor
2410 4946 2528 5002 sitis
2553 4944 2656 4999 mei
2681 4958 2901 5014 semper
2930 4957 3217 5003 memores.

2042 5033 2135 5090 Sic
2166 5051 2288 5091 eum
2319 5036 2455 5092 mihi
2490 5034 2652 5092 facile
2683 5034 3039 5105 placabilem,

2047 5125 2116 5182 Ut
2144 5142 2231 5183 me
2265 5125 2518 5197 dignetur
2546 5127 2758 5197 superis
2782 5125 3150 5199 conjungere.

2045 5216 2203 5276 Unde
2229 5232 2326 5275 vos
2358 5223 2560 5294 possim
2591 5218 2674 5274 vel
2702 5217 2859 5287 longe
2886 5216 3192 5289 respicere.

2558 5310 2703 5370 XIX.
