3936 5402
571 194 712 275 425$

1603 229 1907 319 ᾼιΡΗΑΝι
1934 230 2397 289 SALERNITANI
2436 233 2754 291 ARCHIEP.

855 337 1069 405 Quanta
1103 339 1220 406 libi,
1245 342 1386 397 bone
1414 341 1650 411 Christe,
1684 361 1780 401 sua

775 428 975 484 FaCtus
998 430 1233 501 imagine
1259 432 1419 488 debet
1447 434 1632 501 hoino,

777 517 873 575 Vis
900 520 1067 575 animi
1088 532 1387 600 penetrare
1416 525 1623 595 nequit,

776 609 983 683 Lingua
1018 625 1268 670 retexere
1300 632 1400 673 nec
1421 617 1620 686 poterit

776 701 950 759 Ullius
976 714 1095 761 arte
1120 707 1441 776 magisterii.

847 794 1108 854 Rhetoris
1133 798 1320 854 interit
1350 797 1612 872 ofﬁcium.

771 887 925 945 Finis
949 900 1004 946 et
1031 905 1120 948 ars
1141 894 1381 949 studiosa
1400 888 1571 964 peril,

768 980 884 1038 Nec
907 998 1007 1039 sua
1032 985 1284 1055 dogmata
1311 988 1669 1059 philosophos

772 1073 903 1137 Plus
930 1075 1067 1132 satis
1092 1075 1373 1148 ingeniosa
1393 1076 1611 1153 juvant,

772 1162 846 1227 Se
868 1166 1064 1236 quibus
1092 1169 1276 1233 omnia
1302 1170 1444 1225 scire
1468 1177 1684 1238 putant.

840 1258 1093 1315 Creditur
1121 1259 1237 1315 lucc
1262 1254 1487 1315 numera
1498 1276 1553 1315 re
1578 1259 1748 1328 vales,

708 1326 713 1331 δ
767 1348 937 1416 Quem
965 1349 1092 1405 data
1118 1351 1341 1419 praemia
1365 1351 1513 1406 nulla
1540 1341 1731 1415 latent.

767 1438 844 1499 Tu
877 1439 1027 1496 lucra
1053 1443 1201 1497 solus
1224 1452 1280 1497 et
1304 1444 1545 1512 exigere,

766 1531 973 1588 Cedere
1000 1535 1091 1604 qui
1128 1533 1263 1592 facis
1291 1536 1539 1607 imperio,

771 1623 1044 1703 Quidquid
1074 1628 1306 1684 habetur
1330 1631 1381 1684 in
1407 1631 1540 1687 orhc
1563 1646 1683 1691 suo.

840 1715 1047 1785 Hisque
1073 1727 1159 1772 tua
1187 1721 1388 1790 pietate
1418 1723 1525 1783 sibi

765 1804 1085 1864 Contnleras
1108 1811 1317 1879 potiora
1348 1813 1529 1869 nimis.

765 1896 901 1952 Nam
924 1898 1133 1956 faceres
1168 1913 1225 1956 ut
1255 1903 1308 1957 in
1339 1921 1467 1962 arce
1493 1905 1602 1977 poli

763 1985 921 2046 llunc
951 1992 1044 2047 tibi
1075 1994 1398 2066 participem
1433 1997 1571 2061 ﬂeri,

767 2078 971 2135 Passus
993 2096 1053 2137 cs
1085 2084 1136 2137 in
1161 2099 1324 2141 cruce
1353 2075 1547 2156 sponte
1568 2088 1706 2144 mori
1732 2106 1748 2144 :

835 2171 984 2229 illius
1014 2168 1235 2247 insoper
1262 2178 1330 2233 ad
1367 2179 1529 2235 decus
1556 2188 1662 2247 est,

758 2258 959 2325 Forma
988 2266 1083 2322 tibi
1114 2270 1239 2338 quia
1266 2272 1447 2327 carnis
1472 2272 1638 2341 inest,

762 2354 880 2425 Qua
919 2357 1114 2415 rutilas
1144 2359 1324 2418 Patris
1357 2363 1411 2418 in
1442 2363 1579 2421 sulio

760 2449 917 2508 Edite
948 2452 1166 2525 Virgine
1185 2455 1311 2526 jure
1335 2471 1499 2525 novo,

759 2546 825 2601 Et
857 2546 1002 2609 Dens
1028 2550 1393 2621 omnipotens,
1424 2562 1479 2608 ct
1517 2553 1680 2609 homo

752 2672 755 2675 -
834 2640 1056 2697 Civibus
1087 2642 1353 2702 hactenus
1383 2646 1498 2703 haec
1537 2646 1750 2718 superis

763 2726 895 2786 Vilis
922 2742 1041 2788 erat
1070 2733 1281 2803 species
1312 2736 1572 2802 hominis,

757 2820 911 2879 Nunt:
941 2824 1084 2893 quod
1111 2827 1315 2882 habent
1344 2829 1618 2883 hominem
1649 2827 1927 2885 dominum

759 2910 913 2979 {hinc
940 2925 1292 2982 venerantur,
1319 2925 1377 2972 et
1403 2918 1725 2987 obsequiqu

758 3002 1157 3063 Commoditate
1181 3008 1269 3077 pia
1310 3008 1575 3063 tribuunt.

863 3096 1118 3154 Graviter
1151 3100 1273 3168 hos,
1305 3102 1466 3157 simul
1500 3113 1559 3155 ut
1597 3111 1852 3157 maneant

759 3186 1029 3255 Perpetua
1060 3204 1276 3261 quoque
1313 3206 1448 3268 pace
1474 3192 1614 3263 ligas

761 3279 916 3335 Unde
950 3280 1187 3351 polique,
1221 3282 1430 3353 solique
1473 3291 1563 3338 tua

762 3375 879 3432 Una
911 3377 1141 3441 videtur,
1170 3387 1225 3434 et
1252 3387 1338 3434 est
1363 3380 1561 3451 patria,

758 3467 868 3535 Res
898 3469 989 3525 ubi
1018 3470 1233 3541 publica
1265 3481 1414 3530 tanta
1446 3473 1635 3541 micat.

786 3558 797 3567 ’
828 3561 972 3633 Lege
1000 3562 1242 3619 sedrhaec
1268 3565 1445 3641 posita
1481 3564 1684 3621 fruitur

754 3652 942 3711 Infima
970 3670 1121 3727 pars,
1151 3666 1212 3712 ut
1235 3658 1287 3712 in
1316 3657 1549 3731 alterius

756 3748 965 3806 Gaudia
997 3757 1255 3817 transeat,
1284 3750 1450 3807 immo
1480 3768 1639 3809 suum

756 3842 986 3898 Sumere
1013 3843 1128 3913 jam
1157 3843 1336 3900 valeat
1370 3845 1636 3910 bravium,

756 3933 1078 3997 Perdiderat
1104 3936 1249 4003 quod
1276 3936 1407 3992 Λύκιε
1436 3936 1651 4005 vitium.

826 4027 1337 4097 Praeteritovitiato
1367 4029 1527 4085 modo

755 4115 909 4172 Nulla
938 4127 1125 4175 manet
1148 4119 1266 4174 sine
1296 4118 1417 4174 labe
1446 4136 1597 4189 caro,

752 4209 994 4267 Crimine
1021 4211 1222 4267 labitur
1258 4213 1500 4268 assiduo.

755 4297 989 4367 Rursus,
1012 4312 1068 4355 et
1096 4303 1210 4371 ipse
1235 4303 1433 4373 refugit
1466 4305 1654 4360 homo.

757 4389 849 4445 Sic
888 4390 1051 4445 habet
1077 4406 1144 4446 ex
1177 4392 1282 4449 fide
1309 4396 1524 4451 merito.

822 4474 989 4535 Pmna
1022 4481 1182 4535 modo
1216 4482 1378 4541 datur
1405 4500 1471 4543 ex
1503 4484 1731 4559 scelere,

750 4567 938 4625 Gratia
974 4573 1217 4628 redditur
1242 4589 1308 4631 ex
1338 4591 1523 4645 Opere,

751 4660 955 4732 Nempe
980 4662 1122 4718 bono
1151 4682 1325 4736 neque
1354 4668 1559 4722 militize

753 4754 1046 4825 Splendida
1072 4757 1304 4828 quisque
1328 4769 1507 4828 potest
1537 4761 1701 4817 aliter

754 4846 833 4902 Te
868 4848 1026 4914 duce,
1054 4849 1207 4920 signa
1238 4866 1457 4908 movere
1483 4863 1608 4912 tute.

820 4937 1085 4993 Dantibus
1115 4938 1202 4994 his
1229 4954 1449 5011 operam
1479 4942 1676 4998 studiis

750 5026 949 5083 Vivere
984 5027 1097 5101 das
1119 5045 1341 5099 operam
1370 5032 1684 5111 multiplici.

748 5119 994 5193 Cumque
1022 5136 1125 5178 nec
1154 5120 1409 5180 omnibus
1438 5140 1543 5179 una
1571 5126 1705 5182 satis

746 5212 953 5284 Regula
982 5215 1052 5270 sit
1085 5222 1265 5271 tamen
1297 5215 1456 5272 ofﬁcii

746 5301 919 5389 liuius
951 5315 1111 5361 erunt
1134 5306 1344 5362 habiles
1378 5308 1606 5363 meritis.

2471 349 2818 419 Conjugibus,
2849 346 3009 404 simul
3036 332 3201 420 atque
3225 345 3401 403 sacris

2470 442 2762 503 Ordinibus
2789 451 2935 515 patet
2963 440 3082 502 aula
3118 440 3247 516 poli.

2469 536 2597 605 Pius
2625 532 2975 606 operantibus
3006 548 3070 590 ac
3100 531 3386 593 monachis

2469 629 2660 685 Notior
2692 630 2805 684 haec
2831 628 2969 700 solet
2993 642 3113 683 esse
3142 626 3333 696 magis.

2540 719 2682 775 Ecce
2703 718 2933 775 Casinus
2962 717 3199 773 abundat
3221 715 3327 780 eis,

2473 815 2626 871 Mons
2654 813 2980 870 venerabilis
3008 812 3130 867 aula
3160 809 3280 866 Dei.
3338 872 3345 877 ί

2472 912 2627 968 Mons
2657 911 2786 968 Sion
2816 910 3009 978 altera,
3040 910 3147 965 dux
3180 905 3324 962 ﬁdei.

2470 1004 2644 1070 Mons,
2681 1004 2770 1059 ubi
2794 1001 2917 1071 jura
2946 1001 3088 1057 Deus
3112 997 3331 1071 populo.

2474 1095 2691 1165 Scripta
2727 1109 2828 1152 suo
2858 1092 3048 1147 tribuit
3073 1091 3273 1163 digito.

2538 1187 2619 1242 Tu
2649 1185 2911 1256 sapientia
2943 1198 3150 1240 summa
3175 1177 3379 1242 Patris,

2468 1282 2570 1350 Qui
2610 1282 2774 1337 dubio
2808 1280 2927 1336 sine
2957 1287 3151 1335 cuncta
3188 1274 3358 1346 sapis.

2466 1374 2542 1430 Da
2574 1374 2760 1439 facies,
2794 1381 2854 1428 ut
2890 1385 3107 1427 amoena
3138 1369 3243 1425 loci

2464 1464 2656 1533 Hujus,
2687 1473 2746 1520 ut
2772 1472 2876 1531 est,
2906 1461 3175 1519 referatur
3204 1475 3294 1528 eo,

2466 1558 2621 1628 Quod
2657 1557 2754 1613 tibi
2793 1556 3149 1628 complaceat,
3181 1554 3388 1612 studio.

2540 1626 2696 1704 $cire
2721 1647 3027 1704 volentibus
3051 1649 3156 1705 hoc
3184 1646 3404 1700 animus

2463 1740 2592 1796 Fert
2616 1741 2775 1795 modo
2805 1740 3008 1803 dicere,
3042 1754 3165 1793 nam
3199 1736 3475 1808 reliquum

2461 1829 2519 1889 In
2549 1829 2791 1885 bonitate
2822 1839 2910 1882 tua
2943 1837 3210 1895 remanet,

2463 1922 2563 1990 Qui
2596 1921 2984 1977 fatnulantibus
3015 1921 3105 1975 hic
3136 1918 3330 1975 merita

2459 2011 2741 2083 Multiplici
2771 2013 2971 2082 pietate
3001 2026 3182 2082 paras.

2531 2108 2696 2169 Italia:
2721 2108 2867 2178 jacet
2898 2108 2949 2161 in
2981 2107 3192 2177 gremio

2466 2199 2737 2255 Montibus
2766 2199 2940 2254 obsita
2974 2197 3277 2270 planities;~

2457 2290 2753 2363 Pampinus
2782 2291 2924 2346 hanc
2952 2289 3142 2345 viridis
3170 2289 3421 2345 decorat.

2458 2382 2556 2455 Est
2585 2397 2867 2438 nemorosa
2896 2397 3111 2451 parum,
3136 2380 3230 2438 sed
3259 2379 3447 2453 aquis,

2455 2474 2739 2531 Fluctibus
2762 2483 2817 2530 et
2845 2474 3012 2530 variis
3035 2473 3286 2537 celebris.

2528 2568 2710 2635 Rebus
2736 2565 2790 2623 in
2819 2569 3071 2623 omnibus
3095 2567 3210 2622 haec
3236 2555 3485 2635 locuples

2457 2657 2749 2729 Indigenis,
2787 2660 2881 2713 sed
2911 2667 2966 2713 et
3001 2657 3307 2726 hospitibus

2453 2753 2550 2807 Est
2577 2752 2919 2821 locupletior,
2951 2751 3079 2806 hinc
3108 2750 3312 2806 etenim

2454 2843 2556 2898 Est
2590 2842 2694 2899 iter
2731 2840 2893 2898 Urbis
2923 2840 3259 2912 apostolicae,

2458 2933 2649 2991 Totius
2682 2934 2831 2992 orbis
2861 2934 3039 2993 adhuc
3065 2932 3319 2989 dominae.

2524 3031 2764 3091 Collibus
2786 3032 2901 3102 ejus
2934 3031 3077 3088 oliva
3109 3031 3328 3094 decens,

2451 3124 2681 3189 CClll‘lIS,
2710 3134 2765 3179 et
2796 3124 2903 3178 alta
2929 3139 3218 3196 cypressns
3252 3124 3416 3178 inest.

2453 3216 2661 3272 Cartera
2685 3217 2933 3285 partibus
2957 3215 3203 3279 arborea:

2450 3307 2507 3362 In
2540 3322 2637 3362 sua
2668 3306 2799 3379 lyris
2822 3322 3036 3373 amoma
3068 3323 3257 3377 ruens,

2450 3398 2517 3453 Et
2547 3398 2707 3470 rigat,
2740 3407 2904 3469 atque
2933 3399 3162 3468 rigando
3193 3398 3359 3454 foret.

2521 3490 2676 3563 Mons
2704 3490 2777 3546 ibi
2807 3492 2989 3548 Casini
3019 3506 3216 3547 nomen
3243 3489 3453 3546 habens

2450 3580 2714 3639 Omnibus
2742 3584 2963 3648 eminet,
3000 3583 3114 3653 ipse
3138 3581 3364 3652 quidem

2447 3673 2675 3747 Pectore
2702 3675 2898 3730 moenia
2925 3675 3101 3745 prisca
3128 3674 3295 3729 nimis

2451 3767 2703 3832 Pertulit,
2732 3769 2784 3822 in
2813 3768 3008 3837 quibus
3034 3784 3127 3822 ara
3162 3767 3282 3833 fuit,
3326 3771 3336 3790 δ

2446 3858 2563 3926 Qua
2596 3859 2918 3929 perhibetur
2947 3858 3140 3930 Apollo
3165 3858 3295 3915 coli.

2517 3950 2615 4024 ilic
2642 3950 2806 4006 Pater
2829 3964 2956 4007 ante
2984 3952 3375 4008 monasterium

2444 4036 2739 4094 Constituit
2773 4039 3117 4106 Benedictus,
3149 4041 3360 4112 habens

2446 4131 2682 4200 Pignora
2715 4132 2936 4187 luminis
2962 4134 3210 4199 aetherei,

2443 4219 2605 4297 Plebs
2633 4221 2833 4291 quibus
2858 4222 3026 4278 inscia
3049 4222 3367 4281 daemonicis

2442 4311 2761 4381 Eriperetur
2790 4313 2860 4389 ab
2879 4314 3206 4383 approbriis.

2517 4405 2624 4462 Sed
2652 4406 2834 4463 Patris
2860 4408 3248 4479 omnipotentis
3268 4408 3411 4467 idem

2441 4495 2654 4554 Judicio
2687 4500 2820 4566 ruit,
2852 4500 3054 4557 eximie

2438 4588 2730 4661 Postquam
2760 4591 2992 4660 refulsit,
3022 4602 3079 4648 et
3104 4592 3233 4648 hinc
3255 4591 3466 4649 cecidit.

2434 4680 2568 4736 inde
2597 4682 2788 4738 domus
2814 4696 3074 4739 renovata
3099 4685 3189 4739 diu
3256 4714 3259 4715 ν

2440 4772 2637 4830 Mansit
2669 4775 2723 4830 in
2752 4776 2838 4832 his
2862 4791 3082 4847 quoque
3108 4774 3458 4845 temporibus,

2511 4864 2664 4932 Quod
2690 4867 2828 4927 bene
2851 4868 3067 4925 condita
3095 4882 3201 4922 non
3235 4867 3409 4923 fuerat

2335 5012 2341 5019 _
2436 4955 2663 5013 Casibus
2688 4961 2870 5028 agnita
2893 4960 3048 5029 signa
3073 4960 3236 5017 dabat
3262 4961 3359 5032 (1).

2438 5045 2690 5105 Materies
2718 5050 3015 5107 lubrieabat
3038 5062 3096 5107 et
3121 5064 3243 5119 ars;

2435 5139 2579 5193 Cella
2604 5155 2702 5207 nec
2727 5156 2831 5195 una
2869 5144 3191 5209 monasterii

2439 5230 2642 5293 Olliciis
2665 5241 2786 5288 erat
2813 5242 2937 5305 apta
2960 5236 3095 5295 Suis.

2504 5322 2579 5377 At
2603 5321 2782 5382 Patris
2802 5324 2982 5381 omnia
3011 5326 3237 5385 consilio
3254 5365 3271 5393 ,
3334 5312 3340 5323 ’
