3936 5402
223 341 295 399 37

363 457 551 513 Diruta
582 451 682 515 rite
711 460 859 518 fuere
880 463 1019 526 solo,
1186 520 1187 523 η

359 547 499 605 Sunt
524 550 685 607 modo
707 551 862 621 cujus
887 560 943 608 et
973 552 1199 609 arbitrio

366 641 395 695 ι
412 642 597 697 nmine
619 642 845 713 praedita
874 645 1154 701 continuo.

428 730 633 788 Nomen
664 732 734 788 ob
759 734 861 789 hoc
887 734 1163 805 operantis
1188 749 1328 790 oous

361 819 471 876 Nec
500 824 733 880 reticere
763 825 900 881 valet
926 827 1166 897 penitus,

359 908 603 968 Nominis
634 929 762 970 usus
789 924 842 970 et
871 925 929 970 ιιι
956 917 1163 987 proprii

357 1001 626 1071 Postulat,
658 1006 900 1061 anterior
929 1009 1129 1077 poterit

358 1092 585 1164 Syllaba.
608 1095 766 1167 longa
799 1098 977 1154 brevis
1000 1100 1138 1154 fieri.

436 1184 578 1255 Ergo
599 1186 785 1244 licebit
811 1199 865 1243 et
889 1192 1107 1260 expedit
1139 1191 1228 1248 hic

361 1277 568 1334 Nomen
599 1280 779 1338 inesse
803 1283 1083 1351 desiderii,

358 1366 461 1432 Qui
489 1367 656 1434 dedit,
686 1385 720 1427 ο
744 1369 1058 1437 Benedicto.
1088 1373 1183 1429 tibi

365 1458 497 1515 Tam
529 1461 767 1531 pretiosa
799 1464 1055 1519 domicilii

361 1549 613 1616 Praemia,
643 1553 836 1609 ductus
864 1571 1051 1611 amore
1076 1557 1175 1611 ttti.

432 1642 738 1701 Marmoreo
772 1646 904 1704 foris
932 1659 1014 1704 est
1047 1648 1227 1721 lapide

360 1734 514 1791 Intus
542 1745 598 1793 et
622 1738 870 1797 ecclesiae
902 1742 1084 1812 paries

357 1826 705 1897 Splendidus.
732 1829 831 1887 Ilic
872 1842 1049 1889 tamen
1082 1834 1227 1891 haud
1259 1818 1439 1892 facile.

356 1916 530 1973 Dncta
554 1917 741 1976 labore
776 1922 861 1977 vel
893 1933 1012 1979 arte
1036 1925 1153 1979 rudi

354 2008 550 2067 Omnis
574 2013 643 2067 ab
674 2014 807 2070 urbe
835 2016 1086 2072 columna
1134 2018 1252 2076 fuit.

434 2102 685 2176 Undique
708 2117 903 2163 cmlera
933 2109 1039 2167 lata
1072 2108 1178 2166 loci

356 2191 609 2251 Pondere
636 2212 746 2267 prze
769 2198 936 2252 nimio
961 2199 1121 2269 pretii

361 2283 558 2352 Empta
591 2285 759 2350 fuere,
792 2303 894 2344 nec
925 2284 1199 2360 Hesperiae

356 2374 656 2432 Sttl‘ticiunt
682 2379 817 2434 satis
849 2380 1090 2434 artifices
1123 2399 1134 2433 :

358 2464 597 2521 Thracia
629 2482 811 2523 merce
838 2468 1048 2524 locatur
1076 2470 1143 2524 ad
1176 2471 1307 2525 haec.

440 2557 533 2612 llis
558 2556 710 2614 labor
744 2560 796 2614 in
830 2562 1001 2616 vitrea
1038 2563 1219 2632 potius

359 2650 591 2709 Materia
617 2652 777 2708 datur
796 2652 1060 2720 eximius;

359 2740 501 2795 Nam
533 2741 745 2798 variata
775 2742 1049 2799 coloribus
1072 2744 1189 2799 haec

362 2830 460 2887 Sic
486 2831 726 2889 hominis
756 2834 980 2890 decorat
1007 2836 1267 2905 speciem,

360 2921 480 2976 Non
513 2923 584 2978 sit
612 2931 671 2979 ut
701 2924 840 2980 alter
873 2925 924 2979 in
953 2925 1155 2998 effigie.

437 3012 634 3069 Lustra
666 3014 853 3069 decem
884 3015 1073 3070 novies
1098 3015 1343 3080 redeunt,

357 3106 482 3173 Quo
511 3113 661 3177 patet
692 3120 815 3162 esse
844 3106 1048 3163 laboris
1070 3124 1209 3179 opus

358 3195 529 3250 Istius
553 3196 781 3251 urbibus
806 3196 972 3252 Italiae

363 3285 660 3353 lllieitutn;
692 3288 982 3358 peregrina
1006 3289 1095 3343 diu

368 3376 480 3432 Res
503 3377 662 3432 modo
690 3385 874 3432 nostra
906 3377 1000 3432 sed
1026 3377 1287 3435 efficitur.

443 3469 543 3525 llic
574 3469 848 3525 alabastra
877 3469 1053 3527 nitere
1077 3470 1215 3541 lapis

364 3558 720 3631 Porphyrcus
750 3560 1051 3630 viridisque
1075 3560 1237 3626 facit;

369 3652 469 3709 llis
492 3655 803 3724 proconissa
836 3654 1014 3725 pavita
1044 3654 1162 3726 (sic)
1195 3654 1355 3711 simul

372 3744 465 3798 Sic
491 3743 595 3798 sibi
624 3758 899 3800 marmora
921 3746 1284 3807 conveniunt.

375 3836 447 3892 Ut
478 3836 630 3892 labor
652 3837 742 3892 hic
764 3852 915 3892 mare
945 3838 1016 3894 sit
1047 3837 1300 3894 vitreum.

446 3927 619 3982 Tanta
648 3928 864 3984 decoris
894 3929 947 3985 in
974 3930 1079 3985 hoc
1105 3930 1293 3985 rutilat

374 4020 580 4085 Gloria,
616 4020 788 4077 Roma
811 4022 953 4092 quod
980 4023 1096 4093 ipsa
1124 4038 1221 4076 sua

378 4111 555 4166 Pluris
581 4120 639 4167 ut
682 4113 891 4169 testium
928 4128 1033 4169 non
1085 4112 1289 4169 faciat:

381 4203 471 4257 Sic
492 4218 709 4273 quoque
735 4214 854 4260 vota
888 4204 1156 4285 De‘sitlerii

384 4291 720 4348 Couvaluere
749 4293 978 4362 benigna
1008 4292 1209 4348 Patris.

456 4387 635 4441 Aurea
666 4402 818 4455 vasa,
852 4386 935 4441 vel
964 4385 1189 4445 alterius

384 4474 646 4531 Ponderis
677 4475 895 4544 ingenui
928 4476 1110 4545 potius
1132 4515 1148 4536 ,

384 4566 610 4622 Gemma
638 4567 833 4636 quibus
863 4568 1101 4638 pretiosa
1130 4567 1293 4621 nimis

386 4658 590 4723 Enitet,
610 4668 710 4717 aut
740 4660 923 4720 micat.
957 4668 1050 4713 aut
1080 4659 1290 4725 rutilat,

387 4750 526 4807 lliuc
549 4765 651 4823 ope
673 4753 901 4807 contulit
925 4751 1230 4805 innumera.

464 4840 516 4893 In
540 4841 740 4897 casulis
764 4842 1075 4910 trahensque
1103 4840 1260 4895 stolis

392 4933 656 4988 Maximus
691 4942 775 4989 est
812 4949 1067 4989 numerus
1099 4934 1274 5003 pretii.

393 5025 501 5078 Ara
532 5024 707 5094 grisea
743 5025 931 5080 labore
950 5039 1050 5085 suo

393 5114 519 5170 Plus
550 5116 783 5184 pretiosa
812 5114 1076 5194 refulget,
1109 5124 1164 5171 et
1188 5127 1263 5166 aes

397 5206 589 5263 Carius
612 5217 941 5279 exsuperant
967 5209 1189 5267 bifores.

471 5297 658 5352 Omnia
691 5314 827 5368 pene
849 5298 1043 5368 quibus
1072 5302 1222 5356 locus
1252 5297 1338 5350 hic

406 5390 441 5402 Π

1554 348 1886 406 CAllllllNA.

1756 467 1804 523 Α
2054 461 2287 517 Sustulit
2314 460 2419 515 huc
2439 456 2704 513 bonitatis
2729 470 2832 526 ope
2853 469 2870 517 ;

2049 553 2115 607 Et
2150 553 2286 606 satis
2315 551 2549 621 undique
2580 548 2727 604 clara
2757 548 2951 603 domus
2983 561 2987 564 '

2049 642 2237 712 Fulget
2259 643 2311 696 in
2338 641 2490 707 orbe,
2522 639 2666 695 velut
2691 636 2972 709 speculum

2049 735 2192 791 Solis
2224 734 2274 789 in
2302 735 2507 788 :ethcre
2531 732 2902 803 perspicuum.

2122 823 2253 890 Quis
2277 822 2526 886 meliora,
2547 820 2768 883 Casine,
2794 819 2902 875 tuis

2052 916 2248 971 Mmuia
2272 916 2571 987 porticibus
2597 913 2822 968 statuit?

2053 1007 2234 1061 Aurea
2257 1022 2365 1061 non
2391 1008 2584 1059 domus
2603 1004 2719 1073 ipsa
2748 1000 2900 1074 Cyri.

2054 1096 2170 1152 Non
2196 1094 2504 1151 Salomonis
2530 1108 2666 1163 opus
2696 1089 2866 1146 valuit

2050 1187 2284 1244 Sedibus
2306 1187 2392 1241 his
2427 1184 2651 1243 rutilare
2672 1181 2865 1253 magis.

1954 1352 1957 1353 ν
2124 1279 2281 1336 Atria
2305 1276 2614 1333 Justiniana
2642 1274 2808 1332 situm

2055 1371 2212 1427 llunc
2236 1370 2339 1426 sibi
2365 1368 2654 1439 diligerent
2679 1366 2874 1423 satius.

2052 1465 2148 1523 Est
2175 1464 2269 1521 tibi
2298 1463 2507 1533 grande
2535 1461 2699 1517 nimis
2730 1462 3001 1527 meritum,

2054 1555 2252 1609 Fertur
2278 1553 2477 1623 ubique
2500 1552 2603 1607 sub
2630 1552 2832 1608 aethere
2856 1556 3007 1605 tuum
3066 1546 3192 1619 (sit)

2059 1646 2316 1702 Sanctius
2348 1660 2472 1701 esse
2497 1641 2851 1699 domicilium.

2126 1738 2206 1795 'l‘u
2231 1738 2474 1809 speciosa
2500 1735 2738 1792 fenestra
2766 1733 2879 1797 Dei,

1773 1802 1820 1865 Β
2057 1832 2315 1888 Proxima
2343 1830 2642 1886 luminibus
2661 1843 2896 1898 superis,

2064 1924 2227 1981 Unde
2255 1925 2510 1980 videntur
2532 1921 2600 1977 ad
2624 1920 2742 1977 lucc
2766 1920 2965 1974 animae

2060 2016 2326 2081 Tendere,
2363 2014 2597 2071 mundus
2622 2022 2680 2068 et
2709 2012 2797 2068 hic
2824 2011 3060 2066 hominis

2058 2108 2221 2165 Visus
2245 2108 2315 2164 ab
2347 2107 2508 2164 unius
2531 2115 2617 2163 est
2637 2104 2834 2161 oculis.

2131 2199 2203 2258 Ut
2229 2199 2519 2271 paradisus
2548 2210 2799 2253 ammnus
2819 2194 2969 2250 Edeu
2993 2235 3008 2257 ,

2060 2290 2240 2348 Omne
2259 2290 2360 2346 soli
2396 2304 2624 2361 superos
2656 2288 2935 2358 specimen

2066 2383 2197 2455 Ejus
2230 2381 2566 2437 aromatibns
2593 2379 2807 2435 redoles
2832 2394 2848 2432 :

2058 2475 2275 2531 Deliciae
2303 2474 2398 2527 tibi
2431 2488 2535 2527 non
2566 2471 2688 2526 alte

2057 2565 2202 2620 Sunt
2230 2562 2337 2619 nisi
2363 2562 2506 2618 forte
2526 2577 2639 2617 suae
2664 2560 2883 2631 pariles.

2128 2657 2351 2714 Cantica
2379 2655 2606 2711 conficis
2632 2653 2897 2725 angelicis

2058 2750 2314 2805 Consona
2341 2747 2569 2802 vocibus
2594 2755 2761 2816 atque
2783 2743 2961 2799 modis
2986 2757 3004 2797 :

2057 2839 2236 2896 Corde
2257 2839 2462 2894 videris
2484 2847 2541 2893 et
2566 2851 2664 2892 ore
2693 2837 2863 2891 Deum

2059 2932 2291 2987 Poscere
2312 2929 2582 2986 continuis
2605 2926 2856 2998 precibus

1972 3052 1979 3061 -
2065 3022 2308 3078 Crimine
2347 3036 2446 3091 pro
2473 3018 2649 3090 populi
2685 3016 2888 3088 potius.

1772 3146 1823 3211 α
2135 3111 2252 3168 Jam
2279 3110 2506 3187 poteris,
2540 3109 2723 3174 Pater,
2749 3104 3007 3176 angelicis

1802 3200 1823 3217 ’
2066 3206 2349 3272 Pollicitis,
2374 3201 2686 3266 Benedicte,
2713 3200 2818 3255 frui
2852 3218 2867 3255 :

2066 3300 2246 3357 Ditior
2275 3307 2360 3353 est
2384 3298 2578 3351 domus
2599 3292 2875 3349 ista'satis'

2065 3391 2238 3458 Quam
2266 3387 2371 3443 fuit
2402 3387 2697 3449 hactenus;
2733 3392 2790 3439 at
2827 3383 3043 3438 meritis

2063 3482 2175 3544 Fac
2199 3483 2272 3538 sit
2307 3492 2367 3535 ut
2392 3489 2519 3535 ante
2544 3479 2704 3535 beata
2735 3477 2865 3537 tuis.

2138 3573 2218 3628 Tu
2248 3573 2409 3638 bone,
2441 3581 2496 3625 tu
2527 3571 2636 3641 pie,
2668 3578 2725 3623 tu
2753 3568 2983 3624 Domine

2068 3662 2270 3719 Sancte
2299 3661 2463 3728 Deus,
2488 3659 2654 3717 Pater
2675 3657 3037 3728 omnipotens.

2061 3753 2162 3810 Cui
2200 3752 2332 3807 nihil
2359 3760 2444 3807 est
2465 3752 2597 3806 dare
2625 3747 2863 3815 diliicile,

2067 3845 2169 3901 llic
2201 3843 2571 3900 habitantibus
2599 3840 2836 3896 mtlteree

2074 3939 2152 3992 Da
2177 3936 2400 4006 liqueat,
2431 3942 2577 4006 peto,
2603 3932 2740 3988 lucis
2767 3932 2889 3986 iter.

2142 4027 2235 4083 Sic
2264 4026 2477 4098 placeat
2510 4023 2669 4080 modo
2692 4031 2878 4079 nostra
2910 4020 3004 4076 tibi

2067 4128 2290 4192 Concio,
2316 4126 2493 4199 prisca
2518 4124 2663 4180 velut
2688 4122 2913 4193 placuit,
2982 4138 2983 4141 η

2072 4221 2283 4289 Integra
2315 4233 2435 4289 qua:
2461 4217 2676 4288 penitus
2700 4214 2898 4269 meruit

2072 4310 2329 4367 Partibus
2359 4307 2517 4377 hujus
2540 4308 2608 4361 ab
2634 4302 2856 4375 hospitii

2073 4400 2276 4457 Lucida
2308 4415 2472 4471 regna
2498 4398 2681 4453 subire
2701 4395 2837 4468 poli;

1784 4490 1839 4552 ¹³
2598 4524 2761 4588 ῖχχμ’

1952 4651 2149 4705 Cantus
2191 4650 2245 4701 in
2299 4646 2510 4701 laudent
2555 4631 2718 4698 beate:
2769 4641 3078 4723 illm'guritae
3130 4641 3361 4710 uirgmts,

2469 4725 2519 4770 et
2568 4726 2834 4783 martyris.

1866 4834 1924 4889 Si
1957 4846 2053 4887 sua
2082 4829 2374 4897 vaniloquo
2407 4825 2732 4882 tumefactus
2756 4828 3010 4882 carmine
3034 4818 3279 4887 mundus

1867 4922 2032 4979 Facta
2062 4920 2248 4981 refert,
2292 4930 2421 4969 num
2453 4920 2641 4970 nostra
2682 4926 2881 4968 manus
2908 4920 3134 4980 torpere
3164 4905 3387 4973 valebit,

1870 5016 1945 5072 Nc
1973 5014 2150 5087 pulset
2178 5023 2298 5065 cum
2329 5022 2465 5063 voce
2490 5008 2686 5079 lyram,
2717 5007 2848 5060 dum
2883 5006 3094 5077 cmtica
3118 4999 3336 5052 narrat?

1873 5111 2012 5182 Ergo
2037 5120 2136 5175 age
2161 5117 2264 5158 vox
2295 5100 2498 5168 omnis,
2527 5114 2647 5168 qua:
2669 5102 2866 5152 cantat.
2897 5098 3086 5163 verba
3106 5086 3317 5141 choreis

1880 5205 2022 5259 Vana
2047 5196 2237 5259 cadat,
2257 5191 2415 5248 ludos
2437 5206 2627 5249 omnes
2647 5187 2999 5260 proscriba;
3022 5186 3210 5243 inanes

1880 5295 2072 5351 Nostra
2097 5285 2303 5357 chelys.
2329 5284 2429 5339 sed
2459 5283 2582 5339 diva
2604 5279 2766 5337 ferat.
2792 5276 2879 5333 De
2909 5277 3149 5346 civibus
3168 5277 3261 5319 ora

2300 5372 2311 5385 ο
2569 5373 2581 5385 ο
2826 5365 2841 5378 ⁸

1892 5389 1908 5402 Α
1969 5386 2023 5402 ,⁸.
2054 5380 2214 5402 -1.ιι..ι.
2243 5373 2371 5402 ιιι-ινδ
2400 5390 2581 5402 mal-nl
2612 5369 2841 5402 η-ΛιΙηνι

2121 5393 2214 5402 ιιι-ι.
2243 5372 2371 5402 Διί-γι
2400 5373 2581 5402 Μ..ηηῖ
2612 5365 2870 5402 ηηηιιιινῖί
2915 5375 2988 5402 ζ..

3277 334 3416 391 ιεδδ
3508 380 3553 407 πρ
