3936 5402
577 345 718 403 1239

576 458 865 530 Margarita
904 469 1123 525 oculos;
1153 467 1443 526 tnnonesto
1468 453 1673 511 lumine
1694 468 1896 526 prteses

575 548 796 620 Inspicit
820 546 1057 603 oblatam
1080 561 1332 618 quaerens
1361 545 1600 603 mulcere
1620 546 1891 621 puellam;

572 641 822 710 Dumque
845 649 1004 712 negat
1026 640 1202 695 calido
1225 655 1322 696 ore
1349 639 1508 697 fidem
1540 654 1730 696 secura
1758 640 1981 695 fatetur.

569 731 665 786 ille
686 732 848 787 minis
875 731 1087 787 mollem
1114 732 1342 788 credens
1365 732 1659 803 impingere
1684 712 1943 800 mentem,

573 824 782 880 Invenit
814 825 868 881 in
902 835 1087 882 tenera
1113 834 1305 896 pectus
1331 827 1547 882 latitare
1582 826 1740 881 virile

574 914 822 983 Virgine,
855 931 962 971 non
990 924 1203 987 poterat
1232 917 1520 973 tenebroso
1546 917 1789 971 carceris
1818 924 1981 971 antro

573 1006 828 1064 Vim-ere.
857 1007 974 1063 Non
1001 1008 1168 1080 virgis
1199 1024 1418 1065 carnem
1445 1008 1789 1074 ferientibus,
1815 1009 1959 1065 unde

574 1097 873 1171 Sanguinei
903 1109 1129 1158 currunt
1155 1102 1276 1168 rivi,
1300 1117 1402 1158 nec
1428 1110 1650 1172 pectore
1682 1104 1849 1158 traxit

570 1189 721 1247 More
740 1193 1040 1264 puellarum
1065 1194 1292 1267 suspiria
1317 1194 1600 1267 :jungitur
1626 1195 1732 1251 illis

570 1280 785 1352 Ungula
816 1299 937 1356 qua:
970 1285 1475 1343 laceret-denudans
1494 1302 1727 1359 ossaque
1752 1290 1955 1360 pandat

566 1371 793 1431 Viscera
816 1376 938 1449 plus
964 1386 1182 1450 poterat
1205 1379 1366 1436 fortis
1393 1379 1619 1437 sufferre
1648 1381 1941 1449 malorum,

567 1464 741 1531 Quam
776 1484 978 1526 manus
996 1470 1226 1529 inferret
1255 1481 1494 1529 mentem
1527 1475 1788 1529 miserata
1821 1482 2154 1532 manentem.

567 1557 857 1614 Clauditur
881 1560 935 1616 in
961 1563 1221 1629 tenebris,
1265 1565 1451 1621 radius
1473 1580 1610 1635 quos
1641 1565 1791 1636 pellit
1820 1568 1889 1623 ab
1912 1567 2039 1624 alto.

564 1644 755 1704 Hostis
773 1649 929 1705 adest
949 1652 1160 1722 specie,
1186 1660 1243 1708 et
1267 1654 1407 1709 vasti
1439 1663 1646 1711 terrore
1673 1656 1927 1712 draconis

563 1733 823 1804 Mollitur,
854 1740 1140 1811 victusque
1178 1740 1336 1811 fugit,
1366 1743 1461 1800 sed
1495 1746 1562 1800 ad
1586 1745 1756 1800 altera
1790 1748 1963 1803 tendit.

559 1823 865 1883 lnveterata
900 1828 1006 1884 doli
1039 1829 1292 1903 figmenta
1317 1849 1381 1888 ac
1402 1834 1637 1890 vincitur
1664 1836 1811 1901 inde,

559 1911 705 1969 Dum
724 1918 859 1986 pede
879 1917 1124 1989 virgineo
1152 1922 1349 1978 collum
1382 1924 1625 1980 calcatur
1647 1924 1831 1992 inane,

561 1999 677 2058 Nec
707 2003 861 2063 licuit
886 2009 1060 2078 repeti
1095 2010 1215 2066 sine
1241 2022 1377 2068 nutu
1406 2013 1633 2085 virginis
1665 2016 1893 2072 umbras

559 2096 733 2153 Ducta
768 2099 964 2160 dehinc
991 2115 1252 2163 constans
1282 2108 1412 2164 dum
1444 2112 1652 2181 spernit
1678 2127 1834 2167 saera
1864 2112 2111 2181 deorum,

452 2272 455 2273 ν
559 2185 815 2261 Iungitur
837 2208 1072 2253 exurens
1100 2197 1259 2255 lateri
1282 2215 1383 2270 pro
1403 2201 1628 2259 vulnere
1653 2203 1880 2274 lampas.

564 2280 672 2338 Sed
701 2285 975 2343 carodum
1003 2291 1227 2360 patitur,
1254 2308 1405 2349 mens
1430 2309 1657 2365 prorsus
1677 2297 1744 2350 ad
1776 2298 1893 2352 alta.
1916 2297 2149 2357 levatur.

564 2373 813 2446 Cumque
837 2376 1000 2447 ligata
1027 2381 1199 2442 dalnr-
1215 2383 1358 2439 dolio
1382 2400 1479 2441 sua
1507 2386 1728 2442 vulnera
1761 2391 1935 2459 rumpi

564 2462 771 2531 Sensit,
799 2466 870 2523 ob
902 2468 1003 2524 hoc
1030 2470 1210 2541 populi
1238 2488 1507 2545 vocesque
1533 2476 1601 2530 ad
1630 2478 1808 2533 sidera
1848 2479 1978 2534 tolli.

560 2556 918 2631 Confessique
943 2561 1113 2618 Deum
1146 2565 1407 2623 cmlorum
1438 2583 1663 2625 munera
1692 2581 1932 2627 sumunt.

558 2646 811 2721 Denique
833 2666 902 2708 ne
931 2654 1163 2725 populus
1191 2656 1245 2713 in
1293 2660 1570 2716 Christum
1599 2664 1849 2719 crederet
1872 2666 2051 2721 omnis

560 2738 643 2793 Ad
674 2740 792 2799 loca
814 2744 1097 2817 sanguinei
1126 2746 1275 2817 jussa
1305 2758 1388 2806 est
1416 2754 1743 2810 certaminis.
1770 2754 1870 2823 ire,

567 2829 903 2905 Emissmque
938 2837 1127 2907 procis
1141 2850 1264 2909 post
1292 2855 1445 2898 sacra
1476 2843 1655 2899 oblata
1684 2845 1897 2910 feritur,

563 2922 633 2979 Et
661 2940 791 2983 caro
817 2929 944 2985 dum
970 2929 1166 3001 jacuit,
1199 2947 1353 2991 mens
1379 2936 1499 3008 ejus
1538 2937 1592 2992 iu
1616 2936 1818 2993 :etltera
1848 2938 2041 2996 fertur.

1288 3071 1429 3135 XXI.

780 3179 976 3253 Incipit
1002 3184 1101 3240 ode
1140 3187 1197 3243 in
1226 3186 1437 3243 laudem
1469 3200 1667 3249 eatacta:
1700 3192 1935 3254 Ursum.

702 3288 906 3363 Fulgor
932 3305 1185 3367 aspectus
1218 3300 1420 3369 placuit
1451 3302 1699 3358 virorum

704 3378 947 3448 Viribus,
980 3390 1180 3443 mentis
1203 3389 1369 3445 decor
1388 3400 1445 3446 at
1467 3394 1716 3461 supernis

704 3468 919 3528 Ursulus
955 3478 1168 3544 turmis,
1199 3481 1396 3536 merito
1423 3484 1667 3552 potentis

950 3564 1160 3625 Nobilis
1181 3581 1358 3629 ortus.

699 3650 966 3713 Luctibus
989 3660 1163 3728 patris
1191 3660 1310 3715 tulit
1343 3663 1459 3719 haec
1478 3661 1745 3733 juvamcn

703 3743 822 3803 Non
856 3749 1050 3808 timens
1078 3753 1220 3824 regis
1247 3753 1420 3813 furias
1449 3758 1640 3815 caduci

703 3840 838 3899 Nixa
864 3844 1049 3902 virtuti
1078 3846 1291 3904 Domini
1317 3853 1574 3920 potentis,

949 3934 1117 4008 Virgo
1149 3939 1342 4009 pudica

702 4022 975 4091 Quaeritur
1002 4042 1224 4099 sponso,
1260 4031 1425 4089 trahit
1458 4032 1547 4087 illa
1581 4048 1877 4105 sponsum,

705 4113 953 4185 Dumque
989 4132 1050 4173 se
1074 4119 1284 4189 profert
1307 4124 1496 4180 socias
1516 4125 1771 4196 requirit,

704 4207 974 4283 Aegregat
1004 4211 1144 4269 festo
1169 4214 1379 4288 celeres
1404 4217 1689 4275 ministros

948 4299 1092 4376 Laeta
1126 4300 1327 4361 futuro.

703 4386 958 4462 Jungitur
982 4407 1157 4451 sacrae.
1176 4397 1435 4452 comitum
1465 4400 1718 4458 cohortis

703 4478 957 4537 Sanctior
986 4484 1118 4538 cieri
1146 4486 1378 4543 celebris
1403 4498 1644 4555 caterva,

702 4570 936 4626 Advenit
970 4582 1186 4641 patrum
1214 4577 1441 4645 cupidus
1467 4593 1686 4636 coroute

936 4662 1195 4736 Fulgidus
1225 4670 1378 4724 ordo.

704 4752 964 4815 Summus
987 4758 1228 4814 oblatum
1257 4761 1442 4828 decus,
1474 4771 1530 4819 et
1555 4765 1795 4836 resignat

698 4843 910 4916 Pastor,
950 4850 1094 4907 haud
1119 4852 1301 4909 damni
1336 4855 1562 4924 pavidus
1595 4859 1833 4915 minoris

701 4936 967 4998 Dedicans
989 4942 1212 5001 Christo
1234 4946 1463 5002 comites
1501 4947 1723 5007 lavacro

947 5032 1183 5096 Virginis
1209 5036 1387 5092 almae.
1448 5050 1451 5055 ‘

2179 3160 2221 3219 C

1673 290 1968 396 Al.PlIAl\‘l
1988 330 2442 427 SALERD’ITANI
2464 329 2777 387 ARCIIIEP.
3664 326 3757 383 ιω

2178 451 2225 509 Α

2474 515 2674 572 Cantus
2696 516 2750 570 in
2771 438 3388 570 landemxgl‘COatharina
3412 511 3627 581 virginis.

2260 586 2493 643 Pulchra
2519 587 2681 643 nimis
2703 586 2906 642 nullum
2931 585 3156 655 cupiens
3178 583 3467 641 admittere
3485 597 3716 653 sponsum,

2260 681 2431 749 Quem
2457 696 2562 736 non
2588 678 2812 751 perfecti
2835 676 3130 748 compleret
3153 676 3322 731 forma
3347 674 3577 741 decoris,

2260 774 2454 831 Omnia
2491 774 2581 844 qui
2618 780 2821 839 nosset,
2855 784 3104 842 quaerens
3129 767 3332 823 virtute
3358 774 3642 836 potentem,

2261 865 2327 920 Et
2357 864 2447 936 qui
2479 864 2746 935 praecipua
2774 861 2915 917 foret
2938 876 3006 915 ex
3034 860 3239 930 pietate
3263 856 3553 927 benignus,

2262 955 2426 1028 Virgo
2453 956 2644 1026 pudica
2668 954 2761 1010 Dei
2785 959 2993 1024 martyr
3011 950 3299 1006 Catharina
3322 948 3472 1018 quod
3490 955 3642 1016 optat,

2259 1047 2500 1113 Obtinet,
2525 1045 2807 1102 illecebras
2834 1046 2961 1098 dum
2993 1042 3178 1098 carnis
3203 1039 3465 1094 abhorret
3491 1037 3691 1106 iniquas.

2259 1139 2506 1209 Dumque
2548 1137 2748 1193 refutat
2787 1151 2940 1205 opes,
2979 1134 3107 1189 dum
3138 1146 3307 1186 vanos
3346 1130 3549 1200 spernit
3574 1129 3767 1191 honores,
3870 1162 3871 1211 χ

2260 1232 2457 1287 Ictibus
2481 1228 2752 1298 objicitur,
2778 1226 2976 1283 victrix
3000 1240 3097 1296 per
3120 1223 3331 1292 singula
3355 1220 3540 1292 fulget.

2255 1304 2476 1378 Auxilio
2505 1320 2745 1377 stabilita
2776 1319 2873 1379 Dei
2904 1316 3223 1374 mortalibus
3251 1314 3431 1368 audax

2257 1412 2481 1469 Restitit
2509 1411 2742 1477 insidiis,
2770 1409 3035 1480 promissa
3058 1421 3158 1461 nec
3186 1418 3383 1475 aspera
3411 1414 3613 1456 curans.

2258 1507 2533 1576 Doctaque
2565 1519 2671 1560 non
2699 1502 2878 1558 timuit
2902 1499 3235 1557 confundere
3283 1503 3504 1566 pectora
3534 1490 3722 1557 doctrix,

2257 1596 2366 1653 Nec
2389 1597 2562 1652 verita
2593 1595 2646 1650 in
2675 1602 2859 1649 tenera
2888 1590 3117 1646 sufferre
3138 1587 3351 1658 ﬂagella
3374 1586 3588 1654 juventa

2254 1687 2429 1743 Altior
2449 1684 2699 1755 imperio,
2732 1683 2860 1738 dum
2890 1695 3114 1737 carcere
3136 1678 3420 1734 clauditur
3447 1685 3561 1731 atro

2178 1814 2227 1876 Β
2256 1778 2412 1834 Nulla
2437 1776 2612 1833 fames
2645 1783 2893 1830 sanctam
2923 1771 3103 1843 potuit
3138 1770 3439 1843 percellere
3468 1774 3695 1828 mentem,

2254 1872 2425 1927 Dante
2452 1871 2562 1925 Deo
2588 1867 2832 1933 famulae,
2845 1880 2965 1937 qua:
2983 1872 3116 1920 sunt
3144 1858 3498 1917 accommoda
3516 1860 3649 1921 vitaz,

2254 1963 2451 2019 Visitat
2477 1960 2727 2016 ancillam
2763 1958 3045 2021 Dominus,
3076 1954 3379 2025 reginaque
3408 1951 3642 2005 clausam.

2251 2057 2365 2115 Nec
2395 2057 2651 2111 tenebras
2670 2052 2902 2124 patitur,
2926 2051 3054 2106 dum
3096 2047 3189 2101 lux
3218 2044 3536 2101 diﬂ‘nnditnr
3560 2041 3696 2094 intus.

2251 2153 2479 2211 Conscia
2502 2151 2853 2223 congreditur
2882 2145 3208 2201 famulorum
3235 2140 3415 2202 turba,
3447 2138 3679 2204 fidemque

2252 2246 2567 2317 Suscipiens
2595 2253 2722 2314 apto
2749 2239 3000 2313 qumsivit
3029 2246 3274 2306 tempore
3302 2231 3554 2303 palmam.

2250 2336 2360 2393 Nec
2388 2346 2614 2407 potuere
2636 2343 2764 2389 rotae
2787 2329 3092 2389 constantia
3120 2336 3245 2381 vota
3278 2335 3485 2378 rotare.

2249 2428 2362 2484 Nec
2387 2426 2582 2482 metuit
2606 2433 2834 2479 mortem
2866 2428 3092 2491 portans
3116 2432 3184 2471 ex
3208 2422 3393 2469 morte
3415 2418 3662 2464 coronam.

2252 2521 2591 2593 Sanguineas
2622 2518 2819 2573 vulnus
2851 2516 2979 2572 dum
3011 2511 3229 2567 mittere
3259 2505 3451 2561 debuit
3478 2499 3651 2563 undas,

2250 2615 2360 2671 Lac
2381 2614 2554 2679 dedit,
2574 2611 2795 2683 egregio
2822 2618 3128 2678 corpusque
3158 2599 3364 2657 dedere
3388 2593 3617 2667 sepulcro

2252 2705 2432 2765 Turba
2459 2716 2843 2775 supernorum,
2872 2706 3054 2772 guttas
3079 2694 3371 2765 funditque
3392 2686 3635 2760 salubres,

2572 2865 2684 2921 Ode
2713 2865 2767 2918 in
2791 2787 3266 2930 (undeifgrltlsdem
3289 2851 3521 2923 virginis.

2321 2938 2485 2995 Multa
2518 2952 2615 2992 nos
2637 2936 2780 3005 cogit
2805 2933 3018 2987 bonitas
3041 2929 3233 2999 puella:

2321 3029 2547 3086 Cantico
2569 3027 2758 3081 laudes
2777 3024 2983 3096 agitare
3011 3028 3220 3075 nostro.

2326 3122 2505 3177 Pauca
2535 3120 2661 3174 dum
2699 3117 2924 3187 spernit,
2955 3113 3055 3168 sibi
3083 3125 3204 3181 quae
3232 3116 3490 3179 parentes

2325 3214 2648 3284 Liquerant,
2672 3208 2856 3263 multis
2882 3204 3074 3276 opibus
3104 3202 3337 3256 fovetur.

2324 3307 2552 3376 Sceptra
2583 3304 2708 3357 dum
2746 3300 2894 3369 regis
2919 3296 3128 3366 fragilis
3162 3292 3411 3363 reliquit,

2322 3399 2443 3454 Alta
2469 3396 2674 3452 dotavit
2690 3395 2946 3465 juvenem
2976 3402 3197 3445 corona.

2322 3489 2559 3546 Plurima
2586 3486 2738 3541 fulsit
2766 3483 3056 3539 Catharina
3083 3479 3278 3542 forma,

2323 3580 2430 3637 Sed
2462 3578 2636 3649 magis
2660 3576 2944 3648 pulchram
2971 3583 3263 3626 numerosa
3290 3569 3475 3621 virtus

2324 3671 2603 3735 Reddidit,
2631 3666 2830 3724 summi
2854 3664 3161 3732 meruitque
3193 3658 3384 3714 Patris

2323 3764 2496 3820 Unico
2513 3760 2666 3832 jungi
2691 3759 2934 3831 speciosa
2963 3756 3118 3811 Nato.

2320 3857 2449 3925 Ejus
2480 3854 2726 3924 amplexu
2758 3851 2982 3921 cupiens
3010 3847 3199 3911 foveri,

2321 3947 2521 4007 Terras
2541 3945 2682 4014 quod
2709 3950 2890 4013 posset
2912 3940 3062 4003 dare,
3089 3951 3195 3991 non
3222 3932 3448 4003 cupivit.

2323 4038 2651 4107 Prospei-um
2682 4033 3000 4104 quidquam,
3025 4028 3168 4083 mala
3198 4040 3302 4081 nec
3333 4020 3538 4089 refugit.

2322 4131 2479 4188 Unde
2513 4143 2613 4184 nec
2636 4125 2829 4197 praesul
2856 4122 3031 4195 potuit
3059 4118 3260 4175 minaci

2321 4221 2519 4276 Pectus
2547 4218 2689 4273 illius
2717 4227 2998 4272 removere
3026 4211 3201 4265 vultu.

2322 4312 2455 4381 Ejus
2479 4318 2533 4366 et
2562 4309 2761 4379 sprevit
2792 4306 3005 4376 placitis
3027 4303 3233 4358 favere.

2320 4404 2584 4459 Monstrat
2611 4409 2802 4473 arguto
2821 4398 3049 4453 rationis
3082 4404 3226 4452 acta.

2321 4498 2452 4565 Qua:
2481 4496 2641 4551 fidem
2674 4494 2907 4548 lustrant
2924 4489 3142 4545 senibus
3165 4486 3382 4557 togatis.

2326 4591 2490 4652 Vicit,
2517 4597 2572 4642 et
2591 4585 2754 4639 victis
2778 4582 2981 4654 placuit
3010 4580 3256 4643 subesse,

2318 4683 2453 4739 Fine
2473 4680 2598 4735 dum
2630 4678 2797 4732 vitam
2820 4676 3055 4731 subeunt
3077 4680 3377 4728 carentem.

2320 4770 2581 4830 Carnifex
2614 4769 2759 4825 ferro
2780 4767 2987 4822 lacerat
3014 4763 3295 4827 tenellam,

2318 4864 2483 4919 Forte
2509 4861 2601 4917 sed
2629 4869 2819 4931 pectus
2839 4856 3054 4927 nequiit
3076 4854 3264 4910 ferire.

2319 4955 2390 5010 Ca
2401 4968 2573 5009 rcerts
2591 4960 2729 5007 tetra
2757 4949 2913 5004 latuit
2938 4960 3192 5009 caverna,
3252 4961 3261 4969 ν’

2320 5045 2590 5096 Snlendor
2616 5050 2698 5095 ast
2723 5040 2922 5095 summi
2950 5037 3123 5096 ualuit
3146 5035 3380 5090 decoris.
