3936 5402
205 321 329 385 l2“

895 431 1085 488 XXIV.

594 520 714 576 Alia
738 521 835 577 ode
863 524 915 578 iu
945 525 1107 593 ipsius
1136 524 1369 579 laudem.

267 612 478 670 Laudes
502 628 609 670 non
629 614 812 686 pigeat
832 630 1162 685 prompsrsse
1193 614 1442 671 cantibus

266 706 411 773 Quas
433 706 587 776 virgo
610 706 827 771 meruit,
855 720 954 761 nec.
975 706 1183 760 meritis
1211 721 1372 776 pares

265 798 480 852 Candor
503 797 781 867 virgineus
810 797 1113 867 przccipuus
1134 796 1299 859 nitor,

266 887 418 955 Quod
444 887 595 944 fulsit
621 888 860 958 sapiens.
886 898 941 943 et
969 884 1180 944 stabilis
1206 888 1378 953 valor,

265 973 460 1029 Extolli
487 975 658 1030 titulis
684 977 807 1045 jure
830 983 1018 1045 petunt
1048 975 1200 1029 novis

264 1065 538 1121 Virtutum
568 1080 847 1130 numerus,
877 1081 984 1134 quo
1016 1064 1184 1135 viguit
1214 1063 1362 1120 brevi

266 1157 382 1212 lloe
412 1158 536 1212 vitae
557 1158 733 1227 spatio
760 1172 858 1213 suo
885 1156 1058 1228 fragili
1084 1164 1249 1212 statu.

265 1246 550 1303 Extollens
585 1246 891 1302 Catharinae
923 1246 1137 1300 niveum
1156 1242 1341 1301 decus.

264 1336 419 1404 Quod
452 1352 560 1392 non
583 1337 882 1393 dilacerent
902 1337 1132 1408 plurima
1156 1335 1441 1393 commoda

261 1426 381 1482 Non
416 1426 571 1483 tollat
596 1427 828 1498 species,
855 1427 1058 1484 divitiis
1076 1427 1240 1484 cadat

260 1520 437 1576 Sexus
468 1518 684 1597 feminei
721 1519 889 1575 libera
925 1519 1128 1589 portio,

258 1609 495 1669 Grandis
522 1611 622 1666 sub
649 1619 847 1666 tenera:
866 1611 982 1665 visa
1009 1609 1235 1666 scientia

263 1704 300 1755 Λ
313 1716 481 1757 reano
503 1701 712 1758 invenis
740 1702 909 1757 multa
929 1702 1228 1758 scientibus

260 1798 396 1851 Dum
420 1795 627 1866 profert
657 1796 779 1851 lidei
808 1797 1033 1868 mystica
1071 1797 1345 1866 dogmata,

256 1884 369 1939 Non
396 1884 557 1940 infert
584 1884 784 1954 aliquid
810 1885 1025 1939 conscia
1057 1884 1268 1949 concio,

260 1973 514 2031 Victricis
550 1976 790 2031 retinens
832 1975 1035 2029 lumina
1070 1973 1303 2045 fulgidae,

254 2065 659 2137 Perdentesque
682 2066 893 2121 animas
914 2065 1195 2120 inveniunt
1218 2080 1333 2120 eas.

254 2155 659 2210 Excellentibus
682 2153 859 2225 fragili
886 2154 1053 2209 robur
1074 2155 1127 2209 in
1158 2154 1352 2210 arbore

254 2247 489 2318 Experta
518 2255 605 2302 est
625 2248 889 2318 regimen,
914 2262 1034 2317 quae
1064 2247 1235 2301 tenuit
1261 2262 1479 2301 manus.

254 2338 389 2393 Dum
422 2338 603 2409 pulsat
634 2339 1052 2409 precibus,dum
1079 2337 1235 2393 furiis
1261 2337 1447 2392 minax

253 2426 487 2484 Carnem
518 2427 829 2485 dilacerans
860 2430 959 2484 sub
987 2428 1225 2482 tenebris
1253 2427 1415 2492 locat,

172 2565 175 2568 .
256 2518 328 2575 Ut
352 2518 590 2590 demptis
616 2519 841 2588 dapibus
868 2518 1166 2589 praecipitet
1201 2517 1343 2573 neci.

257 2607 548 2678 Splendor,
569 2609 664 2663 sed
692 2607 909 2664 famula:
940 2608 1131 2677 gaudia
1166 2614 1478 2678 congregat,

262 2697 330 2754 Ut
355 2712 583 2753 carnem
611 2697 853 2765 foveant,
878 2699 1070 2770 pabula
1099 2704 1390 2767 praeparat.

258 2786 494 2843 Verbum
516 2787 830 2854 fructificat,
863 2789 1102 2859 germina
1134 2787 1358 2858 colligit.

254 2876 437 2933 Fortis
465 2878 738 2933 terribiles
765 2894 873 2933 non
906 2879 1084 2933 timuit
1108 2887 1283 2943 rotas,

252 2969 317 3024 Et
345 2978 582 3027 mortem
611 2972 837 3040 patitur,
870 2986 940 3026 ne
969 2972 1159 3027 subeat
1193 2987 1404 3028 necem.

253 3060 316 3119 Et
347 3060 439 3114 lac
465 3061 817 3131 consequitur
842 3060 1067 3115 vulnera
1091 3062 1403 3117 candidum.

250 3150 614 3222 Montanoque
643 3150 821 3205 locant
842 3150 1043 3206 vertice
1073 3150 1263 3205 funera

253 3243 472 3297 Dextra:
493 3240 820 3307 caelicolum,
845 3241 968 3311 quis
996 3240 1173 3296 reﬂuit
1196 3242 1372 3310 liquor

254 3332 509 3390 Reddens
533 3331 804 3390 debilibus
829 3333 1067 3387 membra
1091 3331 1351 3387 valentia.

898 3420 1073 3477 XXV.

358 3515 621 3588 Loquitur
658 3516 802 3586 virgo
843 3512 1019 3569 Maria
1057 3516 1126 3568 ad
1160 3515 1341 3569 Iesum
1379 3526 1582 3570 natum.

182 3605 288 3663 ilus
306 3608 494 3663 mundi
518 3608 770 3663 tenebras
797 3614 982 3662 noster
1006 3606 1141 3661 bene
1165 3607 1375 3661 veneris
1397 3605 1576 3661 infans

184 3700 390 3767 Visere,
423 3699 517 3767 qui
542 3699 655 3754 lato
681 3696 938 3753 dill'undis
962 3698 1163 3753 lumina
1189 3697 1347 3753 ccclo.

179 3787 279 3844 Fili
307 3790 437 3855 mei,
457 3788 642 3859 ﬁlique
673 3788 795 3853 Dei,
833 3803 1005 3843 novus
1030 3789 1234 3854 accola,
1267 3786 1436 3843 salve.

181 3878 286 3932 Sed
311 3879 456 3946 quis,
481 3893 589 3947 quo
612 3891 870 3947 properas
891 3892 1112 3947 compar
1134 3877 1394 3948 genitoris
1417 3877 1442 3930 ‘i
1479 3875 1548 3931 ab
1571 3874 1687 3931 alto

178 3966 473 4022 Prosiliens
496 3982 603 4038 quo
628 3976 753 4022 nate
771 3966 970 4022 venis?
996 3968 1087 4038 qni
1114 3977 1231 4022 rata
1263 3968 1505 4038 polorum

177 4056 393 4127 chlcs,
426 4058 581 4113 tellus
607 4058 755 4115 sinus
776 4058 864 4113 hie
896 4073 1050 4128 mage
1070 4059 1367 4129 complacet
1392 4066 1565 4122 artus,

177 4145 441 4200 Concludi
479 4161 607 4201 num
640 4146 779 4201 forte
820 4148 997 4213 venis,
1023 4149 1111 4217 qui
1144 4147 1249 4207 ﬁne
1286 4148 1532 4212 carebas,

177 4233 275 4299 Qui
303 4242 458 4288 stans
484 4242 679 4289 cuncta
700 4250 925 4292 movens
946 4236 1140 4293 venisti
1164 4237 1217 4290 in
1246 4252 1412 4293 carne
1432 4235 1632 4290 moveri

181 4322 278 4390 Qui
309 4324 456 4393 geris
477 4323 530 4378 in
563 4325 751 4383 dextra
777 4325 1063 4383 mundanae
1087 4327 1325 4395 pondera
1355 4323 1532 4388 molis,

174 4415 418 4478 Ancillae,
459 4415 783 4485 tremulique
810 4417 958 4471 senis
999 4418 1285 4486 portabere
1319 4415 1535 4487 palma?

175 4506 339 4578 Cujus
364 4506 625 4562 caelicolae
649 4516 948 4576 pascuntur
975 4521 1221 4571 munere,
1249 4521 1464 4576 parvas,

169 4596 312 4662 Quas
340 4604 528 4651 tamen
559 4595 813 4666 implesti,
844 4595 1046 4666 placuit
1074 4594 1167 4649 tibi
1202 4611 1425 4666 suggere
1448 4592 1747 4651 mammas?

169 4686 339 4752 Quem
369 4685 558 4753 superi
584 4685 833 4741 cecinere
861 4684 1035 4744 chori.
1058 4686 1200 4755 quod
1237 4695 1362 4737 ante
1394 4685 1533 4740 beati

167 4773 457 4828 Exsultant
477 4774 641 4828 animi
665 4773 855 4828 venisti
882 4774 1131 4828 emittere
1167 4774 1343 4827 luctus
1365 4776 1388 4827 ?

170 4863 316 4935 Euge
329 4862 448 4930 jam
477 4872 696 4919 nostros
712 4864 930 4929 subeas,
954 4863 1023 4916 mi
1056 4872 1199 4927 nate,
1232 4862 1485 4917 lacertos.

171 4952 345 5008 l’arva
398 4963 552 5024 geret
597 4969 850 5025 magnum
897 4953 1160 5023 genitrix,
1198 4952 1516 5025 fragilisque
1556 4968 1742 5026 poten-

1517 5045 1671 5121 [tem,

168 5132 457 5189 Factorem
488 5137 718 5209 gestabit
752 5151 904 5206 opus,
936 5135 1211 5207 nubesque
1248 5136 1520 5193 decorem.

174 5222 318 5264 Aula!
342 5225 500 5264 innne
530 5226 717 5264 ant-illa
745 5226 837 5264 tibi
897 5240 1015 5264 num
1053 5227 1232 5264 mnllia
1266 5240 1430 5264 nas-rm
1473 5232 1476 5235 ⁷

1608 319 1934 376 (ΣᾹΠΜΙΝᾹ.

1777 4428 1824 4485 Ι)

3304 315 3446 389 tata

1796 442 1846 497 Α
1878 435 1953 488 En
1981 435 2074 489 tibi
2109 450 2204 505 pro
2229 434 2370 489 lecto
2392 448 2629 504 pavescpc
2659 431 2980 488 insternitur
3009 429 3210 499 amplo,

1872 527 2058 593 Qualia
2085 538 2207 582 nate
2235 526 2387 597 legis,
2419 526 2511 580 tali
2538 525 2631 578 tibi
2661 539 2810 578 more
2842 522 3065 592 parabo.

2573 612 2764 667 XXVI.

1976 705 2057 760 Ad
2081 705 2293 760 laudem
2317 713 2513 777 sancti:
2538 703 2716 757 Lucina
2747 702 2967 773 uirginis
2989 711 3037 755 et
3065 700 3334 769 martyris.

1870 795 1971 862 Qui
2000 794 2138 850 eaalo
2159 798 2430 863 quondam
2467 792 2702 848 statuisti
2732 791 2941 846 lumina
2980 791 3140 846 terris

1870 888 2162 958 Spargere,
2185 887 2251 942 de
2281 885 2532 942 tenebras
2558 883 2807 954 pellentis
2843 897 3068 938 munere
3090 882 3249 946 lucis,

1868 977 2037 1033 Nocte
2068 978 2191 1033 licet
2213 992 2427 1048 pressos
2463 978 2635 1032 nubes
2663 990 2761 1031 nos
2783 974 2979 1051 pallida
3002 975 3220 1030 condat.

1867 1069 2069 1125 Lucida
2092 1068 2388 1139 gaudemus
2414 1078 2592 1122 tamen
2621 1067 2708 1121 hic
2736 1066 3061 1135 quandoque
3100 1066 3263 1120 tueri.

1866 1160 2028 1215 Clara
2057 1159 2274 1229 quidam
2305 1158 2427 1214 lldei
2459 1165 2672 1229 gestant
2698 1158 2798 1214 sub
2832 1157 3042 1229 agmine
3068 1158 3223 1227 virgo

1870 1252 2120 1316 Lumina,
2150 1267 2248 1307 nos
2277 1251 2460 1306 docuit
2483 1250 2751 1306 constanti
2780 1250 2954 1304 lucida
2979 1248 3120 1304 bello

1867 1341 2094 1408 Sistere,
2126 1341 2252 1397 dunt
2282 1339 2536 1411 precibus
2552 1339 2836 1395 Dominum
2871 1338 3067 1393 vicisse
3090 1345 3364 1393 tonantem

1865 1431 1993 1490 Visa
2014 1444 2228 1502 quoque
2256 1438 2341 1486 est
2376 1429 2566 1485 morbo
2592 1438 2855 1499 praestans
2877 1426 3132 1498 suffragia
3155 1424 3362 1483 matris.
3414 1490 3417 1493 _

1866 1519 2028 1577 Multa
2058 1530 2215 1592 parat
2239 1521 2468 1586 dromon,
2498 1520 2579 1575 vis
2598 1520 2800 1584 carnis,
2833 1518 3016 1588 praelia
3039 1517 3287 1573 mundus.

1864 1616 2033 1672 Docta
2057 1615 2183 1671 ferit
2197 1615 2378 1687 jaculo
2405 1614 2707 1670 latitantem
2733 1614 2965 1669 nubibus
2984 1613 3218 1677 hostem,

1864 1706 2011 1762 Luce
2036 1706 2244 1762 micans
2266 1704 2388 1759 ﬁdei
2418 1707 2602 1761 carnis
2625 1704 2901 1759 molimina
2929 1702 3119 1765 vincit,

1865 1798 2002 1854 Dum
2028 1812 2086 1853 se
2116 1797 2379 1852 terricola:
2405 1797 2612 1852 facibus
2640 1812 2746 1851 non
2775 1795 2953 1865 jungit
2972 1795 3222 1855 amantis,

1865 1888 1996 1957 Quae
2022 1889 2229 1960 potiora
2252 1889 2467 1958 quidem
2493 1887 2731 1946 caelestis
2760 1887 2971 1943 fmdere
2991 1888 3175 1956 sponsi
3200 1887 3222 1939 ?

1865 1979 2035 2048 Quem
2088 1978 2236 2034 fovet
2261 1979 2315 2034 in
2347 1979 2570 2035 minima
2599 1967 2907 2035 diffundens
2929 1991 3154 2034 munera
3197 1979 3438 2033 membra

1864 2069 2083 2126 Fortior
2109 2070 2339 2141 insurgit
2368 2070 2599 2126 mundus
2633 2086 2731 2141 pro
2775 2070 2947 2125 Marte
2971 2069 3262 2127 secundus.

1863 2159 1992 2215 lude
2013 2158 2234 2214 sinister
2260 2158 2414 2215 adest
2438 2167 2494 2214 et
2513 2159 2704 2224 verbo,
2725 2169 2780 2214 et
2800 2159 3025 2214 verbere
3050 2166 3290 2227 turgens,

1862 2249 2017 2304 Nulla
2045 2258 2223 2320 potest
2249 2250 2489 2305 animum
2532 2250 2738 2321 fragilis
2762 2251 2860 2307 sub
2891 2264 3057 2306 carne
3082 2249 3291 2304 virilem

1861 2339 2135 2412 Frangere
2167 2343 2247 2396 vis
2275 2342 2540 2409 clausum,
2571 2345 2636 2398 de
2663 2343 2818 2414 cujus
2838 2343 3032 2399 robore
3061 2341 3225 2396 traxit

1864 2431 2078 2486 Robora
2110 2432 2355 2487 mortalis
2382 2433 2569 2498 moles,
2592 2448 2719 2487 nam
2748 2433 2943 2489 sistere
2976 2432 3092 2486 visa
3117 2438 3220 2486 est.

1862 2522 2191 2577 Multimodis
2226 2523 2504 2603 hondnum
2526 2524 2808 2579 conatibus
2830 2531 2974 2588 acta,
2994 2522 3303 2591 bonumque

1862 2613 1944 2668 Ad
1966 2612 2082 2667 loca
2105 2612 2389 2684 perdendi,
2424 2622 2484 2667 ut
2506 2614 2812 2671 traheretur
2832 2612 2977 2669 [uada
3010 2610 3253 2682 pudoris.

1863 2704 2116 2760 lncensas
2144 2716 2367 2775 superat
2395 2704 2660 2773 ﬂammas,
2688 2721 2789 2762 nec
2815 2705 3040 2760 vulnera
3068 2702 3257 2759 mortis

1862 2797 2117 2869 Expavit,
2141 2813 2403 2869 sacraque
2423 2800 2753 2856 charismate
2776 2798 2891 2855 fota
2916 2797 3133 2869 reliquit

1862 2886 2102 2942 Membra
2128 2889 2343 2958 quidem
2374 2897 2553 2955 terrae,
2574 2890 2668 2946 sed
2695 2890 2918 2962 spiritus
2944 2890 3145 2945 aethera
3165 2886 3415 2944 scandit:

1860 2975 1961 3033 llic
1986 2985 2075 3033 tua
2109 2974 2337 3035 iueifero
2362 2979 2672 3051 resplendet
2708 2979 2943 3043 culmine
2965 2978 3140 3034 sedes.

1787 3101 1829 3156 ο
1864 3066 1961 3125 liis
1978 3083 2135 3124 sacer
2153 3069 2417 3140 implexus
2445 3071 2542 3127 tibi
2577 3072 2803 3142 porrigit
2829 3070 3014 3128 oscula
3037 3084 3285 3140 sponsus.

1865 3159 1983 3217 lluc
2002 3176 2219 3233 quoque
2243 3178 2344 3220 nos
2371 3172 2460 3220 tua
2485 3172 2607 3219 vota
2640 3164 2858 3220 trahant
2922 3178 2955 3219 ο
2983 3163 3159 3219 lucida
3184 3161 3358 3230 virgo.

2530 3252 2765 3327 gxxxan

2119 3342 2314 3413 Incipit
2341 3343 2438 3397 ode
2460 3344 2515 3397 in
2538 3344 2784 3398 honorem
2807 3340 3171 3398 Innocentum.

2140 3431 2467 3487 Candentem
2499 3435 2697 3501 segetis
2719 3448 2869 3487 nova:

2141 3521 2403 3577 Miremur
2423 3524 2695 3578 cumulum
2718 3526 2941 3591 chorus,

2138 3612 2239 3677 Qui
2271 3613 2452 3668 fauces
2477 3622 2696 3686 teneras,
2713 3625 2876 3686 agant

2140 3703 2334 3757 Coram
2357 3705 2601 3773 principe
2638 3706 2890 3760 canticis.

2133 3788 2344 3846 Gaudet
2377 3793 2678 3863 primipilus
2712 3808 2902 3849 recens

2138 3880 2340 3938 Ductor
2360 3884 2575 3941 mittere
2597 3886 2844 3956 praavios.

2135 3967 2371 4026 Lmtatur
2393 3974 2614 4042 paribus
2643 3989 2779 4045 puer

2134 4058 2350 4114 Florum
2378 4064 2643 4132 primitias
2664 4064 2847 4133 legens

2131 4145 2233 4202 llic
2259 4151 2455 4218 gaudet
2480 4152 2654 4207 titulis
2687 4153 2856 4224 loqui,

2131 4233 2277 4302 Quos
2298 4253 2522 4307 prorsus
2549 4240 2711 4296 dabat
2745 4243 2946 4298 inscius

2132 4324 2310 4393 ditas,
2331 4339 2386 4383 et
2423 4330 2539 4386 sine
2563 4333 2809 4388 crimine.

2131 4416 2223 4473 Sic
2248 4421 2421 4491 dignis
2447 4424 2659 4477 canitur
2687 4426 2855 4495 prior.

2129 4507 2302 4566 lnstas
2329 4511 2615 4568 innocuum
2645 4524 2814 4581 tonat,

2132 4599 2188 4654 Si
2218 4602 2410 4672 lingua:
2442 4606 2616 4662 ollicio
2639 4619 2849 4675 carent,

2128 4692 2338 4745 Clamat
2365 4698 2690 4765 sanguineus
2713 4701 2900 4758 rubor.

2124 4779 2298 4835 Occisi
2331 4795 2589 4840 resonant
2613 4788 2799 4851 decus,

2127 4867 2278 4933 Quod
2301 4871 2409 4926 vivi
2438 4886 2709 4943 nequeunt
2732 4876 2909 4946 loqui.

2127 4959 2263 5025 Quid
2293 4961 2392 5025 vis,
2423 4965 2620 5036 tigride
2643 4966 2871 5022 durior?

2129 5052 2265 5119 Quid
2290 5057 2469 5122 saevis,
2494 5060 2750 5114 carnibus
2773 5064 2955 5124 canis

2130 5142 2325 5211 Pejor?
2353 5149 2487 5216 quid
2526 5152 2689 5206 sociis
2707 5166 2888 5208 vacas
2912 5161 2955 5216 ἒ

2130 5235 2334 5264 “:nnlln
2369 5242 2489 5264 an."
