3936 5402
545 300 684 360 ωδ
895 354 899 361 ,
1195 334 1199 340 -
1646 310 1953 368 ALPHAM
1995 307 2464 369 SALERMTAM
2499 311 2816 370 ARCHIEP.
3638 308 3735 362 liii

1222 420 1455 499 xxt'm,
2152 429 2205 489 Α
2233 424 2287 478 Si
2323 426 2471 481 locus
2499 423 2737 489 infamis,
2768 420 2997 477 Domino
3019 433 3137 475 mea
3159 426 3280 473 vota
3307 416 3576 472 dicabttnt.

2233 518 2289 572 Si
2318 518 2603 573 tenebrosa
2630 517 2729 572 loci
2758 514 2950 580 facies,
2973 512 3188 584 perfusa
3231 510 3434 566 recenti

802 552 815 564 '
857 553 868 564 '
1473 561 1504 586 ,ο
1576 561 1586 572 ο
2233 547 2289 572 οι
2319 547 2603 573 scucmuaa
2631 547 2729 572 ιυυι
2758 547 2950 580 tunica,
2974 547 3188 584 pun-um-
3233 547 3434 566 lkuu

697 547 889 622 Imm“
919 553 984 608 de
1019 565 1201 611 sum“
1227 557 1422 629 Auum
1454 577 1652 631 “Eme
1678 571 1724 616 α
1753 574 2003 634 marum.
2231 608 2460 665 Lumine
2487 606 2713 677 fulgebit
2748 606 2963 668 melius,
2996 604 3270 673 vestisque
3296 602 3521 657 feretur.

478 730 479 733 η
545 682 601 738 Si
628 685 722 740 tibi
751 685 962 743 diﬂlcile
993 687 1223 746 fortasse
1249 692 1459 749 videtur
1480 695 1702 763 habere,
1777 695 1780 698 ’
1890 696 1891 699 “
2233 698 2449 755 Liberta
2475 715 2570 754 sua
2597 699 2735 754 male
2765 697 2895 754 mihi
2939 697 2985 751 si
3012 696 3342 751 transmittat
3372 692 3612 762 ephebos,

546 773 675 842 Ωυω
715 778 871 834 fortis
896 791 1120 850 potuere
1149 784 1274 850 viri,
1303 801 1424 855 quae
1447 787 1601 857 virgo
1628 788 1850 859 pigebit,
2235 790 2395 857 Hinc,
2426 806 2522 847 sua
2549 792 2593 846 si
2618 790 2828 861 sapient
2857 789 2992 845 bene
3020 788 3206 853 corda,
3236 786 3420 841 redire
3448 784 3618 841 licebit

544 866 813 938 Atnplecti
838 872 1031 939 potuit,
1069 888 1190 943 quae
1221 877 1440 931 nomine
1474 878 1673 933 dicitur
1699 878 1922 951 Agnes?
2235 883 2454 948 lllmsos,
2483 883 2578 938 sed
2604 896 2709 938 non
2740 882 2944 937 veritus
2967 882 3145 936 divina
3169 878 3391 951 peribit.

546 957 718 1025 Quam
749 977 853 1015 ηοη
896 972 1111 1037 natura;
1128 965 1318 1021 Γονιειη
1350 968 1572 1038 ροτΐοοὶί
1595 970 1771 1040 oriza.
2234 976 2403 1042 Quem
2432 986 2613 1032 tamen
2640 975 2825 1031 eﬂ‘usis
2845 989 3004 1045 spero
3029 972 3327 1028 concedere
3350 969 3510 1033 votis,

546 1049 656 1106 Nec
684 1051 805 1107 tulit
831 1064 1109 1123 expertam
1147 1060 1433 1128 prudentia
1467 1063 1726 1130 temporis
1757 1062 1944 1133 ampli.
2234 1068 2334 1136 Qui
2366 1068 2465 1125 sibi
2496 1083 2583 1123 me
2603 1067 2786 1138 juuxit
2816 1066 3036 1137 speciali
3070 1078 3316 1126 munere,
3340 1060 3618 1117 Christum.

546 1144 743 1200 Forma
772 1147 968 1203 decens
994 1157 1168 1215 extra,
1192 1153 1286 1206 sed
1315 1152 1486 1207 forma
1518 1155 1796 1212 decentior
1823 1157 1985 1211 intra.
2235 1162 2400 1231 (Zujus
2426 1162 2670 1216 cantabit
2702 1159 2889 1215 titulos
2915 1160 2979 1215 de
3004 1165 3183 1215 morte
3216 1168 3529 1223 resurgens.

549 1234 691 1291 lliuc
730 1237 904 1293 oculis
952 1238 1230 1295 hominum
1263 1241 1489 1312 placuit,
1520 1245 1615 1298 sed
1642 1245 1857 1301 abunde
1883 1244 2133 1316 supernis
2240 1249 2372 1304 Hinc
2404 1251 2583 1307 rabies
2618 1252 2811 1306 exorta
2837 1249 3006 1304 malos
3034 1247 3227 1304 saevire
3252 1245 3533 1300 ministros

548 1326 759 1398 Βενθείἰ
784 1330 1030 1386 l‘edolens
1055 1348 1150 1402 per
1172 1333 1381 1403 singula
1409 1336 1671 1405 germinis
1701 1346 1871 1401 actus,
2234 1342 2554 1413 Cuiupcllet,
2577 1342 2740 1398 datus
2771 1342 2911 1397 alter
2931 1341 3058 1406 erit,
3088 1339 3180 1410 qui
3214 1345 3399 1408 empta
3429 1345 3674 1408 sequatur.
3700 1333 3734 1393 D

551 1416 682 1483 QUI?
707 1418 810 1474 Sibi
846 1434 1002 1476 sacra
1039 1422 1174 1477 ﬁdes
1200 1422 1425 1478 dederat
1453 1427 1717 1497 speranda
1756 1426 1988 1483 colebat.
2235 1430 2434 1502 illaque
2463 1432 2556 1501 qui
2586 1432 2643 1486 in
2664 1433 2899 1487 cinerem
2930 1436 3215 1485 convertat
3245 1426 3488 1483 membra
3512 1430 3703 1499 parabit.

551 1509 689 1566 lluic
717 1526 933 1583 quoque
961 1517 1240 1585 proposito
1269 1518 1359 1573 tali
1388 1535 1447 1575 se
1477 1521 1671 1576 robore
1694 1517 1900 1589 iunxit.
2238 1523 2362 1579 Haec
2390 1524 2586 1595 injecta
2622 1538 2833 1593 rogum,
2858 1522 3138 1592 divisaque
3164 1520 3385 1574 ﬂamma
3414 1520 3651 1589 quiescet,

553 1601 665 1655 Neu
699 1603 951 1659 blandum
976 1607 1297 1678 quidquam,
1329 1626 1430 1667 nec
1455 1612 1650 1667 durtun
1680 1627 1870 1669 verere
1895 1623 2131 1669 mentem
2239 1611 2415 1682 thue
2440 1628 2558 1667 meo
2587 1613 2800 1667 tandem
2828 1610 3124 1682 coniungar
3154 1610 3207 1665 in
3233 1602 3441 1665 aethere
3464 1624 3655 1674 sponso,

551 1690 761 1758 Posset,
792 1709 891 1749 ceu
921 1695 1056 1749 nihil
1088 1700 1337 1754 mortalia
1358 1710 1554 1756 cuncta
1579 1711 1884 1773 putantem.
2166 1774 2201 1779 ι
2239 1704 2468 1762 Gutture
2496 1704 2803 1779 transfigar,
2833 1707 2927 1760 sed
2955 1717 3111 1760 mens
3138 1702 3205 1759 ad
3231 1701 3382 1758 celsa
3406 1701 3610 1758 volabit.

555 1786 685 1893 grue
706 1784 929 1893 mulier,
942 1787 1038 1893 vel.
1052 1786 1193 1845 forte
1221 1793 1393 1893 magis
1418 1793 1641 1893 robusta
1667 1795 1854 1866 virago
2166 1774 2214 1835 Β
2692 1774 2712 1779 ν
2959 1838 3056 1893 xx

557 1838 688 1933 'i‘ale
713 1838 886 1948 genus
910 1838 1392 1953 belli
2696 1944 2701 1949 ~
2866 1952 2879 1953 γ
2959 1838 3152 1896 XXIX'

556 1966 614 2021 Si
643 1970 982 2026 tenet-aetatis
1005 1969 1200 2038 ﬂuxus,
1233 1974 1278 2029 si
1307 1991 1532 2032 munera
1560 1979 1846 2048 quisquam
2850 1952 2921 2009 Ῑη
2963 1953 3221 2008 “Wdem-

558 2058 797 2115 Plurima
828 2064 1138 2133 protulerit,
1167 2068 1212 2122 si
1239 2069 1439 2126 nobilis
1465 2072 1609 2127 adsit
1635 2073 1895 2128 amator?
2455 2067 2581 2138 Igne
2607 2065 2775 2121 divini
2806 2065 3030 2121 radians
3059 2064 3264 2120 amoris

555 2151 662 2205 ista
696 2159 872 2208 tamen
912 2156 1195 2225 'superans,
1230 2160 1375 2215 illata
1406 2160 1616 2233 ﬂagella
1659 2164 1889 2220 timebit.
2457 2158 2716 2228 Corporis
2745 2168 2936 2212 sexum
2964 2156 3244 2226 superavit
3269 2154 3474 2224 Agnes.

560 2241 689 2306 llaec
730 2243 890 2299 simul
930 2245 1073 2303 banc
1093 2248 1348 2317 juvenem
1393 2253 1684 2309 cinxerunt
1732 2254 2012 2310 commoda
2057 2269 2142 2308 sa-
2458 2249 2523 2304 Et
2553 2263 2717 2318 super
2751 2262 2972 2302 carnem
2998 2256 3227 2317 potuere
3255 2248 3446 2302 carnis

766 2347 777 2355 ’
1360 2368 1365 2373 ’
1895 2346 2069 2420 [erant
2675 2340 2923 2396 Claustra
2947 2339 3172 2408 pudicae.

558 2429 768 2502 Organa
794 2448 901 2487 non
931 2433 1075 2502 vitii,
1099 2435 1191 2491 sed
1212 2452 1333 2507 qua:
1360 2437 1579 2493 virtutis
1604 2437 1860 2505 habebat,
2457 2431 2681 2502 Cogitur
2699 2429 2904 2501 stupris
2930 2427 3251 2483 maculanda
3278 2428 3451 2499 vulgi,

561 2520 738 2591 thue
759 2526 933 2597 magis
959 2518 1161 2583 tenera:
1180 2528 1355 2585 virtus
1392 2530 1606 2585 occulta
1635 2530 1826 2601 puella:
2461 2523 2613 2579 Nuda
2639 2523 2906 2579 famosum
2934 2522 3125 2577 subeat
3151 2520 3406 2592 lupanar,

557 2614 864 2684 Cresceret,
897 2627 952 2673 et
980 2621 1204 2689 pavidas
1235 2621 1436 2690 igniret
1456 2623 1524 2678 ad
1544 2624 1711 2678 ardua
1737 2632 1963 2678 mentes.
2463 2615 2699 2690 Angelus
2726 2625 2891 2671 casta:
2915 2613 3228 2685 pudibunda
3251 2622 3439 2668 servat

559 2703 840 2776 Praeparat
865 2709 1089 2765 insidias
1118 2712 1359 2782 prafecti
1401 2722 1564 2769 natus
1587 2713 1823 2784 iniquas.
2675 2706 2914 2762 Membra
2945 2705 3154 2776 puellm.

561 2796 752 2879 Carnis
784 2810 1013 2868 amator,
1043 2817 1185 2870 eam,
1209 2819 1308 2860 sua
1333 2819 1400 2860 ne
1426 2804 1694 2861 connubia
1728 2812 1967 2876 spernat,
2462 2798 2687 2854 Candidi
2715 2798 2855 2857 coelo
2881 2798 3107 2853 veniunt
3136 2796 3393 2860 amictus.

561 2887 892 2955 Exhortans,
918 2892 1268 2965 placidusque
1292 2896 1368 2951 illi
1393 2911 1488 2952 sua
1517 2912 1741 2953 munera
1771 2897 2000 2967 profert.
2465 2892 2656 2946 Clarus
2687 2891 2936 2945 obscenis
2962 2890 3225 2944 Dominus
3249 2888 3477 2959 refulget

564 2978 662 3036 Est
686 2980 840 3044 mihi,
865 2984 1017 3055 virgo
1042 2985 1228 3053 refert,
1258 2987 1449 3043 melior
1473 2998 1525 3044 te
1553 3001 1800 3058 sponsus,
1820 3001 2011 3042 amans
2036 3002 2146 3042 mc.
2465 2980 2754 3057 Splendor,
2782 2978 2838 3036 et
2870 2990 3056 3052 gratos
3078 2986 3344 3051 superant
3368 2981 3551 3034 odones

565 3068 701 3126 Esca
725 3073 873 3128 necis
900 3074 1118 3130 discede
1154 3078 1365 3147 procul,
1403 3077 1735 3148 scelerisque
1766 3077 2036 3133 minister.
2181 3122 2224 3148 ι,
2682 3072 2930 3127 Fornicis
2956 3086 3137 3126 arcus.

571 3158 737 3230 Hujus
762 3164 948 3219 virtuti
981 3125 1317 3238 qumcutnque
1356 3171 1596 3239 potentia
1625 3125 1787 3225 c‘edit.
2180 3125 2226 3185 L
2472 3165 2714 3221 Perdidit
2740 3163 3098 3235 vitmjuvenis
3125 3163 3385 3218 decorem

569 3253 933 3327 Sidereusque
963 3258 1127 3314 decor
1158 3261 1355 3330 speciei
1378 3262 1592 3316 culmen
1619 3261 1829 3316 adorat.
2467 3257 2647 3309 Ausus
2676 3255 2940 3309 intactum
2966 3252 3171 3307 violare
3200 3266 3429 3322 corpus,

566 3348 705 3414 Apta
736 3349 952 3416 quidem
984 3349 1171 3416 facies,
1195 3351 1460 3421 hilarique
1482 3333 1672 3407 aﬂ‘ecta
1694 3334 1873 3409 nitore
1910 3349 1913 3353 ⁴
2471 3347 2631 3417 Virgo
2665 3347 2760 3401 sed
2788 3360 2930 3400 verae
2956 3352 3176 3399 revocat
3201 3341 3367 3398 saluti

575 3435 716 3492 Voce
751 3438 837 3507 pia
861 3438 1052 3504 dulcis,
1083 3441 1170 3495 cui
1194 3455 1374 3498 sermo
1397 3444 1613 3499 nescius
1644 3444 1759 3508 irae,
2685 3437 2868 3491 Funus
2897 3436 3179 3491 acerbum?

570 3527 688 3587 Non
722 3545 882 3600 asper
911 3533 1147 3599 miseris,
1177 3535 1429 3590 maeroris
1453 3552 1606 3593 mens
1627 3539 1776 3594 sedet
1797 3553 2009 3609 expers.

1930 3554 2009 3594 rs.
2469 3528 2734 3595 Flamma,
2768 3527 2952 3583 divino
2982 3526 3300 3585 dominante
3329 3534 3484 3589 nutu,

578 3618 730 3673 Unde
762 3636 861 3677 nec
883 3624 1128 3679 exterior
1159 3624 1325 3680 facies
1357 3642 1453 3681 sua
1476 3628 1687 3683 turbida
1721 3629 1836 3683 visa
1864 3638 1971 3684 est.
2474 3620 2657 3691 Friget
2686 3618 2905 3675 aestivos
2938 3618 3146 3672 imitata
3174 3630 3352 3680 rores,

574 3710 789 3769 Candor
845 3715 1008 3783 inest,
1040 3715 1357 3790 fulgensque
1397 3720 1582 3788 decor,
1624 3720 1944 3791 speciesque
1994 3719 2157 3775 rubo-
2476 3698 2712 3782 Virginis
2743 3727 2940 3780 corpus
2971 3708 3204 3763 Domino
3227 3707 3466 3763 dicatum

1963 3809 2085 3883 [ris,
2690 3802 2847 3858 Jussa
2872 3815 3143 3859 cremare.

576 3889 866 3978 Egregium
890 3895 1020 3952 facit
1047 3898 1191 3953 hunc
1221 3899 1456 3969 genitor,
1487 3915 1649 3969 quam
1678 3902 1849 3971 prosit
1889 3902 2087 3974 imago.
2475 3894 2632 3951 Mista
2661 3905 2879 3950 Sacrato
2904 3893 3147 3947 moriens
3179 3905 3379 3946 cruore

578 3983 647 4038 Et
675 3988 853 4058 regale
884 4002 1075 4058 genus,
1106 3991 1270 4044 animi
1299 4006 1514 4061 quoque
1538 3991 1766 4062 plurima
1792 3992 1982 4047 virtus.
2476 3984 2659 4040 Laetis
2689 3986 2879 4040 effudit
2908 3984 3049 4039 nivei
3093 3982 3314 4045 ﬂuenta,

579 4075 877 4147 Perpetuus
899 4089 1201 4135 contrectat
1222 4098 1352 4152 opes
1378 4084 1648 4138 sitibunda
1673 4092 1921 4153 potentes
2481 4078 2652 4145 Quam
2684 4078 2833 4134 ferus
2858 4078 3015 4133 lictor
3040 4075 3194 4131 lateri
3224 4072 3539 4145 profundum

579 4168 755 4226 Corda
783 4171 987 4237 fovere,
1024 4174 1221 4244 quibus
1243 4191 1465 4245 prorsus
1490 4175 1707 4229 tollatur
1727 4184 1958 4245 egestas.
2685 4170 2939 4226 Condidit
2967 4182 3173 4223 ensem.

580 4261 718 4318 lluic
749 4265 880 4321 mihi
904 4266 1101 4323 dilecto
1136 4268 1335 4339 placui,
1363 4271 1633 4326 connubia
1667 4286 1855 4327 secum
2479 4260 2741 4329 Spiritum
2762 4259 2922 4315 celsae
2942 4255 3426 4330 capiuntcohortes

580 4356 838 4411 Contr-axi
869 4358 1015 4414 nullo
1042 4362 1255 4431 penitus
1295 4363 1552 4416 mutanda
1581 4363 1785 4418 valorc.
2362 4342 2369 4347 ’
2475 4354 2797 4414 Candidum,
2828 4362 2880 4408 et
2911 4351 3031 4407 coeli
3061 4363 3222 4421 super
3244 4355 3391 4403 astra
3418 4343 3605 4405 tollunt,

582 4446 796 4501 Aureus
830 4456 886 4502 et
912 4447 1142 4518 digitum
1169 4451 1474 4505 circumdat
1504 4452 1757 4506 circulus.
1791 4460 1850 4506 ut
1881 4453 1982 4506 sim
2189 4486 2241 4546 ι)
2476 4442 2727 4514 Jungitur
2747 4443 2926 4519 sponsi
2959 4441 3207 4496 thalamis
3227 4437 3421 4510 pudica

581 4534 789 4603 Sponsa
821 4537 993 4594 ﬁdelis
1013 4541 1085 4605 ei,
1115 4555 1223 4609 quo
1253 4542 1354 4595 sim
1386 4542 1653 4607 redimita,
1687 4542 1948 4613 benignus
2190 4530 2236 4546 ν
2697 4533 2907 4603 Sponsa
2935 4530 3131 4587 beatis.

582 4626 821 4682 Plurima
853 4629 992 4684 dona
1019 4631 1189 4698 dedit,
1223 4631 1387 4688 facies
1406 4643 1597 4688 ornata
1625 4649 1817 4689 cruore
1841 4643 1946 4699 cst,
2478 4624 2609 4678 Diva
2641 4641 2781 4679 nunc
2808 4633 3006 4679 nostrae
3028 4623 3288 4677 miserere
3314 4617 3518 4683 sortisw

516 4734 523 4795 ε
582 4714 1045 4790 Complexutnque
1069 4721 1190 4776 tulit
1220 4739 1556 4794 gemmarum
1589 4721 1790 4778 lumine
1827 4734 2054 4790 sertum,
2479 4716 2544 4771 Et
2577 4725 2725 4771 tuum
2753 4714 2997 4793 quisquis
3034 4712 3275 4768 celebrat
3299 4720 3568 4782 tropzeum.

584 4805 974 4881 Excellensque
998 4827 1168 4883 genus
1198 4814 1384 4878 vestis,
1406 4829 1474 4868 ne
1502 4813 1639 4869 forte
1670 4815 1876 4869 videret
2479 4811 2734 4881 Impetret
2755 4810 2856 4864 sibi
2887 4807 3098 4862 veniam
3133 4815 3337 4872 reatus,

586 4897 760 4976 Tanto
788 4901 1065 4961 dissimilis
1090 4921 1311 4976 sponso,
1352 4923 1452 4962 nec
1477 4906 1636 4978 digna
1668 4906 1880 4961 decoris
2699 4902 2875 4971 Atque
2903 4900 3150 4954 salutem.

586 4992 812 5046 Admilti
852 4997 1168 5046 thalamum-
1202 5013 1315 5046 nrai
1337 4999 1549 5046 caritatis
1571 5014 1707 5046 anns
1741 4999 1871 5046 mihi
1894 4998 2021 5046 legi.
2489 4992 2673 5046 Redde
2699 5002 2946 5046 naculum
2973 4990 3170 5046 nouulo
3197 4985 3433 5046 precanti
