3936 5402
217 151 363 218 ιρις

939 280 1109 337 XXX.

852 371 921 428 In
949 377 1207 430 eamdem.

445 461 613 517 Ardet
645 463 860 520 intacta:
890 464 1085 521 faciem
1110 466 1300 537 puella:

439 554 695 614 Praesidis
722 569 902 626 natus,
934 561 1146 618 stabilis
1173 565 1268 619 sed
1294 565 1388 622 illa

434 647 566 706 Tale
595 660 915 723 reSponsum
937 654 1122 726 juveni
1152 659 1349 728 pudico

615 744 820 800 Retulit
842 762 957 803 ore.

435 835 576 902 Quid
606 853 758 893 meos
779 838 984 896 frustra
1018 842 1285 899 thalamos
1311 845 1547 915 requiris

433 926 698 984 Pabulum
722 932 936 997 mortis,
970 932 1307 1002 laquensque
1333 936 1458 990 vitm
1489 928 1520 990 εΔ

437 1016 637 1090 Turpis
656 1023 875 1077 obsceni
901 1024 1085 1092 procul
1117 1025 1245 1079 hinc
1266 1026 1458 1081 recede

653 1111 913 1170 Criminis
936 1128 1151 1171 auctor.

435 1206 607 1274 Dona,
636 1223 757 1278 quae
776 1208 955 1278 jactas
976 1211 1217 1281 pretiosa
1241 1212 1411 1277 dives,

429 1298 689 1369 Pauperis
723 1312 959 1358 mentem
988 1314 1236 1359 moveant
1270 1305 1482 1374 puellae.

431 1389 654 1461 Dignior
674 1406 907 1462 sponsus
929 1394 1155 1450 meliora
1184 1395 1356 1452 multo

647 1482 868 1539 Munera
896 1495 1139 1556 praestat.

430 1570 646 1627 (Iiarior
681 1573 830 1640 luna,
859 1575 1135 1646 radiisque
1158 1577 1309 1642 solis,

427 1663 635 1720 Cuncta
660 1666 747 1720 cui
771 1676 964 1737 parcnt
989 1668 1254 1725 elementa
1285 1670 1495 1733 mundi,

437 1754 512 1811 Se
537 1757 669 1812 mihi
707 1774 967 1828 sponsum
996 1761 1162 1828 dedit,
1189 1768 1244 1816 et
1266 1776 1557 1833 perennem

649 1840 839 1896 Sidera
867 1844 1067 1898 dotem.

422 1931 653 2003 Jamque
678 1935 961 2004 complexu
998 1937 1231 2011 fruimur
1261 1939 1480 2010 pudico,

428 2020 549 2077 Jan:
581 2038 715 2078 caro
740 2026 892 2078 carni
925 2026 1129 2082 sociata
1163 2029 1378 2098 gaudet,

429 2115 554 2172 Jatn
582 2130 739 2171 sacer
767 2117 990 2187 sanguis
1022 2117 1214 2175 faciem
1240 2121 1434 2177 nitent'

650 2205 857 2264 Murice
891 2208 1072 2264 tinxit.

428 2295 609 2363 Quare
637 2299 896 2355 mortales
919 2302 1161 2372 periture
1184 2304 1389 2360 formas
1422 2325 1435 2361 :

426 2389 653 2446 leitus
679 2394 852 2448 nostri
880 2395 1134 2465 placuere
1164 2391 1368 2463 vultus,

426 2478 585 2535 Vivet
614 2481 669 2536 in
697 2483 859 2539 terris
881 2501 1036 2541 amor
1066 2487 1188 2554 iste,
1214 2488 1377 2544 celsis

674 2573 830 2631 Vivet
851 2578 904 2632 in
932 2578 1116 2634 astris.

426 2661 592 2734 Virgo
612 2679 714 2721 nec
743 2667 938 2722 mirum
960 2670 1211 2724 videatur
1242 2670 1407 2735 alma,

425 2754 633 2811 Cuncta
665 2758 710 2813 si
741 2760 946 2828 sprevit
974 2770 1322 2817 monumenta
1360 2764 1572 2829 mortis,

428 2848 559 2917 Qum
585 2847 734 2920 pium
768 2852 892 2906 vita:
919 2851 1207 2908 Dominum
1236 2854 1491 2924 perennis

672 2938 904 3012 Semper
929 2948 1153 3001 amavit.

406 3030 503 3101 ΔΑιὶ
529 3040 648 3088 tuas
673 3033 852 3106 Agnes
880 3039 1186 3109 rogitamus
1213 3056 1359 3105 aras,

423 3120 643 3191 Flagret
673 3124 728 3180 in
765 3128 968 3182 nostris
992 3144 1145 3184 amor
1175 3130 1280 3185 iste
1308 3129 1459 3187 libris

428 3215 811 3286 Comprimens
836 3218 1046 3275 blandre
1071 3222 1319 3279 stimulos
1346 3222 1584 3291 juventa:

662 3306 906 3363 Flamine
937 3320 1146 3366 sancto.

424 3393 535 3455 Ure
562 3396 796 3454 lascivas
819 3400 1098 3457 hominum
1127 3403 1411 3469 medullas,

423 3485 595 3545 Tutus
622 3499 679 3545 ut
709 3491 896 3549 dulces
927 3493 1100 3565 fugiat
1136 3496 1399 3566 procellas

423 3581 659 3652 Spiritus
696 3586 906 3651 mundi,
942 3587 1256 3658 domitaque
1280 3589 1456 3644 victor

671 3676 849 3733 Carne
880 3679 1195 3751 triumphet.

420 3767 699 3837 Virginum
730 3770 949 3827 laudent
990 3774 1081 3842 pia
1104 3781 1226 3829 vota
1257 3774 1455 3846 Regem

413 3862 584 3926 Quem
616 3863 773 3920 decet
799 3874 971 3922 saera:
1000 3884 1169 3939 genus
1192 3885 1353 3927 onme
1383 3871 1578 3938 laudis,

420 3953 585 4024 Cujus
614 3956 667 4010 in
702 3958 845 4012 trino
873 3974 1201 4017 veneramur
1229 3979 1396 4018 unum

671 4048 903 4107 Numine
934 4070 1155 4109 numen.

900 4144 1099 4202 XX‘XI.

269 4235 457 4291 Sermo
487 4236 557 4289 ad
583 4234 780 4300 clerum
816 4238 872 4291 in
897 4237 1107 4293 laudem
1155 4238 1414 4296 Vincentit'
1447 4246 1714 4315 martyris.

194 4327 476 4397 "actenus
505 4326 773 4383 almorum
804 4328 1104 4387 referentes
1134 4330 1275 4388 facta
1299 4334 1542 4390 virorum

192 4419 461 4491 Tegmine
491 4434 779 4490 prosarum
808 4421 1150 4491 vestivimus,
1187 4435 1271 4479 ast
1298 4441 1437 4480 nova
1473 4437 1657 4496 patres

191 4510 276 4563 Ac
295 4508 496 4564 fratres
518 4508 771 4579 placuere
795 4511 992 4582 magis,
1016 4523 1260 4568 veterata
1294 4515 1432 4569 tueri

190 4599 314 4655 Non
346 4600 544 4668 placet,
579 4600 881 4671 ipsa‘cibos
911 4604 1161 4658 renovari
1188 4619 1371 4658 mensa
1403 4607 1655 4674 requirit.

190 4692 306 4748 Vos
338 4693 502 4765 igitur
524 4709 763 4765 namque
783 4695 890 4751 huc
914 4712 1011 4751 vos
1043 4697 1206 4751 traxit
1231 4712 1393 4751 causa
1423 4697 1692 4766 ciborum,

188 4784 310 4839 Non
343 4798 706 4864 quos.corpus
738 4794 905 4852 amat,
936 4795 1151 4857 gustum
1183 4786 1419 4856 praebete
1451 4799 1744 4854 recentem,

189 4878 459 4946 Quodque
487 4877 638 4932 dabit
668 4878 926 4932 Dominus
956 4877 1078 4934 laeto
1110 4880 1445 4949 portabimus
1472 4894 1589 4935 ore.

188 4970 373 5039 thue
400 4967 574 5038 magis
602 4968 771 5038 possit
801 4965 1033 5025 refoveri
1064 4964 1246 5027 vestra
1273 4970 1549 5035 voluntas,

189 5061 275 5116 Ad
307 5058 520 5115 Domini
550 5070 778 5115 matrem
807 5058 966 5113 solito
991 5077 1347 5134 properemus
1383 5063 1609 5120 honore.

186 5152 342 5218 Quod
376 5158 652 5220 portemus
679 5151 753 5215 ci,
786 5151 966 5204 docuit
992 5168 1092 5209 nos
1125 5153 1349 5220 angelus
1374 5153 1521 5208 olim.
1596 5166 1599 5169 '

182 5243 463 5298 Auxilium
494 5253 780 5313 postquam
809 5241 877 5295 de
906 5244 1044 5299 caelo
1067 5246 1418 5314 sumpsimus,
1443 5246 1567 5301 inde

181 5334 505 5389 Confortata
530 5333 713 5402 vigent
742 5339 796 5387 et
822 5334 1008 5399 corda,
1041 5347 1094 5391 et
1123 5338 1304 5402 lingua
1334 5336 1629 5402 loquentis,

1651 172 1977 229 C:\R.\llN.\.

3364 216 3501 269 ti’lb

1850 295 1893 349 Α
1926 298 2117 356 Mentis
2149 314 2293 375 agat,
2323 311 2539 376 quando
2565 314 2904 382 promittitur
2934 317 3058 373 inde
3087 333 3309 385 corona,

1920 394 2133 457 Quanta
2163 407 2247 451 est
2269 399 2537 457 celsorum
2571 410 2939 464 conscendere
2980 426 3146 483 regna
3166 414 3428 485 polorum.

1920 483 2162 556 Namque
2184 489 2272 545 hic
2305 494 2587 551 rnortilero
2614 498 2720 553 vita
2748 510 2832 557 est
2859 515 3109 574 exempta
3140 520 3358 575 pavore,

1920 574 2205 650 Nullaque,
2232 597 2352 651 qum
2384 584 2658 657 frangant,
2685 582 2904 649 obstant
2934 597 3183 654 adversa.
3212 602 3441 659 salutem

1920 670 2018 725 llic
2044 674 2281 731 animam
2312 679 2467 735 divus
2495 682 2822 741 sitibttndam
2861 692 3034 759 pascit
3072 695 3320 766 ahyssus,

1920 761 2019 819 llic
2046 780 2260 836 quoque
2296 769 2556 841 largiﬂuis
2585 779 2825 833 csumlat
2854 782 3007 851 copia
3037 761 3215 841 donis.

1921 853 2037 920 llic,
2071 859 2161 926 qui
2199 863 2527 930 constiterit,
2557 883 2815 938 supremo
2853 873 3079 931 effertur
3108 877 3334 945 honore,

1918 946 2017 1003 llic
2055 966 2175 1020 quas
2199 969 2304 1008 non
2330 967 2530 1023 cessat,
2563 961 2863 1020 circumdat
2888 966 3058 1037 gloria
3087 970 3326 1042 dignum.

1920 1045 2035 1101 Non
2076 1065 2344 1118 murmur,
2378 1070 2483 1110 non
2511 1074 2695 1114 rumor
2724 1062 2794 1117 ibi
2836 1081 2957 1134 qua:
3000 1064 3200 1122 fmdera
3228 1079 3500 1140 rumpant.

1917 1136 2106 1208 Siqua
2146 1140 2326 1211 potest
2348 1161 2580 1215 pensare
2607 1151 2842 1220 animus,
2875 1154 2958 1209 vel
2988 1155 3032 1211 si
3067 1172 3172 1227 qua
3199 1136 3481 1227 loquentis

1914 1225 2123 1300 Lingua
2156 1241 2334 1303 potest
2366 1234 2488 1303 fari,
2520 1238 2563 1292 si
2592 1238 2793 1295 lumina
2828 1259 3051 1300 cernere
3074 1225 3395 1318 quidquam,

1913 1320 2037 1376 Istis
2068 1338 2213 1378 nunc
2238 1326 2488 1382 conferre
2518 1330 2704 1387 voles?
2728 1333 2793 1388 de
2822 1336 3015 1392 talibus
3038 1338 3214 1397 audax

1918 1412 2093 1469 Verba
2128 1417 2329 1485 dabis?
2361 1423 2606 1491 nunquid
2640 1426 2958 1482 meritorum
2987 1431 3180 1500 gaudia
3212 1429 3433 1491 tentes?

1915 1505 2016 1571 Qui
2043 1510 2188 1564 volet
2226 1510 2362 1579 Μαῖα,
2395 1513 2489 1569 tiat
2516 1516 2694 1572 valido
2721 1522 3021 1577 certamine
3052 1522 3244 1578 victor.

1840 1640 1884 1703 υ
1920 1601 2167 1657 Vincenti
2199 1605 2418 1661 dabitur
2455 1618 2681 1677 sertmn,
2714 1613 3051 1684 dulcedoqne
3081 1633 3317 1675 maxime.

1912 1692 2120 1760 Quaeris
2157 1698 2370 1753 amica?
2396 1701 2546 1770 prius
2573 1704 2820 1762 inimicos
2850 1709 3004 1764 vince
3031 1708 3291 1766 furentes.

1911 1788 2046 1845 'l‘res
2077 1792 2345 1863 siquidem
2381 1796 2538 1853 nobis
2564 1797 2804 1868 objectos
2838 1803 3089 1859 novimus
3118 1804 3322 1861 hostes.

1912 1881 2047 1940 Tres
2075 1887 2130 1943 hi
2163 1887 2431 1945 lethiferis
2456 1890 2775 1963 impugnant
2803 1907 3028 1965 pectora
3060 1896 3200 1960 telis,

1909 1979 2019 2037 Nec
2050 1993 2271 2039 cessant
2299 1983 2505 2039 lassare
2531 1978 2745 2053 virum;
2769 1988 2871 2043 nisi
2894 1988 3031 2045 colla
3063 1989 3165 2044 sub
3194 1990 3326 2058 ipsis

1912 2074 2154 2145 Dejicial,
2188 2074 2476 2148 fractoque
2510 2094 2704 2135 manus
2730 2079 2825 2136 det
2847 2082 3045 2138 robore
3083 2083 3278 2145 victas,

1908 2167 1951 2221 0
1981 2177 2214 2236 quantos
2247 2168 2466 2225 latitans
2500 2173 2795 2241 prostravit
2817 2174 3001 2230 carnis
3028 2175 3247 2245 iniquus

1907 2257 2177 2327 Pulsator,
2204 2245 2438 2331 quantos
2461 2263 2701 2318 detraxit
2729 2265 2795 2319 ad
2822 2264 3008 2322 intima
3040 2268 3294 2324 mundus.

1906 2351 2152 2419 Quantos
2185 2354 2368 2424 praedo
2400 2371 2565 2410 vorax
2599 2359 2942 2413 tenebrarum
2974 2360 3136 2415 trusit
3163 2361 3231 2415 ad
3261 2360 3392 2421 ima.

1907 2448 1969 2502 lli
1997 2448 2203 2518 primos
2237 2458 2454 2503 traxere
2480 2462 2663 2519 patres
2702 2451 2770 2505 ad
2802 2453 2994 2509 funera
3018 2455 3239 2524 prima..

1906 2538 2109 2595 llorum
2142 2541 2315 2612 prima
2344 2542 2446 2597 fuit
2472 2545 2651 2613 proles
2680 2554 2956 2614 prostrata
2980 2547 3214 2604 nefando

1908 2633 2165 2703 Vulnere,
2205 2655 2314 2709 quo
2342 2643 2518 2699 victus
2549 2647 2709 2713 periit
2733 2645 3012 2703 Sodomita
3039 2647 3208 2704 ruina

1907 2724 2228 2796 Sulphureze
2253 2732 2502 2803 adjectus
2522 2750 2753 2805 quorum
2781 2739 2958 2795 almus
2982 2740 3186 2797 decidit
3211 2741 3323 2797 ictu

1904 2814 2398 2891 Psalmographns,
2447 2827 2770 2900 sobolcsquc
2814 2831 3027 2899 nitens,
3079 2847 3191 2903 quo
3234 2830 3489 2904 plurima,

3172 2925 3420 3001 [jamque

1827 2990 1868 3047 C
1904 3001 2081 3059 Turba
2106 3007 2269 3073 cadit,
2300 3010 2424 3080 quis
2460 3027 2695 3086 namque
2723 3016 2911 3072 orbem
2960 3019 3079 3074 sine
3106 3019 3334 3074 vulnere
3381 3020 3486 3074 lin-

3242 3109 3419 3183 [quit‘t
3447 3136 3451 3140 ι

1904 3188 1949 3244 Ο
1978 3190 2203 3245 nimium
2237 3194 2364 3248 felix
2384 3237 2399 3262 ,
2425 3198 2516 3267 qui
2556 3207 2734 3254 tantos
2763 3201 2996 3270 propulit
3027 3202 3199 3258 ictus!

1905 3281 2055 3338 llune
2091 3284 2306 3352 laudes,
2342 3289 2592 3361 titulique
2622 3303 2830 3359 notent,
2855 3286 3002 3351 hunc
3030 3296 3173 3351 fulva
3208 3310 3409 3356 corona

1903 3375 1959 3428 Si
1993 3376 2115 3443 quis
2143 3380 2297 3437 adest
2328 3381 2468 3444 talis,
2506 3394 2692 3438 nostro
2712 3401 2966 3442 sermone
2996 3397 3234 3443 notetur.

1901 3465 2148 3535 Ignoscat
2175 3481 2354 3545 tamen
2392 3476 2611 3545 egregio
2636 3477 2678 3530 si
2720 3493 2825 3531 non
2860 3481 2929 3534 sit
2958 3480 3166 3536 honore

1900 3556 2154 3627 Compar,
2192 3544 2488 3618 cuitamen
2522 3567 2609 3620 hic
2635 3568 2911 3622 dulcescat
2935 3580 3129 3624 cantus
3158 3571 3212 3625 in
3239 3587 3449 3636 aurem,

1900 3646 1958 3703 Si
1990 3650 2254 3714 modicus,
2284 3651 2556 3725 libeatque
2577 3673 2771 3727 graves
2800 3659 2867 3713 ad
2895 3674 3108 3714 summa
3137 3659 3307 3715 levari

1876 3740 2141 3799 Audistis
2172 3749 2467 3801 reverenda
2499 3747 2945 3820 phalanx,.qnem
2971 3751 3130 3807 laude
3158 3753 3380 3808 decoret

1901 3836 2096 3895 Sancta
2124 3852 2319 3908 parens
2350 3840 2603 3912 hymnos,
2641 3842 2901 3914 psalmos,
2936 3856 3306 3913 responsaque
3353 3856 3487 3896 ean-

3184 3970 3187 3973 -
3245 3934 3406 4009 [laus

1899 4019 2056 4077 lluuc
2084 4039 2304 4094 quoque
2339 4027 2676 4085 carminibus
2696 4029 2900 4085 nostris
2924 4029 3241 4086 describere
3268 4029 3350 4083 fas
3379 4037 3483 4085 est.

1899 4111 1997 4183 llic
2027 4123 2111 4169 est
2138 4116 2373 4172 occiduo
2396 4129 2692 4189 generatus
2721 4120 2944 4176 climate
2968 4122 3145 4177 victor

1900 4214 2125 4279 Prodiit,
2161 4226 2327 4287 atque
2354 4217 2432 4272 illi
2464 4234 2662 4274 nomen
2694 4219 3018 4275 Vincentius
3048 4227 3231 4274 exstat
3265 4237 3281 4274 :

1895 4308 2035 4363 llinc
2057 4310 2258 4365 nitidus
2282 4309 2541 4380 juvenem
2581 4312 2753 4368 cinxit
2775 4313 2960 4379 decor,
2985 4312 3147 4369 altior
3170 4312 3309 4367 intra

1898 4403 2168 4471 Splendor
2200 4415 2340 4469 erat,
2362 4420 2469 4474 quo
2505 4396 2715 4462 summa
2742 4395 2959 4477 petens,
2989 4394 3151 4476 atque
3183 4405 3289 4461 ima
3320 4406 3479 4480 tueri,

1892 4496 2062 4562 Quem
2090 4512 2247 4568 mage
2278 4498 2538 4554 virtutum
2569 4497 2813 4555 fecerunt
2833 4500 3050 4570 agmina
3072 4498 3300 4554 clarum.

1893 4588 2292 4659 Obsequiisque
2323 4590 2418 4644 Dei
2447 4606 2555 4646 non
2579 4592 2765 4648 mundi
2798 4593 3041 4646 membra
3066 4591 3300 4662 subegit.

1892 4683 1988 4740 llic
2018 4693 2304 4754 postquam
2345 4697 2539 4755 campo
2569 4691 2647 4738 tot
2672 4684 2815 4739 vinci
2845 4694 3067 4754 pectora
3095 4683 3266 4757 videt,

1889 4773 1956 4829 Et
1980 4774 2202 4844 pavidos
2228 4771 2467 4841 fugitare
2506 4777 2690 4841 duces,
2718 4784 2885 4843 atque
2912 4771 3163 4832 hostibus
3192 4773 3339 4834 ultro

1886 4866 2090 4923 Cedere
2116 4866 2373 4936 projectis
2401 4883 2432 4922 a
2466 4884 2586 4923 sese
2608 4869 2861 4937 protinus
2891 4868 3085 4931 armis,

1889 4956 2188 5020 Infremuit,
2226 4954 2575 5030 validumque
2603 4958 2726 5011 tulit
2748 4957 2851 5011 sub
2882 4958 3052 5015 corde
3073 4955 3344 5018 dolorem.

1889 5051 2196 5121 Ulcisciqne
2233 5049 2415 5118 cupit,
2454 5053 2619 5123 pudet
2646 5051 2833 5105 hostes
2867 5052 3014 5108 ferre
3049 5047 3412 5117 triumphum.

1885 5147 1996 5202 Nec
2028 5155 2233 5208 tamen,
2262 5149 2317 5196 ut
2347 5159 2592 5217 prmccps
2619 5161 2678 5199 se
2709 5130 2991 5213 opponere
3018 5151 3195 5195 tcntat
3220 5143 3488 5221 inermem,

1887 5239 2136 5309 Festinus
2158 5235 2295 5307 petit
2323 5252 2479 5292 arma
2507 5237 2653 5302 dari,
2684 5242 2953 5307 gestuque
2981 5232 3178 5299 minaci
3452 5230 3453 5233 “

1883 5338 2027 5395 Bella
2060 5342 2240 5402 parat,
2266 5336 2509 5402 gaudent
2541 5340 2751 5395 stantes
2780 5330 2912 5387 hinc
2949 5327 3351 5398 inde'sorores,
