3936 5402
514 313 655 380 -ἳιὶίῖ
1661 320 1961 376 ALl‘llANl
2001 323 2461 384 SALFRNITANI
2501 329 2815 387 ARCHIEP.
3634 332 3741 388 {iis

519 436 705 492 Prima
729 452 884 493 somr
914 437 1128 503 faciem,
1165 439 1291 493 fidei
1320 455 1485 509 quam
1518 439 1738 495 nomine
1764 440 1971 496 dicunt.
2148 440 2195 498 Α
2223 440 2359 494 Cum
2392 441 2580 510 procul
2614 444 2882 514 indignas,
2920 451 3161 498 armalas
3180 442 3348 499 Marte
3371 453 3625 511 catervas,

523 525 639 581 Hoc
672 536 746 591 te,
778 543 844 583 ne
870 527 1110 596 laudant,
1145 544 1263 599 quin
1292 540 1419 586 sunt
1444 531 1664 598 infesta,
1685 531 1917 600 juvabit.
2218 526 2546 597 Slarejubet
2573 532 2843 600 quondam
2872 532 2939 587 de
2971 531 3092 589 caeli
3125 532 3357 588 culminc
3382 533 3577 603 jactus,

522 619 704 673 Altera
736 636 855 689 qua:
880 622 1043 693 capiti
1075 623 1282 693 galeam
1311 632 1676 693 succurreret,
1707 625 1883 682 all'ert.

2216 617 2553 690 lnsidiasque
2578 631 2757 690 parat,
2788 620 3006 678 fraudes
3037 622 3242 691 petiere
3264 623 3494 693 priores.

523 711 653 779 Quae
682 722 867 783 sperat
896 724 1103 770 secreta
1134 716 1255 781 Dei,
1288 717 1603 788 celsamque
1629 718 1880 786 salutem,

1826 736 1880 786 η,
2217 708 2485 765 lnsultans
2513 720 2689 777 tenso,
2716 712 2813 767 sed
2839 714 2983 767 cavit
3008 714 3237 769 vulnera
3271 716 3380 768 telo

521 804 705 859 τεηεο
738 806 832 862 ,παι
864 798 1034 862 totum
1079 824 1197 880 qua:
1228 813 1398 881 possit
1436 811 1658 880 cingere
1681 829 1880 883 corpus
2215 798 2505 855 Christifer
2527 801 2752 867 athleta,
2785 818 2885 860 uec
2908 802 3091 859 Martis
3122 802 3263 859 l‘erre
3289 803 3524 859 furorem

520 895 769 951 Loricam
796 898 949 953 multi
980 915 1140 969 quam
1172 912 1399 956 nectunt
1424 903 1617 957 ordine
1647 904 1787 974 cycli
1826 923 1839 957 :
2220 892 2468 962 Disjcclm
2497 902 2722 963 Ρθῖυθτθ
2753 895 2920 962 ades»
2954 894 3089 966 Γιιῧίῑ
3111 895 3289 951 omnis
3317 896 3373 949 in
3400 895 3629 957 Umbras.

520 988 650 1044 Ilaec
676 998 782 1055 est,
815 1006 937 1061 qum
969 992 1281 1047 innumeras
1305 994 1479 1064 jungit
1518 995 1749 1050 dilectio
1781 997 2001 1053 mentis.

2217 982 2621 1056 ASpcctumque
2649 996 2803 1056 pavet
2831 986 3052 1058 pugilis,
3094 985 3374 1057 telumque
3394 994 3621 1041 caterva.

521 1080 725 1148 Quarta
753 1083 902 1137 dedit
927 1083 1326 1154 SlalliiemjllSli
1355 1088 1555 1142 vestita
1587 1088 1788 1144 decore
2217 1081 2345 1137 Inde
2375 1093 2724 1139 cruenterqu
2754 1093 2875 1139 trux
2911 1084 2986 1140 illi
3015 1084 3307 1155 opponitur
3326 1095 3521 1153 agmen

523 1171 845 1240 Thoracem,
877 1174 1179 1247 femorique
1214 1179 1355 1244 tulit,
1384 1179 1474 1251 qui
1503 1190 1770 1252 congruat
1799 1196 2008 1238 ensem.
2217 1172 2567 1240 Carniﬁcum,
2591 1191 2724 1247 gens
2748 1177 2862 1232 hmc
2892 1176 3142 1248 sequitur
3168 1176 3364 1232 vexilla
3404 1175 3629 1246 tyranni.

522 1265 694 1337 Virgo
716 1267 911 1337 pudica
937 1284 1035 1324 suo
1069 1279 1292 1342 gestans
1324 1280 1553 1344 cegnata
1580 1273 1775 1344 pudori
2222 1264 2315 1319 llis
2345 1274 2735 1322 tormentorum
2761 1268 2921 1325 varia
2945 1268 3302 1324 conuuittitur
3332 1276 3454 1321 arte

525 1355 787 1428 Tegmina
824 1367 970 1413 texta
1011 1359 1187 1423 dedit,
1221 1361 1385 1416 totum
1426 1364 1713 1432 prudentia
1756 1362 1972 1433 ινῑριεεχ,
2218 1352 2274 1408 ln
2300 1354 2553 1426 juvenem
2586 1357 2779 1413 saevire
2799 1372 3043 1425 sacrum,
3069 1358 3221 1429 cupit.
3241 1357 3501 1413 omnibus
3526 1372 3648 1411 unus

526 1446 807 1520 Sacraque
845 1449 927 1505 lex
956 1452 1191 1521 pugilem
1229 1452 1353 1508 forti
1383 1455 1672 1524 prmmunit
1705 1456 1758 1509 in
1795 1471 1947 1523 arcu,
2218 1446 2450 1517 ΟνΡοηῘ.
2482 1449 2715 1506 celerem
2743 1450 2995 1522 sellmquc
3025 1450 3246 1505 innixus
3268 1448 3469 1520 asella!
3564 1503 3573 1513 .

527 1535 684 1592 Unde
713 1549 880 1609 queat
906 1540 1099 1596 validis
1134 1543 1321 1597 hostes
1353 1553 1641 1612 penetrare
1670 1546 1904 1616 sagittis,
2222 1538 2640 1612 Quadrupcdem
2674 1542 2903 1612 geminis
2936 1541 3076 1596 idem
3100 1540 3409 1597 calcaribus
3446 1554 3645 1611 urgens,

526 1628 787 1685 Cruribus
811 1641 1034 1702 aptatur
1061 1649 1223 1703 quam
1260 1635 1487 1704 protulit
1515 1652 1676 1693 ocrea
1705 1637 1903 1708 dupon
2220 1631 2591 1703 lmmotusque
2619 1649 2747 1688 suos
2770 1634 2836 1689 ad
2862 1634 3087 1689 vulnera
3119 1633 3360 1689 concitat
3382 1632 3582 1687 hostes.

526 1719 694 1795 Virgo
721 1724 959 1788 humilis,
996 1727 1332 1797 pedibusque
1359 1729 1507 1785 dedit
1530 1729 1764 1785 calcaria
1793 1730 1959 1787 binis.
2154 1790 2188 1797 _
2224 1723 2404 1779 Turba
2437 1723 2559 1780 ferit
2587 1725 2842 1796 pugilem,
2876 1733 2931 1780 ct
2978 1724 3181 1780 feriens
3204 1723 3380 1794 magis
3408 1722 3530 1777 inde
3559 1720 3751 1775 ferimur.

527 1811 669 1870 Illuc
695 1831 867 1882 amor,
901 1818 1023 1872 inde
1048 1818 1232 1886 timor,
1264 1821 1527 1877 domitum
1562 1823 1651 1892 qui
1686 1823 1861 1879 subsit
1888 1824 2121 1879 habenis
2154 1790 2194 1848 Β
2225 1815 2352 1872 Pilis
2392 1817 2665 1887 siquidem
2699 1817 2911 1873 Vﬂlidlls
2935 1826 3151 1889 lmlcral
3178 1817 3421 1873 lolcrarc
3450 1815 3703 1878 malorum.

531 1899 817 1962 Sobrietas
844 1908 1127 1965 sternebat
1151 1926 1370 1981 equum.
1399 1912 1667 1982 Patientia
1708 1914 1898 1969 sellam
2224 1911 2396 1978 Quam
2430 1927 2623 1968 manus
2661 1912 2887 1968 inferret
2909 1911 3111 1968 Christi
3137 1924 3438 1967 succensus
3473 1923 3659 1971 amore,

527 1998 744 2052 Attulit.
775 1998 981 2055 Aurato
1018 2004 1346 2075 praefulgens
1377 2007 1623 2076 tegmine
1642 2009 1883 2075 tandem,
2225 2004 2463 2070 Qucmve
2485 2011 2677 2074 putant
2703 2003 2870 2065 vinci.
2899 2002 3145 2058 sublatus
3175 2001 3243 2056 ad
3266 2001 3476 2055 tnthera
3501 1997 3665 2052 vincit.

532 2087 687 2154 Quod
712 2105 801 2144 rex
830 2092 1154 2158 contulerat,
1183 2097 1445 2151 adversos
1470 2098 1728 2165 quzeritat
1748 2099 1958 2166 hostes,
2224 2095 2420 2151 Obviat
2458 2095 2697 2152 alticulis
2730 2096 3101 2151 circumdatus
3130 2093 3376 2163 undique
3406 2091 3588 2147 turmis

536 2176 603 2231 Et
632 2178 855 2235 vincens
880 2182 993 2237 exit
1024 2200 1134 2254 quo
1168 2186 1429 2252 vinceret,
1473 2188 1597 2243 inde
1627 2194 1874 2260 superbae
2226 2186 2504 2258 Princeps,
2536 2187 2629 2257 qui
2659 2188 2894 2259 pugilem
2927 2186 3197 2258 quondam
3229 2185 3514 2240 fulcirerat
3540 2180 3698 2245 armis,

532 2267 692 2324 Stant
722 2272 889 2336 acies,
919 2284 1027 2329 stat
1058 2284 1115 2330 et
1137 2276 1252 2347 ipse
1280 2279 1488 2334 micans
1515 2280 1834 2338 cmlestibus
1856 2286 2045 2339 armis.
2225 2277 2325 2344 (ἐπεῖ
2362 2277 2502 2333 bello
2533 2277 2740 2349 ΐιιιεοτο
2765 2279 2938 2345 (Ιοιιῖίο
2970 2280 3332 2349 militibusque
3355 2278 3599 2347 illam?"

532 2358 712 2415 Prima
743 2364 917 2418 aciem
938 2366 1094 2436 juxta
1134 2370 1302 2424 movit
1327 2385 1476 2437 caro,
1506 2373 1651 2428 nulla
1676 2374 1916 2430 minatur

2225 2372 2441 2436 Attulit,
2464 2381 2670 2427 :cterno
2697 2371 3029 2428 concludens
3057 2387 3283 2428 munere
3309 2371 3566 2442 palmam.

530 2451 790 2521 Vulnera,
826 2473 933 2512 non
977 2468 1164 2517 torvos
1193 2463 1531 2520 demonstrat
1560 2466 1612 2521 in
1641 2469 1855 2540 agmine
1885 2470 2084 2538 vultus,

2227 2462 2337 2520 Nos
2371 2464 2554 2519 trahat
2580 2463 2685 2519 hoc
2704 2463 3005 2533 speculum,
3029 2478 3129 2518 nos
3159 2462 3401 2518 instruat
3423 2461 3522 2516 ista
3547 2457 3691 2512 virilis

531 2542 762 2599 Lubrica
795 2548 888 2602 sed
922 2548 1118 2619 placidi
1143 2554 1380 2623 Speciem
1424 2558 1687 2612 mentitur
1717 2562 1942 2617 amoris.
2229 2554 2494 2612 Nobilitas
2524 2555 2713 2610 animi.
2754 2554 2915 2611 Visus
2943 2553 3173 2611 sufferre
3201 2553 3449 2608 laborem
3477 2558 3553 2607 est

533 2630 730 2689 Oscula
763 2635 1019 2694 letbifero
1047 2640 1182 2697 dans
1207 2643 1467 2700 inviscata
1501 2661 1732 2714 veneno,

2227 2644 2524 2717 lugentem,
2558 2644 2799 2700 succedit
2818 2644 2867 2699 ei
2892 2643 3245 2715 praestantior
3273 2642 3364 2697 illa

534 2721 907 2798 Arridensque
942 2740 1097 2800 parat
1123 2730 1305 2788 ﬂetum
1346 2744 1689 2808 ca‘ntansque
1714 2738 1978 2795 dolorem.

2229 2736 2408 2805 Longa
2436 2735 2612 2806 quies,
2637 2735 2806 2790 vitam
2836 2735 2962 2790 dum
2996 2735 3223 2806 perdere
3247 2730 3603 2795 crediturilli,

535 2814 768 2874 Pulchra
792 2819 948 2877 affert
972 2824 1145 2879 oculis
1173 2828 1411 2883 animam
1435 2830 1805 2901 praedantibus
1828 2848 1894 2887 an
1906 2849 2015 2902 res,
2231 2824 2350 2878 Vlla
2382 2831 2569 2879 manu
2594 2823 2770 2880 “unus
2793 2839 2955 2895 ‘1“3'“
2984 2823 3159 2895 Ροεδίι
3184 2823 3447 2878 Claude"!
3471 2821 3600 2876 ﬁn“-

534 2905 845 2966 Dlllcisonis
870 2913 1089 2981 pulsare
1117 2918 1294 2973 modis
1315 2920 1536 2977 molitur
1566 2923 1796 2979 inertem
2229 2913 2406 2968 Parva
2433 2912 2584 2985 pugil
2613 2912 2743 2969 dum
2780 2923 2923 2970 tecta
2953 2914 3141 2979 abicit,
3170 2912 3332 2968 datur
3358 2912 3470 2967 alta
3498 2922 3700 2980 superate

538 2994 679 3055 Hinc
710 3001 941 3059 reddens
971 3004 1238 3073 animum,
1269 3024 1430 3065 nares
1456 3012 1731 3068 demulcet
1757 3014 1926 3071 odore
2229 3004 2368 3059 Aula
2397 3003 2613 3069 domus.
2646 3004 2823 3076 fragili
2847 3004 2973 3076 quia
2999 3003 3220 3060 sustulit
3247 3004 3299 3058 in
3327 3004 3444 3058 Vile
3469 3001 3643 3073 plagas.

538 3087 877 3196 .Multimodo,
909 3106 1239 3168 gustumque
1270 3102 1437 3156 trahit
1459 3104 1611 3158 varia
1643 3112 1762 3159 arte
1787 3121 2070 3176 saporum,
2155 3137 2197 3196 ρ
2231 3095 2563 3162 Ρεειίιιίῧυεν
2596 3096 2890 3166 “agrisque
2921 3097 3057 3167 τοὲῖν
3087 3111 3181 3152 se“
3210 3094 3456 3151 carceris
3479 3100 3634 3158 3W0.

536 3178 706 3251 Inque
728 3184 863 3240 cibis
893 3185 1145 3243 firmenta
1173 3203 1354 3253 nov-at.
1385 3194 1519 3249 dans
1549 3195 1729 3250 mollia
1760 3205 1961 3252 tactqu

2157 3178 2197 3196 ν
2231 3188 2503 3256 lusuperis
2535 3187 2729 3258 recipit
2754 3187 3067 3258 superantia
3098 3202 3324 3242 munera
3355 3187 3549 3242 victor.

539 3271 747 3340 Allicit,
783 3276 914 3333 hinc
941 3279 1195 3337 miseram
1228 3283 1567 3340 confundens
1597 3287 1828 3342 crimine
1864 3297 2093 3345 mentem

2232 3278 2473 3334 Transiit
2493 3280 2869 3351 approbrium,
2897 3288 3173 3336 transacta
3200 3288 3280 3335 est
3320 3294 3505 3349 paena,
3530 3275 3744 3343 laborque.

540 3359 588 3417 Ο
615 3371 666 3417 te
695 3362 936 3434 felicem,
966 3383 1087 3437 qua:
1114 3379 1296 3426 tantos
1327 3373 1524 3430 viceris
1548 3374 1766 3431 hostes:
2231 3371 2337 3425 Sed
2363 3388 2468 3428 non
2507 3387 2701 3427 casura
2732 3371 2892 3426 modo
2930 3372 3126 3442 gaudet
3157 3371 3211 3425 in
3237 3370 3450 3426 :cthere
3469 3366 3643 3440 palma.

543 3450 698 3509 llanc
723 3457 811 3509 ubi
841 3461 1111 3527 persensit
1133 3461 1355 3530 juvenis
1378 3464 1515 3520 clam
1548 3467 1742 3523 sistere
1764 3470 1985 3537 bellum,
2235 3460 2404 3528 llujus
2426 3460 2593 3516 chara
2625 3460 2888 3532 phalanx,
2919 3461 3115 3516 validis
3143 3462 3185 3517 Si
3212 3460 3499 3516 innitimur
3518 3457 3668 3522 armis.

545 3542 664 3599 Non
700 3545 821 3602 tulit
845 3547 1108 3620 ingenuos
1136 3570 1323 3609 secum
1357 3556 1586 3613 miscere
1610 3558 1869 3626 lacertos,

2233 3556 2442 3612 Sectari
2473 3557 2515 3612 si
2544 3567 2692 3627 gesta
2712 3554 2887 3624 juvat,
2911 3557 2956 3611 si
2987 3571 3242 3627 compare
3270 3570 3467 3628 gressu

546 3631 951 3708 Blanditiasque
981 3642 1126 3714 pugil
1151 3645 1451 3716 dedignaris
1481 3649 1685 3716 sprevit
1712 3649 1948 3722 iniquas.
2233 3646 2466 3704 Hostiles
2494 3648 2545 3703 in
2572 3648 2743 3704 Marte
2761 3665 2954 3705 manus
2983 3663 3244 3719 superare
3266 3647 3566 3718 placetque,

546 3722 639 3779 Sic
661 3723 874 3798 fugiens
894 3731 1044 3800 vicit,
1077 3750 1201 3790 nam
1230 3737 1311 3792 sic
1341 3736 1542 3808 fugisse
1567 3741 1825 3798 decorum
1858 3754 1957 3799 est.
2234 3742 2334 3809 Qui
2361 3741 2551 3812 pugili,
2588 3751 2643 3796 et
2672 3741 2904 3811 palmam
2951 3741 3103 3796 dedit
3143 3739 3257 3804 ille,
3296 3749 3356 3794 et
3387 3749 3563 3794 nostra
3592 3731 3747 3802 juvabil

546 3823 801 3882 Calcibus
827 3836 985 3897 urget
1016 3842 1239 3898 equum,
1274 3829 1586 3901 rigidasque
1611 3833 1836 3903 imponit
1867 3836 2130 3893 habenas.
2234 3833 2488 3900 Pectora,
2516 3841 2789 3903 prostrato
2822 3833 3031 3889 donans
3057 3848 3122 3888 ex
3148 3834 3306 3887 hoste
3327 3830 3586 3885 decorem.

546 3919 776 3976 Mundus
797 3920 954 3976 adest
984 3929 1197 3987 contra,
1219 3923 1530 3993 triuumquc
1554 3927 1885 3994 praeordiuat
1912 3944 2130 3999 agmen.
2234 3923 2494 3994 lsnpctrct
2523 3924 2626 3980 hoc
2653 3922 2770 3978 fusa
2794 3922 2952 3979 nobis
2975 3936 3135 3992 prece
3164 3920 3343 3977 Victor
3369 3918 3441 3974 ab
3477 3917 3590 3972 ³1εο-

546 4010 806 4067 Errorum
831 4011 1089 4082 prmcedit
1116 4027 1275 4079 onus,
1303 4028 1428 4069 nam
1462 4013 1577 4069 dira
1611 4018 1859 4086 tyrannis
2920 4010 3137 4067 XXXII.

545 4104 824 4160 Arbitrata
851 4104 1041 4171 Deum,
1075 4106 1218 4175 quod
1256 4104 1410 4160 fictos
1440 4105 1603 4161 fictile
1633 4108 1880 4180 sculpsit,
2446 4104 2640 4176 Incipit
2671 4105 2772 4160 orla
2802 4105 3084 4160 excitativa
3114 4102 3370 4157 militibus
3395 4097 3596 4156 Christi.

549 4192 769 4263 Spicula
795 4191 1042 4250 falsidico
1072 4193 1294 4249 lethalia
1321 4203 1602 4265 sparserat
1630 4212 1725 4253 ore
2380 4195 2519 4264 Quid
2543 4195 2695 4251 stas?
2722 4196 2835 4250 otio
2862 4193 2991 4266 quid
3015 4191 3161 4265 pugil
3197 4190 3409 4247 haeres?

547 4284 749 4341 Ictibus
770 4285 995 4357 Opponit
1022 4285 1296 4356 clypeum,
1327 4287 1566 4358 vicitque
1591 4290 1906 4359 superbum.
2379 4289 2511 4344 Belli
2545 4298 2763 4344 moveat
2797 4287 3038 4343 fervidus
3070 4293 3286 4341 horror.

549 4376 692 4432 Ecce
725 4377 872 4433 aliud
901 4378 1069 4449 pugili
1095 4378 1423 4435 vincendum
1448 4382 1740 4451 opponitur
1771 4398 1965 4454 agmen
2379 4383 2533 4451 Quod
2565 4383 2609 4439 si
2646 4382 2887 4437 retrahat
2914 4379 3107 4435 frivola
3132 4380 3331 4445 virtus,

551 4467 740 4526 Vanus
756 4487 1060 4544 amor,quo
1086 4473 1309 4543 pulchra
1334 4475 1546 4540 domus,
1569 4492 1745 4546 quove
1763 4492 1900 4534 uxor
1920 4489 2135 4535 amatur
2168 4483 2216 4541 D
2384 4475 2461 4529 l‘lu
2496 4474 2753 4528 auxilium
2783 4474 3004 4528 dextera
3046 4470 3252 4528 Christi

550 4558 672 4628 Quo
705 4561 922 4617 soboles
946 4562 1145 4628 dulcis,
1182 4577 1292 4632 quo
1312 4563 1598 4633 pulchrum
1623 4568 1886 4636 quaeritur
1913 4584 2130 4639 aurum,
2379 4568 2605 4623 Praestat
2634 4564 2851 4635 fragiles
2883 4572 3104 4636 portans
3135 4563 3413 4617 humeros.

549 4650 769 4722 lataque
795 4651 1001 4707 caelesti
1031 4652 1187 4707 miles
1215 4655 1509 4723 superabat
1533 4670 1738 4712 amore.
2379 4658 2597 4714 Intende
2626 4657 2779 4712 ducis
2807 4671 2972 4726 quam
3002 4669 3137 4724 cape
3164 4652 3417 4709 formam.

552 4743 758 4800 Obvius
784 4744 994 4800 interea
1021 4745 1296 4803 robustam
1324 4750 1626 4823 impingere
1650 4762 1907 4822 mentem,
2381 4752 2673 4822 Exemplar
2707 4749 2812 4805 erit
2841 4751 2950 4804 vita
2979 4750 3290 4818 proborum.

548 4835 671 4906 ipse
700 4837 862 4893 timor
891 4838 1035 4895 saecli
1062 4843 1327 4910 tentabat,
1352 4844 1565 4900 casside
1588 4843 1779 4913 fortes,
2383 4845 2610 4899 Dabitur
2641 4842 2767 4897 forti
2796 4840 2942 4894 fulva
2964 4854 3188 4894 corona.

550 4927 809 4999 Reppulit
842 4932 1127 4999 impulsus,
1155 4933 1282 4989 dum
1312 4935 1460 4990 nulla
1494 4935 1706 4992 infensa
1743 4938 2008 4995 malorum
2383 4934 2677 4992 Prudentia
2708 4942 2757 4988 te
2783 4939 3031 5002 protegat
3055 4944 3209 4995 ante,

551 5016 647 5073 Vis
677 5021 853 5090 potuit
877 5030 1113 5079 mentem
1137 5033 1484 5094 prosternere
1520 5027 1709 5084 militis
1737 5030 1884 5085 almi.
2385 5028 2452 5080 Et
2474 5026 2684 5096 justitia
2707 5035 2929 5097 postera
2961 5038 3162 5094 purges

548 5112 663 5162 lll‘e.
695 5114 891 5162 innuit-
928 5116 1328 5162 mantla-P:itnr
1349 5119 1563 5162 inolvln,
1600 5124 1762 5162 vni-lu
1798 5132 2029 5162 lurnnnn
2390 5119 2460 5162 Ae
2494 5132 2559 5162 ne.
2583 5127 2810 5162 tumens-
2844 5124 3025 5162 temne
3052 5114 3309 5162 secunda.
