3936 5402
224 202 356 260 ηιθ

359 317 580 388 Tegitur
603 316 776 380 miles,
811 325 1040 385 votaque
1067 314 1301 370 fundens

357 409 570 479 Moyses
599 408 851 477 populum
883 408 1120 478 protegit
1147 422 1334 461 orans.

358 499 583 552 Scutum
614 499 736 553 fidei
764 500 977 568 suscipe
1005 498 1243 564 fervens,

355 588 499 643 Ictus
520 587 727 658 poteris
753 587 944 642 tollere
974 589 1165 653 victor,

359 680 496 749 Spes
526 681 615 735 det
647 681 884 751 galeam,
913 696 1034 750 qua:
1056 691 1219 750 caput
1248 682 1418 736 obdit.

354 772 498 840 Cape
529 773 753 828 loricam
786 775 1032 831 membra
1077 785 1368 846 tegentem,

353 863 526 930 Quam
548 865 774 934 justitia:
808 870 994 924 dextra
1020 871 1286 940 propinet.

352 956 515 1011 Juvat
551 968 606 1012 et
641 959 868 1014 mullum
897 963 1116 1032 cingere
1149 961 1382 1014 lumbos.

349 1048 555 1118 Caligis
577 1053 730 1119 pacis
759 1053 990 1108 subdere
1022 1054 1176 1109 talos.

351 1139 536 1198 Hostis
560 1144 781 1201 latitans
816 1147 900 1201 his
931 1147 1090 1201 cadet
1126 1145 1311 1200 armis.

893 1238 1132 1292 XXXIII.

479 1327 613 1383 Item
643 1332 834 1393 oratio,
869 1348 962 1384 seu
989 1331 1249 1399 confessio
1281 1332 1518 1385 metrica.

206 1418 392 1474 Prisca
421 1419 611 1476 lavans
637 1423 856 1492 proprio
881 1423 1066 1477 mundi
1089 1423 1283 1476 delicta
1310 1437 1525 1486 cruore,

286 1513 528 1582 Christe,
563 1518 658 1572 tibi
685 1520 874 1588 dignas
904 1518 988 1572 fac
1021 1535 1139 1572 mea
1168 1517 1330 1573 verba
1357 1533 1566 1586 preces.

207 1607 260 1660 Id
287 1611 486 1677 quibus
511 1612 784 1666 obtineant
810 1612 956 1666 solus
983 1614 1124 1682 potis
1155 1613 1268 1681 ipse
1299 1612 1495 1666 docere
1525 1628 1538 1663 :

274 1701 410 1756 Nam
446 1718 602 1771 nego,
629 1718 749 1771 qua:
777 1705 915 1759 bona
947 1713 1072 1757 sunt
1102 1713 1151 1757 te
1174 1704 1273 1756 nisi
1301 1703 1461 1756 dante
1486 1701 1620 1754 dari.

205 1793 477 1864 Principio
511 1812 616 1848 non
646 1797 749 1849 ulla
782 1797 924 1850 malo
950 1805 1174 1864 possunt
1205 1798 1344 1849 bona
1383 1795 1554 1865 gigni,

275 1885 416 1939 Sunt
441 1887 566 1955 quia
597 1886 866 1955 principio
899 1898 948 1940 te
976 1896 1233 1955 generata
1261 1887 1421 1940 bono.

205 1978 342 2050 Ergo
371 1979 505 2033 boni
534 1980 795 2048 quidquid
829 1996 945 2034 mea
977 1980 1156 2050 lingua
1188 1977 1396 2034 referre
1420 1977 1623 2033 valebit

270 2069 376 2124 Pro
405 2079 560 2125 certo
591 2071 808 2125 credam
844 2080 894 2126 te
920 2073 1177 2125 tribuisse
1206 2071 1359 2125 mihi.

203 2161 273 2216 Os
293 2176 391 2232 ego
430 2163 684 2218 Davidico
715 2165 956 2233 patulum
985 2179 1238 2218 sermone
1271 2164 1486 2228 tenebo,

269 2254 400 2308 Illud
437 2265 491 2309 tu
525 2256 733 2324 repleas
766 2256 990 2325 polliciti
1030 2271 1356 2310 memorans.

203 2343 276 2400 Tu
310 2345 436 2401 fons
464 2361 523 2401 es
553 2349 724 2410 vivus,
768 2356 821 2400 tu
853 2347 972 2402 fons
1005 2347 1127 2416 plus
1156 2347 1270 2402 sole
1301 2361 1548 2413 serenus,

269 2437 445 2503 Quem
476 2439 787 2508 quicunque
818 2439 953 2493 bibit
983 2454 1089 2494 non
1122 2440 1338 2494 aliunde
1369 2439 1504 2503 sitit,

202 2528 352 2585 Mane
383 2540 539 2584 tuum
571 2533 810 2586 tenebris
833 2548 938 2586 nox
965 2548 1071 2586 non
1101 2532 1394 2601 interpolat
1425 2531 1569 2587 ullis.

269 2622 530 2691 Quisquis
569 2623 621 2677 in
653 2624 756 2679 hoc
785 2625 909 2678 ierit
955 2640 1061 2679 non
1091 2625 1336 2678 ruiturus
1363 2624 1488 2687 erit,

201 2713 350 2768 llunc
373 2714 514 2768 mihi
539 2715 604 2768 da
630 2713 854 2781 fontem,
871 2717 934 2771 da
956 2716 1158 2782 lumen,
1186 2717 1358 2770 ethoc
1383 2715 1511 2769 mihi
1531 2724 1652 2786 post
1676 2715 1790 2771 haec

266 2805 428 2872 Quod
460 2815 583 2876 peto
614 2808 742 2877 quin
773 2809 1000 2863 habeam
1029 2823 1134 2862 non
1166 2809 1414 2862 dubitare
1439 2807 1588 2861 licet.

199 2893 304 2949 Cur
329 2911 436 2965 ego
465 2912 552 2951 me
583 2899 839 2952 miserum
871 2907 1082 2952 tantum
1107 2898 1382 2954 conlidere
1421 2900 1486 2952 de
1518 2908 1568 2952 te

271 2987 477 3052 Debeo,
515 2988 605 3057 qui
641 2989 804 3042 tantis
827 2989 1148 3044 criminibus
1179 2998 1389 3044 teneor.

204 3078 402 3143 Debeo,
439 3079 555 3133 Rex
578 3079 687 3148 pie,
719 3078 909 3144 debeo,
946 3089 1000 3134 tu
1031 3095 1178 3145 caro,
1210 3080 1452 3145 victima,
1482 3094 1698 3142 census,

271 3170 472 3226 FaCtus
504 3185 584 3233 es,
617 3171 785 3224 exitio
813 3172 952 3224 liber
983 3181 1037 3226 ut
1071 3181 1211 3226 esset
1242 3171 1425 3225 homo.

203 3259 345 3316 Mors
373 3270 465 3315 tua
499 3260 606 3313 vita
633 3258 733 3314 fuit
758 3270 1103 3324 cunctorum,
1134 3263 1352 3330 vitaque
1384 3261 1513 3326 vita,

273 3353 447 3420 Quam
477 3352 702 3406 leBl‘SCB
729 3369 815 3406 res
847 3367 966 3406 esse
1002 3354 1234 3422 probant
1261 3353 1425 3405 ideal.

203 3443 314 3498 Iloc
339 3443 576 3498 hominis
612 3445 888 3509 meritum,
917 3461 1046 3508 non,
1071 3443 1165 3498 sed
1203 3452 1287 3496 tua
1317 3443 1488 3512 gratia
1521 3441 1670 3508 fecit,

271 3536 404 3604 Quae
425 3534 730 3590 confidendi
759 3537 850 3606 jus
874 3537 1004 3590 mihi
1031 3551 1247 3604 semper
1269 3536 1396 3590 erit.

203 3628 278 3682 De
300 3639 351 3684 te
378 3630 508 3683 dtnn
534 3627 688 3683 fuero
715 3629 990 3685 conlidere
1013 3646 1117 3684 non
1147 3629 1426 3694 dubitabo,

270 3719 426 3787 Quod
450 3721 760 3791 quicunque
791 3733 881 3776 tuo
915 3733 1093 3778 servet
1117 3738 1300 3778 amore
1331 3723 1460 3778 facit

205 3811 349 3869 Arsit
376 3812 616 3880 piscator
645 3813 766 3877 hoc,
797 3822 851 3868 et
877 3813 1194 3884 publicanus
1221 3829 1426 3878 amore,

272 3905 408 3960 Cum
438 3905 616 3960 subito
638 3921 848 3961 merces
879 3908 1082 3976 sprevit
1110 3909 1218 3972 hic,
1247 3907 1335 3962 ille
1363 3917 1551 3973 ratem,

201 3995 339 4052 Ilinc
365 4007 450 4052 est
476 4013 574 4067 pro
602 3998 840 4053 minimis
870 4000 1165 4068 redemptio
1200 3999 1431 4054 maxima
1460 4001 1616 4064 (1οη),

271 4087 525 4157 Claviger
553 4087 642 4142 hic
669 4087 812 4152 mali,
845 4088 1031 4159 legifer
1061 4089 1146 4143 ille
1174 4091 1288 4144 Dei.

197 4177 350 4233 Arsit
376 4193 564 4234 amore
596 4188 708 4244 tuo,
735 4181 824 4248 qui
851 4188 900 4234 te
926 4182 1161 4251 suscepit
1189 4193 1434 4236 ovanter.

272 4271 525 4340 Hospitio
548 4269 821 4341 princeps,
844 4271 978 4324 arsit
1013 4287 1198 4324 amore
1225 4281 1334 4326 tuo.

200 4363 353 4423 Arsit
379 4375 566 4415 amore
594 4370 684 4415 tuo
709 4376 859 4427 cujus
881 4376 980 4416 nec
1006 4362 1056 4414 in
1087 4362 1252 4415 Israel
1289 4378 1414 4417 esse

271 4454 450 4524 Equa
475 4453 609 4507 fides
635 4452 827 4522 potuit,
862 4453 994 4508 arsit
1019 4469 1204 4508 amore
1243 4465 1358 4507 tuo.

199 4547 351 4601 Arsit
378 4561 565 4600 amore
591 4555 700 4606 tuo,
725 4559 844 4612 quae
879 4560 1020 4614 saepe
1044 4546 1254 4616 repulsa
1281 4547 1514 4602 salutem

273 4637 524 4694 Obtinuit
547 4635 736 4705 prolis,
769 4636 902 4688 arsit
932 4652 1117 4690 amore
1143 4646 1252 4691 tuo.

200 4729 351 4783 Arsit
380 4743 569 4783 amore
597 4737 708 4791 tuo,
738 4724 890 4793 cujus
923 4735 1012 4804 tua
1052 4726 1264 4782 Iimbria
1299 4729 1502 4784 fluxum

275 4820 648 4890 Sanguineum
681 4819 889 4879 statuit,
923 4818 1053 4872 arsit
1081 4834 1267 4873 amore
1306 4829 1418 4873 tuo.

201 4911 354 4965 Arsit
375 4924 565 4964 amore
592 4918 706 4974 tuo,
736 4919 824 4962 tua
853 4923 971 4976 qua:
999 4909 1222 4978 vestigia
1259 4910 1414 4963 tersit

275 5002 463 5067 Crine,
489 5004 674 5057 lavans
703 5001 970 5071 Iacrymis,
1001 5002 1136 5057 arsit
1159 5016 1341 5055 amore
1374 5009 1484 5056 tuo.

207 5095 381 5150 Nemo
401 5101 496 5150 sed
518 5111 583 5150 ex
608 5096 710 5151 illis
734 5102 886 5150 arsnt.
919 5097 1020 5150 nisi
1049 5110 1174 5150 cum
1198 5099 1434 5146 VOIlllSll.

281 5187 337 5208 οε
371 5185 454 5210 -.ξι-
485 5188 585 5212 Ι.Αο.
622 5198 663 5214 ιιι
691 5202 787 5216 Αιιιὶ
811 5200 1028 5218 osanna-nn
1053 5187 1248 5222 ιιῖηηηα
1277 5200 1370 5224 ΩΡΠ

691 5203 751 5214 ΑΙ.
759 5202 787 5216 αἱ

1670 197 1995 255 CARIIINA.

3349 213 3484 270 1250

1833 313 1878 365 Λ
1981 312 2240 385 Fregerat
2266 317 2376 371 Eva
2407 317 2580 372 virum
2611 333 2772 389 quam
2806 326 3091 390 superarat
3120 319 3341 391 hydrus.

1908 403 2050 458 Vixit
2078 406 2238 459 homo
2269 406 2467 462 misere
2494 419 2780 479 postquam
2807 425 2867 464 se
2896 409 3082 464 limine
3111 411 3233 465 vita:

1976 495 2161 550 Mortis
2186 498 2237 552 in
2267 498 2368 553 hoc
2394 500 2651 554 miserum
2675 517 2733 556 se
2759 502 2881 556 tulit
2912 503 3230 572 hospitium.

1901 587 1958 641 Id
1988 588 2105 642 sine
2140 588 2259 645 labe
2289 589 2412 655 fuit,
2448 592 2544 646 sed
2569 593 2719 647 tabes
2751 591 2968 647 sordida
2995 596 3160 664 rupit.

1975 679 2202 736 Mundus
2235 683 2303 736 ab
2335 685 2584 753 Opposita
2617 701 2814 740 nomen
2848 685 3049 741 habere
3078 695 3282 755 putem.

1906 771 2131 828 Mundus
2161 785 2279 830 erat
2305 778 2561 842 mundus,
2592 778 2826 834 mundus
2849 795 2972 834 cum
3005 781 3204 835 munda
3233 796 3450 837 crearcs
3477 799 3493 845 ;

1979 866 2294 922 lnnnundus
2324 870 2490 939 ccepit
2519 871 2770 925 sordibus
2799 887 2919 927 esse
2952 873 3207 928 hominis.

1905 956 1996 1014 Ille
2035 961 2136 1024 vir,
2162 959 2248 1014 ille
2279 976 2478 1016 nocens
2501 963 2591 1031 qui
2620 978 2772 1017 sacra
2807 965 3058 1033 cupidine
3080 967 3274 1022 ductus

1972 1049 2101 1104 Jura
2133 1066 2271 1105 novo
2305 1053 2512 1120 primus
2540 1052 2698 1124 fregit
2726 1054 2778 1108 in
2807 1056 2938 1110 orbe
2969 1055 3090 1110 fuit.

1903 1140 2238 1210 Principium
2269 1143 2376 1196 litis
2400 1143 2519 1209 fuit,
2553 1146 2968 1216 exemplumque
2996 1146 3212 1216 furoris,

1972 1234 2072 1298 Qui
2097 1234 2245 1302 prius
2271 1235 2510 1288 humano
2541 1238 2803 1305 sanguine
2834 1240 3033 1308 sparsit
3057 1241 3300 1297 humum.

1903 1321 2009 1378 Sed
2043 1325 2168 1378 licet
2191 1325 2275 1378 hic
2305 1325 2526 1394 sanguis
2549 1341 2736 1396 poenas
2767 1329 3025 1384 indixerit
3054 1331 3173 1386 orbi

1969 1416 2185 1470 Grande
2209 1421 2533 1472 sacramenti
2566 1421 2914 1488 prostitulavit
2938 1437 3092 1493 Opus.

1903 1508 2118 1562 Scilicet
2145 1525 2175 1562 e
2205 1509 2390 1564 lateris
2413 1511 2636 1566 stillavit
2662 1513 2883 1570 vulnere
2912 1518 3153 1584 sanguis,

1972 1601 2074 1666 Qui
2106 1601 2308 1670 pepulit
2341 1618 2548 1670 poenas,
2577 1601 2706 1656 lavit
2736 1613 2789 1658 et
2819 1622 2979 1661 omne
3017 1608 3190 1664 nefas.

1825 1657 1868 1711 Β
1895 1692 1938 1748 0
1971 1693 2054 1760 pia
2096 1692 2324 1746 latronis
2350 1710 2452 1746 vox
2485 1693 2644 1762 hujus
2676 1696 2836 1765 digna
2869 1700 3100 1762 cruoris,

1963 1783 2059 1836 Cui
2091 1782 2235 1836 dedit
2265 1785 2331 1836 ad
2361 1784 2526 1837 vitam
2553 1787 2832 1855 sanguinis
2857 1790 2996 1842 unda
3027 1791 3188 1844 viam!

1893 1875 2007 1929 IIoc
2033 1877 2232 1930 ctenim
2271 1877 2446 1931 valido
2479 1893 2805 1946 conspersus
2828 1883 3068 1936 membra
3102 1884 3313 1954 liquore

1963 1965 2224 2021 Etherco
2253 1968 2428 2036 posuit
2457 1969 2663 2037 primus
2693 1970 2747 2024 in
2783 1987 2884 2026 axe
2906 1974 3120 2042 pedem.

1892 2057 2234 2126 Principibus
2257 2071 2464 2114 vestras
2485 2061 2571 2116 hic
2595 2063 2731 2117 dixit
2756 2081 2768 2116 :
2802 2063 2998 2120 Tollite
3025 2076 3210 2135 portas

1967 2148 2031 2202 Et
2052 2159 2273 2219 pateant
2305 2152 2532 2207 Domino
2562 2154 2750 2208 cmlica
2776 2170 2938 2227 regna
2977 2173 3096 2212 suo.

1895 2240 2050 2296 Unde
2083 2258 2281 2297 novum
2306 2246 2620 2314 genushoc,
2644 2256 2698 2300 et
2732 2249 2902 2319 gloria
2937 2259 3084 2305 tanta
3122 2251 3402 2326 triumphi,

1968 2334 2053 2390 Uti
2079 2351 2176 2405 pro
2201 2351 2356 2404 poena
2381 2354 2589 2408 proque
2611 2340 2784 2396 sdule
2805 2357 2986 2397 cruce.

1891 2425 2003 2480 Cur
2034 2427 2286 2495 inopinus
2317 2443 2470 2481 amor
2501 2429 2623 2484 duci
2655 2446 2752 2489 pro
2783 2432 3012 2488 crimine
3032 2433 3166 2503 justi

1963 2516 2137 2570 Audet
2176 2518 2226 2570 in
2254 2533 2346 2572 ore
2369 2518 2462 2571 Dei
2499 2518 2602 2572 tale
2626 2560 2639 2573 .
2677 2519 2946 2576 Memento
2974 2526 3098 2578 mei.

1892 2603 2083 2661 Nonne
2117 2616 2218 2661 tua:
2237 2649 2250 2672 ,
2280 2607 2451 2673 Deus,
2481 2617 2562 2662 est
2590 2607 2704 2664 lucc
2738 2611 3042 2668 immutatio
3073 2615 3294 2672 dextrae.

1961 2697 2050 2751 Fit
2075 2707 2198 2752 tuus
2230 2700 2334 2753 hoc
2364 2701 2527 2755 verbo
2560 2702 2807 2772 sigltifer,
2840 2715 2965 2759 ante
2991 2705 3151 2763 latro.

1894 2789 1984 2844 Sic
2005 2806 2221 2861 quoque
2245 2793 2540 2848 vermiculo
2573 2795 2765 2851 delicta
2794 2797 3072 2853 simillima
3097 2800 3261 2855 rubro

1961 2883 2096 2938 Alba
2123 2886 2268 2938 velut
2295 2886 2438 2939 nivei
2485 2885 2604 2940 lana
2644 2888 2842 2943 coloris
2867 2901 3048 2945 erunt.

1814 3001 1856 3058 α
1895 2973 2017 3029 Haec
2047 2977 2190 3030 enim
2216 2977 2415 3032 bibulis
2441 2979 2486 3033 si
2516 2993 2976 3037 connumerentttr
3007 2999 3212 3050 arens,

1961 3066 2141 3123 Deleri
2178 3069 2358 3124 subito
2388 3080 2438 3126 te
2471 3072 2766 3127 miserante
2789 3084 2940 3144 puto.

1887 3159 2129 3215 Credere
2159 3162 2238 3216 sic
2262 3165 2467 3227 docuit,
2507 3167 2660 3236 cujus
2690 3169 2984 3222 centesima
3018 3169 3202 3239 pronis

1957 3256 2038 3309 Ad
2075 3256 2311 3326 reliquas
2339 3259 2581 3312 humeris
2610 3261 2820 3328 perdita
2850 3260 3022 3316 fertur
3047 3263 3184 3316 ovis.

1887 3346 2123 3403 Credere
2150 3350 2228 3403 sic
2252 3349 2434 3404 docuit
2466 3353 2744 3417 meretrix,
2773 3368 2879 3421 quo
2913 3355 3110 3408 munda
3141 3355 3366 3411 recessit

1959 3440 2223 3495 Omnibus
2253 3443 2368 3497 lucc
2402 3444 2546 3497 vitiis
2577 3444 2734 3513 plena
2759 3444 2923 3499 Maria
2953 3445 3068 3501 fuit.

1887 3531 2124 3588 Credere
2155 3536 2236 3588 sic
2265 3536 2448 3588 docuit
2473 3537 2563 3604 qui
2591 3535 2779 3591 flentes
2811 3539 3037 3593 crimina
3063 3539 3191 3594 lavit

1961 3623 2237 3695 Praecipue
2265 3623 2488 3678 Petrum
2524 3627 2741 3695 quando
2769 3630 2987 3696 negavit
3016 3644 3162 3683 eum.

1898 3713 2032 3770 Esse
2061 3717 2155 3769 tibi
2189 3716 2323 3770 tanti
2354 3718 2530 3787 pietas
2562 3733 2649 3771 me
2679 3733 2888 3772 summa
2922 3735 3192 3789 rogarem,

1965 3805 2070 3862 Sed
2099 3808 2264 3861 maris
2287 3807 2540 3863 admissis
2575 3807 2720 3862 cedit
2749 3824 2913 3864 arena
2941 3810 3097 3866 meis.

1892 3899 2145 3953 Attamen
2179 3901 2279 3954 hoc
2303 3908 2482 3969 pacto,
2503 3915 2608 3969 quo
2637 3917 2696 3955 se
2725 3901 2912 3967 David,
2939 3902 3052 3972 ipse
3082 3903 3307 3974 rogabo,

1963 3991 2134 4045 Judex
2161 4007 2258 4061 par
2285 3993 2506 4061 paribus
2524 3991 2613 4060 jus
2637 3994 2751 4048 scio
2775 3992 2923 4062 juste
2944 3996 3122 4052 dabis.

1895 4083 1939 4139 Ο
1965 4085 2105 4138 bone
2143 4084 2215 4137 mi
2246 4084 2398 4149 .lesu,
2430 4085 2703 4139 dementia
2730 4096 2935 4156 quanta
2965 4088 3178 4143 videtur

1968 4175 2079 4230 lloc
2101 4176 2233 4230 dare
2261 4191 2348 4230 me
2379 4177 2631 4246 cuiquam
2657 4193 2725 4233 ne
2753 4177 2920 4232 David
2944 4194 3066 4234 esse
3091 4196 3298 4250 parent.

1901 4268 2006 4322 SBtI
2039 4269 2167 4338 quid
2209 4283 2364 4339 agam
2405 4278 2518 4324 toto
2547 4285 2669 4324 cum
2694 4270 2768 4324 nil
2796 4271 2865 4324 sit
2891 4287 3113 4342 prorsus
3152 4274 3202 4326 in
3233 4273 3386 4340 orbe,

1807 4352 1869 4420 Β
1966 4358 2061 4412 Cui
2088 4359 2257 4427 possit
2286 4358 2506 4414 sceleris
2529 4375 2628 4428 par
2659 4362 2891 4417 mundus
2916 4377 3034 4418 esse
3057 4364 3183 4417 mei.

1897 4449 2143 4517 Quotidie
2163 4466 2348 4521 pecco,
2389 4456 2677 4506 momentis
2707 4452 2955 4506 omnibus
2980 4468 3125 4519 erro,

1972 4543 2145 4613 thue
2161 4545 2311 4598 canis
2336 4546 2599 4599 vomitum
2632 4559 2774 4614 smpe
2798 4545 3038 4600 relambo
3067 4561 3265 4600 meum.

1893 4637 2168 4690 Prtetereo
2190 4635 2335 4690 vitiis
2363 4635 2651 4690 lethalibus
2688 4649 2850 4690 omne
2885 4646 3130 4691 creatum

1966 4725 2221 4781 Consiliis
2243 4741 2366 4794 spes
2395 4735 2496 4789 est,
2535 4727 2624 4794 qui
2650 4726 2780 4779 mihi
2814 4737 3041 4795 praestet
3064 4729 3240 4793 abest,

1898 4817 2037 4885 Quid
2085 4816 2310 4880 faciam,
2345 4819 2476 4885 quid
2531 4831 2706 4887 agam,
2738 4830 2846 4885 quo
2905 4835 3010 4883 tne,
3063 4819 3226 4873 Pater
3260 4823 3484 4892 optime,

3159 4909 3414 4979 [vertam.

1971 5006 2209 5064 Ultimus
2239 5019 2370 5063 ecce
2403 5009 2520 5063 dies
2551 5005 2642 5060 ille
2666 5009 2986 5064 tremendus
3006 5005 3179 5060 adest.

1901 5101 2038 5170 Quid
2070 5097 2289 5164 faciam,
2320 5101 2450 5168 quid
2481 5113 2662 5169 agam,
2694 5109 2818 5148 cum
2842 5112 2960 5154 non
2984 5094 3078 5164 qui
3121 5091 3311 5145 liberet
3336 5097 3497 5166 adsit,

1974 5196 2110 5234 nnm
2148 5205 2240 5234 sua
2266 5189 2408 5234 fat-tn
2442 5205 2644 5234 nnnpns
2674 5202 2837 5234 nemo
2867 5200 3072 5234 nnaan
3109 5185 3314 5234 potest!
