3936 5402
443 652 503 662 ..-

526 307 662 364 1231

602 423 641 475 Α
676 429 727 476 te
750 428 899 481 sunt.
942 417 1123 474 facere
1144 416 1291 474 nulla
1321 414 1490 473 fuisse
1514 426 1691 488 potes.

527 512 606 566 Tu
645 500 773 566 mihi
797 510 926 580 quid
955 509 1148 564 faciam
1181 519 1234 562 ttt
1267 509 1375 575 die,
1408 508 1499 578 qui
1529 507 1768 562 ﬂuminis
1798 508 1997 562 undam

596 602 777 667 Astra,
809 617 1007 667 sutum,
1046 600 1286 672 pelagus,
1317 601 1459 655 unde
1486 603 1734 654 laventur
1755 600 1943 653 habes.

521 692 802 747 Desidiose
822 707 976 763 puer,
1008 701 1272 762 quantum
1305 692 1401 746 tibi
1425 705 1592 762 prava
1623 689 1893 760 voluptas,

521 782 807 855 Temporis
834 784 1056 856 eripuit,
1080 799 1203 839 cum
1235 784 1412 853 primo
1434 798 1652 854 semper
1681 783 1751 837 ab
1784 798 1923 850 atro,

522 870 707 943 Usque
729 883 1082 939 senectutem,
1113 874 1279 928 tantis
1302 873 1522 944 impune
1552 885 1776 928 vacares

523 964 764 1028 Deliciis,
792 959 1012 1035 quando
1043 965 1220 1019 tennis
1251 965 1615 1035 propriusque
1638 965 1867 1020 salutem

520 1055 776 1124 Languor
811 1064 953 1121 erat,
984 1056 1095 1111 sola
1129 1056 1303 1112 ruinis
1327 1057 1594 1112 medicina
1628 1056 1835 1128 paratis

518 1147 741 1217 Absque
767 1148 953 1202 labore
978 1149 1053 1202 uti
1083 1157 1317 1219 poterat.
1354 1164 1501 1204 nunc
1529 1150 1735 1203 viribus
1765 1147 1895 1219 ipsis

524 1236 620 1295 Est
642 1256 799 1311 opus.
832 1237 936 1297 lsta
967 1242 1185 1314 quidem
1211 1241 1323 1311 jam
1354 1259 1458 1299 non
1487 1251 1613 1297 sunt
1652 1242 1833 1296 ulcera
1858 1240 2034 1297 solum

526 1329 1094 1404 Mollibusunguentis
1114 1335 1409 1400 credenda,
1445 1344 1546 1390 nec
1587 1344 1710 1405 apta
1750 1334 1967 1389 tumori.

521 1420 797 1476 Auxilium
824 1423 1003 1477 valido
1026 1422 1305 1493 prmstahit
1331 1422 1555 1492 spongia
1579 1423 1792 1478 morbo.

520 1511 751 1583 Expedit
773 1514 1053 1583 indulgere
1077 1513 1171 1569 tibi
1204 1522 1310 1567 tam
1347 1513 1514 1569 rebus
1545 1512 1778 1578 acerbis,

520 1600 590 1660 Et
614 1604 831 1663 frenare
854 1608 1207 1676 voluptatem.
1233 1605 1537 1663 Lzetissima
1572 1606 1738 1662 traxit

522 1700 798 1758 Hactenus
822 1702 890 1758 ad
910 1702 1123 1773 culpam
1162 1712 1313 1765 caro,
1346 1716 1449 1756 nec
1480 1707 1531 1755 te
1559 1695 1753 1755 afﬂicta
1781 1699 2006 1755 redueat

519 1792 599 1848 Ad
623 1794 833 1849 veniam
858 1804 1176 1850 constanter
1201 1808 1319 1865 age,
1344 1808 1444 1863 pro
1469 1793 1679 1848 viribus
1705 1792 1809 1847 ista

527 1884 758 1940 Assidue
784 1884 967 1953 vigila,
1002 1894 1315 1954 noctesque,
1349 1884 1573 1953 diesque
1601 1884 1790 1937 labora

524 1973 701 2030 Omne
721 1975 899 2032 scelus
925 1975 1183 2046 populare
1206 1990 1391 2030 manu.
1416 1973 1741 2030 Sitientibus
1769 1974 2040 2038 haustum,

519 2062 784 2136 Tegmina
813 2067 1089 2133 da‘nudis,
1118 2066 1212 2122 sed
1242 2076 1297 2122 et
1321 2066 1691 2121 esurientibus
1712 2081 1914 2121 escam.

519 2156 691 2214 Ablue
714 2166 765 2214 te
794 2158 1066 2232 lacrymis,
1095 2160 1331 2215 emunda
1358 2159 1600 2225 ﬂetibus,
1621 2161 1770 2215 omni

525 2249 741 2306 Evacua
771 2261 1008 2307 mentem
1040 2252 1191 2311 vitio.
1223 2252 1517 2308 virtutibus
1549 2252 1730 2322 impie.

522 2342 645 2395 Sint
681 2343 962 2399 moderata
998 2344 1091 2399 tibi
1127 2342 1355 2415 jejunia,
1384 2344 1544 2400 lectio
1565 2344 1732 2415 jugis,

520 2432 828 2491 l‘salmodia
857 2435 1132 2507 frequens,
1163 2436 1341 2492 oratio
1374 2437 1586 2503 sedula,
1623 2438 1828 2492 nullmn

523 2521 600 2579 'l'e
629 2536 862 2595 moveat,
896 2528 979 2582 vel
1006 2528 1179 2584 solvat
1203 2544 1365 2595 onus,
1399 2530 1592 2585 metire
1624 2529 1865 2586 laborem

523 2615 809 2687 Pollicitis,
843 2632 1068 2692 operam
1130 2624 1403 2689 mercede,
1438 2623 1769 2695 brevemque
1827 2622 2115 2693 triumphis

521 2711 762 2783 l’ugaam
790 2712 1088 2783 perpetuis.
1133 2712 1311 2769 Minus
1346 2721 1441 2792 est
1476 2714 1838 2784 quodctmquc
1872 2712 2091 2769 laboras

523 2798 753 2858 Praemia
782 2805 826 2859 si
855 2813 1091 2875 Spectes,
1118 2820 1224 2861 non
1257 2813 1315 2860 ut
1341 2805 1563 2861 nitentis
1591 2804 1658 2860 ad
1683 2804 1791 2860 alta

525 2893 803 2951 Ascensus
832 2894 1034 2961 facilis,
1065 2897 1321 2953 sudorem
1353 2895 1587 2967 denique
1608 2900 1869 2966 quantum

526 2982 839 3057 Perpetitur
873 2987 967 3058 qui
1003 2999 1237 3044 conatur
1258 2987 1388 3059 juga
1419 3004 1633 3045 summa
1655 2989 1860 3046 subire.

510 3077 606 3134 ~Tu
635 3080 764 3151 quid
792 3090 852 3136 ut
874 3081 927 3137 in
959 3081 1156 3137 coelum
1182 3082 1381 3137 vadas?
1410 3091 1463 3137 te
1500 3081 1739 3137 maxima
1767 3097 1979 3140 merces

524 3168 649 3225 Vita
687 3172 844 3228 beata
868 3181 1076 3239 manet,
1112 3182 1321 3229 tantum
1348 3173 1578 3243 facjura
1601 3173 1849 3243 sequaris

526 3256 858 3332 Praesignata
888 3260 1007 3330 tibi,
1030 3278 1246 3335 semper
1268 3263 1639 3325 reminiscere,
1667 3263 1873 3318 nullum

526 3348 606 3405 Te
636 3362 869 3420 moveat,
898 3354 984 3409 vel
1022 3354 1196 3409 solvat
1223 3370 1361 3410 onus
1394 3370 1409 3409 :
1447 3369 1553 3409 non
1585 3355 1742 3410 miles
1778 3357 2009 3411 habetur

530 3443 674 3499 Dura
703 3443 1090 3514 reformidans,
1119 3455 1329 3501 marcet
1354 3462 1477 3502 cum
1503 3446 1688 3502 deside
1718 3449 1915 3503 virtus.

528 3534 579 3595 0
607 3538 744 3594 boue
766 3538 839 3594 mi
861 3540 1110 3607 Domine,
1135 3555 1259 3612 spes
1283 3555 1422 3607 mea,
1461 3540 1551 3594 lux
1589 3556 1732 3607 mea,
1757 3542 1996 3605 Christe,
2024 3558 2027 3561 ί

602 3625 703 3693 Qui
728 3627 883 3700 vigor
911 3637 999 3684 est
1025 3629 1225 3696 verbis,
1256 3628 1347 3700 qui
1374 3629 1646 3685 medicina
1675 3631 1808 3685 tuis.

529 3712 805 3773 llactcnus
826 3719 879 3773 in
905 3732 1096 3789 poenas
1122 3735 1209 3776 me
1244 3720 1452 3789 lapsum
1493 3720 1648 3789 culpa
1679 3721 1922 3788 petebat,

603 3804 758 3862 Nunc
778 3815 863 3863 est
884 3823 1007 3863 cum
1031 3810 1209 3880 poenis
1236 3809 1392 3888 culpa
1417 3810 1641 3864 remissa
1673 3824 1830 3865 mets.

530 3897 786 3972 Languor
806 3901 922 3957 lteri
948 3901 1129 3957 valido
1162 3898 1327 3975 fregit
1356 3919 1473 3958 mea
1498 3902 1738 3957 membra
1770 3901 1982 3967 dolore.

604 3989 748 4045 Sana
770 3991 864 4046 sed
894 3989 1011 4047 haec
1035 3993 1195 4048 hodie
1221 4000 1348 4047 sunt
1372 3993 1594 4064 pietatis
1622 4008 1744 4063 ope.

534 4080 676 4139 Bero
695 4082 771 4137 fui
798 4083 1037 4155 scopulis
1064 4084 1303 4152 collisus,
1334 4094 1384 4141 et
1406 4086 1659 4142 omnibus
1696 4085 1881 4152 undis,

604 4178 763 4234 Mane
785 4180 915 4235 mihi
942 4181 1121 4251 potior
1150 4180 1335 4237 littore
1355 4189 1547 4252 portus
1587 4181 1761 4237 adest.

536 4270 805 4329 Omnibus
827 4270 1035 4330 afﬁrmo
1060 4273 1171 4329 falli
1193 4274 1463 4330 veraciter
1489 4274 1626 4339 illos,

606 4363 711 4432 Qui
743 4365 956 4420 veniam
994 4362 1160 4437 lapsis
1181 4366 1380 4435 stepius
1412 4380 1532 4421 esse
1556 4376 1774 4435 negant.

535 4452 637 4522 Qui
669 4454 799 4509 dare
828 4462 882 4510 te
903 4455 1120 4510 veniam
1159 4455 1324 4524 lapsis
1351 4463 1475 4524 post
1504 4456 1647 4510 mille
1671 4457 1882 4525 negarit

607 4544 725 4600 Non
751 4547 925 4615 possit
942 4547 1156 4601 veniam
1187 4546 1373 4615 lapsus
1404 4548 1602 4602 habere
1625 4549 1811 4603 semel.

539 4633 642 4701 Qui
667 4635 795 4689 dare
820 4644 873 4689 te
902 4635 1116 4689 veniam
1141 4634 1404 4690 scelerum
1430 4644 1546 4706 post
1577 4636 1743 4691 millia
1775 4639 1951 4693 credit

613 4723 779 4780 Millia
807 4732 933 4795 post
953 4724 1220 4781 scelerum
1248 4724 1394 4781 nulla
1422 4736 1650 4797 negetur
1673 4727 1742 4782 ei.

542 4808 616 4872 Es
648 4824 791 4873 totus
825 4818 1019 4890 pietas,
1050 4833 1109 4875 es
1132 4819 1537 4892 etindulgentia
1566 4829 1732 4886 totus,

616 4909 785 4966 Totus
804 4926 935 4982 pax,
960 4920 1105 4967 t0tus
1131 4913 1332 4983 gratia,
1367 4921 1512 4968 totus
1541 4929 1712 4967 amor.

542 4997 677 5040 Tum
702 5000 816 5040 lava
845 5003 964 5042 nnis
999 5004 1083 5042 rlul
1117 5019 1276 5044 nunc-
1313 5004 1628 5046 nis-minium
1664 5004 1794 5046 miln
1844 5004 1875 5046 η
1904 5007 2000 5048 ῘίιΙρ

1640 300 1944 359 ΑιΡιιΑΝι
1972 300 2441 358 SALERNITA'M
2478 296 2796 357 AliClilEP.

3630 298 3648 357 l
3658 294 3737 360 Ξ.ξέ

2145 420 2194 478 Α
2295 416 2413 482 ροεο
2443 416 2548 469 ruit
2572 414 2661 470 ille
2700 416 2803 470 tuis
2825 413 2999 471 factus
3028 412 3194 470 homo
3218 412 3485 468 manibus.

2218 504 2531 559 ’l'ransactis
2566 506 2707 559 enim
2750 504 3031 574 plusqus-m
3053 518 3148 559 sex
3182 503 3413 559 millibus
3439 504 3587 559 anuis

2298 595 2509 667 Pugnat
2540 597 2890 651 inhumanum
2923 596 3012 651 hic
3038 595 3157 651 sine
3179 593 3281 650 ﬂne
3302 609 3491 666 genus.

2216 684 2445 741 Insidias
2468 687 2678 746 doetus,
2712 684 2953 751 fraudes,
2980 681 3234 755 artesque
3261 684 3512 747 nocendi,

2286 768 2488 847 Estque
2516 777 2886 848 magisterium
2916 790 3075 832 nosse
3104 790 3300 831 nocere
3324 790 3512 831 suum.

2215 863 2310 921 Ille
2335 868 2622 922 vetustatis
2645 867 2835 922 didicit
2858 880 3197 937 quaecunque
3221 881 3320 937 per
3348 880 3530 928 usum,

2288 954 2414 1010 Fert
2434 965 2489 1011 et
2520 956 2609 1011 ubi
2642 957 2815 1011 vir-tus
2834 972 2941 1012 non
2965 956 3174 1011 ruitura
3207 964 3414 1012 manet.

2215 1047 2405 1106 Nonne
2429 1049 2533 1106 Job
2551 1051 2785 1120 impetiit
2813 1050 3137 1116 maledictis,
3155 1050 3326 1116 caede,
3348 1048 3547 1115 ruinis,

2290 1142 2620 1198 Vulneribus
2654 1141 2844 1198 ﬂueret
2869 1150 3014 1200 totus
3035 1158 3089 1198 ut
3133 1144 3188 1199 in
3219 1143 3430 1199 saniem
3457 1139 3483 1184 ν

2216 1234 2283 1290 Et
2313 1235 2414 1290 nisi
2454 1244 2581 1291 tunc
2613 1236 2827 1291 animas
2858 1244 3065 1291 tantum
3108 1251 3329 1293 servare
3347 1235 3570 1306 juberes

2296 1330 2555 1387 Pcrderet
2585 1332 2731 1388 hunc
2756 1333 2901 1387 intus
2927 1341 2987 1386 ut
3014 1347 3111 1387 sua
3140 1347 3373 1403 qumque
3399 1329 3550 1385 foris.

2225 1422 2382 1480 Unde
2414 1424 2509 1480 tibi
2538 1432 2823 1497 genus‘est
2850 1424 3069 1489 natalis,
3099 1432 3155 1479 et
3184 1424 3328 1479 unde
3368 1419 3630 1479 secundus

2288 1513 2539 1584 Magnum
2569 1524 2783 1571 constat
2811 1515 2860 1570 ei
2890 1516 3247 1571 succujiuisse
3278 1514 3473 1569 David.

2219 1602 2322 1657 Sed
2358 1612 2560 1669 tamen,
2594 1615 2649 1659 ut
2680 1602 2846 1671 ﬂevit,
2878 1603 3004 1660 ﬂetu
3033 1604 3211 1660 scelus
3227 1617 3394 1660 omne
3412 1603 3646 1674 peremit,

2293 1696 2447 1752 Unde
2472 1699 2573 1753 ruit
2603 1699 2798 1753 victus.
2837 1699 3012 1753 victor
3043 1713 3111 1753 eo
3140 1697 3325 1753 rediit.

2148 1769 2191 1825 Β
2221 1789 2316 1845 ille
2342 1789 2688 1846 Salomonetn
2711 1805 2813 1846 sua
2848 1805 2948 1847 nec
2974 1790 3240 1861 sapientia
3265 1787 3437 1860 juvit,

2289 1880 2400 1937 Nec
2420 1883 2648 1938 summis
2676 1883 2869 1954 opibus
2899 1882 3081 1953 regius
3109 1890 3302 1938 auctus
3329 1882 3525 1945 honor,

2217 1975 2387 2044 Quem
2412 1977 2630 2047 penitus
2656 1974 2849 2031 stravit
2885 1977 3174 2033 consuetis
3209 1975 3492 2032 fraudibus
3518 1975 3696 2036 hostis;

2289 2066 2468 2123 Causa
2498 2068 2641 2138 quod
2674 2067 2776 2123 iste
2806 2068 2917 2123 ruit
2940 2068 3185 2138 improba
3211 2066 3432 2122 ﬂamma
3460 2065 3572 2120 fuit.

2216 2155 2261 2214 Ο
2283 2158 2494 2228 quoties
2515 2158 2713 2213 studiis
2746 2172 2775 2212 a
2818 2165 2871 2212 te
2894 2166 3111 2227 pastore
3142 2158 3398 2229 malignis

2288 2248 2548 2304 Perderet
2578 2257 2635 2301 ut
2657 2257 2845 2319 captas
2868 2247 3189 2303 sollicitavit
3226 2263 3382 2303 oves.

2218 2342 2262 2397 Ο
2291 2340 2507 2412 quoties
2532 2340 2763 2407 animus,
2789 2355 2925 2410 quas
2948 2344 3100 2395 curia
3130 2338 3275 2395 celsa
3308 2336 3579 2406 manebat,

2291 2434 2586 2489 Tartareas
2612 2447 2783 2503 usque
2807 2433 3165 2504 praecipitavit
3189 2449 3386 2504 aquas.

2216 2525 2260 2584 Ο
2286 2528 2332 2583 si
2364 2542 2508 2582 nunc
2538 2525 2714 2591 tellus,
2746 2542 2862 2592 aer,
2898 2531 3067 2592 mare,
3095 2536 3223 2581 tunc
3248 2525 3398 2597 quod
3420 2523 3650 2597 Olympus

2288 2618 2481 2674 Posset
2509 2626 2569 2672 ut
2604 2616 2851 2673 infernus
2883 2617 3032 2674 solus
3054 2616 3279 2673 haberet
3305 2632 3461 2672 eum.

2219 2714 2553 2785 Sulphureos
2584 2713 2789 2784 lapides
2823 2714 2876 2769 in
2905 2727 3068 2784 quam
3091 2711 3377 2782 jaculeris,
3403 2720 3460 2768 et
3480 2710 3620 2784 ignes

2290 2805 2453 2876 Impia
2476 2803 2773 2860 Leviathan
2812 2804 3030 2859 mittere
3063 2802 3169 2859 tela
3194 2812 3343 2858 veta.

2218 2898 2391 2969 llujus
2410 2910 2463 2956 et
2493 2899 2753 2955 infestant
2783 2899 2979 2969 capitis
3004 2898 3344 2968 nequissima
3378 2893 3627 2955 membra.

2292 2992 2398 3048 Sed
2426 2991 2711 3061 confringe
2735 2998 2921 3060 caput,
2961 2990 3204 3044 membra
3245 2996 3475 3059 repente
3504 2985 3689 3040 cadunt.

2221 3081 2340 3139 Jam
2382 3082 2569 3137 dedice
2600 3098 2736 3154 puer
2759 3080 2990 3153 puerilia
3015 3081 3208 3146 verba,
3242 3081 3465 3152 tuisque

2225 3177 2372 3233 Pone
2405 3177 2621 3231 modum
2651 3176 2839 3247 nugis;
2870 3183 2966 3230 tua
2998 3183 3125 3231 vota
3162 3172 3381 3229 silentia
3415 3171 3565 3242 longa

2222 3266 2456 3321 Poscant
2489 3280 2503 3318 :
2532 3263 2620 3320 fac
2643 3263 2741 3320 sile
2761 3281 2837 3331 ts;
2874 3264 3079 3319 nullum
3104 3263 3253 3319 dabit
3285 3262 3681 3319 emolumentum

2221 3358 2393 3423 Cepia
2425 3355 2640 3412 dicendi
2672 3371 2856 3410 rerum
2878 3355 3095 3427 jactura
3129 3366 3371 3411 tuarum.

2223 3448 2385 3519 Regis
2405 3449 2573 3503 habes
2594 3448 2857 3515 animum,
2884 3463 2984 3504 nec
3003 3448 3072 3505 ab
3095 3448 3346 3503 hostibus
3374 3456 3435 3503 ut
3457 3443 3670 3502 violetis.

2223 3539 2495 3595 Memento
2520 3539 2750 3610 pateris,
2784 3537 2882 3594 tibi
2900 3538 3015 3609 jus,
3045 3540 3415 3608 quodcunque
3442 3535 3608 3598 licere,

2223 3632 2281 3688 ln
2314 3640 2363 3687 te
2391 3631 2571 3698 nobis,
2602 3632 2705 3688 hoc
2739 3647 2895 3688 amor
2922 3631 3105 3699 allicit,
3136 3633 3237 3688 hoc
3262 3640 3500 3701 optatur,

2224 3725 2316 3779 Ille
2350 3726 2426 3779 tui
2453 3724 2674 3779 nimius.
2707 3724 2846 3792 Quid
2871 3725 3017 3781 enim
3050 3722 3298 3779 mirabile
3328 3723 3485 3778 ducis

2227 3818 2400 3874 Edere
2435 3832 2600 3888 prava
2640 3818 2842 3884 malos;
2875 3815 3080 3873 inferre
3103 3817 3338 3888 maligna
3373 3810 3648 3886 malignos?

2226 3910 2395 3965 Estne
2429 3911 2549 3964 navi
2573 3911 2890 3982 quidquam,
2916 3911 2960 3966 si
2985 3911 3213 3966 callidus
3245 3910 3551 3971 insidiatur,

2229 4001 2412 4057 llostis
2448 4003 2820 4073 prosequitur,
2843 4011 2999 4058 nocet
3033 4001 3415 4057 adversarius?
3441 4016 3505 4055 an
3533 4010 3626 4053 non

2230 4096 2397 4152 Filius
2424 4095 2668 4159 oﬂ‘entlit,
2699 4113 2892 4152 servus
2917 4095 3203 4167 delinquit,
3230 4097 3443 4150 amicus

2231 4187 2488 4242 Labitur?
2515 4187 2750 4241 humana
2778 4203 2999 4257 pravos,
3028 4196 3085 4242 et
3106 4186 3430 4257 perfidiosus

2230 4279 2361 4334 Fert
2388 4287 2586 4334 natura
2620 4296 2634 4334 :
2667 4279 2797 4335 licet
2823 4289 3055 4345 metuas,
3090 4280 3318 4351 patiaris
3338 4288 3564 4349 oportet,

2231 4370 2382 4437 Quod
2409 4370 2603 4426 metuis
2630 4385 2895 4442 pugnare,
2918 4371 3012 4426 tibi
3037 4386 3277 4441 pugnare
3305 4384 3521 4425 necesse
3545 4374 3631 4421 cst.

2152 4471 2202 4531 ι)
2233 4461 2438 4516 Felices
2470 4461 2583 4516 luuc
2616 4476 2793 4533 pugna
2826 4462 2981 4527 citat,
3012 4462 3353 4530 miserosque
3383 4470 3634 4532 pcrurget.

2228 4554 2554 4624 Aggreditur
2595 4568 2767 4623 reges,
2800 4562 2855 4607 et
2887 4554 3078 4626 vulgus
3104 4546 3263 4609 inane
3291 4553 3522 4611 lacessit.

2231 4643 2527 4713 Exceptum
2561 4644 2763 4699 nullum
2786 4643 3009 4715 patitur,
3026 4647 3272 4701 “victoria
3298 4648 3445 4702 litem

2232 4733 2384 4789 llanc
2413 4735 2649 4801 dirimet,
2680 4736 2891 4790 sedabit
2916 4746 2967 4790 et
3000 4737 3147 4793 hunc
3169 4753 3425 4808 suprema
3446 4738 3666 4792 furorem.

2231 4824 2308 4879 Ne
2336 4825 2549 4891 timeas,
2576 4841 2645 4881 ne
2667 4826 2946 4888 formides.
2977 4843 3045 4882 ne
3068 4827 3227 4893 forte,
3255 4830 3399 4899 quod
3426 4828 3579 4883 absit!

2231 4916 2514 4986 Despcres.
2540 4918 2763 4987 poteris,
2796 4919 3001 4988 poteris
3025 4934 3284 4990 reparare
3312 4921 3530 4976 salutem

2234 5008 2388 5048 genus:
2425 5011 2728 5048 νιοιίείηηιιη
2783 5011 2899 5048 nim
2925 5013 3128 5048 miceiln
3150 5017 3401 5048 nnanna
3425 5015 3626 5048 oni-ollae
