3936 5402
163 273 297 337 1255

1597 273 1926 332 CARMINA.

3283 283 3302 336 l
3315 282 3420 340 234

169 392 301 462 Quid
329 389 566 460 colaphi,
621 398 801 460 sputa,
832 389 1024 462 spinze,
1053 391 1183 461 quid
1233 391 1467 455 arundo,
1506 389 1738 460 ﬂagella,
1768 395 1814 449 Α
1851 391 2091 459 Detegit,
2121 390 2377 454 occurrit,
2417 406 2537 447 mox
2565 402 2825 463 apparent
2855 393 3032 448 alieno

165 483 297 551 Quid
320 496 474 545 crux,
503 480 632 549 quid
663 482 824 545 clavi,
851 481 978 550 quid
1003 490 1241 545 acetum,
1269 479 1477 552 fougia,
1509 488 1562 535 et
1587 480 1681 543 fel,

166 573 390 636 Lancea,
419 586 585 635 mors,
604 571 858 637 tumulus,
883 572 1175 626 descensus
1201 571 1267 624 ad
1298 571 1427 636 ima,
1455 570 1537 624 vel
1566 570 1742 640 ipsum

163 661 446 719 Profuerat
475 662 702 716 redimi?
733 664 1119 734 dum‘spectas
1148 663 1272 725 ista,
1302 662 1495 718 timere
1523 660 1664 716 noli:

167 758 334 812 Tanta
365 757 456 811 tibi
485 757 646 828 longe
677 758 1016 828 providimus
1041 773 1215 811 arma.
1254 783 1277 810 ω
1322 793 1337 809 .
1379 796 1394 810 .
1439 792 1457 810 .

167 850 286 904 llarc
311 850 397 903 ubi
427 850 686 915 confidas,
714 851 827 904 lucc
857 851 1026 904 hostis
1054 852 1202 921 signa
1231 859 1467 914 veretur,

168 940 288 994 lltec
320 940 493 1004 timet,
526 942 639 996 haec
667 941 882 1012 refugit,
920 943 1064 997 vires
1096 943 1181 997 his
1203 942 1437 1009 denique
1464 941 1635 997 sensit

165 1032 387 1088 Fractas
412 1047 531 1089 esse
554 1049 702 1099 suas,
731 1036 948 1089 enervis
981 1037 1088 1099 hic,
1122 1035 1499 1104 invalidusque

166 1127 282 1189 Est,
316 1126 407 1180 scd
437 1126 506 1180 ob
538 1127 850 1180 innumeros
882 1142 1110 1182 nervoso
1142 1126 1344 1195 poplite
1367 1141 1530 1193 casus

162 1218 318 1273 .Disca
336 1215 595 1288 frequens
619 1217 736 1288 ejus
763 1219 958 1274 callum
994 1219 1238 1274 durabile
1261 1207 1436 1273 duxit.

167 1312 383 1381 Ctinque
406 1313 609 1366 cadens
630 1311 817 1378 alitur,
851 1313 1054 1381 nequit,
1085 1321 1140 1365 et
1165 1311 1231 1366 de
1261 1327 1456 1366 cruore
1499 1309 1739 1373 laborat,

167 1406 344 1476 Deque
373 1423 512 1477 genu
539 1419 763 1477 pugnat,
789 1409 992 1461 nullum
1015 1409 1158 1478 quod
1190 1408 1502 1463 debilitatus

168 1498 360 1552 Eierat
391 1509 478 1553 est
500 1500 684 1552 rohur.
717 1499 878 1554 Levis
909 1500 1042 1564 haec,
1069 1501 1160 1553 sed
1185 1501 1367 1555 sedula
1397 1501 1462 1554 lis
1496 1510 1597 1566 cst,

165 1589 229 1642 At
250 1588 312 1642 lis
341 1588 711 1643 membrorum
742 1589 868 1645 licet
896 1591 996 1644 hac.
1021 1591 1086 1645 de
1114 1591 1203 1644 lite
1239 1591 1309 1645 sit
1337 1601 1482 1656 orta,

165 1677 227 1731 Et
253 1677 374 1731 licet
407 1679 476 1732 ad
502 1678 662 1732 finem
691 1679 756 1734 lis
782 1689 1010 1750 utraque
1043 1683 1222 1736 tendat
1255 1682 1528 1752 iniquum;

168 1766 384 1822 Scilicet
413 1780 475 1823 ut
500 1779 709 1824 mentes
731 1770 998 1826 humanas
1031 1771 1278 1841 dissipet,
1319 1773 1503 1826 instat.

166 1857 364 1912 Divina:
396 1860 594 1913 mentis
627 1861 764 1915 ratio
793 1870 970 1916 tamen
1000 1878 1104 1916 una
1133 1863 1343 1918 duabus

167 1946 456 2006 Vinceudis
482 1967 588 2006 non
613 1962 715 2016 est,
747 1953 906 2006 aliam
937 1954 1195 2022 patientia
1224 1953 1449 2024 frangit,

168 2042 254 2100 Vis
283 2044 468 2110 aliam,
495 2046 713 2115 dignam
745 2046 830 2100 illa
852 2048 1001 2101 dabit
1029 2056 1148 2116 post
1170 2048 1350 2117 prtelia
1381 2047 1613 2117 palmam
1640 2065 1654 2114 ;

169 2133 287 2189 lltnc
305 2137 426 2190 caeli
464 2152 710 2207 regnum.
743 2137 992 2192 Gaudent
1016 2137 1098 2192 lim
1132 2137 1270 2191 bella
1302 2153 1548 2208 superna:

169 2227 422 2291 Virtutes,
461 2229 696 2298 gaudent
721 2238 890 2292 vates,
935 2229 1168 2298 gaudent
1197 2230 1551 2298 patriarchaa,

165 2316 264 2373 Ista
287 2328 512 2373 senatus
539 2319 865 2388 apostolicus
898 2319 1133 2382 laetazur,
1168 2329 1222 2372 et
1253 2320 1366 2373 haec
1392 2329 1518 2373 sunt

168 2409 342 2464 Dulcis
373 2411 728 2482 martyribus,
752 2411 887 2464 tales
912 2421 965 2466 et
990 2411 1112 2465 laeta
1138 2411 1442 2480 triumphos

169 2501 383 2573 Spectat
408 2504 722 2573 virginitas,
752 2504 1030 2558 exsultant
1057 2503 1294 2558 rebusin
1320 2505 1438 2559 istis

169 2593 370 2649 Felices
394 2594 615 2658 animae,
641 2596 770 2649 mihi
795 2604 920 2649 sunt
943 2596 1058 2651 haec
1083 2605 1234 2665 grata
1263 2612 1486 2660 corona,

170 2687 308 2754 Quas
333 2703 436 2759 ego
473 2705 585 2758 pra:
609 2691 818 2744 meritis
845 2691 1136 2746 victoribus
1157 2691 1271 2760 ipse
1296 2692 1549 2761 rependo,

169 2779 501 2834 Conﬁrment
527 2782 764 2836 animum
791 2785 1105 2837 constanter
1133 2783 1200 2836 ad
1241 2798 1401 2838 omne
1447 2783 1748 2840 ferendum.

113 2879 122 2884 '
172 2871 250 2926 Me
280 2889 452 2944 genus
481 2873 776 2928 humanum
803 2875 1037 2944 patrium
1063 2883 1355 2944 cognoscat
1385 2874 1607 2940 habere,

168 2963 342 3034 Atque
399 2980 655 3022 severum
696 2967 935 3021 animum
954 3006 978 3032 ,ν
1029 2966 1116 3022 cui
1164 2966 1464 3036 complacet
1513 2967 1592 3020 ire
1642 2965 1752 3022 fre-

1846 479 1974 546 Quae
2008 480 2206 535 fuerint
2241 483 2428 536 sordes
2459 493 2586 538 tunc
2609 487 2708 539 sub
2733 485 3022 555 Splendore
3051 485 3298 542 latentes.

1847 574 1922 625 llo
1946 573 2082 627 bona
2110 582 2259 628 certa
2283 576 2462 640 bonis,
2495 591 2603 646 quo
2642 575 2762 647 plus
2802 579 3108 633 versaveris
3132 579 3244 633 illa.

1849 663 2116 733 Undique,
2143 675 2200 721 et
2231 667 2281 721 in
2313 669 2524 737 species
2562 671 2786 726 meliora
2820 671 3122 726 forinsecus
3147 671 3220 726 illi

1847 751 1960 805 Non
1989 753 2214 823 fulgent,
2247 757 2516 812 introrsus
2539 759 2682 813 enim
2711 760 2853 814 bona
2885 777 3101 830 semper
3123 776 3312 816 eorum

1847 837 1986 890 Sunt
2006 839 2258 906 obversa,
2289 841 2443 896 bonis
2469 859 2574 897 non
2606 847 2981 915 prosperitatis
3003 862 3184 915 egere,

1845 927 2190 999 Prosperitas
2219 941 2300 986 est
2323 933 2398 986 nil
2419 936 2576 989 modo
2607 937 2856 992 deridere
2885 948 3155 1008 potentes,

1845 1019 2021 1088 Atque
2048 1021 2276 1089 probare
2302 1035 2452 1093 potes
2486 1028 2734 1092 miseros,
2758 1046 2986 1103 quorum
3024 1031 3204 1103 gravis
3229 1045 3306 1085 Ira

1846 1110 2063 1166 Pusilhs
2084 1114 2269 1170 animo
2296 1124 2533 1173 terrores
2565 1121 2842 1176 insidiosis

1845 1205 2083 1260 lutentat
2106 1208 2302 1264 studiis
2339 1209 2552 1266 lethalis
2579 1213 2680 1267 tela
2714 1217 3005 1284 pharetrae,

1845 1296 2216 1368 Nequitizeque
2246 1316 2461 1365 manus,
2494 1305 2642 1358 necis
2669 1321 2848 1373 arcus,
2875 1307 3168 1377 impietatis

1843 1389 2029 1452 Arma,
2067 1392 2192 1446 mali
2218 1392 2387 1448 facies
2418 1404 2540 1449 sunt
2566 1399 2810 1453 materia:
2835 1403 3131 1458 cruciatus.

1845 1483 1990 1550 Quos
2019 1485 2163 1540 ltedit
2190 1489 2557 1556 odissejuvat,
2585 1492 2895 1564 faciuntque
2921 1509 3176 1556 nocentes

1847 1574 1992 1642 Quos
2028 1592 2262 1634 nocuere
2303 1581 2494 1636 timent
2520 1593 2574 1637 et
2603 1599 2661 1639 se
2690 1586 2884 1655 quibus
2903 1603 3024 1643 esse
3055 1592 3230 1651 tintort

1849 1668 2070 1719 Summa
2102 1677 2314 1738 putent,
2350 1671 2606 1728 hifelices
2637 1675 2848 1744 quoties
2868 1675 3092 1745 jacuere

1774 1735 1819 1792 Β
1846 1753 2060 1809 Illorum
2103 1735 2226 1813 ante
2257 1761 2439 1829 pedes,
2469 1779 2604 1831 quos
2637 1735 2779 1819 fastu
2811 1735 2953 1836 srepe
2977 1772 3210 1839 superbo

1847 1847 1887 1898 Α
1930 1847 2154 1914 pedibus
2179 1851 2432 1919 pepulere
2465 1854 2600 1918 suis,
2634 1847 2857 1924 quoties.
2883 1868 2935 1912 et
2966 1850 3018 1912 in
3049 1861 3184 1916 istos

1849 1936 2056 1992 Felices
2093 1940 2212 1994 aliis
2234 1943 2432 2012 quibus
2458 1945 2702 2001 invidere
2741 1959 2931 2017 parata

1849 2025 2012 2080 Poena
2055 2032 2400 2100 redundavit,
2426 2038 2640 2104 quoties
2677 2040 2766 2108 qui
2793 2056 2934 2110 swpe
2963 2045 3200 2113 negavit,

1850 2117 1966 2186 Ipse
1994 2123 2128 2189 petit
2157 2125 2393 2180 veniam.
2419 2128 2567 2182 Felix
2594 2141 2676 2185 est
2695 2131 2819 2200 jure
2845 2137 3120 2204 putandus

1851 2209 2154 2270 Invidiosus
2176 2234 2335 2281 quem
2379 2229 2589 2288 torquet
2615 2222 2854 2292 felicior;
2890 2237 3030 2283 esto.

1853 2301 1973 2357 Sint
2000 2305 2216 2372 felices;
2248 2311 2335 2365 die
2363 2311 2449 2366 ubi
2473 2323 2598 2368 sunt
2629 2331 2766 2383 quos
2802 2321 3017 2375 noveris
3047 2327 3154 2376 a.ta

1854 2391 1993 2450 Sede
2027 2399 2421 2469 triumphantes
2453 2407 2664 2474 populis
2691 2407 2962 2478 darejura
2990 2413 3264 2470 subactis?

1853 2483 1968 2580 (_)lla
1994 2489 2143 2546 fuere
2173 2493 2320 2558 vitri,
2355 2497 2630 2553 confracta
2662 2510 2764 2563 est,
2792 2505 2998 2571 grando
3029 2505 3230 2575 liquata
3259 2515 3360 2580 est,

1853 2577 2146 2636 Flumineaa
2167 2584 2321 2638 bulla:
2347 2595 2515 2655 rupta:
2542 2600 2684 2654 sunt,
2721 2594 2909 2647 umbra
2935 2597 3184 2661 recessit,

1853 2668 2056 2727 Fumus
2078 2678 2360 2743 prteteriit,
2397 2679 2564 2735 nubes
2595 2683 2878 2752 disparuit.
2915 2685 3040 2741 Haec
3067 2698 3214 2752 sunt,

1855 2761 1984 2828 Qua:
2017 2769 2234 2832 metuis.
2261 2769 2374 2826 haec
2410 2785 2569 2837 sunt;
2596 2792 2700 2830 non
2744 2780 2824 2832 vis
2843 2795 3108 2850 pugnare,
3147 2785 3355 2840 recede.

1854 2855 1925 2910 At
1965 2859 2182 2927 regione
2211 2861 2368 2917 times
2391 2863 2564 2919 aliena
2597 2868 2778 2923 vivere
2807 2887 3052 2941 pauper:

1858 2945 1923 3000 Et
1957 2949 2077 3017 quis
2104 2959 2208 3004 tam
2237 2967 2442 3022 pauper
2467 2958 2613 3020 vivit,
2641 2975 2801 3027 quam
2830 2964 3112 3018 nascitur?
3145 2965 3240 3020 llis
3265 2974 3316 3019 te

1427 3050 1679 3123 [quemm-
1775 3079 1822 3138 ε
1860 3038 2017 3138 Eripe
2046 3041 2276 3105 deliciis,
2309 3052 2359 3097 te
2395 3046 2577 3111 rebus,
2611 3057 2666 3103 et
2692 3051 2841 3120 eripe
2866 3055 3068 3115 mundi,

171 3142 248 3197 Ad
279 3144 458 3198 studia
488 3143 716 3215 prolem,
749 3144 960 3200 feriatis
988 3131 1132 3199 nulla
1158 3143 1348 3198 diebus

169 3233 288 3290 Otia
315 3237 568 3302 concedi,
600 3239 856 3291 sudorem
880 3237 1077 3304 saepius
1101 3235 1205 3289 illis

171 3319 386 3389 Exeuti,
430 3331 486 3376 et
526 3323 798 3376 interdum
835 3320 1104 3390 lacrymas
1131 3361 1145 3387 ,
1187 3335 1286 3375 nec
1324 3330 1506 3374 servat
1537 3320 1590 3374 in
1633 3336 1751 3374 um-

864 3459 866 3461 ,
1539 3413 1682 3486 [bra,

173 3505 279 3561 Nec
322 3504 470 3560 fovet
503 3503 556 3558 in
581 3504 813 3575 gremio,
847 3504 1078 3568 tristari,
1112 3503 1358 3574 ﬁerique,
1391 3504 1632 3573 patique.

172 3598 410 3653 Grandia
435 3599 757 3668 perpetitur,
791 3611 888 3666 per
925 3598 1082 3650 tmdta
1108 3597 1324 3667 pinguia
1358 3597 1634 3667 languent.

175 3689 429 3756 Quolibet
458 3689 574 3742 haec
609 3675 756 3742 motu
782 3685 984 3740 fuerint
1007 3685 1210 3755 agitata
1238 3686 1440 3740 laboris

175 3779 630 3834 Deficiuntonere
660 3793 904 3847 proprio,
938 3775 1142 3829 nullum
1178 3775 1318 3830 feret
1344 3777 1512 3830 ictum

173 3869 519 3941 Prosperitas
543 3869 728 3924 illaesa.
759 3867 891 3934 Quis
919 3877 976 3922 et
1003 3883 1109 3920 non
1146 3868 1257 3920 otia
1286 3882 1501 3936 pmnam

175 3961 445 4016 Strenuus
474 3959 742 4015 aestimat?
768 3961 1017 4029 ingentes
1042 3959 1342 4013 industrius
1365 3959 1545 4013 omnis

177 4051 284 4106 Res
308 4052 474 4122 gerit,
506 4061 566 4105 ut
590 4050 781 4105 faciles
812 4049 916 4103 nisi
946 4063 1068 4103 cum
1096 4047 1300 4116 majore
1329 4055 1547 4102 recusat

180 4141 271 4197 Vel
309 4155 449 4212 pace
478 4140 763 4211 componi;
796 4155 920 4194 nam
951 4139 1173 4194 vincere
1201 4137 1360 4207 digna
1395 4143 1646 4206 paratum

174 4231 334 4288 Vinci
363 4232 608 4288 necJaus
630 4240 734 4296 est,
765 4245 865 4286 nec
895 4229 1091 4298 gloria.
1123 4227 1301 4283 Fortis
1329 4227 1510 4303 abillo

172 4324 310 4380 Cum
335 4340 445 4395 quo
477 4323 710 4379 luctatur
735 4337 964 4376 securus
991 4319 1165 4390 poscit
1189 4320 1243 4372 in
1279 4320 1452 4388 ipsum

175 4416 399 4472 Viribus
426 4416 555 4470 eniti
590 4415 739 4480 totis,
779 4422 835 4468 at
863 4413 981 4468 lzeta
1007 4411 1176 4476 feriri,

175 4504 345 4569 Cmdi,
386 4501 596 4566 vexari,
629 4499 851 4568 patitur,
882 4499 988 4554 nisi
1015 4513 1113 4568 par
1139 4497 1426 4568 reperitur.

177 4593 436 4647 Pluribus
462 4591 738 4661 obiicitur,
773 4599 884 4643 tum
918 4589 1046 4658 quid
1078 4588 1336 4657 patientia
1372 4587 1561 4656 possit,

177 4683 387 4739 Pollent
415 4692 470 4736 et
495 4692 782 4753 quantum,
817 4680 1087 4735 clarescit.
1120 4678 1211 4732 Sic
1250 4677 1556 4732 faciendum

180 4776 311 4830 Esse
335 4775 498 4831 b0nis
526 4772 799 4844 perpende
828 4771 982 4825 viris.
1011 4769 1094 4823 An
1121 4768 1261 4824 forte
1299 4770 1523 4831 vereris,

180 4876 328 4940 Quos
354 4870 450 4926 tibi
480 4872 802 4940 conspicuos
830 4869 922 4922 dat
954 4867 1132 4935 imago
1163 4863 1276 4918 sola
1317 4865 1604 4928 honorum,

181 4966 425 5032 Quorum
466 4974 586 5019 sunt
616 4963 783 5017 animi
815 4959 978 5014 veluti
1013 4975 1109 5030 per
1140 4957 1351 5012 soumia
1383 4955 1561 5025 longa,

181 5057 446 5126 Vanaque
480 5056 672 5122 delusi,
707 5071 844 5126 quos
867 5053 1032 5108 ebore
1060 5050 1298 5106 mundus
1333 5057 1388 5102 et
1421 5063 1553 5102 auro

181 5148 432 5221 Compsit
459 5159 515 5203 et
535 5158 782 5218 argento.
813 5145 892 5200 Tu
933 5161 1032 5216 pro
1058 5142 1309 5200 felicibus
1346 5141 1465 5195 illos

192 5239 401 5272 Αοηῖηἶο
457 5249 503 5272 nl
537 5240 579 5272 οἶ
608 5256 710 5272 nun
738 5238 932 5272 Ιηιησιηι
963 5233 1314 5272 οηηηιὶιιὶιὶονη
1363 5246 1465 5272 nnn
1491 5247 1596 5272 (lno

1855 3126 1985 3192 Qua:
2015 3139 2216 3196 quanto
2239 3131 2412 3202 fugies
2447 3143 2595 3190 tanto
2623 3138 2750 3192 mihi
2779 3152 3000 3209 prop:er
3027 3144 3290 3201 adha‘res.

1855 3219 2072 3274 Christe
2105 3222 2266 3287 Deus,
2298 3223 2421 3278 vita:
2447 3242 2584 3282 verae
2609 3226 2903 3285 fabricator
2923 3241 2976 3286 et
3004 3233 3189 3300 almre;

1927 3311 2141 3366 Christe
2167 3313 2327 3380 Deus,
2352 3317 2560 3384 pulchri
2587 3322 2836 3376 conditor
2858 3332 3017 3392 atque
3048 3327 3169 3382 boni
3197 3344 3212 3392 ;

1856 3401 2070 3458 Christe
2103 3407 2263 3470 Deus,
2299 3423 2396 3477 per
2422 3425 2583 3478 quem
2622 3416 2764 3482 quod
2814 3431 2918 3470 non
2956 3427 3039 3472 est
3075 3420 3296 3475 reditad
3320 3437 3441 3478 esse

1926 3494 2102 3564 Atque
2127 3498 2268 3565 quod
2292 3507 2373 3552 est
2403 3498 2604 3555 factum
2632 3505 2880 3558 creditur
2909 3522 2975 3560 ex
3005 3509 3196 3565 nihilo.

1856 3582 2090 3651 Christe,
2119 3588 2318 3643 malum
2347 3592 2437 3659 qui
2473 3609 2577 3647 non
2607 3594 2772 3648 ullum
2802 3596 2954 3662 facis,
2987 3610 3043 3654 et
3065 3601 3202 3658 facis
3227 3618 3370 3672 esse,

1930 3677 2167 3734 Pessima
2192 3698 2258 3736 ne
2292 3683 2443 3747 fiant,
2484 3699 2536 3740 et
2567 3687 2705 3742 bona
2731 3692 3070 3757 perveniant.

1860 3766 2076 3824 Christe
2106 3773 2304 3826 malum
2333 3775 2583 3837 nihilum.
2610 3780 2699 3847 qui
2730 3781 3168 3851 confugientibus
3194 3786 3260 3840 ad
3288 3795 3364 3852 te,

1931 3861 2033 3927 Qui
2059 3879 2182 3918 vere
2214 3864 2387 3921 bonus
2411 3882 2469 3921 es
2498 3884 2562 3920 ex
2595 3871 2803 3924 ratione
2835 3873 3056 3941 probas.

1861 3951 2074 4008 Christe
2108 3955 2270 4017 Deus,
2299 3973 2395 4027 per
2430 3973 2590 4027 quem
2619 3969 2744 4014 sunt
2774 3971 2828 4013 et
2858 3979 2980 4016 cum
3025 3973 3179 4034 parte
3218 3966 3446 4025 sinistra

1933 4044 2122 4100 Omnia
2151 4049 2410 4116 perfecta,
2448 4052 2899 4121 conditapulchra
2928 4054 3088 4110 bona.
3303 4112 3308 4116 ,

1864 4133 2079 4192 Christe
2128 4139 2286 4204 Deus,
2325 4158 2485 4211 quem
2513 4145 2758 4214 quisquis
2800 4163 2984 4203 amare
3029 4157 3227 4218 potest,
3267 4162 3437 4221 amat,

3224 4243 3379 4316 [illud

1945 4314 2070 4368 Sive
2092 4315 2162 4370 sit
2187 4316 2463 4387 ignorans,
2497 4320 2612 4376 sive
2636 4324 2814 4379 sciens
2844 4326 2987 4396 quod
3014 4334 3182 4384 atnat.

1791 4413 1844 4474 ι)
1870 4403 2104 4473 Christe,
2130 4417 2287 4476 pater
2308 4409 2570 4476 clemens,
2599 4415 2684 4468 cui
2724 4429 2909 4470 verum
2941 4431 3045 4472 non
3073 4419 3176 4476 nisi
3226 4420 3453 4476 munies

1940 4496 2173 4553 Nascere
2195 4500 2518 4570 perfectum,
2542 4513 2594 4559 et
2617 4508 2854 4576 reperire
2877 4508 3073 4578 placet.

1869 4586 2108 4654 Christe,
2133 4600 2283 4645 sator
2305 4595 2440 4658 veri,
2472 4609 2569 4662 per
2593 4611 2753 4665 quem
2783 4609 2910 4653 sunt
2949 4600 3130 4653 omnia
3161 4616 3313 4667 vera,

1940 4681 2008 4735 Et
2037 4698 2133 4751 per
2156 4696 2314 4750 quem
2338 4686 2553 4754 sapiunt
2575 4688 2757 4740 omnia
2782 4702 2901 4756 quae
2932 4690 3170 4758 sapiunt.

1871 4773 2106 4831 Christe.
2131 4782 2283 4839 pater
2312 4775 2572 4838 clemens,
2605 4777 2952 4847 perfectaque
2984 4795 3306 4850 summaque
3326 4784 3455 4836 vita.

1943 4862 2060 4928 Quo
2083 4861 2217 4914 vivit
2253 4877 2467 4920 summo
2507 4866 2688 4922 vivere
2720 4869 2985 4939 quidquid
3008 4870 3191 4936 habet,

1871 4952 2089 5008 Christe
2112 4949 2278 5016 Deus,
2302 4954 2458 5024 cujus
2489 4955 2652 5010 totius
2677 4956 2930 5014 machina
2957 4959 3141 5014 mundi

1942 5044 2039 5100 Est
2067 5056 2318 5110 regnum,
2344 5047 2434 5114 qui
2466 5060 2575 5099 non
2607 5062 2802 5101 sensus
2823 5050 2979 5106 obire
3002 5057 3205 5118 potest.

1876 5137 2098 5196 Christe
2127 5132 2293 5196 Deus,
2320 5138 2476 5210 cujus
2496 5139 2562 5191 de
2583 5153 2754 5208 regno
2781 5143 2938 5196 venit
2964 5144 3016 5195 in
3048 5141 3155 5194 ista

1946 5231 2053 5272 [ρῐ
2089 5223 2232 5272 enim
2260 5239 2446 5272 ream:
2507 5228 2833 5272 inslilimnnn
2867 5234 3046 5272 \‘irvnr-
