3936 5402
541 286 678 344 ηδὸ
1615 276 1914 334 ΑιριιΑδξι
1951 277 2410 332 ΒᾹΜΞΒΝΙΤΑΝΙ
2446 276 2764 332 ΜΠΣΙΙΙΕΡ.
3637 277 3737 336 1‘56

617 404 788 468 Quem
822 398 922 454 nisi
955 395 1308 467 praemonitus
1340 407 1584 464 qumrere
1616 405 1777 447 nemo
1809 390 1968 444 valet.

541 493 778 556 Christe,
804 499 957 561 pater
987 489 1246 552 clemens,
1272 501 1432 556 quem
1468 502 1574 539 non
1615 484 1718 538 nisi
1742 483 2080 553 purificatus,

613 583 731 639 Non
767 582 870 637 nisi
904 581 1198 636 mundatus
1221 580 1448 641 invenit,
1475 579 1666 632 invoco
1699 587 1769 631 te.

534 675 773 740 Christe,
791 682 949 743 pater
975 671 1319 736 clemens,ad
1353 685 1511 740 quem
1535 668 1890 732 contendere,
1925 680 2126 730 amare,

605 766 673 820 [at
700 779 865 836 quem
891 764 1232 834 conSpicere,
1260 771 1345 816 est
1379 761 1511 815 illud
1541 760 1744 815 habere
1773 759 1916 826 quod
1937 767 2040 810 est.

533 856 776 920 Christe,
801 855 936 911 fides
974 854 1059 910 cui
1091 869 1191 909 nos
1218 867 1345 908 vera
1370 852 1594 916 excitat,
1625 850 1784 919 erigit
1813 859 1868 902 et
1903 863 2047 917 spes,

612 947 798 1018 Jungit
824 962 998 1012 amor,
1028 961 1126 1016 per
1149 960 1311 1016 quem
1351 944 1620 998 vincimus
1641 956 1802 997 omne
1832 940 2052 993 malum.

532 1039 766 1102 Christe,
790 1048 945 1108 pater
969 1038 1229 1101 clemens,
1258 1036 1348 1103 qui
1379 1050 1476 1089 nos
1505 1033 1816 1088 miserando
1842 1030 2055 1087 reducis

606 1130 687 1184 Ad
721 1139 793 1194 te,
826 1129 917 1200 qui
950 1127 1282 1195 verajanua,
1311 1126 1439 1190 vita,
1469 1125 1554 1179 via
1580 1139 1657 1178 es.

530 1223 748 1278 Christe
767 1222 931 1287 Deus,
959 1220 1179 1291 proprio
1204 1219 1296 1289 qui
1339 1233 1437 1272 nos
1466 1216 1710 1288 dignaris
1737 1217 1966 1280 honore,
2031 1253 2034 1256 -

601 1312 810 1382 Quique
854 1311 1166 1366 colueredes
1188 1324 1285 1364 nos
1315 1307 1449 1361 facis
1479 1322 1599 1362 esse
1625 1316 1744 1361 tuos
1782 1322 1795 1371 ;

529 1401 641 1456 Pax
678 1416 821 1469 mea,
853 1401 973 1456 laus
1026 1415 1168 1466 mea,
1193 1415 1317 1470 spes
1343 1412 1486 1463 mea,
1525 1412 1613 1452 res
1663 1412 1804 1459 mea,
1836 1395 1922 1449 lux
1980 1410 2118 1461 mea,

1779 1482 2047 1554 [Christe,

603 1573 880 1639 Glorifico,
910 1587 1144 1628 veneror
1169 1581 1241 1636 te,
1274 1571 1560 1636 benedice,
1585 1570 1724 1625 colo.

530 1667 606 1722 'I‘e
642 1665 816 1723 solum
852 1665 1025 1731 laetor,
1060 1673 1111 1719 te
1138 1664 1315 1718 solum
1348 1663 1577 1733 gaudeo,
1605 1646 1778 1717 solum

602 1757 939 1828 Amplector,
969 1757 1153 1838 cupio,
1179 1755 1362 1826 diligo,
1389 1770 1596 1825 qtucro,
1623 1769 1842 1823 sequor.

530 1850 725 1907 Omnia
745 1851 789 1906 si
814 1849 1008 1904 fierent
1030 1849 1308 1904 rutilantia
1333 1848 1512 1904 sidera
1543 1848 1756 1918 lingme,

602 1943 716 1998 lloc
742 1950 988 1997 eLarena
1021 1941 1210 2006 maris,
1242 1955 1429 1995 semen
1456 1949 1509 1995 et
1537 1954 1698 1997 omne
1731 1938 1854 1995 soli.

528 2039 642 2095 Hoc
669 2037 814 2094 enim
836 2045 1000 2108 guttae
1032 2035 1310 2106 pluviales,
1335 2034 1534 2090 littoris
1565 2035 1721 2088 und-.e
1747 2074 1763 2098 ,

600 2132 915 2198 Cunctaque
943 2141 1062 2198 quae
1091 2126 1267 2182 nullus
1290 2127 1597 2181 dinumerat
1623 2140 1903 2189 numerus,

527 2223 647 2278 Non
679 2221 774 2276 tibi
816 2235 914 2290 pro
937 2219 1148 2274 meritis
1171 2218 1358 2272 laudes
1384 2216 1693 2286 persolvere
1720 2224 1960 2286 possent,

597 2311 950 2366 lmmeritum-
964 2309 1097 2365 tanti
1120 2309 1262 2378 quod
1304 2308 1419 2373 tibi,
1451 2307 1686 2373 Christe,
1711 2305 1864 2361 facis.

526 2405 705 2461 Verba
737 2405 869 2458 mihi
899 2405 1074 2474 pietas
1105 2401 1323 2472 pietatis
1345 2401 1502 2472 plena
1524 2401 1750 2465 dedisti;

594 2497 679 2552 Ad
713 2505 783 2564 te,
820 2511 927 2566 qua
949 2495 1187 2560 veniam,
1215 2503 1341 2549 sunt
1361 2508 1426 2549 ea
1453 2493 1638 2559 verba,
1665 2493 1772 2547 via.

524 2589 660 2644 Dum
685 2597 738 2644 te
767 2603 875 2644 non
900 2595 1110 2657 potero,
1142 2595 1332 2656 potero
1362 2595 1450 2640 tua
1483 2588 1651 2640 verba
1678 2585 1886 2652 videre,

595 2677 901 2754 VerbaDei
931 2677 1165 2732 Verbum
1191 2677 1304 2730 visa
1330 2676 1513 2730 videre
1535 2675 1762 2730 dabunt.

524 2769 702 2826 Verba
728 2785 868 2827 novo
913 2781 1005 2824 tua
1039 2777 1165 2824 sunt
1188 2768 1364 2824 mellis
1392 2767 1610 2822 condita
1637 2781 1857 2838 sapore,

593 2861 765 2928 Quem
791 2860 962 2917 semel
988 2859 1304 2923 imbuerint,
1335 2858 1408 2912 nil
1437 2858 1542 2912 nisi
1572 2858 1728 2912 dulce
1750 2858 1913 2926 sapit.

527 2955 722 3010 Sermo
747 2969 888 3010 novo
915 2962 1036 3008 tnns
1063 2962 1145 3008 est
1169 2951 1419 3021 perfusus
1443 2959 1685 3006 aromate
1711 2951 1856 3016 vitae,

599 3045 724 3100 Vita
751 3045 1109 3102 cadaveribus
1133 3041 1288 3112 cujus
1311 3042 1478 3098 odore
1511 3043 1672 3097 redit.

525 3137 680 3192 Hunc
701 3138 820 3193 sine
843 3145 893 3192 te
921 3136 1100 3191 nullus
1125 3135 1298 3206 potuit
1321 3135 1524 3191 sentire
1547 3125 1798 3204 saporem

596 3225 760 3290 Usus,
779 3232 834 3278 et
860 3224 966 3278 hoc
985 3222 1103 3278 sine
1137 3230 1190 3276 te
1216 3221 1392 3275 nullus
1419 3222 1586 3276 odore
1613 3220 1732 3274 fuit.

524 3314 604 3370 Tu
633 3328 806 3368 novus
830 3327 890 3367 es
921 3312 1122 3375 cordis,
1152 3326 1313 3379 quem
1351 3311 1532 3364 fundis
1553 3311 1605 3364 in
1631 3325 1725 3364 ora
1758 3309 2047 3379 liquorem,

596 3403 788 3474 Tuque
811 3403 958 3472 quod
989 3403 1044 3456 in
1077 3411 1289 3456 mentes
1316 3400 1514 3464 fundis,
1556 3416 1741 3454 aroma
1773 3417 1994 3467 novum,

522 3497 583 3552 in
605 3512 713 3562 me,
742 3496 884 3565 quod
911 3495 1108 3561 fuerat,
1143 3508 1306 3563 sapor
1334 3493 1424 3548 hic
1451 3493 1686 3548 exclusit
1719 3509 1987 3563 amarum,

590 3586 660 3639 Et
681 3585 826 3655 quod
849 3583 1075 3650 fetebat,
1108 3583 1197 3639 hic
1227 3583 1413 3654 procul
1435 3584 1545 3654 egit
1569 3583 1728 3640 odor.

523 3669 668 3741 Ergo
699 3682 786 3726 tua
813 3671 962 3726 vitiis
985 3671 1143 3742 longe
1170 3671 1370 3726 virtute
1400 3671 1651 3741 repulsis,

596 3763 675 3820 Ne
700 3771 966 3833 repetant,
997 3762 1199 3832 templo
1225 3771 1304 3827 tu,
1335 3763 1498 3827 Deus,
1530 3763 1631 3817 hoc
1660 3764 1858 3819 reside.

521 3855 621 3916 Tu.
667 3854 826 3919 Dens,
858 3854 963 3908 hoc
991 3852 1192 3919 reside,
1218 3851 1448 3907 defende
1470 3851 1792 3921 forinsecus,
1818 3854 1964 3910 intus

593 3946 836 4011 Custodi,
862 3946 1055 4001 domus
1086 3947 1199 3999 haec
1230 3953 1288 3998 ut
1317 3946 1410 3999 tibi
1442 3953 1552 4000 tota
1583 3956 1752 4000 vacet.

522 4038 661 4092 Dum
685 4050 866 4090 moror
892 4036 943 4089 in
972 4035 1151 4101 terris,
1181 4034 1414 4090 habilem
1442 4051 1527 4090 me
1556 4035 1642 4091 fac
1665 4038 1756 4092 tibi
1789 4038 1940 4109 regni

595 4129 722 4182 Post
751 4128 1133 4193 habitatorem,
1170 4128 1602 4198 participemque
1628 4131 1725 4184 tui.

524 4223 594 4278 Et
616 4223 871 4292 quoniam
898 4225 1050 4292 prius
1071 4238 1150 4288 es,
1182 4224 1440 4292 quoniant
1469 4225 1688 4293 pietatis
1715 4243 1902 4283 amore

594 4314 842 4385 Protegis
865 4315 1164 4370 humanum
1187 4317 1568 4384 compatiendo
1591 4331 1782 4384 genus,

522 4405 1001 4475 Archiapostolici,
1026 4407 1119 4474 qui
1142 4406 1382 4459 culmine
1406 4406 1574 4475 fulget
1601 4408 1822 4461 honoris

594 4497 826 4565 Protege
851 4496 1198 4566 Gregorium,
1225 4497 1331 4550 scis
1357 4498 1498 4564 quod
1523 4512 1705 4551 amare
1733 4498 1970 4551 Petrum.

527 4591 811 4660 Septimus
839 4591 893 4644 in
922 4603 1150 4643 numero
1178 4588 1502 4658 vigilantum
1535 4604 1758 4645 munera
1783 4601 1987 4660 septem

504 4685 510 4742 ἐ
597 4681 882 4737 Possideat
908 4695 1122 4750 semper
1143 4677 1379 4733 ﬂaminis
1406 4679 1496 4734 illa
1519 4680 1614 4734 tui.

523 4776 660 4832 Cum
692 4774 888 4846 populo
917 4787 1070 4843 reges
1100 4775 1153 4828 in
1180 4787 1312 4843 pace
1337 4771 1516 4828 iaveto
1545 4773 1752 4839 ﬁdeles,

500 4876 505 4902 τ
599 4867 797 4934 Possit,
819 4875 879 4922 ut
902 4866 1161 4922 Ecclesia:
1191 4875 1302 4920 tuta
1326 4881 1545 4922 manere
1568 4868 1742 4936 quies.

526 4960 796 5029 Deprecor
814 4960 1037 5031 Agnetis
1059 4960 1259 5030 regina:
1294 4957 1378 5013 fac
1411 4959 1750 5021 memoreris,

601 5055 730 5122 Quze
758 5067 945 5124 regum
977 5052 1130 5123 Regi,
1159 5066 1346 5121 seque,
1378 5067 1642 5120 suumque
1671 5050 1838 5106 dedit.

529 5147 604 5201 Te
627 5145 882 5201 desiderii
907 5159 1173 5208 memoro,
1203 5141 1365 5196 Pater
1385 5142 1587 5212 optime
1612 5141 1798 5211 patris,

601 5238 681 5290 Tn
705 5237 994 5290 desideriis
1025 5251 1241 5292 setnncr
1267 5235 1456 5289 adesto
1486 5234 1618 5289 suis.

2161 398 2209 454 Α
2310 390 2644 460 Agminajus
2665 396 2911 442 sanctum
2935 401 3096 443 cerne
3126 387 3362 458 professa
3393 399 3548 442 tuum.

2239 479 2366 535 Haec
2396 482 2642 554 hcnedic,
2678 481 2874 550 illoque
2905 493 3061 534 sacro
3083 479 3342 548 perfunde
3365 481 3398 534 li
3421 496 3576 549 prore,

2305 571 2476 638 Quem
2501 572 2700 636 Patris,
2729 582 2890 641 atque
2916 581 3038 626 tuus
3056 571 3291 642 Spiritus
3314 573 3481 626 almus
3510 574 3662 639 habet,

2234 657 2409 713 Cerne
2429 659 2756 720 sacerdotes,
2789 659 2982 712 levitas
3009 673 3194 722 cerne,
3221 659 3490 714 ministros

2307 747 2559 802 Ecclesia:
2584 746 2840 815 reliquos,
2865 747 3055 815 vulgus
3085 757 3138 800 et
3165 762 3323 801 omne
3351 763 3519 802 suum.

2232 837 2433 893 Omnes
2463 837 2815 902 conveniunt,
2839 845 2893 891 et
2923 836 3194 902 noctibus,
3231 845 3392 907 atque
3418 839 3590 892 diebus

2305 926 2483 991 lloris,
2513 926 2799 980 momentis
2822 934 2873 978 te
2901 926 3018 980 sine
3041 926 3147 980 fine
3191 935 3410 981 canunt.

2229 1016 2477 1072 Christus
2493 1033 2590 1087 pro
2608 1017 2876 1080 manibus,
2895 1016 3145 1070 Christus
3161 1033 3257 1087 pro
3288 1017 3500 1079 lumine,
3529 1017 3742 1086 Christu,

2301 1110 2407 1164 Pro
2439 1111 2614 1177 labiis,
2641 1109 2895 1165 Christus
2920 1124 3020 1178 pro
3049 1108 3161 1163 lare
3177 1110 3358 1165 cordis
3380 1111 3581 1164 habent.

2230 1202 2416 1256 Redde
2451 1201 2620 1255 vicem
2648 1201 2883 1264 vicibus,
2914 1201 3167 1254 meritum
3207 1199 3519 1269 meritisque
3540 1203 3742 1272 repende.

2302 1293 2484 1346 Mutua
2513 1292 2734 1361 majoris
2766 1299 2892 1347 sunt
2921 1291 3015 1345 tibi
3046 1291 3222 1346 danda
3255 1291 3435 1346 modo.

2226 1385 2374 1452 Quos
2411 1385 2610 1440 dilecta
2643 1384 2748 1438 tuis
2776 1382 3030 1437 manibus
3063 1382 3309 1451 plantata
3343 1382 3558 1437 decores

2299 1476 2468 1531 Vinea
2495 1477 2766 1547 producit,
2807 1485 2860 1531 tu
2893 1475 3031 1546 lege,
3063 1475 3300 1542 Christe,
3325 1477 3524 1531 botros.

2225 1565 2341 1622 Non
2367 1567 2437 1622 sit
2468 1582 2678 1632 amara,
2711 1582 2916 1621 nocens
2946 1581 3054 1620 non
3081 1575 3268 1621 extera
3294 1565 3423 1620 vitis
3449 1566 3498 1620 in
3530 1565 3624 1632 illa,

2303 1659 2369 1715 Ut
2391 1660 2567 1729 rapiat
2589 1660 2796 1715 fructus
2829 1659 2952 1714 hinc
2982 1658 3157 1713 aliena
3188 1674 3402 1714 manus.

2154 1749 2197 1804 Β
2228 1753 2377 1808 lianc
2399 1753 2582 1818 Pater,
2608 1753 2749 1808 hanc
2774 1752 3040 1806 Dominus
3063 1751 3207 1822 jugis
3236 1751 3481 1807 custodia
3509 1758 3677 1822 servet,

2300 1842 2417 1899 Sint
2440 1852 2494 1899 et
2524 1844 2573 1899 ei
2597 1856 2753 1912 sepes
2785 1858 2933 1912 Spes,
2957 1857 3134 1908 amor,
3167 1851 3332 1912 atque
3364 1841 3514 1897 fides.

2226 1936 2404 2006 Atque
2435 1950 2558 1989 cum
2597 1934 2880 1989 cherubim
2911 1933 3213 1989 munimina
3244 1942 3376 1989 sunt
3403 1933 3636 2004 paradisi,

2301 2028 2549 2100 Undique
2583 2027 2893 2096 rhomphzea
2923 2025 3170 2081 llatnmea
3208 2027 3376 2082 vallet
3401 2041 3484 2082 ea.

2900 2117 3140 2172 XXXIV.

2437 2213 2518 2266 Ad
2548 2212 2817 2283 Gisulfum
2853 2212 3140 2282 principem
3169 2210 3581 2266 Sulcruilanum.

2471 2302 2690 2360 Urbana
2718 2303 2896 2373 potius
2927 2301 3214 2357 nobilitate

2401 2400 2508 2455 Pro
2537 2409 2689 2454 certo
2716 2399 2854 2454 nihil
2881 2407 2963 2454 est
2987 2397 3122 2464 sola,
3157 2397 3301 2468 quod
3334 2407 3490 2452 actus

2399 2493 2632 2548 Munitos
2668 2492 2882 2563 probat,
2908 2501 2962 2546 et
2990 2498 3186 2546 cuncta
3214 2489 3444 2554 refellit,

2396 2585 2526 2652 Qua:
2555 2584 2735 2655 prodit
2773 2583 2985 2648 levitas,
3020 2583 3258 2637 maxime
3282 2583 3548 2652 princeps.

2463 2675 2735 2746 Quidquid
2762 2689 2956 2744 nempe
2980 2674 3133 2745 probi
3159 2673 3406 2744 possidet
3425 2669 3581 2735 orbis,

2396 2765 2509 2821 lloc
2541 2774 2712 2821 totum
2736 2765 2980 2836 probitas
3007 2764 3214 2820 fecerat
3243 2763 3429 2829 Urbis,

2397 2856 2569 2922 Quam
2594 2870 2815 2911 servare
2846 2855 3014 2922 domi,
3055 2853 3377 2924 militiaeque

2397 2947 2650 3002 Decrevit
2686 2947 2869 3002 stabili
2895 2947 3019 3018 jure
3049 2956 3295 3001 senatus.

2467 3039 2547 3093 Tu
2573 3040 2772 3094 virtute
2795 3039 2960 3093 animi
2993 3039 3260 3108 corporis,
3289 3045 3346 3092 et
3386 3035 3434 3090 vi

2401 3131 2678 3199 Augustos
2706 3130 2972 3200 sequeris,
3004 3129 3151 3184 nulla
3174 3128 3404 3184 Catonis

2398 3224 2474 3278 Te
2510 3223 2673 3276 vincit
2704 3223 2959 3293 gravitas.
2990 3221 3144 3277 solus
3167 3219 3391 3276 liabet-is

2396 3314 2472 3368 Ex
2503 3315 2687 3368 mundi
2727 3313 2961 3367 dominis
2992 3313 3096 3368 rite
3124 3319 3429 3381 superstes.

2465 3406 2600 3474 Quis
2612 3404 2726 3474 jam
2757 3404 3051 3460 fromlifera
3083 3415 3324 3474 tempora
3352 3403 3506 3458 lauro

2396 3495 2548 3550 Miles
2575 3503 2628 3549 te
2657 3494 2849 3564 religat
2879 3494 3096 3564 dignius
3129 3507 3386 3562 usquam.
3481 3548 3484 3550 _

2397 3587 2456 3642 Si
2487 3584 2837 3656 Carthaginis
2868 3584 2959 3639 hic
2996 3585 3174 3638 victor
3203 3581 3427 3638 adesset

2397 3675 2598 3732 Consul
2624 3685 2817 3746 sponte
2844 3674 2943 3729 tibi
2971 3674 3197 3730 cederet
3222 3673 3356 3744 ipse.

2501 3765 2748 3836 Tarpeia:
2773 3765 2946 3821 solita:
2961 3779 3191 3820 cernere
3217 3778 3384 3834 rupes

2397 3858 2668 3914 Victrices
2693 3857 2922 3927 aquilas,
2953 3855 3201 3926 protinus
3228 3855 3378 3910 omni

2394 3948 2553 4004 Pulsa
2581 3948 2860 4013 mmslitia,
2885 3945 3116 4001 Caasaris
3144 3952 3265 3999 acta

2395 4038 2645 4094 Gaudent
2671 4037 2899 4107 praeside
2928 4046 2981 4090 te
3011 4050 3169 4106 posse
3193 4033 3399 4090 novari.

2466 4131 2654 4185 Gallos
2683 4145 2916 4198 namque
2937 4129 3102 4184 duces
3122 4127 3259 4184 colla
3285 4126 3477 4198 ligatos

2394 4225 2633 4294 Antiquo
2655 4224 2910 4295 gravibus
2939 4238 3090 4277 more
3122 4220 3352 4285 catenis,

2397 4319 2506 4374 Nec
2537 4315 2925 4385 vidissejnvat,
2955 4317 3008 4370 tti
3039 4315 3257 4370 videant
3283 4327 3424 4368 nunc

2399 4410 2510 4465 llos
2529 4426 2557 4464 a
2585 4418 2637 4464 te
2667 4408 2889 4479 reprimi
2923 4407 3091 4462 Marte
3119 4406 3342 4461 recenti.

2467 4501 2688 4565 Paulos,
2719 4508 2774 4555 et
2804 4499 3023 4564 Fabios,
3059 4497 3464 4566 Lorneliosque,

2395 4597 2696 4659 Gracchos,
2729 4594 3027 4655 Fabricios,
3055 4592 3223 4646 Roma
3246 4589 3514 4650 Lucullos,

2397 4687 2474 4742 Te
2497 4688 2615 4742 viso
2648 4696 2937 4750 memorat,
2972 4685 3162 4754 hisque
3188 4681 3416 4743 decenti,

2394 4781 2566 4849 Quem
2595 4780 2795 4834 virtute
2823 4792 3009 4848 parem
3041 4783 3326 4839 monstrat,
3353 4783 3404 4826 et
3427 4770 3596 4824 armis.

2467 4872 2593 4928 Haec
2617 4885 2876 4926 mucrone
2901 4877 2992 4924 tuo
3012 4869 3260 4936 frangere
3290 4863 3474 4935 Pyrrhi

2399 4964 2518 5018 Jam
2545 4962 2932 5030 festinatopes,
2955 4957 3337 5025 Anuibalisqne

2397 5054 2667 5108 Fortunas
2692 5062 2926 5114 veteres,
2975 5060 3135 5118 atque
3194 5047 3419 5108 furores,

2403 5143 2471 5198 Ut
2503 5143 2738 5212 stringat
2767 5141 2942 5196 solitis
2965 5140 3170 5208 legibus
3194 5137 3394 5191 orbem.

2902 5231 3119 5285 XXXV.
