3936 5402
567 275 703 332 I239
1610 260 1924 327 'ALPIIANI
1966 270 2157 329 SALE'
2193 271 2236 329 PI
2254 271 2430 328 .TANI
2454 270 2769 327 ARCIIIEP.

710 387 816 442 Sed
838 385 1231 458 neutra'specic
1257 385 1475 442 cuilibet
1490 384 1758 457 imparem

882 479 958 534 Te
983 479 1067 535 vel
1098 480 1280 535 dicere
1304 479 1384 535 fas
1416 488 1517 534 est.

703 567 790 625 Tu
809 567 913 625 lux
934 570 1210 637 Ecclesiae,
1239 571 1324 625 cui
1353 570 1514 625 modo
1542 570 1820 642 prmsides.

688 660 783 719 ’Ἰύ
810 663 942 719 cleri
974 664 1137 719 decus
1170 673 1225 719 et
1251 664 1586 735 prmsidium,
1621 674 1723 720 tua:

877 755 1053 811 Plebis
1084 772 1315 826 spesque
1346 756 1626 827 vigorque.

705 851 968 906 A'versum
997 851 1594 922 stmliis,,philosopbus
1619 850 1724 904 tuis

696 940 761 995 «In
796 950 1007 996 tantum
1036 941 1273 1012 reliquos
1302 942 1498 1006 vincis,
1528 950 1585 995 ut
1612 942 1832 1012 optim.s

880 1032 1073 1101 Dispar
1098 1048 1204 1087 non
1236 1033 1310 1087 sis
1338 1032 1588 1086 Athenis.

703 1118 759 1176 In
790 1138 898 1192 quo
928 1123 1142 1177 condita
1171 1131 1295 1176 sunt
1316 1136 1537 1193 organa,
1564 1130 1614 1175 te
1649 1121 1805 1183 duce,

705 1213 834 1281 Qua:
862 1213 983 1285 plus
1010 1214 1277 1269 Threiciis
1306 1215 1499 1269 sistere
1522 1212 1749 1267 mobiles

881 1303 1115 1359 Possunt
1144 1306 1368 1360 vocibus
1396 1320 1603 1384 amnes.

705 1391 921 1458 Grates,
955 1393 1313 1465 Parthenope,
1350 1395 1520 1464 dirige
1551 1393 1754 1461 Galliae,

710 1485 839 1557 Ejus
867 1488 1184 1556 muneribus
1211 1486 1330 1541 lmta
1361 1488 1505 1559 quod
1535 1489 1749 1543 obtines
1810 1544 1817 1547 _

886 1577 1118 1631 Tantum
1146 1578 1363 1647 taleque
1383 1579 1584 1633 lumen.

702 1665 957 1722 Caelestis
988 1668 1179 1738 patriae
1206 1667 1405 1724 Paulus
1430 1683 1746 1725 teconomus

700 1757 776 1814 Te
804 1758 973 1815 salvet
994 1760 1271 1830 precibus,
1300 1762 1468 1833 gloria
1495 1761 1809 1832 przcsulum,

764 1854 769 1860 '
882 1851 954 1905 Et
985 1861 1274 1907 conservet
1301 1852 1352 1906 in
1384 1853 1598 1907 :evum.‘

1214 1943 1478 1999 XXXVII.

805 2037 884 2091 Ad
914 2035 1155 2094 Attonem
1186 2040 1484 2110 episwpum
1516 2037 1815 2093 Teatinum.

734 2128 901 2184 Multa
933 2133 1230 2202 promittis,
1258 2130 1353 2187 tibi
1377 2148 1497 2203 qua:
1527 2147 1723 2187 nocere

732 2222 858 2278 Rite
886 2224 1189 2292 debebunt;
1232 2241 1407 2295 neque
1437 2234 1488 2280 te
1514 2226 1723 2280 solutus

729 2300 988 2388 Protegct
1010 2318 1175 2385 risus,
1196 2334 1295 2375 nec
1325 2318 1500 2375 honor
1521 2318 1734 2391 juvabit

908 2409 1179 2473 Prtesulis,
1208 2412 1361 2466 Atto.

732 2501 902 2558 Sacra
926 2501 1244 2558 mendacem
1271 2517 1539 2557 canonum
1570 2509 1774 2556 statuta

720 2589 1024 2649 Prtesnlem
1050 2594 1331 2657 damnant,
1358 2602 1501 2648 vetat
1528 2602 1690 2662 atque
1724 2592 1915 2665 vulgus

723 2683 893 2756 chis
920 2678 973 2738 in
1001 2685 1371 2740 contractibus
1403 2684 1754 2754 approbando

849 2838 863 2845 ί
908 2776 1098 2833 Dicere
1126 2778 1444 2848 quidquam.
1558 2846 1561 2853 ι

726 2867 803 2922 De
830 2875 921 2923 tuo
950 2868 1119 2924 lectas
1143 2884 1305 2940 grege
1332 2878 1526 2939 sponte
1549 2885 1747 2925 vaccas

727 2956 834 3012 Sex
865 2958 1024 3023 mihi,
1057 2958 1304 3013 mirabile
1329 2959 1468 3015 forte
1499 2976 1694 3016 munus

726 3046 880 3102 Tunc
911 3048 1211 3102 inauditum
1245 3051 1389 3120 quod
1420 3058 1558 3115 erat,
1582 3050 1784 3106 Casino

906 3142 1088 3205 Teste,
1119 3143 1332 3198 dedisti.

728 3226 972 3300 Di}.on
999 3247 1092 3285 sex
1120 3233 1310 3285 harum
1332 3232 1477 3286 velut
1499 3232 1778 3288 intimatas

721 3320 904 3376 Prima
936 3337 1059 3376 cum
1090 3316 1227 3375 Nino
1256 3320 1544 3392 Babylonis
1572 3323 1711 3376 altos

727 3411 983 3467 Condidit
1013 3426 1220 3478 muros,
1255 3412 1618 3485 cataclysmus
1654 3414 1743 3468 illa

905 3502 1089 3559 Sensit
1122 3503 1175 3558 in
1205 3519 1353 3559 arca.

720 3595 972 3652 Omnium
1003 3596 1415 3667 linguis.avinm
1442 3597 1703 3665 secunda,

722 3690 799 3745 Te
827 3689 968 3761 loqui
1001 3693 1156 3761 plane
1185 3690 1386 3757 docuit,
1414 3677 1627 3745 beatus,

714 3783 781 3838 Si
807 3784 911 3839 tuis
938 3785 1108 3839 scires
1135 3783 1338 3838 mundo
1363 3782 1441 3838 sic
1464 3782 1655 3838 Latina

898 3874 1146 3930 Reddere
1166 3874 1352 3935 verba.
1438 3888 1441 3889 '

720 3964 1164 4033 Artiumseptem
1188 3963 1382 4018 studiis
1404 3971 1458 4019 et
1485 3966 1632 4018 omni

716 4054 862 4110 Pene
889 4057 1134 4111 doctrina
1154 4054 1328 4110 fuerat
1356 4055 1560 4125 perita;

717 4146 900 4218 Teque
930 4147 1189 4202 Timaeum
1222 4147 1373 4202 socio
1396 4145 1637 4202 Platonis
1704 4214 1709 4219 ι

898 4236 1080 4293 Tertia
1109 4238 1349 4309 scripsit.

719 4329 922 4397 Quarta
956 4345 1059 4400 qua
1088 4326 1213 4385 felix'
1245 4332 1512 4387 recrearis
1542 4318 1734 4386 aurum

719 4420 951 4490 Semper
988 4437 1016 4474 a
1042 4421 1216 4476 cauda
1254 4421 1350 4477 tibi
1372 4422 1549 4476 sufllat
1572 4432 1776 4491 aptam,

724 4510 858 4574 Nec,
888 4511 1002 4564 suis
1028 4510 1231 4564 coelum
1266 4511 1368 4565 nisi
1402 4519 1454 4566 te
1475 4510 1669 4566 levarit

897 4600 1185 4672 Cornibus,
1209 4602 1332 4659 ibis.

721 4691 1129 4748 Semivestitum
1161 4692 1346 4765 genuit
1374 4692 1584 4750 cucul’la

718 4787 914 4853 Quinta
944 4802 1229 4842 causarum
1264 4788 1519 4842 comitem
1551 4796 1764 4843 tuarum

662 4935 669 4941 .
716 4882 995 4944 Pontium,
1025 4898 1146 4937 cum
1171 4896 1279 4952 quo
1307 4882 1424 4937 sine
1453 4882 1561 4938 fine
1590 4884 1823 4937 mendax

898 4971 1063 5027 Totus
1088 4971 1327 5027 haberis.

713 5064 979 5120 Febrih'us
1012 5074 1062 5118 te
1092 5050 1243 5118 sexta
1267 5072 1445 5118 tuetur
1470 5062 1623 5117 atris.
1716 5056 1721 5062 ’

713 5155 966 5210 Floribus
992 5153 1130 5208 lanis
1159 5152 1477 5223 speciebus;
1510 5151 1695 5207 herbis

716 5246 813 5303 IIis
847 5256 938 5300 tuo
962 5244 1020 5297 lit
1054 5242 1334 5297 stomacho
1353 5240 1590 5298 salubris

892 5335 1048 5390 Potio
1077 5332 1234 5388 truci.

2185 400 2229 454 Α

2899 380 3182 437 XXXVIII.

2344 472 2349 477 (
2437 479 2516 534 Ad
2549 475 2973 533 Tranamundum
2995 490 3215 546 puerum
3243 473 3599 527 scholasticam

2463 590 2901 645 'l'ransmundum
2933 587 3154 643 metrica
3182 587 3337 642 laude
3360 602 3576 643 sorores

2390 684 2619 757 Dignum
2648 682 2805 738 dulce
2836 681 3004 736 melos
3029 680 3231 749 fingere
3257 680 3461 744 doctze,

2390 774 2464 831 Ut
2495 789 2588 829 vos
2617 788 2748 828 voce
2773 773 2989 841 quidem
3022 770 3183 826 vultis
3213 770 3405 841 acuta,

2390 867 2491 923 Vel
2515 866 2704 921 Phoebi
2732 866 2940 919 cithara
2968 862 3131 917 dicite
3169 860 3335 915 dulci.

2465 959 2561 1014 llic
2582 957 2889 1013 Aristotelis
2917 954 3221 1027 philosophi

2397 1052 2659 1108 Versutas
2688 1052 2927 1114 hereses,
2959 1058 3119 1117 atque
3145 1045 3393 1101 Platonis

2397 1144 2590 1198 Fastus
2615 1142 2836 1211 eloquii,
2866 1156 3050 1204 mense
3080 1154 3174 1208 per
3199 1152 3401 1192 annum

2395 1236 2514 1292 Uno
2540 1251 2676 1304 pene
2706 1234 2932 1288 studens
2964 1240 3081 1285 arte
3113 1229 3338 1294 refutat,

2467 1325 2584 1392 Qua
2610 1341 2713 1378 non
2743 1323 2917 1377 Attica
2944 1322 3033 1375 dat
3061 1320 3278 1373 vincere
3302 1330 3529 1378 norma,

2397 1417 2501 1472 Sed
2532 1417 2718 1471 Zetina
2754 1414 2928 1484 palus,
2965 1413 3126 1467 noxia
3158 1427 3374 1481 semper

2396 1508 2592 1563 Crudis
2613 1506 2905 1570 cardiacis,
2936 1504 3264 1573 uterimsque
3282 1544 3296 1568 ,

2395 1601 2461 1654 Et
2490 1598 2690 1670 Splenis
2718 1597 2849 1651 vitio
2878 1595 3092 1650 vindice
3116 1581 3340 1666 passisf

2468 1690 2689 1745 Deridet
2721 1688 2960 1742 studium
2992 1700 3135 1755 saepe
3161 1686 3429 1746 decenne,

2395 1782 2465 1835 At
2492 1782 2709 1850 quando
2737 1779 2901 1843 libet,
2931 1778 3033 1831 hoc
3066 1785 3250 1830 monte
3271 1775 3501 1837 relicto,

2390 1869 2571 1927 Ltet’us
2603 1872 2856 1931 tenditeo
2883 1879 3124 1940 tempore
3162 1868 3305 1922 veris

2391 1965 2565 2022 Causa
2596 1973 2702 2018 tatu
2730 1963 2891 2018 citius
2918 1961 3087 2015 multa
3117 1960 3344 2015 sciendi.

2462 2056 2659 2110 Fertur
2685 2055 2849 2110 corde
2889 2062 3048 2107 tenus
3080 2052 3157 2106 sic
3199 2051 3460 2105 bomilias

2391 2148 2755 2216 Quadraginta
2780 2146 2962 2217 legens
2990 2145 3154 2211 scire,
3186 2144 3280 2198 sed
3305 2143 3420 2197 illic

2390 2239 2523 2294 Nam
2549 2247 2670 2308 post
2694 2247 2771 2292 tot
2794 2236 3032 2302 reditus,
3070 2235 3313 2289 muneris
3335 2232 3502 2303 hujus

2394 2332 2601 2402 Expers
2632 2344 2855 2400 prorsus
2888 2330 3061 2390 adest,
3092 2337 3279 2397 utpote
3304 2327 3541 2395 pridem.

2454 2419 2655 2474 Versus
2678 2414 2784 2472 tam
2815 2420 2951 2473 bene
2978 2419 3081 2472 Scit
3110 2416 3445 2488 Virgilianos

2392 2515 2613 2568 hiscens
2635 2529 2663 2565 a
2697 2528 2885 2582 puero,
2918 2527 3078 2580 quam
3106 2512 3238 2564 bene
3273 2513 3433 2563 novit

2385 2598 2534 2670 Quos
2561 2606 2699 2658 irata
2734 2603 2902 2657 libros
2929 2605 3049 2673 igne
3109 2602 3315 2673 Sibylla

2384 2696 2716 2760 Combnssit,
2743 2695 2885 2764 quod
2918 2696 3212 2767 cosrennit
3243 2704 3485 2761 emptor.

2453 2786 2616 2841 Tales
2649 2786 3034 2857 grammaticos
3073 2786 3234 2839 mittit
3268 2785 3536 2840 Atcrnns.

2381 2878 2481 2933 Ilic
2511 2878 2710 2933 oblivio
2739 2877 2817 2933 sic
2844 2877 2996 2944 juxta
3029 2876 3206 2947 perosi

2382 2971 2619 3036 Amoris,
2657 2965 3008 3040 philosophos
3047 2970 3251 3039 praebet
3286 2970 3517 3025 iner'es.

2383 3063 2589 3118 Felices
2616 3064 2811 3134 quibus
2836 3065 2949 3117 lucc
2972 3063 3184 3131 cognita
3225 3080 3329 3117 non
3362 3074 3473 3117 est.

2449 3156 2527 3219 Si,
2554 3155 2950 3213 Transmnnde.
2990 3154 3117 3207 mihi
3156 3154 3360 3219 credis,
3392 3156 3592 3218 amice,

2368 3246 2475 3299 llis
2497 3245 2572 3299 uti
2605 3244 2798 3299 studiis
2822 3245 3010 3321 desine
3043 3245 3292 3311 tandem;

2377 3337 2485 3392 Fac
2511 3352 2670 3392 cures
2699 3336 2946 3391 monachi
2977 3338 3117 3391 scire
3147 3335 3484 3405 professum,

2373 3428 2451 3484 -ῦι
2479 3443 2604 3484 vere
2628 3428 2844 3498 sapiens
2865 3444 2985 3483 esse
3006 3429 3243 3507 pulcris.

2878 3572 2879 3575 ‘
2909 3561 3150 3617 XXXIX.

2398 3676 2481 3729 Ad
2511 3674 2845 3730 Gniflelmnm
2875 3678 3209 3739 mouarltttm,
3237 3678 3647 3747 grammaticam.

2416 3767 2569 3836 δειξρο
2594 3774 2646 3820 te
2669 3766 2779 3820 risu
2808 3781 2943 3835 puer
2971 3765 3209 3823 affluenti

2411 3855 2581 3910 Nocte
2608 3866 2731 3924 post
2755 3872 2965 3912 cumam
2989 3858 3229 3921 memini,
3253 3857 3561 3922 Guillelme,

2416 3947 2586 4014 Quam
2616 3949 2775 4002 modo
2806 3949 2994 4004 laudas
3025 3950 3186 4005 tumis
3214 3951 3524 4021 improbare

2589 4042 2722 4097 [lem
2757 4044 3164 4098 monachorum.

2410 4130 2527 4184 Non
2554 4131 2622 4185 sit
2646 4131 2870 4186 effectus
2892 4135 3033 4201 quod
3068 4134 3120 4187 in
3149 4133 3233 4187 his
3264 4132 3513 4187 voluntas

2410 4223 2603 4288 Ullius,
2643 4225 2832 4278 Saltem
2866 4241 3042 4296 neque
3072 4242 3168 4296 pro
3200 4228 3395 4283 tuenda

2409 4317 2549 4388 Lege
2574 4327 2779 4371 natura:
2803 4321 2919 4372 sine
2943 4320 3186 4373 instituta

2596 4410 2738 4464 Voce
2760 4411 2977 4479 prioris.

2408 4501 2570 4558 Veste
2600 4504 2742 4573 quod
2772 4504 2913 4573 pulla
2940 4505 3494 4573 referantvolucrcm,

2406 4597 2502 4648 Cui
2529 4595 2631 4648 frui
2662 4595 2894 4667 lymphis
2923 4598 3080 4652 toties
3110 4607 3339 4668 negatur

2409 4686 2466 4741 lu
2493 4701 2587 4741 sua
2620 4685 2829 4743 lactens
2852 4687 3068 4756 quoties
3096 4676 3335 4743 manebit
3392 4680 3413 4704 ⁸

2579 4775 2786 4831 Arbore
2812 4777 2964 4831 ﬁcus.

2405 4867 2609 4923 Divites
2636 4878 2844 4922 tantum
2872 4868 3067 4923 merito
3093 4869 3285 4925 beatos

2405 4961 2537 5015 Esse
2569 4962 2852 5025 narrabas,
2880 4961 3077 5029 quibus
3106 4962 3196 5017 hic
3221 4963 3287 5016 ad
3317 4977 3468 5018 usum

2400 5052 2602 5109 Factus
2639 5054 2934 5108 htunanum
2960 5056 3082 5111 'siue
3108 5057 3249 5112 mole
3275 5062 3493 5127 prastat

2577 5144 2770 5200 Omnia
2806 5145 3060 5201 mundus.

2398 5234 2517 5305 Ipse
2539 5236 2604 5291 de
2634 5250 2863 5306 quorum
2902 5253 3131 5293 numero
3153 5238 3323 5303 fuisti,
3384 5266 3389 5269 Α

2398 5326 2496 5381 Cui
2528 5336 2605 5381 tot
2637 5330 2853 5383 Aversa:
2884 5330 3076 5385 studiis
3106 5340 3325 5385 acutum

3664 271 3755 324 12:33
