3936 5402
205 346 334 404 1261
1262 356 1268 361 ·
1544 338 1872 399 (ΞΑΒΜΙΝᾹ.
3342 333 3484 393 ηεξ

380 452 476 510 Dic
504 453 633 525 quid
658 454 733 509 ob
758 469 936 511 causae
963 453 1223 529 profiteris
1253 454 1446 510 subisti
1818 454 1864 508 Α
2432 480 2437 485 ο
2628 452 2743 511 XL.

556 546 709 613 Quod
737 546 1078 616 rcprobaras.
2188 544 2252 597 td
2270 542 2688 599 Ili/debranaum
2716 543 3148 598 archidiaconum

373 637 487 694 Nec
512 639 645 694 satis
669 639 823 708 pensi
857 654 960 694 nec
998 638 1225 693 honoris
1251 622 1356 691 ulla
1428 652 1431 657 ·

372 729 621 799 Dignitas
643 733 856 786 tandem
891 730 1105 785 miseris
1134 730 1369 785 cateruis

372 819 679 879 Liberasset
704 836 810 885 me,
845 822 944 875 nisi
971 829 1115 877 tutus
1145 821 1248 876 isto

559 908 708 969 Jure‘
723 914 966 969 fuissem.

373 1003 605 1060 Mundus
626 1005 713 1059 hic
744 1006 911 1061 vincit
938 1004 1144 1074 laqueis
1172 1004 1397 1067 amicos,

374 1097 513 1152 Cum
550 1096 746 1167 quibus
771 1106 894 1153 voto
921 1098 1144 1152 meliore
1170 1096 1319 1162 lusit,

370 1188 550 1260 Atque
578 1198 853 1245 momento
874 1189 1066 1260 spoliat
1095 1191 1196 1245 sub
1212 1205 1319 1244 uno

551 1282 732 1336 Rebus
747 1282 963 1350 opimis.

366 1368 485 1425 Hoc
511 1370 562 1425 iu
589 1372 827 1441 antiquis
856 1382 986 1442 puto
1010 1371 1250 1427 iectitari

366 1461 613 1530 Fabulis,
627 1464 770 1534 quod
795 1465 837 1518 si
870 1465 1141 1533 patienter
1166 1466 1344 1531 audis,

367 1553 622 1626 Congrua
652 1567 800 1612 certe
834 1557 1040 1612 ratione
1066 1557 1267 1613 factum

542 1646 660 1717 Ipse
686 1646 960 1718 probabis.

357 1731 492 1791 Plus
518 1736 660 1807 lupis
692 1736 851 1792 saevis
871 1737 1065 1792 vitiosa
1089 1737 1277 1808 vulpes

357 1823 566 1882 Belluis
603 1835 663 1881 ut
691 1843 784 1882 rex
821 1828 987 1883 etiam
1018 1830 1254 1900 marinis

363 1916 516 1976 Nave
544 1934 642 1990 per
662 1931 887 1991 pontum
920 1922 1076 1978 ﬁeret
1098 1921 1246 1979 leoni

542 2011 793 2067 Consulit
817 2013 918 2069 ire.

354 2103 490 2157 Inde
520 2104 799 2160 beluarum
831 2122 963 2177 vaga
1000 2106 1309 2171 multitudo,

355 2192 467 2250 Pro
492 2210 591 2251 suo
620 2210 849 2266 quzeaue
879 2196 1075 2258 ollicio,
1109 2199 1386 2266 carinam,

352 2284 537 2340 Omne
562 2287 805 2343 naucleri
838 2289 1083 2343 subitura
1107 2289 1320 2358 jussum

545 2376 612 2431 Et
643 2378 799 2434 ducis
819 2377 1028 2450 implet.

352 2467 551 2523 Plaute
574 2477 759 2534 vento,
787 2486 884 2541 per
912 2470 1135 2541 pelagus
1157 2470 1355 2529 levatis

350 2560 518 2617 Navis
550 2561 593 2616 it
620 2562 779 2629 velis,
815 2562 910 2617 sed
942 2572 1001 2616 ut
1030 2572 1112 2618 est
1140 2563 1192 2618 in
1224 2562 1390 2619 altum

350 2654 553 2721 Ducta,
581 2670 709 2710 mox
741 2655 995 2711 frendens
1026 2655 1188 2711 nimis
1212 2656 1425 2713 esurire

563 2746 743 2803 Bestia
774 2748 958 2818 coepit.

350 2838 525 2894 Ursus
553 2839 788 2896 immane
813 2840 961 2895 cadit
986 2848 1135 2906 ante,
1178 2848 1445 2911 postnunc

348 2934 590 2989 Caeteros
616 2942 842 2999 mactat,
874 2932 1022 2988 velut
1052 2934 1302 3004 exigebat

348 3022 406 3078 in
446 3023 562 3079 dies
591 3023 794 3078 ventris
816 3023 961 3095 jugis
990 3024 1258 3095 appetitus

562 3117 962 3189 lnglnviesque.

351 3206 481 3261 Sola
506 3206 622 3275 jam
651 3207 838 3277 vulpes
868 3207 967 3263 sibi
999 3223 1123 3264 cum
1148 3207 1306 3263 leone

348 3295 589 3366 Despicit
619 3312 850 3367 pugnam
888 3298 1025 3363 fore,
1052 3313 1220 3368 seque
1261 3296 1486 3352 multum

352 3386 543 3456 Arguit
569 3386 721 3439 tarde
746 3385 928 3455 placiti
952 3387 1161 3441 laboris

566 3474 920 3544 Consiliique.

349 3562 486 3618 Tum
517 3580 674 3621 secus
702 3565 854 3620 littus
877 3579 1044 3634 prope
1068 3563 1323 3619 'l'nnerata

346 3652 491 3710 Mille
513 3669 801 3714 cervorqu
821 3655 1020 3725 quibus
1049 3655 1101 3707 in
1130 3652 1367 3724 regenda

334 3743 523 3816 Puppe
547 3761 668 3801 sors
692 3755 857 3808 esset,
888 3744 1156 3800 titubante
1179 3742 1334 3813 jurat

561 3838 777 3893 Fraude
805 3837 1012 3892 videre.

349 3930 419 3984 At
442 3930 527 3986 leo
556 3929 889 3985 descendere
919 3941 1095 3984 saevus
1118 3926 1265 3981 illam

349 4021 612 4091 imperat;
648 4022 749 4076 bos
781 4020 979 4075 ducere
1007 4016 1221 4089 fortiori

348 4113 469 4182 Quo
492 4113 636 4169 valet
663 4127 856 4179 cursu;
888 4111 1127 4169 caritura
1155 4117 1330 4165 morte

559 4205 747 4261 Paruit
774 4206 933 4261 ultro.

346 4296 591 4367 Cumque
624 4312 685 4352 se
721 4311 910 4365 rupem
945 4291 1440 4364 supereminentem

347 4390 559 4455 Ferret,
587 4389 706 4459 ejus
730 4405 835 4445 non
863 4404 1073 4455 comes,
1105 4387 1302 4457 inquit,
1328 4395 1508 4458 optem

335 4482 470 4539 Esse
499 4482 757 4546 naucleri,
792 4481 908 4537 fera
931 4480 1087 4551 cujus
1110 4487 1330 4537 exstant

556 4575 790 4631 Prandia
810 4582 1019 4629 nautae.
1106 4610 1113 4621 .-

348 4664 443 4722 Sic
462 4682 588 4723 suos
617 4666 847 4723 mundus
873 4665 1090 4736 perimit
1114 4677 1398 4732 sequaces,

342 4758 507 4827 Cujus
532 4759 752 4816 omnino
780 4757 1067 4813 metuenda
1097 4755 1261 4810 dona.

345 4849 607 4907 Dedicaut
634 4850 777 4919 regis
803 4849 920 4905 vice
942 4852 1270 4919 purpuratos

554 4942 864 5013 Pauperiei.

346 5029 551 5101 Sponte
578 5047 720 5087 nunc
746 5044 928 5086 coram
958 5042 1162 5085 vacuus
1186 5025 1402 5082 latrone

343 5120 401 5175 Si
430 5121 550 5177 volo
577 5122 747 5178 saltus
772 5136 866 5192 per
893 5117 1247 5191 inhospitales

343 5211 513 5268 Canto
540 5228 754 5279 secure,
782 5221 898 5267 rota
932 5229 1022 5270 me
1048 5224 1149 5268 nec
1177 5205 1338 5275 hujus

574 5314 585 5328 ι
598 5323 646 5328 ..-
683 5304 915 5328 ---..,1..,..

2311 635 2523 704 Quanta
2556 637 2727 708 gloria
2757 627 3025 707 publicant

2239 726 2375 782 Rem
2404 727 2679 784 tuentibus
2712 728 2881 782 indita

2241 822 2397 890 Smpe
2418 820 2534 890 jam
2567 812 2753 884 fuerit,
2793 829 2940 875 tuam

2242 911 2601 970 llildebrau‘de
2620 911 2906 968 scientiam

2243 1001 2341 1055 llic
2369 1002 2537 1056 latere
2562 1002 2893 1073 putavimus.

2320 1094 2388 1149 Et
2415 1088 2688 1165 putamus.
2716 1095 2862 1150 Idem
2885 1107 3042 1151 sacra

2235 1184 2303 1239 Et
2332 1180 2744 1243 Latium-refert
2765 1185 2876 1254 via,

2242 1266 2380 1331 illud
2406 1288 2460 1332 et
2489 1268 2739 1349 Capitolii
2840 1286 2843 1293 '

2242 1368 2474 1424 Culmen
2512 1358 2772 1426 eximium
2809 1359 3037 1426 thronus

2241 1454 2456 1517 l’ollcns
2491 1463 2702 1534 imperii
2738 1463 2917 1519 docet.

2311 1552 2417 1608 Sed
2438 1554 2573 1624 quid
2602 1554 2760 1610 istius
2784 1554 2936 1611 ardui

2226 1644 2321 1700 Te
2356 1645 2580 1711 laboris,
2603 1653 2658 1701 et
2686 1636 2885 1702 invida:

2240 1736 2470 1793 Fraudis
2493 1747 2587 1792 aut
2613 1737 2782 1809 piget,
2813 1747 2908 1793 aut
2937 1738 3147 1809 pudet?

2240 1827 2293 1879 Id
2334 1829 2488 1884 bonis
2515 1828 2720 1884 etenim
2748 1829 2886 1885 viris

2232 1919 2400 1974 Poste
2427 1920 2547 1991 plus
2573 1922 2752 1976 subita
2780 1931 2961 1977 uocet.

2309 2014 2471 2071 Virus
2506 2014 2719 2070 invidia:
2738 2014 2922 2073 latens

2232 2106 2421 2161 Rebus
2451 2107 2503 2162 in
2535 2107 2751 2165 miseris
2781 2124 2936 2165 suam

2230 2195 2392 2250 Ponit
2421 2195 2864 2260 invaletndinem.

2237 2285 2438 2357 llisquc
2460 2302 2568 2343 non
2593 2286 2715 2344 aliis
2738 2303 2927 2344 necem

2228 2379 2303 2432 Et
2331 2379 2569 2447 pericula
2598 2379 2831 2435 confert.

2306 2468 2413 2524 Sed
2446 2478 2507 2524 ut
2534 2470 2852 2536 invidearis,
2884 2479 2939 2526 et

2230 2560 2347 2617 Non
2378 2570 2440 2616 ut
2466 2562 2732 2630 invideas,
2761 2563 2917 2619 decet

2232 2651 2312 2706 Te.
2337 2651 2534 2721 peritia
2561 2666 2723 2723 quam
2750 2653 2909 2722 probi

2241 2743 2306 2797 Et
2334 2743 2461 2797 boni
2489 2742 2621 2798 facit
2652 2744 2811 2799 unice

2236 2834 2555 2903 Cotupotcm
2586 2835 2766 2891 meriti
2793 2834 2897 2893 sui.

2307 2926 2480 2982 Omne
2501 2927 2705 2997 judicio
2730 2937 2823 2983 tuo

2230 3018 2330 3076 Jus
2354 3019 2519 3086 favet,
2549 3021 2668 3077 sine
2698 3035 2806 3092 quo
2833 3007 2967 3078 milii

2242 3115 2411 3171 Nemo
2439 3116 2698 3185 propositi
2731 3116 2837 3171 mei

2240 3206 2331 3260 Vel
2358 3207 2560 3262 favoris
2594 3208 2827 3263 inediam

2231 3296 2589 3351 Pra‘mitnnve
2615 3307 2791 3366 potest
2815 3299 2963 3356 dare.

2305 3390 2502 3446 Cordis
2530 3390 2766 3447 eximius
2794 3390 2952 3462 vigor

2230 3478 2366 3535 Vitae
2400 3480 2593 3537 nobilis
2619 3481 2853 3550 optimas
2910 3508 2915 3513 ι

2234 3574 2341 3627 Res
2368 3583 2551 3628 secuta
2583 3573 2815 3642 probant
2841 3572 3062 3644 quidem

2220 3661 2378 3717 Juris
2404 3662 2704 3733 ingenium,
2735 3663 2896 3719 modo

2227 3753 2398 3822 Cujus
2427 3753 2634 3809 artibus
2656 3753 2859 3810 uteris.

2304 3847 2384 3901 Ex
2412 3845 2608 3916 quibus
2634 3854 2795 3911 caput
2826 3848 3042 3903 urbium

2222 3935 2399 3991 Roma
2423 3936 2641 4007 justior,
2674 3945 2730 3992 et
2750 3952 2921 4008 prope

2226 4028 2398 4083 Totus
2420 4027 2591 4093 orbis,
2621 4041 2717 4083 eas
2743 4028 2903 4084 timet

2226 4119 2380 4174 Saeva
2407 4119 2691 4174 barbaries
2721 4119 2902 4175 adhuc

2222 4210 2383 4264 ‘Clut'a
2408 4200 2688 4264 stemmata
2726 4211 2897 4280 regio,

2304 4299 2396 4355 llis
2419 4309 2473 4355 et
2499 4299 2890 4368 arebiapoStoli

2221 4392 2448 4446 Fervido
2472 4390 2649 4463 gladio
2676 4389 2827 4445 Petri

2225 4483 2433 4554 Frange
2464 4483 2648 4548 robur,
2673 4490 2733 4537 ct
2763 4482 2996 4552 impetus

2218 4574 2363 4632 illius
2391 4588 2550 4631 vetus
2582 4582 2642 4629 ut
2671 4573 2863 4644 jugum

2222 4666 2405 4737 Usque
2433 4657 2637 4723 sentiat
2656 4666 2931 4721 ultimum.

2290 4759 2505 4824 Quanta
2533 4760 2619 4813 vis‘
2641 4755 3042 4812 anathematisi

2218 4846 2491 4918 Quidquid
2519 4856 2575 4901 et
2599 4846 2804 4900 Marius
2832 4845 2984 4914 prius

2215 4939 2479 5009 Quodque
2497 4937 2669 4993 Julius
2688 4946 2917 5006 egerant

2219 5027 2458 5086 Maxima
2494 5042 2628 5083 nece
2653 5025 2914 5093 militum,

2219 5121 2371 5177 Voce
2399 5133 2453 5177 tu
2486 5120 2697 5175 modica
2728 5115 2887 5172 facis.

2289 5211 2465 5269 Roma
2490 5212 2617 5281 quid
2646 5208 3001 5278 Scipionibus

2223 5302 2333 5328 Ρη...
2350 5307 2557 5328 -.μμ-..Α
2586 5299 2892 5328 Α..ε..ειειι....
