3936 5402
284 167 431 230 1265
1706 232 1717 239 -
1740 201 2069 264 CARMINA.
3386 232 3524 290 126')

1152 301 1420 365 Lzetilicat
1441 323 1601 368 verus
1628 329 1789 385 quam
1816 317 2055 378 ﬂuuiinis
2080 323 2312 392 impetus
2333 326 2483 401 cjusl

1007 404 1043 442 α
1152 391 1263 448 Rex
1288 398 1548 468 elegitte,
1580 406 1776 460 summi
1800 406 1976 467 Patris
2007 391 2167 469 unica
2205 431 2405 487 pmies.
2487 460 2491 464 ι

1143 480 1224 537 Ex
1245 480 1415 541 Jacob
1433 491 1613 559 specie
1635 493 1789 563 cujus
1813 497 1955 555 Deus
1987 480 2411 565 exstitit'bares.

999 588 1033 625 α
1099 608 1105 616 -
1139 572 1295 635 Mons
1321 578 1453 636 Sion
1475 585 1707 655 exsulta,
1736 594 2040 664 congaude,
2058 596 2167 654 lilia
2193 597 2367 665 Iuda:

1139 666 1358 726 Judicio
1387 673 1591 733 Christi
1617 694 1783 752 super
1803 685 2010 743 :etbera
2031 702 2244 763 martyr
2271 694 2452 754 abisti.

990 770 1025 809 α
1131 755 1188 812 1η
1217 767 1269 815 te
1292 761 1502 822 ltetetur
1526 776 1616 824 tua
1650 772 1835 841 plebs,
1860 775 1976 833 Rex
2005 755 2244 840 maxime
2272 801 2487 859 regum.

1128 852 1213 908 Ad
1245 861 1294 910 te
1316 862 1597 918 conversis
1620 867 1713 936 qui
1733 869 1890 937 pacis
1916 887 2144 932 munera
2175 852 2383 938 reddis.

983 953 1018 992 ιι
1126 939 1289 999 Porta
1318 944 1698 1017 Sion,pdilecta
1729 956 1840 1014 Deo
1868 973 2033 1032 super
2059 967 2198 1023 atria
2218 969 2411 1039 Jacob,

1125 1028 1578 1097 Voce.Creatoris
1602 1044 1696 1099 tibi
1723 1046 1842 1105 laus
1879 1028 2407 1120 conferturamoris.

978 1136 1013 1173 α
1118 1121 1407 1186 Permanet
1431 1142 1561 1190 ante
1584 1137 1753 1195 Deum
1778 1144 2052 1206 confessio
2079 1159 2335 1228 martyris
2360 1158 2493 1230 ejus,

1117 1215 1296 1287 Atque
1315 1221 1480 1279 decor
1509 1225 1691 1284 clarus
1712 1232 1856 1288 nulla
1881 1238 1974 1306 qui
2006 1238 2130 1297 labe
2157 1215 2399 1305 notatur:

973 1317 1007 1355 α
1117 1304 1233 1362 Lux
1261 1308 1420 1368 hodie
1434 1311 1600 1384 justis
1628 1327 1683 1375 et
1710 1324 1876 1381 rectis
1898 1304 2072 1387 corde
2094 1334 2331 1408 refulsit,

1116 1393 1171 1449 lu
1194 1413 1313 1469 .qua
1341 1416 1441 1471 pro
1462 1409 1692 1465 summis
1716 1410 1924 1483 laetare,
1953 1417 2180 1491 Sabina,
2216 1393 2529 1512 triu’mpbis.

1116 1485 1421 1512 VM,L__;_.
1555 1497 1567 1512 .
1632 1499 1643 1512 .
1806 1495 1843 1512 ,η

971 1500 1003 1537 α
1114 1485 1427 1549 νοείιηιεόι
1451 1497 1678 1567 psalmis
1700 1495 1982 1576 sapienter
2009 1515 2244 1585 psallite,
2273 1485 2473 1591 sancti;

1112 1576 1260 1644 Quos
1286 1582 1549 1643 Dominus
1591 1590 1717 1649 vitae
1749 1597 1977 1656 comites
2009 1576 2147 1662 facit
2317 1576 2555 1675 Sabinae.

965 1680 999 1717 α
1106 1663 1364 1728 induerat
1388 1683 1440 1731 te
1464 1677 1581 1734 ilex
1611 1681 1823 1742 cinctus
1846 1689 2047 1750 virtute
2069 1696 2318 1756 decorem
2345 1721 2360 1757 :

1105 1755 1341 1817 Iustitiae
1368 1767 1563 1835 pennis
1591 1786 1692 1829 nos
1721 1770 1907 1846 indue,
1938 1785 2176 1844 maxima
2216 1803 2445 1869 martyr.

1111 1847 1227 1869 ομ,
1267 1854 1305 1869 λ
1403 1856 1417 1868 .
1464 1860 1477 1869 .
1502 1860 1534 1869 ..
1626 1863 1640 1869 -
1783 1867 1793 1869 -

965 1862 998 1900 ιι
1109 1847 1234 1906 Rite
1265 1854 1377 1911 Deo
1395 1856 1597 1925 jubilat
1626 1863 1751 1923 laeto
1773 1867 1886 1937 jam
1912 1876 2081 1933 corde
2113 1847 2335 1951 Sabina,

1102 1937 1231 2010 Ejus
1253 1942 1306 1998 in
1334 1957 1558 2017 aspectu
1594 1967 1716 2023 quae
1741 1958 1824 2013 sic
1848 1959 2058 2022 intrare
2085 1982 2358 2031 meretur.

956 2041 990 2077 α
1097 2030 1238 2087 Ante
1266 2033 1436 2093 Deum
1465 2041 1651 2111 vigilat
1685 2043 1817 2103 felix
1842 2050 1908 2107 de
1936 2051 2058 2111 luce
2088 2057 2328 2130 Sabina,

1094 2124 1151 2180 In
1170 2136 1279 2197 quo
1304 2146 1466 2201 quam
1490 2138 1717 2197 nimium
1746 2160 1901 2202 mens
1930 2161 2121 2207 sancta
2134 2153 2553 2233 sitiveratcjusl'

951 2228 984 2264 a
1092 2214 1302 2282 Quanta
1332 2223 1503 2281 tribus
1535 2231 1719 2299 pueris
1750 2233 1902 2307 ignes
1926 2240 2164 2299 tribuere
2194 2248 2417 2314 camini.

1094 2308 1265 2367 Tanta
1290 2316 1388 2374 tibi
1427 2320 1613 2381 miseri
1647 2318 1918 2390 tormenta
1948 2337 2148 2397 dedere
2179 2348 2417 2415 tyranni.

945 2414 979 2450 ιτ
1089 2402 1293 2474 Gloria,
1321 2410 1451 2478 vita,
1476 2414 1646 2474 decus
1664 2425 1873 2481 sanctis
1896 2437 1980 2485 est
2001 2434 2254 2494 omnibus
2286 2438 2428 2510 ejus.

1087 2490 1220 2549 Cum
1245 2499 1445 2567 quibus
1467 2517 1528 2560 es
1551 2522 1767 2580 semper
1796 2515 1962 2572 vitam
1988 2524 2177 2580 sortita
2208 2541 2539 2596 perennem.

838 2586 845 2595 '
938 2580 1066 2649 Mr.
1085 2582 1226 2642 Ecce
1250 2599 1398 2648 tuum
1426 2597 1600 2655 roseis
1620 2606 1969 2672 superaddita
1996 2611 2106 2670 lilia
2133 2580 2301 2677 sertis

1081 2673 1598 2745 Exornantillustre
1635 2702 1837 2764 caput:
1875 2699 2039 2757 timor
2063 2714 2149 2762 est
2194 2711 2289 2766 tibi
2329 2702 2529 2775 nullus.

1081 2764 1275 2824 Hostili
1315 2771 1522 2848 direpta
1550 2795 1736 2848 manu,
1764 2801 1864 2842 nos
1894 2804 2059 2849 cerne
2088 2810 2383 2865 precamur

1079 2860 1309 2933 Semper
1336 2877 1390 2922 et
1416 2885 1446 2924 a
1479 2875 1683 2931 nostris
1709 2885 1851 2935 tutos
1883 2880 2001 2939 fore
2030 2885 2116 2943 fae
2146 2891 2403 2955 inimicis.

930 3021 965 3089 ἢ
1075 2997 1221 3055 Ante
1243 3003 1337 3058 Dei
1364 3004 1563 3062 faciem
1592 3026 1741 3068 mors
1765 3025 1851 3071 est
1874 3022 2111 3088 pretiosa
2141 3026 2380 3100 Sabinas,

1071 3097 1242 3167 Quae.
1302 3106 1541 3163 moriens
1590 3111 1833 3181 mundo,
1890 3118 2018 3173 vivit
2089 3138 2253 3196 super
2306 3134 2512 3195 aethera
2554 3139 2781 3199 Christo.

926 3187 961 3254 y
1068 3189 1327 3265 Martyris
1355 3208 1442 3253 est
1467 3199 1626 3256 bo'lie
1649 3203 1842 3262 festum
1870 3226 1885 3263 :
1915 3187 2169 3284 gaudete:
2198 3187 2401 3283 fideles:

923 3280 962 3346 ιι
1057 3280 1246 3339 Mente
1281 3288 1618 3347 satis'stabili
1642 3294 1840 3353 tulerat
1866 3280 2401 3386 tormenta'tyranni,

1070 3369 1139 3426 Ut
1164 3375 1394 3442 patriam
1429 3379 1549 3434 vita:
1580 3396 1765 3450 posset
1791 3391 2028 3451 scelestis
2052 3369 2224 3458 adire.

924 3457 956 3524 iv
1065 3457 1247 3518 Rebus
1269 3466 1454 3536 opima
1478 3471 1642 3528 nimis
1662 3490 1785 3530 cum
1816 3485 2019 3541 mundo
2037 3503 2234 3549 cuncta
2264 3498 2500 3571 reliquit.

924 3545 954 3571 ,ε
1063 3549 1083 3571 1
1108 3553 1235 3571 ...με
1270 3570 1273 3571 ,

920 3545 955 3614 ἡ
1063 3549 1286 3609 Laetitia:
1312 3571 1579 3614 summam
1602 3578 1699 3633 per
1722 3572 2006 3641 sanguinis
2026 3582 2233 3652 excipis
2258 3545 2457 3647 undam
2483 3610 2500 3649 :

1060 3641 1388 3716 Martyribus
1418 3666 1635 3723 semper
1657 3654 1758 3712 fuit
1787 3660 1903 3718 bare
1923 3641 2166 3727 obnoxia
2197 3691 2426 3735 merces.

812 3758 816 3762 η
916 3731 949 3799 ᾗ
1059 3734 1267 3792 Gaudia
1297 3742 1459 3812 digna
1483 3744 1593 3801 Deo
1621 3755 1772 3806 tanto
1796 3758 2072 3816 cumulata
2105 3731 2364 3836 tropbzeo.

912 3821 950 3892 ἡ
1055 3823 1226 3891 Quam
1251 3829 1358 3899 pia,
1390 3847 1553 3902 quam
1582 3835 1729 3905 felix.
1762 3857 1926 3913 quam
1951 3862 2142 3908 sancta
2409 3864 2615 3930 videris

1054 3920 1154 3976 Est
1183 3923 1277 3979 tibi
1303 3940 1622 3986 concessum
1646 3936 1911 3995 scelerum
1934 3943 2231 4007 dissolvere
2270 3971 2490 4017 nexum.

908 4008 942 4066 vi
1053 4009 1317 4072 Omnibus
1346 4031 1475 4075 ecce
1500 4026 1674 4082 modis
1697 4037 1746 4083 te
1776 4033 2073 4105 poscimus,
2103 4056 2280 4101 annue
2315 4051 2491 4108 nobis.

903 4099 944 4167 ἡ
1048 4100 1280 4161 Pulchra
1307 4108 1402 4173 tibi
1429 4114 1639 4182 species
1671 4135 1684 4172 :
1718 4129 1778 4175 ut
1803 4124 1943 4189 regis
1973 4099 2455 4209 purpura,crines;

1045 4191 1271 4251 Lumina
1295 4200 1616 4285 praefulgent
1636 4217 1695 4263 ut
1724 4209 1887 4270 fontis
1914 4191 2403 4285 ilesebonis'undai

902 4281 935 4349 9
1044 4284 1257 4343 Emicat
1281 4304 1347 4345 ex
1375 4281 1520 4350 ulnis
1543 4298 1741 4356 collum
1765 4303 1913 4360 velut
1947 4307 2093 4367 invia
2118 4316 2305 4374 turris.
2358 4366 2365 4371 ,

896 4371 934 4439 vi
1043 4375 1224 4433 Dulcis
1253 4382 1427 4437 amica
1463 4385 1579 4451 Dei,
1609 4389 1712 4445 luci
1749 4394 1942 4452 collata
1969 4401 2096 4470 diei,

1044 4467 1177 4524 Dote
1205 4471 1279 4539 pii
1312 4472 1477 4545 Regis
1505 4479 1801 4540 thalamum
1828 4467 2133 4553 conscende
2157 4501 2379 4572 quietis.

897 4551 930 4618 ἃ
1042 4553 1211 4614 Nocte
1228 4560 1331 4615 sibi
1364 4568 1539 4622 media
1562 4585 1685 4627 cum
1712 4582 1923 4653 venerit
1943 4584 2099 4642 obvia
2127 4551 2308 4659 υἷι-δε,

895 4645 929 4713 Ii
1040 4648 1226 4705 Vincla
1266 4656 1371 4710 tuis
1405 4660 1657 4728 precibus
1684 4648 2112 4734 uostri'dissolve
2139 4645 2347 4755 rea-tus,

1033 4738 1114 4797 Ne
1138 4757 1237 4799 nos
1261 4760 1363 4815 pro
1382 4750 1539 4821 culpa
1566 4757 1759 4825 perdat
1781 4760 1867 4818 lex
1890 4764 2097 4825 Judicis
2120 4772 2251 4828 ulla.

894 4825 930 4894 ᾖ
1041 4828 1099 4885 Si
1131 4835 1337 4901 poteris
1366 4841 1597 4909 veniam,
1628 4850 1838 4915 poteris
1858 4852 1996 4912 bene
2023 4825 2250 4928 poscere
2265 4879 2479 4927 curam.

882 4919 923 4988 ιῆ
1032 4922 1306 4981 Iudicium
1337 4945 1523 4988 verum
1551 4938 1843 5007 trepidanti
1863 4950 2027 5006 corde
2055 4952 2339 5029 timemus,

1029 5015 1259 5083 Quando
1282 5020 1422 5078 Deus
1443 5036 1630 5084 sontes
1653 5039 1704 5084 et
1727 5031 1905 5101 justos
1921 5040 2129 5110 iudicat
2150 5015 2373 5115 onnne's.

874 5099 912 5167 ᾖ
1026 5106 1210 5162 Nostri
1236 5106 1322 5164 fac
1346 5113 1595 5181 petimus,
1631 5099 1903 5183 memores
1921 5099 1978 5186 in
2008 5132 2115 5191 line
2143 5135 2387 5203 dierum.

864 5193 910 5261 ἡ
1019 5200 1345 5258 Pectoribus
1367 5211 1570 5265 nostris
1598 5226 1749 5281 spem
1772 5218 1936 5289 dona,
1958 5224 2221 5284 Conditor
2248 5242 2436 5307 orbis.

1021 5296 1250 5364 Semper
1278 5309 1332 5354 et
1360 5302 1497 5359 adde
1524 5307 1684 5364 {idem
1720 5316 1925 5375 meritis
1957 5296 2604 5397 precibusqueﬂs-‘ibinze.
