3936 5402
437 298 575 360 12ῧ7

1546 325 1849 384 ALPHANI
1894 326 2357 387 SALERNITANI
2392 318 2710 393 animum.

1308 414 1415 472 Fac
1436 423 1489 472 et
1519 433 1689 489 agone
1717 428 1807 475 tuo
1831 421 1944 491 jam
1974 439 2070 479 nos
2097 422 2211 480 fore
2238 436 2455 496 pectore
2481 445 2630 499 puro.

1170 523 1201 559 (ι
1311 506 1515 573 Gloria,
1549 511 1863 568 divitimlibi
1894 524 2041 580 sunt,
2074 515 2299 581 Sabina,
2331 535 2612 577 perennes.

1311 598 1408 655 His
1437 617 1652 672 quoque
1685 605 1989 672 nobiscum,
2021 607 2064 663 si
2104 625 2209 678 qua
2250 612 2409 675 valet,
2438 621 2614 679 utere,
2644 615 2834 672 virtus.
2872 594 2877 599 ”

434 696 463 713 ’⁵
1166 705 1199 741 a

1310 691 1480 759 Quem
1511 697 1666 765 pueri
1689 696 1912 752 laudant
1930 699 2185 756 humilem
2221 711 2272 756 te
2297 702 2451 759 duxit
2475 706 2542 760 ad
2566 716 2744 775 astra,

1308 790 1417 848 Nos
1443 793 1630 865 in0pes
1658 811 1869 853 morum
1910 798 2109 857 nelevet
2138 802 2339 858 virtute
2360 802 2665 862 bonarum;

1163 897 1193 933 α
1304 882 1437 937 Cum
1461 886 1671 957 pepulis
1700 899 1889 959 gentes
1918 890 2205 947 Dominum
2230 893 2445 953 laudate
2470 897 2747 965 decenter,

1311 974 1442 1041 Quae
1468 978 1667 1045 cupitis
1696 994 1894 1041 munus
1921 985 2246 1053 conquirere
2285 989 2541 1059 martyris
2563 988 2744 1059 hujus.

1168 1081 1199 1116 ιι
1311 1063 1619 1137 Magnificat
1643 1070 1924 1126 Dominum
1954 1071 2172 1131 Sabina:
2193 1076 2415 1145 spiritus
2443 1078 2639 1143 almus,

1305 1156 1517 1213 Gaudet
1545 1170 1599 1213 et
1626 1163 1885 1229 exsultat,
1912 1179 2009 1221 nec
2039 1168 2455 1223 contristabitur
2482 1170 2646 1225 ultra.

1305 1248 1456 1305 llane
1486 1252 1744 1308 humilem
1769 1255 2021 1311 Christus
2058 1258 2193 1315 foris
2220 1269 2278 1313 ut
2306 1262 2544 1330 respexit
2583 1273 2638 1318 et
2672 1264 2839 1331 intus,

1306 1343 1473 1397 Auxit
1501 1352 1552 1399 et
1572 1346 1808 1410 ornavit,
1836 1347 1959 1404 cmli
1991 1362 2154 1421 super
2180 1360 2328 1407 astra
2358 1352 2574 1408 locavit.

430 1500 3727 1551 __.___________________________________

1465 1584 1939 1777 SERMO
2038 1661 2665 1784 ALPHANI

427 1867 634 1948 Super
671 1870 1076 1951 evangelium

1119 1874 1327 1967 acum
1354 1878 1653 1967 transiret
1688 1882 1874 1941 Iesus
1902 1901 2018 1967 per
2049 1885 2365 1951 civitatem
2399 1908 2599 1965 suam,
2644 1892 2806 1953 vidit
2827 1892 3132 1957 hominem
3176 1897 3483 1960 sedentem
3516 1901 3590 1961 in
3630 1907 3717 1967 τι·

1139 1952 1335 2028 lonio,
1373 1957 1735 2049 Matthceum
1768 1952 2036 2036 nom-ine,
2077 1974 2132 2024 et
2162 1967 2255 2027 ait
2288 1968 2389 2030 illi
2421 1986 2437 2026 :
2469 1952 2735 2049 Seq'uere
2764 1952 2891 2049 me,

1458 2102 1747 2174 (lienem,
1780 2103 1945 2159 Italia
1972 2121 2147 2174 sacra,
2179 2118 2309 2164 tom.
2343 2111 2414 2178 X,
2442 2113 2543 2168 col.
2569 2113 2683 2188 79.)

492 2388 816 2462 Evangelica
866 2389 1028 2446 lectio
1056 2405 1176 2460 qua:
1216 2405 1362 2445 nunc
1395 2392 1618 2447 auribus
1642 2393 1838 2449 vestris
1868 2395 1986 2450 iuso
2043 2381 2086 2438 Α
2121 2397 2479 2467 propinquum
2511 2378 2853 2469 conspiciunt
2886 2399 3254 2471 publicanum,
3287 2398 3429 2454 leber
3467 2414 3588 2470 1am
3616 2414 3709 2452 ae-

418 2486 558 2551 nizit,
590 2485 950 2550 dilectissimi,
984 2483 1129 2538 velut
1159 2484 1385 2555 insignis
1417 2485 1561 2539 inter
1587 2497 1784 2560 cmtcra
1806 2486 2010 2542 Domi-

420 2576 558 2631 niczc
618 2576 942 2631 eruditionis
994 2576 1218 2630 oracula
1290 2587 1609 2632 tumrentcm
1663 2589 2012 2648 peccatorum

419 2671 817 2726 conscientiam
870 2680 1118 2737 recreat;
1175 2662 1515 2727 tabescentes
1554 2674 1764 2727 animos
1813 2674 2011 2744 erigit,

417 2763 887 2831 pusillanimitatis
911 2772 966 2819 et
991 2762 1101 2819 (lilii
1125 2764 1300 2819 'cntiae
1329 2765 1499 2835 frigus
1524 2766 1784 2829 eseludit,
1841 2776 1895 2822 ct
1945 2767 2012 2822 ad

421 2855 832 2925 concipiendam
863 2871 1013 2927 spem
1045 2857 1216 2911 venia:
1246 2856 1512 2926 deiectum
1560 2859 1612 2911 iu
1657 2858 1762 2913 alta
1790 2874 2015 2930 suspen-

428 2946 527 3002 dit.
560 2946 693 3014 Quis
724 2947 868 3003 cnim
916 2948 984 3003 de
1038 2948 1303 3003 scelerum
1351 2964 1572 3004 suorum
1616 2951 2014 3020 quantumlibet

424 3038 747 3093 immanium
785 3040 1109 3094 enormitate
1144 3040 1373 3106 diliidat,
1421 3056 1544 3095 eum
1574 3041 1760 3096 audiat
1789 3030 2009 3097 beatum

427 3128 741 3185 Mattbteum
788 3131 996 3187 venalis
1044 3130 1177 3186 lucri
1226 3132 1521 3201 quaestibus
1559 3134 1859 3190 inhiantem
1903 3148 2010 3189 non

425 3221 590 3276 modo
628 3231 850 3292 repente
874 3232 1146 3285 vocatum.
1176 3224 1270 3279 sed
1306 3225 1372 3279 ad
1407 3224 1701 3280 obtinenda
1737 3224 2030 3295 prmcipua.

419 3314 530 3367 duo
567 3314 867 3369 tninistcria
912 3315 1079 3370 curiae
1108 3316 1346 3371 caelestis
1373 3316 1641 3373 adscitum
1670 3318 1694 3372 ?
1743 3317 2011 3373 Nimirum

426 3414 487 3457 ut
516 3406 799 3475 apostolici
841 3416 1067 3462 senatus
1109 3408 1502 3463 conscenderet
1532 3409 1760 3485 apicem.
1790 3420 1843 3465 et
1872 3410 2015 3464 inter

423 3496 610 3551 socios
631 3496 1017 3568 evangelistas,
1046 3498 1100 3553 in
1128 3513 1195 3554 eo
1216 3498 1357 3570 quod
1381 3500 1588 3570 primus
1615 3511 1717 3568 est,
1744 3502 2010 3573 privilegii

424 3586 733 3658 susciperet
763 3588 1106 3659 dignitatem,
1132 3591 1276 3660 quod
1307 3601 1598 3662 utrumque
1647 3609 1842 3647 munus
1878 3593 2010 3649 nulli

423 3693 650 3747 prorsus
685 3679 773 3735 alii
803 3681 1055 3736 collatum
1080 3691 1185 3745 est,
1219 3681 1323 3737 nisi
1356 3681 1607 3739 Matthazo
1638 3685 2010 3740 tantummodo

422 3778 481 3825 et
509 3769 725 3826 Joanni.
762 3773 829 3827 Et
857 3772 1114 3844 quoniam
1152 3773 1388 3828 Joannes
1421 3773 1518 3827 Dei
1564 3776 1740 3844 gratia
1786 3774 2006 3840 dicitur,

414 3859 706 3919 Matthreus
744 3865 908 3919 etiam
951 3866 1182 3921 donatus
1236 3866 1644 3934 interpretatur,
1681 3865 1809 3921 dum
1860 3875 2011 3921 nter-

423 3968 532 4023 que
571 3956 800 4026 geminae
818 3956 1103 4027 dignitatis
1134 3956 1272 4011 dona
1303 3957 1626 4027 promeruit,
1656 3968 1735 4022 ut,
1768 3958 2006 4027 inquam,

419 4044 669 4116 profecto
695 4048 868 4118 gratia
900 4048 1028 4103 doni
1054 4048 1295 4103 cmlestis
1320 4048 1550 4115 infulsit,
1597 4050 1691 4105 scd
1726 4059 1784 4104 ut
1816 4049 2005 4119 Imple-

422 4147 578 4191 retur
611 4136 701 4191 illa
750 4138 1017 4193 sententia
1050 4154 1152 4207 qua
1201 4138 1402 4193 dicitur
1443 4156 1457 4192 :
1512 4158 1528 4191 ι
1566 4138 1665 4194 Ubi
1716 4138 2011 4195 abundavit

418 4227 719 4300 iniquitas,
777 4230 1238 4300 superabundavit
1282 4230 1455 4299 gratia
1512 4229 1687 4301 (Rom.
1729 4246 1781 4294 v,
1833 4230 1945 4300 20).
1983 4252 2001 4283 ι

416 4318 704 4377 Matthmus
733 4322 990 4391 quoniam
1017 4322 1288 4377 scribendi
1334 4322 1388 4376 in
1427 4322 1737 4393 evangelica
1774 4325 2037 4383 veritate.

422 4416 559 4471 fecit
587 4417 875 4488 originem,
927 4418 1079 4473 ducis
1114 4433 1177 4472 ac
1220 4419 1568 4489 pratceptoris
1599 4419 1743 4484 inter
1781 4428 2007 4474 cwteros

417 4506 782 4577 evangelistas
811 4507 1050 4577 possidet
1075 4507 1401 4571 claritatem,
1428 4509 1513 4561 cui
1548 4509 1801 4562 nimirum
1834 4509 2004 4577 aptis-

418 4596 561 4652 sime
587 4600 840 4664 congruit
888 4598 977 4653 illa
1006 4599 1274 4654 sententia
1316 4614 1420 4668 qua
1442 4599 1639 4653 dicitur
1667 4598 2011 4657 fidelissimus

419 4699 480 4743 ct
514 4690 660 4743 omni
692 4681 1012 4759 acccp’tione
1039 4691 1263 4761 dignus.
1292 4689 1548 4759 quoniam
1583 4706 1611 4763 ι
1641 4688 1893 4744 Christus
1921 4689 2010 4746 Je-

416 4796 514 4836 sus
536 4781 684 4836 venit
716 4782 770 4836 in
800 4783 944 4839 hunc
971 4783 1232 4837 mundum
1260 4790 1577 4853 peccatores
1604 4780 1781 4836 salvos
1804 4780 2008 4847 facere,

417 4889 650 4943 quorum
675 4875 884 4946 primus
913 4891 1012 4945 ego
1038 4891 1181 4937 sum,
1208 4885 1266 4928 ut
1296 4877 1345 4929 in
1376 4888 1462 4930 me
1486 4873 1721 4945 primum
1752 4875 2005 4929 ostende-

2119 2486 2270 2540 dacia
2296 2499 2702 2557 prmsumentes,
2720 2490 2893 2559 ipsum
2925 2490 3126 2546 fontem
3150 2506 3255 2545 non
3281 2490 3434 2544 adire
3458 2490 3711 2543 dubitant

2120 2593 2241 2633 cum
2281 2580 2505 2650 reliquis
2540 2583 2916 2650 peccatoribus
2949 2584 3271 2652 publicanis.
3300 2584 3376 2639 De
3398 2599 3510 2654 qua
3537 2584 3704 2637 niani-

2121 2684 2237 2722 rum
2270 2671 2481 2739 publica
2508 2673 2890 2727 couununione
2919 2673 3080 2728 fontis
3102 2672 3291 2728 mterni
3338 2687 3441 2744 per
3466 2671 3706 2741 Prophe-

2121 2770 2229 2816 tam
2281 2762 2520 2819 dicitur:
2568 2783 2587 2816 ι
2639 2765 2692 2819 In
2739 2765 2828 2821 illa
2867 2766 2954 2822 die
2995 2766 3099 2820 erit
3139 2766 3257 2821 fons
3288 2774 3489 2835 patens
3518 2766 3708 2819 domus

2121 2853 2310 2918 David,
2349 2854 2720 2911 habitantibus
2754 2858 2804 2911 in
2844 2856 3211 2920 Hierusalem,
3266 2857 3319 2911 in
3366 2856 3702 2911 ablutionem

2117 2943 2443 3013 peccatoris,
2491 2955 2547 3001 et
2590 2957 2939 3003 menstruam:
2996 2946 3183 3018 (Zuelt.
3214 2962 3340 3012 xm,
3378 2948 3458 3019 4).
3494 2966 3513 2998 ι
3565 2946 3703 3002 Fons

2117 3044 2339 3105 opertus
2374 3052 2438 3092 ac
2466 3038 2712 3094 occultus
2738 3050 2822 3094 est
2855 3040 3163 3111 unigenitus
3194 3038 3374 3094 Patris
3413 3038 3701 3093 invisibilis

2117 3125 2294 3190 Deus;
2328 3126 2449 3183 fons
2477 3136 2606 3183 vero
2636 3141 2828 3199 patens
2868 3142 2951 3183 est
2995 3130 3135 3185 idem
3183 3129 3329 3184 Deus
3357 3129 3698 3190 incarnatus,

2106 3217 2209 3291 [qui
2262 3215 2383 3272 fons
2431 3226 2622 3288 patens
2664 3227 2816 3274 recte
2851 3219 3043 3274 domus
3090 3218 3261 3272 David
3303 3217 3536 3280 dicitur,
3577 3217 3700 3286 quia

2118 3308 2454 3379 Redemptor
2486 3320 2670 3365 noster
2707 3312 2772 3366 ad
2810 3326 2910 3365 nos
2943 3310 3155 3365 venisse
3189 3325 3255 3364 cx
3293 3309 3464 3364 David
3506 3321 3700 3379 genere

2118 3416 2223 3457 non
2263 3400 2564 3457 dubitatur.
2599 3388 2755 3458 Hunc
2794 3401 3037 3473 profecto
3071 3400 3464 3456 misericordiae
3496 3400 3699 3454 fontem

2118 3503 2194 3559 tu,
2219 3491 2529 3550 Pharisaica
2552 3495 2825 3566 superbia,
2843 3508 3004 3565 paras
3025 3494 3331 3558 obstruere,
3357 3491 3488 3547 dum
3515 3490 3702 3546 siti-3n-

2123 3594 2202 3639 tes
2224 3595 2281 3640 et
2313 3585 2496 3641 aridos
2527 3585 2596 3639 ab
2625 3583 2743 3654 ejus
2764 3600 2986 3643 accessu
3014 3584 3204 3639 niteris
3231 3583 3376 3644 elato
3409 3580 3700 3651 supercilio

2118 3676 2411 3745 prohibere
2436 3694 2450 3731 :
2484 3676 2573 3732 hic
2598 3691 2694 3747 per
2720 3692 2783 3733 os
2805 3676 2956 3732 Isaiae
2987 3676 3079 3730 tibi
3114 3672 3541 3745 promittebatur
3570 3672 3699 3725 han-

2115 3777 2233 3825 stus
2260 3784 2383 3823 cum
2414 3769 2629 3824 diccbat
2656 3787 2669 3823 :
2704 3788 2722 3820 ι
2756 3768 3035 3824 Effundam
3070 3782 3212 3820 enim
3238 3779 3441 3835 aquam
3466 3761 3687 3834 superfi-

2114 3858 2371 3921 cientem,
2396 3867 2448 3912 et
2476 3856 2677 3912 fluenta
2701 3873 2863 3927 super
2885 3856 3121 3921 aridam;
3145 3853 3420 3909 eil'undam
3448 3853 3691 3922 spiritum

2115 3966 2295 4006 meum
2322 3964 2486 4020 super
2507 3966 2694 4006 semen
2743 3960 2914 4015 tuum,
2967 3956 3022 4003 et
3072 3946 3509 4002 benedictionem
3540 3956 3692 4012 super

2113 4042 2338 4112 stirpem
2373 4051 2545 4108 tuam;
2577 4051 2632 4096 et
2669 4039 3051 4111 germinabunt
3097 4037 3241 4092 inter
3271 4037 3496 4099 herbas,
3545 4032 3687 4104 quasi

2114 4135 2309 4190 salices
2333 4135 2487 4205 juxta
2528 4132 2954 4204 praeterfluentes
2981 4146 3153 4201 aquas
3181 4129 3338 4200 (lsai.
3385 4144 3536 4191 xuv,
3566 4126 3636 4196 5).
3662 4141 3682 4175 ι

2113 4229 2211 4283 llic
2244 4229 2438 4283 iterum
2467 4228 2907 4297 promittebatur,
2933 4242 3055 4281 cum
3079 4234 3132 4281 et
3156 4225 3284 4279 alibi
3313 4224 3524 4278 diceret
3548 4240 3562 4275 :
3582 4241 3599 4270 ι
3630 4220 3686 4272 Et

2113 4321 2222 4376 eris
2255 4321 2411 4389 quasi
2444 4320 2633 4374 hortus
2665 4318 2929 4387 irrigans;
2971 4327 3027 4372 ct
3068 4316 3207 4371 sicut
3252 4313 3376 4368 fons
3407 4325 3682 4382 aquarum,

2113 4412 2198 4468 cui
2227 4428 2333 4467 non
2367 4411 2624 4467 deficient
2654 4426 2808 4479 aqua:
2840 4408 2888 4476 (l
2895 4408 2996 4461 sai.
3026 4421 3179 4469 Lvttt,
3209 4405 3228 4458 ~l
3248 4404 3320 4474 l).
3362 4423 3380 4454 ι
3417 4403 3525 4456 Sed
3553 4411 3605 4453 tu
3638 4400 3681 4450 in

2112 4508 2307 4560 fastum
2341 4504 2557 4559 tumida:
2600 4503 2853 4558 elationis
2899 4499 3240 4570 impudenter
3289 4504 3501 4559 erecta,
3530 4503 3585 4547 et
3625 4492 3683 4544 de

2110 4593 2257 4651 fuisse
2272 4595 2499 4665 jnStitia:
2524 4590 3285 4664 singularitatclenocinantur
3299 4585 3507 4651 inﬂata,
3526 4584 3683 4655 gratis

2108 4687 2415 4756 expositum
2444 4684 2633 4739 salutis
2663 4692 2883 4738 (eterna:
2930 4681 3131 4736 fontem
3161 4676 3558 4732 contumaciter
3596 4673 3682 4727 de-

2111 4778 2297 4847 Spicis,
2325 4785 2381 4832 et
2402 4777 2613 4831 vivifica
2644 4774 2865 4845 superni
2897 4772 3062 4827 fontis
3088 4770 3289 4824 ﬂuenta
3320 4766 3554 4821 fastidis.
3582 4763 3678 4817 Ac—

2108 4872 2309 4925 cedens
2346 4868 2490 4923 enim
2521 4868 2588 4923 ad
2615 4867 2904 4937 discipulos
2928 4864 3160 4926 Domini,
3196 4869 3414 4916 tumens
3446 4867 3501 4911 et
3540 4874 3680 4909 arro-

414 4973 502 5019 ret
524 4981 741 5022 omnem
771 4966 1090 5036 patientiam
1120 4967 1187 5020 ad
1216 4966 1651 5020 informationem
1701 4980 1889 5019 eorum
1912 4964 2006 5033 qui
2068 4973 2265 5033 Ogans,
2290 4960 2577 5015 Phariszcre
2614 4958 2884 5028 pestifera:
2918 4955 3186 5026 superbia:
3227 4952 3412 5014 virus,
3455 4947 3595 5017 quod
3631 4962 3678 4998 ιη

414 5058 675 5098 rrm‘litnri
707 5068 826 5098 cum!
862 5059 932 5098 ἰΙΙῖ
964 5059 1014 5098 in
1046 5060 1213 5098 vilnni
1247 5070 1502 5098 mlmnann
1528 5057 1577 5096 (1
1608 5056 1718 5096 1"5»:
1765 5073 1779 5098 l
1834 5057 1922 5098 Ιῗὶὶ

1980 5076 1998 5098 ι
2045 5093 2072 5098 _
2110 5062 2326 5098 rounlnl‘e
2354 5061 2446 5098 tun
2467 5062 2606 5098 erat.
2628 5049 2884 5098 eﬂ'umlis-
2907 5056 2962 5098 ei.
2989 5044 3241 5098 elationis
3262 5051 3504 5098 ventum.
3529 5052 3677 5098 αιιθιιι
