3936 5402
490 192 598 247 ιΞῖ

1556 196 1855 255 ALPllANl
1881 193 2343 255 SALEBNITANI
2379 193 2701 255 ARCHIEP.

3599 187 3703 247 1271

494 311 551 364 in
575 322 640 364 ea
673 309 975 381 pyramide,
1006 326 1035 366 a
1061 320 1215 383 parte
1264 313 1582 379 occidentis,
1620 321 1815 369 statua.-
1838 312 1988 369 Jovis
2029 322 2086 368 et
2113 316 2159 374 Α
2185 312 2373 367 eadem
2405 310 2536 365 mihi
2559 317 2614 365 et
2664 308 2820 367 vobis
2864 307 2985 364 fore
3035 304 3313 377 imperavi.
3357 301 3532 375 Spem,
3574 306 3707 360 tortu.

496 399 782 469 Apollinis,
822 409 1066 474 utrmque
1101 419 1166 459 ex
1194 418 1329 459 auro
1356 404 1648 477 purissimo
1680 404 1885 461 fusiles.
1917 404 2083 460 Cum-

500 504 608 559 que
634 488 848 546 famulae
872 491 1139 549 Dominici
1166 494 1408 550 mandati
1443 508 1711 551 memores
1743 503 1986 550 statuunt.
2025 502 2084 548 ιιι

502 599 568 638 ex
601 584 857 642 condicto
888 587 1219 654 sacriﬁcent,
1245 597 1654 658 prosternentes
1693 603 1752 645 se
1796 588 1863 644 ad
1908 586 2085 658 pulvi-

501 675 680 741 naria,
708 674 907 734 oll‘erre
933 679 1119 747 thura,
1150 680 1441 738 hortantur
1467 679 1744 736 dominam
1793 690 1852 735 ιιι
1894 678 2085 735 eadem

500 763 702 832 faciat;
732 776 790 822 at
814 768 907 824 illa
937 780 1181 840 recusat;
1217 780 1430 843 rogant,
1462 780 1518 827 et
1546 771 1807 842 abnegat;
1856 767 2090 824 aﬂirmat

504 874 566 914 se
594 860 773 929 palam
802 861 1006 918 Christi
1032 878 1285 934 sponsam
1310 878 1449 927 esse,
1494 872 1548 919 et
1599 863 1719 916 ideo
1762 859 2089 915 ntanul‘actis

507 951 817 1006 simulacris
845 953 1152 1024 supplicare
1176 954 1229 1007 in
1264 961 1585 1024 perpetuum
1616 967 1723 1007 non
1748 951 1982 1015 debere;
2021 947 2091 1003 ad
2122 970 2133 975 ·

506 1040 649 1095 hanc
694 1041 929 1112 denique
977 1058 1163 1100 vocem
1222 1044 1449 1099 comites
1497 1043 1861 1112 obstrepunt,
1913 1051 2093 1097 Vestes

505 1134 703 1213 quibus
752 1136 1117 1195 induebatttur
1184 1149 1405 1211 repente
1461 1136 1801 1199 discindunt,
1867 1144 1922 1190 et
1972 1147 2093 1190 sese

505 1228 760 1307 manibus
794 1229 1099 1288 lacerantes
1129 1231 1214 1287 bis
1243 1231 1295 1286 in
1324 1230 1555 1303 puellam
1587 1228 1916 1285 clamoribus
1939 1227 2095 1282 inve-

510 1316 757 1372 huntur:
793 1336 811 1369 ι
850 1318 945 1373 Dic
973 1336 1096 1390 age,
1128 1320 1417 1392 sacrilega,
1443 1318 1599 1388 cujus
1624 1317 1818 1375 ﬁducia
1856 1317 1910 1371 in
1953 1316 2096 1371 hanc

509 1407 750 1465 declinas
780 1409 1086 1467 insaniam?
1130 1414 1270 1469 unde
1314 1422 1422 1467 tam
1450 1411 1790 1468 reticendum
1819 1409 1971 1465 nefas
2000 1424 2097 1463 ore

511 1497 717 1568 polluto
763 1502 969 1558 evomis
1014 1504 1297 1574 peritura?
1361 1503 1491 1570 Qum
1534 1512 1584 1558 te
1632 1517 1720 1557 res
1769 1502 1837 1557 ad
1880 1511 2097 1555 tantam

508 1587 898 1644 obscenitatem
928 1590 1311 1662 itnpulit?.non
1364 1592 1563 1659 forma,
1598 1607 1702 1647 non
1740 1605 1934 1662 genus,
1988 1604 2095 1643 non

509 1677 712 1732 divitia:
738 1679 997 1748 deerant;
1028 1683 1257 1738 huccinc
1285 1682 1488 1740 Urbani
1518 1685 1691 1756 patris
1716 1685 1837 1739 vita:
1876 1693 2095 1753 peracta
2127 1672 2171 1729 Β

508 1769 693 1823 studia
719 1773 975 1826 evasere?
1024 1772 1239 1843 Erpne
1287 1790 1352 1831 eo
1386 1777 1727 1833 miseriarum
1758 1776 2096 1847 perducitur,

509 1869 574 1915 ut
603 1877 762 1931 quam
792 1864 908 1934 ipse
940 1866 1114 1935 primo
1140 1868 1206 1923 ad
1238 1868 1499 1925 honorem
1544 1870 1769 1926 deorum
1814 1869 2097 1927 immorta—

511 1951 669 2019 lium,
708 1954 833 2011 inde
856 1967 1080 2014 senatus
1118 1958 1291 2028 plebis
1325 1959 1614 2030 populique
1644 1959 1872 2015 Romani
1900 1957 2099 2012 artium

515 2044 823 2101 iibcralium
855 2048 1153 2119 diSciplinis
1181 2052 1374 2107 instrui
1403 2052 1595 2117 voluit,
1646 2065 1742 2123 per
1784 2062 1834 2106 te
1886 2050 2103 2120 putissi-

497 2151 666 2190 Διῐιιιιιι
691 2136 981 2194 clarissimi
1012 2143 1228 2211 generis
1257 2143 1338 2198 sui
1370 2141 1653 2197 infantiam
1711 2151 1765 2196 et
1802 2141 2098 2212 perniciem

514 2230 814 2286 sortiatur?
846 2231 947 2299 Qui
975 2245 1029 2288 et
1052 2235 1097 2290 si
1130 2236 1264 2291 nihil
1297 2238 1425 2292 suavi
1464 2237 1716 2293 criminis
1739 2237 1874 2292 alias
1914 2236 2099 2291 \idea-

512 2332 613 2376 itur
647 2322 701 2378 in
745 2328 922 2395 patria
974 2327 1348 2393 commisisse,
1412 2338 1592 2384 tamen
1646 2329 1789 2398 quod
1848 2338 1898 2384 te
1941 2327 2103 2382 talem

518 2413 834 2470 educaverit
864 2416 1050 2480 ﬁliam,
1087 2419 1436 2474 nteritissime
1465 2428 1779 2476 censebitur
1813 2421 1954 2474 inter
1990 2434 2105 2473 ma—

518 2506 654 2562 ximi
685 2523 806 2565 reos
827 2509 1107 2568 facinoris.
1136 2512 1216 2568 Ad
1240 2513 1345 2569 hoc
1372 2514 1557 2584 itaque
1609 2515 1883 2571 obstinato
1922 2514 2106 2570 anime

521 2595 841 2654 dulcissima
867 2600 1138 2656 connubia
1166 2603 1511 2658 exsecraris?
1536 2612 1591 2659 et
1614 2604 2106 2660 illustrissimorum

519 2687 779 2756 iuvenum
805 2692 1314 2763 amplexus,quibus
1334 2694 1466 2749 nihil
1490 2710 1557 2749 ne
1580 2695 1871 2767 conjicitur
1889 2695 2106 2766 quidem

522 2781 759 2847 dulcius,
793 2782 1139 2848 reformidas,
1184 2796 1243 2838 ut
1291 2784 1496 2840 homini
1538 2785 1752 2857 perdito
1779 2784 2109 2856 virginitatis

524 2880 631 2924 tua:
658 2870 891 2941 insignia
922 2874 1161 2943 perdas?
1186 2884 1242 2929 et
1273 2876 1515 2942 numina,
1548 2877 1764 2948 quibus,
1797 2893 1840 2933 sn
1867 2886 2107 2948 optares,

522 2963 646 3016 usui
674 2963 913 3019 maximo
943 2962 1107 3030 fores,
1156 2965 1224 3021 ad
1272 2967 1345 3021 tui
1377 2980 1592 3038 pmnam
1631 2968 1783 3023 exitii
1825 2969 2113 3039 perhorre-

525 3053 804 3109 scas?Aa
860 3064 913 3112 te
950 3054 1083 3111 latet
1135 3057 1261 3126 quia
1321 3073 1389 3112 ex
1437 3072 1545 3130 quo
1599 3068 1760 3116 tanta:
1786 3060 2114 3115 calamitatis

524 3152 839 3211 portentum
875 3146 1065 3201 urbem
1114 3148 1357 3218 irrepsit,
1409 3149 1631 3204 liomani
1685 3149 1898 3219 imperii
1938 3157 2115 3204 status

526 3247 878 3292 externarum
905 3238 1140 3310 gentium
1177 3239 1379 3310 prteliis
1437 3241 1719 3296 lacessitus
1757 3241 2114 3305 imminuitur,

529 3329 810 3400 variisque
837 3330 1239 3385 calamitatibus
1270 3332 1640 3401 mancipatur?
1698 3332 1907 3387 Exhibe
1963 3346 2117 3402 ergo,

530 3420 659 3475 dum
715 3421 901 3487 vales,
953 3433 1167 3494 gratum
1213 3422 1315 3477 diis
1357 3423 1714 3494 obsequium,
1767 3438 1854 3490 ne,
1889 3424 1955 3478 ad
1982 3424 2119 3480 irtm

532 3512 763 3567 ulterius
807 3515 1134 3584 provocatis,
1160 3514 1473 3585 Augustalis
1504 3518 1788 3572 sentcntiae
1816 3524 1965 3571 motu
2016 3516 2121 3572 im-

498 3644 499 3647 η
533 3615 805 3660 maturam
838 3616 1065 3662 mortem
1097 3608 1415 3679 exprriaris.
1452 3629 1471 3662 ι

607 3698 687 3753 Ad
727 3700 841 3755 lucc
870 3715 993 3755 cum
1034 3699 1139 3755 alia
1174 3701 1461 3756 maledicta
1511 3700 1775 3755 adderent
1806 3719 1818 3755 :
1858 3721 1876 3753 ι
1907 3698 2119 3768 Qumso,

534 3792 1041 3862 iuquitChristina,
1072 3809 1333 3864 quorsum
1361 3794 1477 3849 hate
1528 3793 1892 3864 corruptionis
1943 3791 2125 3848 evadit

533 3886 858 3942 temeritas?
884 3887 1237 3943 Bacchamini
1269 3886 1499 3940 multttm
1547 3887 1602 3940 in
1640 3886 1937 3949 dominam,
1993 3884 2122 3940 resi-

532 3979 727 4048 piscite
770 3979 825 4035 in
870 3981 1004 4065 hoc;
1057 3981 1278 4051 quippe,
1307 3989 1367 4034 ut
1410 3980 1657 4043 nescitis,
1697 3978 1937 4034 Minerva
1992 3977 2124 4033 nihil

538 4073 719 4129 docet.
771 4070 996 4128 Servata
1027 4072 1419 4143 disputantium
1465 4072 1858 4128 consuetudine
1899 4070 2126 4126 alternis

536 4163 604 4218 ad
624 4164 1087 4234 comprobandum
1105 4166 1179 4239 rei
1198 4165 1482 4221 veritatem
1501 4164 1929 4234 obtemperando
1948 4164 2128 4218 ducto-

536 4271 658 4309 rum
695 4255 1004 4310 testimonio
1033 4258 1416 4326 procedamus.
1456 4277 1474 4309 ι
1523 4256 1588 4312 Ει
1621 4255 1759 4310 ill.e:
1790 4275 1808 4306 ι
1851 4254 1907 4309 Si
1948 4262 2124 4323 potes,

2186 417 2335 466 nam,
2366 400 2810 464 dominationem,
2834 398 3046 457 consilii
3072 398 3175 454 mei
3196 396 3709 479 summamarbitratai

2184 502 2368 546 vestro
2405 490 2691 559 commisi,
2747 499 2911 561 atque
2968 489 3123 555 ideo,
3186 487 3334 560 quod
3400 487 3529 541 ﬁdes
3570 496 3711 544 vestra

2187 582 2478 637 admodum
2504 580 2635 636 mihi
2658 580 3289 653 opportunajamdudutn
3305 586 3543 649 spectata
3558 578 3713 635 fuerat.

2189 672 2246 728 Si
2273 672 2402 744 quid
2431 672 2623 729 horum
2652 670 2791 729 forte
2830 671 3169 736 inliciamini,
3198 670 3380 739 reipsa
3408 668 3461 723 in
3483 670 3716 740 propatulo

2192 762 2488 817 constituta
2526 760 2864 818 convincam.
2905 780 2927 815 ι
2982 761 3054 816 At
3101 760 3334 819 comites
3388 758 3536 829 plura
3578 759 3718 815 dicere

2190 851 2522 923 cupientem,
2556 852 2753 909 talibus
2774 851 3214 925 aggressionibus
3245 858 3524 921 appetunt.
3555 870 3570 901 ι
3600 849 3719 905 Faci-

2192 945 2298 1001 lius
2346 946 2556 1002 clavem
2604 947 2670 1002 de
2714 962 2877 1002 manu
2927 946 3186 1002 divellere
3225 945 3438 1001 valebis
3486 943 3719 1009 Herculea,

2191 1053 2354 1108 quam
2398 1053 2518 1103 nos,
2549 1053 2579 1094 a
2652 1038 2936 1094 cunabulis
3003 1040 3195 1095 devote
3244 1036 3554 1093 numinibus
3603 1052 3721 1091 saera

2193 1138 2489 1200 solventes,
2522 1130 2629 1186 tuis
2652 1128 2985 1201 ferventibus
3016 1132 3068 1186 in
3092 1141 3212 1187 arte
3263 1130 3537 1195 rhetorica
3574 1130 3725 1185 studiis

2194 1220 2520 1278 Christiana:
2571 1234 2735 1280 sectae
2782 1224 2988 1295 absque
3062 1224 3335 1295 promissa
3393 1224 3724 1293 disceptatione

2195 1314 2492 1388 adjungcre
2546 1315 2780 1372 Tantum
2807 1318 2852 1373 si
2884 1318 2936 1373 in
2989 1319 3211 1373 deorum
3272 1316 3556 1375 divinitate
3589 1317 3725 1386 aliquo

2196 1409 2358 1465 modo
2388 1393 2624 1474 haesitas,
2650 1410 2724 1465 sit
2756 1427 2785 1465 a
2813 1410 2946 1467 Jove
2980 1411 3330 1483 principium,
3358 1412 3499 1479 quod
3528 1409 3568 1463 si
3594 1410 3726 1464 omni-

2196 1509 2473 1571 potentem
2526 1518 2630 1557 non
2680 1516 2802 1558 esse
2846 1512 3129 1574 poetarum
3179 1502 3267 1557 vel
3342 1500 3723 1573 philosophorum

2202 1594 2537 1653 testimoniis
2560 1596 3024 1666 comprobaveris,
3067 1595 3507 1666 quandoquidem
3551 1604 3642 1647 tum
3679 1593 3725 1645 de

2200 1687 2412 1742 caeteris
2440 1687 2781 1744 reticendum
2812 1698 2916 1751 est,
2953 1688 3059 1742 tuis
3090 1686 3201 1756 jam
3250 1683 3622 1742 assertionibus
3655 1698 3725 1737 nos

2201 1781 2467 1837 assentire
2489 1790 2670 1836 amota
2697 1781 3037 1837 dubitatione
3072 1780 3314 1844 videbis;
3366 1779 3459 1833 sin
3475 1787 3632 1831 autem
3655 1776 3726 1828 hoc

2200 1888 2451 1929 asserere
2509 1872 2649 1929 forte
2706 1874 3051 1944 nequiveris,
3098 1872 3379 1943 aequitatis
3440 1869 3725 1924 ratiocinatio

2203 1973 2425 2034 praestat
2454 1973 2510 2018 ut
2555 1964 2670 2034 pari
2704 1966 2864 2020 modo
2891 1965 3113 2020 deorum
3136 1973 3447 2019 nos:rorum
3475 1977 3569 2015 una
3592 1959 3725 2019 nobis-

2204 2073 2328 2112 cum
2412 2056 2665 2114 subdaris
2738 2056 2988 2127 imperio.
3043 2076 3063 2109 ι
3136 2054 3545 2128 Sapientissitna
3615 2052 3728 2119 virgo

2204 2149 2525 2219 respondit:
2567 2169 2586 2202 ι
2636 2149 2720 2205 Sit
2748 2150 2905 2222 juxta
2958 2158 3198 2206 vestram
3244 2146 3589 2212 sententiam;
3624 2159 3723 2207 rem,

2204 2256 2367 2311 quam
2397 2240 2556 2295 modo
2582 2241 2792 2296 dictura
2825 2255 2969 2308 sum,
3010 2250 3163 2311 puto,
3210 2239 3383 2295 corde
3424 2237 3621 2301 tenetis;
3659 2237 3725 2288 δαί

2206 2334 2260 2389 in
2292 2334 2530 2390 auctoris
2556 2332 2886 2389 sententiam
2917 2332 3144 2403 pedibus
3167 2332 3247 2387 ire
3278 2331 3348 2385 ad
3374 2342 3594 2401 praesens
3615 2327 3722 2381 lasti-

2207 2424 2354 2480 ditis.
2404 2423 2463 2479 In
2518 2423 2610 2479 illo
2654 2439 2889 2494 namque
2940 2422 3121 2478 libello
3140 2421 3385 2492 Apuleii,
3430 2420 3515 2490 qui
3545 2419 3615 2473 lle
3646 2418 3722 2471 Deo

2208 2515 2435 2571 sacratis
2450 2513 2719 2578 titulatur,
2743 2514 2796 2570 itt
2818 2528 2929 2584 quo
2941 2523 3162 2583 propter
3186 2509 3550 2567 incredibilem
3566 2508 3718 2575 copiam

2209 2608 2647 2676 suavitatemque
2694 2605 2910 2662 dicendi
2956 2620 3099 2674 saepe
3163 2613 3220 2660 et
3302 2603 3521 2658 multum
3564 2600 3720 2655 studere

2210 2704 2542 2769 solebamus,
2570 2717 2680 2757 non
2708 2701 2882 2757 solum
2912 2699 2980 2756 de
3003 2698 3323 2771 impotentia
3353 2694 3562 2767 Jupiter,
3586 2708 3717 2747 verum

2209 2797 2375 2852 etiam
2416 2796 2484 2852 de
2533 2793 2844 2850 commissis
2891 2793 2958 2853 ad
3012 2807 3171 2863 posse
3207 2789 3503 2847 sceleribus
3545 2784 3718 2856 apertius

2213 2886 2604 2944 inﬂammatur.
2660 2884 2798 2941 Nam
2852 2901 2976 2941 cum
3042 2886 3145 2940 iste
3216 2892 3402 2938 vester
3456 2879 3717 2949 omnipotens

2214 2994 2442 3036 summa:
2468 2979 2757 3050 potestatis
2786 2977 2957 3051 gloria
2984 2976 3329 3033 Cretensium
3349 2988 3504 3045 regno
3527 2972 3717 3043 potiretur

2218 3073 2321 3142 (sic
2350 3071 2496 3127 enim
2535 3072 2609 3128 ibi
2639 3071 2990 3143 accepimus),
3021 3068 3326 3127 Ascribatis
3358 3068 3464 3122 lilio
3494 3078 3648 3135 magna
3666 3061 3718 3123 ri.

2220 3160 2498 3233 multoque
2518 3161 2704 3217 labore
2733 3169 3097 3232 Oppugnatus,
3125 3158 3252 3214 dttm
3286 3158 3535 3213 resistere
3573 3152 3718 3221 nequit,

2219 3253 2356 3310 solio
2378 3252 2636 3324 expulsus
2658 3251 2922 3307 abscedit.
2952 3251 3020 3306 Et
3043 3250 3166 3319 quia
3194 3249 3435 3304 ludibrio
3458 3263 3485 3300 a
3509 3245 3602 3300 suis
3620 3256 3714 3297 eonr

2219 3343 2452 3414 plicibus
2498 3342 2821 3407 habebatur,
2856 3341 2947 3397 diu
3000 3356 3100 3396 sua
3154 3340 3498 3410 indagationc
3550 3337 3721 3389 incertus

2221 3445 2401 3490 tamen
2430 3433 2631 3490 habitis
2661 3432 2920 3503 auspiciis
2956 3445 3079 3487 sese
3123 3428 3427 3500 empireum
3454 3425 3629 3498 injecit,
3649 3418 3722 3472 diis

2221 3524 2493 3581 sacrificia
2524 3523 2791 3588 exhibuit,
2837 3536 3040 3592 eosque
3089 3520 3336 3591 postulat
3373 3519 3469 3574 sibi
3513 3509 3721 3585 opitulari,

2221 3617 2420 3690 quibus
2475 3613 2899 3687 suifragantibus
2937 3612 3107 3669 hostis
3152 3611 3473 3674 devincitur,
3514 3616 3563 3663 et
3585 3606 3637 3658 ita
3658 3598 3719 3654 Ju-

2224 3709 2366 3779 piter
2419 3705 2630 3761 exstitit
2683 3705 2979 3759 laureatus.
3043 3701 3231 3765 Plane,
3282 3709 3346 3754 ut
3396 3714 3528 3762 reor,
3568 3703 3717 3748 mecum

2223 3797 2551 3857 acuminatis
2601 3810 2728 3852 eum
2784 3795 2852 3851 de
2923 3792 3365 3865 impossibilitate
3415 3789 3563 3845 satius
3610 3794 3716 3853 posse

2224 3876 2423 3955 notari,
2483 3889 2575 3960 qui
2627 3902 2876 3958 regnum,
2925 3885 3069 3955 quod
3110 3898 3209 3938 suo
3264 3882 3377 3953 juri
3415 3878 3715 3934 vindicaverat,

2224 3983 2380 4039 bellis
2405 3988 2594 4052 aperte
2624 3978 2952 4044 eonvinctis,
2979 3977 3121 4031 hosti
3156 3974 3394 4045 reliquit,
3438 3981 3487 4028 et
3522 3967 3596 4039 qui
3632 3976 3714 4017 eum

2224 4089 2349 4129 cum
2372 4086 2481 4142 quo
2522 4085 2717 4127 manus
2767 4067 3019 4124 conferre
3052 4066 3202 4122 solus
3252 4064 3483 4127 erubuit,
3514 4068 3590 4113 aut
3616 4062 3716 4109 cette

2229 4163 2443 4227 timuit,
2502 4159 2720 4215 auxiliis
2791 4158 3012 4220 alienis,
3073 4171 3236 4227 quem
3302 4155 3507 4210 ﬂetibus
3550 4145 3714 4204 obtinuit

2229 4254 2505 4312 interﬁcit.
2554 4270 2574 4305 ι
2614 4251 2681 4306 Et
2725 4253 2888 4322 paulo
2935 4259 3050 4321 post
3092 4249 3236 4304 idem
3284 4246 3525 4317 Apuleius
3547 4243 3600 4296 de
3616 4240 3713 4290 intr-

533 4347 812 4418 iuquiunt,
837 4358 890 4401 tu
921 4322 1074 4418 prio—r
1094 4348 1223 4419 quid
1251 4364 1444 4403 censes
1475 4349 1741 4419 agendum
1770 4322 2120 4416 aggredere.»
2157 4367 2203 4421 ι)
2229 4345 2428 4402 stnosis
2451 4344 2568 4415 ejus
2593 4335 2932 4398 facinoribus
2953 4343 3025 4395 ita
3046 4340 3278 4395 orditur.
3307 4358 3326 4391 ι
3357 4322 3713 4421 Expergiscimilti

534 4441 608 4494 At
636 4440 835 4511 puclla,
870 4448 929 4493 ut
960 4449 1078 4495 erat
1106 4450 1389 4494 oratorum
1420 4441 1614 4495 studiis
1641 4455 1895 4504 accensa,
1926 4440 1999 4494 ita
2022 4438 2125 4497 silli

538 4551 637 4589 eas
665 4536 922 4593 ulfeclare
961 4533 1350 4589 benevolentia:
1395 4534 1529 4588 locis
1578 4533 1755 4602 primo
1802 4543 1997 4587 conata
2022 4541 2126 4587 est.

547 4646 567 4675 ι
591 4624 935 4690 Meministis,
973 4625 1157 4691 sociae,
1181 4634 1382 4696 quanta
1412 4626 1464 4679 in
1502 4625 1779 4696 prosperis
1811 4633 1867 4680 et
1883 4624 2131 4683 adversis

540 4727 903 4787 utrorumque
930 4716 1365 4772 commtmicatur
1393 4732 1521 4788 erga
1554 4731 1652 4774 vos
1698 4717 1946 4781 exitium,
1986 4714 2131 4786 quod

540 4807 709 4861 etiam
737 4822 911 4877 neque
938 4807 1142 4872 animo,
1171 4821 1346 4876 neque
1362 4822 1588 4878 corpore
1613 4824 1642 4861 a
1660 4807 1814 4864 vobis
1841 4807 2129 4887 ablucrim.

2229 4438 2608 4512 pulcherrima:
2634 4445 2868 4490 matrum
2900 4434 3162 4498 familias;
3194 4432 3373 4487 Liberi
3399 4416 3713 4516 quidem

2231 4531 2385 4586 ferite
2429 4543 2617 4585 mense
2668 4526 2917 4598 sequenti
2963 4525 3297 4589 subintrant,
3360 4530 3494 4578 certe
3545 4512 3712 4568 vicissim

2231 4625 2379 4680 illius
2423 4623 2773 4680 simulacrum
2819 4636 2917 4692 per
2963 4636 3113 4685 rura,
3152 4634 3251 4691 per
3275 4615 3513 4688 compita.
3542 4609 3625 4663 ῖιηο
3648 4613 3713 4673 ller

2235 4717 3711 4799 urbem............--.'

3365 4801 3547 4857 Marcus
3597 4798 3710 4845 etiam

543 4899 756 4942 Szpnitts
802 4914 901 4942 mm
958 4915 1169 4942 nim-nm
1235 4914 1621 4942 nrnnncnprnm
1654 4899 1747 4942 uti.
1787 4909 1910 4942 nncl
1965 4899 2134 4942 nali-is
2157 4904 2203 4942 ο
2237 4904 2411 4942 ναι-νη
2437 4903 2568 4942 ηιιίιΙ
2596 4901 2665 4942 ah-
2693 4903 2795 4942 ιιευι
2817 4901 2903 4942 nni
2924 4898 3260 4942 cnnnliratic-
3302 4896 3452 4942 Vasta
3479 4890 3523 4942 in
3555 4886 3712 4942 ("235m
