3936 5402
263 130 406 188 19.Ἰὸ

1406 157 1565 219 VITA
1588 161 1677 223 ΕΤ
1714 163 1958 229 PASSIO
1981 167 2040 227 S.
2069 170 2479 235 CHRISTINE.

3393 197 3531 254 12η

256 244 478 304 Iamiam
501 265 607 307 non
640 264 832 326 sponte
858 274 1148 333 Perpessus
1171 266 1476 339 ιιυιιιεηιοιιί
1504 276 1695 342 οθεεῑις
1716 276 1839 334 “me
1868 290 1916 348 A
1945 283 2117 341 solum
2168 287 2271 343 hoc
2330 292 2398 349 ad
2472 293 2736 353 libertatis
2798 311 2997 358 nostra:
3046 310 3532 379 parvnpcnderetur

256 336 515 379 ululamina
547 346 727 379 mnu-ir
790 347 1116 379 Apama—4...-..
1154 357 1355 379 __._L_-
1419 373 1457 379 -,
1544 364 1555 376 α
1603 364 1615 378 ο
1751 369 1761 379 .
2062 378 2085 379 ,,

255 336 515 405 pudorem
547 346 751 413 rapuit,
781 347 1118 421 Agenoream
1153 336 1359 427 prolem
1419 364 1556 418 tauri
1602 364 1838 439 imagine

253 424 486 495 delusit,
541 444 702 516 omne
757 438 954 506 etiam,
1006 424 1169 514 quod:
1194 446 1298 504 sibi
1351 451 1615 520 collibuit,
1661 424 1839 516 scelus

251 515 506 585 admisit,
556 508 618 575 et
653 523 953 584 divinitatis
1006 508 1112 589 sibi
1178 537 1519 610 majestatem
1579 548 1837 617 opinione

250 604 413 713 impia
447 626 709 685 usurpare
737 633 844 674 non
878 623 1088 689 puduit.
1137 604 1281 686 Ecce
1328 635 1474 704 quali
1522 604 1836 713 quantoque

251 698 364 754 Deo
390 715 570 758 arcem
601 707 762 763 etiam
786 710 1143 783 Capitolinam
1172 721 1402 782 Romani
1434 730 1830 791 observandam

246 801 308 842 se
333 796 743 855 commendasse
771 804 1110 877 gaudebant;
1149 815 1242 869 sed
1270 818 1360 874 ubi
1389 819 1684 879 invisarum
1702 843 1831 898 gen-

246 880 381 936 tium
411 890 666 955 potestati
721 894 849 949 urbs
908 906 1019 979 tota
1064 914 1226 962 nocte
1263 908 1585 982 intempesta
1647 880 1827 975 dedita

244 982 358 1043 est;
397 977 524 1035 illud
551 993 699 1040 certe
728 977 1017 1049 clarissimi
1070 996 1284 1070 imperii
1321 1004 1650 1063 domicilium
1681 1020 1829 1068 esset

241 1080 366 1122 cum
397 1071 586 1128 eodem
620 1081 844 1136 custode
901 1097 1156 1157 captum,
1207 1095 1309 1149 nisi
1366 1099 1553 1170 vigiles
1601 1117 1825 1161 anseres

237 1155 371 1213 Jove
400 1159 668 1222 incautius
699 1169 1002 1232 dormiente
1024 1182 1166 1236 arcis
1193 1188 1444 1244 custodes
1470 1193 1821 1250 excitassent.

238 1247 393 1306 Unde
421 1254 618 1312 mirum
648 1271 732 1316 est
761 1272 870 1320 tam
908 1272 1162 1328 cordatos
1199 1277 1444 1336 homines
1476 1282 1527 1338 in
1576 1285 1826 1358 hujusce-

235 1343 381 1443 modi
431 1354 754 1416 postmodnn
788 1350 1017 1418 culturis
1046 1366 1218 1438 decipi
1259 1374 1519 1442 potuisse.
1556 1343 1664 1431 Sed
1691 1380 1819 1449 quia

226 1431 342 1500 jam
373 1436 441 1493 de
469 1439 760 1502 illustrium
796 1451 1035 1510 virorum
1063 1462 1411 1531 testimoniis,
1450 1469 1515 1523 de
1547 1469 1816 1541 impoten-

232 1525 308 1581 tia
395 1547 460 1616 ac
537 1540 871 1627 turpitudine
940 1546 1090 1605 Jovis
1145 1558 1421 1625 proposita
1493 1563 1630 1617 ratio
1685 1566 1815 1621 mihi

226 1619 448 1678 videtur
480 1627 547 1711 ad
575 1619 804 1703 ungnezn
849 1630 1281 1712 perdticta,'vos,
1313 1650 1355 1704 si
1405 1653 1533 1722 quid
1585 1656 1651 1709 ad
1703 1658 1816 1715 hinc
1848 1679 1892 1739 Β

226 1720 604 1784 opponendum
625 1728 842 1792 putatis.
864 1741 918 1786 ut
941 1734 1083 1789 dicta
1108 1720 1506 1799 confirmatum:
1529 1748 1765 1817 objicite.
1788 1775 1809 1806 ι

221 1805 293 1861 Et
323 1809 429 1864 illa:
453 1828 469 1866 ε
505 1832 523 1864 ‹
552 1814 984 1888 Lvidcntissime,
1017 1825 1289 1898 inquiunt,
1312 1835 1536 1891 rationis
1550 1805 1757 1909 jiidicio
1782 1859 1812 1897 a

220 1905 509 1966 divinitate
541 1920 747 1972 temere
775 1917 1048 1989 affectata,
1081 1936 1268 1983 noster
1298 1930 1536 2000 tigrellns
1565 1936 1812 1992 excludi-

219 2008 345 2067 tur;
393 2019 492 2059 nos
538 2016 719 2062 autem
758 2011 892 2066 nihil
952 2019 1305 2087 Opponimus;
1360 2023 1533 2078 solum
1584 2028 1812 2096 posthac

219 2094 353 2163 quid
404 2096 703 2155 divinitatis
751 2102 817 2158 de
871 2103 1091 2161 Christo
1138 2119 1418 2180 autumas,
1467 2094 1623 2174 nobis
1672 2134 1703 2173 a
1760 2129 1810 2178 te

222 2185 499 2254 poscimus
556 2188 986 2252 luculentissimc
1022 2201 1317 2271 explanari.
1352 2226 1372 2257 ›
1414 2207 1685 2267 Christina
1726 2214 1809 2269 di-

221 2277 345 2333 xit:
382 2297 401 2331 ι
441 2281 587 2339 Satis
613 2286 804 2354 probe,
827 2294 1230 2361 superstitionis
1283 2314 1471 2355 errore
1529 2304 1804 2375 suppluso,

218 2371 607 2442 omnipotentis
640 2378 732 2433 Dei
790 2380 1132 2441 divinitatem
1190 2392 1497 2461 quniritis,
1528 2371 1744 2469 ut—quie

216 2458 554 2520 fcscenninis
583 2481 831 2524 errorum
861 2475 1103 2531 tenebris
1137 2491 1316 2537 mente
1345 2483 1591 2541 obducta:
1629 2504 1805 2544 ciccu-

212 2553 354 2619 titi.=,
400 2557 513 2610 veri
569 2558 1238 2634 luminis,qni‘Christus
1300 2585 1414 2640 est,
1470 2580 1803 2637 mternaliter

209 2646 630 2715 rrsplendeatis.
662 2653 926 2714 Exbibete
959 2660 1145 2732 itaque
1178 2667 1389 2724 animos
1437 2685 1504 2726 aa
1561 2690 1622 2729 ea
1682 2692 1801 2746 qum

206 2733 488 2804 ﬂagitatis,
522 2749 577 2794 et
623 2758 710 2799 me
762 2746 1083 2815 simpliciter
1123 2769 1467 2819 perorantem
1514 2733 1800 2834 diligenter

203 2829 493 2886 attendite.
536 2832 798 2893 Dominus
825 2837 983 2898 Jesus
1014 2843 1282 2914 Christus,
1311 2849 1377 2905 de
1408 2852 1562 2923 cujus
1603 2829 1798 2913 divini-

203 2928 322 2974 tate
371 2936 458 2976 me
509 2924 763 2983 famulam
814 2946 968 2987 suam
1012 2935 1252 2994 scienter
1298 2942 1589 3013 inqiiiritis,
1637 2964 1795 3005 verus

1946 378 2227 447 auxilium,
2260 384 2616 452 spontaneum
2648 391 2828 447 crucis
2859 396 3153 466 assumpsit
3192 378 3523 472 patibulum;

1942 470 2171 529 moritur
2218 474 2342 530 vitze
2395 475 2685 546 Dominus;
2737 484 2922 542 mundi
2972 485 3142 559 gloria
3194 492 3522 577 tumulatur;

1941 569 2087 618 terra
2118 569 2447 635 concutitur,
2485 571 2563 626 sol
2585 573 2931 644 obscuratur,
2962 577 3135 652 legem
3163 599 3267 640 non
3304 569 3525 644 servant

1936 652 2203 711 elementa
2238 669 2466 727 naturm,
2500 678 2729 732 quorum
2764 665 3026 725 Dominus
3075 682 3159 731 est
3205 676 3519 733 crucifixus.

1935 742 2303 805 Claudebatur
2355 752 2407 807 in
2458 755 2707 826 sepulcro
2757 775 2923 826 caro,
2978 770 3033 816 et
3078 764 3377 821 divinitatis
3408 783 3520 824 sua:

1933 842 2173 911 potentia
2208 840 2494 915 frangebat
2529 847 2769 904 claustra
2811 850 3032 909 inferni.
3061 853 3408 912 Concurrunt
3448 859 3517 915 ad

1932 942 2055 982 eum
2098 933 2303 1002 populi,
2336 944 2416 990 tot
2440 937 2765 993 saeculorum
2802 941 2993 1011 spatiis
3035 945 3292 1000 continua
3339 957 3517 1005 morte

1929 1019 2192 1076 damnati.
2225 1023 2391 1079 Adest
2423 1027 2631 1097 primus
2662 1044 2860 1100 parens
2911 1031 3265 1104 terrigenum,
3314 1044 3373 1090 et
3402 1036 3515 1106 pri-

1929 1113 2122 1167 mordii
2155 1114 2235 1168 sui
2261 1119 2507 1186 agnoscit
2536 1119 2823 1186 indicium;
2855 1121 3145 1179 obsecrant
3181 1123 3513 1183 unanimiter

1926 1199 2242 1258 Creatorem
2272 1220 2451 1271 suum,
2489 1216 2651 1278 atque
2677 1210 2744 1265 ad
2773 1226 2832 1266 se
2860 1212 3198 1267 excusandas
3245 1214 3508 1284 praevari-

1925 1296 2159 1352 cationis
2204 1300 2500 1355 ostendunt
2551 1293 2899 1372 principium.
2959 1303 3137 1360 Motus
3161 1305 3368 1362 interea
3403 1306 3509 1363 Do-

1925 1388 2104 1443 minus
2151 1391 2369 1446 actcrnis
2404 1394 2633 1448 vinculis
2686 1395 2907 1450 humani
2947 1398 3162 1468 generis
3187 1397 3369 1470 alligat
3404 1398 3510 1453 ini-

1924 1481 2161 1547 inicum,
2207 1492 2261 1539 et
2316 1501 2410 1541 eos
2461 1502 2596 1558 quos
2646 1487 2815 1545 voluit
2862 1506 3044 1544 secum
3094 1490 3389 1555 deducens,
3436 1492 3503 1547 ad

1923 1587 2122 1642 corpus
2174 1575 2357 1641 rediit,
2413 1592 2478 1632 ac
2521 1578 2678 1632 tertia
2717 1577 2833 1655 jam
2887 1579 3002 1645 die,
3053 1581 3196 1636 sicut
3226 1581 3505 1651 discipulis

1921 1664 2034 1718 suis
2066 1666 2421 1734 praedixerat,
2471 1671 2729 1725 surrexit.
2783 1670 2915 1728 Post
2963 1672 3319 1743 quadraginta
3373 1688 3505 1727 vero

1918 1756 2035 1814 dies
2066 1760 2131 1813 ad
2165 1761 2351 1825 eteius,
2393 1762 2531 1816 unde
2556 1776 2796 1829 venerat,
2845 1781 2969 1820 cum
3001 1782 3228 1835 corpore
3277 1764 3505 1821 manife-

1916 1853 2156 1907 stissime
2209 1854 2385 1908 rediit.
2423 1853 2756 1926 Comprobat
2793 1856 2896 1911 huc
2925 1855 3228 1912 certissime
3267 1857 3503 1912 inteme-

1914 1952 2032 1997 rata
2060 1954 2369 1998 sanctorum
2397 1945 2764 2015 apostolorum
2789 1947 3101 2002 auctoritas.
3133 1936 3225 2015 qui
3254 1946 3500 2001 veritatis

1912 2051 2098 2091 amore
2125 2036 2267 2092 felici
2301 2046 2477 2093 morte
2506 2038 2749 2093 damnati
2805 2049 2951 2095 sunt.
3011 2039 3306 2096 Tcstantur
3355 2040 3406 2095 id
3445 2046 3503 2095 et

1910 2127 2285 2198 gloriosissimi
2319 2139 2614 2202 martyres,
2674 2131 2789 2204 qui,
2851 2132 2993 2187 inter
3044 2131 3302 2203 equuleos
3340 2132 3500 2186 llam-

1909 2237 2137 2293 masque
2171 2223 2431 2289 victores,
2474 2222 2788 2280 Creatorem
2845 2226 3086 2282 omnium
3135 2243 3316 2282 rerum
3361 2242 3500 2298 prae-

1908 2311 2090 2366 dicare
2122 2328 2226 2367 non
2269 2323 2536 2368 metuunt.
2582 2314 2643 2369 lli
2670 2327 2849 2372 autem
2890 2318 3015 2371 dum
3054 2318 3171 2372 hinc
3220 2325 3492 2382 astruunt,

1906 2404 2116 2459 animos
2154 2404 2491 2460 audientium
2519 2408 2586 2460 ad
2633 2406 2876 2463 cmlestia
2932 2424 3097 2480 regna
3137 2408 3490 2479 compellunt,

1904 2494 2143 2562 ethunc,
2175 2511 2295 2566 quae
2334 2504 2541 2552 tantum
2574 2498 2774 2553 dicitur
2812 2499 2944 2565 vita,
2984 2501 3198 2571 penitus
3247 2509 3491 2554 contem-

1903 2595 2130 2651 nentes,
2177 2587 2365 2654 aliam,
2392 2589 2633 2660 ignaram
2684 2590 2906 2655 mortis,
2945 2599 3000 2645 et
3028 2606 3148 2660 qua:
3193 2589 3335 2645 finiri
3379 2605 3489 2645 non

1901 2677 2069 2740 novit,
2101 2677 2410 2747 acquirunt.
2448 2678 2527 2733 Ad
2558 2691 2721 2750 «fuam
2748 2681 2935 2750 procul
2975 2681 3159 2747 dubio,
3210 2682 3255 2739 si
3305 2679 3489 2736 volne-

1900 2765 2038 2827 rliis.
2072 2776 2126 2820 et
2164 2781 2279 2832 vos,
2308 2766 2634 2824 dulcissimae
2668 2770 2918 2837 comites,
2969 2771 3048 2826 ire
3067 2771 3336 2841 poteritis.
3370 2789 3389 2825 ι
3419 2770 3487 2825 Et

1898 2854 2002 2908 illa:
2032 2874 2044 2908 :
2079 2874 2096 2907 ι
2125 2855 2386 2912 Volumus
2414 2858 2602 2925 modo;
2638 2857 2940 2915 divinitatis
2964 2861 3260 2932 potentiam
3291 2874 3482 2914 omnes

1896 2946 2050 3001 valde
2110 2949 2398 3015 miramur,
2476 2949 2572 3004 sed
2637 2951 2875 3009 maxime
2946 2951 3012 3007 de
3069 2951 3161 3007 tali
3225 2960 3485 3022 tantoque

199 3010 348 3067 Deus
377 3026 458 3069 est
485 3026 612 3086 ante
641 3022 826 3076 mundi
850 3025 1139 3095 originem,
1170 3047 1237 3085 cx
1269 3010 1535 3090 Deo'vet'u
1552 3040 1790 3108 genituS,
1822 3035 1862 3092 C
1898 3039 2115 3108 pietatis
2141 3055 2340 3112 genere
2363 3040 2826 3111 obstupesciinus;
2859 3042 3254 3111 inenarrabilis,
3288 3052 3346 3099 ut
3384 3058 3482 3098 no-

197 3116 302 3172 per
335 3120 495 3173 quem
534 3112 714 3166 omnia
761 3112 907 3170 facta
949 3128 1097 3189 sunt,
1148 3138 1256 3178 non
1310 3125 1597 3197 adoptivus
1629 3170 1643 3195 ,
1692 3146 1791 3186 nec

193 3197 600 3268 pliantasticus,
632 3206 725 3259 sed
761 3211 1274 3282 consubstantialis,
1327 3229 1381 3274 ct
1417 3223 1790 3279 cocssentialis

195 3291 351 3346 Patri
377 3293 735 3362 omnipotenti
758 3300 1071 3371 unigenitus
1099 3305 1289 3363 Filius.
1317 3309 1418 3376 Qui
1460 3323 1582 3384 post
1618 3317 1786 3375 multa

195 3399 228 3437 a
274 3385 493 3440 condito
524 3389 726 3445 mundo
770 3406 1042 3451 annorum
1074 3401 1370 3467 curricula,
1400 3422 1507 3461 non
1538 3419 1782 3474 coactus,

191 3473 292 3529 sed
336 3490 431 3529 sua
482 3486 538 3533 et.
583 3478 764 3534 Patris
816 3484 1096 3543 voluntate
1123 3489 1189 3545 ad
1241 3490 1578 3552 liberandum
1612 3473 1781 3567 genus

191 3567 514 3635 humanum,
544 3572 791 3643 originali
824 3575 1037 3633 vinculo
1068 3580 1375 3649 irretitum,
1431 3589 1572 3656 quod
1619 3590 1778 3660 primi

188 3661 437 3730 parentis
464 3661 643 3733 culpa,
679 3665 946 3724 diabolico
976 3670 1233 3728 instinctu
1264 3687 1563 3745 contracta,
1593 3680 1662 3735 ab
1692 3681 1780 3737 illa

187 3752 507 3822 angelorum
538 3754 797 3813 felicitate
826 3771 1085 3831 perpetua
1129 3765 1182 3820 in
1215 3767 1533 3826 barathrum
1556 3783 1778 3832 teterna:

186 3845 388 3900 mortis
421 3846 713 3916 inciderat,
753 3851 819 3908 de
842 3854 995 3910 caelis
1023 3855 1074 3910 in
1105 3865 1316 3914 uterum
1349 3859 1585 3930 Virginis
1609 3866 1773 3933 venit,

183 3944 245 3991 et
278 3951 439 4007 quem
480 3940 602 3995 cmli
650 3944 907 4012 ambitus,
958 3949 1219 4021 orbisque
1278 3954 1445 4010 totius
1498 3958 1777 4027 capacitas

180 4042 385 4098 capere
407 4031 614 4100 nequit,
645 4046 875 4105 angusto
899 4047 1055 4094 utero
1085 4041 1245 4114 Virgo
1264 4045 1510 4116 pertulit.
1538 4048 1619 4103 Ex
1668 4066 1773 4120 qua

180 4133 354 4174 carne
381 4129 583 4177 nostrae
633 4126 983 4185 mortalitatis
1034 4130 1274 4199 indutus,
1327 4137 1599 4206 perfectus
1631 4140 1775 4198 Deus

178 4219 241 4264 et
276 4212 437 4266 homo
461 4213 789 4283 periclitanti
819 4222 1018 4277 mundo
1044 4240 1102 4279 se
1131 4227 1390 4295 praebuit;
1438 4231 1508 4286 ab
1535 4232 1774 4290 homini-

173 4301 285 4357 bus
313 4302 530 4371 quidem
560 4307 736 4372 visns,
788 4320 844 4368 et
879 4327 1002 4371 cum
1028 4314 1343 4374 hominibus
1382 4336 1762 4392 conversatus,

1893 3129 1975 3183 bis
2006 3128 2238 3196 videtur,
2270 3141 2325 3185 et
2356 3140 2538 3186 exstat
2573 3132 2687 3188 haec
2707 3133 2923 3207 gietas,
2981 3148 3045 3189 ac
3096 3133 3261 3188 totius
3289 3132 3479 3188 mundi

1892 3218 2111 3277 fabricae
2141 3232 2328 3277 nostro
2358 3223 2576 3294 quidem
2609 3223 2817 3295 judicio
2869 3222 3328 3296 incomparabilis.
3362 3223 3478 3295 Age

1888 3325 2038 3381 ergo,
2070 3313 2292 3382 etquod
2326 3313 2419 3368 tibi
2451 3315 2518 3369 ad
2565 3322 2776 3370 tantum
2825 3316 3080 3387 gaudium
3122 3315 3473 3371 obtinendum

1888 3402 2195 3460 Christiana
2219 3405 2485 3475 professio
2506 3408 2734 3478 expetit,
2762 3423 2953 3464 secura
2986 3408 3145 3464 nobis
3166 3409 3284 3464 sine
3321 3423 3475 3462 mora

1885 3506 2202 3564 exsequere.
2249 3514 2268 3547 ι
2321 3496 2393 3551 At
2439 3496 2742 3563 Cbristina,
2797 3500 3221 3570 prudentissima
3287 3500 3473 3570 virgo,

1886 3585 2019 3639 tanti
2055 3585 2276 3655 tripudii
2320 3586 2599 3642 hilaritate
2647 3587 2891 3657 perfusa.
2930 3591 2999 3645 ad
3056 3590 3470 3644 simulacrorum

1883 3675 2147 3747 imagines
2194 3676 2460 3735 citissime
2517 3694 2576 3734 se
2611 3666 2775 3735 cursu
2806 3681 3098 3752 proripuit,
3136 3690 3192 3737 et
3238 3680 3467 3751 virgula,

1880 3782 2042 3838 quam
2103 3784 2268 3824 manu
2319 3768 2595 3842 gestabat,
2647 3767 2836 3826 Jovem
2908 3772 3162 3842 primitus
3217 3771 3464 3827 feriens.

1884 3878 1903 3912 ‹
1939 3860 2198 3932 Experire
2226 3861 2278 3917 in
2308 3878 2415 3929 me,
2441 3863 2536 3929 ait,
2567 3863 2612 3919 si
2644 3879 2782 3934 quas
2812 3864 2981 3921 habes
3020 3866 3188 3930 vires,
3235 3872 3395 3934 teque
3421 3863 3466 3917 si

1875 3963 2031 4024 potes
2072 3954 2141 4011 ab
2185 3954 2334 4010 illata
2385 3954 2480 4009 tibi
2526 3954 2724 4026 injuria
2787 3965 3050 4011 consueto
3117 3969 3267 4009 more
3332 3953 3467 4008 ulci-

1875 4062 2051 4102 scere.
2086 4065 2105 4098 ›
2139 4044 2382 4118 Cumque
2412 4048 2516 4102 hoc
2544 4047 2867 4104 alternando
2896 4047 3186 4118 unicuique
3235 4045 3466 4100 inferret

1873 4137 2246 4207 cpprubrium,
2279 4138 2463 4194 omnia
2505 4139 2666 4197 simul
2717 4139 2986 4210 arripiens
3029 4139 3082 4194 in
3137 4154 3304 4196 unum
3336 4152 3462 4194 coa-

1873 4228 2132 4295 cervavit,
2165 4242 2332 4300 seque
2382 4246 2507 4285 cum
2554 4229 2660 4287 illis
2704 4232 2950 4300 proxima
3000 4231 3253 4286 videlicet
3299 4238 3460 4285 nocte

1871 4336 2161 4391 parvorum
2203 4323 2533 4379 adminiculo
2577 4325 2961 4381 resticulorum
3011 4340 3110 4396 per
3157 4323 3454 4380 fenestram

175 4400 526 4462 peccatorum
563 4408 619 4452 et
658 4400 1071 4469 publicanorum
1100 4409 1329 4478 amicus,
1363 4420 1417 4467 et
1462 4428 1760 4487 pauperum
1795 4401 1846 4463 ο
1871 4415 2094 4483 dimisit,
2139 4416 2468 4473 Christianis
2514 4417 2807 4473 latentibus
2846 4416 3109 4489 quidquid
3144 4431 3261 4471 erat
3297 4416 3452 4470 exhi-

174 4482 510 4551 piscatorum
537 4502 721 4544 comes
748 4490 994 4560 effectus,
1019 4497 1087 4553 de
1129 4500 1327 4569 quibus
1364 4482 1498 4561 fecit
1538 4482 1759 4577 aposto-

171 4571 277 4636 los,
304 4587 439 4643 quos
476 4579 757 4635 consuluit
780 4584 1142 4655 patriarchas,
1180 4606 1460 4660 prmcones
1491 4600 1758 4668 veritatis,

162 4660 381 4731 judices
425 4668 626 4722 smculi.
678 4670 742 4725 Et
771 4681 828 4726 ut
885 4676 1038 4731 vobis
1094 4683 1237 4749 quod
1274 4688 1513 4753 praedico
1568 4660 1763 4749 melius

169 4756 498 4823 innotescat,
528 4761 671 4819 hunc
697 4766 765 4820 ad
791 4766 945 4835 cujus
968 4773 1193 4843 vestigia
1221 4779 1558 4849 supplicandi
1580 4784 1758 4854 gratia

171 4864 239 4904 es
293 4857 406 4906 toto
463 4853 595 4909 orbe
657 4861 1035 4929 concurritur,
1084 4865 1414 4935 piscatorem
1480 4853 1754 4944 quondam

170 4939 332 4995 immo
356 4956 632 5012 parvoque
660 4948 759 5004 reti
797 4958 1134 5024 contentmr,
1165 4957 1462 5030 principem
1490 4966 1674 5021 mundi
1700 4976 1756 5023 et.

166 5030 288 5085 cmli
326 5031 657 5103 clavigerum
687 5041 993 5099 adornavit.
1020 5044 1240 5104 Talibus
1270 5052 1455 5113 utique
1484 5058 1755 5117 ministris

161 5124 471 5195 majestatis
524 5143 637 5186 suae
714 5142 924 5189 secreta
984 5141 1227 5208 aperuit,
1279 5151 1334 5197 et
1388 5147 1607 5211 eosdem
1650 5168 1751 5212 sua

153 5216 544 5284 pricclicatione
568 5222 753 5279 docuit
782 5224 1199 5297 humanitatem,
1229 5233 1534 5294 daemonum
1587 5258 1751 5299 exor-

154 5308 203 5361 bi
213 5317 384 5363 tatam
418 5307 707 5378 illecebris,
729 5314 779 5371 in
797 5314 1072 5378 Creatoris
1093 5321 1177 5381 sui
1200 5324 1430 5397 gratiam
1458 5344 1742 5402 revocare;

1868 4509 2008 4578 buit,
2050 4518 2212 4580 atque
2248 4525 2349 4582 per
2377 4525 2569 4567 manus
2612 4525 2802 4567 eorum
2847 4511 3035 4583 egenis
3072 4511 3345 4582 eroganda
3370 4510 3455 4564 di-

1866 4602 2104 4658 stribuit.

1940 4693 2037 4749 llis
2068 4694 2251 4765 itaque
2276 4695 2533 4768 peractis,
2584 4710 2807 4767 gressus
2831 4696 2976 4751 unde
3001 4694 3197 4749 tulerat
3242 4696 3460 4764 retulit,

1866 4796 1922 4839 et
1959 4786 2272 4854 comitibus,
2304 4803 2422 4858 qua:
2446 4796 2714 4861 gesserat,
2750 4787 2945 4844 ordine
2969 4787 3257 4842 intimavit.
3285 4788 3457 4845 lntcr~

1862 4895 1927 4936 ea
1981 4881 2108 4936 dum
2140 4896 2225 4935 res
2250 4882 2431 4937 taliter
2460 4891 2737 4954 ageretur,
2762 4897 2962 4954 magna
2983 4881 3211 4937 militum
3224 4883 3461 4954 stipante

1859 4982 2100 5028 caterva.
2131 4987 2197 5028 eo
2226 4974 2369 5041 quod
2391 4976 2540 5031 urbis
2563 4974 2957 5044 przefecturam
2976 4976 3188 5046 agebat,
3207 4971 3469 5039 Urbanus

1861 5066 2110 5137 advenit;
2142 5064 2314 5122 festus
2353 5083 2498 5129 enim
2532 5068 2674 5138 apud
2702 5082 2797 5123 eos
2830 5069 2964 5131 dies
3005 5078 3134 5152 tunc
3179 5076 3465 5151 agebatur.

1860 5158 2109 5229 Dumque
2146 5158 2200 5213 in
2231 5159 2495 5229 Apollinis
2534 5161 2781 5232 Stipitem
2821 5160 3163 5224 intenderet,
3205 5161 3265 5210 ut
3294 5157 3369 5218 ei.
3403 5160 3471 5215 ad

1859 5269 2021 5323 quem
2059 5262 2305 5319 venerat,
2341 5255 2503 5313 thura
2532 5253 2889 5323 incenderet,
2949 5250 3299 5313 simulacrum
3352 5252 3476 5306 nul-

1858 5346 1968 5402 lum
2024 5345 2200 5402 videt:
2254 5362 2562 5402 marmuuue
2614 5347 2706 5402 diu
2762 5343 3147 5402 admiratione
3207 5342 3480 5399 attonitus
