3936 5402
529 306 554 361 ι
564 305 668 361 275

529 419 697 474 totius
723 417 1030 492 reipublicat
1053 415 1458 486 Christum,qui
1493 417 1546 471 in
1570 417 1835 481 ccclisest,
1863 414 2106 478 adoravi;

531 511 685 582 cujus
715 511 995 576 instinctu,
1034 512 1295 580 cujusque
1347 509 1542 565 fiducia
1591 509 2110 582 perniciosissimum

528 618 654 660 esse
687 603 1006 658 existimans
1057 602 1494 658 sceleratissimis
1540 613 1595 656 et
1641 603 1963 657 miserrimis
2012 587 2112 654 ho-

529 693 911 749 muncionibus
933 693 1228 748 divinitatis
1254 693 1592 762 majestatem
1633 692 1925 756 ascribere,
1952 701 2114 770 atque

528 801 718 840 eorum
745 777 1098 857 supplicando
1125 784 1457 850 simulacris,
1512 783 1826 840 Creatorem
1869 783 2113 839 omnium

529 891 712 930 rerum
748 874 1060 954 Ioll’endere,
1111 877 1274 930 statui
1313 891 1376 932 ea
1415 877 1665 932 manibus
1701 877 1837 930 meis
1873 873 2115 930 confrin-

531 984 679 1040 gere,
706 975 759 1022 et
789 968 1050 1038 quidquid
1081 969 1260 1024 inerat
1289 969 1502 1040 argenti
1535 967 1616 1026 vel
1638 969 1756 1024 auri
1789 967 2116 1039 pauperibus

532 1053 787 1132 erogare;
841 1061 1004 1132 idque
1057 1071 1215 1117 noete
1271 1071 1546 1118 transacta
1601 1071 1880 1133 peractum
1937 1068 2039 1116 est.
2091 1078 2111 1112 ι

533 1151 782 1206 Urbanus
809 1160 988 1206 autem
1015 1153 1080 1206 ad
1112 1152 1226 1207 hmo
1267 1151 1410 1207 nullo
1455 1152 1614 1206 modo
1664 1165 1944 1206 assensum
1974 1165 2115 1221 pric-

531 1247 662 1300 here
715 1254 962 1314 poterat,
1024 1247 1166 1315 quod
1217 1245 1341 1300 ostii
1393 1245 1756 1310 obscratione,
1791 1255 1843 1299 et
1890 1243 2116 1299 excelsa:

533 1337 700 1392 turris
716 1336 997 1392 altitudine
1023 1338 1089 1391 ad
1112 1351 1228 1391 eam
1247 1336 1554 1391 hominibus
1581 1338 1882 1405 negabatur
1903 1336 2112 1406 ingres-

532 1443 646 1483 sus.
683 1428 926 1499 Cumque
957 1423 1137 1483 secum
1167 1428 1398 1499 plurima
1425 1419 1685 1492 volveret,
1717 1438 1773 1483 et
1805 1443 1914 1497 pra:
1948 1429 2116 1482 nimio

533 1518 722 1574 tlclore
758 1519 1028 1574 obstinata
1059 1533 1158 1588 per
1182 1507 1614 1575 domum-mente
1661 1519 1954 1586 incederet,
1984 1534 2114 1574 casu

534 1609 786 1666 fenestrae
822 1611 1162 1676 incumbens,
1194 1612 1340 1666 videt
1369 1622 1590 1682 repente
1644 1613 1951 1677 resticnlos,
1999 1613 2118 1684 qui-

533 1702 634 1756 bus
661 1701 858 1757 abinde
886 1701 1193 1770 huiusmodi
1227 1702 1349 1758 facti
1375 1702 1761 1758 conferebatur
1789 1702 1938 1758 ﬁdes.
1969 1701 2118 1757 Tunc

533 1791 800 1846 immensa
847 1808 1110 1848 accensus
1156 1793 1259 1857 ira,
1303 1801 1358 1848 et
1415 1793 1558 1848 ultra
1614 1809 1776 1864 quam
1804 1793 2119 1863 parentibus

535 1883 824 1964 conveniat
876 1885 928 1937 in
977 1883 1178 1938 liberos
1223 1883 1482 1950 smviens,
1537 1883 1708 1954 alapis
1781 1895 1836 1938 ct
1880 1883 2120 1938 calcibus

537 1975 879 2030 mitissimam
919 1975 1122 2044 prolem
1155 1976 1488 2048 aggreditur.
1525 1976 1900 2047 Suggerebant
1938 1987 2120 2030 autent

539 2065 738 2119 ntilttcs
773 2065 1214 2133 circumstantes,
1255 2077 1332 2120 uti
1357 2083 1478 2121 eam
1505 2077 1728 2137 paterne
1775 2065 2033 2130 alliceret,
2067 2070 2124 2118 et

538 2157 800 2213 suasoriis
835 2159 1310 2224 insinuationibus,
1340 2159 1466 2229 quid
1499 2159 1549 2213 in
1583 2175 1642 2214 re
1683 2168 1828 2212 esset
1871 2159 2122 2226 exquire-

539 2259 644 2311 ret,
677 2245 926 2304 simulate
956 2251 1214 2306 addentes
1237 2250 1344 2304 non
1373 2266 1493 2306 esse
1519 2249 1814 2306 verisimile
1842 2248 2121 2318 feminam,

539 2351 651 2393 tant
683 2341 958 2407 solertem,
1005 2351 1220 2412 tantque
1251 2343 1301 2395 in
1332 2342 1591 2398 Romanis
1621 2342 1826 2410 legibus
1855 2342 2121 2397 eruditam

540 2431 810 2502 ejusmodi
838 2437 978 2502 patri
1008 2433 1242 2488 voluisse
1273 2433 1476 2488 inferre
1501 2433 1775 2508 injuriatn,
1826 2435 1967 2488 unde
1999 2435 2125 2506 jure

540 2523 684 2578 civili
720 2534 1044 2580 testamento
1081 2535 1306 2604 paterno
1336 2513 1577 2581 exim-res
1619 2529 1809 2582 merito
1857 2530 2125 2584 scribere-

541 2621 653 2679 tur,
713 2613 900 2684 sicque
956 2617 1119 2670 rebus
1166 2616 1372 2686 privata
1428 2616 1784 2672 hmrcditariis
1829 2618 2126 2687 improvide

543 2715 636 2758 aut
671 2705 976 2761 voluntarie
997 2707 1100 2762 sibi
1124 2706 1313 2762 obesse
1339 2709 1632 2764 videretur.
1663 2709 1826 2766 Beata
1847 2711 2126 2766 Christina

541 2798 858 2866 respondit:
907 2816 926 2850 ί
965 2797 1020 2852 Si
1061 2799 1161 2853 hoc
1211 2797 1357 2868 leges
1381 2800 1739 2869 constituunt,
1774 2803 1874 2857 hoc
1914 2803 2124 2867 volunt,

541 2890 609 2943 ad
646 2891 746 2945 hoc
771 2900 1038 2960 spectant,
1074 2897 1132 2945 nt
1160 2906 1370 2956 omnes,
1399 2893 1490 2962 qui
1550 2895 1840 2964 cpprobria
1882 2895 2128 2964 pattibus

543 2981 827 3052 ingerunt,
900 2998 1088 3037 eorum
1159 2979 1498 3054 possessione
1569 2989 1882 3056 priventur,
1937 2971 2126 3042 Itestra

543 3074 808 3127 sententia
855 3072 978 3144 jure
1026 3075 1365 3142 plectemini,
1418 3076 1532 3146 qui,
1571 3094 1601 3130 a
1648 3091 1829 3132 ves?ro
1864 3076 2123 3132 Creatore

1530 301 1826 360 ALPllANl
1867 298 2326 358 SALERNITANI
2365 295 2678 353 ARCHIEP.

3627 293 3736 351 1276

2139 421 2184 476 Α
2217 411 2356 466 illico
2392 410 2572 465 divino
2601 408 2852 464 examine
2886 404 3169 464 retroactis
3200 404 3464 475 vestigiis,
3491 403 3628 475 quasi
3651 420 3738 474 pas-

2215 503 2362 556 sibus
2396 500 2541 556 senis
2571 500 2753 556 vicino
2787 499 2978 569 parieti
3030 499 3392 562 adhmserttnt,
3441 506 3498 548 ut
3545 495 3742 564 profectu

2219 602 2479 663 tyrannus
2510 599 2830 660 agnosceret
2859 589 3060 645 milites
3093 603 3140 662 ‘a
3171 587 3401 656 puellari
3430 586 3576 642 caede
3598 591 3742 658 expul-

2215 700 2305 739 sos
2335 681 2540 738 viribus
2574 683 2765 739 alienis
2807 683 3058 738 cessisse.
3107 679 3262 736 Tunc
3311 681 3469 734 beata
3518 679 3746 735 Christum

2217 777 2319 832 hac
2341 777 2496 831 valde
2527 776 2885 831 admiratione
2914 790 3103 830 secura
3123 773 3200 828 ait
3224 791 3236 826 :
3271 792 3288 824 ι
3324 772 3586 843 Agnoscis
3600 788 3745 842 pinnas

2219 874 2338 921 tuas
2372 865 2693 929 inefficaces,
2730 864 2972 929 Urbane;
3007 863 3292 933 pet-pendis
3348 859 3548 915 milites
3591 872 3748 930 quanta

2218 956 2271 1014 in
2323 972 2408 1012 me
2455 966 2683 1027 possunt
2734 955 2809 1009 uti
2863 953 3210 1016 credulitate;
3259 959 3552 1006 occurrant
3583 951 3672 1013 dii,
3713 964 3752 1005 et

2216 1046 2341 1118 quia
2371 1063 2468 1118 pro
2495 1063 2558 1102 sc
2583 1045 2920 1102 certantibus
2955 1051 3230 1114 nequeunt
3259 1041 3600 1110 suppeditare
3637 1041 3754 1094 auii-

2221 1137 2384 1201 lium,
2425 1138 2525 1207 ipsi
2568 1137 2668 1194 sibi
2713 1119 3074 1206 cpitulcntur;
3127 1133 3484 1202 experiantur
3527 1131 3576 1184 in
3616 1147 3686 1184 me
3719 1132 3752 1183 si

2218 1246 2378 1301 quam
2424 1230 2659 1285 habeant
2701 1229 2999 1284 divinitatis
3045 1226 3381 1297 potentiam;
3432 1224 3552 1297 quia
3582 1224 3651 1280 eis
3675 1239 3750 1279 non

2217 1336 2444 1394 parvum
2506 1319 2662 1375 intuli
2721 1319 2992 1386 dedecus;
3057 1333 3198 1388 quos
3251 1316 3420 1372 dictis
3480 1315 3754 1370 confutando

2218 1413 2550 1482 cont-inpsi,
2617 1395 3009 1468 contemnendo
3071 1409 3278 1474 delusi,
3322 1406 3616 1462 deludeudo
3650 1422 3746 1462 con-

2223 1503 2388 1572 fregi;
2428 1504 2626 1575 quibus
2654 1501 2842 1556 oculos
2873 1501 3009 1566 erui,
3043 1499 3237 1572 quibus
3288 1514 3391 1553 ora
3444 1495 3658 1551 nefanda
3684 1498 3749 1548 oli-

2221 1597 2416 1662 struxi,
2455 1596 2649 1666 quibus
2677 1595 2838 1664 pedes
2867 1593 3085 1664 fugaces
3117 1591 3360 1652 abscidi,
3397 1587 3610 1643 brachia
3631 1586 3748 1656 fregi.

2221 1691 2337 1745 sine
2367 1698 2487 1744 actu
2521 1688 2761 1744 membra
2794 1684 3112 1742 comminui.
3147 1703 3166 1736 ι
3195 1683 3444 1738 Audiens
3489 1681 3587 1735 hoc
3623 1677 3749 1733 Urba-

2154 1793 2192 1851 B
2225 1798 2346 1847 nus,
2377 1783 2540 1837 nimio
2576 1795 2812 1836 mwrore
2861 1777 3140 1842 confusus,
3172 1775 3377 1832 ferreis
3409 1773 3628 1828 vinculis
3653 1772 3749 1826 colla

2222 1873 2450 1928 delicata
2499 1870 2843 1940 constringit,
2893 1877 2948 1922 et
2996 1867 3048 1921 in
3099 1863 3348 1920 inferiori
3398 1871 3550 1932 parte
3573 1859 3753 1914 carceris

2221 1963 2339 2018 loco
2389 1961 2622 2033 quodam
2668 1960 3024 2016 sub:erraneo
3077 1955 3310 2019 clausit,
3369 1969 3436 2007 ac
3483 1966 3538 2006 se
3573 1950 3753 2005 indcdo-

2223 2069 2368 2108 tnmn
2421 2051 2759 2122 proripiens,
2811 2050 2992 2118 ibique
3048 2045 3378 2100 furibundus
3422 2056 3596 2096 secum
3626 2038 3750 2093 multa

2223 2143 2524 2205 revolvens,
2555 2141 2694 2210 quo-l
2725 2141 3010 2208 insperatae
3035 2136 3109 2190 rei
3154 2132 3334 2188 malus
3358 2139 3580 2188 eventus
3617 2128 3754 2182 incur-

2224 2243 2394 2300 rerat,
2424 2230 2636 2302 conjugi
2671 2231 2903 2286 tristitiae
2927 2243 3146 2284 causam
3175 2224 3430 2296 poscenti
3477 2237 3582 2277 rem
3607 2221 3752 2290 aperit,

2226 2325 2388 2380 filiam
2421 2323 2790 2380 Christianam
2823 2303 3071 2374 elice-iam
3125 2315 3319 2369 multis
3371 2311 3654 2366 astantibus
3687 2324 3754 2376 pa-

2225 2419 2426 2474 tefecit.
2475 2417 2560 2472 Fit
2600 2416 2899 2470 amicorum
2943 2420 3165 2480 repente
3217 2415 3544 2468 conventus,
3579 2414 3626 2456 ct
3667 2414 3748 2454 tea-

2227 2523 2506 2568 tronarum
2540 2509 2809 2564 maximus
2845 2505 3084 2574 undique
3119 2515 3349 2564 cursus;
3381 2504 3650 2566 concrepat
3683 2493 3749 2545 do-

2227 2601 2347 2663 mus
2397 2603 2626 2660 diversis
2680 2600 2926 2656 dolorum
2989 2595 3198 2651 turbata
3233 2591 3546 2664 generibus,
3574 2587 3746 2640 virorum

2227 2714 2294 2753 ac
2321 2695 2641 2757 mulierum,
2689 2691 3026 2754 amicorum,
3072 2694 3127 2740 et
3178 2683 3408 2738 familiae
3465 2678 3641 2748 repleta
3693 2674 3747 2726 la-

2229 2790 2474 2845 tnentis.‘

2303 2881 2436 2937 Dum
2467 2879 2582 2934 luce
2608 2877 2747 2946 apud
2775 2889 2868 2928 eos
2895 2876 3180 2944 geruntur,
3201 2864 3519 2922 beatissima
3541 2857 3746 2917 Cltristina

2228 2969 2620 3044 aliquantisper
2647 2966 2880 3022 orationi
2917 2962 3180 3024 incubuit,
3205 2961 3509 3014 obsecrans
3533 2953 3599 3007 uti
3619 2951 3656 3004 ei
3677 2949 3746 3001 Do-

2230 3071 2410 3123 minus
2439 3071 2628 3119 contra
2659 3057 2956 3115 diabolicas
2981 3055 3125 3111 acies
3149 3047 3562 3132 impenetrabile
3589 3051 3741 3098 scutum

543 3163 728 3226 divisi,
755 3165 846 3234 qui
877 3167 942 3218 ad
989 3165 1392 3220 similitudinem
1422 3183 1574 3221 suam
1617 3169 1841 3233 creavit,
1868 3170 2124 3223 daemoni-

2233 3159 2354 3214 lidei
2409 3155 2670 3210 conferat.
2721 3150 2982 3206 Oratione
3027 3153 3205 3201 autem
3263 3143 3450 3206 facta,
3489 3137 3641 3194 subi:o
3662 3146 3744 3186 cum

543 3252 648 3308 bus
678 3270 773 3308 vos
802 3255 1078 3310 ultroucos
1117 3257 1405 3312 cxhibetis.
1449 3258 1560 3328 Ego
1600 3275 1727 3312 vero
1749 3259 1864 3327 ejus
1901 3261 2128 3314 lueredi-

546 3355 712 3400 tatem
757 3347 880 3417 jure
929 3348 1168 3412 obtineo,
1202 3347 1253 3401 in
1294 3364 1398 3417 qua
1443 3350 1572 3404 mihi
1605 3351 1843 3407 colueres
1881 3351 2128 3408 Christus

547 3447 654 3501 cst,
704 3440 953 3493 concives
998 3439 1195 3508 angeli,
1247 3451 1533 3496 consortes
1568 3431 1855 3512 'apostoli,‘
1887 3445 2126 3498 consocii

549 3539 843 3599 martyres,
877 3530 1033 3582 amici
1061 3529 1424 3599 eonfessores,
1471 3531 1664 3588 affines
1714 3527 1992 3604 virgines;
2039 3534 2128 3589 ubi

551 3621 732 3676 nullus
761 3622 890 3676 mihi
922 3623 1303 3694 subrogahitur
1329 3625 1522 3690 haeres,
1571 3603 1992 3696 nullus‘prmtor
2034 3607 2136 3696 po;

554 3713 680 3768 terit
709 3714 970 3769 bonorum
998 3715 1391 3784 possessionem
1422 3716 1680 3782 adimere,
1701 3709 1876 3771 nullus
1913 3703 2133 3772 audebit

551 3813 772 3858 exactor
800 3805 1162 3873 pensitatioue
1186 3821 1384 3861 vexare
1416 3805 1614 3860 liseali.
1661 3827 1678 3859 ι
1726 3807 1970 3862 Urbanus
1995 3801 2137 3862 dixit

554 3897 620 3948 ad
653 3897 804 3976 iure:
841 3915 859 3948 ι
897 3896 1202 3966 ltesipisce,
1253 3899 1574 3965 temeraria,
1623 3908 1677 3954 ct
1727 3901 1796 3954 ab
1834 3901 2133 3956 intentione

555 3986 760 4042 nefaria
788 3989 1029 4042 animum
1059 4001 1270 4054 averte;
1329 3991 1524 4046 affet-to
1563 3991 1715 4054 deos.
1743 4008 1878 4062 quus
1904 3993 2135 4048 abscon-

557 4078 702 4142 disti,
732 4089 786 4132 et
819 4078 986 4134 libato
1016 4082 1114 4146 eis,
1149 4081 1388 4150 alioquin
1435 4082 1490 4137 in
1531 4085 1790 4140 membris
1836 4085 1940 4140 tuis
1987 4097 2132 4141 tanta

553 4183 836 4238 poenarum
890 4187 1084 4242 genera
1124 4169 1696 4244 experieris,'quanta
1747 4184 1798 4229 te
1846 4166 2136 4232 in'alirnis

554 4261 730 4314 solum
772 4262 972 4318 vidisse
1003 4266 1246 4320 terreris.
1281 4256 1301 4316 ἐ
1333 4263 1498 4320 Beata
1548 4265 1822 4321 Christina
1849 4268 2086 4336 repondi:
2116 4282 2143 4340 :j

561 4370 580 4403 ι
619 4352 754 4408 Deos
789 4363 908 4410 tuos
959 4348 1144 4411 desine
1195 4357 1446 4424 ulterius,
1496 4357 1736 4424 Urbane,
1791 4351 2142 4429 perquiretc;

555 4459 678 4498 cum
707 4446 833 4516 quid
869 4449 933 4500 dc
953 4448 1032 4502 eis
1060 4448 1408 4504 laudabiliter
1437 4445 1649 4520 gestum
1692 4450 1760 4504 sit
1805 4465 2136 4521 recognove-

555 4535 653 4598 ris,
686 4547 790 4590 tam
824 4539 960 4593 male
988 4541 1285 4603 animatus,
1319 4549 1479 4611 atque
1509 4541 1795 4596 immemor
1841 4543 1946 4608 sui,
1991 4552 2049 4595 tit
2079 4542 2132 4596 iit

554 4623 950 4696 pretiosissima
983 4629 1323 4683 metallorum
1356 4629 1532 4686 nitore
1555 4631 2134 4704 damt'miutnitnagines

558 4716 774 4774 caelatas
805 4721 1060 4789 patiatur,
1109 4731 1163 4776 et
1203 4739 1310 4776 non
1354 4739 1458 4793 qua
1501 4734 1679 4796 potest
1708 4725 1985 4780 celeritate
2026 4735 2134 4778 tam

556 4808 788 4866 nefanda
816 4823 1058 4868 monstra
1084 4814 1376 4870 eliminet.)
1415 4815 1665 4872 Urbanus
1687 4817 1850 4872 dixit:
1874 4837 1890 4868 ι
1923 4818 2136 4888 Ergone

557 4895 840 4956 fortissimi
876 4901 1025 4958 Jovis
1069 4905 1354 4973 imaginem
1404 4922 1626 4960 auream
1657 4906 1890 4960 tlclcsti?
1919 4927 1937 4958 ι
1973 4902 2146 4960 Beata

2228 3251 2488 3310 exsiliret,
2541 3255 2668 3300 autc
2695 3243 2882 3299 oculos
2927 3240 3045 3309 ejus
3089 3237 3309 3308 juvenis
3359 3229 3748 3303 splendidissimus

2231 3343 2386 3412 igneo
2417 3336 2703 3409 splendore
2765 3330 3126 3388 circumfusus
3186 3327 3486 3397 apparuit;
3553 3317 3748 3412 coibat:

2238 3410 2414 3486 dixit:
2461 3447 2480 3480 ς
2519 3425 2663 3483 Misit
2696 3439 2782 3478 tne
2815 3423 3063 3478 dominus
3089 3419 3244 3475 Jesus
3268 3418 3538 3478 Christus,
3576 3410 3694 3478 cujus
3715 3415 3749 3457 te

2235 3509 2494 3577 famulam
2525 3528 2638 3572 toto
2671 3519 2837 3570 corde
2867 3513 3114 3568 confessa
3141 3525 3221 3575 es,
3254 3518 3314 3564 ut
3345 3509 3448 3564 sim
3477 3503 3563 3561 tibi
3591 3511 3748 3557 :eterna

2232 3600 2423 3671 salutis
2450 3600 2622 3684 galea,
2655 3618 2708 3662 et
2740 3597 3200 3680 intpenctrahilior
3222 3605 3290 3659 ab
3312 3605 3464 3659 omni
3489 3597 3750 3656 immissione

2233 3706 2432 3772 lorica;
2473 3723 2490 3755 ι
2533 3713 2586 3756 et
2616 3703 2731 3756 hinc
2759 3701 2966 3764 dicens,
3007 3711 3224 3768 panem,
3259 3710 3427 3765 quem
3456 3704 3618 3748 secum
3639 3687 3748 3738 dctu-

2235 3798 2372 3853 lerat
2399 3793 2612 3859 obtulit,
2645 3792 2802 3860 eique
2833 3798 2889 3844 ut
2915 3788 3224 3844 conicderet
3248 3783 3552 3856 imperavit.
3581 3772 3744 3833 Deinde,

2235 3888 2381 3944 brevi
2415 3893 2636 3956 peracto
2659 3881 2854 3952 spatio,
2888 3895 3013 3951 cccc
3044 3885 3218 3932 mater
3245 3873 3494 3930 muliebri
3525 3866 3745 3937 fragilitate

2235 3979 2540 4042 remissior,
2563 3976 2768 4046 sparsis
2801 3973 3064 4036 crinibus,
3103 3977 3256 4024 veste
3288 3969 3532 4028 discissa,
3559 3963 3650 4016 luto
3670 3969 3744 4012 etr-

2235 4085 2415 4142 noque
2444 4068 2707 4133 volutata,
2759 4067 2828 4120 ad
2877 4066 2992 4135 ejus
3027 4053 3226 4132 quippe
3271 4056 3584 4115 calamitatis
3621 4052 3742 4147 locum

2235 4163 2471 4226 advenit,
2489 4161 2762 4226 filiamque
2783 4155 2994 4212 catenis
3020 4155 3282 4208 innexum
3302 4150 3494 4206 ferreis
3513 4144 3742 4212 conspexi!-

2237 4257 2376 4313 llinc
2406 4250 2824 4320 irremediahilis
2871 4247 3162 4308 cruciatus,
3214 4243 3342 4298 hinc
3385 4228 3744 4306 incomparabilis

2236 4348 2434 4411 luctus,
2464 4344 2590 4398 hinc
2639 4341 2794 4394 dolor
2841 4339 3013 4392 oritur
3069 4334 3386 4398 inauditus;
3419 4327 3668 4386 conﬂuititr
3697 4330 3742 4368 ex

2237 4440 2372 4496 urbe
2403 4447 2513 4492 tota
2559 4435 2624 4489 ad
2675 4443 2780 4487 tam
2813 4429 3027 4487 exitiale
3077 4425 3445 4498 spectaculum
3474 4439 3488 4488 ;
3525 4417 3632 4490 quid
3658 4416 3745 4477 agn!

2168 4519 2212 4574 Ῑ)
2243 4528 2543 4586 miserenda
2567 4541 2722 4588 anus,
2751 4538 2856 4594 quo
2885 4537 2943 4577 se
2975 4529 3143 4575 verlal
3172 4519 3378 4570 incerta
3401 4523 3499 4568 ρει·
3529 4502 3746 4599 Αρρεηλξῗ

2243 4585 2408 4675 tiliam
2439 4617 2650 4686 incipit,
2683 4585 2784 4668 seti
2817 4609 3093 4678 intercipit
3121 4606 3388 4660 anhelitus
3428 4615 3596 4655 ναι-ειη
3618 4585 3746 4686 ;_qttid

2183 4709 2199 4736 '
2242 4714 2370 4766 velit
2411 4684 2664 4781 ignorat,
2725 4702 2984 4775 quidquid
3045 4699 3251 4754 factura
3301 4696 3504 4750 videtur
3539 4684 3743 4754 displicet.

2243 4803 2406 4860 Videt
2435 4804 2487 4857 in
2517 4816 2648 4872 gyro
2673 4796 2962 4867 dispositas
3002 4808 3059 4848 se
3081 4793 3190 4846 Pcre
3217 4799 3504 4849 matronas.
3533 4790 3582 4862 ,ει
3608 4785 3750 4872 υ¹¹³η¹’

2247 4908 2517 4967 quamque
2580 4891 2866 4946 nominans
2929 4883 3204 4956 appellat,
3271 4889 3454 4950 rogat,
3517 4871 3745 4976 obsceni:

3883 992 3885 1108 γ

3883 1135 3885 1250 1
