3936 5402
149 306 303 364 1ὶῖιῖ

1384 310 1542 365 ViTA
1587 310 1673 366 ET
1706 310 1949 367 PASSIO
1983 310 2041 367 S.
2084 309 2494 367 CﬂltlSTlNrE.

3296 306 3435 361 1278

145 418 325 470 tuinla
349 423 478 486 post
505 416 740 473 ruinam.
766 418 918 475 Unde
946 421 1039 475 tibi
1077 431 1183 476 tam
1232 420 1467 477 ferreum
1521 425 1746 491 peetus?
1776 430 1821 486 Α
1847 440 1967 480 esse
1991 426 2178 481 Jovem
2209 424 2650 480 manifestissima
2704 422 2914 476 ratione
2960 420 3249 492 colligitur.
3297 419 3434 474 Ecce

147 523 223 561 an
258 517 311 564 te
337 509 473 564 ferte
496 525 734 579 genuere
767 512 1010 582 tigrides,
1037 511 1303 584 Gorgonei
1336 514 1518 569 aluere
1545 530 1744 584 paren-

147 600 292 655 tes?
357 601 529 656 solam
593 618 826 675 namque
889 604 1124 662 hominis
1191 608 1431 664 exterius
1496 610 1742 664 indutant

147 691 403 762 ﬁguram,
458 696 603 751 intus
651 709 1017 766 portentosum
1076 701 1502 771 deprehenderis
1553 716 1743 770 gerere

156 785 459 851 feritatem,
498 788 623 843 dum
672 805 792 863 qua:
852 800 902 845 te
952 793 1135 861 genuit
1187 802 1414 849 matrem
1462 803 1514 847 tu
1563 795 1743 865 magni

148 894 318 934 causa
341 880 545 937 doloris
573 880 707 937 facis
728 898 847 939 esse
876 885 1133 940 ostentui.
1159 885 1413 941 Placetne
1431 902 1551 942 eam
1577 890 1742 943 tantis

147 967 438 1027 incitatam
471 972 627 1026 furiis
666 973 1237 1045 circumspectantimn
1284 977 1458 1032 oculis
1512 977 1743 1034 ludibrio

146 1061 382 1118 haberi?
408 1063 560 1131 Quod
592 1065 637 1121 si
665 1064 806 1130 aliis,
849 1082 971 1137 qua:
1017 1069 1200 1123 multae
1245 1081 1374 1125 sunt
1415 1087 1613 1136 causae,
1657 1073 1741 1129 vel

142 1151 453 1221 blanditiis,
484 1156 678 1225 quibus
721 1166 771 1211 te
817 1156 1083 1228 pusiolam
1130 1159 1286 1227 fmil,
1317 1161 1588 1226 convenit,
1621 1178 1740 1217 mo-

145 1260 334 1300 veare.
359 1245 465 1302 Per
487 1255 653 1317 caput
678 1248 781 1302 hoc
806 1250 1116 1320 speciosiss.
1141 1267 1344 1323 perque
1369 1268 1568 1323 corpus
1592 1253 1740 1309 omni

99 1368 109 1375 -
144 1336 428 1393 formitate
458 1338 711 1394 decorum
745 1348 796 1395 te
833 1340 1190 1411 deprecamur
1216 1344 1285 1399 ab
1331 1344 1433 1400 hac
1463 1344 1740 1413 impietate

144 1429 438 1496 desistere,
461 1439 517 1484 et
544 1431 704 1486 matri
736 1430 851 1503 jam
900 1434 1229 1503 periclitanti
1279 1437 1574 1492 remedium
1605 1452 1739 1492 con-

145 1518 433 1574 solutionis
471 1518 722 1575 aﬂ‘erre.»
755 1520 962 1589 Quibus
1015 1524 1175 1579 beata
1222 1525 1495 1581 Christina
1547 1529 1737 1597 paucis

147 1610 468 1680 respondit:
518 1628 536 1661 ι
569 1609 814 1668 Breviter
841 1630 907 1670 ac
956 1616 1174 1685 copiose
1214 1617 1280 1672 de
1324 1618 1599 1687 obsequiis
1637 1634 1728 1687 pa-

140 1704 395 1759 rentibus
420 1703 743 1760 exhibendis
764 1708 1085 1775 perorastis,
1114 1724 1307 1781 meque
1352 1710 1650 1779 impietatis
1682 1711 1731 1765 in

1847 520 2013 573 habes
2037 514 2183 587 quod
2216 517 2483 587 qucesisti;
2537 515 2852 570 conﬁtearis
2892 521 3108 583 oportet
3148 511 3289 583 quod
3317 512 3434 565 sine

1844 608 2275 664 contradictione
2329 616 2419 662 tua
2465 605 2775 660 necessario
2802 603 3115 659 conclusum
3146 610 3249 657 est.
3282 600 3431 655 Alte—

1845 718 1964 757 rum
1998 716 2152 767 vero,
2197 702 2341 771 quod
2369 698 2618 754 similiter
2643 696 2852 752 ostendi
2880 695 2976 750 tibi
3002 692 3287 766 postulasti
3320 693 3427 746 eri-

1844 792 2161 850 dentissima
2193 791 2405 846 ratione
2453 789 2790 852 monstrabo,
2813 787 2857 843 si
2887 800 3009 857 qua:
3035 784 3282 841 refellere
3322 797 3428 838 non

1843 887 1991 942 vales
2015 885 2364 942 Veracissime
2388 882 2596 953 prolata
2629 882 2694 936 iis
2737 879 3093 951 prtesentibus
3116 876 3430 933 manifesta-

1833 979 2040 1056 ,νει-ῖς.»
2078 977 2329 1034 Urbanus
2378 976 2555 1032 dixit:
2609 994 2628 1027 ι
2657 974 2774 1030 Non
2818 981 2903 1029 est
2950 972 3004 1028 in
3051 978 3175 1042 post
3201 966 3428 1041 quaesita

1843 1070 2088 1126 facienda
2118 1068 2407 1141 digressio,
2430 1067 2518 1121 ubi
2548 1066 2749 1138 prioris
2772 1065 3088 1136 qumstionis
3108 1072 3427 1135 argumenta

1842 1161 2012 1233 possit
2047 1175 2176 1231 pars
2203 1160 2416 1215 diversa
2446 1158 2874 1230 reprehendere;
2927 1155 3203 1227 prioribus
3240 1155 3427 1224 itaque

1841 1254 2121 1318 insistens,
2152 1267 2449 1322 paucorum
2484 1251 2908 1306 commutatione
2949 1248 3252 1311 verborum,
3283 1244 3427 1316 quod

1840 1344 1895 1400 in
1941 1360 2028 1399 me.
2076 1344 2300 1408 torsrsti,
2356 1343 2408 1397 iu
2460 1354 2513 1397 te
2564 1342 2927 1408 retorquendo
2972 1342 3239 1395 rationem
3274 1347 3423 1393 tuam

1840 1435 2182 1504 redarguam.
2222 1434 2317 1488 Dic
2343 1448 2495 1500 ergo,
2544 1432 2850 1488 Cruciﬁxus
2881 1442 3027 1498 tuus,
3053 1445 3214 1501 quem
3237 1427 3422 1497 unige-

1839 1529 2012 1582 nitum
2047 1527 2243 1583 Filium
2287 1527 2380 1581 Dei
2423 1541 2543 1581 esse
2585 1525 2883 1594 praedicas,
2920 1525 3061 1580 Deus
3105 1531 3209 1588 est,
3241 1522 3421 1577 omnia

1837 1618 1965 1674 fecit
1992 1636 2007 1684 ;
2038 1619 2081 1674 si
2109 1620 2292 1675 omnia
2336 1618 2492 1683 fecit,
2529 1618 2661 1672 nihil
2692 1618 2809 1672 ﬁeri
2862 1618 3067 1686 absque
3106 1632 3172 1671 eo
3213 1615 3418 1685 potuit;

1836 1710 1928 1765 sed
1956 1711 2172 1781 genitor
2200 1724 2350 1774 suus,
2383 1725 2543 1781 quem
2576 1710 2692 1780 ipse
2720 1724 2829 1764 non
2873 1706 3023 1774 fecit,
3063 1706 3178 1761 ﬁeri
3216 1706 3422 1776 absque

139 1805 375 1851 matrem
434 1794 717 1865 arguistis,
770 1813 998 1869 qumque
1055 1798 1283 1856 dicenda
1331 1800 1617 1855 verborum
1671 1817 1735 1857 ae
1770 1804 1809 1862 ιι
1839 1819 1904 1858 eo
1934 1804 2190 1874 potuerit,
2224 1813 2278 1856 et
2318 1804 2389 1856 ita
2412 1803 2592 1856 omnia
2621 1818 2727 1858 non
2751 1800 2977 1863 fecisse,
3010 1800 3287 1870 Deumque
3312 1814 3418 1853 non

138 1886 540 1942 sententiarum
592 1888 868 1945 coloribus
929 1901 1046 1946 arte
1101 1893 1232 1947 mihi
1293 1907 1400 1948 non
1458 1893 1731 1965 incognita

137 1978 554 2050 dLstinguentcs.
587 1980 853 2036 Caeterum
876 1982 1073 2040 divina:
1104 1984 1250 2055 leges
1293 1972 1545 2042 sanciunt
1586 1987 1731 2056 quod

139 2072 472 2141 quicumque
497 2072 749 2129 dilexerit
780 2086 1014 2145 patrem,
1061 2088 1156 2134 aut
1199 2090 1450 2144 matrem,
1499 2089 1587 2134 aut
1622 2080 1735 2136 fra-

140 2178 275 2234 tres,
307 2178 401 2222 aut
428 2183 663 2233 sorores,
712 2180 808 2225 aut
858 2171 995 2225 ﬁlios
1041 2171 1324 2241 plusquam
1376 2174 1568 2240 Deum,
1619 2176 1730 2231 Deo

138 2259 336 2328 dignus
384 2276 489 2314 non
537 2262 626 2315 sit.
678 2266 793 2327 Qua
834 2262 901 2317 de
948 2278 1006 2318 re
1049 2267 1403 2334 consequitur
1449 2277 1508 2321 ιιι
1557 2268 1729 2337 pietas

142 2364 303 2416 quam
332 2350 384 2404 in
413 2362 639 2406 matrem
668 2353 972 2407 habendam
995 2354 1260 2421 suadetis,
1294 2357 1513 2426 impiam
1540 2359 1591 2412 in
1625 2360 1731 2413 Do-

140 2440 345 2496 minum
376 2442 503 2498 facit
535 2443 818 2508 famulam,
869 2457 1033 2515 atque
1066 2447 1138 2501 ita
1182 2448 1284 2501 hoe
1312 2450 1530 2518 pietatis
1556 2465 1727 2521 genus

137 2548 265 2589 tera
296 2533 633 2591 intuentibus
656 2547 910 2591 censetur
946 2537 1249 2608 impietas.»

208 2625 497 2698 Postquam
527 2643 660 2684 vero
707 2630 948 2684 animum
982 2630 1098 2700 ejus
1127 2640 1340 2687 mutate
1364 2687 1368 2691 ,
1390 2632 1536 2688 nullo
1565 2635 1725 2688 modo

133 2730 364 2790 queunt,
393 2720 612 2775 domum
662 2737 783 2777 cum
833 2734 1005 2779 matre
1040 2725 1272 2779 redeunt
1336 2726 1722 2795 multiplicibus

132 2820 297 2866 aucta
353 2812 646 2869 doloribus.
703 2814 906 2869 Deinde
952 2815 1041 2869 ubi
1098 2814 1348 2871 Urbanus
1399 2832 1466 2871 ex
1517 2818 1585 2873 iis
1627 2817 1718 2887 qui

131 2902 497 2958 interfuerant
542 2904 706 2959 ﬁliam
759 2905 858 2960 sibi
909 2921 1016 2960 non
1058 2920 1445 2962 consenserant
1490 2909 1717 2978 accepit,

135 2995 511 3051 reminiscitur
536 2995 711 3051 Fulvii
741 2996 1022 3067 cujusdam
1062 2999 1330 3053 senatoris
1383 2999 1511 3065 iilii,
1555 3014 1717 3069 quem

128 3095 429 3141 retractum
453 3102 517 3140 ex
545 3086 739 3142 itinere
768 3088 857 3157 qui
888 3103 1008 3142 cum
1054 3088 1287 3144 Catilina
1335 3089 1719 3159 conjurarerat

1834 1911 1973 1962 esse,
2007 1898 2122 1968 pari
2150 1898 2609 1953 demonstratione
2637 1895 3028 1952 convinceris.»
3057 1894 3121 1948 B.
3143 1891 3421 1949 Christina

1832 1990 2150 2057 respondit:
2214 2008 2232 2040 ι
2270 1989 2435 2042 Deum
2484 1996 2784 2042 creatorem
2839 2001 2959 2042 esse
3006 1984 3289 2053 intelligis,
3348 1998 3417 2035 au

1832 2077 2182 2131 creaturam?
2228 2096 2246 2128 »
2313 2076 2559 2132 Urbanus
2599 2076 2874 2145 respondit
2909 2090 2926 2129 :
2963 2082 3288 2130 creatorem.
3353 2070 3412 2124 Β.

1832 2168 2108 2224 Cbristina
2155 2170 2466 2240 respondit:
2520 2188 2539 2222 ι
2565 2171 2881 2225 Creatorem
2916 2168 3157 2224 omnium
3201 2177 3417 2221 creatuo

1832 2274 2034 2319 rarum.
2095 2276 2162 2314 an
2217 2260 2559 2328 aliquarum?
2599 2278 2617 2310 »
2678 2259 2927 2317 Urbanus
2951 2258 3223 2327 respondit
3253 2272 3268 2311 :
3297 2273 3415 2311 etn-

1829 2352 2001 2405 niurn.
2035 2351 2095 2405 Β.
2135 2352 2406 2407 Christina
2440 2352 2714 2421 respondit
2743 2371 2756 2405 :
2805 2371 2821 2403 ι
2854 2353 2909 2407 Si
2941 2368 3063 2407 cum
3092 2338 3235 2406 Deus
3263 2366 3415 2404 crea-

1832 2449 1948 2496 tura
1981 2457 2086 2497 non
2112 2452 2214 2505 cst.
2239 2451 2456 2498 creator
2486 2452 2569 2497 est
2596 2442 2838 2495 onmium
2869 2449 3260 2496 creaturarum.
3288 2458 3411 2493 cuzu

1826 2532 1989 2591 Pater
2013 2546 2067 2591 et
2096 2533 2134 2589 F
2141 2534 2264 2590 ilius
2292 2535 2433 2590 Deus
2461 2535 2554 2598 sit,
2585 2549 2683 2590 nec
2723 2534 2882 2589 Pater
2904 2541 3117 2588 creator
3145 2539 3229 2588 est
3261 2529 3411 2600 Filii,

1827 2644 1927 2683 nec
1952 2628 2121 2683 Filius
2149 2638 2364 2683 creatur
2384 2638 2467 2684 est
2493 2626 2692 2681 Patris.
2717 2626 2794 2682 lla
2825 2626 3042 2696 quidem
3071 2625 3409 2698 unigenitum

1824 2720 2020 2775 Filium
2054 2720 2146 2775 Dei
2172 2721 2353 2775 omnia
2404 2734 2510 2775 non
2556 2718 2771 2787 fecisse,
2804 2720 2949 2790 quod
2994 2717 3208 2772 Patrem
3251 2731 3409 2773 suum

1826 2826 1930 2865 non
1981 2811 2194 2877 fecerit,
2239 2819 2402 2880 atque
2456 2808 2575 2864 ideo
2616 2825 2722 2865 non
2779 2825 2899 2865 esse
2945 2809 3136 2872 Deum,
3185 2807 3406 2871 videris,

1823 2904 1970 2961 oumi
2025 2913 2232 2959 semota
2283 2904 2657 2973 ambiguitate,
2712 2903 3000 2967 mentitus;
3058 2902 3225 2971 liquet
3276 2917 3406 2970 ergo

1823 2997 2156 3065 unigenitum
2187 2995 2278 3050 Dei
2313 2995 2900 3065 Patris‘omuipotentis
2931 2994 3122 3048 Filiu‘m
3147 2994 3202 3048 et
3238 2993 3405 3048 Deum

1824 3105 1963 3154 esse,
2010 3099 2065 3144 et
2108 3098 2300 3143 cuncta
2350 3103 2600 3150 creasse,
2668 3089 2796 3141 licet
2843 3087 3060 3142 Patrem
3089 3103 3246 3141 suum
3297 3103 3406 3141 non

126 3188 284 3246 pater
332 3177 513 3231 necari
567 3176 766 3247 jussit,
818 3188 872 3234 ct
929 3184 1167 3237 maximo
1223 3181 1558 3251 praefecturae
1606 3199 1719 3240 suae
1746 3169 1788 3225 (ἶ
1824 3182 2068 3238 fecerit.»
2103 3181 2356 3237 Urbanus
2385 3181 2556 3234 dixit:
2591 3199 2609 3230 ι
2636 3179 2827 3235 Omnia
2859 3179 2973 3233 luce
2994 3177 3408 3235 convenientius

124 3270 464 3324 monimento
521 3268 636 3322 fore
694 3271 1013 3327 existimans
1057 3274 1103 3328 si
1143 3274 1195 3328 id
1235 3276 1592 3331 consuuiliter
1638 3274 1719 3330 fa-

121 3368 308 3423 ceret,
339 3357 503 3428 jussit
556 3373 675 3411 cam
715 3360 827 3413 suis
871 3361 1115 3415 exhiberi
1164 3365 1566 3431 conspectibus.
1606 3365 1711 3420 Du-

123 3450 274 3505 citur
324 3457 505 3504 autem
555 3447 831 3504 Christina
869 3451 1210 3506 sanctissima
1253 3452 1444 3509 ferreis
1490 3457 1716 3514 nexibus

121 3544 329 3614 illigata
357 3552 481 3598 ante
504 3542 690 3598 oculos
716 3544 1077 3613 spectantium
1126 3547 1253 3614 quid
1287 3550 1361 3601 rei
1409 3546 1713 3616 Imjusmodi

122 3643 387 3691 statueret
417 3633 636 3688 exitus:
679 3633 883 3688 clamor
907 3634 1143 3703 undique
1188 3636 1408 3705 gremiis
1450 3637 1715 3692 attollitur

119 3740 316 3785 contra
348 3729 574 3784 salutem
602 3728 910 3799 reipublicae
941 3729 1281 3785 innocentem
1312 3731 1477 3785 videri
1511 3733 1712 3801 absque

117 3821 282 3893 legali
317 3820 652 3876 discussione
689 3819 960 3874 damnari.
1010 3820 1079 3875 At
1124 3820 1285 3876 simul
1312 3831 1367 3877 ιιι
1397 3831 1608 3876 ventum
1642 3822 1709 3877 at!

120 3913 337 3985 tyranni
365 3924 661 3982 aspectum,
686 3911 777 3965 tali
806 3927 925 3965 eam
955 3912 1043 3967 ille
1068 3913 1394 3967 allocutione
1424 3928 1711 3984 aggressus

115 4017 242 4063 est:
277 4027 294 4058 ι
328 4006 510 4077 Longe
568 4005 781 4069 tuelius,
824 4005 1121 4070 Christina,
1178 4021 1409 4074 ageres,
1453 4007 1497 4061 si
1548 4006 1708 4061 saluti

115 4110 259 4163 tum,
302 4113 407 4167 qua
462 4098 555 4153 tibi
598 4097 672 4152 nii
705 4097 866 4151 debet
912 4097 1081 4151 rideri
1135 4097 1338 4160 utilius.
1398 4099 1708 4153 meditando

112 4190 452 4247 consuleres.
491 4189 608 4245 Non
657 4204 779 4243 esse
825 4188 955 4243 mihi
1002 4188 1215 4243 videtur
1251 4189 1373 4259 jure
1417 4191 1708 4246 temerario

112 4282 301 4334 animo
340 4287 568 4341 mortem
599 4289 873 4348 appetere,
920 4278 1061 4333 bono
1115 4289 1169 4333 et
1212 4280 1329 4334 utili
1379 4281 1552 4336 molis
1590 4297 1709 4334 om-

113 4371 281 4424 nibus
314 4384 667 4439 repugnare.»
722 4367 783 4420 Β.
833 4368 1109 4422 Cbristina
1167 4370 1480 4439 respondit:
1539 4388 1557 4420 ι
1589 4370 1704 4424 Non

107 4475 276 4517 omne
298 4461 441 4529 quod
487 4461 581 4515 tibi
630 4444 865 4525 videtur,
910 4460 983 4515 ita
1015 4476 1135 4516 esse
1162 4476 1382 4517 necesse
1412 4474 1517 4517 est.
1554 4464 1701 4518 [ilio-

1818 3275 1884 3330 de
1911 3275 2147 3329 Saturno
2172 3282 2226 3328 et
2264 3272 2397 3327 Jure
2439 3273 2580 3326 dicta
2633 3279 2944 3336 sumuntur,
2975 3270 3172 3340 quibus
3223 3269 3405 3325 omnia

1816 3383 1938 3439 quae
1968 3366 2111 3421 facta
2140 3375 2267 3421 sunt
2291 3364 2572 3428 obediunt,
2625 3363 2823 3433 quibus
2868 3363 3029 3418 etiam
3068 3359 3404 3430 disponenti-

1814 3458 1916 3514 bus
1950 3467 2144 3513 cuneta
2178 3473 2206 3510 a
2237 3456 2505 3525 principio
2554 3457 2977 3525 gubernantur.»
3022 3451 3081 3505 Β.
3127 3450 3402 3507 Christiua

1818 3547 2131 3615 respondit:
2175 3565 2194 3597 ι
2224 3544 2469 3607 Falleris,
2506 3545 2784 3613 praefecte,
2812 3559 2983 3601 erras,
3007 3542 3175 3609 judex
3204 3542 3399 3612 perite;

1814 3636 1952 3692 dicis
1979 3651 2168 3690 eorum
2220 3636 2575 3701 dispositione
2607 3651 2638 3688 a
2665 3636 2932 3703 principio
2973 3636 3155 3690 omnia
3202 3634 3402 3705 guber-

1813 3730 1953 3793 nari,
1984 3738 2108 3783 ante
2135 3741 2271 3797 quos
2310 3736 2365 3781 ct
2403 3725 2568 3781 multa
2624 3726 2789 3780 millia
2832 3725 3109 3779 hominum
3144 3724 3310 3780 fuisse
3347 3733 3402 3780 et

1813 3831 2058 3889 tempora
2088 3818 2317 3889 plurima
2349 3818 2624 3873 exstitisse
2648 3826 2986 3887 compertum
3017 3827 3121 3884 est,
3147 3827 3204 3871 ut
3229 3828 3401 3887 poeta:

1812 3919 2065 3976 narrant,
2087 3910 2428 3979 probantque
2457 3908 2782 3978 philosophi.
2818 3906 2977 3961 Disce
3011 3923 3106 3963 eos
3154 3909 3400 3963 homines

1812 4001 1999 4063 fuisse,
2029 4017 2135 4057 non
2160 4000 2312 4065 deos,
2339 4002 2697 4063 inccstuosos,
2737 3999 3036 4054 homicidas
3067 4018 3079 4054 :
3111 4010 3395 4069 propterea

1810 4096 1863 4149 in
1896 4104 2098 4150 tartara
2127 4095 2350 4157 retr-usi;
2385 4102 2436 4147 te
2459 4102 2513 4147 et
2542 4092 2679 4147 alios
2701 4092 2936 4147 cultores
2963 4108 3090 4148 suos
3122 4093 3400 4162 perpetuis

1808 4188 2023 4257 ignibus
2058 4203 2242 4243 secum
2269 4186 2587 4256 exspectant
2613 4200 2887 4241 arsurus.»

1881 4280 2035 4336 Tunc
2102 4280 2354 4336 Urbanus
2414 4272 2710 4349 impietatis
2773 4277 2929 4333 furiis
2987 4277 3394 4345 exagitatatus.

1804 4370 1967 4442 jussit
2018 4368 2201 4426 aﬂerri
2248 4382 2443 4435 rotam,
2484 4379 2539 4425 et
2581 4370 2788 4442 gladios
2827 4371 3172 4425 acutissimas
3202 4384 3395 4439 super-

1810 4463 2007 4531 aptari,
2030 4472 2083 4516 et
2115 4463 2291 4532 ignem
2319 4462 2600 4531 copiosum
2650 4462 2838 4517 subter
2866 4461 3110 4517 accendi.
3152 4459 3396 4529 Cumque

106 4556 242 4625 quin
275 4526 420 4618 tuus,
471 4568 629 4621 quem
684 4553 840 4617 colis,
897 4551 1129 4623 Jupiter,
1183 4555 1313 4609 deus
1342 4567 1512 4620 esset,
1542 4573 1703 4627 quem
1737 4526 1783 4584 υ
1810 4526 1874 4609 es
1908 4526 2402 4624 tyranni-decreta
2437 4554 2495 4607 Β.
2535 4549 2835 4609 (ὶιινὶειίιιίι
2867 4564 3017 4609 tanto
3058 4526 3397 4609 crudelitatis

104 4661 272 4717 nego,
322 4646 484 4715 inque
514 4646 617 4699 hac
666 4644 934 4699 sententia
987 4647 1124 4700 mori
1186 4648 1471 4704 honestum
1505 4651 1696 4706 ἀπο.»

108 4737 369 4795 Urbanus
391 4735 527 4790 dixit
552 4752 565 4787 :
602 4752 620 4785 ι
650 4735 765 4789 Duo
790 4744 919 4790 sunt
949 4751 1067 4803 qua:
1096 4746 1147 4791 te
1175 4737 1335 4792 velim
1366 4740 1495 4795 mihi
1522 4752 1704 4797 osten-

102 4832 258 4890 dere.
291 4842 458 4882 unum
506 4826 691 4883 Jovem
747 4827 909 4881 deum
952 4843 1060 4881 non
1108 4842 1252 4892 esse,
1301 4830 1557 4895 alterum,
1605 4834 1700 4886 til:i

99 4919 246 4974 mori
279 4918 584 4983 honestum,
611 4933 729 4987 qum
755 4916 1194 4973 manifestissime
1216 4930 1340 4988 peto
1369 4931 1427 4975 ut
1449 4922 1695 4978 doceas.»

98 5014 164 5066 li.
223 5011 500 5068 Christina
563 5012 869 5081 respondit:
916 5033 933 5063 ι
968 5014 1287 5083 Quicunque
1341 5015 1456 5070 sani
1505 5017 1697 5086 capitis

199 5120 217 5126 α
247 5102 603 5128 ηιμ-ιιΑ-ιιίξαοοια
648 5104 844 5130 .-.ιιι-..νε
872 5102 1031 5130 ηιῖι-υια
1060 5106 1227 5132 nnc-sv.
1259 5122 1373 5132 ΛΑηΑ
1407 5108 1651 5134 ἴηισιυῖηέι

1808 4648 1991 4715 generi
2047 4647 2450 4715 iucurvaretur,
2491 4649 2616 4703 dum
2664 4658 2780 4702 rota
2827 4649 3141 4713 revolvitur,
3196 4660 3401 4718 corpus

1807 4739 1924 4808 ejus
1983 4739 2441 4794 pretiosissimum
2491 4740 2758 4793 scinditur
2832 4751 2888 4794 et
2940 4741 3206 4796 exuritur.
3244 4741 3399 4796 Tune

1806 4838 2069 4900 tyrannus
2096 4845 2217 4883 cum
2246 4830 2548 4885 fautoribus
2575 4831 2685 4885 suis
2711 4831 2759 4884 ei
2787 4830 3059 4886 insultans
3078 4831 3151 4883 ait
3179 4848 3191 4881 :
3221 4850 3237 4881 ι
3259 4831 3400 4884 Con-

1803 4935 1955 4978 Stans
1979 4932 2120 4989 esto,
2152 4923 2451 4990 Christina,
2500 4924 2606 4978 noli
2659 4923 3056 4993 pertimescere
3087 4938 3183 4991 pro
3212 4923 3405 4979 Cruci-

1805 5016 1912 5070 (i-xo
1942 5016 2046 5070 hoc
2070 5014 2364 5077 sustinens,
2403 5015 2494 5085 qui
2525 5015 2716 5078 noluit,
2748 5029 2878 5070 eum
2911 5014 3208 5089 potuit,de
3243 5031 3408 5071 cruce

1806 5107 2134 5136 ληκληιδιιηνη
2170 5123 2187 5136 ι
2225 5104 2263 5136 n
2317 5105 2587 5136 {‘Lnielhsn
2621 5108 2905 5136 ’Λοληηιιῖι
2939 5125 2955 5136 ι
3015 5123 3034 5136 Δ
3065 5101 3214 5136 Nllnﬂ
3244 5105 3413 5136 m:DnI|

2225 5104 2263 5136 ﬂ
2317 5105 2587 5136 Γῑισιῖι-Ιῖ-ιη
2621 5108 2905 5136 ’Λοληηιιῖι
2939 5125 2955 5136 ι
