3936 5402
92 296 220 355 ηει

667 294 1090 354 GUA‘IFERIUS
1126 292 1527 352 CASiNENSlS
1565 291 2055 351 MONACBUS.—-
2078 290 2356 351 ΝΟἹἹΤΙΆ
2391 290 2779 349 HISTORICA.

3215 290 3353 350 1282

90 411 327 469 Julianus
354 386 535 480 igitur,
567 409 766 467 timens
811 411 927 467 ﬁeri
976 412 1030 467 in
1089 411 1246 482 plebe
1288 410 1570 478 tumultus,
1607 419 1664 466 et
1691 414 1738 473 Α
1766 408 2006 465 libidinis
2033 409 2217 464 nescia
2245 407 2502 478 templum
2545 416 2597 463 te
2646 407 2820 463 sancti
2862 405 3098 476 Spiritus
3128 406 3346 464 dedisti.

90 498 260 569 magis
293 497 577 554 seditionis
605 506 845 556 terrores
888 500 1151 573 effugiens
1177 541 1191 567 ,
1247 516 1408 572 quam
1464 501 1662 557 rationi

92 587 444 650 satisfaciens,
462 587 624 655 jussit
641 592 1033 660 ei:mammi|las
1059 602 1112 647 et
1140 592 1374 663 linguam
1399 591 1661 658 absciudi;

92 674 297 734 deinde
334 676 464 733 fecit
503 677 762 765 illam.in
811 681 1225 751 hippodromum
1274 682 1419 748 duzi,
1466 693 1521 739 et
1556 691 1665 738 tam

90 769 177 825 diu
200 767 517 840 sagittarum
540 768 978 842 iaculationibus.
1005 773 1172 846 infigi,
1223 790 1503 845 quousque
1558 774 1667 845 spi-

89 863 248 917 ritum
274 860 574 916 exhalavit.
604 860 702 916 Est
728 873 910 918 autem
954 864 1135 934 passio
1164 865 1379 922 invicta:
1408 866 1667 937 martyris

88 952 394 1018 Christinae,
421 968 566 1009 nono
596 952 714 1011 Kal.
743 969 867 1025 aug.
895 954 1112 1009 Iuliano
1136 957 1420 1012 terminata

50 1030 68 1065 ³
153 1042 263 1099 Cur
311 1044 583 1100 insensate
637 1045 773 1101 furis
822 1044 1076 1103 Urbane?
1128 1046 1239 1103 Cur
1293 1049 1442 1105 ldion
1471 1058 1667 1107 aestuas

87 1134 485 1205 perditissimo?
508 1134 591 1190 Ad
636 1138 766 1207 quid
817 1139 1273 1197 truculentissime
1326 1142 1531 1207 niteris,
1567 1141 1666 1197 Ju-

87 1226 261 1282 liane?
282 1227 583 1298 cxcogitate
609 1241 750 1284 nova
793 1238 848 1284 et
883 1232 1155 1301 prioribus
1179 1234 1429 1303 graviora
1468 1234 1669 1304 suppli-

88 1318 596 1400 cia,.multiplicate
644 1322 897 1389 verbera,
938 1325 1276 1381 accumulate
1330 1338 1541 1395 pmnas.
1598 1326 1669 1381 At

87 1409 390 1488 quidjuvat
416 1412 608 1466 saevire
639 1411 691 1467 iu
719 1428 940 1469 carnem
991 1430 1153 1485 quam
1184 1415 1434 1471 ultronea
1474 1414 1670 1472 obtulit

84 1504 451 1568 lacerandam,
481 1514 534 1561 et
580 1507 815 1563 animam
858 1523 1019 1578 quam
1055 1509 1223 1564 voluit
1262 1525 1513 1578 servare,
1560 1527 1668 1568 non

86 1594 297 1651 delere?
326 1594 530 1651 Discite
554 1597 772 1653 tandem
800 1637 817 1665 ,
869 1599 1075 1664 miseri,
1124 1599 1317 1656 discite
1361 1602 1504 1655 illius
1533 1617 1668 1673 gau-

85 1689 248 1753 dium,
287 1696 344 1744 et
371 1688 450 1744 sic
480 1700 720 1745 vestrum
753 1698 995 1761 spectate
1044 1691 1346 1747 interitum.
1376 1691 1517 1748 Ecce
1556 1692 1669 1761 jam

1770 498 1930 554 Salve
1959 500 2292 568 perenniter,
2321 513 2442 567 qua:
2464 497 2669 568 amplas
2703 497 2966 567 porticus,
3006 508 3062 555 et
3108 500 3351 569 ingentia

1769 585 2063 642 fundorum
2123 587 2297 657 spatia
2338 584 2579 657 fugiens,
2620 587 2923 657 suscipiens
2972 587 3347 645 hzercditatem

1769 679 1887 745 Dei,
1913 678 2055 734 facta
2078 694 2139 735 es
2160 678 2402 734 uolucres
2439 678 2662 735 Christi.
2690 678 2850 734 Salve
2871 681 3203 749 perenniter,
3228 698 3353 752 quae

1771 778 1919 825 tanta
1947 778 2271 842 exaggerata
2298 769 2594 839 suppliciis,
2626 771 2832 840 patrias
2853 770 2996 841 leges
3033 774 3352 842 repudiasti,

1766 871 1823 921 et
1844 864 1910 919 ad
1945 864 2125 920 crucis
2150 864 2403 919 vexillum
2429 872 2541 918 toto
2591 864 2862 919 desiderio
2903 865 3150 920 evolasti.
3188 866 3351 921 Salve

1768 955 2103 1026 perenniter,
2145 967 2266 1022 quae
2313 953 2616 1024 principum
2663 952 2813 1022 jussa
2867 941 3221 1010 contemnens
3250 970 3354 1028 pro

1768 1048 2015 1104 veritatis
2044 1047 2349 1102 testimonio
2371 1046 2574 1101 crudeli
2603 1057 2778 1102 morte
2817 1049 3067 1102 damnata
3084 1061 3164 1103 es.
3189 1034 3351 1104 Salve

1768 1138 2097 1210 perenniter,
2139 1153 2261 1208 quae
2290 1137 2413 1192 coeli
2453 1137 2564 1205 jam
2606 1138 2891 1193 sublimata
2943 1138 3160 1211 fastigio
3189 1141 3349 1212 digna

1770 1243 1829 1284 es
1855 1230 1964 1283 filio
1993 1227 2086 1283 Dei
2111 1243 2329 1299 sponso,
2354 1238 2409 1283 et
2439 1228 2683 1284 Domino.
2718 1230 2785 1285 Et
2825 1229 2949 1299 quia
2996 1245 3096 1285 nos
3125 1231 3352 1301 parendi

1770 1332 1894 1377 voto
1925 1320 2019 1375 tibi
2058 1320 2244 1376 fideles
2289 1322 2578 1390 conspicis,
2620 1322 2743 1377 audi
2785 1323 2927 1392 quod
2965 1326 3226 1394 petimus;
3264 1333 3354 1378 at-

1773 1414 1932 1469 tende.
1978 1413 2121 1483 quod
2149 1428 2247 1483 per
2278 1422 2329 1468 te
2375 1413 2623 1469 obtinuere
2662 1415 3067 1480 desideramus;
3123 1418 3355 1487 impetro

1772 1504 1928 1560 nobis
1954 1518 2170 1575 quoque
2222 1505 2507 1574 promissa:
2554 1504 2679 1560 vita:
2722 1520 2969 1577 superum
3006 1506 3353 1570 felicitatem,

1772 1596 1838 1650 ad
1866 1611 2028 1665 quam
2068 1595 2365 1651 ascendere
2386 1597 2502 1650 sine
2530 1594 2915 1665 tuojuvamine
2937 1597 3158 1653 minime
3193 1599 3358 1653 conti-

1773 1684 1953 1739 dimus
1975 1685 2213 1755 peccatis
2243 1686 2443 1741 nostris
2467 1686 2539 1739 ita
2569 1685 2920 1740 merentibus.
2953 1682 3031 1738 Tu
3064 1701 3193 1759 ergo
3215 1687 3356 1758 apud

83 1779 484 1851 speciosissima
532 1780 685 1852 virgo
735 1790 859 1852 post
918 1781 1089 1838 fustes
1144 1790 1200 1837 ει
1258 1782 1493 1839 vincula,
1552 1792 1673 1854 post,
1707 1768 2091 1835 BCreatorem
2146 1778 2387 1833 omnium
2446 1777 2767 1833 delictorum
2822 1786 3129 1832 nostrorum
3192 1793 3359 1849 posce

80 1872 251 1944 ignem
283 1880 339 1926 et
360 1881 692 1942 rotam,post
719 1882 954 1929 torturas
975 1884 1028 1929 et
1049 1875 1301 1942 verbera,
1336 1886 1455 1947 post
1477 1891 1673 1932 cunam

30 1974 35 1987 ‘
80 1971 134 2016 et
162 1970 450 2028 tonsuras,
483 1971 605 2033 post
628 1963 1001 2019 truncationes
1024 1973 1079 2018 et
1102 1964 1315 2035 jacula,
1367 1968 1435 2021 ad
1487 1968 1676 2023 aeterni

79 2054 220 2123 regis
249 2052 556 2109 thalamum
603 2053 863 2123 angelicis
908 2056 1160 2112 manibus
1208 2067 1540 2129 asportatur.
1571 2058 1678 2116 Vos

81 2160 111 2200 e
138 2145 416 2201 contrario
450 2146 575 2200 dum
604 2148 669 2200 ad
699 2147 905 2219 Elysios
933 2163 1153 2220 campos
1179 2150 1422 2216 tenditis,
1448 2153 1674 2208 arietem

90 2236 389 2293 Acheronti
448 2238 760 2310 porrigitis,
815 2248 994 2296 tamen
1046 2241 1315 2296 malorum
1365 2251 1674 2299 vestrorum

92 2330 323 2400 pondere
353 2345 595 2401 pressam
619 2332 870 2404 cymbam
906 2332 1161 2405 Stygialis
1193 2334 1347 2404 palus
1374 2327 1674 2403 absorbuit,

92 2416 269 2495 inigens
300 2424 571 2481 Cerberus
588 2426 887 2482 devoravit.
934 2426 1135 2496 Majore
1179 2443 1343 2497 quam
1369 2436 1531 2497 queat
1569 2429 1676 2484 dici

84 2531 233 2588 paena
273 2516 623 2589 plcctcmiui,
668 2518 759 2590 qui
815 2520 872 2573 in
920 2518 1250 2575 Crucilixum
1292 2521 1516 2576 credere
1547 2536 1679 2578 con-

88 2610 400 2680 tempsistis.
436 2610 543 2667 Sed
598 2621 678 2677 tu,
725 2627 759 2667 o
785 2611 1137 2669 devotissima
1171 2629 1366 2684 sponsa
1398 2613 1521 2669 Filii
1556 2615 1675 2680 Dei,

86 2700 255 2756 amica
286 2700 893 2775 Patrisomuipotentis,
916 2703 1028 2775 jam
1060 2704 1228 2761 habes
1254 2706 1397 2776 quod
1427 2706 1674 2772 voluisti,

79 2795 184 2868 jam
205 2798 424 2853 obtines
448 2799 591 2868 quod
624 2799 856 2871 rogasti,
904 2797 1021 2868 jam
1070 2799 1270 2855 frueris
1316 2802 1674 2858 inenarrabili

82 2888 212 2946 lucis
239 2891 460 2962 gaudio,
509 2891 653 2947 intra
693 2892 862 2947 ardua
892 2892 1090 2948 divina:
1138 2893 1436 2964 majestatis
1460 2904 1672 2951 secreta

86 2986 342 3053 versaris,
374 2984 465 3040 ubi
506 2976 829 3041 familiarius
855 2986 965 3041 Deo
993 2986 1251 3057 gaudens,
1299 2988 1584 3044 cubantem
1618 2989 1672 3043 in

86 3075 307 3131 meridie
371 3090 626 3146 sponsum
678 3078 865 3141 juncta
926 3077 1337 3133 adulescentula:
1398 3078 1670 3148 reperisti.

82 3164 232 3221 Nunc
251 3180 351 3236 per
372 3180 586 3221 amoma
616 3166 939 3229 convallium
972 3183 1226 3239 purpurei
1251 3169 1474 3239 cespitis
1495 3170 1675 3239 carpis

80 3251 335 3311 ﬂorentes
356 3255 543 3311 violas.
567 3256 772 3326 colligis
802 3252 1277 3315 immarccssibiles
1308 3275 1464 3316 rosas
1516 3260 1677 3316 metis

78 3348 504 3403 nardostachcas
534 3346 814 3416 spicas.'l‘u
837 3350 994 3403 modo
1014 3366 1169 3406 secus
1206 3367 1469 3421 aquarum
1491 3355 1678 3409 decur-

80 3452 169 3494 sus
203 3446 261 3491 et
286 3437 447 3492 vitrei
472 3435 633 3493 fontis
662 3438 960 3509 marginem
983 3442 1161 3505 sedes,
1190 3441 1296 3496 leni
1327 3443 1676 3512 epithalamia

79 3545 365 3585 murmure
395 3529 659 3585 conciuis.
693 3529 773 3584 Tu
803 3532 948 3586 inter
973 3534 1246 3605 virgineos
1289 3534 1486 3588 choros
1526 3536 1676 3605 regio

79 3622 385 3678 diademate
409 3620 675 3677 illustrata
702 3621 956 3694 refulges.
983 3622 1062 3678 Tu
1084 3624 1221 3679 solio
1240 3624 1442 3680 Christi
1465 3624 1671 3681 assides

77 3710 221 3767 facta
246 3711 399 3781 regni
427 3710 618 3767 aeterni
645 3712 942 3783 particeps.
972 3712 1132 3768 Salve
1156 3713 1490 3783 perenniter,
1516 3712 1670 3784 puel-

77 3803 194 3860 lare
244 3804 433 3869 decus,
482 3804 657 3875 pudor
696 3804 1012 3876 virgineus,
1072 3803 1291 3860 virtutis
1336 3805 1667 3876 exemplum.

77 3895 240 3952 Salve
270 3897 608 3966 perenniter,
640 3912 760 3967 quae
804 3905 925 3954 tuos
970 3897 1246 3969 speciosos
1292 3909 1443 3953 artus
1483 3913 1674 3970 perpe-

78 3990 183 4041 tua
207 3988 488 4058 pudicitia:
513 3990 801 4048 devovisti.
824 3990 983 4047 Salve
1009 3992 1344 4061 perenniter,
1363 4006 1486 4064 quae
1507 3991 1675 4047 totius

1780 1872 2017 1936 veniam,
2044 1879 2104 1925 ut
2130 1872 2376 1942 cognitor
2410 1869 2531 1940 pius
2558 1870 2863 1926 commissis
2893 1871 3174 1943 ignescens
3203 1873 3361 1928 nohis

1780 1961 1996 2018 famulis
2027 1963 2195 2018 multa
2226 1964 2427 2019 nostris
2461 1963 2623 2034 digna
2658 1965 2870 2019 meritis
2905 1980 3011 2018 non
3042 1964 3265 2036 infligat,
3307 1976 3364 2022 ct

1779 2053 1906 2108 dum
1945 2054 2000 2108 in
2045 2053 2205 2123 hujus
2232 2054 2358 2110 vita:
2388 2054 2594 2125 fragilis
2622 2054 2770 2110 hrevi
2823 2064 3062 2129 tempore
3093 2056 3359 2126 degimus,

1779 2160 1879 2201 nos
1904 2134 2096 2202 ditioni
2127 2154 2230 2201 true
2250 2145 2520 2214 subjectos
2543 2156 2781 2217 protege,
2805 2162 3088 2212 conserva,
3113 2148 3361 2213 benedic,

1779 2238 2027 2303 defende,
2056 2239 2316 2306 guberna,
2371 2250 2436 2291 ac
2462 2237 2568 2291 tuis
2596 2247 2812 2292 nostras
2840 2237 2924 2292 fac
2955 2250 3165 2294 mentes
3190 2239 3365 2293 laudi-

1779 2329 1879 2385 bus
1900 2338 2075 2400 aptas.
2103 2331 2258 2392 Ecce,
2292 2330 2446 2400 virgo
2492 2330 2675 2395 beata,
2728 2346 2827 2385 nos
2856 2330 3072 2399 gloriosi
3106 2331 3362 2403 triumphi

1781 2420 1854 2474 tui
1884 2429 2032 2489 gesta
2064 2420 2449 2482 narravimus,
2500 2427 2553 2474 et
2596 2420 2776 2491 magni
2826 2420 3031 2476 laboris
3085 2422 3364 2491 copiosam

1779 2513 2087 2567 mercedem
2116 2512 2305 2583 paucis
2335 2511 2781 2583 signiﬁcavimus.
2819 2511 2920 2576 Tu,
2948 2512 2997 2569 si
3025 2514 3153 2583 quid
3185 2515 3366 2570 minus

1777 2620 1939 2676 quam
1969 2606 2172 2670 decuit,
2197 2605 2241 2660 si
2273 2605 2402 2676 quid
2450 2604 2610 2661 aliter
2643 2620 2707 2660 ac
2742 2605 2998 2676 Oportuit,
3025 2605 3229 2661 dictum
3256 2615 3367 2671 est,

1776 2709 1938 2765 parce
1976 2695 2240 2766 benigna;
2295 2695 2467 2763 virgo,
2520 2696 2757 2766 ignosce,
2815 2695 2922 2765 pia.
2954 2694 3137 2765 Igitur,
3170 2696 3371 2751 fratres

1775 2787 2096 2853 beatissimi,
2122 2788 2249 2857 quia
2291 2787 2464 2843 beatae
2506 2786 2796 2843 Christium
2820 2786 3197 2857 triumphalem
3218 2787 3361 2841 diem

1776 2880 1973 2939 celebri
2007 2879 2351 2935 solemnitate
2380 2877 2706 2945 deferimus,
2738 2879 2931 2944 .noliis,
2979 2879 3125 2950 quod
3174 2896 3369 2949 possu-

1775 2990 1920 3040 mus,
1968 2975 2034 3028 de
2078 2972 2195 3042 eius
2222 2973 2512 3028 virtutibus
2545 2972 2884 3028 viudicemus
2906 2990 2925 3025 ς
2959 2979 3021 3025 ιιι
3065 2981 3213 3027 tanto
3237 2987 3363 3041 erga

1775 3081 1876 3123 nos
1901 3066 2015 3137 ipsa
2039 3079 2097 3120 se
2126 3063 2535 3120 benevolentins
2558 3063 2775 3128 habeat,
2802 3071 3007 3132 quanto
3036 3061 3181 3117 illam
3214 3076 3372 3117 asse-

1776 3159 1869 3230 qui
1915 3159 2131 3213 studeat
2170 3157 2486 3213 animositas
2529 3165 2713 3212 nostra
2760 3154 3080 3211 ferventius.
3138 3154 3217 3209 Ad
3264 3154 3371 3210 hoc

1778 3265 2012 3320 namque
2039 3250 2299 3305 Dominus
2327 3248 2544 3305 feminei
2592 3248 2749 3303 nobis
2770 3262 2933 3303 sexus
2959 3246 3204 3317 exempla
3236 3262 3369 3316 prus

1777 3342 1977 3412 posuit,
2005 3349 2065 3396 ut
2092 3340 2265 3395 virilis
2295 3339 2459 3395 animi
2503 3338 2881 3409 robur,.qnod
2928 3352 3095 3409 prave
3136 3338 3371 3392 vivendo

1779 3434 2085 3499 amisimus,
2118 3433 2309 3490 saltem
2337 3434 2625 3490 mulierum
2665 3433 2870 3490 virtute
2896 3432 3174 3504 provocati
3218 3443 3373 3487 recto

1779 3524 2079 3594 gradiendo
2129 3526 2348 3579 tramite
2400 3511 2786 3590 resumamus,
2841 3535 2898 3580 et
2952 3526 3055 3593 sic,
3085 3527 3368 3581 beatorum

1771 3616 2049 3672 laboribus
2074 3616 2289 3682 sociati,
2313 3628 2410 3686 per
2436 3615 2605 3672 Jacob
2633 3617 2835 3673 scalam
2859 3618 3223 3674 conscendere
3245 3618 3372 3673 illuc

1771 3710 1862 3765 ubi
1886 3709 2136 3763 dominus
2182 3706 2340 3765 Jesus
2386 3708 2636 3765 Christus
2682 3709 2885 3765 residet
2929 3709 3361 3781 valeamus,qui

1772 3820 1897 3861 cum
1934 3803 2121 3870 Patre,
2151 3812 2208 3859 et
2235 3802 2441 3873 Spiritu
2467 3811 2660 3859 sancto
2689 3803 2853 3869 vivit,
2905 3810 2961 3859 et
3008 3810 3201 3875 regnat
3225 3802 3369 3863 Deus

1779 3898 1834 3953 in
1863 3896 2059 3954 saecula
2082 3895 2425 3952 saeculorum.
2455 3896 2651 3951 Amen.

2139 3987 2368 4060 Explicit
2391 3988 2568 4057 passio
2594 3986 2657 4043 S.
2678 3985 2977 4042 Cltristina'.

81 4132 3368 4191 Μ

1290 4244 1464 4289 ANNO
1507 4242 1735 4288 DOMINI
1782 4243 2007 4287 MLXXS
2019 4243 2078 4285 IV
2090 4271 2104 4286 .

1282 4719 1589 4735 ..ι-..ῳ

954 4312 2471 4643 sumemus
2535 4404 2885 4639 M

1253 4640 1654 4699 casmrsusrs
1691 4637 2091 4699 MONACHUS.
2173 4702 2178 4709 ,

2864 4600 2899 4639 ,Γ
3007 4600 3027 4631 θ

2806 4644 3111 4767 idem!
3152 4639 3231 4707 λθ

738 4914 1194 5017 ῐΝοΤΙΤΙΑ
1234 4920 1671 5005 HISTORIt

1774 4986 1783 5001 .
1844 4919 1957 5004 IN
2002 4912 2702 5001 GUAIFERIU’M

888 5081 1158 5158 (Fanum,
1185 5077 1436 5135 Biblioth.
1459 5077 1649 5136 media:
1671 5085 1721 5132 et
1742 5077 1940 5149 iri/imre
1961 5073 2286 5140 Latinitatis,
2333 5074 2418 5141 ιιι,
2450 5073 2568 5148 25.)

155 5331 471 5372 nmmum...
498 5332 589 5372 nisi
627 5340 678 5372 at
707 5327 994 5372 Cnnfprins

1047 5326 1371 5372 Cum’farhu,
1401 5324 1719 5372 Canifnrins-
1760 5328 2162 5372 Sniornilanlts.
2223 5320 2525 5370 monachus
2547 5317 2942 5370 Casinensia-
2970 5309 3123 5369 circa
3170 5308 3260 5367 an?
3284 5292 3423 5350 {060

2882 4432 3265 4563 reﬁcit-1.!
3322 4468 3425 4556 Cf
3473 4382 3603 4519 (451
3636 4466 3737 4517 ut
3786 4496 3837 4515 ι...
