3936 5402
168 267 323 323 1235

170 376 271 434 Sic
292 387 346 433 et
373 377 689 449 pestiferum
720 378 984 436 diﬂundet
1015 381 1267 451 utrinque
1300 396 1587 447 venenum,

173 472 302 525 Sint
333 480 391 525 ut
420 473 488 524 ab
513 471 744 538 ingenuo
774 472 911 526 mala
942 482 1135 528 cuncta
1170 475 1384 528 ﬂuentia
1428 474 1601 528 fonte.

167 560 351 615 Perde
393 560 579 631 biceps
628 571 954 627 monstrum,
987 564 1166 633 proles
1198 575 1503 620 monstrosa
1530 565 1756 636 peribit;

169 653 246 708 Et
266 653 465 723 duplici
491 654 789 723 duplex,'et
810 670 1023 709 summo
1048 655 1284 710 maxima
1308 657 1479 711 virtus

166 744 433 801 Succedit
465 746 598 801 vitio
621 746 842 801 dilectio
863 747 1013 818 larga
1048 749 1256 818 rapaci.

166 837 452 892 Virtutum
484 847 645 909 caput
674 848 757 893 est
789 838 927 904 hare,
967 850 1023 893 et
1053 850 1211 910 caput
1247 841 1347 895 hoc
1384 841 1639 898 vitiorum
1668 862 1680 897 :

166 926 333 984 Sicut
362 928 414 981 in
444 929 548 983 hoc
571 929 703 985 vitio
727 929 916 985 vitium
948 930 1287 985 concluditur
1311 948 1494 999 oinuc,

164 1018 268 1074 Sic
295 1029 349 1074 et
375 1020 426 1074 in
463 1019 562 1074 hac
589 1021 767 1076 omnis
794 1021 967 1076 virtus
993 1022 1191 1077 virtute
1221 1030 1453 1077 tenetur.

162 1109 336 1165 Certe
365 1110 408 1163 si
440 1109 638 1178 linguis
663 1112 968 1175 hominum,
1001 1113 1371 1183 angelicisque
1399 1113 1640 1183 loquaris

162 1200 326 1253 llanc
350 1211 403 1256 et
432 1217 538 1255 non
567 1201 791 1267 habeas,
824 1218 882 1257 es
914 1211 972 1257 ut
998 1219 1105 1258 tera
1137 1206 1386 1259 sonantia
1414 1204 1613 1261 factus.

163 1289 224 1342 Si
259 1301 418 1345 vates
450 1292 641 1355 fueris,
666 1294 924 1363 mysteria
956 1301 1260 1363 cunctaque
1287 1296 1439 1349 noris

159 1377 316 1434 Sciri
354 1395 584 1451 quaeque
628 1382 834 1447 valent,
881 1383 1084 1439 habeas
1113 1398 1443 1456 omnemque
1486 1386 1644 1441 fidem
1677 1388 1755 1444 sic

163 1467 239 1522 Ut
274 1468 575 1524 transferre
607 1486 778 1540 queas
806 1480 1039 1539 montes,
1070 1483 1255 1529 tamen
1283 1476 1387 1530 hac
1414 1491 1533 1532 sine
1565 1477 1639 1531 nil
1671 1493 1752 1533 cs.

160 1562 223 1615 Si
256 1570 349 1616 tua
373 1564 705 1633 pauperibus
736 1578 823 1621 res
851 1567 1033 1621 omnis
1069 1568 1455 1631 distribuatur,

157 1654 303 1708 Sive
336 1664 486 1708 tuum
519 1670 720 1726 corpus
748 1657 996 1713 tradatur
1024 1665 1083 1712 ut
1113 1660 1304 1714 ardeat
1334 1660 1465 1729 igni,

156 1743 325 1800 Hanc
355 1754 411 1800 et
435 1761 539 1801 non
570 1746 773 1803 habeas
794 1748 1075 1812 virtutem,
1110 1749 1187 1803 ni-l
1216 1751 1311 1805 tibi
1342 1751 1581 1821 prodest.

155 1834 280 1889 Non
315 1843 401 1890 est
430 1837 742 1907 impatiens,
770 1853 877 1893 non
903 1839 1222 1906 ambitiosa;
1256 1841 1487 1911 benigna
1510 1850 1590 1897 est
1616 1859 1629 1895 :

159 1925 283 1982 Non
336 1926 451 1983 haec
504 1942 789 1984 oeroeram
834 1929 976 2001 agit,
1026 1944 1133 1995 non
1175 1933 1290 1987 haec
1321 1948 1442 2001 quae
1488 1940 1614 1987 sunt
1657 1947 1752 1988 sua

1440 2023 1680 2096 [qtuerit,

165 2108 298 2167 Non
327 2110 596 2173 irritatur,
631 2127 737 2168 non
772 2111 993 2167 inﬂatur
1018 2130 1031 2167 :
1057 2113 1352 2169 meditatur

155 2202 274 2259 Tun
298 2212 407 2257 tum
435 2219 557 2273 qua:
588 2205 727 2260 bona
758 2206 907 2272 sunt,
938 2219 1069 2260 vero
1093 2206 1417 2274 cougaudet,
1454 2206 1638 2275 iniquo

158 2295 601 2365 Haudquaquam
630 2296 844 2367 gaudet,
872 2312 978 2351 non
1010 2296 1233 2361 invidet,
1272 2298 1452 2351 omnia
1484 2298 1677 2361 credit,

169 2390 367 2445 Omnia
401 2382 612 2456 suffert;
634 2390 819 2445 omnia
845 2390 1098 2455 sustinet,
1126 2390 1305 2444 omnia
1332 2399 1536 2460 sperat.

163 2481 395 2537 lixcidct
423 2483 541 2537 haec
569 2497 847 2552 nunquam
885 2500 897 2535 :
930 2497 1034 2535 non
1062 2482 1414 2535 evacuabitur
1444 2497 1677 2551 unquam

163 2572 291 2627 Sive
318 2573 607 2644 pmphetia
636 2581 837 2636 cesset,
877 2572 989 2627 sive
1017 2573 1265 2637 scientia,
1292 2572 1408 2625 sive

165 2662 392 2735 Lingua:
415 2665 747 2719 cessabunt:
779 2672 960 2718 manet
1005 2664 1121 2718 haec
1149 2664 1274 2717 dum
1316 2676 1545 2732 spesque
1585 2663 1750 2717 fides-

460 2798 465 2803 .
558 2800 563 2803 _
703 2796 707 2801 .
1402 2753 1528 2825 [que
1560 2764 1641 2809 est
1661 2771 1674 2817 ;

156 2841 408 2914 Cumque
440 2845 782 2910 transierint,
812 2847 985 2915 major
1015 2845 1134 2902 sine
1166 2845 1272 2900 ﬁne
1305 2846 1565 2899 manebit.

157 2936 313 2989 llauc
347 2936 599 3001 imiteris,
632 2951 812 3002 ames;
841 2937 988 2991 hunc
1013 2935 1373 3006 amplectaris
1399 2950 1641 2990 amorem

160 3026 319 3080 llutie
343 3035 455 3081 tota
490 3028 690 3082 virtute
718 3029 883 3101 colas,
916 3028 1146 3090 habeas,
1188 3037 1505 3096 teneasque,

1632 269 1959 324 CAlllllNA.
3246 290 3249 295 '
3318 273 3453 328 ηεξ)

1795 387 1838 443 Α
1869 380 2043 435 Causa
2073 379 2194 440 fuit.
2228 379 2387 447 clavi,
2417 381 2602 453 ﬂagra.
2633 398 2763 436 crux
2790 394 2839 438 et
2873 382 3057 438 lancea
3087 399 3285 456 corpus

1861 469 1982 523 .lam
2010 486 2113 524 non
2144 472 2383 527 adicient
2411 490 2424 526 :
2453 488 2616 527 cruor
2642 474 2729 528 ille
2757 474 3001 530 salutilcr
3031 476 3173 529 ultro

1866 561 1982 615 Non
2014 559 2174 629 ﬂuet;
2207 572 2299 617 aut
2328 564 2532 617 tumulo
2560 562 2827 628 Christus,
2860 575 2950 619 tua
2980 566 3113 629 vita,
3143 566 3382 620 secundo

1861 653 2190 721 Claudetur;
2228 655 2483 709 barathro
2512 671 2610 709 nec
2638 656 2997 710 descendetur
3024 657 3076 709 in
3110 658 3214 709 ima

1862 744 1903 797 Δ
1936 745 2175 800 tenebris
2204 746 2416 800 animus
2442 757 2723 802 revocatus
2761 746 2895 801 lucis
2932 749 2999 801 ad
3031 748 3221 802 :edem.

1862 833 1995 901 Quis
2032 848 2203 891 novus
2246 852 2373 906 ergo
2419 838 2611 891 modus
2656 838 2818 892 fuerit
2858 854 2961 907 quo
2998 850 3104 893 tam
3139 838 3447 892 miserando

1862 925 2107 996 Eripiare
2127 926 2294 997 jugo?
2319 927 2554 997 Repetiti
2590 929 2784 984 fortius
2815 938 3028 983 arctant

1864 1016 2067 1079 Νεῑυε.
2104 1029 2157 1072 et
2183 1034 2370 1073 carcer
2401 1029 2547 1074 serat
2576 1021 2782 1075 arctius
2812 1036 2876 1074 ac
2905 1021 3181 1092 religatus,

1861 1109 1954 1164 Vis
1986 1111 2164 1164 minor
2193 1119 2244 1163 et
2269 1111 2444 1179 major
2470 1110 2612 1183 (sic),
2644 1112 2967 1181 graviorque
2994 1112 3227 1166 secunda
3261 1094 3443 1166 ruina.

1861 1200 2033 1255 Tanta
2064 1218 2162 1256 nec
2190 1201 2420 1255 ulterius
2453 1203 2711 1272 patientia
2743 1211 2990 1277 conteret
3026 1203 3256 1269 hostem,

1860 1292 1971 1347 Nec
2002 1306 2148 1347 mors
2178 1301 2351 1348 morte
2379 1294 2542 1347 semel
2569 1294 2788 1349 net-iens
2808 1292 2919 1363 jam
2950 1305 3125 1349 inerte
3154 1288 3370 1364 peribit.

1860 1381 2001 1437 Hinc
2047 1391 2251 1446 tamen,
2297 1383 2423 1437 hinc
2463 1396 2641 1451 spera.
2673 1382 2967 1451 Cujusnam
2997 1383 3102 1436 vita
3154 1381 3446 1453 triumphat

1861 1470 1982 1527 Vita
2014 1472 2387 1541 trimnphabit.
2421 1487 2520 1526 nec
2546 1488 2653 1525 non
2684 1472 2734 1525 in
2763 1474 2967 1527 aethere
2991 1473 3171 1526 vincet

1858 1564 1959 1632 Qui
1994 1565 2123 1619 vicit
2149 1564 2378 1619 tumulo.
2409 1563 2544 1617 Nam
2574 1564 2654 1619 sic
2684 1564 2852 1619 semel
2881 1564 2967 1617 illa
3000 1565 3140 1617 beati

1859 1657 2155 1723 Sanguinis
2183 1655 2324 1709 ttnda
2356 1656 2530 1709 ferum
2564 1656 2845 1709 restrinxit
2890 1655 3006 1709 fusa
3038 1655 3358 1723 draconem,

1788 1743 1831 1801 li
1862 1743 1933 1800 Ut
1963 1745 2054 1816 qui
2086 1746 2374 1801 sorbuerat
2404 1745 2537 1800 diris
2560 1744 2672 1814 jam
2703 1745 2950 1800 faucibus
2979 1745 3188 1807 orbem,

1856 1836 1978 1906 lpse
2010 1837 2110 1890 sub
2138 1836 2270 1891 orbe
2304 1845 2514 1907 gemat,
2550 1851 2647 1891 nec
2668 1835 2759 1908 jus
2786 1826 2997 1907 quoque
3031 1828 3194 1905 possit
3222 1833 3410 1888 haberi

1855 1928 1910 1981 ln
1941 1928 2623 1997 quemquam,velutante,
2640 1943 2819 1994 suum,
2853 1937 3107 1997 surgente
3137 1927 3304 1981 ruina:
3346 1916 3349 1921 ’
3445 2002 3451 2010 _

1855 2018 1974 2085 Quo
2018 2029 2288 2089 surgunt:
2324 2019 2631 2075 hominum.
2659 2019 2847 2075 Solum
2878 2020 3190 2074 dominatur
3240 2018 3290 2071 in
3324 2016 3453 2097 illos’

1855 2111 2003 2177 Quos
2032 2126 2138 2165 non
2184 2112 2445 2174 pceniteat
2471 2112 2762 2176 scelerum,
2790 2110 2873 2166 vel
2895 2113 3118 2166 credere
3148 2110 3333 2163 nolint.

1858 2203 2002 2274 Ergo
2032 2202 2287 2258 salutaris
2318 2204 2453 2258 stola
2481 2219 2642 2274 quem
2668 2205 2909 2274 pretiosa
2940 2202 3163 2266 lavacri,

1855 2293 1922 2348 Et
1951 2309 2075 2348 nive
2104 2292 2388 2349 candidior
2416 2294 2730 2363 Pltmboqne
2754 2292 3046 2347 micantior
3076 2292 3214 2362 ipso,

1855 2383 2032 2446 Texit,
2065 2399 2160 2455 Spe
2185 2394 2388 2450 certus,
2418 2399 2540 2440 cum
2575 2394 2627 2438 te
2654 2394 2741 2439 tua
2769 2383 2995 2437 crimina
3027 2381 3259 2446 fusccnt,

1861 2475 2268 2530 lnlercedentes
2294 2475 2362 2530 ad
2389 2474 2664 2530 Christum
2693 2474 2865 2544 dirige
2896 2474 3086 2528 mistas

1855 2563 1990 2618 Cum
2020 2564 2225 2635 gemitu
2254 2564 2543 2637 lacrymas.
2594 2565 2691 2620 Sat
2731 2565 2875 2619 enim
2919 2579 3061 2619 nunc.
3090 2571 3298 2634 tergere
3326 2576 3442 2617 sor-

2803 2726 2807 2731 v
3251 2653 3367 2727 [des

1852 2744 2154 2802 lmmensas
2182 2731 2448 2803 scelerum
2486 2748 2739 2819 lacrymae
2780 2748 3120 2817 gemitusque
3160 2745 3437 2799 valebunt.

1854 2836 1962 2891 Nec
1992 2838 2151 2892 modo
2180 2838 2430 2894 confesso
2460 2843 2672 2893 veniam
2707 2838 2944 2891 lamenta
2977 2837 3276 2901 parabunt;

1853 2928 2079 2983 l‘ncmia
2108 2930 2396 2985 restituent
2426 2930 2716 3010 commissa
2744 2931 2953 3001 perdita
2981 2937 3162 2999 cutpa.

1854 3020 1965 3077 Nec
1997 3037 2090 3092 per
2118 3021 2285 3077 multa
2314 3022 2449 3078 fides
2472 3022 2741 3093 longeque
2762 3033 2971 3077 vetusta
3007 3028 3224 3092 petatur
3248 3037 3263 3073 :

152 3117 329 3187 Cujus
370 3118 609 3185 ﬂamma,
644 3100 861 3177 modum
910 3134 1198 3174 numerum
1240 3120 1285 3175 si
1328 3120 1509 3174 vincat
1539 3128 1593 3174 et
1626 3134 1746 3173 om-
1776 3100 1816 3157 C
1852 3109 1947 3168 Est
1974 3114 2107 3169 satis
2136 3114 2388 3185 exemplo
2412 3114 2555 3184 quod
2588 3125 2775 3170 nostro
2804 3115 3032 3186 contigit
3066 3128 3183 3169 :evo

1528 3223 1675 3272 nem,

154 3280 487 3369 Congeriem
518 3300 811 3365 scelerum,
842 3300 1098 3369 stipulam
1136 3302 1284 3356 velut
1318 3303 1481 3372 ignis,
1533 3301 1743 3367 adurit;

156 3388 332 3457 Cujus
363 3388 588 3443 dulcedo
611 3392 843 3459 quodam
872 3394 1093 3448 dulcore
1123 3395 1339 3462 superni

155 3480 415 3535 Nectaris
442 3481 697 3536 ohdulcat
729 3493 958 3549 mentes,
988 3485 1275 3554 omnisque
1301 3484 1497 3539 futura:

154 3571 464 3639 Quemdam
489 3571 688 3628 hetitiae
717 3574 859 3643 sapit
888 3574 977 3630 hic
1010 3574 1143 3629 etin
1174 3576 1307 3629 orbe
1335 3590 1607 3644 saporem,

161 3650 223 3717 ln
259 3663 426 3717 terris
456 3664 665 3733 positos
687 3665 873 3721 videas
899 3674 960 3720 ut
987 3666 1043 3720 in
1071 3666 1275 3721 aethere
1302 3665 1529 3721 locatos.

156 3752 263 3807 llic
296 3753 351 3806 in
373 3754 715 3824 martyribus
742 3756 905 3831 habet
934 3755 1300 3826 insuperabile
1333 3757 1519 3822 robur,

158 3846 260 3901 llic
292 3846 349 3900 in
383 3846 702 3914 virginibus
721 3858 866 3903 tenet
886 3847 1198 3904 inviolabile
1220 3857 1407 3904 votum
1434 3866 1447 3902 :

161 3934 376 4008 Ungula
403 3947 649 4003 torturze,
678 3938 911 4009 gladius,
936 3949 1079 4005 rota,
1108 3941 1360 4005 verbera,
1395 3939 1644 4006 ﬂammm,

154 4016 444 4097 omneque
473 4043 753 4099 poenarum
783 4045 954 4101 genus
990 4032 1091 4091 hoc
1112 4042 1403 4102 superatur
1430 4047 1634 4099 amore,

153 4115 258 4172 llic
290 4133 463 4185 amor,
495 4119 584 4175 hic
611 4130 838 4191 pugnat,
865 4121 952 4176 hic
990 4121 1158 4177 vincit
1186 4130 1242 4176 et
1271 4122 1387 4193 ipse
1416 4123 1742 4193 triumphat;

150 4206 373 4264 Laurea
402 4212 734 4281 martyribus
765 4212 911 4280 hinc,
943 4212 1358 4283 virginibusque
1391 4229 1593 4270 corona
1621 4224 1738 4271 est:

154 4298 429 4357 Omnibus
456 4286 773 4375 hinc‘justis
796 4319 1007 4361 merces
1037 4307 1197 4361 datur
1224 4306 1401 4377 ampla
1427 4306 1650 4363 laboris.

153 4387 329 4459 Hujus
355 4399 428 4457 et,
456 4406 489 4447 ο
518 4392 761 4464 quisquis
789 4394 922 4466 legis
945 4396 1082 4462 haec,
1116 4398 1357 4468 repletus
1382 4403 1609 4463 amoris,

156 4479 346 4538 Redde
368 4499 562 4553 preces
592 4487 810 4552 merito,
836 4488 991 4556 enjus
1014 4489 1109 4545 tibi
1138 4505 1234 4546 ceu
1261 4492 1364 4547 sibi
1391 4494 1654 4563 scriptum

155 4568 275 4628 Hoc
304 4589 441 4644 opus
468 4585 551 4631 est
570 4592 760 4648 opera;
789 4593 913 4634 nam
940 4581 986 4635 si
1014 4585 1333 4639 memercris
1354 4584 1494 4641 alius
1513 4627 1528 4652 ,

154 4660 224 4716 Et
253 4663 399 4721 Deus
426 4667 543 4737 ipse
569 4668 642 4723 tui
673 4671 1064 4726 memorabitur
1088 4690 1103 4728 :
1128 4672 1289 4743 hujus
1316 4678 1518 4731 amoris

154 4751 250 4809 Jus
271 4755 386 4825 dat,
413 4767 474 4814 ut
494 4760 600 4816 hoc
621 4760 760 4817 alios
783 4776 892 4832 quo
908 4760 1138 4831 juveris,
1168 4762 1284 4835 ipse
1306 4766 1532 4838 juveris.

576 4914 579 4919 ,
914 4853 977 4909 ll.
1279 4910 1285 4917 .

382 4945 458 4999 De
485 4945 741 5013 miraculo
766 4946 909 5002 illius
931 4953 1020 5020 qui
1043 4949 1271 5016 seipsum
1295 4952 1506 5005 occidit.

160 5024 344 5086 Mortis
378 5032 432 5087 in
461 5035 754 5105 immanem
781 5044 834 5091 te
865 5041 1056 5096 mersit
1085 5039 1244 5107 culpa
1273 5041 1512 5107 ruinam,

161 5117 356 5166 Christi
387 5137 531 5166 mare
555 5126 727 5166 aravit
783 5126 940 5166 lmmn
993 5129 1137 5166 λΙΛνα
1162 5128 1273 5166 εηιοι
1310 5132 1541 5166 multh

1855 3204 2131 3275 Multiplex
2163 3206 2469 3275 mirumque
2500 3207 2683 3272 modo,
2711 3222 2934 3261 numero
2961 3214 3138 3273 tamen
3172 3218 3364 3264 unum,

1854 3295 2015 3365 Spem
2047 3296 2212 3366 lapsis
2241 3313 2513 3369 magnam,
2545 3297 2810 3352 cautelam
2839 3296 3108 3352 stantibus
3139 3296 3362 3351 addens.

1922 3389 2196 3445 Gallorum
2221 3402 2394 3446 coetus
2417 3401 2599 3462 partes
2630 3406 2733 3460 qua
2766 3380 3173 3461 fulget‘lberas,
3236 3388 3261 3442 ’.
3432 3370 3439 3387 ί

1851 3480 2062 3550 Corpus
2095 3481 2451 3551 apostolicum
2479 3481 2657 3552 gentis
2686 3481 2752 3535 de
2779 3497 2932 3535 more
2959 3482 3201 3551 petebat,

1854 3569 1921 3624 Ut
1948 3570 2175 3625 devotus
2204 3574 2393 3634 amor,
2412 3587 2567 3626 sacra
2598 3574 2723 3625 dum
2749 3573 2865 3626 loca
2893 3574 3119 3638 viseret,
3150 3573 3263 3642 ipsa

1849 3663 2155 3731 Asperitate
2179 3663 2281 3717 viae
2310 3662 2577 3718 scelerum
2610 3678 2671 3719 se
2696 3665 2836 3718 mole
2864 3665 3090 3719 levaret.

1851 3754 2112 3822 Quorum,
2144 3744 2350 3810 naturae
2378 3756 2741 3828 persimplicis
2769 3767 2822 3811 et
2855 3758 3075 3828 puerilis

1852 3845 2001 3900 Unus
2030 3856 2165 3906 erat,
2194 3846 2367 3902 facilis
2388 3863 2495 3917 quo
2525 3850 2689 3903 velles
2718 3848 2933 3904 ﬂectere
2961 3849 3100 3904 ﬂecti

1849 3935 1959 3991 llos
1988 3945 2045 3991 ιιι
2071 3938 2139 3992 ad
2170 3938 2463 4009 hospitium
2483 3936 2596 4006 jam
2623 3940 2832 3994 tardior
2859 3941 2990 3994 hora
3021 3941 3218 4010 coegit,

1847 4026 1911 4081 lu
1939 4037 2149 4095 partem
2177 4028 2411 4098 simplex
2439 4030 2659 4083 divertit
2683 4028 2751 4083 ab
2777 4030 2994 4101 agmine
3021 4029 3189 4089 solus.

1848 4122 2206 4193 Dimotusqne
2236 4123 2322 4176 via
2351 4123 2646 4187 modicum,
2677 4110 2989 4191 fraudisque
3022 4123 3237 4192 dolique

1848 4212 2056 4268 Invenit
2091 4223 2394 4276 auctorem,
2419 4213 2945 4283 juvenilis‘corporis
2974 4214 3164 4269 instar.

1846 4305 2070 4360 Inchoat
2097 4316 2312 4363 astutus
2338 4306 2516 4362 dirum
2549 4322 2671 4361 cum
2703 4307 2945 4378 simplice
2980 4308 3202 4373 bellum,

1848 4396 1963 4453 Non
1993 4399 2182 4468 ﬂagra,
2213 4410 2316 4453 nou
2348 4399 2573 4470 gladios,
2612 4400 2705 4456 sed
2738 4401 2888 4471 pacis
2926 4400 3177 4457 habentia
3210 4402 3426 4475 signum

1846 4489 2089 4546 Primum
2123 4492 2285 4547 verba
2318 4507 2581 4548 movens:
2622 4511 2640 4545 ι
2671 4492 2789 4560 Quo
2848 4493 3037 4561 frater,
3078 4491 3314 4559 duceris,
3347 4498 3429 4550 in-

3122 4585 3301 4660 [quit?
3332 4607 3348 4639 ι

1847 4681 1953 4735 Sed
1986 4678 2115 4749 quid
2151 4679 2217 4733 ad
2251 4678 2370 4733 hzec
2404 4680 2669 4751 simplex?
2705 4679 2873 4737 facies
2903 4682 3164 4745 humana,
3197 4696 3429 4736 serenus

1846 4772 2064 4837 Vultus,
2094 4781 2148 4826 et
2175 4772 2449 4841 eloquium
2481 4789 2601 4828 eum
2632 4774 2847 4827 nomine
2879 4772 3064 4828 fratris
3097 4774 3355 4836 amicum,

1844 4861 1976 4929 Quae
2006 4863 2144 4916 bene
2172 4861 2422 4917 cordatus
2448 4863 2697 4916 homines
2727 4862 3068 4931 multumque
3099 4862 3360 4930 probatos
3448 4868 3451 4871 ’

1841 4955 2187 5026 Exeiperent,
2218 4953 2284 5007 ad
2311 4956 2636 5025 colloquium
2666 4953 2979 5010 miserabile
3006 4962 3245 5007 mentem

1839 5048 2099 5103 Alliciunt
2124 5046 2403 5109 stolidam:
2433 5064 2541 5116 quo
2573 5046 2778 5111 tendat,
2805 5047 3020 5116 pandit.
3049 5043 3119 5097 At
3154 5043 3245 5097 ille
3298 5060 3301 5067 ί

2288 5154 2305 5164 ο
2339 5138 2517 5164 Λ.--..σι
2547 5144 2756 5164 σθησιν-ιη
2783 5138 2867 5162 ηιξ-
2902 5139 3043 5162 '.-....A
3069 5133 3352 5162 ln‘\A-n~ﬂ
3386 5157 3398 5162 -

1841 5141 2203 5166 Ω..ι....υ-..;ο....
2234 5150 2249 5164 ο
