3936 5402
515 253 653 313 i287
1585 236 1931 301 GUAIFERH
1971 228 2374 293 CASINENSIS
2412 230 2721 289 MO‘NACIH
3010 248 3013 249 ν
3622 234 3719 291 ηδε

517 389 537 423 ι
573 367 705 425 Sum
746 379 907 438 quem
951 362 1154 436 quaeris
1184 375 1303 435 ego.
1345 379 1367 414 ι
1398 355 1582 416 Credit
1611 357 1799 422 miser,
1825 362 1989 423 atque
2023 364 2107 404 re—
2137 351 2183 409 A
2212 348 2539 403 Contentum
2574 346 2774 418 reperit
2803 344 2997 417 quibus
3024 360 3110 401 ars
3137 347 3347 403 sntoria
3376 364 3489 405 sese

1849 443 2032 518 [petite

510 553 730 610 Stratus
758 548 909 606 lmmi
941 536 1181 620 deposcit
1209 554 1389 617 opem,
1422 542 1800 611 scelerumque
1829 540 2099 596 levamen.

512 643 635 699 Mox
664 650 853 697 auctor
883 640 1075 695 mortis
1105 636 1296 693 mortis
1334 632 1635 706 prorumpit
1671 632 1735 687 ad
1766 639 1944 685 atrum

513 733 836 797 Consilium,
863 730 957 787 sed
991 729 1258 787 facturum
1287 727 1416 800 quid
1446 724 1694 783 consulat
1728 723 1877 779 illum

512 823 730 893 Accipit
759 830 883 877 ante
914 820 1097 876 ﬁdem.
1122 818 1275 874 Tunc
1302 818 1382 875 sic
1410 818 1524 873 ait:
1560 836 1577 868 ι
1605 813 1780 881 Haud,
1804 812 1905 869 nisi
1926 809 2107 869 solvas

520 933 541 967 ι
576 914 695 983 Ipse
723 923 842 968 tuos
873 920 1023 966 artus
1053 908 1247 965 animae
1272 922 1549 978 compage,
1582 904 1810 960 salutem

522 1026 541 1059 ι
579 1006 752 1074 Quam
783 1003 957 1074 cupis,
992 1012 1253 1057 mternam
1281 1015 1486 1075 speres.
1521 997 1617 1054 Vis
1642 996 1823 1050 vivere
1852 995 2016 1049 vitam

525 1116 546 1149 ι
584 1096 812 1165 Semper
843 1093 1192 1150 mansuram?
1221 1094 1385 1147 vitam
1412 1090 1508 1146 tibi
1544 1088 1669 1145 tolle
1699 1088 1983 1144 caducam.
2020 1108 2039 1140 ι

516 1191 800 1247 Horrescit
831 1189 1044 1245 facinus
1073 1189 1233 1244 bruto
1258 1186 1358 1242 sub
1387 1194 1608 1256 pectore
1641 1193 1883 1249 tantum,

519 1283 717 1350 Audet,
751 1293 806 1338 et
831 1283 934 1337 hoc
958 1280 1102 1335 ﬁdei.
1141 1319 1154 1333 .
1188 1319 1204 1334 .
1236 1318 1250 1334 .
1285 1319 1299 1334 .
1336 1294 1458 1334 esse
1486 1291 1794 1348 repugnans

522 1379 753 1433 Dicere:
791 1375 885 1431 sed
919 1375 1138 1430 tuonitis
1166 1386 1461 1443 persuasus
1486 1370 1629 1426 cedit
1652 1365 1873 1438 iniquis.

513 1466 760 1537 Flagitat
782 1480 911 1538 ergo
935 1464 1174 1526 modum,
1206 1471 1413 1518 tantum
1441 1476 1549 1531 quo
1567 1459 1774 1515 crimen
1805 1466 2017 1528 agatur.

523 1560 831 1631 Hospitium
852 1558 1051 1629 repeti,
1082 1571 1259 1619 caena,
1292 1554 1634 1610 sermonibus
1663 1566 1760 1606 ore

527 1650 832 1708 Sollicitum
859 1662 1049 1720 peetus
1070 1647 1272 1711 claudi,
1308 1645 1627 1713 cunctisque
1655 1655 1851 1712 sopore

518 1740 829 1806 lmmersis,
862 1738 1045 1794 fauces
1071 1736 1248 1808 gladio
1270 1735 1606 1807 penetrarier
1634 1734 1793 1796 imas,

518 1832 597 1889 Et
624 1831 832 1886 ventris
861 1830 1120 1892 medium,
1153 1836 1359 1881 tantum
1390 1835 1511 1896 post
1539 1825 1758 1890 vulnus,
1782 1824 1974 1881 eodem

514 1923 840 1981 Consulitur
873 1921 1053 1993 gladio
1089 1918 1353 1990 transﬁgi.
1390 1917 1595 1973 Suadet
1623 1918 1839 1987 iniquus

520 2014 683 2083 Quod
713 2012 881 2084 cupit.
906 2011 972 2075 lt,
1003 2021 1204 2074 ca-nat,
1232 2009 1393 2065 simul
1420 2018 1584 2078 atque
1612 2009 1854 2078 gravatis

535 2104 745 2161 Somno
773 2102 1069 2167 consociis,
1098 2100 1373 2171 immergit
1400 2107 1617 2168 gutture
1650 2097 1838 2163 telum,

532 2196 795 2266 Amputat
825 2204 882 2250 et
908 2207 1095 2257 venas,
1121 2200 1271 2247 secat
1295 2201 1351 2246 et
1375 2206 1499 2245 cum
1530 2198 1750 2261 gutture
1779 2203 1995 2245 nervos.

528 2287 651 2343 Nec
679 2300 854 2351 mora,
885 2283 1107 2355 conligit
1140 2281 1438 2354 praecordia
1470 2298 1486 2336 :
1524 2281 1619 2337 sed
1652 2281 1806 2337 dolor
1836 2281 1949 2351 ipse

533 2374 794 2434 Criminis
819 2390 884 2431 ac
909 2373 1102 2430 mortis
1129 2373 1387 2427 miserum
1413 2370 1651 2427 clamare
1679 2372 1876 2440 coegit.

542 2490 561 2524 ιι
593 2471 675 2528 Me
705 2470 999 2527 miserum!
1041 2467 1213 2540 perii;
1261 2466 1437 2524 scelus
1483 2467 1587 2523 hoc
1617 2482 1738 2524 mea
1777 2469 1969 2523 dextra
2004 2481 2129 2535 per-

1854 2557 2008 2632 [t‘gih
2032 2578 2052 2611 ι

541 2660 613 2716 Et
645 2657 753 2714 ruit
782 2654 1051 2713 exanimis
1082 2672 1095 2709 :
1122 2652 1382 2711 miseram
1414 2668 1539 2708 mox
1568 2652 1724 2707 turba
1749 2650 1987 2706 ferorum

533 2746 846 2824 Spirituum
878 2749 1104 2819 capiunt
1132 2749 1396 2812 animam,
1424 2746 1746 2817 rapiuntque
1777 2743 2130 2813 trahuntque,

536 2846 650 2902 Per
669 2854 912 2899 summas
937 2840 1107 2895 valles
1127 2840 1398 2911 agitantes
1420 2847 1582 2908 atque
1608 2851 1703 2907 per
1724 2836 1879 2891 imas.

541 2938 788 3007 Apparet
815 2933 995 2989 subito
1025 2931 1237 2986 facinus
1265 2931 1357 3000 qui
1387 2938 1635 2985 suaserat
1669 2929 1875 2992 hostis,

540 3027 573 3084 J
585 3028 694 3082 uris
721 3037 775 3082 et
799 3040 921 3081 esse
949 3023 1294 3089 sui,sceleris
1321 3023 1415 3095 qui
1445 3037 1610 3078 causa
1639 3021 1731 3087 sit,
1762 3018 1956 3090 inquit.

542 3121 791 3182 Ceditur.
823 3117 1148 3189 insequitur,
1184 3117 1356 3185 magis
1381 3115 1632 3171 omnibus
1664 3123 1819 3183 urget
1843 3121 1898 3167 et
1928 3126 2087 3168 unus.

547 3214 631 3268 Ad
658 3212 775 3266 loca
811 3209 1070 3267 Romanis
1100 3209 1179 3264 sic
1208 3209 1316 3262 itur
1344 3208 1587 3278 proxima
1615 3208 1807 3260 muris.

548 3302 670 3358 Vox
695 3310 857 3357 sonat
884 3302 973 3355 hic
1003 3314 1019 3354 :
1054 3319 1073 3352 ‹
1110 3300 1317 3363 Sinite;
1348 3317 1366 3350 ι
1395 3298 1572 3353 stolidi
1595 3312 1808 3353 cessere
1830 3310 2139 3367 parumper.

552 3390 664 3465 Sed
688 3398 935 3461 repetunt
960 3390 1218 3453 animam,
1234 3388 1359 3443 dum
1380 3403 1478 3443 vox
1505 3387 1823 3457 silet,atque
1843 3393 2143 3452 coarctant.

550 3485 775 3541 Intonat
796 3486 911 3540 lucc
939 3485 1128 3540 eadem
1153 3483 1376 3555 propior
1398 3498 1574 3555 mage,
1607 3482 1969 3552 terribilisque
2000 3498 2015 3536 :

551 3575 856 3647 Diffugiunt
879 3591 1069 3632 omnes
1103 3576 1298 3632 subitis
1335 3574 1636 3631 terroribus
1663 3574 1879 3639 hostes,

559 3667 672 3724 Nec
703 3668 953 3738 quatiunt
978 3668 1215 3723 animam
1236 3666 1348 3735 jam
1376 3675 1563 3723 sancta
1591 3681 1721 3723 voce
1748 3666 2004 3725 solutam.

558 3761 641 3815 En
678 3761 858 3831 specie
886 3775 1013 3816 vera
1039 3759 1256 3829 juvenis
1285 3750 1682 3830 pulcherrimus
1706 3768 1887 3814 astat:

556 3851 723 3908 Novit
749 3853 1033 3937 apostolici
1066 3853 1295 3909 formam
1325 3853 1478 3924 quasi
1506 3853 1761 3923 prtescins
1788 3852 1901 3908 oris

555 3946 833 4017 Spiritus;
877 3947 1021 4001 hunc
1050 3946 1317 4015 sequitur,
1345 3960 1508 4014 super
1534 3946 1701 4002 ardua
1734 3954 1872 3999 tecta
1905 3943 2120 3999 venitur

557 4041 838 4112 Principis
862 4041 1118 4098 Ecclesia:
1145 4042 1449 4113 regnantis;
1484 4040 1536 4096 in
1566 4042 1770 4097 tethere
1800 4040 1970 4096 Mater

566 4132 844 4206 Virgineis
866 4135 1064 4205 stipata
1100 4134 1284 4190 choris
1319 4144 1500 4190 astare
1523 4133 1755 4188 videtur.

557 4227 791 4281 Accedit
818 4224 1078 4291 Jacobus,
1111 4242 1211 4296 pro
1238 4236 1386 4281 tanta
1420 4226 1542 4283 labe
1569 4235 1841 4296 precator.

556 4315 729 4373 Audit
754 4316 823 4370 ab
850 4331 945 4371 ore
969 4316 1057 4387 pio
1090 4335 1102 4369 :
1145 4326 1355 4387 repetat
1388 4317 1492 4372 nisi
1519 4331 1716 4372 carnea
1738 4316 1976 4372 claustra
1997 4356 2013 4380 ,

562 4405 634 4461 ‘Et
667 4423 789 4462 cum
817 4422 983 4463 carne
1018 4408 1138 4478 luat,
1161 4408 1360 4463 factum
1384 4423 1510 4463 cum
1536 4422 1700 4462 carne
1727 4418 1955 4473 reatum,

566 4496 684 4551 Non
704 4498 947 4552 animam
977 4506 1128 4553 tanto
1154 4498 1464 4553 damnatam
1489 4499 1717 4553 crimine
1742 4497 1894 4553 solvi.

566 4589 714 4661 Ergo
738 4590 1017 4659 repentino
1039 4589 1255 4647 rediens
1268 4588 1382 4660 jam
1404 4589 1572 4645 libera
1596 4605 1782 4657 cursu,

567 4679 745 4735 intrat
775 4681 1078 4751 apostolico
1103 4682 1328 4739 dimissa
1358 4683 1554 4739 cubilia
1585 4683 1775 4737 ductu.

566 4772 805 4840 ﬂscitat,
837 4775 1084 4848 erigitur,
1117 4776 1374 4847 loquitur,
1411 4778 1763 4849 graditurque
1784 4776 2059 4833 cadaver:

570 4864 679 4920 Dat
705 4881 794 4922 res
817 4867 932 4937 ipsa
959 4867 1117 4923 ﬁdem
1147 4869 1332 4935 sociis,
1361 4883 1488 4925 nam
1515 4870 1702 4925 vivere
1721 4878 1952 4925 cernunt

573 4955 751 5023 Quem
777 4958 962 5015 videre
988 4959 1155 5026 mori;
1181 4961 1276 5016 sed
1308 4960 1463 5016 testis
1484 4960 1596 5017 sola
1626 4961 1861 5017 cicatrix

574 5052 711 5107 Esse
736 5062 913 5122 potest
937 5052 1055 5107 aliis
1072 5094 1087 5119 ,
1111 5068 1232 5123 quae
1257 5054 1479 5109 vulnere
1501 5055 1580 5110 sic
1609 5055 1660 5111 iu
1687 5064 1919 5124 utroque

572 5142 855 5208 Cernitur,
884 5155 943 5200 ut
976 5145 1138 5200 talem
1172 5145 1438 5214 vitmjam
1476 5162 1636 5203 nemo
1668 5147 1871 5202 redisse

580 5235 663 5289 Ad
691 5236 1079 5304 postliminium
1105 5236 1337 5293 dubitet.
1372 5236 1508 5292 Huic
1534 5237 1908 5293 Cluniacensis

585 5326 827 5382 Cmuobii
858 5329 1033 5384 vicina
1059 5329 1177 5385 loco
1201 5329 1319 5384 loea
1344 5341 1498 5384 sacra
1528 5329 1795 5393 feruntur,

2202 437 2435 494 Foverat
2475 450 2523 493 ct
2554 449 2806 504 matrem,
2838 455 2997 509 quam
3024 457 3089 496 nc
3112 443 3261 495 sinat
3291 443 3531 513 imperat.
3561 445 3671 519 Ergo

2202 530 2283 585 Ad
2309 541 2533 585 matrem
2562 530 2733 595 redit;
2766 530 2882 601 ipse
2905 531 3005 588 sibi
3030 531 3142 602 jam
3175 549 3343 589 causa
3369 538 3598 603 cavendi,

2207 621 2636 695 Exemplumque
2665 624 2780 695 spei
2809 639 3134 695 quocunque
3163 626 3398 683 crimine
3426 627 3592 700 lapsis.

2336 803 2413 862 De
2441 808 2775 862 ronrersione
2798 810 3147 881 quorumdam
3177 810 3634 871 Snlernitauorum.

2212 902 2316 956 Hes
2344 918 2483 956 nova
2514 919 2704 972 magna
2733 905 2863 957 satis
2893 904 3213 974 perhibetur
3246 906 3389 961 facta
3418 906 3629 975 Salerni,

2284 995 2445 1050 Plena
2466 997 2572 1067 piis
2596 998 2873 1069 lacrymis,
2901 998 3149 1055 laudibus
3178 1010 3236 1056 et
3263 1001 3511 1059 celebris.

2213 1089 2331 1146 Una
2365 1092 2556 1146 domus
2584 1091 2844 1163 locuples,
2870 1092 3139 1160 sublimis,
3168 1095 3335 1151 docta
3367 1106 3633 1170 potensque

2284 1182 2417 1238 Tota
2448 1184 2606 1240 simul
2636 1201 2806 1242 sacrae
2834 1187 3009 1244 induit
3035 1203 3187 1244 arma
3218 1200 3380 1261 togae.

2216 1273 2343 1331 Hmc
2372 1276 2457 1330 vir
2481 1285 2536 1330 et
2567 1292 2702 1332 uxor
2726 1287 2866 1340 erat,
2895 1279 3198 1350 dilectaque
3219 1282 3447 1353 pignora
3474 1292 3666 1353 septem,

2287 1369 2535 1441 Quinque
2566 1385 2761 1435 mares,
2787 1386 2949 1428 sexus
2979 1381 3175 1429 caetera
3211 1373 3455 1430 feminei.

2216 1460 2370 1529 Quis,
2404 1462 2543 1518 bone
2568 1463 2669 1526 vir,
2700 1462 2913 1518 Domini
2944 1464 3136 1520 melius
3168 1473 3223 1522 te
3236 1464 3393 1534 jussa
3420 1468 3634 1538 peregit?

2290 1554 2387 1611 V’el
2416 1554 2538 1625 quis
2561 1555 2874 1626 adimplevit
2903 1557 2987 1611 his
3024 1556 3099 1612 ita
3124 1559 3498 1627 temporibus?

2220 1645 2482 1710 Uxorem,
2508 1646 2772 1712 sobolem,
2794 1658 3131 1719 matremque
3157 1659 3478 1720 patremque
3502 1651 3700 1723 relinqui,

2150 1707 2194 1769 Β
2296 1736 2363 1790 Ει
2390 1707 2532 1807 quod
2564 1736 2727 1792 habet
2756 1707 2853 1806 pro
2880 1752 2940 1792 se
2966 1707 3213 1810 praecipit
3237 1707 3590 1810 Omni-potens.

2224 1829 2305 1885 Tu
2338 1829 2497 1883 simul
2529 1828 2629 1883 ista
2657 1829 2864 1894 sinens,
2895 1838 3070 1885 tecum
3096 1829 3206 1885 fers
3228 1830 3412 1885 omnia
3432 1830 3636 1886 Christo.

2294 1919 2420 1975 Plus
2448 1919 2798 1990 Evangelium
2836 1934 2996 1988 quam
3016 1918 3172 1988 jubet
3204 1938 3339 1993 ergo
3363 1921 3506 1976 facis.

2214 2012 2354 2080 Quae
2386 2020 2494 2065 tam
2527 2010 2683 2067 dulce
2713 2011 2825 2066 Deo
2855 2028 2999 2067 nunc
3026 2010 3187 2067 offert
3209 2011 3422 2068 femina
3442 2027 3636 2077 munus,
3658 2048 3671 2057 ο

2297 2103 2446 2159 Uxor
2472 2103 2823 2175 magnamini,
2844 2102 2956 2172 jam
2984 2120 3139 2160 soror
3169 2105 3291 2176 ipsa
3321 2106 3457 2160 viri?

2224 2195 2327 2264 Qui
2356 2212 2452 2250 sua
2475 2196 2566 2251 det
2594 2211 2768 2260 rarus,
2801 2196 2891 2266 qui
2924 2210 2982 2251 se
3007 2211 3173 2266 prope
3207 2195 3389 2251 nullus
3418 2194 3616 2251 habetur
3637 2208 3661 2264 ε,

2298 2289 2375 2343 Tu
2410 2297 2521 2351 tua,
2549 2298 2714 2358 tuque
2739 2297 2881 2351 tuos,
2920 2298 3079 2355 teque
3104 2289 3262 2342 dicas
3294 2287 3528 2342 Domino.

2229 2377 2367 2446 Quid
2395 2377 2523 2433 fecit
2552 2378 2779 2446 imperio
2813 2378 2893 2433 sic
2925 2387 2977 2432 te
3005 2377 3219 2433 deferre
3251 2388 3523 2447 parentum

2297 2472 2528 2547 Egregia
2559 2471 2756 2539 proles,
2787 2486 2909 2541 spes
2934 2479 2989 2525 et
3020 2469 3196 2524 honor
3217 2470 3445 2540 patriae?
3525 2501 3531 2507 -

2231 2565 2389 2621 AZtas
2423 2563 2512 2619 illa
2544 2564 2665 2627 tibi,
2695 2578 2835 2632 quae,
2862 2563 3045 2618 mundi
3080 2563 3223 2619 fessa
3254 2563 3459 2626 labore,

2302 2655 2530 2726 Cogeret
2556 2655 2605 2708 id
2635 2668 2740 2708 non
2768 2662 2875 2718 est,
2902 2668 3024 2723 spes
3052 2661 3106 2707 et
3133 2653 3313 2707 honor
3337 2652 3527 2723 patriae.

2233 2748 2344 2805 Lex
2370 2765 2433 2804 ca
2452 2765 2562 2819 qua
2580 2747 2794 2803 soboles
2822 2745 2887 2801 ad
2916 2746 3089 2815 patris
3116 2746 3258 2801 velle
3289 2746 3494 2801 dicatur

2307 2843 2444 2897 Nota
2476 2842 2570 2896 tibi
2602 2855 2708 2895 non
2738 2848 2842 2905 est,
2871 2854 2992 2908 spes
3024 2848 3079 2894 et
3110 2840 3295 2893 honor
3319 2838 3516 2909 patriar.

2239 2935 2373 2991 Huic
2404 2943 2582 2990 autem
2608 2933 2836 3003 imperio
2865 2935 2909 2988 si
2941 2931 3322 2988 contradicere
3352 2930 3520 2993 velles,

2312 3029 2386 3084 Te
2414 3029 2538 3094 sibi,
2568 3039 2619 3083 te
2643 3029 2819 3098 patria
2847 3027 3053 3098 legibus
3076 3029 3340 3097 eriperet.

2244 3121 2316 3175 At
2343 3119 2512 3190 patris
2535 3129 2588 3175 et
2613 3120 2804 3173 matris
2829 3119 3006 3173 minor
3035 3128 3178 3174 esset
3204 3119 3405 3188 gloria,
3432 3126 3556 3172 certe

2319 3212 2428 3268 Nec
2455 3212 2549 3267 tibi
2579 3222 2777 3281 praeter
2805 3227 2899 3267 eos
2922 3212 3110 3283 gaudia
3143 3211 3304 3283 plena
3332 3211 3531 3265 forent.’

2247 3305 2353 3361 Lex
2378 3306 2468 3361 dnl
2491 3317 2545 3363 et
2569 3322 2699 3363 usus
2728 3306 2891 3361 habet
2916 3307 3087 3377 patris
3111 3317 3170 3362 ut
3194 3309 3269 3363 sit
3294 3309 3433 3363 ﬁlius
3464 3306 3632 3359 haeres:

2319 3397 2486 3453 Vobis
2514 3408 2603 3454 est
2627 3398 2821 3463 haeres,
2851 3398 3094 3470 germina
3125 3399 3297 3463 clara,
3326 3407 3489 3468 pater.

2246 3487 2582 3558 Propensam
2612 3488 2955 3559 celeremque
2986 3490 3160 3545 vicem
3199 3503 3474 3560 sumpsere
3497 3488 3697 3555 parentes;

2320 3580 2432 3635 lmo
2456 3580 2629 3649 magis
2652 3579 2822 3636 multo
2852 3595 3015 3649 quam
3039 3580 3294 3635 dederint
3320 3579 3535 3651 capiunt.

2249 3670 2379 3738 Quae
2408 3670 2568 3724 datur
2602 3670 2869 3739 accipitur
2888 3670 3191 3727 certissima
3214 3669 3390 3741 portio
3411 3679 3592 3722 rerutn'

2320 3766 2456 3821 Nam
2488 3766 2589 3821 nisi
2619 3775 2852 3835 sumpta,
2886 3768 3067 3821 minus
3098 3781 3241 3822 nunc
3268 3765 3432 3821 aliena
3455 3760 3581 3815 foret.

2253 3857 2330 3911 Eu
2358 3872 2541 3913 rerum
2572 3856 2841 3921 dominos,
2863 3855 3177 3911 dulcissima
3211 3857 3428 3928 pignora
3454 3857 3629 3920 septem.

2324 3949 2457 4005 Cum
2487 3949 2652 4004 rebus
2682 3948 2836 4017 quasi
2865 3963 2975 4010 res,
3013 3949 3177 4003 donat
3200 3955 3422 4017 uterque
3444 3952 3612 4014 parcns.
3700 3938 3713 3958 ”

2258 4044 2374 4099 Non
2401 4042 2568 4113 igitur
2594 4041 2866 4111 quondam
2898 4041 3014 4111 plus
3040 4041 3233 4098 detulit
3254 4040 3343 4095 ille
3365 4032 3572 4110 parenti.

2331 4134 2433 4200 Qui
2465 4132 2785 4189 mactandos
2815 4131 2930 4188 ablt
2956 4146 3060 4203 qua
3095 4139 3251 4187 vocat
3275 4130 3387 4201 ipse
3405 4137 3579 4196 parcns.

2264 4224 2375 4281 Vos
2402 4239 2620 4294 quOQue
2644 4224 2815 4295 patris
2837 4239 2993 4278 amor
3019 4223 3222 4278 Christi
3252 4218 3486 4277 mactavit
3503 4214 3555 4267 ad
3575 4218 3694 4263 aram.

2337 4316 2471 4370 Dum
2500 4315 2774 4384 per-iniens
2804 4317 3026 4378 mundo,
3056 4322 3152 4369 vos
3173 4312 3319 4369 dedit
3344 4311 3447 4381 ipse
3464 4306 3569 4360 Deo.

2269 4405 2313 4462 0
2337 4420 2495 4461 sacra
2524 4405 2702 4471 turba,
2732 4414 2906 4475 pater,
2935 4414 3239 4474 materque,
3264 4402 3505 4469 beataque
3522 4388 3664 4462 proles.

2339 4496 2462 4552 Haec
2487 4497 2573 4567 pia
2604 4506 2755 4561 sunt,
2781 4498 2920 4553 bona
2948 4505 3095 4561 sunt,
3126 4496 3265 4551 facta
3287 4488 3504 4551 decentia
3520 4488 3627 4539 sunt.

2265 4589 2371 4646 Sed
2404 4591 2639 4660 gaudere
2666 4589 2813 4653 licet,
2839 4591 2964 4660 quia
2992 4591 3214 4659 prtemia
3243 4587 3579 4644 retribueutur.

2339 4682 2472 4750 Qua:
2499 4683 2681 4739 nullus
2707 4697 2923 4748 sensus,
2952 4697 3104 4741 mens
3136 4696 3346 4754 quoque
3366 4674 3488 4733 nulla
3506 4667 3626 4736 capit.

2270 4774 2500 4837 Praedia,
2532 4772 2746 4837 fundus,
2784 4785 2932 4847 ager,
2963 4773 3122 4829 simul
3149 4783 3232 4829 cst
3265 4771 3446 4829 omissa
3463 4757 3657 4831 supellex,

2341 4864 2524 4920 Dulcis
2544 4872 2598 4920 et
2620 4859 2844 4919 affectus
2873 4877 3091 4936 spretus
3120 4864 3380 4920 amicitiae.

2270 4958 2379 5015 Sed
2410 4958 2630 5014 dabitur
2654 4959 2874 5024 cretum,
2906 4960 3125 5014 dabitur
3152 4957 3420 5030 paradisus
3445 4962 3487 5006 et
3504 4948 3592 5016 ipse

2345 5050 2620 5119 Christus;
2651 5060 2707 5107 et
2729 5054 2997 5107 :ethereus
3027 5062 3200 5108 castus
3227 5052 3415 5107 amicus
3432 5043 3529 5100 erit.

2276 5148 2448 5215 Quam
2478 5158 2605 5202 tunc
2630 5146 2817 5204 felices
2842 5148 2996 5203 eritis
3016 5148 3233 5217 lzctique
3264 5149 3499 5219 parentes.

2307 5231 2313 5237 ’
2353 5237 2646 5293 Vobiscum
2671 5236 2886 5293 soboles
2916 5253 3036 5293 cum
3068 5253 3231 5309 super
3253 5248 3389 5292 astra
3408 5226 3542 5288 cluet!

2280 5329 2348 5384 Et
2373 5345 2535 5399 quam
2568 5339 2694 5384 tunc
2724 5328 2858 5385 felix
2884 5331 3080 5400 poterit
3108 5330 3196 5399 pia
3229 5331 3375 5386 turba
3401 5316 3558 5380 videri.
