3936 5402
1407 253 1438 263 α’-
1455 255 1525 272 .-‘

122 350 251 420 135

1178 352 1329 407 \‘lTA
1361 353 1416 408 '5.
1448 352 1806 410 SECUNDINI
1838 355 2050 423 EPISC.
2091 354 2385 410 TllOJlN‘.

3249 356 3267 413 l
3278 357 3383 415 ΞΜ

754 639 1149 774 VITA
1245 641 1817 771 SANCTI
1866 682 1869 685 -
1918 642 2763 771 SECUNDINI

1324 866 1327 869 ’
1457 854 1714 914 EPISCOI

589 1010 1060 1092 AUCTORE
1121 959 1687 1091 GUA'I’FERIO

1817 855 2102 923 ΓΒΟῙΑΝΙ,

1817 1011 2262 1091 [ONACHO
2338 965 2916 1093 CASlNENSl.

872 1168 1160 1243 (UcuzLLI,
1184 1168 1349 1225 Italia
1378 1184 1557 1233 sacra,
1600 1167 1642 1232 l,
1674 1167 1837 1233 1356,
1868 1183 1936 1223 ex
1976 1169 2099 1225 cod.
2131 1183 2236 1225 ms.
2261 1167 2589 1242 Casinensi.)

1542 1414 1954 1513 MONITUM.

185 1618 244 1674 S.
272 1615 626 1699 Secundinus
654 1617 804 1674 Erae
833 1618 888 1699 i_n
918 1618 1132 1690 Apulia,
1164 1618 1327 1675 hodie
1344 1616 1516 1699 _'_l‘roja_
1547 1637 1564 1699 _:
1591 1606 1752 1692 cujus
1780 1634 1996 1693 corpus.
2025 1636 2150 1699 cum
2177 1637 2333 1699 novae
2361 1623 2605 1699 basilica:
2635 1624 2931 1699 (ederetur,
2947 1614 3388 1699 fundamentum,

111 1706 236 1743 cum
272 1688 646 1757 inscriptione,
679 1704 784 1742 non
815 1690 933 1744 siue
970 1688 1166 1815 magna
1196 1689 1377 1760 populi
1410 1688 1619 1754 laetitia,
1659 1688 1933 1761 repertum
1959 1701 2066 1746 est.
2093 1692 2261 1763 Cujus
2290 1696 2621 1751 inventionis
2651 1695 2886 1752 Historia
2905 1697 3087 1754 Roma:
3120 1701 3173 1755 in
3205 1688 3393 1767 biblio':

116 1762 276 1813 theca
314 1758 659 1813 vallicellana
690 1768 1021 1815 asservatur.
1103 1759 1186 1815 ius
1215 1761 1330 1815 dies
1358 1759 1530 1815 festus
1547 1760 1855 1815 celebratur
1881 1778 1935 1815 xI
1963 1762 2269 1815 Februarii.
2290 1763 2444 1815 diem
2467 1768 2610 1815 amni
2636 1766 2873 1815 Plinium
2902 1768 2996 1815 lib-
3028 1785 3110 1815 ιιι-
3143 1786 3267 1815 mn-
3298 1773 3383 1815 ιι

116 1762 276 1813 theca
314 1758 659 1813 valliCellana
690 1768 1021 1815 asservatur.

1097 1759 1188 1841 jus
1215 1759 1330 1816 dies
1358 1759 1530 1841 festus
1547 1759 1855 1841 celebratur
1881 1778 1935 1841 ξι
1963 1759 2269 1841 Februarii.
2290 1763 2444 1821 IEcze
2467 1768 2610 1841 apud
2636 1766 2873 1841 l’lininm
2901 1768 2997 1841 lib.
3028 1785 3113 1833 ιιι.
3143 1763 3280 1841 cap.
3298 1773 3387 1835 ll.

112 1844 235 1899 pop.
268 1827 509 1895 {Ecauos
536 1844 760 1884 memor.
792 1830 991 1888 Aiscrc.
1025 1827 1119 1910 seu
1149 1831 1300 1886 Escae
1330 1831 1471 1956 aBud
1497 1831 1698 1886 Anton.
1726 1832 1864 1902 Aug.
1897 1834 1949 1888 in
1971 1833 2093 1887 Itin.
2124 1832 2332 1889 Erana
2367 1827 2599 1907 posteris
2638 1838 2806 1961 squod
2827 1900 2831 1905 ,
2852 1827 3031 1908 potius
3065 1827 3392 1909 adjec'tivmn

120 1906 243 1961 est).
280 1914 426 1954 nunc
478 1897 638 1961 Troia
695 1899 765 1961 [et
794 1903 915 1954 ideo
955 1901 1211 1961 Trojana.
1267 1902 1330 1955 E.
1408 1900 1449 1961 ,ἶ
1506 1902 1702 1957 civitas
1735 1902 2059 1961 episcopalis
2103 1903 2311 1961 Apulim
2359 1906 2601 1961 Dauniae.
2657 1924 2757 1961 oeo
2791 1910 3018 1961 editiore
3057 1918 3392 1961 constructa-

120 1897 243 1971 ess).
280 1914 426 1971 nunc
478 1897 661 1971 Trojar
695 1899 765 1971 [et
794 1903 915 1954 ideo
955 1899 1211 1968 Trojana.
1267 1902 1330 1955 E.

1481 1902 1702 1974 _civitas
1735 1900 2059 1972 episcopalis
2103 1903 2311 1973 Apulia!
2359 1900 2601 1970 Dauniae,

2657 1924 2757 1963 oco
2791 1910 3018 1973 editiore
3057 1918 3392 1974 constructa,

114 1968 381 2054 Luceriae,
427 1979 485 2054 et
539 1968 744 2054 Bovino
796 1971 864 2054 ad
921 1987 1014 2054 r_I_n
1065 1971 1133 2025 n.
1250 1968 1790 2054 viciiia;.Bcneveiito
1813 1968 2042 2042 metrop.
2080 1968 2305 2041 ad'xxx,
2338 1991 2366 2030 a
2405 1968 2624 2048 Neapoli
2667 1978 2828 2050 duplo
2845 1968 3128 2037 remotior.
3159 1968 3396 2054 Tempus

114 2056 221 2108 quo
252 2038 593 2096 Secundinus
631 2040 871 2098 ﬂoruerit
893 2043 1070 2099 adhuc
1100 2042 1234 2100 mihi
1270 2042 1686 2113 incompertum.

1127 2364 1130 2368 ι
1209 2262 1681 2417 INCIPIT
1726 2322 2355 2419 PROLOGUS

1090 2499 1182 2556 AD
1221 2496 1645 2555 STEPHANUM
1684 2496 2055 2554 TROJANUM
2092 2496 2502 2555 EPISCOPUM.

188 2657 267 2716 De
294 2659 442 2715 bono
488 2642 797 2715 dilectionis
817 2667 875 2714 et
912 2658 1257 2723 obedientiac,
1289 2657 1458 2715 frater
1510 2669 1562 2715 et
1616 2674 1710 2715 co—
1738 2644 1784 2704 Α
1816 2674 1939 2715 cum
1964 2667 2021 2713 ct
2065 2657 2138 2713 illi
2172 2655 2577 2724 'obedientiam,
2631 2659 2727 2715 tibi
2769 2658 2995 2716 debeam
3042 2660 3398 2722 charitatem.

119 2754 383 2824 episcope
409 2751 489 2817 5.,
523 2766 648 2808 cum
672 2765 736 2806 ex
764 2751 858 2807 illa
880 2765 1049 2820 opaea
1084 2759 1141 2805 et
1162 2749 1442 2806 condensa
1470 2749 1711 2820 lapidea-

116 2862 237 2901 rum
267 2846 637 2916 descriptione
656 2846 1006 2910 Tabularum,
1029 2854 1141 2902 tum
1161 2844 1435 2916 Evangelii
1460 2859 1712 2901 sermone

117 2935 404 3004 perlucido
473 2943 529 2990 et
572 2935 777 3005 patulo,
809 2935 1009 3005 regula
1074 2937 1231 2992 nobis
1258 2950 1448 2991 norma
1477 2933 1710 2991 etdisci-

119 3023 266 3094 plina
292 3025 620 3095 porrigitur.
667 3024 872 3080 Placuit
905 3025 1051 3101 enim
1101 3026 1204 3098 ipsi
1251 3041 1466 3083 summo
1494 3024 1709 3097 Opifici,

119 3124 174 3169 et
201 3115 744 3185 incomprehensibili
772 3116 883 3171 Deo
899 3117 985 3185 qui
1017 3133 1232 3172 onmem
1263 3117 1521 3173 mundum
1551 3106 1707 3189 regit,

114 3203 274 3273 prius
331 3202 691 3259 instrumenta
738 3203 1046 3274 hujusmodi
1099 3207 1199 3261 sub
1232 3205 1401 3278 Moysi
1435 3206 1608 3261 velata
1635 3206 1712 3260 fac

115 3295 202 3350 cie
230 3295 475 3365 quodam
508 3305 854 3350 sacramento
886 3298 1121 3367 signare,
1155 3299 1354 3366 quibus
1394 3299 1447 3351 in
1494 3315 1552 3354 se
1582 3315 1713 3369 grn-

116 3385 273 3439 tibus
301 3383 617 3444 creditoris.
657 3393 782 3453 post
830 3387 1100 3440 incarnati
1154 3386 1318 3441 Verbi
1369 3390 1713 3459 mysterium,
1754 3382 1758 3386 ’

113 3474 557 3530 evidentissima:
584 3474 805 3544 pietatis
829 3475 1131 3545 patrocinio
1160 3477 1502 3547 potissimum
1530 3487 1713 3549 patro-

116 3570 431 3633 cinaretnr.
462 3566 610 3623 Nihil
632 3578 717 3635 est
741 3578 920 3623 autem
952 3571 1093 3639 quod
1118 3570 1169 3625 in
1205 3570 1364 3625 terris
1409 3570 1457 3625 ei
1490 3570 1586 3625 liat
1616 3552 1713 3626 ac-

118 3659 345 3729 ceptins
366 3673 528 3727 quam
563 3664 738 3713 coetus
801 3658 1101 3724 hominum,
1164 3660 1306 3714 unda
1351 3660 1491 3716 sacri
1534 3661 1714 3730 bapti-

112 3750 319 3807 smatis
349 3750 576 3822 mystica
605 3751 823 3821 quidem
856 3750 1157 3821 spirituque
1184 3752 1374 3808 sociati
1399 3794 1413 3819 ,
1446 3752 1530 3808 his
1555 3754 1716 3810 rebus

112 3840 376 3913 operam,
436 3841 522 3897 his
551 3839 815 3908 laborem,
848 3842 932 3898 his
960 3842 1192 3914 denique
1212 3844 1545 3916 diligentiam
1562 3861 1713 3901 suam

114 3933 393 3989 iocantes.
470 3936 473 3941 ’

1809 2749 2113 2820 Aggrediar
2165 2763 2296 2820 ergo
2350 2749 2546 2805 aniune
2590 2759 2696 2830 tua:
2716 2749 2805 2804 diu
2835 2750 3198 2808 desideratum
3237 2767 3399 2823 opus,

1815 2856 1913 2897 nec
1942 2839 2257 2895 formidahit
2281 2840 2441 2906 dura,
2479 2840 2734 2909 ditlicilia,
2765 2857 2886 2912 qua:
2930 2843 3164 2901 sustinet
3189 2844 3396 2910 omnia,

1813 2933 2076 2989 charitas.
2102 2931 2219 2988 Erit
2268 2931 2513 3002 profecto
2565 2941 2727 2987 tanta:
2775 2934 2875 3007 rei.
2907 2936 3204 2990 maximum
3243 2950 3398 2992 emo-

1813 3022 2110 3078 lumentum
2164 3020 2349 3077 Casini
2380 3022 2544 3076 etiam
2573 3033 2782 3079 secreta
2809 3038 3057 3080 secessus
3083 3023 3272 3090 facies,
3305 3027 3399 3082 ubi

1814 3130 1912 3184 pro
1961 3112 2254 3169 venerabili
2310 3111 2831 3185 fundatorequictis,
2885 3115 3210 3171 diuturnitas
3249 3116 3401 3187 pacis

1813 3220 2033 3261 sacrum
2056 3204 2225 3258 otium
2267 3203 2632 3259 confirmavit.
2681 3204 2998 3275 Antiquitas
3025 3205 3192 3261 etiam
3233 3206 3402 3262 refert

1815 3305 1870 3352 et
1900 3296 2051 3350 illum
2100 3294 2419 3360 Varronem,
2447 3302 2529 3349 tot
2583 3295 2797 3350 saeculis
2847 3295 3205 3361 celebratum,
3236 3296 3401 3366 hujus

1815 3387 1946 3441 tedis
1970 3395 2245 3441 auctorem
2272 3384 2460 3449 fuisse,
2491 3384 2604 3454 qui,
2643 3384 2713 3439 Μ.
2745 3385 2919 3441 Tullio
2958 3385 3162 3456 judice,
3196 3386 3399 3442 Romae

1819 3493 2012 3533 norum
2052 3477 2188 3531 alios
2214 3476 2495 3547 religione,
2520 3477 2654 3532 alios
2685 3494 2864 3532 rerum
2893 3488 3166 3550 gestarum
3199 3494 3406 3536 memo-

1817 3568 1920 3632 ria,
1967 3583 2159 3621 omnes
2227 3575 2410 3621 autem
2463 3567 2766 3623 litterarum
2818 3569 3053 3624 scientia
3102 3570 3315 3626 vicerit.
3346 3571 3403 3626 Id
3506 3585 3511 3591 ·

1819 3676 1937 3716 mea
1962 3674 2179 3730 quoque
2219 3658 2484 3713 intererit.
2521 3657 2744 3714 Veniam
2765 3668 2822 3715 et
2848 3660 2919 3716 ad
2966 3660 3202 3728 Trojam,
3247 3661 3406 3730 cujus

1819 3751 2041 3806 nomine
2069 3748 2340 3820 gloriaris.
2365 3748 2529 3805 istam
2552 3750 2624 3805 ad
2647 3750 2845 3806 undam
2866 3750 3049 3822 frigidi
3081 3753 3404 3818 Simoentis,

1818 3842 2161 3914 pcrlustrabo
2201 3840 2374 3897 oculis
2420 3840 2837 3899 famosissimam
2871 3841 3149 3909 Tenedon,
3205 3858 3399 3901 ascen.-

1819 3933 1945 3986 dam
2010 3930 2078 3986 ad
2141 3929 2285 3995 illas,
2327 3931 2570 3986 omnium
2614 3932 2983 3988 doctrinarum
3044 3932 3397 4000 inventrices,

189 4024 429 4080 Notarat
453 4023 598 4079 enim
638 4034 693 4080 et
735 4025 844 4081 hoc
886 4025 1135 4083 columna
1160 4026 1323 4082 nubis
1352 4034 1407 4081 et
1437 4024 1598 4098 ignis,
1625 4026 1711 4080 illa
1745 4034 1788 4094 Β
1817 4016 2080 4090 Athenas,
2112 4022 2166 4077 in
2211 4022 2413 4092 quibus
2460 4038 2672 4077 summa
2724 4024 2936 4079 dicendi
2986 4023 3066 4079 vis
3091 4033 3146 4080 et
3174 4024 3401 4079 inventa

114 4114 427 4171 lsraelitica
456 4125 625 4170 secta.
652 4114 913 4173 Jubemur
932 4131 1000 4172 ex
1031 4125 1143 4173 toto
1175 4118 1341 4172 corde
1389 4117 1558 4172 Deum
1590 4116 1714 4171 dili-

114 4223 272 4278 gere,
292 4206 551 4276 jubemur
578 4209 856 4278 proximos
887 4209 1200 4275 admonere,
1233 4209 1554 4280 parentibus.
1580 4208 1716 4264 obe-

119 4299 262 4353 dire.
292 4297 609 4369 Magisteria
656 4309 785 4354 sunt
832 4300 935 4355 ista
963 4301 1168 4364 divina,
1216 4309 1271 4356 et
1316 4287 1563 4371 (ιιιωάθηὶ
1593 4316 1720 4373 pro-

115 4393 238 4464 pria
288 4392 345 4447 in
376 4393 619 4462 utrisque
647 4392 871 4450 Tabulis
918 4393 1012 4449 Dei
1053 4395 1221 4466 digito
1242 4378 1546 4465 designata.
1578 4392 1721 4450 Sunt

117 4494 172 4541 et
227 4486 356 4540 inec
411 4485 757 4541 fundamenta
797 4486 1130 4542 aedificandae
1180 4487 1321 4557 spei,
1375 4468 1718 4561 ﬁrmamenta

118 4577 548 4633 corroboranda:
608 4578 762 4643 ﬁdei,
845 4579 1176 4634 nutrimenta
1239 4579 1456 4635 fovendi
1511 4580 1714 4655 cordis,

118 4668 497 4740 gubernacula
525 4667 789 4739 dirigendi
840 4668 1072 4729 itineris,
1122 4670 1371 4739 praesidia
1403 4669 1719 4741 obtinenda;

120 4762 345 4817 salutis.
383 4761 460 4817 Ex
494 4762 799 4833 hujusmodi
827 4777 1019 4831 nempe
1075 4754 1285 4833 origine
1323 4770 1566 4817 torrente
1590 4776 1717 4832 pro-

121 4856 422 4924 phetarum
449 4863 500 4908 et
530 4853 667 4924 legis
707 4862 996 4909 emanante
1037 4853 1301 4924 procedit,
1343 4860 1399 4907 et
1422 4851 1512 4906 ille
1538 4866 1721 4906 sermo

125 4945 493 5002 brevissimus
534 4944 766 5014 irrigans
808 4944 1017 5008 omnia,
1070 4942 1278 4998 rivulus
1324 4942 1444 4997 ﬁdei
1475 4957 1594 5011 Quae
1620 4956 1722 5011 per

125 5038 486 5092 dilectionem
555 5045 829 5107 operatur.
884 5034 990 5089 Sed
1053 5050 1151 5089 cur
1206 5033 1310 5088 ista
1362 5031 1719 5103 pnemiserim

126 5128 274 5182 scias
305 5118 457 5181 licet.
492 5127 761 5193 Qniazsiisti
818 5142 849 5179 a
895 5142 979 5181 me
1035 5141 1134 5197 per
1161 5123 1516 5180 Casinensem
1554 5123 1723 5180 abba-

1814 4128 1900 4173 est
1924 4125 1979 4172 ct
2004 4115 2248 4188 perfecta
2278 4132 2293 4182 ;
2328 4131 2565 4187 quaeram
2594 4117 2833 4173 ostiatim
2856 4117 3153 4187 platanum,
3184 4135 3304 4189 quae
3331 4118 3403 4174 ad

1816 4206 2155 4277 opacandum
2184 4204 2381 4276 patulis
2404 4215 2488 4262 est
2507 4204 2698 4262 diffusa
2725 4207 3067 4273 ramusculis,
3096 4209 3253 4280 cujus
3277 4224 3406 4263 um-

1817 4298 1970 4353 bram
1995 4307 2212 4355 secutus
2232 4307 2317 4354 est
2337 4297 2616 4363 Socrates;
2644 4300 2930 4355 mutuabor
2949 4301 3017 4355 ab
3034 4300 3125 4367 illo
3138 4301 3409 4357 rationem

1819 4388 2055 4453 dicendi,
2079 4388 2862 4462 constructionemjvcrborum,
2889 4390 3150 4462 leporem,
3172 4391 3412 4446 dulcediq

1819 4490 2411 4547 ncm,venustatem,nt
2431 4481 2594 4537 etiam
2607 4498 2707 4552 ego
2719 4481 3116 4557 ab‘urbanitatc
3136 4483 3409 4539 uonexci-

1820 4576 2033 4642 dam,et
2061 4590 2241 4630 rerum
2270 4574 2579 4646 cognitione
2601 4573 2852 4630 ﬂorescat
2874 4575 3098 4631 historia
3130 4583 3186 4641 et
3211 4574 3414 4644 redun‘

1821 4668 1913 4723 det
1960 4668 2157 4723 oratio.
2203 4666 2299 4723 Est
2327 4667 2472 4722 enim
2502 4663 2747 4720 Historia
2796 4667 2944 4720 testis
2975 4677 3288 4735 temporum,
3320 4663 3415 4718 lux

1821 4760 2096 4823 veritatis,
2159 4759 2266 4811 vita
2325 4756 2636 4819 memoriw,
2702 4757 2961 4826 magistra
3012 4756 3167 4820 vitm,
3223 4756 3415 4821 militia

1823 4847 2088 4902 vatiuati:
2143 4845 2291 4915 (CIC.
2351 4844 2505 4900 Orat.
2569 4860 2629 4909 II,
2660 4844 2809 4927 .9);
2899 4862 3020 4919 qua:
3089 4846 3419 4911 perennibus

1827 4943 1995 5000 titulis
2021 4941 2271 4999 Oratoris
2301 4956 2432 4996 voce
2450 4939 2895 4997 commendatur.
2926 4943 3130 4999 Contra
3154 4938 3420 5008 plerique,

1817 5048 1927 5105 pro
1952 5027 2306 5102 amplissimis
2349 5030 2675 5103 eloquentiae
2730 5034 3036 5099 prepositis
3086 5026 3334 5087 laudibus
3361 5026 3431 5091 ad

1827 5126 2054 5196 gloriam
2113 5120 2516 5191 adiSpicendam
2585 5120 2717 5176 nudi
2769 5127 3012 5182 veniunt
3062 5127 3121 5174 et
3171 5116 3431 5184 inermes,
