3936 5402
621 296 756 348 {2'9

1660 300 2009 360 cunmm
2048 301 2450 360 casnusxsts
2489 307 2790 370 nomen:
3222 290 3225 293 ’
3666 318 3748 372 nn

625 417 726 473 :st,
771 421 825 464 et
864 412 1065 480 gratias
1109 414 1219 482 egit
1270 414 1413 483 quod
1453 415 1531 470 sic
1571 417 1635 470 de
1683 433 1800 481 sua,
1839 431 1895 470 ιιι
1938 428 2004 473 de
2051 434 2168 474 com
2229 425 2267 480 Α
2300 437 2418 490 quae
2436 422 2553 477 .Dei
2603 433 2822 492 possent
2870 423 3134 479 inclinare
3179 424 3519 492 clementiam,
3568 429 3689 499 erigit
3718 446 3753 485 se

624 502 768 555 annui
797 505 1036 558 omnium
1068 506 1259 572 salute,
1288 505 1620 574 lrc'arentur;
1653 512 2004 569 concionatus
2027 525 2110 568 est
2139 524 2197 567 nt

624 592 1296 674 ronstitttendzerecrlesire
1337 613 1555 668 operam
1588 601 1803 668 darent,
1854 620 2079 674 eamque
2107 606 2202 660 dc-

623 695 766 734 mum
807 673 1152 753 perlicerent,
1191 703 1309 757 qua:
1351 690 1658 745 Secundino
1703 695 1994 748 veneralili
2036 696 2194 766 digna

623 783 783 845 esset,
828 775 969 828 unde
1000 775 1138 831 idem
1169 788 1351 848 posset
1381 795 1598 850 semper
1635 783 1944 848 advertere,
1984 801 2199 856 semper

623 861 821 917 habere
860 864 1076 936 Trojam
1126 867 1175 922 in
1207 869 1375 934 vultu,
1411 870 1625 941 Trojam
1656 873 1707 949 in
1745 874 1959 947 oculis,
1982 875 2197 945 Trojam

623 946 674 1008 tn
702 969 816 1009 ore.
844 955 949 1011 Sed
974 958 1085 1013 hare
1113 959 1389 1024 hactenus,
1417 978 1556 1018 nunc
1581 967 1645 1019 ad
1666 947 1870 1034 reliqua
1896 946 2200 1022 veniamus.

695 1045 789 1101 Vir
840 1049 1076 1117 quidam,
1127 1050 1306 1108 Teuzo
1353 1044 1590 1122 nomine,
1637 1071 1832 1126 genere
1874 1058 2194 1128 Aquitanus,

582 1157 584 1159 >
623 1137 882 1191 orationis
919 1137 1116 1204 studio,
1160 1141 1300 1210 quod
1331 1144 1597 1214 prtecipue
1642 1147 1818 1216 gentis
1860 1146 2000 1200 illius
2036 1149 2200 1202 moris

622 1236 724 1292 est,
753 1228 819 1282 ad
851 1230 1210 1298 apostolorum
1242 1234 1538 1304 principem
1566 1221 1794 1292 Romam
1832 1239 1999 1302 venit,
2027 1241 2200 1294 adnit-

623 1330 770 1376 tente
810 1324 1026 1393 quidem
1062 1336 1256 1391 matre,
1303 1344 1421 1397 quae
1476 1328 1678 1383 amoris
1720 1327 1914 1384 all‘ectu
1969 1329 2199 1400 seipsam

623 1409 735 1466 lilio
784 1415 1034 1469 comitem
1078 1415 1288 1472 itineris
1335 1419 1580 1488 przebuit.
1617 1418 1717 1475 Ubi
1768 1435 1862 1488 per
1891 1429 2198 1475 sanctorum

623 1498 862 1555 locorum
901 1505 1179 1576 .cireuitus
1231 1506 1544 1565 solemniter
1585 1508 1775 1564 olIiciis
1821 1526 1919 1582 pro
1966 1520 2202 1580 tempore

624 1591 765 1647 datis
805 1594 1028 1666 (citabat
1074 1599 1216 1653 enim
1286 1615 1408 1654 eum
1451 1602 1517 1655 ad
1571 1603 1674 1658 alia
1721 1604 1836 1659 loca
1873 1606 2201 1660 venerabilia

623 1683 908 1755 transitus)
949 1685 1165 1742 domum
1200 1688 1491 1746 beatissimi
1555 1693 1864 1766 archangeli
1903 1694 2200 1761 Michaelis,

624 1769 745 1843 quae
788 1777 909 1831 sita
960 1788 1042 1833 est
1104 1795 1262 1850 supra
1323 1782 1557 1852 Gargani
1624 1789 1822 1842 montis
1879 1788 2200 1844 altissimum

621 1867 1087 1935 verticem,adiit;
1119 1873 1170 1926 in
1201 1889 1306 1944 qua
1330 1876 1607 1945 nimirum,
1637 1881 1831 1951 etquia
1869 1880 2020 1936 devia
2059 1892 2217 1952 erat,_

621 1967 680 2038 et
714 1959 837 2028 quia
869 1963 1098 2017 orationi
1128 1979 1323 2034 pacare
1364 1969 1703 2038 decreverat,
1734 1972 1858 2026 dum
1910 1973 2199 2028 stationem

623 2037 778 2104 suam
812 2050 863 2104 in
901 2051 1164 2109 diutinum
1203 2065 1412 2128 tempus
1459 2037 1795 2128 extenderet,
1840 2072 2035 2129 mater,
2081 2078 2203 2132 qua:

623 2135 774 2192 illum
806 2139 981 2197 fuerat
1015 2155 1221 2211 secula,
1261 2147 1592 2218 defungitur.
1648 2151 1747 2218 Qui
1792 2169 1912 2206 cum
1947 2151 2059 2222 jam
2091 2152 2203 2206 fere

625 2233 835 2289 cunctis
871 2234 1158 2291 destitutus
1205 2240 1326 2294 vitae
1368 2241 1592 2306 solaltis,
1632 2244 1988 2310 orationibus,
2026 2243 2201 2316 laet-y-

623 2324 729 2379 mis
785 2333 840 2382 et
896 2326 1184 2396 ejulatibus
1235 2331 1565 2410 incubuisset
1621 2335 1712 2406 (lit
1775 2337 1920 2391 enim
1971 2350 2112 2406 smpe
2147 2348 2203 2390 ut

624 2413 860 2483 majores
921 2419 1154 2474 tristitia:
1211 2423 1466 2490 majorem
1522 2426 1734 2494 pariant
1765 2425 2192 2494 valetudinem),

630 2507 945 2576 insanabili,
976 2519 1032 2565 ut
1060 2513 1363 2581 videbatur,
1404 2517 1721 2586 pestilentia:
1771 2520 1957 2573 morbo
1988 2533 2205 2588 percus-

622 2588 716 2654 sus
746 2609 866 2667 est;
902 2603 974 2656 ita
1005 2604 1216 2672 quidem
1244 2615 1301 2658 ut
1335 2623 1458 2676 pars
1489 2609 1850 2664 membrorum
1885 2625 2105 2665 suorum
2135 2625 2202 2666 eo

625 2682 796 2745 iuvito
836 2703 1204 2761 moverentur,
1241 2696 1343 2751 alia
1378 2714 1592 2768 quoque
1628 2700 1704 2755 sic
1740 2709 1922 2756 essent
1960 2702 2109 2757 arida
2146 2709 2208 2758 ut

625 2793 688 2833 ex
740 2781 842 2836 illis
882 2783 1104 2850 nullum,
1139 2788 1280 2854 quod
1327 2790 1532 2843 sentire
1573 2800 1776 2860 posset,
1821 2792 2077 2857 haberet;
2115 2794 2204 2850 vix

625 2872 790 2938 oculi,
823 2874 911 2928 vix
948 2878 1222 2942 manusiu
1263 2895 1363 2934 suo
1395 2893 1549 2936 erant
1577 2882 1771 2948 «'illicio,
1797 2900 1958 2939 crura
1992 2901 2206 2956 quoque

626 2972 682 3018 e't
737 2966 899 3035 pedes
940 2969 1154 3024 natibus
1184 2970 1524 3028 adhwren'cs
1574 2990 1793 3045 gressis
1850 2979 2202 3043 ademerant;

627 3049 809 3127 lingua
853 3068 1084 3128 tantum,
1107 3077 1170 3115 ue
1202 3073 1347 3119 recte
1378 3067 1614 3134 quidem,
1643 3081 1847 3122 natura:
1879 3071 2200 3126 beneficium

631 3150 904 3204 tuebatur.
928 3150 1062 3217 Quid
1093 3165 1275 3224 ageret
1313 3157 1496 3224 procul
1533 3173 1561 3212 a
1593 3161 1838 3228 parenlib
1863 3177 1928 3226 :s,
1963 3179 2037 3231 pr.
2060 3164 2145 3219 θυι
2176 3180 2220 3232 ει

629 3239 808 3301 domo.
829 3244 1066 3312 et,quod
1097 3246 1276 3301 verius
1311 3250 1452 3317 dico,
1479 3253 1712 3319 procula
1748 3255 1958 3323 seipm?
1987 3255 2208 3309 Misere-

626 3329 828 3383 bantur
858 3332 976 3402 ejus
1025 3345 1411 3402 prmtercuntes
1460 3340 1671 3409 inopire,
1716 3343 1869 3411 cujus
1918 3345 2206 3401 valetudini

628 3437 736 3475 non
762 3427 1334 3492 poterantsulwenire.
1352 3428 1705 3486 Intimabatur
1731 3434 1805 3488 illi
1830 3435 1894 3488 de
1919 3434 2208 3493 Secundini

630 3509 971 3569 virtutibus:
1002 3516 1094 3570 sed
1133 3517 1174 3570 si
1211 3517 1361 3574 vrl'et
1394 3519 1491 3586 ire,
1529 3537 1633 3577 non
1663 3535 1904 3594 poterat;
1929 3526 1972 3582 si
2008 3529 2209 3598 portari

630 3602 702 3657 ab
733 3606 871 3672 aliis,
901 3608 1041 3663 onde
1066 3611 1480 3679 conduceretur,
1512 3614 1647 3668 nihil
1674 3617 1906 3673 habebat
1933 3620 2114 3688 pensi;
2144 3621 2211 3676 ab

629 3699 717 3754 his
749 3710 927 3757 tamen
956 3704 1046 3774 qui
1075 3704 1189 3774 cjus
1215 3708 1454 3775 quotidie
1492 3709 1863 3768 adiciebantur
1891 3713 2126 3771 miseriis
2147 3716 2213 3770 de

627 3792 826 3848 itinere
865 3795 947 3866 agi
985 3807 1218 3868 emptum
1265 3810 1374 3865 est;
1407 3801 1497 3871 qui
1527 3803 1685 3857 domo
1726 3805 1942 3860 demissi
1975 3822 2095 3861 eum
2123 3808 2212 3862 illo

627 3884 672 3937 Τ
682 3883 849 3953 rejam
877 3902 1037 3943 cursu
1079 3875 1348 3947 citissime
1391 3896 1808 3950 contenderunt.
1858 3897 2214 3954 FcStinabant

630 3985 837 4044 autem,
882 3979 1006 4049 quia
1090 3981 1419 4039 confessoris
1503 3985 1798 4042 Secundini
1881 3989 2214 4046 collocandis

628 4059 874 4147 reliquiis
912 4070 1167 4127 solemnis
1196 4057 1434 4128 instabat
1462 4075 1600 4132 dies.
1644 4076 1935 4148 Postquam
1976 4095 2102 4135 vero
2145 4081 2212 4134 ad

630 4162 820 4215 urbem
871 4165 1110 4229 veniunt.
1155 4178 1208 4221 et
1270 4167 1608 4224 debilitatum
1661 4172 1916 4226 membris
1963 4175 2214 4238 omnibus

628 4253 903 4334 hominem
944 4267 1069 4310 ante
1119 4258 1408 4315 Secundini
1462 4262 1858 4319 confessionem
1893 4267 2210 4335 deponunt:

635 4329 663 4390 ι’
691 4329 958 4423 Quantum
990 4349 1165 4415 nobis,
1203 4349 1478 4420 inquiunt,
1521 4354 1806 4421 attineba’,
1845 4353 2038 4410 fecisse
2077 4357 2213 4413 satis

625 4445 754 4488 voto
787 4445 876 4491 tuo
910 4438 1151 4493 videmur
1173 4457 1191 4494 ι
1219 4442 1283 4496 de
1310 4454 1503 4498 czetcro
1525 4459 1644 4515 age,
1676 4455 1732 4500 ut
1777 4446 1948 4510 libet;
1977 4447 2213 4501 consuli-
2248 4464 2292 4518 ι)

631 4542 752 4580 tuus
788 4537 963 4583 tamen
1014 4533 1104 4585 tibi
1139 4532 1192 4585 in
1240 4542 1384 4587 tanta
1428 4538 1710 4604 praesentis
1740 4538 2060 4593 celebritate
2106 4539 2214 4594 diei

629 4620 859 4674 orationi
893 4637 1115 4688 vacare;
1163 4633 1410 4694 putamus
1435 4628 1578 4681 enim
1607 4637 1657 4682 et
1693 4628 1964 4685 credimus
2013 4631 2064 4685 id
2107 4632 2213 4690 tibi

630 4709 789 4764 valde
818 4709 1177 4781 profuturum,
1203 4715 1270 4769 ad
1302 4717 1443 4785 quod
1469 4734 1566 4786 pro
1598 4718 1773 4772 salute
1808 4720 2016 4790 tuaipsi
2046 4721 2210 4775 etiam

631 4818 841 4858 summa
880 4821 980 4877 ope
1021 4807 1274 4864 nitemur.
1307 4830 1324 4862 ι
1373 4811 1592 4875 Factum
1627 4825 1708 4867 est
1737 4832 1752 4868 :
1780 4822 1830 4868 et
1853 4811 1966 4883 jam
2005 4821 2215 4884 tempus

629 4895 817 4949 aderat
881 4907 939 4952 ut
1002 4900 1069 4954 ad
1143 4899 1376 4955 officium
1457 4904 1831 4970 ingrederetur
1889 4905 2211 4973 episcopus;

627 4989 810 5058 populi
841 5006 988 5056 vero,
1013 4994 1264 5047 omnibus
1289 4994 1527 5048 studiose
1556 4994 1622 5048 ad
1655 4997 1910 5050 honorem
1949 4996 2038 5050 Dei
2063 5011 2215 5055 com-

629 5083 840 5152 positis,
896 5085 1038 5139 intus
1091 5096 1144 5139 ct
1193 5105 1300 5154 prte
1329 5087 1536 5143 foribus
1573 5089 1814 5142 ecclesia:
1866 5086 2210 5144 assistebant.

631 5173 779 5229 Multi
816 5193 1029 5246 quoque
1057 5179 1121 5230 ad
1146 5181 1259 5232 inec
1286 5179 1567 5245 solemnia,
1601 5179 1755 5242 vicis,
1787 5179 1933 5246 agris
1984 5177 2209 5247 propin-

632 5265 772 5331 quis,
815 5267 1084 5338 hospitiis,
1117 5269 1267 5334 multi
1295 5269 1550 5337 denique,
1587 5271 1678 5340 qui
1710 5269 1894 5339 procul
1919 5269 2205 5339 degebant,

633 5359 878 5402 tinmilme

958 5362 1313 5402 :tlnhtmtnlnn
1400 5361 1564 5402 Ιιιιιοειι
1649 5363 1934 5402 ρηὲςρηηιις
2000 5363 2211 5402 mnch

2303 524 2472 569 totum
2528 525 2731 579 mente,
2769 518 2921 586 quasi
2975 519 3028 572 in
3063 519 3347 574 Secundini
3393 519 3600 575 visibiles
3627 522 3752 575 oculos

2299 615 2574 674 precatur,
2622 607 2946 672 obtestatur,
2997 619 3152 664 vovet
3211 625 3271 665 se
3331 625 3578 679 nunquam
3618 611 3754 668 abillo

2301 711 2662 760 recessurum,
2687 699 2732 752 si
2760 698 3042 768 pristinam
3082 701 3178 755 sibi
3205 701 3448 755 redderet
3471 702 3713 757 sanitatem.

2331 845 2334 849 _
2369 785 2632 856 Cumque.
2659 787 2713 843 in
2759 788 2876 860 ejus
2921 788 3175 844 allectum
3209 789 3428 861 reliqua,
3469 799 3522 843 ut
3572 790 3756 860 linguam,

2301 876 2540 933 membra
2567 878 2811 934 nesciens
2835 889 3034 944 movet,
3064 881 3296 936 recurrit
3318 882 3381 934 ad
3402 881 3629 935 animum:
3649 893 3760 938 tenet

2303 979 2487 1018 revera
2548 981 2763 1021 movere
2813 981 3026 1034 manus,
3068 977 3285 1035 movet;
3339 970 3596 1024 extendere
3638 973 3758 1040 pedes,

2301 1054 2574 1119 extendit;
2611 1069 2854 1124 Surgere,
2879 1058 3076 1128 surgit;
3126 1059 3392 1122 incedere,
3421 1059 3608 1112 incedit.
3638 1059 3760 1114 Excla-

2301 1155 2416 1199 mat
2467 1160 2575 1215 quo
2619 1145 2782 1201 altius
2828 1149 2970 1202 valet
3022 1167 3040 1200 ι
3074 1165 3263 1204 sanum
3319 1165 3377 1203 se
3417 1165 3525 1204 esse
3561 1151 3698 1218 pedes,
3729 1161 3761 1206 et

2302 1236 2497 1298 omnia
2515 1237 2755 1293 membra
2781 1237 3016 1294 cilicium
3054 1257 3208 1296 suum
3235 1242 3453 1297 habere.
3480 1260 3498 1293 ι
3527 1241 3626 1297 llrrc
3655 1244 3761 1312 igitur

2301 1341 2402 1380 vox
2440 1343 2632 1397 magno
2659 1329 2841 1383 audita
2885 1327 3179 1394 desiderio,
3213 1330 3583 1400 aliquantulum
3612 1333 3755 1385 sustuth

2304 1414 2368 1485 ad
2407 1416 2825 1471 aediﬁcationem
2861 1418 3069 1474 ordinis
3099 1419 3455 1474 sacerdotum.
3492 1418 3654 1474 Tantus
3670 1423 3760 1474 enim

2305 1502 2404 1558 fuit
2430 1506 2480 1560 iu
2512 1505 2668 1561 laude
2696 1522 2821 1561 vera
2867 1507 3142 1576 splendor,
3175 1517 3322 1562 tanta
3361 1509 3411 1561 in
3439 1508 3617 1578 populis
3635 1509 3760 1577 iubila-

2307 1593 2400 1655 tio,
2454 1604 2598 1648 tanta
2669 1595 2902 1664 denique
2948 1595 3128 1652 lautitia
3187 1598 3241 1652 in
3281 1598 3425 1653 clero
3460 1607 3513 1651 ut
3549 1613 3636 1667 pra
3660 1599 3759 1650 ιιὶιιιξει

2304 1686 2663 1742 exsultatione
2711 1685 3036 1742 universitas
3074 1688 3159 1742 illa
3191 1688 3431 1757 gestiret.
3464 1685 3649 1740 Videres
3673 1687 3760 1738 into-

2237 1760 2278 1814 Β
2308 1777 2504 1830 lnmem
2549 1794 2769 1848 operam
2817 1793 2968 1833 suam
3002 1779 3210 1835 medico
3256 1778 3758 1846 alIectuesissimepolli-

2303 1871 2435 1934 ceri,
2468 1870 2766 1925 stabilitum
2791 1871 2898 1938 ire;
2943 1888 3002 1928 se
3035 1873 3130 1939 illi,
3155 1883 3214 1928 ut
3241 1881 3563 1936 convenerat,
3587 1872 3755 1938 mancipio

2304 1960 2466 2014 dare:
2506 1961 2653 2016 illum
2686 1963 2930 2032 corporis
2965 1964 3046 2018 sui
3087 1973 3389 2027 auctorem,
3414 1964 3548 2017 illum
3579 1963 3754 2016 custodtat

2304 2054 2515 2113 animze.
2550 2054 2700 2108 illum
2733 2054 2812 2109 sui
2836 2055 3141 2126 largitorem
3183 2056 3427 2112 beneficii
3457 2054 3724 2126 gloriabatur.

2379 2143 2575 2198 Mansit
2624 2143 2676 2198 in
2724 2144 2824 2200 hoc
2862 2145 3138 2217 proposito
3182 2147 3300 2201 dies
3335 2144 3591 2201 admodum
3623 2156 3744 2214 pauca

2308 2233 2475 2288 Batus
2539 2236 2682 2288 enim
2732 2251 2830 2305 pro
2875 2250 2932 2290 se
2979 2251 3100 2292 esse
3153 2237 3384 2308 patriam
3413 2244 3588 2306 petere,
3625 2233 3740 2286 amita

2306 2326 2505 2393 visere,
2540 2324 2702 2397 fregit
2748 2327 2892 2395 quod
2921 2327 2974 2381 in
3003 2326 3097 2382 Dei
3133 2327 3276 2383 facie
3311 2326 3580 2382 stabilierat
3605 2332 3748 2393 pactus.

2308 2419 2537 2473 mutavit
2583 2420 3015 2490 praecipitatione
3074 2421 3383 2481 consilium.
3455 2417 3632 2488 negavit
3670 2414 3748 2468 nulla

2307 2508 2629 2564 necessitate
2656 2509 3012 2579 promissum;
3037 2519 3113 2572 et,
3134 2509 3265 2578 quia
3297 2507 3464 2562 timori
3489 2505 3747 2559 eratsolumr.

2307 2599 2683 2653 incomitatum
2743 2607 2854 2652 tam
2925 2597 3277 2670 loaginquam
3333 2598 3531 2668 aggredi
3570 2597 3680 2659 viam,
3714 2590 3749 2642 al

2311 2689 2688 2762 inveniendum
2729 2689 2940 2762 itineris
2982 2691 3161 2745 socios
3213 2689 3440 2744 Romam
3487 2685 3670 2741 accessit.
3695 2680 3749 2734 lli

2309 2769 2488 2833 autem
2528 2780 2757 2849 repertis
2814 2779 2974 2834 sociis
3027 2779 3204 2850 pergit
3239 2780 3337 2847 ire,
3377 2776 3588 2831 valetudo
3616 2771 3747 2842 pristina

2309 2871 2498 2924 adimit
2534 2885 2751 2940 gressus
2778 2911 2792 2936 ,
2822 2879 2979 2941 parat
3016 2871 3218 2936 redire,
3263 2884 3473 2940 gressus
3503 2869 3663 2921 resumit
3685 2859 3750 2912 olli-

2310 2961 2475 3025 cium;
2510 2971 2664 3030 parat
2692 2963 2862 3030 abire,
2891 2963 3086 3016 iterum
3119 2962 3376 3033 pedibus,
3409 2960 3659 3015 manilmset
3683 2961 3750 3003 toto

2312 3053 2358 3108 ei
2427 3067 2656 3123 corpore
2717 3053 3081 3109 interdicitur.
3143 3051 3448 3108 Accedente
3504 3049 3620 3120 igitur
3668 3039 3750 3095 mlo

2259 3151 2282 3174 λ
2313 3147 2657 3216 perterritus,
2686 3147 2827 3217 quod
2856 3145 3050 3200 viderit
3069 3143 3184 3215 jam
3231 3146 3287 3201 in
3319 3160 3378 3201 se
3422 3142 3542 3198 mala
3571 3137 3752 3192 obliterata

2313 3256 2610 3312 recurrere,
2653 3256 2722 3296 ne
2766 3249 2928 3295 tanta:
2973 3241 3281 3296 calamitati
3318 3239 3522 3296 ulterius
3561 3231 3749 3290 insrrt'm‘l.

2310 3350 2527 3406 gressus
2574 3335 2715 3390 unde
2769 3334 2990 3400 tulerat,
3048 3333 3273 3401 retulit;
3313 3333 3402 3388 ubi
3450 3340 3609 3390 autem,
3649 3318 3748 3421 quod

2311 3425 2464 3490 vixit,
2506 3425 2560 3480 in
2596 3424 2924 3481 confessoris
2958 3423 3254 3481 Secundini
3291 3420 3544 3494 obsequiis
3574 3418 3750 3471 devotiss-

2311 3531 2430 3571 mus
2457 3516 2787 3585 perduravit.
3700 3593 3706 3600 _

2379 3604 2650 3660 Praeterea
2682 3621 2802 3661 cum
2827 3603 3094 3674 Trojanus
3112 3604 3346 3676 populus
3373 3609 3550 3658 tantam
3569 3603 3749 3688 auctorita-

2313 3704 2444 3761 tem,
2475 3707 2786 3768 tantamque
2838 3691 3400 3754 confessoris'Christi
3429 3696 3629 3748 virtutem
3656 3692 3752 3755 μοιιε·

2313 3791 2508 3846 simum
2579 3792 2786 3847 enitere
2848 3791 2901 3846 in
2970 3793 3087 3848 dies
3152 3792 3393 3864 singulos
3451 3790 3667 3843 cerneret.

2314 3881 2687 3950 illustrandum
2730 3882 2982 3938 omnibus
3023 3885 3380 3949 ornamentis,
3413 3883 3458 3936 in
3491 3892 3575 3948 qua

2315 3984 2401 4028 tus
2425 3983 2563 4039 erat,
2613 3975 2922 4040 ecclesiam,
2957 3976 3316 4030 consensione
3343 3972 3547 4043 quadarn
3583 3967 3749 4018 unanuuls

2317 4067 2645 4123 intendebat.
2690 4068 2900 4136 Quippe
2935 4083 3010 4122 ex
3055 4067 3147 4123 illo
3172 4083 3320 4138 spes,
3361 4081 3423 4122 ex
3455 4064 3531 4119 illo
3550 4055 3748 4144 fiduciae

2317 4160 2404 4214 illo
2442 4175 2628 4214 eorum
2677 4161 2912 4214 maxime
2946 4176 3074 4214 cura
3125 4160 3415 4231 pendebat:
3467 4157 3524 4211 d0
3563 4142 3750 4242 (Nomius

2317 4255 2569 4325 przesnle,
2600 4256 2666 4310 de
2712 4272 2819 4326 quo
2869 4256 3114 4320 custode,
3153 4255 3218 4310 de
3247 4269 3354 4326 quo
3380 4250 3579 4318 denique
3605 4241 3750 4326 printtpc

2317 4324 2557 4414 quotidie
2607 4324 2746 4416 apud
2798 4362 2894 4400 eos
2942 4324 3276 4416 agitabatur.
3337 4341 3536 4395 Videres
3578 4324 3746 4427 singulﬂtn

2318 4452 2583 4506 quemque
2611 4415 2726 4505 ejus
2758 4437 2961 4500 domui,
2995 4447 3052 4489 ut
3088 4452 3216 4503 suae,
3249 4443 3307 4490 ut
3354 4429 3520 4486 liberis
3551 4415 3749 4495 prondrrc,

2319 4528 2370 4582 in
2400 4529 2627 4598 privatis
2681 4531 2844 4582 rebus
2879 4529 3103 4584 minimo
3145 4538 3195 4582 et
3235 4524 3526 4581 tenuissimo
3558 4513 3661 4569 cultu
3679 4517 3749 4598 con:

2319 4589 2496 4672 ten-tos
2559 4620 2762 4683 vivere,
2828 4629 2884 4674 at
2947 4619 2998 4673 in
3061 4618 3176 4688 eius.
3233 4618 3438 4688 Publica
3487 4589 3750 4700 “9pm.in

2317 4709 2657 4779 dignitatem,
2709 4710 2774 4764 ad
2820 4710 3162 4780 gloriam,ad
3211 4699 3752 4804 splendoremonttllﬂ

2317 4816 2458 4856 rare.
2529 4800 2719 4856 Fiehat
2780 4813 2961 4856 autem
3024 4805 3071 4857 ci
3143 4805 3351 4858 assidua
3410 4813 3500 4853 non
3552 4787 3752 4878 solum'dt3

2316 4894 2674 4962 Patrimoniis,
2700 4909 2886 4947 verum
2909 4894 3103 4948 tabulis
3128 4877 3750 4964 etnptionis,codicillisetiam

2315 4989 2556 5041 onmium
2611 4989 2874 5042 bonorum
2939 4986 3223 5057 delcgatio.
3276 4981 3540 5039 Futnabant
3577 4969 3748 5068 amni“?

2317 5078 2643 5132 candelabra
2676 5077 2976 5140 radiabant,
3002 5093 3160 5132 omne
3191 5075 3311 5131 illttd
3333 5067 3610 5127 domicilium
3630 5065 3765 5109 εοιτιδν·
3854 5079 3855 5140 ι

2317 5169 2668 5238 lampadibus,
2701 5178 2877 5232 nocte,
2909 5169 3140 5223 interdiu
3169 5163 3478 5222 coruscahat.
3653 5225 3733 5252 In“

2361 5261 2552 5318 .Noete
2595 5276 2724 5314 vero
2763 5261 2994 5330 quadam
3033 5275 3153 5314 cum
3192 5273 3284 5328 pro
3344 5249 3585 5308 (Ιενυίίουθ
3623 5241 3747 5336 mpii]:

2314 5362 2373 5402 ut
2407 5354 2672 5402 hodieque
2709 5329 2876 5402 moris
2924 5361 3026 5402 est.
3063 5367 3250 5402 magna
3292 5353 3540 5402 cercurum
3573 5329 3750 5385 serica”

3851 3133 3856 3334 l
