3936 5402
161 283 300 342 I501

1122 277 1277 333 VITA
1325 276 1383 332 S.
1423 275 1607 332 LUCll
1651 276 1852 334 ΡΛΡῶ
1893 277 1983 334 ΕΤ
2025 277 2405 335 MART‘IRIS.

3277 285 3416 340 1502

161 409 348 456 autem
405 405 460 454 et
496 412 646 453 aram
683 395 738 452 in
768 394 1025 451 anteriori
1055 406 1208 466 parte
1253 395 1384 450 illud
1426 403 1543 449 erat
1580 395 1741 464 spatii
1769 401 1815 457 Α
1843 394 2190 460 admovisset,
2234 395 2458 465 reperit,
2513 402 2574 450 ut
2620 393 2848 461 viderat,
2899 395 2968 451 ab
3013 396 3160 453 omni
3201 395 3420 454 laesione

159 491 308 560 quod
358 489 580 559 gradus,
609 487 696 542 cui
737 488 878 542 cerei
908 485 1175 556 capitibus
1207 485 1453 541 accensis
1494 485 1735 540 adlnureo

160 581 316 644 bant,
356 577 580 632 latitudo
617 578 880 644 faciebat;
915 593 981 633 ex
1017 577 1138 631 aliis
1165 591 1293 631 vero
1329 575 1574 645 partibus
1620 576 1735 630 sola

162 669 515 725 interstitium
559 668 698 736 palla
739 676 876 722 erat.
916 667 1066 721 Arsit
1098 681 1227 734 ergo
1270 665 1408 735 ignis
1437 665 1731 728 'continne,

161 762 450 830 nullusque
481 759 553 813 illi
605 761 826 814 ardendi
877 760 1020 824 finis,
1054 759 1155 813 nisi
1186 774 1310 814 cum
1361 757 1602 813 materia:
1631 759 1736 813 fine

162 850 286 904 fuit.
330 849 453 903 llzec
502 849 717 902 interim
764 848 1070 904 sollicitudo
1095 849 1417 918 hymnorum
1450 847 1737 901 matutina-

159 941 293 996 lium
343 956 591 995 somnum
649 940 964 994 custodibus
1003 939 1220 1004 adimit;
1273 937 1642 1008 unusquisque
1677 952 1737 992 se

164 1033 232 1086 ad
259 1047 356 1086 sua
389 1032 684 1086 ministeria
715 1031 882 1096 levat;
915 1031 1052 1085 alius
1090 1030 1302 1100 aperire
1329 1029 1492 1094 fores,
1522 1029 1738 1099 pulsare

162 1123 500 1194 cymbalum;
532 1124 668 1179 alios
698 1124 862 1177 libros
892 1123 1199 1186 extrahere,
1239 1122 1396 1176 thura
1427 1121 1737 1176 incendere.

165 1214 238 1270 Ut
276 1225 454 1269 autem
492 1229 614 1270 cum
665 1212 938 1267 thuribulo
966 1212 1032 1266 ad
1077 1227 1228 1266 aram
1259 1220 1476 1264 ventum
1524 1219 1624 1275 est,
1669 1225 1737 1264 ex

163 1306 253 1360 illa
276 1321 556 1360 cereorum
590 1305 930 1360 multitudine
964 1303 1143 1358 nullus
1176 1317 1457 1374 superesse
1484 1302 1731 1368 videtur;

161 1401 328 1453 vertit
353 1413 410 1452 se
437 1413 536 1467 per
566 1398 827 1452 circuitus
866 1411 974 1450 ara:
1008 1404 1212 1460 custos,
1241 1395 1460 1464 inspicit
1493 1394 1737 1449 lineatim

155 1490 341 1558 jacere
366 1490 600 1554 cineres,
644 1491 782 1544 sicut
833 1489 1046 1544 illorum
1101 1486 1276 1542 fuerat
1321 1487 1567 1542 ordinata
1595 1501 1740 1540 come

160 1599 349 1653 pages.
396 1582 620 1652 Excepit
661 1582 826 1649 igitur
877 1581 1164 1635 admiratio
1204 1579 1492 1633 admodum
1539 1591 1734 1648 magna

161 1676 476 1739 custodem,
528 1674 670 1743 quod
730 1683 887 1728 erant
945 1673 1097 1744 palla:
1162 1671 1387 1725 fimbriae
1461 1670 1736 1725 cineribus

160 1766 437 1830 involutze,
487 1767 584 1820 sed
643 1766 884 1834 integra.
945 1766 1190 1834 Cumque
1236 1764 1305 1818 ad
1365 1762 1486 1817 illas
1543 1777 1736 1817 manus

161 1885 422 1907 —

1843 485 1981 556 ignis
2005 483 2233 541 alienas.
2276 486 2403 542 Haec
2443 486 2676 557 denique
2703 498 2764 542 ut
2807 488 3144 560 potissimum
3174 487 3420 546 facerent

1843 577 2144 632 videntibus
2186 576 2366 642 fidem,
2403 578 2614 648 putavit
2662 575 2780 632 fore
2833 587 3218 648 opportunum,
3257 579 3421 634 itaut

1841 675 2138 736 repererat,
2179 681 2481 722 reservare.
2509 665 2760 722 Peractis
2794 666 2957 737 igitur
2984 666 3206 737 psalmis
3245 678 3420 723 matu.

1842 757 2118 823 tinalibus,
2149 773 2273 813 cum
2315 759 2464 814 clero
2498 758 2723 829 populus
2748 760 2816 814 ad
2841 768 2950 814 tam
2977 760 3180 830 grande
3210 769 3420 828 specta-

1840 849 2020 905 culum
2063 849 2344 904 invitatur.
2379 849 2596 904 Tollunt
2638 850 2706 904 ad
2741 849 2880 905 hanc
2921 849 3189 904 visionem
3225 865 3420 908 manus

1839 956 2031 998 omnes
2102 941 2169 996 ad
2238 941 2448 1009 sidera,
2512 941 2836 1012 multiplices
2909 941 3153 996 referunt
3214 941 3430 1010 gratias

1842 1032 2142 1099 Conditori,
2175 1033 2267 1104 qui
2305 1032 2570 1089 facturam
2596 1051 2701 1089 non
2731 1035 2976 1104 despicit,
3001 1035 3096 1105 qui
3140 1033 3436 1090 miraculis.

1843 1126 2155 1182 hominibus
2193 1127 2500 1191 innoteseit,
2554 1127 2646 1196 qui
2692 1127 3055 1182 Seeundinum
3102 1127 3173 1182 de
3217 1127 3422 1180 virtute

1845 1219 1898 1272 iu
1956 1219 2211 1272 virtutem
2267 1218 2348 1274 sic
2401 1219 2704 1274 enitescere
2773 1217 3210 1288 frequentissime
3263 1217 3412 1272 facit.

1843 1308 2142 1364 Confestim
2171 1308 2363 1364 deinde
2387 1308 2661 1364 civitatem
2686 1324 2898 1365 omnem
2926 1323 3244 1373 accersere;
3275 1309 3416 1364 dona

1845 1402 2100 1457 decenter
2131 1401 2462 1466 ministrare,
2503 1401 2694 1457 vicinis
2723 1415 2933 1472 quoque
2959 1409 3161 1456 tantam
3189 1399 3417 1472 gloriam

1846 1493 2102 1548 intimare
2131 1492 2442 1547 mandatum
2469 1502 2569 1546 est.
2615 1493 2740 1546 llaec
2768 1507 2893 1548 vera
2933 1491 3074 1547 beati
3106 1491 3206 1546 viri
3245 1485 3417 1548 virtus

1846 1583 2134 1637 maximam
2187 1581 2504 1653 dignitatem
2547 1580 2602 1636 in
2647 1580 2876 1645 civibus,
2904 1579 3196 1634 maximum
3220 1578 3432 1638 vicinis.

1845 1671 2121 1742 gaudium,
2196 1671 2502 1743 longinquis
2561 1671 2725 1726 etiam
2791 1670 3014 1726 urbibus
3073 1670 3417 1728 commodum

1843 1761 2138 1816 maxim’um
2160 1759 2514 1830 comparavit.

725 1998 844 2110 S.
937 1997 1321 2113 LUCll
1409 1993 1806 2108 PAP/E
1891 1995 2073 2107 ET
2135 1991 2877 2107 MARTYRIS

1563 2196 1954 2330 VITA

1137 2413 1683 2509 AUCTORE
1763 2409 2457 2503 GUAI’FEBIO.

551 2571 725 2646 ,(Apad
749 2571 1019 2627 Bormann.
1049 2570 1182 2626 Acta
1210 2578 1534 2632 sanctorum,
1570 2561 1744 2619 Martii
1769 2571 1902 2616 tom.
1932 2561 1975 2621 ι.
2000 2561 2091 2618 die
2116 2561 2170 2624 4.
2199 2577 2320 2634 pag.
2348 2561 2452 2618 30$
2485 2575 2552 2617 ex
2580 2575 2681 2617 ms.
2710 2559 3034 2632 Casinensi.)

675 2809 902 2866 CAPUT
941 2806 1230 2864 PRIMUM.

155 2905 473 2961 Encomium
506 2903 762 2974 martyrii.
791 2902 848 2958 8.
876 2901 1026 2954 Lucii
1063 2910 1231 2964 ortus,
1258 2909 1438 2952 sancta
1461 2898 1730 2966 juventus.

237 2999 286 3051 l.
329 2996 646 3050 Fortissima
700 3001 756 3048 et
805 2993 1064 3062 praeclara
1088 2991 1347 3044 virtutum
1388 2989 1585 3052 studia,
1615 3004 1734 3058 qua:

150 3090 433 3145 medentis
456 3089 520 3142 ad
548 3101 833 3142 commune
855 3083 1232 3154 compendium
1274 3095 1443 3134 sacra:
1474 3079 1594 3133 ﬁdei
1640 3080 1735 3133 do-

153 3193 410 3236 cntnento
438 3181 668 3235 formata
703 3187 849 3244 sunt,
879 3178 1038 3232 altius
1065 3176 1249 3230 caelata
1277 3183 1332 3228 et
1366 3174 1628 3242 impressa
1680 3172 1731 3225 in

155 3281 458 3339 martyrum
485 3269 717 3321 maxime
749 3266 1024 3322 cernimus
1068 3273 1364 3318 armatura.
1416 3261 1545 3315 Illuc
1585 3260 1732 3315 enim

153 3358 368 3419 labore,
402 3357 525 3409 illuc
571 3355 876 3408 constantia
927 3362 980 3407 et
1027 3355 1080 3406 in
1110 3368 1232 3406 eum
1273 3352 1530 3405 verticem
1562 3350 1730 3403 animi

153 3461 220 3501 se
281 3443 650 3514 magnitudine
697 3441 1088 3504 contulerunt,
1146 3439 1288 3493 unde
1340 3437 1480 3491 facta
1542 3454 1731 3492 eormn

154 3539 454 3598 clarissima
486 3536 681 3606 ubique
707 3533 942 3606 gentium
968 3572 983 3596 ,
1018 3533 1212 3600 ubique
1237 3537 1734 3598 terrarum,pr.t'ter

156 3629 348 3685 oculos
388 3625 627 3681 omnium
664 3623 993 3692 setnpiterna
1028 3619 1283 3674 memoria
1315 3629 1728 3689 prmsentantur.

155 3721 333 3780 Edicit
369 3721 473 3775 hoc
519 3717 789 3771 obstinata
835 3715 1091 3784 patientia
1141 3711 1411 3774 exercitii,
1460 3726 1578 3780 qua:
1622 3725 1730 3763 non

159 3812 323 3868 modo
348 3810 452 3864 illis
481 3808 710 3863 delicata
733 3816 790 3861 et
811 3805 990 3860 mollia
1023 3820 1126 3858 nou
1160 3802 1420 3867 admovit,
1450 3802 1542 3856 sed
1569 3802 1734 3855 robur

150 3903 320 3956 etiam
348 3897 588 3952 lassandi
613 3911 802 3950 manus
825 3891 1728 3956 caedentium,etvincendiomnem

155 3994 266 4045 vim
300 3973 460 4046 totius
485 3987 797 4042 hostilitatis
830 3984 1071 4039 indulsit.
1129 3983 1236 4037 llos
1263 3981 1406 4037 enim
1434 3981 1607 4036 virtus
1639 3982 1726 4035 Dei

153 4091 212 4139 ct
238 4082 500 4150 sapientia
529 4079 779 4135 Christus
803 4076 856 4131 in
885 4075 1014 4130 illud
1045 4089 1201 4130 suum
1233 4072 1728 4143 frequentissimum

1771 2796 1814 2852 Β
1841 2815 2060 2858 natores
2090 2811 2297 2872 regant,
2329 2801 2459 2856 nulli
2488 2801 2717 2873 remiges
2752 2809 2935 2870 agant,
2968 2799 3123 2857 facile
3153 2816 3274 2857 cum
3311 2803 3406 2858 hu.

1830 2892 2066 2962 jusmodi
2127 2892 2500 2948 instrumentis
2554 2905 2646 2947 aut
2707 2893 2923 2964 pelagus
2970 2903 3172 2964 merget
3207 2904 3299 2949 aut
3352 2895 3406 2951 in

1834 2983 2084 3054 scopulos
2113 2991 2404 3051 tempestas
2441 2982 2645 3047 allidel,
2672 2981 2741 3037 ita
2775 2997 2872 3054 per
2897 2982 3179 3055 pulchram
3203 2993 3259 3040 et
3289 2987 3408 3040 exi-

1833 3075 2000 3129 miam
2041 3074 2348 3146 huiusmodi
2382 3083 2714 3138 creaturam,
2745 3074 3000 3128 dilectum
3037 3075 3236 3130 animal
3271 3059 3418 3131 Con-7

1833 3166 1994 3221 ditori
2020 3209 2034 3231 ,
2079 3165 2372 3236 imaginem
2413 3165 2528 3230 Dei,
2567 3165 2976 3221 similitudinem
3005 3165 3416 3236 Redemptoris,

1831 3247 1983 3314 Orbis
2028 3257 2328 3330 speculum,
2353 3257 2572 3313 aetheris
2620 3258 2959 3330 dignitatem,
2993 3260 3324 3330 principatus
3358 3274 3414 3318 ct

1832 3357 2132 3420 potestates
2188 3345 2350 3416 hujus
2399 3347 2608 3411 tnnndi,
2653 3347 3032 3417 etspirilualia
3069 3351 3324 3420 nequitias
3357 3352 3416 3408 ia

1833 3441 2168 3505 cmlestibus,
2200 3439 2414 3503 crebra,
2449 3439 2750 3495 vehementi
2775 3449 2829 3494 et
2877 3441 3072 3494 usitata
3106 3441 3413 3497 incursione

1832 3532 2101 3600 perditum
2134 3531 2305 3594 irent;
2355 3531 2398 3584 si
2433 3547 2528 3600 pro
2558 3545 2622 3585 ea
2677 3531 2860 3600 plures
2915 3543 3184 3605 martyres
3231 3536 3413 3591 divino

1834 3621 2146 3690 magisterio
2174 3622 2396 3676 minime
2419 3621 2788 3678 dimicassent.

1903 3712 1957 3765 2.
1993 3712 2098 3766 Sed
2122 3711 2380 3766 adversus
2401 3711 2706 3782 bujusmodi
2721 3711 2865 3766 acies
2883 3727 3177 3783 earumque
3199 3730 3409 3782 manus,

1833 3803 1886 3856 in
1913 3812 2158 3872 potentes
2187 3812 2468 3872 tyrannos,
2491 3818 2585 3872 per
2605 3802 2766 3856 urbes
2789 3803 3073 3858 universas
3096 3815 3211 3860 toto
3236 3814 3408 3859 terra.

1837 3911 1963 3949 rum
1991 3894 2124 3948 orbe
2148 3892 2391 3958 diﬂ'usos,
2441 3907 2544 3946 non
2595 3891 2942 3948 multitudine
2995 3893 3250 3959 militum,
3301 3910 3408 3949 non

1833 3992 2220 4041 numerosltate
2256 3983 2550 4054 legionum,
2578 3997 2686 4038 non
2713 3983 3046 4054 fulgentibus
3075 3987 3260 4049 armis,
3301 4001 3410 4040 non

1835 4077 2079 4148 pecuniis
2103 4076 2356 4142 inlinitis;
2391 4077 2486 4131 sed
2508 4092 2539 4130 a
2567 4075 2850 4131 duodecim
2881 4084 3087 4129 tantum
3111 4077 3408 4146 primariis,

149 4185 214 4230 et
245 4147 515 4243 singulare
543 4169 862 4225 famulitium
894 4169 1128 4223 ascivit:
1157 4167 1262 4221 hoc
1309 4165 1508 4218 lectum
1563 4164 1728 4218 bella-
1756 4147 1796 4204 Ο
1831 4147 1922 4239 qui
1975 4167 2134 4223 simul
2193 4167 2540 4238 Imperatoris
2577 4176 2635 4222 et
2676 4165 2863 4222 Militis
2909 4165 3081 4220 officia
3132 4179 3408 4237 gererent,

155 4279 333 4322 torum
365 4279 534 4337 genus
567 4265 706 4318 novo
733 4261 940 4316 militiae
994 4265 1334 4314 sacramento
1364 4257 1504 4310 inter
1530 4267 1726 4324 praeto-

157 4360 338 4413 rianos
385 4373 496 4410 sua:
547 4355 714 4411 curia:
763 4355 956 4407 milites
1006 4351 1390 4406 consecravit:
1429 4359 1484 4402 ιιι
1531 4351 1726 4403 armati

154 4447 471 4502 fortitudine
499 4445 690 4510 animi,
716 4445 861 4500 nudo
887 4457 1115 4512 corpore
1144 4441 1242 4495 sub
1263 4441 1428 4493 ictum
1457 4441 1725 4506 venirent,

154 4540 289 4595 nihil
308 4541 501 4593 durum
519 4539 959 4601 extimescerent,
978 4535 1106 4588 nihil
1122 4533 1332 4588 dillicile
1353 4532 1725 4600 formidarent,

154 4632 289 4686 nihil
321 4629 714 4686 intolerandum
748 4635 999 4696 putarent
1030 4625 1248 4678 :omuia
1276 4625 1508 4677 humana
1551 4624 1728 4693 despi-

151 4732 361 4782 cerent,
413 4720 591 4774 omnia
635 4717 896 4789 graviter,
927 4714 1108 4770 omnia
1162 4724 1495 4778 constanter,
1545 4716 1725 4768 omnia

153 4813 432 4882 splendiie
477 4811 787 4866 factitarent
832 4829 843 4864 :
892 4811 1079 4864 orbem
1136 4807 1365 4876 denique
1403 4807 1576 4875 ipsum
1618 4823 1724 4862 non

116 4917 118 4920 '
155 4908 312 4962 modo
342 4907 547 4976 praelia,
581 4905 674 4960 sed
706 4903 843 4957 bello
874 4907 1211 4971 superarent.
1247 4898 1418 4954 Porro
1460 4900 1574 4954 inec
1599 4915 1728 4954 con-

154 5000 387 5056 Secralio
442 4997 785 5068 imperatoris
833 4996 1022 5050 atterni
1052 5034 1066 5059 ,
1105 5001 1162 5046 et
1213 4992 1281 5046 ad
1337 4990 1452 5061 ejus
1497 4992 1724 5061 gloriam

153 5095 484 5162 (nontamen
526 5100 582 5143 ut
612 5087 838 5156 alicujus
869 5084 1046 5156 egeat)
1108 5083 1351 5137 instituta
1406 5091 1506 5148 est,
1555 5094 1609 5137 et
1655 5085 1723 5138 ad

151 5186 400 5238 humanae
423 5181 724 5248 reipublica:
754 5177 1061 5245 praesidium
1085 5184 1436 5241 comparata:
1469 5189 1536 5228 ne
1578 5175 1724 5230 velut

1829 4261 2101 4316 obviatutn
2128 4269 2207 4314 est
2239 4277 2252 4312 :
2278 4260 2367 4329 qui
2390 4275 2446 4314 se
2462 4259 2630 4329 copiis
2658 4270 3016 4332 exponerent,
3047 4260 3137 4329 qui
3166 4263 3406 4330 receptui

1829 4352 1982 4416 signa
2006 4350 2136 4404 dare
2169 4349 2466 4414 nescirent,
2496 4349 2586 4418 qui
2615 4364 2846 4420 pugnam
2881 4348 3189 4404 nullatenus
3231 4351 3412 4404 detre-

1827 4452 2036 4498 ctarent
2064 4460 2077 4496 :
2112 4441 2253 4495 nulla
2285 4441 2552 4497 tnateriali
2599 4451 2894 4506 armatura,
2925 4457 2992 4496 ne
3023 4442 3122 4496 levi
3159 4443 3402 4512 quidem,

1829 4535 2026 4604 quibus
2053 4533 2217 4587 etiam
2256 4531 2451 4587 baculo
2487 4532 2832 4587 interdictum
2859 4541 2998 4596 erat,
3029 4533 3288 4603 insignes.
3325 4534 3399 4588 Es

1828 4627 2022 4696 quibus
2049 4639 2241 4694 nempe
2267 4625 2546 4694 primariis
2595 4623 2781 4677 Simon
2834 4624 2944 4690 ille,
2975 4623 3129 4693 longe
3161 4639 3412 4687 omnium

1829 4717 2344 4781 excellentissimus,
2374 4716 2614 4768 omnium
2649 4715 2933 4786 princeps,
2967 4717 3208 4771 omnium
3253 4728 3404 4774 ante—.

1828 4813 2112 4880 signatius,
2139 4809 2248 4872 cui,
2285 4824 2348 4863 es;
2389 4808 2514 4862 lidei
2546 4807 2818 4862 soliditate
2868 4818 2923 4863 et
2947 4809 3151 4864 amoris
3201 4810 3418 4866 affectu.

1825 4917 1950 4970 crgt
1983 4901 2266 4954 Dominum
2308 4899 2671 4964 Salvatorem,
2696 4899 2887 4955 Petrus
2909 4911 2992 4955 est
3014 4915 3213 4955 nomen
3241 4903 3408 4973 impo-

1825 4993 2018 5056 sitnzn;
2069 4990 2121 5044 in
2161 4987 2322 5052 Urbe,
2347 4991 2437 5044 ubi
2488 4992 2736 5054 thronus,
2771 4989 2861 5044 ubi
2917 4989 3150 5060 dignitas
3204 4992 3410 5048 terreni

1827 5083 2079 5138 rutilabat
2106 5080 2340 5150 imperii,
2375 5095 2599 5134 suarum
2649 5080 2833 5149 posuit
2866 5090 3048 5138 castra
3097 5082 3364 5138 virtutum
3392 5097 3428 5144 ι,

1826 5183 2112 5240 tantusque
2133 5171 2214 5224 vir
2244 5169 2352 5223 Deo
2371 5173 2580 5241 plenus,
2607 5169 2661 5224 in
2684 5173 2991 5239 superando
3015 5168 3218 5234 fuit,ttt
3253 5189 3434 5231 nemo,
