3936 5402
249 307 387 363 P505

1232 298 1388 354 VlTA
1428 297 1486 350 S.
1525 290 1706 350 LUC"
1745 287 1945 346 PAPE
1983 287 2069 342 ET
2111 287 2486 344 MARTYRIS.

3351 281 3488 336 1306

248 419 504 484 mortales
553 416 794 474 ailieiunt
827 434 841 468 :
881 413 1139 485 pecunia,
1171 412 1437 481 dignitas,
1467 408 1724 477 potentia,
1757 413 1810 458 ct
1839 406 1883 460 A
1911 411 1963 455 et
1983 401 2322 475 dignitatem.
2358 401 2495 470 Ergo
2509 401 2576 453 ab
2591 399 2898 468 liocexrguo
2925 407 2978 452 et
3001 397 3205 454 caduco
3236 395 3489 465 temporis

249 515 351 568 alia
393 513 683 580 id-geuns;
729 510 794 568 ad
825 523 942 576 qute
993 515 1070 559 tot
1114 505 1356 564 homines
1397 500 1618 561 inducti,
1668 511 1813 551 caeca

247 601 537 670 cupiditate
558 599 944 665 obstupescunt
977 610 993 646 :
1031 592 1135 646 ista
1168 605 1290 644 cum
1319 588 1501 642 labore
1531 583 1816 656 possiden-

251 700 356 753 tur,
379 706 500 744 cum
525 689 719 741 invidia
753 680 1452 752 conspiciuntur,neminem
1480 694 1586 730 non
1613 673 1818 730 sollici-

251 791 364 836 tum
392 779 612 838 faciunt,
652 777 917 834 neminem
945 775 1086 827 bene
1109 772 1348 833 felicem,
1375 768 1644 824 neminem
1683 765 1818 818 bene

251 885 524 926 securum.
579 866 767 920 Nullus
823 863 1001 920 Stabili
1057 861 1306 914 comintit
1351 859 1500 920 loco,
1546 855 1819 923 iactantur

251 976 464 1023 omnes,
491 959 744 1028 pendent,
777 957 1054 1012 (lectitant,
1078 954 1136 1010 in
1157 952 1474 1005 alterutrum
1506 947 1810 1000 illiduntur:

249 1053 339 1108 alii
375 1051 508 1104 alios
563 1049 818 1104 cadentes
859 1048 1101 1107 trahunt,
1147 1043 1237 1099 alii
1280 1040 1400 1096 aliis
1447 1039 1614 1092 exitio
1670 1045 1813 1090 sunt.

252 1145 472 1212 Strages
519 1150 602 1196 est.
648 1141 900 1210 ista,noo
931 1137 1035 1189 vita
1063 1175 1079 1198 ,
1111 1145 1165 1186 et
1207 1131 1542 1187 coacervatio
1592 1127 1815 1181 aliorum

253 1251 423 1306 super
449 1233 585 1288 alios
616 1231 908 1288 ruentium.
945 1224 1288 1305 llespont’eat
1313 1222 1422 1275 sibi
1445 1220 1569 1276 licet
1593 1220 1818 1287 quisque

251 1327 319 1382 ad
350 1334 555 1388 votum,
587 1324 879 1387 credatque
917 1317 1241 1386 voluptatem
1285 1327 1548 1367 summum
1592 1311 1816 1366 bonum,

253 1417 479 1488 gloriam
512 1422 565 1467 et
589 1412 754 1466 seculi
802 1423 1026 1480 pompas
1055 1417 1105 1460 et
1132 1405 1316 1458 ultima
1351 1403 1480 1455 vitia
1520 1401 1571 1453 in
1608 1411 1818 1453 summa

251 1508 510 1564 felicitate
541 1513 707 1573 ponat
750 1501 978 1562 :omnia
1023 1510 1202 1570 tamen
1248 1496 1482 1548 lmmana
1532 1489 1710 1544 brevia
1765 1495 1819 1539 ct

253 1601 461 1658 caduca
513 1607 664 1658 sunt,
702 1608 810 1658 nec,
849 1590 1192 1662 procedentia
1250 1587 1300 1640 iu
1341 1595 1543 1656 partem
1585 1583 1817 1650 aliquam

255 1692 515 1762 temporis
556 1687 815 1757 longioris
867 1701 883 1740 :
936 1685 1043 1738 cito
1081 1689 1393 1739 transeunt,
1428 1687 1483 1729 et
1535 1676 1818 1754 immaturo

1920 495 2169 558 transitu,
2196 493 2350 546 inilla
2371 502 2480 548 toto
2511 493 2810 548 nosdemns
2839 493 3167 560 animq,qu:e
3197 490 3484 554 immensa.

1918 599 2036 652 qua:
2065 593 2264 654 :cterna
2289 570 2442 647 'snnt,
2475 596 2594 651 qua:
2627 581 2936 634 melioribus
2967 580 3186 646 meliora
3211 596 3232 629 :
3271 577 3337 630 ad
3367 593 3487 646 (tua

1919 675 2172 728 nimirum
2204 673 2314 728 sola
2335 670 2820 726 Cliristitbiritatc
2851 671 3186 730 deducimur,
3215 669 3304 724 ubi
3335 669 3495 722 nobis.

1928 762 2071 818 nulla
2123 763 2302 816 Saeculi
2343 762 2695 815 diuturnitate
2753 759 3126 823 interdicitur,
3159 757 3247 811 ubi
3299 771 3492 810 omnes

1918 854 2274 920 admittimur,
2329 854 2416 908 ubi
2468 870 2573 907 non
2631 852 3092 920 constringimur,
3131 866 3236 904 non
3289 848 3492 901 asseri-

1919 960 2070 1006 mnr;
2102 946 2194 998 sed
2225 944 2345 1006 tuti,
2378 945 2472 999 sed
2509 943 2798 1005 lil:eri,sed
2827 941 3012 996 :eterni
3044 941 3278 994 liberoet
3305 946 3492 1008 aperto

1920 1037 2150 1089 fruimur
2185 1036 2322 1089 caelo
2356 1051 2370 1089 z
2406 1035 2495 1089 ubi
2530 1051 2627 1089 nos
2684 1043 2859 1088 terror
2887 1031 3062 1084 millus
3100 1030 3340 1091 invadet,
3380 1041 3488 1082 non

1919 1125 1998 1178 ira
2059 1123 2348 1192 torquebit,
2381 1140 2483 1179 non
2535 1123 2760 1178 morbus
2816 1120 3056 1191 aﬂlgct,
3093 1136 3196 1175 nou
3253 1119 3488 1188 suspicio

1920 1214 2166 1276 lacesset.
2205 1231 2307 1268 non
2338 1214 2531 1268 invidia
2565 1212 2936 1276 iusectabitur,
2967 1223 3070 1266 non
3100 1223 3271 1266 metus
3299 1208 3396 1265 soil
3420 1211 3496 1264 ci-

1921 1304 2075 1367 tabit,
2100 1319 2204 1357 non
2240 1303 2428 1356 levitas
2467 1301 2808 1370 inquietabit.
2837 1300 2918 1353 An
2951 1315 3077 1362 non,
3105 1299 3148 1352 si
3179 1299 3318 1356 bene
3346 1297 3494 1352 msti-

1918 1410 2056 1456 mes,
2095 1393 2206 1447 sola
2248 1394 2361 1448 lucc
2408 1393 2562 1446 nobis
2598 1392 2712 1461 ipsa
2747 1389 3143 1460 quodammodo
3175 1388 3361 1442 interni
3395 1387 3494 1441 be-

1921 1484 2098 1537 nelicii
2138 1482 2254 1537 loca
2285 1475 2494 1551 erepta,
2528 1491 2583 1536 ct
2614 1481 2791 1535 ablata
2823 1479 3181 1533 sortirentur?
3228 1476 3496 1548 Agedum,

1919 1592 1986 1630 ex
2034 1575 2193 1629 hodie
2253 1575 2622 1640 magistratus,
2654 1580 2745 1625 aut
2775 1571 3089 1640 qu;cstionis
3139 1577 3234 1623 aut
3284 1577 3496 1620 tantum

1920 1667 2290 1728 aniniicausa,
2335 1665 2453 1720 duci
2478 1665 2714 1734 jubcrcl,
2762 1673 2819 1714 ut
2858 1663 3030 1732 primo
3080 1659 3245 1730 virgis
3300 1672 3494 1718 carsus,

259 1742 455 1762 “““““Ι⁷“’
649 1742 678 1757 υ
1648 1751 1650 1754 .

253 1785 390 1838 citra
445 1783 834 1834 incrementum
886 1773 1114 1829 termino
1161 1768 1573 1826 couclmluntur,
1616 1772 1675 1817 ut
1722 1778 1818 1816 nec
1853 1742 1896 1796 Β
1925 1761 2045 1826 inde
2090 1760 2286 1827 ligatus
2326 1759 2392 1812 ad
2437 1759 2636 1828 palum,
2668 1756 2841 1810 securi
2897 1753 3188 1809 feriendam
3232 1744 3503 1806 cervicem

254 1875 362 1931 iliis
385 1873 474 1927 diu
498 1881 641 1927 stare
673 1866 978 1935 cootigcrit.
1005 1863 1176 1918 Etiam
1195 1861 1258 1912 ad
1286 1859 1397 1921 illa,
1415 1874 1532 1927 quin
1557 1862 1820 1909 vetustate

248 1945 576 2049 gloriantur,
608 1958 984 2020 extendamus,
1014 1954 1056 2007 si
1089 1952 1239 2013 libet,
1262 1949 1437 2004 anatis
1463 1956 1661 2001 nostra:
1712 1960 1824 1997 me-

256 2041 390 2119 tam,
420 2053 572 2122 cujus
591 2051 822 2104 medium
854 2046 1006 2118 pauci
1044 2050 1358 2111 computant
1387 2041 1436 2092 in
1462 2053 1660 2108 animm
1692 2051 1820 2090 cen-

255 2137 502 2208 teSimum
532 2161 544 2198 :
575 2144 699 2198 inde
755 2142 979 2195 ducatur
1029 2136 1238 2190 animus
1284 2132 1348 2186 ad
1406 2129 1716 2200 lOIISlsSlllltl
1769 2134 1826 2180 et

259 2239 468 2300 infinita
497 2237 594 2289 mvi
627 2233 795 2304 spatia
817 2232 976 2306 ;_lnec
1003 2235 1266 2295 tempora,
1290 2219 1577 2276 aeternitati
1605 2234 1825 2286 compa-

259 2337 396 2392 rata,
447 2340 608 2396 quam
654 2321 1056 2394 proportionem
1113 2309 1617 2374 facerent,e1iamsi
1671 2307 1850 2400 nobis}

261 2432 390 2476 retas
416 2434 614 2474 animm
655 2414 998 2471 millesimum
1031 2407 1370 2475 indulgeret?
1412 2406 1541 2473 Qua!
1571 2420 1692 2458 eum
1723 2403 1827 2455 lin-

252 2511 481 2580 jusmodi
522 2510 648 2570 sint,
687 2507 940 2576 exiguum
974 2501 1114 2557 istud
1145 2511 1197 2554 et
1225 2499 1555 2566 breve,,quo
1584 2495 1826 2564 cogimur

257 2602 324 2655 ad
367 2615 572 2654 morem
607 2598 833 2651 aliorum
886 2594 1090 2656 vivere,
1149 2592 1220 2643 ita
1274 2598 1442 2642 totum
1490 2585 1827 2656 negligentia:

259 2690 582 2758 desidia-:que
613 2687 951 2748 mandamus,
980 2681 1036 2735 ut
1059 2681 1108 2734 id
1135 2680 1307 2749 ipsum
1340 2677 1495 2747 plane
1544 2678 1614 2729 sit
1667 2672 1824 2736 nzori,

257 2782 396 2850 quod
420 2780 665 2831 vivimus.
698 2775 937 2828 fluuiana
966 2773 1108 2840 enim
1135 2785 1230 2839 per
1257 2769 1440 2823 luxum
1474 2775 1528 2820 et
1558 2767 1824 2832 intempe-

258 2865 486 2920 rantiam
520 2880 547 2915 a
585 2861 812 2932 pueritia
841 2861 948 2913 vita
986 2857 1196 2920 diﬂluit,
1227 2865 1440 2923 torpore
1491 2855 1655 2914 iners,
1685 2851 1828 2905 defa-

255 2937 423 3023 tigata
466 2951 723 3014 lasciviis,
757 2948 1051 3002 ambitione
1092 2959 1376 3012 superisa,
1411 2941 1681 2996 mercandi
1729 2955 1826 2992 cu-

255 3041 403 3112 pida,
438 3058 567 3112 vaga
618 3052 673 3094 et
710 3041 1020 3094 incoostans
1069 3049 1122 3090 et
1172 3037 1272 3090 ελὺί
1321 3033 1631 3108 displicens,
1664 3046 1822 3102 quam

253 3128 490 3203 fundique
511 3133 637 3187 vitia
663 3117 873 3203 urgent,
899 3117 1129 3197 undian
1155 3128 1503 3182 circumstant
1535 3144 1548 3179 :
1577 3141 1676 3179 nec
1707 3140 1824 3178 cazn

256 3224 394 3279 bene
415 3225 686 3290 collocari,
726 3211 823 3278 nec
852 3221 941 3276 ulli
981 3222 1133 3275 bantc
1179 3221 1251 3273 rei
1286 3217 1543 3289 impendi,
1591 3233 1687 3272 nec
1719 3217 1829 3270 cri-

258 3328 384 3384 gere
410 3314 630 3376 vultum,
664 3330 763 3369 nec
790 3303 1032 3366 attollere
1053 3299 1253 3364 Iumina
1283 3311 1334 3361 ia
1363 3317 1640 3379 aspectum
1684 3308 1828 3360 veri-

263 3405 391 3458 tatis
420 3401 622 3458 sinunt.
649 3403 803 3472 Cogit
857 3403 1070 3457 tandem
1124 3417 1182 3455 se
1236 3399 1508 3470 miseram.
1539 3400 1829 3456 fabricatos

261 3499 442 3570 digitis
469 3495 582 3549 suis
612 3496 838 3548 adorare
877 3493 1004 3546 deos
1039 3509 1050 3544 :
1078 3474 1274 3560 gaudet
1312 3499 1434 3542 ante
1458 3491 1636 3557 inepta
1664 3491 1828 3542 simn-

261 3593 430 3652 lacri.
455 3597 581 3642 ante
613 3588 788 3655 inepta
819 3585 1089 3651 ﬁgmenta,
1114 3589 1236 3633 ante
1274 3579 1656 3634 nefandissizna
1680 3597 1830 3632 moe-

263 3694 378 3737 stra
409 3695 604 3748 corpus
659 3675 919 3729 inclinare
942 3664 1249 3741 captivum;
1313 3670 1596 3739 placetque
1629 3683 1829 3724 statum

263 3765 544 3827 sublimem
569 3771 634 3822 ad
664 3766 879 3828 cmlum,
909 3773 962 3817 et
993 3764 1058 3817 ad
1104 3763 1268 3815 Deum
1294 3777 1445 3814 suum
1480 3762 1678 3815 vultum
1709 3779 1828 3816 cre-

262 3874 429 3925 ctnm,
461 3877 582 3916 cum
615 3858 810 3914 ceteris
833 3855 1153 3932 animalibus
1184 3854 1369 3924 pronis
1400 3853 1465 3907 ad
1499 3863 1696 3909 terram
1725 3855 1829 3908 situ

264 3963 518 4019 vergente
546 3952 865 4021 deprimere.
1671 3943 1673 3948 “

347 4043 400 4097 7.
439 4045 572 4099 llnic
605 4045 764 4112 poiro
800 4043 922 4096 vine
965 4040 1015 4093 in
1047 4045 1190 4092 tanta
1245 4044 1581 4104 tempestate,
1611 4036 1664 4090 in
1722 4044 1830 4091 tam

264 4127 541 4208 reciproco
568 4137 724 4200 mari,
743 4136 794 4189 in
826 4132 1123 4205 procelloso
1149 4131 1336 4204 pelago
1370 4130 1663 4201 naviganti.
1687 4128 1828 4183 trulla

265 4229 407 4285 salus
422 4230 519 4283 nisi
546 4230 774 4298 jactura,
798 4226 938 4280 nulla
971 4225 1123 4295 quies
1148 4225 1249 4280 nisi
1281 4221 1833 4294 naufragium,uullus

266 4335 454 4392 portus
485 4320 587 4375 nisi
619 4321 865 4373 interitus
891 4331 994 4372 est.
1041 4319 1514 4388 Snpersedenalum
1573 4334 1701 4389 ergo
1753 4324 1834 4370 est

1922 1854 2096 1907 lictori
2127 1868 2448 1924 exponeres,
2483 1854 2693 1920 sicque,
2735 1847 3055 1920 prOpinquis
3075 1857 3129 1901 et
3155 1843 3493 1902 necessariis,

1923 1943 2150 2014 conjuge
2181 1953 2234 1998 et
2284 1943 2466 1996 liberis
2494 1929 2894 2003 assistentibus,
2925 1936 3258 1993 exsecrabile
3305 1931 3501 2005 populo

1922 2025 2292 2106 Spectaculum
2353 2036 2534 2097 dares.
2566 2031 3051 2102 snmilicationibus
3105 2030 3340 2096 undique
3395 2040 3496 2095 pro

1923 2127 2201 2194 οι·;.-ι)ῖξ(›ηυ
2234 2125 2593 2192 aetisparam
2625 2121 2958 2182 succederet,
2984 2119 3122 2188 quod
3150 2118 3325 2170 inanis
3358 2116 3502 2170 idin:

1923 2225 1978 2268 et
2011 2225 2245 2269 ventosa:
2294 2214 2568 2267 fclicitatis
2621 2213 2673 2266 in
2734 2214 2866 2264 tanti
2918 2219 3124 2264 terrore
3169 2205 3502 2262 discrimini!

1925 2311 2094 2366 scires
2122 2307 2379 2379 pondera,
2415 2321 2467 2364 et
2489 2324 2606 2362 eam
2637 2307 2703 2362 ad
2726 2321 2886 2360 omne
2913 2305 3038 2357 vitae
3089 2312 3300 2370 tempus
3349 2315 3505 2355 reco-

1924 2401 2085 2456 leres.
2125 2402 2304 2459 Certe,
2341 2400 2382 2452 si
2419 2409 2530 2453 tum
2577 2398 2668 2450 tibi
2707 2394 2959 2466 possibile
2989 2403 3134 2447 esset
3178 2391 3344 2444 libere
3387 2405 3504 2442 rna-

1928 2492 2264 2563 gnitudinem
2311 2499 2365 2544 et
2399 2489 2485 2541 illa
2519 2488 2775 2555 fulgentia
2829 2485 2966 2538 bona
3007 2483 3298 2541 :cstimare,
3332 2479 3500 2533 lectos

1928 2595 2140 2643 aureos,
2173 2582 2351 2632 aureis
2382 2593 2595 2631 inensas
2631 2575 2892 2643 fulgentes
2913 2571 3075 2633 vasis.
3111 2569 3501 2640 supclieetilem

1928 2674 2207 2742 grandem,
2225 2687 2503 2725 servarunt
2535 2668 2771 2731 turbam,
2791 2673 3082 2736 unguenta,
3101 2677 3353 2725 coronas,
3373 2661 3503 2714 odu-

1928 2781 2038 2828 res,
2063 2763 2553 2834 conquisitissimas
2582 2761 2790 2832 epulas,
2822 2774 2941 2828 qiue
2968 2755 3262 2812 fastidienti
3307 2752 3439 2824 gulae
3468 2767 3502 2807 ο

1928 2858 2194 2919 Gadibus,
2225 2857 2292 2909 ab
2316 2871 2533 2918 aurora,
2558 2865 2610 2908 et
2634 2854 2698 2907 ab
2727 2852 2913 2904 ultimo
2948 2857 3230 2919 portantur
3251 2845 3499 2906 Oceano;

1928 2948 2157 3002 sentires
2200 2947 2383 3014 utique
2428 2943 2802 3013 dispungendo
2849 2951 2903 2993 et
2944 2937 3272 2992 recensendo
3314 2948 3506 2988 omnes

1930 3041 2052 3093 vita:
2083 3048 2184 3092 tua:
2220 3039 2353 3103 dies,
2391 3037 2593 3091 nullum
2621 3033 2878 3089 memoria
2908 3033 3148 3102 dignum,
3184 3028 3276 3083 sed
3312 3039 3506 3082 omnel

1931 3147 2081 3200 aeque
2111 3130 2371 3199 perditos,
2401 3144 2553 3198 mque
2583 3124 2890 3180 exitiabiles
2935 3122 3078 3193 apud
3111 3131 3161 3174 te
3203 3114 3500 3183 resedisse;

1933 3205 2211 3292 magisque
2245 3231 2292 3275 te
2327 3221 2591 3274 miserum
2627 3228 2682 3272 et
2711 3217 3102 3271 infortunatum
3131 3252 3146 3279 ,
3186 3227 3345 3282 quam
3403 3209 3508 3281 Sy-

1934 3329 2255 3369 racusanum
2311 3313 2484 3373 illum.
2518 3312 2674 3380 cujus
2721 3309 3029 3378 impendere
3085 3303 3413 3367 cervicibus,
3445 3301 3503 3355 in

1932 3405 2024 3459 illo
2049 3415 2154 3458 tam
2183 3403 2488 3458 desiderato
2515 3408 2794 3470 apparatu,
2826 3397 3034 3469 gladius
3064 3412 3092 3450 a
3125 3403 3268 3449 tecto
3299 3391 3503 3447 demis-

1931 3512 2022 3550 sus
2051 3508 2163 3550 seta
2184 3496 2376 3564 equina
2400 3493 2743 3549 cernebatur.

2003 3586 2055 3639 8.
2097 3588 2177 3637 An
2214 3597 2266 3638 tu
2325 3585 2444 3638 ilius
2474 3584 2654 3636 vivere
2687 3589 2864 3651 putas,
2896 3579 2986 3648 qui
3043 3577 3188 3640 tetri,
3217 3575 3412 3640 rabidi,
3455 3585 3510 3628 et

1902 3676 2345 3732 'COttcitatissitni
2372 3685 2493 3727 sunt
2525 3674 2726 3741 impetu
2776 3672 2995 3735 doloris,
3041 3685 3336 3732 armorum,
3382 3683 3506 3722 san-

1931 3770 2112 3840 guinis
2140 3809 2154 3834 ,
2189 3767 2613 3836 suppliciorum;
2658 3780 2884 3834 quormn
2938 3771 3020 3816 est
3071 3762 3251 3815 minax
3307 3759 3505 3821 vultus,

1933 3863 2108 3916 tristis
2154 3860 2323 3920 frons.
2359 3869 2510 3913 torva
2574 3858 2761 3923 facies,
2807 3858 3002 3910 citatus
3051 3855 3271 3925 gradus,
3315 3866 3512 3905 manus

1934 3953 2208 4021 inquieta},
2256 3949 2403 4004 color
2449 3961 2658 4011 versus,
2709 3945 2940 4014 suspiria
2997 3945 3190 3998 crebra
3247 3959 3258 3994 :
3307 3940 3509 3993 micant

1933 4042 2094 4106 oculi,
2137 4042 2361 4096 horrent
2411 4038 2614 4108 capilli,
2673 4030 2854 4105 stupet
2906 4036 3150 4106 spiritus,
3188 4032 3510 4104 quatiuntur

1935 4134 2109 4197 labra,
2153 4134 2586 4202 comprinmulur
2623 4129 2845 4191 dentes;
2879 4128 2969 4196 qni
3017 4126 3233 4195 pulsant
3285 4127 3509 4178 humum

1935 4226 2181 4299 pedibus,
2211 4225 2299 4293 qui
2326 4220 2707 4291 cumplaudunt
2734 4218 2929 4285 smpius
2962 4232 3182 4278 manus,
3213 4216 3306 4282 qui
3338 4222 3511 4266 totum

1938 4319 2215 4374 concitant
2250 4330 2459 4383 corpus.
2491 4310 2620 4364 Γωιιὶ
2671 4311 2813 4373 visu,
2851 4308 3100 4363 horrendi
3139 4305 3310 4367 facie,
3358 4303 3508 4358 omni

265 4414 517 4468 erunibus
561 4413 829 4467 illecebris
863 4411 1043 4467 saeculi
1092 4419 1146 4465 et
1201 4410 1357 4468 idolis
1384 4427 1568 4466 errore
1599 4410 1832 4464 humano
1861 4425 1908 4483 ι)
1937 4409 2168 4477 denique
2196 4408 2398 4460 irarum
2432 4403 2716 4457 affectione
2762 4394 3070 4454 deformes?
3094 4408 3188 4450 aut
3237 4397 3340 4450 illis
3384 4395 3508 4463 jure

266 4506 597 4562 atlltl\'eﬂll5:
633 4506 697 4557 ad
726 4503 889 4558 Deum
919 4503 1150 4556 cundum
1172 4513 1274 4566 est,
1306 4501 1372 4558 ad
1397 4503 1632 4558 caeledia
1665 4503 1839 4555 inten-

264 4596 498 4650 dendum
532 4613 544 4648 :
580 4594 705 4648 illuc
729 4595 960 4656 intuere,
996 4593 1119 4648 illnc
1145 4593 1329 4647 oculos
1368 4595 1537 4664 erige,
1591 4594 1714 4648 illuc
1749 4610 1840 4648 su-

266 4675 518 4757 speasm'n
548 4697 735 4755 pectus
759 4684 942 4742 attolle
977 4703 990 4736 :
1026 4701 1091 4738 ne
1117 4693 1167 4758 te
1191 4684 1254 4737 aJ
1281 4685 1581 4752 pulvinaria
1609 4699 1842 4740 mortuo-

266 4797 383 4834 rum
413 4780 688 4834 hominum
713 4788 1013 4842 sternas,ne
1028 4787 1149 4831 ante
1163 4790 1466 4832 creaturam
1484 4781 1535 4832 in
1551 4791 1697 4834 tuum
1714 4796 1841 4833 con-

265 4869 955 4925 ditamfaznulitiumcadas:
981 4866 1129 4922 serva
1145 4868 1642 4938 digrritatern,serva
1675 4869 1842 4924 subii-

263 4960 696 5028 mitatcm,se‘rva
717 4957 1221 5015 Deisimilitudiuem
1258 4967 1470 5013 :tantns
1493 4969 1724 5029 quantus
1754 4977 1833 5025 cs,

265 5065 547 5118 persevera
567 5069 578 5102 :
597 5050 715 5103 talis
729 5048 822 5110 sis,
847 5050 1020 5118 qualis
1047 5067 1073 5102 a
1105 5051 1210 5103 L‘eo
1225 5049 1398 5104 factus
1418 5065 1510 5104 es:
1537 5053 1742 5122 respice
1767 5063 1835 5117 te,

413 5145 423 5154 ο
779 5142 808 5152 Ἰ

270 5142 350 5166 θ.-
385 5159 452 5166 ...ι-
485 5154 531 5166 ι..
558 5159 656 5166 ...ης
703 5158 755 5166 -.Α
781 5142 888 5166 .-...Ι
923 5143 1158 5166 Α..Ζ-Α...ιι
1193 5160 1203 5166 .
1237 5153 1288 5166 ..ο
1319 5159 1640 5166 ιΑσ...ιιι..,-...
1671 5143 1830 5166 ηιμ-..

779 5141 808 5152 ο.

703 5158 755 5166 -.Α
781 5141 888 5166 .-...Ι
923 5143 1158 5166 Α..Ζ-Α...ιι
1193 5160 1203 5166 .
1237 5153 1288 5166 ..ο
1319 5159 1510 5166 ονΑηριΑΑ

1944 4514 2034 4559 tuo
2059 4504 2220 4556 vitam
2250 4501 2421 4562 cedis,
2457 4499 2548 4567 qui
2576 4495 2932 4564 qnorunnlam
2962 4489 3320 4546 iuliouoriiico
3364 4487 3515 4541 facto

1941 4595 2024 4649 vel
2061 4595 2203 4648 dicto
2254 4600 2554 4651 moventur,
2584 4588 2626 4640 si
2655 4586 2866 4639 illorum
2899 4599 3206 4639 sermonem
3241 4579 3514 4649 superbus

1941 4683 2135 4753 aliquis
2162 4691 2442 4735 aversatus
2481 4687 2564 4733 est
2607 4687 2699 4729 aut
2735 4677 2912 4745 palam
2967 4675 3109 4731 risit;
3159 4672 3250 4742 qui
3290 4672 3334 4725 si
3385 4685 3510 4724 cum
3576 4736 3579 4738 Π

1941 4777 2062 4829 aliis
2092 4774 2158 4826 ad
2182 4787 2391 4825 cmnam
2425 4785 2530 4823 non
2581 4768 2802 4820 admissi
2838 4774 2980 4825 sunt,
3029 4773 3120 4816 aut
3171 4764 3214 4816 si
3267 4761 3514 4821 admissi.

1941 4881 2047 4919 non
2081 4863 2131 4914 in
2158 4860 2353 4921 medio,
2389 4860 2480 4914 sed
2513 4859 2562 4911 in
2588 4857 2774 4909 ultimo
2801 4855 2939 4910 forte
2967 4852 3212 4914 loc.iti,si
3233 4852 3338 4906 illis
3369 4853 3512 4904 salu-

1941 4954 2182 5010 tantibus
2231 4959 2473 5005 uzutuam
2525 4947 2906 5001 salutationem
2969 4960 3076 4998 non
3137 4944 3202 4996 de
3248 4941 3515 4994 industria

1940 5047 2203 5102 salutatus
2231 5057 2338 5096 non
2367 5041 2620 5102 reddidit,
2652 5041 2794 5093 serio
2817 5039 2920 5094 ista
2959 5036 3077 5092 fieri
3111 5037 3178 5088 ad
3209 5050 3363 5088 suam
3387 5050 3518 5087 eou-

1943 5136 2214 5166 ...ηςηιμηνι
2247 5137 2467 5166 “manu.
2486 5132 2508 5165 9
2531 5133 2664 5166 nam
2686 5129 2752 5166 .ln
2775 5131 2972 5166 inab“:
3005 5125 3315 5166 noncocﬂni
3350 5123 3519 5166 aliena
