3936 5402
556 68 659 124 507

1566 68 1916 126 GUAIFERII
1959 68 2360 127 CASINENSIS
2398 69 2705 129 MONAClll

3623 76 3720 136 1303

515 185 864 248 abundantia,
894 192 947 241 et
977 183 1372 255 magniﬁcentia
1404 184 1598 239 :elium
1634 186 1898 254 regiarum
1953 200 2100 240 sem-
2128 189 2170 249 Α
2202 201 2374 256 quens
2403 186 2767 242 Christianam
2797 186 2863 241 ad
2900 186 3097 242 caelum
3147 175 3462 259 religionem
3513 189 3723 257 attollere,

512 291 613 346 per
642 277 824 332 timori
879 286 1030 343 sunt,
1085 294 1150 331 ne
1193 285 1370 331 tantos
1412 291 1600 331 eorum
1659 285 1974 357 apparatus,
2010 286 2102 331 aut

513 368 760 437 prattoris
781 368 1015 433 saevitia,
1046 377 1139 422 aut
1173 368 1354 438 aliqua
1395 368 1735 423 itttercedens
1766 368 1921 437 culpa
1955 368 2103 438 depi-

511 461 629 516 let!
660 462 934 531 Exag'tati
981 462 1146 514 etiam
1202 444 1423 515 morbis
1459 460 1863 530 doloribusque,
1906 460 2102 530 quibus

513 552 718 607 ferrum
746 563 799 607 et
855 554 992 623 ignis
1021 554 1357 615 admovetur,
1394 567 1624 621 quorum
1642 568 1781 606 lossa
1841 552 2012 621 frangi
2049 562 2101 606 ct

515 645 636 701 laedi
683 647 950 711 videmus,
989 661 1218 715 quorum
1250 660 1399 699 venre
1436 645 1819 707 extrahuntur,
1860 645 2098 697 membra

528 746 898 806 amputantur,
926 736 1153 790 vivunt?
1178 736 1313 803 Quid
1366 737 1734 791 inconstantes
1762 736 1857 797 illi,
1882 737 1971 804 qui
2006 734 2099 789 ﬁu-

512 828 843 882 ctnatiunem
868 843 1017 882 suam
1049 828 1244 882 sistere
1276 836 1575 897 nequeunt,
1606 822 1695 897 qui
1729 827 2099 896 tranquillita-

512 928 629 994 tem
656 920 977 983 abhorrent,
1008 924 1097 989 qui
1129 919 1275 974 omni
1307 929 1453 974 motu
1480 921 1642 973 animi
1680 920 2096 987 tumultuantur,

511 1020 649 1079 quos
672 1011 990 1080 pmnitentia
1031 1012 1195 1081 empti
1228 1019 1392 1075 tenet,
1437 1010 1726 1080 incipiendi
1776 1008 1939 1064 timur
1968 1028 1979 1063 :
2013 1012 2098 1064 iii-

511 1100 652 1155 ﬁrmi
691 1103 758 1155 ad
780 1102 1325 1167 onuie'tolerandnm,
1353 1117 1452 1157 nec
1481 1101 1681 1156 laboris
1704 1102 2097 1172 patientesmec

510 1192 804 1262 voluptatis
836 1207 852 1246 :
881 1194 970 1262 qui
999 1193 1274 1263 proposita
1302 1207 1442 1262 saepe
1474 1202 1701 1258 mutant,
1740 1202 1793 1248 et
1823 1193 1875 1248 in
1908 1195 2096 1248 eadem

512 1283 869 1338 revolvuntur
896 1302 909 1337 :
946 1286 1035 1354 qui
1066 1286 1469 1355 quodaminodo
1500 1299 1559 1338 se
1591 1285 1825 1355 fugiunt,
1855 1286 1946 1355 qui
1975 1286 2095 1339 titil-

509 1371 620 1424 lnm
647 1372 872 1426 novitati
909 1372 1084 1428 locum
1120 1372 1452 1442 relinquunt,
1487 1375 1684 1442 quibus
1732 1373 1952 1428 fastidio
1983 1376 2091 1429 vita

508 1472 668 1517 estet
694 1464 810 1533 ipse
854 1464 1123 1519 mundus?
1149 1465 1351 1520 Omnes
1399 1465 1644 1533 profecto
1682 1467 1836 1530 istos,
1864 1466 1916 1521 in
1962 1482 2097 1537 quos

2203 276 2422 330 nomina
2467 276 2619 339 dare,
2654 276 2815 330 ﬁdem
2876 291 3122 342 poscere,
3148 278 3237 331 alii
3288 280 3591 347 satagebant
3635 295 3728 337 ante

2204 367 2360 422 alios.
2378 366 2594 423 Fideles
2624 382 2751 421 vero
2777 382 2881 421 non
2896 382 3062 437 parvo
3088 367 3139 421 in
3160 367 3282 422 dies
3303 367 3563 423 desiderio
3580 384 3729 425 accen-

2203 459 2471 514 debantur
2505 460 2571 515 ad
2596 461 2961 515 mandandum
2983 460 3033 514 ei
3062 459 3459 529 pontiﬁcatum,
3486 477 3629 530 quam
3650 465 3729 533 pri-

2201 567 2347 604 mum
2371 551 2624 606 Cornelio
2661 549 2856 607 malum
2886 551 3192 620 obtingeret
3225 567 3239 603 :
3273 565 3401 603 eum
3443 553 3730 609 successione

2202 644 2561 711 aptissimum,
2578 644 2667 712 qui
2687 643 2988 697 lluinanum
3016 642 3385 697 sacerdotium
3409 643 3729 699 cumdortrina

2208 747 2321 789 tum
2349 736 2639 790 virtutibus
2663 736 2826 790 etiam
2849 732 3233 790 administrare
3255 744 3459 805 posset,
3483 735 3730 790 acclaman-

2203 839 2302 882 tcs.
2375 827 2627 882 Cornelio
2678 827 2885 882 interea
2937 827 3064 882 dum
3119 826 3369 898 Martyrii
3425 826 3591 880 laurea
3627 830 3729 884 cotlo

2200 920 2426 974 candida
2475 920 2790 986 exhibetur,
2832 910 3089 990 pontiﬁcii
3131 918 3353 973 Maximi
3397 918 3600 986 Lucius,
3620 924 3727 976 omni

2200 1011 2443 1066 Ecclesia
2476 1021 2770 1077 annuente,
2803 1012 3025 1082 potitur.
3056 1011 3185 1065 Erat
3215 1012 3267 1066 ei
3303 1020 3459 1077 vetus
3501 1027 3728 1082 operam

2201 1102 2435 1157 alienum
2488 1119 2587 1173 pro
2639 1104 2841 1173 co,qni
2893 1103 3159 1159 solvendo'
3195 1120 3306 1158 non
3351 1114 3490 1169 erat,
3540 1104 3725 1172 salvere;

2201 1194 2424 1250 factioni
2468 1197 2807 1266 praetorianae
2838 1197 3103 1266 privatum
3126 1196 3295 1250 etiam
3331 1197 3659 1261 intercedere,
3687 1210 3724 1252 ιιι

2199 1302 2491 1357 oppressos
2536 1287 2757 1355 judiciis
2798 1287 3057 1343 liberaret
3089 1308 3101 1341 :
3130 1288 3382 1343 misereri
3434 1289 3722 1358 pupillorum,

2200 1368 2466 1436 consolari
2499 1379 2746 1447 atllictos,
2778 1381 3050 1450 egentium
3098 1380 3391 1450 providere
3434 1380 3721 1448 inopirezad-

2200 1490 2392 1528 venam
2440 1475 2765 1547 viduamque
2809 1476 3120 1533 defendere.
3165 1474 3324 1529 Illum
3375 1475 3514 1530 enim
3557 1471 3723 1527 Patrum

509 1562 619 1608 tam
651 1554 969 1626 pestilentes
1019 1554 1244 1612 aﬁ'ectns
1301 1558 1602 1625 incursant,
1653 1558 1829 1628 potius
1878 1560 2093 1614 miseria
2128 1544 2170 1601 Β
2202 1577 2512 1623 nostrorum
2568 1579 2621 1623 et
2675 1544 2991 1624 memoriam
3033 1577 3086 1623 et
3116 1568 3423 1638 exemplar,
3453 1565 3547 1621 Job
3595 1568 3720 1620 virum

512 1659 782 1714 mortuos,
810 1664 973 1720 quam
1026 1650 1200 1716 vivos,
1238 1666 1343 1704 non
1375 1650 1645 1706 innuerito
1678 1651 1924 1717 dixerim,
1958 1668 2094 1722 pra:—

510 1740 700 1794 sertim
719 1756 840 1796 cum
865 1743 932 1797 ad
957 1751 1139 1798 votum
1165 1758 1353 1813 parum
1386 1743 1561 1808 detur,
1587 1744 1832 1813 corporis
1848 1746 2091 1802 custodia

508 1832 769 1895 retentis,
813 1833 925 1887 suis
975 1834 1122 1888 abuti
1177 1835 1567 1905 voluptatibus,
1602 1845 1655 1890 et
1705 1836 1891 1905 ejectis
1931 1854 2094 1909 super

507 1938 689 1987 omne,
719 1926 860 1992 quod
892 1926 1093 1980 dicitur
1144 1928 1426 1992 miserum,
1478 1930 1803 1993 miserabile,
1848 1943 1899 1985 et
1955 1930 2094 1986 irre-

507 2015 818 2083 mediabile,
861 2021 1131 2073 sententia
1192 2022 1582 2090 irrel'ragabilis
1610 2022 1682 2075 sit
1731 2022 1944 2077 illatnra
1977 2033 2089 2079 lor-

508 2117 773 2163 mentum.
2000 2124 2007 2129 ‘

528 2196 537 2201 ”
576 2200 629 2252 9.
675 2199 1013 2256 Retineudus
1054 2211 1139 2258 est
1161 2218 1290 2274 ergo
1312 2203 1365 2259 in
1391 2203 1617 2275 proclivi
1663 2207 1896 2274 animus,
1924 2210 2095 2265 etad-

502 2305 695 2345 versus
725 2292 895 2347 ardua
942 2293 1318 2362 impellendus,
1368 2311 1472 2351 non
1526 2306 1609 2352 est
1661 2298 1905 2366 dubium,
1958 2300 2087 2370 quin

504 2383 809 2438 ascendens
833 2385 1040 2442 nitatur
1069 2404 1081 2440 :
1110 2386 1377 2444 obluctari
1404 2389 1690 2459 patientia,
1716 2389 1998 2454 fortitudo,
2031 2401 2087 2446 et

514 2468 918 2544 perseverantia
950 2477 1229 2545 debent,ut
1254 2481 1479 2534 ferentia
1502 2483 1793 2552 pessimum
1815 2484 2089 2538 hominem

504 2567 639 2622 vitia
669 2569 944 2638 subigunt,
977 2580 1141 2641 utque
1179 2581 1289 2625 tam
1336 2572 1537 2627 claram
1565 2584 1620 2629 et
1651 2575 1877 2629 nitidam
1916 2591 2091 2645 neque

501 2676 612 2715 uno
637 2675 834 2730 genere
865 2660 1177 2728 formosam,
1208 2673 1388 2720 natam
1415 2665 1629 2737 fastigia
1656 2668 1778 2722 cteli
1806 2679 2088 2727 transcen-

503 2753 652 2819 dere,
677 2762 987 2809 creaturam
1043 2755 1289 2811 infernali
1341 2760 1642 2828 prazi-ipitio
1691 2777 1795 2814 non
1828 2763 2086 2816 condant.

505 2843 706 2902 Eamus
732 2847 913 2918 itaque
938 2847 1226 2917 perditum,
1250 2850 1393 2920 quod
1426 2850 1620 2906 melius
1664 2861 1719 2906 et
1747 2854 1956 2922 aequius
1980 2863 2085 2917 est,

2201 1660 2558 1714 foztissimum
2602 1660 2911 1727 aﬁectabat,
2945 1661 3098 1730 cujus
3138 1663 3256 1716 h:cc
3285 1673 3341 1715 et
3372 1660 3475 1713 alia
3516 1659 3719 1714 liberalis-

2197 1752 2334 1807 sima
2367 1753 2528 1808 verba
2555 1753 2621 1807 de
2648 1754 2953 1825 hujusniodi
3000 1753 3191 1809 olliciis
3218 1770 3347 1807 eum
3384 1754 3636 1822 Scriptura
3657 1754 3718 1807 do-

2197 1852 2430 1897 cuerat:
2471 1841 2760 1897 Salvabani
2809 1858 3099 1913 pauperem
3129 1843 3195 1897 de
3228 1859 3393 1896 manu
3443 1840 3661 1911 potentis,
3680 1851 3715 1893 et

2196 1933 2516 2003 adjnvabam
2560 1933 2842 2005 pupillum,
2869 1933 2954 1988 cui
3012 1950 3116 1988 non
3166 1942 3286 1988 erat
3321 1933 3641 2002 adiutorium.
3670 1930 3718 1985 Os

2193 2026 2371 2079 vitam
2404 2039 2490 2080 me
2536 2024 2837 2089 benedixit,
2867 2039 2923 2079 et
2960 2024 3181 2079 indutus
3215 2039 3372 2079 erant
3418 2022 3663 2092 judicium,
3682 2034 3716 2074 ιι

2194 2112 2562 2169 circumdatus
2591 2115 2847 2184 aequitate
2877 2132 2890 2167 :
2916 2129 3016 2185 ego
3042 2129 3191 2168 eram
3212 2113 3411 2170 oculus
3435 2128 3660 2168 caecorum
3678 2120 3713 2164 et

2194 2219 2288 2275 pes
2319 2204 2637 2259 claudorum
2665 2221 2680 2260 :
2706 2219 2806 2275 ego
2861 2204 3242 2274 impotentium
3298 2214 3469 2276 pater,
3495 2205 3708 2259 examina-

2196 2298 2318 2350 liam
2357 2284 2702 2349 cattsas‘siue
2753 2295 3071 2364 exceptione
3098 2304 3151 2349 et
3176 2296 3520 2365 confringens
3556 2292 3710 2363 injuste-

2196 2403 2314 2442 ruin
2360 2386 2551 2453 molas,
2576 2386 2888 2442 auferebam
2932 2385 3149 2457 rapinas
3179 2387 3249 2441 de
3285 2387 3475 2442 mediis
3524 2386 3707 2440 dentibus

2194 2492 2407 2533 eorum.

2268 2574 2355 2627 ll.
2392 2571 2639 2643 Cumque
2696 2572 2938 2627 totus‘ad
2988 2572 3105 2627 lizec
3161 2578 3397 2626 eotenus
3452 2567 3701 2638 immigraret

2192 2664 2364 2719 ofﬁcia
2392 2706 2408 2731 ,
2435 2674 2497 2720 ut
2538 2666 2624 2720 vix
2651 2666 2787 2720 satis
2816 2666 2911 2721 otii
2972 2665 3329 2734 suppeditare
3379 2662 3492 2718 aliis
3517 2657 3697 2715 institutis

2194 2758 2416 2826 pietatis
2464 2746 2529 2812 ac
2572 2757 2848 2826 religionis
2896 2773 3054 2827 posse
3100 2766 3424 2827 putaretur;
3476 2756 3537 2808 ita
3578 2762 3694 2804 tamen

2196 2864 2358 2904 aurea
2390 2849 2527 2903 idem
2552 2858 2756 2903 statera
2787 2864 3051 2903 summam
3084 2862 3267 2919 rerum
3297 2859 3417 2902 erat
3441 2845 3693 2902 solStusen-

503 2937 683 2992 smcttli
720 2939 1053 3009 voluptates;
1100 2941 1293 3009 opibus
1317 2958 1464 3008 vero,
1492 2960 1612 3013 quae
1654 2946 1834 3001 verius
1856 2961 2092 3016 occupa-
2118 2930 2164 2990 ο
2198 2940 2424 3005 minam.
2449 2949 2508 2994 ιιι
2539 2954 2691 3014 Mille
2726 2939 2777 2993 ίιι
2810 2938 2981 2993 alter“
3010 2954 3129 2993 fam
3158 2949 3376 3009 Panem
3433 2950 3580 3008 Μεθ’
3606 2945 3684 2986 cum

506 3018 841 3084 tiones‘snnt
868 3029 1132 3094 dicendae,
1166 3034 1586 3087 renuucieinus:
1616 3036 1698 3089 his
1713 3037 1860 3090 enim
1892 3038 2095 3092 admis-

505 3120 786 3182 sis,'bona
838 3107 1021 3175 omnia
1065 3121 1470 3177 snbvertuntur.
1510 3126 1714 3194 Exigua
1748 3143 1910 3198 porro
1942 3140 2091 3195 sunt,

502 3226 623 3280 qua:
652 3211 705 3265 in
734 3211 953 3266 tutelam
985 3213 1219 3267 hominis
1269 3218 1570 3270 necessaria
1620 3228 1766 3284 sunt,
1801 3235 1918 3289 qure
1948 3220 2090 3274 desi-

502 3303 667 3358 deriis
696 3304 939 3373 corporis
959 3306 1093 3369 satis
1116 3303 1293 3360 facere
1315 3318 1537 3377 possunt
1561 3324 1574 3361 :
1609 3309 1749 3364 facili
1785 3319 2090 3380 tegnmento

501 3394 855 3450 submovetur
889 3395 1081 3469 frigus,
1113 3397 1388 3454 alimentis
1412 3402 1636 3457 modicis
1661 3402 1832 3460 fames
1864 3412 2089 3460 sedatur

499 3475 701 3541 et'sitis
733 3503 751 3544 :
780 3503 886 3543 non
912 3498 993 3544 est
1016 3490 1158 3555 quod
1186 3503 1436 3546 naturam
1464 3510 1709 3561 accuses,
1728 3499 1931 3566 passim
1963 3513 2092 3567 quo-

499 3578 603 3646 que
628 3587 681 3632 et
706 3579 956 3653 omnibus
982 3578 1113 3634 locis
1137 3578 1555 3651 jacent,qnibus
1585 3593 1637 3638 te
1662 3589 1866 3641 nutrire
1897 3598 2072 3657 potes.

500 3668 638 3736 Quid
667 3670 901 3745 denique
932 3678 1019 3724 tua
1040 3670 1314 3734 intererit,
1334 3672 1377 3726 si
1410 3675 1692 3743 esquisitis
1723 3688 1809 3731 art
1834 3676 1931 3732 bus
1962 3695 2089 3735 ven-

501 3760 567 3813 tri
592 3760 863 3815 serviatur
888 3770 943 3815 et
973 3760 1096 3831 gula
1126 3761 1394 3829 irritctur,
1418 3762 1731 3820 stomachus
1758 3766 2089 3838 impleatur?

500 3867 607 3906 non
648 3854 738 3906 diu
769 3852 868 3907 ista
923 3852 1073 3908 ﬁent.
1119 3853 1515 3924 llospitabundi
1557 3859 1659 3925 hic,
1694 3860 1802 3915 imo
1846 3862 2087 3932 hosp'tes

500 3958 716 4009 sumus;
746 3942 799 3996 in
844 3942 1023 3999 alieno
1069 3960 1372 4002 manemus.
1421 3949 1514 4003 Vis
1542 3951 1789 4019 probare.
1821 3939 2085 4023 Esspecta

499 4050 708 4103 parum,
735 4044 790 4091 et
820 4036 1219 4106 parteluxuriae
1248 4048 1302 4094 et
1337 4040 1519 4096 dilecti
1547 4044 1763 4112 penitus
1804 4045 2086 4101 oblivisce-

502 4126 577 4205 ris
604 4127 840 4199 hospitii.
864 4129 1215 4201 Corrigamus
1253 4144 1455 4201 errata,
1479 4136 1674 4204 quibus
1696 4134 1830 4188 satis
1859 4135 2086 4190 indulsi-

501 4232 622 4271 mus
654 4232 669 4271 :
704 4217 988 4274 redeamus
1014 4222 1080 4275 ad
1104 4221 1330 4277 limitem
1372 4235 1615 4279 nostrum
1662 4226 1958 4288 Christum,
1991 4228 2080 4296 qui

501 4323 602 4361 nos
628 4324 817 4364 errare
851 4326 955 4365 non
988 4313 1247 4381 patietur;
1310 4313 1363 4367 in
1387 4331 1493 4383 quo
1529 4318 1619 4384 qui
1651 4315 1865 4373 fortiter
1896 4320 2083 4371 ambu-

500 4398 601 4463 lat,
629 4416 733 4454 non
760 4399 1018 4467 otl'cndit;
1046 4404 1133 4471 qui
1164 4404 1491 4460 concitatius
1513 4406 1828 4473 fertur,non
1856 4409 2083 4476 labitur;

502 4491 557 4544 in
586 4506 695 4560 quo
721 4490 926 4546 nullum
981 4492 1237 4548 velocitas
1270 4497 1473 4563 patitur
1524 4498 1883 4552 intervallum.
1945 4499 2085 4553 Ecce

503 4581 713 4634 militiae
756 4597 1005 4651 supernae
1036 4585 1361 4656 adscriptas,
1398 4588 1465 4641 ad
1497 4589 1750 4644 donativa
1780 4584 2091 4661 recipienda

507 4688 608 4726 nos
638 4674 769 4727 citat
803 4691 816 4726 :
853 4675 1090 4746 ingentia
1112 4688 1258 4743 sunt,
1293 4688 1351 4732 ut
1386 4680 1642 4747 diximus,
1675 4691 1726 4736 ct
1761 4696 1915 4752 teque
1951 4663 2089 4737 divi-

502 4781 595 4828 na,
625 4782 744 4835 quae
771 4782 869 4838 pro
899 4777 1044 4823 tanta
1099 4770 1254 4827 nobis
1296 4771 1636 4840 expeditione
1666 4774 1970 4842 promittit:
2005 4775 2090 4828 ni-

504 4859 580 4935 hil
612 4857 813 4915 frustra
844 4862 1196 4927 tentabimus,
1232 4863 1363 4918 nihil
1412 4866 1841 4934 prohibebimut‘.
1892 4865 2085 4920 Omnia

500 4952 711 5015 cedent,
742 4955 923 5009 omnia
963 4956 1331 5025 obsequuntur
1357 4974 1372 5012 :
1403 4959 1475 5011 ita
1526 4960 1741 5028 quidem
1770 4957 2087 5015 famulatum

503 5043 753 5112 imperio,
783 5048 1103 5103 servitutem
1133 5048 1401 5115 libertate,
1427 5046 1537 5117 jam
1574 5067 1679 5105 non
1702 5052 1942 5105 mutandi
1967 5067 2086 5106 mu-

507 5146 765 5192 tantmus.

1126 5224 1472 5309 carurin.

506 5357 663 5402 (21“!!!
799 5362 942 5402 [ιιρῆ
968 5366 1020 5402 δη
1048 5368 1358 5402 ηηηοὶΙῖι-ηηι
1421 5366 1509 5402 ΓΜ
1532 5377 1597 5402 «In
1649 5369 1703 5402 δη
1748 5383 1860 5402 ροηδε
1911 5386 2083 5402 ηομ-ιι-

2195 3030 2556 3086 admiratione
2582 3029 2823 3083 omnium
2848 3038 3057 3084 mentes
3088 3037 3143 3084 et
3163 3028 3358 3084 oculos
3380 3029 3592 3081 llecterct.
3619 3019 3684 3074 Se-

2194 3129 2340 3190 ptem
2387 3119 2642 3175 nimirum
2697 3119 2984 3173 Antistites
3011 3158 3027 3182 ,
3057 3118 3213 3188 quasi
3263 3117 3505 3171 artiﬁces
3545 3122 3585 3167 et
3614 3108 3692 3160 ﬁla

2193 3212 2444 3266 humanm
2466 3212 2718 3267 custodes
2746 3211 2849 3283 (sic
2877 3211 3021 3265 enim
3047 3210 3278 3266 decebat
3313 3218 3375 3263 ut.
3391 3221 3530 3263 suum
3552 3201 3698 3258 habita-

2196 3311 2369 3359 torem
2405 3302 2729 3368 Paraclitns,
2758 3303 3022 3356 donorum
3052 3316 3274 3372 suorum
3337 3316 3396 3355 re
3441 3308 3489 3353 et
3535 3303 3698 3349 numero

2192 3396 2838 3467 potentem,ostenderet)
2868 3394 2985 3466 lege
3016 3382 3691 3463 niagistrante,consecravit:

2197 3488 2391 3557 quibus
2422 3485 2794 3556 pectusculum
2815 3496 2867 3540 et
2886 3485 3246 3556 separationis
3276 3484 3393 3539 bra.
3414 3482 3543 3537 liium
3566 3479 3695 3530 dexte-

2195 3593 2313 3630 rum
2346 3578 2674 3648 obtiugerct,
2713 3586 2772 3631 ut
2824 3577 3134 3632 sacerdotes
3161 3584 3369 3640 essent,
3400 3582 3456 3628 ut
3496 3571 3551 3625 ad
3576 3564 3695 3621 Demi-

2191 3671 2372 3724 nicum
2426 3670 2597 3724 altare
2646 3670 3025 3736 ascenderem,
3059 3680 3118 3722 ut
3161 3668 3485 3723 sacriﬁcium
3524 3660 3693 3716 salutare

2189 3761 2450 3817 olferrent
2484 3779 2496 3815 :
2536 3763 2626 3831 qui
2653 3772 2838 3816 essent
2868 3761 3009 3831 pleni
3034 3758 3439 3829 scientia,pleni
3463 3750 3691 3823 diligenti.

2189 3852 2750 3922 pleni'inagn’tudine,
2783 3852 2923 3922 pleni
2957 3852 3083 3917 ﬁde,
3116 3852 3257 3922 pleni
3281 3849 3425 3905 omni
3464 3844 3610 3901 divina
3640 3840 3692 3890 itr

2188 3943 2501 4014 telligcntia,
2557 3943 2665 3998 into
2717 3943 3146 4013 pleniomnium
3207 3942 3458 3997 virtuzum
3507 3928 3691 3990 Dei.llos

2188 4036 2420 4106 denique
2448 4037 2905 4106 opportunissimo
2933 4050 3156 4091 munere
3182 4035 3249 4090 ad
3280 4032 3571 4090 audiendum
3609 4035 3690 4076 catl-

2188 4145 2275 4183 sas
2306 4130 2356 4182 in
2383 4129 2647 4198 judiciiac
2670 4128 3002 4185 defensionis
3024 4130 3418 4198 possessionem
3446 4114 3684 4178 constituit.

2189 4230 2247 4274 ut
2290 4222 2340 4275 iu
2376 4220 2647 4289 Ecclesia,
2677 4222 2936 4277 doctrinm
2965 4223 3150 4289 verbo,
3182 4219 3521 4275 sollicitudine
3556 4207 3689 4271 nailta,

2192 4312 2494 4383 vigilirrum
2546 4312 2728 4368 labore
2776 4314 3120 4383 peccantium
3168 4308 3567 4367 benevolentiam
3617 4295 3686 4351 sibi

2191 4401 2578 4466 conciliarent;
2613 4402 2826 4457 ducturi
2854 4419 2949 4458 eos
3001 4404 3179 4475 potius
3216 4402 3360 4456 illum
3386 4396 3519 4466 sequi
3552 4385 3687 4445 trami-

2193 4504 2321 4560 tem,
2347 4510 2441 4564 pcr
2470 4510 2629 4562 quem
2670 4504 2888 4566 possent
2920 4496 2986 4549 ad
3020 4496 3132 4550 veri
3179 4494 3268 4549 Dei
3317 4492 3555 4551 notitiam,
3583 4476 3684 4533 unde

2190 4585 2485 4637 discessum
2520 4580 2714 4650 fuerat,
2732 4586 3037 4653 pervenire.
3067 4583 3223 4638 Tales
3245 4583 3428 4653 quippe
3457 4569 3680 4630 antistites

2188 4672 2388 4727 Praesal
2449 4674 2760 4742 pt‘xsnlum,
2809 4674 3125 4742 pontiﬁcum
3173 4670 3432 4734 Pontifex,
3478 4655 3681 4716 Sacerdos

2189 4763 2555 4829 Sacerdotum,
2600 4764 2906 4834 principum
2953 4763 3234 4833 Princeps,
3270 4762 3375 4815 Res
3411 4767 3579 4826 regum,
3603 4746 3677 4798 Do-

2191 4842 2364 4910 minus
2389 4855 2730 4911 dominorum
2751 4857 2816 4910 ad
2844 4854 3067 4910 ferenda
3088 4870 3218 4909 vasa
3250 4850 3501 4908 Doininica
3521 4840 3676 4913 prola',

2188 4947 2322 5000 nihil
2356 4946 2664 5013 remissum,
2690 4946 2824 5000 nihil
2868 4944 3190 5002 dissolutum
3236 4945 3494 5003 habentes,
3528 4926 3675 4984 nullum

2189 5038 2404 5103 animm,
2432 5038 2635 5092 nntium
2660 5037 2907 5108 corporis
2950 5037 3161 5106 lapsum
3212 5021 3678 5112 exstimescentrsf“

2194 5129 2299 5182 sint
2344 5130 2517 5182 sancti
2550 5142 2775 5200 corpore
2797 5138 2851 5183 et
2880 5128 3095 5197 spiritu,
3125 5137 3183 5179 ut
3206 5122 3380 5195 magni
3412 5121 3620 5173 Vticentur
3640 5117 3675 5154 LI

2192 5233 2355 5287 regno
2387 5218 2671 5273 calorum.
2716 5217 2994 5271 Neminem
3031 5231 3162 5284 ergo
3187 5231 3252 5270 ex
3304 5216 3381 5269 bis
3411 5204 3675 5264 communem

2188 5307 2390 5373 (essent
2412 5308 2555 5360 enim
2586 5306 2898 5377 multorum)
2944 5304 3037 5360 sed
3065 5304 3231 5358 solius
3274 5302 3382 5368 Dei,
3404 5310 3455 5353 ut
3487 5287 3675 5402 sffl‘ar“:
