3936 5402
230 298 367 354 1509

1196 298 1349 354 ΥΙΤᾹ
1386 297 1442 354 S.
1487 298 1664 356 LUCII
1700 297 1907 355 -ΡΑΡιΕ
1952 297 2037 353 ιτ
2078 298 2457 356 ΜᾹίὶΤΥΙὶΞδ.

3359 314 3495 370 {310

228 414 460 470 orationi
501 424 777 483 vacarent,
816 414 885 472 de
927 414 1183 472 invisibili
1235 418 1390 472 hoste
1440 416 1805 486 triumpharet
1832 417 1880 476 A
1905 427 2055 469 sores
2084 412 2378 470 Christiani
2413 416 2651 473 nominis
2676 416 3033 489 impellebant
3068 436 3083 476 ε
3115 420 3241 477 inde
3266 437 3367 493 per
3407 423 3495 482 lo-

227 507 475 578 populus,
504 517 561 562 ut
583 508 848 578 pessimos
871 509 1227 576 Amalecitas,
1264 510 1537 567 daemones
1582 509 1811 579 scilicet,

230 600 300 653 ab
334 600 449 668 ipsa
475 601 662 670 procul
692 602 927 662 statione
959 602 1304 657 submoveret
1332 617 1346 665 ;
1379 617 1467 668 ne,
1495 601 1541 656 si
1583 601 1814 657 desiste-

229 697 372 756 rent,
404 705 702 759 manusque
732 690 1092 757 dimitterent,
1128 690 1280 745 fundi
1314 706 1373 746 se
1404 690 1639 746 victores
1664 706 1695 745 a
1732 692 1813 745 vi-

229 783 351 849 ctis,
394 782 776 853 redintegratis
822 783 1021 839 iterum
1055 782 1384 853 legionibus,
1424 784 1811 851 persentirent.

304 873 391 928 12.
415 874 750 928 Servabatur
771 875 1194 944 prteterea-apud
1216 889 1329 941 eos,
1362 875 1416 928 in
1448 876 1812 929 sacrosanctis

229 965 546 1020 ministeriis
575 966 833 1037 singulari
881 976 1141 1037 apparatu
1194 966 1579 1037 exsequendis,
1614 966 1813 1021 consti-

230 1058 457 1114 tutionis
487 1058 875 1114 ecclesiasticae
903 1074 1019 1115 tttos
1054 1060 1313 1132 antiquus
1352 1074 1516 1113 :nam
1549 1070 1603 1114 et
1654 1058 1809 1113 mini-

229 1159 465 1206 strorum
503 1151 910 1221 conStipabatur
942 1165 1137 1220 uiagna
1185 1151 1400 1221 quidem
1432 1158 1489 1205 et
1536 1149 1672 1204 felici
1701 1148 1811 1204 fre-

230 1244 473 1313 quentia,
502 1259 625 1299 cum
656 1252 802 1299 esset
827 1244 895 1298 ad
944 1244 1125 1297 divina
1160 1253 1371 1298 secreta
1420 1242 1680 1298 solemnis
1716 1257 1809 1296 ac-

230 1347 448 1401 cessus;
474 1342 530 1389 et
555 1334 820 1407 legalibus
859 1336 1211 1403 indumentis,
1239 1351 1358 1409 qua:
1379 1344 1604 1405 possent
1660 1334 1812 1390 inau‘

230 1439 426 1496 gurato
447 1427 688 1497 pontiﬁci
722 1428 970 1485 obvelata
1008 1428 1145 1483 faeie
1175 1430 1369 1483 lituum
1408 1428 1710 1498 exprobare
1732 1427 1808 1500 (I)

229 1519 314 1574 vel
346 1536 626 1589 coronam,
652 1522 753 1578 etsi
784 1522 987 1578 mentis
1029 1521 1216 1577 habitu
1247 1520 1512 1578 ornatiori
1554 1521 1813 1593 insignie-

229 1612 409 1667 batur.
447 1614 741 1670 Adinvenit
788 1614 954 1669 etiam
998 1615 1083 1669 vir
1133 1614 1565 1670 studiosissimus
1605 1622 1812 1668 vestem

232 1705 338 1761 illis
363 1707 635 1775 omnibus,
660 1718 718 1762 ut
739 1706 1140 1763 oblectamento
1174 1706 1437 1761 luminum
1455 1715 1511 1760 et
1536 1705 1811 1778 diligentia

1915 519 2035 559 rum
2061 512 2117 558 et
2142 514 2318 559 rostra
2370 507 2661 577 pepulares
2690 526 2963 581 quosque,
3007 521 3066 568 ut
3109 511 3228 581 ejus
3269 516 3494 574 sceleris

1914 594 2182 663 homines,
2200 606 2402 665 quanto
2416 598 2657 655 valerent
2677 603 2881 666 studio,
2903 606 3493 680 eonvenirent,eosque

1914 687 1999 743 vel
2051 689 2332 744 acerrimis
2385 692 2694 749 stimulatos
2749 695 2914 763 odiis,
2962 696 3047 752 vel
3100 698 3243 755 datis
3300 702 3494 770 opibus

1917 790 2191 852 acceptos,
2225 782 2292 837 ad
2325 782 2631 852 huiusmodi
2664 787 2984 857 qurestionis
3003 791 3315 860 prtesidium
3346 808 3498 849 eom-

1911 884 2185 943 parareut.
2220 874 2298 929 Ex
2341 876 2424 930 his
2454 885 2635 931 autem
2666 878 2956 935 instructis
3014 883 3266 951 testibus,
3304 893 3363 940 et
3409 901 3496 940 ac-

1912 965 2257 1021 cusatoribus
2286 966 2583 1035 institutis,
2613 981 2971 1042 prorumpunt
2999 972 3050 1027 itt
3073 974 3305 1041 curiam,
3342 977 3495 1032 voci-

1911 1052 2144 1123 ferante,
2177 1057 2394 1127 quidem
2425 1058 2793 1126 multitudine,
2821 1077 2883 1117 se
2914 1064 3132 1120 venisse
3184 1064 3511 1137 interpella-_

1914 1157 2062 1203 turos
2097 1164 2355 1204 ett-sarem
2410 1167 2475 1205 ac
2521 1161 2770 1207 senatum
2811 1167 2827 1207 :
2867 1153 3054 1210 dicunt
3100 1171 3326 1212 causam
3377 1156 3495 1215 fere

1912 1242 2259 1298 minuendam
2283 1243 2499 1313 penitus
2530 1244 2829 1314 maiestatis
2856 1256 2909 1302 et
2959 1248 3211 1305 tollendae
3243 1250 3497 1321 reipubli-

1913 1349 2011 1401 αι),
2035 1335 2137 1391 nisi
2160 1336 2434 1405 provisum
2458 1339 2730 1408 extemplo
2760 1336 2923 1395 fuerit
2952 1357 2966 1394 :
2991 1351 3278 1412 propterea
3305 1358 3498 1413 super-

1914 1426 2211 1481 sedendum
2257 1425 2379 1483 aliis
2404 1429 2656 1484 omnibus
2682 1438 2956 1501 oportere,
2988 1441 3043 1487 et
3092 1430 3412 1501 coniugibus
3439 1440 3497 1486 et

1917 1518 2237 1585 liberis,aris
2265 1529 2427 1590 atque
2455 1519 2956 1594 foeis,maximeque
2978 1525 3081 1581 diis
3104 1526 3499 1582 immortalibus

1915 1614 2339 1680 consulendum,
2396 1600 2807 1686 cavendumque
2864 1632 2952 1683 ne,
3003 1633 3126 1672 cum
3178 1618 3499 1689 improvisos

1918 1705 2070 1763 ruina
2105 1705 2675 1776 prmeepsinvolverit,
2707 1707 2908 1763 frustra
2961 1708 3035 1764 dii
3092 1708 3451 1780 implorentur
3480 1722 3499 1757 :
3572 1772 3579 1779 ί

231 1808 523 1866 cresceret,
558 1800 858 1866 meliorem,
895 1800 981 1855 cui
1009 1815 1204 1855 nomen
1256 1799 1547 1855 dalmatica
1578 1799 1656 1871 (9.)
1678 1809 1761 1857 est
1795 1819 1807 1856 :
1845 1812 1888 1867 Β
1916 1799 2006 1869 qui
2045 1808 2307 1868 quantum
2357 1797 2538 1856 infesti
2572 1809 2699 1855 sunt
2727 1815 2916 1856 eorum
2945 1817 3098 1857 sacra
3152 1802 3498 1871 violantibus,

231 1902 353 1956 quae
378 1904 497 1944 eum
525 1906 623 1961 per
646 1905 723 1953 se,
760 1900 871 1945 tum
915 1906 983 1946 ex
1016 1892 1275 1963 dignitate
1323 1893 1646 1967 sacerdotii,
1683 1910 1811 1964 pre-

234 1980 426 2039 tiosior
468 1991 589 2054 toga
616 1984 781 2053 picta,
809 1983 1043 2053 palmata
1075 1986 1152 2055 (5)
1186 1986 1384 2053 tunica,
1435 2002 1814 2058 purpureoque

233 2075 420 2145 sagulo
459 2075 534 2146 (4)
563 2077 773 2132 clavato
803 2076 876 2131 lib
898 2076 1001 2133 ulis
1030 2078 1212 2134 aureis
1252 2078 1571 2149 apparebat.
1616 2080 1815 2151 liuius-

236 2160 380 2222 modi
411 2177 590 2223 autem
642 2168 826 2223 utendi
884 2168 1063 2226 levitis
1088 2171 1253 2225 etiam
1304 2181 1629 2242 potestatem
1663 2172 1809 2229 fecit.

235 2261 311 2315 Ita
340 2260 424 2314 vir
454 2259 765 2331 singularis,
793 2275 902 2316 non
931 2263 1090 2317 modo
1140 2264 1360 2330 virtute,
1394 2266 1729 2333 constantia,
1760 2276 1818 2323 et

239 2352 525 2422 gravitate,
559 2367 745 2408 verum
784 2355 1125 2409 ornamentis
1164 2354 1467 2425 insignibus
1524 2358 1805 2427 praeditus,

239 2458 357 2495 cum
387 2442 475 2499 illo
502 2443 765 2512 stipatore
806 2458 904 2500 suo
951 2454 1163 2514 senatu,
1197 2455 1324 2502 ante
1365 2462 1452 2503 res
1500 2446 1713 2504 divinas
1761 2460 1817 2505 et

237 2538 685 2594 ceremoniarum
718 2553 895 2606 saera,
916 2540 981 2595 de
1010 2542 1239 2596 sacratis
1269 2542 1498 2613 legibus,
1529 2543 1595 2598 de
1619 2546 1817 2601 tabulis

147 2627 161 2637 ’
236 2630 593 2699 'l'estamcnti,
627 2631 693 2688 de
733 2631 1016 2705 privilegio
1046 2633 1319 2705 Evangelii
1374 2635 1682 2693 sitientilms
1717 2655 1815 2709 po-

235 2730 377 2801 pulis
400 2732 625 2786 daturas
662 2731 784 2783 vitae
810 2727 1009 2783 fluenta
1040 2730 1365 2800 procedebat
1392 2743 1407 2782 :
1436 2738 1493 2783 ut
1518 2732 1817 2786 auctorita-

237 2834 349 2879 tem
376 2824 692 2879 indumenta
726 2822 1080 2893 pontiﬁcalia,
1107 2821 1265 2876 ﬁdem
1294 2823 1440 2877 sacri
1467 2825 1615 2880 verbi
1660 2829 1816 2896 copia

235 2915 460 2982 faceret,
481 2914 607 2970 dum
623 2914 900 2969 civitatem
931 2914 1156 2968 fractam
1175 2913 1349 2981 malis,
1369 2914 1630 2984 abiectam
1648 2926 1815 2983 metu,

237 3008 572 3063 debilitatam
602 2992 837 3082 luxuria,
871 3006 937 3063 ad
973 3020 1123 3076 spem
1168 3005 1409 3062 emlestis
1440 3007 1718 3079 dignitatis
1764 3020 1821 3065 et

238 3096 509 3153 libertatis
530 3105 700 3153 certat
728 3097 956 3167 erigere.
994 3097 1084 3152 Sic
1110 3095 1378 3167 profecto,
1402 3099 1547 3168 quod
1569 3086 1842 3158 mirabile

237 3191 409 3246 videri
433 3198 703 3262 potuerat,
732 3190 991 3243 diuturno
1020 3189 1207 3245 labore
1262 3190 1451 3262 religio
1498 3191 1637 3247 inter
1701 3194 1816 3265 ipsa

239 3280 448 3333 scelera
473 3278 663 3345 valuit,
703 3288 762 3333 ut
787 3278 1045 3349 legitimis
1080 3280 1281 3347 verbis,
1310 3284 1657 3339 sermonibus
1686 3276 1820 3341 libe-

240 3370 349 3436 ris,
378 3369 580 3423 Christi
618 3384 815 3424 nomen
838 3379 891 3424 et
925 3370 1057 3426 lides
1079 3371 1300 3426 vicatim
1352 3381 1464 3430 tota
1509 3374 1655 3432 Urbe
1685 3377 1814 3435 cele-

240 3458 509 3514 braretur.

314 3552 404 3608 15.
442 3552 523 3606 Ad
552 3552 668 3607 haec
715 3551 1000 3623 pontiﬁces
1022 3553 1303 3626 iCapitolii,
1338 3557 1582 3627 gregales
1623 3559 1824 3615 da‘mo-

243 3660 372 3699 num
399 3685 416 3712 ,
457 3644 692 3714 procella
749 3644 960 3715 patriae,
994 3646 1151 3699 turbo
1182 3648 1356 3715 pacis,
1382 3659 1677 3717 tempestas
1699 3653 1818 3719 otii,

241 3724 402 3792 omne
427 3737 624 3804 scelus,
645 3752 806 3793 omne
835 3738 1007 3805 nefas,
1036 3753 1250 3793 onmem
1281 3738 1673 3797 discordiarum
1727 3744 1823 3799 im-

242 3837 447 3898 petum,
474 3842 662 3884 onmcs
703 3827 937 3898 denique
989 3829 1206 3883 invidiae
1244 3828 1392 3886 faces
1419 3840 1474 3886 et
1518 3834 1627 3888 odii
1661 3850 1825 3891 vene-

243 3918 354 3972 nati
390 3918 494 3973 tela
527 3916 733 3972 nefaria
787 3925 989 3972 temere
1025 3916 1341 3985 turbulenti,
1384 3934 1479 3990 per
1507 3922 1615 3976 vim
1660 3932 1821 3994 atque

244 4010 483 4066 furorem
539 4009 593 4064 in
655 4009 938 4080 prmsulem
992 4009 1217 4064 Lucium
1268 4010 1694 4081 intorquebant:
1728 4017 1820 4085 qui

243 4102 310 4157 de
342 4111 564 4173 repente
593 4111 704 4157 tota
755 4101 899 4156 Urbe
950 4102 1032 4157 sui
1068 4102 1209 4172 iuris
1237 4100 1499 4159 fanaticos
1523 4146 1537 4170 ,
1576 4107 1820 4162 Omnium

239 4194 589 4252 delubrorum
622 4190 963 4264 quisquilias,
992 4191 1060 4247 ad
1111 4188 1503 4261 conjurandum
1535 4193 1588 4248 in
1620 4196 1821 4266 proles

314 4348 395 4422 (I)
435 4350 492 4406 ld
522 4360 606 4422 est
629 4350 843 4406 ellicere
889 4360 947 4422 ut
975 4365 1112 4421 papa
1141 4350 1420 4422 Romanus
1470 4350 1549 4404 sie
1602 4350 1823 4406 indutus

244 4421 415 4476 nihilo
456 4421 683 4477 inferior
729 4421 907 4492 quoad
942 4432 1192 4476 ornatum
1238 4421 1517 4492 videretur
1566 4422 1822 4492 pontiﬁce

246 4493 493 4546 maximo
528 4489 819 4548 idolorum.
851 4491 1143 4548 Pontiﬁces
1179 4502 1356 4546 autem
1391 4489 1649 4559 profanos
1698 4491 1816 4548 illos
1848 4499 1895 4560 υ

250 4563 472 4627 autumi,
503 4571 693 4616 statuae
744 4563 959 4631 aliaque
1009 4563 1272 4631 ejusmodi
1320 4561 1660 4631 antiquitatis
1702 4563 1809 4618 lio-

246 4649 421 4687 mana:
444 4642 791 4688 monumenta
813 4635 1071 4689 exhibent
1101 4634 1278 4688 velato
1309 4634 1485 4700 capite
1508 4648 1603 4702 per
1627 4644 1809 4701 poste-

248 4703 446 4759 riorem
480 4713 614 4773 toga:
662 4714 867 4772 partem
913 4719 1127 4758 sursum
1159 4713 1448 4757 attractam
1480 4719 1493 4755 :
1523 4705 1712 4757 eadem
1748 4704 1814 4757 Ι.-

248 4786 421 4837 tuum,
450 4790 544 4828 seu
573 4773 821 4827 baculum
849 4774 1182 4846 auguralem,
1208 4788 1352 4841 smpe
1402 4782 1814 4846 repressentaut,

245 4846 577 4915 pontiﬁcium
605 4853 880 4914 gestamen
913 4844 1087 4911 {item
1118 4858 1371 4898 coronam
1397 4858 1413 4908 ;
1446 4844 1694 4915 quamvis
1717 4860 1817 4914 pro

247 4914 348 4970 hac
378 4916 430 4969 in
473 4930 574 4967 ms.
601 4916 778 4985 potius
807 4915 908 4985 legi
941 4916 1183 4968 videatur
1207 4930 1392 4980 cornu,
1418 4914 1573 4985 cuius
1601 4928 1707 4969 non
1740 4917 1817 4970 vi-

247 4988 347 5041 deo
376 4985 497 5056 quis
528 4985 692 5040 fuerit
721 4986 773 5040 in
804 4987 976 5040 sacris
1006 5000 1151 5040 usus.

274 5062 281 5069 ’
318 5056 396 5127 (2)
436 5056 508 5109 Ea
539 5058 722 5111 tunica
764 5058 1031 5111 manicata
1084 5063 1195 5120 est;
1229 5056 1383 5125 cuius
1430 5065 1487 5111 et
1528 5071 1722 5127 nomen
1766 5066 1821 5111 ct

246 5126 405 5182 usum
449 5126 634 5181 volunt
664 5144 694 5181 e
733 5128 992 5182 Dalmatia
1029 5126 1249 5180 ﬂuxisse
1281 5144 1294 5179 :
1326 5132 1428 5181 liae
1471 5129 1547 5181 uti
1601 5126 1817 5189 solitam

243 5198 585 5253 Pertinacetn
612 5198 989 5267 imperatorem
1020 5196 1212 5252 scribit
1246 5198 1559 5253 Dominietts
1603 5198 1821 5267 Magi-us

245 5270 298 5323 itt
348 5269 536 5339 nOIitta
569 5266 945 5339 vocabulorum
996 5266 1518 5339 ecclesiasticorum.
1554 5270 1620 5322 Et
1645 5266 1818 5339 primo

243 5339 451 5376 anillam
508 5338 671 5376 innuit
712 5337 1031 5378 \an.J’n-i.luc
1088 5338 1286 5380 Sit-nim
1344 5342 1483 5380 :tmnl
1532 5337 1819 5382 “pluvium

1918 1898 2126 1943 tantum
2154 1889 2316 1944 etiam
2340 1889 2524 1945 ulcisci
2554 1891 2877 1947 nolentibus.
2909 1893 3033 1949 Ilznc
3064 1909 3164 1950 vox
3196 1910 3303 1951 non
3341 1896 3501 1952 modo

1916 1981 2127 2036 senatui
2173 1990 2227 2036 et
2284 1976 2496 2038 cwteris
2549 1983 2924 2053 dignitatibus,
2963 1987 3057 2042 sed
3109 1985 3239 2042 Urbi
3293 1996 3349 2043 et
3400 1988 3498 2057 ipsi

1917 2073 2143 2138 ctesari,
2200 2087 2399 2142 pavore
2445 2074 2662 2131 incusso
2708 2116 2724 2140 ,
2762 2077 2926 2131 animi
2995 2078 3364 2134 fortitudinem
3403 2095 3502 2134 ex-

1918 2165 2215 2236 pOClOI‘atll
2269 2185 2283 2220 :
2340 2162 2633 2238 statimque
2684 2168 2808 2236 illis,
2839 2182 2896 2224 ut
2927 2170 3094 2227 libere
3123 2187 3244 2243 qua:
3284 2171 3501 2239 vellent,

1919 2258 2156 2313 dicerent
2189 2258 2241 2313 iu
2281 2257 2430 2315 Jovis
2457 2260 2620 2329 atrio,
2645 2258 2855 2317 faciunt
2900 2272 3243 2333 potestatem.
3296 2262 3505 2320 Senatu

1920 2349 2066 2413 dztto,
2101 2349 2371 2405 maximus
2400 2364 2465 2404 ex
2498 2351 2607 2419 his,
2642 2360 2698 2408 et
2726 2352 2987 2423 dignitate
3027 2362 3084 2408 et
3109 2363 3235 2407 natu
3271 2371 3285 2409 :
3316 2372 3335 2406 ‹
3371 2352 3506 2411 Utar

1921 2437 1959 2508 (i
1988 2439 2139 2508 .quit)
2174 2455 2296 2494 meo
2332 2440 2458 2508 iure
2485 2443 2724 2509 dicendi,
2756 2444 2957 2511 Cmsar,
2985 2458 3119 2514 pace
3148 2446 3365 2515 quidem
3416 2455 3504 2500 tua

1920 2543 1974 2588 et
2004 2536 2380 2606 magistratus,
2412 2538 2555 2607 quod
2586 2537 2800 2609 Jupiter
2827 2540 3063 2610 optimus
3103 2540 3374 2596 maximus
3401 2539 3506 2595 hac

1920 2626 1973 2681 in
2006 2628 2120 2682 aede
2148 2630 2323 2699 primo
2354 2629 2704 2698 pontiﬁcibus
2751 2640 2806 2687 et
2846 2632 3084 2701 regibus,
3116 2632 3238 2687 dein
3267 2632 3508 2689 consulis

1921 2720 2046 2786 bus,
2081 2722 2298 2776 tandem
2358 2722 2514 2779 vobis
2561 2724 2771 2794 privato
2802 2724 3044 2779 creditur
3093 2734 3506 2783 auctoramento

1921 2812 2153 2867 cessisse
2195 2829 2209 2865 :
2253 2828 2431 2883 neque
2460 2814 2605 2868 enim
2647 2814 2921 2870 sententia
2953 2830 3074 2870 mea
3106 2814 3269 2872 aliter
3314 2825 3504 2872 contra

1924 2920 2038 2971 vos,
2070 2922 2232 2974 quant
2262 2921 2360 2974 pro
2415 2907 2567 2962 vobis
2604 2906 2769 2973 dicta,
2803 2908 2885 2963 fas
2911 2916 2996 2963 est
3052 2908 3339 2978 indignari,
3368 2923 3507 2979 «pios

1922 2997 2124 3050 recenti
2185 2996 2451 3052 beneﬁcio
2501 2997 2553 3052 in
2602 2997 2903 3070 collegium.
2937 3009 3183 3054 nostrum
3240 2999 3508 3056 admissos

1924 3086 2236 3143 instituendi
2288 3088 2702 3161 corrigendique
2752 3090 3051 3146 auctoritas
3091 3090 3246 3147 nobis
3291 3100 3507 3148 vetusta

1924 3166 2155 3251 s‘uhegtt.
2187 3180 2293 3235 Sed
2319 3180 2479 3235 liceat
2505 3168 2836 3253 stontaChati
2862 3180 3114 3255 ferreque
3134 3182 3508 3251 ac.erbc,dnmo

1924 3272 2085 3326 modo
2107 3284 2215 3325 tam
2234 3273 2529 3327 miserabili
2548 3271 2764 3340 jactura
2780 3274 3092 3329 labefactari
3119 3274 3506 3345 rempublicam

1925 3364 2295 3419 taciturnitate
2324 3380 2428 3419 non
2456 3364 2962 3436 patiar,dumtnodo
2983 3367 3122 3437 eius,
3153 3376 3300 3423 recte
3329 3367 3375 3423 si
3402 3368 3507 3423 dici

1922 3466 2167 3524 possunt,
2185 3458 2864 3523 conservatores,desidite
2890 3442 3144 3515 accusem
3173 3477 3187 3514 :
3217 3458 3508 3516 dummodo

1923 3546 2227 3599 divinarum
2260 3546 2580 3616 religionum
2621 3546 2945 3619 interpretes
2977 3564 3084 3605 non
3117 3559 3322 3604 tantum
3352 3564 3507 3615 voce,

1923 3649 2110 3688 verum
2141 3635 2288 3689 omni
2321 3635 2526 3690 virtute
2547 3635 2713 3690 animi
2762 3647 2817 3689 et
2864 3637 3129 3706 corporis,
3158 3637 3382 3693 deorum
3410 3640 3509 3694 im-

1924 3725 2230 3787 mortalium
2256 3714 2413 3780 ﬁdem
2439 3726 2507 3780 ab
2540 3726 2797 3796 improbis
2828 3737 2991 3797 atque
3019 3728 3237 3785 furiosis
3271 3730 3508 3785 homini-

1923 3816 2024 3872 bus
2050 3831 2389 3893 oppressam,
2416 3804 2708 3883 desertam,
2737 3831 2804 3872 ae
2844 3818 3113 3887 perditam
3168 3828 3358 3874 tuear:
3383 3820 3507 3890 quia

1927 3907 2053 3982 talia
2085 3906 2575 3978 negligentibus.ut
2605 3906 2965 3962 inferentibus
2990 3908 3132 3964 cmlo
3162 3908 3508 3975 lueem,cou-

1927 4011 2010 4056 tra
2027 4001 2190 4079 ignea
2216 4000 2400 4071 iacula
2430 4016 2533 4056 non
2558 4000 2656 4056 erit
2705 4015 2868 4075 posse
2898 4001 3156 4056 diuturna
3187 4001 3508 4072 impunitate

1926 4096 2144 4152 muniri.
2190 4134 2205 4150 .
2248 4135 2262 4151 .
2778 4082 2781 4085 λ

2159 4189 2379 4258 Reliqua
2408 4191 2462 4244 in
2490 4189 2844 4258 manuscriplo
2867 4204 2971 4244 non
2998 4188 3279 4244 habentur.

1925 4326 2125 4382 dicitur
2145 4340 2265 4381 eam
2290 4336 2493 4381 vestem
2528 4323 2915 4379 Sacerdotibus
2938 4323 3299 4379 adinvcnisse.
3335 4324 3507 4379 Crete-

1925 4412 2045 4451 rum
2077 4399 2212 4452 hanc
2235 4399 2640 4452 concessionem
2667 4395 2767 4448 soli
2818 4394 3063 4449 Romano
3104 4395 3250 4449 clero
3297 4395 3501 4450 factam

1924 4484 1989 4523 ex
2017 4468 2075 4522 S.
2130 4468 2349 4523 Ctesarii
2399 4466 2735 4521 Arelatensis
2784 4465 2936 4519 Actis
2984 4465 3315 4533 colligimus,
3345 4468 3504 4536 cujus

1922 4539 2183 4593 Diaconos
2225 4537 2570 4607 Symmachus
2618 4537 2874 4605 pontifex,
2901 4538 3157 4607 prreclnru
3198 4538 3506 4591 meritorum

1919 4609 2031 4679 ejus
2052 4604 2305 4678 dignitate
2330 4604 2639 4679 commotus,
2663 4608 2876 4679 perinde
2899 4604 2960 4660 ac
2985 4604 3237 4661 Romanu:
3253 4606 3505 4663 Ecclesia:

1878 4726 1879 4729 η
1917 4677 2171 4734 diatono:
2201 4678 2502 4732 dalmaticis
2529 4677 2607 4730 uti
2643 4677 2824 4730 noluit.

1990 4750 2069 4818 (ὅ)
2108 4750 2239 4819 Agit
2257 4750 2323 4803 de
2342 4750 2428 4803 his
2457 4748 2752 4818 praedictus
2783 4747 3063 4803 Ferrarius
3087 4747 3180 4801 lib.
3210 4762 3418 4819 tt,cap.
3448 4755 3503 4814 8,

1920 4818 2530 4887 suntquetriumphales
2559 4828 2734 4872 vestes
2764 4834 2777 4870 :
2813 4831 2867 4873 et
2895 4830 3014 4886 toga
3065 4820 3280 4886 quidem
3330 4818 3501 4888 picta,

1958 4906 2038 4943 ua:
2078 4905 2222 4959 nunc,
2253 4890 2467 4952 dicitur,
2501 4888 2679 4958 inquit
2723 4891 2864 4957 apud
2919 4890 3141 4942 Sextum
3190 4888 3506 4959 Pentpeium

1955 4961 2147 5015 ’crrius
2186 4957 2432 5024 Flaccus,
2466 4974 2727 5031 purpurea
2779 4970 2931 5013 antea
2965 4959 3189 5031 uocitata
3219 4957 3507 5031 causaque

1921 5039 2031 5086 erat
2061 5032 2172 5086 sine
2193 5032 2399 5098 pictura
2444 5045 2463 5081 :
2495 5030 2632 5081 hanc
2659 5038 2856 5098 autem,
2883 5028 3197 5091 aitl‘linius,
3222 5046 3321 5083 acu
3338 5028 3511 5098 facere

1923 5102 2158 5170 Phryges
2171 5097 2484 5159 docuerunt.
2505 5098 2721 5172 ideoque
2748 5097 3073 5172 Phrygiones
3095 5097 3345 5167 appellati
3364 5113 3511 5153 sunt:

1924 5182 1981 5227 et
2004 5168 2222 5240 quidem
2254 5187 2478 5225 auream
2509 5171 2650 5224 hanc
2674 5168 2944 5235 picturam
2970 5168 3138 5240 fuisse
3170 5179 3282 5240 tum
3309 5185 3371 5225 ex
3389 5171 3513 5224 aliis

1924 5237 2111 5299 multis
2144 5242 2275 5297 locis
2315 5242 2534 5296 ostendi
2576 5248 2778 5307 potest,
2816 5252 2927 5296 tum
2958 5254 3022 5293 ex
3058 5238 3146 5290 illo
3175 5237 3400 5295 Ausonii
3445 5241 3514 5293 ad

1924 5314 2240 5369 Gratianum
2262 5316 2415 5383 longe
2437 5312 2741 5365 clarissime
2770 5329 2783 5365 :
2818 5312 2949 5367 11αέ
2971 5320 3044 5363 est
3065 5309 3202 5384 picta
3234 5322 3288 5363 ut
3318 5312 3515 5364 dicitur
