4118 6466
2500 206 2540 216 η

512 336 587 403 11
1755 344 2183 410 NICEPHORI
2220 349 2562 414 CALLISTI
3714 362 3779 426 ἓξ

516 459 700 508 virum
722 466 849 507 eum
880 467 1003 509 esse
1035 453 1312 525 egregium
1348 469 1413 509 ex
1445 463 1672 525 aspectu
1705 468 1759 513 et
1791 459 1958 529 signis
1981 461 2092 530 pln-

2208 465 2360 535 παρὰ
2388 464 2547 529 δόξαν
2589 465 2682 536 τὴν
2711 466 2895 523 ἄδικον
2917 468 3079 540 δίκην
3102 470 3410 542 διαφυγὼν,
3449 476 3508 530 ἐν
3538 494 3645 530 τινι
3675 482 3779 535 τῶν

518 549 678 607 ribus
720 552 1052 622 judicantes,
1109 544 1446 621 perbenigne
1484 566 1799 622 suscepere,
1857 555 1912 608 in
1946 554 2097 608 orali-

517 659 756 714 nemque
799 660 909 698 non
947 653 1308 712 postremum,
1336 652 1397 697 ut
1437 642 1544 698 fert
1574 644 1659 698 lex
1702 646 1976 710 militaris,
2018 649 2099 701 lc-

518 751 668 806 gere,
710 735 974 807 dignitate
1002 736 1051 789 ei
1083 735 1343 804 praeclara
1382 734 1483 788 viri
1526 735 1815 805 cujusdam
1858 738 1972 801 jam
2004 737 2102 790 de-

516 827 711 892 functi,
756 829 843 882 cui
880 827 1106 899 Augusti
1161 842 1358 881 nomen
1414 827 1633 891 fuerat,
1701 843 1981 892 concessa,
2043 841 2100 883 et

517 920 739 974 nomine
777 921 899 990 ejus
951 921 1032 975 sic
1063 920 1471 990 quodammodo
1521 922 1575 975 in
1625 922 1810 976 album
1861 923 2094 978 militutn

510 1010 728 1065 relato:
768 1011 1099 1076 Marcianus,
1131 1012 1227 1083 qui
1261 1021 1316 1067 et
1360 1012 1660 1081 Augustus.
1691 1013 1761 1070 Ut
1796 1014 1920 1069 inde
1964 1014 2099 1070 satis

518 1099 747 1170 liqueat,
804 1116 913 1156 una
970 1115 1096 1155 cum
1147 1101 1516 1172 appellatione
1566 1103 1733 1158 etiam
1797 1120 2096 1173 purpuram

516 1192 745 1262 Augusti
775 1191 841 1247 ad
880 1208 1007 1247 eum
1043 1197 1397 1264 pervenisse:
1433 1194 1662 1271 perinde
1691 1203 1857 1265 atque
1891 1210 2095 1265 cogno-

518 1299 643 1339 men
677 1286 783 1340 tale
814 1286 868 1340 in
909 1301 976 1341 eo
1019 1285 1230 1356 absque
1256 1286 1519 1356 dignitate
1573 1287 1692 1356 ipsa
1726 1302 1949 1342 manere
1994 1301 2096 1341 no-

517 1378 707 1443 luerit,
762 1389 818 1433 et
846 1394 1063 1434 rursum
1117 1379 1353 1447 dignitas
1398 1394 1620 1450 quoque
1674 1395 1782 1435 non
1835 1380 1984 1434 aliud
2025 1379 2094 1434 ad

520 1468 982 1538 magniﬁcentiam
1015 1483 1216 1523 nomen
1247 1468 1559 1538 requireret
1594 1484 1608 1521 :
1639 1469 1710 1522 ita
1745 1476 1806 1522 ut
1857 1467 1999 1522 idem
2038 1469 2093 1523 in

512 1575 633 1616 uno
652 1560 987 1616 conveniens
1016 1560 1254 1616 simulet
1282 1574 1481 1616 nomen
1511 1561 1797 1631 proprium
1825 1568 1882 1616 et
1906 1561 2096 1630 appel-

504 1653 751 1709 flativum
789 1654 964 1717 ﬁeret,
997 1668 1107 1713 una
1151 1652 1409 1709 videlicet
1435 1652 1801 1724 appellatione
1835 1661 1890 1708 et
1912 1652 2097 1724 digni-

512 1755 689 1803 tatem
714 1756 772 1803 et
799 1754 1001 1804 nomen
1038 1745 1336 1802 indicante.
1380 1745 1445 1800 Et
1469 1746 1575 1801 lioc
1597 1746 1818 1816 quidem
1853 1745 2089 1817 primum

506 1854 682 1895 omen
722 1850 780 1894 et
805 1840 1064 1894 indicium
1112 1839 1165 1893 in
1206 1839 1484 1895 Marciano
1526 1838 1652 1905 fuit,
1681 1839 1830 1909 quod
1863 1854 1990 1894 eum
2023 1839 2091 1894 ad
2123 1803 2169 1864 Β

517 1927 857 1998 imperialein
894 1928 1216 1998 dignitatem
1255 1943 1837 1998 conscensurnmﬁsse
1861 1940 2092 2001 porten-

510 2020 619 2075 dit.
661 2019 874 2074 Accidit
919 2028 1102 2075 autem
1146 2015 1292 2076 aliud
1325 2034 1568 2092 quoque,
1607 2022 1751 2078 unde
1789 2021 2093 2091 imperatu-

519 2126 640 2166 rum
674 2127 801 2167 eum
853 2126 996 2177 esse,
1044 2126 1143 2182 per
1186 2111 1563 2182 conjecturam
1608 2114 1870 2186 colligere
1910 2113 2087 2172 licuit.

513 2202 773 2257 Militavit
802 2204 906 2259 sub
961 2203 1170 2272 Aspare
1203 2213 1396 2258 contra
1425 2202 1701 2259 Vandalos
1732 2202 2042 2258 Marcianus
2073 2219 2088 2255 :

510 2302 573 2349 et
629 2303 920 2364 postquam
976 2294 1056 2347 illi
1097 2293 1327 2348 victoria
1361 2301 1490 2349 sunt
1518 2293 1699 2364 potiti,
1732 2295 1849 2363 ipse
1871 2307 2095 2364 quoque

510 2387 772 2455 captivus
800 2401 924 2440 cum
973 2386 1098 2440 aliis
1120 2400 1188 2439 ex
1234 2384 1352 2440 acie
1380 2399 1479 2454 per
1514 2399 1769 2454 campum
1819 2383 2094 2439 abductus

496 2489 621 2534 «est.
687 2476 1083 2542 Gensericlius,
1125 2476 1486 2530 Vandalorum
1515 2475 1647 2541 dux,
1699 2478 1945 2544 captivos
1988 2492 2093 2532 una

510 2586 647 2626 cum
671 2571 795 2625 aliis
820 2568 1114 2642 mancipiis
1132 2567 1322 2623 videre
1347 2568 1539 2623 voluit.
1570 2568 1747 2637 Atque
1779 2566 1870 2622 ubi
1897 2569 1952 2624 in
1966 2568 2094 2623 loco

516 2663 757 2733 quodam
806 2660 1123 2732 congregati
1175 2669 1323 2725 sunt,
1357 2659 1474 2730 ipse
1505 2660 1558 2713 in
1591 2660 1918 2715 sublimiore
1948 2661 2091 2716 colle

512 2757 839 2823 considcns,
879 2754 1195 2824 spectaculo
1249 2762 1413 2808 tanta:
1463 2752 1806 2822 captivorum
1838 2752 2092 2808 multitu-

514 2848 662 2904 dinis
694 2862 753 2903 se
787 2844 1103 2902 oblectavit.
1144 2844 1210 2898 Et
1241 2859 1365 2897 cum
1410 2841 1491 2898 sic
1522 2851 1738 2913 tempus
1776 2842 2096 2898 extrahere-

515 2954 627 3008 tur,
660 2940 766 2995 illis
799 2950 909 2996 [nm
937 2936 1332 3008 quedquisilue
1364 2935 1529 2991 vellet
1554 2935 1731 2991 facere
1762 2934 2090 3006 permissum

513 3042 620 3088 cst.
648 3029 969 3087 Gcnsericlii
996 3028 1141 3082 enini
1168 3026 1426 3081 mandato
1452 3026 1687 3080 vinculis
1707 3025 1872 3080 soluti
1909 3034 2086 3080 erant.

513 3127 691 3193 Atque
729 3123 820 3176 alii
853 3122 1075 3191 quidem
1122 3119 1276 3173 aliud
1318 3118 1501 3173 fecere
1535 3130 1550 3171 :
1589 3116 1751 3187 587
1781 3112 2092 3170 Marcianus

504 3223 718 3281 autem,
749 3223 974 3282 propter
1004 3212 1280 3280 ingentem
1324 3207 1457 3262 solis
1491 3206 1745 3261 ardorem
1796 3207 1847 3259 in
1898 3219 2091 3274 campo

488 3306 838 3371 woncidens,
875 3318 1130 3358 somnum
1168 3301 1333 3370 cepit.
1362 3300 1431 3354 Et
1475 3299 1661 3369 aquila
1700 3298 1951 3353 alicunde
1990 3297 2093 3351 ad-

489 3399 729 3464 wolans,
764 3396 867 3450 alis
913 3393 1206 3450 submissis
1243 3406 1311 3446 ex
1357 3390 1593 3445 adverso
1627 3388 1928 3459 snli,juxta
1959 3402 2088 3457 per-

510 3489 870 3562 pendiculum
903 3487 1143 3540 volatum
1176 3484 1504 3547 instituens,
1539 3495 1758 3536 aeream
1795 3479 1998 3534 nubem
2037 3486 2093 3532 et

482 3581 769 3636 mmbram
798 3576 1090 3649 quamdam
1111 3575 1263 3641 fecit,
1294 3588 1399 3644 qua
1424 3572 1577 3627 illum
1595 3570 1784 3626 divino
1810 3581 1946 3625 nutu
1982 3586 2090 3625 non

507 3671 867 3728 mediocriter
895 3668 1261 3739 refrigeravit.
1281 3666 1351 3722 ‘ld
1383 3665 1648 3720 barbarus
1668 3664 1879 3731 videns,
1905 3663 2089 3719 statim

498 3765 646 3834 1quid
680 3763 926 3818 futurum
952 3760 1020 3816 de
1060 3775 1127 3816 eu
1168 3768 1336 3825 esset,
1370 3767 1559 3828 aperte
1587 3758 1822 3829 conjecit
1855 3774 1870 3812 :
1901 3766 1960 3812 et
1996 3772 2089 3812 ac-

512 3861 683 3916 citum
746 3857 813 3912 ad
871 3870 931 3912 se
974 3854 1332 3920 Marcianum,
1386 3853 1748 3922 libertateque
1798 3851 2085 3915 donatum,

498 3950 874 4023 jurisjurantli
919 3950 1184 4020 religione
1226 3949 1330 4003 sibi
1363 3946 1681 4009 obstrinxit,
1712 3955 1771 4000 nt
1808 3946 1876 4000 ad
1916 3948 2088 4016 impe-

502 4043 708 4098 ‘rialem
741 4023 1138 4097 sublimitatem
1161 4048 1418 4106 evectus,
1446 4037 1548 4092 sibi
1576 4048 1633 4092 et
1656 4036 1920 4093 Vandalis
1949 4032 2088 4090 ίίιΙιιε

488 4145 679 4200 ιεεεει,
719 4150 900 4206 neque
929 4149 1170 4204 unquam
1204 4132 1470 4188 adversus
1499 4145 1594 4186 eos
1649 4130 1853 4185 bellum
1901 4144 2089 4184 moveo

500 4238 620 4284 τοι.
659 4226 718 4281 Id
773 4226 919 4297 quod
961 4224 1294 4289 Marcianus,
1326 4223 1489 4278 sicuti
1536 4223 1632 4277 ille
1661 4222 1898 4287 volebat,
1931 4222 2090 4293 jura-

517 4339 548 4374 n
570 4328 705 4375 ento
731 4317 1057 4386 interposito
1089 4316 1239 4382 fecit,
1266 4315 1540 4384 iidemque
1569 4313 1622 4367 ei
1658 4328 1717 4368 rc
1751 4313 1866 4384 ipsa
1897 4308 2088 4368 scrva-

512 4415 617 4481 vit,
670 4412 833 4468 sicuti
885 4407 1186 4479 Procopius
1234 4407 1452 4464 scribit.
1510 4406 1591 4462 Ad
1632 4406 1768 4472 haec,
1821 4406 2090 4464 adversus

2202 557 2383 610 ἐκεῖσε
2419 559 2591 611 τελῶν
2616 560 2851 628 γίνεται,
2919 564 3327 637 παραγγέλλειν
3364 567 3540 637 τούτῳ
3580 564 3781 640 οἷάπερ

2203 647 2538 717 στρατιώτης
2564 650 2979 721 βουλόμενος.οί
2998 656 3053 709 δέ
3071 657 3165 710 τὸν
3194 658 3362 727 ἄνδρα
3387 660 3449 713 ἐκ
3480 678 3544 729 γε
3574 661 3681 715 τῶν
3705 662 3780 715 εί-

2201 738 2377 792 κότων
2415 740 2617 804 ἱκανῶς
2651 746 3091 815 τεκμηράμενοι,
3143 749 3550 819 φιλανθρώπως
3588 754 3782 822 προσί-

2199 845 2372 896 ενται,
2405 832 2500 885 καὶ
2533 832 2680 904 τόπῳ
2708 836 2913 905 ἥκιστα
2948 840 3188 909 ἐσχάτῳ.
3241 841 3319 905 ὥς
3350 859 3412 911 γε
3466 841 3657 914 νόμος,’
3687 850 3778 913 ἐγ·

2202 921 2616 990 καταλέγουσιν·
2653 925 2719 990 ἐς
2742 945 2866 981 τινα
2896 929 2951 982 δέ
2991 930 3201 1001 βαθμὸν
3242 934 3448 988 τέλειον
3481 937 3673 1004 ἀνδρός
3699 956 3779 992 τι-
3856 932 3861 933 ί

2198 1031 2288 1075 νος
2323 1015 2420 1087 ἠδη
2446 1016 2508 1070 τὸ
2537 1018 2637 1089 ζῇν
2664 1020 3014 1087 ἀπειπόντος,
3051 1015 3096 1091 ᾧ
3118 1019 3186 1094 ἦν
3209 1024 3526 1093 Αὔγουστος
3581 1029 3776 1098 ὄνομα,

2200 1106 2401 1159 οὑτωσί
2436 1126 2554 1171 πως
2590 1114 2655 1180 τῇ
2688 1113 3045 1186 παραγγελία
3079 1117 3482 1186 ἐγγράψαντες·
3531 1120 3777 1192 Μαρκια-

2201 1197 2289 1260 νὸς
2338 1198 2367 1250 ὁ
2399 1201 2493 1251 καὶ
2520 1199 2856 1268 Αὔγουστος·
2886 1203 2962 1267 ὡς
2991 1204 3244 1259 ἐντεῦθεν
3277 1202 3418 1262 εἶναι
3452 1209 3615 1279 δῆλον
3645 1212 3780 1278 φθά-

2200 1306 2291 1342 σαι
2322 1289 2418 1344 καὶ
2445 1294 2498 1355 ἐς
2539 1293 2639 1363 τὴν
2671 1294 2989 1363 Αὐγούστου
3044 1299 3424 1370 προσηγορίαν
3483 1302 3624 1369 μετά
3672 1302 3777 1365 τῆς

2200 1386 2515 1457 ἁλουργίδος
2584 1390 2792 1445 ὡσανεὶ
2812 1393 2915 1462 τῆς
2978 1395 3356 1466 προσηγορίας
3402 1395 3598 1449 οὔκουν
3648 1397 3778 1450 ἀναο

2200 1482 2477 1552 σχομένης
2507 1483 2632 1554 δίχα
2662 1488 2762 1556 τῆς
2796 1485 2952 1552 ἀξίας
2984 1489 3079 1542 καὶ
3113 1489 3201 1542 ἐπ’
3228 1488 3397 1543 αὑτοῦ
3435 1488 3639 1557 μένειν.
3670 1490 3779 1542 Πά-

2198 1575 2282 1627 λιν
2302 1572 2347 1626 δ’
2375 1572 2441 1626 αὖ
2492 1574 2710 1644 ἐκείνης
2764 1577 2842 1647 μὴ
2887 1577 3077 1648 ἕτερον
3118 1578 3292 1648 ὄνομα
3338 1578 3659 1649 ζητησάσης
3697 1582 3780 1644 εἰς

2199 1665 2605 1735 σεμνολόγημα,
2632 1666 2709 1731 ὡς
2734 1674 3042 1739 συμπεσεῖν
3070 1670 3131 1724 τὸ
3170 1673 3307 1725 αὐτὸ
3338 1672 3425 1741 ἐφ’
3447 1674 3550 1739 ἐνὶ,
3583 1672 3777 1742 κύριόν
3837 1666 3842 1671 ’

2197 1772 2257 1808 τε
2305 1755 2423 1824 ἅμα
2466 1758 2561 1811 καὶ
2618 1761 3031 1831 προσηγορικὸν
3089 1762 3469 1816 καθεστάναι·
3506 1763 3612 1816 ὑπὸ
3670 1764 3774 1835 μιᾷ

2201 1846 2448 1917 δηλονότι
2509 1848 2702 1921 κλήσει
2774 1851 2876 1923 τῆς
2934 1870 2992 1907 τε
3066 1852 3226 1919 ἀξίας
3291 1855 3390 1909 καὶ
3452 1858 3551 1926 τῆς
3607 1872 3780 1925 προσ-

2201 1940 2428 2012 ηγορίας
2492 1944 2930 2015 γνωριζομένης.
3002 1947 3176 2000 Τοῦτο
3251 1949 3352 2019 μέν
3410 1948 3478 2017 δὴ
3548 1949 3766 2017 πρῶτον

2200 2034 2508 2107 Μαρκιανῷ
2554 2037 2884 2108 ,τεκμήριον
2942 2039 3041 2108 τῆς
3096 2040 3156 2104 ἐς
3206 2040 3490 2109 βασιλείαν
3540 2042 3778 2114 παρόδου

2201 2124 2433 2196 ἐδείχθη·
2459 2126 2522 2178 οὐ
2549 2125 2658 2197 μὴν
2688 2128 2746 2181 δέ
2771 2127 2909 2182 ἀλλά
2935 2130 3032 2182 καὶ
3069 2129 3259 2201 ἐτερον
3321 2129 3452 2186 ἄλλο
3486 2131 3775 2196 ξυνέπεσε,

2200 2215 2375 2283 τούτῳ
2395 2217 2497 2284 τὴν
2524 2216 2811 2286 βασιλείαν
2841 2220 3227 2288 τεκμηριῶσαι
3275 2221 3425 2288 μάλα
3452 2220 3777 2290 δυνάμενον.
3824 2274 3828 2278 Α

2214 2305 2370 2360 Ἐπεὶ
2401 2308 2510 2378 γὰρ
2533 2308 2638 2362 ὑπὸ
2662 2309 2907 2378 Ἀσπαρι
2931 2312 3102 2365 τελῶν
3129 2314 3270 2366 κατὰ
3287 2312 3558 2367 Βανδίλων
3582 2316 3781 2385 ἐστρά-

2200 2415 2350 2462 τευε,
2384 2399 2488 2469 τῆς
2519 2400 2676 2471 νίκης
2728 2401 2965 2467 ἐκείνοις
3006 2407 3407 2475 γεγενημένης,
3465 2407 3563 2460 σὺν
3599 2408 3781 2471 ἄλλοις

2201 2490 2297 2542 καὶ
2329 2489 2644 2559 Μαρκιανὸς
2687 2491 3192 2572 δορυάλωτος-ἀνὰ
3247 2498 3308 2549 τὸ
3379 2497 3565 2572 πεδίον
3605 2500 3775 2572 ἤχθη,

2202 2580 2489 2652 Γιζερίχου
2511 2581 2605 2636 τοῦ
2638 2575 2748 2637 τῶν
2777 2568 3062 2640 Βανδίλωιῖ
3113 2568 3434 2659 ἡγουμένου.
3457 2592 3590 2645 ίδεῖν
3647 2568 3781 2657 τοὺς

2202 2674 2592 2745 ζωγρηθέντας
2622 2678 2906 2749 ᾑρημένου
2942 2680 3084 2749 μετά
3121 2682 3231 2736 τῶν
3259 2684 3468 2737 λοιπῶν
3505 2688 3777 2758 ἀνδραπόο

2199 2766 2328 2822 δων.
2360 2768 2513 2823 Ἐπεὶ
2532 2770 2589 2823 δέ
2633 2769 2689 2824 ἐν
2722 2789 2839 2853 χτινι
2868 2772 3020 2843 τόπῳ
3056 2775 3453 2846 ἡθροίσθησαν,
3510 2781 3539 2834 ό
3565 2780 3775 2853 Γιζέρι-

2200 2879 2296 2932 χος
2331 2862 2443 2915 ἀπό
2494 2880 2644 2927 τινος
2682 2864 2962 2936 μετεώρου
3006 2867 3316 2938 καθήμενος
3369 2871 3530 2940 ἥδετο
3574 2872 3777 2943 ἐνορῶν

2197 2954 2309 3008 τῶν
2343 2955 2796 3024 σαγηνευθέντων
2825 2958 2904 3029 τῷ
2943 2959 3170 3029 πλήθει.
3207 2960 3297 3025 Ὦς
3319 2962 3378 3016 δέ
3413 2964 3604 3035 καιρὸς
3634 2967 3773 3034 ἐτρί·

2199 3048 2345 3113 ϐετο,
2372 3049 2590 3119 ἑκάστῳ
2613 3050 2687 3114 ὡς
2718 3050 2973 3125 βούλησις
3028 3049 3119 3124 ἦν,
3164 3054 3429 3126 ἔπραττε·
3481 3060 3777 3128 προστάξει

2120 3161 2163 3219 c
2199 3139 2309 3206 γάρ
2365 3137 2652 3209 Γιξερίχου
2706 3141 2895 3213 πόρρω
2928 3138 3068 3215 ἦσαν
3111 3143 3365 3213 δεσμῶνι
3412 3150 3509 3203 καὶ
3555 3149 3606 3200 oi.
3677 3151 3776 3218 μέν

2195 3226 2351 3292 ἄλλος
2372 3228 2594 3283 ἄλλοτι
2651 3231 2892 3284 ἐποίουν·
2934 3235 2963 3285 ό
3003 3233 3060 3287 δὲ
3086 3236 3425 3305 Μαρκιανὸς,
3475 3238 3553 3308 τῷ
3586 3240 3772 3311 πολλῷ

2195 3318 2290 3373 τοῦ
2317 3320 2472 3389 ἡλίου
2506 3321 2737 3391 φλογμῷ
2776 3322 2880 3377 ἀνά
2916 3324 2977 3377 τὸ
3007 3325 3191 3380 πεδίον
3228 3328 3429 3393 πεσὼν,
3456 3331 3772 3393 ἐκάθευδεν.

2207 3410 2391 3475 Ἀετὸς
2414 3411 2471 3465 δέ
2502 3412 2663 3465 ποθεν
2688 3412 3085 3479 ἐπικαταπτάς,
3116 3415 3365 3489 ὕπερθεν
3411 3420 3512 3486 τὰς
3575 3424 3777 3494 πτέρυ-

2193 3519 2295 3570 γας
2360 3503 2646 3572 ὑφαπλῶν,
2720 3506 3019 3577 ίπτάμενος
3052 3509 3450 3580 ἀντιμέτωπος,
3493 3517 3634 3570 κατά
3678 3519 3777 3573 κά-

2194 3597 2349 3649 θετον
2379 3596 2611 3665 νεφέλην
2639 3599 2823 3666 ἀέριον
2869 3599 3050 3671 ῆτινα
3087 3603 3249 3658 σκιάν
3292 3607 3596 3679 ἐσχεδίαζε.
3633 3612 3777 3664 Κάν-

2194 3685 2392 3738 τεῦθεν
2426 3686 2487 3739 οὐ
2525 3687 2759 3756 μετρίαν
2789 3689 3124 3760 παραψυχὴν
3153 3692 3219 3746 ἐκ
3251 3693 3402 3757 θείας
3453 3697 3776 3767 ἐμηχανᾶτο

2192 3773 2390 3845 ἐκείνῳ
2413 3774 2609 3846 ῥοπῆς·
2654 3776 2830 3831 ἰδόντα
2861 3779 2919 3832 δὲ
2968 3781 3057 3832 τὸν
3116 3781 3420 3854 βάρϐαρον,
3470 3789 3774 3858 συμϐαλεῖν

2192 3863 2376 3929 εὐθὺς,
2429 3867 2520 3919 καὶ
2577 3867 2637 3919 τὸ
2689 3868 2889 3937 μέλλον
2947 3873 3439 3942 τεκμηριὼσασθαι
3498 3879 3770 3949 ἐναργῶς.

2190 3954 2779 4027 Μεταστειλάμενοςδέ
2811 3964 2904 4014 τὸν
2938 3962 3280 4031 Μαρκιανὸν,
3345 3966 3636 4042 ἐλευθερίᾳ
3691 3989 3773 4026 τι-

2194 4049 2322 4120 μᾷν-
2368 4048 2563 4114 δεινοῖς
2589 4066 2648 4102 τε
2699 4051 2885 4120 ὅρκοις
2932 4052 3436 4126 ἐξισφαλίσασθαι,
3503 4064 3675 4116 πιστά
3718 4065 3774 4133 γ’

2191 4141 2386 4213 ἐκείνῳ
2418 4143 2515 4197 καὶ
2561 4143 2842 4206 Βανδίλοις
2904 4146 3177 4214 φυλάξειν
3229 4151 3288 4213 ἐς
3348 4153 3449 4224 τὴν
3500 4154 3774 4227 βασίλειον

2190 4232 2412 4287 ἀνιόντα
2464 4236 2774 4308 περιωπὴν,
2810 4237 2904 4290 καὶ
2939 4243 3153 4309 μήποτε
3211 4245 3334 4297 κατ’
3356 4246 3538 4302 αὐτῶν
3586 4247 3773 4322 μάχην

2192 4327 2387 4381 κινεῖν.
2419 4327 2525 4381 Τὸν
2553 4329 2609 4382 δέ
2636 4330 2843 4400 πρᾶξαι
2882 4331 2957 4396 ῶς
2993 4332 3045 4401 γ’
3071 4334 3267 4406 ἐκείνῳ
3312 4337 3512 4403 ἐδόκει,
3544 4346 3641 4395 καὶ
3672 4361 3773 4412 φυ-

2192 4415 2351 4483 λάξαι
2378 4419 2471 4473 τὸν
2504 4421 2667 4490 ὅρκον
2698 4424 2792 4476 καὶ
2819 4422 3002 4494 ἔργοις
3054 4426 3263 4491 αὐτοῖς,
3333 4428 3409 4494 ὡς
3464 4432 3774 4503 Προκόπιος

502 4505 713 4561 Persas
760 4517 983 4571 quoque
1042 4500 1353 4556 Marcianus
1394 4499 1597 4563 iturus,
1627 4514 1750 4554 cum
1804 4498 1859 4553 in
1913 4499 2088 4571 Lyciae

2197 4510 2421 4581 ἱστορεῖ.
2460 4511 2573 4583 Πρὸ
2603 4512 2660 4565 δὲ
2702 4512 2896 4567 τούτου
2943 4519 3038 4571 καὶ
3072 4518 3213 4572 κατὰ
3258 4517 3484 4591 Περσῶν
3518 4498 3774 4597 -ἐκστραί-

500 4594 740 4666 oppido,
771 4594 863 4649 cui
906 4608 1104 4648 nomen
1161 4600 1247 4646 est
1275 4590 1515 4655 Sidonia,
1552 4590 1751 4647 morbo
1800 4601 2090 4663 correptus

512 4700 833 4756 esset,-cum
863 4687 1084 4743 duobus
1135 4684 1427 4750 fratribus,
1477 4682 1614 4738 viris
1643 4684 1944 4754 praeclaris,
1990 4684 2090 4741 3n-

497 4785 660 4839 -liano
688 4791 745 4837 ct
801 4780 1058 4838 Tatiano.
1114 4778 1412 4832 amicitiam
1446 4792 1716 4832 summam
1771 4778 2086 4833 contraxit:

484 4876 606 4949 ιςιυί
653 4875 819 4931 etiam
853 4874 1050 4928 domus
1087 4885 1200 4927 sum
1240 4868 1482 4940 hospitio
1533 4879 1854 4941 exceptum,
1896 4869 1966 4923 ita
2030 4878 2091 4924 ut

483 4987 608 5041 .par
670 4976 812 5033 erat,
864 4974 1157 5032 curarunt,
1219 4973 1275 5020 ει
1326 4973 1512 5033 ροεῑεε
1559 4974 1815 5017 venatum
1857 4977 1980 5017 Clllll
2022 4977 2090 5017 eo

511 5059 1096 5132 progressi,'tempore
1134 5055 1445 5111 meridiano
1493 5070 1687 5110 somno
1720 5069 1915 5110 omnes
1959 5061 2090 5108 sunt

490 5154 696 5223 sopiti.
724 5153 902 5221 Atque
947 5149 1041 5205 ubi
1077 5148 1343 5203 Tatianus
1381 5147 1621 5217 primum
1656 5161 1853 5201 somno
1880 5144 2087 5200 excita-

498 5257 599 5301 »tns
644 5252 750 5310 est,
797 5228 1173 5314 spectaculum
1211 5240 1594 5296 admirandum
1625 5240 1806 5294 vidit:
1842 5236 2084 5307 aquilam

500 5338 771 5392 nimirum
799 5337 1096 5403 ingentem,
1126 5333 1242 5387 alas
1290 5346 1454 5403 supra
1503 5331 1841 5385 Marcianum
1893 5341 2090 5385 exten-

509 5432 767 5493 dentem,
809 5437 865 5482 et
905 5428 1153 5482 umbram
1186 5424 1595 5496 quodammodo
1626 5425 1999 5479 inducentem.
2030 5423 2083 5479 ls

495 5521 664 5576 Iratri
710 5520 949 5574 excitato
1009 5518 1318 5588 prodigium
1359 5497 1417 5571 id
1448 5516 1690 5571 ostendit
1727 5532 1741 5569 :
1774 5526 1827 5570 et
1856 5528 2088 5586 uterque

495 5614 747 5668 volucris
777 5614 1174 5684 pet-benignum
1215 5610 1459 5667 studium
1496 5610 1822 5673 admiratus,
1858 5609 2082 5664 Martia-

477 5702 613 5768 ’ναοί
634 5704 781 5774 quod
814 5705 880 5760 de
911 5720 976 5759 eo
1010 5705 1256 5759 futurum
1291 5716 1457 5767 esset,
1482 5698 1876 5774 prmdiierunt.
1903 5702 1971 5756 Et
2015 5703 2084 5757 ab

489 5799 723 5867 eodem,
754 5812 990 5870 quonam
1022 5798 1164 5867 loco,
1193 5797 1237 5854 si
1271 5797 1323 5853 id
1365 5795 1511 5868 quod
1536 5795 1852 5853 divinarent
1884 5811 2078 5853 succe-

2193 4600 2393 4664 τεύων,
2426 4604 2485 4654 ἐν
2516 4603 2695 4675 Λυκίᾳ
2720 4604 2960 4672 ἐγένετο,
2996 4608 3091 4661 ἐπὶ
3121 4610 3275 4663 πόλιν
3331 4612 3539 4685 Σίδημα
3571 4617 3770 4689 ὄνομα.

2208 4693 2481 4765 Ἅσθενεία
2508 4694 2566 4747 δέ
2590 4697 2928 4767 περιπεσὼν,
2956 4698 3052 4752 δύο
3077 4701 3192 4754 τισὶ
3231 4703 3338 4756 τῶν
3387 4705 3565 4759 ἐκεῖσε
3618 4727 3772 4781 περι-

2194 4781 2385 4851 φανῶν
2443 4783 2694 4853 ἀδελφοῖς
2759 4782 2912 4840 οὖσιν
2953 4787 3161 4858 Ἰουλίῳ
3208 4790 3302 4843 καὶ
3366 4791 3623 4867 Τατιανῷ
3688 4798 3772 4861 είς

2195 4875 2380 4945 φιλίαν
2409 4875 2594 4946 ἄκρως
2620 4876 2825 4947 ήνώθη·
2856 4877 2908 4930 οἳ
2944 4878 3007 4948 δὴ
3046 4883 3136 4933 καὶ
3166 4883 3254 4936 ἐπ’
3290 4883 3446 4939 οἴκου
3497 4887 3592 4943 τὸν
3613 4890 3770 4961 Map-

2193 4968 2380 5020 κιανὸν
2409 4968 2731 5037 ἀγαγόντες,
2764 4970 2839 5031 ὡς
2869 4970 3023 5033 εἰκὸς
3066 4972 3470 5033 διανέπαυσαν.
3523 4980 3683 5035 Ἐπεὶ
3710 4983 3769 5037 δὲ

2193 5063 2283 5113 καὶ
2310 5063 2389 5120 είς
2426 5061 2600 5133 θήραν
2635 5059 2887 5133 ἐξῄεσαν,
2948 5051 3080 5134 περὶ
3133 5066 3193 5119 τὸ
3246 5069 3629 5140 μεσημϐρινὸν
3689 5074 3773 5138 είς

2193 5152 2362 5207 ὕπνον
2396 5154 2734 5224 ἐτράπησαν.
2782 5155 2870 5220 Ὠς
2897 5157 2954 5210 δὲ
2998 5157 3216 5227 πρῶτον
3251 5160 3518 5216 Τατιανὸν
3540 5165 3568 5217 ὁ
3601 5162 3772 5229 ὕπνος

2191 5248 2385 5318 ἀνῆκε,
2428 5248 2610 5318 θέαμα
2638 5248 2789 5315 ξένον
2852 5250 3023 5324 ἐώρα·
3083 5253 3245 5307 ἀετὸν
3295 5256 3628 5328 παμμεγέθη
3671 5259 3773 5320 τὰς

2192 5340 2473 5410 πτέρυγας
2539 5340 2977 5397 διαπεταννῠντα
3035 5346 3177 5415 ὑπὲρ
3229 5347 3593 5418 λίαρκιανοῦ,
3660 5351 3772 5404 ’καὶ

2194 5435 2353 5488 σκιὰν
2400 5434 2606 5488 ὡσανεί
2658 5452 2776 5498 πως
2830 5438 3315 5509 περιποιούμενον.
3374 5439 3673 5504 Διυπνίσας
3712 5441 3773 5494 δέ

2192 5528 2287 5580 καὶ
2319 5527 2412 5581 τὸν
2435 5527 2691 5598 ἀδελφὸν,
2724 5528 2795 5582 τά
2828 5528 2921 5584 ίσα
2944 5531 3040 5585 καὶ
3061 5532 3228 5586 αὐτὸν
3252 5533 3389 5604 όρᾷν
3421 5536 3773 5603 παρεσκεύαι·

2190 5621 2271 5683 ξε.
2303 5620 2416 5673 Καὶ
2438 5620 2533 5672 τοῦ
2562 5621 2814 5676 πετεινοῦ
2848 5623 2912 5676 τὸ
2942 5622 3134 5680 εὔνουν
3169 5624 3580 5694 θαυμάσαντες,
3612 5627 3773 5697 Μαρ-

2190 5711 2362 5793 κιανῷ
2389 5713 2763 5783 κατήγγειλαν
2788 5715 2846 5769 τὸ
2863 5717 3144 5786 ἐσόμενον·
3195 5720 3289 5772 καὶ
3323 5718 3487 5790 ᾔτουν
3535 5723 3586 5773 εἰ
3631 5721 3769 5772 ἀπο-

2192 5805 2322 5875 ϐαίη
2350 5804 2409 5857 τὸ
2438 5806 2838 5878 αἰνιττόμενον,
2872 5807 3018 5873 τίνες
3061 5806 3134 5864 ςᾶν
3159 5810 3294 5882 παρ’
3334 5811 3483 5883 αὐτῷ
3517 5808 3648 5870 εῐεν.
3706 5811 3768 5866 '0
