4118 6462
350 406 417 471 1⁷1
1274 408 1876 470 ΕΩΟΕΕΞΙΑόΤΙΟιΕ
1915 409 1931 469 l

2036 409 2308 472 iTORlzﬁ
2342 413 2491 474 LIB.
2537 415 2659 478 XV.
3566 415 3632 482 13

346 512 516 581 οἶκος,
539 516 594 580 ἐς
625 506 827 588 τέχνην
865 502 1430 588 μάλαιέξησκημένος,
1458 517 1606 571 κίοσι
1637 519 1734 572 καὶ
1763 516 1929 581 αὐτὸς

2036 529 2143 580 tus.
2196 535 2304 591 qua
2341 530 2497 593 parte
2542 522 2624 578 sol
2659 523 2860 588 oritur,
2912 524 3061 581 aedes
3096 527 3390 583 rotundior
3443 539 3628 583 erecta

348 608 450 679 τὴν
491 608 621 679 ὓλην
655 610 795 671 ῖσοις
850 611 946 665 καὶ
985 612 1098 674 τοῖς
1127 611 1384 679 μεγέθεσι
1424 610 1521 664 καὶ
1550 611 1669 668 τοῖς
1695 607 1931 680 χρώμα-

357 720 461 769 σιν,
500 704 576 768 ὡς
610 704 668 758 ἐν
698 703 850 776 χορῷ
885 704 1024 760 κατὰ
1072 704 1276 758 κύκλον
1323 704 1576 771 ἑστῶσιν,
1612 704 1825 759 ἔνδοθεν
1856 704 1932 758 ὡ-

358 797 561 867 ραῖςων
609 797 671 850 τὺ
699 800 950 866 τέμενος.
982 797 1101 867 Ἐφ’
1149 794 1233 861 οἷς
1288 798 1545 869 ὐπερῷόν
1577 815 1634 852 τι
1687 800 1931 870 ἐπῆρται

357 888 528 961 ὀροφῇ
554 891 620 960 τῇ
646 888 811 961 αὐτῇ.
844 890 919 954 ὡς
948 891 1016 945 ἄν
1058 891 1110 959 γ’
1142 889 1237 960 ἐξῇ
1267 890 1580 961 βουλομένῳ
1618 891 1786 946 παντὶ
1815 893 1932 954 τοῖς

354 980 701 1052 τελουμένοις
749 986 1029 1054 παρεῖναι,
1072 982 1135 1035 ἐν
1197 981 1387 1054 ταυτῷ
1432 982 1491 1035 δὲ
1522 982 1745 1053 καὶτῆς
1786 983 1931 1053 μάρ-

355 1091 520 1143 τυρος
565 1074 792 1138 δεῖσθαι,
849 1075 1219 1145 τετραμμένῳ
1247 1076 1385 1145 πρὸς
1437 1074 1536 1131 ἔω.
1568 1073 1678 1129 Τοῦ
1710 1091 1778 1143 γε
1824 1075 1931 1147 μὴν

358 1167 513 1220 θόλου
544 1166 688 1219 ἔνδον
718 1167 871 1230 ἄλλος
906 1168 1024 1221 ἐστὶ
1062 1169 1231 1237 σηκὸς
1264 1168 1756 1240 είδπρεπέσαιῖσιιιςος⁹
1793 1170 1929 1223 ὅπου

356 1259 421 1330 δὴ
453 1261 553 1331 τὴν
579 1260 834 1332 μάρτυρα
879 1260 1096 1314 κεῖσθαι
1132 1261 1444 1325 συνέϐαινε,
1481 1261 1628 1333 σορῷ
1663 1278 1772 1315 τινι
1805 1263 1934 1316 ἐπι-

361 1355 546 1423 μήκει,
573 1353 639 1423 ἢν
665 1351 793 1405 ἔνιοι
823 1352 1050 1407 καλοῦσι
1076 1353 1339 1425 Μακρὰν,
1371 1353 1604 1426 ἀργύρῳ
1625 1355 1707 1418 είς
1732 1356 1934 1426 τέχνην

358 1444 681 1514 διαχυθέντι,
713 1440 772 1497 εὖ
812 1445 957 1514 μάλα
985 1445 1306 1516 ἁπανταχοῦ
1335 1448 1800 1518 περιειλουμένην
1834 1451 1932 1505 καὶ

359 1536 440 1598 είς
472 1535 665 1600 κάλλος
690 1536 931 1601 ἐξαίσιον
977 1536 1469 1609 διεσκευασμένην.
1512 1538 1654 1594 Ἀλλ’
1697 1540 1799 1595 ὅσα
1834 1541 1934 1611 μὲν

360 1626 447 1679 ἀεὶ
478 1625 640 1692 ξένως
664 1625 1170 1699 ἐθαυματουργεῖτο
1200 1630 1372 1685 πάλαι
1402 1633 1470 1702 τῇ
1503 1632 1769 1705 μάρτυρι,
1794 1634 1935 1688 πᾶσι

363 1717 706 1787 Χριστιανοῖς
750 1719 1016 1789 πρόδηλα.
1054 1720 1164 1774 Καὶ
1196 1721 1306 1792 γὰρ
1344 1724 1690 1795 ἐφισταμένη
1725 1725 1804 1797 τῷ
1831 1726 1931 1797 τὴν

360 1808 545 1877 χώραν
604 1810 998 1865 ἐπισκοποῦντι
1050 1813 1315 1878 πολλάκις
1369 1814 1528 1887 ὄναρ,
1574 1816 1610 1887 ἡ
1658 1834 1766 1871 τινι
1822 1819 1933 1872 τῶν

361 1900 533 1963 ἄλλως
574 1902 860 1972 ἐπισήμως
896 1901 1187 1975 βιόύντων,
1237 1906 1303 1960 ἐκ
1350 1907 1446 1960 τοῦ
1494 1911 1842 1982 παρήκοντος
1886 1910 1933 1963 δ’

363 1993 794 2063 ἐντυςχανόντων
823 1995 900 2065 τῷ
935 1997 1139 2070 ταύτης
1175 2000 1351 2071 δόμῳ,
1376 2001 1627 2070 ἀφθόνως
1658 2001 1767 2056 τῶν
1799 2002 1936 2056 θαυ-

366 2080 551 2150 μάτων
580 2085 787 2155 τρυγᾷν
816 2087 1183 2142 ἐνεκελεύετο.
1230 2090 1296 2143 Ὃ
1319 2090 1386 2160 δὴ
1413 2091 1660 2160 γνωσθὲν
1688 2094 1805 2157 τοῖς
1828 2092 1935 2146 ἀνὰ

364 2173 463 2242 τὴν
491 2175 919 2245 Κωνσταντίνου,
959 2181 1194 2250 ἐφοίτων
1232 2183 1510 2254 πανδημεὶ
1547 2184 1739 2254 ὅμιλος
1786 2186 1938 2239 πλεῖ-

367 2279 528 2328 στος·
557 2266 669 2320 ὅτε
719 2270 787 2323 τὰ
831 2275 1089 2343 σκῆπτρα
1133 2273 1362 2340 διέπων,
1414 2277 1510 2330 καὶ
1557 2279 1608 2331 οἱ
1651 2277 1751 2338 τὰς
1782 2279 1937 2351 ἱερὰς

363 2358 517 2424 ἡνίας
547 2359 994 2432 διαχειρίζοντες,
1039 2367 1135 2421 καὶ
1156 2368 1205 2421 οῖ
1237 2371 1357 2431 ταῖς
1388 2369 1609 2434 λοιπαῖς
1644 2371 1934 2441 ἐφίσταντο

363 2449 468 2501 τῶν
499 2451 698 2521 ἀρχῶν,
731 2453 800 2507 τὰ
826 2456 1136 2528 τελούμενα
1173 2459 1496 2531 βουλόμενοι
1520 2463 1787 2517 κατιδεῖν.
1822 2464 1936 2519 Καὶ

359 2540 427 2611 δὴ
453 2543 666 2596 πάντων
702 2545 977 2617 ὁρώντων,
1009 2551 1036 2603 ό
1067 2551 1165 2615 τῆς
1191 2552 1613 2607 Κωνσταντίνου
1639 2556 1738 2624 τὴν
1771 2555 1935 2626 ῖερωο

365 2631 526 2703 σύνην
552 2635 950 2706 ἐπειλημμένος
1003 2641 1145 2710 μετὰ
1200 2641 1313 2695 τῶν
1359 2643 1500 2713 ἀμφ’
1536 2643 1700 2697 αὐτὸν
1738 2644 1935 2716 ἱερέων

363 2725 493 2779 εῖσω
523 2726 615 2779 τοῦ
660 2730 956 2800 εἰρημένου
1003 2750 1093 2801 μοι
1133 2734 1301 2805 δόμου
1343 2735 1564 2806 ἐχώρει,
1617 2736 1746 2791 ἔνθα
1778 2736 1844 2809 δὴ
1874 2738 1934 2791 τὸ

366 2819 700 2888 μαρτυρικδν
730 2824 906 2876 ἐκεῖνο
954 2824 1116 2893 σῶμα
1150 2829 1500 2883 κατάκειται.
1537 2828 1756 2900 Προσῆν
1779 2828 1839 2883 δέ
1862 2831 1932 2902 τῇ

366 2907 509 2977 σορῷ
553 2910 697 2963 κατὰ
735 2914 792 2964 τ),
838 2914 989 2968 λαιὸν
1044 2918 1214 2987 μέρος
1261 2919 1585 2990 κλειθρίδιόν
1608 2937 1662 2974 τι
1707 2922 1930 2991 σεμνὸν,

365 2993 557 3066 θύραις
588 3001 812 3080 μικραῖς
845 3004 900 3064 ἐς
944 3003 1005 3055 τὸ
1036 3004 1439 3074 ἁκριὸέστατον
1476 3008 1935 3080 κατησφαλισμέ-

363 3098 490 3169 νονο
520 3084 607 3153 ἐφ’
632 3079 676 3154 ᾧ
711 3088 930 3160 σίδηρόν
955 3108 1076 3146 τινα
1109 3095 1366 3166 ἐπιμήκη
1398 3096 1648 3162 καθιᾶσι,
1690 3079 1932 3169 σπόγγον

2030 622 2139 680 est,
2172 613 2346 669 multa
2365 622 2484 669 arte
2500 614 2800 679 elaborata,
2836 617 3117 673 columnis
3145 628 3199 674 et
3230 618 3347 689 ipsa
3386 621 3633 674 materige

2034 703 2433 774 magnitudinis
2489 715 2544 761 et
2574 706 2775 763 coloris
2806 707 3080 777 ejusdem,
3134 711 3306 765 veluti
3361 712 3416 766 in
3460 711 3631 765 choro

2031 799 2089 851 in
2119 796 2316 852 circuli
2350 796 2597 853 formam
2636 799 2938 865 stantibus,
2974 803 3165 872 templi
3201 804 3485 859 interioris
3511 819 3636 873 par-

2046 902 2156 947 tem
2205 891 2598 948 eohoneslans.
2652 892 2833 964 Super
2866 895 3071 964 quibus
3100 896 3347 965 porticus
3376 897 3635 952 sublimis

2035 982 2227 1038 eadem
2253 986 2358 1039 sub
2384 985 2661 1041 testudine
2690 993 3012 1042 constructa
3055 998 3161 1054 est,
3203 989 3297 1043 uhi
3329 989 3511 1044 cuivis
3540 989 3629 1043 di-

2033 1075 2179 1130 vinae
2209 1075 2289 1131 rei
2328 1076 2685 1148 mysticisque
2706 1079 2881 1134 sacris
2908 1079 3125 1145 adesse,
3164 1089 3330 1152 atque
3360 1081 3528 1148 etiam
3559 1082 3627 1136 ad

2032 1168 2304 1225 orientem
2330 1185 2598 1226 converso
2628 1173 3002 1242 precationem
3028 1172 3095 1228 ad
3123 1185 3419 1239 martyrem
3454 1174 3628 1243 ipsam

2034 1257 2219 1313 facere
2248 1257 2400 1314 licet.
2436 1258 2587 1316 intra
2622 1261 2896 1330 porticum
2929 1261 3107 1331 ipsam
3142 1263 3447 1317 sacrarium
3482 1264 3630 1317 aliud

2032 1359 2121 1407 est
2147 1349 2310 1422 longe
2333 1351 2796 1422 pulcherrimum,
2838 1353 2930 1409 ubi
2976 1363 3188 1426 martyr
3234 1355 3412 1425 posita
3442 1363 3548 1421 est,
3575 1354 3637 1409 in.

2036 1442 2253 1497 tumulo
2309 1442 2578 1515 longiore,
2611 1460 2778 1515 quem
2838 1446 3095 1502 nonnulli
3155 1448 3321 1503 etiam
3380 1447 3637 1520 Longum

2038 1546 2256 1602 vocant,
2285 1546 2516 1608 argento
2557 1547 2677 1595 arte
2722 1538 2928 1595 diffuso
2974 1539 3205 1610 pulchre
3235 1540 3530 1595 admodum
3565 1557 3636 1595 ex

2034 1630 2186 1684 omni
2216 1641 2372 1700 parte
2405 1632 2707 1696 inclusum,
2752 1643 2811 1689 et
2858 1632 2927 1689 ad
2965 1636 3301 1703 praecipuam
3326 1634 3636 1704 pulchritu-

2035 1718 2222 1776 dinem
2248 1721 2555 1779 redactum.
2589 1722 2862 1780 Caeterum
2898 1740 3024 1795 quae
3051 1724 3182 1780 olim
3227 1740 3448 1795 semper
3490 1740 3636 1783 mar.-

2038 1818 2123 1882 tyr
2154 1827 2219 1867 ea
2249 1811 2490 1869 ediderit
2522 1814 2810 1880 miracula,
2843 1814 3178 1871 Christianis
3206 1816 3470 1872 omnibus
3502 1831 3634 1871 con-

2039 1912 2169 1959 stat.
2215 1903 2344 1960 Loci
2394 1920 2636 1977 namque
2692 1907 2815 1979 ejus
2869 1922 3115 1979 persaepe
3163 1907 3508 1978 episcopum,
3574 1907 3631 1963 in

2040 1997 2253 2053 somnis
2311 2013 2432 2055 sese
2463 1999 2515 2054 ei
2548 1999 2843 2065 exhibens,
2889 2008 2986 2054 aut
3017 1999 3186 2054 alium
3216 2000 3383 2056 etiam
3440 2013 3633 2070 quem-

2036 2090 2183 2158 piam
2214 2089 2470 2158 prtcclare
2491 2090 2657 2145 vitam
2678 2097 2957 2160 agentem,
3007 2088 3189 2144 obiter
3218 2088 3484 2158 templum
3508 2087 3640 2159 ejus

2039 2183 2375 2253 ingressum,
2416 2189 2474 2235 ut
2505 2181 2902 2236 miraculorum
2934 2180 3126 2237 talium
3164 2180 3412 2236 fructum
3441 2184 3628 2251 perci-

2037 2282 2263 2343 perent,
2294 2284 2378 2328 est
2413 2273 2724 2327 cohortata.
2751 2271 2910 2341 Quod
2949 2271 3045 2327 ubi
3087 2271 3145 2326 in
3186 2273 3325 2326 urbe
3361 2270 3634 2327 Constan-

2037 2363 2399 2433 tinopolitana
2452 2361 2716 2430 innotuit,
2770 2361 3042 2417 universa:
3096 2376 3165 2416 eo
3208 2358 3397 2431 populi
3456 2357 3633 2413 turbae

2034 2465 2166 2511 sunt
2204 2453 2464 2526 profectae
2498 2473 2511 2509 :
2542 2454 2659 2525 ipse
2689 2453 2856 2509 etiam
2889 2452 3212 2523 imperator,
3237 2458 3293 2506 et
3319 2450 3414 2521 qui
3444 2464 3631 2504 sacras

2034 2545 2400 2601 ecclesiarum
2456 2544 2700 2600 habenas
2754 2559 2972 2616 regunt,
3006 2544 3216 2614 quique
3273 2541 3515 2596 honores
3574 2548 3632 2593 et

2037 2641 2394 2711 magistratus
2424 2640 2561 2695 alios
2608 2640 2662 2694 in
2707 2631 2990 2709 republica
3032 2646 3253 2710 gerunt,
3300 2646 3359 2691 ut
3391 2650 3513 2706 quae
3554 2635 3630 2691 ibi

2035 2744 2457 2805 peragerentur,
2493 2734 2769 2788 viderent.
2789 2730 2974 2801 Atque
3000 2732 3163 2785 etiam
3185 2727 3635 2799 inSpectantibus

2037 2828 2319 2892 nutnihus,
2366 2827 2663 2897 cpiscopus
2692 2822 3348 2895 Constantinopolitanus
3375 2836 3502 2876 cum
3543 2835 3633 2876 sa-
3652 2816 3678 2841 ‘

2036 2920 2356 2977 cerdotibus
2394 2920 2509 2976 suis
2569 2920 2838 2989 templum
2871 2917 2944 2980 id.
2982 2916 3076 2972 ubi
3120 2914 3377 2987 martyris
3427 2927 3645 2982 corpus.

2036 3012 2344 3082 repositum
2371 3020 2478 3079 est,
2498 3011 2646 3065 visit.
2678 3008 2737 3064 ln
2765 3009 2933 3065 loculi
2966 3008 3105 3063 lavo
3133 3007 3308 3062 latere
3344 3004 3631 3060 fenestella

2036 3104 2287 3173 quaedam
2332 3102 2658 3158 admiranda
2715 3111 2837 3168 est,
2876 3100 3144 3172 operculo
3173 3113 3340 3168 quam
3393 3095 3631 3151 maxime

362 3177 507 3294 κῗτὰ
530 3176 599 3294 τὶ
619 3176 791 3250 ἄκρον
831 3185 1310 3258 περιαρτησαντες
1334 3204 1349 3218 ·
1384 3189 1444 3243 όν
1474 3191 1553 3262 τῷ
1586 3192 1798 3264 σιδήρῳ
1830 3168 1931 3247 ἀνὰ

2037 3168 2349 3264 obfirmata,
2409 3211 2507 3266 per
2547 3195 2695 3267 quod
2752 3168 3151 3250 ferramentum
3200 3189 3631 3262 longiusculum,

359 3269 431 3323 τὰ
456 3270 702 3340 πανάγια
729 3273 962 3346 λείψανα
989 3278 1089 3348 τῆς
1120 3279 1404 3350 μάρτυρος
1435 3285 1927 3355 περιστρέφοντες,

360 3362 633 3432 ἀνιμῶντο
660 3363 820 3431 αὖθις
865 3368 1117 3439 αἱμάτων
1166 3372 1374 3445 πλήρη,
1407 3376 1504 3429 καὶ
1541 3376 1800 3447 θρόμδων
1832 3395 1932 3449 με-

358 3455 506 3523 nev,
534 3454 598 3523 ἐξ
623 3456 839 3529 ίχώρων
888 3461 1000 3515 τῶν
1029 3465 1393 3535 μαρτυρικῶν
1445 3468 1929 3540 ἀνακεκραμένον.

364 3547 462 3599 Ὃν
492 3549 717 3604 ἐπειδὰν
747 3551 808 3604 τὸ
841 3551 1045 3623 πλῆθος
1084 3556 1315 3623 κατίδοι,
1347 3556 1509 3622 εὐθὺς
1551 3562 1634 3624 είς
1675 3565 1781 3632 γῆν
1807 3562 1928 3615 κλί-

360 3658 569 3709 ναντες,
622 3644 721 3698 σὺν
777 3644 1078 3719 ἀλαλαγμῷ
1134 3650 1380 3722 μεγίστῳ
1423 3651 1556 3706 Θεὸν
1606 3654 1924 3726 ἐγέραιρον,

359 3736 549 3805 χεῖρας
576 3735 823 3808 αἴροντες
860 3741 954 3792 καὶ
975 3740 1056 3811 τῷ
1104 3743 1398 3815 παραδόξῳ
1447 3746 1926 3817 ἐκπεπληγμένοι.

361 3824 535 3880 Τόπον
563 3827 608 3880 δ’
660 3824 730 3899 ἦν
765 3827 828 3882 τὸ
878 3832 1152 3903 ἀπορρέον
1201 3834 1438 3901 ἐκεῖθεν,
1490 3838 1586 3892 καὶ
1630 3839 1726 3894 ἐπὶ
1769 3838 1928 3894 τόσον

361 3915 589 4005 defleam
621 3921 915 3992 προίσχετο
964 3923 1064 3996 τὴν
1107 3926 1477 3998 πλημμύραν,
1523 3929 1601 3993 ὡς
1646 3929 1721 4002 μὴ
1765 3932 1931 4001 μόνον

296 4080 313 4091 ⁴
363 3991 600 4076 βασιλεῖς
624 4026 684 4063 τε
717 4013 812 4066 καὶ
864 3991 1043 4086 ἱερέας
1077 4015 1127 4071 οῖ
1177 3991 1559 4084 σὐναλίζονται
1584 3991 1721 4076 καὶ.
1746 3991 1928 4076 πάντα

360 4097 454 4150 τὸν
508 4101 993 4171 συναθροιζόμενον
1046 4105 1179 4161 λαὸν
1232 4107 1512 4174 πλουσίως
1554 4110 1928 4167 ἐπαπολαύειν

362 4190 471 4241 τῶν
497 4192 700 4245 ἐκεῖθεν
724 4195 1103 4267 ἀναῤῥεόντων
1134 4199 1343 4272 ὑγρῶν,
1372 4202 1513 4257 ἀλλὰ
1550 4204 1646 4257 καὶ
1677 4205 1928 4258 ἁπανταν

363 4280 459 4350 Χθῧ
499 4282 592 4351 ιῆς
641 4287 1030 4357 μετακομίζειν
1063 4290 1190 4355 τοὺς
1247 4291 1654 4363 βουλομένουςο
1706 4293 1801 4347 καὶ
1847 4292 1928 4365 τῷ

362 4375 536 4445 χρόνῳ
567 4377 703 4448 μήτε
731 4381 856 4443 τοὺς
886 4379 1166 4452 θρόμϐους
1206 4385 1501 4453 ἐπιλιπεῖν,
1529 4385 1626 4439 καὶ
1677 4385 1741 4438 τὸ
1785 4380 1928 4457 αἷμα

363 4470 424 4522 τὸ
478 4469 619 4524 θεῖον
686 4473 950 4544 μηδαμῶς
984 4476 1490 4547 παραλλάττεσθαι,
1535 4477 1651 4534 ἀλλ’
1686 4480 1776 4534 ἀεὶ
1828 4480 1929 4549 τὴν

2040 3292 2129 3345 cui
2158 3292 2213 3344 in
2240 3299 2490 3347 extrema
2520 3299 2677 3361 parte
2708 3289 2938 3361 spongia
2968 3287 3185 3358 alligata
3214 3292 3385 3353 esset,
3418 3283 3630 3338 immit-

2037 3384 2230 3439 t'ebant
2264 3402 2279 3447 ς
2313 3381 2474 3453 591
2512 3383 2911 3453 spongiamque
2952 3381 3124 3449 ipsam
3173 3379 3226 3433 in
3258 3375 3632 3433 sacrosanctis

2041 3475 2299 3547 martyris
2328 3476 2578 3546 reliquiis
2608 3475 2950 3539 obvolutum,
2971 3483 3026 3528 et
3055 3473 3227 3543 guttis
3248 3486 3451 3527 cruore
3481 3469 3636 3523 illius

2041 3566 2307 3623 delibutis
2358 3566 2643 3633 refertam,
2676 3566 3063 3621 extrahebaut.
3120 3564 3273 3619 lianc
3326 3562 3419 3617 ubi
3476 3561 3632 3631 plebs

2041 3660 2443 3731 conspexisset,
2487 3660 2739 3714 homines
2772 3639 3048 3713 statinfin
3098 3665 3302 3710 terram
3352 3652 3629 3715 im-linati.

2036 3750 2435 3806 vociferatione
2473 3754 2711 3804 maxima
2749 3749 2915 3804 Deum
2968 3748 3346 3812 honorabant,
3387 3745 3630 3799 miracu-

2034 3842 2204 3912 loque
2258 3857 2325 3897 eo
2378 3842 2672 3912 stupefacti
2728 3858 2926 3897 manus
2966 3841 3352 3897 sustollebant.
3410 3837 3629 3894 Tantus

2038 3943 2223 3988 autem
2254 3931 2379 3987 inde
2401 3930 2665 4002 proﬂuxit
2695 3931 2936 3987 ubertim
2970 3932 3193 3996 humor,
3217 3940 3276 3985 ut
3306 3944 3413 3984 nou
3447 3929 3627 3983 solum

2038 4023 2405 4093 imperatores
2431 4032 2487 4079 et
2511 4023 2780 4093 episcopi,
2814 4023 3165 4093 pupulusque
3201 4023 3296 4092 qui
3352 4021 3434 4075 ibi
3495 4035 3629 4105 con-
3740 4094 3753 4099 γ’

2036 4117 2253 4187 gregari
2285 4116 2482 4172 solitus
2509 4116 2635 4180 fuit,
2681 4116 2888 4171 atl‘atim
2928 4132 2995 4171 eo
3051 4116 3492 4186 perfruerentur,
3534 4131 3627 4169 vc-

2040 4223 2164 4261 rum
2188 4209 2355 4262 etiam
2386 4223 2717 4278 quocunque
2755 4209 2939 4278 quivis
2975 4209 3142 4264 vellet
3167 4210 3441 4273 locorum,
3470 4209 3538 4261 de
3560 4222 3628 4261 eo

2039 4299 2243 4370 aliquid
2265 4314 2454 4355 secum
2480 4299 2744 4356 auferret.
2790 4299 2978 4370 Neque
3009 4309 3177 4371 guttas
3207 4310 3456 4370 tempore
3507 4299 3630 4369 ipso

2039 4394 2314 4462 defecere,
2338 4410 2518 4466 neque
2546 4396 2769 4451 divinus
2805 4395 2894 4451 ille
2920 4396 3141 4464 sanguis
3167 4396 3351 4466 aliqua
3383 4411 3448 4450 cx
3474 4404 3628 4464 parte

2041 4495 2288 4542 mutatus
2317 4497 2421 4552 est,
2452 4487 2549 4544 sed
2577 4488 2623 4542 is
2662 4504 2882 4558 semper
2922 4489 3165 4544 colorem
3195 4504 3357 4542 suum
3408 4502 3639 4543 summe

365 4560 490 4657 ῖσην
547 4562 670 4632 δψιν
718 4565 957 4635 ἐρυθρὰν
1008 4569 1064 4632 ἐς
1124 4569 1289 4638 βάθος
1319 4570 1380 4626 εὖ
1443 4572 1590 4643 μάλα
1623 4574 1929 4646 διατηρεῖν.

2036 4577 2266 4633 rubrum
2298 4579 2664 4634 conservavit.
2706 4580 2869 4635 Facta
2919 4580 3174 4636 htection
3222 4590 3378 4637 certo
3440 4583 3643 4651 aliquo.

375 4653 698 4725 Ἐπρὰττετο
725 4657 779 4710 δὲ
808 4657 980 4713 ταῦτα
1004 4659 1064 4713 οὗ
1088 4662 1230 4716 κατὰ
1263 4680 1384 4718 τινα
1412 4665 1662 4735 περίοδον
1687 4665 1930 4738 ὡρισμέ-

360 4761 482 4814 νην,
507 4746 620 4800 ἀλλ’
645 4748 720 4812 ὡς
746 4749 812 4803 ἂν
839 4750 873 4820 ἦ
895 4768 954 4804 τε
976 4752 1070 4807 τοῦ
1098 4754 1455 4825 προεδρεύειν
1486 4757 1741 4829 λαχόντος
1770 4759 1928 4832 βιοτὴ

362 4840 459 4892 καὶ
493 4841 523 4909 ἡ
561 4840 666 4892 τῶν
704 4843 924 4912 τρόπων
963 4846 1233 4917 σεμνότης
1267 4849 1550 4920 ἠϐούλετο.
1596 4853 1770 4923 Λόγος
1818 4855 1930 4924 γάρ

360 4930 498 5001 εχει,
537 4934 774 5003 ὁπηνίκα
812 4953 893 4999 τις
935 4939 1003 4993 τὰ
1030 4942 1130 5011 τῆς
1154 4941 1487 5013 Ἐκκλησίας
1520 4944 1713 5012 ίθύνοι,
1736 4948 1932 5016 ἐπισή-

330 5011 483 5093 ⁴μως
509 5024 732 5079 διασιῶν
761 5029 854 5081 καὶ
896 5032 1064 5103 ἀρετῇ
1098 5032 1191 5086 τὸν
1224 5011 1355 5104 βίον
1390 5036 1638 5106 κοσμῶν,
1671 5011 1733 5091 τὸ
1763 5011 1930 5109 τέρας

364 5115 682 5185 συχνότερον
742 5118 1113 5186 ἐπιγίνεσθαιο
1172 5125 1261 5177 ὅτε
1310 5125 1366 5179 δὲ
1418 5128 1494 5198 μὴ
1545 5128 1790 5193 τοιοῦτος
1817 5129 1930 5201 εἴη,

365 5208 651 5271 σπανίζειν
697 5210 759 5263 τὸ
796 5211 1002 5283 θαῦμα,
1033 5216 1126 5269 καὶ
1178 5217 1254 5288 μὴ
1308 5219 1513 5291 ῥᾳδίως
1545 5223 1797 5292 προῖέναι
1832 5224 1932 5296 τῆς

366 5301 641 5371 μάρτυρος
659 5303 722 5356 τὸ
743 5306 1049 5370 τεράστιον.
1085 5308 1259 5364 Τοῦτο
1305 5311 1406 5380 μὲν
1434 5311 1607 5376 οὕτως
1649 5314 1826 5383 ἔγνων
1849 5333 1933 5383 γι-

361 5392 614 5461 νόμενον·
643 5395 672 5447 ὃ
718 5394 764 5448 δ’
793 5391 890 5449 οὖν
951 5394 1077 5451 οὔτε
1130 5399 1349 5471 χρόνος,
1405 5402 1553 5457 ἀλλ’·-
1576 5405 1699 5458 οὐδὲ
1737 5407 1932 5477 καιρὸς

361 5480 655 5554 διατέμνει,
680 5486 847 5540 ἀεὶδὲ
878 5489 966 5557 ῥεῖ
995 5489 1092 5543 καὶ
1126 5493 1292 5546 πᾶσιν
1317 5493 1531 5547 ἀνεῖται
1563 5497 1797 5562 πιστοῖς,
1833 5497 1930 5549 καὶ

362 5573 533 5639 ἄλλως
558 5577 765 5647 ἔχουσι,
796 5577 964 5642 λέξων
989 5580 1249 5652 ἔρχομαι.
1303 5583 1580 5655 Ὀπηνίκα
1613 5603 1698 5651 τις
1737 5588 1930 5643 ἐνθάδε

362 5665 590 5743 γένηται
612 5669 751 5723 ὅπου
783 5671 850 5742 δὴ
889 5673 988 5743 τὴν
1015 5675 1174 5743 σορὸν
1205 5675 1300 5730 καὶ
1339 5678 1408 5730 τὰ
1434 5679 1560 5749 ιερὰ
1583 5680 1687 5750 τῆς
1716 5683 1930 5752 μάρτυα

364 5774 457 5830 ρος
494 5763 699 5833 ἀρτίως
734 5763 1132 5837 θησαυρίζεται
1173 5769 1429 5840 λείψανα,
1475 5773 1648 5843 ὀδμῆς
1692 5775 1924 5845 ἀπείρου

363 5856 455 5907 καὶ
482 5853 793 5928 ὑπερφυοῦς
814 5857 1140 5928 πίμπλαται,
1164 5860 1472 5934 ὑπερτέρας
1491 5864 1600 5919 τῶν
1619 5858 1695 5919 ῶν
1719 5865 1927 5937 ἀνθρώ-

330 6264 351 6283 1;
372 6262 397 6271 ν’·
420 6254 449 6279 ξ
606 6246 615 6247 7

274 6280 289 6285 ην
390 6278 415 6291 Α
451 6277 468 6288 σε
510 6288 515 6291 .
542 6278 583 6293 ..ηπ
612 6284 627 6293 -1

286 6292 305 6303 ,τ
314 6304 329 6317 ξ,
338 6300 351 6307 ,
373 6293 438 6316 .--τι
447 6287 506 6308 -ᾳ,
552 6306 555 6311 η

252 6320 271 6337 -ξ
323 6321 390 6342 ..ιτ-
496 6310 559 6333 κιὲιμι.

186 6338 252 6363 :t-
285 6337 320 6354 ε’·
365 6341 400 6352 --η
417 6333 434 6348 ³ν
487 6351 512 6360 -.

186 6351 306 6390 ...ἒ-γ’.
417 6373 426 6378 ,
529 6367 542 6374 ς
572 6374 582 6392 ,

129 6407 134 6410 .
403 6409 412 6414 _
483 6393 550 6418 '_'-
567 6393 614 6412 έ..
648 6398 695 6419 πυ

525 6417 528 6420 “
577 6417 618 6434 ατς,
656 6422 687 6439 ,ς

2040 4672 2304 4740 temporis
2327 4672 2628 4739 curriculo,
2653 4673 2746 4728 sed
2777 4688 2875 4743 pro
2897 4686 2965 4730 eo
2985 4683 3152 4745 atque
3180 4674 3425 4745 episcolii
3453 4675 3629 4744 ipsius

2035 4765 2162 4818 vita:
2204 4779 2530 4833 morumque
2569 4765 2834 4820 sanctitas
2882 4764 3072 4821 ferret.
3108 4766 3201 4823 Sic
3243 4769 3390 4822 enim
3426 4767 3625 4830 fertur,

2023 4869 2164 4910 cum
2197 4855 2242 4909 is
2264 4855 2360 4924 qui
2397 4853 2698 4912 Ecclesiam
2720 4857 3075 4928 gubernaret,
3100 4859 3363 4926 pra-clare
3393 4861 3625 4922 viveret,

2034 4955 2093 5002 et
2127 4945 2335 5002 virtute
2364 4956 2670 5002 exornatus
2703 4957 2873 5013 esset,
2901 4948 3253 5020 frequentius
3289 4951 3624 5005 miraculum

2038 5038 2148 5095 hoc
2174 5041 2484 5095 exhibitum
2512 5056 2656 5108 esse,
2698 5057 2826 5097 cum
2859 5054 3043 5098 autem
3069 5045 3304 5099 antistes
3332 5058 3621 5099 Sacrorum

2039 5132 2163 5189 talis
2196 5147 2304 5187 non
2342 5142 2513 5196 esset,
2555 5137 2738 5188 rarius
2763 5149 2885 5190 eam
2923 5151 3039 5189 rem
3067 5144 3175 5189 tam
3213 5132 3624 5197 admirandam,
3708 5198 3711 5201 Α

2035 5238 2144 5279 nec
2174 5232 2283 5278 tam
2307 5222 2468 5279 facile
2496 5238 2528 5280 a
2576 5235 2824 5297 martyre
2853 5226 3216 5295 processisse.
3264 5224 3377 5279 lloc
3410 5227 3492 5280 sic
3545 5227 3624 5279 fa-

2034 5322 2188 5367 ctum
2221 5328 2343 5368 esse
2375 5313 2529 5368 novi.
2571 5313 2831 5370 Sedenim
2867 5315 3016 5384 quod
3074 5330 3256 5385 neque
3287 5314 3411 5370 dies
3441 5333 3626 5386 neque

2035 5413 2259 5474 tempus
2310 5406 2484 5460 ullum
2521 5407 2834 5477 intercipit,
2871 5407 2967 5462 sed
3030 5417 3300 5478 perpetuo
3362 5410 3627 5465 omnibus

2036 5498 2293 5554 fidelibus
2320 5499 2488 5555 simul
2522 5509 2577 5555 et
2607 5498 2931 5555 infidelibus
2958 5500 3131 5555 allluit
3167 5511 3225 5557 et
3273 5502 3515 5574 accedit,
3566 5503 3620 5559 id

2033 5606 2186 5647 nunc
2210 5590 2415 5649 dicam.
2445 5592 2503 5647 Si
2538 5591 2664 5660 quis
2710 5592 2767 5647 iu
2802 5595 3111 5649 sacrarium
3158 5594 3237 5663 id,
3279 5597 3374 5652 ubi
3406 5599 3627 5653 loculus

2035 5693 2093 5740 et
2132 5693 2337 5740 sancta:
2356 5683 2618 5756 martyris
2659 5685 2910 5756 reliquia':
2934 5685 3168 5757 perinde
3191 5698 3359 5758 atque
3393 5691 3624 5744 thesau-

2038 5790 2134 5832 rus
2169 5793 2317 5833 nunc
2347 5777 2601 5848 reposita:
2633 5788 2784 5844 sunt,
2826 5781 3031 5845 veniat.
3063 5782 3202 5835 odor
3232 5783 3540 5838 immensus
3567 5790 3626 5836 et

2037 5879 2248 5924 natura:
2302 5878 2548 5940 captum,
2605 5869 2922 5942 odoresque
2962 5887 3160 5929 omnes
3182 5888 3327 5943 quos
3378 5890 3467 5929 ars
3520 5876 3624 5930 htt-
