4118 6468
479 374 547 440 19
1658 401 2092 468 NICEPHORI
2127 411 2214 470 CA
2227 412 2477 478 LLISTI
3670 434 3746 498 20

476 511 639 552 mana
697 498 943 571 conﬁcit,
985 506 1436 579 supergrediens,
1469 511 1536 567 ad
1571 527 1699 570 eum

474 589 614 645 Eum
647 593 922 664 siquidem
959 599 1050 668 qui
1085 614 1152 654 ex
1183 597 1340 670 prato
1372 605 1712 662 versicolore
1749 610 2052 682 colligitur,

474 682 636 752 longe
670 696 893 756 superat
941 707 954 744 :
1009 706 1191 761 neque
1235 693 1404 750 alicui
1459 712 1654 752 eorum
1711 701 1909 757 similis
1969 713 2056 759 est

475 770 568 838 qui
603 787 670 826 ex
699 773 841 830 bene
893 775 1259 837 olentissimis
1294 783 1460 839 rebus
1493 787 1742 856 proﬂuit.
1782 791 1920 846 Tum
1957 809 2055 848 au-

475 874 586 919 tem
621 881 802 936 neque
827 869 877 923 ei
911 886 1011 942 par
1037 882 1146 937 est,
1165 890 1336 944 quem.
1367 883 1766 950 unguentarius
1790 885 2055 942 odoribus

474 959 741 1014 suavibus
793 961 863 1016 ad
919 973 1131 1019 certum
1166 967 1387 1022 modum
1448 975 1772 1042 temperatis
1816 976 2053 1034 miscet:

473 1063 671 1103 verum
699 1050 888 1106 multis
914 1053 1095 1110 modis
1123 1058 1216 1126 qui
1257 1059 1387 1114 Inde
1420 1061 1675 1117 redditur
1703 1069 2056 1134 praestantior

474 1149 581 1203 est,
625 1141 735 1195 vim
793 1152 850 1198 et
888 1155 1218 1214 potestatem
1259 1151 1382 1220 ejus
1421 1167 1450 1206 a
1487 1168 1596 1224 qua
1644 1155 1922 1213 redundat
1955 1159 2054 1215 de-

477 1224 715 1283 clarans.

1006 1373 1167 1445 592
1196 1375 1420 1435 CAPUT
1452 1380 1541 1436 IV.

500 1461 635 1512 Acta
681 1465 901 1530 synodi;
949 1472 999 1548 et
1031 1467 1474 1548 ‘utuepiscopatus
1523 1473 1772 1548 Dioscoro
1818 1477 2032 1548 ejusque

877 1538 1222 1591 sectatoribus
1253 1541 1536 1610 abrogatas
1566 1545 1656 1601 sit.

549 1637 613 1693 In
648 1640 754 1695 hoc
790 1657 949 1698 sacro
994 1649 1252 1718 martyris
1281 1650 1540 1720 delubro,
1573 1669 1738 1724 quam
1777 1673 1843 1712 cx
1874 1659 2056 1717 Nicaea

476 1733 764 1790 transiisse
809 1737 1074 1806 diximus,
1133 1755 1464 1812 congregata
1521 1759 1607 1803 est
1673 1751 2052 1823 synodus”),

1749 519 2050 589 pc’rl'crtur.

2158 542 2282 623 ποις
2306 530 2471 623 *θέμις
2520 535 2585 589 ἑκ
2614 537 2814 611 τέχνης
2861 541 3229 614 ἐπιτηδεύειν.
3268 547 3388 618 Τήν
3427 565 3486 602 τε
3517 551 3627 623 γάρ
3674 555 3741 607 ὲκ

2156 617 2439 712 λειμώνων
2499 625 2909 702 ἀθροιζομένην
2971 617 3343 708 διαφερόντως
3397 643 3562 712 νικᾷ·
3597 617 3740 697 ’ἀλλ’

2157 709 2278 764 οὐδέ
2301 729 2408 765 τινι
2433 717 2694 786 παρέοικε
2726 721 2836 776 τῶν
2869 722 2932 777 ἐκ
2964 741 3112 789 τινος
3139 731 3251 783 τῶν
3285 729 3406 783 λίαν
3439 733 3741 786 εὐωδεστά-

2157 814 2269 892 των
2294 799 2644 880 ἀποῤῥεούσῃ
2671 824 2686 841 ο
2712 811 2773 862 ού
2804 810 2916 880 μὴν
2937 813 3053 867 ἀλλ’
3085 817 3204 870 οὐδὲ
3235 819 3363 873 οἵαν
3393 820 3459 872 ἄν
3493 823 3740 892 μυρεψός

2157 891 2478 961 ἐργάσαιτο,
2518 900 2659 953 κατά
2713 903 2954 972 σταθμὸν
2987 906 3056 960 τὰ
3107 907 3279 980 εὐώδη
3333 891 3736 983 συγκεραννύς.

2159 983 2296 1037 Λίαν
2327 985 2384 1038 δέ
2418 1004 2500 1052 τις
2532 991 2628 1044 καὶ
2653 993 2835 1064 πολλῷ
2861 996 3280 1068 ὑπερϐάλλουσα
3315 1002 3506 1074 μέτρῳ
3537 1006 3570 1074 ἡ
3593 1007 3738 1056 ὲκεῖ-

2158 1075 2250 1128 θεν
2279 1077 2636 1152 ἀναδιδομένη
2678 1085 2818 1154 ἐστὶ,
2849 1091 3230 1162 τεκμηριοῦσα
3267 1091 3362 1147 τοῦ
3395 1096 3738 1160 ἀναδιδόντος

2158 1168 2256 1240 τὴν
2279 1169 2534 1244 δύναμιν,
2591 1247 2598 1254 1

2760 1403 3014 1462 ΚΕΦΑΔ.
3051 1405 3124 1464 Δ’.

2156 1487 2296 1558 Περὶ
2347 1489 2466 1573 τῷν
2505 1493 2585 1573 ἐγ.
2615 1492 2690 1573 τῇ
2739 1496 2984 1573 ρὐνόδῳ
3015 1499 3443 1573 πραχθέκτωνο
3501 1505 3600 1573 καί
3651 1505 3737 1573 ὡς

2325 1561 2625 1628 καθῃρέθη
2651 1561 2973 1650 Διόσκοροζ·
3011 1561 3105 1622 κᾶὶ
3139 1561 3194 1624 ὂί
3223 1571 3345 1625 σὺν
3375 1571 3555 1638 αὐτῷ,

2228 1673 2385 1728 Κατά
2412 1673 2474 1744 δὴ
2499 1675 2659 1729 τούτο
2695 1679 2756 1729 τὸ
2783 1679 2926 1733 θεῖον
2953 1682 3053 1751 τῆς
3086 1681 3367 1754 μάρτυρος
3410 1686 3636 1754 τέμενος
3667 1691 3733 1741 ἐκ

2157 1761 2387 1826 Νικαίας
2427 1765 2461 1833 ἠ
2511 1767 2779 1838 εἰρημένη
2825 1787 2914 1837 μοι
2964 1771 3287 1840 ἀθροίζεται
3330 1773 3549 1838 σύνοδος
3593 1778 3736 1845 μετὰ

476 1825 761 1882 tricesimo
812 1845 843 1884 a
877 1833 1038 1887 tertia
1096 1836 1329 1905 synodo,
1369 1851 1398 1890 a
1448 1839 1658 1892 mundo
1687 1851 1874 1895 autem
1917 1858 2053 1898 con-

2158 1855 2480 1924 τριακοστδν
2510 1857 2627 1920 ἔτος
2659 1857 2759 1928 τῆς
2786 1861 2978 1931 τρίτης
3009 1863 3265 1929 συνόδου,
3297 1865 3356 1917 ἐν
3378 1864 3491 1918 ἔτει
3523 1867 3733 1936 κόσμου

475 1919 593 1972 dito
627 1920 923 1990 quinquies
958 1923 1258 1980 millesimo
1291 1929 1780 2000 noningentesimo
1807 1943 1867 1987 et
1893 1949 2054 1989 sexa-

474 2011 686 2079 gesimo
713 2023 872 2068 sexto
897 2030 1065 2071 anno.
1093 2017 1152 2072 lu
1179 2019 1370 2074 dextra
1399 2022 1586 2092 templi
1616 2031 1772 2091 parte
1799 2025 2055 2092 Romani,

473 2101 724 2172 Byzantii
765 2114 823 2159 et
873 2107 1232 2176 Antiocheni,
1305 2111 1360 2164 in
1398 2113 1622 2168 sinistra
1648 2154 1664 2182 ,
1695 2115 2054 2172 Alexandrini

470 2204 526 2249 et
579 2196 1084 2270 llicrosolymitani,
1148 2204 1332 2257 medio
1379 2215 1562 2260 autem
1615 2207 1762 2262 inter
1799 2208 1901 2263 hos
1933 2210 2057 2264 loco

473 2289 755 2357 principes
790 2302 845 2346 et
895 2303 1182 2349 senatores
1213 2298 1537 2351 consedere.
1569 2298 1639 2354 Et
1684 2315 1809 2354 cum
1840 2317 1902 2355 ea
1934 2317 2058 2371 quae

472 2379 759 2452 Eutyebes
800 2385 1321 2456 Constantinopoli,
1370 2396 1429 2443 et
1478 2389 1780 2446 Dioscorus
1826 2384 2061 2462 Ephesi,

472 2473 860 2529 novandarum
915 2491 1106 2530 rerum
1141 2479 1324 2535 studio
1355 2480 1801 2551 designaverunt,
1857 2486 1913 2539 in
1941 2502 2057 2542 me-

473 2563 629 2618 dium
681 2565 951 2635 producta
1005 2580 1214 2633 essent,
1256 2570 1557 2626 Dioscorus
1585 2575 1652 2628 ad
1686 2590 1872 2629 rerum
1912 2586 2060 2631 acta-

472 2671 601 2710 rum
651 2656 1049 2728 ignorantiam,
1085 2674 1193 2728 qua
1234 2674 1296 2716 se
1344 2663 1664 2727 excusabat,
1690 2664 1960 2734 confugit.
1993 2666 2057 2719 Et

471 2747 620 2819 quod
650 2749 863 2819 objecta
889 2749 993 2804 sibi
1027 2751 1261 2806 crimina
1291 2753 1538 2824 ellugere
1570 2755 1851 2824 nequiret.
1879 2757 2053 2812 animi

469 2837 678 2893 dubius
707 2837 815 2893 fuit
839 2857 854 2895 :
885 2839 976 2894 ubi
1005 2855 1159 2906 vero,
1193 2842 1423 2898 veritate
1447 2843 1501 2898 in
1528 2855 1779 2914 apertum
1815 2847 2053 2916 prolata,

470 2929 859 2984 necesSitatem
886 2939 1137 2999 apertam
1159 2948 1342 2989 causa:
1371 2934 1620 2989 dicendae
1643 2935 1922 2993 declinare
1943 2953 2051 2992 non

469 3021 656 3090 potuit
683 3021 832 3092 (nam
869 3024 962 3092 qui
999 3023 1052 3078 in
1085 3025 1418 3093 praedatoria
1452 3027 1542 3081 illa
1575 3029 1786 3098 synodo
1813 3029 1868 3083 ei
1902 3043 2053 3083 asse-

473 3111 694 3179 derant,
719 3130 847 3168 cum
892 3117 1320 3185 redarguerunt,
1352 3119 1654 3189 dolumque
1697 3121 1816 3183 ejus
1851 3130 1907 3176 et
1936 3121 2053 3176 illa-

470 3212 582 3258 tam
610 3205 718 3260 sibi
744 3221 842 3274 per
873 3207 1296 3276 magistratuum
1340 3212 1518 3266 minas
1543 3212 1657 3266 vim
1709 3221 1766 3267 et
1805 3213 2050 3268 nccessi-
2080 3198 2123 3258 C

473 3306 646 3353 tatem
681 3299 1096 3370 OStenderunt),
1125 3301 1181 3355 in
1212 3303 1475 3358 ruborem
1527 3319 1785 3374 magnum
1836 3315 1890 3360 et
1924 3321 2055 3374 pro-

472 3389 634 3446 brum
663 3390 948 3462 conjectus
971 3401 1077 3447 est.
1114 3392 1295 3464 Atque
1336 3397 1597 3467 equidem
1647 3397 2054 3468 qui'violentia

471 3483 592 3553 ejus
650 3483 963 3540 administri
1021 3486 1262 3553 fuerant,
1287 3491 1448 3544 venia
1489 3494 1679 3562 petita,
1719 3493 1771 3546 in
1817 3493 2053 3564 gratiam

470 3583 604 3630 sunt
634 3575 865 3644 recepti,
891 3586 947 3630 et
972 3593 1038 3631 ex
1069 3579 1297 3634 sinistro
1321 3580 1374 3634 in
1415 3585 1666 3638 dextrum
1702 3585 1843 3640 latus
1871 3593 2054 3640 trans-

475 3665 616 3721 iere.
689 3667 936 3733 Quorum
994 3685 1135 3724 unus
1187 3671 1467 3728 iuvenalis
1527 3675 2056 3746 llicrosolymitanus

471 3757 603 3813 fuit.
637 3759 935 3832 Dioscor_us
963 3772 1174 3827 autem,
1203 3761 1354 3832 quod
1379 3764 1530 3818 aliud
1571 3780 1639 3820 ex
1670 3764 1778 3820 alio
1807 3767 1857 3821 ei
1911 3767 2054 3837 objio

473 3856 694 3903 ceretur
719 3849 959 3916 crimen,
985 3865 1116 3905 cum
1135 3853 1354 3906 veniam
1383 3869 1412 3907 a
1439 3855 1604 3924 iuslis
1632 3855 1742 3910 illis
1769 3856 2055 3926 iudicibus

472 3941 739 4010 consequi
773 3955 880 3994 non
917 3951 1135 4011 posset,
1166 3943 1222 3998 in
1255 3943 1525 4014 synodum
1555 3948 1749 4002 venire
1795 3962 2055 4017 superse-

471 4034 574 4087 dit.
624 4030 919 4103 Postquam
961 4049 1091 4088 vero
1130 4037 1393 4106 synodus,
1421 4052 1686 4094 canonem
1719 4049 1930 4107 secuta,
1970 4051 2055 4097 ter

471 4124 628 4179 illum
657 4123 867 4188 citavit,
901 4135 958 4181 et
998 4127 1112 4194 ipse
1142 4126 1292 4183 dicto
1325 4130 1559 4185 audiens
1591 4146 1702 4185 non
1746 4133 1870 4196 fuit,
1899 4149 2053 4188 cum-

473 4217 740 4271 munibus
770 4219 1018 4272 omnium
1071 4218 1368 4290 sull‘ragiis,
1404 4223 1524 4291 ipso
1555 4224 1650 4278 Dei
1699 4235 1918 4281 amante
1950 4227 2054 4280 im-

475 4316 735 4378 peratore
768 4319 1060 4378 prasente,
1090 4321 1146 4364 et
1182 4312 1359 4380 ipsum
1388 4325 1445 4367 et
1493 4315 1854 4385 Eutychetem
1888 4331 2057 4371 exau-

476 4400 712 4454 ctoravit
765 4409 822 4454 et
856 4399 1208 4455 anathemate
1255 4402 1552 4472 jugulavit.
1593 4405 1802 4459 Deinde
1832 4405 2055 4460 decreta

2161 1947 2687 2020 πεντακισχιλιοστῷ
2721 1951 3122 2025 ὲννακοσιοστῷ
3153 1959 3250 2011 καὶ
3279 1956 3425 2027 ἕκτῳ
3453 1958 3592 2028 πρὸς
3610 1959 3739 2028 ἑξη-

2159 2039 2360 2108 κοστῷ.
2393 2038 2483 2092 Ἐν
2516 2041 2613 2111 μὲν
2636 2042 2730 2096 οὖν
2760 2047 2872 2106 τοῖς
2913 2045 3108 2111 δεξιοῖς
3137 2047 3232 2101 τοῦ
3269 2049 3376 2102 νεὼ
3404 2051 3634 2120 μέρεσιν
3684 2051 3742 2104 οἵ

2159 2149 2218 2184 τε
2269 2129 2526 2201 Ῥωμαῖοι
2576 2135 2671 2187 καὶ
2727 2139 2776 2188 οἱ
2831 2138 3117 2202 Βυζάντιοι
3174 2143 3269 2194 καὶ
3329 2142 3380 2194 οἱ
3435 2141 3736 2212 ’Δντιοχεῖς

2159 2221 2539 2289 προεκάθισαν
2567 2240 2580 2254 ·
2612 2226 2669 2278 ὲν
2720 2226 2777 2279 δὲ
2825 2230 2935 2290 τοῖς
2973 2230 3283 2300 ἀριστεροῖς
3309 2233 3442 2285 οἵτε
3486 2232 3736 2299 Ἀλεξαν-

2157 2311 2306 2382 δρεῖς
2349 2313 2448 2366 καὶ
2482 2317 2532 2367 οἱ
2566 2315 3026 2388 Ἰεροσολυμῑταν
3058 2323 3116 2375 ὲν
3163 2322 3220 2375 δὲ
3249 2322 3327 2393 τῷ
3361 2324 3512 2395 μέσῳ
3546 2326 3596 2378 οἱ
3633 2325 3735 2393 ἀρ-

2160 2421 2351 2474 χοντες
2395 2405 2492 2458 καὶ
2535 2408 2567 2476 ἡ
2605 2407 2936 2478 σύγκλητος.
2986 2412 3098 2465 Καὶ
3151 2415 3573 2484 γυμνασθέντων
3619 2415 3733 2470 τῶν

2159 2513 2218 2549 τε
2267 2499 2326 2550 ὲν
2377 2498 2952 2556 Κωνσταντινουπόλει
3009 2504 3114 2558 ὑπὸ
3170 2505 3464 2576 Εύτυχέος,
3519 2507 3618 2560 καὶ
3670 2509 3729 2559 ὲν

2172 2589 2383 2660 Ἐφέσῳ
2408 2590 2512 2643 ὑπὸ
2537 2593 2832 2663 Διοσκόρου
2861 2596 3356 2666 νεωτερισθὲντων,
3391 2599 3470 2660 είς
3511 2599 3734 2664 ἄγνοιαν

2159 2683 2260 2751 μὲν
2281 2685 2626 2752 κατέφευγεν
2653 2686 2681 2739 δ
2713 2687 3004 2756 Διόσκορος
3029 2690 3138 2742 τῶν
3173 2692 3589 2759 πεπραγμένων
3608 2707 3622 2720 ο
3656 2692 3733 2759 μὴ

2157 2771 2406 2842 δυνηθεὶς
2437 2774 2481 2826 δ’
2513 2775 2665 2846 ὅμως
2705 2776 2986 2848 διαδρᾶναι
3019 2779 3110 2832 τὸν
3151 2779 3396 2851 ἔλεγχον,
3432 2785 3492 2834 ἐν
3525 2782 3734 2852 ἀπορίᾳ

2155 2863 2442 2935 ἠλαύνετο.
2475 2866 2589 2935 Τῆς
2639 2866 2688 2920 δ’
2741 2867 3007 2938 ἀληθείας
3066 2870 3629 2940 παραγυμνουμένης.
3672 2871 3735 2924 τὸ

2156 2955 2436 3026 προφανὲς
2479 2957 2580 3028 τῆς
2618 2957 2916 3028 ἀπολογίας
2969 2960 3214 3014 ἐκκλῖναι
3252 2965 3326 3032 μὴ
3376 2959 3575 3038 οἷός-τε
3625 2960 3730 3027 ὢν,

2154 3048 2265 3101 τῶν
2299 3049 2732 3120 συνεδρευόντων
2767 3052 2918 3120 αὐτῷ
2959 3053 3103 3107 κατὰ
3132 3054 3230 3124 τὴν
3269 3052 3572 3124 λῃστρικὴν
3609 3054 3733 3108 σύν-

2126 3173 2129 3176 .
2157 3143 2276 3196 οδον
2317 3142 2736 3213 ἐξελεγχόντων,
2781 3146 2874 3198 τόν
2907 3162 2966 3197 τε
2999 3145 3152 3198 δόλον
3184 3144 3349 3199 αὑτοῦ
3385 3145 3489 3215 τῆς
3529 3145 3731 3215 ψυχῆς.

2157 3233 2257 3300 τήν
2285 3249 2344 3284 τε
2379 3233 2504 3302 βίαν
2548 3233 2645 3286 καὶ
2675 3235 2924 3305 ἀνάγκην
2952 3238 3018 3306 ἢν
3069 3238 3129 3302 ἐξ
3166 3235 3496 3306 ἀρχοντικῆς
3529 3237 3733 3289 πεπόν-

2159 3324 2318 3378 θασιν
2347 3326 2604 3396 ἀπειλῆς,
2630 3327 2751 3380 λίαν
2780 3327 3047 3398 ᾐσχύνθη.
3090 3329 3202 3381 Καὶ
3238 3331 3288 3382 οἱ
3340 3330 3440 3396 μὲν
3475 3329 3731 3400 συμπρά-

2159 3416 2348 3481 ξαντες
2363 3419 2429 3486 τῇ
2458 3416 2550 3488 βία
2574 3418 2913 3488 συγγνώμην
2935 3419 3263 3488 αἰτήσαντες
3286 3420 3730 3490 παρεδέχθησαν.

2156 3511 2253 3562 καὶ
2285 3508 2396 3562 ἀπὸ
2424 3511 2537 3563 τῶν
2557 3509 2867 3579 ἀριστερῶν
2894 3511 2987 3564 ἐπὶ
3018 3513 3086 3564 τὰ
3112 3511 3261 3574 δεξιά
3297 3512 3630 3582 μετέϐησαν,
3656 3508 3734 3568 ὧν

2157 3595 2238 3664 εἷς
2265 3596 2334 3671 ἦν
2363 3602 2463 3655 καὶ
2492 3601 2520 3653 ὁ
2563 3601 2953 3672 Ἱεροσολύμων
2999 3601 3354 3665 Ἰουὸενάλιος
3376 3619 3392 3635 ·
3436 3604 3735 3675 Διόσκορος

2155 3694 2214 3747 δὲ
2237 3693 2406 3764 ἄλλην
2429 3693 2488 3759 ἐξ
2517 3693 2684 3761 ἄλλης
2712 3693 2988 3762 εὑρίσκων
3015 3695 3217 3759 αἰτίαν,
3244 3694 3632 3764 ἀσύγγνωςτος
3663 3692 3735 3766 ἦν

2157 3788 2270 3849 τοῖς
2299 3784 2530 3848 δικαίοις
2557 3785 2788 3847 ἐκείνοις
2822 3788 3057 3855 κριταῖς,
3089 3787 3182 3839 καὶ
3207 3785 3443 3855 ἀπηξίου
3467 3789 3533 3856 τῇ
3574 3789 3733 3840 συνό-

2156 3877 2230 3944 δῳ
2257 3875 2631 3944 συνέρχεσθαι.
2665 3874 2817 3927 Ἐπεὶ
2843 3873 2887 3928 δ’
2919 3877 3116 3927 ἐκεῖνοι
3144 3874 3223 3944 τῷ
3247 3875 3440 3927 κανόνι
3465 3875 3730 3943 ἑπόμενοι

2154 3966 2277 4038 τρὶς
2303 3964 2742 4036 μετεστέλλοντο,
2776 3966 2986 4029 ἐκεῖνος
3011 3965 3060 4018 δ’
3086 3965 3167 4017 ἔτι
3189 3963 3433 4017 ἀπειθῶν
3463 3961 3554 4034 ἧν,
3578 3968 3733 4036 κοινῇ

2155 4060 2321 4130 ψήφῳ
2346 4061 2380 4130 η
2411 4058 2631 4122 σύνοδος
2663 4059 2812 4111 πᾶσα
2867 4058 2965 4112 καὶ
3002 4055 3096 4110 τοῦ
3144 4055 3429 4124 θεοφιλοῦς
3463 4055 3733 4124 βασιλέως

2159 4151 2432 4220 παρόντος
2481 4150 2645 4205 αὐτόν
2699 4167 2758 4202 τε
2815 4149 3066 4203 καθεῖλον
3110 4149 3204 4202 καὶ
3255 4147 3489 4218 Εὐτυχῆ,
3528 4148 3733 4217 καὶτῷ

2158 4244 2462 4312 ἀναθέματι
2497 4241 2974 4312 παραδεδώκασιν,
3025 4239 3470 4308 ἐπικυρώσαντες
3518 4239 3614 4291 καὶ
3664 4239 3736 4290 τὰ

2158 4335 2267 4387 τῶν
2295 4335 2468 4403 ἁγίων
2489 4333 2886 4404 οίκουμενικῶν
2921 4332 3154 4385 συνόίων
3199 4331 3292 4383 ini.
3319 4328 3616 4398 βεϐαιώσει
3643 4330 3734 4382 ὲκ-

2159 4422 2383 4476 δοθέντα
2435 4423 2534 4492 τῆς
2585 4422 2828 4486 πίστεως
2890 4422 3232 4492 γράμματαο
3288 4420 3388 4486 τῆς
3421 4421 3478 4470 ὲν
3529 4418 3736 4489 Νικαίᾳ

479 4499 796 4547 sanctarum
847 4493 1243 4546 universalium
1297 4495 1672 4563 synodorum,
1706 4496 2054 4552 stabilienda:

2164 4516 2307 4584 φημὶ
2331 4515 2425 4567 καὶ
2469 4517 2525 4567 ὲν
2553 4513 3145 4574 Κωνσταντινουπόλει,
3181 4511 3276 4565 καὶ
3306 4512 3398 4581 τῆς
3431 4513 3489 4564 ὲν
3521 4509 3732 4579 Ἐφέσῳ

381 4600 398 4606 ’·
482 4584 609 4641 ﬁdei
665 4585 838 4655 gratia
886 4584 1055 4650 edita,
1091 4587 1210 4656 ejus
1261 4587 1515 4642 videlicet
1565 4603 1688 4658 quae
1735 4589 1951 4651 Nicaeae,
2001 4600 2057 4645 et

481 4677 992 4747 Constantinopoli,
1050 4688 1106 4733 et
1161 4678 1363 4748 Ephesi
1415 4680 1654 4750 primum
1712 4691 1899 4736 coacta
1951 4693 2056 4744 est,

479 4769 900 4827 conﬁrmarunt.
963 4769 1148 4825 Tertio
1201 4785 1364 4840 porro
1427 4787 1690 4826 consessu
1747 4773 2057 4828 admirandi

477 4863 666 4948 Cyr-illi
693 4863 762 4918 ad
800 4862 1113 4918 Nestorium
1141 4863 1299 4919 datas
1318 4865 1582 4934 epistolas
1623 4865 1677 4920 in
1710 4882 1808 4920 sua
1851 4869 2060 4922 retule-

480 4966 614 5013 runt
650 4965 770 5012 acta
804 4976 818 5011 :
873 4956 1082 5026 quibus
1131 4957 1426 5027 epistolam.
1453 4958 1620 5012 etiam
1648 4959 1851 5014 Leonis
1898 4961 2060 5029 Papae

480 5048 550 5103 ad
604 5047 855 5102 divinum
907 5046 1230 5102 Flavianum
1272 5048 1373 5119 (2),
1414 5058 1470 5104 et
1519 5049 1768 5106 libellum
1830 5052 2061 5122 insuper

481 5155 648 5211 quem
680 5141 824 5196 idem
867 5139 978 5194 Leo
999 5138 1067 5194 ad
1093 5140 1364 5211 synodum
1396 5150 1452 5196 et
1489 5142 1879 5212 imperatorem
1919 5145 2054 5199 Mar-

553 5277 633 5350 (ι)
654 5277 727 5350 Et
757 5278 877 5350 ipsa
887 5276 1139 5350 concilia,
1160 5293 1282 5350 qua:
1302 5292 1399 5344 per
1430 5280 1674 5344 singulas
1704 5279 1955 5350 regiones
1975 5281 2059 5337 vel

480 5346 795 5420 provincias
847 5346 1008 5420 fiunt,
1041 5346 1411 5420 plenariorum
1469 5346 1832 5420 conciliorum
1869 5361 2062 5406 aucto-

379 5459 396 5484 .
482 5415 656 5480 i'itati,
695 5430 818 5484 quae
840 5415 978 5470 liunt
1009 5431 1078 5469 ex
1118 5417 1377 5472 universo
1400 5420 1533 5472 orbe
1563 5419 1901 5482 Christiano,
1940 5421 2061 5476 sine

487 5487 618 5543 ullis
637 5486 962 5559 ambagibus
981 5488 1200 5559 cedere.
1227 5487 1456 5559 ipsaque
1473 5490 1714 5559 plenaria
1747 5505 1889 5558 sepe
1915 5493 2032 5559 prio
2048 5523 2060 5532 -

489 5573 550 5610 ra
578 5555 978 5630 posterioribus
993 5555 1298 5630 emendari,
1319 5555 1448 5613 cum
1467 5555 1652 5626 aliquo
1680 5555 2062 5630 experimento

487 5624 678 5679 rerum
720 5624 1424 5696 aperiturquod‘clausum
1455 5624 1594 5691 erat,
1627 5638 1682 5682 et
1707 5624 2063 5696 cognoscitur

487 5696 637 5767 quod
696 5693 918 5767 latebat,
952 5694 1072 5748 sine
1101 5694 1210 5767 ullo
1257 5703 1386 5766 typo
1441 5697 1722 5767 sacrilega:
1759 5693 2057 5766 superbiae,

493 5761 613 5819 sine
646 5766 754 5819 ulla
786 5761 969 5836 inﬂata
1018 5764 1233 5836 cervice
1268 5761 1612 5836 arrogantiae,
1646 5761 1770 5822 sine
1801 5761 1908 5821 ulla
1932 5761 2064 5820 con-

499 5837 742 5890 Icutionc
795 5834 973 5887 lividae
1031 5832 1269 5902 invidiae,
1312 5832 1436 5891 cum
1484 5847 1671 5894 sancta
1726 5838 2064 5905 humilitate,

2161 4606 2431 4675 πρότερον
2481 4605 2892 4674 ἀθροισθείσης.
2929 4605 3104 4677 Τρίτῃ
3155 4603 3213 4655 δὲ
3265 4602 3576 4656 συνελεύσει
3633 4601 3735 4664 τὰς

2163 4698 2299 4764 ’πρὸς
2329 4696 2621 4766 Νεστόριον
2655 4697 2956 4758 ἐπιστολὰς
2999 4699 3091 4747 τοῦ
3123 4694 3416 4746 θεσπεσίου
3462 4691 3735 4760 Κυρίλλου

2161 4791 2274 4853 τοῖς
2311 4790 2460 4852 ἰδίοις
2517 4789 2766 4852 ἐδέξαντο
2818 4788 3202 4857 ὑπομνήμασι,
3237 4785 3601 4849 συζεύξαντες
3639 4783 3735 4836 καὶ

2161 4881 2260 4951 τὴν
2317 4880 2411 4934 τοῦ
2454 4881 2656 4934 πάππα
2691 4881 2921 4941 Λέοντος
2979 4877 3270 4948 ἐπιστολὴν
3299 4876 3436 4945 πρὸς
3468 4875 3559 4928 τὸν
3590 4875 3735 4927 θεῖον

2160 4971 2485 5036 Φλαὸιανὸν,
2522 4971 2601 5023 ἔτι
2631 4971 2686 5024 δὲ
2715 4969 2809 5022 καὶ
2829 4969 2922 5022 τὸν
2947 4968 3110 5036 τόμον
3138 4966 3198 5020 δν
3226 4966 3363 5038 πρὸς
3388 4965 3486 5035 τὴν
3513 4962 3734 5016 σύνοδον

2164 5065 2256 5119 καὶ
2289 5065 2380 5116 τὸν
2427 5063 2652 5133 βασιλέα
2709 5057 3034 5129 Μαρκιανὸν.
3083 5055 3444 5125 διεπέμψατο,
3511 5055 3572 5118 ὃς
3640 5056 3735 5107 καὶ

2162 5151 2368 5220 στήλη
2399 5149 2709 5219 δρθοδοξίας
2740 5146 2969 5219 ἐκλήθη.
2995 5147 3148 5200 Λέων
3183 5146 3292 5216 γὰρ
3319 5141 3474 5207 οὗτος
3497 5145 3566 5197 τὰ
3591 5144 3734 5196 κατὰ

2163 5299 2288 5339 cum
2348 5298 2478 5352 pace
2500 5281 2838 5359 _catholica,
2895 5296 3020 5337 cum
3073 5277 3727 5359 chaijtatejfibristiana.

2165 5347 2431 5424 (August.
2489 5353 2566 5407 De
2620 5354 2880 5421 baptismo
2940 5359 3112 5406 contr.
3180 5351 3450 5404 Donatist.
3498 5347 3597 5402 lib.
3653 5362 3738 5414 ιι,

2163 5423 2368 5478 caD.3.

2230 5425 2626 5562 l()'i)5'l)'3pistolaa
2670 5493 2811 5548 beati
2875 5491 3072 5546 Leonis
3113 5503 3266 5558 papae
3304 5487 3370 5542 ad
3406 5486 3731 5541 Flavianum

2163 5561 2482 5638 episcopum
2503 5561 3170 5638 Constantinopolitanum
3189 5567 3394 5638 testum
3429 5566 3536 5609 aut
3559 5570 3735 5636 unum

2166 5633 2271 5686 iota
2299 5633 2347 5708 si
2378 5631 3281 5708 quisquamidiotadisputaverit,
3306 5635 3362 5681 et
3388 5641 3510 5708 eam
3537 5638 3646 5679 non
3661 5631 3734 5708 ju-

2163 5695 2423 5776 ominibus
2474 5695 2864 5776 vénerabiliter
2894 5695 3208 5776 acceperit,
3282 5695 3581 5776 anathema
3632 5695 3734 5750 sit.

2165 5769 2370 5841 (Gelas.
2412 5786 2572 5842 papa,
2610 5772 2736 5828 dist.
2782 5772 2867 5837 lii,
2887 5763 3084 5825 Sancta
3107 5767 3258 5822 Rom.
3300 5763 3594 5833 Eaclcsia.)
