4118 6464
392 364 398 372 ’
456 385 528 446 ει
1687 383 2115 448 NICEPHOBI
2157 387 2510 448 CALLIS’I‘I
3645 381 3716 448 et

459 505 564 558 bus
616 513 744 558 sunt
798 503 1104 558 consecuti.
1146 502 1381 558 Hmresis
1421 503 1595 574 ipsius
1630 505 1733 557 dux
1764 503 2038 573 Gangram

2158 519 2224 556 rat
2259 505 2353 556 καὶ
2384 505 2618 574 νεύμασι
2648 503 2742 558 τοῦ
2770 503 3092 576 κρατοῦντος
3119 503 3474 570 ἀνακλήσεως
3503 500 3715 571 ἔτυχον.
3795 521 3810 535 ο

458 596 616 652 exsul
645 597 918 652 abductus
945 609 1046 674 cst.
1079 597 1183 662 Qui
1223 605 1406 650 autem
1430 611 1458 649 a
1490 597 1750 651 Dioscoro
1775 593 2029 647 condem-

463 691 577 744 nati
613 688 1022 760 proscriptique
1055 688 1292 751 fuerant,
1333 685 1400 740 de
1428 685 1622 756 synodi
1652 684 1926 739 sententia
1973 691 2029 737 et

2142 591 2359 645 Πολλῶν
2391 593 2448 646 δὲ
2477 595 2570 646 καὶ
2598 595 2772 649 ἄλλων
2802 593 3228 662 πεπραγμένων,
3263 594 3389 662 ὄρος
3415 595 3482 663 τῇ
3513 593 3722 662 συνόδῳ

2139 681 2480 754 ὲξεφωνηθη,
2528 684 2658 738 τάδε
2686 684 2829 738 κατά
2865 687 3015 753 ῥῆμα
3041 683 3260 747 διεξιών
3281 699 3295 714 ·

459 785 814 854 imperatoris
839 797 1111 839 consensu
1145 781 1384 837 revocati
1414 791 1564 836 sunt.
1629 781 1809 850 Atque
1844 779 1938 833 ubi
2001 778 2104 832 alia
2145 777 2311 833 etiam
2370 779 2629 850 pleraque
2656 790 2773 835 acta
2805 788 2954 844 sunt,
2985 777 3268 835 decretum
3303 779 3544 834 svnodus
3569 777 3722 832 hisce

458 889 784 947 conceptum
822 876 1008 931 verbis
1032 874 1398 945 promulgavit
1436 891 1449 926 :

1061 988 1286 1047 CAPUT
1346 990 1432 1048 Vl.

462 1082 744 1136 Decretum
787 1081 912 1151 ﬁdei
963 1089 1162 1134 sanctae
1212 1079 1530 1134 universalis
1577 1089 1784 1148 quarta:
1831 1080 2039 1149 synodi.

540 1274 558 1307 ι
594 1253 960 1325 Domiuns(l)
987 1264 1042 1309 et
1072 1255 1324 1311 Salvator
1377 1265 1564 1311 noster
1581 1254 1740 1310 Jesus
1767 1254 2040 1321 Christus,

463 1345 590 1400 ﬁdei
655 1345 962 1400 doctrinam
1021 1345 1308 1416 discipulis
1379 1346 1750 1412 conﬁrmans,
1826 1347 2040 1412 Pacem,

464 1435 671 1505 inquit,
731 1452 906 1490 meant
929 1436 993 1489 do
1021 1437 1184 1502 vobis,
1235 1455 1418 1507 pacem
1455 1454 1625 1492 meam
1686 1440 1923 1506 relinquo
1953 1454 2042 1492 vo-

465 1527 543 1581 bis
577 1529 616 1592 ’,
660 1537 900 1582 utnemo
929 1543 958 1580 a
995 1543 1134 1583 vera:
1151 1529 1370 1596 pietatis
1394 1529 1739 1598 dogmatibus
1772 1528 2039 1592 dissonet,

465 1617 559 1671 sed
591 1631 826 1685 exaequo
843 1631 1036 1674 omnes
1064 1619 1316 1674 veritatis
1342 1619 1651 1675 doctrinam
1678 1621 2030 1690 praedicent.»

469 1707 539 1762 Et
568 1716 757 1777 postea
792 1718 980 1764 sancto
1005 1710 1223 1765 Nicmno
1241 1710 1519 1782 Symbolo,
1547 1722 1602 1767 et
1631 1723 1848 1767 centum
1875 1723 2037 1782 atque

469 1797 864 1868 quinquaginta
895 1800 1450 1867 sanctorumPatrum
1492 1801 1715 1857 decreto
1742 1803 1913 1866 lecto,
1954 1803 2038 1855 in-

2739 987 2996 1041 ΚΕΦΑΛ.
3039 983 3132 1052 ς’.

2148 1081 2319 1149 Ὅρος
2351 1077 2463 1146 τῆς
2486 1079 2660 1148 ἁγίας
2680 1078 2782 1149 καὶ
2808 1077 3230 1149 οῑξιουμενικῆς
3263 1075 3549 1144 τετάρτης
3569 1090 3724 1130 συν-

2606 1155 2610 1160 ’
2644 1147 2790 1202 ὁδου
2817 1147 2924 1216 τῆς
2947 1148 3230 1210 πίστεως.

2225 1279 2244 1312 ι
2278 1259 2342 1315 Ὀ
2373 1261 2577 1329 Κύριος
2599 1258 2758 1329 ἡμῶν
2786 1259 2884 1312 καὶ
2905 1259 3095 1327 Σωτὴρ
3125 1256 3334 1328 Ἰησοῦς
3354 1257 3608 1326 Χριστὸς,
3626 1257 3728 1325 τῆς

2147 1352 2384 1414 πίστεως
2435 1351 2532 1421 τὴν
2567 1351 2770 1418 γνῶσιν
2804 1351 2918 1413 τοῖς
2955 1349 3225 1418 μαθηταῖς
3273 1349 3532 1418 βεϐαιῶν,
3580 1348 3725 1417 ἔφη’

2144 1443 2414 1511 Εἰρήνην
2470 1443 2584 1512 τὴν
2633 1443 2790 1512 ἐμὴν
2839 1443 3050 1510 δίδωμι
3087 1441 3269 1510 ὑμῖν·
3324 1441 3580 1508 είρήνην
3614 1441 3729 1507 τὴν

2142 1533 2301 1604 ἐμὴν
2347 1535 2562 1604 ἀφίημι
2605 1534 2780 1604 ὑμῖν·
2815 1535 2890 1596 ὼς
2942 1533 3148 1602 μηδένα
3179 1531 3472 1600 διαφωνεῖν
3507 1532 3565 1603 εν
3612 1532 3728 1592 τοῖς

2140 1628 2378 1698 δόγμασι
2405 1627 2504 1697 τῆς
2527 1626 2836 1690 εὐσεϐείας,
2875 1625 2991 1679 ἀλλ’
3020 1625 3218 1690 ἐπίσης
3245 1624 3306 1677 τὸ
3337 1623 3439 1692 τῆς
3466 1623 3729 1692 ἀληθείας

2141 1718 2518 1772 ἐνδείκνυσθαι
2539 1719 2860 1787 κήρυγμα.»
2884 1716 2987 1768 Καὶ
3009 1713 3448 1781 ἀναγνωσθέντος
3465 1713 3559 1766 τοῦ
3581 1713 3730 1765 θείου

2147 1811 2441 1880 συμὸόλου,
2489 1811 2586 1862 καὶ
2617 1808 2756 1878 πρὸς
2794 1824 2858 1875 γε
2895 1805 2956 1859 τὸ
3010 1809 3117 1858 τῶν
3145 1805 3342 1858 ἑκατὸν
3382 1805 3729 1870 πεντήκοντα

470 1892 752 1946 tulerunt:
789 1911 808 1945 ι
841 1891 985 1947 Satis
1015 1893 1182 1964 igitur
1216 1895 1280 1949 ad
1310 1895 1611 1965 perfectam
1651 1913 1792 1951 verae
1823 1897 2040 1968 pietatis

2158 1899 2318 1966 ἀγίων
2358 1898 2636 1968 Πατέρων,
2665 1898 2944 1966 ἐπήγαγον
2969 1913 2982 1926 ·
3037 1897 3271 1964 ιἿιρκει
3303 1894 3402 1962 μὲν
3419 1888 3513 1946 οὖν
3537 1894 3614 1956 εἰς
3638 1893 3728 1947 ἐν·
3770 1943 3792 1954 ,

471 1982 839 2052 cognitionem
859 1993 913 2038 et
939 1985 1410 2041 confirmationem
1441 1995 1604 2051 esset,
1625 1988 1900 2058 sapienter
1913 2003 2046 2041 conv

472 2083 691 2144 ceptum
721 2085 778 2129 et
809 2076 1047 2132 salutare
1083 2077 1242 2132 istud
1263 2077 1460 2132 divinae
1487 2078 1675 2148 gratias
1701 2078 2043 2143 Symbolum.

471 2167 548 2222 De
579 2167 740 2222 Patre
779 2169 982 2223 etenim
1015 2177 1071 2223 ct
1100 2168 1239 2225 Filio
1275 2179 1330 2224 et
1354 2169 1564 2239 Spiritu
1596 2181 1790 2225 sancto
1823 2171 2045 2225 absolu-

472 2264 583 2309 tam
607 2255 915 2310 doctrinam
946 2256 1216 2322 continet,
1243 2269 1300 2312 et
1332 2257 1768 2312 inhumatiouem
1831 2257 2045 2311 Domini

442 2366 445 2369 ·
473 2360 600 2400 cum
630 2345 735 2400 (ide
759 2361 877 2400 eam
910 2347 1308 2415 recipientibus
1339 2347 1558 2402 astruit.
1595 2346 2047 2414 Quandoquidem

473 2447 656 2492 autem
715 2439 969 2494 veritatis
1008 2439 1247 2504 inimici,
1283 2438 1378 2508 qui
1438 2437 1664 2493 abolere
1692 2452 1792 2507 per
1815 2437 2051 2491 haereses

474 2545 606 2584 suas
683 2531 1131 2599 praedicationem
1245 2529 1609 2594 contendunt,
1669 2529 2052 2598 inaniloquen-

476 2621 608 2674 tiam
659 2637 924 2691 peperere
958 2663 975 2688 ,
1036 2621 1198 2693 595
1246 2632 1302 2677 et
1341 2622 1591 2677 nonnulli
1647 2630 2048 2677 sacrosanctam

477 2713 696 2768 Domini
739 2722 927 2768 nostra
977 2715 1150 2785 gratia
1212 2723 1525 2784 susceptam
1583 2713 2050 2782 dispensationem

476 2802 807 2868 adulterare,
833 2813 888 2859 et
922 2820 1110 2860 vocem
1132 2805 1272 2860 hanc
1321 2805 1601 2870 Θεοτόκος,
1639 2805 1735 2860 Dei
1770 2804 2037 2869 Genitrix,

476 2911 775 2968 pernegare
805 2896 926 2950 ausi
947 2907 1096 2962 sunt,
1149 2897 1319 2967 aliqui
1353 2913 1484 2952 vero
1524 2897 1906 2951 confusionem
1948 2897 2053 2952 mi-

479 2989 830 3058 stionemque
854 2976 1199 3050 inducentes,
1224 3004 1386 3042 unam
1413 3003 1534 3044 esse
1562 2987 1747 3042 carnis
1775 2997 1830 3042 et
1852 2987 2054 3042 divini-

477 3079 608 3134 tatis
645 3087 900 3134 naturam
952 3079 1356 3135 inconsiderate
1418 3078 1652 3150 tingunt,
1699 3079 2053 3149 divinainqne

483 3167 760 3239 Unigeniti
809 3176 1062 3223 naturam
1125 3183 1226 3239 per
1284 3168 1663 3224 confusionem
1709 3169 2047 3239 perpessioni
2080 3205 2127 3264 ο

480 3258 775 3314 obnoxiam
839 3259 1154 3332 prodigiose
1215 3267 1507 3314 asserunt:
1563 3258 1680 3314 haec
1736 3259 1850 3328 ipsa
1903 3273 2052 3314 nunc

483 3359 677 3406 sancta
707 3359 764 3406 et
803 3365 999 3420 magna
1032 3351 1359 3406 universalis
1389 3351 1649 3423 synodus,
1685 3367 1902 3406 omnem
1946 3351 2054 3406 illis

482 3440 732 3496 fraudem
779 3448 836 3496 et
913 3438 1374 3496 machinationem
1444 3441 1711 3498 adversus
1767 3443 2056 3497 veritatem

482 3531 822 3603 praecludere
845 3533 1057 3600 volens,
1080 3542 1136 3588 et
1163 3533 1535 3604 integritatem
1567 3534 2056 3604 infirmitatemque

481 3625 690 3680 veteris
717 3623 981 3680 doctrina:
1025 3625 1330 3691 vindicans,
1368 3628 1423 3681 in
1477 3625 1673 3697 primis
1727 3625 1956 3690 statuit,
1994 3633 2057 3680 ut

486 3723 808 3771 sanctorum
862 3726 1237 3773 trecentorum
1314 3718 1538 3772 Patrum
1605 3714 1742 3771 tich
1797 3717 2058 3770 inviolata

487 3813 724 3861 constet.
776 3806 985 3863 Deinde
1041 3817 1098 3862 et
1149 3823 1352 3863 eorum
1382 3809 1557 3879 quiin
1588 3807 1724 3862 urbe
1748 3807 2058 3876 imperante

487 3895 753 3952 adversus
787 3896 1028 3968 Spiritus
1074 3899 1252 3954 sancti
1287 3900 1470 3954 hostes
1493 3899 1894 3970 posterioribus
1921 3907 2060 3954 tem»

486 3987 716 4060 poribus
735 3997 1134 4054 convenerunt,
1161 3997 1380 4045 centum
1397 3989 1790 4060 quinquaginta
1809 3990 2057 4057 Patrum,

485 4081 554 4135 de
581 4079 817 4150 Spiritus
839 4081 1074 4137 essentia
1097 4081 1404 4136 doctrinam
1433 4081 1758 4137 auctoritate
1808 4097 1904 4136 sua
1929 4098 2061 4137 con-

490 4172 672 4224 ﬁrmat
703 4189 716 4225 :
745 4187 908 4240 quam
940 4171 1020 4225 illi
1073 4171 1265 4227 Patres
1317 4173 1570 4227 omnibus
1599 4181 1782 4227 notam
1826 4189 1946 4230 esse
1966 4189 2061 4228 vo-

489 4264 732 4326 luerunt,
794 4279 904 4317 non
960 4272 1023 4318 ut
1053 4263 1262 4332 aliquid
1299 4265 1446 4334 quod
1490 4265 1790 4334 majoribus
1815 4265 2059 4336 ignotum

493 4353 712 4416 fuisset,
738 4353 1194 4416 inducerent,scd
1231 4362 1290 4408 ut
1325 4353 1563 4424 Spiritus
1585 4356 1758 4409 sancti
1785 4363 2058 4424 naturam,

491 4443 744 4514 quaedam
775 4445 843 4500 de
875 4443 1024 4499 illius
1054 4453 1325 4514 potestate
1373 4445 1621 4501 obtinere
1679 4447 1944 4512 volentes,
1983 4458 2064 4503 te-

2146 1989 2275 2058 τελῆ
2327 1989 2430 2057 τῆς
2487 1988 2774 2050 εύσεὸείας
2805 1984 3256 2054 ἐπίγνωσιν-κοιλ⁸
3318 1983 3615 2053 βεϐαίωσιν
3664 1985 3729 2036 τὸ

2150 2078 2313 2146 σοφὸν
2348 2078 2444 2131 καὶ
2477 2079 2750 2147 σωτήριον
2793 2077 2951 2130 τοῦτο
2989 2077 3088 2144 τῆς
3133 2075 3286 2136 θείας
3329 2075 3552 2143 χάριτος
3585 2077 3728 2143 σύμ-

2150 2170 2305 2222 ϐολον
2328 2185 2341 2199 ο
2377 2169 2506 2238 περί
2539 2185 2601 2220 τε
2627 2168 2736 2237 γὰρ
2767 2168 2862 2220 τοῦ
2889 2167 3103 2234 Πατρδς
3128 2165 3222 2219 καὶ
3251 2167 3344 2218 τοῦ
3372 2165 3526 2231 ἁγίου
3559 2166 3732 2218 Πνεύ-

2154 2277 2322 2329 ματος
2348 2258 2658 2313 ἐκδιδάσκει
2708 2258 2771 2311 τὸ
2801 2258 3030 2319 τέλειον,
3092 2257 3186 2308 καὶ
3221 2256 3316 2310 τοῦ
3373 2256 3580 2324 Κυρίου
3628 2255 3730 2324 τὴν

2151 2347 2571 2418 δνανθρὼπησιν
2599 2351 2713 2410 τοῖς
2752 2347 2961 2408 πιστῶς
3003 2345 3320 2416 δεχομένοις
3355 2347 3686 2415 παρίστησιν
3708 2361 3725 2376 ’

2151 2441 2269 2495 ἀλλ’
2311 2441 2613 2511 ἐπειδήπερ
2639 2442 2687 2492 oi
2725 2442 2840 2510 si;
2859 2439 3120 2509 ἀληθείας
3154 2438 3339 2508 ἐχθροὶ
3365 2438 3582 2490 ἀθετεῖν
3607 2441 3730 2490 ὲπι-

2152 2530 2397 2602 χειροῦσι
2430 2531 2491 2583 τὸ
2545 2531 2831 2600 κήρυγμα,
2892 2530 2980 2583 διά
3013 2530 3125 2582 τῶν
3183 2528 3406 2582 οἰκείων
3459 2529 3730 2598 αἱρέσεων

2153 2621 2493 2689 κενοφωνίας
2539 2622 2812 2676 ἀπέτεκον
2837 2637 2851 2651 °
2885 2623 2936 2673 οί
2989 2627 3087 2691 μὲν
3112 2623 3172 2676 τὸ
3201 2622 3302 2692 τῆς
3331 2621 3398 2675 δι’
3447 2623 3598 2690 ἡμᾶς
3634 2620 3732 2673 τού

2155 2714 2365 2783 Κυρίου
2398 2713 2712 2781 οίκονομίας
2745 2713 3050 2782 μυστήριον
3100 2713 3500 2782 παραφθείρειν
3529 2711 3735 2780 τολμή-

2156 2821 2370 2868 σαντες,
2397 2808 2492 2858 καὶ
2517 2803 2616 2875 τὴν
2656 2805 2946 2869 Θεοτόκος
2979 2805 3070 2856 ἐπὶ
3099 2805 3198 2871 τῆς
3241 2801 3518 2871 Παρθένου
3545 2800 3731 2870 φωνὴν

2155 2895 2562 2967 ἀπαρνούμενοι
2589 2910 2605 2928 ο
2640 2895 2689 2948 οἱ
2720 2893 2775 2947 δὲ
2823 2893 3092 2964 σύγχυσιν
3124 2894 3220 2946 καὶ
3251 2894 3456 2961 πρᾶσιν
3488 2891 3734 2958 εἰσάγονο

2155 3005 2268 3049 τες,
2312 2985 2408 3040 καὶ
2447 2989 2578 3054 μίαν
2613 2982 2757 3039 εἶναι
2801 2985 2898 3054 τὴν
2931 2986 3096 3053 φύσιν
3142 2983 3243 3052 τῆς
3283 2985 3486 3052 σαρκὸς
3517 2981 3734 3048 καὶτῆς

2156 3075 2407 3146 θεότητος
2437 3078 2683 3138 ἀνοήτως
2719 3076 3184 3138 ἀναπλάττοντες,
3229 3075 3323 3127 καὶ
3357 3073 3607 3144 παθητὴν
3635 3073 3736 3142 τὴν

2158 3167 2310 3222 θείαν
2366 3167 2460 3222 τοῦ
2497 3167 2835 3234 Μονογενοῦς
2883 3169 2949 3238 τῇ
2988 3167 3250 3238 συγχύσει
3284 3165 3732 3236 τερατευόμενοι.

2157 3259 2255 3313 Διά
2289 3258 2445 3312 τοῦτο
2509 3259 2692 3312 πᾶσαν
2741 3259 2926 3320 αὐτοῖς
2963 3258 3107 3311 κατά
3163 3258 3263 3324 τῆς
3305 3258 3566 3326 ἀληθείας
3599 3258 3736 3310 ἀποο

2158 3348 2368 3403 κλεῖσαι
2432 3349 2688 3420 μηχανὴν
2734 3350 3037 3420 βουλομένη
3069 3353 3102 3420 ἡ
3150 3353 3405 3422 παροῦσα
3437 3351 3534 3404 νῦν
3592 3351 3734 3419 αὕτη

2159 3441 2291 3509 ἁγία
2321 3442 2418 3494 καὶ
2463 3442 2677 3512 μεγάλη
2721 3443 3082 3512 οίκουμενικὴ
3125 3442 3367 3508 σύνοδος,
3405 3443 3464 3495 τὸ
3511 3441 3605 3496 τοῦ
3633 3458 3737 3510 κη-
3825 3476 3844 3484 -

2162 3534 2445 3605 ρύγματος
2473 3535 2682 3589 ἀνωθεν
2699 3535 2997 3588 ἀσάλευτον
3029 3534 3342 3600 ὲκδικοῦσα,
3371 3533 3539 3604 ὥρισε
3565 3550 3738 3604 προη-

2158 3627 2443 3694 γουμένως
2471 3627 2581 3681 τῶν
2613 3627 2944 3698 τριακοσίων
3009 3633 3080 3698 ιη’
3130 3627 3302 3694 ἁγίων
3348 3627 3610 3697 Πατέρων
3635 3627 3738 3696 τὴν

2159 3717 2345 3772 πίστιν
2403 3719 2588 3788 μένειν
2637 3719 3138 3793 ἀπαρεγχείρητον.
3194 3721 3306 3773 Καὶ
3361 3719 3462 3789 μὲν
3519 3720 3584 3788 δὴ
3637 3718 3736 3771 καὶ

2159 3809 2285 3872 τοὺς
2317 3809 2394 3879 τῷ
2427 3809 2711 3880 Πνεύματι
2739 3809 2819 3880 τῷ
2865 3811 3007 3880 ἀγίῳ
3044 3811 3415 3880 μαχομένους,
3454 3809 3556 3879 τὴν
3604 3809 3736 3880 χρό-

2161 3918 2285 3966 νους
2321 3901 2550 3972 ὕστερον
2579 3901 2732 3972 παρὰ
2764 3901 2874 3954 τῶν
2909 3901 3002 3953 ἐπὶ
3062 3902 3158 3970 τῆς
3203 3900 3597 3971 βασιλευούσης
3640 3900 3739 3954 πό-

2159 3993 2296 4057 λεως
2325 3999 2405 4064 ρν¹
2435 3993 2806 4047 συνελθόντων
2835 3995 3100 4064 Πατέρων
3135 3993 3266 4063 περὶ
3297 3994 3396 4062 τῆς
3433 3992 3526 4047 τοῦ
3559 3992 3737 4047 Πνεῦ-

2165 4103 2334 4157 ματος
2371 4084 2562 4148 οὐσίας
2594 4083 2999 4152 παραδοθείσης
3035 4086 3213 4154 κυροῖ,
3245 4085 3311 4155 ἢν
3341 4084 3540 4137 ἐκεῖνοι
3567 4084 3736 4136 πᾶσιν

2162 4176 2471 4248 ἐγνώρισαν
2494 4176 2593 4246 οὐχ
2616 4174 2691 4238 ὦς
2715 4192 2768 4229 τι
2790 4174 2978 4228 λεῖπον
3010 4177 3120 4236 τοῖς
3153 4173 3519 4244 προλαϐοὖσιν
3550 4175 3737 4226 ἐπεισ-

2164 4266 2433 4328 ἀγοντες,
2487 4265 2623 4318 ἀλλὰ
2679 4265 2781 4333 τὴν
2834 4264 2987 4333 παρὰ
3041 4263 3136 4315 τοῦ
3198 4263 3357 4330 ἁγίου
3418 4263 3734 4332 Πνεύματος

2165 4355 2355 4420 αὐτού,
2394 4355 2512 4408 ἔνια
2543 4356 2688 4408 κατά
2735 4355 2836 4425 τὴν
2865 4354 3032 4408 αὐτοῦ
3083 4355 3408 4408 δεσποτείαν
3456 4354 3739 4426 αὐθεντεῖν

2166 4450 2526 4521 πειρώμενοι,
2573 4449 2881 4518 γραφικαῖς
2939 4447 3272 4519 μαρτυρίαις
3324 4447 3734 4516 τρανὼσαντες.

489 4534 766 4590 stimoniis
802 4534 857 4588 in
883 4534 1147 4602 scriptum
1178 4535 1385 4601 relatis,
1408 4535 1607 4591 clarius
1628 4537 2053 4607 promulgarent.

2167 4543 2267 4596 Διά
2292 4543 2348 4596 δὲ
2371 4543 2496 4605 τοὺς
2516 4541 2578 4595 τὸ
2598 4541 2697 4610 τῆς
2725 4541 3040 4610 οἰκονομίας
3080 4537 3478 4609 παραφθείρειν
3495 4537 3740 4608 τολμῶν-

488 4624 723 4692 Propter
747 4639 843 4679 eos
875 4640 1008 4679 vero
1036 4626 1130 4695 qui
1187 4626 1510 4681 mconomim
1540 4636 1596 4682 et
1631 4627 2061 4698 dispensationis

492 4713 816 4786 mysterium
865 4715 1409 4785 depravareaudent,
1435 4727 1491 4772 et
1516 4719 1608 4788 qui
1650 4734 1714 4773 ex
1752 4718 1918 4774 Maria
1947 4721 2067 4776 Vir-

493 4808 621 4879 gine
676 4815 840 4863 natus
863 4816 969 4872 est,
1005 4823 1216 4863 merum
1259 4808 1536 4864 hominem
1563 4827 1685 4868 esse
1719 4812 2065 4882 impudenter

490 4910 544 4953 ct
570 4899 883 4954 conviciose
913 4899 1124 4965 dicunt,
1153 4899 1294 4953 beati
1313 4899 1523 4971 Cyrilli,
1549 4903 1641 4971 qui
1682 4903 2064 4960 Alexandrinae

490 4987 751 5042 Ecclesiae
784 4995 974 5057 pastor
996 4987 1120 5055 fuit,
1145 4989 1435 5059 synodales
1455 4991 1714 5060 epistolas
1766 4993 1833 5047 ad
1867 4993 2063 5050 Nesto-

495 5081 640 5134 rium
671 5089 729 5135 et
774 5079 1079 5136 Orientales
1133 5083 1420 5152 episcopos
1475 5085 1648 5149 datas,
1705 5085 1852 5154 quod
1917 5097 2064 5142 recte

407 5242 413 5248 Ι
493 5173 712 5243 scripta:
737 5173 866 5238 sint,
916 5187 1041 5228 cum
1069 5172 1136 5227 ad
1190 5173 1424 5228 Nestorii
1446 5190 1700 5230 vesanam
1730 5175 2062 5232 dementiam

495 5269 862 5333 refutandam,
897 5279 1012 5323 tum
1041 5269 1108 5322 ad
1146 5270 1473 5324 sententiam
1509 5270 1760 5325 salutaris
1798 5269 2064 5342 Symboli,

423 5403 434 5412 .
495 5360 577 5414 eis
633 5360 872 5430 quieam
922 5361 1012 5430 pio
1046 5360 1245 5414 ardore
1284 5361 1593 5430 requirunt,
1649 5360 2064 5422 declarandam,

495 5451 740 5520 recepit:
798 5451 1000 5517 quibus
1035 5453 1324 5521 epistolam
1356 5467 1575 5521 quoque
1634 5451 1883 5505 maxima:
1913 5451 2065 5506 urbis

496 5541 696 5594 veteris
715 5541 898 5594 Roma:
920 5544 1200 5609 antistitis,
1225 5543 1523 5598 beatissimi
1541 5550 1595 5597 et
1622 5543 1950 5596 sanctissimi
1976 5560 2064 5596 ar-

605 5655 620 5684 ‘
655 5652 814 5707 Joan.
850 5669 960 5720 xtv,
992 5654 1082 5706 27.

2169 4651 2269 4698 τας
2313 4633 2638 4706 μυστήριον,
2683 4632 2780 4685 καὶ
2820 4630 2977 4701 ψιλὸν
3009 4630 3296 4699 ἄνθρωπον
3339 4629 3428 4681 τδν
3459 4630 3611 4699 παρὰ
3641 4630 3740 4697 τῆς

2167 4723 2331 4790 ἁγίας
2387 4720 2661 4790 Παρθένου
2707 4719 2970 4789 τεχθέντα
3022 4717 3242 4786 Μαρίας
3278 4715 3516 4778 ἀναιδῶς
3567 4716 3738 4768 λοιδο-

2171 4813 2418 4884 ροῦντας,
2455 4811 2552 4874 τάς
2584 4809 2679 4864 τού
2717 4809 2989 4881 μακαρίου
3021 4806 3293 4877 Κυρίλλου
3323 4804 3417 4858 τού
3445 4805 3543 4873 τῆς
3583 4804 3736 4856 Ἀλε-

2171 4905 2439 4974 ξανδρέων
2468 4901 2798 4970 Ἐκκλησίας
2829 4899 3127 4968 γενομένου
3163 4897 3420 4967 ποιμένος
3453 4895 3741 4955 συνοδικάς

2167 4996 2459 5055 ἐπιστολὰς
2493 4994 2628 5062 πρός
2669 5009 2732 5059 γε
2783 4990 3082 5059 Νεστόριον
3134 4990 3228 5042 καὶ
3275 4987 3413 5058 πρὸς
3463 4987 3591 5048 τοὺς
3641 4987 3741 5053 τῆς

2181 5082 2477 5152 Ἀκατολῆς
2509 5079 2838 5140 ἐπισκόπους
2869 5076 3159 5146 ἁρμοδίως
3191 5074 3352 5135 οὔσας
3395 5072 3632 5136 ἐδέξατο,
3655 5072 3736 5133 είς

2171 5175 2392 5245 ἔλεγχον
2445 5172 2544 5242 μὲν
2579 5171 2678 5240 τῆς
2725 5167 3024 5238 Νεστορίου
3082 5163 3536 5236 φρενοϐλαϐείας,
3569 5163 3742 5230 ἑρμη-

2171 5267 2323 5318 νείαν
2354 5265 2411 5316 δὲ
2441 5263 2550 5316 τῶν
2585 5264 2641 5314 ὲν
2680 5259 2896 5313 εύσεὸεῖ
2929 5258 3078 5329 ζήλῳ
3103 5257 3198 5310 τοῦ
3233 5255 3504 5326 σωτηρίου
3534 5250 3741 5319 συμόό-

2170 5356 2265 5410 λου
2300 5356 2610 5410 ποθούντων
2657 5355 2757 5421 τὴν
2785 5353 2992 5404 ἔννοιαν
3019 5367 3032 5380 ⁸
3069 5348 3155 5412 αἷς
3187 5350 3281 5402 καὶ
3310 5348 3409 5418 τὴν
3448 5341 3740 5412 ἐπιστολὴν

2170 5451 2266 5502 τοῦ
2305 5450 2401 5516 τῆς
2448 5447 2714 5517 μεγίστης
2757 5444 2852 5496 καὶ
2898 5441 3276 5513 πρεσϐυτέρας
3313 5438 3532 5508 Ῥώμης
3577 5433 3743 5504 προέ-

2171 5545 2300 5612 δρου
2330 5541 2422 5594 τοῦ
2461 5538 2882 5609 μακαριωτάτου
2920 5537 3013 5589 καὶ
3049 5537 3358 5603 ἁγιωτάτου
3385 5525 3740 5602 ἀρχιεπισκόσ

583 5794 658 5863 (1)
692 5790 750 5846 L.
779 5793 1038 5856 Quoniam
1073 5789 1385 5844 uenerabilis
1444 5787 1527 5858 (C.
1565 5787 1638 5841 De
1667 5787 1835 5856 episc.
1863 5796 1915 5842 ct
1959 5783 2142 5841 cieric.
2176 5785 2233 5840 ι.
2260 5783 2564 5854 Quicunque
2594 5787 2784 5843 iit/iac.
2819 5787 2880 5843 (1.
2920 5787 2994 5842 De
3028 5784 3218 5840 lueret.
3244 5793 3299 5841 et
3328 5778 3588 5848 Manich.)
