2059 3243
122 254 130 261 .
175 217 211 248 25

183 284 235 302 που
257 274 384 306 Λιοντος,
414 273 463 309 τὴν
487 274 638 309 γραφεῖσαν
666 273 734 307 rrpr
760 273 805 299 τὸν
830 273 858 299 ἐν
882 273 971 306 ἁγίοις
987 278 1008 305 Α

186 322 404 357 ἁρχιεπίσκοπον
424 320 585 352 Φλασιανόν,
602 319 645 346 ἐπ’
664 320 807 355 ἀναιρέσει
826 321 874 353 τῆς
889 321 973 346 Εὐτυ-

185 369 249 402 χοῡς
274 367 420 397 κακονοίας
436 374 443 381 ·
459 367 553 401 ἥντινα
580 367 614 401 τῇ
645 365 692 391 τοῦ
717 365 835 399 μεγάλου
867 365 972 399 Πέτρου

187 413 316 448 ὁμολογία
333 412 548 447 συμϐαίνουσαν,
566 412 659 446 κοινήν
673 419 737 438 τινα
758 411 860 446 στήλην
881 411 973 446 ὑπάρ-

188 467 287 494 χουσαν
308 458 379 484 κατὰ
400 459 456 484 τῶν
479 458 708 490 κακοδοξοῦντων,
734 457 848 488 εῑκότως
874 457 973 491 συνήρ-

191 513 256 539 μοσε
283 505 350 540 πρὸς
374 504 424 540 τὴν
442 504 496 530 τῶν
524 504 613 539 ὀρθῶν
637 504 781 538 δογμάτων
814 502 971 537 βεϐαῗωσιν.

190 553 252 584 Τοῖς
269 562 298 579 τε
313 554 367 587 γὰρ
389 554 429 584 εἰς
447 553 514 578 υἱῶν
529 552 614 579 δυάδα
630 552 658 578 τὸ
674 551 725 585 τῆς
741 551 899 585 οἰκονομίας
915 551 973 576 δια-

191 600 261 634 σπᾷν
273 600 442 634 ἐπιχειροῦσι
456 599 606 634 μυστήριον
616 599 835 633 παρατάττεται,
852 598 898 623 καὶ
910 598 973 627 τοὺς

193 645 315 679 παθητὴν
330 645 419 677 λέγειν
433 645 590 680 τολμῶντας
603 645 650 671 τοῦ
667 644 837 678 Μονογενοῦς
853 644 901 678 τὴν
914 644 959 669 0εὸ

191 699 259 724 τητα
273 690 326 716 τῶν
344 690 424 725 ιερῶν
438 690 588 716 ἀπωθεῖται
606 689 744 722 συλλόγων
756 696 762 703 ·
780 690 828 714 καὶ
853 690 909 718 τοῖς
928 688 973 712 ἐπὶ

192 737 245 762 τῶν
261 735 306 762 δύο
330 736 438 770 φύσεων
458 735 506 762 τοῦ
534 734 653 769 Χριστοῦ
673 735 772 768 κρᾶσιν
796 734 812 764 ἢ
842 733 973 767 σύγχυσιν

191 781 344 807 ἐπινοοῦσιν
359 781 538 807 ἀνθίσταται·
557 782 606 807 καὶ
621 780 683 811 τοὺς
699 780 827 814 οὐράνιον
842 780 858 813 ἢ
876 779 972 812 ἑτέρας

191 826 263 858 τινὸς
277 826 370 858 οὐσίας
385 826 435 861 τὴν
450 826 477 858 ἐξ
493 826 572 861 ἡμῶν
587 825 738 860 ληφθεῖσαν
753 824 827 859 αὐτῷ
846 824 889 850 τοῦ
913 823 973 849 δού-

191 873 238 899 λου
252 873 357 907 μορφὴν
370 873 579 906 παραπαίοντας
610 872 758 904 ἐξελαύνει.
779 871 834 897 Καὶ
858 870 905 896 δύο
924 870 972 903 μὲν

192 918 245 952 πρὸ
261 919 308 952 τῆς
333 918 454 949 ἐνώσεως
471 918 567 952 φύσεις
590 918 638 944 τοῦ
663 917 766 951 Κυρίου
794 916 971 950 μυθεύοντας,

192 965 258 998 μίαν
275 964 302 990 δὲ
320 964 387 997 μετὰ
400 965 449 998 τὴν
467 964 565 990 ἕνωσιν
582 963 817 992 ἀναπλάττοντας,
833 961 972 994 ἀναθεμα-

192 1008 273 1040 τίζει.
295 1009 438 1042 Ἐπόμενοι
454 1008 544 1034 τοίνυν
559 1010 615 1037 τοῖς
634 1007 723 1041 ἁγίοις
752 1006 904 1040 Πατράσιν,
925 1005 972 1030 ἔνι

191 1055 237 1080 καὶ
254 1054 299 1079 τὸν
313 1054 392 1080 αὑτὸν
415 1054 601 1088 ὁμολογοῦμεν
622 1053 687 1079 Υὶδν
703 1053 747 1079 τὸν
775 1052 877 1086 Κύριον
892 1051 972 1085 ἡμῶν

197 1099 299 1134 Ἰησοῦν
317 1099 451 1135 Χριστόν·
471 1100 518 1126 καὶ
546 1099 700 1134 συμφώνως
724 1098 844 1128 ἅπαντες
868 1097 972 1123 ἐκδιδα-

990 949 1009 975 8

192 1156 291 1182 σκομεν
303 1148 402 1174 τέλειον
417 1147 462 1173 τὸν
475 1147 556 1173 αὐτὸν
570 1148 598 1172 ὲν
612 1146 732 1180 Θεότητι,
746 1146 794 1172 καὶ
808 1145 912 1171 τέλειον
924 1145 970 1170 τον

191 1193 272 1219 αὑτὸν
289 1193 316 1219 ἐν
331 1191 532 1227 ἀνθρωπότητι,
549 1192 615 1218 Θεὸν
628 1191 747 1225 ἀληθῶς,
765 1191 812 1217 καὶ
827 1190 971 1224 ἄνθρωπον

190 1239 307 1273 ἀληθῶς,
322 1239 366 1264 τὸν
379 1238 459 1265 αὐτὸν
478 1239 509 1264 ὲκ
531 1237 621 1273 ψυχῆς
641 1238 756 1272 λογικῆς
772 1238 818 1264 καὶ
833 1237 969 1271 σώματος.

160 1281 167 1287 ’
190 1285 331 1318 ὀμοούσιον
345 1285 383 1318 τῷ
401 1285 489 1319 [largi
510 1285 581 1310 κατᾶ
592 1284 641 1318 τὴν
658 1284 784 1318 θεότητα,
803 1284 850 1310 καὶ
874 1283 971 1318 ὀμοού-

191 1339 249 1358 σιον
263 1332 329 1366 ἡμῖν
340 1331 385 1357 τὸν
400 1331 481 1357 αὐτὸν
505 1333 575 1357 κατὰ
592 1331 642 1366 τὴν
672 1330 882 1365 ἀνορωπὸτητα,
900 1330 970 1356 κατὰ

190 1376 278 1403 πάντα
301 1373 393 1411 ὅμοιον
410 1377 476 1410 ἡμῖν
501 1375 585 1410 χωρὶς
610 1375 760 1410 ἁμαρτίας,
785 1374 837 1409 πρὸ
863 1374 970 1401 αἰώνων

191 1423 241 1458 μὲν
256 1424 288 1450 ὲκ
309 1423 355 1449 τοῦ
371 1423 478 1456 Πατρος
493 1422 658 1456 γεννηθέντα
681 1422 751 1447 κατὰ
774 1421 822 1456 τὴν
842 1421 969 1454 Θεότητα,

188 1469 232 1495 ἐπ’
251 1468 369 1504 ὲσχάτων
386 1468 415 1495 δὲ
428 1468 482 1494 τῶν
500 1468 611 1503 ἡμερῶν
623 1468 669 1494 τὸν
688 1467 769 1494 αὑτὸν
783 1467 817 1493 δι’
833 1468 907 1502 ἡμᾶς
923 1467 969 1492 καὶ

189 1515 235 1542 διὰ
247 1516 296 1550 τὴν
308 1515 448 1550 ἡμετέραν
464 1515 601 1550 σωτηρίαν
616 1515 647 1540 ὲκ
662 1515 774 1548 Μαρίας
789 1515 839 1548 τῆς
865 1514 969 1548 παρθέ-

188 1569 236 1588 νου
249 1561 295 1587 καὶ
309 1560 440 1587 Θεοτόκου
463 1561 533 1587 κατὰ
548 1561 597 1595 τὴν
620 1560 830 1595 ἀνθρωπότητα.
853 1559 901 1585 ἕνα
923 1559 969 1585 καὶ

187 1607 233 1633 τὸν
247 1606 327 1632 αὐτὸν
339 1606 443 1641 Ἰησοῦν
456 1606 571 1641 Χριστὸν
584 1606 646 1632 Υιὺν
659 1605 706 1631 καὶ
718 1605 822 1640 Κύριον
836 1607 968 1639 μονογενῆ
983 1618 1004 1647 c

188 1653 217 1679 ἐν
231 1651 278 1678 δύο
294 1651 417 1686 φύσεσιν,
434 1650 606 1686 ἀσυγχύτως,
622 1650 778 1685 ἀτρέπτως,
796 1650 968 1684 ὰδιαιρέτως,

187 1695 345 1731 ὰχωρίστως
360 1695 561 1730 γνωριζόμενον
573 1703 581 1710 ·
597 1692 716 1729 οὐδαμοῦ
732 1694 782 1728 τῆς
796 1694 850 1720 τῶν
861 1694 970 1727 φύσεων

186 1742 360 1778 ἀνῃρημένης
375 1741 505 1776 διαφορᾶς
528 1741 572 1767 διὰ
598 1741 647 1774 τὴν
661 1741 759 1767 ἕνωσιν
773 1761 780 1772 ,
810 1740 969 1775 σωζομένης

187 1789 216 1816 δὲ
235 1788 332 1824 μᾶλλον
347 1788 397 1820 τῆς
422 1788 552 1823 ἰδιότητος
569 1788 704 1823 ἑκατέρας
728 1788 847 1822 φύσεως,
864 1788 910 1814 καὶ
930 1788 969 1819 εἰς

188 1834 217 1862 εν
232 1834 378 1869 πρόσωπον
388 1834 435 1860 καὶ
449 1834 512 1868 μίαν
526 1834 676 1860 ὑπόστασιν
686 1834 886 1868 συντρεχούσης
897 1841 903 1848 ·
921 1833 969 1867 οὐχ

187 1880 225 1910 ὡς
242 1880 280 1910 εἰς
296 1880 342 1906 δύο
359 1879 493 1914 πρόσωπα
519 1879 700 1914 μεριζόμενον
721 1879 736 1913 ἢ
764 1878 967 1912 διαιρούμενον,

187 1924 245 1952 ἀλλ’
259 1924 306 1951 ἕνα
334 1924 380 1951 καὶ
397 1924 441 1951 τὸν
456 1922 535 1951 οἶύτδν
555 1924 615 1950 Υὶδν
635 1924 767 1958 μονογενῆ
796 1923 862 1949 Θεὶν
883 1923 969 1955 Λόγον

187 1972 288 2007 Κύριον
302 1971 405 2007 Ἰησοῦν
429 1972 563 2007 Χριστόν·
593 1971 720 2005 καθάπερ
739 1969 841 1997 ἄνωθεν
858 1970 882 1996 οἱ
902 1978 969 2003 προ-

188 2010 275 2054 φῆται.
297 2020 361 2053 περὶ
384 2017 468 2045 αὑτοῦ
496 2018 542 2044 καὶ
559 2017 639 2048 αὐτὸς
656 2017 730 2052 ἡμᾶς
752 2016 765 2042 ὁ
793 2016 895 2049 Κύριος
913 2015 969 2047 ἐξε-

187 2064 327 2097 παίδευσε,
349 2065 397 2092 καὶ
420 2065 450 2091 τὸ
474 2065 526 2091 τῶν
550 2064 680 2099 Πατέρων
701 2064 768 2098 ἡμῖν
791 2062 969 2097 παραδέδωκε

188 2110 329 2146 σύμὸολον.
348 2120 358 2137 ι

482 2270 608 2310 ΚΕΦΔΛτ
628 2268 666 2296 Z'.

256 2329 325 2363 Περὶ
338 2329 397 2356 τῶν
409 2328 514 2356 ἄλλων
530 2328 549 2355 ἃ
560 2329 578 2362 ἡ
594 2327 725 2359 σύνοδος
737 2327 903 2359 διετάξατο.

222 2386 330 2413 Τούτων
350 2385 441 2412 τοίνυν
456 2385 524 2420 μετὰ
540 2385 631 2420 πάσης
649 2384 795 2417 ἀκριϐείας
810 2392 839 2410 τε
858 2384 905 2410 καὶ
919 2384 970 2417 Ep.-

187 2433 296 2468 μελείας
313 2432 377 2467 παρ’
399 2431 478 2466 ἡμῶν
494 2430 733 2461 διατυπωθέντων,
749 2430 850 2464 ὥρισεν
865 2430 881 2463 ὴ
905 2429 971 2462 ἁγία

186 2478 235 2505 καὶ
251 2476 428 2512 οἱκουμενικὴ
447 2475 553 2507 σύνοδος
571 2477 670 2509 ἑτέραν
684 2475 777 2501 πίστιν
795 2475 890 2509 μηδενὶ
902 2473 971 2505 ἐξεῖ-

188 2534 231 2550 ναι
248 2524 408 2558 προφέρειν,
431 2521 481 2549 εἴτ’
501 2520 547 2548 οὖν
573 2521 784 2556 συγγράφειν,ἢ
804 2520 970 2551 συντιῦέναι,

147 2588 150 2591 «
187 2570 204 2606 ἦ
223 2571 343 2605 φρονεῖν,
360 2569 377 2604 ἢ
397 2568 534 2595 διδάσκειν
558 2568 672 2602 ἐτέρους
687 2577 693 2583 ·
708 2569 773 2598 τοὺς
796 2567 824 2593 δὲ
848 2567 972 2601 τολμῶν-

187 2624 238 2646 τας
259 2617 276 2651 ἢ
300 2615 456 2642 συντιθέναι
481 2615 573 2641 πίστιν
599 2615 709 2650 ἑτέραν,
727 2615 812 2649 ἤγουν
835 2613 972 2648 προκομί-

187 2661 256 2694 ζειν,
276 2661 292 2696 ἦ
310 2661 459 2692 διδάσκειν,
474 2659 490 2694 ἢ
508 2660 690 2695 παραδιδόναι
715 2660 809 2694 ἕτερον
835 2659 972 2694 σύμῦολον

186 2708 243 2738 τοῖς
259 2707 398 2733 ἐθέλουσιν
414 2707 596 2741 ἐπιστρέφειν
617 2707 656 2738 είς
674 2707 824 2740 ἐπίγνωσιν
841 2705 972 2740 ἀληθείας

186 2754 216 2787 ἐξ
239 2752 418 2788 Ἑλληνισμοῦ
435 2753 483 2780 καὶ
500 2752 707 2787 Ίουδαῖσμοῦ,ῆ
726 2752 755 2784 ἐξ
772 2752 870 2786 ἐτέρας
897 2752 972 2787 αἰρέ-

189 2808 257 2831 usu);
277 2799 336 2831 οῐας
350 2799 382 2834 δή
405 2807 485 2831 ποτε,
505 2798 629 2830 τούτους,
643 2799 667 2824 εί
685 2799 735 2833 μὲν
752 2799 898 2825 ἐπίσκοποι
916 2797 972 2824 εἷεν

187 2846 203 2881 ἢ
221 2844 358 2879 ιληρικοὶ,
376 2843 536 2879 ἀλλοτρίους
558 2842 629 2870 εἶναι
651 2844 714 2875 τοὺς
737 2844 906 2875 ἐπισκόπους
923 2846 972 2879 τῆς

187 2893 352 2927 ἐπισκοπῆς,
369 2891 418 2918 καὶ
445 2891 508 2922 τοὺς
530 2891 680 2927 κληρικοῦς
698 2891 745 2918 τοῦ
770 2891 887 2926 κλῆρον’
902 2894 927 2918 εὶ
944 2892 972 2918 δὲ

190 2939 352 2975 μονάζοντες
369 2939 386 2975 ἦ
406 2939 499 2966 λαῖκοὶ
522 2937 588 2972 εῑεν,
611 2938 872 2974 ἀναθεματίζεσοχι.
894 2939 972 2966 Μετὰ

642 214 946 245 ECCLESIASTICE
966 214 1163 245 HlSTORI/E
1180 216 1252 245 LIB.
1274 216 1334 248 XV.

1781 215 1816 247 26

1023 273 1192 308 chiepiscopi
1218 273 1329 304 Leonis.
1361 273 1395 300 ad
1410 281 1473 301 eum
1486 274 1532 309 qui
1562 274 1590 301 in
1600 273 1703 301 sanctis
1716 277 1759 301 est
1773 280 1816 299 ar-

1025 319 1234 354 chiepiscopum
1267 319 1442 352 Flavianum,
1480 320 1639 348 refellenda
1655 319 1816 354 Eutychetis

1025 366 1226 393 tnalevolentim
1242 366 1331 400 gratia
1344 366 1490 399 scriptam,
1501 374 1562 401 quae
1572 365 1646 393 beati
1660 364 1735 392 Petri
1750 371 1816 391 con-

1024 412 1137 440 fessioni
1164 413 1305 446 convenit,
1336 419 1364 440 et
1392 413 1526 440 adversus
1542 420 1688 447 perperam
1700 416 1728 438 et
1743 410 1815 437 male

1024 458 1188 490 sentientes,
1208 459 1286 493 quasi
1314 458 1440 493 quredam
1469 459 1624 486 communis
1650 462 1678 485 et
1707 456 1817 492 publica

1024 505 1152 532 columna
1166 509 1217 537 est,
1233 505 1267 532 ad
1283 506 1409 539 dogmata
1424 509 1498 532 recta
1506 503 1705 536 conﬁrmanda,
1718 503 1817 530 merito

1024 551 1176 586 conjunxit.
1208 551 1276 578 Nam
1307 550 1441 578 adversus
1466 558 1515 577 eos
1537 550 1584 584 qui
1602 548 1817 584 dispensationis

1024 597 1198 630 mysterium,
1215 596 1243 623 in
1263 596 1334 623 duos
1346 596 1418 623 ﬁlios
1437 596 1592 623 distrahere
1604 600 1749 626 conantur.
1767 602 1818 628 pu-

1024 647 1089 677 gnat
1102 652 1109 670 :
1126 646 1153 670 et
1168 650 1217 670 eos
1231 643 1278 677 qui
1298 642 1439 677 Unigeniti
1454 642 1625 669 divinitatem
1646 640 1816 676 perpessioni

1024 689 1170 716 obnoxiam
1196 696 1257 716 esse
1273 689 1365 716 dicere
1378 688 1492 722 audent,
1520 688 1607 716 sacris
1623 687 1813 715 conventibus

1024 734 1154 762 excludit.
1183 734 1264 770 596
1290 735 1360 762 Tum
1385 739 1477 762 autent
1503 735 1545 762 eis
1572 741 1684 769 quoque
1714 733 1761 767 qui
1786 734 1816 759 in

1025 779 1131 807 duabus
1145 781 1247 808 Christi
1272 781 1379 808 naturis
1397 780 1556 808 mistionem
1575 784 1603 808 et
1624 779 1815 807 confusionem

1024 826 1282 860 comminiscuntur,
1297 826 1410 854 resistit.
1423 827 1477 854 Eos
1491 830 1623 861 praeterea
1635 826 1682 860 qui
1697 825 1816 853 caelestis

1030 876 1077 899 aut
1099 872 1215 899 alterius
1243 872 1405 907 cujusquam
1437 872 1564 899 essentia:
1606 879 1669 899 esse
1698 871 1818 898 delirant

1024 924 1106 952 quam
1122 925 1156 945 ex
1172 917 1252 945 nobis
1266 918 1318 945 sibi
1334 917 1484 952 assumpsit
1500 918 1571 945 servi
1589 917 1717 950 lormam,
1748 925 1817 951 pro-

1031 963 1140 991 scribit.
1156 963 1209 991 Eos
1227 964 1358 998 denique,
1373 964 1419 998 qui
1434 964 1502 990 duas
1517 963 1627 998 quidem
1647 968 1712 990 attte
1738 962 1818 989 ultio-

1024 1017 1086 1036 nem
1097 1010 1203 1037 Domini
1219 1015 1330 1037 naturas
1345 1009 1519 1044 proﬁtentur,
1533 1017 1614 1036 unam
1629 1013 1722 1035 autem
1753 1013 1820 1042 post.

1025 1055 1155 1082 unionem
1171 1055 1286 1087 faciunt.
1320 1048 1489 1084 anathemati
1513 1055 1635 1090 subjicit.
1655 1055 1749 1088 itaque
1765 1054 1815 1080 Pa-

1025 1103 1097 1126 trum
1113 1100 1236 1135 vestigiis
1266 1100 1435 1132 insistentes.
1463 1109 1548 1128 unum
1576 1105 1659 1135 atque
1687 1100 1815 1126 eumdem

1024 1146 1185 1180 proﬁtetnur
1201 1154 1262 1174 esse
1286 1146 1400 1178 Filium,
1417 1147 1562 1174 Dominum
1588 1151 1711 1173 nostrum
1724 1145 1817 1173 Jesum

1022 1192 1177 1219 Christum:
1191 1196 1219 1220 et
1230 1201 1284 1220 una
1297 1201 1365 1220 voce
1379 1201 1475 1220 omnes
1509 1192 1727 1227 depra-dicamus
1756 1199 1817 1226 pcr-

1022 1238 1123 1266 fectum
1135 1240 1262 1266 eutndem
1279 1240 1306 1266 in
1320 1239 1476 1272 divinitate,
1487 1244 1514 1266 et
1524 1239 1675 1273 perfectum
1686 1238 1816 1266 eumdem

1022 1284 1050 1311 in
1078 1283 1260 1317 humanitate,
1278 1284 1364 1312 Deum
1384 1293 1480 1312 verum
1500 1289 1528 1312 et
1548 1285 1691 1312 hominem
1712 1291 1816 1314 verum,

1021 1329 1148 1357 eumdem
1164 1338 1197 1357 ex
1213 1331 1340 1359 rationali
1352 1331 1443 1358 animo
1458 1335 1486 1358 ct
1504 1338 1619 1365 corpore
1633 1330 1816 1357 consubstan-

1022 1376 1115 1404 tialem
1132 1376 1203 1403 Patri
1223 1377 1374 1404 secundum
1392 1376 1576 1408 divinitatem,
1591 1382 1619 1402 et
1635 1376 1815 1403 consubstan-

1023 1422 1113 1449 tialem
1145 1422 1226 1450 nobis
1241 1423 1394 1450 secundum
1414 1423 1626 1453 humanitatem,
1646 1429 1693 1456 per
1717 1421 1811 1448 omnia

1021 1469 1103 1496 nobis
1127 1470 1260 1503 aqualem
1274 1469 1378 1504 absque
1397 1473 1522 1504 peccato,
1543 1473 1607 1496 ante
1633 1468 1733 1495 srecula
1757 1468 1816 1503 qui-

1022 1514 1083 1542 dem
1100 1522 1134 1542 ex
1156 1515 1239 1542 Patre
1262 1515 1413 1543 secundum
1438 1514 1623 1546 divinitatem,
1637 1513 1664 1540 in
1684 1513 1817 1541 extremis

1021 1565 1113 1588 autem
1123 1561 1221 1589 diebus
1235 1561 1378 1594 eumdem,
1398 1564 1512 1595 propter
1528 1567 1579 1587 nos
1596 1564 1625 1586 et
1640 1563 1751 1594 propter
1769 1566 1817 1585 ιιο-

1021 1612 1105 1635 stram
1122 1607 1249 1639 salutent,
1271 1614 1304 1634 ex
1320 1607 1405 1634 Maria
1421 1607 1533 1642 Virgine
1557 1611 1582 1634 et
1601 1606 1650 1634 Dei
1675 1605 1817 1633 Genitrice

1020 1653 1172 1681 secundum
1186 1653 1384 1681 humanitatem
1400 1653 1534 1688 genitum,
1545 1660 1629 1679 uttttm
1643 1656 1671 1679 et
1690 1651 1820 1679 eumdem

1020 1699 1113 1728 Jesum
1130 1699 1267 1727 Christum
1280 1699 1379 1727 Filium
1390 1705 1418 1727 et
1430 1699 1577 1726 Dominum
1601 1697 1773 1733 unigenitum
1790 1698 1818 1725 in

1021 1745 1129 1773 duabus
1143 1747 1248 1774 naturis
1263 1746 1417 1778 inconfuse,
1444 1745 1665 1778 lmmulabililer,
1683 1744 1814 1775 indivise.

1022 1790 1257 1826 insegregabiliter
1286 1791 1426 1826 cognitum
1461 1796 1543 1825 atque
1575 1790 1811 1825 depratdicatum:

1022 1836 1234 1872 haudquaquam
1254 1842 1414 1864 naturarum
1437 1836 1619 1864 differentiam
1641 1836 1743 1863 unione
1758 1835 1810 1863 tol-

1021 1884 1105 1915 lente,
1120 1883 1168 1911 sed
1201 1884 1396 1918 proprietatem
1427 1884 1519 1919 potius
1543 1883 1687 1918 utriusque
1702 1886 1807 1909 natura:

1021 1934 1213 1962 conservante,
1223 1930 1320 1964 qurein
1334 1937 1478 1964 personam
1493 1936 1575 1956 unam
1588 1928 1813 1956 concurritmon

1020 1975 1105 2002 veluti
1121 1976 1148 2002 itt
1176 1975 1244 2003 duas
1267 1983 1397 2010 personas
1421 1975 1596 2010 dispertitum
1612 1979 1664 2001 aut.
1683 1974 1817 2004 divisum,

1021 2021 1068 2048 sed
1091 2028 1177 2048 unum
1206 2026 1234 2048 et
1261 2022 1389 2048 eumdem
1407 2021 1506 2048 Filium
1534 2021 1705 2055 unigenitum
1732 2019 1818 2047 Deum

1020 2065 1141 2094 Verbum
1151 2065 1295 2093 Dominum
1311 2070 1436 2093 nostrum
1447 2066 1540 2093 Jesum
1551 2065 1689 2093 Christum
1704 2074 1711 2092 :
1723 2073 1819 2100 quem—

1021 2111 1170 2139 admodum
1194 2110 1349 2146 antiquitus
1375 2111 1525 2147 prophetae,
1551 2115 1580 2139 ct
1599 2111 1657 2146 ipse
1675 2111 1709 2138 de
1721 2111 1812 2146 seipso

1021 2164 1072 2193 nos
1090 2156 1184 2184 docuit
1200 2156 1338 2190 Christus,
1357 2163 1384 2184 et
1408 2157 1568 2193 Symbolum
1595 2157 1709 2185 Patrum
1738 2158 1821 2187 nobis

1022 2192 1145 2230 li‘adidit.
1167 2213 1178 2229 ι

1271 2261 1353 2296 597
1372 2261 1487 2290 CAPUT
1512 2261 1568 2290 Vll.

1121 2319 1159 2346 De
1177 2319 1286 2355 reliquis
1299 2319 1386 2354 rebus,
1400 2328 1467 2355 quas
1482 2320 1599 2356 synodus
1611 2322 1717 2349 statuit.

1060 2376 1108 2405 His
1118 2377 1202 2413 igitur
1212 2385 1274 2405 cutn
1285 2385 1350 2405 cura
1358 2383 1386 2405 et
1396 2378 1540 2413 diligentia
1548 2377 1648 2406 omnia
1661 2378 1741 2407 nobis
1750 2386 1819 2406 con-

1023 2423 1138 2457 stitutis,
1155 2431 1250 2451 saneta
1262 2428 1291 2451 et
1306 2424 1472 2451 universalis
1490 2423 1612 2460 synodus
1627 2425 1760 2458 decrevit,
1783 2429 1816 2452 ut

1023 2470 1129 2497 nemini
1159 2472 1242 2499 liceat
1258 2471 1339 2498 aliter
1358 2471 1473 2503 sentire,
1491 2475 1538 2498 aut
1558 2471 1639 2498 ﬁdem
1658 2471 1737 2499 aliam
1752 2478 1818 2506 pro-

1023 2516 1107 2546 ferre.
1122 2517 1166 2544 vel
1179 2517 1366 2550 conscribere,
1380 2517 1423 2545 vel
1441 2525 1619 2552 componere,
1630 2518 1672 2545 vel
1685 2517 1753 2544 alios
1766 2517 1818 2544 do-

1024 2570 1098 2590 cere.
1123 2562 1286 2598 Quicunque
1303 2569 1394 2590 autent
1422 2563 1482 2602 ausi
1499 2563 1603 2591 fuerint
1628 2564 1709 2591 ﬁdem
1736 2562 1821 2589 aliam

1024 2612 1200 2644 componere,
1212 2615 1259 2637 aut
1273 2610 1405 2644 proferre,
1419 2615 1466 2637 aut
1478 2610 1589 2642 docere,
1600 2614 1648 2636 aut
1662 2608 1818 2645 symbolum

1024 2658 1098 2685 aliud
1110 2659 1150 2686 eis
1159 2659 1268 2686 tradere
1276 2658 1323 2693 qtti
1332 2666 1365 2685 ex
1374 2658 1469 2687 Graeca
1481 2657 1677 2693 superstitione
1689 2661 1717 2685 et
1727 2657 1827 2685 Judais

1024 2714 1094 2739 smo,
1111 2706 1153 2733 vel
1167 2706 1220 2733 alia
1251 2713 1419 2741 quacunque
1441 2705 1538 2733 hzeresi
1551 2709 1717 2732 convertere
1742 2713 1772 2732 se
1784 2705 1824 2732 ad

1024 2752 1149 2780 veritatis
1163 2752 1349 2789 cognitionem
1365 2752 1515 2784 voluerint,
1537 2758 1597 2784 eos,
1610 2750 1746 2785 siquidem
1758 2751 1819 2787 epi-

1024 2800 1100 2834 scopi
1117 2805 1164 2827 aut
1174 2800 1268 2827 clerici
1281 2798 1395 2832 fuerint,
1405 2798 1439 2826 ab
1451 2798 1612 2833 episcopatu
1624 2803 1652 2825 et
1664 2797 1739 2825 clero
1748 2797 1824 2824 alie-

1026 2847 1137 2879 nos,sin
1147 2851 1237 2874 autem
1250 2846 1376 2873 monachi
1391 2850 1439 2873 aut
1448 2845 1510 2873 laici
1525 2845 1638 2877 fuerint,
1649 2844 1826 2873 anathemati

1026 2893 1166 2928 subjectos
1180 2900 1240 2921 esse
1255 2892 1366 2920 debere.
1380 2891 1445 2920 Post
1460 2896 1518 2920 haec
1531 2892 1683 2928 imperator
1700 2892 1824 2919 Marcia-

1025 2948 1088 2973 nus,
1116 2940 1164 2976 qui
1186 2939 1292 2975 synodo
1324 2938 1462 2973 interfuit,
1486 2939 1531 2968 ubi
1553 2947 1585 2967 ea
1602 2947 1664 2973 quae
1680 2947 1729 2972 par
1743 2938 1835 2967 erat."
