4118 6502
476 428 548 493 27
1727 429 2152 490 NlCEPnORI
2192 408 2536 492 CALLISTI
3688 427 3762 490 es

476 558 577 611 pro
598 543 860 599 concione
882 542 1038 607 dixit,
1063 545 1117 599 in
1135 525 1474 614 imperialem
1498 553 1848 599 estrevcrsus
1872 541 2078 595 aulam.

2183 541 2240 594 δὲ
2289 543 2448 594 τοῦτο
2495 546 2590 595 καὶ
2627 542 2883 612 βασιλεὺς
2930 542 3092 606 αὖτις
3141 540 3461 612 Μαρκιανὸς
3508 539 3615 593 ἀνὰ
3662 542 3762 607 τὴν

479 637 734 707 Synodus
785 647 970 691 autem
1031 638 1473 692 controversiam
1527 652 1756 706 quoque
1794 626 2076 706 quze'Ma-

478 732 626 784 ximo
679 730 872 784 Domni
919 729 973 784 in
1007 729 1240 784 ecclesia
1275 729 1618 783 Antiochena
1648 725 1974 789 successori,
2022 733 2078 778 et

477 822 729 877 Juvenali
786 821 1284 892 Hierosolymitano
1309 823 1592 891 episcopo,
1641 821 1710 876 de
1761 817 2076 890 provincia-

481 928 599 966 rum
632 914 831 968 finibus
855 913 1187 969 intercessit.
1204 913 1306 967 rite
1329 922 1385 966 et
1409 912 1603 967 ordine
1625 912 1847 967 decidit.
1874 909 2079 965 Adhwc

478 1011 534 1055 et
579 1001 965 1057 Theodoretus
1038 1011 1096 1056 et
1151 1002 1273 1056 lbas
1308 1002 1537 1057 thronos
1565 1017 1696 1057 suos
1728 1011 2076 1069 receperunt.

476 1091 847 1147 Constitutum
899 1093 1066 1148 etiam
1097 1093 1194 1158 ibi,
1248 1102 1308 1146 ut
1351 1093 1509 1147 sedes
1547 1109 1700 1148 nova:
1762 1094 1950 1148 Romae
1990 1107 2078 1147 se-

477 1182 734 1238 cundasa
757 1184 930 1238 veteri
959 1183 1153 1250 Roma,
1179 1183 1246 1237 ab
1268 1183 1390 1238 aliis
1414 1194 1596 1240 autem
1633 1183 1849 1237 thronis
1871 1185 2077 1253 primas

482 1274 676 1330 ferret.
727 1275 971 1330 Plurima
1031 1276 1258 1348 insuper
1309 1279 1414 1332 alia
1443 1279 1497 1332 in
1531 1275 1767 1332 concilio
1797 1276 1902 1330 hoc
1929 1284 2074 1341 acta,

481 1380 606 1432 qua:
627 1365 814 1419 omnia
839 1365 996 1420 initio
1017 1366 1180 1421 altius
1212 1367 1468 1436 repetito,
1488 1367 1542 1420 in
1573 1366 1678 1420 fine
1704 1365 1868 1436 hujus
1912 1364 2070 1429 torni,

482 1473 586 1526 pro
620 1473 685 1514 eo
715 1469 881 1528 atque
917 1468 1112 1530 potero
1146 1461 1402 1515 oratione
1432 1475 1756 1530 persequar,
1796 1468 1851 1513 ut
1884 1458 2073 1528 quivis

487 1551 694 1606 clarius
717 1566 805 1605 res
831 1551 903 1606 ibi
931 1560 1117 1622 gestas
1144 1562 1464 1622 cognoscat.
1499 1553 1887 1622 lmportunum
1909 1566 2070 1604 nam-

485 1658 595 1710 que
656 1643 1067 1712 quodammodo
1107 1659 1225 1699 esse
1268 1643 1422 1709 duxi,
1453 1645 1496 1699 si
1546 1645 1600 1698 in
1642 1644 1933 1715 praesentia
1974 1657 2073 1696 eas

483 1731 772 1798 referrem,
810 1749 878 1788 ne
921 1734 1208 1790 historiam
1269 1743 1589 1806 perpetuam
1650 1733 2066 1804 interpolarem.

485 1828 607 1892 Qua
639 1827 804 1882 etiam
837 1827 906 1882 de
936 1830 1102 1883 causa
1133 1828 1312 1882 fusius
1334 1843 1399 1883 ea
1430 1843 1579 1884 nunc
1629 1838 1864 1883 tractare
1892 1826 2069 1881 nolui.

486 1918 727 1975 Proinde
773 1919 870 1988 qui
925 1929 1120 1977 exacte
1165 1921 1359 1992 synodi
1396 1921 1557 1976 istius
1616 1936 1706 1976 res
1740 1935 2076 1991 cognoscere

487 2011 666 2077 cupit,
730 2009 1185 2078 compendiosam
1237 2011 1384 2065 illam
1428 2013 1825 2078 narrationem,
1863 2031 1983 2082 quae
2007 2017 2076 2070 ad

497 2101 659 2153 tinem
695 2099 1032 2168 quindecimi
1097 2101 1263 2170 hujus
1315 2103 1438 2156 libri
1505 2103 1716 2175 adjecta
1757 2115 1858 2171 cst,
1898 2108 2062 2176 legat.

490 2190 652 2244 Nunc
672 2206 838 2260 porro
862 2192 928 2246 ad
963 2192 1251 2247 historiam
1283 2196 1708 2251 continuandam
1745 2200 2084 2268 progrediar.

2183 633 2404 687 σύνοδον
2457 633 2722 702 γεγονὼς,
2762 635 2830 688 τὰ
2884 637 3072 688 εἰκότα
3117 633 3539 702 δημηγορήσας,
3579 631 3759 685 ἐπαν-·

2179 726 2318 795 ἧκεν
2365 723 2522 790 αὖθις
2549 729 2606 790 ἐς
2633 727 2703 780 τὰ
2749 728 3017 798 βασίλεια.
3072 725 3132 779 Ἡ
3163 727 3220 780 δὲ
3249 724 3468 787 συνόδος
3507 723 3605 776 καὶ
3636 722 3765 790 περὶ

2181 820 2295 874 τῶν
2325 820 2672 890 συμϐάντωνσ
2687 819 2929 891 Μαξίμῳ
2956 837 3018 873 τε
3050 819 3127 889 τῷ
3170 817 3530 886 Ἀντιοχείας,
3555 815 3614 876 ὃς
3644 815 3763 868 διᾶ-

2181 913 2340 982 δοχος
2369 912 2577 981 Δόμνου
2617 911 2942 976 καθίστατο,
2981 911 3076 963 καὶ
3122 907 3461 976 Ἰουϐεναλίῳ
3487 906 3565 974 τῷ
3602 904 3766 976 Ἱερο-

2185 1003 2312 1056 σολύ
2325 1021 2462 1072 μων,
2494 1020 2560 1055 πε
2575 1004 2625 1071 p‘t
2654 1003 2797 1073 ὅρων
2831 1001 3138 1070 ἐπαρχιῶν,
3168 1000 3352 1062 καλῶς
3383 998 3474 1051 καὶ
3496 997 3569 1060 ὡς
3593 997 3766 1067 ἐχρῆν

2181 1092 2516 1162 διῳκήσατο.
2579 1090 2707 1145 Ἐπὶ
2757 1089 2823 1158 δὴ
2873 1091 3088 1153 τούτοις
3139 1089 3234 1142 καὶ
3283 1086 3635 1155 Θεοδώρητος
3669 1087 3765 1138 καὶ

2183 1185 2337 1247 Ἴϐας
2385 1183 2514 1245 τοὺς
2561 1181 2807 1244 οἰκείους
2843 1181 3069 1250 θρόνους
3105 1179 3400 1234 ἀπέλαϐον.
3456 1178 3664 1232 Ἐδόκει
3706 1176 3764 1229 δὲ

2177 1274 2355 1344 ταύτῃ
2385 1273 2484 1327 καὶ
2511 1274 2602 1326 τὸν
2635 1271 2825 1343 θρόνον
2855 1275 2956 1343 τῆς
2989 1272 3120 1336 νέας
3159 1270 3384 1340 Ῥώμης
3414 1270 3480 1322 ἐκ
3505 1269 3614 1321 τῶν
3641 1268 3764 1322 δευ-

2181 1367 2412 1436 τερείων
2445 1365 2544 1434 τῆς
2577 1364 2968 1434 πρεσϐυτέρας
3023 1362 3246 1432 Ῥώμης
3291 1363 3402 1414 τῶν
3448 1361 3628 1415 ἄλλων
3666 1361 3762 1430 φέ-

2180 1457 2370 1528 ρεσθαι
2400 1456 2470 1509 τὰ
2491 1457 2757 1526 πρωτεῖα.
2786 1455 2897 1509 Καὶ
2922 1455 3086 1520 ἕτερα
3116 1454 3173 1507 δέ
3207 1454 3438 1507 πλεῖστα
3462 1457 3527 1524 τῇ
3553 1455 3760 1525 συνόδῳ

2179 1551 2488 1619 κεκίνηται,
2516 1548 2552 1602 ἃ
2580 1549 2645 1618 δή
2682 1549 2862 1602 πάντα
2894 1547 3100 1602 ἄνωθεν
3123 1546 3430 1611 ἀναλαϐὼν,
3459 1546 3534 1609 ὡς
3562 1541 3674 1600 οἷόν
3703 1565 3762 1599 τε

2177 1641 2601 1714 ἐπιδραμοῦμαι
2633 1643 2710 1711 τῷ
2741 1641 2889 1711 λόγῳ
2925 1643 3062 1710 μετὰ
3097 1641 3198 1712 τὴν
3241 1641 3336 1694 τοῦ
3369 1642 3644 1712 παρόντος
3677 1642 3764 1694 τό-

2176 1737 2284 1806 ’μου
2313 1732 2713 1803 συμπλήρωσιν
2736 1749 2753 1765 ο
2790 1733 2858 1786 ἵν’
2885 1732 2982 1802 ἐξῇ
3010 1733 3089 1802 τῷ
3119 1732 3437 1803 βουλομένῳ
3468 1733 3763 1801 γινώσκειν

2181 1829 2292 1879 τῶν
2330 1824 2692 1896 πραχθέντων
2742 1823 2841 1893 τὴν
2880 1824 3138 1892 δήλωσ.ν.
3172 1826 3436 1896 Ἀκαιρον
3484 1827 3594 1895 γάρ
3649 1843 3766 1888 πως

2183 1921 2374 1991 ᾠήθην
2400 1921 2493 1973 ἐπὶ
2519 1919 2615 1973 τοῦ
2642 1919 2916 1988 παρόντος
2945 1917 3142 1985 θεῖναι,
3175 1920 3265 1973 ἵνα
3292 1919 3368 1990 μὴ
3397 1919 3458 1972 τὸ
3487 1921 3588 1989 τῆς
3623 1921 3768 1972 ἱστο-

2191 2013 2312 2083 ρίας
2369 2011 2592 2081 συνεχὲς
2648 2011 2916 2078 διακόψω.
2972 2010 3142 2063 Τοῦδε
3179 2011 3289 2079 γὰρ
3329 2013 3517 2064 εἵνεκα
3559 2013 3669 2066 οὐδ’
3713 2014 3766 2077 ἐς

2192 2107 2394 2167 πλάτος
2449 2104 2765 2170 ἐπεξελθεῖν
2799 2105 2896 2156 ἐπὶ
2941 2102 3038 2156 τοῦ
3091 2105 3358 2175 παρόντος
3403 2105 3516 2158 δεῖν
3567 2106 3766 2171 ἔγνων.

2198 2198 2364 2250 ’Ὅθεν
2405 2199 2431 2249 6
2461 2197 2722 2266 τάκριϐὲς
2754 2198 2855 2267 τῆς
2904 2198 3126 2249 συνόδου
3167 2196 3362 2266 μαθεῖν
3394 2197 3768 2268 ὀριγνώμενος

485 2285 608 2338 κατ’
649 2288 827 2338 ἐκεῖνο
865 2285 966 2355 τῆς
1015 2289 1290 2358 ἐπιτομῆς
1324 2290 1443 2356 ἴτω,
1488 2292 1625 2361 προς
1661 2292 1739 2361 τῷ
1783 2294 1929 2345 τέλει
1976 2293 2071 2346 τοῦ
2114 2294 2390 2362 παρόντος
2453 2291 2952 2346 πεντεκαιδεκάτου
2994 2291 3186 2360 τόμου,
3211 2283 3356 2362 ᾗπερ
3421 2286 3766 2361 μοιεῖρηται,

485 2379 768 2447 κείμενον.
818 2379 960 2447 Ἐγὼ
994 2381 1039 2433 δ’
1071 2382 1166 2433 ἐπὶ
1201 2382 1262 2434 τὸ
1299 2385 1522 2452 συνεχὲς
1556 2385 1656 2454 τῆς
1695 2385 1944 2454 ἱστορίας
1975 2385 2342 2456 πορεύσομαι.

1003 2497 1168 2569 593
1197 2498 1423 2556 CAPUT
1447 2502 1582 2557 Vlll.

489 2585 570 2640 De
613 2588 866 2642 seditione
906 2591 1285 2664 Alexandrina.
1328 2607 1543 2664 propter
1577 2596 1814 2650 Proterii
1867 2613 2078 2652 succes-

755 2664 892 2714 soris
924 2661 1162 2717 Dioscori
1192 2661 1584 2720 ordinati-onem
1611 2679 1817 2721 coorta.

563 2842 786 2913 Synodo
811 2845 940 2899 huic
962 2843 1268 2901 interfuere
1316 2863 1384 2902 ex
1412 2850 1588 2904 veteri
1617 2849 1787 2904 Roma
1829 2849 2080 2906 Pascasi-

485 2953 614 3002 nus,
678 2938 995 3008 Lucentius,
1055 2951 1111 2996 et
1173 2943 1510 3013 Bonifacius,
1559 2946 1761 3002 Leonis
1846 2947 2079 3002 Romani

489 3029 757 3086 antistitis
785 3031 968 3087 locum
1035 3034 1375 3090 obtinentes.
1433 3037 1686 3094 Interfuit
1715 3051 1768 3094 et
1795 3041 2086 3097 Anatolius

489 3136 645 3176 nova:
694 3120 884 3177 Romae
937 3125 1256 3194 episcopus,
1312 3128 1581 3184 Maximus
1665 3131 1970 3186 Antiochiae
2011 3135 2081 3189 ad

490 3215 1086 3278 Orontem,luvenalis
1115 3217 1651 3290 Hierosolymorum,
1685 3231 1741 3275 et
1799 3223 1914 3292 ipse
1946 3225 2079 3278 Dio-

489 3323 687 3363 scorus
718 3308 1083 3374 Alexandriae,
1111 3311 1376 3378 prmsules
1399 3330 1413 3366 :
1437 3311 1555 3380 qui,
1597 3313 1762 3367 sicuti
1810 3315 2078 3379 diximus,

491 3409 907 3465 exauctoratus,
948 3411 1000 3456 et
1028 3402 1094 3457 ad
1147 3403 1404 3459 exsilium
1437 3405 1750 3471 damnatus,
1793 3407 2082 3478 Gangren-

489 3509 605 3548 sem
631 3494 909 3563 regionem
938 3495 992 3549 in
1022 3497 1390 3567 Paphlagonia
1446 3498 1691 3554 incolere
1723 3509 1809 3554 est
1859 3501 2080 3572 jussus.

491 3586 663 3640 Porro
686 3585 1064 3656 episcopatum
1117 3588 1551 3645 Alexandrinum
1577 3593 1860 3646 communi
1885 3595 2082 3664 synodi

491 3691 765 3732 consensu
791 3677 1012 3733 divinus
1064 3677 1351 3734 Proterius
1400 3681 1632 3737 sortitus
1683 3691 1789 3737 est.
1848 3683 1915 3738 Et
1955 3700 2078 3739 cuni

492 3768 817 3823 isthronum
847 3784 1007 3824 suum
1039 3769 1332 3839 reciperet,
1361 3771 1559 3842 ingens
1606 3775 1954 3830 multitudini
1989 3779 2080 3831 in-

493 3861 661 3916 cessit
703 3873 1003 3928 certamen,
1037 3863 1197 3917 turba
1234 3871 1292 3917 et
1337 3865 1632 3930 tumultus,
1668 3869 1864 3937 vulgus
1889 3869 1946 3926 in
1978 3889 2072 3926 va—

493 3955 607 4008 rias
664 3955 926 4009 scindens
1001 3955 1329 4009 sententias.
1405 3957 1885 4023 Quemadmodum
1931 3966 2077 4019 enim

493 4043 831 4115 ejusceinodi
861 4045 1204 4115 temporibus
1231 4047 1455 4103 evenire
1513 4050 1670 4114 solet,
1703 4052 1793 4105 alii
1839 4053 2080 4117 fortiter,

495 4151 619 4205 quae
688 4137 931 4190 maxima
952 4153 1077 4207 pars
1121 4147 1261 4204 erat,
1292 4154 1495 4193 novum
1522 4151 1798 4210 pastorem
1819 4144 2081 4201 defende-

498 4229 631 4282 bant
659 4230 816 4283 :aliis
849 4230 1145 4286 Dioscorus
1195 4233 1587 4288 ecclesiasticas
1651 4236 1950 4304 provinciae
1984 4239 2081 4292 ad-

493 4319 874 4374 ministranda:
896 4320 1129 4374 idoneus
1163 4321 1334 4390 magis
1363 4337 1485 4377 esse
1515 4325 1832 4380 videbatur.
1869 4329 1936 4382 Et
1988 4345 2080 4385 res

498 4413 557 4466 in
611 4427 870 4481 magnum
899 4411 1200 4466 diScrimcn
1239 4416 1528 4480 processit.
1590 4415 1809 4472 Priscus
1841 4434 2082 4489 namque

495 4512 685 4557 orator
735 4504 789 4557 in
850 4504 1095 4560 historiis
1150 4507 1266 4560 suis
1292 4522 1350 4561 se
1402 4523 1470 4560 eo
1507 4520 1758 4578 tempore
1793 4511 2078 4566 scrib.tex

2793 2505 3048 2558 ΚΕΦΔΛ.
3089 2501 3168 2558 H'.

2185 2597 2326 2663 Πὲρί
2381 2595 2492 2663 τῆς
2553 2595 2882 2664 γενομένης
2922 2598 2991 2652 ἐν
3027 2597 3444 2666 Ἀλεξανδρείᾳ
3496 2597 3771 2663 στάσεως

2253 2667 2352 2721 διὰ
2380 2667 2496 2732 τὴν
2523 2668 2902 2735 χειροτονίαν
2925 2669 3246 2736 Προτερίου
3279 2669 3386 2722 τοῦ
3413 2669 3564 2738 μετὰ
3594 2671 3771 2722 Διόσ-

2255 2755 2460 2805 κορον.

2249 2842 2435 2900 Ἦσαν
2489 2847 2588 2916 μὲν
2636 2845 2732 2900 οὖν
2777 2846 3114 2919 πληροῦντες
3155 2849 3256 2920 τὴν
3305 2850 3524 2904 σύνοδον
3558 2851 3622 2904 ἐκ
3669 2851 3772 2920 μὲν

2181 2937 2283 3008 τῆς
2315 2939 2696 3008 πρεσϐυτέρας
2737 2937 2958 3009 Ῥώμης
3018 2943 3362 3003 Πασκασῖνός
3397 2961 3452 2995 τε
3484 2942 3580 2996 καὶ
3623 2945 3770 2995 Λου-

2184 3033 2398 3092 κένσιος
2447 3032 2540 3086 καὶ
2576 3031 2919 3100 Βονιφάτιος,
2947 3032 3041 3086 τὸν
3072 3034 3238 3086 τόπον
3265 3035 3559 3104 ἐπέχοντες
3600 3035 3768 3088 Λέον-

2183 3142 2274 3188 τος
2307 3126 2403 3180 τοῦ
2456 3124 2678 3196 Ῥώμης
2727 3126 3002 3197 προέδρου
3031 3142 3046 3158 ·
3086 3127 3274 3199 παρῆν
3312 3127 3367 3180 δέ
3406 3130 3501 3181 κα)⁸
3548 3127 3768 3179 Ἀνατό-

2184 3217 2296 3278 λιος
2325 3217 2353 3269 6
2377 3219 2477 3287 τῆς
2503 3219 2633 3280 νέας
2666 3218 2896 3288 Ῥώμης
2923 3221 3254 3284 ἐπίσκοπος,
3282 3221 3540 3290 Μάξιμός
3562 3239 3620 3272 τε
3649 3221 3772 3275 Ἀν-

2184 3309 2428 3379 τιοχείας
2482 3311 2582 3379 τῆς
2633 3314 2772 3382 πρὸς
2817 3312 2896 3381 τῷ
2949 3311 3201 3382 Ὀρόντῃ,
3263 3314 3622 3378 Ἰουϐενάλιός
3648 3332 3705 3367 τε
3739 3318 3769 3369 6

2194 3401 2618 3471 Ἱεροσολύμων,
2642 3403 2739 3455 καὶ
2774 3402 2939 3466 αὐτὸς
2967 3404 3262 3474 Διόσκορος
3289 3403 3387 3475 τὴν
3413 3404 3768 3475 Ἀλεξάνδρου

2185 3491 2488 3561 ίερατεύων
2510 3507 2524 3522 ⁸
2575 3491 2638 3546 οὗ
2673 3493 2768 3546 καὶ
2804 3492 3254 3561 καθαιρεθέντος,
3285 3495 3360 3559 ὡς
3395 3497 3637 3566 εἴρηται,
3673 3500 3770 3551 καὶ

2183 3584 2366 3655 χώραν
2392 3584 2496 3656 τὴν
2527 3585 2866 3656 Γαγγρηνῶν
2914 3586 3024 3638 τῶν
3075 3587 3454 3656 Παφλαγόνων
3499 3605 3770 3659 κατακρι-

2183 3679 2370 3742 θέντος
2413 3680 2608 3745 οἰκεῖν,
2637 3681 2666 3733 6
2698 3678 2842 3743 θεῖος
2881 3680 3180 3750 Προτέριος
3209 3680 3378 3751 ψήφῳ
3409 3682 3507 3750 τῆς
3542 3683 3769 3735 συνόδου

2182 3771 2336 3840 κοινῇ
2369 3768 2468 3839 τὴν
2499 3769 2610 3821 τῶν
2650 3769 3055 3842 Ἀλεξανδρέων
3107 3772 3416 3842 ἐπισκοπὴν
3443 3773 3766 3844 ἐκληροῦτο.

2195 3859 2348 3912 Ἐπεὶ
2392 3855 2488 3914 οὖν
2522 3859 2616 3913 τὸν
2661 3862 2866 3915 οίκεῖον
2914 3862 3106 3934 θρόνον
3152 3863 3443 3927 κατέλαϐε,
3477 3865 3648 3935 πολλή
3683 3884 3770 3928 τις

2182 3951 2427 4021 είσέρῤει
2459 3950 2531 4004 τὰ
2571 3951 2753 4022 πλήθη
2793 3952 3123 4023 ἀμφιϐολία,
3154 3957 3369 4027 ταραχή
3421 3973 3483 4009 τε
3518 3958 3635 4026 ἅμα
3671 3962 3769 4012 καὶ

2183 4039 2416 4110 θόρυϐος
2449 4041 2589 4112 πρὸς
2635 4041 2934 4111 διαφόρους
2983 4043 3211 4113 γνώμας
3245 4044 3607 4114 διαμερίζων.
3658 4046 3770 4099 Καὶ

2180 4127 2381 4202 οἷάπερ
2404 4136 2518 4196 τοῖς
2543 4134 2811 4196 τοιούτοις
2837 4135 2985 4204 φιλεῖ
3013 4137 3292 4203 γίνεσθαι,
3313 4139 3363 4188 οἱ
3394 4138 3494 4205 μὲν
3519 4137 3612 4190 τοῦ
3643 4139 3784 4194 νέου.

2183 4229 2441 4296 ποιμένος
2471 4227 2743 4295 γεννικῶς
2777 4228 2925 4298 μάλα
2947 4229 3282 4298 ἀντείχοντο,
3316 4232 3427 4293 τοῖς
3449 4229 3506 4282 δὲ
3538 4231 3766 4283 Διόσκο-

2183 4335 2275 4387 ρος
2320 4318 2527 4384 μᾶλλον
2576 4318 2757 4372 ἐδόκει
2793 4319 3202 4391 ἁρμοδιώτερος
3226 4336 3242 4352 ’
3275 4323 3370 4372 καὶ
3401 4322 3484 4381 είς
3520 4323 3669 4391 μέγα
3703 4323 3767 4374 τὸ

2181 4410 2359 4464 δεινὸν
2388 4410 2700 4480 ἐπεχώρει*
2733 4387 2972 4483 Πρίσκος
3003 4387 3118 4484 rgo
3141 4431 3308 4483 φησιν
3339 4416 3366 4466 6
3399 4387 3587 4485 ῥήτωρ
3609 4387 3767 4468 ⁷ίστο-

2186 4503 2317 4573 ρῶν,
2355 4503 2661 4574 τηνικαῦτα
2705 4505 2770 4558 ἐκ
2802 4506 2903 4576 τῆς
2941 4507 3215 4577 ἐπαρχίας
3253 4506 3508 4576 Θηϐαίων
3557 4509 3637 4570 είς
3665 4511 3769 4577 τὴν

497 4595 861 4650 Thcbzeorum
893 4596 1176 4664 provincia
1197 4597 1582 4654 Alexandriam
1611 4602 1852 4667 venisse,
1881 4614 1938 4657 et
1963 4613 2078 4656 tur-

2195 4596 2614 4668 ⁹Αλεξάνδρειαν
2647 4597 2848 4664 ἐλθεῖν,
2881 4601 2977 4652 καὶ
3021 4599 3115 4652 τὸν
3158 4598 3327 4654 πολὺν
3374 4601 3533 4669 ὄχλον
3561 4599 3767 4654 θεάσα-

495 4687 623 4742 bam
654 4688 928 4756 ingentem
976 4687 1201 4754 vidisse,
1229 4691 1557 4746 seditionem
1589 4693 1855 4748 adversus
1910 4696 2082 4763 magi—

496 4790 702 4834 stratus
726 4789 1035 4834 moventem
1058 4796 1072 4834 :
1093 4790 1149 4836 et
1167 4796 1290 4835 cum
1317 4783 1518 4837 milites
1543 4783 1794 4840 inhibere
1813 4802 1930 4840 eam
1949 4802 2078 4840 con-

499 4871 819 4935 tenderent,
879 4886 980 4940 pro
1020 4871 1166 4937 telis,
1218 4872 1367 4927 saxis
1398 4873 1548 4942 ipsis,
1573 4890 1696 4945 quae
1725 4891 1792 4930 ex
1831 4887 2080 4946 tempore

496 4967 699 5034 passim
726 4965 967 5036 jacentia
999 4965 1199 5033 rapuit,
1253 4981 1429 5031 usam,
1463 4966 1584 5020 illos
1638 4967 1828 5036 fugere
1856 4983 2081 5035 compu-

494 5056 651 5120 lisse,
679 5057 744 5107 ad
786 5058 1050 5125 templum
1075 5055 1221 5124 quod
1254 5057 1384 5110 olim
1422 5057 1707 5128 Serapidis
1736 5074 1938 5113 nomen
1981 5059 2082 5112 ha-

497 5148 637 5202 buit.
703 5148 830 5202 Fuit
880 5161 1063 5203 autem
1091 5149 1314 5218 Serapis
1360 5150 1597 5219 Jupiter,
1629 5161 1723 5206 aut
1771 5151 1950 5216 Nilus,
1979 5163 2076 5206 aut

495 5224 628 5310 Apis
653 5240 992 5310 (l),quidam
1020 5240 1073 5293 in
1105 5241 1240 5295 urbe
1282 5228 1635 5309 Memphitica
1669 5244 1777 5307 vir,
1797 5244 1891 5312 qui
1921 5243 2081 5298 famis
2123 5241 2129 5250 ’

495 5342 745 5402 tempore
780 5335 847 5388 de
869 5351 969 5389 suo
1008 5334 1391 5389 Alexandrinis
1425 5334 1760 5390 frumentum
1799 5336 2080 5391 submini-

495 5427 708 5480 stravit.
736 5426 797 5480 Ei
824 5442 954 5482 vero
975 5428 1236 5482 defuncto
1263 5427 1528 5496 templum
1554 5437 1610 5482 et
1628 5435 1868 5482 statuam
1886 5441 2082 5482 sacra-

497 5527 647 5582 runt,
682 5521 734 5572 in
766 5536 875 5588 quo
931 5521 1098 5575 etiam
1141 5521 1236 5575 bos
1265 5519 1504 5590 insignia
1535 5521 1784 5590 quaedam
1820 5531 1877 5575 et
1914 5533 2076 5575 notas

496 5608 708 5664 habens
729 5611 969 5665 nutritus
990 5623 1098 5676 est,
1128 5612 1182 5664 in
1211 5612 1581 5682 agriculturae,
1613 5623 1879 5682 quantum
1909 5615 2079 5683 conji-

573 5769 650 5842 (ι)
673 5769 830 5842 sine.
852 5769 1028 5842 addit,
1046 5779 1140 5824 aut
1161 5769 1376 5842 ιρεεριι.
1426 5742 1716 5827 Scribitis
1742 5789 1988 5842 quoque,
2021 5774 2077 5828 in

501 5838 681 5910 capite
729 5839 848 5910 ejus
868 5838 1036 5895 fuisse
1063 5839 1306 5896 laudium
1339 5850 1396 5896 et
1417 5838 1812 5914 cubitum,quo
1836 5838 2072 5899 Alexan-

2187 4689 2315 4742 σθαι
2350 4691 2497 4759 μάλα
2527 4689 2896 4754 στασιάζοντα
2930 4692 3070 4761 πρὸς
3095 4691 3158 4743 τὸ
3189 4692 3460 4762 ὑπερέχον
3482 4710 3495 4723 ο
3531 4694 3626 4746 καὶ
3657 4691 3767 4744 τῶν

2186 4784 2542 4852 στρατιωτῶν
2589 4785 3018 4855 ἐπιχειρούντων
3065 4785 3410 4849 διακωλύειν,
3440 4788 3767 4856 ἀμυντηρίῳ

2185 4878 2248 4928 ἐκ
2275 4875 2371 4928 τοῦ
2409 4876 2593 4946 σχεδὸν
2640 4880 2755 4940 τοῖς
2799 4877 3161 4946 ἐρῤιμμένοις
3201 4878 3311 4929 τῶν
3354 4878 3520 4930 λίθων
3557 4880 3768 4949 χρήσα-

2186 4965 2310 5016 σθαι
2336 4981 2350 4994 ·
2381 4969 2476 5016 καὶ
2513 4965 2810 5020 συνελάσαι
2843 4971 2974 5036 περὶ
3006 4968 3065 5018 τὸ
3101 4968 3248 5036 ἱερὸν
3278 4968 3306 5019 ὃ
3338 4970 3510 5022 πάλαι
3544 4969 3639 5021 τοῦ
3666 4971 3764 5023 Σε-

2185 5057 2413 5127 ρὰπιδος
2458 5057 2633 5127 ὄνομα
2683 5055 2822 5128 εἶχε.
2863 5060 3100 5128 Σέραπις
3125 5061 3170 5113 δ’
3209 5062 3361 5114 ἐστὶν
3392 5065 3416 5115 6
3448 5063 3606 5127 Ζεὺς,
3655 5064 3688 5132 ἢ
3739 5066 3767 5116 ὁ

2183 5147 2399 5209 Νεῖλος,
2429 5146 2462 5216 ἢ
2495 5148 2662 5210 Ἀπις
2691 5165 2778 5210 τις
2811 5147 2952 5218 ἀνὴρ
2997 5151 3056 5201 ἐν
3086 5150 3337 5218 Μέμφιδι
3370 5154 3525 5203 πόλει
3547 5165 3560 5182 '
3596 5153 3655 5213 ὃς
3683 5153 3765 5203 λι-

2187 5238 2289 5310 μοῦ
2326 5240 2623 5309 γενομένου
2654 5241 2719 5292 ἐκ
2749 5239 2858 5294 τῶν
2891 5241 3038 5292 ἰδίων
3091 5241 3540 5310 Ἀλεξανδρεῦσιν
3586 5245 3762 5311 ἐπήρ-

2185 5349 2346 5384 κεσεν
2368 5349 2381 5362 ’
2416 5327 2460 5399 ᾧ
2492 5333 2882 5402 τελευτήσαντι
2911 5333 3050 5386 νεὼν
3084 5335 3179 5386 καὶ
3207 5335 3412 5404 στήλην
3450 5335 3760 5405 ἱδρύσαντο·

2184 5424 2318 5477 ὅπου
2355 5424 2421 5494 δὴ
2453 5425 2548 5476 καὶ
2579 5424 2706 5494 βοῦς
2757 5425 3007 5495 ἐπίσημά
3058 5443 3183 5478 τινα
3231 5426 3370 5496 ἔχων
3419 5427 3761 5497 διετρέφετο,

2185 5517 2263 5578 εἰς
2294 5498 2681 5584 σύμϐολονςώς
2715 5516 2957 5582 είκάσαι,
2989 5520 3088 5588 τῆς
3120 5517 3399 5588 γεωργίας
3423 5536 3436 5550 ο
3463 5519 3521 5572 ὃν
3545 5520 3640 5573 καὶ
3661 5523 3761 5573 αὑ-

2184 5610 2274 5660 τὸν
2310 5609 2482 5661 Ἀπιν
2527 5609 2838 5681 ὁμωνύμως
2873 5611 2951 5681 τῷ
2981 5611 3218 5683 δεσπότῃ
3265 5612 3519 5666 ἐκάλουν.
3563 5613 3674 5692 Τὴν
3706 5614 3764 5668 δὲ

2183 5770 2326 5823 drini
2357 5778 2579 5842 auctum
2610 5770 2716 5825 Nili
2741 5771 2914 5826 mensi
2974 5781 3142 5827 sunt:
3183 5746 3238 5829 et
3294 5773 3557 5842 templum
3601 5773 3653 5828 id
3695 5775 3763 5830 ab

2183 5840 2493 5896 Alexandro
2531 5857 2650 5896 esse
2713 5843 3018 5897 conditum.
