4118 6490
497 391 567 460 31
862 364 869 371 “
1642 384 1657 396 ‘
1740 392 2162 456 NICEPIIORI
2202 395 2555 457 CALLISTI
3690 394 3764 458 τε

500 515 755 582 petierat,
792 512 1298 584 Hierosolymorum
1337 511 1595 569 thronum
1632 514 1944 584 occupavit,
1981 514 2076 568 ad-

2192 530 2304 583 μων
2338 514 2654 586 ὑφαρπάζει
2706 514 2919 585 θρόνον,
2976 514 3219 587 ἀρωγοτς
3267 514 3615 587 χρησάμενος
3646 516 3761 579 τοῖς

499 607 777 677 jutoribus
803 621 864 659 ea
894 605 949 659 in
981 620 1039 659 re
1064 620 1219 672 usus,
1248 606 1343 672 qui
1371 606 1564 678 synodi
1590 607 2079 662 constitutionibus

502 699 963 763 adversabantur,
987 707 1045 753 et
1072 698 1332 753 Eudocire
1354 699 1827 770 gratificabantur.
1855 700 1926 755 Et
1952 715 2078 756 cum

502 786 745 859 episc0pi
797 790 1041 844 nondum
1081 806 1112 845 a
1146 790 1359 862 synodo
1402 792 1611 846 reversi
1654 791 1909 856 fuissent,
1945 791 2082 846 alios

503 881 619 951 ipse
668 880 953 935 ordinatos
1020 880 1073 933 in
1123 880 1290 935 urbes
1324 895 1573 950 quasque
1615 880 1787 935 misit.
1825 880 2081 936 Severia-

505 986 635 1025 num
671 980 857 1024 autem
892 970 1244 1040 Scythopolis
1284 972 1629 1041 episcopum,
1663 971 1808 1041 quod
1839 972 2082 1026 malevo-

504 1063 686 1117 lentiae
728 1062 874 1116 illius
899 1061 1184 1139 suffragari
1210 1063 1399 1127 nollet,
1447 1063 1652 1132 oppido
1691 1071 1945 1118 exactum
2000 1062 2085 1116 in-

503 1154 742 1211 teremit.
784 1154 1031 1224 Magnam
1059 1168 1278 1224 quoque
1315 1154 1486 1208 movit
1530 1155 1992 1227 persecutionem,
2028 1155 2081 1208 in

505 1245 728 1301 civitate
784 1257 1010 1313 sancta,
1065 1246 1336 1301 adversus
1381 1261 1478 1301 eos
1526 1246 1619 1315 qui
1671 1245 2085 1300 communicare

513 1354 639 1391 cum
659 1324 738 1392 eo
770 1338 1052 1393 nolebant.
1087 1337 1363 1405 Quosdam
1407 1353 1641 1408 namque
1674 1337 1964 1391 tormentis
1993 1352 2088 1390 ex-

511 1433 801 1498 cruciarit,
837 1432 1115 1503 aliquibus
1165 1433 1537 1489 substantiam
1579 1433 1808 1494 ademit,
1849 1417 2085 1486 aliorum

504 1525 716 1579 adibus
747 1524 926 1595 ignem
964 1524 1168 1594 iniecit,
1198 1525 1274 1579 ita
1310 1535 1370 1578 ut
1403 1525 1536 1580 urbs
1566 1539 1595 1579 a
1625 1524 1882 1578 barbaris
1929 1532 2086 1590 capta

505 1632 630 1691 esse
666 1616 965 1671 videretur.
1014 1616 1090 1671 De
1124 1632 1234 1687 quo
1278 1627 1470 1687 postea
1510 1617 1909 1670 monachorum
1948 1615 2088 1670 ordo

507 1709 577 1763 ad
627 1709 959 1764 Alcisonem‘
997 1710 1209 1766 litteras
1256 1712 1414 1776 dans,
1453 1709 1588 1764 illud
1635 1709 1858 1778 scripsit
1891 1726 1904 1763 :
1941 1709 2085 1779 quod

506 1812 636 1852 cum
669 1810 729 1855 ut
763 1802 1043 1858 maleficus
1088 1812 1144 1857 et
1184 1802 1448 1873 episcopo
1495 1816 1597 1857 suo
1645 1801 1846 1856 infidus
1887 1803 2090 1872 depre-

2182 608 2444 660 τάναντία
2476 609 2543 677 τῇ
2581 607 2789 678 συνόδῳ
2837 606 3122 676 φρονοῦσι,
3153 607 3248 660 καὶ
3292 608 3410 670 τοῖς
3463 607 3765 674 ὑπουργοῖς

2182 693 2469 756 Εὐδοκίας.
2503 696 2616 749 Καὶ
2646 696 2758 769 τῷν
2792 697 3111 750 ἐπισκόπων
3138 699 3308 769 μήπω
3332 699 3395 750 έκ
3422 696 3521 765 τῆς
3545 697 3761 750 συνόδου

2180 785 2620 855 ἐπανελθόντων,
2656 789 2866 851 ἐκεῖνος
2918 789 3138 859 ἑτέρους
3182 790 3591 859 χειροτονήσας,
3624 789 3764 842 κατὰ

2183 877 2340 932 πόλιν
2388 877 2697 947 ἐξέπεμπε.
2747 879 3080 949 Σευηριανὸν
3125 880 3185 933 δὲ
3232 881 3326 933 τὸν
3375 878 3764 942 Σκυθοπόλεως

2185 970 2507 1034 ἐπίσκοπον,
2546 970 2621 1041 μὴ
2649 971 2965 1043 ὑπαχθῆναι
2995 972 3063 1042 τῇ
3090 972 3303 1025 ἐκείνου
3333 971 3599 1040 κακονοίᾳ
3629 972 3765 1042 ᾑρη-

2189 1061 2370 1129 μένον,
2402 1061 2501 1131 τῆς
2535 1063 2744 1126 πόλεως
2775 1062 3064 1132 ἐξαγαγὼν
3098 1065 3333 1120 ἔκτεινε.
3366 1065 3559 1134 Μέγαν
3585 1065 3629 1118 δ’
3652 1065 3767 1118 ὲκί-

2186 1170 2316 1222 νησε
2347 1154 2588 1223 διωγμὸν
2617 1157 2725 1209 ἀνά
2770 1157 2869 1225 τὴν
2902 1156 3068 1225 ἁγίαν
3102 1157 3259 1211 πόλιν
3292 1157 3416 1210 κατ’
3457 1157 3686 1212 ἐκείνων
3714 1157 3767 1211 οἶ

2188 1245 2266 1311 μὴ
2294 1244 2490 1315 bes!th
2514 1247 2796 1298 κοινωνεῖν
2826 1246 3035 1299 εἴλοντο
3056 1261 3069 1275 ⁶
3100 1245 3195 1310 οὓς
3235 1247 3335 1315 μὲν
3363 1247 3475 1317 γὰρ
3508 1246 3765 1315 βασάνοις

2187 1335 2419 1405 ᾐκίσατο
2447 1351 2460 1364 ·
2488 1336 2667 1391 ἀλλων
2700 1338 2799 1410 τὴν
2833 1339 3162 1409 περιουσίαν
3190 1339 3494 1408 διήρπασεν
3517 1355 3532 1371 ο
3557 1338 3768 1407 ἑτέρων

2186 1426 2242 1477 δὲ
2278 1424 2389 1493 πῦρ
2422 1425 2588 1492 ἐνῆκε
2619 1428 2736 1489 τοῖς
2780 1427 2952 1489 οἴκοις
2973 1443 2988 1458 ’
3025 1428 3101 1490 ὡς
3135 1414 3315 1482 δοκεῖν
3346 1427 3445 1499 τὴν
3474 1428 3632 1482 πόλιν
3662 1427 3771 1480 ὑπὸ

2190 1512 2487 1586 βαρϐάρων
2521 1516 2870 1572 ἁλίσκεσθαι.
2903 1519 3039 1589 Περὶ
3094 1518 3155 1572 οὗ
3189 1520 3248 1572 τό
3286 1519 3582 1589 μοναχικδν
3612 1519 3772 1571 ὔστε-

2190 1623 2283 1677 ρον
2311 1607 2449 1675 πρὸς
2489 1607 2797 1661 Ἀλκίσωνα
2849 1611 3065 1679 γράφον
3112 1611 3358 1679 είρηκεν,
3385 1610 3459 1673 ὡς
3510 1610 3607 1663 καὶ
3637 1608 3770 1677 περὶ

2187 1698 2280 1752 τὸν
2328 1701 2533 1753 οἰκεῖον
2582 1702 2888 1755 ἐπίσκοπον
2939 1698 3030 1757 οἷα
3086 1702 3400 1771 κακοῦργος
3453 1703 3640 1766 ἁλοὺς,
3672 1700 3768 1755 τοῦ

2189 1791 2312 1844 κατ’
2336 1791 2497 1845 αὑτὸν
2528 1793 2788 1864 ἀπηλάθη
2820 1795 3211 1865 μοναστηρίου,
3241 1798 3336 1849 καὶ
3364 1797 3458 1848 ἐπὶ
3488 1796 3586 1865 τῆς
3622 1794 3772 1849 Ἀλε-

511 1889 720 1945 bensus
769 1904 937 1958 esset,
986 1893 1326 1948 monasterio
1376 1908 1479 1948 suo
1527 1893 1810 1963 expulsus,
1848 1903 1903 1948 et
1954 1892 2085 1963 quia

2192 1880 2416 1953 ξάνδρου
2449 1882 2707 1956 διάφορος
2743 1862 3026 1959 Διοσκόρω
3046 1862 3317 1953 κατέστη.
3348 1888 3521 1941 Ἔνθα
3545 1862 3773 1950 πολλαῖς

506 1980 851 2036 Alexandriae
882 1998 1105 2052 quoque
1140 1984 1366 2039 rebellis
1401 1983 1665 2039 Dioscoro
1698 1984 1900 2051 fuerat,
1934 1982 2084 2052 quod

508 2072 838 2129 verberibus
868 2075 1057 2130 multis
1083 2074 1331 2139 allectus,
1365 2085 1626 2146 tanquam
1661 2076 1828 2130 homo
1856 2076 2088 2131 seditio-

505 2179 602 2219 sus
631 2180 729 2235 per
760 2167 950 2223 urbem
982 2167 1238 2222 scabiosa
1269 2168 1483 2223 camelo
1516 2168 1764 2224 insidens
1797 2170 2086 2224 traductus

507 2256 603 2310 sit.
634 2254 782 2310 Idem
814 2272 1034 2327 quoque
1064 2258 1374 2315 Palaestina:
1405 2259 1568 2314 urbes
1601 2259 1962 2321 circumiens,
1992 2273 2088 2314 eas

508 2356 571 2401 ut
602 2348 709 2403 sibi
748 2348 1041 2419 episcopos
1080 2349 1347 2419 legerent,
1398 2350 1600 2420 coegit.
1646 2350 1891 2416 Quorum
1941 2365 2087 2404 unus

506 2439 675 2493 etiam
707 2439 814 2494 fuit
841 2440 1059 2507 Petrus,
1091 2456 1158 2494 ex
1200 2442 1378 2495 lberia
1424 2441 1722 2505 oriundus,
1761 2443 2085 2497 Gazaaorum

506 2526 767 2591 civitatis,
799 2529 889 2582 cui
922 2528 1170 2598 Majutna:
1212 2544 1413 2585 nomen
1443 2538 1554 2595 est,
1586 2530 1902 2600 episcopus.
1936 2531 2089 2586 Adeo

509 2619 963 2673 tit-Athanasius
1015 2621 1239 2689 quidam
1300 2621 1356 2675 in
1416 2621 1778 2676 diaconornm
1839 2622 2088 2677 ordinem

510 2716 835 2776 cooptatus,
889 2708 943 2762 in
993 2710 1172 2763 media
1225 2711 1459 2781 ecclesia
1514 2712 1909 2783 Hierosolymis
1960 2728 2086 2767 cum

512 2797 684 2850 multa
736 2797 955 2851 dicendi
1007 2799 1282 2864 libertate,
1327 2800 1617 2870 inquitatis
1672 2802 2088 2856 abominatione

512 2891 710 2943 throno
758 2890 1109 2946 sanctissimo
1160 2892 1459 2957 insidente,
1495 2909 1689 2949 vocem
1743 2894 1892 2949 illam
1945 2911 2087 2963 pra:-

507 2983 711 3035 claram
749 2984 997 3037 emiserit
1032 3000 1048 3036 :
1091 3002 1110 3035 ι
1148 2983 1367 3047 Desine,
1402 2984 1704 3049 Theodosi,
1736 2994 1941 3041 tantam
1978 3003 2086 3042 cae-

509 3074 634 3128 dem
678 3078 1049 3141 committere,
1095 3075 1287 3129 desine
1335 3075 1563 3131 Christo
1611 3076 1816 3131 bellum
1863 3077 2086 3143 inferre,

2189 1973 2552 2040 καταξανθεὶς
2581 1979 2701 2039 ταῖς
2731 1977 2974 2047 πληγαῖς
3000 1977 3074 2043 ὡς
3108 1979 3438 2047 στασιώδης,
3466 1979 3560 2031 ἐπὶ
3588 1978 3774 2048 καμή-

2187 2065 2280 2118 λου
2307 2065 2606 2137 ψωριώτης
2633 2069 2738 2121 ἀνὰ
2768 2069 2868 2140 τὴν
2902 2070 3057 2124 πόλιν
3092 2069 3446 2141 περιηνέχθη.
3491 2070 3602 2123 Καὶ
3632 2069 3772 2139 πρὸς

2191 2159 2289 2221 τὰς
2323 2158 2511 2222 πόλεις
2543 2160 2907 2232 Παλαιστίνης
2942 2161 3061 2226 ίὼν,
3105 2162 3443 2224 ἐπισκόπους
3474 2162 3627 2231 σφίσι
3658 2178 3775 2231 χει-

2192 2251 2429 2319 ροτονεῖν
2462 2251 2908 2319 κλτηνάγκαζεν.
2951 2245 3052 2305 Ὧν
3079 2249 3158 2316 εἷς
3191 2248 3260 2323 ἦν
3291 2257 3387 2306 καὶ
3426 2254 3631 2322 Πέτρος
3655 2253 3684 2306 ό
3713 2252 3775 2317 ἐξ

2189 2339 2436 2411 Ἰϐηρίας
2473 2344 2572 2413 τῆς
2609 2342 2855 2405 Γαζαίων
2881 2343 3111 2408 πόλεως,
3221 2345 3520 2415 Μαῖουμᾶς
3574 2344 3772 2413 ὄνομα,

2188 2435 2316 2496 τοὺς
2345 2433 2441 2503 τῆς
2470 2435 2779 2504 ἐπισκοπῆς
2810 2434 3007 2499 οἴακας
3041 2436 3352 2499 πιστευθείς
3380 2453 3394 2466 ’
3422 2436 3501 2499 ὡς
3532 2436 3622 2489 καί
3645 2453 3774 2490 τινα

2189 2520 2516 2575 Ἀθανάσιον
2563 2522 2643 2592 τῷ
2696 2522 2807 2575 τῶν
2862 2523 3132 2577 διακόνων
3167 2524 3596 2593 κατειλεγμένον
3624 2523 3776 2594 χορῷ

2193 2614 2747 2686 παρρησιασάμενον,
2797 2617 2855 2669 ὲν
2910 2617 3052 2688 μέσῃ
3101 2619 3168 2685 τῇ
3222 2616 3517 2688 ἐκκλησίᾳ,
3538 2616 3635 2669 τοῦ
3671 2617 3775 2687 τῆς

2190 2706 2417 2776 ἀνομίας
2451 2706 2843 2776 βδελύγματος,
2875 2708 2934 2760 ὲν
2983 2706 3062 2778 τῷ
3114 2707 3407 2777 ἁγιωτάτῳ
3438 2708 3776 2777 ἐλπιζομένου

2192 2797 2390 2869 θρόνῳ,
2433 2799 2618 2868 φωνὴν
2653 2800 2896 2867 ἀφεῖναι,
2930 2818 2948 2850 ι
2998 2800 3234 2863 Παῦσαι,
3267 2799 3556 2868 λέγουσαν,
3587 2800 3777 2854 Θεοδό-

2192 2906 2297 2955 σ.ε,
2332 2890 2431 2959 τῆς
2460 2889 2734 2958 τοσαύτης
2762 2890 3080 2959 μιαιφονίας
3105 2907 3118 2921 ·
3150 2889 3362 2944 παῦσαι
3403 2888 3644 2959 Χριστὸν
3676 2907 3776 2941 που

2190 2981 2395 3053 λεμῶν,
2425 2982 2522 3035 καὶ
2577 2982 2640 3035 τὸ
2688 2982 2854 3035 αὐτοῦ
2903 2984 3161 3054 ποίμνιον
3195 2985 3290 3052 τῆς
3325 2982 3478 3042 θείας
3528 2981 3779 3051 μάνδρας

2190 3072 2502 3142 λῃστρικῶς
2536 3071 2861 3125 ἀπελαύνων
2885 3089 2899 3104 ο
2930 3075 3026 3127 καὶ
3080 3073 3287 3142 γνῶναι
3340 3073 3493 3142 μόλις
3528 3070 3781 3139 γενέσθω

509 3168 564 3214 et
615 3176 837 3230 gregem
892 3164 1015 3232 ejus
1067 3163 1121 3216 in
1177 3163 1495 3231 praedonum
1550 3180 1761 3220 morem
1815 3183 1845 3220 e
1896 3167 2086 3222 divino

2193 3179 2277 3216 σοι
2310 3165 2371 3217 τὸ
2398 3165 2671 3235 ήμέτερον
2704 3164 2895 3218 εὑνουν
2929 3166 3062 3237 περὶ
3086 3165 3179 3218 τὸν
3232 3163 3411 3235 ἀληθῆ
3457 3163 3553 3217 καὶ
3604 3163 3780 3227 ὅντως

510 3250 644 3303 ovili
683 3251 904 3320 ejicere,
943 3260 1000 3306 et
1043 3252 1345 3321 aliquando
1379 3255 1602 3310 tandem
1645 3256 2089 3312 benevolentiam

512 3356 643 3410 erga
677 3356 872 3395 verum
909 3358 1348 3414 germanumque
1383 3356 1661 3416 pastorem
1707 3357 1950 3402 nostram
1994 3364 2093 3403 (3οο

509 3448 753 3503 gnosce;
783 3448 964 3503 neque
995 3435 1140 3488 enim
1168 3437 1407 3492 alienum
1442 3439 1598 3508 sequi
1634 3439 1954 3504 didicimus,
1989 3456 2097 3495 ne-

509 3539 622 3592 que
650 3538 841 3577 vocem
873 3533 1194 3580 extraucam
1225 3527 1439 3582 audire.
1481 3548 1500 3580 ι
1542 3529 1667 3585 llaec
1699 3546 1827 3585 cum
1860 3531 2093 3598 diceret,

512 3631 541 3668 a
575 3615 912 3671 satellitibus
927 3616 1223 3671 Theodosii
1257 3628 1609 3689 arreptus,et
1630 3635 1694 3675 ex
1716 3622 1946 3677 ecclesia
1986 3632 2096 3676 tra-

512 3715 635 3761 ctus
686 3714 793 3760 est.
846 3704 1029 3776 Atque
1084 3706 1374 3763 insolentis
1425 3710 1742 3778 petulantia:
1784 3723 1841 3767 et
1878 3714 2095 3767 crucia-

515 3809 672 3851 tuum
705 3811 879 3867 genus
911 3811 1076 3852 omne
1109 3808 1338 3867 propter
1366 3798 1651 3855 Christum
1693 3817 2007 3873 perpessus,
2039 3810 2097 3859 et

514 3891 701 3961 ﬂagris
726 3890 913 3945 multis
941 3891 1220 3957 concisus,
1249 3901 1529 3960 postremo
1556 3892 1723 3948 etiam
1752 3894 1900 3950 ferro
1926 3895 2093 3949 vitam

514 3983 718 4038 amisit.
747 3982 998 4038 Cadaver
1021 3983 1142 4053 ejus
1166 3998 1233 4038 cx
1265 3983 1502 4052 pedibus
1528 3999 1626 4052 per
1655 3987 1847 4041 urbem
1875 4002 2092 4043 omnem

516 4086 757 4145 raptum,
784 4076 1019 4130 canibus
1046 4075 1266 4139 tandem
1294 4090 1422 4130 esca
1449 4077 1756 4147 projectum
1785 4086 1887 4132 est.
1922 4077 2095 4134 Porro

517 4169 850 4227 Dorotltcus,
884 4167 979 4236 qui
1029 4166 1374 4221 Palmstinam
1428 4168 1769 4237 provinciam
1814 4168 1883 4223 ab
1923 4170 2096 4240 impe-

515 4271 699 4314 t‘uture
727 4268 1011 4326 acceptam
1043 4256 1488 4322 administrabat,
1518 4259 1678 4328 θοι
1713 4269 1771 4315 et
1805 4270 1918 4314 tum
1948 4261 2096 4331 apud

515 4351 869 4405 Moabitidem
941 4348 1087 4404 bello
1141 4348 1409 4404 adversus
1469 4348 1738 4405 barbaros
1793 4362 2096 4422 occupatus

513 4452 654 4518 erat,
685 4443 777 4497 ubi
813 4457 877 4496 ea
910 4457 1033 4511 quae
1063 4442 1116 4495 in
1154 4441 1287 4496 urbe
1319 4440 1399 4495 sic
1431 4442 1768 4510 gerebantur
1805 4444 2093 4514 cognovit,

2193 3257 2451 3327 ποιμένα·
2493 3257 2701 3327 ἥκιστα
2732 3259 2844 3327 γὰρ
2868 3256 3135 3328 ἀλλοτρίῳ
3181 3257 3411 3313 ἕπεσθαι
3448 3255 3783 3327 μεμαθήκα-

2195 3366 2319 3418 μεν,
2374 3349 2515 3419 μηδὲ
2572 3349 2732 3420 ξένης
2780 3350 3007 3404 ἀκούειν
3041 3352 3247 3419 φωνῆς.
3290 3367 3310 3401 ι
3348 3348 3538 3403 Ταῦτα
3578 3348 3780 3417 λέγων,

2193 3442 2545 3512 ἀνάρπαστος
2573 3442 2758 3513 ήγετο.
2786 3442 2893 3495 ὑπὸ
2929 3441 3041 3495 τῶν
3090 3439 3377 3496 Θέοδοσίου
3412 3441 3782 3497 ὑπασπιστῶν

2193 3530 2299 3594 ἔξω
2331 3532 2657 3601 συρόμενος,
2692 3532 2789 3585 καὶ
2826 3533 2937 3585 πᾶν
2967 3524 3107 3594 εἶδος
3161 3532 3456 3603 παροινίας
3485 3533 3580 3585 καὶ
3607 3532 3786 3601 βασάο

2196 3637 2289 3673 νου
2342 3621 2527 3692 φέρων
2576 3622 2667 3676 διὰ
2712 3623 2978 3694 Χριστόν.
3028 3622 3260 3687 Πολλαῖς
3310 3622 3369 3676 δὲ
3417 3621 3787 3690 καταξανθεὶς

2199 3709 2441 3779 μάστιξι,
2472 3712 2627 3774 τέλος
2658 3714 2754 3766 καὶ
2789 3712 3042 3783 μαχαίρᾳ
3077 3712 3337 3767 καταλύει
3383 3715 3443 3768 τὸ
3477 3712 3601 3782 ζῇν.
3640 3714 3699 3768 '0
3737 3715 3785 3770 δ’

2194 3801 2410 3855 ἐκείνου
2434 3802 2651 3871 νεκρὸς,
2688 3804 2754 3855 ὲκ
2787 3804 2946 3866 ποδὸς
2979 3803 3071 3857 διὰ
3106 3804 3290 3874 πάσης
3320 3804 3419 3875 τῆς
3454 3805 3666 3867 πόλεως
3693 3806 3786 3859 ὲλ-

2196 3895 2440 3958 κυσθεὶς,
2472 3895 2626 3956 τέλος
2656 3894 2787 3947 κυσὶ
2835 3894 2973 3966 βορὰ
3009 3897 3348 3966 παρεδίδοτο.
3403 3897 3682 3968 Δωρόθεος
3735 3898 3785 3952 δ’

2194 3987 2222 4038 ό
2248 3987 2347 4055 τὴν
2382 3986 2757 4055 Παλαιστίνην
2805 3988 2870 4039 ὲκ
2911 3987 3178 4056 βασιλέως
3230 3988 3456 4050 διέπων,
3489 3991 3617 4059 περί
3673 4006 3782 4043 που

2195 4073 2293 4140 τὴν
2320 4073 2606 4128 Μωαϐῖτιν
2638 4074 2777 4144 πρδς
2822 4073 3141 4146 βαρϐάρους
3199 4056 3688 4147 ένασῃλούμενῖς,
3713 4081 3783 4133 τὰ

2195 4167 2340 4220 κατά
2364 4168 2465 4237 τὴν
2496 4165 2654 4219 πόλιν
2687 4170 2960 4237 γενόμενα
2989 4167 3266 4235 διαγνοὺς,
3298 4168 3425 4221 ὅσον
3459 4170 3627 4239 τάχος
3651 4170 3781 4240 ἥκει

2197 4260 2296 4311 σὺν
2342 4260 2442 4313 οὐκ
2489 4260 2708 4326 ἀγεννεῖ
2746 4260 2824 4329 τῷ
2863 4259 3084 4331 στρατῷ
3135 4260 3425 4331 βοηθήσων
3453 4265 3566 4325 τοῖς
3596 4266 3782 4333 πράγ-

2199 4367 2387 4419 μασιν.
2420 4348 2494 4405 Οἴ
2524 4367 2586 4417 γε
2633 4351 2741 4421 μὴν
2788 4351 3080 4405 Θεοδοσίου
3110 4351 3205 4404 καὶ
3241 4352 3505 4414 Εὑδοκίας
3537 4354 3783 4408 ὑπασπι-

2198 4443 2323 4495 σταὶ
2362 4442 2461 4503 τὰς
2496 4440 2668 4512 θύρας
2695 4443 2891 4513 ἐκείνῳ
2920 4439 3390 4512 ἐπιζυγὼσαντες,
3418 4443 3481 4496 ού
3510 4443 3782 4515 πρότερον

513 4536 801 4592 celeritate
828 4547 1042 4588 summa
1068 4547 1194 4588 cum
1221 4533 1470 4587 exercitu
1502 4532 1630 4588 forti
1661 4535 1825 4589 rebus
1848 4550 2089 4605 praesen-

2200 4530 2429 4598 ἀνῆκαν,
2455 4531 2561 4594 ἕως
2595 4525 2656 4583 οὑ
2687 4531 2848 4599 λόγον
2885 4533 2977 4584 καὶ
3028 4531 3160 4602 παρ’
3210 4529 3378 4584 αὑτοῦ
3424 4530 3620 4586 ἔλαϐον
3644 4573 3660 4598 ,
3704 4535 3783 4598 ὡς

514 4631 664 4687 tibus
701 4626 1061 4682 consulturus
1095 4626 1357 4680 accurrit.
1395 4624 1670 4681 Caaterum
1708 4626 2003 4682 Theodosii
2037 4637 2094 4682 et

511 4722 774 4779 Eudocize
807 4719 1097 4784 satellites,
1132 4719 1310 4788 portis
1353 4717 1582 4783 clausis,
1617 4733 1728 4772 non
1771 4720 1927 4789 prius
1964 4735 2091 4774 eum

512 4814 812 4879 admisere,
851 4827 1012 4883 quam
1044 4812 1128 4866 eis
1158 4810 1440 4881 pollicitus
1468 4819 1637 4876 esset,
1666 4826 1726 4865 se
1760 4827 1984 4882 quoque
2023 4814 2090 4868 ad

514 4916 697 4976 partes
724 4918 915 4960 eorum
946 4902 1322 4968 deiecturum,
1350 4902 1513 4957 sicuti
1547 4902 1943 4958 monachorum
1975 4918 2095 4957 om-

512 4999 665 5053 nium
702 4996 839 5051 ordo
865 5003 924 5051 et
950 4995 1210 5050 universa
1246 4994 1489 5049 civitatis
1520 4994 1818 5048 multitudo
1848 4993 2089 5049 fecisset.

515 5090 589 5142 Ita
614 5102 834 5142 menses
860 5085 1050 5157 viginti
1079 5085 1351 5141 exitiosus
1373 5084 1722 5140 Theodosius
1748 5086 2092 5156 tyrannidem

512 5181 567 5235 in
599 5180 730 5235 sede
760 5178 1260 5249 Hierosolymitana
1292 5175 1561 5233 exercuit.
1593 5176 1767 5243 Quam
1797 5194 1911 5233 rem
1941 5188 2091 5248 post-

511 5288 681 5342 quam
717 5271 1029 5341 Marcianus
1061 5269 1358 5333 intellexit,
1391 5284 1421 5323 a
1456 5269 1734 5324 Dorotheo
1765 5269 1854 5324 ille
1882 5270 2095 5340 ejectus

507 5371 634 5416 est:
667 5375 832 5430 quem
865 5361 911 5416 is
941 5375 1140 5431 capere
1172 5361 1399 5429 quidem
1432 5360 1534 5431 (sic
1560 5363 1708 5413 enim
1743 5361 2093 5431 imperatoris

509 5453 1058 5523 praeceperatjussio)
1075 5462 1305 5509 conatus
1321 5463 1432 5518 est;
1468 5451 1567 5531 sed,
1589 5452 1641 5506 id
1666 5454 1734 5508 ab
1760 5469 1824 5509 eo
1848 5454 1961 5509 lieri
1981 5470 2091 5509 non

512 5543 715 5613 potuit,
749 5553 1041 5615 propterea
1065 5544 1213 5614 quod
1252 5545 1427 5615 pestis
1450 5544 1543 5598 illa
1574 5544 1630 5599 in
1659 5543 1901 5600 Sinazum
1930 5561 2092 5600 mon-

511 5649 621 5691 tem
673 5636 1013 5706 profugerat.
1067 5635 1242 5702 Quam
1290 5636 1363 5691 ob
1406 5650 1628 5691 causam
1686 5636 1947 5706 plurimi,
1996 5638 2090 5706 qui

509 5729 760 5799 partibus
789 5730 913 5800 ejus
942 5730 1214 5793 faverant,
1239 5729 1533 5785 tormentis
1562 5729 1770 5795 subditi
1803 5740 1955 5797 sunt,
1983 5745 2090 5784 non

511 5821 711 5891 plebeii
763 5830 976 5875 tantum
1027 5820 1315 5890 homines,
1363 5820 1461 5877 sed
1510 5820 1678 5877 etiam
1727 5821 1820 5892 qui
1872 5833 2092 5893 propter

2200 4624 2454 4684 κάκεῖνος
2491 4623 2591 4676 σὺν
2627 4622 2813 4686 αὐτοῖς
2856 4623 2943 4693 εἴη
2975 4623 3302 4676 ἀποστατῶν
3321 4639 3337 4655 ·
3367 4621 3560 4693 ὥσπερ
3589 4625 3655 4694 δὴ
3685 4627 3785 4679 καὶ

2195 4714 2257 4766 τὸ
2292 4714 2584 4783 μοναχικδν
2618 4711 2763 4768 ἅπαν
2804 4714 2992 4767 καὶτὸ
3039 4717 3142 4783 τῆς
3189 4713 3398 4777 πόλεως
3444 4714 3785 4785 διεπράξατο

2196 4803 2424 4875 πλῆθος.
2462 4804 2588 4857 Ἐπὶ
2637 4804 2812 4858 εἴκοσι
2858 4803 3041 4859 τοίνυν
3073 4805 3241 4874 μησὶν
3275 4806 3303 4857 ὁ
3334 4802 3554 4873 λυμεὼν
3583 4806 3781 4859 Θεοδό-

2198 4915 2311 4958 σιος
2328 4899 2418 4950 τὸν
2444 4897 2633 4968 θρόνον
2661 4898 3029 4968 τυραννήσας,
3058 4897 3384 4966 Μαρκιανοῦ
3410 4897 3480 4950 τὰ
3512 4914 3769 4966 πεπραγ-

2199 4992 2336 5060 μένα
2372 4988 2658 5060 μαθόντος,
2704 4989 2840 5057 πρὸς
2888 4987 3171 5058 Δωροθέου
3222 4987 3573 5053 ἐκϐάλλεται,
3604 5005 3782 5040 κατα-

2198 5084 2345 5151 σχεῖν
2380 5082 2484 5153 μὲν
2516 5080 2874 5153 πειραθέιτος
2924 5081 3154 5133 ἐκεῖνον’
3189 5078 3336 5134 οὕτω
3380 5082 3492 5149 γὰρ
3539 5081 3599 5132 τὸ
3634 5081 3781 5133 θεῖον

2194 5176 2413 5229 ἐκέλευε
2446 5175 2782 5244 πρόσταγμα
2805 5189 2821 5206 ο
2844 5156 2938 5245 μὴ
2981 5172 3307 5242 δυνηθέντος
3335 5189 3399 5240 γε
3431 5173 3560 5243 μὴν,
3587 5172 3664 5242 τῷ
3688 5173 3781 5225 τὸν

2195 5268 2484 5337 ἀλιτήριον
2518 5266 2654 5341 πρὸς
2682 5265 2744 5318 τό
2779 5263 2997 5320 Σίναιον
3033 5266 3339 5336 ἀποδρᾶναι
3365 5282 3382 5298 ο
3416 5266 3485 5320 δι’
3518 5261 3595 5323 ὧν
3626 5267 3778 5320 πλεῖ-

2197 5375 2314 5412 στοι
2359 5358 2469 5411 τῶν
2519 5357 2715 5427 ἐκείνῳ
2749 5356 3148 5428 συναραμένων
3183 5358 3398 5421 αἰκίαις
3429 5359 3779 5430 ὑπήχθησαν,

2197 5450 2259 5505 ού
2299 5452 2462 5520 μόνον
2512 5449 2606 5502 τοῦ
2660 5449 2904 5512 λαώδους
2954 5448 3347 5520 πληρώματος,
3372 5449 3511 5505 ἀλλά
3541 5451 3779 5504 καὶτῶν

2199 5541 2477 5614 μοναδικῷ
2532 5541 2780 5612 σχήματι
2833 5540 3364 5611 κατατεταγμένων.
3431 5542 3677 5597 Ἐκείνου
3730 5543 3778 5597 δ’

2195 5635 2445 5690 ἐκποδὼν
2495 5637 2807 5704 γεγονότος,
2858 5635 3215 5699 ἰουϐενάλιος
3248 5632 3407 5700 αὖθις
3452 5638 3545 5690 τὸν
3586 5637 3779 5708 θρόνον

2199 5727 2505 5782 κατέλαϐε·
2558 5729 2653 5782 καὶ
2706 5727 2919 5791 πάντας
2967 5729 3128 5791 ὅσους
3187 5730 3523 5799 χειροτονίας
3575 5730 3779 5799 ἧξίωσε

2197 5821 2500 5888 Θεοδόσιος,
2524 5821 2771 5876 καθεῖλεν
2823 5820 3008 5886 εὐθύς.
3046 5819 3225 5875 Πολλὰ
3253 5823 3311 5876 δὲ
3348 5824 3445 5878 καὶ
3474 5824 3636 5895 ἔτερα
3668 5822 3779 5878 τῶν
