4118 6530
409 385 476 443 3⁸3
1348 389 1960 454 ECCIJESIASTICIE
1997 395 2390 457 HISTORIA!
2430 397 2575 460 LIB.
2622 400 2744 462 XV.
3616 402 3697 469 34'

413 492 653 563 ἀνιαρῶν
682 493 759 563 τῷ
790 496 991 567 πλήθει
1026 496 1322 569 ἑπισυνέϐη
1347 499 1561 553 ἐκεῖθεν
1590 500 1748 555 ἔνθεν
1780 505 2000 573 προῖόν-
2028 539 2039 569 Α

2051 506 2350 568 thabitum
2411 508 2464 564 in
2526 509 2924 565 monachorum
2974 509 3171 580 ordine
3230 510 3385 567 censi
3436 510 3677 570 fuerant.

416 602 544 650 των,
573 586 671 639 ὅσα
706 604 771 655 γε
810 590 838 642 ὁ
875 590 1046 658 θυμὸς
1076 591 1226 661 αὐτῷ
1257 591 1565 663 διηγόρευε,
1591 592 1687 646 τοῦ
1721 593 1994 665 βασκάνου

2072 599 2233 653 »Ροει
2263 598 2563 653 Theodosii
2596 600 2803 670 fugam,
2827 602 3115 657 Iuvenalis
3143 602 3196 656 in
3229 602 3491 658 thronum
3520 619 3684 660 suum

421 679 514 731 καὶ
542 677 837 748 θεομισοῦς
873 682 1130 752 δαίμονος
1162 684 1305 737 οὓτω
1350 685 1614 755 πράττειν
1664 688 1995 757 εἰσηγουμέ-

2101 689 2417 754 restitutus,
2458 686 2720 746 omnibus
2765 706 2906 760 quos
2945 692 3038 746 ille
3082 691 3460 757 ordinaverat,
3500 693 3683 765 digni-

374 805 383 812 .
422 784 514 820 νου
541 768 661 829 ἑνὸς
685 770 1021 839 γράμματος
1055 771 1319 843 ἐναλλαγῇ
1342 788 1355 803 ·
1384 772 1459 835 ὡς
1484 773 1686 839 ἐξεῖναι
1713 776 1780 845 τῇ
1813 775 1996 844 ἐκφω-

2103 788 2270 835 tatem
2321 782 2505 835 statim
2548 783 2775 839 ademit.
2825 784 2992 838 Multa
3038 794 3305 855 praeterea
3352 786 3458 842 alia
3503 787 3684 842 tristia

424 860 578 928 νήσει
610 860 845 931 θατέρου
890 863 1115 933 σύμπαν
1148 865 1378 933 ἐπάγειν
1405 864 1641 919 ἐνταῦθα
1670 864 1732 918 τὺ
1765 865 1953 935 ἓτερον
1976 882 1992 897 ο

2101 872 2233 928 hinc
2279 881 2335 927 et
2375 873 2504 928 inde
2551 874 2938 944 provenientia
2994 876 3335 931 multitudini
3394 877 3685 941 accidere,

422 951 519 1004 ἐπὶ
548 951 727 1022 τόσον,
754 953 829 1017 ὠς
860 956 956 1007 καὶ
985 954 1122 1010 πολὺ
1165 957 1227 1009 τὺ
1262 955 1643 1028 παραλλάττον
1672 956 1995 1026 νομίζεσθαι

2099 979 2221 1033 qum
2252 964 2472 1018 animus
2499 964 2573 1029 ei,
2612 965 2801 1020 invido
2833 979 2890 1021 et
2928 966 3042 1020 Deo
3071 967 3250 1021 inviso
3282 969 3552 1027 daemone.
3586 984 3686 1039 per

423 1043 577 1111 παρὰ
600 1046 714 1108 τοῖς
746 1046 979 1111 πλείοσι,
1005 1047 1100 1101 καὶ⁵
1128 1047 1390 1117 ἄντικρυς
1420 1047 1519 1111 τὰς
1547 1048 1757 1111 ἐννοίας
1790 1049 1853 1102 ὲκ
1879 1048 1996 1102 δια-

2099 1056 2270 1111 υηίυε
2319 1056 2523 1112 litteras
2576 1057 2964 1120 mutationem,
3018 1059 3306 1124 suadente,
3353 1062 3627 1132 suggessit
3667 1081 3680 1116 :

427 1135 627 1204 μέτρου
680 1136 966 1206 φέρεσθαι,
1001 1138 1076 1199 ὡς
1120 1139 1474 1210 άναιρετικὰς
1533 1139 1783 1210 ἀλλήλων
1832 1140 1995 1193 καθε-

2099 1147 2174 1203 ita
2210 1156 2272 1202 ut
2302 1149 2537 1205 alterius
2577 1149 2780 1204 littera;
2821 1149 3301 1219 pronuntiatione,
3338 1151 3489 1206 aliud
3526 1168 3686 1222 pror-

424 1227 638 1285 στάναι.
672 1230 780 1283 Καὶ
812 1229 922 1298 γάρ
948 1232 975 1284 ὁ
997 1230 1093 1284 τὸν
1123 1232 1360 1301 Χριστὸν
1391 1234 1450 1285 ὲν
1477 1232 1572 1287 δύο
1596 1233 1829 1301 φύσεσιν
1864 1236 1995 1305 ὁμο-

2099 1257 2195 1296 sus
2235 1241 2504 1297 inducere
2543 1243 2760 1297 liceret.
2791 1243 2943 1296 Adeo
2980 1242 3170 1304 etiam,
3204 1252 3262 1295 ut
3300 1243 3471 1297 multa
3506 1259 3536 1298 a
3565 1244 3686 1313 plu-

423 1322 599 1389 λογῶν
630 1327 692 1375 ἐκ
723 1322 816 1376 δύο
848 1324 1110 1395 ἄντικρυς
1138 1325 1312 1394 λέγει,
1338 1328 1499 1396 εἴπερ
1521 1327 1581 1379 ἐν
1631 1325 1851 1397 θεότητι
1898 1329 1994 1380 καὶ

2098 1330 2255 1384 ribus
2309 1331 2543 1385 mutatio
2592 1332 2752 1395 fieri,
2804 1341 2863 1387 et
2896 1320 3190 1388 isententia
3241 1334 3294 1386 in
3345 1335 3682 1390 contrariam

421 1413 807 1484 ἀνθρωπότητι
862 1417 1245 1484 συνομολογῶν
1280 1416 1373 1469 τὸν
1422 1418 1682 1487 Χριστὸν,
1707 1419 1772 1471 ὲκ
1801 1418 1994 1487 θεότη-

2100 1437 2329 1490 prorsus
2371 1431 2429 1477 et
2464 1438 2533 1477 ex
2563 1422 2839 1478 diametro
2872 1433 3274 1496 repugnantem
3324 1426 3685 1497 signiﬁcatio-

425 1522 516 1568 τος
564 1509 657 1561 καὶ
705 1507 1127 1577 ἀνθρωπότητος
1166 1508 1541 1563 συντεθεῖσθαι
1570 1510 1718 1577 λέγει
1743 1526 1758 1541 ο
1785 1511 1814 1564 ὅ
1838 1501 1899 1564 τε
1928 1512 1994 1565 ὲκ

2097 1528 2225 1568 nem
2262 1512 2418 1579 ferri,
2454 1525 2519 1569 et
2544 1515 2775 1573 alteram
2815 1531 2916 1585 per
2954 1517 3182 1570 alteram
3233 1517 3349 1573 tolli
3397 1518 3684 1574 existima-

424 1600 520 1654 δύο
548 1599 723 1667 λέγων
755 1601 856 1670 τὴν
881 1601 937 1653 ὲν
967 1600 1060 1653 δύο
1092 1602 1312 1665 πάντως
1340 1603 1640 1672 ὁμολογίαν
1670 1604 1891 1670 ἐπάγει,
1916 1606 1992 1658 εἴ·

2098 1612 2272 1659 retttr.
2309 1603 2444 1658 Nam
2480 1604 2763 1660 Christum
2798 1608 2878 1671 ὲν,
2911 1606 3017 1662 hoc
3046 1615 3132 1661 est
3188 1606 3242 1660 in
3276 1607 3493 1662 duabus
3524 1619 3684 1664 natu-

426 1709 534 1764 περ
579 1693 643 1745 ἐκ
685 1692 939 1764 θεότητος
990 1695 1086 1748 καὶ
1137 1693 1564 1766 άνθρωπότητος
1613 1695 1705 1749 τὸν
1752 1697 1994 1766 Χριστδν

2098 1695 2184 1749 ris
2213 1696 2309 1766 qui
2348 1697 2661 1766 proﬁtetur,
2712 1700 2800 1763 ὲκ,
2839 1697 2946 1752 hoc
2978 1707 3162 1752 estex
3211 1697 3452 1763 duabus,
3498 1700 3634 1755 dicit
3667 1719 3681 1753 :

425 1781 621 1849 λέγων,
650 1784 706 1833 ὲν
735 1782 949 1852 θεότητι
979 1785 1073 1837 καὶ
1126 1783 1508 1855 ἀνθρωπότητι
1542 1785 1802 1855 ὁμολογεῖ
1829 1787 1994 1842 αὐτὸν

2099 1786 2375 1856 siquidem
2433 1787 2564 1842 dum
2631 1788 2687 1842 in
2729 1788 3017 1843 divinitate
3053 1796 3111 1843 et
3149 1788 3495 1844 humanitate
3526 1789 3688 1846 Citri-

423 1878 773 1943 καθεστάναι,
798 1877 925 1933 οὔτε
959 1881 1057 1951 τῆς
1092 1880 1293 1947 σαρκὸς
1337 1881 1420 1944 εἰς
1448 1880 1680 1952 θεότητα
1716 1882 1995 1952 μεταϐλη-
2026 1871 2049 1930 Ι

2060 1876 2067 1926 ἲ
2097 1888 2245 1934 stum
2278 1878 2598 1945 conﬁtetur,
2634 1894 2701 1933 ex
2746 1878 3035 1935 divinitate
3077 1889 3136 1934 et
3182 1880 3525 1937 humanitate
3557 1882 3686 1936 uni-

425 1971 633 2039 θείσης,
667 1971 779 2025 οὒτ’
805 1969 871 2027 αὖ
905 1973 1003 2042 τῆς
1038 1972 1296 2043 θεότητος
1325 1974 1403 2037 είς
1429 1973 1611 2045 σάρκα
1634 1975 1989 2045 χωρησάσης·

2096 1980 2213 2026 tum
2241 1986 2363 2027 esse
2394 1971 2669 2026 concedit.
2700 1972 2771 2027 Et
2799 1972 2896 2042 qui
2930 1988 2999 2028 ex
3037 1972 3254 2028 duabus
3282 1973 3439 2037 dicit,
3473 1974 3686 2045 profes-

431 2060 494 2127 te
522 2056 593 2116 ὧν
628 2064 660 2133 ή
707 2065 943 2135 άρῤητος
977 2064 1192 2128 ἐνωσις,
1224 2065 1302 2127 ὡς
1357 2065 1454 2119 καὶ
1483 2065 1573 2119 διὰ
1605 2065 1708 2134 τῆς
1757 2065 1827 2119 ἐκ
1880 2065 1993 2121 δύο

2093 2065 2308 2119 sionem
2349 2072 2529 2118 tamen
2574 2063 2629 2117 in
2689 2064 2905 2119 duabus
2951 2064 3167 2119 infert:
3201 2065 3247 2121 si
3284 2080 3352 2120 ex
3396 2065 3686 2127 divinitate

428 2154 610 2225 φωνῆς
659 2153 895 2209 ἐνταῦθα
943 2156 1180 2210 νοεῖσθαι
1232 2156 1563 2227 προσφόρως
1597 2156 1697 2226 τὴν
1740 2155 1812 2209 ἐν
1851 2155 1990 2220 δύο,

2093 2166 2150 2210 et
2205 2154 2551 2209 humanitate
2603 2153 2887 2210 Christum
2939 2154 3151 2221 dicens,
3193 2155 3263 2218 in,
3295 2155 3588 2212 divinitate
3628 2167 3687 2213 et

428 2246 519 2299 atat
548 2246 634 2300 διὰ
665 2249 763 2318 τῆς
809 2247 882 2303 ἐν
930 2248 1041 2303 δύο
1086 2248 1188 2319 τὴν
1238 2248 1310 2302 ἐκ
1337 2246 1471 2313 δύο,
1498 2247 1595 2301 καὶ
1624 2246 1857 2319 θάτερον
1893 2247 1991 2302 τοῦ

2096 2245 2442 2303 humanitate
2509 2246 2815 2301 consistere
2880 2245 3059 2314 ipsum
3125 2245 3440 2316 proﬁtetur,
3500 2262 3686 2318 neque

426 2340 612 2411 ἑτέρου
668 2340 743 2411 μὴ
791 2340 1277 2411 ἀπολιμπάνεσθαι
1306 2356 1322 2373 ·
1355 2341 1493 2395 ὅπου
1528 2357 1593 2409 γε
1625 2341 1771 2395 κατὰ
1803 2339 1866 2394 τὸ
1894 2357 1994 2395 πε-

2092 2354 2261 2395 carne
2292 2339 2348 2393 in
2389 2336 2739 2393 divinitatem
2781 2347 2974 2403 eunte,
3005 2351 3186 2408 neque
3218 2353 3437 2393 rursum
3477 2338 3684 2394 divini-

427 2430 664 2500 ριθύσιον
689 2431 750 2483 οὐ
789 2429 951 2500 μόνον
985 2432 1045 2485 τὸ
1096 2431 1223 2486 ὅλον
1266 2433 1334 2485 ὲκ
1383 2431 1589 2503 μερῶν,
1634 2432 1774 2487 ἀλλὰ
1808 2434 1902 2486 καὶ⁵
1932 2436 1991 2487 ἐν

2096 2440 2206 2487 tate
2236 2431 2293 2485 in
2320 2445 2544 2488 carnem
2585 2431 2896 2496 evadente;
2944 2429 3095 2498 unde
3129 2430 3426 2486 ineffabilia
3463 2431 3556 2485 illa
3592 2446 3688 2487 ex-

427 2521 616 2594 μὲρεσι
647 2522 708 2576 τὸ
741 2523 862 2576 ὅλον
895 2524 1242 2594 γνωρίζεται.
1275 2526 1387 2581 Καὶ
1422 2527 1577 2598 ὅμως
1623 2527 1872 2595 ἀλλήλων
1898 2526 1992 2582 οὓς

2092 2523 2237 2579 stitit
2272 2524 2425 2589 unio,
2458 2532 2520 2580 ttt
2540 2538 2637 2594 per
2666 2521 3032 2589 locutionem,
3065 2539 3130 2578 ea:
3160 2523 3386 2586 duabus,
3415 2523 3506 2579 hic
3534 2538 3687 2579 com-

424 2628 532 2672 τως
563 2613 972 2684 άπεσχοινίσθαι
999 2615 1174 2670 ταῦτα
1202 2618 1521 2689 νομίζουσιν
1552 2619 1835 2691 ἄνθρωποι
1858 2637 1990 2673 συν·

2093 2616 2257 2672 mode
2297 2617 2504 2672 locutio
2550 2617 2608 2671 in
2640 2615 2871 2684 duabus,
2906 2625 2965 2672 et
3012 2632 3130 2687 per,
3160 2619 3216 2672 in
3258 2617 3485 2684 duabus,
3517 2619 3685 2674 etiam

424 2703 583 2776 ηθείᾳ
640 2707 748 2760 τινὶ
776 2705 908 2777 περὶ
941 2710 1036 2779 τῆς
1064 2707 1160 2763 τοῦ
1184 2707 1320 2763 Θεοῦ
1350 2710 1512 2782 δόξης
1532 2727 1550 2744 ⁶
1578 2711 1611 2783 ἢ
1642 2711 1740 2766 καὶ
1762 2712 1826 2766 τὸ
1844 2712 1990 2766 οὕτω

2090 2726 2156 2765 ea:
2194 2711 2399 2765 duabus
2444 2709 2813 2780 intelligatur,
2847 2718 2907 2764 et
2955 2709 3189 2765 alterum
3238 2710 3310 2765 ab
3352 2710 3527 2766 altero
3569 2726 3686 2767 non

424 2793 707 2865 βούλεσθαι
758 2799 1209 2871 προειλημμένοι,
1239 2802 1337 2855 καὶ
1376 2802 1560 2873 πάσης
1612 2802 1757 2865 ἰδέας
1808 2820 1992 2874 παρα-

2154 2802 2346 2868 fl‘crat;
2392 2800 2842 2872 quandoquidem
2888 2812 2944 2856 et
2983 2801 3137 2870 juxta
3180 2802 3558 2858 abundantem
3603 2804 3689 2859 lo—

423 2892 640 2961 φρονεῖν
660 2907 673 2921 ·
701 2891 734 2963 ἢ
766 2891 903 2961 πρὸς
944 2891 1044 2964 τὴν
1075 2892 1170 2947 τοῦ
1202 2893 1359 2958 ὄντος
1389 2896 1530 2948 ίέναι
1565 2897 1989 2963 συγκατάθεσιν.

2095 2894 2300 2963 qnendi
2351 2894 2624 2948 rationem
2672 2908 2784 2948 non
2833 2893 3011 2947 solum
3067 2901 3242 2948 totum
3294 2910 3361 2950 ex
3411 2895 3684 2963 partibus,

419 2984 499 3037 Δι’
525 2982 670 3054 άπερ
699 2985 757 3038 ai
791 2986 1081 3057 εἰρημέναι
1113 3003 1205 3056 μοι
1239 2987 1536 3059 συγχύσεις
1566 2989 1838 3057 ἐγένοντο.
1883 2992 1994 3045 Καὶ

2093 2988 2190 3043 sed
2235 2987 2402 3040 etiam
2454 2986 2509 3039 iu
2545 2985 2796 3056 partibus
2828 2993 3004 3039 totum
3056 2986 3379 3055 percipitur.
3419 2987 3584 3058 602
3620 2988 3687 3042 Et

421 3077 488 3130 τὰ
529 3078 626 3143 μὲν
677 3078 850 3142 οὕτως
901 3078 958 3132 ἓν
1007 3095 1091 3157 τε,
1120 3080 1502 3153 Ἀλεξανδρείᾳ
1532 3081 1627 3136 καὶ
1660 3081 1993 3157 Παλαιστίνῃ

2096 3090 2280 3135 tamen
2313 3086 2566 3148 separata
2598 3077 2715 3131 haec
2742 3077 2886 3130 inter
2921 3090 2982 3132 se
3021 3076 3102 3131 sic
3132 3091 3256 3132 esse
3285 3076 3539 3132 homines
3564 3078 3683 3147 opi-

422 3171 727 3227 συνέϐαινε.
1674 3215 1679 3220 ν

2094 3174 2208 3229 nati
2243 3181 2395 3234 sunt,
2424 3170 2659 3241 quadam
2682 3169 2753 3225 de
2776 3169 2889 3224 Deo
2918 3169 3200 3240 opinionis
3229 3169 3637 3225 consuetudine
3668 3185 3684 3226 :

422 3267 507 3322 vel
529 3268 673 3338 quod
701 3268 776 3324 ita
800 3268 1164 3329 destinatione
1195 3272 1367 3329 animi
1392 3258 1692 3340 voluerint,
1758 3281 1817 3330 et
1843 3272 2079 3344 quodvis
2150 3270 2334 3339 potius
2410 3268 2603 3322 mortis
2642 3281 2817 3338 genus
2848 3265 3058 3331 subire,
3086 3280 3252 3337 quam
3287 3267 3340 3321 ei
3375 3266 3523 3337 quod
3589 3282 3685 3322 ve.

418 3378 539 3417 rum
574 3372 684 3431 est,
756 3365 1037 3423 assentiri.
1089 3368 1264 3436 Quam
1315 3370 1387 3426 ob
1428 3385 1675 3437 causam,
1748 3384 1871 3440 quae
1910 3385 1942 3426 a
1990 3364 2078 3424 me
2117 3368 2277 3424 dictae
2329 3372 2460 3421 sunt
2506 3362 2869 3443 t-oniusiones
2901 3361 3183 3418 exstitere.
3233 3361 3361 3418 Haec
3409 3363 3493 3419 sic
3537 3362 3686 3435 apud

418 3452 818 3514 Alexandrinos
844 3468 903 3515 et
926 3460 1074 3532 apud
1101 3459 1424 3518 Palaestinos
1457 3460 1732 3518 accidere.
1826 3540 1833 3550 ι

1012 3598 1269 3655 tinem.
1328 3603 1389 3654 l'.
1516 3604 1517 3607 ‘
1822 3672 1825 3675 λ
2013 3606 2063 3670 c
2378 3558 2385 3577 ’

1516 3604 1517 3607 γ
1822 3672 1825 3675 Α
2013 3606 2063 3670 ο
2378 3558 2385 3577 ’
2724 3592 2955 3650 CAPUT
2985 3593 3055 3649 x.

422 3708 557 3778 Περὶ
582 3710 685 3766 τοῦ
707 3710 1234 3782 ἐπεισφρήσαντος
1261 3715 1332 3769 ἐν
1359 3713 1490 3781 ταῖς
1527 3713 1697 3780 ἑῴοις
1731 3713 1852 3767 τῶν
1880 3715 1988 3768 πό-

2094 3711 2172 3767 De
2196 3712 2339 3783 fame
2367 3708 2531 3764 simul
2557 3719 2606 3764 et
2636 3718 2800 3780 peste,
2827 3723 2948 3780 quae
2972 3708 3276 3763 civitatibus
3307 3707 3674 3767 Orientalibus

489 3783 643 3853 λεων
660 3783 838 3853 λιμοῦ
864 3784 1097 3853 τείόμοῦ
1145 3785 1245 3838 καὶ
1273 3785 1488 3853 λοιμοῦ
1510 3802 1526 3817 ·
1567 3786 1664 3838 καὶ
1697 3785 1778 3850 ὡς
1807 3786 1986 3838 αὑτο-

2161 3785 2492 3836 incesserunt
2517 3787 2614 3853 εει
2642 3788 2699 3833 ut
2722 3795 2822 3834 sua
2850 3788 3035 3850 sponte
3065 3788 3212 3833 terra
3247 3796 3392 3834 anno
3425 3791 3676 3851 sequente

486 3850 681 3920 μάτως
702 3852 739 3921 vl
773 3850 848 3922 τῆ
876 3852 956 3919 τῷ
977 3850 1206 3909 ἐπιόντι
1229 3853 1350 3909 ἔτει
1369 3850 1564 3924 ἀνῆκε
1592 3855 1887 3923 καρπούς.

1057 3856 1206 3909 ιόντι
1229 3853 1350 3909 ἔτει
1369 3850 1564 3924 ἀνῆκε
1592 3855 1887 3923 καρπούς.
2163 3853 2342 3925 fruges
2373 3851 2678 3919 protulerit.

488 3967 663 4037 Πολλὴ
688 3967 745 4021 δέ
782 3986 865 4033 τις
897 3968 1019 4023 κατ’
1060 3970 1241 4024 ἐκεῖνο
1291 3968 1488 4042 καιροῦ
1543 3970 1820 4043 ἀνομϐρία
1868 3970 1990 4040 ἐγέ-

2165 3966 2384 4023 Eisdem
2437 3963 2780 4034 temporibus
2823 3962 3017 4034 ingens
3062 3961 3164 4016 fuit
3200 3961 3445 4029 siccitas,
3474 3961 3682 4019 iames-

415 4076 559 4124 νετο,
590 4062 683 4113 καὶ
726 4061 883 4128 λιμὸς
917 4061 1052 4133 ὁμοῦ
1088 4061 1185 4116 καὶ
1232 4061 1420 4132 λοιμὸς
1450 4062 1509 4116 ἐν
1536 4080 1596 4117 τε
1636 4065 1850 4137 Φρυγίᾳ
1884 4067 1987 4119 Γα-

2088 4077 2199 4134 que
2237 4058 2401 4115 simul
2438 4067 2495 4114 et
2534 4057 2704 4127 pestis
2734 4059 2788 4112 in
2821 4055 3081 4127 Bhrygia,
3141 4054 3354 4111 Galatia
3384 4066 3439 4111 et
3467 4055 3683 4126 Cappa-

419 4153 576 4222 λατία
609 4172 667 4207 τε
699 4154 766 4209 αὖ
797 4159 891 4209 καὶ
923 4158 989 4226 τῇ
1043 4156 1434 4211 Καππαδοκῶν
1459 4172 1474 4187 ⁸
1507 4157 1605 4212 καὶ
1635 4157 1765 4229 ἄχρι
1795 4159 1861 4230 δὴ
1894 4160 1987 4213 καὶ

2091 4150 2296 4206 docia:
2339 4162 2462 4219 quae
2521 4147 2809 4202 calamitas
2865 4147 3031 4201 etiam
3084 4146 3150 4201 ad
3206 4145 3452 4201 Ciliciam
3506 4162 3685 4218 usque

417 4245 666 4310 Κιλικίας
693 4248 862 4317 αὐτῆς
900 4249 1219 4320 περιφανῶς
1263 4249 1574 4321 προεχώρει
1609 4266 1623 4282 ³
1650 4249 1725 4314 ὡς
1750 4252 1988 4323 συμὸαε-

2090 4236 2380 4315 progressa
2429 4247 2535 4305 est,
2577 4247 2638 4293 ut
2679 4253 2871 4293 earum
2923 4253 3064 4309 quas
3104 4237 3346 4293 diximus
3376 4239 3682 4310 regionum

416 4355 529 4392 νειν
560 4342 624 4410 τῇ
657 4340 836 4411 ἐνδείᾳ
865 4342 973 4394 τῶν
1007 4342 1329 4413 ἀναγκαίων
1359 4344 1484 4407 τοὺς
1529 4345 1848 4416 περιοίκους
1878 4346 1988 4400 τῶν

2091 4335 2285 4392 incolae
2306 4334 2370 4395 in
2406 4345 2624 4386 summa
2673 4328 2907 4400 penuria
2939 4329 3007 4383 ad
3037 4344 3134 4386 eas
3163 4329 3449 4401 angustias
3488 4346 3685 4402 perve-

418 4431 724 4500 είρημένων
776 4434 1202 4507 άπηγορευμένῃ
1258 4437 1355 4489 καὶ
1404 4434 1627 4508 ὀλεθρία
1681 4437 1775 4490 καὶ
1823 4438 1987 4509 ἀήθει

2090 4426 2297 4492 nerint,
2335 4424 2504 4480 rebus
2547 4421 2885 4478 necessariis
2932 4422 3341 4488 deficientibus,
3380 4431 3442 4478 ut
3490 4424 3683 4494 prohi-

417 4521 718 4591 χρήσασθαι
739 4524 804 4595 τῇ
827 4525 1026 4594 τροφῇ,
1054 4523 1482 4578 ἐπιλελοιπότων
1499 4524 1612 4577 τῶν
1640 4525 1984 4593 ἀναγκαίων.

2092 4516 2240 4583 bitis,
2274 4515 2514 4571 insolitis
2559 4523 2616 4569 et
2660 4512 2915 4569 exitiosis
2949 4514 3228 4569 alimentis
3265 4522 3576 4575 uterentur.
3614 4516 3685 4572 Et

419 4612 593 4683 Λιμοῦ
615 4615 671 4668 δὲ
692 4615 944 4668 τοσούτου
965 4617 1447 4688 ἐπιχωριάζοντος,
1473 4620 1539 4689 τῇ
1572 4617 1851 4688 μεταϐολῇ
1879 4617 1984 4688 τῆς

2089 4609 2234 4665 fame
2284 4617 2571 4679 tantopere
2619 4606 3017 4668 invalescente,
3059 4607 3338 4673 homines,
3368 4607 3550 4661 victus
3592 4624 3682 4664 ra-

417 4705 623 4777 διαίτης
671 4707 889 4761 ἐνόσουν
943 4707 1089 4778 μάλα
1133 4708 1184 4760 ot
1218 4707 1535 4775 ἄνθρωπον
1564 4709 1844 4779 ὑπερϐολῇ
1877 4710 1986 4779 γὰρ

2093 4703 2240 4757 tione
2288 4710 2521 4768 mutata,
2560 4701 2613 4756 in
2661 4702 3020 4773 aegritudines
3060 4699 3401 4756 inciderunt.
3433 4699 3679 4769 Corpora

416 4798 726 4868 φλεγμονῆς
760 4799 1087 4863 οἰὸαῐνοντος
1133 4798 1286 4868 σφίσι
1322 4799 1417 4853 τοῦ
1463 4800 1739 4872 σώματος,
1765 4800 1985 4871 πρῶτον

2092 4810 2333 4865 namque
2363 4805 2594 4866 prepter
2640 4795 2907 4865 maximas
2938 4794 3422 4859 inﬂammationes,
3470 4800 3683 4846 tumore

417 4891 517 4961 μὲν
542 4893 637 4953 τὰς
661 4891 813 4961 ὄψεις
846 4891 1165 4963 ἐφθείροντο
1192 4907 1208 4923 °
1234 4887 1285 4946 εἶ
1298 4891 1336 4945 τ’
1361 4893 1757 4963 ἐπιγινομένης
1790 4892 1981 4965 βηχὸς,

2090 4900 2384 4958 concepto,
2416 4889 2607 4942 oculos
2637 4887 2877 4957 primum
2910 4885 3282 4940 amittebant:
3314 4884 3514 4939 deinde
3546 4885 3683 4941 tussi

417 4984 646 5049 τριταῖοι
686 4985 777 5037 τὶν
809 4983 924 5053 βῐον
973 4983 1243 5056 ἀπῄεσαν.
1310 4983 1473 5037 Ἀλλά
1508 4986 1604 5038 τοῦ
1660 4984 1985 5056 μὲνιλοιμοῦ
2021 4974 2043 5031 Ῑ

2054 4981 2064 5025 l
2093 4982 2417 5047 accedente,
2455 4982 2545 5036 die
2582 4981 2749 5036 tertio
2795 4980 3200 5035 moriebantur.
3234 4978 3437 5033 Contra
3471 4990 3680 5050 pestem

412 5075 513 5126 οὐκ
535 5069 603 5145 ἦν
628 5092 711 5138 τις
738 5075 962 5145 βοήθεια
989 5075 1227 5147 οὐδαμοῦ
1251 5091 1264 5104 ·
1286 5079 1405 5140 τοῖς
1424 5093 1489 5147 γε
1514 5078 1622 5148 μὴν
1645 5077 1737 5132 ὑπ’
1765 5080 1980 5134 ἐκείνου

2088 5091 2209 5129 eam
2258 5075 2470 5130 nullum
2508 5088 2738 5145 usquam
2774 5074 2879 5129 fuit
2913 5073 3206 5128 auxilium.
3241 5070 3344 5137 Qui
3388 5081 3571 5124 autem
3614 5087 3680 5125 ex

412 5167 655 5230 σπανίοις
703 5168 936 5237 πάμπαν
960 5170 1408 5240 καταλειφθεῖσιν
1443 5171 1669 5241 ἀρωγὴν
1697 5173 1730 5241 ἡ
1762 5170 1982 5225 πάντων

2087 5181 2150 5221 ea
2182 5166 2391 5236 perrari
2431 5165 2783 5236 superfuere,
2816 5166 2897 5221 eis
2925 5178 3089 5232 opem
3119 5160 3389 5216 servatrix
3429 5160 3677 5245 omnium

330 5322 351 5334 ⁸
407 5258 643 5330 σώτειρα
697 5261 937 5331 Πρόνοια
975 5261 1314 5328 δέδωκε,τδν
1345 5262 1502 5332 λιμὸν
1561 5262 1954 5332 θεραπεύσασα

2087 5260 2439 5317 Providentia
2469 5258 2677 5324 attulit,
2701 5268 2756 5315 et
2781 5258 2907 5315 fanti
2937 5256 3219 5312 subvenit.
3249 5253 3325 5308 Eo
3350 5253 3498 5307 enim
3533 5268 3679 5305 anno

406 5350 559 5405 Κατὰ
592 5351 694 5421 μὲν
743 5352 854 5421 γὰρ
895 5355 1069 5407 ἐκεῖνο
1112 5354 1173 5405 τὸ
1222 5353 1342 5427 ἔτος
1384 5347 1428 5421 ᾧ
1466 5353 1542 5424 μὴ
1575 5353 1678 5422 ἔφυ
1710 5353 1778 5406 τά
1810 5356 1978 5424 σπέρ-

2087 5372 2199 5424 quo
2249 5356 2435 5427 fruges
2483 5371 2592 5409 non
2641 5361 3037 5425 provenerunt,
3086 5351 3354 5404 alimento
3386 5349 3537 5403 aerio
3585 5362 3682 5402 eos

405 5460 563 5513 ματα,
603 5443 776 5515 ἀερίῳ
808 5448 979 5515 τροφῇ
1014 5444 1265 5515 ἔθρεψεν,
1306 5442 1499 5516 ὥσπερ
1535 5446 1668 5499 ποτὲ
1723 5448 1839 5509 τοῖς
1875 5450 1978 5499 πά·-

2085 5446 2243 5511 fovit,
2278 5447 2439 5502 sicuti
2472 5446 2604 5501 olim
2638 5445 2917 5499 veteribus
2948 5440 3213 5498 lsraelitis
3240 5440 3441 5517 fecisse
3470 5453 3681 5493 memo-

400 5536 486 5589 λαι
519 5538 894 5607 Ἰσραηλίταις
932 5537 1214 5608 ἱστόρηται
1240 5537 1522 5610 πράξασα,
1548 5537 1576 5592 ὃ
1601 5538 1780 5608 μάννα
1809 5557 1975 5610 προσ-

2087 5548 2263 5603 ratur,
2306 5554 2507 5593 manna
2559 5537 2664 5592 illis
2716 5535 2882 5607 (quod
2934 5534 3161 5602 dicitur)
3209 5533 3427 5588 caelitus
3474 5528 3678 5585 deruit-

397 5632 691 5702 ηγόρευται
742 5629 1107 5701 ἐπιϐρέξασα·
1154 5630 1500 5701 αὐτομάτους
1544 5629 1623 5682 se
1662 5630 1975 5701 τελεσιουρ-

2088 5644 2232 5689 tens.
2283 5631 2543 5689 Proximo
2585 5638 2769 5685 autem
2818 5644 2965 5683 anno
3010 5635 3071 5681 ut
3114 5627 3299 5697 fruges
3335 5641 3435 5679 sua
3480 5636 3679 5694 sponte

393 5728 610 5799 γῄσασα
648 5725 784 5787 τοὺς
834 5725 1079 5794 καρποὺς
1129 5722 1241 5776 ἔτει
1290 5722 1369 5793 τῷ
1407 5723 1546 5791 μετὰ
1582 5721 1764 5775 τοῦτο.
1797 5721 1878 5775 Τά
1915 5723 1972 5776 δὲ

2084 5736 2494 5790 excrescerent,
2527 5724 2732 5780 eil‘ecit.
2797 5723 2923 5777 llaec
2952 5720 3088 5775 mala
3126 5721 3472 5776 Palaestinam
3509 5716 3674 5771 etiam

390 5820 616 5876 τοιαῦτα
646 5817 804 5875 κακά
835 5818 933 5887 τήν
956 5834 1014 5872 τε
1052 5815 1429 5891 Παλαιστινῶν
1454 5814 1735 5887 ἐπέδραμε
1766 5815 1971 5887 χώραν,

2084 5831 2140 5875 et
2170 5818 2438 5891 plurimus
2467 5818 2604 5875 alias
2634 5818 2893 5890 regiones
2927 5822 3307 5887 pervaserunt.
3344 5812 3411 5866 Et
3438 5805 3668 5865 calami-
