4118 6532
407 430 478 494 35
1641 415 2069 478 NlCEPUORI
2114 414 2460 477 CALLISTI
3606 405 3674 469 3G

410 562 556 605 tates
605 545 873 616 ejusmodi
914 540 1252 601 Orientalem
1304 534 1458 592 orbis
1505 542 1718 604 partem
1772 544 2027 598 omnem,

2129 532 2193 584 al.
2247 517 2414 592 άλλές
2466 527 2730 590 πλείστας
2761 523 2967 595 ἐπῆλθε
3023 525 3208 586 πόλεις
3237 539 3251 554 ·
3284 522 3475 595 ὥσπερ
3507 524 3676 594 βάδην

411 659 467 712 pt
481 648 792 711 ragrarunt.

1012 859 1238 918 CAPUT
1291 858 1400 927 χιι

414 980 494 1034 De
535 978 897 1032 Valentininm
926 976 1086 1036 cn'de,
1113 974 1202 1042 qui
1229 968 1653 1042 Occidentalibus
1679 967 1993 1042 imperavit:

487 1060 535 1103 et
573 1050 636 1102 de
678 1048 922 1101 Eudoxia
969 1037 1190 1112 conjuge
1240 1043 1388 1112 eius,
1428 1040 1706 1112 liberisque
1737 1037 1993 1112 eiusdem.

490 1119 557 1172 Et
586 1129 641 1171 ut
675 1118 1020 1173 (Senserichus
1053 1105 1230 1166 {tritam
1261 1105 1483 1164 Romam
1518 1109 1730 1175 ceperit.
1772 1105 1909 1158 Item
1934 1106 1998 1156 de

488 1191 562 1243 eis
585 1190 672 1257 qui
697 1197 809 1256 post
835 1185 1271 1238 Valentinianum
1297 1197 1388 1250 per
1409 1179 1788 1234 successionem
1821 1175 1998 1228 Romae

485 1261 843 1328 imperarunt.

494 1439 586 1494 Hae
640 1436 884 1492 Orientis
945 1447 1204 1488 aerumnae
1265 1431 1441 1485 luere.
1503 1429 1678 1483 Porro
1731 1425 2003 1481 Occidens

422 1535 585 1595 alias,
622 1531 705 1585 eis
739 1543 875 1595 quas
911 1526 1152 1581 diximus
1197 1540 1306 1578 non
1344 1523 1608 1580 minores.
1641 1519 1835 1574 sensit.
1867 1515 2002 1572 Nam

423 1622 620 1678 Aetius
669 1619 825 1675 urbis
870 1619 1133 1672 Romanae
1180 1613 1494 1684 prmfectus,
1531 1609 1905 1665 miserandum
1947 1607 2004 1662 in

424 1715 649 1770 modum
686 1712 854 1765 vitam
903 1709 1089 1764 amisit
1120 1725 1134 1761 :
1174 1715 1228 1760 et
1259 1721 1372 1760 orae
1411 1703 1667 1759 Occiduaa
1705 1702 2006 1771 imperator

425 1804 854 1861 Valentinianus
915 1810 1065 1854 recta
1127 1797 1354 1868 quidem
1412 1794 1672 1850 Ecclesia:
1727 1795 2002 1863 dogmata,

2096 625 2206 679 τῶν
2245 624 2504 678 τοιούτων
2534 621 2728 678 παθῶν
2779 623 2965 676 πᾶσαν
3014 619 3114 689 τὴν
3161 618 3262 688 τῆς
3292 617 3406 670 Ἕω
3459 635 3678 688 περινο-

2101 717 2372 771 στούντων
2399 719 2527 786 γῆν.
3200 703 3216 714 ’

2691 847 2943 903 ΚΕΦΑΛ.
2984 849 3092 902 IA'.

2099 963 2241 1030 Περί
2286 963 2399 1030 τῆς
2448 961 2817 1028 ἀναιρέσεως
2878 956 3390 1030 Οὐαλεντινιανοῦ
3441 958 3566 1030 toi},
3611 957 3682 1009 ἐν

2169 1028 2396 1100 ἐσπέρᾳ
2445 1031 2884 1098 κατάρχοντος·
2946 1029 3067 1100 καὶ-
3101 1029 3235 1095 περί
3289 1028 3402 1100 τῆς
3442 1029 3680 1100 exciret!

2169 1097 2457 1171 γυναικὸς
2509 1101 2951 1171 Εὺδοξίαςᾳκαὶ
2994 1097 3398 1171 τῶνῌπαίδων
3449 1097 3676 1171 αξντῆςς

2170 1166 2268 1227 καί
2300 1174 2380 1238 ὡς
2416 1166 2718 1239 Γιζέριχος
2779 1166 2907 1223 εἷλε
2940 1171 3056 1233 τὴν
3093 1168 3328 1239 Ῥώμην
3347 1183 3381 1239 '_
3415 1166 3514 1239 καὶ
3545 1167 3679 1239 περί

2171 1243 2293 1297 τῶν
2312 1236 2463 1311 μὲτὰ
2517 1236 3033 1311 Οὐάλεντιιτιανὸν
3073 1237 3225 1292 κατὰ
3255 1237 3553 1306 διαδοχὴν
3572 1236 3682 1300 βε-

2174 1309 2623 1368 ϐασιλευκότων
2643 1311 2714 1366 ἐν
2755 1309 2974 1379 Ῥώμῃ.

2176 1429 2417 1484 Τοιαῦτα
2475 1429 2575 1498 μὲν
2618 1427 2716 1500 τὴν
2749 1428 2866 1480 Ἕω
2893 1425 3038 1479 κακά
3064 1423 3427 1496 διελάμϐανεν
3451 1439 3465 1453 ⁸
3501 1424 3604 1476 ἀνὰ.
3630 1422 3687 1474 δέ

2104 1521 2203 1592 τὴν
2233 1522 2477 1589 ἑσπέραν
2502 1519 2671 1588 ’έτερα
2697 1519 2800 1571 ούκ
2828 1516 3042 1570 ἐλάττω
3081 1514 3192 1568 τῶν
3232 1513 3542 1585 εἰρημένων
3577 1512 3692 1579 ἐγί-

2107 1631 2250 1669 νετο.
2290 1613 2500 1676 Ἀέτιος
2535 1612 2636 1682 μὲν
2665 1611 2774 1680 γάρ
2819 1611 2848 1664 δ
2891 1610 2993 1680 τὴν
3029 1609 3253 1678 Ῥώμην
3282 1607 3486 1660 διέπων
3515 1605 3691 1659 ἐλεεια
3779 1673 3788 1685 1

2109 1707 2213 1769 νῶς
2237 1706 2331 1760 τὸν
2360 1705 2477 1777 βίον
2503 1703 2876 1780 κατέστρεψεν
2893 1720 2909 1736 ·
2933 1704 2962 1756 δ
2989 1702 3047 1756 δέ
3077 1703 3176 1773 τῆς
3199 1701 3459 1770 ἑσπερίου
3481 1697 3692 1768 λήξεως

2113 1799 2476 1869 αὐτοκράτωρ
2526 1796 2980 1859 Οὐαλεντινιανδς
3043 1795 3156 1849 τῶν
3216 1795 3313 1862 μὲν
3363 1792 3541 1861 ὀρθῶν
3595 1792 3694 1856 τῖς

428 1893 898 1969 quemadmodum
930 1907 1098 1961 supra
1133 1905 1163 1944 a
1195 1889 1357 1943 nobis
1385 1887 1592 1943 dictum
1620 1893 1728 1951 est,
1752 1883 2006 1950 retinuit,

2129 1890 2463 1961 Ἐκκλησίας
2520 1889 2815 1959 δογμάτων
2867 1888 3014 1958 μάλα
3065 1887 3370 1956 ἀντείχετο,
3404 1878 3551 1956 ᾖπέρ
3601 1899 3694 1952 μοι

433 1990 493 2045 in
527 1987 851 2059 quotidiana
887 1973 1070 2038 autem
1106 1979 1511 2037 consuetudine
1551 1978 1677 2032 vita:
1711 1976 2011 2048 plurimum

431 2079 689 2148 deliquit.
725 2076 887 2147 603
918 2074 1053 2130 Cum
1087 2072 1236 2127 enim
1269 2070 1426 2124 vultu
1468 2077 1726 2131 venusto,
1753 2076 1812 2122 et
1845 2067 2014 2122 rebus

430 2173 556 2229 aliis
583 2180 832 2228 ornatam
867 2169 1104 2224 maxime
1137 2166 1191 2220 in
1223 2163 1582 2220 matrimonio
1612 2161 1846 2216 haberet
1874 2176 2011 2216 con-

427 2269 637 2339 jugem,
662 2262 904 2336 junioris
927 2257 1228 2315 Theodosii
1257 2256 1422 2310 tiliam
1450 2253 1781 2318 Eudoxiam,
1807 2253 2017 2307 alienas

433 2356 654 2427 nuptias
681 2353 913 2422 turpiter
946 2348 1197 2410 foedavit,
1216 2355 1274 2401 et
1295 2353 1485 2415 aperte
1508 2343 1816 2413 permultos
1837 2341 2020 2396 curio-

433 2463 620 2504 sarum
650 2447 851 2499 artium
887 2449 1193 2496 sectatores
1226 2436 1529 2490 familiares
1561 2433 1780 2494 habuit,
1812 2440 1868 2486 et
1899 2440 2021 2486 tan-

434 2541 562 2595 dem
614 2539 780 2591 vitam
829 2531 1134 2589 fmdissima
1177 2538 1352 2583 morte
1387 2527 1550 2581 ﬁniit.
1611 2523 1832 2580 Maximi
1866 2510 2022 2577 nam-

437 2647 568 2703 que,
616 2630 734 2699 qui,
764 2627 1031 2682 Gratiano
1081 2625 1415 2692 imperatore
1460 2633 1624 2684 caeso,
1673 2615 2019 2689 tyrannidem

438 2721 679 2792 arripuit
744 2729 802 2774 et
856 2734 887 2772 a
931 2731 1127 2785 magno
1183 2711 1498 2767 Theodosio
1548 2719 1740 2781 postea
1791 2717 2023 2762 necatus

436 2823 542 2880 est,
583 2828 652 2867 ex
703 2811 818 2866 lilio
873 2821 1069 2877 nepos,
1121 2819 1224 2858 avo
1283 2801 1652 2873 cognominis,
1697 2799 2022 2871 patriciatus

439 2903 765 2975 dignitatem
799 2899 1118 2971 primariam
1151 2911 1372 2967 gerens,
1404 2911 1528 2951 cum
1563 2893 1794 2949 insidias
1819 2892 2024 2948 Valen-

440 2997 654 3052 tiniano
711 2991 1028 3062 imperatori
1089 2997 1368 3053 strueret,
1427 2995 1721 3057 propterea
1773 2983 1923 3055 quod
1978 2983 2026 3038 is

442 3101 672 3142 uxorem
705 3086 826 3156 ejus
855 3090 1187 3152 stuprasset,
1212 3079 1434 3134 Aetium
1467 3077 1808 3148 imperialem
1842 3075 2023 3130 aulam

2115 1989 2211 2042 καὶ
2261 1988 2528 2056 πρότερον
2562 1986 2814 2055 είρηταιο
2863 1982 3187 2053 παρανομίᾳ
3236 1981 3293 2034 δὲ
3337 1980 3566 2050 πλείστῃ
3611 1979 3696 2040 είς

2113 2082 2214 2149 τὴν
2249 2078 2446 2134 ἐαυτοῦ
2490 2079 2760 2148 ἐκέχρητο
2789 2077 3020 2130 δίαιταν.
3068 2075 3263 2146 Ὡραίᾳ
3307 2075 3417 2143 γὰρ
3445 2073 3542 2140 τὴν
3571 2071 3696 2140 ὅφιν

2117 2175 2212 2226 καὶ
2256 2172 2428 2227 τᾶλλα
2476 2169 2906 2240 εὐπρεπεστάτη
2956 2166 3185 2236 γυναικὶ
3239 2165 3530 2230 συνοικῶν,
3584 2165 3693 2217 Εὑ-

2117 2264 2269 2336 δοξίᾳ
2317 2266 2382 2334 τῇ
2434 2261 2526 2316 τοῦ
2581 2255 2709 2315 νέου
2751 2259 3038 2314 Θεοδοσίου
3087 2257 3344 2328 θυγατρὶ,
3379 2256 3694 2327 ἀλλοτρίους

2119 2357 2333 2425 γάμους
2369 2355 2624 2423 άπέμνως
2671 2352 2973 2431 άνὼρυττε.
3005 2350 3227 2420 Συχνῶς
3265 2349 3321 2403 δέ
3353 2350 3452 2405 καὶ
3488 2353 3602 2414 τοῖς
3631 2351 3701 2403 τὰ

2123 2448 2400 2518 περίεργα
2428 2445 2766 2510 πράττουσιν
2790 2443 2963 2507 ἀδεῶς
2991 2444 3219 2512 ὁμιλῶν,
3247 2444 3510 2515 αίσχίστῳ
3547 2444 3703 2514 μόρῳ

2121 2542 2212 2593 τὸν
2259 2539 2375 2609 βίον
2429 2539 2824 2608 μετήλλαττεν.
2863 2535 3113 2606 Μαξίμου
3163 2536 3258 2591 καὶ
3306 2536 3436 2606 γάρ,
3476 2537 3532 2598 ὃς
3563 2537 3700 2606 δόλῳ

2127 2632 2226 2703 μέν
2263 2631 2356 2684 τὸν
2398 2630 2628 2702 βασιλέα
2677 2629 2978 2697 Γρατιανέν
3012 2627 3214 2686 ἀνεῖλε.
3240 2629 3518 2695 τυραννίδι
3568 2645 3706 2698 χρη-

2127 2726 2382 2794 σάμενος,
2418 2723 2524 2775 ὑπὸ
2561 2721 2618 2774 δὲ
2663 2720 2757 2774 τοῦ
2816 2721 3056 2788 μεγάλου
3112 2719 3396 2796 Θεοδοσίου
3433 2717 3704 2788 ἀνῄρηται

2125 2817 2322 2868 τούτου
2357 2816 2487 2878 παῖς
2529 2813 2724 2877 παιδὸς
2781 2812 2858 2881 τῷ
2912 2812 3122 2882 πάππῳ
3171 2812 3483 2881 ὁμώνυμος,
3515 2813 3572 2864 ἐν
3600 2831 3730 2865 sta—-

2116 2909 2360 2978 πρικίοις
2387 2909 2457 2961 τὰ
2485 2906 2682 2975 πρῶτα
2704 2905 2896 2969 τελῶν,
2918 2905 3213 2976 ἐπιϐουλὴν
3238 2904 3450 2974 βασιλεῖ
3470 2904 3709 2958 Οὖαλεν-
3784 2935 3789 2941 -

2125 3000 2352 3068 τινιανῷ
2391 3000 2616 3070 ράπτων
2641 3015 2657 3031 ο
2697 2997 2893 3069 ὅτιπερ
2929 2999 3012 3062 είς
3044 2998 3145 3067 τὴν
3192 2998 3405 3050 ἐκείνου
3448 2997 3707 3069 ἐνύϐρισε

2129 3092 2394 3162 γαμετὴν,
2421 3091 2677 3155 δεδοικὼς
2713 3091 2806 3146 τὸν
2848 3090 3058 3144 Ἀέτιον
3083 3091 3193 3144 τῶν
3237 3091 3530 3161 βασιλείων
3565 3110 3706 3162 κρα-

442 3181 848 3251 gubernantem
901 3173 1197 3243 (consiliis
1246 3171 1395 3226 enim
1446 3170 1562 3224 suis
1605 3169 1652 3224 is
1697 3167 2023 3235 obsistebat)

2129 3186 2326 3240 τοῦντα
2355 3201 2370 3216 ο
2405 3185 2680 3239 διαϐάλλει
2731 3185 2830 3253 μὲν
2865 3187 3072 3237 ἐκεῖνον
3113 3185 3338 3252 πρῶτον
3377 3183 3455 3252 τῷ
3500 3185 3713 3254 βασιλεῖ

444 3278 732 3333 tuetuens,
787 3263 1192 3336 perduellionis
1245 3261 1481 3318 crimine
1533 3276 1635 3332 per
1691 3259 2023 3314 calumniam

443 3358 588 3428 apud
627 3358 1020 3425 imperatorem
1062 3353 1282 3408 detulit.
1317 3349 1500 3419 Atque
1542 3348 1634 3403 ubi
1675 3347 1766 3428 ille
1802 3361 1921 3400 eam
1955 3347 2027 3400 oh

445 3464 666 3506 causam
696 3444 1093 3501 miserabiliter
1119 3458 1295 3498 caesus
1321 3451 1428 3506 est,
1455 3441 1646 3494 labore
1674 3424 1828 3493 nullo
1863 3436 2030 3491 Maxi-

448 3556 572 3596 mus
597 3537 955 3608 impcratoris
979 3535 1184 3603 regiam
1211 3533 1518 3603 ingressus,
1544 3531 1700 3585 illum
1726 3528 2030 3595 interemit,

445 3642 506 3690 et
549 3633 840 3703 conjugem
889 3629 1008 3700 ejus
1057 3626 1365 3681 Eudoxiam
1414 3624 1597 3693 coegit
1645 3621 1750 3678 sibi
1798 3621 2030 3685 nubere,

446 3729 616 3797 eique
659 3739 760 3795 per
788 3732 1042 3789 stuprum
1076 3719 1187 3774 vim
1220 3717 1428 3772 intulit.
1460 3717 1564 3769 Per
1593 3729 1718 3784 quae
1748 3713 1894 3768 enim
1925 3711 2031 3768 ali—

448 3821 577 3890 quis
626 3826 840 3888 peccat,
871 3831 974 3886 per
1020 3813 1214 3868 eadem
1261 3812 1428 3866 etiam
1471 3809 1791 3880 castigatur.
1834 3808 2034 3862 Postea

447 3928 584 3968 vero
631 3911 724 3966 ille
758 3907 1054 3979 imperium
1091 3920 1315 3976 quoque
1350 3904 1458 3958 sibi
1498 3902 1808 3971 usurpavit.
1846 3899 2035 3954 Enim-

453 4019 590 4059 vero
622 4001 874 4058 Eudoria
924 4009 1075 4054 tanta
1112 3997 1448 4054 contumelia
1489 3993 1706 4058 affecta,
1738 3991 1885 4063 quod
1923 4000 2032 4046 tam

453 4095 804 4166 inopinatum
864 4091 1132 4162 ﬂagitium
1191 4103 1336 4160 aegre
1396 4090 1601 4150 ferret,
1651 4099 1872 4140 omnem
1929 4082 2034 4138 sibi

451 4191 600 4261 quod
647 4189 853 4243 dicitur
891 4183 1206 4257 jaciendam
1242 4195 1367 4237 esse
1400 4179 1573 4234 aleam
1607 4178 1822 4242 statuit,
1856 4183 1918 4230 ut
1953 4174 2039 4229 iu-

448 4283 610 4353 juriae
659 4288 944 4334 auctorem
1002 4275 1376 4329 ulcisceretur
1417 4271 1513 4341 qui
1561 4269 1776 4324 facinus
1823 4277 2035 4322 tantum

453 4377 509 4429 in
566 4373 765 4428 marito
817 4383 921 4425 suo
969 4377 1211 4438 patrare,
1253 4376 1312 4421 et
1357 4365 1586 4436 insuper
1634 4362 2035 4434 ingenuitatem

453 4468 881 4533 libertatemque
937 4473 1092 4515 suam
1145 4458 1528 4512 contaminare
1585 4471 1756 4511 ausus
1819 4455 2036 4509 luisset.

2129 3279 2208 3348 τῷ
2257 3279 2565 3349 ἐγκλήματι
2603 3279 2702 3347 τῆς
2757 3276 3141 3340 καθοσιιὶισεως
3169 3294 3183 3309 ο
3239 3277 3360 3330 ἐπεὶ
3407 3277 3456 3330 δ’
3505 3279 3711 3340 ἐκεῖνος

2130 3371 2219 3425 διὰ
2264 3371 2423 3425 τοῦτο
2466 3369 2715 3432 δειλαίως
2760 3371 3023 3440 ἀνῄρητο,
3071 3374 3170 3420 σὺν
3218 3368 3395 3423 οὐδενὶ
3449 3370 3598 3438 πόνῳ
3643 3373 3714 3420 τὰ

2092 3463 2410 3536 κάνάκτορα
2459 3462 2668 3526 εἰσιὼν,
2703 3461 2906 3514 κτείνει
2952 3460 3051 3530 μὲν
3099 3461 3191 3514 τὸν
3239 3463 3710 3524 Οὑαλεντινιανὸν,

2131 3555 2228 3608 καὶ
2264 3555 2360 3626 τὴν
2388 3556 2602 3608 ἐκείνου
2641 3555 2896 3608 σύνοικον
2934 3551 3297 3618 είσοικίζεται
3320 3598 3336 3617 ,
3369 3555 3466 3607 καὶ
3512 3555 3715 3624 πολλὴν

2135 3648 2256 3718 βίαν
2305 3645 2634 3714 ἐπαγαγὼν,
2676 3645 2852 3717 ταύτῃ
2903 3647 3307 3716 συμφοείρεται
3335 3664 3348 3677 ·
3401 3647 3467 3700 δι’
3500 3640 3573 3700 ὧν
3604 3649 3716 3718 γάρ

2132 3752 2217 3799 τις
2263 3735 2595 3805 ἁμαρτάνει,
2627 3735 2698 3788 δι’
2743 3733 2923 3788 αὐτῶν
2968 3733 3065 3787 καὶ
3109 3733 3451 3789 παιδεύεται.
3483 3736 3715 3788 Ἔπειτα

2135 3827 2230 3881 καί¹
2262 3825 2359 3896 τὴν
2387 3828 2566 3896 ἀρχὴν
2621 3819 3033 3897 περιϐάλλεται.
3081 3826 3146 3879 Ἦ
3193 3825 3240 3879 δ’
3274 3825 3504 3890 Εύδοξία
3568 3826 3714 3880 οὕτω

2137 3919 2604 3988 περιυϐρισθεῖσα
2636 3919 2732 3972 καὶ
2753 3918 2830 3986 τῷ
2851 3916 2974 3972 λίαν
3005 3917 3305 3988 παραλόγῳ
3330 3917 3424 3972 τοῦ
3453 3919 3714 3990 πράγμα-

2136 4029 2228 4075 τος
2289 4010 2588 4082 ἀχθομένη,
2642 4010 2823 4064 πάντα
2883 4010 3086 4077 κύϐον,
3144 4011 3205 4065 τὸ
3252 4011 3317 4083 δὴ
3378 4011 3712 4080 λεγόμενον,

2136 4105 2498 4177 ἀναρρίπτειν
2549 4105 2762 4177 ᾑρεῖτο,
2817 4093 2959 4157 ὥστε
3005 4104 3098 4158 τὸν
3142 4103 3407 4175 ὑϐριστὴν
3457 4103 3715 4157 τίσασθαι

2139 4199 2279 4267 ὑπέρ
2309 4214 2369 4251 τε
2396 4189 2473 4251 ὧν
2523 4198 2600 4260 είς
2629 4195 2722 4250 τὸν
2766 4197 2966 4250 οίκεῖον
3006 4196 3300 4249 ἐπεπόνθει
3332 4196 3602 4264 γαμέτην,
3635 4191 3718 4260 οἷς

2138 4294 2196 4342 τε
2249 4287 2425 4353 οὕτως
2466 4289 2546 4359 τῷ
2585 4286 2890 4358 ἐλευθερίῳ
2942 4287 3250 4358 ἐξύϐριστο.
3290 4290 3399 4342 Καὶ
3446 4289 3553 4359 γάρ
3601 4308 3718 4351 πως

2139 4381 2286 4452 δεινή
2319 4380 2403 4443 τίς
2439 4381 2560 4433 ἐστι
2592 4379 2751 4452 γυνὴ,
2782 4380 2880 4433 καὶ
2921 4381 3122 4449 ἥκιστα
3172 4381 3506 4434 δυσωπεῖται
3536 4382 3716 4452 λύπην

2139 4469 2370 4538 τάχιστα
2415 4468 2748 4529 ἀποθέσθαι,
2775 4469 2829 4522 εί
2865 4486 2932 4539 γε
2968 4469 3329 4539 σωφροσύνης
3378 4473 3716 4541 ἀντεχομένη

454 4557 613 4613 Acris
652 4556 800 4610 enim
836 4567 957 4608 esse
997 4551 1136 4606 solet
1178 4551 1405 4616 femina,
1439 4565 1545 4605 nec
1599 4549 1709 4603 ullo
1759 4548 1924 4602 modo
1971 4560 2027 4600 ea

2141 4561 2349 4630 ταύτην
2395 4560 2534 4631 πρὸς
2579 4558 2703 4630 βίαν
2739 4561 3066 4632 ἀφαιρεθείη
3096 4576 3111 4591 ο
3144 4559 3240 4614 καὶ
3268 4561 3462 4624 ταῦτα,
3497 4563 3627 4630 παρ’
3659 4559 3719 4618 οὗ

457 4648 700 4703 ﬂectitur
730 4654 822 4700 aut
856 4652 1134 4708 exoratur,
1169 4651 1230 4697 ut
1262 4642 1508 4697 dolorem
1543 4641 1730 4696 statim
1764 4647 1954 4710 ponat,
1989 4638 2036 4693 si

456 4739 721 4810 pudicitia
773 4738 849 4802 ei,
900 4751 1064 4806 quam
1120 4734 1364 4789 retinere
1417 4733 1727 4799 contendit,
1771 4745 1872 4802 per
1925 4731 2036 4784 vim

458 4832 720 4902 adempta
751 4830 823 4884 sit
856 4846 869 4882 :
897 4839 952 4883 et
981 4827 1203 4897 quidem
1239 4827 1309 4881 ab
1340 4842 1404 4881 eo
1431 4825 1524 4896 qui
1550 4825 1715 4880 etiam
1747 4823 2038 4884 castitatis,

460 4924 748 4996 dignitatis
778 4931 836 4978 et
868 4919 1302 4975 existimationis
1333 4934 1447 4973 sua:
1479 4915 1764 4974 custodem
1799 4915 2042 4970 sustule-

460 5018 558 5072 rit.
641 5015 766 5069 llmc
813 5027 1002 5069 secum
1061 5013 1114 5066 in
1172 5011 1358 5066 animo
1427 5010 1682 5064 volutans
1753 5007 2040 5069 Eudoxia,

463 5105 915 5178 quandoquidem
974 5099 1179 5158 nullam
1228 5118 1295 5157 ex
1343 5100 1602 5172 Byzantio
1650 5098 1842 5152 auxilii
1886 5113 2039 5168 spem

460 5217 584 5256 esse
621 5199 856 5270 putavit,
893 5197 1040 5266 quod
1087 5205 1245 5266 pater
1285 5195 1404 5264 ejus
1446 5190 1796 5246 Theodosius
1833 5189 2040 5245 dudum

463 5294 609 5348 diem
668 5305 830 5346 suum
879 5288 1146 5351 obiisset,
1196 5295 1254 5340 et
1314 5295 1562 5353 tempore
1623 5283 1863 5353 plurimo
1911 5282 2042 5338 diva

468 5385 758 5440 Pulcheria
817 5381 1054 5451 imperio
1120 5381 1193 5434 ibi
1260 5380 1555 5448 potiretur,
1613 5392 1736 5448 quae.
1793 5378 2041 5433 nondum

466 5485 791 5548 conceptam
838 5473 1114 5529 adversus
1155 5479 1382 5525 matrem
1425 5469 1724 5524 Eudociam
1770 5470 1909 5524 iram
1943 5472 2044 5524 dc-

468 5568 766 5637 posuisset,
792 5566 936 5620 dona
959 5566 1192 5619 maxima
1214 5566 1270 5617 in
1295 5561 1522 5634 Libyam
1547 5563 1614 5618 ad
1638 5562 2041 5619 Genserichum

469 5661 641 5724 misit,
673 5658 1041 5728 eumdemque
1086 5666 1148 5710 ut
1190 5657 1295 5710 sibi
1345 5657 1399 5710 in
1440 5665 1588 5711 tanta
1623 5671 1865 5710 aerumna
1912 5655 2046 5710 sub-

466 5754 704 5816 veniret,
741 5763 910 5819 seque
954 5747 1172 5802 Maximi
1220 5747 1582 5816 improbitate
1624 5747 1908 5816 liberaret,
1951 5765 2046 5803 ro-

467 5849 613 5918 gath
643 5865 655 5900 :
681 5861 776 5917 spe
812 5844 903 5898 illa
954 5843 1194 5898 barbaro
1243 5841 1448 5909 oblata,
1475 5843 1520 5897 si
1569 5845 1733 5899 modo
1763 5858 1822 5900 se
1857 5860 2041 5902 move-

2141 4653 2235 4704 καὶ
2291 4651 2386 4704 τὸν
2437 4650 2540 4720 τῆς
2603 4651 2964 4720 σωφροσύνης
3031 4654 3129 4707 καὶ
3190 4653 3357 4722 τιμῆς
3423 4655 3518 4706 καὶ
3565 4655 3721 4722 δόξης

2140 4743 2364 4812 φύλακα
2421 4744 2576 4812 τύχοι
2632 4747 3117 4815 προσαπολέσασα.
3173 4744 3340 4798 Ταῦτ’
3391 4742 3486 4799 οὖν
3536 4749 3594 4799 ἐν
3641 4749 3721 4816 νῷ

2141 4835 2339 4904 ἔχουσα
2401 4834 2665 4902 Εύδοξία,
2718 4837 2843 4890 ἐπεὶ
2904 4838 3040 4907 μηδέ
3103 4838 3233 4907 μίαν
3288 4839 3352 4892 ἐκ
3417 4832 3719 4903 Βυζαντίου

2141 4926 2361 4980 ἔσεσθαί
2395 4928 2446 4979 οί
2471 4926 2610 4999 ᾦετο
2635 4929 2883 4999 ἀρωγὴν,
2912 4929 3083 4980 πάλαι
3126 4930 3224 4999 μὲν
3249 4931 3537 4998 οίχομένου
3575 4931 3714 5002 αὐτῇ

2141 5020 2236 5072 τοῦ
2275 5021 2482 5092 πατρὸς
2531 5021 2840 5086 θεοδοσίου,
2871 5023 3124 5073 πλεῖστον
3174 5022 3230 5075 δὲ
3279 5023 3376 5076 καὶ
3429 5023 3530 5093 τῆς
3571 5023 3725 5086 θείας

2143 5111 2482 5182 Πουλχερίας
2515 5113 2608 5166 ἐπὶ
2640 5113 2739 5184 τῆς
2773 5113 2946 5182 ἀρχῆς
2980 5111 3148 5180 ούσης
3175 5115 3390 5184 χρόνον,
3415 5117 3506 5168 καὶ
3545 5117 3716 5184 μήπω

2142 5204 2237 5258 τὸν
2275 5205 2419 5258 κατὰ
2450 5207 2549 5276 τῆς
2585 5206 2792 5274 μητρὸς
2829 5205 3092 5267 Εύδοκίας
3141 5208 3299 5275 χόλον
3346 5208 3722 5278 ἀποθεμένης,

2143 5294 2293 5364 δῶρα
2323 5295 2552 5347 πλεῖστα
2595 5294 2786 5358 δοῦσα,
2815 5293 2951 5364 πρὸς
2987 5293 3198 5365 Λιϐύην
3237 5296 3540 5364 ἐκπέμπει,
3568 5298 3724 5362 Γιζέ-

2148 5402 2299 5456 ριχον
2324 5376 2670 5451 δυσωποῦσα,
2701 5385 2908 5456 ἀρῆξαι
2951 5386 3052 5456 μὲν
3082 5387 3218 5458 αὐτῇ
3263 5389 3546 5460 δυστυχῶς
3579 5389 3725 5443 οὕτω

2146 5478 2487 5551 πραττούσῃ,
2543 5480 2640 5530 καὶ
2687 5479 2786 5548 τῆς
2841 5477 3098 5548 Μαξίμου
3154 5479 3460 5550 μοχθηρίας
3511 5481 3729 5536 ἐλευθε-

2150 5574 2358 5643 ρῶσαιο
2390 5573 2613 5626 εὔελπιν
2647 5573 2704 5627 δὲ
2738 5572 2876 5627 εἶναι
2911 5575 3078 5643 μόνον
3109 5574 3433 5644 κινήσαντα,
3461 5577 3551 5628 καὶ
3577 5577 3730 5647 παρὰ

2146 5665 2306 5729 δόξαν
2338 5668 2404 5734 τῇ
2443 5665 2737 5733 Ῥωμαίων
2767 5665 3019 5719 ἐπελθεῖν
3061 5665 3236 5736 στόλῳ
3287 5667 3512 5737 μεγάλῳ
3544 5670 3686 5740 ἀρχῇ
3711 5683 3727 5699 ⁶

2148 5757 2466 5825 ὑπισχνεῖτο
2517 5757 2627 5826 γάρ
2672 5756 2721 5808 οἱ
2776 5757 2954 5810 πάντα
3010 5753 3259 5825 εὐχερῶς
3315 5756 3633 5827 προδοῦναι.
3669 5759 3732 5812 Ὀ

2152 5848 2252 5919 μὲν
2293 5847 2388 5902 οὖν
2431 5847 2687 5921 Μάξιμος
2733 5850 2843 5902 οὐδ’
2897 5847 2996 5904 Eva.
3047 5848 3394 5920 τυραννήσας
3448 5849 3728 5917 ἐνιαυτὸν,
