4118 6500
482 376 552 439 39
1709 350 2132 416 NICEPHORI
2173 350 2522 423 GALLIS"
3680 345 3755 409 ἐν)

1076 471 1302 530 CAPUT
1341 470 1462 525 ΧΠ.

492 576 557 633 Ut
589 572 905 643 imperatria:
928 568 1177 643 _Et_tdo_cia
1217 561 1800 643 {ulclteritehAu‘gus-tte
1817 560 1903 643 sit
1941 575 2064 613 con-

558 629 744 702 cilit'ua
775 659 794 698 :
824 650 875 696 et
903 640 967 694 de
985 639 1202 710 juniore
1231 634 1489 698 Eudocia,
1524 630 1779 685 Eudoxia:
1807 629 1953 698 ﬁlia.

559 821 806 879 Eudocia
854 820 1102 889 Augusta
1152 815 1208 870 in
1260 810 1549 868 Palaestina
1606 809 1790 864 adhuc
1838 810 2064 878 degens,

491 917 560 970 de
594 914 717 969 tilia:
751 911 1033 972 Eudoxire,
1066 907 1363 975 maritique
1391 912 1447 959 et
1480 904 1788 958 liberorum
1819 899 2066 973 ejusdem

493 1006 660 1060 rebus
708 1004 914 1059 certior
969 1001 1134 1062 facta,
1193 997 1263 1053 ad
1318 1005 1623 1050 extremam
1682 993 1934 1064 conjecta
1982 999 2070 1048 est

490 1093 663 1150 animi
713 1093 1069 1146 anxietatem.
1114 1085 1356 1143 Proinde
1390 1083 1578 1137 funem
1619 1097 1871 1146 onmem,
1922 1089 1983 1133 ut
2012 1080 2067 1133 in

490 1185 792 1255 proverbio
823 1192 927 1249 est,
964 1194 1215 1244 movens,
1246 1192 1346 1248 per
1378 1175 1659 1231 Valerium
1693 1184 1750 1229 et
1781 1172 2067 1243 Olybrium

496 1276 761 1349 patricios
788 1272 1098 1329 Pulcheria:
1145 1269 1497 1325 reconciliata
1531 1276 1617 1322 est
1647 1283 1660 1320 :
1694 1281 1723 1321 a
1763 1280 1871 1334 qua
1904 1265 2069 1319 etiam

496 1344 679 1444 petiit,
716 1379 779 1425 ut
807 1369 889 1423 eis
919 1382 1039 1435 quae
1071 1366 1123 1419 in
1162 1363 1484 1433 captivitate
1512 1368 1722 1423 essent,
1766 1373 1925 1428 Opem
1957 1344 2086 1412 {er-h

497 1472 605 1522 ret.
633 1463 700 1518 Et
728 1477 852 1517 cum
885 1474 991 1529 pax
1028 1458 1171 1512 inter
1200 1454 1603 1512 Genscrichum
1636 1461 1694 1505 et
1727 1448 2069 1504 Marcianum

499 1559 643 1611 facta
687 1562 858 1615 esset,
887 1550 1195 1607 Eudoxiam
1226 1545 1606 1603 Gensericltus
1664 1551 1719 1597 et
1749 1540 2070 1605 Placidiam,

499 1636 787 1704 Pulchcria
837 1651 1080 1712 petente,
1129 1639 1295 1694 sicuti
1344 1637 1480 1703 dixi,
1534 1634 1858 1705 Byzantium
1902 1631 2072 1687 misit.

497 1735 696 1792 Junior
730 1740 913 1785 autem
947 1728 1191 1784 Eudocia
1226 1726 1369 1796 apud
1403 1724 1663 1779 maritum
1700 1722 2074 1778 Houoriclnum

2770 463 2815 516 Κ
2828 462 2995 516 ΕΦᾹᾹ
3008 503 3022 517 .
3061 461 3158 516 IB'.

2183 556 2284 621 Ὧς
2312 557 2351 623 ἡ
2380 555 2635 622 βασιλὶς
2692 554 2959 609 Echionia
2985 554 3061 623 τῇ
3107 553 3387 619 βασιλίδι
3422 554 3760 620 Πουλχερΐςι

2242 622 2607 680 ἐσπείσατοο
2659 624 2760 678 καί
2790 626 2918 692 περὶ
2949 622 3060 692 τῆς
3098 625 3390 692 νεωτέρας
3422 623 3743 688 Εὺδοκίας,

2246 695 2355 762 τῆς
2387 694 2684 764 θυγατρὸς
2705 694 3025 760 Εὐδοξίας.

2248 809 2479 862 Εὐδοκία
2510 809 2566 862 δὲ
2596 810 2629 877 ἡ
2680 808 2989 878 βασίλισσα,
3038 808 3105 861 τὰ
3141 807 3285 861 κατὰ
3331 808 3431 878 τὴν
3479 807 3763 877 θυγατέρα

2178 898 2439 965 Εὐδοξίαν
2465 900 2559 953 καὶ
2598 900 2688 953 τὸν
2726 900 2961 966 σύζυγον
3007 900 3103 954 καὶ
3134 900 3232 962 τὰς
3280 901 3507 953 ἐκείνων
3559 899 3765 962 παῖδας

2177 992 2556 1064 ἀναμαθοῦσα,
2582 995 2663 1046 ἐτι
2701 995 2767 1063 τῇ
2819 991 3160 1064 Παλαιστίνῃ
3205 989 3643 1059 ἐνδιατρίϐουσα,
3676 990 3765 1054 εις

2178 1087 2407 1156 ἔσχατον
2450 1084 2692 1153 ἀθυμίας
2740 1078 2879 1155 ἦκεο
2919 1086 3015 1139 καὶ
3066 1083 3248 1136 πάντα
3298 1082 3502 1148 κάλων,
3550 1083 3611 1136 τὸ
3663 1081 3764 1136 τοῦ

2177 1178 2371 1247 λόγου,
2430 1177 2739 1246 κινήσασα,
2806 1175 3095 1228 σπένδεται
3163 1174 3510 1246 Πουλχερίᾳ,
3580 1174 3769 1243 μέσων

2178 1269 2488 1338 γενομένων
2537 1267 2875 1338 Οὐαλλερίου
2928 1268 3024 1320 καὶ
3082 1264 3372 1335 Ὀλυϐρίου
3414 1266 3526 1318 τῶν
3565 1281 3770 1332 πατρι-

2181 1361 2338 1415 κίων.
2376 1360 2536 1431 ’ᾙτει
2564 1360 2619 1412 δὲ
2646 1358 2839 1428 βοηθὸν
2865 1360 2960 1411 καὶ
2988 1360 3110 1422 ταῖς
3140 1360 3199 1410 ἐν
3222 1356 3573 1429 αἰχμαλωσίᾳ
3612 1354 3769 1422 γενέ-

2182 1453 2329 1508 σθαι.
2358 1453 2473 1508 Καὶ
2516 1452 2616 1523 τῆς
2663 1453 2890 1525 είρήνης
2945 1451 3305 1521 ἀκμαζούσης
3354 1449 3562 1519 μεταξὺ
3604 1447 3769 1510 Γιζεο

2184 1543 2337 1617 ρίχου
2368 1545 2466 1599 καὶ
2507 1545 2860 1616 Μαρκιανοῦ,
2900 1544 3001 1611 τὴν
3046 1546 3145 1615 μὲν
3176 1542 3438 1608 Εὑδοξίαν
3479 1539 3576 1595 καὶ
3615 1540 3766 1595 Πλα-

2182 1636 2361 1689 κιδίαν
2392 1636 2695 1707 αίτησάσης
2750 1635 3111 1707 Πουλχερίας,
3143 1636 3202 1697 ἐς
3235 1634 3552 1697 Βυζάντιον.
3573 1632 3769 1698 ὥσπερ

2186 1727 2341 1797 ἔφην.
2377 1727 2663 1797 Γιζέριχος
2716 1727 3003 1797 ἔπεμπεν
3052 1728 3086 1798 ἠ
3129 1726 3185 1779 δὲ
3232 1726 3475 1793 νεωτέρα
3533 1722 3769 1779 Εὑδοκία

500 1825 557 1877 in
606 1822 784 1876 Africa
821 1820 1058 1885 mansit,
1103 1832 1228 1872 cum
1262 1832 1374 1887 quo
1423 1815 1665 1871 sedecim
1718 1828 1895 1868 annos
1925 1812 2080 1873 vixit.

2190 1821 2338 1889 παρὰ
2391 1819 2468 1890 τῷ
2520 1817 2678 1888 ἁνδρλ⁹
2734 1818 3012 1890 Ὀνωρίχῳ
3044 1814 3111 1889 ἦν
3156 1820 3298 1873 κατὰ
3351 1818 3452 1887 τὴν
3489 1815 3773 1887 Ἀφρικὴν

498 1915 793 1985 eidemque
839 1913 1008 1966 ﬁlium
1045 1909 1445 1966 Huldericbum
1488 1908 1699 1979 genuit.
1744 1907 1913 1961 Porro
1946 1919 2073 1961 cum

498 2022 693 2079 parum
722 2013 878 2076 grata
907 2006 958 2059 ei
1002 2012 1148 2059 esset
1177 2002 1283 2056 viri
1316 1999 1659 2072 conjunctio,
1693 2000 1786 2069 qui
1818 1997 2079 2052 Arianam

497 2097 857 2170 proﬁtebatur
905 2096 1255 2167 religionem.
1308 2105 1423 2148 arte
1458 2108 1657 2147 manus
1708 2091 1830 2162 ejus
1865 2089 2077 2160 elapsa,

497 2199 554 2246 τι
582 2190 762 2245 aviam
788 2188 1092 2244 Eudociam
1131 2187 1383 2249 imitata,
1420 2184 1489 2240 ad
1543 2193 1737 2239 sancta
1786 2185 1904 2238 loca
1937 2196 2079 2237 con-

499 2283 704 2342 cessit,
731 2290 789 2336 et
837 2279 1153 2348 sepulcrum
1207 2278 1356 2334 illius
1397 2278 1558 2348 longe
1588 2284 1715 2345 post
1759 2272 2081 2329 exosculata

496 2380 604 2430 est.
636 2372 743 2428 Ubi
789 2383 846 2426 et
871 2373 986 2443 ipsa
1035 2387 1144 2425 non
1191 2370 1288 2425 diu
1333 2370 1510 2424 vixit:
1546 2368 1643 2423 sed
1693 2381 1887 2423 somno
1917 2365 2082 2421 beato

500 2467 704 2535 sopita,
749 2465 905 2535 juxta
949 2463 1407 2523 avia:_tumulum
1447 2461 1503 2516 in
1550 2459 1818 2530 praeclaro
1862 2466 1918 2514 et
1965 2459 2086 2529 ipsa

502 2555 744 2627 reposita
789 2564 878 2611 est
907 2563 1293 2610 monumento.
1339 2551 1621 2622 Quidquid
1656 2550 1841 2605 autem
1878 2550 1930 2606 ei
1966 2560 2087 2604 erat

501 2646 848 2712 facultatum,
884 2647 938 2702 id
973 2647 1312 2717 pauperibus
1341 2648 1397 2702 et
1428 2653 1630 2702 sanctae
1658 2643 1868 2702 Christi
1898 2658 2084 2700 resur-

501 2740 739 2797 rectioni
767 2740 844 2812 (l)
875 2741 1244 2796 consecravit.
2042 2726 2047 2729 ⁷

990 2945 1156 3016 eos
1184 2944 1412 3001 CAPUT
1451 2944 1594 3001 xm.

505 3038 578 3099 Ut
606 3039 981 3111 procuratione
1009 3048 1200 3111 etarte
1227 3036 1548 3111 Pulclteriw,
1589 3035 2085 3111 Eudociaisanclgm

575 3106 846 3183 quartana
882 3106 1540 3183 apprabgritﬂsynodttm,
1600 3110 1940 3183 persuasione
1988 3106 2088 3183 Sy:

576 3174 777 3236 incertis
810 3174 1021 3248 Stylitaz
1047 3176 1155 3230 sive
1186 3174 1496 3230 Columella:
1527 3187 1575 3229 et
1600 3174 1787 3245 ‘magni
1812 3174 2085 3248 Euthym'ii

580 3253 816 3305 inducta.

578 3361 874 3419 Pulcheria
918 3361 1163 3431 Augusta
1218 3357 1631 3428 quamprimum
1682 3358 1943 3412 Eutloeiae
2003 3373 2089 3412 re-

506 3455 802 3513 conciliata
850 3463 959 3515 est,
1006 3453 1203 3506 fratres
1227 3460 1283 3506 et
1316 3450 1457 3504 ﬁlias
1484 3451 1607 3521 ejus
1644 3450 1861 3504 hortata
1890 3460 1995 3517 est,
2029 3459 2092 3504 ut

506 3546 735 3603 crebras
759 3546 827 3600 ad
854 3560 975 3600 eam
1016 3543 1214 3599 darent
1239 3542 1481 3606 litteras,
1512 3557 1625 3613 quo
1663 3542 1733 3596 ab
1766 3541 2090 3613 Eutychetis

506 3650 563 3694 et
596 3638 843 3692 Dioscori
878 3636 1141 3706 opinione
1175 3634 1533 3700 descisceret,
1568 3641 1625 3689 et
1653 3644 1858 3689 sanetae
1900 3633 2094 3689 catho-

506 3729 630 3784 lica:
662 3728 918 3783 Ecclesia:
950 3726 1395 3795 communionem
1430 3726 1883 3796 amplecteretur.
1920 3724 2093 3779 Litte-

508 3820 588 3874 ris
630 3818 901 3891 ejusmodi
954 3817 1200 3874 Eudocia
1244 3818 1512 3887 acceptis,
1542 3832 1670 3872 eum
1719 3816 1884 3872 etiam
1932 3816 2091 3871 beata

510 3910 674 3965 Bassa
703 3924 920 3977 semper
944 3909 1017 3975 ei,
1048 3918 1111 3965 ut
1140 3909 1335 3966 eadem
1365 3923 1555 3964 secum
1585 3908 1641 3962 in
1670 3908 1942 3978 religione
1968 3923 2094 3963 seu-

511 4004 675 4067 tiret,
711 4002 945 4059 molesta
974 4014 1160 4059 esset:
1206 4011 1462 4057 metuens
1502 4000 1630 4067 illa,
1677 4016 1749 4056 ne
1789 4001 1845 4056 id
1885 4017 1996 4057 non
2026 4017 2093 4056 ex

510 4094 788 4150 sententia
818 4093 912 4149 Dei
945 4081 1178 4162 iaceret,
1211 4094 1533 4151 faciendum
1562 4095 1668 4150 sibi
1697 4109 1822 4151 esse
1854 4096 2092 4166 putavit,

509 4195 572 4243 ut
607 4187 675 4243 de
705 4203 770 4242 ea
804 4202 863 4241 re
892 4188 959 4242 ad
995 4189 1216 4243 divinos
1246 4187 1440 4243 Patres
1471 4186 1751 4265 referret",
1791 4189 1888 4259 qui
1931 4203 1991 4244 se
2026 4189 2094 4243 de

507 4293 642 4334 vero
673 4278 896 4349 pietatis
925 4277 1078 4333 cultu
1107 4286 1264 4333 certo
1304 4277 1632 4333 edocerent.
1663 4279 1907 4334 Proinde
1950 4279 2097 4332 Ana-

509 4371 682 4429 stasio
735 4370 1136 4439 chorepiscopo
1164 4369 1383 4434 accito,
1443 4369 1513 4424 ad
1565 4376 1814 4424 sanctum
1865 4370 2095 4441 Symeo-

2183 1915 2459 1983 μένουσα·
2498 1912 2619 1983 μεθ’
2662 1904 2724 1965 οὗ
2770 1911 3067 1964 ἑκκαίδεκα
3117 1910 3214 1979 ἐτη
3256 1905 3618 1969 διαϐιώσασα,
3670 1905 3771 1959 καὶ

2183 2006 2346 2059 παῖδα
2379 2005 2440 2071 ἐξ
2488 2005 2695 2058 ἐκείνου
2747 2003 3064 2073 Ἢλδέριχον
3107 1998 3479 2063 ἀποτεκοῦσα,
3529 1996 3771 2066 δυσαρευ

2183 2096 2387 2151 στοῦσα
2431 2094 2643 2165 τάνδρὶ,
2678 2096 2760 2148 ὅτι
2792 2093 2862 2146 τά
2901 2089 3199 2163 Ἀρειανῶν
3244 2089 3575 2161 ἐπρέσϐευε,
3599 2088 3769 2159 τέχνῃ

2181 2189 2282 2251 τὰς
2312 2191 2499 2258 χεῖρας
2527 2185 2739 2240 ἐκείνου
2773 2184 3142 2252 διαφυγοῦσα,
3183 2180 3284 2253 τὴν
3331 2178 3568 2250 μάμμην
3596 2177 3772 2233 Εὐϐο-

2184 2281 2307 2335 κίαν
2336 2280 2717 2351 μιμησαμένη,
2740 2279 2872 2349 πρὸς
2900 2278 3026 2341 τοὺς
3052 2275 3245 2346 ἁγίους
3271 2274 3370 2328 καὶ
3394 2271 3534 2343 αὐτὴ
3565 2271 3773 2333 τόπους

2186 2372 2427 2438 ἐγένετο,
2480 2370 2574 2425 καὶ
2625 2369 2717 2422 τὸν
2774 2366 2995 2437 ἐκείνης
3048 2366 3219 2433 τάφον
3261 2363 3542 2434 ἠσπάζετο
3585 2357 3774 2428 πολλῷ

2186 2465 2434 2535 ὕστερον.
2476 2464 2567 2518 Ἑν
2596 2454 2642 2532 ᾧ
2676 2464 2770 2515 καὶ
2800 2461 2937 2530 αὐτὴ
2968 2458 3056 2512 ἐπ’
3102 2457 3283 2525 ὀλίγον
3333 2453 3645 2521 διαϐιοῦσα,
3674 2453 3775 2506 τὸν

2190 2556 2461 2628 μακάριον
2522 2553 2772 2608 ὕπνωσεν
2832 2550 3025 2616 ὕπνον,
3082 2549 3235 2618 παρὰ
3286 2546 3608 2616 τδνπάφον
3668 2546 3773 2614 τῆς

2191 2630 2431 2719 μάμμης
2458 2646 2798 2718 περιφανοῦς
2833 2643 3073 2713 τυχοῦσα
3127 2641 3327 2710 ταφῆς.
3363 2641 3504 2693 Ὅσα
3552 2638 3598 2691 δ’
3629 2639 3775 2713 αὐτῇ

2189 2736 2702 2810 προσῆσαν,πένησι
2743 2734 2837 2787 καὶ
2869 2735 2937 2802 τῇ
2975 2731 3108 2804 ἁγίᾳ
3135 2730 3231 2785 τοῦ
3260 2728 3499 2801 Χριστοῦ
3525 2727 3775 2797 ἀφιέρω-

2190 2846 2282 2881 σεν
2313 2829 2632 2882 ἀναστάσει.

2789 2939 3049 2996 ΚΕΦΔΛ.’
3075 2940 3175 2994 ll".

2202 3042 2301 3106 Ὠς
2350 3036 2587 3108 μεθόδῳ
2644 3033 3015 3108 Πουλχερίας
3061 3032 3100 3108 ἠ
3137 3029 3398 3108 Ερδοκὶα
3426 3026 3564 3108 τὴν
3594 3026 3780 3108 (irtus-

2264 3098 2566 3178 ἑείὰρτὴνί
2589 3098 2966 3178 ’προσιίὶιαζο
3019 3099 3295 3178 σύνοδον
3317 3139 3337 3178 ι,
3407 3098 3779 3178 ὁδηγηθεζσα

2262 3165 2667 3246 ὑπίΣυῂεὼιῖ
2720 3165 2826 3227 τοῦ
2881 3172 3175 3227 Στυλίτου
3234 3170 3332 3223 καὶ
3373 3169 3477 3222 τοῦ
3502 3165 3778 3235 μεγάλου

2264 3250 2601 3317 Εὐθυμίου.
2697 3259 2705 3265 ‘

2264 3358 2566 3430 Πουλχερία
2618 3356 2675 3410 δὲ
2727 3357 2761 3427 ἡ
2821 3354 3057 3424 βασιλὶς,
3112 3353 3236 3423 ἄρτι
3301 3350 3646 3419 σπεισαμένη
3706 3352 3780 3420 τῇ

2194 3452 2451 3522 Εὐδοκία,
2508 3451 2622 3512 τοῖς
2679 3463 2740 3500 τε
2798 3446 3050 3514 ἀδελφοῖς
3105 3443 3323 3513 ἐκείνης
3380 3443 3627 3496 ὑπετίθει
3680 3445 3783 3494 καὶ

2193 3544 2498 3616 θυγατράσι
2552 3542 2944 3612 συνεχέστερον
2987 3538 3300 3608 γράμματα
3333 3539 3580 3608 πέμπειν
3611 3537 3780 3608 αὐτῇ,

2194 3637 2333 3690 ὥστε
2358 3638 2460 3704 τῆς
2493 3636 2591 3706 μὲν
2627 3632 2903 3703 Εὐτυχοῦς
2929 3635 3025 3684 καὶ
3053 3630 3348 3700 Διοσκόρου
3374 3628 3536 3698 δόξης
3567 3628 3783 3682 πείθειν

2196 3729 2549 3797 ἀφίστασθαι,
2599 3729 2666 3798 τῇ
2718 3728 2775 3781 δὲ
2831 3726 2966 3795 ἁγίᾳ
3019 3728 3112 3777 καὶ
3155 3723 3417 3795 καθολικῇ
3480 3722 3785 3794 Ἐκκλησία.

2195 3824 2474 3879 κοινωνεῖν
2525 3823 2801 3891 αἱρεῖσθαι
2828 3835 2844 3850 ο
2887 3818 2923 3872 ά.
2952 3819 3085 3887 δῆτα
3136 3816 3402 3887 δεχομένη
3438 3818 3471 3888 ἡ
3524 3816 3781 3883 Εὐδοκία,

2198 3920 2292 3973 καὶ
2318 3917 2420 3986 τῆς
2474 3914 2753 3985 μακαρίας
2789 3913 3007 3982 Βάσσης
3039 3910 3107 3963 τά
3144 3910 3232 3963 ε’σα
3285 3913 3508 3979 φρονεῖν
3539 3911 3629 3965 ἀεὶ
3660 3915 3783 3964 ἐνοο

2196 4012 2451 4086 χλούτης,
2505 4010 2731 4064 δείσασα
2789 4008 2865 4080 μὴ
2923 4007 2984 4060 οὗ
3046 4007 3188 4060 κατὰ
3256 4010 3487 4077 γνώμην
3544 4008 3783 4077 πράττοι

2194 4108 2352 4173 Θεοῦ,
2387 4107 2499 4160 δεῖν
2529 4104 2705 4158 ἐδόκει
2734 4104 2803 4157 τὰ
2834 4101 2927 4154 τοῦ
2964 4100 3173 4154 σκοποῦ
3218 4103 3331 4162 τοῖς
3363 4099 3649 4170 θεοφόροις
3671 4101 3786 4156 τῶν

2196 4201 2458 4270 Πατέρων
2507 4196 2898 4262 κοινώσασθαι,
2932 4195 3027 4248 καὶ
3080 4192 3214 4263 παρ’
3243 4193 3469 4249 ἐκείνων
3514 4195 3574 4248 τὸ
3617 4212 3787 4265 προσ-

2196 4293 2330 4363 ῆκον
2357 4290 2522 4353 σέϐας
2546 4285 3062 4360 ἀπακριϐώσασθαι.
3090 4287 3203 4339 Καὶ
3228 4285 3295 4356 δὴ
3322 4286 3412 4339 τὸν
3438 4290 3786 4357 χωρεπίσκο.

2199 4401 2300 4436 πον
2332 4382 2687 4438 Ἀναστάσιον
2720 4380 3221 4450 μεταστειλαμένη,
3252 4379 3331 4459 τῷ
3359 4380 3503 4451 ἁγίῳ
3531 4381 3785 4450 Συμεῶνι

510 4478 638 4518 nem
666 4460 916 4533 Stylitem
953 4475 1053 4531 per
1084 4459 1239 4514 illum
1284 4459 1542 4526 scripsit,
1578 4460 1673 4530 qui
1718 4470 1831 4515 tum
1870 4461 2084 4517 virtuti-

2198 4474 2279 4547 τῷ
2309 4475 2540 4547 Στυλίτῃ
2571 4475 2898 4537 ἀπέστελλε,
2930 4474 3233 4544 τηνικαῦτα
3258 4475 3359 4545 τὴν
3392 4474 3626 4546 ὑφήλιον
3660 4479 3784 4539 ταῖς

509 4555 616 4611 bus
643 4554 761 4608 suis
789 4552 982 4607 orbem
1014 4551 1347 4606 illustrabat.
1380 4551 1461 4606 Ad
1490 4565 1624 4615 eum
1644 4551 1848 4606 litteris
1871 4567 2093 4622 quoque

513 4660 681 4699 manu
722 4659 820 4699 sua
858 4641 1213 4711 conscriptis,
1244 4642 1643 4698 conscientiam
1686 4658 1840 4698 suam
1883 4645 2097 4700 revela-

515 4735 635 4789 vit:
670 4732 1081 4802 complexuram
1128 4747 1188 4787 se
1234 4747 1379 4798 esse,
1410 4733 1557 4803 quod
1594 4733 1686 4789 ille
1736 4734 2098 4804 decrevisset,

514 4825 781 4896 pollicita.
826 4824 1064 4880 Sanctus
1110 4836 1293 4879 autem
1336 4826 1425 4880 vir
1459 4826 1551 4881 ille
1600 4827 1667 4882 ad
1718 4842 1839 4882 eam
1881 4829 1938 4883 in
1978 4829 2098 4885 haec

515 4919 680 4971 verba
706 4917 1029 4984 rescripsit:
1066 4914 1267 4983 «Scito,
1291 4916 1481 4976 ﬁliola.
1500 4919 1647 4988 quod
1677 4919 1956 4990 diabolus,
1985 4925 2099 4977 vir-

518 5018 695 5062 tutum
751 5016 972 5061 tuarum
1019 5007 1245 5062 divitias
1287 5024 1563 5076 cernens,
1618 5018 1669 5066 te
1716 5014 1982 5082 expetivit
2037 5026 2096 5069 ut

514 5101 786 5156 cribraret
812 5101 977 5156 sicuti
1014 5100 1283 5155 triticum.
1316 5100 1385 5155 Et
1416 5102 1681 5159 exitiosus
1713 5105 1808 5160 ille
1838 5106 2095 5161 Theodo-

514 5190 656 5259 sius,
691 5207 785 5247 ras
825 5201 883 5247 et
921 5194 1354 5248 instrumentum
1398 5193 1526 5248 mali
1562 5194 1713 5251 illius
1745 5196 1959 5264 factus,
1999 5199 2095 5254 Dei

515 5287 720 5339 amanti
764 5286 960 5341 animae
990 5295 1099 5342 tute
1125 5286 1384 5342 tenebras
1426 5287 1657 5356 oti‘udit,
1695 5305 1928 5361 eamque
1958 5308 2093 5348 con-

515 5375 781 5431 turbavit.
820 5376 927 5433 Sed
957 5377 1197 5432 contide.
1222 5378 1340 5434 Non
1368 5379 1519 5434 enim
1559 5379 1776 5436 deliciet
1808 5383 1945 5439 ﬁdes
1977 5393 2092 5439 tua.

514 5466 628 5536 Ego
657 5468 882 5538 quidem
916 5469 1052 5524 illud
1084 5470 1244 5525 valde
1279 5472 1585 5527 admiratus
1609 5488 1753 5538 sum,
1784 5479 1931 5545 quod
1968 5491 2089 5531 cum

517 5554 721 5611 fontem
763 5560 908 5629 apud
941 5562 1175 5635 teipsam
1208 5563 1476 5628 haberes,
1524 5579 1765 5636 eumque
1800 5568 2090 5637 ignorans,

514 5645 732 5719 longius
773 5666 970 5719 aquam
1010 5653 1379 5709 hauriendam
1413 5664 1652 5724 peteres.
1702 5655 1887 5712 Habes
1923 5659 2090 5728 igitur

2199 4565 2425 4635 ἀρεταῖς
2481 4562 2873 4634 δᾳδουχοῦντιο
2927 4555 2971 4629 ᾧ
3012 4562 3106 4615 καὶ
3162 4563 3230 4615 τὰ
3277 4561 3375 4631 τῆς
3426 4563 3786 4633 συνειδήσεως

2197 4655 2542 4725 οἱκειοχείρῳ
2573 4654 2870 4724 γράμματι
2916 4653 3179 4718 ἀνετίθει,
3218 4652 3473 4724 στέργειν
3512 4653 3540 4706 ὃ
3577 4655 3786 4719 ἐκεῖνος

2198 4747 2463 4816 ὲγκρίνοι.
2507 4744 2567 4796 Ὀ
2598 4743 2655 4796 δὲ
2684 4745 2831 4805 ὅσιος
2862 4744 3159 4814 γράμματι
3192 4743 3348 4806 αὖθις
3379 4744 3592 4813 ἐδήλου,
3614 4744 3787 4796 ταῦτα

2176 4838 2344 4895 κατὰ
2394 4837 2543 4901 λέξιν
2583 4837 2901 4911 ἐπιστείλας
2947 4836 3129 4909 αῦτῇ·
3182 4854 3200 4887 ι
3260 4835 3527 4900 Γίνωσκε,
3570 4837 3781 4897 τέκνον,

2200 4932 2283 4984 ὃτι
2315 4930 2343 4980 ὁ
2372 4928 2618 4991 διάϐολος
2666 4928 2808 4999 ὀρῶν
2842 4928 2935 4980 τὸν
2983 4927 3217 4980 πλοῦτον
3244 4928 3352 4979 τῶν
3389 4929 3498 4979 σῶν
3543 4929 3782 4997 ἀρετῶν,

2201 5021 2507 5090 ἐξῃτήσατό
2537 5036 2594 5073 σε
2628 5021 2872 5074 σινιάσαι
2905 5020 2979 5081 ὡς
3012 5020 3103 5072 τὸν
3134 5022 3280 5073 σῖτον
3302 5035 3314 5047 '
3353 5021 3448 5072 καὶ
3495 5021 3523 5071 ὁ
3566 5019 3786 5088 λυμεὼν

2200 5114 2409 5175 ἐκεῖνος
2444 5112 2743 5178 Θεοδόσιος,
2775 5112 2984 5180 δοχεῖον
3031 5114 3125 5183 καὶ
3159 5112 3395 5181 ὄργανον
3419 5112 3513 5164 τοῦ
3545 5112 3784 5182 πονηροῦ

2200 5204 2473 5275 γεγονὼς,
2493 5206 2592 5274 τὴν
2639 5204 2863 5273 θεοφιλῆ
2909 5220 3006 5256 σου
3058 5202 3238 5273 ψυχὴν
3283 5203 3533 5273 ἐζόφωσέ
3578 5221 3636 5257 τε
3691 5206 3788 5256 καὶ

2199 5297 2587 5368 συνετάραξεν.
2627 5296 2790 5349 Ἀλλὰ
2848 5295 3083 5366 θάρσει·
3116 5296 3176 5349 οὐ
3233 5296 3342 5367 γὰρ
3395 5296 3644 5349 ἐκλείπει
3691 5314 3785 5350 σου

2200 5390 2232 5459 ἡ
2282 5389 2490 5452 πίστις.
2535 5387 2679 5455 Ἐγὼ
2732 5387 2788 5441 δὲ
2842 5388 3001 5442 τοῦτο
3030 5388 3148 5442 λίαν
3178 5388 3536 5459 τεθαύμακα,
3567 5389 3649 5442 ὅτι
3686 5388 3787 5458 τὴν

2198 5481 2382 5552 πηγὴν
2415 5481 2617 5551 ἔχουσα
2660 5481 2756 5533 καὶ
2785 5480 2997 5551 ταύτην
3035 5480 3327 5548 ἀγνοοῦσα,
3362 5480 3643 5552 μακρόθεν
3690 5481 3785 5533 τοῦ

2199 5570 2389 5632 ὕδατος
2437 5570 2700 5640 ἀντλῆσαι
2762 5571 3137 5634 ἐσπούδασας.
3204 5573 3389 5641 Ἔχεις
3454 5571 3638 5625 τοίνυν
3692 5571 3786 5626 τὸν

2200 5664 2461 5733 θεοφορον
2524 5662 2842 5732 Εὑθύμιονο
2876 5663 3013 5717 ἕπου
3071 5664 3253 5717 τοίνυν
3307 5666 3429 5728 ταῖς
3483 5663 3651 5720 αὐωῦ
3703 5663 3829 5735 διιο⁴

587 5810 663 5881 (1)
695 5810 754 5869 In
783 5812 940 5884 cujus
962 5814 1228 5873 honorem
1256 5820 1516 5893 templum
1560 5822 1949 5894 Hierosolymis
1995 5834 2372 5883 consn'uctum
2416 5825 2618 5885 fuerat.
2641 5827 2841 5898 Evagr.
2875 5826 2973 5883 lib.
2997 5843 3058 5896 ιι,
3078 5842 3200 5897 cap.
3229 5827 3285 5884 5.
