4118 6508
545 399 614 465 87
1771 409 2194 474 NICEPHORI
2234 415 2578 479 CALLlS’l‘l
3762 386 3857 489 88.

547 516 859 584 reperimus
886 518 1151 590 injuriam
1182 535 1209 573 a
1246 519 1663 591 religiosissime
1683 527 2141 593 magiiwAlexan-

2246 532 2275 602 ή
2308 532 2366 585 ἐν
2402 532 2628 604 Χριστῷ
2688 533 2875 596 πίστις
2930 532 3027 588 καὶ
3062 534 3225 605 ἡμεῖς
3279 533 3654 603 πεπόνθαμεν
3682 535 3830 604 παρά

547 608 722 661 «trime
766 609 921 663 urbis
973 611 1236 680 episcopo
1282 612 1569 675 Dioscoro.
1618 613 1683 667 ad
1734 614 1995 683 pietatem
2036 633 2133 672 ve-

547 709 717 752 stram
774 700 1145 770 confugimus.
1195 711 1256 756 ut
1301 704 1392 773 jus
1428 713 1679 760 nostrum
1720 723 2132 778 consequamur

547 804 820 859 petentes.
876 792 982 849 Res
1010 794 1141 850 ‘tota
1185 795 1238 850 in
1276 797 1382 852 hoe
1424 798 1528 852 sita
1559 808 1645 853 est
1682 800 1781 866 (l).
1815 802 1872 856 lu
1905 818 1967 857 ea
2008 817 2133 872 que

549 885 794 952 proxime
837 886 891 940 in
952 889 1243 957 metrOpoli
1302 889 1671 957 Ephesiorum
1722 893 1995 948 celebrata
2048 904 2133 949 est

547 979 756 1046 synodo
783 978 1017 1045 (utinam
1050 988 1233 1034 autem
1264 982 1539 1035 celebrata
1571 998 1678 1035 non
1708 994 1876 1046 esset,
1909 1001 2010 1040 nec
2037 1001 2129 1039 or-

549 1069 630 1123 bis
671 1077 942 1126 terrarum
994 1073 1232 1127 tumultu
1264 1083 1320 1128 et
1347 1073 1505 1129 malis
1536 1077 1721 1132 multis
1770 1078 2131 1146 replerctur),

550 1161 731 1217 bonus
769 1164 1089 1230 Dioscorus,
1120 1166 1270 1220 nulla
1298 1167 1549 1233 justitiaz,
1582 1170 1733 1223 nulla
1790 1169 2005 1225 timoris
2038 1169 2133 1225 Dei

554 1258 741 1310 habita
798 1259 1032 1320 ratione.
1068 1259 1216 1328 quod
1261 1260 1453 1315 eadem
1507 1278 1631 1316 cum
1679 1278 1882 1318 vesano
1914 1271 1967 1318 et
2018 1264 2132 1317 lue-

548 1351 724 1404 retico
759 1349 1063 1424 Eutychete
1098 1352 1421 1420 Opinaretur
1443 1363 1499 1408 et
1523 1354 1777 1421 sentiret,
1819 1355 2007 1410 multis
2041 1355 2133 1409 ille

548 1441 771 1511 quidem
816 1452 930 1496 tum
982 1444 1221 1514 ignotus,
1249 1444 1347 1501 sed
1384 1454 1572 1515 postea
1613 1447 1856 1517 seipsum
1907 1446 2136 1514 manife:

550 1535 718 1589 stav'rt
753 1545 810 1590 et
845 1535 1110 1605 prodidit,
1141 1538 1611 1608 opportunitatem
1643 1549 1841 1595 nactus
1889 1554 1990 1610 per
2046 1539 2133 1593 in.

552 1625 800 1680 stitutam
855 1641 886 1681 a
919 1616 1302 1684 meadversus
1341 1630 1621 1699 opinionis
1645 1646 1758 1686 sua:
1812 1631 2133 1701 popularem

553 1718 913 1790 Eutychetem
947 1721 1375 1785 accusationem,
1404 1732 1462 1778 et
1513 1724 1914 1797 promulgatam
1946 1737 2135 1780 contra

552 1824 682 1863 eum
719 1824 750 1863 a
779 1819 981 1865 sanctae
1015 1811 1294 1865 memoria:
1340 1812 1599 1867 Flaviano
1623 1814 1883 1883 episcopo
1911 1824 2134 1870 senten-

558 1902 714 1964 tiam,
741 1902 1091 1958 multitudine
1125 1905 1567 1959 turbulentorum
1615 1895 2135 1977 dissiilutorumque

558 1994 843 2049 hominum
876 2005 1178 2059 contracta,
1210 2006 1263 2051 et
1282 2005 1550 2065 potestate
1580 1998 1811 2065 pecunia
1851 1997 1955 2051 sibi
1987 2013 2139 2052 com-

556 2098 764 2161 parata,
796 2088 941 2159 piam
984 2089 1417 2145 orthodoxorum
1462 2099 1721 2160 recteque
1754 2091 2137 2153 sentientium,

554 2190 822 2251 quantum
854 2180 910 2236 in
940 2196 1007 2238 eo
1041 2182 1181 2246 luit,
1214 2182 1538 2252 religionem
1573 2181 1802 2247 amisit,
1830 2193 1887 2237 et
1914 2197 2137 2251 pravam

482 2288 493 2293 ’
558 2273 879 2346 Eutychetis
926 2274 1178 2329 monachi
1228 2274 1546 2342 opinionem
1593 2276 1976 2341 continuavit,
2018 2289 2141 2344 quae

553 2369 665 2437 jam
696 2366 824 2421 inde
848 2366 917 2420 ab
940 2364 1101 2420 initio
1150 2380 1179 2419 a
1225 2365 1436 2421 sanctis
1470 2366 1725 2420 Patrihus
1749 2376 1836 2421 est
1873 2367 2141 2422 condem-

561 2468 712 2512 nata.
740 2457 972 2523 Quando
1019 2457 1186 2527 igitur
1224 2472 1333 2510 non
1382 2472 1548 2526 parva
1580 2466 1730 2522 sunt,
1764 2473 1885 2525 quae
1920 2458 2011 2512 ille
2045 2458 2140 2511 ad-

561 2566 756 2605 versus
790 2548 948 2603 fidem
987 2548 1041 2603 in
1076 2548 1357 2602 Christum
1409 2558 1464 2602 et
1509 2563 1608 2603 nos
1654 2548 1944 2617 designare
1973 2564 2143 2604 ausus

563 2652 670 2708 est,
722 2642 788 2697 ad
814 2640 1233 2711 amplitudinem
1267 2652 1500 2696 vestram
1555 2632 1947 2711 provolvimur,
1982 2642 2143 2697 obse-

562 2742 804 2796 crantes,
836 2741 896 2788 ut
938 2732 1243 2803 amplitudo
1272 2741 1455 2787 vestra
1498 2728 1785 2789 sanctione
1823 2749 1922 2790 sua
1959 2736 2141 2804 ipsum

562 2824 1035 2896 religiosissimum
1085 2825 1407 2881 Dioscorum
1449 2841 1669 2881 causam
1701 2827 1887 2882 dicere
1934 2827 2003 2882 de
2032 2827 2144 2882 cri-

562 2920 807 2975 minibus
838 2918 941 2974 sihi
972 2934 1003 2974 a
1039 2919 1198 2974 nobis
1220 2920 1455 2991 objectis
1492 2920 1685 2990 jubeat
1710 2961 1725 2984 ,
1761 2934 1980 2976 necnon
2024 2935 2145 2976 mo-

563 3024 830 3069 numenta
872 3022 930 3069 et
960 3021 1080 3067 acta
1121 3022 1315 3067 contra
1350 3027 1455 3068 nos
1482 3012 1551 3067 ab
1582 3028 1650 3067 eo
1674 3006 1820 3067 edita
1855 3012 1908 3066 in
1953 3022 2142 3068 sancta

566 3109 779 3179 synodo
825 3107 934 3179 legi
985 3107 1233 3169 mandet,
1276 3122 1377 3177 per
1412 3118 1533 3176 quae
1561 3104 1793 3171 probare.
1824 3119 2142 3174 possumus,

2238 623 2533 694 Διοσκόρου
2579 622 2674 677 τοῦ
2731 623 3139 678 εὖλαόεστάτου
3193 623 3510 678 ἐπισκόπου
3548 625 3654 690 τῆς
3678 623 3830 674 Ἀλε-

2240 714 2513 781 ξανδρέων
2582 714 3007 784 μεγαλοπόλεως
3037 758 3053 783 ,
3114 716 3389 785 πρόσιμεν
3447 717 3519 785 τῇ
3592 714 3834 785 ὑμετέρᾳ

2237 806 2495 879 εὐσεϐείᾳ
2526 806 2637 859 τῶν
2677 807 2905 861 δικαίων
2935 807 3219 871 ἀξιοῦντες
3263 809 3480 877 τυχεῖν.
3521 806 3608 860 Τά
3654 806 3713 859 δὲ
3739 803 3833 858 τοῦ

2240 899 2573 969 πράγματος
2604 900 2663 953 ὲν
2698 898 2934 962 τούτοις.
2977 899 3104 953 Ἐπὶ
3129 898 3230 968 τῆς
3254 899 3495 969 ἔναγχος
3530 898 3835 969 γενομένης

2239 990 2461 1043 συνόδου
2497 991 2554 1043 ὲν
2583 992 2652 1060 τῇ
2697 990 2969 1059 Ἐφεσίων
3005 992 3345 1061 μητροπόλει
3398 991 3496 1064 (ἢν
3524 991 3725 1060 ὄφελός
3770 1008 3834 1058 γε

2235 1076 2305 1152 ἦν
2335 1083 2409 1150 μὴ
2438 1079 2695 1148 γενέσθαι
2720 1123 2735 1146 ,
2770 1081 2859 1135 ἵνα
2915 1081 2991 1154 μὴ
3042 1083 3230 1137 κακῶν
3274 1084 3370 1138 καὶ
3422 1084 3684 1153 ταραχῆς
3735 1084 3834 1152 τὴν

2235 1171 2570 1241 οἰκουμένην
2623 1171 2946 1242 ἐμπλήσῃ),
2981 1170 3011 1223 ὁ
3051 1171 3287 1241 χρηστὸς
3335 1171 3648 1240 Διόσκορος
3703 1185 3817 1238 παρ

2234 1264 2392 1317 οὐδὲν
2444 1264 2671 1334 θέμενος
2710 1264 2802 1315 τὸν
2847 1262 2943 1317 τοῦ
2981 1263 3196 1317 δικαίου
3243 1262 3409 1331 λόγου
3462 1264 3566 1317 καὶ
3616 1264 3710 1316 τὸν
3740 1259 3832 1311 τοῦ

2236 1353 2373 1409 Θεοῦ
2418 1354 2609 1422 φόϐον,
2659 1354 2920 1425 ὁμόδοξος
2962 1352 3040 1409 ὣν
3083 1353 3182 1408 καὶ
3233 1354 3504 1425 δμόφρων
3557 1354 3834 1425 Εὔτυχοῦς

2235 1447 2332 1499 τοῦ
2365 1446 2768 1517 ματαιόφρονος
2794 1445 2890 1499 καὶ
2925 1447 3209 1517 αἱρετικοῦ
3237 1462 3251 1478 ο
3286 1445 3582 1500 λανθάνων
3615 1447 3676 1499 δὲ
3705 1446 3835 1515 τοὺς

2238 1537 2496 1602 πολλοῦς,
2533 1538 2639 1591 κᾶν
2664 1538 2722 1601 ἐς
2757 1536 2986 1605 ὕστερον
3015 1536 3211 1590 ἑαυτὸν
3238 1536 3629 1606 ἐφανέρωσεν,
3657 1536 3833 1607 εὑρὼν

2238 1631 2460 1703 καιρὸν,
2499 1632 2596 1700 τὴν
2637 1631 3018 1701 γεγενημένην
3043 1629 3174 1699 παρ’
3201 1629 3338 1700 ἐμοῦ
3374 1629 3529 1683 κατὰ
3555 1627 3833 1698 Εὑτυχοῦς

2236 1726 2330 1780 τοῦ
2364 1725 2622 1795 ὀμοδὸξου
2654 1725 2820 1779 αὐτοῦ
2854 1725 3223 1796 κατηγορίαν,
3258 1725 3354 1777 καὶ
3398 1723 3507 1796 τὴν
3539 1721 3832 1790 ἐπὀαὐτῷ

2238 1816 2615 1885 ὲξενεχθεῖσαν
2664 1816 2847 1886 ψῆφον
2898 1816 3051 1885 παρὰ
3103 1815 3200 1868 τοῦ
3241 1815 3342 1884 τῆς
3398 1815 3565 1877 ὁσίας
3624 1813 3831 1886 λήξεως

2237 1909 2545 1964 Φλαϐιανοῦ
2591 1910 2926 1970 ἐπισκόπου,
2961 1907 3170 1977 πλῆθος
3199 1909 3458 1961 ἀτάκτων
3490 1906 3677 1978 ὄχλων
3711 1922 3833 1958 συνο

2239 2002 2490 2071 αγαγὼν,
2535 2003 2632 2054 καὶ
2678 2000 3004 2053 δυναστείαν
3045 1999 3225 2068 ἐαυτῷ
3257 1999 3348 2051 διὰ
3398 1999 3712 2069 χρημάτων
3738 2013 3832 2048 πο-

2242 2095 2560 2166 ρισάμενος,
2598 2093 2700 2164 τὴν
2743 2093 2947 2164 εὐσεϐῆ
2983 2091 3287 2163 θρησκείαν
3340 2091 3452 2144 τῶν
3503 2086 3833 2159 δρθοδόξων,

2240 2185 2302 2238 τό
2357 2202 2421 2253 γε
2447 2178 2585 2255 ἧκον
2634 2185 2691 2248 ές
2744 2183 2945 2249 αὑτὸν,
2998 2183 3312 2253 ἐλυμήνατο
3337 2197 3353 2214 ο
3390 2182 3498 2235 καὶ
3527 2179 3632 2250 τὴν
3670 2196 3832 2233 κακο-

2243 2280 2429 2347 δοξίαν
2467 2279 2755 2350 Εὕτυχοῢς,
2781 2277 2880 2333 τοῦ
2934 2278 3285 2349 μονάζοντος,
3332 2276 3461 2347 ἥτις
3494 2275 3714 2330 ἄνωθεν
3741 2272 3833 2323 καὶ

2243 2370 2302 2437 ἐξ
2327 2370 2505 2440 ἀρχῆς
2540 2371 2694 2441 παρὰ
2746 2371 2858 2425 τῶν
2911 2370 3086 2439 ἁγίων
3142 2369 3404 2437 Πατέρων
3436 2363 3831 2434 ἀπεκηρύχθη.

2244 2464 2598 2517 ὲϐεϐαίωσενδ
2641 2463 2805 2516 Ἐπεὶ
2845 2460 2941 2516 οὖν
2996 2464 3058 2515 οὐ
3095 2460 3272 2531 μικρᾶ
3319 2458 3389 2513 τὰ
3436 2457 3830 2526 τετολμημένα

2244 2556 2392 2628 αὐτῷ
2423 2554 2564 2609 κατά
2605 2571 2666 2608 τε
2694 2558 2795 2627 τῆς
2833 2556 2915 2617 είς
2975 2553 3218 2623 Χριστὸν
3261 2552 3509 2613 πίστεως
3560 2550 3661 2603 καὶ
3712 2545 3835 2600 καθ’

2193 2693 2197 2697 .
2245 2646 2408 2718 ἡμῶν
2438 2687 2454 2714 ,
2516 2647 2757 2715 δεόμεθα
2813 2646 2911 2700 καὶ
2961 2645 3389 2716 προσπίπτομεν
3437 2643 3522 2715 τῷ
3582 2640 3833 2711 ὑμετέρῳ

2247 2741 2444 2813 κράτει
2469 2782 2485 2808 ,
2536 2740 2797 2795 θεσπίσαι
2835 2741 2929 2795 τὸν
2963 2738 3133 2793 αὑτὸν
3171 2737 3585 2791 εὐλαὸέστατον
3612 2732 3834 2786 Διόσκο-

2250 2852 2341 2905 ρνιν
2403 2834 2856 2904 ἀπολογήσασθαι
2895 2834 3009 2895 τοῖς
3045 2831 3177 2900 παρ’
3212 2828 3371 2899 ήμῶν
3418 2827 3580 2898 αὕτῷ
3637 2826 3833 2887 ἐπαγο-

2250 2929 2455 3000 μένοις·
2490 2928 2692 2999 δηλαδὴ
2719 2927 2829 2980 τῶν
2860 2926 2990 2996 παρ’
3016 2923 3189 2978 αὑτοῦ
3213 2922 3338 2977 καθ’
3371 2923 3537 2993 ήμῶν
3587 2921 3831 2987 ὑπομνη-

2249 3021 2440 3088 μάτων
2463 3016 2993 3086 ἀναγινωσκομένων
3020 3015 3126 3068 ὑπὸ
3156 3014 3257 3083 τῆς
3298 3013 3463 3081 ἀγίτς
3491 3009 3739 3072 συνόδου,
3766 3004 3834 3057 δι’

2243 3107 2321 3166 ὧν
2377 3109 2660 3180 δυνάμεθα
2706 3108 2993 3173 ἀποδεῖξαι
3028 3108 3196 3160 αὐτὸν
3247 3107 3342 3159 καὶ
3393 3103 3689 3173 ἀλλότριον
3732 3097 3830 3165 τῆς

568 3203 724 3257 illum
755 3202 915 3270 longe
939 3200 1009 3255 ab
1032 3199 1338 3254 orthodoxa
1358 3208 1416 3254 et
1434 3204 1580 3253 recta
1607 3197 1713 3251 ﬁde
1736 3197 1974 3251 alienum
1996 3212 2141 3265 esse,

2246 3202 2529 3273 ὀρθοδόξου
2573 3200 2831 3264 πίστεως.
2867 3201 2964 3254 καὶ
2997 3199 3214 3269 αἵρεσιν
3240 3196 3505 3259 ἀσεϐείας
3536 3193 3833 3261 πεπληρω-

567 3303 627 3349 ct
677 3291 931 3346 Inrresim
973 3289 1269 3359 impietatis
1301 3289 1516 3359 plenam
1541 3286 1919 3352 conﬁrmasse,
1952 3285 2142 3340 nobis-

568 3401 678 3455 que
702 3384 890 3453 inique
925 3382 1249 3454 dignitatem
1284 3380 1594 3444 ademisse,
1624 3387 1681 3435 et
1735 3394 1956 3450 gravem
2001 3379 2145 3449 inju-

569 3480 709 3534 riam
741 3477 1032 3532 intulisse:
1074 3483 1135 3530 ut
1161 3473 1364 3529 divinis
1396 3472 1837 3542 venerandisque
1876 3470 2148 3527 mandatis

569 3573 771 3628 vestris
824 3574 890 3626 ad
939 3580 1185 3626 sanctam
1245 3578 1302 3623 et
1349 3566 1717 3622 universalem
1773 3565 2145 3634 piissitnorunt

569 3666 955 3734 episcoporum
987 3663 1255 3733 synodum
1281 3660 1446 3725 datis,
1483 3658 1552 3714 ab
1597 3659 1732 3727 ipsis
1774 3658 1841 3711 de
1877 3665 2061 3712 uestra
2092 3667 2149 3712 et

574 3754 815 3809 Dioscuri
859 3769 1025 3807 causa
1064 3752 1396 3821 inquiratur,
1433 3759 1489 3803 et
1538 3750 1782 3804 actiones
1840 3764 2031 3803 otnnes
2079 3750 2145 3814 ad

572 3847 796 3918 pietatis
826 3858 1023 3901 vestra:
1074 3842 1480 3914 cognitionem,
1516 3852 1572 3896 et
1606 3841 1933 3895 immortalis
1979 3840 2149 3895 subli-

574 3941 780 3997 mitatis
796 3948 990 3995 vestrae
1024 3937 1315 3993 arbitrium
1349 3935 1685 3992 referantur.
1726 3935 1904 4005 Atque
1939 3934 2042 3988 hoc
2069 3936 2149 3989 sic

576 4036 1170 4098 consecuti,orationes
1193 4039 1487 4102 perpetuas
1512 4030 1579 4084 ad
1610 4030 1800 4092 Deum,
1823 4044 1921 4099 pro
1942 4037 2149 4083 alterno

578 4141 763 4186 vestro
791 4129 1046 4197 imperio,
1076 4126 1305 4196 piissimi
1341 4124 1638 4195 principes,
1665 4122 1891 4176 [illidere
1925 4136 2032 4174 non
2065 4121 2149 4173 in-

573 4224 968 4280 termittcnius.
1002 4239 1021 4272 ι

643 4317 812 4389 638
834 4315 1030 4384 'Itaque
1063 4314 1331 4368 Dioscoro
1372 4312 1526 4381 juxta
1558 4319 1612 4363 et
1671 4309 1911 4364 Eusebio
1951 4307 2023 4362 ita
2057 4322 2151 4378 pe-

576 4418 749 4476 tente,
796 4417 915 4463 acta
957 4405 1192 4475 Ephesia
1224 4403 1284 4459 in
1318 4402 1563 4457 medium
1607 4401 1872 4470 producta
1902 4410 1959 4454 et
2012 4399 2148 4453 lecta

574 4510 724 4560 sunt.
762 4501 838 4555 Ex
864 4499 1066 4569 quibus
1095 4496 1341 4551 constitit
1375 4494 1657 4564 epistolam
1687 4492 1887 4546 Leonis
1932 4490 2151 4562 publice

575 4599 773 4653 lectam
813 4608 922 4647 non
951 4606 1074 4647 esse
1105 4608 1118 4645 :
1150 4605 1276 4644 cum
1310 4587 1555 4657 quidem,
1591 4593 1652 4638 ut
1681 4585 1732 4640 id
1766 4586 1941 4647 lieret,
1992 4582 2151 4637 multi

577 4688 747 4745 semel
774 4697 937 4755 atque
963 4684 1161 4738 iterum
1190 4682 1579 4752 postulassent.
1607 4678 1900 4732 Dioscorus
1932 4691 2151 4731 causam

577 4780 701 4848 ejus
738 4775 813 4829 rei
847 4774 1030 4828 dicere
1064 4774 1269 4840 jussus,
1312 4769 1481 4823 semel
1517 4778 1683 4837 atque
1735 4769 1934 4823 iterum
1977 4782 2056 4830 se,
2098 4776 2155 4819 ut

579 4871 634 4924 ial
699 4869 874 4929 ﬁeret,
928 4864 1249 4936 praecepisse
1278 4861 1457 4915 dixit:
1508 4870 1784 4928 testesque
1834 4857 2151 4914 Juvenalem

495 4978 501 4985 ‘
578 4964 1083 5034 Hierosolymorum
1114 4967 1170 5013 ct
1201 4956 1547 5012 Thalassium
1590 4954 1852 5009 Cmsarea‘
1879 4955 2157 5025 primaria:

578 5057 735 5112 urbis
766 5053 1154 5124 Cappadocum
1185 5050 1474 5120 episcopos
1516 5047 1781 5110 laudavit,
1823 5046 1920 5118 qui
1969 5061 2154 5100 secum

579 5148 790 5220 synodo
813 5147 863 5200 ci
888 5144 1252 5219 praefuissent.
1274 5140 1552 5194 iuvenalis
1575 5154 1632 5192 se
1662 5153 1877 5192 sacrum
1908 5137 1983 5203 id,
2008 5136 2154 5206 quod

579 5240 790 5312 synodo
826 5237 1069 5307 praeiret,
1103 5233 1371 5300 scriptum
1402 5233 1509 5303 legi
1537 5233 1768 5305 jussisse
1799 5241 2029 5288 testatus
2048 5241 2154 5298 est,

584 5343 775 5403 postea
812 5340 996 5383 autem
1044 5326 1323 5382 neminem
1355 5325 1476 5396 ejus
1507 5325 1842 5379 memionem
1883 5323 2155 5379 intulisse.

582 5424 902 5479 Thalassius
961 5430 1143 5473 autem
1178 5418 1458 5487 professus
1485 5426 1568 5471 est
1600 5431 1683 5477 se,
1719 5424 1777 5469 ut
1807 5415 1857 5469 id
1887 5416 2159 5484 legeretur

583 5530 690 5569 non
717 5511 1019 5576 obstitisse;
1038 5509 1132 5564 sed
1167 5522 1345 5577 neque
1369 5516 1578 5562 tantum
1594 5507 1697 5561 sibi
1717 5505 2079 5573 auctoritatis,
2100 5515 2159 5559 ut

583 5607 733 5661 solus
758 5606 875 5675 ipse
908 5602 1009 5672 legi
1044 5603 1092 5655 id
1114 5602 1354 5673 juberet,
1384 5616 1702 5670 usurpasse.
1734 5602 1871 5653 (.Ium
1908 5609 2157 5652 actorum

585 5697 748 5753 lectio
776 5697 1211 5756 continuaretur,
1240 5692 1481 5763 episcOpi
1535 5692 1757 5761 quidam
1801 5706 1962 5746 voces
1993 5707 2158 5760 quas-

560 5838 569 5848 .
661 5875 736 5947 (Γ)
766 5878 939 5947 Supra
974 5851 1070 5931 lib.
1103 5894 1213 5942 XIV,
1240 5877 1467 5948 (1111.47.

2251 3301 2423 3369 μένην
2468 3294 2842 3365 κρατύναντα,
2885 3292 2979 3346 καὶ
3032 3291 3234 3353 ἀδίκως
3293 3290 3443 3359 ἡμᾶς
3506 3284 3829 3345 καθελόντα,

2248 3368 2342 3444 καὶ
2385 3391 2456 3440 τὰ
2516 3387 2672 3440 δεινά
2724 3386 2875 3456 ἡμᾶς
2929 3381 3409 3452 κατειργασμένον
3440 3396 3455 3411 ⁸
3520 3380 3689 3433 θείων
3737 3368 3830 3425 καὶ

2249 3483 2752 3552 προσκυνουμένων
2794 3477 2949 3549 ὑμῶν
2991 3476 3281 3547 μανδάτων
3310 3468 3832 3543 καταπεμπομένων

2249 3579 2313 3646 τῇ
2344 3576 2480 3647 άγῖᾳ.
2530 3576 2625 3626 καὶ
2671 3573 3037 3642 οἰκουμενικῇ
3077 3570 3288 3641 συνόδῳ
3335 3568 3446 3621 τῶν
3477 3558 3835 3635 θεοφιλεστά-

2249 3688 2358 3723 των
2407 3668 2747 3730 ἐπισκόπων,
2782 3666 2873 3735 ἐφ’
2904 3659 2948 3734 ᾧ
2980 3682 3041 3719 τε
3073 3663 3233 3736 ήμῶν
3272 3660 3369 3716 καὶ
3415 3660 3516 3714 τοῦ
3574 3670 3831 3730 προειρη-

2253 3765 2417 3832 μένου
2464 3761 2765 3831 Διοσκὸρου
2789 3758 3033 3822 δοκοῦσι,
3069 3758 3166 3813 καὶ
3188 3755 3510 3824 ἀνενεγκεῖν
3541 3755 3600 3816 ἐς
3631 3748 3831 3820 γνῶσιν

2251 3856 2350 3925 τῆς
2376 3855 2650 3924 ὑμετέρας
2680 3851 2967 3916 εὐσεΰείας
2995 3851 3174 3905 πάντα
3198 3850 3268 3901 τὰ
3306 3847 3671 3917 πραττόμενα
3696 3839 3830 3908 πρὸς

2249 3949 2310 4001 τὸ
2361 3946 2773 4017 παριστάμενον
2815 3948 2882 4016 τῇ
2932 3945 3188 4011 ἀθανάτῳ
3240 3942 3398 4012 ὑμῶν
3436 3938 3685 4010 κορυφῇ.
3725 3930 3831 3985 Καὶ

2251 4042 2446 4095 τούτου
2484 4039 2761 4109 τυχόντες,
2807 4036 3191 4098 ἁδιαλείπτους
3231 4036 3397 4105 εὐχὰς
3429 4028 3829 4098 ἀναπέμψομεν

2253 4134 2394 4203 ὑπὲρ
2445 4133 2537 4184 τοῦ
2586 4132 2810 4185 αἰωνίου
2857 4131 3012 4197 ὑμῶν
3048 4130 3325 4200 κράτους,
3359 4125 3633 4180 θειότατοι
3685 4118 3829 4190 βασι-

2253 4227 2384 4287 λεῖς.
2427 4242 2446 4276 ι

2324 4315 2526 4385 Κοινῆς
2560 4315 2742 4367 τοίνυν
2772 4311 3147 4382 γεγενημένης
3177 4309 3417 4379 δεήσεως
3449 4307 3563 4361 ἀπό
3592 4321 3654 4358 τε
3677 4305 3828 4355 Διοσο

2255 4407 2420 4474 κόρου
2478 4407 2574 4459 καὶ
2625 4404 2914 4471 Εὐσεῦίου,
2962 4403 3032 4458 τά
3088 4404 3144 4454 ὲν
3204 4402 3414 4470 Ἐφέσῳ
3464 4390 3830 4467 πεπραγμένα

2256 4500 2333 4562 εἰς
2363 4497 2524 4568 μέσον
2570 4499 2764 4567 ἤγοντο
2820 4497 2918 4551 καὶ
2965 4494 3414 4563 ἀνεγινώσκοντο.
3453 4491 3566 4543 Καί
3604 4504 3669 4556 γε
3698 4480 3830 4537 ἐδεί-

2257 4607 2423 4645 κνυτο
2474 4591 2549 4661 μὴ
2593 4588 3082 4661 παρῤησιασθῆναι
3111 4590 3212 4659 τήν
3243 4585 3475 4645 Λέοντος
3510 4575 3827 4661 ἐπιστολὴνῖ

2255 4684 2438 4737 καίτοι
2469 4700 2533 4750 γε
2567 4682 2781 4735 πολλῶν
2814 4679 3321 4752 προσκαλουμένων
3354 4675 3524 4743 αὐτὴν
3559 4671 3657 4726 καὶ
3687 4657 3833 4723 ᾶπαε

2258 4777 2350 4830 καὶ
2372 4777 2471 4833 δίς.
2492 4775 2550 4828 Ὀ
2576 4774 2631 4828 δὲ
2649 4775 2938 4842 Διὸσκορος
2973 4771 3070 4840 τὴν
3104 4768 3282 4823 αἰτίαν
3302 4764 3655 4835 ἀπαιτηθεὶς,
3684 4756 3831 4826 εἴρη-

2257 4883 2319 4920 κε
2358 4865 2450 4917 καὶ
2489 4865 2636 4929 ἅπαξ
2693 4865 2788 4917 καὶ
2838 4863 2919 4924 δὶς
2964 4860 3286 4926 διαλαλῆσαι
3343 4855 3504 4909 τοῦτο
3550 4846 3829 4921 γενέσθαιο

2258 4957 2530 5028 Μάρτυρά
2593 4973 2651 5009 τε
2702 4955 2885 5009 ἐκάλει
2913 4954 3003 5006 τόν
3059 4969 3120 5004 τε
3150 4947 3505 5004 Ἰουϐενάλιον
3544 4945 3638 4998 τὸν
3673 4939 3829 5002 Ἰερο-

2261 5050 2513 5118 σολύμων
2557 5048 2882 5111 ἐπίσκοπον,
2948 5044 3047 5098 καὶ
3095 5043 3398 5096 Θαλάσσιον
3457 5040 3557 5108 τῆς
3613 5028 3830 5102 πρώτης

2256 5143 2368 5196 τῶν
2394 5140 2775 5196 Καππαδοκῶν
2816 5136 3174 5206 Καισαρείας
3215 5135 3289 5204 μὴ
3318 5134 3425 5202 γὰρ
3473 5129 3639 5183 αὑτὸν
3671 5121 3826 5193 μόνον

2258 5232 2358 5301 τῆς
2421 5233 2673 5295 συνόδου,
2719 5228 2858 5282 ἀλλά
2906 5229 3001 5281 καὶ
3052 5225 3279 5287 τούτους
3328 5216 3736 5275 καταυθεντεῖν.
3768 5206 3826 5257 Ὀ

2263 5326 2363 5395 μὲν
2396 5323 2771 5386 ’1ου6ενάλιο;,
2799 5321 2889 5374 καὶ
2934 5318 2963 5373 δ
3011 5318 3153 5373 θεῖον
3181 5319 3539 5388 προηγήσατο
3574 5306 3826 5380 γράμμα.

2258 5415 2492 5470 διελάλει
2538 5416 2844 5482 ἀναγνωσει
2884 5412 3147 5481 δοθῆναι,
3188 5410 3390 5480 μηδένα
3433 5405 3478 5460 δ’
3514 5408 3568 5468 ἐς
3608 5400 3826 5464 ὕστερον

2260 5508 2359 5575 τῆς
2395 5507 2684 5576 ἐπιστολῆς
2721 5507 2782 5559 ὲν
2812 5504 2970 5575 μνείᾳ
3007 5502 3284 5572 γενέσθαι’
3313 5499 3617 5556 Bumaste;
3650 5491 3694 5545 δ’
3721 5488 3819 5553 ἔφη

2266 5602 2341 5671 μὴ
2402 5599 2649 5652 κωλῦσαι
2694 5599 2900 5667 ταύτην
2961 5596 3417 5664 ἀναγνωσθῆναι·
3455 5592 3590 5645 ἀλλὰ
3626 5580 3746 5657 μηδ’
3771 5578 3827 5636 ἐς

2262 5694 2415 5745 τνζσον
2446 5690 2585 5745 εἶναι
2619 5691 2927 5763 παρῤῃσίεες
2959 5693 3183 5752 ἐκιῖνον,
3216 5687 3287 5751 ὡς
3320 5687 3415 5741 καὶ
3461 5684 3618 5754 μόνον
3655 5672 3828 5748 «ἴδρίτίι⁸
