4118 6532
443 442 516 509 95
1674 443 2091 507 NICEPUORI
2136 446 2475 508 CALLlSTl

3653 446 3735 510 96

446 566 566 613 acta
624 560 880 615 Acacium
936 561 1008 616 lla
1046 560 1397 632 respondisse
1436 572 1744 619 testantur:
1788 566 1905 619 Non
1943 566 2015 618 ita

2141 563 2226 617 (αἱ
2248 563 2424 618 ἄλλων
2444 564 2504 634 δή
2536 582 2697 618 τινων
2723 569 2982 619 τοιούτων
3009 563 3303 629 κειμένων,
3335 558 3508 624 αὖθις
3536 561 3733 615 ἐστέλο

447 661 635 703 sancta
667 661 721 705 et
753 667 945 721 magna
980 653 1220 723 synodus
1264 655 1608 710 sanctitatem
1643 665 1788 709 tuam
1825 658 2017 710 adesse

442 740 630 810 jussit,
660 751 717 795 ut
745 759 808 797 ca
845 744 1199 811 inducantur,
1236 762 1357 815 quae
1389 747 1442 800 in
1482 750 1772 817 prresenlia
1805 748 2021 818 magniv

452 834 929 889 licentissimorum
975 839 1286 907 principum
1346 849 1401 894 et
1442 841 1583 895 sacri
1621 851 1845 895 senatus
1898 851 2019 897 acta

449 936 593 980 sunt.
630 927 734 981 Sed
791 943 890 983 nos
929 929 995 983 ad
1031 940 1081 983 te
1134 932 1300 991 misit,
1336 942 1392 984 ut
1434 933 1488 987 in
1529 949 1847 988 consessum
1901 938 2021 1007 ejus

448 1018 719 1078 venires.
746 1028 802 1074 et
845 1021 913 1074 ab
944 1036 1012 1075 co
1046 1024 1310 1078 sanctitas
1344 1034 1433 1077 tua
1486 1040 1596 1079 non
1649 1028 1865 1081 abesset
1940 1029 2021 1083 Ad

450 1124 613 1176 quem
642 1110 938 1167 Dioscorus
973 1130 986 1166 :
1023 1114 1202 1180 Modo,
1247 1116 1447 1184 inquit,
1486 1118 1617 1171 mihi
1646 1119 1882 1182 dixistis,
1917 1119 2024 1173 Eu-

449 1198 664 1253 sebium
717 1203 965 1256 libellum
1008 1217 1196 1261 contra
1244 1224 1331 1261 me
1364 1209 1655 1265 obtulisse.
1681 1210 1836 1277 Quod
1884 1212 1928 1266 si
1967 1211 2020 1266 id

449 1290 654 1345 factum
685 1306 788 1359 est,
820 1296 1017 1349 iterum
1046 1307 1190 1364 pcto,
1228 1310 1286 1352 ut
1314 1300 1381 1354 de
1411 1302 1576 1355 rebus
1605 1303 1742 1357 meis
1782 1304 1833 1356 in
1876 1305 2024 1367 prin-

451 1382 634 1451 eipnm
663 1396 718 1438 et
749 1396 975 1440 senatus
998 1391 1284 1456 praesentia
1318 1391 1633 1460 disquisitio
1669 1394 1776 1447 fiat.
1808 1393 1871 1450 Et
1900 1395 2024 1450 aliis

452 1474 783 1540 quihusdam
849 1477 1161 1547 hujnsmodi
1217 1481 1400 1536 verbis
1456 1484 1833 1551 interpositis,
1887 1486 2025 1539 alios

454 1581 671 1621 rursum
736 1570 933 1623 missos
985 1585 1129 1645 esse,
1189 1573 1284 1642 qui
1340 1572 1687 1632 Dioscorum.
1739 1586 1796 1629 ut
1860 1578 2026 1632 rebus

455 1657 682 1725 agendis
734 1659 996 1723 adesset,
1035 1674 1409 1719 accerserent.
1460 1665 1615 1731 Quod
1674 1667 1762 1721 ubi
1823 1667 2024 1722 factum

454 1759 627 1811 esset,
674 1764 923 1805 reversos
968 1752 1112 1820 illos,
1144 1755 1292 1809 hisce
1343 1772 1469 1810 eum
1502 1757 1687 1812 verbis
1721 1775 1876 1813 usrtm
1906 1775 2028 1814 esse

456 1840 761 1896 retulisse:
804 1841 979 1899 Antea
1011 1862 1230 1916 quoque
1277 1848 1465 1918 pietati
1516 1861 1713 1906 vestra:
1764 1852 2024 1915 iudicavi,

456 1928 773 1984 valetudine
803 1933 1026 1987 adversa
1065 1951 1151 1991 me
1198 1946 1514 2007 correptum
1551 1956 1691 2003 esse,
1724 1951 1778 1996 et
1816 1952 2025 2011 petere,

456 2026 518 2071 ut
549 2021 1070 2089 inagnilic-entissimi
1104 2027 1618 2097 priucipes’etsacer
1634 2042 1858 2086 senatus
1880 2048 2029 2087 nunc

454 2125 675 2182 quoque
708 2129 887 2169 rerum
942 2117 1285 2188 inquisitioni
1321 2129 1378 2175 et
1422 2123 1633 2191 judicio
1665 2124 1866 2179 adsint.
1889 2123 2029 2179 Cum

459 2216 589 2254 vero
638 2203 897 2259 valetudo
958 2222 1078 2262 mea
1133 2208 1451 2276 invaluerit,
1509 2212 1741 2267 d'ﬂnndi
1790 2217 1861 2267 ob
1906 2229 2028 2267 eam

455 2305 677 2347 causam
710 2296 854 2351 diem
884 2300 1125 2368 postulo.
1161 2300 1551 2359 Commentarii
1588 2314 1837 2361 actorum
1863 2321 2030 2374 porro

458 2382 725 2451 indicant.
759 2387 1088 2460 Cecropium
1127 2393 1392 2449 Dioscoro
1435 2395 1639 2451 dixisse
1674 2397 1869 2453 :Nihil
1901 2413 2030 2452 eum
2076 2422 2081 2427 -

461 2484 624 2529 antea
658 2476 725 2531 de
754 2478 1067 2536 valetudine
1098 2481 1379 2552 allegasse.
1431 2483 1671 2539 Proinde
1722 2485 1898 2547 illum,
1933 2502 2032 2552 pro

456 2579 525 2618 eo
551 2575 717 2636 atque
750 2567 998 2636 deberet,
1032 2575 1336 2629 eanonibus
1385 2575 1703 2630 satisfacere
1751 2586 2030 2645 oportere.

457 2653 560 2711 Cui
590 2672 808 2712 rursum
874 2658 1168 2717 Dioscorus
1210 2665 1558 2733 reSponderit
1596 2681 1611 2719 :
1649 2663 1826 2720 Semel
1859 2681 1918 2720 se
1952 2666 2034 2720 di-

459 2748 627 2812 xisse,
668 2752 947 2822 principes
974 2754 1166 2810 adesse
1200 2755 1423 2811 debere.
1453 2756 1582 2826 ,Sub
1617 2758 1733 2814 haec
1772 2757 2032 2813 Rufinum

459 2835 878 2896 Samosatenum
928 2844 1247 2916 episcopum
1302 2847 1555 2904 retulisse
1590 2850 1897 2906 :canonice
1946 2866 2036 2923 sy-

458 2930 665 2986 nodum
689 2943 853 3003 atque
892 2951 1212 2993 consessum
1248 2938 1560 2996 institutum
1590 2958 1734 3005 esse,
1770 2943 1836 2996 ad
1874 2957 2035 3012 quem

459 3019 506 3072 si
537 3022 771 3085 veniret,
807 3023 1042 3082 liberum
1089 3029 1164 3093 ei,
1197 3038 1255 3083 ut
1285 3046 1407 3101 quae
1437 3033 1601 3088 vellet
1629 3033 1858 3099 diceret,
1893 3032 2032 3088 fore.

458 3112 533 3167 Et
562 3129 687 3170 eum
724 3116 1039 3186 Dioscorus,
1075 3135 1146 3176 an
1193 3123 1363 3179 rebus
1391 3127 1619 3193 agendis
1660 3104 1829 3181 etiam
1872 3125 2039 3180 Juve-

2122 655 2274 707 λοντο
2302 655 2479 723 ἓ·εροι
2517 658 2609 708 καὶ
2650 652 3075 726 μετεστέλλοντό
3120 656 3210 710 τὸν
3261 655 3575 723 Διόσκορον
3611 652 3732 713 τοῖς

2122 749 2523 816 πραττομένοις
2556 747 2935 816 παρεῖναινοιῖ
2962 748 3281 816 γενομένου,
3312 743 3732 803 ἐπανελθόντες

2121 837 2174 889 el
2197 836 2559 905 πεμφῡέντες,
2584 838 2711 889 τάδε
2736 838 2913 890 εἰπεῖν
2941 840 3148 890 ἐκεῖνον
3195 837 3506 906 εἰρήκασιν
3535 850 3550 864 '
3582 832 3732 899 Ἰιδη

2124 928 2336 994 φθάσας
2370 927 2651 995 δεδήλωκα
2682 929 2749 997 τῇ
2783 928 3030 997 ὑμετέρᾳ
3057 926 3340 994 θεοσεϐείᾳ.
3371 926 3465 977 ὅτι
3498 922 3601 975 καὶ
3628 921 3734 990 ἀρ·

2108 1020 2330 1088 ρωπίᾳ
2363 1020 2680 1087 συνέχομαι,
2715 1020 2810 1071 καὶ
2838 1018 3055 1083 ἐξαιτῶ,
3086 1018 3228 1071 ὥστε
3256 1020 3348 1081 καὶ
3372 1016 3511 1077 τοὺς
3552 1030 3733 1082 μεγα-

2123 1110 2599 1178 λοπρεπεστάτους
2628 1112 2899 1179 ἄρχοντας
2930 1109 3024 1162 καὶ
3063 1111 3164 1164 τὴν
3201 1110 3354 1178 ἱερὰν
3391 1106 3730 1174 σύγκλητον

2125 1203 2220 1254 καὶ
2259 1201 2356 1253 νῦν
2388 1204 2647 1271 παρεῖναι
2684 1205 2749 1271 τῇ
2790 1201 2901 1253 τῶν
2930 1199 3461 1270 ὲξετασΟησομένων
3510 1198 3730 1266 κρίσει.

2138 1294 2359 1365 Ἐπειδὴ
2394 1294 2449 1346 δέ
2483 1311 2571 1362 μοι
2602 1296 2668 1346 τὰ
2700 1295 2797 1362 τῆς
2828 1295 3143 1365 ἀρρωστίας
3186 1292 3465 1359 ἐπετάθη,
3526 1289 3731 1342 τούτου

2128 1386 2289 1455 χάριν
2326 1385 2425 1455 τὴν
2474 1382 2773 1451 ὑπέρθεσιν
2843 1383 3177 1451 πεποίημαι.
3236 1383 3485 1449 Δηλοῢσι
3538 1381 3600 1433 δὲ
3661 1380 3735 1432 τά

2129 1478 2501 1546 ὑπομνήματα
2540 1476 2851 1544 Κεκρόπιον
2877 1476 3053 1527 εἰπεῖν
3084 1477 3222 1546 πρὶς
3251 1475 3585 1541 Διόσκοροι),
3617 1487 3734 1541 μη-

2128 1570 2215 1622 δὲν
2263 1570 2437 1621 εἰπεῖν
2487 1568 2755 1637 πρότερον
2792 1569 2924 1638 περὶ
2978 1567 3288 1629 ἀσθενείας,
3338 1566 3440 1618 καὶ
3488 1563 3735 1632 ὀφειλὴν

2130 1661 2277 1731 ἔχειν
2304 1660 2365 1713 τὸ
2395 1660 2686 1729 ἐφειμένον
2715 1660 2828 1722 τοῖς
2853 1660 3040 1711 κανόσι
3061 1661 3256 1711 ποιεῖν.
3281 1657 3427 1727 Πρθις
3456 1654 3522 1709 ὃν
3546 1656 3736 1708 εἰπεῖν

2133 1751 2293 1813 αὖθις
2353 1753 2666 1821 Διόσκορον·
2700 1748 2886 1814 ’Ἅπαξ
2938 1746 3096 1802 εἷπον
3147 1748 3390 1817 ὀφείλειν
3456 1749 3735 1816 παρεῖναι

2131 1846 2256 1904 τοὺς
2288 1842 2578 1913 ἄρχοντας.
2632 1844 2916 1910 Ῥουφῖνον
2969 1841 3026 1894 δὲ
3070 1842 3183 1894 τῶν
3219 1841 3568 1904 Σαμοσάτων
3601 1839 3736 1891 ἐπί·

2133 1952 2337 1986 σκοπον
2371 1935 2860 2001 σντιφΟέγξατίαι,
2894 1933 3189 2002 κανονικὴν
3222 1929 3363 1985 εἶναι
3398 1931 3522 1982 τῶν
3577 1946 3738 1982 κεκι-
3792 2004 3795 2005 ν

2131 2030 2383 2095 νημένων
2418 2027 2518 2097 τὴν
2551 2027 2790 2078 σύνοδον·
2816 2028 2909 2078 καὶ
2936 2026 2989 2078 εί
3014 2043 3078 2094 γε
3110 2026 3512 2094 παραγένοιτο,
3541 2024 3582 2079 ἃ.
3605 2022 3738 2094 βού-

2130 2120 2285 2171 λεται
2344 2117 2659 2183 διεξελθεῖν,
2719 2117 3017 2187 ἐλευθέρως
3078 2120 3244 2187 ἔχειν.
3290 2116 3609 2185 Ἐρομένου
3674 2112 3735 2165 δὲ

2131 2210 2429 2279 Διοσκόρου
2458 2210 2509 2260 εί
2553 2207 2789 2276 πάρεστι
2821 2208 2933 2269 τοῖς
2968 2206 3274 2275 δρωμένοις
3301 2206 3399 2257 καὶ
3446 2202 3743 2257 ’ῐουϐενὰ-

2132 2299 2245 2360 λιος
2296 2298 2390 2350 καὶ
2421 2297 2723 2358 (θαλάσσιος
2780 2296 2876 2348 καὶ
2926 2295 3249 2356 Εὑστάοιος,
3303 2290 3740 2361 ἀποκρίνασθαι

2136 2391 2305 2460 μηδὲν
2335 2385 2477 2443 εἶναι
2510 2388 2643 2457 πρὸς
2674 2389 2831 2454 λόγον
2854 2388 3121 2450 ἐκείνους.
3157 2386 3302 2456 Πρὸς
3327 2385 3364 2441 ἃ.
3394 2386 3735 2453 Διόσκορον,

2149 2482 2214 2535 Ἠ
2253 2482 2474 2551 πρᾶξις,
2515 2483 2702 2548 φάναι,
2753 2481 2928 2547 δηλοῖ,
2981 2478 3374 2549 παρακαλέσαι
3429 2475 3533 2530 τὸν
3577 2474 3741 2544 ene-

2133 2589 2355 2642 χριστον
2387 2572 2637 2641 βασιλέα,
2669 2569 2808 2623 ὣστε
2843 2572 2936 2622 καὶ
2966 2572 3094 2632 τοὺς
3122 2569 3390 2639 ἄρχοντας
3428 2568 3735 2637 παρεῖναι,

2137 2663 2230 2714 καὶ
2259 2663 2383 2723 τοὺς
2443 2659 2543 2713 σὺν
2593 2660 2743 2730 αὑτῴ
2801 2660 3106 2728 τηνικαῦτα
3160 2659 3522 2719 δικάσαντας.
3563 2656 3741 2708 ’Ὶδιον

2135 2755 2244 2823 γάρ
2278 2771 2335 2807 τι
2391 2753 2627 2824 πρᾶγμα
2660 2754 2735 2823 μὴ
2780 2755 2925 2823 ἔχειν
2958 2751 3097 2823 πρὸς
3143 2751 3234 2805 τὸν
3285 2750 3582 2807 Εὑσέδιον,
3614 2745 3736 2800 ἀλλ’

2136 2847 2168 2915 ἢ
2211 2843 2318 2915 ἄρα
2357 2847 2488 2913 περὶ
2521 2840 2597 2897 ῶν
2647 2844 2744 2895 καὶ
2772 2843 2925 2895 ἄλλοι
2960 2838 3431 2911 κατεψηιιίσαντο.
3486 2838 3734 2889 ἰιλεῖστα

2135 2937 2181 2991 δ’
2212 2937 2612 3007 ἐπιμεινάντων
2642 2936 2747 2987 τῶν
2772 2932 3133 3005 πεμφθέντων
3155 2931 3348 2984 τούτου
3372 2930 3569 2999 χάριν,
3596 2927 3739 2980 ἀττέ-

2139 3045 2313 3100 φησεν
2339 3030 2368 3082 ὁ
2392 3028 2680 3097 Διόσκορος
2706 3027 2906 3079 εἰπών·
2949 3023 3134 3088 "Arrcti
3163 3020 3319 3077 εἷπον
3358 3024 3504 3091 ὅπερ
3545 3016 3732 3085 εἷπον,

2140 3122 2237 3176 καὶ
2272 3121 2587 3190 περαιτέρω
2635 3118 2816 3186 λέγειν
2876 3118 2976 3171 οὑκ
3027 3117 3156 3187 ἔχω.
3211 3114 3474 3169 Εὑσέϐιον
3510 3114 3567 3166 δὲ
3591 3111 3733 3180 πρὸς

463 3207 605 3261 nalis
647 3221 704 3264 ct
741 3210 1060 3268 Thalassius
1090 3224 1146 3269 et
1179 3215 1504 3273 Eustathius
1544 3218 1903 3281 interessent,
1949 3234 2038 3271 l0-

2143 3214 2315 3267 ταῦτα
2359 3215 2548 3282 φάναι,
2585 3212 2722 3281 πρὸς
2758 3212 2917 3279 μόνον
2949 3210 3041 3262 τὸν
3087 3209 3379 3278 Διόσκορον
3413 3208 3521 3272 τὴν
3555 3205 3739 3270 δίκην

466 3310 656 3365 caret:
691 3302 830 3357 nihil
862 3304 981 3359 illos
1003 3306 1071 3359 ad
1100 3322 1213 3359 rem
1240 3308 1292 3362 id
1333 3309 1634 3379 pertinere,
1661 3310 2037 3381 respondisse.

465 3387 686 3458 Adquaa
719 3393 880 3447 verba
909 3395 1228 3452 Dioscorum
1252 3409 1370 3454 acta
1403 3401 1759 3457 subintnlisse
1781 3402 2037 3457 tradunt:

469 3481 862 3551 Imperatorem
885 3487 1089 3544 Christi
1120 3492 1559 3548 amantissimum
1599 3510 1658 3550 se
1686 3486 1950 3562 oravisse,
1982 3504 2042 3550 ut

466 3576 745 3646 principes
769 3579 893 3647 viri,
927 3593 980 3637 et
1004 3575 1249 3653 quicum
1282 3585 1631 3657 ipsojudicio
1669 3587 2038 3654 contendunt,

467 3672 670 3728 adsint.
703 3674 844 3729 Tum
889 3690 1023 3733 vero
1064 3695 1161 3735 eos
1204 3682 1299 3753 qui
1345 3684 1498 3739 missi
1541 3686 1608 3741 ad
1647 3701 1771 3741 eum
1825 3685 2044 3742 fuerant

466 3761 672 3819 dixisse
701 3782 713 3817 :
748 3766 1040 3825 Eusebium
1085 3773 1260 3828 solum
1289 3790 1413 3830 eum
1447 3793 1728 3844 accusare,
1760 3787 1817 3834 et
1849 3794 2044 3834 omnes

469 3851 663 3907 adesse
713 3855 939 3913 debere.
977 3863 1156 3931 Atque
1190 3862 1264 3918 ibi
1297 3865 1643 3935 Dioscorum,
1680 3883 1777 3924 eos
1822 3884 2046 3940 quoque

467 3955 671 4012 prmsto
706 3959 962 4016 Oportere
1000 3968 1145 4015 esse,
1198 3955 1423 4022 dixisse,
1455 3960 1547 4028 qui
1583 3975 1688 4014 una
1740 3975 1925 4017 secum
1955 3965 2045 4033 ju-

471 4034 614 4115 dicia
634 4053 857 4096 munere
881 4040 1051 4098 functi
1084 4058 1284 4103 essent.
1302 4047 1462 4121 643
1480 4049 1627 4105 Nihil
1649 4053 1819 4117 enim.
1841 4053 2042 4125 inquit,

474 4129 607 4183 mihi
640 4133 834 4198 privati
870 4137 1075 4206 negotii
1108 4145 1202 4195 aut
1230 4139 1481 4197 criminis
1519 4159 1644 4198 cum
1669 4145 1911 4202 Eusebio
1936 4160 2043 4214 εει,

470 4220 620 4288 quod
673 4238 779 4277 non
820 4240 945 4280 cum
994 4228 1118 4283 aliis
1151 4231 1245 4299 qui
1295 4247 1510 4287 mecum
1565 4235 2047 4293 condemnationis

468 4316 798 4369 sententiam
861 4319 1142 4385 tulerunt,
1204 4337 1498 4381 commune
1537 4328 1628 4383 sit.
1671 4328 1893 4384 Etcum
1927 4332 2050 4402 ejus

473 4408 555 4462 rei
617 4413 789 4477 gratia
844 4410 1055 4467 diutius
1108 4415 1432 4470 internuntii
1486 4419 1631 4486 apud
1667 4435 1792 4473 eum
1850 4425 2047 4477 morati

471 4509 681 4566 essent,
716 4500 1034 4558 Dioscorum
1064 4507 1281 4561 tandem
1312 4508 1466 4563 hisee
1498 4512 1682 4565 verbis
1708 4512 1789 4565 eis
1822 4529 2052 4579 respon-

2143 3309 2309 3379 ἔχειν,
2359 3305 2454 3361 καὶ
2502 3306 2640 3378 πρὸς
2699 3305 2907 3373 μηδένα
2941 3303 3154 3372 ἕτερον’
3183 3305 3280 3356 καὶ
3327 3301 3487 3370 ἠξίου
3540 3297 3642 3351 καὶ
3672 3297 3744 3349 be

2142 3403 2327 3471 τρίτου
2352 3399 2628 3470 κληθῆναι
2654 3398 2972 3468 Διόσκορον.
3023 3397 3135 3451 Καὶ
3182 3392 3473 3449 ὑπολαϐὼν
3518 3393 3740 3450 ’Λέτιος

2144 3496 2321 3563 ἔλεγε,
2378 3493 2531 3556 τινὰς
2585 3495 2647 3545 οὑ
2702 3493 2845 3545 πάνυ
2906 3492 3098 3562 πόρρω
3144 3487 3439 3556 κληρικοὺ;
3495 3482 3738 3542 ἑαυτοὺς

2146 3585 2287 3641 εἶναι
2318 3586 2579 3653 λέγοντας
2614 3585 2754 3655 μετὰ
2785 3584 2879 3636 καὶ
2911 3581 3087 3636 άλλων
3113 3579 3319 3632 λαῖκῶν
3352 3580 3447 3646 τῆς
3468 3574 3743 3638 Ἀλεξάν-

2143 3681 2295 3751 δρου,
2332 3679 2611 3758 λιῦέλλους
2646 3675 2929 3729 ἐπιδοῦναι
2969 3672 3111 3726 κατὰ
3154 3670 3467 3740 Διοσκόρου·
3527 3666 3630 3719 νῦν
3678 3662 3740 3717 δὲ

2147 3774 2254 3843 προ
2287 3771 2383 3826 τοῦ
2437 3771 2717 3842 συνεδρίου
2758 3768 3004 3830 ἑστῶτας
3039 3765 3301 3836 άναὸοᾷν.
3335 3765 3451 3816 -Και
3510 3760 3738 3830 πρῶτος

2146 3866 2424 3936 Θεόδωρος
2453 3864 2700 3927 διάκονος
2734 3862 2832 3930 τῆς
2881 3863 2939 3915 ὲν
2971 3858 3359 3928 Ἀλεξανδρείᾳ
3390 3854 3737 3924 Ἐκκλησίας

2147 3962 2458 4034 γενόμενος.
2504 3959 2748 4014 λίὸελλον
2780 3957 3129 4012 ἐπιδέδωκενο
3166 3950 3289 4008 εἶτα
3332 3955 3428 4007 καὶ
3472 3953 3738 4011 διάκονος

2146 4055 2334 4125 ἕτερος
2359 4052 2645 4124 Ἰσχυρίων
2663 4051 2858 4120 ὄνομα,
2889 4049 2985 4103 καὶ
3006 4048 3329 4110 ’Δοανάσιος
3353 4045 3736 4115 πρεσϐύτερος

2148 4150 2467 4222 ἀδελφιδοῦς
2497 4148 2790 4220 Κυρίλλου,
2817 4146 2956 4218 πρὸς
2987 4145 3080 4199 ἐπὶ
3116 4143 3329 4207 τούτοις
3377 4141 3434 4195 δὲ
3475 4143 3575 4194 καὶ
3622 4138 3738 4191 Σωο

2151 4247 2390 4317 φρόνιος·
2418 4242 2486 4297 δι’
2520 4237 2596 4297 ὧν
2630 4241 2955 4310 βλάσφημον
2980 4255 3042 4291 τε
3066 4239 3271 4291 ἐκεῖνον
3299 4235 3602 4299 ἐδείκνυον,
3640 4229 3737 4284 καὶ

2150 4336 2411 4406 χρήματα
2458 4334 2550 4403 βίᾳ
2604 4332 2962 4400 ἀφελόμενον·
2996 4330 3095 4383 καὶ
3122 4328 3253 4395 περί
3287 4345 3451 4381 τινων
3483 4339 3740 4394 σωματι-

2153 4427 2265 4479 κῶν
2292 4425 2597 4497 διεξῄεσανι
2630 4424 2736 4478 Καὶ
2782 4422 2874 4477 ἐπὶ
2915 4422 3129 4486 τούτοις
3177 4421 3272 4475 καὶ
3323 4420 3483 4490 τρίτη
3532 4418 3735 4489 κλῆσις

2153 4518 2431 4588 Διοτκόρῳ
2460 4517 2672 4587 ἐγίνετο
2699 4517 2840 4569 ὥστε
2882 4518 3162 4587 παρεῖναι.
3198 4513 3308 4568 Καὶ
3341 4512 3733 4570 ᾶπανελθόντες

474 4593 676 4647 disse:
729 4592 907 4649 Semel
956 4598 1107 4651 vobis
1155 4614 1275 4668 qua:
1308 4599 1539 4655 dicenda
1587 4614 1747 4657 erant
1799 4606 1934 4670 dixi,
1994 4619 2038 4661 el

2154 4612 2203 4663 οἱ
2230 4610 2319 4662 τὸν
2341 4610 2499 4678 λόγον
2524 4608 2954 4679 διασωσάμενοι,
3004 4607 3263 4676 εἰρήκασι
3309 4605 3479 4675 φάναι
3508 4603 3736 4658 Διόσκο-

473 4684 624 4753 quod
676 4687 914 4756 amplius
945 4687 1120 4742 dicam
1164 4705 1273 4743 non
1309 4689 1506 4744 habeo.
1542 4691 1674 4757 Qua:
1717 4695 1807 4747 ubi
1833 4696 1901 4749 ad
1933 4695 2053 4763 epi-

476 4792 676 4847 scopos
732 4779 965 4835 fuissent
1017 4783 1211 4843 relata,
1245 4782 1566 4847 Eusebium,
1599 4801 1723 4839 cum
1753 4802 1864 4839 uno
1925 4787 2052 4841 Dio-

474 4867 657 4936 scoro,
702 4887 879 4942 neque
909 4889 1034 4927 cum
1067 4875 1175 4929 alio
1192 4880 1448 4945 quopiam
1479 4878 1749 4948 judicium
1778 4882 1882 4933 subi
1907 4895 2049 4944 esse,

480 4964 683 5019 dixisse
710 4984 727 5022 :
753 4967 1183 5038 Dioscorumque
1229 4971 1391 5026 tertio
1421 4973 1587 5025 etiam
1616 4971 1774 5027 citari
1809 4974 2052 5041 postula-

477 5058 644 5113 visse.
707 5059 782 5113 lbi
838 5070 952 5115 tum
1011 5062 1228 5116 Aetium
1297 5063 1654 5132 significasse,
1712 5064 1875 5133 paulo
1927 5076 2055 5119 ante

478 5151 768 5217 quosdam,
792 5150 883 5220 qui
921 5166 980 5205 se
1005 5152 1235 5208 clericos
1267 5168 1390 5209 esse
1431 5154 1717 5218 dixissmt,
1739 5164 1795 5208 et
1823 5155 1959 5209 alios
1987 5154 2056 5209 ab

478 5244 807 5299 Alexandria
857 5243 1025 5302 laicus
1076 5254 1129 5301 et
1178 5251 1471 5317 pepulares
1507 5248 1780 5314 homines,
1834 5248 2051 5302 libellos

478 5335 586 5390 sibi
612 5340 878 5392 adversus
900 5339 1219 5393 Dioscorum
1246 5340 1532 5403 obtulisse,
1551 5356 1755 5410 eosque
1789 5355 1889 5409 pro
1916 5355 2055 5394 con-

482 5446 670 5499 sessus
703 5431 917 5484 foribus
953 5432 1319 5488 vociferantes
1365 5441 1568 5487 astare.
1618 5433 1841 5488 Dedisse
1872 5449 2057 5489 autem

483 5521 729 5576 libellum
761 5523 999 5591 primum
1020 5524 1372 5579 Theodorum
1394 5526 1777 5581 Alexandrina:
1805 5524 2062 5580 Ecclesiae

483 5612 822 5678 diaconum,
877 5613 1077 5671 deinde
1135 5615 1426 5673 diaconum
1489 5616 1721 5671 alterum
1785 5616 2061 5687 Ischyrio‘-

483 5716 609 5757 nem
643 5704 720 5774 (l)
765 5705 1011 5770 nomine,
1059 5716 1115 5763 et
1154 5706 1512 5763 Athanasium
1548 5702 1926 5778 presbyterum
1959 5703 2065 5777 Cy-

557 5886 634 5959 (I)
670 5885 795 5943 Sive
820 5886 971 5958 lschy
981 5904 1113 5946 ram.

2155 4720 2268 4774 ρον,
2303 4703 2593 4771 αὐτάρκως
2631 4699 2824 4770 πρώην
2854 4698 3320 4768 ἀπολογήσασθαι,
3371 4699 3465 4749 καὶ
3493 4695 3591 4749 νῦν
3624 4708 3736 4765 μη-

2153 4795 2240 4848 δὲν
2272 4795 2414 4863 ἔχειν
2450 4795 2613 4847 πλέον
2645 4795 2813 4864 ἐρεῖν.
2840 4792 2962 4846 Τῶν
2990 4791 3035 4845 δ’
3060 4790 3492 4860 ἀπεσταλμένων
3523 4790 3736 4841 ἐπικει-

2158 4883 2357 4952 μένων,
2395 4882 2650 4934 κάκείνου
2681 4884 2749 4934 τὰ
2791 4880 2881 4932 ἴσα
2909 4880 3179 4947 λέγοντος,
3214 4878 3558 4941 Πασκασίνος
3609 4872 3734 4927 ἐπί-

2158 4992 2358 5038 σκοπος
2394 4972 2536 5027 εἴπεο
2572 4974 2684 5028 Καὶ
2713 4976 2765 5036 ἐς
2797 4973 2982 5041 τρίτον
3007 4971 3108 5042 ἤδη
3142 4969 3361 5040 κληθεὶς
3388 4971 3416 5022 ὁ
3440 4969 3737 5037 Διόσκορος

2155 5067 2408 5135 οὐδαμῶς
2428 5070 2783 5135 παρεγένετο,
2806 5067 2870 5134 τῇ
2898 5064 3204 5133 συνειδήσει
3228 5057 3359 5125 ἴσως
3380 5061 3733 5130 βαλλόμενος.

2160 5159 2270 5210 Καὶ
2300 5156 2409 5210 τῶν
2442 5156 2760 5209 ἐπισκόπων
2791 5154 3214 5217 ἀνεπυνθάνετο,
3258 5153 3400 5214 τίνος
3430 5152 3581 5218 ἄξιος
3626 5147 3734 5217 εἴη.

2174 5245 2435 5302 Ἐκείνων
2489 5247 2546 5300 δὲ
2596 5249 2712 5310 τοῖς
2761 5247 2985 5300 κανόσιν
3048 5245 3347 5297 ὑποπεσεῖν
3395 5242 3735 5313 εἰρηκότων.

2164 5342 2461 5411 ιιροτέριος
2496 5339 2799 5400 ἐπίσκοπος
2830 5337 3086 5407 Σμύρνης
3110 5332 3290 5390 εἷπενσ
3318 5336 3449 5391 Ὅτε
3470 5331 3735 5405 ἐφονεύυη

2160 5434 2481 5499 Φλαϐιανὸς,
2517 5432 2671 5486 οὐδέν
2704 5449 2756 5484 τι
2780 5430 3078 5484 ἀκόλουθον
3109 5430 3197 5484 ἐπ’
3227 5429 3378 5500 αὑτῷ
3404 5426 3736 5498 διεπράχθη.

2162 5529 2227 5581 Οἱ
2253 5526 2343 5578 τὸν
2371 5526 2531 5579 τόπον
2548 5525 2840 5594 ἐπέχοντες
2862 5523 3096 5587 Λέοντος
3118 5521 3212 5573 τοῦ
3234 5520 3332 5591 τῆς
3355 5520 3628 5591 πρεσϐυτέ
3637 5528 3737 5586 ρας

2175 5614 2393 5685 Ῥώμης
2431 5612 2738 5666 ἐπισκόπου
2778 5610 2936 5665 ταῦτ’
2985 5613 3075 5663 ἐπὶ
3129 5609 3331 5675 λέξεως
3367 5613 3736 5679 ἀπεφήναντω

2173 5708 2369 5775 «Δῆλα
2422 5705 2716 5777 γεγένηται
2765 5707 2834 5759 τὰ
2883 5703 3268 5775 τετολμημένα
3323 5703 3603 5775 Διοσκόρῳ
3660 5692 3739 5766 τῷ
