4118 6458
507 332 613 398 103

503 536 715 594 Joanne
737 538 957 608 quidem
988 535 1331 590 Antioclteno
1358 534 1651 605 prolatum,
1678 547 1706 584 a
1732 530 1935 601 Cyrillo
1960 543 2089 581 vero

505 632 784 700 suﬁ'ragiis
806 630 1066 685 omnibus
1086 628 1528 696 comprobatum,
1581 622 1674 693 qui
1736 626 1816 676 sic
1871 621 2085 689 inquit:

513 741 532 775 ι
571 722 844 793 Virginem
888 730 1156 787 sanctam,
1192 718 1471 784 οεοτόκον,
1513 717 1619 770 hoc
1669 728 1752 768 est
1798 713 1889 767 Dei
1923 711 2089 766 Geni-

506 816 724 880 tricem,
773 814 1119 884 proﬁtemur,
1157 822 1453 882 propterea
1495 809 1638 878 quod
1677 808 1816 861 Deus
1850 805 2086 859 Verbum

506 923 569 962 ex
595 922 656 960 ea
685 921 814 960 caro
846 918 903 959 et
943 906 1108 958 homo
1143 903 1322 957 factus
1368 901 1460 962 sit,
1516 910 1573 955 et
1615 899 1684 953 ab
1735 899 1853 968 ipsa
1913 912 2089 966 usque

505 1004 865 1073 conceptione
925 1009 1272 1070 assumptum
1334 1014 1402 1052 ex
1447 1012 1510 1051 ea
1537 996 1796 1065 templum
1827 993 1931 1047 sibi
1964 990 2086 1045 uni-

505 1097 666 1150 verit.
729 1094 1082 1163 Erangeiieas
1132 1109 1263 1147 vero
1296 1102 1355 1145 et
1413 1090 1748 1159 apostolieas
1790 1103 1954 1141 voces
2013 1086 2083 1139 de

507 1188 741 1242 Domino
769 1187 987 1240 divinos
1022 1185 1144 1239 illos
1188 1184 1337 1237 viros
1371 1183 1577 1236 scimus
1604 1181 1802 1251 partim
1836 1194 2089 1233 commn-

507 1281 654 1335 niter
718 1278 889 1333 veluti
950 1288 1007 1332 et
1065 1292 1169 1330 una
1216 1290 1449 1345 persona
1510 1274 1831 1343 protulisse,
1882 1271 2083 1341 partim

504 1387 639 1426 vero
675 1382 937 1441 tanquam
997 1370 1066 1425 de
1115 1368 1330 1423 duabus
1362 1368 1575 1421 naturis
1613 1365 1966 1420 discrevisse.
2015 1364 2085 1417 Et

509 1461 650 1517 alias
688 1462 909 1531 quidem
971 1459 1280 1529 magniﬁce,
1313 1458 1474 1513 sicuti
1512 1459 1681 1512 Deum
1709 1456 1896 1521 decet,
1920 1456 2076 1526 juxta

503 1554 845 1609 divinitatem
885 1552 1115 1615 Christi,
1176 1553 1520 1606 alias'autcm
1574 1548 1847 1603 submisse
1887 1557 1944 1602 et
1983 1547 2086 1601 liu-

507 1646 738 1704 niiliter.
775 1646 1082 1699 secundum
1121 1645 1517 1700 humanitatem
1548 1646 1670 1713 ejus
1707 1645 2020 1700 tradidisse.
2055 1660 2074 1695 ι

506 1736 716 1802 Quibus
749 1737 972 1791 intulit:
1012 1754 1030 1788 ι
1060 1736 1256 1790 Sacras
1295 1738 1463 1791 hasce
1522 1753 1685 1791 voces
1735 1746 1946 1789 Vestras
1986 1734 2078 1788 ubi

1743 322 2165 384 NICEPHORI
2211 310 2557 381 CALLlSTI

505 441 729 497 inserta:
787 448 936 494 sunt.
989 436 1047 491 lu
1080 450 1143 491 ea
1176 443 1357 489 autem
1391 434 1599 492 dictum
1631 437 1905 505 quoddam
1927 447 2032 495 est,
2066 451 2083 486 :1

2202 432 2289 501 ἐφ’
2320 434 2436 494 ἐνῖς
2468 432 2790 501 προσώπου,
2824 430 2916 482 τοὺ

2927 448 2947 493 ς
2990 428 3044 480 δὲ
3082 429 3424 498 διαιροῦντας
3456 430 3526 489 ὡς
3562 430 3648 499 ἐπὶ
3676 431 3758 483 δύο

2197 527 2438 593 φᾶσεων·
2478 525 2569 577 καὶ
2599 526 2697 586 τὰς
2727 524 2829 593 μὲν
2870 525 3197 592 Οεοτρετῑεῖς
3234 523 3373 575 κατὰ
3415 524 3514 593 τὴν
3545 522 3757 592 θεότητα

2193 618 2286 671 τοῦ
2314 616 2577 687 Χριστοῦ,
2611 616 2706 678 τὰς
2754 616 2810 669 δὲ
2842 618 3109 677 ταπεινὰς
3156 617 3302 670 κατὰ
3349 617 3448 686 τὴν
3494 616 3737 685 ἀνθρωπό

2189 727 2329 779 τητα
2358 709 2526 762 αὐτοῦ
2556 710 2975 778 παραδιδόντας.
3009 728 3028 760 ι
3060 705 3155 772 Οἷς
3181 710 3454 779 ἐπήγαγε·
3486 728 3504 761 ι
3538 708 3761 772 Ταύταις

2191 802 2349 869 ὑμῶν
2380 804 2501 865 ταῖς
2552 803 2727 872 ίερσϊς
2786 805 3107 872 ἐντυχόντες
3165 806 3395 871 φωναῖς,
3429 803 3489 856 οῦ
3533 803 3625 873 μὲν
3671 803 3759 855 καὶ

2190 894 2420 958 ἑαυτοὺς
2448 893 2789 963 φρονοῦντας
2824 895 3185 965 εὑρίσκομεν·
3219 891 3300 960 εἷς
3333 896 3389 949 δὲ
3412 896 3630 966 Κύριος,
3668 895 3760 963 μία

2191 990 2397 1049 πίστις,
2429 986 2488 1040 ἓν
2524 986 2829 1057 βάπτισμα.
2877 988 3248 1056 Ἐδοξάσαμεν
3270 987 3362 1041 οῦν
3392 992 3481 1040 τὸν
3506 988 3635 1039 ὅλων
3658 1003 3759 1038 σω-

2188 1084 2333 1151 τῆρα
2362 1082 2515 1147 Θεὸν,
2538 1081 2798 1151 ἀλλήλοις
2827 1082 3245 1151 συγχαίροντες,
3265 1082 3347 1133 ὅτι
3373 1083 3489 1143 ταῖς
3516 1079 3761 1132 θεοπνεύ-

2192 1192 2338 1237 στιιις
2359 1175 2621 1244 Γραφαίς,
2643 1174 2737 1227 καὶ
2754 1177 2820 1244 τῇ
2845 1174 3149 1244 παραδόσει
3166 1174 3275 1227 τῶν
3297 1175 3364 1241 ἀγ
3375 1171 3632 1243 ίωνὴμῶν
3664 1173 3761 1226 [Ια-

2189 1271 2385 1337 τέρων,
2423 1267 2838 1337 συμϐαίνουσαν
2866 1267 3055 1337 ἔχουσι
3115 1268 3302 1320 πίστιν
3327 1268 3386 1321 αῖ
3412 1284 3470 1318 τε
3502 1284 3611 1337 παρ
3641 1266 3763 1334 ἡμῖν

2188 1361 2285 1414 καὶ
2323 1360 2462 1431 παρ’
2484 1361 2612 1430 ύμῖν
2656 1360 2996 1430 Ἐκκλησίαι.
3017 1379 3034 1411 ι
3067 1359 3289 1413 Τούτων
3323 1358 3761 1428 ἀνεγνωσμένων,

2188 1452 2460 1515 τοιούτοις
2485 1454 2727 1523 ῥήμασιν
2753 1453 2799 1505 oi
2826 1453 2923 1520 τῆς
2949 1453 3171 1506 συνόδου
3203 1452 3437 1521 ἐϐόησαν
3457 1465 3472 1480 ·
3511 1470 3529 1502 ι
3569 1450 3762 1513 Πάντες

2187 1539 2329 1593 οὕτω
2361 1541 2727 1610 πιστεύομεν·
2755 1542 2784 1594 ό
2817 1540 3052 1604 πάππας
3096 1541 3250 1593 Λέων
3305 1538 3451 1593 οὖτω
3509 1537 3760 1591 πιστεύει.

2203 1632 2485 1703 ’Λνάοεμα
2518 1634 2595 1703 τῷ
2629 1634 2913 1703 μερίζοντι
2946 1636 3043 1687 καὶ
3088 1634 3166 1704 τῷ
3186 1634 3507 1702 συγχέοντι.
3539 1630 3682 1699 Λῦτη
3721 1613 3761 1699 ’ἡ

2190 1725 2374 1786 πίστις
2399 1726 2628 1788 Λέοντος
2655 1725 2749 1777 τοῦ
2782 1728 3222 1796 ἁρχιεπισκόπου
3249 1742 3262 1756 ·
3302 1726 3455 1778 Λέων
3485 1723 3651 1787 οὓτως
3682 1742 3761 1776 πι-

503 1829 762 1899 legimus.
780 1831 940 1884 sit-uti
965 1839 1131 1883 etnos
1149 1829 1316 1898 ipsos,
1338 1829 1542 1883 sentire
1568 1844 1662 1881 tos
1684 1830 2080 1897 comperimus.

2191 1818 2391 1871 στεύει·
2410 1818 2561 1872 Λέων
2591 1818 3009 1879 καὶἈνατόλιος
3034 1817 3178 1871 οὕτω
3209 1818 3547 1870 πιστεύουσι.
3570 1815 3764 1877 Πάντες

503 1919 661 1976 Unus
724 1922 871 1976 enim
924 1920 1209 1981 Dominus,
1244 1935 1348 1974 una
1391 1919 1545 1987 ﬁdes,
1586 1937 1752 1974 unum
1784 1919 2081 1989 baptisma.

504 2013 693 2082 Itaque
722 2030 901 2067 rerum
934 2013 1316 2069 universarum
1360 2014 1708 2069 Servatorem
1754 2013 1926 2067 Dento
1963 2013 2085 2080 glo-

503 2105 871 2166 rilieavitnus,
926 2106 1085 2160 alteri
1139 2107 1331 2161 alteris
1380 2108 1851 2176 congratulantes,
1903 2104 2075 2175 648

501 2196 649 2267 quod
711 2209 1106 2268 congruentem
1137 2197 1405 2251 divinitus
1440 2198 1719 2267 inspiratis
1750 2197 2081 2265 Scriptnris,

501 2298 559 2343 et
584 2290 864 2345 traditiOui
894 2301 1210 2345 Sanctorum
1250 2291 1471 2345 Patrum
1506 2300 1852 2353 nostrorum,
1886 2299 2085 2342 nostra:

504 2380 670 2434 simul
709 2389 767 2435 et
790 2391 982 2434 vestiat:
1013 2379 1546 2434 Ecclesiieltaheant
1576 2378 1761 2432 ﬁdem.
1804 2398 1821 2430 ι
1850 2378 1977 2432 lla-c
2014 2381 2085 2431 ub

503 2470 645 2525 lecto
668 2478 797 2523 sunt
821 2472 963 2538 (acta
984 2469 1175 2539 synodi
1202 2470 1452 2535 habent),
1473 2471 1715 2538 synodus
1733 2467 2082 2521 exclamavit:

511 2581 530 2613 ι
570 2565 773 2616 Omnes
831 2562 907 2617 ita
993 2562 1294 2623 credimus,
1356 2577 1495 2633 papa
1579 2560 1690 2615 Leo
1732 2560 1805 2615 ita
1874 2560 2083 2614 credit:

507 2654 820 2710 Auathema
854 2654 906 2708 in
939 2670 1066 2709 eum
1113 2654 1206 2724 qui
1245 2654 1328 2709 vel
1355 2654 1572 2714 dixidit.
1603 2653 1687 2707 vel
1722 2652 2025 2708 confundit.
2060 2670 2080 2704 ι

506 2744 636 2802 lla-c
696 2748 813 2817 ipsa
861 2747 1063 2801 Leonis
1088 2746 1494 2817 archiepiscopi
1526 2756 1608 2801 est
1629 2746 1785 2809 ﬁdes,
1827 2744 1940 2800 Leo
2012 2746 2083 2799 ita

505 2839 704 2900 credit,
756 2838 866 2894 Leo
915 2850 973 2895 et
1009 2839 1293 2894 Anatolius
1328 2838 1400 2893 ita
1443 2838 1676 2893 credunt
1707 2853 1720 2891 :
1749 2835 1952 2892 Omnes
2012 2837 2085 2890 ita

502 2932 824 2987 credimus:
879 2941 935 2986 et
997 2932 1235 3003 Cyrillus
1278 2931 1351 2985 ita
1383 2931 1583 2985 credit.
1625 2929 1974 2995 Seurpiterna
2002 2938 2087 2983 est

505 3024 864 3093 memorial];
880 3025 984 3078 rilli
1017 3042 1031 3077 :
1059 3024 1309 3093 epistola:
1346 3022 1534 3093 Cyrilli
1560 3025 1633 3077 ita
1667 3031 1819 3084 sunt,
1849 3022 1930 3075 sic
1962 3038 2088 3075 SI'II-

509 3117 680 3171 timus
697 3156 713 3182 ,
744 3116 823 3169 sic
848 3115 1206 3178 credidimus,
1231 3117 1311 3170 sic
1333 3115 1636 3170 credimus.
1662 3115 1770 3185 Leo
1815 3112 2089 3183 archiepi-

506 3223 711 3275 scopus
756 3209 829 3262 ita
863 3208 1053 3273 sentit,
1087 3207 1160 3260 ita
1197 3208 1392 3270 credit,
1454 3210 1527 3261 ita
1563 3206 1805 3276 scripsit.
1838 3225 1856 3258 ι
1907 3209 2085 3275 Atque

506 3300 599 3353 ubi
647 3300 715 3354 de
753 3299 956 3354 Leonis
995 3298 1229 3367 epistola
1274 3300 1502 3369 legenda
1540 3299 1728 3354 Patres
1769 3298 2086 3353 interlocuti

504 3401 656 3455 sunt,
692 3392 856 3447 sicuti
906 3391 962 3444 in
1004 3390 1258 3446 Graacutu
1300 3407 1615 3446 sermonem
1670 3393 1929 3447 translata
1970 3393 2094 3447 lue—

507 3495 617 3549 rat,
671 3494 727 3539 et
764 3486 936 3554 ipsam
976 3485 1174 3540 lectam
1227 3499 1352 3539 esse
1401 3484 1835 3539 commentarius
1891 3484 2084 3550 refert,

510 3590 747 3645 eantque
807 3576 875 3631 de
932 3576 1102 3631 verbo
1161 3578 1229 3630 ad
1300 3576 1533 3631 verbum
1596 3577 1737 3631 aetis
1791 3591 2085 3631 annexam.

515 3668 693 3724 «Post
751 3668 910 3739 cujus
954 3669 1242 3722 lectionem
1288 3668 1535 3738 episcopi
1583 3669 1868 3724 vociferati
1938 3670 2085 3724 sint:

510 3761 637 3817 Haec
669 3761 784 3830 ipsa
828 3761 1051 3816 Patrum
1100 3761 1234 3816 lldes
1258 3769 1378 3816 est:
1414 3761 1529 3816 haec
1562 3762 1677 3831 ipsa
1711 3764 2086 3833 apostolorum

505 3856 681 3910 ﬁdes:
717 3870 912 3910 omnes
937 3855 1011 3908 ita
1050 3855 1347 3909 credimus.
1376 3854 1486 3909 Nos
1520 3854 1815 3909 orthodoxi
1851 3864 1909 3910 et
1935 3864 2085 3910 recte

503 3947 809 4002 sentientes
858 3946 932 4000 ita
965 3948 1266 4002 credimus.
1300 3947 1606 4001 Anatliema
1648 3948 1702 4003 in
1733 3963 1860 4002 eum
1884 3947 1978 4018 qui
2011 3947 2086 4003 ita

500 4056 610 4095 non
644 4039 836 4095 credit.
873 4039 1068 4094 Petrus
1098 4054 1196 4109 per
1229 4039 1471 4095 Leonem
1527 4040 1603 4094 ita
1655 4040 1905 4109 protulit.
1942 4043 2087 4110 Apo-

503 4130 629 4185 stuli
660 4131 732 4185 ita
774 4130 1104 4185 docuerunt.
1134 4130 1227 4185 Pie
1255 4141 1312 4185 et
1343 4146 1470 4185 vere
1495 4129 1606 4185 Leo
1625 4130 2087 4201 docuit.Cyrillus

500 4224 575 4279 ita
634 4224 845 4279 docuit.
894 4223 1007 4278 Leo
1060 4234 1115 4301 et
1147 4222 1406 4295 CyrilluS‘
1428 4222 1496 4277 ad
1549 4225 1806 4279 eumdem
1859 4223 2085 4279 modum

500 4320 831 4371 docuerunt.
883 4315 1190 4370 Anathema
1231 4316 1285 4369 in
1325 4329 1454 4369 eum
1490 4316 1586 4385 qui
1628 4331 1739 4369 non
1784 4317 1858 4371 ita
1887 4315 2084 4370 credit.

505 4406 634 4462 Ilwc
690 4421 819 4461 vera
870 4414 953 4461 est
1013 4407 1172 4460 ﬁdes.
1225 4405 1528 4462 Orthodoxi
1565 4408 1637 4461 ita
1670 4407 1927 4462 credunt.
1959 4407 2086 4463 Haec

2185 1910 2330 1963 οὕτω
2361 1910 2719 1979 πιστεύομεν·
2749 1911 2845 1963 καὶ
2867 1911 3139 1981 Rupilio;
3171 1909 3314 1962 οὕτω
3337 1906 3604 1961 πιστεύει.
3634 1905 3764 1957 Altu-

2187 2002 2334 2072 νίαή
2372 2004 2563 2073 μνήμη
2611 2003 2885 2073 Κυρίλλου
2907 2020 2921 2034 ·
2962 2004 3060 2056 καὶ
3093 2004 3151 2055 al
3195 2001 3476 2054 ἐπιστολαί⁵
3508 1996 3761 2068 Κυρίλ).ου

2186 2095 2321 2146 εἰσὶν
2353 2092 2415 2146 οῦ
2442 2093 2771 2164 φρονοῦμεν,
2791 2087 2853 2146 οὗ
2885 2092 3314 2162 ἐπιστεύσαμεν,
3332 2093 3392 2147 οὗ
3424 2091 3761 2160 πιστεύομεν.

2186 2185 2341 2237 Λέων
2373 2187 2401 2238 ὁ
2443 2186 2879 2255 ἀρχιεπίσκοπος
2920 2185 3095 2248 οὕτως
3137 2187 3351 2255 φρονεῖ,
3388 2184 3448 2239 οὗ
3500 2179 3761 2238 πιστεύει.

2186 2272 2247 2329 ού
2279 2275 2542 2348 ἐγρεῲε.»
2579 2277 2869 2341 Διαλαὶιᾶς
2906 2277 2962 2330 δὲ
3012 2278 3314 2348 γενομένης
3362 2278 3507 2332 ὥστε
3553 2280 3644 2333 καὶ
3674 2278 3764 2349 τὴν

2189 2369 2422 2431 Λέοντος
2441 2368 2866 2436 ἀναγνωσθῆναι
2889 2370 3203 2440 ἐπιστολὴν,
3233 2374 3314 2435 είς
3338 2372 3578 2442 Ἕλληνα
3599 2371 3763 2441 γλῶσ-

2191 2474 2292 2509 σαν
2326 2459 2736 2529 μεταδληθείσα
2774 2461 3196 2529 ἀνεγινώσκετο,
3228 2463 3353 2533 ἥτις
3382 2466 3493 2525 τοῖς
3523 2480 3762 2533 πεπραγ-

2191 2545 2374 2614 μένοις
2404 2545 2541 2615 πρὸς
2574 2547 2721 2612 λέξιν
2759 2551 3096 2621 ἐμφέρεται·
3128 2546 3198 2623 ἧς
3230 2553 3369 2623 μετὰ
3400 2554 3501 2625 τὴν
3530 2554 3766 2620 ἀνάγνωο

2190 2653 2277 2689 σιν
2334 2638 2646 2709 ἐπεϐόησαν
2669 2641 2719 2692 οί
2770 2641 3084 2696 ἐπίσκοποι·
3126 2662 3144 2695 ι
3184 2643 3333 2715 Αὕτη
3383 2647 3419 2717 ἡ
3453 2647 3633 2711 πίστις
3662 2647 3766 2699 τῶν

2191 2730 2455 2800 Πατέρων
2481 2745 2495 2760 ·
2519 2731 2658 2801 αῦτη
2696 2734 2729 2803 η
2765 2735 2947 2798 πίστις
2990 2736 3102 2788 τῶν
3160 2738 3519 2795 ἀποστόλων.
3575 2742 3767 2804 Πάντες

2188 2820 2333 2874 οὕτω
2380 2824 2735 2893 πιστεύομεν·
2790 2825 3172 2896 οί,όρθόθοξοι
3226 2826 3372 2883 οὕτω
3423 2832 3767 2902 πιστεύομεν.

2199 2912 2475 2984 ’Λνάοεμα
2532 2915 2612 2986 τῷ
2670 2916 2746 2987 μὴ
2804 2915 2951 2971 οὕτω
3003 2920 3358 2977 πιστεύοντι.
3422 2923 3632 2994 Πέτρος
3685 2921 3808 2976 διὰ’

2189 3006 2417 3069 Λέοντος
2439 3006 2616 3061 ταῦτα
2644 3004 2893 3079 ἐϐόησεν·
2918 3010 3279 3067 οίάπόστολοι
3301 3012 3480 3080 οὕτως
3508 3016 3770 3082 ἐδίδαξαν.

2193 3101 2448 3164 Εὐσεδὼς
2481 3104 2574 3156 καὶ
2602 3103 2821 3173 ἀληθῶς
2851 3104 3006 3159 Λέων
3038 3105 3270 3174 ἐδίδαξε·
3308 3108 3581 3181 Κύριλλος
3605 3110 3770 3173 οὕτως

2190 3192 2422 3258 ἐδίδαξε·
2452 3195 2609 3248 Λέων
2645 3197 2737 3249 καὶ
2771 3197 3040 3269 Κύριλλος
3076 3200 3282 3269 ὁμοίως
3316 3201 3586 3270 ἐδίδαξαν.
3629 3203 3772 3258 Ἀνά-

2190 3286 2334 3357 θεμα
2366 3287 2441 3357 τῷ
2472 3289 2547 3360 μὴ
2572 3288 2716 3344 οὕτω
2744 3291 3079 3347 πιστεύοντι.
3106 3293 3255 3364 Αὕτη
3284 3295 3315 3367 ἡ
3339 3295 3551 3368 ἀληθὴς
3572 3298 3769 3360 πίστις·

2188 3382 2239 3433 οί
2269 3382 2542 3452 όρθόδοεοι
2596 3382 2741 3439 οὕτω
2788 3387 3103 3455 φρονοῦσιν.
3136 3389 3287 3460 Αὕτη
3345 3390 3379 3461 ὴ
3443 3393 3629 3458 πίστις
3670 3394 3773 3447 τῶν

2192 3476 2477 3546 Πατέρων.
2513 3476 2701 3533 Ταῦτα
2733 3480 2792 3533 ἐν
2833 3480 3048 3551 Ἐφέσῳ
3079 3481 3168 3535 διὰ
3196 3481 3250 3535 τί
3288 3484 3391 3537 ούκ
3421 3485 3772 3557 ἀνεγνώσθης

2196 3569 2381 3623 Ταῦτα
2397 3570 2688 3642 Διόσκορος
2712 3571 2969 3642 ἔκρυψεν.
2999 3573 3109 3626 Καὶ
3124 3573 3284 3629 τοῦτο
3308 3577 3363 3630 δὲ
3384 3580 3501 3642 τοίς
3525 3595 3773 3649 πεπραγ-

2192 3661 2376 3731 μένοις
2404 3662 2728 3732 ἐμφέρεται·
2768 3664 2843 3727 ὠς
2874 3664 3039 3734 ἡνίκα
3069 3666 3131 3719 τὸ
3163 3668 3330 3739 μέρος
3355 3668 3460 3737 τῆς
3489 3671 3776 3738 ἐπιστολῆς

2188 3753 2421 3816 Λέοντος
2462 3752 2807 3825 ἀνεγνώσθη,
2858 3754 3038 3809 τουτοί
3088 3758 3342 3829 περιέχον
3366 3773 3379 3788 ·
3413 3762 3511 3813 καί
3557 3761 3690 3829 πρὸς
3716 3760 3773 3812 τὸ

2189 3848 2644 3916 χρεωστούμενον
2667 3848 2890 3918 ὄφλημα
2925 3848 3030 3918 τῆς
3063 3852 3340 3922 ἡμετέρας
3376 3854 3594 3918 φύσεως
3633 3856 3771 3906 ἐκτι-

2190 3939 2411 4009 σθῆναι,
2434 3942 2465 4009 ἠ
2492 3941 2612 3995 Θεία
2645 3942 2807 4009 φύσις
2828 3942 3013 4015 ήνὼθη
3042 3948 3109 4015 τῇ
3142 3946 3385 4017 παθητῇ·
3419 3947 3509 4003 ἳνα
3531 3949 3693 4004 τοῦτο,
3711 3948 3771 4018 δὴ

2190 4033 2249 4086 τὸ
2277 4037 2397 4097 ταῖς
2420 4035 2725 4104 ἡμετέραις
2760 4036 2972 4090 ίάσετιν
3027 4038 3275 4109 ὑπάρχον
3303 4041 3590 4112 ἁρμόδιον,
3641 4045 3668 4095 ὁ
3696 4035 3770 4104 εἷς

2190 4116 2283 4178 καὶ
2314 4127 2342 4178 ὁ
2372 4126 2536 4190 αὐτὸς
2562 4126 2641 4180 ὢν
2671 4129 2902 4198 μεσίτης
2925 4129 3059 4182 Θεοῦ
3094 4133 3189 4184 atad.
3228 4133 3539 4205 ἀνθρώπων
3569 4135 3771 4203 ἄνθρω-

2190 4235 2291 4281 πος
2321 4220 2558 4290 Χριστὸς
2614 4221 2847 4292 Ἰησοῦς,
2895 4225 2992 4276 καὶ
3024 4224 3397 4294 ἀποθνήσκειν
3421 4228 3491 4282 ἐκ
3533 4227 3627 4283 τοῦ
3658 4228 3770 4287 ἐνὸς

2189 4310 2417 4381 δυνηθῇ,
2450 4314 2547 4367 καί
2577 4314 2893 4369 τελευταῖον
2921 4318 2985 4369 ἐκ
3014 4316 3112 4369 τοῦ
3149 4317 3341 4387 ἐτέρου
3386 4319 3465 4390 μὴ
3489 4321 3713 4389 δυνηθῇ.
3748 4335 3767 4368 ι

2192 4404 2336 4472 Πρὸς
2368 4405 2437 4473 ἣν
2473 4406 2633 4475 ῥῆσιν
2683 4408 2917 4471 Λέοντος
2964 4409 3075 4461 τῶν
3136 4410 3412 4481 Ἱλλυριῶν
3458 4411 3772 4481 ἀμφιϐόλως

506 4502 642 4555 ﬁdes
669 4511 752 4554 est
776 4500 1024 4555 Patrum.
1060 4498 1170 4552 Cur
1206 4500 1319 4554 haec
1368 4499 1568 4567 Ephesi
1604 4500 1743 4553 lecta
1784 4515 1893 4554 non
1923 4500 2083 4555 sunt?

2191 4495 2447 4563 ἐχόντων,
2477 4496 2744 4561 ὡσαύτως
2783 4498 2840 4550 δὲ
2874 4500 2967 4551 καὶ
2998 4498 3106 4551 τῶν
3149 4499 3530 4555 Παλαιστινῶν
3558 4502 3771 4556 ἐπισκό-

507 4590 806 4647 bioScorus
830 4595 946 4646 haec
969 4592 1293 4661 suppressit.
1310 4610 1328 4643 ι
1353 4590 1489 4644 Illud
1515 4606 1737 4660 quoque
1757 4590 1809 4644 in
1833 4602 2080 4647 actorum

499 4686 915 4741 commentariis
942 4684 1252 4754 reperituri
1287 4702 1307 4735 ι
1345 4684 1636 4753 Postquam
1672 4699 1803 4753 pars
1830 4685 2081 4753 quaedam

499 4778 744 4847 epistolae
765 4776 965 4831 Leonis
1019 4778 1159 4832 lecta
1197 4788 1306 4842 est,
1341 4776 1444 4829 hoc
1471 4775 1846 4845 complectens
1873 4795 1884 4829 :
1916 4776 1985 4831 Et
2014 4777 2082 4831 ad

500 4877 716 4923 natura:
748 4879 950 4923 nostra:
1003 4867 1252 4923 debitum
1285 4867 1739 4938 persolvendunz,
1768 4877 1963 4924 natura
1997 4869 2083 4923 di-

501 4962 625 5014 vina
651 4961 704 5016 ei
739 4976 860 5028 quae
881 4960 1233 5030 perpessioni
1271 4961 1508 5014 obnoxia
1540 4970 1645 5023 est,
1678 4962 1832 5014 unita
1865 4970 1972 5023 est,
2022 4970 2081 5015 ut

498 5054 646 5123 quod
693 5054 768 5108 ita
827 5054 1103 5107 sanationi
1153 5064 1353 5107 nostra:
1395 5051 1552 5105 aﬁine
1609 5051 2078 5123 commodumque

496 5154 663 5212 esset,
710 5161 856 5200 unus
913 5156 969 5201 et
1026 5145 1167 5201 idem
1221 5144 1493 5200 mediator
1541 5143 1636 5198 Dei
1695 5153 1750 5198 et
1789 5144 2078 5198 hominum

494 5238 749 5293 Christus
812 5237 1008 5304 Iesus,
1065 5240 1204 5292 mori
1246 5253 1315 5293 ex
1348 5237 1760 5313 allero_posset,
1792 5253 1860 5291 ex
1903 5238 2080 5291 altero

500 5345 727 5400 prorsus
757 5345 864 5384 non
903 5338 1107 5399 posset.
1138 5348 1155 5381 ι
1187 5331 1262 5385 De
1287 5329 1390 5384 hac
1441 5344 1576 5384 voce
1602 5328 1804 5384 Leonis
1833 5330 2081 5400 Illyricos

500 5432 667 5490 atque
708 5420 897 5475 itidem
930 5420 1250 5477 Palaestinos
1278 5422 1570 5492 episcopos
1602 5421 1992 5479 contendisse;
2024 5430 2081 5475 et

498 5523 627 5563 eum
659 5509 755 5579 qui
790 5510 972 5564 dictus
1002 5512 1321 5568 estAetium
1361 5512 1812 5568 archidiaconum
1840 5512 2079 5566 sanctis-

498 5601 651 5657 simae
700 5602 963 5659 Ecclesiae
1020 5604 1689 5677 Constantinopolitanae,
1740 5606 2075 5660 sententiam

495 5694 657 5748 aliam
684 5694 893 5765 Cyrilli,
922 5697 1074 5753 hisce
1104 5699 1290 5754 verbis
1319 5701 1678 5768 compositam
1744 5698 2076 5768 protulisse:

505 5800 526 5835 ι
560 5785 1015 5857 Quandoquidem
1041 5791 1325 5860 proprium
1358 5790 1477 5861 ejus
1497 5805 1719 5860 corpus,
1752 5789 1922 5858 gratia
1958 5787 2076 5851 Uri,

2189 4602 2331 4651 πων,
2365 4591 2389 4639 ὁ
2420 4588 2715 4661 εἰρημένος
2759 4590 2962 4653 ’Λέτιος
2994 4593 3022 4643 ό
3056 4592 3437 4662 ἀρχιδιάκονος
3478 4596 3578 4666 τῆς
3610 4595 3773 4661 ἁχιωο

2185 4679 2355 4749 τὰτης
2395 4681 2724 4751 Ἐκκλησίας
2758 4684 3391 4748 Κωνσταντινουπόλεως
3411 4686 3584 4754 ἄλλην
3616 4687 3770 4755 ῥῆσιν

2184 4771 2280 4826 τοῦ
2365 4772 2522 4840 ἁγίου
2585 4774 2861 4844 Κυρίλλου
2941 4778 3162 4847 παρῆγε
3218 4776 3343 4828 τάδε
3418 4777 3765 4844 διεξιοῦσαν·

2195 4884 2212 4916 ι
2261 4866 2479 4936 Ἐπειδὴ
2502 4866 2559 4919 δὲ
2586 4867 2749 4921 πάλιν
2770 4868 2829 4920 τὸ
2856 4868 2991 4921 ἴδιον
3011 4869 3179 4922 αὐτοῦ
3209 4870 3371 4940 σῶμα
3400 4872 3585 4941 χάριτι
3612 4867 3765 4932 Θεοῦ,

2185 4959 2329 5013 καθά
2359 4976 2529 5029 φησιν
2555 4961 2584 5012 ὁ
2609 4960 2910 5023 ἀπόστολος
2942 4961 3175 5025 Παῦλος,
3210 4964 3351 5033 ὑπὲρ
3383 4965 3587 5026 παντὸς
3622 4961 3770 5030 ἐγεύέ

2188 5069 2322 5105 σατο
2353 5053 2612 5120 θανάτου,
2654 5053 2875 5122 λέγεται
2904 5058 3103 5108 παῠείν
3131 5056 3295 5109 αὑτὸν
3329 5057 3421 5109 τὸν
3451 5057 3590 5124 ὑπὲρ
3617 5054 3771 5123 ἡμῶν

2186 5145 2434 5197 θάνατον·
2464 5145 2560 5215 οὐχ
2591 5145 2665 5207 ὡς
2684 5148 2764 5208 είς
2787 5149 2987 5215 πεῖραν
3011 5146 3184 5200 ἐλθὼν
3206 5147 3462 5212 θανάτου,
3481 5150 3609 5217 τόγε
3639 5143 3772 5219 ἧκον

2185 5236 2264 5298 είς
2295 5235 2395 5304 τὴν
2425 5237 2590 5289 αὐτοῦ
2625 5236 2811 5303 φύσιν·
2841 5238 3159 5308 ἁποπληξία
3191 5240 3301 5310 γὰρ
3332 5239 3492 5293 τοῦτο
3521 5241 3703 5308 λέγειν
3733 5238 3765 5308 ἢ

2185 5330 2425 5395 φρονεῖν·
2460 5328 2575 5381 ἀλλ’
2606 5329 2711 5394 ὃτι,
2747 5330 3002 5400 καθάπερ
3028 5330 3165 5400 ἔφην
3193 5332 3421 5400 ἀρτίως,
3457 5334 3487 5402 ἡ
3513 5331 3653 5403 σὰρξ
3677 5331 3772 5385 αύ-

2182 5418 2277 5472 τοῦ
2302 5420 2565 5488 ἐγεύσατο
2589 5421 2848 5476 θανάτου.
2899 5442 2918 5475 ι
2956 5426 3064 5476 Καὶ
3099 5420 3256 5487 αὖθις
3293 5426 3427 5493 πρὸς
3464 5426 3565 5492 τὴν
3614 5424 3773 5494 ῥῆσιν

2183 5512 2283 5580 τῆς
2335 5510 2627 5582 ἐπ.στολῆς
2674 5513 2902 5576 Λέοντος
2947 5515 3048 5584 τὴν
3100 5515 3404 5582 λέγουσαν·
3471 5533 3490 5566 ι
3524 5514 3772 5583 Ἐνεργεί

2182 5603 2294 5670 γὰρ
2319 5604 2560 5673 ἑκατέρα
2593 5605 2778 5673 μορφὴ
2827 5605 2967 5675 μετὰ
3018 5605 3119 5676 τῆς
3173 5606 3405 5676 θατέρου
3462 5606 3769 5668 κοινωνίας,

2183 5696 2322 5764 ὅπερ
2357 5697 2486 5749 ῐδιον
2523 5697 2723 5767 ἔσχηκε
2749 5715 2763 5729 ·
2796 5698 3025 5768 τοῦμὲν
3068 5701 3247 5767 Λόγου
3294 5697 3770 5768 κατεργαζομένου

2183 5787 2330 5839 τούϋ’
2358 5790 2494 5858 ὅπερ
2520 5791 2636 5842 ἐστὶ
2670 5792 2762 5842 τοῦ
2790 5791 2990 5859 Λόγου,
3014 5790 3108 5844 τοῦ
3127 5792 3181 5845 δὲ
3210 5790 3462 5863 σώματος
3489 5786 3773 5843 ἐκτελοῦν-
