4118 6466
349 391 453 462 105

1266 385 1864 450 ECCLESIAS’l‘leF.
1907 379 2299 439 HlSI‘OlilE
2344 378 2482 438 LIB.
2529 376 2647 437 XV.

3477 453 3480 455 Α
3520 373 3621 448 1θῦ

338 528 451 573 τος.
481 511 619 581 ’ὅπερ
649 509 765 564 ἐστὶ
792 505 888 562 τοῦ
913 508 1166 578 σώματος
1192 543 1207 558 .
1244 505 1354 558 Καὶ
1384 502 1446 555 τὸ
1490 500 1590 571 μὲν
1627 497 1776 566 αύτῷ
1806 497 1918 549 δια-

2041 489 2487 559 juetnadmodum
2515 487 2696 559 inquit
2733 486 3015 556 apostolus
3036 485 3259 552 Paulus,
3298 501 3398 556 pro
3433 489 3617 540 omni-

335 605 546 674 λάμπει
602 603 713 664 τοῖς
761 601 1029 671 θαύμασι,
1078 599 1138 652 τὸ
1181 597 1238 650 δὲ
1291 599 1413 658 ταῖς
1450 593 1674 663 ὕϐρεσιν
1717 587 1925 644 ὑποπέ-

341 711 577 749 πτωκεν.
609 711 629 745 ι
664 692 784 745 Τῶν
817 693 873 745 δὲ
910 689 1186 762 Ἰλλυριῶν
1219 688 1313 742 καὶ
1349 681 1729 740 Παλαιστινῶν
1763 679 1927 746 αὖθις

342 779 812 848 ἀμφιϐαλλόντων,
864 779 1071 841 Ἀέτιος
1121 778 1251 832 ἄλλο
1299 774 1575 844 Κυρίλλου
1627 771 1928 841 κεφάλαιον

344 874 553 941 ἅιέγνω
583 875 840 943 περιέχον
868 871 1041 934 οὕτως
1068 887 1083 902 ⁸
1121 889 1139 921 ι
1168 869 1235 921 Al
1273 867 1372 938 μὲν
1408 865 1567 920 ἄλλαι
1593 863 1702 917 τῶν
1733 862 1928 932 φωνῶν

343 965 425 1017 ὅτι
457 965 688 1034 μάλιστα
725 964 1055 1034 θεοπρεπεῖς
1082 1002 1098 1027 ,
1131 963 1188 1015 αἱ
1230 961 1284 1014 δὲ
1318 958 1462 1014 οὕτω
1513 957 1682 1012 πάλιν
1714 954 1926 1025 ἀνθρω-

345 1060 666 1127 ποπρεπεῖςο
695 1059 751 1111 αἱ
792 1057 849 1110 δὲ
883 1056 1058 1126 μέσην
1098 1055 1220 1109 τινὰ
1248 1053 1399 1119 τάξιν
1427 1051 1666 1121 ἔχουσιν,
1695 1046 1927 1118 ἐμφανί-

347 1152 531 1215 ζοντες
569 1152 659 1204 τὸν
689 1150 817 1204 Υἰδν
846 1150 941 1203 τοῦ
973 1148 1111 1204 Θεοῦ
1154 1148 1287 1202 Θείιν
1314 1147 1446 1199 ὄντα
1493 1144 1587 1197 καὶ
1636 1142 1925 1213 ἄνθρωπον

347 1243 482 1314 ὁμοῦ
511 1245 567 1296 ὲν
598 1243 768 1312 αὐτῷ.
812 1262 829 1294 ι
871 1242 982 1296 Ka‘t
1021 1242 1158 1312 μετά
1209 1239 1382 1295 ταῦτα
1413 1237 1552 1308 πρὸς
1609 1235 1798 1306 ἕτερον
1831 1233 1927 1302 μέ-

354 1354 444 1407 ρος
471 1337 565 1406 τῆς
596 1334 886 1404 ἐπιστολῆς
920 1334 1148 1396 Λέοντος
1170 1331 1624 1404 ἀμφιϐαλλόντων
1644 1328 1755 1381 τῶν
1778 1329 1926 1396 εἰρη-

356 1433 529 1500 μένων
558 1431 870 1483 ἐπισκόπων
902 1427 1025 1496 ἔχον
1051 1425 1222 1488 οὕτως
1252 1443 1265 1454 ·
1308 1442 1326 1474 ι
1367 1423 1428 1476 Εἰ
1463 1421 1559 1474 καὶ
1591 1419 1660 1473 τά
1687 1417 1925 1487 μάλιστα

350 1523 458 1591 γὰρ
482 1525 538 1574 ἐν
566 1521 642 1590 τῷ
673 1519 921 1590 Δεσπότῃ
953 1518 1130 1588 Ἰησοῦ
1162 1514 1384 1586 Χριστῷ
1409 1514 1506 1568 τοῦ
1536 1511 1674 1567 Θεοῦ
1706 1511 1800 1564 καὶ
1830 1508 1924 1562 τοῦ

355 1613 638 1684 ἀνθρώπου
669 1613 726 1665 ἓν
760 1613 1075 1683 πρόσωπον,
1111 1611 1262 1680 ὅμως
1303 1607 1494 1676 ’έτερόν
1544 1606 1699 1660 ζ;στιν
1745 1605 1926 1657 έκεῖνο

354 1707 410 1771 ἐξ
436 1700 496 1760 οὗ
524 1708 583 1757 ἐν
611 1705 858 1775 ἐκατέρῳ
909 1703 1088 1757 κοινόν
1135 1705 1254 1756 ἐστι
1285 1701 1345 1754 τὺ
1389 1703 1489 1770 τῆς
1536 1697 1748 1770 ὕϐρεως
1777 1712 1791 1727 ·
1830 1696 1925 1748 καὶ

2035 582 2140 638 bus
2176 593 2410 637 mortem
2437 580 2698 652 gustavit,
2724 578 3022 648 appetiisse
3066 579 3299 632 mortem
3333 593 3434 647 pro
3459 579 3622 632 nobis

2032 675 2211 746 ipsum
2248 676 2512 746 (Verbum
2543 670 2782 737 scilicet)
2820 672 3028 727 dicitur
3055 693 3065 726 :
3091 670 3260 743 649
3297 687 3407 726 non
3467 675 3616 744 quod

2031 769 2083 824 id
2115 769 2420 840 periculum
2451 767 2647 822 mortis
2707 765 2930 832 adierit,
2954 775 3224 837 quantum
3255 766 3321 820 ad
3359 774 3616 820 naturain

2032 859 2209 930 ipsius
2247 857 2494 929 pertinet
2531 859 2680 926 (nam
2706 856 2811 911 hoc
2839 856 3046 921 dicere,
3083 865 3180 910 aut
3209 855 3442 918 sentire,
3478 865 3621 910 attu-

2029 951 2133 1005 niti
2167 950 2413 1020 stuporis
2437 949 2571 1019 est),
2613 948 2707 1004 sed
2737 948 2906 1017 quod,
2934 947 3096 1002 sicuti
3140 948 3302 1003 modo
3332 948 3466 1013 dixi,
3493 960 3626 1012 Caro,

2029 1043 2150 1114 ejus
2185 1053 2412 1098 mortem
2437 1043 2733 1114 gustavit.»
2780 1041 3019 1096 Rursum
3052 1041 3119 1096 ad
3148 1042 3394 1112 epistolae
3415 1040 3617 1096 Leonis

2030 1134 2262 1198 dictum,
2293 1137 2440 1204 quod
2472 1135 2553 1190 sic
2582 1134 2780 1190 habet:
2819 1152 2836 1185 ι
2870 1132 3152 1204 Operatur
3188 1149 3431 1204 namque
3468 1144 3620 1187 utra-

2029 1243 2138 1299 que
2196 1228 2396 1294 forma,
2463 1243 2588 1284 cum
2667 1228 2898 1283 alterius
2968 1228 3381 1292 communione,
3475 1228 3625 1296 quod

2025 1322 2079 1376 ei
2161 1322 2450 1392 proprium
2529 1332 2615 1376 est
2659 1360 2675 1385 ,
2727 1320 2904 1377 Verbo
2993 1320 3240 1390 quidem,
3323 1321 3377 1373 id
3472 1321 3623 1389 quod

2027 1401 2194 1469 Verbi
2262 1414 2735 1484 est,pcrliciente,
2769 1427 3002 1484 corpore
3044 1422 3253 1479 autem,
3306 1413 3452 1482 quod
3498 1427 3625 1468 cor-

2025 1507 2178 1576 poris
2207 1515 2311 1571 est,
2345 1507 2702 1572 absolvente;
2735 1525 2754 1557 ι
2807 1515 2975 1575 atque
3025 1505 3161 1560 illud
3200 1505 3422 1578 quidem
3463 1506 3520 1560 iu
3550 1521 3618 1559 eo

2027 1599 2310 1654 miraculis
2337 1599 2567 1666 relucet,
2598 1599 2705 1654 hoc
2733 1607 2918 1654 autem
2937 1597 3158 1668 injuriis
3191 1606 3245 1652 et
3263 1597 3617 1652 contumeliis

2028 1692 2312 1764 subjacet;
2348 1709 2366 1743 ι
2399 1691 2469 1746 ad
2500 1691 2627 1756 hoc,
2666 1691 2915 1761 inquam,
2949 1690 3162 1744 dictum
3196 1689 3489 1761 lllyricisct
3524 1691 3629 1742 Pa-

354 1797 536 1867 ἕτερον
561 1796 620 1860 εξ
656 1791 718 1851 οῦ
746 1796 929 1849 κοινὸν
959 1796 1021 1848 τὸ
1077 1784 1176 1864 τῆς
1206 1791 1364 1862 δόξης
1415 1791 1756 1860 καθέστηκεν
1788 1829 1802 1843 .
1829 1786 1925 1852 Ἐξ

2039 1784 2260 1838 {aestiuis
2308 1797 2528 1838 rursum
2586 1780 3227 1852 atnbigentibus,Aetius
3253 1780 3400 1835 aliud
3434 1779 3626 1851 Cyrilli
3709 1802 3712 1806 ·

533 1847 632 1956 μὲν
987 1888 1021 1954 ἡ
1044 1847 1295 1940 ἐλάσσων
1313 1847 1405 1938 τοῦ
1452 1847 1665 1952 [ἰατρὸς
1717 1847 1930 1953 ἀνθρωζι

2039 1876 2342 1945 capitulum
2367 1875 2530 1945 legit,
2584 1847 2846 1944 quod‘sic
2870 1873 3073 1928 habet:
3125 1891 3144 1924 ε
3185 1847 3626 1938 Qumdatu-saue

355 1980 548 2047 πότης·
577 1981 641 2032 ὲκ
663 1978 720 2032 δὲ
775 1977 868 2032 τοῦ
922 1978 1138 2049 Πατρδς
1169 1978 1318 2030 ἔστιν
1386 1975 1535 2045 αὐτῷ
1568 1976 1601 2043 ή
1653 1972 1792 2044 μετά
1837 1972 1930 2024 τοῦ

355 2068 566 2140 Πατρός
603 2067 764 2123 αὐτοῦ
791 2069 880 2138 ἴση
906 2067 1118 2138 θεότης.
1150 2086 1168 2118 ι
1205 2063 1551 2134 Θιοδὼρητος
1584 2060 1932 2130 ζυγοστατῶν

361 2160 638 2230 Hercul.
664 2160 742 2232 τῷ
771 2160 1034 2231 μακαρίῳ
1080 2158 1339 2230 Κυρίλλῳ
1394 2157 1490 2210 ἐπὶ
1535 2155 1734 2222 λέξεως
1781 2152 1931 2224 είρῆ-

368 2253 494 2307 σθαι
519 2251 703 2317 οὕτως·
742 2265 762 2304 ‘t
793 2251 907 2305 Καὶ
950 2251 1243 2320 γενόμενον
1274 2249 1370 2304 ἀνθ
1382 2264 1572 2318 ρωπονν
1603 2245 1698 2298 καὶ
1733 2241 1807 2314 μὴ
1837 2260 1931 2311 με⁴

367 2344 525 2398 θέντα
543 2342 604 2400 τὸ
639 2343 791 2409 ἴδιον,
833 2343 1147 2413 μεμένηκεν
1189 2341 1326 2409 ὅπερ
1381 2335 1471 2408 ἦν·
1508 2339 1605 2392 καὶ
1651 2336 1846 2404 ἕτερον
1875 2336 1932 2386 ὲν

361 2435 536 2508 hin
565 2436 627 2488 τὺ
650 2434 975 2490 κατοικοῦν·
1011 2433 1296 2487 τουτέστιν
1345 2433 1378 2501 ὴ
1419 2431 1544 2485 θεία
1595 2429 1758 2499 φύσις
1792 2428 1934 2498 μετά

360 2527 472 2581 τῶν
491 2525 810 2598 ἀνθρώπων.
846 2544 867 2580 ι
936 2524 1070 2579 Εἶτα
1101 2525 1211 2579 τῶν
1267 2523 1620 2596 ὑψηλοτάτων
1652 2521 1932 2592 ἀρχόντων

360 2620 681 2693 πυθομένων
708 2622 758 2674 εί
784 2620 863 2674 έτι
886 2637 968 2684 τις
990 2619 1350 2690 ἀμφισϐητεῖ,
1380 2619 1583 2678 πάντες
1618 2611 1794 2679 εἷπον,
1829 2631 1932 2683 μη-

357 2714 546 2786 δαμῶς
571 2714 953 2785 ἀμφιϐάλλειν.
977 2711 1068 2766 Ἐν
1105 2714 1279 2782 τούτῳ
1320 2712 1380 2765 δὲ
1410 2709 1658 2770 Ἀττικὸς
1702 2707 1933 2762 ἐπίσκοο

361 2822 470 2872 πος
502 2806 852 2870 Νικοπόλεως
875 2805 1120 2860 ὲνδιῦναί
1154 2806 1204 2858 oi.
1257 2806 1464 2876 ᾐτεῖτο,
1513 2801 1780 2874 ἀταράχῳ
1817 2802 1934 2854 δια-

359 2898 513 2960 νοίας
564 2896 808 2970 λογισμῷ
858 2899 915 2952 ὲν
973 2897 1232 2968 βραχέσιν
1279 2897 1516 2967 ἡμέραις
1563 2894 1626 2948 τὸ
1677 2893 1755 2962 τῷ
1813 2889 1934 2962 Θεῷ

363 2987 558 3043 δοκοῦν
616 2989 711 3042 καὶ
769 2990 879 3050 τοῖς
953 2989 1118 3051 θείοις
1193 2988 1439 3057 Πατράσι
1495 2984 1932 3054 διατυπωθῆναι.

360 3074 577 3148 Ἐζήτει
605 3077 664 3130 δὲ.
701 3075 884 3129 λαϐεῖν
916 3074 1009 3130 καὶ
1055 3075 1154 3144 τὴν
1195 3072 1491 3144 ἐπιστολὴν
1530 3070 1809 3142 Κυρίλλου
1834 3072 1935 3142 τὴν

363 3169 502 3237 πρὸς
526 3168 839 3240 Νεστόριονσ
863 3169 923 3222 ὲν
955 3185 991 3243 ῃ
1026 3166 1463 3238 παρακελεύεται
1514 3164 1701 3230 αὐτὸν,
1744 3164 1934 3217 συνθέ-

368 3260 494 3316 σθαι
506 3262 620 3323 τοῖς
645 3260 852 3316 δώδεκα
882 3260 1048 3324 αὑτοῦ
1083 3259 1422 3328 κεφαλαίοις,
1453 3253 1534 3321 οἷς
1554 3260 1650 3311 καὶ
1677 3257 1727 3309 oi
1752 3256 1935 3309 λοιποὶ

359 3354 566 3418 πάντες
621 3354 923 3408 συνέθεντο·
959 3354 1054 3406 καὶ
1104 3353 1211 3405 τῶν
1251 3352 1529 3422 ἀρχόντων
1577 3349 1937 3420 διαλαλησάν-

363 3459 493 3510 των,
525 3448 750 3517 ἡμερῶν
781 3446 941 3500 πέντε
963 3445 1186 3516 διωρίαν
1220 3445 1418 3509 ἔδοντο,
1466 3442 1611 3496 ὥστε
1659 3442 1936 3496 συνελθεῖν

367 3538 658 3607 ’Δνατολίῳ
683 3538 761 3609 τῷ
817 3538 1068 3610 προέδρῳ
1119 3539 1222 3609 τῆς
1270 3534 1934 3597 Κωνσταντινουπόλεως.

367 3631 417 3685 οἱ
447 3631 734 3686 ιπίσκοποι
758 3633 976 3700 ⁸πάντες
1028 3631 1412 3702 ὲπευφήμισαν
1457 3629 1630 3682 ταῦτα
1665 3628 1934 3690 εἰπόντες·

374 3742 394 3776 ι
440 3723 633 3793 Ἡμεῖς
651 3723 793 3778 οὕτω
809 3724 1160 3794 πιστεύομενο
1191 3724 1388 3786 πάντες
1407 3721 1552 3776 οὕτω
1573 3721 1932 3791 πιστεύομεν’

375 3816 447 3879 ὡς
476 3814 624 3868 Λέων
651 3815 792 3869 οὕτω
823 3817 1180 3886 πιστεύομεν.
1225 3815 1288 3869 Ἦ
1299 3815 1417 3887 μῶν
1442 3815 1619 3878 οὐδεὶς
1657 3814 1938 3884 ἀμφιϐάλ-

375 3903 474 3960 λει.
512 3907 702 3974 Ἡμεῖς
729 3909 925 3971 πάντες
951 3907 1377 3977 ὑπεγράψαμεν.
1415 3925 1434 3958 ι
1475 3905 1619 3977 Πρὸς
1651 3904 1686 3959 ἃ
1717 3905 1809 3958 ἐπὶ
1842 3907 1937 3977 ρή-

383 4017 544 4068 ματος
583 4000 756 4054 ταῦτα
808 4002 1136 4071 λελάληταν
1174 4018 1192 4051 t
1226 4001 1340 4054 Οὐκ
1387 4001 1686 4068 ἀναγκαῖον
1733 4000 1939 4062 πάντας

380 4093 516 4162 ὑμᾶς
547 4094 842 4148 συνελθεῖν.
875 4093 1017 4146 Ἀλλ’
1047 4094 1238 4163 ἐπειδὴ
1257 4093 1553 4146 ἀκόλουθόν
1589 4094 1706 4146 ἐστι
1733 4109 1940 4145 πιστω-

378 4184 534 4253 θῆναι
563 4187 687 4248 τοὺς
721 4185 1186 4255 ἀμφιϐάλλοντας,
1216 4187 1244 4238 ὁ
1285 4184 1680 4246 εὐλαϐέστατος
1719 4184 1940 4236 ὲτιίσκο-

376 4294 474 4341 πος
499 4278 799 4342 ’Δνατόλιος
844 4278 950 4332 ἀπὸ
983 4278 1090 4331 τῶν
1131 4278 1570 4348 ύπογραψόιντων
1621 4276 1942 4346 ἐπιλέξηται

376 4371 464 4434 οὓς
500 4374 592 4425 ἐὰν
625 4373 819 4444 νομίσῃ
852 4374 986 4442 πρὸς
1027 4369 1377 4425 διδασκαλίαν
1428 4372 1536 4424 τῶν
1569 4371 1941 4441 ἀμφιϐαλλόν-

378 4480 506 4518 των.
542 4482 560 4514 ι
589 4459 682 4529 Οἷς
705 4467 986 4535 ἐπήγαγον
1024 4468 1074 4518 oi.
1111 4467 1210 4535 τῆς
1243 4466 1466 4518 συνόδου
1518 4463 1715 4528 οὕτως·
1758 4483 1776 4516 ι
1817 4466 1941 4517 Δεό-

2039 1983 2205 2024 voces
2225 1983 2391 2038 quam
2429 1967 2667 2020 maxime
2697 1966 2869 2019 Deum
2907 1964 3129 2025 decent,
3158 1965 3410 2033 quadam
3437 1974 3623 2018 autem

2037 2069 2234 2110 rursus
2260 2054 2469 2109 homini
2514 2053 2874 2118 conveniunt,
2905 2052 3154 2122 quaedam
3189 2067 3357 2122 porro
3379 2055 3624 2107 medium

2038 2147 2522 2210 obtinentlocum,
2554 2146 2754 2200 Filium
2795 2145 2894 2200 Dei
2931 2146 3101 2200 Deum
3149 2146 3314 2200 simul
3349 2155 3404 2201 ct
3439 2146 3622 2200 immi-

2037 2256 2166 2297 nem
2195 2253 2319 2295 esse
2351 2239 2781 2309 signiﬁcantes.»
2823 2237 2952 2293 Post
2982 2238 3119 2305 haec,
3154 2240 3222 2293 de
3253 2239 3360 2292 alia
3375 2239 3624 2304 epistola:

2036 2333 2238 2389 Leonis
2265 2342 2440 2403 parte,
2477 2347 2617 2402 quos
2643 2331 2908 2399 diximus,
2938 2332 3184 2405 episcopi
3206 2333 3625 2398 addubitarunt,

2037 2427 2199 2495 cujus
2258 2426 2376 2482 lia-c
2429 2435 2560 2481 sunt
2589 2427 2793 2482 verba:
2833 2427 3094 2482 «Etiamsi
3126 2430 3276 2484 enim
3308 2429 3364 2484 in
3394 2429 3627 2484 Domino

2037 2522 2164 2578 Jcsu
2197 2522 2417 2577 Christo
2447 2521 2543 2576 Dei
2583 2531 2640 2577 et
2661 2521 2905 2578 hominis
2931 2537 3168 2592 persona
3203 2539 3312 2579 una
3339 2534 3444 2590 est,
3471 2526 3619 2580 aliud

2041 2623 2223 2670 tamen
2261 2613 2395 2670 illud
2437 2624 2542 2679 est,
2587 2630 2655 2668 ex
2692 2629 2802 2684 quo
2845 2614 2902 2668 in
2943 2624 3180 2686 utroque
3211 2620 3522 2675 communis
3547 2629 3632 2673 est

2040 2709 2242 2780 injuria
2271 2715 2325 2763 et
2353 2708 2694 2762 contumelia
2725 2725 2741 2761 :
2775 2720 2832 2763 et
2867 2708 3041 2772 aliud,
3078 2724 3146 2764 co
3176 2726 3287 2779 quo
3317 2714 3633 2769 communis

2039 2801 2296 2857 consistit
2355 2799 2550 2870 gloria.
2615 2799 2700 2854 Ex
2747 2799 2912 2856 nobis
2938 2801 3089 2856 enim
3125 2801 3180 2855 in
3237 2817 3306 2856 eo
3332 2814 3417 2858 est
3451 2805 3633 2860 minor

2051 2894 2210 2952 Patre
2272 2893 2616 2960 humanitas,
2655 2907 2725 2948 ex
2761 2893 2925 2950 Patre
2946 2901 3130 2948 autem
3167 2897 3398 2964 :equalis
3423 2897 3474 2952 ei
3503 2914 3628 2953 cum

2039 2987 2202 3061 Patre
2245 2985 2530 3041 divinitas.
2557 3005 2576 3038 ›
2609 2985 2690 3040 lbi
2725 2993 2837 3040 tum
2879 2986 3253 3044 Tlieodoritus
3285 3004 3441 3059 aequa
3478 2992 3634 3046 lance

2042 3077 2211 3132 verba
2249 3092 2314 3132 ea
2343 3077 2677 3146 ponderans,
2708 3077 2932 3132 beatum
2979 3094 3204 3149 quoque
3263 3081 3532 3153 Cyrillum
3566 3084 3634 3138 de

1961 3194 2004 3254 ο
2040 3174 2219 3227 verbo
2274 3169 2340 3226 ad
2368 3170 2602 3226 verbum
2643 3171 2760 3227 haec
2790 3171 2996 3227 dixisse
3028 3174 3255 3230 retulit:
3297 3194 3316 3227 ι
3351 3176 3421 3231 Ει
3467 3177 3635 3232 homo

2047 3263 2248 3328 factus,
2279 3276 2346 3319 eo
2371 3263 2520 3334 quod
2573 3263 2694 3336 ejus
2753 3263 3043 3334 proprium
3089 3265 3217 3329 fuit,
3244 3282 3356 3321 non
3395 3277 3633 3335 mutato,

2040 3355 2096 3411 id
2134 3356 2280 3426 quod
2313 3365 2434 3410 erat
2471 3354 2798 3425 permansit,
2831 3363 2888 3408 et
2908 3355 3143 3410 alterum
3171 3357 3224 3411 in
3259 3358 3436 3413 altero
3465 3359 3624 3414 habi-

2044 3455 2145 3512 tat,
2181 3446 2444 3500 videlicet
2477 3454 2676 3501 natura
2697 3444 2887 3500 divina
2917 3460 3044 3500 cum
3076 3445 3418 3503 hominibus.
3452 3466 3470 3500 ι
3519 3448 3634 3505 Sub

2042 3540 2181 3602 haec,
2209 3537 2544 3608 amplissimi
2576 3537 2880 3608 principes,
2915 3553 3049 3592 num
3085 3539 3272 3608 aliqua
3331 3540 3513 3595 adhuc
3539 3557 3630 3596 rc-

2041 3633 2190 3702 liqua
2219 3641 2364 3688 esset
2387 3631 2791 3696 controversia,
2837 3631 3283 3702 interrogarunt:
3336 3646 3392 3688 et
3415 3650 3631 3699 omnes,

2045 3725 2275 3778 minime
2347 3738 2407 3778 se
2461 3723 2746 3792 ambigere
2803 3722 3088 3776 dixerunt.
3154 3721 3363 3778 Deinde
3419 3725 3636 3780 Atticus

2043 3816 2461 3887 Nieopolitanus
2506 3817 2804 3885 episcopus
2878 3814 3127 3884 permitti
3202 3816 3309 3870 sibi
3389 3819 3637 3885 postula-

2043 3907 2143 3969 vit,
2195 3915 2254 3961 ut
2301 3907 2357 3960 in
2415 3905 2614 3959 diebus
2686 3905 2899 3974 paucis,
2971 3905 3158 3959 animo
3219 3909 3516 3976 tranquillo
3584 3919 3640 3963 ct

2042 4003 2252 4070 quieto,
2285 3998 2380 4054 Dei
2421 4007 2477 4052 et
2501 3999 2816 4052 divinorum
2841 3998 3062 4052 Patrum
3100 3999 3385 4054 decretum
3413 4003 3466 4054 in
3500 4017 3640 4056 con-

2043 4092 2383 4146 stitutionem
2427 4089 2637 4144 referre
2686 4088 3227 4159 posset..Epistolam
3283 4107 3503 4163 quoque
3533 4093 3640 4164 Cy-

2044 4183 2150 4237 rilli
2181 4182 2250 4237 ad
2271 4181 2585 4237 Nestorium
2617 4182 2738 4237 dari
2773 4181 2877 4236 sibi
2919 4181 3096 4250 petiit,
3125 4183 3179 4239 in
3207 4199 3314 4254 qua
3350 4184 3503 4240 illum
3531 4185 3638 4256 Cy—

2046 4277 2222 4342 rillus,
2249 4284 2308 4329 ut
2333 4274 2620 4330 duodecim
2655 4275 2932 4344 capitibus
2958 4275 3095 4341 suis,
3125 4276 3198 4329 ita
3224 4286 3284 4331 ut
3314 4277 3404 4331 alii
3443 4295 3638 4335 omnes

2046 4369 2328 4433 fecissent,
2357 4367 2731 4423 assensionem
2776 4383 2931 4421 suam
2978 4370 3274 4437 praeberet,
3329 4370 3638 4429 admonuit.

2047 4460 2112 4515 Et
2163 4462 2444 4532 principes
2477 4460 2820 4524 interlocuti,
2860 4460 3077 4515 dierum
3124 4463 3370 4534 quinque
3421 4475 3640 4538 tempus

383 4557 520 4624 μεθα
548 4559 836 4627 παρά.τῶν
863 4559 1120 4630 Πατέρων
1164 4563 1231 4629 τῇ
1263 4559 1470 4630 συνόδῳ
1494 4559 1596 4622 τὰς
1644 4560 1831 4626 φωνὰς
1863 4557 1934 4628 τῷ

2049 4552 2099 4607 ei
2127 4567 2474 4616 concessere,
2501 4561 2561 4606 ut
2578 4566 2702 4606 cum
2725 4550 2982 4605 Anatolio
3007 4552 3634 4626 Constantinopolitano

380 4647 606 4718 βασιλεῖ,
636 4653 733 4714 τὰς
766 4653 972 4716 ἱκεσίας
999 4653 1108 4706 τῶν
1145 4653 1448 4722 ὀρθοδόξων
1470 4667 1484 4681 ⁶
1523 4655 1726 4716 πάντες
1758 4653 1940 4724 ἡμάρ-

377 4753 562 4807 τομεν,
607 4739 740 4791 πᾶσι
769 4739 1174 4810 συγχωρηθείη.
1208 4759 1229 4792 ι
1270 4741 1334 4792 Οί
1373 4740 1430 4793 δὲ
1463 4741 1561 4810 τῆς
1597 4742 1940 4800 Κωνσταντι-

377 4831 677 4893 νουπόλεως
712 4831 1034 4902 Ἐκκλησίας
1065 4833 1396 4902 ὲπεϐόησανυ
1429 4852 1447 4884 ι
1471 4834 1677 4903 Ὀλίγοι
1708 4835 1942 4904 κράζου-

377 4940 482 4990 σιν,
522 4926 579 4978 ού
611 4925 756 4993 λέγει
826 4927 1120 4997 ὴσύνοδος.
1152 4946 1170 4978 ι
1215 4927 1352 4982 Μεθ’
1399 4928 1490 4992 οὓς
1527 4931 1575 4982 οἱ
1608 4929 1706 4999 τῆς
1762 4928 1838 4982 ἕω
1866 4926 1942 4982 εἷ-

377 5033 493 5081 πον,
534 5035 552 5067 t
581 5019 684 5069 Τὸν
716 5020 1014 5087 Αίγύπτιον
1051 5023 1116 5091 τῇ
1166 5019 1372 5092 ὲξορία.
1415 5039 1433 5072 ι
1473 5022 1538 5075 Ol
1589 5022 1647 5075 δὲ
1688 5021 1941 5090 Ἰλλυριοὶ

375 5106 745 5176 ἐκραύγασαν·
786 5127 804 5160 t
832 5110 1096 5178 Δεόμεθα,
1119 5112 1325 5174 πάντας
1356 5113 1598 5184 ἐλέησον.
1633 5132 1651 5165 ι
1686 5113 1823 5167 Μεθ’
1848 5111 1941 5178 οὓς

374 5201 424 5251 oi.
451 5199 783 5266 ἀνατολικοὶ,
841 5219 859 5252 ι
884 5202 986 5254 Τὸν
1008 5204 1307 5272 Αίγύπτιον
1333 5208 1399 5276 τῇ
1425 5207 1634 5278 ἐξορέᾳ.
1664 5224 1682 5257 ι
1709 5204 1943 5278 Ἐπξσηζ

373 5292 432 5345 δὲ
476 5294 584 5347 καὶς
615 5291 894 5364 Ἰλλυριῶν
939 5295 1238 5366 λεγόντων,
1279 5301 1328 5352 ol
1376 5300 1476 5369 τῆς
1523 5301 1939 5354 Κωνσταντίνου

371 5385 744 5457 ἐκραύγασαν·
764 5388 900 5442 εΤδν
914 5389 1274 5462 Διόσκοροντῇ
1306 5391 1608 5464 ἐξορίαοτδν
1638 5393 1940 5460 Αίγύπτιον

370 5485 435 5550 τῇ
469 5478 675 5551 ὲξορίᾳο
715 5481 805 5535 τὸν
828 5483 1101 5552 αἱρετικὸν
1121 5485 1187 5554 τῇ
1212 5484 1395 5556 ἐξορίᾳ
1416 5501 1429 5513 ο
1450 5486 1742 5555 Διόσκορον
1761 5487 1789 5538 ό
1806 5487 1942 5556 Χρι-

372 5579 494 5642 arb;
511 5579 809 5631 καθεῖλεν.»
832 5578 895 5631 Ol
921 5577 977 5630 δὲ
991 5576 1260 5648 Ἰλλυριοὶ,
1283 5597 1299 5628 ί
1331 5580 1540 5641 Πάντες
1559 5580 1936 5651 ἡμάρτομεν,ι

369 5668 555 5736 εἷπον,
597 5674 778 5730 «πᾶσι
829 5669 1202 5742 συγχώρησον,
1250 5672 1542 5741 Διόσκορον
1585 5677 1653 5745 τῇ
1706 5670 1939 5746 συνόδῳ·

368 5769 654 5835 Διόσκοροι]
697 5767 820 5825 ταῖς
860 5764 1195 5834 ἐκκλησίαις.
1231 5784 1248 5816 ι
1301 5767 1409 5818 Καὶ
1455 5765 1630 5821 ἄλλων
1675 5766 1733 5820 δέ
1776 5785 1942 5822 τινων

651 5931 899 5989 Ρλτιιυι.
962 5933 1072 5986 (in.
1108 5930 1297 5989 CXL‘
1327 5929 1403 5989 ll.

152 6439 213 6453 ——-
223 6427 312 6455 ’.αλλ’
643 6437 668 6459 ⁸,,

2049 4646 2301 4702 antitiste
2324 4643 2786 4716 congrederetur.
2836 4643 3004 4714 650
3047 4645 3113 4699 Et
3141 4633 3388 4716 episcopi
3440 4664 3637 4704 omnes

2049 4740 2245 4796 faustis
2269 4739 2771 4796 acclamationibus
2810 4738 2926 4793 haec
2968 4739 3290 4804 laudarunt,
3323 4743 3640 4797 vociferan-

2052 4845 2166 4891 tes:
2213 4834 2350 4890 «Nos
2379 4835 2459 4890 sic
2488 4831 2770 4888 credimus
2797 4848 2814 4885 :
2845 4846 3042 4886 omnes
3067 4832 3138 4886 ita
3162 4833 3461 4899 credimus,
3490 4837 3636 4892 sicut

2049 4929 2183 4992 Leo,
2209 4931 2282 4984 ita
2300 4929 2597 4984 credimus.
2623 4927 2794 4981 Nemo
2823 4935 3071 4981 nostrum
3099 4927 3347 4999 ambigit.
3377 4926 3486 4982 Nos
3500 4945 3624 4984 ont-

2052 5037 2150 5078 nes
2190 5021 2676 5091 subscripsimus.)
2712 5019 2920 5074 Deinde
2943 5019 3109 5075 verba
3144 5018 3260 5072 haec
3293 5020 3438 5074 dicta
3465 5031 3630 5077 sunt:

2059 5135 2077 5168 ι
2099 5115 2217 5170 Νοη
2246 5129 2472 5170 necesse
2503 5121 2587 5167 est
2617 5120 2675 5166 ut
2695 5125 2889 5165 omnes
2918 5109 3332 5164 conveniamus.
3363 5111 3637 5167 Caeterum

2051 5207 2310 5277 quoniam
2328 5221 2546 5276 aequum
2572 5213 2676 5270 est,
2693 5201 3095 5272 ambigentium
3116 5199 3278 5254 ﬁdem
3299 5202 3636 5266 confirmari,

2051 5299 2500 5370 religiosissimus
2526 5297 2825 5367 cpiscOpus
2857 5293 3148 5349 Anatolius
3192 5307 3258 5346 cx
3287 5291 3632 5363 subscripto-

2045 5394 2206 5449 ribus
2234 5393 2458 5462 deligat,
2488 5405 2628 5461 quos
2661 5388 2728 5443 ad
2755 5387 3093 5458 ambigentes
3117 5386 3395 5440 docendos
3417 5385 3633 5457 judica-

2052 5490 2196 5546 verit
2230 5503 2352 5545 esse
2377 5487 2658 5542 idoneos.»
2685 5483 2766 5539 lbi
2789 5483 2880 5553 qui
2910 5483 2964 5536 in
2999 5482 3213 5554 synodo
3234 5492 3632 5542 convenerant.

2052 5583 2364 5639 intulerunt
2388 5598 2402 5635 :
2432 5598 2452 5632 ‹
2480 5579 2524 5635 Α
2550 5577 2803 5633 Patribus
2827 5576 3091 5646 petimus,
3119 5585 3181 5630 ut
3208 5575 3401 5631 Patres
3427 5577 3637 5646 synodo

2052 5674 2374 5738 restituant,
2437 5679 2499 5726 ut
2562 5685 2722 5726 voces
2774 5679 2827 5723 et
2860 5683 3059 5739 preces
3087 5669 3522 5724 orthodo’xorum
3567 5666 3635 5720 ad

2052 5769 2441 5838 imperatorem
2469 5761 2748 5819 referant:
2783 5776 2974 5818 omnes
3022 5760 3403 5832 peccavimus,
3459 5760 3639 5816 omni-

3125 5927 3158 5983 λ
