2059 3234
219 203 272 238 109

678 199 979 230 ECCIESIASTICE
1001 197 1196 229 lIlSTORl.E
1218 196 1294 226 LIB.
1316 196 1378 226 XV.

1792 193 1842 226 1·ίο

218 261 265 290 καὶ
280 259 347 295 περὶ
364 257 456 286 αὐτῶν
471 255 527 284 τῶν
541 256 633 289 πέντε,
648 254 720 290 ὑπὲρ
735 252 774 283 ὢν
791 255 842 288 τὴν
859 253 993 288 παράκληι

1053 257 1176 280 nostrum
1198 251 1232 279 de
1252 252 1304 283 eis,
1320 256 1349 278 et
1368 250 1534 279 sententiam
1551 251 1664 285 pietatis
1681 251 1741 287 ejus
1760 260 1844 287 expe-

220 314 263 334 σιν
284 304 416 338 ποιεῖσθε,
438 303 488 331 καὶ
510 302 621 330 πάντων
632 301 687 329 τῶν
702 300 907 336 πεπραγμένων
921 301 950 326 ὲν
965 300 998 334 τῇ

220 351 322 387 συνόδῳ
342 351 425 381 δώσει
449 349 529 382 λόγον
554 348 594 383 τῷ
610 347 680 383 Θεῷ.
701 356 710 373 ι
728 347 946 381 ἐπευφήμησαν
958 345 1000 371 λέ-

219 406 312 434 γοντες
322 405 329 412 ·
348 406 359 423 ι
381 395 530 432 Διόσκορον
543 395 557 421 ό
574 393 644 426 Θεὸς
659 393 771 421 καθεῖλε
782 402 789 409 ·
803 393 947 428 Διόσκορος
962 392 1000 418 δι‹

220 445 306 477 καίως
322 442 462 479 καθῃρέθη
475 448 484 457 ⁸
508 441 654 476 Διόσκορον
668 441 682 467 ὁ
698 440 816 475 Χριστὸς
843 439 962 466 καθεῖλε.
988 447 998 463 ι

220 490 276 525 τῆς
289 489 312 517 δ’
326 488 381 515 ἀπὸ
394 486 555 523 Μαρκιανοῦ
580 486 753 521 ἀποκρίσεως
769 484 936 521 ἐνεχθείσης.
949 484 999 509 κὰ-

221 535 320 567 κιίνοις
335 532 537 569 ζπιτρεπούσης
550 532 585 559 τὰ
598 531 652 559 τῶν
673 532 875 567 καθῃρημένων
888 530 1000 557 ἐπισκό-

218 581 341 614 πων,.ὦς
362 580 409 608 διὰ
425 580 480 607 τῶν
495 579 634 615 ἀρχόντων
650 578 784 613 ἐδηλώθη,
800 578 886 605 ταῦτα
901 578 917 612 ἡ
935 577 1000 604 σύν-

216 627 277 659 οδος
299 626 347 653 ἐπὶ
376 625 476 658 λέξεως
505 622 589 651 εἷπε·
617 633 627 650 ι
652 622 873 659 Παρακαλοῦμεν
899 622 1000 653 αὐτοὺς

218 672 360 705 εἰσελθεῖν,
376 671 440 702 τοὺς
453 669 601 706 ὁμοδόξους
617 671 649 705 τῇ
673 669 785 704 συνόδῳ,
802 669 865 699 τοὺς
881 667 1000 702 ὁμόφρο-

218 727 266 750 νας
288 719 320 753 τῇ
346 717 457 751 συνόδῳ,
478 715 547 747 ,τοὺς
572 715 786 750 ύπογράψαντας
809 715 843 749 τῇ
868 713 998 747 ἐπιστολῇ

217 764 329 794 Λέοντος
342 763 375 798 τῇ
391 762 502 796 συνόδῳ.
523 771 533 788 ›
556 761 618 787 Ἐπὶ
633 761 739 792 τούτοις
756 760 784 786 αι
799 759 941 794 δεδομέναι
957 759 1000 784 δε-

217 811 294 845 ήσεις
314 809 471 836 ἐπισκόπων
498 808 547 843 τῆς
566 807 756 842 Αἰγυπτιακῆς
781 806 941 841 διοικήσεως
960 805 999 841 τῷ

179 848 183 852 ”
219 856 322 891 βασιλεῖ
337 855 490 891 Μαρκιανῷ
499 854 679 889 ἀναγνώσεως
692 854 804 889 ἔτυχον·
818 853 846 880 αἶ
862 852 930 888 πρὸς
943 854 999 884 τοῖς

217 902 308 934 ἄλλοις
322 901 370 929 καὶ
382 901 467 928 ταῦτα
480 901 513 936 δὴ
527 903 666 937 περιεῖχον
678 909 685 916 ·
704 910 714 926 ι
738 900 893 936 Φρονοῦμεν
907 898 999 929 καθὼς

1051 303 1171 326 ctamus.
1192 297 1299 333 Religio
1323 302 1415 325 autem
1430 301 1521 324 vestra
1534 302 1562 324 et
1578 297 1612 324 de
1632 298 1777 330 Dioscoro,
1796 299 1841 325 cui

1051 345 1213 380 dignitatem
1226 351 1305 371 sacra
1330 344 1472 378 majestate
1497 343 1634 378 nobisque
1647 344 1843 378 ignorantibus

1051 390 1218 426 abrogastis,
1232 395 1260 417 et
1274 389 1307 416 de
1325 391 1449 424 quinque
1464 390 1524 417 istis
1548 398 1598 425 pro
1614 390 1716 425 quibus
1738 391 1842 425 precati

1050 435 1128 467 estis,
1146 435 1264 470 denique
1278 436 1312 462 de
1323 435 1405 462 rebus
1417 435 1444 462 in
1458 435 1562 470 synodo
1570 435 1621 462 hac
1634 436 1720 470 gestis
1732 437 1841 463 univer-

1051 480 1100 513 sis,
1142 480 1198 507 Deo
1238 480 1374 508 rationem
1409 480 1516 507 reddet.
1543 490 1551 503 ι
1582 480 1752 508 Sententiam
1781 489 1849 512 eam,

1051 526 1300 554 acclamationibus
1339 528 1463 562 episcopi
1502 528 1668 562 probarunt,
1694 529 1839 556 dicentes:

1053 581 1063 598 ι
1085 573 1247 600 Dioscorum
1264 574 1337 600 Deus
1363 575 1564 604 exauctoravit.
1594 574 1742 601 Dioscorus
1767 575 1841 611 juste

1052 618 1196 646 abdicatus
1208 624 1260 652 est,
1273 619 1407 646 Dioscoro
1434 620 1561 647 Christus
1588 621 1749 655 dignitatem
1774 622 1839 648 ade-

1051 666 1127 692 mit.)
1145 666 1316 701 Postquama
1327 667 1465 694 Marciano
1483 675 1646 702 responsum
1660 667 1771 693 allatum
1786 672 1840 696 est.

1050 718 1105 744 quo
1119 711 1255 746 episcopis
1269 712 1335 747 quid
1350 714 1383 740 de
1398 713 1586 740 exauctoratis
1605 713 1659 740 illis
1673 716 1840 741 statuerent.

1049 757 1130 793 652
1146 758 1282 793 permisit,
1300 759 1382 787 sicuti
1398 759 1450 786 hoc
1463 767 1477 786 a
1490 759 1664 794 principibus
1686 759 1840 786 indicatum

1049 810 1102 838 est,
1120 805 1242 840 synodus
1258 806 1311 833 hoc
1328 806 1367 833 sic
1380 805 1414 833 ad
1427 806 1542 833 verbum
1559 806 1629 833 dixit
1644 814 1651 832 :
1673 815 1681 831 ι
1701 805 1840 840 Rogamus

1049 860 1098 881 cos
1115 858 1144 880 ut
1155 853 1356 888 ingrediantur,
1372 854 1477 889 synodo
1492 854 1537 888 qui
1554 853 1678 889 ejusdem
1693 853 1838 880 nobiscum

1050 900 1195 927 sententia?
1215 905 1280 927 sunt
1296 901 1491 933 restituantur,
1518 900 1624 935 synodo
1651 899 1780 934 quicum
1807 906 1839 926 ea

216 949 270 976 καὶ
281 949 307 976 οι
321 949 471 984 τριακόσιοι
483 949 550 975 δέκα
563 950 611 976 καὶ
622 947 695 974 όκτὼ
706 948 735 974 ὲν
745 947 848 980 Νικαίᾳ
862 946 993 978 ἐξέθεντο,

1050 945 1122 972 idem
1136 945 1287 980 opinantur
1299 947 1463 979 reddantur,
1477 946 1510 973 ad
1526 946 1661 981 synodum
1677 945 1725 981 qui
1739 945 1840 973 Leonis

217 997 267 1023 καὶ
280 997 295 1023 ό
309 995 442 1031 μακάριος
462 995 633 1028 ’Δθανάσιος,
647 994 696 1021 καὶ
709 995 723 1020 ό
739 994 768 1020 ὲν
791 993 879 1027 ἁγίοις
897 992 997 1027 Κύριλ-

217 1041 274 1074 λος.
286 1041 530 1076 ἁναθεματίζοντες
542 1042 634 1068 πᾶσαν
645 1040 762 1075 αἰρεσιν,
774 1040 826 1074 τήν
842 1048 871 1065 τε
890 1039 996 1073 Ἀρείου

219 1089 267 1116 καὶ
281 1087 422 1123 Εὖνομίου,
443 1089 489 1115 καὶ
513 1087 607 1119 Μάνου
632 1088 681 1113 καὶ
704 1085 865 1121 Νεστορίου,
881 1085 997 1112 καὶτῶν

220 1133 347 1169 λεγόντων
359 1133 523 1169 ὶξοὺρανοῦ
540 1133 589 1169 τὴν
607 1133 696 1167 σάρκα
718 1132 765 1159 τοῦ
788 1131 892 1164 κυρίου
917 1130 997 1166 ἡμῶν

220 1178 357 1214 ἀκωκαὶ
369 1180 407 1215 μὴ
422 1181 455 1206 ἐκ
471 1179 522 1214 τῆς
543 1179 624 1213 ἁγίας
636 1178 771 1206 θεοτόκου
789 1178 837 1204 καὶ
851 1177 998 1211 ἀει-παρθέ-

218 1233 264 1253 νου
282 1225 395 1259 Μαρίας
409 1224 471 1253 καθ’
493 1224 640 1259 ὁμοιότητα
667 1224 776 1250 πάντων
804 1223 884 1257 ἡμῶν
911 1224 996 1257 χωρὶς

217 1271 362 1306 ἁμαρτίας.
383 1280 393 1297 ι
407 1271 480 1306 Πρὸς
496 1270 569 1306 ἅπερ
580 1271 605 1297 οι
618 1269 666 1304 τῆς
690 1269 801 1296 συνόδου
816 1268 936 1304 ἔκραξαν
953 1268 996 1293 λέ-

215 1325 308 1352 γοντες
319 1324 328 1333 ·
344 1325 354 1343 ι
376 1316 414 1344 Τὸ
426 1316 516 1351 δόγμα
540 1315 691 1351 Εὑτυχοῠς,
702 1315 747 1342 διὰ
763 1315 789 1342 τί
806 1315 845 1350 μὴ
866 1315 914 1341 καὶ
931 1315 997 1340 αὐτὸ

215 1363 401 1393 ηονπὶὸαλον
414 1362 568 1398 ἁναθέματι
581 1371 588 1396 ;
605 1363 644 1398 Τῇ
657 1362 789 1398 ἐπιστολῇ
802 1361 918 1393 Λέοντος
932 1361 997 1386 ὑπο-

214 1410 319 1445 γρόψαι
342 1409 517 1445 δφείλουσινυ
545 1408 791 1444 ἀναθεματίζοντες
817 1408 934 1442 Εὑτυχεῖ
950 1408 996 1433 καὶ

212 1455 271 1486 τοίς
285 1454 417 1488 Mutua“
430 1453 526 1486 αὐτοῦ,
541 1453 691 1480 σύνθωνται
711 1453 743 1487 τῇ
760 1452 891 1486 ἐπιστολῇ
915 1451 997 1478 Δέον-

214 1508 272 1532 τος.
294 1499 439 1533 Διαηαϊξαι
468 1499 543 1534 ἡμᾶς
575 1498 718 1534 βούλονται
747 1499 796 1525 καὶ
821 1497 959 1525 ἀπελθεῖν.
983 1506 992 1523 ι

214 1547 287 1583 Πρὸς
301 1546 385 1580 uisa
400 1547 425 1573 οῐ
437 1545 583 1581 Αἰγύπτιοι
599 1546 745 1572 ἐπίσκοποι
760 1542 837 1571 εἷπον
847 1552 856 1561 ο
873 1553 881 1570 ι
899 1544 995 1571 Πολλοί

211 1592 284 1626 εἰσιν
298 1593 328 1624 ιν
344 1592 475 1627 Αἰγύπτῳ
491 1591 637 1618 ἐπίσκοποι
651 1598 659 1607 ο
679 1591 727 1618 καὶ
746 1591 796 1617 οὐκ
811 1589 871 1623 ὲξδν
885 1591 951 1625 ἡμῖν
965 1590 995 1616 τὸ

211 1638 268 1666 τῶν
293 1637 561 1673 ἀπυλιμπανομένων
589 1636 771 1669 ἀναδέξασθαι
799 1637 956 1672 πρόσωπον.
981 1645 991 1662 ι

188 1675 193 1681 Γ
212 1683 267 1711 Καὶ
284 1683 388 1711 ίκισίαν
401 1684 435 1719 τῇ
452 1683 555 1717 συνόδῳ
572 1683 724 1718 προσῆγον,
736 1682 782 1709 τὸν
795 1682 887 1709 αὐτῶν
900 1682 994 1718 ἀρχιε-

213 1730 348 1758 illm-my
363 1730 533 1765 περιμένειν,
548 1729 587 1760 ὡς
599 1729 634 1757 ἂν
643 1730 676 1764 τῇ
688 1729 796 1756 ἐκείνου
810 1728 909 1764 γνώμῃ
921 1729 993 1756 κατὰ

212 1776 245 1803 τὸ
259 1776 395 1804 συνοδικδν
407 1776 467 1808 ἔθος
484 1775 613 1810 ἕψωνται.
629 1775 662 1801 Et
676 1775 730 1810 γὰρ
755 1774 808 1810 πρὸ
818 1774 868 1809 τῆς
883 1773 930 1801 τοῦ
945 1782 993 1801 κα-

213 1821 362 1858 θηγεμόνος
389 1821 489 1858 βουλῆς
505 1830 533 1848 τι
555 1820 716 1856 προαχθῶσι
731 1820 845 1856 πρᾶξαι,
858 1820 993 1847 ἐπιθεῖναι

212 1869 304 1900 αὺτοῖς
332 1868 395 1900 τοὺς
421 1868 471 1904 τῆς
495 1867 631 1903 ἐπαρχίας
652 1867 833 1899 ἐπισκόπους.
851 1867 957 1901 Πολλῆς
971 1866 993 1893 δ’

211 1912 414 1951 [pm/41:70.5
427 1913 540 1940 ἐκείνων
565 1913 611 1940 καὶ
628 1913 678 1948 τῆς
710 1912 821 1939 συνόδου
840 1913 992 1948 γεγενημέ-

212 1967 270 1994 νης,
285 1958 362 1995 μόλις
373 1959 482 1994 ἐνεδόθη
498 1959 589 1991 αὐτοῖς
602 1959 655 1991 ἕως
668 1956 699 1987 οὗ
712 1959 864 1990 ὶπίσκοπος
876 1959 993 1991 ἐκείνοις

211 2005 425 2042 πραχιιριοθείη.
449 2003 517 2032 Εἶτα
531 2006 638 2040 δεήσεις
651 2005 733 2032 τινῶν
748 2005 875 2040 μοναχῶν
901 2005 993 2040 παρή-

210 2059 309 2087 γοντο·
329 2049 367 2080 ὦν
382 2053 412 2080 τδ
437 2051 585 2087 κεφάλαιον
600 2050 644 2087 ἦν,
669 2052 706 2088 μὴ
730 2051 845 2085 ἐπάγειν
869 2051 992 2085 ἀνάγκην

210 2098 307 2130 αὐτοὺς
323 2099 439 2134 χάρταις
465 2098 692 2132 καθυπογράφειν
720 2099 787 2130 τισὶ,
804 2097 902 2132 μέχρις
924 2097 957 2123 ἂν
975 2098 991 2132 ἡ

210 2144 285 2172 πᾶσα
309 2143 418 2176 σύνοδος
437 2143 608 2179 ἁθροισθείη,
632 2143 667 2178 ἢν
695 2143 824 2174 ἐθέσπιζε
852 2142 990 2177 βασιλεὺς,

209 2189 258 2216 καὶ
269 2190 302 2216 τὰ
315 2189 493 2224 τιωπωμόνα
506 2188 597 2220 καλῶς
612 2188 725 2223 διαγνῷ.
739 2184 790 2214 ’Ὧν
808 2188 992 2222 ἀναγνωσθει-

210 2233 275 2266 σῶν,
286 2234 414 2269 Διογένης
424 2234 575 2266 ἐπίσκοπος
589 2234 712 2265 Κυζίκου
728 2234 840 2260 ἀνεῖπεν
855 2234 904 2259 ἕνα
920 2231 990 2260 εἶναι

1008 1617 1031 1650 C

1049 991 1173 1026 epistolae
1185 992 1414 1028 subseripscrunt
1431 997 1617 1020 revertantur.
1635 1002 1644 1018 ι
1665 993 1761 1019 Postea
1775 999 1839 1026 sup-

1050 1039 1137 1073 plices
1173 1040 1369 1073 episcoporum
1409 1038 1543 1074 [Egyptize
1581 1039 1709 1067 dimcesis
1752 1039 1837 1067 libelli

1048 1085 1188 1113 Marciano
1202 1086 1298 1117 oblati,
1314 1086 1376 1113 lecti
1399 1091 1475 1117 sunt.
1495 1087 1523 1114 in
1542 1087 1645 1122 quibus
1660 1092 1760 1121 praeter
1784 1088 1837 1114 alia

1048 1129 1107 1158 haec
1138 1130 1234 1158 fuere:
1254 1140 1263 1157 ι
1289 1131 1529 1164 Quemadmodum
1550 1133 1666 1159 trecenti
1687 1132 1783 1159 decem
1810 1137 1839 1159 et

1047 1181 1110 1204 octo
1127 1177 1155 1204 in
1172 1177 1280 1205 Nicaena
1299 1178 1367 1205 urbe
1386 1178 1480 1205 Palles
1502 1179 1724 1213 promulgarunt,
1751 1179 1789 1206 ita
1811 1185 1839 1206 et

1048 1230 1099 1250 nos
1111 1222 1267 1250 sentimus:
1288 1227 1316 1250 et
1339 1223 1508 1250 anathemati
1528 1225 1693 1259 subjicimus
1709 1225 1836 1252 haeresim

1046 1277 1157 1297 onmem
1174 1270 1231 1296 Arii
1258 1274 1286 1297 et
1305 1270 1446 1302 Eunomii,
1463 1276 1491 1297 et
1515 1270 1631 1298 Manetis
1653 1275 1681 1297 ct
1704 1271 1836 1304 Nestorii,

1046 1317 1197 1344 et'eorum
1230 1317 1277 1351 qui
1291 1317 1389 1344 dicunt
1417 1324 1529 1344 carnem
1563 1317 1670 1345 Dmnini
1690 1318 1776 1345 nostri
1803 1319 1838 1346 de

1046 1362 1117 1390 caelo
1137 1363 1258 1395 venisse,
1287 1367 1315 1390 et
1341 1371 1397 1390 non
1428 1371 1461 1390 ex
1487 1369 1583 1391 sancta
1616 1364 1664 1391 Dei
1695 1364 1837 1392 Genitrice

1046 1412 1130 1443 atque
1155 1413 1289 1444 perpetua
1323 1410 1428 1445 virgine
1453 1410 1537 1437 Maria
1565 1415 1735 1446 assumptam
1763 1419 1836 1443 esse,

1044 1454 1122 1489 juxta
1154 1454 1366 1482 similitudinem
1397 1456 1522 1483 omnium
1560 1462 1698 1490 nostrum,
1730 1457 1836 1492 absque

1044 1505 1169 1535 peccato.
1189 1510 1199 1527 ι
1215 1501 1316 1528 Adha3c
1330 1502 1452 1537 synodus
1467 1503 1625 1530 exclamans
1642 1503 1712 1530 dixit
1732 1512 1739 1530 :
1763 1503 1834 1531 «Cur

1046 1547 1206 1582 Eutychetis
1221 1548 1303 1575 etiam
1319 1547 1418 1583 dogma
1444 1549 1620 1576 anathemate
1642 1557 1696 1576 non
1716 1547 1837 1577 feriunt?

1048 1592 1178 1627 Epistolas
1195 1593 1294 1621 Leonis
1316 1594 1492 1622 subscribere
1518 1595 1632 1628 debent,
1652 1597 1834 1632 Eutychetem

1046 1642 1074 1666 et
1098 1638 1225 1674 dogmata
1246 1640 1308 1675 ejus
1331 1640 1513 1668 anathemate
1528 1641 1706 1676 jugulantes;
1734 1642 1836 1669 Leonis

1046 1684 1171 1719 epistolae
1186 1685 1374 1713 consentiant.
1394 1685 1513 1713 ltludere
1536 1687 1617 1714 nobis
1637 1693 1665 1715 ct
1693 1688 1835 1716 discedere

1045 1730 1152 1769 volunt.
1172 1740 1181 1756 ι
1199 1730 1238 1758 lbi
1253 1736 1310 1758 tum
1325 1731 1444 1767 Egyptii
1455 1733 1576 1768 episcopi
1593 1734 1709 1762 dixere:
1732 1743 1740 1760 ι
1758 1736 1834 1763 Multi

1045 1780 1109 1803 sunt
1129 1776 1156 1803 in
1175 1776 1294 1812 Egypto
1311 1779 1435 1814 episcopi
1456 1788 1463 1807 :
1479 1788 1568 1814 neque
1584 1781 1675 1814 nobis,
1690 1786 1720 1808 ut
1736 1790 1833 1809 eorum

1045 1830 1191 1857 personam
1204 1824 1251 1858 qui
1272 1823 1372 1851 absunt
1385 1824 1582 1858 sustineamus,
1599 1826 1736 1861 integrum
1752 1832 1804 1855 est.
1822 1838 1831 1855 ι

1045 1867 1082 1894 Et
1099 1869 1209 1903 synodo
1221 1869 1425 1903 suppliearunt.
1442 1874 1471 1896 ut
1484 1870 1535 1902 eis,
1547 1871 1637 1906 quoad
1649 1872 1834 1907 archiepisco-

1045 1920 1109 1946 pum
1127 1920 1208 1940 suum
1229 1913 1376 1945 haberent,
1393 1920 1553 1949 exspectare
1575 1916 1696 1950 liceret,
1722 1923 1820 1946 senten

1045 1959 1110 1985 tiam
1131 1964 1158 1985 et
1188 1960 1381 1987 auctoritatem
1423 1960 1509 1994 illius,
1543 1962 1622 1996 juxta
1663 1965 1830 1998 synodorum

1045 2006 1288 2038 consuetudinem,
1319 2006 1470 2033 secuturis.
1499 2006 1528 2033 Si
1556 2008 1630 2035 enim
1648 2014 1749 2043 praeter
1773 2011 1834 2045 ejus

1044 2051 1191 2078 consilium
1218 2051 1266 2086 qui
1296 2052 1336 2079 eis
1360 2052 1490 2086 praeiret,
1515 2058 1639 2081 statuere
1665 2059 1711 2081 aut
1742 2055 1834 2084 facere

1044 2097 1195 2131 quidquam
1212 2097 1238 2123 in
1255 2097 1348 2124 animo
1361 2097 1537 2131 inducerent,
1554 2099 1624 2126 male
1640 2107 1669 2126 se
1687 2109 1701 2127 a
1721 2103 1833 2135 provin-

1043 2144 1093 2171 cia:
1122 2151 1179 2171 sua:
1203 2143 1341 2178 episcopis
1365 2149 1510 2178 acceptum
1542 2145 1597 2176 iri,
1627 2146 1767 2174 dixerunt.
1801 2149 1834 2175 Et

1043 2198 1141 2226 magna
1162 2190 1236 2218 inter
1259 2198 1307 2218 eos
1327 2195 1355 2218 et
1377 2191 1513 2226 synodum
1537 2194 1717 2221 contentione
1747 2200 1831 2228 mola,

1043 2238 1088 2263 vix
1105 2237 1215 2264 tandem
1233 2237 1285 2270 eis,
1303 2243 1332 2264 ut
1348 2238 1437 2272 quoad
1449 2238 1596 2273 episcopus
1611 2240 1653 2266 eis
1671 2240 1831 2276 designare-

209 2277 320 2306 ἐκείνων
333 2277 506 2313 Βαραουμᾶν,
523 2278 604 2305 αὑτὸν
620 2279 675 2314 γὰρ
692 2278 805 2312 κράξαι,
828 2278 945 2313 Σφόιξον,
959 2278 989 2310 ὃς

1045 2286 1314 2318 lur,exspectarent,
1337 2291 1503 2311 concessum
1527 2290 1580 2312 est.
1605 2285 1710 2313 Deinde
1735 2295 1832 2322 preces

210 2322 308 2358 αφάξοι
320 2323 466 2350 Φλαδιανόν
478 2331 484 2339 ·
507 2324 554 2350 καὶ
571 2323 609 2359 μὴ
625 2323 663 2354 ὡς
681 2323 753 2354 εῑκδς
772 2323 877 2349 εἰσόδου
894 2325 989 2358 τυχεῖν

210 2366 250 2405 μὴ
262 2369 421 2404 ιγκείμενος
435 2369 497 2401 ταῐς
511 2369 636 2405 δεήσεσιν
648 2377 657 2385 ·
669 2367 709 2401 οἷς
723 2370 878 2405 ἐπεϐόησαν
888 2370 989 2401 πάντες

209 2414 235 2441 οι
247 2415 400 2448 ὲπίσκοποι,
417 2423 426 2441 ι
442 2415 532 2442 ﬁdem
542 2414 641 2450 Συρίαν
655 2415 818 2450 Βαρσουμᾶς
835 2415 967 2450 ἠφάνισεν
981 2423 988 2430 ο

209 2461 347 2496 ιπὴγαγιν
362 2460 428 2497 ἡμῖν
441 2460 542 2496 χιλίους
565 2461 733 2496 μονάζοντας
746 2469 769 2487 ³)
784 2462 832 2488 καὶ
847 2461 927 2496 λόγου
945 2470 989 2496 γε-

208 2505 321 2539 νομόνου
333 2504 396 2536 τοὺς
411 2503 632 2540 συνεληλυθότας
657 2506 805 2540 ἀναμεῖναι
820 2506 869 2541 τὴν
882 2506 987 2533 συνοδι-

206 2549 260 2586 κήν
272 2549 450 2582 διατύπωσιν,
471 2551 497 2577 οι
520 2552 634 2587 μοναχοὶ
660 2551 837 2586 κατηξίωσαν
850 2551 914 2583 τοὺς
925 2561 988 2579 συν-

205 2594 334 2627 τιθέντας
347 2595 451 2627 τούτοις
462 2596 600 2629 meum;
611 2597 820 2632 ἀιαγνωσθῆναι
831 2606 838 2614 ·
851 2595 889 2625 ὦν
903 2599 988 2634 μέρος

203 2639 251 2678 ἦν,
264 2641 336 2669 ὥστε
350 2643 495 2678 Διόσκορον
506 2643 561 2679 {uel
574 2643 638 2675 τοὺς
657 2645 705 2670 σὺν
730 2644 805 2680 αὐτῷ
820 2646 988 2676 ἐπισκόπους

203 2687 245 2723 τῷ
268 2679 399 2723 συνεδρίῳ
414 2689 594 2725 παραϐαλεῖν.
611 2690 682 2726 Πρὸς
698 2690 727 2717 δὲ
742 2679 829 2717 ταύτα
846 2691 948 2723 πάντες
962 2693 987 2719 ot

203 2735 352 2763 ιπίσκοποι
369 2735 526 2772 ιπεδόησαν
539 2744 547 2752 ο
563 2746 572 2762 ι
594 2736 732 2773 ’Δνάθεμα
744 2738 894 2773 Διοσκόρῳ.
909 2739 987 2766 Διόσ-

202 2789 286 2817 κορσν
297 2783 313 2808 ό
328 2781 448 2818 Χριστος
467 2782 587 2811 καθεῖλε.
606 2783 726 2816 Τούτους
743 2784 795 2818 ἔξω
811 2784 886 2820 βάλε.
902 2783 987 2820 *Αρον

201 2828 282 2865 ὕϐριν
307 2827 359 2864 τῆς
386 2828 517 2855 συνόδου’
531 2827 598 2863 ἆρον
623 2830 684 2865 βίαν
708 2831 757 2866 τῆς
776 2831 904 2858 συνόδου·
919 2829 987 2868 ἆρον

199 2873 296 2912 αἴσιος
319 2876 372 2912 τῆς
390 2876 512 2905 συνόδου.
531 2887 542 2904 ι
569 2878 640 2914 Πρδς
657 2878 676 2905 ἃ.
692 2879 716 2905 οἱ
732 2879 844 2914 μοναχοὶ
870 2880 988 2906 ἀντιτεί-

198 2927 294 2956 νοντες
305 2923 426 2960 ἔκραζον
435 2930 445 2938 ·
466 2933 476 2951 ι
498 2922 584 2960 Ἆρον
598 2925 678 2960 ὓϐριν
690 2926 744 2954 τῶν
761 2927 963 2962 μοναστηρίων.
972 2937 981 2953 ι

1040 2329 1238 2356 monachorum
1253 2330 1437 2364 quorumdam
1452 2330 1596 2365 producta:
1619 2337 1696 2363 sunt.
1712 2341 1829 2368 quarum

1040 2375 1099 2401 lnec
1115 2379 1175 2402 erat
1187 2383 1304 2408 summa,
1319 2383 1354 2403 ne
1369 2376 1411 2403 eis
1422 2379 1577 2405 necessitas
1601 2378 1705 2406 chartis
1732 2381 1830 2415 aliqui-

1040 2421 1092 2448 bus
1122 2422 1317 2449 subscrihendi
1353 2423 1556 2458 imponeretur,
1591 2425 1682 2454 donec
1706 2428 1830 2462 synodus

1041 2468 1178 2500 universa,
1192 2476 1276 2502 quam
1301 2470 1455 2504 imperator
1470 2470 1529 2505 ipse
1549 2472 1699 2506 cogendam
1724 2473 1829 2501 sanxis—

1040 2518 1092 2546 set,
1126 2519 1293 2550 congregata
1321 2520 1407 2548 esset.
1436 2521 1464 2544 et
1489 2517 1601 2544 decreta
1626 2518 1687 2553 ejus
1716 2518 1770 2546 rite
1799 2519 1828 2546 in

1040 2560 1175 2595 scriptqu
1193 2562 1279 2589 relata
1291 2563 1434 2598 recognita
1458 2568 1561 2591 essent.
1590 2564 1635 2590 Eis
1657 2564 1744 2597 lectis,
1767 2565 1829 2592 Dio-

1039 2615 1123 2642 genes
1146 2608 1295 2643 episcopus
1318 2609 1411 2644 Cyzici
1436 2609 1517 2642 dixit,
1547 2610 1709 2638 Barsumam
1744 2619 1829 2639 unum

1039 2652 1111 2680 inter
1125 2660 1173 2681 eos
1186 2653 1234 2689 qui
1249 2653 1289 2680 ibi
1305 2654 1503 2682 convenissent
1516 2662 1586 2687 esse,
1604 2656 1651 2690 qui
1667 2656 1829 2684 Flavianum

1036 2698 1212 2733 jugulavcrit.
1230 2698 1322 2733 Ipsum
1340 2699 1425 2732 enim,
1439 2699 1555 2733 Σφάξον,
1578 2699 1632 2728 hoc
1653 2705 1707 2733 est,
1729 2701 1829 2737 Jugula

1038 2744 1207 2771 exclamasse
1223 2751 1230 2770 :
1248 2752 1338 2778 neque
1352 2749 1410 2771 tum
1425 2744 1559 2779 legitime,
1572 2745 1646 2780 quod
1666 2746 1694 2773 in
1709 2747 1828 2781 supplici

1038 2791 1132 2819 libello
1144 2791 1305 2818 nominatim
1318 2791 1441 2818 insertus
1459 2798 1514 2818 non
1536 2796 1621 2824 esset,
1643 2792 1670 2819 in
1693 2792 1829 2828 synodum

1039 2837 1159 2864 venisse.
1168 2837 1208 2864 Ad
1222 2838 1280 2865 haec
1288 2838 1368 2865 verba
1377 2838 1499 2873 episcopi
1511 2846 1609 2866 omnes
1620 2839 1809 2867 exclamarunt
1821 2847 1829 2866 :

1042 2890 1051 2907 ι
1067 2881 1173 2917 Syriam
1192 2891 1302 2911 omnem
1312 2884 1458 2912 Barsumas
1473 2886 1601 2917 vastavit,
1614 2890 1642 2913 et
1659 2886 1734 2913 mille
1750 2886 1832 2914 nobis

1039 2931 1189 2958 monachos
1203 2930 1336 2958 induxit.»
1347 2931 1524 2968 653Atque
1541 2932 1586 2960 ubi
1606 2933 1727 2968 synodus
1742 2933 1829 2961 inter—
