4118 6458
560 373 663 448 lll

1759 379 2184 440 NlCEPllORl
2233 379 2583 442 CALLESTI
3633 414 3639 422 ·
3704 383 3791 449 112

509 513 514 516 ·
556 498 761 555 locuta.
786 510 880 550 eos
909 495 1000 564 qui
1029 494 1435 559 convenissent,
1462 493 1778 565 synodalem
1803 490 2127 547 decisiouetr

2245 495 2366 548 Τὡν
2403 495 2536 547 ἴσων
2586 498 2640 550 δὲ
2696 497 2858 551 πάλιν
2890 499 2952 551 ἐκ
2987 498 3084 564 τῆς
3131 497 3352 551 συνόδου
3392 495 3790 569 ἐπιδηθέντωη.

558 586 862 653 ΡτωειοΙιιι-ἰ
915 585 1082 656 jussit
1131 600 1145 636 :
1193 583 1507 650 ‘monachi,
1563 592 1623 638 ut
1688 584 1855 639 libelli
1914 584 1986 638 ab
2055 585 2138 636 eis

556 679 849 750 compositi
900 679 1237 748 legerentur,
1293 676 1662 746 postularunt.
1715 677 1960 742 Quorum
2012 693 2139 746 pars

557 772 807 842 qttmdam
841 777 982 830 erat,
1025 777 1080 820 ut
1137 766 1453 829 Dioscorus,
1487 775 1544 820 et
1579 768 1674 834 qui
1713 783 1835 820 cum
1865 783 1933 821 eo
1979 775 2135 822 erant

557 861 823 933 episcopi,
859 861 912 914 in
942 873 1266 914 consessum
1296 858 1739 911 admitterentur.
1763 855 2035 913 C:rterum
2069 858 2136 912 ad

548 959 884 1027 petitionem
940 969 1061 1007 eam
1130 950 1376 1022 episcopi
1442 963 1631 1003 omnes
1691 951 2067 1003 exclamarunt
2120 966 2135 1002 :

555 1064 582 1102 ἰ
643 1048 948 1103 Anatliema
999 1048 1049 1098 in
1099 1046 1450 1103 Dioscorum,
1514 1040 1832 1095 Dioscorum
1880 1039 2138 1096 Christus

540 1141 952 1198 exauctoravit.
994 1137 1290 1192 Monachus
1330 1135 1494 1188 hosce
1538 1133 1710 1203 ejice;
1746 1133 2136 1188 contumeliam

551 1236 747 1309 synodi
772 1235 930 1296 tolle;
953 1233 1060 1285 vim
1087 1230 1298 1300 synodo
1319 1229 1522 1281 illatam
1544 1227 1707 1291 tolle;
1732 1228 1992 1296 probrum
2015 1241 2142 1297 syn-

551 1330 645 1384 odi
677 1329 824 1381 tolle.
855 1345 872 1377 ι
904 1326 1079 1394 Atque
1113 1326 1402 1376 adversum
1434 1335 1498 1374 ea
1530 1318 1782 1374 monachi
1822 1327 2012 1372 contra
2044 1334 2141 1372 vo-

554 1421 765 1477 ciferati
791 1429 954 1474 sunt:
985 1437 1002 1469 ι
1039 1416 1492 1472 Monasteriorum
1536 1412 1924 1467 contumeliam
1952 1414 2132 1468 tolle.)

555 1515 623 1570 Et
653 1529 778 1570 cum
807 1511 1054 1582 synodus
1085 1524 1307 1564 rursum
1345 1505 1770 1561 vociferationes
1811 1522 1939 1560 suas
1976 1522 2137 1575 repe-

559 1616 723 1672 teret,
761 1621 860 1676 per
911 1601 1402 1657 interlocutionem
1450 1597 1649 1667 reliqui
1700 1598 1918 1652 illorum
1966 1597 2139 1653 libelli

554 1701 662 1770 legi
703 1705 830 1754 sunt
855 1697 993 1768 jussi
1029 1711 1042 1749 :
1077 1692 1172 1764 qui
1198 1691 1519 1756 narrabant,
1557 1700 1844 1756 nonrecte
1879 1691 2139 1745 Dioscoro

550 1793 880 1864 dignitatem
921 1787 1235 1855 ademptam
1269 1798 1392 1839 esse
1428 1793 1524 1837 :et
1570 1783 1876 1852 quaestione
1914 1781 1982 1836 de
2033 1782 2139 1836 tide

554 1883 861 1957 proposita,
901 1881 1054 1935 illum
1095 1879 1149 1930 in
1184 1890 1503 1932 consessum
1552 1874 1738 1928 venire
1768 1873 1991 1928 debere.
2040 1873 2140 1928 Sin

553 1975 761 2035 minus,
801 1973 1134 2024 vestimenta
1173 1980 1232 2020 se
1263 1978 1615 2022 excussuros.
1652 1976 1707 2017 et
1749 1965 1818 2016 ab
1849 1964 2140 2033 episcopo-

552 2080 674 2118 rum
704 2063 799 2133 qui
835 2061 909 2114 ibi
954 2060 1349 2113 convenissent
1383 2055 1773 2109 communione
1821 2069 2138 2110 secessui-os

552 2173 695 2220 esse,
733 2155 1016 2210 dixerunt.
1051 2149 1148 2204 llis
1199 2147 1383 2202 verbis
1433 2145 1658 2210 auditis,
1712 2145 1902 2200 Aetius
1957 2147 2140 2201 azclii-

2240 585 2532 661 διελαλήοη
2560 592 2686 653 τοὺς
2711 590 2931 654 λοιποὺς
2957 591 3066 644 τῶν
3090 589 3350 645 λιὸέλλων
3368 591 3547 660 τυχεῖν
3573 591 3794 662 ἀναγνώ-

2244 697 2382 744 σεως
2411 698 2423 710 ⁸
2449 684 2498 736 οἳ
2522 683 2828 754 διεξῄεσαν,
2859 686 2936 754 μὴ
2965 679 3350 755 προσηκόντως
3375 683 3472 754 τὴν
3499 682 3794 752 καθαίρεσιν

2241 774 2518 845 Διοσκόρῳ
2565 775 2818 844 γενέσθαι
2846 793 2859 807 ·
2895 778 2993 830 καὶ
3027 777 3228 848 χρῆναι
3271 777 3552 846 ζητήσεως
3579 775 3792 834 πίστεως

2244 867 2642 938 προκειμένης,
2696 871 2793 922 καὶ
2825 868 2992 922 αὐτὸν
3025 869 3124 921 τοῦ
3170 869 3454 939 συνεδρίου
3504 867 3792 938 μετασχεῖν.

2244 959 2308 1011 Et
2337 958 2381 1011 δ’
2421 956 2538 1024 οὖν,
2575 960 2644 1012 τὰ
2681 960 2876 1028 ἱμάτια
2929 961 3111 1014 αὐτῶν
3159 961 3561 1022 ἀποτινάσσειν,
3610 960 3794 1011 διιστα⁹

2247 1052 2440 1119 μένους
2494 1055 2594 1122 τῆς
2649 1052 2936 1116 κοινωνίας
2984 1053 3093 1106 τῶν
3131 1052 3566 1123 συνεληλυθότων
3598 1049 3791 1102 ἐπισκό-

2243 1159 2384 1196 πω).
2437 1143 2658 1198 Τούτων
2711 1146 3047 1216 εἰρημένων,
3117 1146 3328 1209 Ἀέτιος
3370 1145 3398 1198 ό
3437 1143 3794 1214 ἀρχιδιάκονος

2243 1232 2445 1285 κανόνα
2477 1232 2895 1301 ύπανεγίνωσκε
2952 1235 3081 1302 περὶ
3128 1234 3240 1286 τῶν
3293 1232 3658 1302 ἀφοριξόντων
3687 1231 3796 1282 tau-

2241 1324 2370 1388 τούς
2399 1341 2417 1358 ⁸
2450 1330 2546 1379 καὶ
2573 1325 2856 1392 διενέξεως
2885 1329 3192 1395 γενομένης
3222 1325 3425 1395 μεταξὺ
3460 1323 3563 1376 τῶν
3592 1321 3797 1374 ἐπισκό-

2246 1431 2363 1466 πων
2397 1412 2493 1466 καὶ
2531 1415 2806 1485 μοναχῶν,
2840 1414 2954 1469 τῶν
2999 1415 3101 1482 μὲν
3137 1414 3444 1485 ἀναθέματι
3475 1408 3798 1465 καθυποόειλ-

2243 1503 2448 1558 λόντων
2473 1505 2768 1576 Διόσκορον
2816 1506 2909 1558 καὶ
2941 1504 3181 1575 Εὐτυχῆ,
3207 1505 3318 1558 τῶν
3366 1504 3425 1556 δὲ
3473 1515 3801 1573 παρακρουο-

2247 1596 2448 1666 μένων,
2498 1597 2789 1667 διελαλήθη
2839 1596 3090 1650 Φαύστου
3139 1597 3240 1660 τὰς
3298 1596 3514 1667 δεήσεις
3574 1591 3798 1646 καὶτῶν

2243 1689 2450 1742 λοιπῶν
2484 1690 2738 1759 μοναχῶν
2765 1692 2844 1752 είς
2872 1691 3112 1760 ἐπήκοον
3157 1689 3574 1757 ἀναγνωσθῆναι
3602 1702 3615 1716 ·
3642 1685 3694 1736 αἳ
3716 1681 3800 1736 τοῦ

2247 1781 2516 1851 βασιλέως
2539 1781 2769 1846 ἐδέοντο,
2796 1783 2874 1852 μὴ
2919 1782 3238 1852 παραδοχῆς
3263 1781 3548 1850 ἀξιοῦσθαι
3579 1777 3695 1839 τοὺς
3719 1793 3803 1846 μο-

2247 1875 2468 1944 ναχοῦς.
2491 1873 2541 1926 οἳ
2569 1875 2684 1936 τοῖς
2707 1873 2890 1944 ὀρθοῖς
2939 1875 3050 1928 τῶν
3092 1875 3382 1945 δογμάτων
3412 1869 3764 1927 ἐναντιοῦνται
3787 1881 3799 1896 '

2249 1955 2325 2017 ὧν
2354 1958 2434 2025 εἷς
2463 1963 2742 2034 Δωρόθεος
2778 1965 2872 2016 καὶ
2898 1963 3184 2034 όρθόδοξον
3235 1966 3329 2019 τὸν
3372 1962 3589 2032 Εὐτυχῆ
3637 1975 3803 2013 κατω-

2249 2056 2636 2126 νόμασε,πρὸς
2680 2055 2741 2108 δν
2785 2058 3062 2128 παρουσίᾳ
3099 2057 3209 2110 τῶν
3259 2058 3562 2129 ἀρχόντων⁷
3589 2052 3803 2118 διάφορα

2248 2149 2498 2217 δόγματα
2529 2149 2659 2216 περὶ
2691 2148 2966 2219 Εύτυχοῦς
2995 2149 3243 2221 ἐκινήθη.

549 2250 818 2305 diaconus
878 2258 1147 2301 eanonetn
1175 2241 1242 2294 de
1274 2241 1354 2295 eis
1381 2239 1532 2308 legit,
1557 2240 1646 2308 qui
1686 2255 1744 2293 se
1778 2241 1928 2307 ipsos
1967 2251 2325 2313 segregarem
2399 2259 2413 2296 :
2451 2251 2616 2312 atque
2658 2242 2752 2296 ubi
2823 2244 3106 2299 contentio
3176 2244 3322 2299 inter
3373 2245 3656 2315 episcopos
3697 2243 3802 2290 orta

549 2357 658 2405 est.
690 2355 746 2397 et
779 2341 1102 2400 monachos,
1137 2338 1230 2407 qui
1292 2335 1496 2403 partim
1555 2333 1879 2386 Dioscorum
1949 2344 2004 2386 et
2074 2335 2432 2407 Eutyclietem
2483 2337 2836 2392 anathemate
2888 2349 3219 2405 maCtarunt,
3272 2342 3470 2409 partim
3515 2338 3568 2392 id
3641 2334 3805 2388 facere

551 2447 904 2502 recusarunt,
955 2451 1056 2505 per
1103 2431 1593 2486 interlocutionem
1672 2437 1943 2482 statutum
2011 2438 2117 2492 est,
2158 2439 2219 2484 ut
2259 2431 2443 2486 Fausti
2497 2447 2710 2501 preces,
2759 2433 2818 2487 et
2859 2433 3094 2488 aliorum
3146 2437 3562 2495 monachorum,
3602 2429 3804 2486 clarius.

552 2554 666 2608 quo
699 2532 949 2590 exaudiri
983 2540 1234 2602 possent,
1262 2530 1618 2598 legerentur:
1663 2541 1786 2594 qua‘
1848 2541 2042 2594 preces
2106 2527 2134 2580 li

2245 2528 2782 2598 complectebantur,
2819 2539 2880 2582 ut
2905 2529 3208 2598 imperator
3237 2538 3462 2598 rogatus
3502 2539 3593 2580 eos
3631 2532 3802 2574 mena.

552 2629 690 2684 chos
717 2626 966 2697 recipere
998 2637 1107 2674 non
1139 2618 1486 2688 dignaretur,
1557 2616 1654 2686 qui
1721 2616 1888 2670 rectis
1961 2617 2316 2686 dogmatibus
2381 2619 2812 2674 adversarentur
2863 2637 2878 2674 :
2925 2623 3069 2674 inter
3115 2635 3255 2691 quos
3301 2621 3608 2675 Dorotlieus
3654 2613 3803 2668 etiam

556 2723 920 2794 Eutychetem
998 2712 1368 2771 ortliodoxum
1445 2718 1504 2764 et
1574 2721 1723 2764 recte
1812 2711 2146 2766 sentientem
2185 2721 2505 2777 vocaverat,
2561 2722 2753 2768 contra
2803 2727 2968 2783 quem
3024 2713 3077 2768 in
3158 2715 3473 2784 princioum
3536 2703 3805 2782 prmsentia

554 2822 721 2877 varia:
747 2818 814 2872 de
842 2812 1149 2884 Eulycltete
1173 2809 1466 2878 op‘niones
1493 2815 1622 2861 sunt
1655 2803 1960 2874 productre.

621 2921 816 2974 Postea
867 2913 921 2968 in
962 2923 1228 2966 consessu
1275 2905 1504 2974 quinto,
1548 2900 1830 2973 principes
1872 2900 2131 2954 omnibus

548 3013 682 3068 satis
710 3011 927 3078 liquere
957 3005 1240 3059 dixerunt,
1273 3015 1338 3051 ea
1377 3013 1498 3066 quae
1525 2994 1593 3049 de
1637 2994 1668 3046 li
1694 2996 1740 3047 5e
1769 3002 1956 3047 essent
1989 3007 2124 3045 con-

547 3107 765 3160 stituta.
803 3102 862 3153 l'lt
898 3094 1249 3164 Asclepiades
1281 3087 1906 3156 Constantinopolitanm
1951 3085 2132 3137 eccle-

546 3199 648 3254 site
669 3197 937 3250 diaconus
964 3192 1018 3244 in
1047 3189 1286 3242 medium
1319 3181 1609 3253 processit,
1637 3189 1691 3234 et
1717 3178 1908 3250 synodi
1934 3177 2133 3232 dcere-

2319 2899 2554 2950 Ἔπειτα
2591 2897 2855 2968 πέμπτης
2887 2896 3259 2962 συνελεύσεως
3289 2897 3609 2968 γενομένης,
3641 2893 3686 2945 oi
3716 2891 3805 2959 ἄρ·

2236 3007 2423 3060 χοντες
2458 2985 2617 3043 εἷπον
2661 2989 2797 3060 δῆλα
2841 2993 2979 3046 πᾶσι
3021 2992 3281 3060 γενέσθαι
3325 2996 3396 3046 τὰ
3431 2991 3570 3056 ὑπὲρ
3601 2988 3691 3056 τῆς
3727 2985 3805 3035 πί-

2243 3099 2415 3148 στεως
2479 3083 2916 3138 διατυπωθέντα.
2981 3086 3094 3138 Καὶ
3154 3087 3354 3156 παρὼν
3424 3076 3806 3150 Ἀσκληπιάδης

2239 3175 2483 3240 διάκονος
2523 3177 2623 3247 τῆς
2667 3179 3300 3240 Κωνσταντινουπόλεως
3367 3175 3663 3243 ἐκκλησίας
3725 3169 3804 3221 τδν

547 3304 668 3347 tum
713 3291 862 3359 legit.
915 3284 1062 3355 quod
1106 3283 1159 3336 in
1209 3277 1644 3336 commentarios
1694 3275 1901 3328 referre
1951 3272 2128 3325 visum

2240 3270 2364 3339 ὅρον
2397 3272 2877 3357 ὑπανεγίνωσκεν·
2913 3270 2972 3324 ὃν
2993 3270 3142 3336 ἔδοξε
3181 3271 3258 3342 μὴ
3295 3271 3517 3336 ἐντάξαι
3549 3269 3660 3328 τοῖς
3682 3265 3802 3317 ὑπο·

550 3403 661 3441 non
693 3392 798 3438 est.
827 3381 883 3434 Ei
917 3375 1168 3433 nonnulli
1195 3371 1418 3442 quidem
1449 3368 1698 3422 reluctati
1728 3377 1879 3431 sunt,
1906 3365 2128 3435 plurimi

548 3485 732 3530 autem
765 3471 995 3526 assensi.
1045 3468 1215 3522 Porro
1251 3471 1542 3533 postquam
1590 3459 1752 3513 varizr
1784 3458 2135 3510 vociferatio-

551 3585 652 3624 nes
676 3565 839 3620 edita:
897 3569 1062 3619 sunt.
1119 3556 1400 3627 principes
1453 3554 1752 3607 dixerunt.
1807 3549 2132 3602 Dioscorqu

549 3657 836 3720 retulisse,
881 3664 1170 3724 propterea
1215 3664 1273 3702 se
1317 3647 1640 3702 Flavianum
1695 3652 2086 3696 exauctorasse
2115 3679 2130 3703 ,

550 3751 700 3821 quod
729 3746 868 3803 duas
908 3754 1132 3800 naturas
1161 3757 1286 3797 esse
1331 3739 1581 3792 dimrit‘.
1620 3737 1904 3789 decretum
1945 3745 2130 3787 autem

549 3849 668 3900 haec
701 3845 871 3897 verba
904 3881 920 3906 ,
954 3838 1028 3892 lix
1074 3837 1292 3890 duabus
1335 3832 1580 3891 naturis,
1626 3830 1855 3883 habere.
1899 3826 1978 3878 Ad
2012 3843 2134 3895 quae

546 3931 840 3993 Anatolius
892 3932 1110 3994 iutult,
1161 3943 1271 3981 non
1327 3933 1556 3996 propter
1601 3924 1762 3974 tidem
1807 3919 2131 3972 Dioscorutn

548 4031 866 4085 damnatum
906 4039 1046 4086 esse,
1079 4023 1172 4076 sed
1205 4017 1353 4088 quod
1384 4017 1622 4071 Leonem
1659 4019 1712 4066 in
1752 4010 2134 4068 excommuni-

548 4124 824 4178 catioucm
857 4114 1179 4184 coniecerit,
1209 4109 1375 4183 654
1403 4119 1459 4164 et
1491 4119 1574 4163 ter
1602 4106 1806 4161 citatus
1840 4119 1947 4158 non
1981 4120 2133 4158 com-

547 4213 816 4284 paruerit.
874 4211 1052 4276 Atque
1123 4221 1190 4260 ex
1254 4219 1321 4257 eo
1381 4211 1632 4271 tempore
1705 4199 2016 4268 principes,
2074 4203 2134 4248 ut

551 4285 842 4360 sententia:
901 4299 1147 4368 epistola:
1206 4293 1408 4348 Leonis
1455 4295 1677 4346 decreto
1727 4287 2130 4348 insererentur,

544 4401 852 4470 ju~serunt.
885 4392 1020 4448 Cum
1055 4399 1240 4444 autem
1277 4387 1521 4455 episcopi
1561 4381 2001 4452 respondissent,
2033 4381 2128 4432 de.

551 4502 765 4544 cretum
813 4496 867 4538 et
912 4480 1208 4536 l'otmnlam
1264 4476 1389 4531 ﬁdei
1432 4477 1635 4535 aliam,
1679 4472 1824 4542 quod
1862 4478 2009 4540 prgor
2041 4470 2129 4522 illa

550 4583 746 4637 rec.iss
771 4595 855 4632 tne
891 4587 1159 4645 concepta
1193 4581 1360 4632 esset,
1392 4569 1508 4622 lieri
1539 4582 1646 4620 non
1683 4565 1910 4627 debere,
1944 4580 2032 4617 res
2061 4562 2128 4615 ad

550 4675 943 4743 imperatorem
980 4677 1063 4720 est
1094 4668 1286 4719 relata.
1328 4662 1631 4729 lmpcrator
1661 4672 1728 4712 ex
1758 4656 2134 4712 Orientalibus

549 4769 828 4836 episcopis
861 4778 952 4816 sex
978 4803 992 4822 .
1027 4777 1092 4814 ex
1135 4756 1362 4812 l’ontica
1394 4753 1620 4807 ditecesi
1651 4763 1762 4806 tres
1786 4792 1798 4812 .
1831 4767 1895 4806 ex
1935 4753 2133 4805 Asiana

552 4873 698 4923 tres,
741 4874 809 4911 ex
839 4855 1073 4909 Thracia
1119 4852 1247 4904 item
1281 4857 1424 4907 tres.
1449 4843 1521 4899 et
1561 4862 1624 4898 ex
1669 4844 1882 4914 lllyrico
1914 4859 2135 4912 quoque

552 4961 666 5005 tres
697 4945 902 5014 deligi,
945 4943 1140 5010 eisque
1173 4939 1450 4992 Romanos
1482 4936 1689 5004 legatos
1720 4946 1774 4988 et
1819 4935 2131 4987 Anatolium

549 5027 745 5098 adesse
773 5037 941 5109 jussit
967 5053 980 5088 :
1007 5033 1099 5103 qui
1132 5031 1185 5085 in
1217 5027 1478 5098 martyrio
1509 5027 1884 5080 celeberrima-
1914 5027 2136 5094 Euphe-

549 5135 675 5191 mite
706 5129 1124 5188 convenientes,
1155 5120 1553 5193 professionem
1589 5117 1714 5171 ﬁdei
1747 5128 1896 5171 recte
1926 5121 2135 5169 t-nnsti-

553 5235 811 5285 tuerent:
843 5230 1013 5291 atque
1047 5227 1107 5273 ut
1149 5227 1242 5270 aut
1283 5213 1520 5284 quisque
1549 5227 1740 5264 eorum
1779 5210 1938 5264 tidem
1973 5226 2130 5264 suam

553 5320 884 5375 declararet.
935 5317 1033 5364 aut
1079 5306 1348 5377 synodum
1406 5306 1458 5357 in
1515 5302 1926 5358 Occidentalvm
1983 5302 2135 5353 orbis

552 5420 765 5484 partem
807 5402 1134 5459 translatum
1186 5399 1255 5453 iri
1305 5399 1492 5453 sciret.
1563 5397 1632 5450 Et
1700 5395 2022 5460 interrogati
2077 5407 2136 5446 ut

554 5506 824 5563 dicerent,
855 5497 1251 5551 Dioscorumne
1279 5491 1371 5562 qui
1397 5508 1463 5545 ex
1496 5486 1709 5543 duabus
1735 5489 1946 5541 naturis
1974 5486 2136 5538 (luri-

556 5611 705 5652 Stum
735 5591 1110 5664 profiteretur,
1141 5603 1206 5641 an
1240 5587 1478 5640 Leonem
1513 5583 1604 5654 qui
1641 5583 1776 5636 duas
1813 5591 2041 5635 naturas
2078 5581 2131 5634 in

551 5689 774 5746 Christo
830 5699 1162 5739 concurrere
1219 5681 1486 5744 doceret,
1544 5683 1952 5746 sequerentur,
2009 5689 2133 5725 eum

553 5784 738 5843 Leone
767 5795 826 5835 se
853 5777 1103 5838 credere,
1136 5789 1191 5830 et
1218 5775 1311 5845 qui
1345 5774 1506 5826 aliter
1534 5771 1804 5826 dicerent.
1839 5769 2136 5838 Ettiychia-

556 5877 730 5936 nistas
777 5869 966 5927 vocari
1006 5868 1407 5925 exclamarunt.
1447 5865 1526 5918 ita
1579 5861 1861 5932 principes
1904 5860 2130 5915 decreto

2239 3354 2511 3432 μνήμασι.
2547 3362 2689 3432 Πρὸς
2739 3362 2799 3415 δν
2831 3363 2977 3425 τινὲς
3018 3363 3120 3432 μὲν
3169 3362 3557 3434 διηνέχθησαν,
3590 3357 3726 3418 τινὲς
3754 3351 3805 3404 δὲ

2237 3455 2331 3507 καὶ
2380 3455 2732 3527 ἐστοὲχησαν.
2779 3456 3124 3530 Ἐκδοήσεων
3156 3457 3214 3510 δὲ
3267 3457 3548 3528 διαφόρων
3597 3445 3809 3520 γενομέ·

2237 3567 2366 3616 νων,
2417 3547 2573 3604 εἷπον
2621 3553 2671 3607 οι
2718 3551 3004 3622 ἄρχοντες,
3060 3553 3144 3606 ὃτι
3187 3553 3482 3624 Διόσκορος
3531 3549 3680 3616 ἔλεγε
3727 3537 3808 3594 διὰ

2237 3642 2396 3695 τοῦτο
2429 3642 2679 3696 καθελεῖν
2728 3644 2820 3696 τδν
2865 3643 3190 3709 Φλαϐιανὸν,
3238 3645 3432 3714 ἐπειδὴ
3483 3642 3576 3696 δύο
3628 3637 3807 3704 φύσεις

2236 3728 2391 3785 εἶπεν
2415 3728 2596 3786 εἶναι’
2629 3735 2719 3788 τὸν
2745 3735 2806 3787 δὲ
2844 3735 2970 3806 ὅρον
3000 3737 3062 3788 ἐκ
3097 3735 3192 3788 δύο
3224 3740 3446 3806 φύσεων
3474 3735 3642 3806 ἔχειν.
3674 3727 3805 3798 ΙΙρδς

2235 3823 2326 3886 οὓς
2375 3825 2684 3889 Ἀνατόλιος
2719 3821 2866 3890 εἶπε,
2918 3825 2995 3895 μὴ
3029 3826 3118 3880 διά
3149 3829 3248 3897 τὴν
3293 3809 3486 3882 πίστιν
3527 3826 3804 3888 Διόσκορον

2237 3915 2663 3986 καθαιρεθῆναι,
2695 3916 2833 3970 ἀλλὰ
2865 3917 2956 3971 διὰ
2989 3919 3052 3972 τὸ
3086 3919 3410 3989 περιϐαλεῖν
3451 3913 3803 3980 ἀκοινωνησ’ᾳ

2233 4006 2327 4059 τὸν
2351 4007 2596 4059 Λέοντα·
2651 4009 2744 4060 καὶ
2794 4009 2876 4060 ὅτι
2926 4010 3050 4079 τρὶς
3089 4009 3312 4078 κληθεὶς
3345 4012 3449 4064 οὐκ
3499 4006 3667 4082 ἦλθε·
3717 4017 3803 4054 και

2237 4100 2344 4153 ἀπὸ
2379 4099 2475 4176 τοῦ
2515 4099 2608 4154 νῦν
2656 4102 2704 4153 οξ
2752 4102 3013 4170 ἄρχοντες
3045 4104 3342 4156 ἐκέλευσαν
3385 4106 3454 4158 τὰ
3501 4107 3556 4156 ἐν
3599 4101 3662 4170 τῇ
3691 4099 3802 4149 ἐπι-

2238 4191 2400 4261 στολῇ
2445 4193 2675 4255 Λέοντος
2709 4192 2933 4262 τεθῆναι
2981 4194 3061 4263 τῷ
3105 4197 3235 4266 ὅρῳ.
3281 4197 3706 4266 ’Λποφησάντων
3751 4185 3802 4238 δὲ

2237 4279 2348 4331 τῶν
2397 4280 2717 4333 ἐπισκόπων
2747 4285 2836 4334 καὶ
2881 4284 3211 4351 εἰρηκότων,
3248 4283 3412 4338 ἄλλον
3463 4288 3586 4354 ὅρον
3621 4280 3692 4349 μὴ
3720 4291 3802 4342 γε·

2237 4368 2453 4421 νέσθαι·
2489 4371 2721 4434 ἐντελῶς
2777 4373 2885 4442 γὰρ
2917 4376 3127 4427 ἐκεῖνον
3179 4375 3365 4444 ἔχειν·
3423 4371 3687 4446 ἀνηνέχθη
3739 4366 3800 4416 τὰ

2239 4459 2368 4527 περὶ
2402 4459 2610 4514 τούτων
2641 4461 2715 4530 τῷ
2749 4463 2983 4532 βασιλεῖ.
3032 4466 3088 4517 Ὀ
3117 4465 3170 4518 δὲ
3221 4467 3408 4536 ἔλεγεν
3450 4450 3508 4532 ἐξ
3541 4465 3646 4518 τῶν
3679 4461 3710 4513 ἁ
3743 4474 3800 4509 α-

2236 4549 2470 4605 το).ικῶν
2501 4553 2859 4624 ἁπολεγῆναι,
2916 4559 3066 4626 τρεῖς
3113 4574 3174 4610 τε
3231 4559 3338 4610 ἀπὸ
3386 4562 3488 4630 τῆς
3548 4551 3802 4616 Ποντικῆς

2238 4647 2578 4717 διοικήσεως,
2611 4649 2810 4719 ἐπίσης
2840 4671 2898 4705 τε
2925 4654 3018 4705 καὶ
3047 4655 3154 4708 ἀπὸ
3191 4656 3293 4724 τῆς
3347 4657 3628 4726 Ἀσιανῆς,
3663 4650 3801 4721 τιθεῖς

2237 4755 2297 4792 τε
2335 4743 2444 4794 ἀπὸ
2484 4742 2712 4814 Θρᾴκης
2746 4747 2839 4798 καὶ
2880 4747 2980 4815 τῆς
3018 4747 3306 4815 Ἰλλυρίδος
3335 4750 3486 4813 ῐσους
3509 4767 3522 4780 ·
3559 4746 3802 4817 παρεῖναι

2238 4833 2295 4885 δὲ
2323 4833 2417 4885 καὶ
2456 4838 2583 4898 τοὺς
2643 4838 3027 4907 τοποτηρητάς
3071 4837 3295 4910 Ῥώμης
3329 4843 3428 4895 καλ⁵
3473 4838 3799 4894 Ἀνατόλιον·

2237 4930 2329 4993 οὓς
2360 4933 2476 5000 ἅμα
2506 4931 2584 5002 τῷ
2639 4935 2930 5005 μαρτυρίῳ
2983 4935 3084 5004 τῆς
3110 4945 3476 5008 πανευφήμου
3526 4932 3805 5002 Εύᾳημίας

2242 5025 2620 5090 συνελθόντας,
2651 5027 2720 5076 τὰ
2743 5029 2868 5096 περὶ
2890 5031 2989 5098 τῆς
3011 5030 3250 5092 πίστεως
3269 5031 3446 5100 ὀρθῶς
3471 5027 3806 5093 καταστήσα-

2241 5117 2365 5171 σθαι
2386 5135 2398 5147 ·
2430 5119 2525 5171 καὶ
2555 5119 2586 5187 ἢ
2622 5121 2855 5172 ἕκαστον
2891 5121 2992 5191 τὴν
3020 5124 3216 5176 ἐαυτοῦ
3247 5121 3490 5194 δηλῶσαι
3541 5123 3737 5182 πίλτιν,
3771 5113 3800 5182 ἢ

2239 5209 2442 5261 εἰδέναι
2497 5211 2572 5272 ὠς
2624 5213 2682 5264 ἐν
2726 5215 2791 5282 τῇ
2850 5212 3002 5264 δύσει
3059 5215 3092 5282 ή
3141 5214 3361 5278 σύνοδος
3418 5215 3798 5287 μεταεήσεταιο

2251 5303 2676 5373 Ἀπαιτηθέντες
2707 5303 2762 5356 δὲ
2805 5307 2980 5357 εἰπεῖν
3016 5307 3065 5358 εί
3113 5309 3397 5378 Διοσκόρω
3429 5300 3805 5360 ἀκολουθοῦσιν

2241 5396 2304 5446 ἐκ
2339 5393 2432 5446 δύο
2463 5394 2679 5463 φύσεων
2731 5396 2967 5464 λέγοντι,
3025 5398 3057 5468 ἢ
3113 5401 3306 5453 Λέοντι
3343 5401 3436 5453 δύο
3474 5399 3664 5468 φύσεις
3694 5407 3806 5445 συν·

2239 5487 2468 5556 δραμεῖν
2507 5490 2564 5540 ἐν
2611 5488 2836 5558 Χριστῷ
2897 5490 3308 5559 δογματίζοντι,
3356 5494 3586 5562 ἐϐόησαν
3626 5487 3806 5542 Λέοντι

2244 5580 2522 5633 πιστεύειν
2544 5593 2557 5609 °
2586 5583 2711 5643 τοὺς
2741 5581 2798 5634 δὲ
2840 5582 3223 5651 ἀντιλέγοντας
3256 5584 3682 5655 Εὖτυχιανιστᾶς
3716 5595 3804 5630 κα-

2240 5673 2470 5727 λεῖσθαι.
2527 5673 2844 5743 Εἰρηκότων
2882 5691 2938 5727 τε
2971 5675 3080 5728 τῶν
3133 5678 3424 5748 ἀρχόντων,
3450 5675 3803 5748 προστεθῆναι

2239 5769 2334 5820 δύο
2366 5768 2558 5831 φύσεις
2610 5767 2901 5836 ἡνωμένας
2946 5769 3277 5838 ἀτρέπτους,
3317 5771 3666 5841 ἀμερίσιους,
3719 5760 3806 5814 καὶ

2242 5860 2584 5930 ἀσυγχύτους
2623 5863 2678 5912 ἐν
2703 5861 2779 5931 τῷ
2813 5859 3028 5931 Χριῖτῷ
3060 5863 3200 5916 κατὰ
3241 5865 3468 5928 Λέοντα,
3502 5863 3594 5915 καὶ
3638 5864 3804 5913 τοίνυν
