4118 6468
417 356 523 423 lli

1338 357 1944 420 ECCLESIASTICAZ
1985 361 2375 423 ιιιδτοιιιΈ
2415 364 2562 424 LIB.
2608 363 2731 425 XV.

3557 364 3662 432 ιιι

411 468 518 522 τῶν
566 467 842 537 ἀρχό·.των
905 469 1236 523 ἐπελθόντων
1289 470 1347 522 ἐν
1405 469 1484 538 τῷ
1538 467 1826 539 μαρτυρίῳ
1873 472 1971 540 τῆς

2084 471 2213 526 duas
2243 485 2468 527 naturas
2497 488 2616 541 quae
2645 487 2752 526 non
2785 481 3155 533 mutarentur.
3191 487 3298 526 non
3329 472 3647 529 dividereno

409 561 566 629 ἀγίας
594 562 882 631 Εὐφημίας
909 562 1027 631 ἅμα
1066 563 1358 632 Ἀνατολίῳ
1398 564 1493 616 καὶ
1523 564 1636 624 τοῖς
1669 578 1974 631 τοποτηρη-

410 655 525 715 ταῖς
556 651 803 718 Λέοντος,
838 655 1225 724 συμπαρόντος
1253 653 1510 724 Μαξίμου
1550 669 1608 706 τε
1642 651 1734 706 τοῦ
1776 653 1976 706 Ἀντιο-

409 747 582 814 χείας,
627 748 720 801 καὶ
763 747 1125 802 Ἰουϐεναλίου
1189 746 1598 817 Ἱεροσολύμων,
1638 747 1733 798 καὶ
1765 744 1976 797 Θαλασ-

413 835 526 888 σίου
580 838 919 908 Καισαρείας
979 839 1389 901 Καππαδοκίας
1429 838 1525 891 σὺν
1585 837 1822 906 ἐτέροις,
1880 836 1976 888 καὶ

413 926 732 996 ἐξελθόντων
765 930 963 993 αὐτῶν,
1019 929 1337 998 ἀνεγνώσθη
1373 932 1400 982 6
1435 930 1530 998 τῆς
1565 929 1786 980 συνόδου
1827 929 1972 996 ὅρος,

415 1019 552 1089 ἔχων
601 1020 798 1082 οὕτως·
851 1042 868 1074 ι
912 1023 970 1076 '0
1018 1024 1227 1095 Κύριος
1281 1023 1440 1092 ἡμῶν
1499 1023 1592 1074 καὶ
1624 1020 1814 1090 Σωτὴρ
1873 1017 1976 1086 Ἰη-

414 1109 538 1172 σοῦς
573 1112 842 1181 Χριστός·
883 1131 902 1166 ι
951 1115 1044 1166 καὶ
1069 1114 1136 1166 τά
1166 1113 1327 1166 λοιπὰ
1351 1112 1387 1167 ἀ
1417 1113 1474 1165 ἐν
1509 1111 1587 1182 τῷ
1615 1113 1711 1180 τῆς
1733 1108 1975 1178 ἱστορίας

410 1199 531 1268 ὕφει
557 1203 923 1274 ἐνεταξὰμην·
954 1205 1172 1258 πάντων
1204 1221 1261 1257 τε
1293 1204 1696 1274 βοηθησάντων,
1725 1221 1743 1254 ι
1774 1201 1972 1271 Αὖτηή

411 1295 591 1358 πίστις
649 1296 756 1348 τῶν
784 1298 1098 1367 ’Πειτὲρων⁶
1143 1297 1193 1350 οἱ
1227 1295 1626 1367 μητροπολῖται
1682 1294 1809 1363 ἄρτι
1841 1292 1974 1344 ὑπο-

411 1387 714 1455 γράψωσιν.
751 1388 902 1459 Αὕτη
936 1391 968 1459 ή
1013 1389 1196 1450 πίστις
1234 1389 1342 1441 τών
1387 1389 1741 1442 ἀποστόλων·
1797 1385 1969 1455 ταύτῃ

414 1480 609 1542 πάντες
647 1471 1000 1550 στοιχοῦμεν·
1035 1483 1236 1544 πάντες
1270 1479 1412 1534 οὕτω
1459 1480 1788 1546 φρονοῦμεν·
1820 1495 1838 1528 ι
1869 1476 1976 1528 διε-

412 1570 651 1637 λὰλησαν
677 1572 726 1624 οι
751 1571 1010 1642 ἄρχοντες
1031 1587 1046 1604 ·
1093 1572 1176 1628 Τὰ
1206 1570 1525 1625 τυπωθὲντα
1552 1569 1641 1623 διὰ
1669 1567 1777 1619 τῶν
1805 1564 1975 1618 Πατέ-

419 1681 546 1733 ρων.
590 1666 684 1720 καὶ
714 1668 882 1720 πᾶσιν
938 1667 1236 1738 ἀρέσαντα,
1295 1663 1717 1736 ἀνενεχθήσεται
1759 1661 1826 1730 τῇ
1853 1657 1976 1727 θείᾳ

415 1762 650 1829 κορυφῇ.

2077 570 2196 628 tur,
2233 578 2340 617 non
2385 563 2882 626 conl'uudereniur,
2928 565 2980 617 in
3027 564 3249 619 Christo
3295 566 3476 620 unitas
3505 582 3652 632 esse,

2075 655 2230 725 juxta
2285 655 2488 710 Leonis
2542 658 2872 712 sententiam
2929 657 3054 709 addi
3108 658 3412 725 jusserunt.
3483 659 3656 714 Porro

2065 757 2370 817 postquam
2418 749 2697 818 principes
2728 763 2852 802 cum
2900 749 3154 802 Anatolio
3184 759 3238 804 et
3270 749 3472 806 Leonis
3507 753 3658 822 lega-

2082 837 2150 892 tis
2206 840 2258 892 in
2308 841 2630 911 martyrium
2664 852 2864 894 sanetae
2895 842 3213 910 Euphemus
3260 854 3657 910 pervenerunt,

2082 931 2174 982 uhi
2211 948 2429 1000 quoque
2481 932 2713 985 aderant
2759 932 3025 987 Maximus
3055 935 3456 993 Aulim-hellus.
3493 937 3659 991 Juve-

2080 1021 2220 1075 nalis
2273 1023 2845 1095 llierosolymitanus,
2905 1027 3223 1080 “Thalassius
3276 1028 3656 1091 Cursaricusis,

2051 1108 2242 1163 “simul
2284 1121 2452 1182 atque
2516 1113 2605 1166 isti
2660 1130 2852 1168 (nones
2895 1131 2926 1169 e
2981 1117 3185 1186 templo
3243 1119 3447 1186 egressi
3505 1128 3658 1180 sunt,

2079 1201 2271 1270 synodi
2312 1202 2598 1257 dcerelum
2638 1205 2691 1258 in
2728 1207 2869 1260 hanc
2909 1209 3245 1267 sententiam
3283 1210 3486 1263 lectum
3525 1221 3609 1263 est
3641 1229 3654 1262 :

2090 1295 2388 1372 nilominus
2428 1308 2617 1352 noster
2646 1309 2698 1353 et
2744 1299 3002 1354 Servatur
3031 1302 3188 1356 Jesus
3216 1303 3470 1356 Cltri~tus
3501 1322 3509 1353 :
3553 1321 3570 1354 ι
3606 1312 3664 1356 et

2081 1385 2327 1456 reliqoa.
2380 1405 2506 1458 qua
2562 1391 2616 1444 in
2675 1392 2921 1447 historia:
2975 1403 3238 1448 contextu
3301 1395 3660 1448 ittserttitutts.

2079 1477 2208 1534 Post
2240 1480 2353 1540 hzec
2385 1482 2477 1536 ubi
2509 1499 2701 1540 omnes
2730 1485 3112 1539 ext-laniarunt
3139 1503 3151 1539 :
3189 1505 3204 1534 ι
3239 1484 3362 1542 llaec
3388 1485 3662 1556 ipsissima

2080 1569 2301 1629 Patrum
2353 1572 2488 1626 ﬁdes
2535 1584 2655 1642 est,
2703 1577 3110 1644 metropolitani
3153 1577 3202 1630 ei
3259 1593 3378 1630 tnox
3419 1579 3664 1634 subseri-

2081 1661 2236 1717 baut.
2296 1663 2421 1719 Ιιιοο
2481 1665 2616 1720 ﬁdes
2675 1669 3049 1736 apostolorum
3091 1679 3222 1723 est:
3280 1670 3410 1723 huic
3470 1682 3671 1724 omnes.

2091 1752 2450 1816 assentimur,
2484 1771 2676 1811 omnes
2730 1759 2800 1810 ita
2846 1761 3158 1812 sentimus:
3199 1779 3216 1810 ι
3259 1762 3538 1829 principes
3574 1760 3663 1812 in-

418 1852 780 1921 terloquentes
834 1852 1272 1924 responderunt,
1327 1867 1476 1908 seea
1535 1865 1658 1922 quae
1714 1862 1746 1903 a
1793 1840 2052 1900 Patribus
2089 1845 2420 1914 constituta,
2462 1859 2517 1904 et
2555 1851 2623 1906 ab
2661 1853 2912 1908 omnibus
2957 1855 3316 1925 comprobata
3349 1863 3556 1919 essent,
3593 1854 3664 1908 ad

417 1965 622 2004 sacram
655 1952 990 2021 majestatem
1022 1953 1295 2007 relaturos
1324 1965 1467 2006 esse.

490 2039 661 2113 Ἐκτῃ
686 2041 742 2093 δέ
772 2040 1086 2095 συνελεύσει
1118 2042 1440 2112 Μαρκιανὸς
1484 2041 1846 2112 παρεγένετο·
1883 2033 1977 2087 καὶ
2014 2031 2054 2085 Β

417 2132 713 2202 δημηγορεῖ
743 2134 934 2201 πρῶτα
968 2136 1068 2204 μὲν
1102 2136 1233 2204 περὶ
1272 2135 1525 2205 ὁμονοίας
1555 2136 1655 2205 τῆς
1692 2130 1976 2203 όρθοδόξου

425 2229 651 2290 πίστεως
687 2228 744 2280 ἐν
772 2230 886 2292 τοῖς
918 2223 1243 2292 ἐπισκόποις
1265 2244 1278 2258 ·
1313 2229 1506 2282 ἔπειτα
1540 2227 1608 2281 δι’
1644 2225 1852 2293 ’ᾼετίου
1881 2223 1975 2276 τοῦ

425 2321 792 2389 ἀρχιδιακόνου
827 2323 854 2374 6
886 2321 987 2390 τῆς
1020 2321 1256 2385 πίστεως
1286 2321 1409 2391 ὄρος
1435 2318 1854 2389 ἀνεγινώσκετο,
1879 2314 1975 2368 τοῦ

421 2413 679 2483 βασιλέως
705 2413 1094 2475 κελεύσαντος·
1137 2415 1238 2467 καὶ
1278 2413 1482 2476 πάντες
1511 2411 1708 2481 ἐκείνῳ
1735 2410 1974 2478 ὑπέγρα-

420 2523 537 2571 φον.
579 2505 792 2576 Ἦρώτα
829 2506 873 2563 δ’
921 2507 950 2559 6
1002 2506 1281 2577 βασιλεὺς,
1317 2507 1366 2558 ει
1398 2505 1710 2560 συναινέσει
1754 2503 1977 2556 πάντων

416 2601 446 2652 6
471 2599 591 2670 ὅρος
615 2597 826 2668 ἐγράφη
847 2614 865 2632 ·
894 2599 1095 2664 πάντες
1114 2599 1172 2652 δὲ
1207 2599 1276 2652 δι’
1299 2596 1590 2668 εὐφημιῶν
1613 2595 1973 2650 ἐϐεϐαίωσαν.

417 2692 530 2745 Καὶ
561 2687 711 2753 αὖθις
735 2689 1065 2760 ἐδημηγόρει
1088 2693 1115 2744 ό
1147 2687 1434 2761 βασιλεύς·
1467 2689 1563 2742 καὶ⁸
1593 2687 1794 2752 πάντες
1818 2686 1977 2738 ἐπευ-

419 2785 683 2852 φημισαν.
717 2783 824 2836 Καὶ
853 2781 1256 2852 προτρέψαντος
1295 2780 1390 2833 τοῦ
1422 2778 1709 2848 βασιλέως,
1751 2777 1978 2839 κανόνες

418 2873 708 2942 ἐτέθησαν·
768 2873 863 2928 καὶ
914 2877 979 2944 τῇ
1029 2873 1185 2928 πόλει
1218 2871 1614 2942 Χαλκηδονέων
1649 2867 1980 2940 μητροπολι-

419 2966 547 3018 ma
599 2965 784 3019 δίκαια
841 2965 1108 3036 ἐπεδόθη·
1167 2963 1367 3031 ἔπειτα
1417 2963 1640 3018 ἐκέλευε
1697 2960 1977 3032 βασιλεὺς,

417 3059 564 3128 τρεῖς
595 3059 625 3127 ἢ
657 3060 928 3130 τέσσαρας
967 3059 1180 3128 ἡμέρας
1237 3058 1554 3126 περιμεῖναι
1589 3055 1716 3117 τοὺς
1761 3053 1980 3107 ἐπισκό-

415 3163 549 3210 πους
569 3164 583 3180 ·
615 3147 708 3199 καὶ
735 3147 938 3200 τούτων
968 3145 1201 3200 ’ἑκαστον
1236 3145 1458 3214 κινῆσαι
1497 3143 1630 3212 περὶ
1682 3133 1759 3196 ὧν
1791 3140 1983 3224 βούλει-τ

417 3253 535 3291 ται·
572 3239 666 3291 καὶ
696 3236 757 3291 τὸ
797 3239 945 3301 εἰκὸς
990 3235 1247 3304 γενέσθαι
1290 3237 1383 3288 ἐπὶ
1418 3232 1696 3304 παρουσίᾳ
1739 3232 1846 3286 τῶν
1883 3232 1980 3301 ἀρ-

418 3328 638 3397 χόντων.
699 3329 808 3381 Καὶ
852 3331 884 3400 ἡ
931 3329 1239 3393 συνέλευσις
1294 3327 1434 3398 αὕτη
1464 3326 1830 3397 ἐπεραιοῦτο·
1882 3327 1976 3380 καὶ
2003 3367 2046 3425 C

421 3421 576 3490 ἐτέρα
612 3421 669 3474 δέ
696 3421 884 3489 γέγονε
903 3438 918 3453 ·
947 3422 1042 3475 καὶ
1074 3423 1296 3484 κανόνες
1322 3421 1592 3490 ἐτέθησαν
1621 3421 1824 3491 ἐτεροι.
1863 3422 1975 3476 Καὶ

421 3513 584 3581 ἄλλης
614 3513 972 3576 συνελεύσεως
995 3513 1314 3583 γενομένης,
1339 3508 1701 3566 συνεκάθισαν
1724 3512 1977 3582 Μάξιμος

421 3609 451 3661 6
520 3606 848 3677 Ἀντιοχείας
925 3607 1018 3660 καὶ
1075 3605 1426 3668 Ἰουϐενάλιος
1471 3608 1500 3660 6
1560 3604 1977 3675 Ἱεροσολύμων.

425 3703 531 3755 Καὶ
559 3702 730 3755 ἐδόκει
760 3703 850 3756 τὸν
879 3702 978 3768 μὲν
1015 3701 1349 3771 Ἀντιοχείας
1387 3699 1536 3771 ἐχειν
1562 3701 1664 3764 τὰς
1691 3699 1786 3755 δύο
1805 3701 1981 3754 Φοινί-

423 3812 525 3856 κας
557 3796 649 3847 καὶ
704 3794 962 3860 Ἀραϐίαν
1005 3793 1320 3864 αὑτὴν,,τδν
1349 3791 1408 3846 δὲ
1457 3791 1850 3864 Ἰεροσολύμων
1882 3793 1981 3856 τὰς

420 3883 569 3951 τρεῖς
603 3883 984 3945 Παλαιττίνας.
1040 3883 1149 3936 Καὶ
1207 3882 1316 3936 ὑπὸ
1354 3882 1466 3937 τῶν
1515 3883 1838 3937 ἐπισκόπων
1884 3886 1981 3939 καὶ

422 3973 528 4027 τῶν
563 3975 839 4044 ἀρχόντων
870 3974 1041 4028 ταῦτα
1076 3972 1404 4044 ἐϐεϐαιώθη.
1429 3975 1508 4046 Τῇ
1544 3975 1602 4029 δὲ
1632 3976 1831 4047 ἐννάτῃ
1858 3993 1982 4028 συν-

424 4067 526 4138 όδῳ
552 4069 620 4119 τὰ.
650 4069 788 4121 κατά
833 4067 923 4120 τὸν
956 4067 1140 4138 Κύρου
1187 4067 1537 4138 Θεοδὼρητον
1587 4069 1847 4139 ἐκινήθη·
1889 4071 1986 4124 καὶ

425 4161 658 4223 ἀναστὰς
698 4159 1052 4228 ἀνεθεμάτισε
1094 4157 1388 4230 Νεστόριον
1434 4160 1710 4231 εἰρηκώς·
1754 4181 1772 4213 ι
1831 4162 1985 4216 Ἀνάρ

427 4252 568 4320 θεμα
621 4251 901 4321 Νεστορίῳ
944 4252 1040 4304 καὶ
1090 4249 1166 4321 τῷ
1221 4250 1296 4321 μὴ
1321 4251 1532 4318 λέγοντι
1581 4253 1839 4307 Θεοτόκον
1888 4253 1987 4326 τὴν

425 4343 584 4409 ἁγίαν
621 4341 886 4412 παρθένον
913 4341 1131 4407 Μαρίαν
1153 4357 1168 4373 ·
1204 4343 1299 4395 καὶ
1330 4341 1408 4412 τῷ
1444 4344 1526 4411 εἰς
1559 4343 1654 4396 δύο
1690 4344 1853 4408 Υίοὺς
1890 4362 1982 4414 με-

430 4435 626 4506 ρίζνδντι
651 4436 739 4489 τὸν
764 4434 860 4486 ἐνα
897 4434 1024 4487 Υ-ίὸν
1058 4435 1150 4487 τὸν
1184 4434 1474 4504 μονογενῆ.
1519 4435 1665 4504 Ἐγὼ
1693 4436 1751 4489 δὲ
1787 4437 1882 4490 καὶ
1909 4436 1988 4507 τῷ

425 4533 535 4600 ὅρῳ
563 4531 872 4601 ὑπέγραψα,
897 4531 992 4584 καὶ
1017 4533 1083 4600 τῇ
1107 4529 1373 4600 ἐπιστολῇ
1397 4530 1630 4594 Λέοντος
1651 4545 1666 4560 ·
1699 4548 1718 4581 ι
1757 4529 1855 4583 καὶ
1881 4531 1988 4584 ἀπὸ

339 4617 342 4620 ’
427 4623 780 4686 συναινέσεως
811 4623 1032 4677 πάντων
1071 4624 1162 4677 τὸν
1204 4626 1407 4679 οίκείον
1437 4625 1822 4695 ἀπολαμϐάνει
1864 4627 1988 4696 θρό-

2153 2029 2208 2084 ln
2245 2048 2505 2090 consessu
2540 2047 2696 2093 sexto
2728 2040 3046 2096 Marcianus
3087 2039 3200 2109 ipse
3237 2042 3415 2107 at‘fuit,
3449 2050 3504 2096 et
3544 2043 3660 2111 pri~

2081 2139 2229 2176 mum
2267 2142 2365 2194 pro
2401 2129 2670 2185 concione
2709 2132 2775 2185 ad
2809 2134 3098 2201 episcopos
3137 2135 3299 2187 verba
3333 2134 3401 2188 de
3432 2149 3666 2188 concor-

2079 2215 2169 2269 dia
2213 2219 2539 2275 orthodoxa:
2580 2231 2636 2276 et
2679 2233 2846 2278 rectae
2897 2225 3020 2278 ﬁdei
3063 2223 3213 2278 fecit.
3268 2223 3472 2278 Deinde
3505 2225 3659 2294 jussu

2079 2308 2198 2376 ejus
2228 2308 2296 2362 ab
2335 2310 2495 2363 Aetio
2535 2311 2928 2366 archidiacono
2968 2313 3094 2367 ﬁdei
3129 2313 3416 2368 decretum
3456 2313 3664 2368 lectum.

2080 2411 2192 2462 est,
2230 2405 2392 2471 eique
2425 2418 2618 2459 omnes
2654 2405 3127 2474 subscripserunt.
3167 2407 3296 2461 Post
3337 2408 3454 2460 ha-e
3489 2407 3665 2473 impe-

2081 2503 2255 2555 rator,
2309 2490 2437 2546 num
2475 2495 2542 2549 de
2574 2511 2848 2551 consensu
2895 2497 3147 2556 omnium
3193 2497 3477 2554 decretum
3525 2513 3664 2552 eon-

2079 2586 2346 2654 scriptum
2404 2597 2576 2652 esset,
2630 2599 3027 2660 percunctatus
3073 2601 3197 2645 est:
3245 2599 3412 2660 atque
3466 2591 3517 2643 id
3567 2604 3666 2660 per

2082 2676 2293 2730 faustas
2319 2679 2750 2735 acclamationes
2779 2698 2973 2737 mnnes
3003 2683 3425 2741 conﬁrmarunt.
3461 2681 3526 2752 Et
3557 2683 3662 2735 im-

2080 2777 2303 2838 perator
2335 2787 2555 2825 rursum
2592 2773 2897 2827 orationem
2941 2775 3153 2839 habuit,
3185 2790 3416 2844 eamque
3453 2790 3648 2830 omnes.

2083 2861 2483 2918 collaudarunt.
2524 2864 2686 2938 655
2731 2865 2844 2920 Sub
2893 2866 3045 2928 hate,
3099 2867 3425 2935 imperatore
3463 2865 3665 2917 cohor-

2084 2963 2257 3015 tante.
2307 2970 2546 3017 canones
2596 2959 2844 3031 episcopi
2897 2975 2999 3014 ron
3027 2959 3287 3024 iideruut,
3329 2967 3385 3012 et
3427 2954 3666 3013 Chalce-

2084 3047 2316 3102 donensi
2373 3048 2587 3102 civitati
2647 3051 2971 3120 metropolis
3020 3053 3140 3121 jura
3192 3063 3319 3105 sunt
3375 3066 3660 3110 concessa.

2083 3139 2388 3210 Imperator
2425 3157 2642 3208 quoque.
2673 3143 2964 3212 episcopos
3002 3155 3112 3198 tres
3145 3153 3240 3198 aut
3275 3153 3513 3213 quatuor
3542 3144 3668 3198 des

2082 3243 2433 3304 exspectare,
2479 3242 2536 3288 et
2568 3234 2871 3302 quemlibet
2908 3251 3098 3289 eorum
3141 3236 3287 3305 quod
3332 3235 3492 3290 vellet
3535 3251 3664 3303 pro-

2086 3326 2327 3389 ferre,ut
2350 3329 2402 3381 in
2432 3328 2741 3398 principum
2763 3331 3054 3399 prmsentia
3084 3332 3228 3400 qnozl
3263 3345 3481 3399 aequum
3513 3339 3674 3386 esset.

2079 3415 2493 3484 decerneretur,
2529 3420 2714 3489 jussit.
2765 3422 2834 3476 Et
2879 3422 2957 3476 sic
3004 3438 3300 3476 consesms
3331 3426 3374 3478 is
3420 3426 3672 3492 solutus._

2079 3509 2156 3562 Ad
2192 3508 2358 3562 alium
2393 3521 2580 3579 postea
2609 3528 2928 3566 consessum
2968 3525 3189 3568 veutmn
3237 3530 3340 3575 est.
3388 3527 3442 3570 et
3495 3519 3545 3570 in
3593 3534 3664 3571 eo

2080 3615 2322 3656 canones
2365 3603 2458 3657 alii
2506 3613 2636 3659 sunt
2682 3607 3002 3674 compositi.
3057 3608 3266 3663 Deinde
3307 3620 3491 3663 autem
3525 3627 3660 3663 eoo-

2082 3704 2244 3748 ventu
2282 3695 2390 3748 alio
2420 3705 2634 3763 coacto,
2673 3714 2780 3751 ttna
2814 3715 2938 3752 cum
2979 3700 3104 3753 aliis
3147 3700 3416 3756 Maximus
3466 3701 3662 3756 Αιιιίυ-

2081 3786 2292 3842 ehenus
2338 3796 2395 3842 et
2445 3789 2731 3846 Juvenalis
2785 3791 3316 3862 Hierosolymitanus
3373 3795 3655 3849 consedit.

2084 3877 2275 3948 Ibique
2329 3881 2714 3946 constitutum,
2751 3889 2811 3935 ut
2844 3882 3192 3937 AntiOeheno
3225 3884 3464 3938 antistiti
3512 3895 3664 3938 utra-

2084 3985 2193 4045 que
2238 3970 2561 4036 Phoenicia,
2611 3981 2670 4026 et
2711 3971 2914 4040 Arabia
2955 3972 3104 4041 ipsa;
3161 3971 3664 4044 llierosolymitano

2085 4070 2272 4115 autem
2307 4070 2418 4117 tres
2456 4062 2761 4120 Palaestina}
2811 4063 3108 4132 provincia:
3151 4075 3431 4133 parerent.
3485 4065 3664 4133 Atque

2087 4155 2205 4207 haec
2245 4153 2312 4206 ab
2341 4153 2619 4223 episcopis
2657 4162 2713 4208 et
2749 4153 3098 4224 principibus
3139 4155 3380 4210 stabilita
3417 4167 3568 4212 sunt.
3609 4158 3666 4211 lu

2087 4245 2338 4299 sessione
2370 4259 2512 4298 nona
2540 4244 2607 4300 de
2634 4244 2974 4300 Theodorito
3021 4245 3148 4318 Cyri
3176 4248 3436 4317 episcopo
3458 4258 3668 4312 aetum.

2088 4336 2182 4404 qui
2239 4351 2533 4406 assurgens
2584 4337 2933 4404 anathemate
2985 4339 3298 4398 Nestorium
3357 4342 3665 4407 damnavit,

2087 4431 2272 4482 verbis
2321 4430 2513 4486 hisce:
2547 4431 2905 4487 tAnathema
2941 4433 2995 4485 in
3039 4432 3383 4498 Nestorium,
3427 4451 3668 4505 eumque

2089 4524 2182 4591 qui
2226 4535 2468 4592 .~a_nct-tm
2501 4525 2782 4596 Virginem
2814 4525 3165 4582 Mariam'Dci
3196 4527 3526 4582 Genitriretn
3558 4546 3668 4584 non

2094 4616 2247 4682 divit,
2279 4628 2334 4672 et
2381 4617 2476 4686 qui
2522 4617 2576 4672 in
2619 4618 2760 4672 duos
2804 4618 2972 4674 Filios
3011 4619 3213 4674 dividit
3261 4637 3428 4674 unum
3470 4622 3666 4675 Filium

424 4726 534 4762 νον.
585 4710 672 4761 Ἐν
705 4710 838 4780 ἄλλῃ
865 4711 920 4762 δὲ
963 4712 1272 4765 συνελεύσει
1319 4714 1387 4767 τὰ
1419 4715 1557 4766 κατά
1585 4714 1676 4765 τὸν
1708 4714 1861 4766 Ἷϐαν
1897 4715 1982 4766 τὸν

2093 4707 2458 4776 unigenitum.
2502 4709 2615 4779 Ego
2651 4710 2818 4764 etiam
2861 4709 3168 4765 deﬁnitioni
3215 4722 3271 4767 et
3315 4712 3518 4767 Leou's
3551 4714 3673 4782 epi-
3736 4731 3741 4782 γ

427 4801 717 4854 ἐπίσκοπον
777 4802 1028 4873 Ἐδέσσης
1079 4802 1393 4874 ἐθεωρήθη·
1436 4806 1532 4858 καὶ
1582 4807 1897 4875 ἀνεγνώσθη
1948 4811 1981 4878 ὴ

428 4896 632 4947 ἐκείνου
662 4895 913 4964 ἐπιστολή
933 4911 946 4926 ·
979 4899 1114 4966 πρὸς
1142 4898 1208 4968 ἢν
1236 4898 1441 4962 Φώτιος
1463 4899 1767 4966 ἐπίσκοπος
1801 4901 1983 4972 Τύρου

426 4989 661 5052 ἐδίκασε,
694 4991 784 5040 καὶ
825 4989 1124 5053 Εὑστάθιος
1160 4991 1460 5055 ἐπίσκοπος
1495 4993 1766 5065 Βηρυτοῦ.
1812 4998 1918 5048 Καὶ
1950 4999 1984 5068 ὴ

428 5081 526 5146 μὲν
552 5081 728 5149 ψῆφος
762 5084 827 5150 τῇ
873 5083 997 5151 ἑξῆς
1039 5085 1359 5154 ἐταμιεύθη.
1397 5086 1506 5140 Καὶ
1535 5087 1678 5141 κατὰ
1708 5089 1806 5159 τὴν
1842 5091 1985 5144 ἐνδε-

423 5173 596 5242 κάτην
645 5175 955 5227 συνέλευσιν
1004 5175 1268 5232 πλειόνων
1320 5181 1604 5248 παρόντων
1638 5183 1980 5245 ἐπισκόπων,

422 5268 562 5330 τινὲς
599 5268 693 5329 μέν
724 5267 1056 5336 ἐψηφίσαντο
1109 5273 1271 5341 μόνον
1316 5272 1466 5342 ἱερέα
1496 5268 1674 5326 εἶναι·
1727 5274 1874 5328 ἄλλοι
1929 5279 1985 5329 δὲ

425 5359 515 5411 καὶ
565 5359 848 5414 ἐπίσκοποι
902 5362 1186 5428 ἀντεῖπον,
1243 5364 1529 5432 εἰρηκότες
1579 5367 1705 5429 τοὺς
1774 5370 1985 5423 ἐκείνου

424 5451 761 5520 κατηγόρους
786 5452 889 5516 ἔξω
914 5449 1055 5520 εἶναι
1078 5469 1093 5486 ⁸
1136 5455 1227 5508 καὶ
1257 5456 1443 5525 ἠξίουν
1474 5457 1670 5521 αὐτοὺς
1699 5459 1947 5514 ἐπελθεῖν
1968 5479 1981 5492 ·

423 5548 515 5597 καὶ
563 5545 880 5614 ὰ·ιεγνώ;θη
914 5546 983 5598 τὰ
1025 5547 1110 5599 ἐπ’
1149 5547 1297 5616 αὖτῷ
1351 5551 1731 5620 πεπραγμένα.
1774 5555 1908 5621 ,Τῶν
1940 5555 1984 5606 δ’

421 5639 696 5707 ἀρχόντων
727 5639 988 5690 εἰπόντων
1015 5641 1080 5692 τά
1110 5642 1166 5692 ἐν
1214 5641 1423 5710 Ἐφέσῳ
1456 5645 1824 5713 πεπραγμένα
1861 5650 1988 5716 περὶ

426 5729 542 5783 ἰϐα
562 5729 1002 5798 ἀναγνωσθῆναι,
1024 5734 1379 5802 ἀπεκρίναντο
1405 5736 1454 5787 οἱ
1478 5737 1792 5790 ἐπίσκοποι.
1815 5741 1894 5791 Τἀ
1925 5743 1982 5792 ὲν

441 5820 648 5891 Ἐφέσῳ
682 5820 740 5872 τὸ
764 5819 1011 5892 δεύτερον
1035 5842 1098 5876 πε
1113 5824 1390 5894 πραγεένα
1423 5825 1595 5896 ἄκυρα
1631 5824 1765 5882 εἶναι
1794 5830 1986 5899 ἐγρηη

2096 4799 2219 4854 tela:
2267 4801 2596 4870 subscripsi.
2632 4820 2652 4854 ι
2710 4801 2895 4872 Itaque
2956 4804 3024 4859 de
3088 4819 3362 4861 consensu
3421 4807 3670 4862 omnium

2093 4890 2280 4944 sedem
2322 4907 2475 4946 suam
2526 4892 2753 4964 recepit.
2803 4895 3046 4950 Rursum
3093 4896 3146 4950 in
3195 4912 3489 4966 congresso
3536 4899 3668 4961 alio,

2097 4984 2214 5038 lbos
2246 4985 2465 5040 Edessa:
2490 4987 2806 5056 episcopus,
2840 4996 2898 5041 ut
2927 4987 2996 5042 de.
3026 4988 3190 5042 rebus
3219 4989 3339 5058 ejus
3369 4989 3672 5057 diSpicch-

2097 5082 2202 5134 tur.
2235 5077 2498 5131 obtinuit.
2535 5076 2701 5132 Lecta
2737 5078 2860 5148 ejus
2899 5086 2986 5132 est
3017 5079 3253 5148 epistola
3276 5119 3290 5143 ,
3329 5096 3492 5149 quam
3526 5081 3673 5140 Pho-
3728 5117 3736 5122 -

2092 5166 2203 5223 tius
2231 5169 2361 5238 Tyri
2409 5179 2464 5223 et
2489 5169 2816 5226 Eustathius
2862 5171 3042 5241 Beryti
3088 5171 3342 5240 episcopi.
3376 5173 3429 5226 in
3457 5173 3672 5242 judicio

2091 5270 2501 5330 oppugnarunt.
2547 5258 2832 5315 Sententia
2863 5262 2982 5332 ejus
3017 5263 3093 5316 rei
3134 5263 3188 5316 in
3221 5265 3523 5333 proximam
3558 5282 3672 5322 ses-

2092 5354 2304 5410 sionem
2349 5353 2516 5408 dilata
2548 5371 2562 5408 :
2611 5370 2734 5423 qua:
2767 5365 3056 5423 postquam
3099 5355 3391 5411 undecima
3423 5371 3506 5413 est
3542 5374 3674 5418 coa-

2091 5455 2202 5512 eta,
2237 5447 2494 5516 pluribus
2525 5446 2802 5516 episcopis
2837 5447 3224 5516 praesentibus,
3258 5451 3508 5504 nonnulli
3539 5453 3674 5521 qui-

2091 5539 2216 5594 dem
2271 5549 2330 5594 ut
2383 5540 2641 5594 sacerdos
2703 5547 2912 5593 tantum
2966 5551 3115 5596 esset
3159 5551 3519 5600 statuerunt:
3575 5549 3668 5604 alii

2091 5651 2221 5690 vero
2268 5638 2512 5708 episcopi
2574 5637 3030 5697 contradixerunt
3074 5653 3089 5689 :
3148 5636 3497 5694 adversarios
3548 5643 3595 5712 ej
3645 5660 3674 5700 ε

2094 5749 2190 5800 pro
2217 5734 2613 5798 t'oribusesse,
2659 5743 2716 5787 et
2745 5745 2802 5788 ot
2848 5734 3057 5802 ingredi
3107 5736 3189 5791 eis
3231 5739 3425 5792 liceret
3460 5750 3670 5808 petere.

2093 5828 2212 5890 tice
2241 5837 2356 5882 .tes.
2388 5827 2516 5896 Qui?
2549 5826 2614 5880 de
2642 5844 2706 5881 co
2740 5838 2859 5894 aeta
2885 5841 2935 5884 et
2961 5833 3181 5887 decreta
3212 5845 3389 5900 erant,
3422 5834 3561 5889 lecta
3590 5833 3670 5897 ibi
