4118 6540
429 412 535 477 115
1651 413 2055 474 NICEPHOR

2119 412 2464 474 CALLISTI
3625 404 3731 470 116

429 533 581 579 sunt.
618 522 756 579 Cum
786 531 968 578 autem
999 523 1278 594 principes
1305 539 1367 581 ea
1397 526 1626 598 legenda
1660 542 1782 584 esse
1810 541 2001 584 cense-
2028 531 2055 590 Α

2107 526 2245 597 πλὴν
2276 529 2376 598 τῆς
2398 525 2737 598 χειροτονίας
2770 524 3027 596 Μαξίμου
3051 523 3146 579 τοῦ
3182 519 3582 592 Ἀντιοχείας.
3617 516 3733 571 Καὶ

429 626 574 682 rent,
611 630 732 686 quae
776 615 978 684 Ephesi
1021 616 1090 671 de
1137 631 1206 672 eo
1260 617 1382 688 ipso
1430 620 1728 676 constituta
1781 627 2002 687 essent;

2106 618 2292 687 δέησιν
2322 617 2451 688 περὶ
2477 618 2669 672 τούτου
2693 617 2905 688 βασιλεῖ
2923 618 3223 688 προσῆγον,
3252 614 3414 669 ὥστε
3451 609 3731 666 θεσπίσαι

429 702 680 776 episcopi
730 707 838 762 illis
894 707 1350 777 responderunt,
1394 724 1517 779 quae
1583 709 1638 763 in
1697 709 2007 780 posteriore

2112 708 2278 778 μηδὲν
2309 708 2420 762 τῶν
2453 709 2513 761 ἐν
2549 707 2758 779 Ἐφέσῳ
2783 708 2844 761 τὸ
2869 707 3122 778 δεύτερον
3153 703 3553 777 πραχθέντων
3589 716 3729 770 xpu-

432 798 667 868 Ephesia
717 797 927 869 synodo
966 807 1116 869 gesta
1147 809 1334 856 essent
1367 841 1382 867 ,
1412 810 1474 855 ut
1505 816 1604 870 pro
1634 800 1809 856 irritis
1841 801 2008 856 babe-

2107 801 2240 862 τεῖν,
2299 801 2348 852 εί
2385 801 2459 870 μὴ
2499 801 2601 870 τὴν
2656 799 2882 870 πρώτην
2916 801 3108 852 ἐκεῖσε
3141 794 3562 866 γεγενημένην
3599 791 3726 844 σύνς

433 897 649 951 rentnr,
684 888 990 958 judicatum
1019 904 1176 944 esse:
1205 890 1552 945 ordinatione
1574 891 2007 946 MaximiAntio-

2108 889 2260 943 οδοντ
2320 885 2388 962 ἦς
2431 893 2678 962 ἡγήσατο
2731 893 2759 944 δ
2818 890 3121 959 ἀγιώτατος
3166 886 3472 957 Κύριλλος
3537 884 3569 936 6
3630 883 3727 950 τῆ,

432 977 592 1032 cheni
627 979 742 1032 sola
785 989 1038 1047 excepta.
1079 979 1196 1044 Qua
1232 981 1298 1036 de
1352 996 1414 1035 re
1445 997 1638 1051 preces
1689 981 2008 1051 imperatori

2120 982 2536 1053 Ἀλεξανδρείας
2569 983 2798 1053 ποιμήν.
2825 982 2936 1035 Καὶ
2965 980 3169 1035 τούτων
3204 977 3576 1048 εἰρημένων,
3635 975 3727 1028 κα“

431 1071 701 1133 obtulere,
743 1080 803 1124 ut
875 1071 968 1125 ille
1009 1072 1269 1137 sanciret,
1312 1088 1381 1128 ne
1427 1075 1555 1143 quid
1601 1087 1794 1128 earum
1828 1088 2017 1130 rerum

1693 1089 1794 1128 'um
1828 1088 2017 1130 rerum
2122 1076 2151 1128 6
2183 1073 2334 1136 Ἴδας
2361 1073 2654 1144 ἐδικαιώθη
2683 1073 2782 1143 τὴν
2809 1071 3116 1140 ἐπισκοπὴν
3141 1071 3319 1141 ἔχειν.

434 1179 556 1233 quae
592 1165 794 1234 Ephesi
829 1166 1071 1221 secundo
1111 1177 1248 1223 acta:
1277 1178 1494 1236 essentf,
1533 1170 1849 1226 obtineret:
1889 1169 2132 1242 synodo,
2195 1185 2320 1240 quae
2380 1169 2458 1224 ibi
2507 1169 2741 1238 primum
2812 1167 3160 1223 sanctissimo
3203 1167 3436 1239 Cyrillo
3477 1167 3734 1222 Alexan-

435 1258 598 1313 drino
645 1271 864 1325 pastore
917 1263 1245 1332 praesidente
1273 1265 1548 1321 celebrata
1571 1272 1674 1329 est,
1703 1265 1874 1320 salva.
1925 1263 2023 1320 llis
2048 1264 2124 1320 ita
2171 1262 2360 1331 dictis,
2391 1262 2514 1318 lbas
2569 1261 2762 1335 synodi
2809 1260 3020 1332 iudicio
3087 1259 3499 1332 episcopatum
3564 1272 3736 1315 suum

434 1357 666 1426 recepit.

506 1449 676 1502 Porro
707 1463 968 1505 consessu
994 1448 1323 1506 duodecimo
1355 1451 1606 1508 Bassiani
1635 1453 1859 1524 Ephesii
1889 1453 2010 1524 epi-

2183 1454 2292 1508 Καὶ
2325 1453 2468 1508 κατὰ
2512 1452 2824 1523 δωδεκάτην
2865 1453 3066 1522 πρᾶξιν
3098 1451 3169 1506 τὰ
3211 1454 3372 1506 κατὰ
3408 1450 3737 1506 Βασσιανδν

436 1539 588 1610 scopi
618 1554 705 1596 res
739 1542 938 1612 agitata
962 1550 1046 1598 est
1072 1559 1087 1596 :
1122 1543 1288 1621 656
1319 1553 1376 1600 et
1419 1551 1536 1598 tum
1569 1554 1632 1601 ut
1663 1545 1754 1600 ille
1784 1545 2005 1614 episco-

2111 1546 2337 1616 ἐκινήθη
2388 1545 2481 1599 τὸν
2529 1545 2629 1615 τῆς
2691 1544 2918 1613 Ἑφέσου
2965 1545 3309 1598 ἐπίσκοπονο
3366 1544 3472 1598 καὶ
3525 1545 3733 1614 ἐκρίθη

438 1642 565 1700 patu
606 1633 812 1698 abiret,
847 1648 1085 1703 eumque
1118 1634 1434 1706 Stephanus
1464 1638 1777 1708 reciperet,
1813 1637 2010 1692 decre-

2112 1638 2438 1708 ἀπωσθῆναι
2467 1636 2566 1704 μὲν
2611 1636 2794 1701 αὐτὸν,
2837 1636 3257 1706 άντεισαχθῆναι
3291 1636 3355 1689 δέ
3413 1636 3728 1704 Στέφανον.

440 1736 554 1778 tum
582 1737 686 1781 est.
716 1726 773 1781 ld
796 1741 895 1797 per
919 1726 1085 1781 alium
1113 1743 1334 1798 quoque
1360 1738 1694 1784 conventum
1716 1730 2008 1784 confirma-

2112 1729 2225 1782 Καὶ
2253 1727 2321 1781 δι’
2352 1728 2543 1798 ἐτέρας
2589 1726 2810 1780 συνόδου
2837 1727 3011 1780 ταῦτα
3058 1725 3408 1795 ἐϐεϐαιώθη.
3446 1728 3731 1798 Τρισκαι-

443 1827 591 1872 tum.
626 1817 888 1873 Sessioue
916 1816 1239 1886 tredecima,
1281 1819 1349 1874 de
1379 1819 1790 1875 Nicomediensi
1819 1820 2004 1874 Euno-

2109 1818 2340 1888 δεκάτης
2373 1817 2430 1871 δὲ
2463 1816 2719 1887 πράξεως
2752 1817 3076 1888 γενομένης,
3127 1817 3196 1870 τὰ
3225 1819 3385 1869 κατά
3416 1817 3518 1869 τὸν
3555 1817 3733 1870 Νικο-

443 1911 555 1964 mio
583 1921 642 1966 et
688 1911 910 1968 Nicaano
955 1911 1248 1967 Anastasio
1297 1923 1510 1978 actum,
1547 1912 1643 1982 qui
1694 1910 1763 1966 de
1807 1909 2010 1965 finibus
2039 1897 2069 1954 Ε

2119 1909 2347 1983 μηδείας
2379 1908 2619 1980 ἐξητήθη
2664 1909 2956 1979 Εὐνόμιον,
2998 1909 3093 1961 καὶ
3136 1908 3227 1962 τὸν
3263 1908 3531 1970 Νικαίας
3575 1909 3735 1962 Ἀνα-

445 2003 849 2073 provinciarum
899 2017 1123 2058 suarum
1169 2002 1727 2058 administrandarum
1777 1999 1922 2054 inter
1949 2013 2010 2054 se

2121 2004 2359 2070 στάσιον,
2392 2002 2728 2073 φιλονεικίας
2761 2001 2893 2072 περὶ
2943 1999 3056 2054 τῶν
3087 2000 3233 2054 ίδίων
3281 2000 3442 2070 ὅρων
3475 2001 3576 2053 καὶ
3629 1999 3734 2051 πό-

444 2090 871 2146 contendebant.
917 2091 1158 2148 Coactus
1211 2107 1428 2162 quoque
1484 2090 1729 2148 decimus
1783 2096 2013 2158 quartus

2118 2096 2256 2150 λεων
2285 2095 2606 2166 γενομένης.
2651 2095 2976 2163 Ἔπεγένετο
3020 2092 3078 2145 δέ
3119 2093 3211 2144 καὶ
3240 2091 3733 2162 τεσσαρεσκαιδε-

441 2198 754 2249 consessus,
777 2183 835 2239 in
863 2199 974 2254 quo
997 2182 1066 2239 de
1095 2183 1262 2239 rebus
1287 2182 1531 2238 Bassiani
1562 2189 1646 2236 est
1693 2189 2011 2236 tractatum.

2119 2191 2261 2258 κάτη
2311 2189 2546 2258 πρᾶξις·
2611 2187 2705 2241 καὶ
2751 2186 3022 2256 ἐξητάσθη
3070 2185 3139 2239 τά
3177 2186 3324 2239 κατὰ
3386 2184 3732 2239 Βασσιανόν.

447 2275 512 2329 Et
567 2287 843 2347 postremo
891 2277 1138 2332 omnium
1191 2277 1431 2348 synodus
1483 2273 2013 2342 Constantinopoli-

2123 2284 2231 2335 Καὶ
2258 2282 2410 2343 τέλος
2435 2281 2654 2335 πάντων
2676 2280 2951 2348 δικαίωμα
2985 2281 3018 2348 ἡ
3050 2276 3268 2339 σύνοδος
3299 2276 3387 2345 τῷ
3423 2277 3733 2330 Κωνσταν-

449 2383 578 2424 tano
632 2372 834 2426 throno
876 2371 965 2441 ius
996 2369 1133 2425 illud
1189 2369 1411 2433 tribuit,
1445 2373 1500 2422 et
1549 2365 1927 2429 conﬁrmavit,
1961 2373 2023 2418 ut

2119 2371 2482 2431 τινουπόλεως
2509 2369 2676 2432 ἔδωκε
2713 2370 2912 2441 θρόνῳ,
2938 2367 3181 2438 κυροῦσα
3223 2367 3399 2427 εὐθὺς
3448 2369 3600 2436 μετὰ
3639 2365 3732 2417 τὸν

448 2465 686 2518 alterum
729 2463 914 2518 statim
949 2477 982 2519 a
1026 2463 1271 2516 Romana
1311 2461 1441 2515 sede
1471 2459 1653 2514 locum
1683 2465 1739 2512 et
1769 2457 2023 2511 ordinem

2133 2461 2354 2532 Ῥώμης
2408 2464 2616 2515 ἐκεῖνον
2643 2461 2941 2531 ’τετάχθαι.
2996 2460 3105 2514 Καὶ
3135 2461 3193 2514 ἐν
3223 2458 3453 2522 τούτοις
3496 2457 3731 2528 σύμπαν

451 2555 500 2607 is
566 2552 862 2608 obtineret.
925 2553 1108 2623 Atque
1175 2553 1249 2607 ita
1315 2552 1478 2607 linem
1541 2564 1704 2615 suum
1766 2549 2018 2618 synodus

1541 2564 1704 2615 suum
1766 2549 2018 2618 synodus
2123 2553 2274 2625 τέλος
2306 2554 2372 2607 τὰ
2403 2556 2502 2624 τῆς
2533 2553 2756 2607 συνόδου
2784 2551 3112 2622 ἐλάμϐανεν.

450 2645 684 2714 accepit.

1038 2957 2043 3112 ΝΙΚΗΦΟΡΟΥ
2126 2953 3114 3090 ΚΑΛΛΙΣΤΟΥ
3239 2943 3248 2949 ’

1812 3194 2320 3262 ΞΑΝΘΟΠΟΥΛΟΥ

973 3370 2363 3497 ΕΚΚΑΗΣΙΑΣΤΙΚΗΣ
2482 3370 3184 3497 ΙΣΤΟΡΙΑΣ

1749 3600 2136 3696 ΤΟΜΟΣ
2234 3598 2411 3696 Ιςν.

1284 3952 2148 4080 NICEPHORI
2246 3941 2978 4111 CALLISTI

1820 4189 2344 4265 XANTHOPULI

875 4375 2264 4496 ECCLESIASTlC/E
2363 4365 3269 4530 HISTORIA;

1731 4614 2136 4706 TOMUS
2229 4614 2498 4707 XVI.

467 5061 544 5116 De
593 5055 820 5113 Zenonis
853 5053 1118 5122 imperio:
1149 5057 1201 5104 et
1245 5051 1384 5116 quod
1423 5051 1496 5122 is,
1529 5062 1663 5122 cum_
1687 5045 2044 5122 intemperans

2147 5046 2285 5114 Περὶ
2304 5044 2427 5122 ’τῆς
2445 5042 2780 5122 βασιλείας
2811 5037 3132 5122 Ζήνωνοςς
3163 5028 3723 5122 καξιδτι-ἀλνὰὶῖυπξ

537 5090 543 5111 ;
593 5090 820 5113 ηῦισυηω
854 5090 1114 5122 ιηιμωιν.
1149 5090 1199 5104 νυ
1245 5090 1383 5116 Ἳνυνκ
1425 5090 1496 5114 ω,
1530 5090 1647 5102 νυν...
1690 5090 2044 5114 "uva-rw...“
2147 5090 2163 5101 .

537 5136 691 5192 esset,
727 5135 778 5180 et
823 5123 1081 5192 dissoluta
1129 5134 1344 5190 prorsus
1389 5119 1519 5184 vita,
1552 5115 1720 5170 multa
1761 5115 1910 5169 Rom.
1945 5116 2046 5168 im-

2147 5090 3011 5192 "Iéi'é‘gs'éélﬁﬁﬁgiﬁfai
3069 5090 3178 5187 ξὺν
3220 5103 3368 5170 ,βίον
3395 5101 3468 5156 τὰ
3522 5090 3722 5151 πολ.ιά

539 5181 987 5267 ῥῖέίῐρενάειιενίι
1013 5181 1153 5246 loca'.
1506 5181 1512 5184 '

2221 5185 2333 5252 τῆς
2371 5183 2673 5250 Ῥωμαίων
2705 5181 2996 5249 διέφθειρε
3029 5181 3162 5246 γῆς.

539 5313 673 5379 Quae
713 5309 816 5364 sub
837 5304 1098 5362 Marciani
1119 5313 1176 5360 et
1207 5303 1410 5358 Leonis
1456 5303 1698 5372 priorum
1740 5299 2043 5369 imperato-

2221 5297 2302 5348 Τὰ
2334 5295 2430 5364 μὲν
2463 5294 2526 5364 δὴ
2556 5292 2696 5347 κατὰ
2729 5292 2830 5361 τὴν
2865 5289 3044 5360 ἀρχὴν
3088 5283 3404 5357 Μαρκιανοῦ
3437 5280 3532 5334 καὶ
3569 5274 3722 5329 Λέονι-

470 5420 590 5458 rum
622 5415 806 5455 rerum
834 5396 1316 5453 administratione
1352 5395 1404 5448 in
1429 5393 1680 5448 ecclesiis
1701 5391 2044 5456 acciderunt,

2151 5405 2242 5450 τος
2300 5386 2408 5439 τῶν
2462 5383 2706 5438 εὐσεόὦν
2748 5381 3013 5454 βασιλέων
3046 5380 3165 5441 ταῖς
3215 5373 3537 5444 ἐκκλησίαις
3584 5380 3715 5431 συμ-

471 5497 554 5550 sic
601 5509 660 5547 so
702 5490 968 5544 habuere.
1014 5487 1162 5543 Zeno
1193 5497 1374 5542 autem
1420 5495 1706 5555 postquam
1751 5481 2044 5551 imperium

2154 5482 2324 5534 ϐάντα
2352 5474 2454 5532 ὦδε
2519 5479 2678 5547 ἔσχεν
2699 5492 2713 5507 ο
2764 5475 2792 5526 ὁ
2837 5472 2893 5526 δέ
2925 5488 2988 5542 γε
3023 5472 3238 5539 Ζήνων,
3287 5465 3410 5518 ἐπεὶ
3442 5461 3541 5555 τὴν
3573 5457 3720 5555 βασι-

473 5585 716 5653 accepit,
766 5596 876 5635 non
920 5588 1068 5635 recte
1107 5595 1166 5635 se
1206 5593 1390 5634 rerum
1440 5590 1707 5631 summam
1740 5574 2048 5645 gubernare

2153 5574 2309 5625 λείαν
2341 5569 2721 5640 περιεβάλετο,
2760 5566 2861 5618 οὐκ
2891 5563 3029 5633 ᾣετο
3072 5561 3167 5614 ἐπὶ
3208 5558 3320 5612 τῶν
3340 5557 3472 5609 ὅλων
3496 5550 3558 5620 δὴ

474 5633 636 5747 posse
669 5673 899 5745 putavit,
937 5672 1042 5727 nisi
1068 5671 1443 5742 voluptatibus
1470 5667 1730 5722 omnibus
1756 5680 1878 5735 quae
1909 5665 2048 5720 forte

2155 5633 2488 5722 εστάναι,ἐί
2509 5633 2601 5728 ¹μὴ
2633 5633 2726 5710 καλ.
2760 5654 2962 5714 πάσαις
2990 5653 3110 5712 ταῖς
3140 5646 3421 5708 ἐπιούσαις
3463 5640 3570 5692 τῶν
3603 5633 3720 5736 ηὗρ’

473 5775 869 5833 occurrerent,
905 5781 1029 5822 cum
1073 5773 1343 5837 potestate
1377 5774 1592 5817 summa
1629 5757 2048 5828 perfrueretur:

2156 5753 2264 5807 νῶν
2317 5751 2430 5820 μετ’
2483 5747 2733 5816 ἐξουσίας
2787 5745 3023 5800 ἐπέλθοι.
3060 5741 3168 5795 Καὶ
3209 5739 3300 5791 ἐπὶ
3351 5737 3504 5789 τόσον
3536 5731 3719 5837 ἑαυτὸν

476 5863 678 5936 quibus
711 5863 849 5921 adeo
877 5877 936 5919 se
970 5875 996 5934 a
1029 5859 1245 5932 primis,
1279 5855 1424 5927 quod
1461 5853 1690 5920 dicitur,
1733 5849 2052 5907 carceribus

2159 5844 2383 5908 ταύταις
2421 5844 2618 5914 ἀνῆκεν
2658 5844 2719 5901 ἐκ
2761 5839 2983 5913 πρώτης
3014 5833 3333 5908 ἀφετηρίας,
3371 5831 3446 5893 ὡς
3479 5822 3640 5899 μηδέν
3668 5828 3717 5868 ’³⁸
