4118 6504
324 346 409 410 ιῃ
1205 347 1812 443 ECCLESlASTiCE
1857 351 2246 415 HISTORIA!
2288 357 2432 421 LIB.
2470 358 2627 424 XVI.

922 460 1173 515 ΚΕΦΛΛ.
1221 461 1297 516 Γ.

322 573 399 628 Τὰ
429 573 577 646 κατὰ
610 571 724 641 τῆς
752 574 930 645 ἁγίας
966 575 1253 644 τετάρτης
1276 577 1547 631 συνόδου
1592 577 1894 646 τραφέντα

346 675 355 680 -
388 645 471 718 τῷ
495 646 852 718 Bucolicum
879 647 1173 718 ἐγκύκλια
1203 646 1513 718 γράμματα
1544 647 1614 712 ἐξ
1661 645 1894 717 ἐπιτρο-

388 713 508 783 πῆς
547 717 828 784 Τιμοθέου
856 715 957 770 καὶ
993 713 1238 786 Πέτρούέ

395 848 416 882 ι
452 831 822 903 Αὐτοκράτωρ
866 835 1082 904 Καῖσαρ
1122 835 1472 906 Βασιλίσκος,
1525 835 1777 904 εὐσεϐὴς,
1813 853 1894 889 νι-

321 922 515 994 κητὴςι
537 923 928 995 τροπαιοῦχος,
960 924 1239 994 μέγιστος,
1270 927 1648 993 ἀεισέϐαστος,
1677 926 1892 995 Αὔγου-

324 1038 469 1083 στος,
488 1020 583 1074 καὶ
600 1020 829 1090 Μάρκος
852 1024 882 1076 ὁ
907 1021 1339 1091 ἐπιφανέστατος
1365 1023 1541 1076 Καῖσν
1553 1041 1607 1093 ρ,
1640 1022 1893 1092 Τιμοθέῳ

319 1112 401 1184 τῷ
456 1112 833 1184 ὠλαϐεστάτῳ
878 1114 973 1167 καὶ
1027 1112 1427 1183 θεοφιλεστάτῳ
1472 1113 1896 1184 ἀρχιεπισκόπῳ

321 1209 419 1275 τῆς
462 1204 854 1277 Ἀλεξανδρέων
919 1206 1358 1276 μεγαλοπόλεως,
1421 1207 1517 1260 καὶ
1580 1207 1715 1260 πᾶσι
1777 1205 1894 1267 τοῖς

323 1302 466 1354 κατὰ
493 1303 590 1370 τὴν
618 1299 694 1353 ἕω
740 1300 838 1354 καὶ
883 1301 1127 1371 ἑσπέραν
1167 1299 1373 1370 ἱερεῦσι
1417 1298 1586 1354 Θεοῦ.
1624 1300 1894 1363 Ὀπόοους

330 1396 426 1464 μὲν
451 1393 593 1464 ὑπὲρ
622 1393 722 1462 τῆς
761 1393 932 1463 ὀρθῆς
959 1393 1055 1448 καὶ
1090 1392 1462 1462 ἀποστολικῆς
1490 1393 1732 1456 πίστεως
1770 1391 1893 1445 ἐθέ-

332 1505 531 1541 σπισαν
559 1487 758 1556 νόμους
793 1488 842 1540 oi
882 1486 990 1555 πρὸ
1015 1487 1174 1557 ἡμῶν
1202 1486 1586 1541 εὐσεϐέστατοι
1629 1485 1890 1555 βασιλεῖς,

328 1582 442 1634 ὅσοι
478 1581 577 1652 τὴν
610 1580 889 1650 μακαρίαν
915 1579 1012 1633 καὶ
1041 1581 1235 1650 ἀγήρω
1265 1580 1363 1635 καὶ
1397 1578 1665 1644 ζωοποιδν
1685 1581 1895 1650 Τριὰδα

333 1669 726 1741 θεραπεύοντες
777 1669 956 1740 ὀρθῶς
1002 1654 1347 1735 διετέλεσαν,
1400 1671 1625 1734 τούτους
1681 1672 1758 1728 ὡς
1815 1669 1894 1740 τῷ

331 1764 492 1818 παντὶ
525 1765 711 1832 κόσμῳ
743 1762 1048 1834 σωτηρίους
1078 1764 1165 1817 ἀεί
1198 1780 1328 1818 ποτε
1351 1766 1680 1832 γεγονότας,
1699 1763 1892 1817 οὐδένα

328 1856 520 1926 χρόνον
564 1856 751 1929 ἀργεῖν
809 1854 1100 1924 ἐθέλομεν·
1162 1854 1367 1925 μᾶλλον
1424 1854 1483 1909 δὲ
1531 1855 1606 1918 ὡς
1658 1856 1892 1919 οἰκείους

324 1950 535 2005 ἑαυτῶν
588 1946 939 2021 ἐκφωνοῦμεν
983 1950 1203 2020 νόμους.
1252 1947 1444 2019 Ἦμεϊς
1471 1948 1529 2002 δὲ
1579 1949 1760 2019 πάσης
1789 1948 1891 2012 τῖς

326 2040 457 2110 περὶ
510 2038 576 2093 τὰ
626 2037 941 2110 ἀνθρώπινα
973 2039 1276 2110 πράγματα
1305 2038 1551 2106 σπουδῆς
1590 2040 1690 2108 τὴν
1736 2038 1893 2093 esse-

323 2132 483 2186 ϐειαν
531 2132 961 2202 προτιμήσαντες
1001 2132 1100 2184 καὶ
1151 2129 1244 2185 τὸν
1290 2131 1432 2203 ὑπὲρ
1470 2129 1567 2185 τοῦ
1613 2130 1893 2184 Θεοῦ“κα“ι

328 2225 578 2294 Σωτῆρος
605 2222 758 2295 ἡμῶν
803 2222 982 2293 Ἰησοῦ
1012 2222 1253 2293 Χριστοῦ
1285 2222 1470 2293 ζῆλον,
1520 2222 1616 2277 τοῦ
1651 2240 1891 2292 πεποιη-

330 2317 493 2379 κότος
521 2317 609 2371 καὶ
630 2314 976 2381 δεδοξακότος
1007 2317 1178 2387 ἡμᾶς,
1214 2316 1296 2370 ἔτι
1325 2315 1383 2371 δὲ
1407 2315 1758 2380 πιστεύοντες
1798 2317 1891 2368 τὸν

328 2408 624 2478 σύνδεσμον
647 2408 756 2461 τῶν
782 2408 877 2462 τοῦ
900 2407 1138 2485 Χριστοῦ
1158 2408 1429 2478 ποιμνίων
1448 2404 1728 2478 σωτηρίαν
1756 2408 1890 2462 ἑαυο

318 2500 433 2553 τῶν
459 2496 619 2562 εἶναι.
648 2499 741 2554 καὶ
765 2498 861 2554 τοῦ
897 2500 1143 2570 ὑπηκόου
1168 2501 1369 2566 παντὸς
1395 2501 1651 2570 θεμέλιόν
1679 2519 1738 2554 τε
1783 2503 1881 2574 d5)-

317 2593 464 2664 ῥατῆ
494 2592 588 2646 καὶ
614 2592 907 2648 ἀσάλευτον
928 2594 1110 2664 τεῖχος
1131 2593 1235 2664 τῆς
1253 2594 1536 2665 ἡμετέρας
1570 2593 1855 2664 βασιλείας
1871 2614 1884 2628 ·

314 2682 576 2737 ἐντεῦθεν
619 2684 841 2748 εῑκότως
890 2684 1018 2753 θείῳ
1068 2685 1306 2749 διανοίας
1360 2685 1675 2756 κινούμενοι
1716 2686 1885 2756 ζήλῳ,

314 2777 416 2830 καὶ
452 2774 707 2846 ἀπαρχὴν
733 2780 832 2848 τῆς
881 2777 1158 2848 ἡμετέρας
1200 2777 1487 2849 βασιλείας
1523 2779 1602 2850 τῷ
1640 2779 1761 2850 Θεῷ
1795 2780 1889 2832 καὶ

313 2866 536 2938 Σωτῆρι
560 2868 719 2939 ἡμῶν
762 2867 948 2939 Ἰησοῦ,
966 2868 1189 2939 Χριστῷ
1217 2869 1318 2940 τὴν
1342 2869 1442 2940 τῆς
1467 2871 1633 2940 ἁγίας
1662 2871 1817 2926 Ἐκκλ
1828 2891 1892 2943 η-

315 2961 439 3023 diu;
463 2960 661 3014 ἕνωσιν
708 2960 1197 3031 προσκομίζοντες,
1232 2960 1568 3032 θεσπίζομεν
1616 2964 1717 3032 τὴν
1744 2979 1888 3034 κρη-

315 3047 445 3103 πῖδα
479 3049 583 3103 καὶ·
606 3047 898 3120 βεϐαίωσιν
939 3051 1037 3121 τῆς
1075 3050 1429 3122 ἀνθρωπίνης
1478 3052 1733 3118 εὐζωῑας,
1759 3070 1889 3107 του-

316 3143 466 3196 τέστι
496 3140 562 3195 τδ
589 3141 859 3210 σύμϐολον
892 3141 1004 3197 τῶν
1037 3142 1142 3216 τιη⁹
1171 3144 1344 3212 ἁγίων
1377 3146 1663 3218 Πατέρων,
1692 3148 1804 3202 τῶν
1830 3150 1888 3201 ἐν
1919 3181 1964 3241 C

317 3235 519 3308 Νικαίᾳ
542 3235 709 3291 πάλαι
737 3237 876 3307 μετὰ
908 3235 1003 3290 τοῦ
1039 3237 1199 3306 ἁγίου
1230 3237 1553 3309 Πνεῦματος
1586 3240 1888 3311 ἐκκλησια-

324 3328 577 3392 σθέντων,
608 3329 742 3392 είςδ
794 3331 954 3401 ἡμεῖς
978 3349 1039 3386 τε
1088 3330 1188 3384 καὶ
1218 3331 1421 3395 πάντες
1475 3333 1528 3386 oi
1573 3333 1680 3405 πρὸ
1729 3334 1891 3403 ήμῶν

321 3421 734 3486 πιστεύσαντες,
762 3420 1193 3493 ἐϐαπτίσθημεν,
1222 3420 1381 3476 τοῦτο
1414 3425 1578 3493 μόνον
1611 3424 1891 3476 πολιτεύε-

322 3511 443 3565 σθαι
478 3513 576 3566 καὶ
608 3517 828 3585 κρατεῖν
876 3518 935 3568 ὲν
987 3518 1193 3579 πάσαις
1242 3520 1366 3581 ταῖς
1413 3518 1748 3589 ἁγιωτάταις
1791 3516 1888 3570 τοῦ

319 3605 458 3659 Θεοῦ
490 3607 816 3677 ἐκκλησίαις
857 3609 951 3661 τὸν
977 3605 1262 3680 ὀρθόεοξον
1290 3611 1439 3678 λαὸν,
1486 3610 1559 3673 ὡς
1599 3612 1761 3680 μόνον
1791 3611 1891 3679 τῆς

318 3697 597 3760 ἀπλανοῦς
624 3699 859 3762 πίστεως
884 3700 1092 3770 κυρίως
1124 3703 1273 3772 ὅρον,
1302 3703 1401 3756 καὶ
1428 3702 1637 3775 ἀρκοῦν
1682 3705 1776 3756 καὶ
1810 3704 1891 3767 είς

318 3790 599 3858 ἀναίρεσιν
636 3790 736 3860 μὲν
769 3790 1001 3845 καθόλου
1060 3793 1242 3863 πάσης
1275 3794 1564 3864 αἱρέσεως,
1602 3794 1797 3848 ἕνωσιν
1834 3794 1893 3849 δὲ

322 3882 499 3951 ἄκραν
525 3883 636 3936 τῶν
688 3884 859 3951 ἁγίων
885 3885 979 3939 τοῦ
1012 3885 1149 3939 Θεοῦ
1175 3886 1508 3957 ἐκκλησιῶν,
1534 3888 1658 3959 ἑχόν
1669 3905 1772 3943 των
1796 3888 1892 3959 δη-

324 3973 453 4038 λαδὴ
485 3975 586 4040 τὴν
621 3974 828 4029 οἰκείαν
864 3976 1041 4046 ίσχὺν,
1076 3979 1171 4032 καὶ
1207 3977 1317 4031 τῶν
1345 3980 1427 4041 είς
1463 3977 1763 4050 βεϐαίωσιν
1789 3981 1891 4033 αὐ-

323 4065 413 4118 τοῦ
441 4065 536 4119 τοῦ
565 4065 709 4130 θείου
744 4069 1016 4138 συμϐόλου
1043 4070 1462 4141 πεπραγμένων
1502 4070 1560 4125 έν
1592 4088 1653 4124 τε
1689 4074 1759 4141 τῇ
1795 4071 1892 4142 βα-

326 4155 607 4229 σιλευούσῃ
656 4158 808 4212 πόλει
856 4160 1029 4232 ταύτῃ
1075 4161 1223 4214 κατὰ
1256 4160 1382 4213 ’τῶν
1416 4160 1893 4231 βλασφημούντων

322 4251 401 4310 εἶς
429 4249 493 4300 τὸ
532 4249 755 4319 Πνεῦμα
782 4250 843 4304 τὸ
877 4251 1031 4319 ἆγιον
1061 4252 1214 4322 παρὰ
1244 4252 1355 4305 τῶν
1393 4250 1472 4323 ρν¹
1498 4253 1676 4322 ἁγίων
1716 4254 1895 4308 Πατέ-

328 4356 454 4404 ρων,
488 4337 564 4391 ἔτι
614 4338 671 4392 δέ
706 4342 798 4393 καὶ
848 4341 1065 4395 πάντων
1105 4342 1214 4396 τῶν
1262 4344 1677 4414 πεπραγμένων
1732 4345 1792 4398 ὲν
1822 4348 1888 4419 τῇ

336 4431 594 4497 Ἐφεσίων
636 4433 968 4501 μητροπόλει
1018 4434 1161 4489 κατὰ
1210 4434 1307 4488 τοῦ
1352 4426 1657 4502 δυσσεϐοῦς
1685 4437 1894 4493 Νεστο-

3486 362 3588 431 £22

2613 473 2841 533 CAPUT
2890 476 2982 534 lli.

2001 578 2306 662 (.‘irculares
2343 581 2586 662 quilisci
2626 572 2816 639 littere
2840 587 3092 662 adversus
3130 595 3376 662 sanctam
3416 607 3586 662 quar-

2072 658 2185 733 tam
2219 652 2540 733 ‘synodum,
2586 658 2965 725 procuratione
3012 657 3272 713 Timothei
3325 669 3375 713 et
3428 652 3586 716 Ῥεινὶ

2067 730 2297 790 scriptor.

2078 852 2098 884 ι
2142 835 2450 900 imperator
2486 835 2672 895 Caesar
2723 838 3026 897 Basiliscus
3059 842 3158 914 (l),
3195 843 3345 913 pius,
3380 846 3583 912 victor,

1998 927 2399 997 triumphator.
2448 931 2744 994 maximus,
2803 947 3027 1002 semper
3081 937 3350 991 colendus
3392 937 3585 1006 Angu-

1997 1026 2153 1082 stus.
2198 1029 2255 1074 et
2309 1020 2547 1087 Marcus,
2602 1023 2990 1078 nobilissimus
3023 1025 3231 1093 Cri-sar,
3289 1007 3584 1081 Timetheo

1997 1111 2419 1180 religiosissima
2466 1125 2523 1168 et
2573 1114 2668 1168 Dei
2725 1114 3110 1169 amantissimo
3163 1132 3372 1188 magna:
3428 1117 3584 1171 urbis

1996 1199 2495 1258 Alexandrinorum
2524 1188 2970 1275 arcbiepiscopo,
3001 1219 3170 1276 atque
3198 1209 3459 1262 onmibus
3485 1225 3585 1277 per

1995 1291 2277 1349 Orientem
2311 1304 2368 1350 et
2409 1295 2769 1352 Occidentem
2805 1299 3199 1355 sacerdotibus
3253 1300 3371 1355 Dei.
3402 1300 3586 1365 Quas-

1997 1400 2240 1455 cunque,
2286 1388 2380 1457 qui
2413 1398 2543 1444 ante
2577 1405 2681 1447 nos
2732 1391 2889 1446 fuere
2925 1392 3158 1461 piissimi
3192 1392 3583 1457 imperatores,

1998 1479 2093 1548 qui
2123 1480 2361 1546 beatam,
2394 1481 2790 1549 immortalem,
2839 1494 2896 1539 et
2944 1484 3217 1538 vivitieam
3250 1485 3581 1538 Ttittitatcm

1999 1579 2147 1624 recte
2175 1573 2418 1637 coluere,
2448 1590 2547 1643 pro
2576 1584 2727 1630 recta
2777 1585 2835 1633 et
2872 1578 3179 1648 apostolica
3213 1579 3317 1634 {ide
3351 1594 3584 1634 sanxere

1996 1663 2185 1733 leges;
2219 1679 2335 1729 eas,
2367 1666 2536 1722 veluti
2574 1668 2671 1722 toti
2700 1670 2908 1724 mundo
2945 1672 3239 1737 salutares,
3277 1689 3389 1727 non
3421 1672 3585 1727 modo

2000 1765 2248 1825 tempore
2300 1758 2414 1813 ullo
2466 1761 2671 1832 negligi
2717 1772 2773 1816 et
2815 1763 3027 1818 aboleri
3071 1765 3355 1831 nolumus,
3389 1781 3584 1821 verum

1998 1844 2166 1899 etiam
2203 1846 2434 1916 perinde
2465 1858 2632 1919 atque
2682 1854 3118 1910 constitutiones
3161 1856 3416 1926 proprias
3449 1873 3584 1927 pro-

2000 1938 2334 2008 mulgamus.
2372 1940 2436 1995 Et
2460 1957 2586 1995 cum
2614 1959 2802 1998 veram
2832 1946 3121 2015 pietatem,
3146 1946 3583 2018 ﬂagrantemque

1998 2044 2126 2100 erga
2169 2031 2341 2085 Deum
2375 2042 2431 2088 et
2480 2033 2833 2089 Servatorem
2876 2049 3127 2111 nostrum
3178 2038 3366 2094 Jesum
3417 2039 3585 2095 Chri-

2000 2132 2170 2185 stum,
2228 2124 2322 2194 qui
2383 2140 2486 2180 nos
2535 2126 2812 2190 condidit,
2861 2138 2919 2183 et
2971 2129 3039 2185 ad
3092 2140 3301 2186 tantam
3347 2132 3582 2202 gloriam

1998 2214 2218 2277 extulit,
2254 2215 2511 2272 ardorem
2539 2218 2741 2274 studiis
2789 2221 3071 2292 rebusque
3103 2223 3366 2279 humanis
3396 2225 3584 2279 omni-

1999 2305 2104 2361 bus
2159 2307 2557 2377 praeferamus,
2617 2320 2784 2377 atque
2841 2318 3075 2382 insuper
3128 2317 3627 2387 coniunctionem.

1997 2401 2178 2472 gregis
2207 2399 2413 2457 Christi
2447 2403 2749 2459 salutarem
2784 2406 2891 2476 ipsi
2928 2407 3261 2478 civibusque
3293 2421 3349 2463 et
3390 2411 3586 2465 subdi-

1998 2491 2070 2547 tis
2100 2492 2362 2548 omnibus
2400 2494 2735 2565 ﬁrmumque
2765 2498 2906 2551 adeo
2941 2498 3364 2554 fundamentum
3413 2512 3579 2573 atque

1996 2582 2386 2637 inconcussum
2410 2583 2632 2653 imperii
2659 2586 2839 2664 nostri
2863 2603 3085 2642 murum
3115 2604 3238 2645 esse
3265 2591 3582 2659 credamus,

1996 2674 2194 2730 merito
2224 2682 2373 2730 certe
2403 2675 2596 2732 divino
2630 2680 2831 2736 mentis
2863 2681 2982 2735 zelo
3010 2684 3276 2751 permoti,
3310 2685 3579 2741 unionem

1996 2773 2203 2819 sancta:
2252 2764 2514 2820 Ecclesia:
2560 2766 2779 2835 imperii
2825 2768 2999 2822 nostri
3054 2770 3328 2838 primitias
3373 2770 3487 2826 Deo
3527 2781 3585 2826 et

1999 2857 2279 2914 Servatori
2338 2867 2529 2912 nostro
2571 2858 2699 2914 .Icsn
2751 2859 2974 2914 Christo
3021 2861 3366 2929 oll'erentes,
3418 2863 3583 2935 665

1994 2949 2413 3015 conSIituimus,
2463 2960 2523 3005 ut
2584 2948 3005 3005 fundamentum
3060 2951 3584 3024 ﬁrmamentumque

1997 3038 2279 3095 felicitatis
2309 3039 2592 3105 humanm,
2623 3041 2731 3096 hoc
2757 3050 2864 3104 est,
2900 3051 3278 3098 trecentorum
3310 3043 3499 3100 decem
3528 3056 3585 3100 et

1996 3140 2123 3185 octo
2172 3140 2492 3186 sanctorum
2558 3130 2803 3192 Patrum.
2860 3134 2954 3203 qui
3005 3135 3204 3190 Nicrere
3261 3136 3392 3190 olim
3446 3150 3576 3191 cum

1994 3231 2186 3277 sancto
2216 3220 2428 3291 Spiritu
2459 3222 2515 3276 in
2545 3232 2823 3277 conventu
2849 3225 3234 3281 ecclesiastico
3263 3228 3582 3297 congregati

1993 3313 2170 3377 fuere,
2204 3313 2552 3385 Symbolum.
2587 3314 2736 3385 quod
2769 3332 2873 3370 nos
2905 3327 3073 3388 atque
3103 3334 3298 3376 omnes
3329 3320 3424 3390 qui
3451 3332 3583 3375 ante

1992 3423 2095 3463 nos
2123 3407 2350 3463 fuerunt
2379 3418 2531 3462 certa
2565 3407 2673 3465 ﬁde
2702 3410 3049 3480 proﬁtentes,
3080 3412 3417 3482 baptismum
3454 3428 3583 3469 sos-

1992 3499 2261 3567 cepimus,
2317 3497 2495 3554 solum
2538 3499 2595 3554 in
2646 3500 2909 3556 omnibus
2949 3502 3320 3558 sanctissimis
3367 3503 3460 3558 Dei
3491 3520 3587 3559 ec-

1992 3591 2178 3647 clesiis
2199 3590 2469 3656 obtineat,
2491 3599 2545 3646 et
2568 3592 2639 3647 ab
2670 3593 2985 3649 orthodoxa
3017 3604 3282 3664 recteque
3310 3597 3583 3651 sentienti

1995 3682 2196 3754 populo
2253 3694 2594 3755 usurpatur:
2628 3685 2835 3756 quippe
2874 3685 3023 3756 quod
3061 3687 3243 3743 solum
3291 3704 3438 3744 vera:
3488 3706 3581 3744 rc-

1993 3783 2205 3844 ctaaque
2236 3773 2364 3830 ﬁdei
2394 3777 2680 3832 contineat
2707 3779 3126 3838 auctoritatem.
3154 3791 3213 3834 et
3261 3781 3581 3848 decretum,

1993 3868 2239 3937 satisque
2270 3883 2395 3924 cum
2426 3871 2493 3923 ad
2518 3884 2714 3926 onmes
2740 3871 2795 3923 in
2822 3871 3143 3926 universum
3176 3873 3418 3929 haereses
3450 3876 3582 3928 abo-

1992 3959 2208 4021 lendas,
2243 3970 2357 4015 tum
2401 3963 2468 4017 ad
2519 3962 2785 4017 unionem
2819 3979 3097 4017 sumtnam
3133 3975 3454 4020 sanctarum
3485 3966 3582 4020 Dei

1992 4052 2358 4108 ecclesiarum
2410 4053 2816 4109 conciliandam
2851 4057 3055 4111 valeat.
3094 4056 3156 4110 Et
3205 4056 3274 4111 ad
3327 4059 3580 4111 divinum

1995 4143 2145 4199 istud
2186 4143 2510 4216 Symbolum
2546 4145 2987 4201 conﬁrmandum
3043 4148 3218 4202 robur
3268 4163 3430 4202 suum
3487 4150 3584 4203 ha-

1996 4233 2185 4302 beant,
2215 4249 2282 4290 ea
2314 4235 2439 4306 quae
2463 4236 2517 4290 in
2549 4234 2859 4305 imperante
2887 4238 2989 4292 hac
3023 4239 3163 4293 urbe
3199 4239 3468 4296 adversus
3488 4257 3587 4296 eos

1997 4326 2093 4396 qui
2127 4329 2182 4382 in
2218 4327 2484 4399 Spiritum
2524 4337 2779 4384 sanctum
2814 4332 3124 4401 blasphemi
3152 4332 3330 4398 fuere,
3380 4350 3411 4388 a
3448 4351 3585 4389 cen-

2000 4428 2115 4475 tum
2161 4421 2561 4492 quinquaginta
2621 4423 2828 4479 sanctis
2883 4424 3178 4493 Patrihus,
3233 4436 3348 4481 tum
3401 4436 3586 4481 autem

327 4524 465 4590 ρίου.
501 4524 592 4575 καὶ
619 4525 724 4577 τῶν
763 4526 900 4594 μετὰ
930 4525 1102 4579 ταῦτα
1126 4526 1195 4581 τὰ
1218 4529 1430 4583 ἐκείνου
1474 4529 1892 4600 φρονησάντων.

2001 4527 2126 4582 quae
2186 4512 2355 4569 etiam
2419 4513 2475 4569 in
2533 4515 2835 4584 metropoli
2889 4516 3256 4586 Ephesiorum
3315 4520 3586 4573 atlver~us

325 4614 405 4666 Τὰ
434 4614 489 4667 δὲ
520 4614 765 4670 διελόντα
794 4617 895 4685 τὴν
929 4617 1126 4673 ἕνωσιν
1160 4621 1256 4674 καὶ
1298 4620 1555 4688 εὐταξίαν
1576 4621 1688 4675 τῶν
1722 4620 1895 4691 ἁγίων

323 4702 416 4752 τού
445 4701 578 4755 θεοῦ
633 4704 937 4772 ἐκκλησιῶν
964 4705 1060 4759 καὶ
1124 4708 1353 4778 εἰρήνην
1397 4709 1500 4779 τὴν
1532 4709 1627 4764 τοῦ
1681 4714 1893 4776 κόσμου

323 4792 527 4854 παντός
549 4807 563 4820 ·
618 4792 813 4862 δηλαδὴ
846 4794 939 4847 τὸν
966 4795 1263 4867 λεγόμενδν
1314 4799 1484 4868 τόμον
1510 4801 1765 4867 Λέοντος,
1799 4803 1894 4856 καὶ

324 4882 503 4935 πάντα
533 4882 601 4936 τὰ
626 4883 682 4937 ἐν
711 4885 1036 4954 Χαλκηδόνι.
1074 4889 1133 4940 ἐν
1162 4887 1276 4957 ὅρῳ
1302 4887 1566 4955 πίστεως,
1599 4891 1633 4961 ἢ
1673 4890 1892 4946 ἐκθέσει

322 4975 615 5043 συμϐόλου,
646 4976 680 5048 ἢ
709 4978 1026 5049 ἑρμηνείας,
1068 4980 1101 5053 ἢ
1128 4981 1502 5048 διδασκαλίας,
1533 4982 1567 5053 ἢ
1596 4983 1892 5049 διαλέξεως

322 5065 586 5135 sim-tivo.
610 5069 701 5122 καὶ
732 5072 1119 5140 πεπραγμένα,
1149 5073 1246 5126 καὶ
1282 5073 1362 5138 είς
1399 5076 1763 5146 καινοτομίαν
1792 5076 1893 5147 τὴν

324 5159 463 5210 κατὰ
495 5159 589 5212 τοῦ
632 5161 1103 5230 μνημονευθίιτος
1129 5164 1289 5231 ἁγίου
1320 5167 1607 5237 συμϐόλου
1636 5167 1748 5221 τῶν
1783 5175 1893 5241 τιη¹

318 5252 487 5318 ἁγίων
537 5253 798 5324 Πατέρων
818 5268 833 5284 ·
877 5252 1208 5326 θεσπίζομεν
1241 5257 1481 5314 ἐνταῦθά
1506 5277 1567 5313 τε
1600 5262 1696 5314 καὶ
1754 5278 1895 5314 παν-

316 5362 344 5397 τ
379 5346 473 5413 χοῦ
506 5346 631 5400 καθ’
657 5346 901 5416 ἑκάστην
947 5349 1271 5419 ἐκκλησίαν,
1298 5351 1462 5423 παρὰ
1491 5351 1605 5407 τῶν
1636 5355 1889 5408 ἅπαντα·

312 5455 342 5508 χ
373 5439 403 5492 ῦ
467 5440 801 5508 ἁγιωτάτων
856 5443 1177 5498 ἐπισκόπων
1231 5444 1737 5519 ἀναθεματίζέσθαι
1799 5450 1893 5505 καὶ

304 5533 435 5601 πυρὶ
466 5531 897 5603 παρσδῖδοσθαι,
930 5536 1059 5605 παρ’
1104 5532 1185 5602 οἷς
1216 5540 1282 5592 ἂν
1311 5541 1643 5612 εὑρίσκηται
1665 5558 1678 5572 ·
1711 5542 1891 5597 διακτὸ

300 5623 435 5677 οὕτω
483 5624 881 5695 διατεταχέναι
943 5628 1093 5698 παρὰ
1144 5631 1364 5685 πάντων
1415 5634 1529 5687 τῶν
1589 5634 1891 5707 αἱρετικῶν

354 5806 433 5881 (Ι)
462 5805 528 5871 L.
565 5803 838 5869 Adriani.
860 5800 921 5861 C.
952 5764 1032 5861 IDe
1060 5764 1597 5877 lucrct.ct1\lanieh.

2000 4604 2232 4675 impium
2281 4605 2604 4662 Nestorium
2650 4617 2707 4663 et
2747 4616 3054 4665 sectatores
3107 4610 3232 4681 ejus
3266 4619 3398 4665 sunt
3440 4622 3586 4668 acta.

1997 4697 2074 4753 Ea
2105 4706 2291 4754 autem
2323 4714 2449 4770 qua:
2493 4699 2758 4756 unionem
2795 4711 2854 4757 et
2901 4702 3157 4758 ordinem
3213 4702 3419 4757 bonum
3462 4721 3589 4757 san—

1996 4799 2212 4846 ctarum
2247 4790 2360 4853 Dei
2413 4792 2774 4848 ecclesiarum
2807 4831 2825 4860 ,
2872 4807 2931 4849 et
2974 4808 3163 4863 pacem
3217 4794 3373 4850 orbis
3419 4795 3589 4849 totius

1999 4883 2254 4946 turbant,
2290 4884 2552 4941 videlicet
2582 4885 2819 4940 Tomum
2870 4883 3095 4951 Leonis,
3129 4896 3183 4941 et
3234 4888 3419 4940 omnia
3465 4902 3588 4955 quae

1997 4978 2350 5044 Chalcedone
2383 4997 2484 5051 per
2511 4980 2805 5036 formulam
2849 4996 2946 5037 seu
2983 4985 3268 5036 decretum
3305 4968 3454 5044 ﬁdei,
3492 4988 3590 5034 aut

1997 5073 2307 5130 editionem
2365 5074 2626 5155 symboli,
2660 5085 2758 5130 aut
2789 5075 3217 5145 expositimtem,
3251 5082 3350 5128 aut
3380 5074 3590 5127 doctri-

1996 5182 2150 5226 nam.
2180 5176 2279 5222 aut
2324 5167 2784 5238 disputationem,
2815 5183 2917 5238 per
2960 5181 3052 5221 res
3083 5180 3275 5231 novas,
3319 5166 3588 5218 atherstts

1998 5257 2051 5312 id
2085 5257 2235 5327 quod
2273 5257 2518 5313 diximus
2548 5266 2803 5313 sanctum
2839 5266 3161 5313 sanctorum
3202 5263 3588 5310 trecentorum
3618 5264 3623 5267 '

1996 5349 2191 5406 decem
2242 5359 2300 5407 et
2346 5360 2473 5406 octo
2526 5349 2753 5405 Patrum
2786 5349 3109 5422 Symbolum
3165 5348 3314 5404 dicta
3361 5356 3418 5402 et
3461 5359 3585 5405 acta

1993 5455 2147 5510 sunt,
2193 5446 2497 5511 sancimus,
2535 5450 2597 5498 ut
2640 5453 2698 5499 et
2744 5442 2838 5499 hic
2884 5451 2940 5498 et
2973 5442 3178 5512 ubique
3227 5442 3282 5495 in
3331 5440 3585 5503 ecclesiis

1995 5538 2258 5594 omnibus
2284 5554 2315 5595 a
2345 5536 2716 5595 sanctissimis
2756 5537 3075 5606 ubicunque
3123 5534 3332 5590 iuerint
3364 5534 3558 5605 episco

1994 5628 2103 5700 pis,
2148 5630 2295 5702 apud
2345 5644 2485 5703 quos
2536 5637 2758 5701 reperta
2809 5628 3054 5695 fuerint,
3110 5628 3464 5683 anathemate
3488 5623 3583 5690 fc-
