4118 6522
508 341 608 404 123
1135 365 1140 371 ·
1720 353 2106 413 ΝΙΕΕΙἮΟΗ

2220 352 2532 412 LALLISTI
3686 348 3785 412 1234

507 466 746 522 nantur,
779 467 943 528 alque
972 459 1082 529 igni
1119 461 1407 517 tradantur
1431 477 1767 535 :.propterea
1801 467 1948 536 quod
1974 468 2077 521 huc
2106 498 2116 524 Α

2220 466 2496 534 σγμὰτων,
2527 466 2623 519 καὶ
2646 465 2774 527 τοὺς
2809 465 2916 534 πρὸ
2947 463 3107 534 ἡμῶν
3131 466 3188 518 ὲν
3216 464 3454 517 εὗσεσει
3477 463 3580 516 καὶ
3605 480 3787 532 μακαθ

508 547 586 596 sic
637 545 802 600 etiam
842 547 911 600 ab
942 548 1022 602 eis
1057 549 1152 618 qul
1187 557 1315 604 ante
1365 567 1466 607 nos
1499 553 1673 612 luere.
1706 564 1762 610 et
1793 570 1940 610 nunc
1988 555 2081 626 pia

2225 560 2278 630 ίᾳ
2307 561 2372 628 τῇ
2400 557 2554 628 λήξει
2579 557 2908 626 γενομένους
2936 557 3202 627 βασιλεῖς.
3228 557 3669 611 Κωνσταντῐνον
3692 560 3787 614 καὶ

508 643 561 685 at
590 633 742 688 beata
771 636 958 704 quiete
983 636 1265 705 fruuntur,
1297 639 1664 698 Constantino
1691 653 1747 698 et
1771 644 2083 699 Theodosio

512 725 726 779 minore
791 728 1220 795 imperatoribus
1270 731 1338 786 de
1397 734 1675 790 hmreticis
1732 735 2084 806 dogmatibus

513 815 772 868 utnnibus
805 823 1170 875 constitutum
1199 833 1304 877 est.
1334 823 1458 878 Haec
1491 825 1570 879 sic
1603 826 1833 890 abolita,
1859 842 2086 894 prorsus

514 923 578 958 et
614 922 700 971 ea,
729 924 850 976 quae
885 926 988 964 una
1020 921 1075 966 et
1109 914 1221 966 sola
1252 915 1548 980 catholica,
1576 917 1879 985 apostolica
1909 927 1965 972 ct
1995 933 2087 971 or-

517 999 755 1054 thodoxa
824 1002 1074 1059 Ecclesia
1137 1015 1244 1072 est,
1300 1009 1652 1078 ejiciantur:
1720 1019 1910 1079 utpote
1965 1026 2088 1080 quae

513 1100 748 1144 a-ternos
793 1104 848 1147 et
885 1096 1160 1151 salutares
1210 1110 1582 1154 trecentorum
1613 1103 1801 1156 decem
1847 1111 1904 1157 et
1937 1112 2087 1168 octo,

515 1191 680 1249 atque
721 1183 887 1238 etiam
930 1199 1154 1242 centum
1188 1200 1243 1244 et
1280 1191 1702 1262 quinquaginta,
1750 1194 1845 1263 qui
1879 1195 2092 1264 profes-

518 1274 734 1326 sionem
769 1273 836 1327 de
867 1287 1059 1331 sancto
1088 1279 1297 1348 Spiritu
1334 1283 1776 1354 promulgarunt,
1803 1295 1858 1338 et
1897 1299 2091 1338 eorum

518 1367 688 1420 etiam
725 1367 820 1436 qui
857 1369 1058 1438 Ephesi
1110 1376 1426 1442 congregati
1461 1375 1620 1431 fuere
1666 1386 1985 1430 sanctorum
2040 1386 2095 1430 et

523 1458 812 1514 beatorum
872 1460 1095 1516 Patrum
1159 1466 1428 1522 terminos
1477 1460 1851 1523 transferunt.
1905 1468 2094 1539 Neque

525 1563 751 1613 prorsus
781 1554 1038 1620 cuiquam
1077 1555 1159 1608 vel
1192 1557 1486 1623 sacerdoti,
1520 1560 1606 1612 vel
1641 1560 1784 1614 laico
1829 1572 1885 1615 et
1916 1577 2095 1630 popu-

523 1641 624 1693 Iztl'l
653 1643 862 1698 homini
890 1645 1131 1702 divinam
1156 1650 1334 1704 sancti
1364 1650 1605 1720 Symboli
1643 1652 2093 1708 constitutionem

523 1730 733 1787 \iolare
789 1745 883 1790 aut
944 1739 1256 1807 transgredi
1315 1739 1498 1794 liceat.
1556 1739 1829 1794 Praeterea
1881 1751 2092 1803 autem,

2183 649 2468 704 Θεοδόσιον
2500 651 2592 702 τὸν
2624 650 2744 703 νέον
2764 663 2779 678 ⁶
2815 648 2999 718 ἄκυρά
3018 665 3078 700 τε
3106 648 3279 711 οὕτως
3309 646 3624 717 γινόμενα,
3654 665 3792 700 παν-

2186 741 2359 803 τελῶς
2413 741 2774 795 ἐκϐάλλεσθαι
2807 742 2906 807 τῆς
2941 743 3072 810 μιᾶς
3100 742 3194 794 καὶ
3247 743 3433 812 μόνης
3486 741 3788 812 καθολικῆς

2188 833 2284 886 καὶ
2323 833 2693 902 ἁποστολικῆς
2739 832 3026 902 όρθοδόξου
3056 833 3403 902 Ἐκκλησίας
3425 850 3440 865 ·
3485 832 3568 896 ὡς
3603 834 3793 902 μεταίο

2193 941 2354 994 ροντα
2405 926 2472 978 τὰ
2504 923 2700 979 αίὼνια
2731 926 2828 980 καὶ
2866 927 3115 995 σωτήρια
3172 925 3283 1002 τῷν
3335 925 3690 997 τριακοσίων
3723 922 3790 996 ιη’

2190 1018 2362 1086 ἁγίων
2395 1018 2654 1088 Πατέρων
2681 1019 2828 1088 ὅρια,
2867 1018 2966 1072 καὶ
3002 1018 3070 1072 τὰ
3097 1019 3207 1072 τῶν
3261 1019 3572 1090 μακαρίων
3621 1018 3795 1073 Πατέ-

2195 1125 2305 1178 ρων
2337 1108 2448 1161 τῶν
2490 1107 2632 1177 ἁγίῳ
2682 1107 2968 1178 Πνεύματι
3016 1108 3517 1180 διαγορευσὰντων
3559 1109 3794 1164 καὶτῶν

2192 1200 2334 1252 κατὰ
2369 1200 2467 1270 τὴν
2505 1200 2795 1269 Ἐφεσίων.
2833 1203 3012 1265 Ὅλως
3043 1202 3099 1256 δὲ
3125 1202 3201 1272 μὴ
3233 1203 3451 1266 ἐξεῖναί
3485 1218 3626 1254 ποτε
3652 1201 3792 1270 μήτε

2196 1290 2386 1359 ἱερέων
2424 1289 2561 1358 μήτε
2616 1289 2822 1344 λαῖκῶν
2877 1308 2985 1345 τινι
3012 1293 3115 1362 τῆς
3150 1291 3246 1345 τοῦ
3283 1291 3458 1359 ἁγίου
3513 1290 3795 1360 συμϐόλου

2197 1379 2482 1449 θειοτάτης
2512 1380 2730 1451 ἐκείνης
2761 1381 3084 1450 νομοθεσίας
3115 1381 3394 1435 ποιεῖσθαί
3424 1399 3556 1434 τινα
3589 1381 3797 1450 παρέκ-

2197 1465 2380 1520 ϐασιν·
2417 1466 2917 1533 ἀναθεματίζεσθαι
2948 1467 3006 1521 δὲ
3045 1471 3145 1522 σὺν
3175 1471 3388 1533 πάσαις
3421 1472 3554 1533 ταῖς
3623 1485 3790 1538 γεγερ

2197 1576 2261 1630 νη
2272 1560 2462 1629 μὲναις
2489 1561 2546 1612 ἐν
2577 1560 2880 1631 Χαλκηδόνι
2906 1563 3287 1631 καινοτομίαις
3331 1565 3488 1638 κατὰ
3511 1562 3609 1615 τοῦ
3644 1562 3792 1615 θείου

2199 1670 2260 1704 συ
2270 1651 2492 1721 μϐόλου,
2522 1653 2618 1708 καὶ
2644 1651 2744 1722 τὴν
2775 1652 2988 1723 αἵρεσιν
3012 1652 3120 1708 τῶν
3144 1652 3220 1722 μὴ
3245 1653 3679 1722 ὁμολογούντων
3703 1653 3795 1706 τὸν

2201 1745 2330 1798 Υίὸν
2356 1746 2448 1798 τοῦ
2477 1745 2612 1798 Θεοῦ
2647 1744 2738 1797 τὸν
2763 1745 3030 1816 μονογενῆ
3055 1745 3119 1798 ἐκ
3154 1728 3488 1823 Πνεῦματος
3512 1744 3676 1812 ἁγίου
3704 1745 3798 1797 καὶ

529 1839 638 1877 una
671 1841 796 1880 cum
826 1829 993 1884 rebus
1020 1831 1282 1886 omnibus
1326 1832 1679 1886 Chalcedone
1709 1833 1977 1888 adversus
2010 1850 2098 1887 sa-

2220 1855 2264 1889 ικ
2317 1839 2414 1907 τῆς
2458 1836 2619 1904 ἁγίας
2669 1807 2937 1890 Θεοτόκοῦ
2989 1807 3083 1890 καὶ
3133 1807 3516 1906 ἁειπὰρθένου
3563 1807 3797 1906 ⁷Μαρίας

528 1933 686 1972 crum
717 1921 1042 1992 Symbolum
1091 1926 1330 1990 novatis,
1359 1927 1523 1998 666
1553 1927 1902 1981 anathemate
1935 1928 2099 1998 jugu-

527 2011 749 2065 landam
785 2029 1079 2070 censemus
1117 2017 1368 2072 haeresim
1397 2034 1616 2083 eorum,
1663 2018 1756 2088 qui
1796 2035 1904 2072 non
1935 2019 2102 2088 proli-

529 2113 720 2158 tentur
746 2105 950 2160 Filium
1001 2107 1095 2163 Dei
1140 2109 1488 2180 unigenitum
1523 2127 1590 2165 ex
1631 2111 1844 2180 Spiritu
1885 2121 2098 2174 sancto,

528 2207 585 2251 et
627 2208 817 2254 sancta
855 2200 948 2254 Dei
982 2201 1264 2257 Genitrice
1297 2218 1628 2273 semperque
1669 2204 1885 2272 virgine
1931 2203 2100 2258 Maria

528 2303 656 2343 vere
706 2289 1054 2345 incarnatum
1092 2303 1144 2347 et
1189 2294 1474 2349 hominem
1515 2295 1721 2350 factum
1773 2311 1894 2350 esse
1940 2313 1954 2348 :
2006 2297 2104 2350 sed

530 2389 628 2434 aut
671 2383 740 2436 de
789 2384 931 2437 coelo
969 2387 1211 2448 venisse,
1274 2396 1370 2440 aut
1422 2403 1524 2454 per
1560 2387 1907 2456 phantasiam
1940 2397 2105 2456 atque

532 2474 978 2544 imaginationem
1008 2476 1288 2531 hominem
1321 2479 1694 2532 existimatum
1735 2494 1882 2542 esse,
1909 2480 2096 2548 prodi-

533 2568 685 2634 giose
731 2569 1030 2626 blaterant.
1072 2571 1304 2626 Omnem
1355 2570 1594 2642 denique
1633 2571 1885 2625 haeresim
1919 2570 2106 2637 aliam,

528 2670 591 2714 et
642 2659 688 2716 si
739 2661 871 2732 quid
920 2662 1073 2716 aliud
1126 2671 1395 2732 tempore,
1443 2663 1629 2728 modo,
1681 2672 1736 2716 et
1774 2663 1899 2716 loco
1959 2662 2112 2717 orbis

537 2752 784 2808 universi
822 2769 1161 2825 quocunque
1190 2758 1274 2809 vel
1311 2755 1518 2822 verbis,
1566 2757 1652 2810 vel
1685 2756 1981 2810 sententiis
2013 2756 2111 2810 ad-

2201 1928 2344 1982 κατὰ
2385 1927 2648 1998 ἀλήθειαν
2701 1926 3056 1996 σαρκωθέντα
3101 1929 3196 1981 κα)⁸
3254 1927 3796 1998 ὲνανθρωπήσαντα,

2201 2019 2317 2072 ἁλλ’
2348 2020 2380 2090 ἢ
2423 2019 2481 2085 ἐξ
2512 2016 2746 2089 ούρανοῦ
2780 2017 2814 2087 ἢ
2873 2017 3017 2070 κατὰ
3042 2016 3352 2086 φαντασίαν
3411 2017 3517 2070 καὶ
3576 2017 3800 2085 δόκησιν

2201 2112 2695 2182 τερατευσμένουςο
2727 2110 2908 2162 πᾶσαν
2939 2125 2998 2160 τε
3027 2108 3216 2171 ἁπλῶς
3252 2108 3502 2179 αἵρεσιν,
3538 2108 3634 2161 καὶ
3667 2107 3719 2158 εἴ
3746 2124 3797 2159 τι

2202 2203 2394 2273 ἕτερον
2425 2205 2482 2255 ἐν
2510 2199 2608 2270 οἵῳ
2639 2199 2704 2270 δή
2735 2216 2868 2252 ποτε
2917 2200 3096 2270 καιρῷ
3128 2201 3224 2253 καὶ
3265 2203 3464 2271 τρόπῳ
3509 2199 3612 2253 καὶ
3653 2200 3800 2267 τόπῳ

2205 2297 2304 2364 τῆς
2329 2293 2662 2364 οἰκουμένης
2694 2292 2914 2362 ἁπάσης
2942 2293 3084 2346 κατὰ
3107 2292 3351 2346 διάνοιαν
3385 2293 3488 2348 καὶ
3526 2293 3676 2358 λέξιν
3708 2291 3800 2343 ἐπὶ

2209 2387 2524 2459 παραΰάσει
2585 2384 2680 2439 τοῦ
2754 2386 2901 2438 θείου
2962 2386 3236 2456 συμϐόλου
3295 2385 3799 2455 κεκαινοτόμηται.

2223 2479 2443 2548 Ἐπειδὴ
2481 2479 2540 2532 δὲ
2565 2478 2828 2550 προνοίας
2860 2478 3151 2549 βασιλικῆς
3185 2479 3320 2532 ἴδιον
3351 2479 3434 2550 μὴ
3465 2477 3566 2532 τοῦ
3600 2476 3776 2548 παρόν

2211 2589 2302 2635 τος
2355 2571 2550 2642 χρόνου
2600 2573 2788 2640 μόνου,
2851 2571 2990 2624 ἁλλὰ
3042 2577 3139 2625 καὶ
3200 2570 3294 2625 τοῦ
3352 2571 3660 2642 μέλλοντος
3706 2571 3802 2637 τὴν

2214 2663 2518 2732 ἀσφάλειαν
2546 2666 2609 2718 ἐκ
2640 2661 3012 2734 προορατικῆς
3037 2664 3384 2735 διασκέψεως
3413 2661 3800 2731 ἐπιδαψιλεύε-

2214 2759 2341 2812 σθαι
2385 2758 2500 2820 τοῖς
2560 2757 2846 2828 ὑπηκόοις,
2902 2755 3237 2827 θεσπίζομεν
3289 2759 3426 2821 τοὺς
3481 2750 3801 2824 ἁπανταχοῦ

537 2861 730 2902 versus
767 2862 983 2902 sacrum
1015 2848 1330 2919 Symbolum
1364 2861 1627 2903 novatum
1673 2858 1777 2905 est.
1827 2849 1932 2905 Sed
1963 2851 2110 2905 enim

2220 2852 2540 2914 ὁσιωτάτους
2563 2850 2898 2915 ἐπισκόπους
2920 2851 3346 2920 ὲμφανιζομὲνῳ
3369 2850 3455 2921 τῷ
3479 2850 3614 2920 θείῳ
3636 2849 3802 2917 τούτῳ

541 2952 668 2990 cum
700 2938 976 3006 imperiali
1005 2941 1369 3009 providentia:
1396 2943 1633 2997 maxime
1655 2944 1971 3008 conveniat,
2001 2959 2112 2999 non

2220 2945 2374 3014 ἡμῶν
2423 2940 2701 3013 ἑγκυκλίῳ
2729 2942 3023 3011 γράμματι
3074 2942 3568 3012 καθυπογράφειν,
3620 2939 3803 3010 σαφῶς

541 3031 912 3098 przesentibus
942 3035 1129 3099 modo,
1169 3050 1362 3089 verum
1403 3035 1570 3090 etiam
1609 3035 1813 3093 futuris
1847 3036 2115 3106 tempori-

2220 3033 2699 3107 καταμηνύοντας,
2755 3033 2840 3087 ὅτι
2893 3033 2961 3104 δὴ
3015 3032 3166 3104 μόνῳ
3198 3033 3276 3104 τῷ
3329 3033 3473 3106 θείῳ
3531 3030 3802 3102 στοιχοῦσι

538 3123 644 3179 bus
693 3126 1022 3193 consulere,
1083 3137 1140 3183 et
1189 3129 1405 3183 civibus
1444 3130 1798 3200 subditisque
1851 3140 2110 3184 accurata

2220 3129 2476 3200 συμϐόλῳ
2506 3129 2617 3181 τῶν
2661 3124 2768 3196 τιη¹
2799 3126 2974 3194 ἁγίων
3023 3127 3306 3198 Πατέρων,
3349 3129 3499 3196 ὅπερ
3529 3122 3803 3194 ἐπεσφρὰ-

539 3217 947 3274 deliberatione
992 3219 1061 3274 de
1115 3228 1268 3276 certa
1317 3222 1722 3290 tranquillitate
1775 3221 2116 3291 prospicere,

2221 3239 2382 3290 γισαν
2425 3221 2476 3274 οἱ
2511 3217 2594 3292 ρν¹
2638 3218 2788 3288 ἁγιοι
2833 3218 3116 3289 Πατέρες*
3159 3219 3237 3282 ὡς
3282 3218 3475 3285 ἔδοξεν
3516 3214 3804 3288 όριστικῶς

543 3310 864 3373 statuimus,
906 3319 967 3364 ut
1012 3311 1351 3366 sanctissimi
1407 3314 1614 3382 ubique
1666 3315 1912 3384 episcopi
1945 3315 2122 3370 sacris

543 3401 700 3456 hisce
746 3401 1115 3458 circularibus
1152 3403 1356 3458 litteris
1402 3405 1699 3474 publicatis
1741 3406 2120 3472 subscribant,

547 3493 847 3563 verbisque
879 3493 1109 3550 disertis
1144 3493 1451 3563 declarent,
1487 3497 1590 3552 soli
1619 3498 1810 3556 divino
1843 3507 2125 3553 trecento-

547 3601 669 3641 rum
713 3587 904 3642 decem
963 3595 1020 3643 et
1058 3599 1186 3644 octo
1230 3598 1548 3644 sanctorum
1585 3592 1810 3646 Patrum
1863 3591 2125 3662 Symbolo

546 3680 965 3737 assentiendum
1001 3699 1124 3738 esse
1158 3699 1174 3737 :
1224 3683 1370 3753 quod
1402 3686 1734 3739 auctoritate
1767 3699 1865 3738 sua
1898 3695 2122 3739 centum

547 3777 1022 3847 etquinquaginta
1056 3783 1231 3833 sancti
1261 3779 1456 3834 Patres
1495 3782 1923 3842 confirmarunt,
1959 3780 2124 3834 sicuti

548 3869 775 3923 decreto
799 3867 966 3922 etiam
998 3883 1102 3923 suo
1126 3881 1340 3938 postea,
1367 3871 1460 3940 qui
1491 3870 1544 3923 in
1566 3870 1861 3939 metropoli
1888 3869 2127 3937 Ephesia

548 3976 860 4016 convenere
899 3963 1134 4032 piissimi
1166 3961 1356 4016 Patres
1401 3971 1764 4026 censuerunt,
1794 3959 1944 4031 quod
1977 3960 2131 4014 vide-

550 4053 682 4107 licet
729 4053 830 4108 soli
874 4064 1068 4109 sancto
1114 4063 1488 4109 trecentorum
1536 4053 1727 4109 decem
1777 4063 1836 4108 et
1861 4062 1990 4106 octo
2025 4052 2131 4106 Pa-

554 4154 698 4198 trum
727 4145 988 4217 Symbolo
1011 4155 1068 4201 et
1103 4145 1228 4200 lidei
1253 4145 1480 4201 decreto
1517 4145 1778 4201 assentiri
1808 4143 2125 4199 conveniat.

550 4241 732 4308 Atque
755 4248 819 4293 ut
857 4238 1211 4292 anathemate
1235 4239 1517 4307 conligant
1545 4238 1799 4293 actiones
1831 4236 2133 4291 Chalcedo-

554 4343 756 4383 neuses
803 4345 1018 4393 omnes,
1070 4339 1128 4383 et
1178 4344 1246 4383 ex
1301 4329 1558 4383 ecclesiis
1603 4343 1834 4398 prorsus
1878 4327 2128 4394 ejiciant,

555 4420 729 4476 veluti
790 4422 1229 4477 orthodoxorum
1290 4422 1622 4490 pepulerum
1685 4419 2130 4480 oﬂ’endirulum,

557 4516 840 4583 totiusque
887 4517 1043 4570 orbis
1079 4525 1137 4569 et
1178 4523 1384 4568 nostra:
1419 4512 1701 4567 felicitatis
1756 4511 2130 4580 impedimen-

558 4618 696 4662 tum.
748 4607 852 4662 Eos
887 4623 1077 4677 porro,
1114 4607 1208 4677 qui
1259 4615 1384 4675 post
1432 4605 1683 4660 divinum
1717 4604 1823 4660 hoc
1858 4604 2130 4672 scriptum

558 4709 836 4765 nostrum,
883 4701 1028 4771 quod
1062 4703 1128 4754 ad
1173 4709 1482 4768 exoptatam
1531 4699 1599 4754 ab
1641 4697 1901 4752 omnibus
1930 4708 2135 4751 sanctae

562 4797 655 4851 Dei
701 4795 964 4851 Ecclesia:
1009 4795 1272 4849 unionem
1312 4789 1712 4847 conciliandam
1744 4804 1813 4843 ex
1857 4789 2133 4844 sententia

562 4891 657 4943 Dei
708 4888 1120 4958 promulgatum
1151 4901 1276 4940 esse
1306 4899 1634 4955 persuasum
1683 4882 1976 4946 habemus,
2013 4883 2135 4936 ausi

559 4997 802 5051 unquam
830 4980 1038 5035 fuerint
1076 4979 1162 5033 vel
1207 4979 1260 5032 in
1289 4976 1692 5046 disputatione,
1727 4975 1815 5029 vel
1848 4976 1901 5030 iu
1929 4975 2138 5030 doctrio

559 5092 653 5143 na,
686 5075 768 5129 vel
799 5075 852 5129 in
881 5073 1088 5142 scripto
1127 5072 1504 5140 qualicunque
1539 5068 1763 5123 tandem
1796 5075 2047 5136 tempore
2079 5077 2138 5122 et

561 5169 724 5224 ntodo
775 5175 830 5222 et
883 5167 1040 5230 loco,
1089 5162 1446 5219 Chalcedone
1502 5161 1772 5215 adversus
1827 5159 1990 5213 ﬁdem
2049 5174 2139 5214 res

558 5271 790 5325 novatas
821 5258 1093 5329 proferre,
1125 5265 1222 5309 aut
1264 5255 1458 5310 saltem
1507 5253 1815 5315 nominare,
1854 5263 1913 5306 ut
1945 5251 2138 5305 turba-

562 5369 684 5414 rum
735 5365 793 5410 et
843 5349 1136 5407 seditionis
1180 5349 1237 5404 in
1291 5346 1499 5403 sanctis
1545 5345 1640 5398 Dei
1689 5344 1945 5399 ecclesiis
1979 5352 2035 5396 et
2083 5342 2139 5396 in

564 5448 812 5506 Romana
852 5444 1064 5497 ditione
1091 5442 1243 5496 onmi
1275 5451 1556 5502 auctores,
1590 5447 1644 5491 et
1687 5436 1780 5491 Dei
1833 5436 2144 5504 salutisque

564 5547 766 5599 uestrae
791 5537 998 5601 hostes,
1020 5535 1448 5606 jubemusjuxta
1472 5529 1900 5584 constitutiones
1930 5527 2143 5581 dudum

568 5639 695 5698 ante
727 5643 829 5684 nos
875 5628 943 5681 ab
973 5642 1040 5682 eo
1072 5626 1165 5696 qui
1219 5625 1274 5680 iu
1307 5625 1463 5679 beata
1495 5633 1550 5676 et
1586 5630 1776 5675 sancta
1825 5619 2014 5688 quiete
2059 5627 2146 5672 est

568 5726 909 5794 imperatore
943 5719 1264 5786 Theodosio
1292 5718 1562 5772 adversus
1601 5712 1944 5786 ejuscemodi
1975 5713 2147 5765 malc-

567 5819 864 5878 volcntialn
912 5816 1074 5881 latas,
1120 5825 1174 5872 et
1221 5828 1379 5870 sacro
1423 5809 1556 5866 huic
1609 5807 1875 5864 circulari
1932 5804 2143 5875 εει-ἱνα)

2223 3314 2320 3368 καὶ
2352 3313 2466 3376 τοῖς
2491 3312 2633 3371 μετὰ
2657 3311 2833 3364 ταῦτα
2865 3310 3186 3364 συνελθοῦσι
3214 3309 3358 3364 κατὰ
3389 3311 3495 3382 τὴν
3543 3307 3804 3376 Ἐφεσίων

2228 3404 2566 3476 μητρόπολιν
2590 3404 2912 3467 ὸσιωτάτοις
2943 3402 3230 3471 Πατράσιν
3253 3417 3268 3433 °
3302 3403 3390 3456 ὅτι
3423 3403 3510 3456 δεῖ
3555 3404 3707 3473 μόνῳ
3733 3396 3806 3464 τῷ

2227 3499 2368 3569 ἁγίῳ
2397 3496 2654 3568 συμόόλῳ
2682 3495 2794 3551 τῶν
2822 3495 2929 3568 τιη⁹
2956 3496 3128 3565 ἁγίων
3161 3496 3430 3565 Πατέρων
3461 3496 3703 3566 στοιχεῖν
3731 3491 3805 3552 είς

2227 3593 2351 3661 ὅρον
2382 3591 2620 3654 πίστεως
2641 3607 2656 3622 ο
2688 3588 3187 3659 ἁναθεματίξοντες
3217 3589 3366 3645 ἁπαν
3400 3590 3463 3644 τὸ
3513 3588 3807 3657 γενόμενον

2228 3688 2285 3740 ὲν
2315 3685 2625 3755 Χαλκηδόνι
2653 3687 2764 3738 τῶν
2800 3684 3104 3753 ὀρθοδόξων
3129 3683 3276 3738 λαῶν
3321 3686 3689 3755 πρόσκομμα,
3719 3677 3809 3731 καὶ

2227 3780 2492 3843 ὁλοτελῶς
2541 3780 2653 3833 τῶν
2693 3779 3003 3848 ἐκκλησιῶν
3037 3779 3426 3845 ἐκϐάλλοντες,
3465 3780 3544 3841 ὡς
3597 3789 3805 3844 παρεμ-

2230 3874 2409 3929 ποδὼν
2443 3875 2739 3944 γενόμενον
2771 3875 2838 3944 τῇ
2876 3874 3236 3943 οίκουμενικῇ
3276 3874 3372 3929 καὶ
3416 3871 3670 3942 ἡμετέρᾳ
3714 3866 3802 3918 εὐ-

2233 3967 2464 4038 πραγίᾳ.
2501 3966 2640 4028 Τοὺς
2665 3965 2722 4019 δὲ
2751 3966 2893 4034 μετὰ
2922 3964 3132 4030 ταύτας
3171 3963 3329 4035 ήμῶν
3357 3966 3461 4028 τὰς
3509 3963 3663 4022 θείας
3694 3956 3809 4010 συλ-

2230 4061 2424 4125 λαϐὰς,
2456 4059 2522 4123 ἃς
2547 4058 2690 4113 κατὰ
2720 4057 2854 4111 Θεὸν
2882 4055 3305 4126 ὲκπεφωνῆσθαι
3335 4053 3693 4121 πιστεύομεν,
3716 4044 3808 4114 τὴν

2233 4151 2586 4222 ἐπιθυμητὴν
2647 4150 2816 4204 πᾶσιν
2856 4148 3056 4202 ἕνωσιν
3106 4145 3659 4222 πραγματευομένας
3715 4138 3807 4202 τῆς

2235 4242 2398 4308 ἁγίας
2443 4238 2538 4291 τοῦ
2588 4234 2727 4290 Θεοῦ
2784 4234 3144 4304 Ἐκκλησίας,
3204 4229 3626 4303 ἐπιχειροῦντάς
3685 4237 3806 4276 ποτε

2235 4330 2623 4402 “acciperat
2670 4329 2810 4390 ὅλως
2859 4327 3156 4397 ὀνομάζειν
3198 4327 3256 4379 ιν
3285 4326 3551 4390 διαλέξει,
3598 4320 3631 4390 ἢ
3669 4319 3808 4370 διδαο

2240 4423 2460 4492 σκαλίᾳ,
2491 4421 2524 4492 ἢ
2554 4423 2612 4474 ὲν
2637 4419 3061 4489 συγγράμμασι,
3081 4417 3206 4472 καθ’
3223 4413 3335 4471 οἷον
3357 4418 3421 4487 δή
3456 4430 3586 4470 ποτε
3606 4407 3804 4492 καιρδνρ

2240 4515 2271 4586 ἢ
2308 4491 2532 4584 τρόπον,
2567 4512 2599 4582 ἦ
2619 4510 2782 4563 τόπον
2802 4509 2834 4580 ἢ
2868 4511 2926 4561 ὲν
2949 4507 3259 4574 Χαλκηδόνι
3281 4503 3658 4574 γεγενημένην
3678 4491 3807 4548 κατὰ

2236 4609 2334 4676 τῆς
2376 4607 2616 4666 πίστεως
2649 4600 3035 4669 καινοτομίαν’
3066 4599 3196 4662 τοὺς
3221 4599 3502 4660 τοιούτους
3534 4593 3610 4654 ὼς
3638 4601 3805 4655 ταρκ-

2240 4701 2341 4771 κῆς
2374 4697 2470 4752 καὶ
2501 4693 2914 4756 ἀκαταστασίας
2958 4693 3081 4752 ταῖς
3115 4691 3301 4758 ἁγίαις
3327 4689 3423 4743 τοῦ
3453 4685 3588 4740 Θεοῦ
3617 4677 3804 4771 ἐκκλη-

2245 4769 2410 4856 σίαις,
2457 4789 2556 4843 καὶ
2602 4787 2680 4858 τῷ
2727 4786 2953 4856 ὑπηκόῳ
2982 4784 3154 4838 παντὶ
3194 4782 3540 4852 παραιτίους,
3607 4769 3722 4841 Θεῷ
3749 4779 3803 4818 τε

2245 4884 2340 4937 καὶ
2373 4883 2438 4951 τῇ
2503 4879 2758 4949 ἡμετέρα
2815 4875 3066 4945 σωτηρίᾳ
3119 4875 3440 4941 ποὶεμίους,
3501 4867 3803 4932 κελεύομεν.

2243 4974 2386 5027 κατὰ
2418 4973 2545 5033 τοὺς
2578 4970 2679 5040 ἤδη
2710 4968 2822 5039 πρὸ
2869 4967 3028 5038 ἡμῶν
3058 4965 3610 5040 θεσπίσανταςχπαρὰ
3637 4953 3725 5008 τοῦ
3754 4952 3806 5002 ἐν

2245 5065 2496 5136 μακαρίᾳ
2530 5063 2627 5116 καὶ
2652 5061 2773 5131 θεία
2796 5061 2862 5130 τῇ
2897 5059 3048 5128 λήξει
3077 5059 3374 5126 γενομένου
3400 5052 3663 5126 βασιλέως
3689 5044 3810 5136 Θεοί

2241 5157 2422 5211 δοσίου
2445 5155 2590 5208 κατὰ
2617 5154 2716 5222 τῆς
2737 5151 2994 5222 τοιαύτης
3019 5151 3308 5212 κακο·.οίας
3328 5149 3546 5218 νόμους,
3576 5143 3697 5200 τοὺς
3723 5129 3808 5186 καὶ

2243 5246 2724 5316 ὑποτεταγμένους
2770 5245 2913 5314 τῷδε
2957 5243 3120 5313 ήμῶν
3153 5242 3233 5312 τῷ
3265 5242 3398 5311 θείῳ
3441 5231 3727 5323 ἐγκυκλίῳῖ

2249 5345 2348 5411 μὲν
2380 5309 2674 5392 ἐπίσκοποι
2707 5334 2740 5405 ἢ
2774 5309 3032 5402 κληριιιοὶ
3056 5309 3216 5397 εἷεν(
3243 5309 3647 5398 καθαιρεῖσθαι,
3683 5309 3805 5411 ei.“

2249 5401 2578 5504 μονάζοντες
2606 5429 2637 5497 ἦ
2674 5401 3114 5495 λαῖκοὶ,γὲξορίᾳ,
3156 5423 3250 5477 καὶ
3281 5419 3544 5490 δημεύσει
3572 5401 3804 5504 παντοίξν

2247 5526 2342 5578 καὶ
2379 5524 2490 5584 τοῖς
2515 5521 2767 5589 ἐσχάτοις
2796 5517 3135 5572 ὑποπίπτειν
3175 5513 3498 5582 ἐπιτιμίοις.
3529 5503 3679 5560 οὕτω
3707 5493 3805 5562 γάρ

2247 5621 2280 5688 ἡ
2319 5616 2405 5671 ἀεί
2435 5630 2568 5667 ποτε
2596 5613 2748 5683 παρὰ
2783 5612 2880 5680 τῆς
2917 5609 3194 5680 ἡμετέρας
3247 5603 3533 5663 εὐσεϐείας
3585 5601 3808 5688 προσκυῗ

2251 5676 2491 5779 νουμένη
2542 5676 3188 5773 ἁγίανκαὶ-όμοούσιος,
3245 5693 3578 5771 δημιουργός
3624 5699 3681 5779 τε
3723 5676 3808 5776 till

2250 5778 2512 5870 ζωοποιὸς
2562 5795 2670 5853 τῶν
2719 5797 2857 5852 ὅλων
2893 5795 3086 5862 Τριᾶς,
3129 5792 3530 5858 θεραπεδθεῑσα
3580 5778 3671 5836 καὶ
3721 5781 3805 5825 νυν
