4118 6484
673 383 766 449 1³31
1850 389 2265 447 NlCEl‘liUiil
2303 393 2647 450 CALLlS'l'l
3801 401 3886 462 132

663 495 934 559 condidit,
958 494 1104 564 quod
1130 495 1301 551 multo
1327 512 1465 551 auro
1487 505 1545 552 et
1568 497 1952 566 imperialibus
1980 497 2230 554 donariis

2335 515 2421 552 σιν
2471 501 2731 571 ἐκμαθὼν
2799 503 3074 574 Ζήνωνος.
3146 503 3239 558 τὸν
3318 503 3544 574 ἀνεψιὸν
3617 505 3883 577 Ἀρμὰτιον

661 590 968 643 exornavit.
1005 588 1296 644 Basiliscus
1326 590 1394 644 de
1436 590 1675 644 Zenonis
1720 598 1874 644 motu
1903 593 2115 646 certior
2153 591 2232 645 fa-

661 688 807 739 ctns,
842 679 1236 733 consobrinum
1261 696 1422 734 suum
1450 679 1791 734 llarmetium
1825 683 1901 750 (ί)
1941 683 2230 751 copiarum

664 767 718 821 in
748 768 982 824 Thracia
1016 770 1236 832 ducem,
1273 773 1367 841 qui
1417 786 1770 841 progressum
1817 773 1966 826 illius
1997 771 2231 840 impedi-

663 865 1052 924 ret,adversus
1074 879 1200 916 eum
1232 864 1401 928 misit,
1419 865 1578 934 671
1605 879 1847 936 eumque
1869 865 2232 936 jurejurando

663 970 795 1009 sane
831 970 996 1022 quam
1033 955 1340 1019 horrendo,
1373 959 1442 1010 ne
1475 973 1533 1011 se
1567 973 1807 1027 unquam
1839 957 2048 1010 Zenoni
2093 972 2230 1009 con-

673 1048 952 1114 iungeret,
1001 1047 1316 1100 obstrinxit.
1367 1047 1681 1102 Ilarmatius
1726 1064 1848 1102 cum
1891 1049 2110 1103 Zenone
2163 1048 2231 1102 ad

663 1138 900 1193 Nicmam
933 1154 1288 1210 congressm,
1317 1143 1367 1194 in
1397 1157 1524 1195 eum
1559 1143 1712 1197 illum
1739 1144 1976 1212 coniecit
1999 1153 2230 1208 metum,

664 1241 719 1282 ut
757 1233 958 1284 frustra
989 1246 1046 1284 se
1072 1247 1184 1285 rem
1217 1248 1378 1302 quam
1405 1234 1677 1289 conﬁcere
1710 1237 1985 1306 nequiret,
2010 1237 2230 1306 aggredi

663 1323 910 1393 putarit:
933 1323 1037 1376 nisi
1064 1323 1224 1378 donis
1248 1340 1312 1378 ac
1335 1325 1830 1394 pollicitationibus
1859 1327 2232 1394 llarmatium,

663 1429 724 1468 se
765 1414 1024 1468 videlicet
1057 1415 1380 1470 Basiliscum
1417 1418 1589 1471 tilium
1625 1418 1742 1488 eius
1783 1419 2036 1474 Caesarea
2073 1423 2232 1475 taenia

664 1515 1058 1560 exornaturum
1109 1523 1254 1574 esse,
1308 1519 1677 1580 expugnaret.
1730 1510 1910 1580 Atque
1961 1511 2034 1567 ita
2085 1511 2234 1570 hunc

664 1611 886 1666 quoque
933 1598 1292 1668 iurisiurandi
1361 1600 1683 1670 religionem
1741 1604 2229 1672 parvifacientem,

665 1687 816 1742 Zeno
855 1689 1120 1744 adversus
1151 1691 1472 1745 Basiliscum
1503 1695 1556 1748 in
1589 1696 1840 1762 partibus
1871 1697 1984 1750 suis
2019 1698 2228 1752 habuit.

670 1780 740 1832 At
775 1780 1072 1836 Basiliscus
1126 1783 1212 1837 his
1259 1785 1430 1839 rebus
1479 1788 1736 1856 cognitis,
1780 1789 1966 1842 statim
2009 1797 2231 1844 senten-
2263 1823 2304 1879 Β

669 1870 802 1922 tiam
837 1873 1107 1926 mutavit:
1141 1884 1198 1928 et
1245 1876 1516 1943 imperiali
1568 1893 1769 1933 corona
1817 1894 1986 1933 sacrae
2035 1896 2232 1934 mensa:

670 1963 950 2031 imposita,
979 1965 1207 2034 supplex
1259 1967 1373 2036 ipse
1415 1981 1542 2021 cum
1582 1969 1866 2025 Zenonide
1893 1973 1969 2040 (‘2)
2003 1971 2069 2024 ad
2102 1971 2235 2040 bap-

662 2055 937 2107 tisterium
982 2056 1251 2126 confugit.
1305 2059 1454 2114 Zeno
1503 2062 1796 2116 confestim
1847 2063 2235 2118 Constantino-

666 2142 774 2211 poli
806 2154 1092 2212 exceptus,
1130 2147 1368 2216 primum
1403 2149 1693 2204 ecclesiam
1724 2169 1751 2202 ιι
1777 2167 1996 2220 agnam,
2033 2151 2233 2207 deinde

664 2250 788 2289 cum
839 2246 1108 2304 apparatu
1165 2247 1218 2292 et
1269 2241 1536 2294 comitatu
1590 2241 1829 2294 maximo
1889 2243 2230 2310 imperialem

665 2329 872 2397 regiam
901 2333 1186 2398 ingressus
1217 2339 1321 2384 est.
1355 2331 1651 2385 Basiliscus
1680 2342 1864 2385 autem
1888 2349 2012 2386 cum
2041 2335 2230 2403 viginti

668 2437 887 2476 menses
937 2423 990 2475 in
1035 2423 1288 2477 Romano
1340 2423 1576 2492 imperio
1617 2431 1880 2493 tyrannus
1926 2426 2141 2490 fuisset,
2177 2427 2232 2479 in

661 2511 1065 2580 Cappadociam
1121 2513 1428 2568 moriturus
1491 2514 1696 2568 missus
1751 2524 1833 2569 est
1886 2530 1901 2568 :
1953 2525 2118 2585 atque
2176 2515 2230 2570 in

664 2602 950 2657 mansione
977 2604 1214 2672 quadam
1254 2618 1350 2658 seu
1381 2605 1607 2660 militari
1642 2606 1956 2662 diversorio
1998 2610 2096 2677 (5),
2141 2609 2231 2663 cui

660 2692 826 2747 Acusi
860 2709 1061 2748 nomen
1097 2703 1362 2760 est,'cum
1393 2711 1563 2751 uxore
1606 2705 1662 2752 et
1689 2697 1882 2752 liberis
1911 2698 2234 2755 interfectus

662 2794 768 2838 cst.
803 2785 847 2839 Α
873 2784 1094 2841 Zenone
1127 2787 1315 2841 statim
1345 2786 1636 2843 Circenses
1668 2789 1786 2843 ludi
1813 2788 1972 2844 editi.
2017 2791 2230 2846 Deinde

661 2879 730 2939 is.
764 2894 860 2947 pro
885 2895 954 2933 eo
983 2888 1150 2950 atque
1172 2881 1336 2951 paulo
1363 2892 1490 2937 ante
1526 2899 1585 2937 se
1607 2885 1893 2937 facturum
1923 2884 2230 2954 iuraverat,

661 2971 927 3026 llarmatii
951 2974 1174 3043 quidem
1205 2973 1376 3027 filium
1408 2974 1728 3030 Basiliscum
1763 2976 1828 3030 ad
1870 2975 2104 3032 Caesaris
2137 2977 2230 3032 di-

660 3061 922 3127 gnitatem
960 3064 1196 3116 extulit:
1228 3074 1417 3132 postea
1449 3074 1632 3118 autem
1662 3065 2034 3130 liarmatium,
2081 3066 2228 3136 quod

661 3174 789 3211 eum
825 3175 934 3213 non
971 3161 1142 3228 magis
1167 3160 1294 3226 sibi,
1325 3176 1488 3229 quam
1519 3161 1784 3218 Basilisco
1852 3163 2070 3231 fuisset,
2132 3165 2303 3221 ﬁdum
2340 3166 2457 3220 fore
2510 3162 2902 3224 arbitraretur,
2948 3157 3187 3230 iugulari
3229 3159 3402 3228 iussit
3450 3178 3464 3215 τ

2333 592 2549 662 ἔπεμπε
2598 596 2906 664 στρατηγὸν
2926 596 3037 648 τῶν
3076 597 3135 649 ἐν
3163 596 3362 669 Θρᾴκῃ
3398 599 3723 652 καθεστῶτα
3747 601 3884 654 δυνά-

2338 702 2508 753 μεων,
2572 688 2780 738 ἐκεῖνον
2802 687 2893 739 ἐπὶ
2919 687 2988 739 τὰ
3017 691 3201 757 πρόσω
3240 689 3385 742 ἰέναι
3417 689 3756 758 κωλύσοντα,
3805 695 3885 761 ἰρ-

2334 793 2452 837 κοις
2489 778 2739 846 φρικτοίς
2771 777 2963 830 τοῦτον
2993 778 3444 848 ἀσφαλισάμενος
3477 780 3553 849 μὴ
3584 782 3885 835 σπείσασθαί

2337 884 2467 919 ποτε
2509 869 2740 936 Ζήνωνι.
2815 869 2876 921 '0
2909 868 2954 920 δ’
2989 871 3047 922 ἐν
3092 870 3299 938 Νικαίᾳ
3355 871 3655 940 συμϐαλὼν
3695 873 3883 940 ἐκείνῳ,

2335 956 2426 1008 ἐπὶ
2448 957 2601 1009 τόσον
2633 960 2843 1011 ἐκείνον
2865 960 3230 1029 κατέπληξεν,
3267 961 3348 1023 ὡς
3394 961 3721 1028 λογίσασθαι
3775 966 3887 1030 ἀνη-

2335 1047 2515 1109 νύτοις
2548 1048 2683 1116 δῆτα
2710 1051 3034 1119 ἐπιχειρεῖν,
3061 1050 3109 1104 σί
3163 1050 3237 1120 μὴ
3297 1051 3500 1121 δώροις
3567 1051 3888 1120 ὑποφθείρας

2333 1137 2520 1191 τοῦτον
2547 1141 2734 1207 Ζήνων
2762 1141 2855 1192 καὶ
2887 1139 3267 1208 ὑποσχέσεσιν,
3311 1141 3390 1202 ὼς
3443 1140 3554 1211 ἄρα
3606 1145 3672 1211 τῇ
3705 1143 3889 1192 Καισα-

2337 1235 2464 1300 ρικῇ
2513 1234 2696 1301 ταινέᾳ
2729 1231 2821 1284 τὸν
2855 1231 3062 1284 ἐκείνου
3098 1232 3212 1284 υίίιν
3248 1233 3580 1286 Βασιλίσκον
3621 1237 3888 1302 κοσμήσω,

2335 1325 2478 1374 θνατὰ
2503 1321 2598 1374 τοῦ
2626 1321 2961 1391 κρατοῦντος
3000 1324 3094 1375 καὶ
3120 1321 3311 1374 τοῦτον
3345 1324 3532 1394 ἔσχεν,
3566 1326 3623 1376 ἐν
3673 1324 3887 1391 δευτέρη)

2332 1420 2401 1465 τὰ
2435 1413 2541 1466 τῶν
2573 1414 2750 1483 ὅρκων
2775 1413 2839 1484 δὴ
2870 1413 3124 1483 θέμενον.
3171 1415 3228 1466 Ὀ
3279 1416 3383 1484 μὲν
3436 1413 3534 1468 οὖν
3586 1415 3884 1473 Basiliam;

2332 1504 2504 1558 ταῦτα
2559 1503 2768 1574 μαθὼν,
2803 1504 2965 1567 εὐθὺς
2995 1504 3288 1574 ὑπεχώρει·
3335 1506 3430 1558 καὶ
3466 1508 3558 1558 τὸν
3626 1505 3884 1572 βασιλικὸν

2337 1595 2602 1662 στέφανον
2634 1597 2700 1664 τῇ
2753 1594 2874 1663 θεία
2928 1595 3178 1665 τραπέζῃ
3225 1595 3538 1664 ἐνθέμενος,
3597 1594 3753 1654 αὐτὸς
3799 1594 3885 1643 σὺν

2335 1685 2592 1752 Ζηιωνίδι
2621 1687 2713 1737 ἐπὶ
2743 1686 2804 1738 τὸ
2841 1685 3240 1754 βαπτιστὴριον
3307 1687 3501 1756 ἱκέτης
3542 1687 3883 1756 προσέφευγε.

2334 1779 2518 1846 Ζήνων
2545 1775 2590 1828 δ’
2615 1775 2674 1840 ἐξ
2690 1776 2856 1845 αὐτῆς
2884 1779 2947 1846 τῇ
2987 1775 3253 1839 Βύζαντος
3282 1777 3660 1847 προσδεχθεὶς,
3687 1777 3885 1845 πρῶτον

2342 1871 2438 1936 μὲν
2464 1870 2555 1922 ἐπὶ
2577 1869 2669 1920 τὸν
2707 1871 2882 1936 μέγαν
2940 1868 3025 1938 ᾔει
3080 1869 3235 1920 νεών·
3291 1870 3491 1920 ἔπειτα
3555 1868 3743 1940 ἐχώρει
3800 1869 3884 1920 σὺν

2336 1963 2529 2029 πομπῇ
2562 1959 2793 2029 μεγίστῃ
2829 1959 2963 2025 πρὸς
3015 1957 3106 2025 τὰ,
3140 1959 3413 2022 βασίλεια.
3479 1960 3794 2019 Βασιλίσκος
3835 1955 3884 2007 δὲ

2337 2047 2384 2102 κ’
2441 2050 2615 2118 μῆνας
2675 2047 2774 2118 τὴν
2823 2047 3112 2118 Ῥωμαίων
3153 2048 3326 2119 ἀρχὴν
3386 2050 3748 2117 τυραννήσας,
3804 2047 3880 2097 ἐπὶ

2334 2139 2433 2209 τὴν
2467 2136 2852 2192 Καππαδοκῶν
2878 2137 3160 2190 ἐστέλλετο
3217 2139 3643 2207 τεθνηξόμενος·
3719 2136 3804 2188 καὶ
3835 2134 3881 2184 ἒν

2333 2249 2439 2284 τινι
2473 2230 2696 2299 σταθμῷ
2723 2230 2778 2280 Ἀ
2791 2229 2969 2298 κουσῷ
2998 2229 3278 2298 λεγομένῳ
3310 2231 3411 2282 σὺν
3449 2229 3670 2297 γυναικὶ
3706 2228 3791 2280 καὶ
3817 2225 3884 2278 τέ·

2338 2341 2482 2384 κνοις
2507 2323 2721 2391 δέχεται
2742 2321 2840 2389 τὴν
2862 2324 3096 2388 σφαγήν.
3133 2321 3384 2373 Ἱππικδν
3411 2321 3456 2373 δ’
3483 2321 3646 2386 εὐθὺς
3679 2323 3882 2388 ποιήσας

2334 2418 2372 2468 Ζ
2385 2417 2520 2484 ήνων
2533 2419 2670 2466 κατὰ
2685 2415 2810 2474 τοὺς
2827 2415 2931 2482 πρὸ
2946 2415 3171 2483 βραχέος
3187 2414 3442 2474 δοθέντας
3459 2416 3677 2482 ὅρκους,
3697 2417 3780 2465 τὶν
3797 2413 3880 2482 μὲν

2346 2509 2640 2578 ’Λρματῖου
2661 2508 2774 2560 υίδν
2803 2507 3124 2559 Βασιλίσκον
3142 2509 3208 2575 τῇ
3233 2506 3327 2558 τοῦ
3371 2508 3650 2576 Καίσαρος
3667 2505 3783 2575 ἀξίᾳ
3811 2521 3881 2555 τι·

2338 2605 2432 2674 μᾷ·
2453 2604 2506 2664 ἐς
2541 2599 2836 2670 ὕστερονδὲ
2866 2599 3221 2667 λογισάμενος
3238 2600 3311 2662 ὼς
3333 2599 3634 2668 Ἀρμάτιος
3656 2596 3881 2667 οὐδαμῶς

2335 2697 2382 2748 οἱ
2409 2693 2555 2762 αὐτῷ
2595 2693 2662 2744 τὰ
2687 2689 2858 2744 πιστὰ
2891 2689 3116 2759 φυλάξοι
3155 2689 3349 2760 ὥσπερ
3407 2691 3529 2744 οὺδέ
3575 2689 3878 2754 Βασιλίσκῳ.

2334 2786 2546 2840 κελεύει
2593 2783 2782 2838 τοῦτον
2818 2781 3120 2851 σφαγῆναι·
3173 2783 3264 2836 τὸν
3309 2782 3359 2836 δ’
3389 2783 3602 2837 ἐκείνου
3667 2781 3774 2834 υίὸν
3805 2783 3880 2829 τὸν

2334 2880 2585 2946 Καίσαρα
2665 2876 2816 2945 ἱερέα
2868 2876 3220 2944 ἐχειροτόνει.
3308 2875 3504 2945 [Ιολλῷ
3569 2874 3628 2928 δὲ
3681 2872 3879 2940 ὕστερον

2333 2968 2486 3035 οὗτος
2544 2974 2636 3025 καὶ
2685 2969 2785 3041 τὴν
2837 2967 3164 3040 Κυζικηνῶν
3229 2969 3538 3038 ἐκκλησίαν
3611 2965 3880 3034 ὲποίμανεν

2335 3067 2552 3135 ἄριστα.

3530 3158 3694 3212 filium
3737 3163 3880 3223 porro

657 3251 780 3318 eius
849 3250 1121 3306 Casarem
1192 3257 1538 3308 sacerdotem
1613 3255 1786 3320 fecit,
1849 3255 1943 3327 qui
2016 3257 2217 3314 deinde
2256 3259 2430 3314 multo
2497 3266 2617 3325 post
2663 3253 2954 3309 ecclesiam
3018 3251 3340 3322 Cyzicenam
3412 3254 3618 3322 Optime
3663 3244 3878 3302 admini-

661 3347 880 3401 stravit.

1271 3443 1497 3500 CAPUT
1548 3445 1642 3501 IX.

667 3550 913 3622 Episcopi
958 3553 1143 3626 Asiani
1197 3553 1432 3608 libellum
1491 3560 1809 3626 paznitentia:
1855 3560 1924 3613 ad
1976 3561 2226 3618 Acacium

633 3639 636 3642 ’
914 3625 1149 3688 mittunt,
1189 3626 1251 3677 de
1292 3625 1498 3695 synodo
1531 3645 1649 3680 eum
1680 3627 1972 3698 placantes.

731 3779 881 3836 Zeno
908 3783 1077 3837 simul
1107 3791 1270 3852 atque
1301 3785 1354 3838 in
1382 3786 1670 3856 imperium
1703 3789 1986 3844 restitutus
2009 3798 2112 3865 est.
2135 3807 2229 3859 per

663 3875 1123 3929 censtitutionem
1168 3877 1429 3945 scriptam
1481 3881 1915 3948 quamprimum,
1955 3883 2225 3951 quidquid

661 3981 689 4017 a
727 3975 956 4035 tyranno
992 3965 1257 4022 Basilisco
1302 3984 1400 4036 per
1430 3970 1734 4025 circulares
1769 3972 1985 4027 litteras
2033 3983 2226 4026 eontra

659 4057 822 4110 tidem
853 4066 1110 4111 novatum
1142 4058 1345 4122 fuerat,
1375 4059 1684 4130 abrogavit.
1709 4060 1867 4126 Quod
1901 4063 1992 4116 ubi
2038 4062 2227 4116 Asiani

654 4147 904 4216 episcopi
956 4148 1366 4214 intellexerunt,
1427 4150 1612 4204 missis
1655 4150 1723 4203 ad
1774 4151 2032 4206 Acacium
2080 4151 2228 4206 Con-

655 4239 1209 4306 stantinopolitanum
1249 4241 1568 4309 episcopum
1624 4242 1979 4309 poenitentiae.
1999 4242 2225 4308 libellis,

657 4331 890 4400 gratiam
918 4331 1024 4384 sibi
1057 4332 1172 4386 fieri
1207 4332 1526 4401 petierunt:
1559 4332 1650 4385 illa
1690 4332 2076 4400 deprecatione
2103 4334 2186 4386 usi
2211 4374 2226 4399 ,

661 4421 808 4490 quod
845 4437 950 4475 non
983 4436 1078 4476 sua
1107 4433 1325 4491 sponte,
1361 4423 1458 4477 scd
1503 4423 1556 4476 vi
1593 4424 1828 4478 maxima
1883 4423 2058 4480 adacti
2109 4423 2220 4476 eir-

662 4512 951 4566 cularibus
991 4512 1471 4582 subscripsisscnt.
1503 4515 1748 4582 Eamque
1789 4530 1903 4569 rem
1937 4515 2100 4585 672
2151 4516 2225 4571 ita

664 4612 723 4658 et
757 4620 865 4656 non
896 4605 1057 4657 aliter
1089 4619 1147 4658 se
1187 4605 1415 4665 habere,
1441 4615 1497 4658 et
1531 4620 1588 4659 se
1613 4604 2052 4662 Cbalccdoncnsi
2095 4623 2229 4677 syn-

663 4696 770 4749 odo
804 4695 1083 4760 assentiri,
1133 4695 1474 4765 atquejuxta
1507 4696 1629 4764 eius
1659 4695 1947 4751 decretum
1984 4709 2040 4752 ct
2067 4710 2226 4752 antea

2924 3440 3176 3493 ΚΕΦΑΛ.
3227 3439 3304 3494 0'.

2331 3560 2464 3616 ’Ότι
2493 3559 2548 3610 οἱ
2579 3554 2683 3620 τῆς
2713 3554 2913 3618 Ἀσάς
2942 3553 3268 3625 ἐπίσκοποι
3290 3553 3563 3625 βιϐλιόνῗ
3584 3547 3871 3625 μετανοίας

2413 3619 2660 3689 Ἀκίικίῳ
2694 3625 3063 3678 ἀπέστειλαν
3111 3623 3512 3690 ἡμερούμενοι
3541 3622 3766 3674 ἐκεῖνον
3793 3619 3869 3667 διὰ

2400 3699 2514 3764 τὴν
2537 3695 2825 3749 σύνοδον.

2402 3791 2586 3856 Ζήνων
2611 3788 2667 3840 δὲ
2709 3786 2827 3853 ἅμα
2865 3783 2942 3853 τῷ
2977 3786 3044 3852 τῇ
3096 3786 3238 3855 ἀρχῇ
3296 3786 3657 3855 καταστῆναι,
3694 3779 3873 3847 ἐγγρα-

2332 3897 2432 3950 φον
2463 3879 2626 3946 νόμον
2675 3876 2861 3938 ἐτίθει,
2891 3874 2950 3929 ὃς
2979 3875 3365 3946 προτροπάδην
3426 3875 3640 3946 ἀνῄρει,
3680 3873 3774 3925 ὅσα
3805 3863 3871 3932 τῷ

2328 3975 2582 4041 τυράννῳ
2639 3969 2950 4034 Βασιλίοκῳ
2994 3969 3106 4028 τοῖς
3163 3969 3478 4034 ἐγκυκλίως
3537 3959 3869 4031 ἐνεωτερίσθη

2331 4064 2471 4117 κατὰ
2500 4063 2596 4131 τῆς
2627 4059 2884 4120 πίστεως·
2913 4057 2942 4110 ὃ
2996 4059 3044 4110 οί
3068 4057 3168 4122 τῆς
3223 4057 3411 4122 Ἀσίας
3464 4058 3721 4129 μαθόντες
3765 4046 3871 4103 ἐπί-

2331 4171 2544 4215 σκοποι,
2593 4150 2773 4221 βιϐλία
2851 4148 3138 4217 μετανοίας
3191 4151 3609 4216 ἐπιπέμποντες
3655 4139 3871 4204 Ἀκπκίῳ

2328 4246 2402 4316 τῷ
2425 4246 2521 4315 τῆς
2553 4241 3181 4304 Κωνσταντινουπόλεως
3199 4225 3532 4311 Ἱπισκόπῳ,
3563 4232 3871 4304 συγγνώμην

2329 4336 2514 4407 ᾔτουν,
2600 4332 3050 4402 παραιτούμενοι,
3125 4331 3202 4394 ὡς
3284 4334 3380 4402 οὐχ
3469 4332 3700 4390 ἑκόντες,
3770 4318 3870 4373 ἀλλ’

2335 4427 2558 4498 ἀνάγκῃ
2612 4425 2841 4495 πλείστῃ
2905 4425 3016 4487 τοῖς
3077 4423 3392 4491 ἐγκυκλίοις
3452 4411 3870 4486 καθυπογράῷαυ

2328 4519 2514 4588 ὅρκοις
2544 4533 2605 4569 τε
2638 4515 2768 4578 τοὺς
2791 4515 2982 4582 λόγους
3005 4514 3506 4583 κατησφαλίζοντο,
3529 4508 3564 4582 ἦ
3593 4509 3696 4579 μὴν
3717 4502 3872 4557 οὕτως

2328 4610 2472 4679 ἔχειν
2523 4608 2618 4662 καὶ
2649 4609 2748 4676 οὐχ
2782 4601 3008 4674 ἑτέρως·
3052 4606 3147 4658 καὶ
3172 4609 3237 4676 τῇ
3285 4606 3345 4658 ἐν
3396 4601 3696 4672 Χαλκηδόνι
3733 4590 3868 4647 συνό-

2327 4703 2401 4772 δῳ
2433 4701 2696 4763 τίθεσθαι,
2744 4699 2840 4751 καὶ
2868 4699 2988 4752 κατ’
3037 4699 3255 4766 ἐκείνην
3302 4697 3579 4752 πιστεύειν
3647 4690 3734 4745 καὶ
3782 4683 3866 4736 νῦν

661 4786 984 4850 credidisse,
1015 4796 1074 4841 et
1119 4802 1267 4840 nunc
1294 4788 1546 4850 credere,
1591 4789 1905 4857 iuramento
1935 4789 2228 4843 colitirma-

2333 4793 2425 4846 καὶ
2460 4793 2748 4862 πρότερον.
2786 4789 2850 4843 Ἢ
2885 4791 2942 4843 δὲ
2974 4791 3083 4843 τῶν
3112 4789 3430 4847 ἐπισκόπων
3463 4785 3646 4858 γραφὴ
3680 4776 3868 4834 τούτοις

664 4890 813 4933 rnnt.
856 4880 1252 4949 Episcoporum
1298 4880 1567 4948 scriptum
1620 4881 1722 4933 hoc
1766 4889 1927 4935 erat:
1969 4900 1986 4932 ι
2025 4881 2228 4935 Acacio

2333 4887 2442 4946 τοῖς
2474 4883 2768 4952 γράμμασι
2808 4882 3192 4950 περιείληπτο·
3259 4900 3278 4933 ‹
3327 4880 3570 4948 Ἀκακίῳ
3621 4874 3696 4942 τῷ
3717 4871 3872 4936 ἁγιω-

662 4973 1011 5026 sanctissimo
1041 4981 1096 5026 et
1125 4971 1372 5040 piissimo
1399 4971 1760 5027 sanctissima:
1791 4989 1910 5042 qua:
1945 4973 2093 5042 apud
2121 4975 2226 5027 im-

665 5073 946 5132 perantem
991 5063 1549 5132 Constantinopolim,
1601 5080 1794 5118 novam
1837 5065 2092 5126 Romam.
2139 5076 2226 5120 est

665 5156 919 5209 Ecclesiae
971 5153 1317 5223 patriarchae.
1355 5173 1372 5204 ι
1427 5154 1492 5207 Ει
1545 5164 1663 5222 post
1719 5171 1940 5225 pauca:
1997 5176 2014 5207 ι
2057 5156 2224 5211 Rccte

605 5254 624 5270 ⁶’
661 5259 790 5297 εωε
844 5245 910 5297 ad
959 5260 1058 5298 nos
1114 5245 1296 5305 venit,
1349 5246 1444 5314 qui
1503 5245 1683 5300 locum
1737 5251 1904 5300 etiam
1978 5257 2221 5302 vestrum

737 5359 809 5412 fit
845 5361 1120 5425 Prompus
1149 5364 1427 5411 Armatum
1461 5359 1730 5414 nominat.

741 5428 816 5494 t2)
845 5429 944 5479 A-lii
966 5427 1249 5480 Zenobiam
1276 5441 1488 5483 meant.

745 5499 820 5566 ὦ)
876 5497 1193 5550 Basiliswm
1252 5508 1541 5567 tyrannum
1587 5517 1710 5556 cum
1775 5511 1944 5552 uxore
1995 5509 2052 5554 et
2099 5500 2227 5555 ﬁliis

674 5567 822 5620 Zeno
848 5570 896 5618 in
921 5570 1315 5635 Cappadociam
1347 5570 1491 5625 misit
1514 5571 1707 5626 hiemis
1730 5581 1994 5636 tempore,
2023 5585 2229 5638 eosque

682 5652 859 5704 neque
891 5650 1038 5691 veste
1070 5653 1244 5709 neque
1263 5640 1674 5708 esbariisiuvari
1694 5639 1878 5709 iussit.
1905 5638 2055 5695 Unde
2076 5641 2228 5692 brevi

680 5721 737 5758 se
768 5709 996 5760 invicem
1025 5708 1318 5776 complexi,
1345 5708 1793 5777 collacrymantcs
1818 5709 2014 5761 misere
2049 5725 2228 5777 perie-

674 5787 818 5830 runt.
846 5777 1120 5844 (Pi-occp.)
1172 5777 1270 5831 llic
1303 5779 1645 5846 incxlnlebilis
1668 5779 1908 5832 avaritize
1949 5780 2068 5832 fuit.
2096 5778 2236 5830 Nam

2328 4979 2475 5047 τάτῳ
2505 4981 2596 5030 καί⁸
2643 4975 2930 5044 όσιωτάτφ
2983 4976 3300 5044 πατριάρχῃ
3332 4975 3432 5045 τῆς
3461 4973 3600 5028 κατὰ
3650 4967 3744 5034 τὴν
3790 4958 3870 5027 βα⁸

2329 5071 2649 5122 σιλεύουσαν
2682 5067 3260 5122 Κωνσταντινούπολιν
3305 5067 3432 5120 νέαν
3475 5063 3692 5130 Ῥώμην
3717 5055 3871 5117 ἀμίδ’

2325 5165 2495 5233 τάτης
2531 5163 2913 5232 Ἑκκλησίας.›
2947 5161 3055 5214 Καὶ
3095 5162 3212 5230 μετ’
3243 5161 3421 5229 ὀλίγα·
3456 5177 3476 5212 ι
3510 5154 3775 5223 Ἐφθασεν
3796 5137 3869 5204 ἐτ’

2325 5257 2474 5326 ἡμᾶς
2508 5257 2826 5324 πρεπόντως
2866 5255 3036 5307 ποιῶν
3059 5256 3086 5307 ὀ
3109 5255 3205 5308 καὶ
3233 5253 3324 5306 τὸν
3365 5253 3628 5323 ἡμέτερον
3655 5235 3873 5296 ἀναπλη-

2332 5381 2386 5422 ct
2414 5367 2482 5419 ab
2522 5366 2877 5438 ecclesiarum
2909 5365 3254 5420 antistitibus
3277 5365 3560 5438 pecuniam
3579 5352 3869 5438 exegiifff

2331 5453 2360 5491 a
2385 5437 2643 5510 tenuibus
2675 5435 2964 5510 opiﬁcibus
2989 5451 3247 5510 manuum
3277 5430 3500 5510 'labore
3557 5430 3870 5510 vitae

2333 5517 2420 5561 tus
2448 5490 2832 5565 tolerantibus.
2864 5506 3215 5575 excutiendis
3270 5520 3379 5556 non
3432 5496 3711 5575 abstinuit.
3729 5490 3868 5575 Qtlf:

2331 5557 2553 5645 {ruptor
2594 5557 2994 5645 iobieiu'smodi
3036 5557 3394 5645 iexactioncsﬁ
3441 5557 3867 5645 lacrymis

2331 5630 2493 5699 crant
2547 5630 2902 5699 omnia."Sub
2949 5645 3126 5698 Leone
3155 5645 3199 5698 is
3230 5659 3328 5711 pro
3367 5630 3589 5696 Rustico
3608 5630 3866 5699 copiarum

2337 5715 2654 5769 militarium
2683 5715 2790 5768 dux
2828 5717 3023 5770 lectus.
3054 5715 3259 5783 (δοιά.)
