4118 6464
521 341 620 401 12ἒί

1739 335 2162 398 NlCEPllOlll
2207 334 2562 406 CALLlS’l‘l~
3032 337 3046 350 ’
3667 342 3753 404 HO

523 452 762 522 lychete,
796 449 942 520 quod
979 447 1198 503 diversa
1240 446 1309 502 ab
1344 447 1426 503 eis
1471 463 1594 520 quae
1637 449 1787 504 dicta
1815 458 1940 504 sunt
1975 464 2104 504 sen-

2216 451 2338 502 λαια
2368 451 2434 503 τὰ
2467 448 2734 518 εἰρημένα
2771 449 2921 521 παρὰ
2953 449 3049 503 τοῦ
3083 451 3184 521 τῆς
3231 453 3380 515 ὁσίας
3430 454 3637 525 μνήμης
3676 475 3756 524 γε-

523 545 689 605 tiant,
721 542 1071 596 anathemate
1100 539 1333 594 feri-mus
1359 558 1374 594 :
1407 540 1696 596 duodecim
1725 541 1894 596 etiam
1923 542 2102 609 capita

523 636 616 688 illa
664 651 693 688 a
734 645 938 688 sanctae
983 635 1264 687 memoria:
1311 633 1520 704 Cyrillo
1561 644 1767 688 sancta:
1818 634 2104 688 catholicae

525 724 1031 779 Alexandrinorum
1082 725 1345 780 Ecclesiae
1390 726 1812 796 archiepiscopo
1857 727 2108 796 promul-

523 827 648 886 gata
707 817 1063 885 recipientes.
1123 817 1458 873 l’rofitemur
1507 827 1694 872 autem
1749 819 2096 888 unigenitum

523 910 722 963 Filium
756 909 833 979 (l)
868 910 962 963 Dei
995 917 1050 964 et
1087 909 1260 965 Deum
1292 910 1408 981 (qui
1444 926 1573 965 vere
1606 911 1772 966 homo
1799 911 1976 966 factus
1996 919 2103 974 est,

525 1003 820 1055 Dominum
868 1011 1123 1056 nostrum
1159 1003 1347 1058 Jesum
1389 1003 1694 1069 Christum,
1737 1007 1830 1073 qui
1863 1003 2106 1058 consub-

524 1095 800 1149 stantialis
828 1103 912 1149 est
943 1095 1091 1150 Patri
1128 1096 1434 1151 secundum
1471 1096 1842 1161 divinitatem,
1866 1106 1924 1151 et
1957 1096 2104 1150 idem

525 1187 1020 1244 consubstantialis
1052 1191 1216 1245 nobis
1253 1192 1410 1262 juxta
1451 1192 1855 1247 humanitatem
1888 1201 1984 1250 :et
2010 1192 2106 1262 qui

524 1280 812 1335 descendit
846 1290 902 1335 et
950 1281 1274 1337 incarnatus
1304 1293 1389 1338 est
1441 1301 1509 1339 ex
1549 1285 1758 1354 Spiritu
1799 1295 2014 1349 sancto,
2050 1292 2107 1338 et

528 1370 697 1425 Maria
728 1371 942 1442 virgine
977 1381 1035 1427 et
1062 1373 1156 1426 Dei
1179 1373 1477 1444 genitrice)
1518 1391 1688 1430 unum
1736 1391 1879 1440 esse,
1907 1385 1963 1430 et
1996 1390 2105 1428 non

527 1463 691 1517 duos.
743 1461 923 1518 Unius
973 1465 1126 1519 enim
1183 1480 1305 1520 esse
1348 1467 1590 1522 dicimus
1635 1477 1691 1522 et
1743 1465 2006 1522 miracula
2051 1476 2109 1520 et

529 1556 944 1625 perpessiones,
975 1573 1113 1627 quas
1155 1569 1354 1628 sponte
1388 1575 1488 1614 sua
1518 1575 1684 1614 carne
1716 1559 1965 1630 pertulit.
2005 1557 2109 1612 Eos

532 1663 663 1702 vero
694 1649 788 1718 qui
823 1664 949 1704 eum
983 1649 1240 1705 dividunt
1269 1661 1364 1706 aut
1404 1652 1773 1717 confundunt,
1807 1663 1902 1706 aut
1931 1653 2108 1722 phan-

532 1740 726 1794 tasiam
777 1756 873 1795 seu
905 1750 1182 1810 spectrum
1223 1743 1513 1809 inducunt,
1547 1745 1971 1814 haudquaquam
2013 1759 2108 1813 ap—

3292 547 3402 565 2-9

2209 543 2438 612 νομένου
2475 541 2745 609 Κυρίλλου
2781 543 3226 610 άρχιεπισκόπου
3251 547 3352 613 τῆς
3389 547 3758 617 Ἀλεξανδρέων

2207 635 2369 702 ἁγίας
2416 634 2719 704 καθολικῆς
2758 635 3110 704 Ἐκκλησίας.
3157 637 3559 708 Ὀμολογοῦμεν
3587 642 3640 693 δὲ
3686 643 3759 694 τὸν

2213 727 2476 795 μονογενῆ
2510 725 2639 778 Υἰὸν
2677 726 2775 780 τοῦ
2821 727 2960 780 Θεοῦ
3009 733 3107 782 καὶ
3156 729 3310 792 Θεὸν,
3345 732 3437 782 τὸν
3471 733 3608 783 κατὰ
3641 733 3761 801 ἀλή-

2209 818 2362 870 θειαν
2425 817 2955 888 ὲνανθρωπήσαντα,
3005 820 3099 872 τὸν
3141 821 3343 889 Κύριον
3381 823 3535 891 ἡμῶν
3576 823 3763 892 Ἰησοῦν

2207 910 2468 980 Χριστὸν,
2499 910 2591 963 τὸν
2613 910 2905 980 όμοούσιον
2927 911 3006 978 τῷ
3038 912 3215 980 Πατρὶ
3240 915 3382 964 κατά
3409 915 3504 982 τὴν
3530 913 3759 984 θεότητα,

2208 1004 2304 1056 καὶ
2339 1002 2627 1072 ὁμοούσιον
2662 1005 2800 1073 ἡμῖν
2821 1063 2826 1076 ρ
2847 1003 2938 1058 τὸν
2982 1004 3147 1056 αὑτὸν
3191 1005 3336 1058 κατὰ
3370 1003 3468 1073 τὴν
3500 1004 3766 1074 ἀνθρωπόο

2207 1113 2369 1164 τητα,
2419 1095 2753 1149 κατελθόντα
2800 1097 2898 1149 καὶ
2949 1096 3304 1166 σαρκωθέντα
3353 1097 3416 1148 ὲκ
3467 1096 3765 1164 Πνεῦματος

2208 1187 2368 1255 ἁγίου
2403 1187 2496 1240 καὶ
2524 1187 2745 1257 Μαρίας
2783 1186 2884 1256 τῆς
2936 1187 3214 1256 Παρθένου
3251 1188 3344 1239 καὶ
3378 1187 3654 1247 Θεοτόκου,
3677 1187 3764 1239 ἕνα

2206 1281 2501 1349 τυγχάνειν
2535 1282 2624 1332 καὶ
2659 1280 2720 1332 οὐ
2755 1279 2849 1332 δύο
2871 1295 2886 1312 ο
2922 1280 3044 1342 ἐνὸς
3081 1283 3189 1348 γάρ
3233 1274 3376 1332 εἷναί
3412 1297 3585 1350 φαμεν
3615 1280 3680 1332 τά
3709 1296 3762 1332 τε

2209 1373 2468 1441 θαύματα
2515 1373 2610 1425 καὶ
2657 1372 2726 1425 τὰ
2778 1371 2950 1441 πάθη,
3000 1372 3144 1442 ἆπερ
3203 1373 3468 1434 ἑκουσίως
3519 1372 3765 1441 ὑπέμεινε

2212 1465 2396 1533 σαρκί.
2433 1466 2572 1528 Τοὺς
2604 1465 2716 1536 γὰρ
2743 1465 3110 1536 διαιροῦντας,
3139 1465 3171 1534 ἢ
3218 1465 3562 1534 συγχέοντας,
3587 1465 3618 1534 ἢ
3648 1482 3767 1531 φαν-

2209 1559 2404 1612 τασίαν
2432 1557 2778 1626 εἰσάγοντας,
2804 1557 2929 1611 οὐδὲ
2961 1558 3099 1620 ὅλως
3143 1558 3414 1627 δεχόμεθα
3437 1570 3450 1586 ⁸
3489 1557 3705 1624 ἐπείπερ
3737 1559 3762 1625 ἡ

2209 1650 2602 1720 ἀναμάρτητος
2632 1651 2775 1703 κατὰ
2804 1650 3068 1720 ἀλήθειαν
3104 1653 3383 1721 σάρκωσις
3413 1650 3475 1702 ἐκ
3521 1649 3617 1719 τῆς
3646 1649 3764 1700 Θεο-

2216 1741 2375 1794 τόκου
2405 1741 2729 1813 προσθήκην
2759 1740 2892 1794 Υίοῦ
2919 1743 2980 1795 οὐ
3019 1743 3286 1811 πεποίηκε
3316 1757 3329 1770 °
3367 1742 3635 1812 μεμένηκε
3659 1740 3768 1818 ⁶γάιρ

530 1835 853 1902 probamus.
907 1835 973 1888 Et
1024 1851 1159 1904 pura
1210 1837 1462 1907 labisque
1515 1839 1722 1907 peccati
1776 1839 1960 1892 omnis
2006 1851 2105 1890 ex-

2218 1832 2387 1901 Τριάς
2404 1835 2438 1902 ἡ
2451 1798 2665 1904 ’Τριά’ς,
2684 1798 2794 1888 ’και
2821 1798 3218 1904 capulum;
3236 1834 3331 1885 τοῦ
3350 1798 3468 1894 ἐνδξ
3493 1798 3588 1901 τῆξ
3616 1798 3768 1900 τᾉιάζ

531 1943 654 1994 pars
682 1927 780 1998 (2),
818 1943 1081 1996 veraque,
1115 1944 1182 1984 ex
1221 1928 1313 1984 Dei
1353 1929 1638 1985 Genitriee
1665 1932 1974 1987 incarnatio
2009 1949 2106 1988 ac-

527 2020 833 2075 cessionem
881 2019 1003 2073 Filii
1071 2035 1180 2075 non
1223 2022 1467 2077 attulit:
1537 2032 1590 2078 et
1660 2023 1939 2090 Trinitas,
1995 2043 2106 2083 uno

531 2110 820 2165 Trinitatis
858 2111 979 2182 ejus
1013 2111 1127 2166 Deo
1145 2112 1329 2167 Verbo
1365 2114 1678 2176 incarnato,
1701 2111 1946 2173 Trinitas
1979 2134 2104 2188 ρει-ε

531 2203 753 2257 mansit.
805 2202 944 2258 Cum
982 2203 1152 2274 igitur
1196 2206 1436 2260 sciamus
1480 2222 1662 2276 neque
1711 2221 1928 2264 sanctas
1979 2226 2102 2279 qua:

534 2298 741 2366 ubique
802 2306 952 2363 sunt,
1000 2307 1055 2352 et
1095 2296 1435 2353 orthodoxas
1467 2297 1564 2354 Dei
1606 2301 1890 2366 ecclesias,
1925 2315 2108 2372 neque

529 2392 621 2458 qui
684 2388 770 2443 eis
829 2399 1075 2458 praesunt
1131 2389 1227 2443 Dei
1283 2392 1700 2447 amantissimos
1753 2395 2107 2462 sacerdotes,

530 2496 712 2550 neque
748 2478 1090 2549 imperialem
1141 2489 1390 2536 nostram
1441 2483 1834 2538 sublimitatem
1882 2484 2110 2556 symbo-

530 2576 642 2626 lum
674 2571 847 2635 aliud,
872 2579 969 2624 aut
996 2571 1123 2626 fidei
1152 2572 1539 2630 definitionem
1565 2586 1768 2644 praeter
1797 2591 1917 2631 eam
1945 2592 2108 2646 quam

529 2663 774 2717 diximus
808 2673 1055 2717 sanctam
1095 2663 1406 2718 doctrinam
1440 2674 1494 2720 et
1523 2664 1841 2730 formulam,
1880 2667 1966 2722 vel
2011 2683 2112 2722 an-

532 2767 618 2810 tea
656 2755 868 2820 tulisse,
907 2755 991 2810 vel
1040 2771 1190 2811 nunc
1242 2755 1416 2824 ferre,
1445 2757 1838 2828 conjunximus
1873 2774 1973 2814 nos
2012 2774 2112 2830 per

532 2851 794 2905 unionem
860 2851 1008 2906 inter
1069 2864 1172 2905 nos
1231 2841 1421 2921 ipsos,
1485 2851 1627 2906 nihil
1689 2851 2107 2920 addubitantes,

530 2943 780 3010 nihilque
825 2949 1175 2997 cunctantes.
1223 2941 1406 3011 Atque
1451 2941 1571 2996 haec
1615 2942 1963 3013 scripsimus,
1997 2959 2110 2998 non

529 3042 590 3086 nt
624 3033 750 3086 novi
786 3031 1098 3101 quidquam
1133 3031 1205 3086 de
1248 3030 1356 3086 fide
1411 3031 1758 3098 affer-remus,
1798 3032 1896 3087 sed
1925 3042 1987 3087 ut
2012 3047 2110 3087 vos
2160 3093 2173 3104 ,

2216 1924 2303 1980 δο;
2329 1924 2468 1977 Θεοῦ
2499 1923 2700 1992 Λόγου.
2731 1924 2952 1981 Εἰδότες
2982 1923 3076 1978 οὖν
3103 1925 3176 1986 ὡς
3211 1923 3335 1977 οῦτε
3383 1927 3439 1977 αἰ
3471 1925 3618 1992 ἅγιαι
3644 1939 3768 1975 παν-

2222 2017 2383 2088 ταχοῦ
2406 2019 2676 2088 όρθόδοξοι
2702 2020 2796 2073 τοῦ
2835 2018 2970 2072 Θεοῦ
2996 2018 3302 2090 ἐκκλησίαι,
3351 2017 3474 2071 οὔτε
3516 2018 3563 2070 οἰ
3583 2017 3770 2069 τούτων

2217 2113 2615 2182 προϊστάμενοι
2647 2111 3058 2182 θεοφιλέστατοι
3107 2113 3294 2180 ἱερεῖς,
3325 2110 3449 2163 οὔτε
3477 2113 3511 2181 ἡ
3541 2111 3772 2180 ἡμετέρα

2223 2204 2473 2274 βασιλεία
2501 2204 2689 2273 ἑτέρου
2741 2203 3015 2273 συμϐόλου
3049 2204 3080 2274 ἢ
3109 2205 3238 2270 ὅρου
3269 2203 3504 2265 πίστεως
3548 2204 3687 2271 παρὰ
3720 2201 3773 2250 τὸ

2220 2297 2514 2367 εἰρημένον
2553 2297 2709 2365 ἅγιον
2766 2297 2999 2366 μάθημα
3051 2295 3348 2364 ἠνέσχοντο
3397 2297 3430 2366 ἢ
3485 2296 3771 2362 ἀνέχονται,

2219 2392 2513 2462 ήνώσαμεν
2561 2391 2792 2454 ἑαυτοὺς
2830 2390 3001 2460 μηδὲν
3047 2388 3440 2452 ἑνδοιάζοντες.
3493 2387 3672 2439 Ταῦτα
3725 2382 3775 2434 δὲ

2220 2486 2608 2555 γεγράφαμεν,
2641 2484 2702 2536 οὐ
2731 2482 3072 2546 καινίζοντες
3105 2481 3314 2544 πίστιν,
3345 2480 3461 2534 ἀλλ’
3492 2480 3632 2549 ὑμᾶς
3655 2478 3777 2544 πλη-

2223 2577 2601 2649 ροφοροῦντες.
2650 2575 2833 2629 Πάντα
2852 2575 2908 2628 δὲ
2928 2575 3020 2628 τὸν
3054 2574 3245 2641 ἔτερόν
3273 2590 3326 2627 τι
3363 2574 3716 2642 φρονήσαντα,
3744 2566 3774 2636 ἢ

2220 2670 2543 2740 φρονοῦντα,
2565 2668 2596 2740 ἢ
2614 2667 2734 2734 νῦν,
2757 2668 2789 2740 ἢ
2811 2667 3053 2736 πώποτε,
3071 2667 3104 2738 ἢ
3129 2670 3187 2720 ὲν
3203 2667 3534 2737 Χαλκηδόνι,
3551 2665 3584 2734 ἢ
3599 2664 3681 2735 οἶα
3697 2662 3780 2730 δή·

2221 2779 2352 2816 ποτε
2377 2761 2600 2832 συνόδῳ,
2627 2762 3122 2831 ἀναθεματίζομενο
3152 2759 3453 2830 ἐξαιρέτως
3473 2759 3529 2812 δὲ
3561 2759 3678 2819 τοὺς
3704 2757 3780 2809 εἰ·

2224 2855 2494 2925 ρημένους
2512 2855 2812 2923 Νεστόριον
2833 2855 2926 2907 καὶ
2943 2853 3225 2923 Εὑτύχιον,
3243 2854 3338 2906 καὶ
3366 2853 3494 2916 τοῦς
3518 2852 3584 2905 τὰ
3617 2848 3780 2904 αὐτῶν

2223 2946 2581 3019 φρονοῦντας.
2615 2945 2936 3017 Συνάφθητε
2981 2946 3162 2999 τοίνυν
3196 2948 3262 3016 τῇ
3309 2945 3655 3015 πνευματικῇ
3685 2958 3780 3010 μη-

2219 3039 2310 3108 τρὶ
2352 3039 2419 3108 τῇ
2481 3036 2802 3109 Ἐκκλησία,
2834 3038 2934 3106 τῆς
2983 3037 3152 3107 αὐτῆς
3196 3039 3330 3106 ἡμῖν
3378 3038 3436 3090 ὲν
3483 3039 3616 3106 αὐτῇ
3649 3033 3782 3093 θείας

529 3138 630 3192 per
684 3131 893 3176 certam
941 3121 1361 3191 perfectamque
1400 3121 1712 3176 doctrinam
1753 3123 2109 3177 conﬁrmare-

2221 3128 2590 3191 ἀπολαύοντες
2623 3127 2934 3194 κοινωνίας,
2958 3127 3102 3182 κατὰ
3129 3127 3219 3179 τὸν
3259 3129 3552 3197 εἰρημένον
3576 3125 3667 3179 ἕνα
3695 3121 3784 3176 καί

531 3227 674 3267 mus.
717 3211 1034 3278 Quemlibet
1065 3227 1200 3267 vero
1239 3213 1336 3282 qui
1383 3213 1534 3268 aliud
1581 3213 1882 3283 quidquam
1916 3213 2110 3278 sensit,

528 3313 625 3355 aut
662 3303 850 3367 sentit,
885 3309 980 3355 aut
1009 3317 1182 3368 nunc,
1215 3311 1312 3356 aut
1354 3317 1689 3372 quacunque
1719 3303 1932 3373 synodo
1976 3303 2109 3368 alia,

529 3395 869 3450 anathemati
902 3394 1270 3465 subiicimus:
1306 3395 1585 3465 praecipue
1619 3411 1754 3451 vero
1787 3411 1928 3466 quos
1964 3397 2112 3451 dixi-

530 3501 675 3550 mus,
727 3487 1044 3542 Nestorium
1090 3496 1147 3542 ει
1195 3487 1578 3559 Eutychetem,
1625 3496 1680 3541 et
1725 3489 1976 3558 quicum
2030 3489 2114 3544 eis

531 3579 678 3634 idem
721 3581 992 3637 sentiunt.
1022 3580 1359 3653 Conjungite
1391 3597 1524 3652 ergo
1558 3596 1658 3636 vos
1693 3582 1798 3652 per
1840 3581 2109 3636 unionem

529 3673 806 3742 spirituali
847 3675 1013 3727 matri
1059 3673 1323 3729 Ecclesiae
1370 3683 1426 3728 et
1479 3674 1664 3728 divina
1714 3674 1890 3743 ipsius
1938 3673 1992 3727 in
2046 3687 2111 3728 ea

530 3764 925 3820 communione
975 3765 1246 3829 fruimiui,
1309 3781 1407 3835 per
1464 3782 1585 3822 eam
1627 3781 1790 3836 quam
1849 3764 2114 3832 diximus,

2225 3219 2383 3288 μόνον
2413 3219 2541 3287 ὅρον
2575 3220 2673 3288 τῆς
2725 3219 2968 3281 πίστεως
2995 3218 3106 3272 τῶν
3148 3223 3256 3288 τιη¹
3309 3217 3488 3286 ἁγίων
3519 3215 3780 3284 Πατέρων.

2231 3312 2294 3364 Ἥ
2331 3311 2441 3380 γὰρ
2471 3309 2714 3378 παναγία
2762 3311 2947 3380 μήτηρ
2980 3309 3134 3380 ὑμῶν
3186 3311 3220 3380 ή
3265 3309 3570 3379 Ἐκκλησία
3609 3307 3697 3361 καὶ
3719 3305 3785 3367 ὡς

2219 3404 2478 3472 γνησίους
2497 3403 2642 3472 ὑμᾶς
2665 3403 2817 3466 υἱοὺς
2845 3401 3208 3472 ἀπεκδέχεται
3230 3402 3684 3472 περιπτύξασθαι,
3703 3401 3786 3450 καὶ

2220 3495 2312 3562 τῆς
2375 3495 2600 3564 χρονίας
2654 3495 2747 3546 καὶ
2801 3493 3061 3561 γλυκείας
3097 3493 3252 3562 ὑμῶν
3301 3495 3562 3563 ἐπιθυμεῖ
3614 3489 3785 3559 φτινῆς

2219 3587 2620 3662 ἀκροάσασθαι.
2685 3584 2967 3650 Ἐπείξατε
3019 3586 3111 3640 οῦν
3162 3587 3434 3650 ἑαυτούς·
3468 3586 3638 3638 ταῦτα
3686 3582 3784 3649 γὰρ

2220 3678 2524 3745 ποιοῦντες,
2550 3680 2646 3731 καὶ
2692 3681 2792 3747 τὴν
2827 3677 2923 3730 τοῦ
2974 3679 3246 3732 Δεσπότου
3279 3679 3374 3730 καὶ
3425 3678 3668 3746 Σωτῆρος
3699 3671 3786 3724 καὶ

2215 3767 2352 3822 Θεοῦ
2376 3769 2536 3837 ἡμῶν
2572 3769 2749 3840 Ὶησοῦ
2786 3769 3026 3840 Χριστοῦ
3072 3771 3366 3838 εὐμένειαν
3399 3769 3534 3838 πρὸς
3565 3762 3783 3822 ἑαυτοὺς

529 3872 694 3911 unam
738 3868 795 3913 et
824 3858 997 3913 solam
1024 3867 1402 3913 trecentorum
1438 3858 1630 3912 decem
1659 3867 1716 3912 et
1743 3866 1867 3912 octo
1893 3865 2109 3913 sancto-

2219 3858 2604 3926 ἐφελκύσεσθε,
2663 3861 2757 3912 καὶ
2809 3860 2964 3930 παρὰ
3029 3863 3130 3929 τῆς
3184 3862 3462 3931 ἡμετέρας
3521 3855 3785 3929 βασιλείας

529 3965 652 4003 rum
692 3949 920 4004 Patrum
955 3948 1320 4019 professionis
1355 3946 1480 4002 ﬁdei
1533 3947 1939 4002 definitionem.
1996 3947 2112 4016 Ipsa

526 4043 676 4095 enim
735 4042 1085 4097 sanctissima
1138 4052 1316 4095 mater
1363 4050 1547 4095 vestra
1607 4039 1878 4104 Ecclesia,
1917 4055 2017 4094 vos
2055 4048 2114 4093 ut

527 4149 822 4200 germanos
852 4135 1183 4202 nativosque
1219 4133 1386 4198 filios,
1419 4131 1775 4187 circumfusis
1804 4130 1950 4185 ulnis
1989 4145 2109 4184 am-

527 4229 688 4294 plecti
724 4228 1026 4291 desiderat,
1069 4225 1232 4295 677
1271 4237 1326 4279 et
1378 4241 1602 4278 suavem
1639 4235 1877 4278 vestram
1912 4237 2105 4276 vocem

2217 3951 2668 4022 ὲπαινεθήσεσθε.
2715 3971 2734 4004 ι
2766 3944 2868 4004 Ὧν
2901 3951 2964 4016 δὴ
2992 3953 3338 4022 γραμμάτων
3370 3947 3784 4019 ἀνεγνωσμένων

2215 4046 2264 4097 οἰ
2295 4047 2393 4113 τῆς
2431 4045 2786 4114 Ἀλεξάνδρου
2816 4043 3017 4104 πάντες
3043 4043 3253 4114 ῆνωντο
3284 4046 3351 4114 τῇ
3383 4045 3517 4113 ἁγίᾳ
3535 4035 3781 4102 καθολικῇ

2221 4136 2316 4187 καὶ
2371 4133 2705 4205 άποστολικῇ
2740 4135 3061 4206 Ἐκκλησία,
3110 4138 3181 4188 τά
3225 4135 3283 4186 ὲν
3335 4137 3486 4206 μέσῳ
3525 4130 3699 4187 σκῶλά
3731 4143 3782 4180 τε

2222 4224 2316 4277 καὶ
2349 4224 2757 4292 προσκόμματα
2790 4224 3122 4286 διαλύοντες.

527 4320 830 4389 aliquando
865 4320 1092 4373 tandem
1125 4316 1320 4370 audire
1392 4318 1564 4386 cupit.
1622 4316 1812 4384 itaque
1889 4329 1990 4368 vos
2047 4315 2197 4383 ipsos
2237 4315 2465 4371 incitate
2497 4324 2662 4386 atque
2712 4326 2926 4385 urgete.
2957 4317 3114 4382 Quod
3154 4318 3200 4370 si
3233 4318 3497 4381 feceritis,
3536 4324 3647 4371 tum
3686 4313 3785 4366 Do-

529 4415 663 4469 mini
716 4423 769 4466 et
807 4411 1122 4466 Servatoris
1148 4418 1206 4463 et
1236 4409 1332 4463 Dei
1364 4411 1543 4463 nostri
1581 4408 1709 4463 Jesu
1739 4407 1946 4463 Christi
2027 4406 2424 4478 benignitatem
2499 4411 2658 4464 vobis
2723 4410 2856 4480 ipsis
2888 4411 3278 4477 conciliabitis,
3320 4421 3434 4465 tum
3497 4411 3566 4466 ab
3627 4411 3788 4476 impe.

531 4510 652 4563 riali
703 4515 893 4560 nostra
935 4501 1301 4574 amplitudine
1337 4501 1554 4555 laudem
1592 4502 1852 4556 eximiam
1883 4499 2096 4556 feretis.
2143 4518 2162 4552 ι
2211 4500 2426 4566 Quibus
2460 4500 2667 4556 litteris
2693 4502 2867 4568 lectis,
2909 4504 3266 4558 Alexandrini
3295 4505 3539 4560 universi
3595 4513 3787 4558 sancta:

529 4601 818 4656 catholicae
864 4606 922 4652 et
968 4596 1286 4666 apostolicae
1314 4595 1582 4650 Ecclesiae
1653 4594 1939 4664 conjuncti
2005 4592 2259 4663 unitique
2293 4605 2470 4650 sunt:
2507 4606 2562 4650 et
2615 4613 2965 4668 quaecunque
3010 4599 3065 4654 in
3113 4599 3301 4655 medio
3373 4599 3528 4655 fuere
3568 4596 3785 4654 offendi-

530 4697 652 4749 Cula
679 4703 735 4748 et
770 4691 1186 4762 impedimenta,
1221 4688 1516 4742 sustulere.

601 4900 676 4971 (l)
715 4898 894 4954 Unum
937 4893 1286 4971 solummodo
1318 4892 1599 4971 Christum
1631 4889 1725 4943 Dei
1763 4888 1946 4971 ξριτιξ
1974 4889 2111 4971 γοτ-
2146 4876 2189 4932 Ῑ)
2219 4898 2338 4971 erat
2376 4887 2466 4969 illa
2515 4890 2821 4971 susceptio,
2847 4904 2975 4971 qure
3013 4889 3196 4971 \Deu'm
3245 4889 3529 4942 hominem
3566 4887 3788 4971 faceretg

529 4959 669 5026 bu‘m'
693 4984 816 5022 eum
853 4967 1074 5035 propria
1112 4979 1279 5035 carne
1311 4962 1718 5035 cognoscimus.
1757 4960 1998 5035 (Cyri_ll.)
2217 4971 2273 5014 et
2299 4960 2579 5014 hominem
2616 4962 2813 5035 Deum.
2842 4961 3114 5035 (Attg.)—
3138 4959 3308 5035 Virgo
3337 4975 3558 5035 carnem
3591 4959 3787 5035 Christi

601 5041 677 5108 (‘2)
706 5025 910 5092 Genu'it
938 5025 1004 5090 ex
1050 5051 1110 5108 s_e
1144 5034 1309 5108 Virgo
1339 5025 1572 5108 corpus,
1625 5029 1721 5108 sc_d
1765 5025 1914 5098 quod
1967 5025 2107 5108 eon-
2217 5046 2329 5083 non
2369 5033 2697 5108 pe_pet_-it__de
2739 5025 3313 5108 peccati'propagiiie.
3349 5031 3452 5108 (id.
3483 5046 3604 5108 sup“.
3631 5025 3786 5108 Joan-

529 5099 750 5176 cept'um
786 5113 934 5161 esset
965 5121 1030 5158 ex
1063 5099 1293 5176 Spiritu.
1329 5101 1547 5176 (lltlar.)
1577 5127 1643 5138 —
1671 5099 1732 5176 l_u
1762 5111 1974 5176 natura:
2008 5103 2111 5176 hu:
2217 5109 2382 5176 tract.
2425 5099 2540 5176 79.)
2592 5099 2839 5176 Eri-enea
2877 5115 3008 5176 ergo
3034 5099 3233 5176 _fuerit
3268 5099 3791 5176 MagistriHSCItlen-E

530 5165 707 5233 manu:
738 5165 1303 5244 susceptic‘me'gratia
1334 5165 1740 5244 quodaunnodo
1783 5171 1860 5223 illi
1900 5171 2109 5224 homini
2216 5171 2418 5223 tiarum
2465 5165 2556 5222 illa
2606 5172 2706 5244 lib.
2743 5185 2824 5228 Ill,
2869 5165 2996 5244 dist.
3033 5168 3087 5230 5.
3130 5165 3405 5221 sententia
3443 5187 3456 5220 :
3517 5167 3657 5220 Sane
3694 5165 3790 5241 dici

533 5248 806 5302 naturalis
846 5237 989 5298 facta
1025 5237 1286 5312 estfquu:
1338 5237 1550 5312 nullum
1586 5254 1872 5312 peceatum
1921 5250 2112 5308 posset
2215 5246 2412 5308 potest,
2445 5248 2496 5291 et
2524 5243 2665 5312 credi
2697 5237 3120 5312 Oportet,‘ju.tta
3165 5250 3474 5312 sanctorum
3504 5237 3792 5312 attestatio-

532 5315 1054 5386 admittere.(Aug.)
1078 5307 2114 5386 EtGregor._Nauanz.Virginemma-
2216 5307 2297 5362 nis
2324 5307 3250 5386 convenientiam,ipsamlcumena
3289 5307 3460 5386 νει-ῳ)
3497 5307 3641 5386 prius
3679 5313 3792 5386 pec:

532 5399 671 5444 trem
707 5398 834 5440 ante
869 5377 1298 5454 conceptionem
1325 5383 1450 5436 Filii
1489 5383 1573 5435 sui
1611 5377 1887 5454 et_an_ima
1917 5390 2115 5454 ιιι-ουτ·
2216 5390 2335 5454 cato
2386 5378 2544 5447 fuisse
2590 5379 2912 5442 obnoxiam,
2961 5379 3100 5431 sicut
3152 5380 3362 5446 reliqua
3409 5377 3632 5446 Virginis
3669 5381 3790 5425 caro

534 5475 670 5529 pore
702 5456 929 5514 caelitus
980 5447 1383 5510 sanctificatum
1415 5468 1539 5506 esse
1586 5450 1828 5518 scripsit.
1870 5447 2114 5502 -Talis
2217 5449 2345 5518 fuit.
