4118 6466
501 356 602 420 liii

1687 352 2110 413 NICEPHORI
2147 353 2494 415 CALIJSTI
3626 357 3711 422 144

495 469 808 540 reperimus
835 485 849 522 :
883 466 939 521 in
977 467 1136 536 cujus
1160 463 1376 520 scilicet
1403 463 1746 536 professione
1775 465 2060 533 baptizati,

2170 466 2478 534 στεύσαμεν
2512 465 2606 519 καὶ
2640 466 2991 534 πιστεύομεν.
3035 466 3214 537 Ὅπερ
3261 468 3353 520 καὶ
3399 468 3711 525 ἐϐεϐαίωσαν

491 573 549 617 et
575 570 736 616 antea
767 559 1125 621 credidimus.
1157 567 1212 612 et
1239 571 1387 611 nunc
1416 572 1638 627 quoque
1674 557 1722 611 ei
1761 555 2058 610 credimus.

492 655 548 708 ld
581 653 726 723 quod
772 652 938 705 etiam
977 649 1413 719 comprobarunt
1456 657 1678 702 centum
1705 657 1762 702 et
1787 649 2063 718 quinqua-

491 746 640 814 ginta
673 741 848 795 sancti
879 741 1091 803 Patres,
1121 740 1212 808 qui
1237 738 1720 806 Constantinopoli
1750 738 2062 806 congregati

493 837 669 890 fuere.
702 834 892 902 Itaque
945 847 1070 886 cum
1121 833 1343 888 assidue
1394 831 1656 887 omnibus
1686 831 1740 885 in
1778 841 1928 885 recta
1977 830 2064 884 via

496 941 725 997 praeeas.
768 941 867 994 per
934 923 1194 978 unionem
1260 932 1505 978 sanctam
1567 923 1664 977 Dei
1728 921 2064 991 conjunxisti

495 1017 815 1082 licclesiam,
857 1025 912 1070 et
967 1016 1128 1070 nobis
1169 1017 1499 1072 certissimis
1553 1015 1892 1086 argumentis
1941 1029 2066 1083 per-

491 1109 737 1172 suasisti,
794 1106 932 1159 nihil
966 1121 1087 1160 esse
1121 1115 1310 1160 contra
1359 1106 1478 1162 haec
1508 1115 1690 1160 actum
1739 1105 1792 1159 in
1834 1104 2066 1159 sanctis-

496 1198 635 1252 sima
702 1196 1001 1251 universali
1067 1196 1278 1266 synodo
1337 1197 1684 1250 Chalcedone
1745 1196 2061 1262 celebrata;

496 1287 698 1355 quippe
725 1300 848 1354 quae
881 1299 1004 1338 cum
1035 1285 1240 1339 sanctis
1277 1284 1515 1338 Nica-nis
1548 1284 1803 1339 Patrihus
1834 1298 2066 1339 concor-

492 1378 606 1443 det,
662 1391 968 1445 eorumque
1022 1377 1307 1430 decretum
1357 1374 1670 1430 confirmet.
1718 1376 1786 1430 Et
1834 1390 1957 1428 cum
2006 1373 2065 1428 in

493 1471 634 1524 actis
681 1467 1233 1524 Clialcedoneusibus
1275 1467 1403 1520 novi
1453 1468 1590 1522 nihil
1643 1468 2063 1536 reperisscmus,

493 1569 693 1629 sponte
723 1567 910 1612 nostra
950 1558 1059 1612 illis
1084 1558 1426 1613 assensimus
1464 1566 1521 1613 et
1551 1559 1911 1614 credidimus.
1950 1559 2068 1614 Ca:-

495 1660 674 1703 terum
723 1650 994 1704 certiores
1025 1649 1152 1704 facti
1188 1665 1404 1715 sumus,
1437 1652 1735 1706 monachos
1774 1653 2064 1720 quosdam,

494 1741 586 1810 qui
618 1741 994 1810 coniunctioni
1027 1750 1230 1794 nostra:
1261 1739 1519 1795 fraterna:
1564 1742 1834 1807 invident,
1865 1742 1932 1796 de
1983 1743 2066 1796 in-

490 1830 655 1901 juriis
690 1830 1124 1899 criminibusque
1161 1830 1490 1898 quibusdam
1535 1831 1602 1884 ad
1652 1811 1750 1884 vos
1787 1833 2064 1898 retulisse,

494 1924 697 1992 quibus
729 1931 911 1976 tamen
945 1921 1023 1975 illi
1071 1937 1180 1975 non
1233 1923 1396 1977 facile
1441 1924 1792 1978 sanctitatem
1824 1934 2063 1979 vestram

494 2025 844 2081 permovere.
903 2009 1173 2078 Primum,
1219 2011 1368 2080 quod
1412 2012 1674 2082 reliquias
1707 2013 1826 2084 ejus
1876 2014 1971 2083 qui
2007 2015 2064 2068 in

494 2105 703 2160 sanctis
732 2115 817 2158 est
849 2103 1028 2159 Patris
1056 2106 1236 2158 nostri
1271 2105 1419 2160 beati
1447 2106 1852 2177 archiepiscopi
1879 2108 2065 2162 Timo-

494 2198 608 2252 thei
643 2199 696 2252 in
731 2199 914 2252 locum
952 2198 1120 2251 alium
1159 2197 1649 2252 transtulerimus:
1683 2199 1832 2268 quod
1857 2198 2062 2253 factum

491 2306 674 2360 neque
709 2291 823 2345 Deo
872 2291 1072 2359 placet,
1115 2305 1298 2358 neque
1335 2291 1552 2359 legibus
1580 2289 1860 2345 convenit.
1898 2289 2066 2361 679

494 2383 727 2446 Deinde,
777 2382 846 2436 ad
893 2381 1106 2437 crimen
1142 2382 1292 2436 aliud
1337 2382 1485 2452 quod
1537 2398 1647 2437 non
1700 2382 1972 2448 consistit,
2008 2391 2065 2439 et

493 2473 676 2542 priore
708 2473 804 2525 illo
831 2472 1082 2526 deterius
1105 2481 1208 2534 est,
1242 2485 1568 2540 pervenere.
1596 2472 1882 2537 Quomodo
1906 2487 2064 2527 nam-

491 2579 602 2634 que
659 2564 953 2617 anathema
994 2563 1226 2632 jaculari
1265 2563 1319 2616 in
1354 2572 1602 2617 sanctam
1641 2563 2063 2619 Chalcedonen-

491 2671 610 2711 sem
651 2654 922 2725 synodum
955 2654 1258 2724 potuimus.
1289 2654 1382 2708 cui
1417 2653 1783 2720 credidimus,
1812 2664 1868 2710 et
1896 2670 2060 2724 quam

490 2747 974 2802 confirmavimus?
998 2746 1116 2800 Non
1153 2745 1286 2801 latet
1313 2756 1496 2801 autem
1523 2747 1782 2816 pietatem
1817 2757 2060 2802 vestram

490 2839 679 2908 populi
732 2839 905 2892 nostri
951 2838 1141 2893 fervor
1185 2848 1244 2894 et
1289 2837 1507 2905 levitas,
1555 2845 1612 2892 et
1657 2839 2059 2895 monachorum

489 2933 658 2986 etiam
712 2931 778 2985 ad
823 2945 994 2984 novas
1025 2946 1114 2985 res
1148 2930 1519 3000 spectantium
1554 2938 1778 2988 motus:
1809 2933 1904 3000 qui
1933 2948 2059 2987 cum

494 3023 549 3076 iu
585 3024 770 3076 animo
803 3022 1062 3084 habeant,
1090 3038 1215 3076 cum
1245 3023 1578 3092 quibusdam
1609 3024 1857 3077 consulta
1890 3025 2060 3078 animi

2167 557 2217 608 oi
2244 555 2593 618 συνελθόντες
2635 557 2691 608 ἐν
2725 555 3290 610 Κωνσταντινουπόλει
3322 556 3463 624 ἅγιοι
3493 559 3710 627 Πατέρες

2171 649 2267 719 ρν’.
2296 649 2768 710 Ἀκαταπαύστως
2792 650 2972 702 τοίνυν
3024 650 3234 712 πάντας
3261 651 3487 719 ὁδηγῶν,
3514 651 3712 720 ἥνωσας

2167 741 2268 810 τὴν
2296 741 2459 807 ἁγίαν
2485 740 2578 794 τοῦ
2616 741 2753 794 Θεοῦ
2798 741 3151 812 Ἐκκλησίαν,
3200 742 3392 805 πείσας
3445 744 3584 811 ἡμᾶς
3635 727 3716 796 διᾶ

2171 831 2446 902 μεγίστων
2475 832 2913 901 ὑποδειγμάτων,
2947 833 3022 895 ὡς
3051 833 3206 886 οὐδέν
3236 835 3352 886 ἐστι
3384 835 3530 904 παρὰ
3557 835 3715 887 ταῦτα

2169 925 2560 994 πεπραγμένον
2590 926 2646 976 ὲν
2673 927 2735 994 τῇ
2785 927 3063 996 ἁγιωτάτῃ
3101 926 3195 978 καὶ
3223 926 3567 994 οίκουμενικῇ
3601 942 3718 978 συν-

2165 1014 2268 1081 όδῳ
2318 1017 2383 1085 τῇ
2437 1017 2492 1068 ἐν
2545 1013 2844 1085 Χαλκηδόνι
2907 1015 3196 1086 γενομένῃ,
3250 1015 3604 1086 συμφωνούσῃ
3635 1017 3720 1067 καὶ

2169 1106 2464 1178 βεδαιούσῃ
2501 1107 2569 1160 τὰ
2598 1110 2706 1168 τοῖς
2742 1111 2800 1160 ὲν
2854 1108 3062 1177 Νικαίᾳ
3096 1108 3270 1175 ἁγίοις
3301 1107 3590 1176 ηατράσιν.
3619 1107 3718 1158 Οὐ-

2166 1198 2256 1251 δὲν
2293 1199 2402 1268 γὰρ
2436 1198 2690 1267 εὑρόντες
2738 1199 2948 1262 καινὸν,
2992 1199 3293 1254 αὐτοτελῶς
3325 1201 3717 1267 συνεστήσαμεν

2167 1293 2264 1344 καὶ
2290 1291 2762 1361 πεπιστεύκαμεν.
2792 1291 3104 1359 Μεμαθήκα
3117 1308 3218 1360 μεν
3245 1291 3320 1353 δὲ,
3348 1291 3420 1354 ὣς
3449 1307 3585 1352 τινες
3633 1307 3718 1358 μο-

2169 1383 2441 1450 νάζοντες,
2471 1384 2790 1453 φθονοῦντες
2835 1387 2902 1454 τῇ
2955 1384 3112 1454 ἡμῶν
3147 1383 3487 1452 ἀδελφότητι,
3523 1385 3597 1446 εἰς
3627 1383 3720 1438 τὰς

2170 1475 2324 1544 ὐμῶν
2359 1477 2514 1538 ὁσίας
2549 1475 2719 1537 ἀκοὰς
2769 1477 3102 1545 εἰσήνεγκαν
3135 1474 3406 1545 λοιδορίας
3440 1475 3604 1536 τινάς,
3630 1474 3720 1524 οὐκ

2167 1565 2410 1635 εὐχερῶς
2446 1567 2792 1634 μεταγούσας
2823 1568 2901 1629 είς
2937 1566 3118 1636 λύπην
3149 1565 3247 1636 τὴν
3275 1564 3429 1636 ὑμῶν
3459 1564 3719 1632 ὁσιότητα.

2168 1657 2280 1709 Καὶ
2309 1657 2499 1726 πρῶτα
2533 1657 2654 1727 μὲν,
2682 1658 2756 1720 ὡς
2799 1658 2867 1710 τὰ
2895 1657 3125 1726 λείψανα
3166 1656 3262 1709 τοῦ
3293 1659 3352 1710 ὲν
3383 1655 3550 1724 ἁγίοις
3573 1655 3720 1724 ἡμῶν

2171 1744 2382 1812 Πατρὶς
2413 1746 2504 1797 τοῦ
2537 1745 2806 1814 μακαρίου
2851 1745 3280 1816 ἀρχιεττισκόπου
3309 1744 3569 1813 Τιμοθέου
3606 1760 3724 1812 μετ-

2169 1836 2483 1904 ηνέγκαμεν
2533 1840 2613 1898 εἰς
2651 1837 2840 1906 ἕτερον
2891 1838 3093 1890 ’τόπον⁹
3143 1839 3280 1902 ὅπερ
3337 1838 3566 1907 πρᾶγμα
3607 1834 3720 1887 οὐτε

2167 1927 2289 1998 Θεῷ
2321 1927 2443 1981 οὐτε
2474 1929 2662 2000 νόμοις
2695 1931 2908 2000 πρέπον
2940 1930 3057 1983 ὲστί
3080 1946 3095 1962 ⁶
3132 1930 3228 1983 καὶ
3261 1932 3354 1983 ἐπὶ
3401 1931 3605 1990 τούτοις
3649 1929 3721 1987 εἰς

2166 2021 2353 2092 ἕτερον
2386 2024 2768 2093 μετεπήδησαν
2794 2022 3095 2076 ἀσύστατον
3118 2023 3212 2076 καὶ
3239 2023 3502 2094 προτέρου
3531 2021 3718 2090 χεῖρον.

2169 2111 2294 2173 Πῶς
2323 2111 2432 2179 γὰρ
2463 2111 2886 2180 ἀναθεματίζειν
2922 2112 3142 2182 είχομεν
3194 2113 3296 2181 τὴν
3345 2113 3403 2165 ὲν
3434 2110 3721 2179 Χαλκηδόνι

2165 2203 2326 2269 ἁγίαν
2356 2201 2595 2269 σύνοδον,
2699 2203 3092 2266 πιστεύσαντες
3131 2204 3577 2274 ὲϐεόαιὼσαμεν;
3620 2203 3724 2255 Οὐκ

2165 2294 2416 2359 ἀγνοεῖτε
2462 2293 2540 2357 δὲ,
2570 2294 2690 2346 οὐδὲ
2723 2293 2917 2362 λέληθε
2947 2295 3048 2364 τὴν
3098 2295 3257 2364 ὐμῶν
3310 2295 3587 2363 θεοφιλίαν
3619 2294 3719 2346 τῶν

2168 2379 2298 2447 παρ’
2335 2381 2470 2449 ἡμῖν
2519 2381 2666 2434 λαῶν
2714 2384 2742 2434 ὁ
2795 2382 2958 2451 ζῆλος
3011 2382 3169 2453 καὶὴ
3223 2383 3592 2454 ἐλαφρία,καὶ
3626 2382 3725 2433 τῶν

2166 2471 2512 2541 νεωτερίζειν
2571 2473 2866 2527 ἐθελόντων
2920 2473 3297 2544 μοναζόντων·
3337 2476 3536 2538 οἵτινες
3579 2475 3726 2544 μελε-

2165 2564 2435 2632 τήσαντες
2484 2563 2599 2634 ἅμα
2653 2566 2795 2618 τισὶν
2846 2565 3199 2631 ἑθελοκάκοις
3248 2568 3345 2638 τῆς
3403 2565 3723 2639 Ἐκκλησίας

2165 2655 2569 2724 ἀποσκιρτῆσαι
2608 2656 2733 2720 τοὺς
2763 2657 2929 2720 λαοὺς
2958 2659 3216 2729 ἀποσπᾷν
3242 2657 3612 2730 ὲπιχειρούσιι
3639 2659 3725 2709 καὶ

2161 2744 2251 2798 διὰ
2283 2745 2391 2796 τῶν
2422 2744 2704 2814 ὑμετέρων
2753 2745 2930 2814 εὐχῶν
2987 2748 3344 2817 ἐσκεψάμεθα
3382 2748 3538 2816 λόγον
3576 2747 3725 2816 θερα-

2165 2837 2322 2899 πείας
2355 2835 2636 2904 ἐχόμενον,
2671 2837 2839 2906 μηδὲν
2872 2836 3179 2907 βλάπτοντα
3204 2838 3302 2910 τὴν
3332 2839 3497 2906 ἁγίαν
3521 2839 3724 2892 σύνκιεον

2162 2928 2264 2998 τὴν
2299 2929 2357 2980 ὲν
2390 2927 2696 2996 Χαλκηδόνι
2719 2943 2734 2959 ·
2781 2929 2988 2993 εἰδότες
3015 2929 3169 2983 οὐδὲν
3201 2931 3393 2984 καινὸν
3420 2932 3561 3001 ἔχειν
3596 2931 3723 2998 αὐτῇ

2164 3021 2558 3090 πεπραγμένον
2588 3020 2682 3071 καὶ
2717 3020 2855 3088 πρὸς
2909 3021 3284 3092 πεισμοσύνην
3317 3023 3430 3074 τῶν
3462 3024 3724 3091 ἀκεραίων

491 3114 863 3169 destinatione
911 3114 1183 3182 improbis
1219 3115 1290 3168 ab
1331 3114 1578 3168 Ecclesia
1613 3115 1852 3176 resilire,
1889 3131 2062 3188 popu-

2167 3114 2262 3168 xal.
2293 3112 2589 3180 ἀπολογίαν
2620 3113 2744 3174 τοὺς
2796 3113 3248 3177 ἐπισυνελθόντας
3283 3117 3443 3184 ἡμῖν,
3471 3117 3622 3168 τοῦτο
3648 3115 3727 3166 λέ-

490 3207 603 3260 lum
637 3221 824 3260 secum
857 3205 1096 3260 avellere
1129 3217 1422 3259 conantur.
1461 3206 1633 3261 Porro
1663 3208 1862 3260 vestris
1891 3208 2061 3277 adjuti

493 3295 776 3366 precibus,
837 3310 898 3349 re
943 3293 1273 3358 deliberata,
1335 3295 1606 3349 rationem
1662 3311 1784 3365 qua:
1850 3297 2059 3351 mederi

490 3389 635 3442 malo
687 3385 997 3441 imminenti
1036 3394 1246 3454 posset,
1298 3386 1634 3452 invenimus,
1683 3388 1822 3442 nihil
1860 3398 2062 3444 sanctae

486 3477 930 3535 Chalcedonensi
981 3478 1214 3548 synodo,
1249 3479 1304 3532 in
1347 3493 1454 3547 qua
1503 3477 1642 3532 nihil
1687 3480 1813 3533 novi
1853 3481 2062 3536 scimus

490 3587 616 3626 esse
644 3579 852 3636 actum,
881 3570 1263 3640 derogantem,
1290 3581 1457 3639 atque
1487 3580 1548 3624 ut
1578 3570 1917 3640 simplicibus
1941 3588 2063 3642 per-

489 3659 853 3714 suaderentus
911 3659 1231 3726 factumque
1289 3667 1539 3713 nostrum
1605 3658 2058 3726 defenileremus,

491 3751 818 3813 effecimus,
885 3758 946 3803 ut
999 3748 1069 3803 ab
1133 3749 1201 3803 iis
1257 3750 1353 3818 qui
1411 3750 1702 3804 nobiscum
1755 3760 2064 3807 conventus

491 3851 683 3908 agunt,
713 3840 816 3893 ista
849 3838 1194 3894 dicerentur.
1229 3838 1407 3908 Atque
1436 3840 1489 3892 in
1525 3854 1592 3894 eo
1626 3855 1749 3893 cum
1787 3839 1889 3894 toti
1915 3855 2064 3895 essc-

493 3946 650 3994 mus,
709 3945 836 3983 mox
896 3932 1063 3982 etiam
1116 3928 1520 3998 prohibuimus.
1576 3929 1883 3986 Certiorem
1929 3947 2062 3986 vero

491 4023 842 4078 sanctitatem
865 4029 1104 4074 vestram
1135 4019 1299 4084 facio,
1322 4035 1388 4073 ne
1414 4036 1562 4075 nunc
1592 4022 1816 4091 quidem
1846 4036 2062 4078 cessare

495 4130 592 4168 eos
623 4113 713 4181 qui
759 4127 977 4181 semper
1021 4110 1242 4174 ,zizania
1291 4111 1587 4175 seminaut,
1621 4112 1967 4166 monachos:
2007 4121 2064 4166 et

493 4217 758 4273 tanquam
792 4205 1162 4258 instrumenta
1203 4203 1306 4256 sibi
1339 4204 1618 4258 asciscere
1646 4205 1939 4272 quosdam,
1968 4204 2062 4272 qui

493 4297 829 4351 monasteria
885 4311 996 4350 non
1045 4295 1317 4361 incolunt,
1370 4294 1464 4348 sed
1521 4295 1724 4363 passim
1774 4304 2061 4362 vagantes,

494 4407 753 4448 rumores
772 4392 956 4446 varios
986 4399 1176 4446 contra
1203 4407 1305 4445 nos
1333 4399 1387 4444 et
1405 4388 1835 4444 ecclesiaSIicam
1857 4389 2062 4461 Christi

2165 3221 2283 3272 γειν
2317 3204 2724 3273 πεποιήκαμεν.
2755 3205 2863 3256 Καὶ
2900 3203 3057 3257 τοῦτο
3094 3205 3192 3274 μὲν
3225 3205 3398 3267 πολὺς
3427 3207 3727 3274 γενόμενος,

2165 3295 2372 3365 ταχέως
2404 3294 2656 3348 ἐκώλυσα
2685 3311 2700 3326 ο
2749 3295 3001 3366 γνωρίζω
3028 3296 3086 3348 δὲ
3134 3300 3198 3367 τῇ
3249 3297 3407 3367 ὑμῶν
3437 3299 3724 3369 ἁγιωσύνῃ,

2164 3387 2262 3440 καὶ
2295 3386 2460 3456 μέχρι
2489 3387 2583 3440 καὶ
2608 3387 2701 3439 νῦν
2731 3386 2790 3437 οὐ
2826 3386 3095 3441 παύονται
3133 3389 3185 3440 οι
3231 3389 3299 3441 τὰ
3350 3388 3564 3456 ζιζάνια
3588 3391 3728 3442 σπεί-

2168 3493 2351 3543 ροντες
2381 3477 2468 3528 ἀεὶ
2507 3476 2853 3546 μονάζοντες,
2900 3475 3114 3546 ὖργανα
3170 3479 3385 3546 ἑαυτοῖς
3436 3482 3730 3549 ἐγκαταμί-

2166 3567 2358 3631 ξαντες
2390 3569 2550 3622 τινῶν
2581 3569 2926 3639 μοναστήριά
2972 3588 3104 3622 ποτε
3136 3572 3212 3642 μὴ
3241 3575 3598 3644 οἰκησάντων.
3628 3573 3730 3628 Καὶ

2165 3661 2551 3730 περιέρχονται
2607 3662 2802 3731 φήμας
2859 3662 3214 3732 θρυλλοῦντες
3268 3665 3559 3738 διαφόρους
3613 3663 3729 3720 καθ’

2165 3752 2348 3820 ἡμῶν,
2384 3754 2478 3803 καὶ
2527 3753 2670 3808 κατὰ
2710 3754 2806 3823 τῆς
2863 3755 3335 3826 ὲκκλησιαστικῆς
3363 3760 3459 3814 τοῦ
3503 3757 3727 3830 Χριστοῦ

2164 3844 2412 3912 εἰρήνης,
2445 3845 2535 3896 καὶ
2583 3845 2754 3914 μηδὲν
2809 3848 2955 3916 ἡμᾶς
2989 3846 3409 3918 συγχωροῦντες
3439 3841 3726 3912 κανονικῶς

2166 3936 2261 3987 καὶ
2291 3936 2608 4002 πρεπόντως
2647 3939 2714 4008 τῇ
2758 3939 2890 4007 ἁγίᾳ
2923 3939 3016 3993 τού
3047 3941 3180 3994 Θεοῦ
3209 3944 3475 4016 καθολικῇ
3510 3945 3726 4012 Ἐκκλη-

2168 4027 2259 4098 σία
2278 4030 2556 4096 πράττειν,
2576 4031 3094 4100 παρασκευάζοντες
3111 4036 3238 4099 τοὺς
3257 4053 3332 4088 πα
3342 4039 3391 4106 ρ’
3411 4040 3541 4108 ἡμῖν
3557 4038 3707 4094 λαοὺς

2169 4119 2372 4188 μᾶλλον
2421 4121 2614 4191 ἄρχειν
2665 4123 2857 4191 ἡμῶν,
2907 4125 3051 4193 ἤπερ
3095 4127 3380 4182 πείθεσθαι
3438 4131 3599 4202 ἡμῖν·
3644 4129 3729 4182 καὶ
3802 4158 3805 4161 -

2167 4211 2382 4263 θέλουσι
2419 4216 2612 4276 ποιεῖν,
2643 4215 2744 4266 ὅσα
2777 4215 2852 4284 μὴ
2889 4217 3091 4284 πρέπει
3126 4219 3267 4288 Θεῷ.
3318 4222 3655 4291 Πιστεύομεν
3677 4222 3728 4273 δὲ

2165 4303 2240 4364 ὡς
2269 4305 2302 4373 ἡ
2335 4304 2490 4370 ὐμῶν
2524 4305 2799 4376 ἁγιωσύνη
2829 4307 3034 4371 διδάξει
3084 4310 3264 4364 πάντα
3316 4313 3409 4366 τὸν
3463 4315 3728 4367 θειότατον

2165 4393 2434 4463 δεσπότην
2471 4395 2570 4464 τῆς
2603 4397 2930 4468 οἰκουμένης
2950 4413 2965 4429 ’
2997 4401 3090 4452 καὶ
3129 4406 3561 4472 παρασκευάσει,
3593 4404 3729 4457 ὥστε

494 4501 687 4554 pacem
738 4493 796 4540 et
827 4485 1282 4554 tranquillitatem
1320 4493 1586 4554 Spargant
1618 4499 1632 4536 :
1675 4498 1855 4550 neque
1886 4484 2062 4548 nobis,

2170 4485 2340 4537 τύπον
2369 4485 2552 4548 αὐτοῖς
2583 4482 2996 4558 παρασχεθῆναι
3040 4492 3190 4560 παρὰ
3219 4493 3319 4562 τῆς
3368 4496 3535 4548 αὐτοῦ
3565 4495 3728 4562 γαλη-

497 4594 596 4647 pro
623 4593 689 4632 eo
720 4587 884 4647 atque
921 4577 1099 4638 decet,
1150 4577 1421 4630 canonice
1455 4575 1752 4644 quidquam
1784 4575 1838 4627 in
1870 4584 2059 4627 sancta

494 4671 588 4723 Dei
622 4669 895 4723 catholica
931 4667 1174 4723 Ecclesia
1213 4668 1394 4721 facere
1426 4666 1778 4736 permittunt,
1817 4665 2062 4735 illudque

2164 4576 2407 4644 νότητος,
2435 4577 2503 4628 τὰ
2537 4577 2730 4630 δέοντα
2768 4581 2898 4650 περὶ
2946 4583 3044 4651 τῆς
3095 4584 3561 4656 ὲκκλησιαστικῆς
3589 4588 3729 4656 εἰρή-

2165 4683 2261 4732 νης
2293 4670 2609 4738 πρεπούσης
2639 4670 2760 4739 Θεῷ
2782 4687 2842 4723 τε
2877 4674 2970 4726 καὶ
3003 4673 3240 4743 βασιλεῖ,
3271 4677 3415 4731 ὥστε
3450 4680 3652 4737 πάντας
3678 4681 3729 4729 ἐν

494 4761 692 4815 scdulo
727 4770 918 4830 agunt,
958 4769 1018 4812 ut
1056 4759 1221 4813 nobis
1260 4759 1496 4828 populus
1527 4757 1618 4811 hic
1660 4759 1846 4826 potius
1893 4757 2062 4826 impc-

2166 4757 2374 4821 τούτοις
2407 4761 2819 4825 κατευνάζειν.»
2849 4763 3012 4818 Ἀλλὰ
3052 4766 3278 4821 τοιαῦτα
3309 4770 3410 4837 μὲν
3432 4773 3459 4824 ό
3482 4773 3730 4841 κόθορνος

497 4863 603 4915 ret,
637 4867 798 4921 quam
833 4859 1042 4919 pareat,
1087 4860 1143 4905 et
1174 4851 1358 4904 omnia
1408 4850 1733 4913 moliuntur,
1775 4863 1896 4918 quas
1946 4848 2062 4904 Deo

2166 4850 2370 4921 Πέτρος
2422 4851 2610 4914 δολίως
2659 4855 2902 4927 Ἀκακίῳ
2957 4859 3305 4929 ἐπέστελλεν,
3359 4865 3601 4935 ἀσταθὴς
3637 4862 3728 4931 τὴν

494 4945 719 5012 indigna
751 4951 913 5008 sunt,
946 4949 1001 4995 et
1035 4942 1294 4995 indecora
1332 4941 1515 4997 facere
1552 4941 1798 4995 student.
1832 4941 1906 4995 De
1937 4955 2062 4995 san-

2166 4944 2390 5014 γνώμην
2420 4945 2495 5000 ὢν
2531 4949 2626 5000 καὶ
2653 4951 3009 5019 παλίμϐολος.

494 5041 682 5091 ctitate
717 5049 900 5089 autem
935 5043 1118 5088 vestra
1153 5036 1313 5091 nobis
1345 5035 1764 5105 persuademus,
1797 5050 1921 5090 eam
1947 5034 2132 5089 omnia
2165 5039 2229 5090 ad
2259 5039 2689 5094 sacratissimum
2722 5043 2874 5097 orbis
2911 5055 3183 5100 terrarum
3219 5047 3502 5103 dominum
3535 5048 3728 5102 relatu-
3783 5033 3792 5038 ’

486 5145 630 5192 ram,
693 5136 1122 5195 euratnramque
1175 5143 1319 5189 esse.
1392 5141 1450 5183 ut
1521 5128 1852 5183 constitutio
1898 5142 1928 5180 a
2009 5129 2307 5184 serenitate
2341 5131 2461 5201 ejus
2509 5133 2730 5201 edatur,
2786 5135 2840 5189 in
2884 5151 2993 5206 qua
3037 5139 3105 5193 de
3157 5141 3535 5196 ecclesiastica
3578 5152 3725 5208 pace.

487 5239 554 5277 ea
595 5235 717 5289 qua?
750 5230 804 5272 et
836 5217 1010 5270 Deum
1080 5222 1261 5288 ipsum
1302 5231 1358 5276 et
1408 5222 1793 5290 imperatorem
1879 5217 2130 5284 deceant,
2171 5230 2230 5273 et
2289 5220 2346 5273 in
2407 5224 2610 5289 quibus
2668 5239 2863 5280 omnes
2918 5230 3269 5298 acquiescant
3300 5271 3313 5292 ,
3366 5232 3664 5300 prmcipiat.
3701 5246 3720 5277 ι

487 5318 668 5381 Atque
728 5309 846 5364 haec
909 5309 1215 5367 cothurnus
1283 5313 1371 5367 ille
1441 5312 1673 5376 Petrus,
1743 5311 1912 5365 homo
1972 5307 2291 5364 inconstans
2370 5324 2434 5366 et
2487 5325 2770 5383 versutus,
2857 5319 3241 5377 fraudulenter
3325 5324 3394 5376 ad
3475 5322 3725 5376 Acacium

484 5401 732 5470 scripsit.
