4118 6466
429 392 527 456 li?

1613 401 2038 463 NiCEPllORI
2081 404 2429 465 CALHSTI

3586 396 3608 463 i
3620 398 3683 461 :13

422 503 669 568 litteras,
705 502 908 573 quibus
948 503 1101 559 illum
1152 502 1222 559 de
1277 504 1486 576 synodo
1538 506 2001 574 Clialced‘oneusi,

2110 530 2254 565 νωνα
2292 511 2644 582 διεπέμπετο,
2685 508 2828 580 ὑπὲρ
2873 525 2933 560 τε
2985 508 3084 577 τῆς
3135 507 3194 561 ὲν
3224 506 3533 578 Χαλκηδόνι
3566 526 3684 562 συν·

420 604 473 647 ct
503 594 571 649 de
600 610 663 649 ea
713 610 879 665 quam
913 596 969 651 in
1002 595 1187 651 Africa
1224 596 1573 652 Honorichus
1599 600 1994 668 concitaverat,

423 688 815 753 persecutione
848 686 1185 743 admonebat
1230 688 1330 759 (l).
1366 688 1510 755 Quin
1548 698 1606 745 et
1636 690 1703 745 ad
1737 691 1999 747 Acacium

422 777 669 847 scripsit,
724 778 1019 833 maximam
1072 789 1587 856 eum‘novatarum
1634 781 1691 835 in
1754 782 2000 837 Ecclesia

421 884 607 922 rerum
637 883 859 924 causam
892 884 1017 926 esse
1039 870 1254 926 dicens.
1282 870 1434 927 Zeno
1465 872 1657 927 eadem
1685 888 1808 943 quae
1839 882 2000 927 antea

421 960 588 1015 Felici
642 961 949 1032 rescripsit,
1026 962 1293 1019 Joannem
1371 965 1583 1020 scilicet
1659 965 1860 1019 frustra
1919 963 2001 1020 illi

369 1068 381 1074 ί
421 1054 729 1109 molestiam
752 1055 1040 1123 exhibere,
1067 1057 1161 1126 qui
1191 1055 1621 1127 haudquaquam
1651 1072 1709 1111 se
1740 1057 2001 1112 thronum

419 1143 681 1203 Ecclesia:
706 1145 1090 1202 Alexandrinae
1111 1150 1539 1203 conscensurum
1567 1161 1687 1202 esse
1708 1148 1999 1218 juraverit,

418 1237 791 1308 jurisjuraudi
834 1240 1162 1310 religionem
1189 1240 1436 1306 violarit,
1477 1240 1865 1319 episcopatum.
1904 1253 2002 1309 per

425 1330 780 1401 sacrilegium
830 1332 1173 1403 arripuerit,
1224 1343 1282 1390 et
1352 1335 1460 1389 alia
1516 1333 1702 1404 gravia
1756 1333 2001 1387 facinora

422 1441 449 1473 ει
478 1423 730 1478 ἔιηίιιετίι.
763 1424 876 1481 Nec
896 1424 1119 1482 Petrum
1148 1425 1418 1497 Moggum,
1449 1426 1813 1496 inquisitione
1848 1425 2003 1479 nulla

422 1525 702 1581 praeeunte
725 1517 795 1573 ad
818 1516 1005 1574 sedem
1034 1519 1364 1588 pervenisse,
1394 1519 1490 1575 sed
1519 1519 1667 1574 illum
1689 1518 2005 1588 priusquam

421 1619 546 1658 eum
605 1608 926 1678 acceperit,
970 1610 1230 1665 manibus
1296 1610 1413 1666 suis
1462 1610 1589 1665 ﬁdei
1658 1608 2004 1665 Nietenorum

423 1696 651 1761 Patrum
686 1715 852 1767 quam
902 1702 1283 1772 comprobarit
1327 1701 1726 1772 subscripsisse
1772 1717 1787 1753 :
1844 1700 2005 1770 cujus

425 1784 549 1839 fidei
579 1788 822 1859 vestigiis
880 1788 1347 1848 Chalcedonensis
1376 1794 1540 1848 etiam
1574 1790 1821 1862 synodus
1860 1789 2009 1845 inni-

2101 604 2223 656 όδου
2252 602 2703 671 διαγορευούσας,
2742 600 2824 653 ἔτι
2853 600 2910 654 δὲ
2951 601 3046 653 καὶ
3096 600 3226 670 περὶ
3272 601 3367 654 τοῦ
3399 601 3543 653 κατὰ
3586 600 3685 669 τὴν

2101 690 2368 764 Ἀφρικὴν
2400 692 2665 762 διωγμοῦ,
2696 693 2757 745 δν
2800 691 3095 762 Ὀνὼριχος
3125 691 3389 763 ἔπραττε.
3420 690 3536 745 Nai.
3570 691 3683 762 μὴν

2102 785 2199 837 καὶ
2248 783 2387 855 πρὸς
2420 784 2679 837 Ἀκάκιον
2716 783 2989 848 ἔστελλεν,
3017 783 3365 839 αἰτιώτατον,
3394 782 3504 837 τῶν
3543 783 3687 836 κατά

2102 875 2201 946 τὴν
2241 875 2575 946 Ἐκκλησίαν
2616 874 3088 946 νεωτερισθέντων
3136 876 3347 930 ἐκεῖνον
3400 873 3541 928 εἶναι
3592 873 3684 926 λέ-

2104 980 2239 1033 γων.
2277 965 2421 1035 Πρὸς
2458 964 2603 1034 ἆπερ
2630 965 2792 1018 πάλιν
2835 966 2863 1017 ό
2908 965 3098 1035 Ζήνων
3159 964 3230 1017 τά
3264 964 3357 1018 ἷσα
3400 966 3515 1027 τοῖς
3544 963 3683 1033 πρό·

2102 1071 2259 1122 τερον
2285 1053 2741 1107 άνταπέστελλενο
2776 1054 2852 1117 ὡς
2892 1053 3002 1124 ἄρα
3047 1054 3314 1123 ὲπικενῆς
3358 1052 3684 1125 διαταράξοι

2103 1144 2291 1198 τοῦτον
2322 1148 2350 1201 ό
2386 1145 2664 1216 Ἰωάννης,
2706 1145 2931 1216 μηδαμῆ
2964 1145 3236 1217 μηδαμῶς
3265 1145 3684 1217 ἐπομοσάμενος

2105 1237 2195 1291 διὰ
2235 1238 2331 1291 τοῦ
2377 1238 2573 1310 θρόνου
2631 1240 2888 1311 παριέναι
2942 1239 3043 1307 τῆς
3074 1238 3454 1308 Ἀλεξάνδρου·
3503 1256 3683 1309 παρα-

2107 1330 2267 1399 δῆναι
2297 1330 2354 1382 δὲ
2381 1333 2509 1392 τοὺς
2547 1332 2747 1402 ὅρκους
2793 1333 2888 1384 καὶ
2942 1331 3294 1402 ἱεροσυλῆσαι
3318 1333 3413 1385 τδν
3462 1330 3676 1402 θρόνον,

2107 1423 2202 1474 καὶ
2234 1423 2410 1487 ἄλλως
2441 1425 2509 1477 τὰ
2544 1423 2807 1478 πάνδεινα
2840 1422 3434 1492 διαπράξασθαι.Ἀλλα
3461 1424 3554 1477 καὶ
3589 1424 3682 1477 τὸν

2108 1517 2332 1587 Μογγὸν
2376 1519 2586 1590 Πέτρον
2643 1519 2717 1589 μή
2786 1535 2934 1581 τινος
2993 1518 3123 1572 ἄνευ
3160 1517 3398 1588 βασάνου
3446 1519 3542 1571 ἐπὶ
3586 1518 3682 1572 τὸν

2111 1609 2303 1681 θρόνον
2358 1610 2559 1663 ἐλθεῖν·
2619 1611 2779 1680 χερσὶ
2822 1610 2868 1664 δ’
2894 1611 3130 1674 οἰκείαις
3163 1611 3431 1682 πρότερον
3476 1609 3682 1681 ὑποση-

2114 1704 2452 1773 μηνάμενον,
2493 1701 2594 1771 τὴν
2622 1702 2807 1755 πίστιν
2838 1700 2947 1754 τῶν
2988 1703 3046 1754 έν
3076 1700 3285 1771 Νικαίᾳ
3315 1700 3681 1754 συνελθόντων

2113 1795 2375 1867 Πατέρων
2420 1794 2695 1865 δέχεσθαι·
2742 1788 2905 1871 ᾗκαὶ
2953 1795 2988 1865 ἡ
3040 1796 3098 1849 ὲν
3128 1795 3435 1864 Χαλκηδόνι
3464 1792 3681 1853 σύνοδος

424 1880 593 1933 tatu’r.
653 1880 791 1937 lllud
842 1898 1066 1954 quoque
1117 1882 1304 1939 verbis
1343 1883 1496 1939 hisce
1520 1883 1669 1939 Zeno
1723 1882 1943 1953 scripsit
1985 1898 1997 1935 :

2110 1887 2232 1941 κατ’
2264 1889 2411 1959 [χνος
2448 1886 2861 1956 ἐπηκολούθησε
2887 1925 2903 1951 ,
2956 1887 3052 1940 καὶ
3109 1884 3266 1939 ταῦτ’
3304 1885 3401 1938 ἐπὶ
3437 1885 3683 1956 ῥήματος

428 1987 455 2037 ε
487 1969 661 2027 Debes
687 1984 844 2030 certo
889 1990 1251 2046 cognoscere,
1282 1987 1339 2032 et
1379 1984 1623 2033 nostram
1656 1975 1919 2048 pietatem
1949 1986 2005 2031 et

422 2061 644 2117 Petrum
675 2066 1114 2137 sanctissimum,
1136 2069 1205 2125 de
1240 2085 1349 2139 quo
1376 2077 1508 2126 ante
1548 2069 1763 2124 dictum
1788 2076 1893 2131 est,
1949 2075 2006 2123 et

421 2169 618 2210 omnes
671 2159 1052 2216 sanctissimas
1090 2162 1359 2218 ecclesias
1419 2163 1672 2233 recipere
1720 2171 1776 2218 ct
1822 2161 2005 2218 colere

420 2244 928 2306 Chalcedonensem
1000 2261 1247 2309 sanctam
1315 2254 1623 2325 synodum.
1687 2267 1810 2323 quae
1876 2267 2004 2328 eum

425 2341 773 2408 professione
824 2342 953 2398 ﬁdei
995 2342 1232 2402 Nicaeme
1280 2345 1492 2415 synodi:
1521 2343 1845 2401 concordat.
1890 2362 1907 2395 ο
1947 2342 2004 2399 ln

426 2448 614 2488 rerum
665 2435 901 2490 istarum
961 2436 1125 2501 actis,
1191 2436 1313 2505 ejus
1378 2451 1542 2507 quem
1591 2435 2005 2492 nominavimus

424 2524 638 2595 εισι-ΗΠ,
674 2527 1021 2597 aliarumque
1074 2526 1130 2582 in
1172 2527 1309 2582 urbe
1362 2525 1638 2597 imperiali
1691 2526 2007 2581 archiman-

424 2617 719 2682 drilarum,
752 2628 917 2688 atque
943 2620 1105 2676 etiam
1139 2618 1410 2690 Egyptian
1437 2619 1691 2677 dioecesis
1717 2619 2007 2688 episcopo-

430 2728 549 2765 rum
587 2722 645 2767 et
686 2714 1041 2776 clericorum,
1073 2713 1140 2770 ad
1187 2713 1427 2770 Felicem
1456 2723 1648 2770 contra
1693 2715 1914 2771 Petrum
1950 2723 2009 2770 et

425 2821 524 2860 eos
553 2804 647 2875 qui
680 2822 804 2861 cum
836 2822 904 2862 eo
934 2805 1445 2875 eommunicabant,
1479 2806 1653 2861 veluti
1690 2807 2004 2874 hmreticos,

428 2898 569 2963 datm
595 2896 846 2967 epistolae
882 2898 1260 2967 reperiuntur.
1290 2894 1357 2952 Et
1406 2897 1662 2953 nonnulli
1697 2912 1765 2954 ex
1795 2897 2008 2953 Insom-

427 2991 581 3044 nium
615 2991 958 3047 monasterio
990 2988 1220 3045 Romam
1274 2990 1532 3061 profecti,
1564 2991 1710 3060 apud
1765 2989 2004 3045 Felicem

427 3087 495 3142 de
525 3084 733 3142 Miseno
754 3092 812 3140 et
838 3082 1006 3140 Vitali
1037 3087 1213 3152 questi
1243 3094 1395 3147 sunt,
1421 3082 1570 3153 quod
1601 3083 1666 3137 ad
1705 3083 2005 3138 adventum

430 3195 606 3247 usque
665 3192 862 3234 eorum
920 3175 1169 3247 Byzantii
1230 3174 1370 3231 clam
1440 3183 1498 3230 et
1578 3175 1793 3230 occulte
1855 3174 2001 3227 Petri

435 3287 635 3326 nomen
684 3270 738 3325 in
793 3269 968 3324 sacris
998 3267 1272 3323 codicillis
1324 3267 1545 3333 fuisset,
1599 3274 1765 3337 atque
1817 3282 1883 3320 ex
1936 3280 2004 3321 eo

433 3375 680 3431 tempore
713 3362 778 3416 ad
805 3376 932 3418 eum
969 3375 1147 3430 usque
1171 3359 1316 3414 diem
1351 3369 1523 3425 esset,
1548 3369 1605 3413 et
1628 3358 1776 3429 quod
1812 3374 2009 3429 propa-

426 3459 538 3513 lam
570 3457 833 3518 ferretur,
865 3463 1056 3510 contra
1086 3448 1328 3510 canones
1359 3452 1591 3509 Vitalem
1630 3460 1689 3507 et
1738 3452 2006 3507 Misenum

429 3566 555 3605 cum
600 3550 766 3605 Petro
802 3556 858 3602 et
891 3545 1091 3602 Acacio
1138 3544 1532 3601 commercium
1580 3553 1636 3600 et
1662 3546 2010 3601 communio-

434 3660 558 3697 nem
599 3641 828 3697 habere.
857 3640 1241 3711 [Egyptiorum
1274 3652 1498 3708 quoque
1532 3639 1783 3708 epistola:
1812 3638 2005 3710 eadem

431 3734 840 3804 signiﬁcabant.
929 3733 999 3788 Et
1075 3740 1367 3802 praiterea,
1448 3729 1718 3789 Joannem
1786 3729 2007 3799 quidem

432 3828 801 3887 orthodoxum
854 3840 1020 3892 esse,
1074 3833 1338 3895 recteque
1390 3823 1643 3887 sentire,
1704 3831 1761 3879 et
1820 3823 2008 3894 sedem

432 3923 738 3979 secundum
794 3935 1037 3978 canones
1099 3920 1422 3989 recepisse:
1487 3918 1711 3974 Petrum
1763 3927 2008 3975 autema

431 4018 649 4093 duobus
686 4024 899 4070 tantum
953 4013 1047 4083 qui
1102 4012 1353 4068 eamdem
1407 4027 1630 4081 pravam
1688 4010 2007 4082 opinionem

430 4111 604 4167 secuti
646 4110 904 4175 fuissent,
936 4108 1252 4163 ordinatum
1311 4121 1434 4161 esse
1481 4106 1849 4176 eumdemque
1887 4115 2010 4175 post

431 4205 662 4256 Joannis
694 4202 1002 4256 discessum
1035 4199 1174 4253 nihil
1210 4212 1394 4252 rerum
1436 4198 1684 4266 gravium
1744 4198 2011 4253 adversus

432 4295 779 4349 υνιιιοιίοιυε
807 4307 975 4363 agere
1021 4291 1408 4345 intermisisse.
1440 4291 1607 4360 682
1659 4290 1787 4345 llaec
1823 4291 2009 4345 omnia

430 4406 557 4439 cum
590 4385 826 4439 Aeacius
846 4399 911 4438 ex
941 4382 1023 4436 eis
1054 4380 1148 4450 qui
1173 4380 1494 4451 Byzantium
1529 4381 1701 4434 Roma
1724 4393 2009 4445 venerant,

429 4479 804 4543 rngttovisscl,
845 4489 1054 4536 tantum
1094 4482 1248 4535 abest
1277 4488 1334 4531 ut
1362 4478 1691 4532 auctoritate
1720 4493 1818 4532 sua
1851 4479 2013 4533 rebus

2107 1980 2422 2051 γεγραφώςο
2451 1999 2470 2031 ι
2516 1979 2787 2050 Ὀφείλεις
2820 1977 3083 2047 ἀσφαλῶς
3112 1977 3258 2047 ἔχειν
3289 1976 3383 2030 καὶ
3415 1976 3517 2048 τὴν
3548 1977 3685 2047 ἠμε-

2105 2073 2275 2141 τέραν
2318 2071 2605 2125 εὐσέϐειαν
2651 2071 2743 2124 τὸν
2799 2069 3165 2141 προλεχθέντα
3227 2068 3533 2137 ἁγιώτατον
3574 2067 3681 2122 Πέο

2108 2180 2240 2236 τρον
2314 2162 2410 2216 καὶ
2462 2164 2670 2236 πάσας⁴
2700 2161 2799 2225 τὰς
2846 2162 3164 2235 ἁγιωτάτας
3202 2162 3505 2232 ἐκκλησίας
3531 2162 3683 2231 δέχε-

2108 2253 2235 2307 σθαί
2288 2272 2346 2307 τε
2397 2256 2493 2308 καὶ
2525 2254 2727 2318 σέϐειν,
2785 2254 2879 2308 καὶ
2909 2253 3008 2324 τὴν
3059 2256 3117 2307 ὲν
3169 2253 3474 2320 Χαλκηδόνι
3520 2253 3685 2320 ἁγίαν

2109 2346 2351 2409 σύνοδον,
2384 2346 2508 2415 ἥτις
2541 2346 2777 2415 συνέστη
2818 2347 2886 2417 τῇ
2939 2348 3122 2399 πίστει
3145 2347 3211 2417 τῇ
3246 2346 3303 2400 ὲν
3329 2347 3395 2417 τῇ
3428 2344 3683 2399 Νικαέων

2110 2438 2336 2505 συνόδῳ.
2376 2456 2395 2490 ι
2428 2435 2508 2509 Τῇ
2540 2437 2598 2490 δὲ
2630 2436 2859 2509 τοιαύτη
2905 2435 3104 2507 πράξει
3151 2438 3246 2491 καὶ
3275 2436 3434 2491 ἄλλαι
3468 2438 3685 2489 ἐπιστο-

2107 2530 2197 2584 λαὶ
2246 2531 2342 2585 τοῦ
2402 2531 2807 2602 προειρημένου
2849 2530 3123 2602 Κυρίλλου
3175 2524 3533 2602 ιμφέρονται,
3587 2532 3684 2587 καὶ

2108 2623 2287 2678 ἄλλων
2311 2624 2411 2691 τῆς
2450 2624 2726 2694 βασιλίδος
2754 2622 3226 2695 ἀρχιμανδριτῶν,
3261 2624 3340 2677 ἔτι
3368 2623 3425 2677 δὲ
3458 2625 3687 2676 ἐπισκό-

2108 2736 2229 2772 πων
2281 2717 2375 2771 καὶ
2433 2716 2721 2788 κληρικῶν
2778 2717 2878 2788 τῆς
2923 2707 3307 2786 Αἰγυπτιακῆς
3357 2715 3683 2784 διοικήσεως

2109 2813 2246 2884 πρὸς
2273 2812 2487 2883 Φήλικα
2514 2813 2658 2865 κατά
2689 2793 2898 2882 Πέτρου
2930 2807 3274 2879 πεμφθεῖσαι
3306 2809 3404 2862 καὶ
3440 2807 3549 2860 τῶν
3566 2824 3684 2864 κοι-

2110 2904 2427 2959 νωνούντων
2469 2892 2756 2973 αύτῷίοῖα
2790 2900 3106 2971 αἱρετικῶνο
3150 2899 3246 2953 καί
3294 2916 3438 2962 τινες
3485 2898 3542 2953 δὲ
3588 2899 3687 2968 τῆς

2112 2998 2284 3066 μονῆς
2342 2996 2454 3048 τῶν
2505 2992 2858 3064 Ἀκοιμήτων
2927 2992 3228 3060 ἀφιγμένοι
3285 2991 3422 3062 πρὸς
3480 2991 3688 3061 Φήλικα

2074 3163 2079 3167 ρ
2108 3085 2401 3155 διήλεγξαν
2427 3086 2554 3148 τοὺς
2585 3087 2714 3155 περὶ
2748 3085 2993 3153 Μισηνον
3020 3100 3035 3114 ι
3070 3083 3145 3146 ὡς
3183 3085 3348 3154 μέχρι
3374 3084 3471 3152 τῆς
3506 3082 3688 3135 αἰτῶν

2110 3176 2348 3248 ἀφίξεως
2386 3180 2442 3242 ές
2487 3177 2785 3242 Βυζάντιον
2835 3182 3021 3248 κρύφα
3056 3195 3174 3240 πως
3216 3177 3311 3230 καὶ¹
3345 3177 3402 3229 ἐν
3438 3174 3688 3246 παραόύο

2114 3289 2223 3341 στῳ
2246 3271 2453 3342 Πέτρος
2478 3273 2591 3335 τοῖς
2624 3271 2790 3339 ἱεροῖς
2811 3270 3094 3340 διπτύχοις
3119 3270 3369 3339 ἐφέρετο·
3404 3269 3595 3321 ἔκτοτε
3630 3267 3688 3320 δὲ

2114 3366 2278 3434 μέχρι
2322 3365 2415 3419 τοῦ
2453 3363 2569 3427 νῦν,
2613 3363 2711 3419 καὶ
2748 3363 3058 3433 ἀναφανδὸν
3108 3349 3445 3434 περιᾴδεταιο
3489 3364 3690 3415 ἀκανο-

2112 3458 2308 3519 νίστως
2350 3456 2407 3509 δὲ
2436 3457 2561 3518 τοὺς
2597 3456 2727 3526 περὶ
2762 3456 3006 3523 Μισῆνον
3051 3455 3387 3524 κοινωνῆσαι
3418 3455 3530 3515 τοῖς
3560 3454 3690 3524 περὶ

2116 3551 2321 3618 Πέτρον
2349 3566 2403 3603 τε
2439 3551 2536 3602 καὶ
2565 3549 2850 3603 Ἀκάκιον.
2880 3548 2949 3602 Ai
2974 3549 3032 3603 δὲ
3067 3548 3178 3601 τῶν
3205 3547 3526 3616 Αἰγυπτίων
3565 3554 3691 3600 επι-

2114 3644 2321 3710 στολαὶ,
2362 3645 2459 3697 καὶ
2483 3641 2647 3696 αὗται
2678 3643 2745 3696 τά
2788 3641 3151 3712 παραπλήσια
3182 3639 3371 3708 ἔλεγον
3393 3656 3409 3670 ·
3452 3640 3546 3693 καὶ
3576 3640 3686 3693 ὄτι-

2114 3753 2220 3807 περ
2245 3737 2501 3806 Ἰωάννης
2527 3737 2628 3802 μὲν
2661 3735 2943 3805 ὀρθόδοξος
2981 3732 3079 3797 ὢν,
3119 3732 3261 3787 κατὰ
3292 3733 3527 3795 κανόνας
3561 3731 3687 3801 ἔσχε

2111 3828 2203 3882 τὸν
2230 3826 2443 3897 θρόνυν⁶
2478 3826 2507 3879 ὅ
2540 3842 2605 3893 γε
2663 3826 2770 3895 μὴν
2809 3826 3014 3892 Πέτρος
3063 3823 3168 3877 ὑπὸ
3215 3822 3311 3877 δύο
3364 3825 3461 3879 καὶ
3512 3821 3691 3891 μόνων

2113 3921 2517 3992 παραπλησίων
2562 3920 2712 3991 αύτῴ
2745 3919 2844 3988 τὴν
2900 3916 3222 3981 κακοδοξίαν
3254 3915 3687 3987 κεχειροτόνητο,

2112 4016 2210 4069 καὶ
2240 4014 2435 4083 ὅτιπερ
2475 4013 2614 4084 μετὰ
2642 4013 2741 4081 τὴν
2771 4009 3120 4081 ἀναχώρησιν
3142 4007 3394 4062 Ἰωάννου
3440 4007 3597 4060 οὐδέν
3636 4023 3691 4058 τι

2113 4100 2223 4157 τῶν
2252 4100 2442 4157 δεινῶν
2475 4100 2618 4153 κατὰ
2663 4101 2771 4152 τῶν
2817 4099 3115 4168 ὀρθοδρξων
3151 4099 3367 4152 ἐνέλιπε
3416 4096 3690 4165 γίνεσθαι.

2114 4193 2303 4248 Ταῦτα
2353 4192 2412 4246 δὲ
2461 4193 2641 4245 πάντα
2685 4191 2878 4261 μαθεῖν
2913 4191 3004 4243 τὸν
3057 4190 3313 4243 Ἀκάκιον
3345 4189 3501 4260 παρά
3529 4206 3692 4240 τινων

2115 4289 2172 4349 ἒς
2198 4284 2499 4349 Βυζάντιον
2527 4285 2869 4353 ἀφιγμένων·
2909 4284 3001 4335 τὸν
3039 4282 3097 4334 δὲ
3131 4286 3293 4351 μήτοι
3340 4299 3402 4349 γε
3434 4279 3689 4350 ἐμποδὼν

2116 4378 2459 4448 καταστῆναι
2485 4379 2815 4448 δυνάμενον,
2846 4375 2983 4430 ἀλλὰ
3034 4375 3130 4430 καὶ
3159 4376 3247 4445 ἐφ’
3280 4375 3456 4429 ἅπασι
3503 4391 3701 4443 συνερ-·

2116 4471 2214 4539 γδν
2246 4471 2607 4533 καθεστάναι,
2642 4471 2737 4525 καὶ
2771 4469 2959 4541 σχεδίαν
2995 4469 3209 4530 πάντας
3253 4466 3463 4537 βιάζειν
3496 4468 3693 4536 ἐκείνῳ

434 4570 773 4637 huiusmodi,
834 4585 958 4622 cum
1013 4569 1175 4627 facile
1214 4578 1422 4636 posset.
1474 4568 1892 4634 intercesserit,
1950 4577 2006 4621 ut

2118 4566 2419 4620 κοινωνεῖν.
2465 4565 2531 4616 'A
2586 4565 2651 4633 δὴ
2708 4565 2802 4617 ἐπὶ
2857 4562 3061 4629 μᾶλλον
3112 4561 3352 4632 αὐξῆσαι
3392 4563 3485 4614 καὶ
3516 4559 3692 4629 ἀληθῆ

431 4665 602 4717 mium
624 4662 1010 4719 administrent
1040 4678 1099 4716 se
1152 4661 1304 4719 Petri
1352 4660 1638 4715 actionum
1689 4661 2007 4730 praebuerit,

430 4769 478 4808 ci
520 4758 634 4809 fere
662 4768 852 4809 omnes
883 4769 1007 4808 cum
1035 4754 1130 4809 illo
1157 4754 1566 4812 communicare
1584 4754 1847 4823 coegerit.
1884 4753 2013 4820 Quae

374 4862 377 4867 ·
430 4847 616 4900 ιιιιιιιίέι
647 4848 895 4907 adauxit.
929 4856 985 4901 et
1021 4861 1152 4902 vera
1180 4861 1301 4901 esse
1339 4847 1687 4902 conﬁrmavit
1713 4847 2012 4917 Symeones

404 4940 522 4990 ‘iile
552 4957 618 4993 ex
663 4938 1015 4993 Insomuibus
1049 4938 1115 4992 ad
1148 4937 1393 4993 Felicem
1423 4937 1645 5003 missus,
1681 4938 1774 5009 qui
1820 4949 2011 5008 aperte

434 5034 477 5084 Μ
509 5048 705 5088 senum
739 5040 795 5086 et
825 5031 1059 5086 Vilalcm
1092 5030 1239 5101 quod
1281 5044 1407 5085 cum
1459 5031 1734 5086 hatretieis
1763 5046 2013 5085 eommu«

431 5128 716 5179 iurassent
776 5122 1060 5188 convicit,
1111 5124 1373 5194 quodque
1454 5124 1590 5193 ipsis
1648 5125 2012 5193 prteseutibus

433 5219 715 5288 propalam
756 5217 900 5272 Petri
935 5215 1135 5272 n'onwn
1162 5232 1229 5271 ex
1261 5216 1435 5271 sacris
1468 5216 1669 5271 tabulis
1698 5217 2013 5287 promulga-

436 5322 553 5364 tum
592 5320 759 5372 esset,
792 5320 917 5365 etim
951 5327 1020 5365 ne
1070 5326 1169 5379 per
1192 5320 1520 5380 pra-textum
1566 5311 1787 5380 quidem
1836 5311 2014 5379 gravi-

436 5415 519 5454 tt-r
580 5417 639 5455 se
717 5400 770 5453 id
833 5400 907 5454 illi
990 5401 1137 5457 ferre
1211 5401 1608 5456 ostendissent.
1665 5402 2013 5471 Quapropter

434 5495 661 5555 factum,
701 5502 761 5546 ut
790 5496 1045 5563 permulti
1083 5511 1147 5549 ex
1178 5495 1614 5565 simplicioribus
1636 5496 1704 5551 ab
1738 5496 2013 5551 haereticis

436 5585 648 5638 se-dutti
682 5584 815 5647 sint,
852 5587 945 5655 qui
980 5603 1008 5641 a
1041 5588 1281 5642 Romana
1332 5589 1497 5641 etiam
1546 5588 1677 5642 sede
1727 5600 2010 5657 receptum

433 5691 554 5727 τεκεῖν·
584 5677 807 5731 Petrum
849 5680 1130 5735 dixerunt.
1167 5680 1392 5735 Addidit
1435 5692 1489 5734 ct
1524 5682 1656 5736 illud
1687 5680 2012 5751 Symeones,

510 5795 583 5867 (1)
624 5795 973 5849 ilonoriciius
1016 5812 1106 5849 rex
1161 5796 1533 5850 Vandalurtim
1566 5799 1857 5867 plusquam
1902 5810 2013 5851 tre-

436 5865 611 5921 ειιςιζίδ
638 5868 857 5939 triginta
888 5880 1124 5939 quatuor
1155 5870 1361 5938 cpisco‘
1389 5871 1431 5921 is
1459 5870 1513 5923 in
1539 5865 1791 5924 eisilillm
1815 5870 2009 5932 pulsis.

2118 4650 2263 4709 εἶναι
2286 4653 2541 4723 ἐκύρωσε
2573 4654 2869 4725 Συμεὼνης
2899 4656 3103 4714 ἐκεῖνος
3128 4654 3158 4706 ὁ
3200 4654 3266 4706 ἐκ
3291 4653 3400 4705 τῶν
3424 4651 3685 4720 Ἀκοιμή-

2112 4768 2223 4805 των
2252 4750 2468 4813 σταλεὶς
2510 4749 2728 4820 Φήλικι’
2782 4747 3087 4816 ἀναφανδὸν
3140 4749 3251 4817 γὰρ
3286 4745 3537 4816 διήλεγξε
3568 4745 3693 4805 τοὺς

2115 4843 2247 4914 περὶ
2303 4844 2552 4914 Μισηνον
2601 4845 2713 4904 τοῖς
2754 4842 3063 4912 αἱρετικοῖς
3093 4841 3563 4914 κοινωνήσαντας.
3598 4830 3693 4898 Οἷς
3795 4895 3811 4903 _

2121 4936 2412 5006 παρόντων
2438 4936 2690 4999 ἐκείνων,
2719 4933 3023 5004 διαρρήδην
3051 4932 3113 4985 τὸ
3141 4933 3350 5004 Πέτρου
3376 4931 3549 4998 ὄνομα
3577 4930 3695 4990 ταῖς

2119 5031 2290 5100 ἱεραῖς
2336 5029 2548 5093 δέλτοις
2605 5027 2986 5098 ἀνεκηρύχθη,
3035 5025 3158 5096 μηδ’
3189 5028 3316 5079 ὅσον
3365 5027 3423 5077 ὲν
3453 5024 3695 5095 σχήματι

2119 5124 2284 5193 βάρος
2338 5140 2393 5176 τι
2450 5121 2933 5192 διασημηνάντων.
2982 5119 3172 5189 Ταύτῃ
3208 5134 3294 5170 τοι
3334 5117 3427 5169 καὶ
3462 5114 3693 5173 πολλοὺς

2115 5217 2225 5268 τῶν
2291 5215 2682 5283 ἁπλουστέρων
2732 5210 3154 5280 καθυπαχθῆναι
3221 5214 3334 5269 τοῖς
3390 5208 3693 5278 αἱρετικοῖς

2114 5308 2334 5373 λέγουσι
2372 5308 2464 5359 τὸν
2496 5305 2705 5374 Πέτρον
2749 5305 2853 5374 ἤδη
2906 5302 3228 5372 παραδοχῆς
3272 5302 3367 5354 καὶ
3421 5300 3559 5369 πρὸς
3603 5298 3696 5351 τοῦ

2126 5397 2349 5468 Ῥώμης
2381 5398 2574 5470 θρόνου
2632 5394 2957 5465 ἀξιωθῆναι.
2990 5393 3308 5463 Προσετίθει
3362 5391 3420 5444 δὲ
3475 5389 3701 5459 Συμεώ-

2117 5510 2236 5563 νης,
2260 5492 2357 5544 ’ὅτι
2412 5493 2510 5544 καὶ
2544 5490 2818 5561 διαφέρων
2860 5489 3170 5559 γενομένων
3208 5488 3495 5557 ζητήσεων
3518 5523 3532 5547 ,
3569 5486 3695 5545 τοῦς

2119 5589 2251 5656 περὶ
2284 5586 2531 5653 Μισῆνον
2574 5584 2649 5653 μή
2680 5601 2791 5635 τινι
2842 5582 2955 5635 τῶν
3007 5579 3308 5650 ὀρθοδόξων
3338 5580 3585 5647 ἐντυχεῖν
3611 5575 3700 5628 θε-

2119 5681 2303 5749 λῆσαι,
2355 5680 2386 5747 ἦ
2440 5678 2701 5732 ἀπόδοσιν
2755 5676 3090 5745 ποιήσασθαι
3146 5670 3589 5741 γράμματος,ή
3642 5685 3698 5720 τι

2119 5816 2185 5851 ro
2230 5798 2373 5862 quod
2427 5796 2662 5851 .\riauus
2711 5805 2880 5856 esset,
2935 5794 2988 5845 iu
3035 5791 3353 5847 Catiwlieos
3400 5784 3698 5842 admodum

2121 5870 2318 5923 bil'Vlll.
2350 5867 2548 5926 tDiac.)
