4118 6502
441 373 544 443 149

1352 371 1954 435 ΕΕΕΕΕΞΙΑΒΤΙΟᾸΞ
1996 374 2388 436 HiSTOlllE
2426 375 2580 436 LIB.
2620 374 2787 435 XVI.

3615 373 3721 435 Ῑῖιθ

438 486 549 540 τῶν
598 464 739 538 κατᾶ
786 486 886 554 τῆς
940 483 1237 557 θρησκείας
1286 487 1764 558 νεωτεριζομένων
1806 488 2027 558 ὲξτκρι-

2134 506 2256 545 cum
2336 491 2506 545 variae
2572 489 2908 560 quastiones
2973 485 3347 553 inmedium
3435 486 3721 557 productae

443 579 741 632 ὗὼσαοθαι.
778 577 1084 648 Ἐπεκύρου
1137 578 1195 631 δὲ
1248 579 1347 642 τὰς
1390 580 1498 632 τῶν
1551 581 1803 650 μοναχῶν
1838 583 2025 649 φωνὰς

441 676 536 727 καί
565 689 650 734 τις
679 671 1053 741 πρεσϐύτερος
1082 670 1275 740 ἕτερος
1319 671 1608 736 Σιλϐανδς,
1630 671 1810 725 συνὼν
1839 672 2026 741 Misi)-

442 780 516 832 νῳ
543 765 635 814 καὶ
666 761 902 832 Βιταλίῳ
957 762 1064 816 ἀνὰ
1112 762 1211 832 τὴν
1267 760 1681 833 βασιλεύουσαν.
1713 763 1825 816 Καὶ
1854 763 2024 815 Ἀκα-

444 854 559 907 κίου
588 852 644 906 δὲ
672 854 957 922 παρήγετο
1010 853 1267 921 ἐπιστολὴ
1321 852 1457 922 πρὸς
1490 852 1842 922 Σιμπλίκιον,
1874 852 2022 921 διεξ-

446 948 618 1015 ιοῦσα,
651 947 727 1009 ὡς
781 947 951 1000 πάλαι
1017 946 1327 1019 καθῄρηται
1381 946 1614 1017 Πέτρος,
1647 946 1723 1010 ὡς
1759 947 1873 1009 υἱὸς
1926 964 2020 998 νυ-

442 1036 572 1099 κτὸς
626 1036 927 1101 καθεστώς.
975 1036 1077 1089 Διὰ
1109 1037 1286 1091 ταῦτα
1319 1037 1497 1090 πάντα
1543 1037 1790 1107 Μισῆνός
1832 1053 1894 1090 τε
1934 1037 2030 1090 καὶ

444 1129 689 1191 Rutilio;
717 1130 817 1200 τῆς
850 1130 951 1200 μὲν
987 1129 1294 1200 ἱερωσύνης
1322 1130 1648 1200 ἐξέστησανο
1683 1131 2026 1203 πορῥωτέρω

444 1220 497 1274 εξ
527 1224 623 1276 καὶ
654 1226 753 1293 τῆς
781 1224 1051 1294 όιχράντου
1082 1223 1371 1287 κοινωνίας
1416 1224 1695 1291 ἐγένοντο,
1729 1225 1884 1293 κοινῇ
1921 1223 2027 1276 πά-

444 1332 545 1386 σης
571 1317 666 1384 τῆς
690 1318 833 1369 κατὰ
872 1315 1093 1388 Ῥώμην
1121 1316 1345 1371 συνόδου
1374 1316 1504 1370 τάδε
1538 1317 1680 1387 πρὸς
1709 1316 1857 1381 λέξιν
1886 1317 2028 1369 ἀπο-

440 1408 850 1480 ψηφισαμένηςο
888 1427 907 1460 ι
942 1411 1148 1481 Πέτρον
1194 1414 1288 1466 τὸν
1320 1411 1627 1482 αἱρετικὸν,
1653 1411 1747 1464 τὸν
1792 1412 1889 1465 καὶ
1924 1412 2029 1466 πά-

442 1501 532 1554 λαι
578 1505 644 1574 τῇ
676 1503 845 1572 ψήφῳ
892 1502 996 1565 τῆς
1057 1504 1211 1572 ἱερᾶς
1262 1504 1534 1572 καθέδρας
1590 1503 2021 1571 κατακριθένσα,

442 1596 898 1667 ἀποκηρυχθέντα
957 1614 1017 1649 τε
1074 1600 1169 1649 καὶ
1223 1596 1769 1665 ἀναθεματισθέντα,
1807 1598 1841 1667 ἡ
1887 1597 2029 1651 Ῥω·-

447 1689 622 1757 μιίων
660 1687 962 1759 Ἐκκλησία
989 1691 1050 1743 οὐ
1081 1680 1324 1757 δέχεταιῗ
1354 1683 1540 1761 ⁷ῼτινι
1577 1689 1627 1741 εἰ
1662 1689 1758 1742 καὶ
1784 1689 1862 1761 μὴ
1892 1689 2024 1743 ἄλλο

441 1798 495 1833 τι
516 1780 846 1847 ἀντετίθετο,
875 1780 1035 1835 τοῦτο
1070 1783 1316 1853 ἤρκεσεν
1346 1779 1436 1847 ἂν,
1465 1760 1547 1834 ὅτι
1583 1781 1694 1834 ἀπὸ
1724 1782 2023 1853 αἱρετικῶν

446 1874 874 1943 χειροτονηθεὶς,
926 1875 1039 1927 τῶν
1083 1873 1385 1944 ὀρθοὸόξων
1428 1872 1685 1941 ἡγεῖσθαι
1738 1874 1841 1926 οὐκ
1887 1873 2021 1944 ἡδύ-

446 1984 592 2020 vaso.
634 1987 653 2021 ι
682 1968 810 2040 Τῇδ’
865 1970 1145 2039 ἀποφάσει
1208 1969 1304 2022 καὶ
1353 1967 1515 2022 τοῦτο
1568 1968 1634 2038 δὴ
1663 1966 1977 2039 περιείχετο
2003 1984 2018 2000 ο

2125 591 2335 650 essent,
2367 583 2588 637 Vitalim
2622 591 2678 636 et
2720 581 2986 635 Misenum
3035 596 3159 635 cum
3210 580 3361 634 nullo
3406 580 3722 634 orthodoxa

2126 676 2391 745 colloqui,
2425 684 2519 730 aut
2564 691 2663 745 per
2695 676 2912 729 litteras
2962 675 3011 729 ci
3060 672 3399 743 respondere
3453 673 3718 740 voluisse,

2129 785 2309 838 neque
2368 784 2465 822 eos
2520 768 2686 821 etiam
2741 768 2810 822 de
2867 767 3038 821 rebus
3096 767 3150 820 in
3199 766 3471 837 religione
3504 766 3723 820 novatis

2128 861 2448 913 accuratius
2473 857 2879 927 disquisivisse.
2912 857 3304 912 Monachorum
3331 872 3552 928 quoque
3577 856 3722 909 dicta

2127 951 2422 1022 presbyter
2469 950 2694 1021 quidam
2748 949 3054 1020 Sylvanus,
3109 949 3205 1018 qui
3265 964 3392 1004 cum
3452 949 3609 1003 Vitali
3666 956 3722 1001 et

2133 1043 2345 1098 Miseno
2397 1043 2453 1097 in
2508 1043 2645 1097 urbe
2696 1043 3004 1112 imperante
3061 1042 3262 1108 fuerat,
3316 1041 3720 1110 comprobavit.

2132 1135 2270 1190 Tum
2304 1145 2489 1189 autem
2524 1146 2580 1191 et
2611 1135 2799 1191 Acacii
2831 1134 3065 1205 epistola
3098 1133 3164 1186 ad
3198 1133 3544 1202 Simplicium
3595 1148 3721 1201 pro-

2118 1227 2292 1281 ducta
2314 1236 2418 1289 est,
2448 1241 2572 1295 quae
2597 1225 2925 1280 ostendebat
2950 1225 3173 1279 Petrum
3201 1222 3436 1287 dudum,
3456 1230 3515 1275 ut
3542 1221 3722 1275 noctis

2129 1319 2303 1373 lilium
2348 1317 2739 1381 constitutum,
2782 1326 3206 1372 exauctoratum
3257 1330 3400 1371 esse.
3459 1314 3608 1380 Quas
3649 1313 3721 1367 ob

2127 1424 2326 1464 causas
2341 1409 2554 1463 Miseno
2576 1419 2632 1464 et
2664 1408 2833 1463 Vitali
2870 1407 3242 1464 sacerdotalis
3266 1406 3507 1476 dignitas
3552 1402 3716 1460 abro-

2131 1509 2277 1572 gata,
2329 1509 2385 1555 et
2436 1502 2538 1571 ipsi
2602 1500 2929 1571 longissime
2984 1516 3017 1555 a
3081 1498 3477 1554 communione
3532 1507 3720 1551 sancta

2130 1591 2340 1661 repulsi
2367 1600 2517 1646 sunt.
2566 1590 2634 1646 Et
2680 1589 3071 1646 communibus
3128 1588 3410 1659 sull'ragiis
3468 1586 3718 1658 synodus

2131 1681 2379 1736 Romana
2409 1681 2526 1737 haec
2560 1681 2642 1736 sic
2693 1680 2760 1735 ad
2795 1680 3025 1736 verbum
3076 1679 3371 1735 decrevit:
3423 1697 3442 1731 ι
3494 1676 3718 1733 Petrum

2129 1772 2452 1827 hwrcticum
2482 1811 2497 1835 ,
2544 1771 2638 1841 qui
2692 1771 2823 1826 olim
2882 1786 2980 1841 per
3033 1771 3391 1833 sententiam,
3422 1770 3721 1838 episcopali

2126 1863 2391 1919 cathedra
2456 1865 2509 1919 ei
2557 1864 2833 1933 adempta,
2881 1863 3201 1929 damnatus,
3261 1863 3606 1934 proscriptus
3665 1870 3722 1915 et

2128 1956 2485 2011 anathemate
2534 1957 2826 2022 confossus
2856 1965 2965 2023 est,
3003 1957 3249 2012 Ecclesia
3305 1955 3555 2011 Romana
3609 1970 3717 2008 non

452 2075 473 2108 ι
509 2057 765 2111 Ἀκάκιον
810 2059 903 2111 τδν
942 2059 1041 2127 τῆς
1073 2057 1703 2121 Κωνσταντινουπόλεως
1751 2055 2021 2126 μεγίστης

2134 2048 2346 2119 recipit.
2375 2048 2477 2104 Cui
2509 2048 2733 2118 quidem
2763 2048 2807 2103 si
2838 2048 2989 2103 aliud
3025 2049 3164 2103 nihil
3196 2048 3346 2119 quod
3375 2049 3720 2119 objiceretur

450 2148 673 2218 εὐθύνης
721 2148 872 2214 ἄξιον
947 2149 1008 2202 τὺ
1062 2149 1297 2219 πρᾶγμα
1353 2147 1630 2214 ἀπέδειξε.
1675 2147 1822 2201 Διότι
1882 2147 2024 2217 πρὸς

2134 2154 2296 2205 esset,
2334 2142 2470 2196 illud
2503 2142 2805 2209 sufﬁceret,
2838 2142 2987 2212 quod
3023 2157 3148 2197 cum
3179 2142 3249 2197 ab
3277 2142 3552 2195 haereticis
3575 2139 3741 2193 ordi-.

438 2240 766 2309 Σιμπλίκιον
826 2240 1097 2311 γράφων,
1150 2242 1248 2294 καὶ
1298 2236 1882 2313 αἱρετικδνγκαλέσας
1930 2236 2025 2291 τὸν

2134 2248 2296 2291 natus
2324 2237 2418 2299 sit,
2452 2235 2782 2291 orthodoxis
2815 2249 3050 2306 pricesse
3082 2251 3194 2291 non
3219 2243 3424 2306 potest.
3457 2252 3475 2286 ι
3511 2235 3566 2287 ln
3596 2248 3724 2287 scn-

459 2333 676 2401 Πέτρον,
720 2331 815 2387 νῦν
842 2332 921 2403 τῷ
967 2331 1183 2402 βασιλεῖ
1209 2332 1270 2385 οὐ
1305 2330 1690 2401 πεφανέρωκε·
1722 2328 1839 2382 δέον
1867 2328 2028 2399 εἴπερ

2134 2328 2308 2385 tentia
2347 2343 2412 2383 ea
2449 2328 2587 2383 illud
2624 2344 2848 2398 quoque
2882 2328 3025 2383 fuit:
3062 2346 3082 2379 ι
3107 2327 3371 2383 Acacium
3402 2324 3724 2381 Constanti-

452 2424 632 2492 ἠγάπα
656 2425 746 2477 τὸν
794 2426 1016 2495 Ζήνωνα
1052 2423 1214 2478 τοῦτο
1268 2424 1499 2494 πρᾶξαι.
1546 2422 1637 2487 Ὠς
1689 2421 1867 2475 ἔοικεν
1910 2420 2025 2487 οὖν,

2134 2421 2514 2491 nopolitanum
2567 2421 2824 2474 maximis
2852 2420 3185 2476 criminibus
3221 2418 3524 2474 obnoxium
3574 2432 3719 2480 esse,

454 2517 599 2589 πόθῳ
638 2518 828 2589 ἀγαπᾷ
872 2518 963 2571 τὸν
1009 2516 1265 2589 βασιλέα,
1294 2518 1356 2570 οὐ
1387 2516 1489 2587 τὴν
1524 2516 1712 2570 πίστιν
1745 2514 1960 2584 ἀγαπᾷ.
2000 2529 2019 2565 ι

2134 2528 2224 2568 res
2260 2514 2376 2582 ipsa
2407 2510 2700 2575 indicavit,
2738 2523 3035 2581 propterea
3068 2511 3218 2582 quod
3249 2510 3316 2565 ad
3370 2508 3722 2576 Simplicium

448 2614 717 2680 scribens,
799 2613 1024 2671 Petrum
1081 2613 1402 2669 lia-reticum
1463 2609 1845 2682 appellaverit,
1900 2616 1959 2663 et
2006 2605 2063 2661 id
2106 2607 2426 2676 imperatori
2502 2620 2612 2660 non
2667 2604 2997 2660 indicaverit
3059 2622 3074 2660 :
3127 2620 3252 2660 cum
3319 2611 3472 2659 certe
3540 2602 3616 2667 id,
3675 2602 3722 2657 si

447 2706 722 2764 Zenonem
754 2708 1026 2779 diligeret,
1059 2705 1243 2763 facere
1276 2705 1555 2762 debuerit.
1620 2702 1857 2758 Proinde
1924 2699 2093 2756 sicuti
2154 2709 2428 2771 apparet,
2501 2700 2780 2756 commodi
2850 2700 2936 2756 sui
3000 2698 3279 2754 desiderio
3331 2698 3722 2770 imperatorem

446 2799 857 2872 complectitur,
886 2800 1046 2857 ﬁdem
1079 2810 1266 2856 autem
1300 2814 1412 2855 non
1433 2796 1846 2869 complectitur.
1893 2812 1914 2846 ι

1045 2937 1298 2993 ΚΕΦΑΛ.
1330 2936 1434 2993 ΙΖ’.

446 3026 585 3094 Περὶ
614 3026 724 3096 τῆς
769 3028 1096 3097 γενομένης
1150 3027 1426 3094 στάσεως
1466 3028 1536 3081 ἐν
1599 3025 2022 3095 Ἀλεξανδρείᾳ

515 3096 613 3169 διὰ
636 3100 741 3169 τὸν
772 3096 1012 3169 Mone?
1050 3099 1582 3169 ἀναθεματίσαντα
1633 3097 1751 3166 τὴν
1796 3096 1844 3148 δ’
1864 3097 2022 3169 ,σύν-

2587 2929 2753 3013 633
2795 2928 3027 2984 CAPUT
3083 2929 3247 2985 xvn.

2132 3018 2220 3109 De;
2260 3020 2517 3109 seditione
2575 3022 3128 3109 promer-Mquum,
3188 3026 3329 3109 quod
3371 3027 3433 3109 is.
3464 3036 3719 3109 quartam

2200 3092 2456 3162 synodum
2488 3093 2818 3162 anathemati
2846 3092 3167 3162 subjecerit,_
3190 3092 3532 3150 Alexandria:
3574 3107 3721 3152 orta.

516 3167 680 3225 οδον.
715 3168 843 3223 Ἔτι
872 3156 958 3222 ’δὲ
1002 3170 1099 3222 καὶ
1134 3156 1266 3237 περῖ
1318 3168 1581 3238 Φήλικος
1610 3156 1719 3223 toi}
1774 3167 2023 3237 Ῥώμης,

2203 3156 2271 3214 Et
2309 3162 2373 3214 de
2405 3161 2761 3238 Feliceﬂom.
2808 3156 2967 3234 atque
3003 3156 3198 3218 Acacio
3226 3164 3723 3235 Constantinopoli-

514 3239 614 3292 καί
660 3239 943 3294 Ἀκακίου
966 3239 1072 3293 τοῦ
1099 3240 1826 3305 Κωνσταντινουπόλεως.

532 3356 593 3409 '0
625 3353 669 3408 δ’
700 3354 960 3418 ’Δκάκιος
1031 3353 1093 3407 τὸ
1142 3353 1446 3426 διερρωγὸς
1485 3354 1695 3426 σχίσμα
1731 3356 2026 3410 συνάπτειν

454 3451 799 3522 βουλόμενος,
846 3449 986 3518 πρός
1028 3465 1091 3503 τε
1128 3448 1257 3511 τοὺς
1305 3448 1365 3501 ἐν
1397 3447 1661 3518 Αἰγύπτῳ
1688 3449 2025 3523 ἐπισκόπους

451 3546 547 3599 καὶ
575 3542 877 3613 κληρικοὺς
906 3540 1117 3611 ἔγραφε
1147 3541 1243 3595 καὶ
1271 3539 1409 3611 πρὸς
1434 3539 1649 3610 Πέτρον
1681 3540 1873 3597 αὐτόν.
1916 3539 2024 3595 Τοῦ

451 3638 507 3690 δὲ
557 3618 729 3690 κακοῦ
791 3638 851 3689 ὲν
916 3633 1303 3706 Ἀλεξανδρείᾳ
1366 3633 1573 3704 μᾶλλον
1628 3631 1973 3700 ἀκμάζοντος
1999 3658 2026 3695 -,

457 3726 659 3795 Πέτρος
687 3724 862 3786 ἐνίους
898 3721 1008 3775 τῶν
1061 3720 1509 3792 ἁρχιμανδριτῶν
1559 3724 1844 3774 κοινωνεῖν
1873 3720 2027 3792 αὐτῷ

456 3816 660 3882 ἔπειθε,
691 3814 760 3870 τὰ
793 3816 852 3868 ὲν
901 3813 1211 3883 Χαλκηδόνι
1242 3812 1564 3884 πραχθέντα
1598 3814 1694 3867 καὶ
1721 3813 1817 3866 τὸν
1857 3813 2029 3866 Λέον-

455 3924 544 3970 τος
573 3906 742 3976 τόμον
804 3903 1118 3974 περιϐαλὼν
1163 3903 1495 3973 ἀναθέματι,
1524 3904 1620 3958 καὶ
1663 3904 1779 3957 ὅσοι
1823 3903 1924 3971 μὲν
1955 3903 2026 3957 τὰ

458 3997 747 4069 Διοσκόρου
802 3998 898 4049 καὶ
953 3994 1222 4066 Τιμοθέου
1274 3995 1700 4066 συγγράμματα
1733 3986 2024 4066 δέχοιντο·

458 4090 551 4155 οὒς
596 4091 653 4145 δὲ
691 4090 900 4145 πείθειν
947 4090 1149 4161 ἥκιστα
1202 4084 1341 4159 εἶχε,
1392 4087 1501 4142 τῶν
1554 4088 2033 4158 σφῶν“μοναστη-

463 4183 591 4253 ρίων
639 4182 954 4253 ἐξήλαυνεν.
1006 4182 1076 4235 'A
1135 4180 1201 4251 δὴ
1254 4181 1432 4234 πάντα
1462 4181 1651 4252 Ζήνων
1696 4179 1835 4237 πρός
1884 4197 2033 4245 τινος

462 4274 746 4343 Νηφαλεου
784 4273 1124 4345 μεμαθηκὼς
1180 4272 1395 4327 ἐκεῖθεν
1443 4273 1697 4344 ἥκοντος,
1730 4272 2032 4344 ταραχθεὶς

466 4367 688 4436 Κοσμᾶν
708 4384 832 4420 τινα
886 4369 1122 4435 πέμπων
1151 4366 1505 4437 ὑπασπιστὴν
1532 4352 1586 4418 ὂι
1624 4366 2031 4432 καθεστηκότα,

466 4459 633 4513 πολλὰ
680 4458 913 4531 παρῄνει
942 4458 1122 4512 πάντα
1156 4457 1339 4512 κάλων
1387 4446 1562 4511 κινεῖν
1592 4454 1726 4511 ὥσθ’
1760 4457 1915 4512 ἑνοῦν
1942 4459 2034 4511 τὸν

2204 3242 2332 3287 tano
2369 3234 2654 3303 episcopis.

2204 3345 2443 3402 Aeacius
2501 3346 2794 3402 dissidium
2844 3348 2994 3419 quod
3054 3349 3360 3406 intervenit
3413 3353 3614 3408 tollere
3665 3361 3721 3408 et

2138 3438 2401 3494 unionem
2436 3438 2703 3496 inducere
2730 3441 2945 3507 volens,
2977 3444 3044 3498 ad
3080 3444 3374 3515 episcopos
3406 3453 3462 3500 ct
3487 3446 3733 3502 clericos’

2132 3527 2439 3602 Egyptios,
2482 3542 2654 3601 atque
2702 3532 2769 3587 ad
2807 3533 2988 3602 ipsum
3021 3537 3244 3591 Petrum
3292 3538 3534 3608 scripsit.
3584 3539 3721 3594 Sed-

2134 3624 2285 3675 enim
2316 3636 2442 3676 cum
2486 3621 2539 3677 id
2579 3625 2784 3677 malum
2819 3624 3170 3681 Alexandria;
3216 3627 3394 3697 magis
3434 3631 3719 3700 magisque

2135 3712 2527 3778 invalesceret,
2559 3715 2755 3770 Petrus
2779 3718 3114 3786 quibusdam
3137 3721 3419 3792 episc0pis
3452 3731 3510 3776 et
3539 3724 3721 3777 archi-

2138 3807 2457 3871 mandritis,
2489 3817 2551 3862 ut
2589 3824 2778 3864 secum
2814 3812 3315 3878 communicarent,
3371 3815 3648 3884 persuasit
3703 3831 3719 3869 :

2136 3905 2195 3951 et
2249 3897 2306 3950 in
2361 3904 2485 3951 acta
2543 3896 3036 3965 Chalcedonensia,
3099 3900 3412 3973 Leonisque
3476 3914 3718 3968 tomum,

2093 4014 2101 4021 -
2138 3997 2306 4058 atque
2335 4003 2435 4045 eos
2469 3991 2563 4060 qui
2599 3990 2852 4047 Dioscori
2903 4000 2960 4047 et
3017 3993 3295 4049 Timothei
3345 3995 3550 4065 scripta
3609 4013 3721 4051 non

2138 4081 2480 4151 reciperent,
2512 4081 2866 4137 anathemata
2897 4083 3160 4155 coniecit.
3196 4086 3302 4142 Eos
3347 4103 3480 4143 vero
3528 4090 3623 4158 qui
3668 4090 3722 4143 ei

2139 4187 2252 4228 non
2285 4173 2578 4244 parebant,
2608 4175 2969 4231 monasteriis
2994 4177 3111 4233 suis
3136 4179 3342 4249 exegit.
3378 4180 3512 4246 Qua:
3536 4183 3722 4237 omnia

2143 4276 2435 4338 postquam
2469 4267 2620 4323 Zeno
2648 4284 2716 4324 ex
2763 4269 3037 4338 Nephalio
3068 4273 3311 4342 quodam
3351 4274 3447 4344 qui
3489 4275 3723 4330 Alexan-

2143 4360 2265 4414 dria
2290 4358 2832 4431 Constantinopolim
2877 4374 3129 4430 venerat,
3162 4365 3455 4435 intellexit,
3495 4383 3724 4439 magno-

2145 4468 2275 4523 pere
2308 4454 2698 4522 conturbatus,
2741 4470 2809 4511 ει
2844 4457 3181 4514 satellitibus
3225 4458 3479 4516 Cosmam
3512 4450 3724 4532 quem-

462 4549 596 4604 λεὼν
626 4551 839 4620 Πέτρῳ,
867 4553 978 4614 τοῖς
1031 4550 1078 4604 δ’
1111 4550 1290 4614 ἄλλως
1342 4550 1530 4622 έχουσι
1566 4550 1769 4615 πολλὰς
1800 4552 2029 4619 ἐπάγειν

2137 4546 2263 4600 dam
2294 4546 2681 4602 Alexandriam
2708 4548 2878 4613 misit,
2912 4549 3007 4619 qui
3037 4550 3227 4606 multis
3250 4552 3725 4608 admonitionibus

462 4642 558 4703 τὰς
586 4645 832 4708 ansas;
864 4645 921 4708 ὃς
981 4647 1048 4718 τῇ
1119 4645 1357 4716 σφετέρᾳ
1408 4643 1715 4716 τραχύτητι
1774 4642 2034 4698 τοσοῦτον

464 4740 655 4809 ἀπεῖχε
686 4739 979 4793 συνάπτειν
1002 4739 1066 4792 τὸ
1093 4739 1421 4810 διερρωγὸς,
1450 4738 1593 4792 ὥστε
1631 4738 1728 4793 καὶ
1751 4737 2034 4793 διάστασιν

469 4828 687 4898 μείζονα
719 4830 1115 4899 εἰργασμένος,
1151 4831 1310 4895 κενὸς
1360 4833 1415 4895 ἐς
1469 4830 1698 4901 βασιλέα
1748 4830 2033 4901 ἁνέτρεχε,

464 4923 574 4985 τοῖς
605 4922 924 4976 ὰπελαθεῖσι
966 4925 1150 4994 μόνοις
1189 4924 1418 4995 ἰσχύσας
1440 4922 1738 4976 ἀποδοῦναι
1766 4924 1835 4974 τὰ
1861 4941 2036 4976 κατα-

466 5010 657 5077 γὼνια.
687 5012 843 5064 Μετὰ
872 5011 927 5064 δὲ
953 5012 1143 5066 τοῦτον
1187 5012 1377 5082 ἕτερος
1407 5014 1544 5084 πρὸς
1577 5014 1821 5082 Ζήνωνος
1846 5012 2035 5065 ἔσταλ-

466 5117 552 5162 το,
575 5102 850 5171 Ἀρσὲνιος
893 5104 1088 5174 ὄνομα,
1123 5105 1233 5159 τῶν
1267 5108 1323 5158 ὲν
1372 5105 1643 5174 Αἰγύπτῳ
1706 5121 2036 5175 στρατιωτι-

467 5194 579 5248 κῶν
632 5196 950 5271 καταλόγων
1000 5198 1099 5269 τὴν
1150 5199 1454 5268 ἡγεμονίαν
1506 5198 1873 5269 ἐγχειρισθείς
1907 5216 1920 5230 ·
1950 5197 2037 5271 ‘8;

465 5287 683 5357 novatn
732 5289 810 5360 τῷ
856 5291 1078 5361 ῥηθέντι
1142 5291 1412 5362 Νηφαλίῳ
1458 5291 1560 5363 τὴν
1618 5290 2037 5362 ’Λλεξάνδρειαν

462 5379 678 5445 εἰσιὼν,
704 5382 833 5443 τοὺς
891 5386 992 5453 τῆς
1039 5384 1291 5449 ὲνώσεως
1342 5385 1541 5440 αὐτίκα
1593 5384 1786 5454 λόγους
1838 5388 2033 5441 ἐκίνει.

460 5469 615 5525 Ἐπεὶ
649 5472 704 5524 δὲ
736 5473 947 5527 πείθειν
984 5476 1191 5548 ἥκιστα
1241 5474 1379 5550 εἶχε,
1413 5478 1647 5542 πολλοὺς
1679 5478 1906 5531 ἐκείνων
1933 5479 2039 5532 ἀνὰ

459 5560 525 5616 τὸ
589 5561 886 5627 Βυζάντιον
943 5565 1220 5637 ἔπεμπενο
1279 5569 1330 5623 οἳ
1392 5571 1601 5639 Ζήνωνι
1655 5568 1792 5639 πρὸς
1841 5569 2038 5638 λόγους

458 5656 655 5719 εόντες,
691 5658 864 5715 πολλὰ
914 5661 1042 5729 περὶ
1071 5662 1172 5732 τῆς
1202 5665 1259 5715 ὲν
1292 5662 1602 5732 Χαλκηδόνι
1633 5660 1857 5716 συνόδου
1889 5663 2037 5730 διεξ-

455 5748 647 5821 ῄεσαν.
695 5751 863 5805 Οὐδὲν
914 5754 970 5808 δὲ
1033 5756 1164 5823 πρδς
1216 5755 1376 5825 ἔργον
1451 5754 1732 5820 ἐξέϐαινε,
1785 5755 2037 5824 Ζήνωνος

459 5842 714 5913 καοάπάξ
742 5846 841 5915 τὴν
896 5849 953 5901 ὲν
1005 5849 1308 5919 Χαλκηδόνι
1343 5847 1564 5901 σύνοδον
1614 5847 2031 5918 διαγράφοντο;.

2143 4654 2363 4694 omnem
2397 4640 2608 4706 funem,
2638 4650 2697 4696 ut
2743 4641 2795 4695 in
2846 4643 3146 4712 proverbio
3183 4656 3291 4708 est,
3333 4654 3603 4707 moveret,
3666 4655 3725 4697 ut

2144 4734 2359 4804 plebem
2387 4745 2444 4790 et
2470 4734 2689 4791 Petrum
2741 4736 2886 4791 inter
2911 4752 2970 4791 se
3000 4739 3365 4807 conciliaret,
3424 4749 3590 4809 atque
3645 4740 3726 4793 eis

2143 4828 2238 4898 qui
2287 4828 2450 4882 aliter
2485 4828 2755 4893 lacerent,
2801 4830 2986 4885 minas
3036 4831 3293 4900 iungentes
3347 4831 3724 4889 denuntiaret.

2144 4910 2348 4979 verum
2382 4923 2472 4979 ille
2508 4924 2805 4978 severitate
2855 4939 2953 4977 sua
3008 4933 3222 4979 tantum
3268 4925 3428 4979 abest
3468 4931 3528 4978 ut
3576 4924 3726 4994 quod

2144 5029 2242 5084 per
2301 5014 2594 5069 dissidium
2658 5029 2884 5085 ruptum
2951 5015 3167 5079 fuerat,
3222 5016 3607 5088 coniunxerit,
3669 5027 3727 5072 ut
3810 5050 3816 5057 -

2143 5106 2477 5162 seditionem
2508 5123 2730 5177 quoque
2786 5107 3024 5170 auxerit,
3078 5118 3134 5161 et
3164 5107 3383 5163 iniectis
3436 5108 3604 5163 rebus
3653 5112 3721 5164 ad

2146 5201 2537 5270 imperatorem
2573 5201 2826 5263 redierit,
2888 5200 2970 5255 eis
3002 5209 3213 5254 tantum
3244 5200 3339 5269 qui
3372 5202 3725 5256 monasteriis

2145 5294 2262 5347 suis
2293 5293 2471 5346 exacti
2505 5293 2745 5357 fuerant,
2777 5293 3070 5347 restitutis.
3105 5293 3237 5347 Post
3272 5292 3419 5348 hunc
3457 5302 3641 5347 autem
3695 5312 3723 5347 τι

2146 5383 2370 5439 Zenone
2408 5383 2702 5448 Arscnius,
2753 5383 3076 5447 militarium
3107 5383 3364 5439 ordinum
3401 5384 3453 5439 in
3489 5383 3725 5456 [Egypto

2147 5477 2466 5545 praefectus,
2499 5492 2604 5530 una
2655 5492 2781 5530 CUlll
2808 5492 2874 5530 eo
2931 5477 3025 5543 qui
3090 5476 3273 5531 dictus
3303 5487 3387 5532 est
3432 5477 3722 5548 Nephalio,

2144 5568 2536 5622 AleXandriam
2571 5569 2797 5631 missus,
2835 5571 2904 5623 de
2936 5570 3382 5625 reconciliatione
3421 5580 3478 5625 et
3522 5572 3728 5627 unione

2112 5663 2278 5731 ,cgit.
2307 5663 2445 5719 Cum
2483 5674 2666 5718 autem
2703 5665 2837 5718 nihil
2866 5662 3130 5728 cﬂiccrct,
3165 5665 3365 5720 multos
3404 5681 3470 5720 ex
3496 5667 3728 5722 Alexan-

2145 5759 2321 5813 drinis
2356 5757 2681 5829 Byzantium
2708 5758 2883 5825 misit,
2914 5761 3007 5828 qui
3035 5775 3160 5813 cum
3186 5759 3410 5816 Zenone
3440 5762 3726 5829 collocuti,

2147 5852 2319 5927 multa
2375 5853 2442 5905 de
2494 5850 2932 5932 Clialccdonensi
3005 5852 3217 5923 synodo
3270 5853 3660 5913 disseruerunt
3710 5873 3727 5910 :
