  <div class='ocr_page' id='page_1' title='image "/cluster/home/n/w/nwhite01/storage/ocr_20150623/147:no.3/coo.31924054870526/083.png"; bbox 0 0 4118 6464; ppageno 0'>
   <div class='ocr_carea' id='block_1_1' title="bbox 481 380 576 444">
    <p class='ocr_par' dir='ltr' id='par_1_1' title="bbox 481 380 576 444">
     <span class='ocr_line' id='line_1_1' title="bbox 481 380 576 444; baseline -0.011 0"><span class='ocrx_word' id='word_1_1' title='bbox 481 380 576 444; x_wconf 70' lang='grc'><strong>151</strong></span> 
     </span>
    </p>
   </div>
   <div class='ocr_carea' id='block_1_2' title="bbox 1677 392 2481 457">
    <p class='ocr_par' dir='ltr' id='par_1_2' title="bbox 1677 392 2481 457">
     <span class='ocr_line' id='line_1_2' title="bbox 1677 392 2481 457; baseline 0.009 -6"><span class='ocrx_word' id='word_1_2' title='bbox 1677 392 1719 451; x_wconf 75' lang='grc' dir='ltr'><strong>Ν</strong></span> <span class='ocrx_word' id='word_1_3' title='bbox 1735 393 2098 454; x_wconf 68' lang='lat' dir='ltr'><strong>{CEPIIORI</strong></span> <span class='ocrx_word' id='word_1_4' title='bbox 2137 394 2481 457; x_wconf 63' lang='lat' dir='ltr'><strong>CALLISTI</strong></span> 
     </span>
    </p>
   </div>
   <div class='ocr_carea' id='block_1_3' title="bbox 2848 351 2875 376">
    <p class='ocr_par' dir='ltr' id='par_1_3' title="bbox 2848 351 2875 376">
     <span class='ocr_line' id='line_1_3' title="bbox 2848 351 2875 376; baseline 0 0"><span class='ocrx_word' id='word_1_5' title='bbox 2848 351 2875 376; x_wconf 90' lang='lat'><strong><em>\</em></strong></span> 
     </span>
    </p>
   </div>
   <div class='ocr_carea' id='block_1_4' title="bbox 3636 411 3731 475">
    <p class='ocr_par' dir='ltr' id='par_1_4' title="bbox 3636 411 3731 475">
     <span class='ocr_line' id='line_1_4' title="bbox 3636 411 3731 475; baseline 0.021 -4"><span class='ocrx_word' id='word_1_6' title='bbox 3636 411 3731 475; x_wconf 73' lang='lat' dir='ltr'><strong>l.‘2</strong></span> 
     </span>
    </p>
   </div>
   <div class='ocr_carea' id='block_1_5' title="bbox 479 495 2029 599">
    <p class='ocr_par' dir='ltr' id='par_1_5' title="bbox 479 495 2029 576">
     <span class='ocr_line' id='line_1_5' title="bbox 479 495 2029 576; baseline 0.01 -29"><span class='ocrx_word' id='word_1_7' title='bbox 479 495 616 549; x_wconf 73' lang='lat' dir='ltr'><strong>nihil</strong></span> <span class='ocrx_word' id='word_1_8' title='bbox 645 505 827 551; x_wconf 88' lang='lat' dir='ltr'><strong>autem</strong></span> <span class='ocrx_word' id='word_1_9' title='bbox 849 496 919 552; x_wconf 93' lang='lat' dir='ltr'><strong>ad</strong></span> <span class='ocrx_word' id='word_1_10' title='bbox 950 512 1062 552; x_wconf 89' lang='lat' dir='ltr'><strong>rem</strong></span> <span class='ocrx_word' id='word_1_11' title='bbox 1103 500 1278 567; x_wconf 83' lang='lat' dir='ltr'><strong>ipsam</strong></span> <span class='ocrx_word' id='word_1_12' title='bbox 1319 501 1577 558; x_wconf 88' lang='lat' dir='ltr'><strong>collatum</strong></span> <span class='ocrx_word' id='word_1_13' title='bbox 1617 515 1722 571; x_wconf 87' lang='lat' dir='ltr'><strong>est,</strong></span> <span class='ocrx_word' id='word_1_14' title='bbox 1755 517 2029 576; x_wconf 83' lang='lat' dir='ltr'><strong>proptere:</strong></span> 
     </span>
    </p>
   </div>
   <div class='ocr_carea' id='block_1_6' title="bbox 2131 495 3728 599">
    <p class='ocr_par' dir='ltr' id='par_1_6' title="bbox 2160 509 3728 599">
     <span class='ocr_line' id='line_1_6' title="bbox 2160 509 3728 599; baseline 0.014 -38"><span class='ocrx_word' id='word_1_15' title='bbox 2160 509 2395 578; x_wconf 78' lang='grc' dir='ltr'>Ἱστορεῖ</span> <span class='ocrx_word' id='word_1_16' title='bbox 2415 532 2475 582; x_wconf 74' lang='grc' dir='ltr'><strong>γε</strong></span> <span class='ocrx_word' id='word_1_17' title='bbox 2509 516 2613 586; x_wconf 73' lang='grc' dir='ltr'>μὴν</span> <span class='ocrx_word' id='word_1_18' title='bbox 2644 520 2672 572; x_wconf 84' lang='grc' dir='ltr'><strong>ό</strong></span> <span class='ocrx_word' id='word_1_19' title='bbox 2703 522 2859 589; x_wconf 82' lang='grc' dir='ltr'>Κίλιξ</span> <span class='ocrx_word' id='word_1_20' title='bbox 2897 525 3180 592; x_wconf 84' lang='grc' dir='ltr'>Βασίλειος</span> <span class='ocrx_word' id='word_1_21' title='bbox 3205 570 3218 593; x_wconf 89' lang='grc'><strong>,</strong></span> <span class='ocrx_word' id='word_1_22' title='bbox 3249 530 3328 593; x_wconf 83' lang='grc' dir='ltr'>ὡς</span> <span class='ocrx_word' id='word_1_23' title='bbox 3360 530 3456 583; x_wconf 74' lang='grc' dir='ltr'><strong>καὶ</strong></span> <span class='ocrx_word' id='word_1_24' title='bbox 3485 531 3728 599; x_wconf 72' lang='grc' dir='ltr'>Ἀκακίῳ</span> 
     </span>
    </p>
   </div>
   <div class='ocr_carea' id='block_1_7' title="bbox 478 585 2045 668">
    <p class='ocr_par' dir='ltr' id='par_1_7' title="bbox 478 585 2045 668">
     <span class='ocr_line' id='line_1_7' title="bbox 478 585 2045 668; baseline 0.011 -32"><span class='ocrx_word' id='word_1_25' title='bbox 478 585 626 652; x_wconf 82' lang='lat' dir='ltr'><strong>quod</strong></span> <span class='ocrx_word' id='word_1_26' title='bbox 658 586 806 641; x_wconf 82' lang='lat' dir='ltr'><strong>Zeno</strong></span> <span class='ocrx_word' id='word_1_27' title='bbox 836 604 1065 657; x_wconf 84' lang='lat' dir='ltr'><strong>prorsus</strong></span> <span class='ocrx_word' id='word_1_28' title='bbox 1093 590 1594 668; x_wconf 81' lang='lat' dir='ltr'><strong>Chalcedonensem</strong></span> <span class='ocrx_word' id='word_1_29' title='bbox 1624 598 1895 667; x_wconf 83' lang='lat' dir='ltr'><strong>synodum</strong></span> <span class='ocrx_word' id='word_1_30' title='bbox 1935 616 2045 653; x_wconf 85' lang='lat' dir='ltr'><strong>non</strong></span> 
     </span>
    </p>
   </div>
   <div class='ocr_carea' id='block_1_8' title="bbox 478 675 2044 755">
    <p class='ocr_par' dir='ltr' id='par_1_8' title="bbox 478 675 2044 755">
     <span class='ocr_line' id='line_1_8' title="bbox 478 675 2044 755; baseline 0.01 -28"><span class='ocrx_word' id='word_1_31' title='bbox 478 676 768 745; x_wconf 73' lang='lat' dir='ltr'><strong>reciperet.</strong></span> <span class='ocrx_word' id='word_1_32' title='bbox 796 675 1029 733; x_wconf 78' lang='lat' dir='ltr'><strong>Basilius</strong></span> <span class='ocrx_word' id='word_1_33' title='bbox 1058 680 1200 735; x_wconf 85' lang='lat' dir='ltr'><strong>Cilix</strong></span> <span class='ocrx_word' id='word_1_34' title='bbox 1222 685 1500 739; x_wconf 66' lang='lat' dir='ltr'><strong>memoriae</strong></span> <span class='ocrx_word' id='word_1_35' title='bbox 1521 687 1783 755; x_wconf 78' lang='lat' dir='ltr'><strong>prodidit,</strong></span> <span class='ocrx_word' id='word_1_36' title='bbox 1812 687 2044 744; x_wconf 80' lang='lat' dir='ltr'><strong>Felicem</strong></span> 
     </span>
    </p>
   </div>
   <div class='ocr_carea' id='block_1_9' title="bbox 476 768 2043 850">
    <p class='ocr_par' dir='ltr' id='par_1_9' title="bbox 476 768 2043 850">
     <span class='ocr_line' id='line_1_9' title="bbox 476 768 2043 850; baseline 0.011 -33"><span class='ocrx_word' id='word_1_37' title='bbox 476 768 642 820; x_wconf 81' lang='lat' dir='ltr'><strong>etiam</strong></span> <span class='ocrx_word' id='word_1_38' title='bbox 717 768 918 823; x_wconf 82' lang='lat' dir='ltr'><strong>Acacio</strong></span> <span class='ocrx_word' id='word_1_39' title='bbox 991 772 1468 830; x_wconf 84' lang='lat' dir='ltr'><strong>condemnationis</strong></span> <span class='ocrx_word' id='word_1_40' title='bbox 1532 780 1861 834; x_wconf 88' lang='lat' dir='ltr'><strong>sententiam</strong></span> <span class='ocrx_word' id='word_1_41' title='bbox 1936 797 2043 850; x_wconf 86' lang='lat' dir='ltr'><strong>qua</strong></span> 
     </span>
    </p>
   </div>
   <div class='ocr_carea' id='block_1_10' title="bbox 477 858 2041 939">
    <p class='ocr_par' dir='ltr' id='par_1_10' title="bbox 477 858 2041 939">
     <span class='ocr_line' id='line_1_10' title="bbox 477 858 2041 939; baseline 0.014 -33"><span class='ocrx_word' id='word_1_42' title='bbox 477 858 715 927; x_wconf 75' lang='lat' dir='ltr'><strong>dignitas</strong></span> <span class='ocrx_word' id='word_1_43' title='bbox 744 860 797 913; x_wconf 90' lang='lat' dir='ltr'><strong>ei</strong></span> <span class='ocrx_word' id='word_1_44' title='bbox 845 862 1229 932; x_wconf 72' lang='lat' dir='ltr'><strong>abrogaretur,</strong></span> <span class='ocrx_word' id='word_1_45' title='bbox 1291 866 1822 939; x_wconf 85' lang='lat' dir='ltr'><strong>misisse.-eamque</strong></span> <span class='ocrx_word' id='word_1_46' title='bbox 1881 873 1931 927; x_wconf 89' lang='lat' dir='ltr'><strong>ei</strong></span> <span class='ocrx_word' id='word_1_47' title='bbox 1986 874 2041 928; x_wconf 91' lang='lat' dir='ltr'><strong>in</strong></span> 
     </span>
    </p>
   </div>
   <div class='ocr_carea' id='block_1_11' title="bbox 476 949 2042 1019">
    <p class='ocr_par' dir='ltr' id='par_1_11' title="bbox 476 949 2042 1019">
     <span class='ocr_line' id='line_1_11' title="bbox 476 949 2042 1019; baseline 0.013 -19"><span class='ocrx_word' id='word_1_48' title='bbox 476 949 755 1005; x_wconf 81' lang='lat' dir='ltr'><strong>sanctiore</strong></span> <span class='ocrx_word' id='word_1_49' title='bbox 783 954 1029 1007; x_wconf 89' lang='lat' dir='ltr'><strong>sacrario</strong></span> <span class='ocrx_word' id='word_1_50' title='bbox 1061 956 1414 1013; x_wconf 84' lang='lat' dir='ltr'><strong>a&#39;monachis</strong></span> <span class='ocrx_word' id='word_1_51' title='bbox 1444 958 1527 1014; x_wconf 90' lang='lat' dir='ltr'><strong>Dii</strong></span> <span class='ocrx_word' id='word_1_52' title='bbox 1559 964 1877 1019; x_wconf 78' lang='lat' dir='ltr'><strong>monasterii</strong></span> <span class='ocrx_word' id='word_1_53' title='bbox 1915 965 2042 1019; x_wconf 89' lang='lat' dir='ltr'><strong>red-</strong></span> 
     </span>
    </p>
   </div>
   <div class='ocr_carea' id='block_1_12' title="bbox 475 1037 2040 1123">
    <p class='ocr_par' dir='ltr' id='par_1_12' title="bbox 475 1037 2040 1123">
     <span class='ocr_line' id='line_1_12' title="bbox 475 1037 2040 1123; baseline 0.014 -34"><span class='ocrx_word' id='word_1_54' title='bbox 475 1037 647 1091; x_wconf 83' lang='lat' dir='ltr'><strong>ditam</strong></span> <span class='ocrx_word' id='word_1_55' title='bbox 689 1056 831 1095; x_wconf 89' lang='lat' dir='ltr'><strong>esse.</strong></span> <span class='ocrx_word' id='word_1_56' title='bbox 880 1042 950 1097; x_wconf 83' lang='lat' dir='ltr'><strong>Et</strong></span> <span class='ocrx_word' id='word_1_57' title='bbox 1001 1059 1122 1099; x_wconf 85' lang='lat' dir='ltr'><strong>eam</strong></span> <span class='ocrx_word' id='word_1_58' title='bbox 1172 1046 1247 1101; x_wconf 86' lang='lat' dir='ltr'><strong>ob</strong></span> <span class='ocrx_word' id='word_1_59' title='bbox 1282 1063 1504 1104; x_wconf 85' lang='lat' dir='ltr'><strong>causam</strong></span> <span class='ocrx_word' id='word_1_60' title='bbox 1547 1061 1847 1109; x_wconf 89' lang='lat' dir='ltr'><strong>sectatores</strong></span> <span class='ocrx_word' id='word_1_61' title='bbox 1896 1057 2040 1123; x_wconf 80' lang='lat' dir='ltr'><strong>ejus,</strong></span> 
     </span>
    </p>
   </div>
   <div class='ocr_carea' id='block_1_13' title="bbox 476 1129 2042 1212">
    <p class='ocr_par' dir='ltr' id='par_1_13' title="bbox 476 1129 2042 1212">
     <span class='ocr_line' id='line_1_13' title="bbox 476 1129 2042 1212; baseline 0.015 -32"><span class='ocrx_word' id='word_1_62' title='bbox 476 1129 679 1185; x_wconf 88' lang='lat' dir='ltr'><strong>multos</strong></span> <span class='ocrx_word' id='word_1_63' title='bbox 706 1146 773 1186; x_wconf 79' lang='lat' dir='ltr'><strong>ex</strong></span> <span class='ocrx_word' id='word_1_64' title='bbox 828 1134 910 1188; x_wconf 90' lang='lat' dir='ltr'><strong>eis</strong></span> <span class='ocrx_word' id='word_1_65' title='bbox 940 1150 1082 1204; x_wconf 85' lang='lat' dir='ltr'><strong>quos</strong></span> <span class='ocrx_word' id='word_1_66' title='bbox 1122 1137 1361 1195; x_wconf 83' lang='lat' dir='ltr'><strong>diximus</strong></span> <span class='ocrx_word' id='word_1_67' title='bbox 1415 1143 1700 1199; x_wconf 88' lang='lat' dir='ltr'><strong>monachis</strong></span> <span class='ocrx_word' id='word_1_68' title='bbox 1751 1146 2042 1212; x_wconf 87' lang='lat' dir='ltr'><strong>occidisse,</strong></span> 
     </span>
    </p>
   </div>
   <div class='ocr_carea' id='block_1_14' title="bbox 472 1220 2045 1303">
    <p class='ocr_par' dir='ltr' id='par_1_14' title="bbox 472 1220 2045 1303">
     <span class='ocr_line' id='line_1_14' title="bbox 472 1220 2045 1303; baseline 0.014 -33"><span class='ocrx_word' id='word_1_69' title='bbox 472 1220 741 1287; x_wconf 87' lang='lat' dir='ltr'><strong>quosdam</strong></span> <span class='ocrx_word' id='word_1_70' title='bbox 813 1226 1132 1303; x_wconf 85' lang='lat' dir='ltr'><strong>vulneratos</strong></span> <span class='ocrx_word' id='word_1_71' title='bbox 1192 1230 1492 1301; x_wconf 87' lang='lat' dir='ltr'><strong>rejecisse,</strong></span> <span class='ocrx_word' id='word_1_72' title='bbox 1544 1235 1838 1293; x_wconf 91' lang='lat' dir='ltr'><strong>nonnullos</strong></span> <span class='ocrx_word' id='word_1_73' title='bbox 1910 1254 2045 1293; x_wconf 90' lang='lat' dir='ltr'><strong>vero</strong></span> 
     </span>
    </p>
   </div>
   <div class='ocr_carea' id='block_1_15' title="bbox 474 1311 2043 1396">
    <p class='ocr_par' dir='ltr' id='par_1_15' title="bbox 474 1311 2043 1396">
     <span class='ocr_line' id='line_1_15' title="bbox 474 1311 2043 1396; baseline 0.013 -33"><span class='ocrx_word' id='word_1_74' title='bbox 474 1311 746 1366; x_wconf 84' lang='lat' dir='ltr'><strong>custodiis</strong></span> <span class='ocrx_word' id='word_1_75' title='bbox 774 1313 1068 1373; x_wconf 86' lang='lat' dir='ltr'><strong>inclusisse</strong></span> <span class='ocrx_word' id='word_1_76' title='bbox 1112 1336 1127 1373; x_wconf 89' lang='lat'><strong>:</strong></span> <span class='ocrx_word' id='word_1_77' title='bbox 1175 1330 1341 1388; x_wconf 88' lang='lat' dir='ltr'><strong>atque</strong></span> <span class='ocrx_word' id='word_1_78' title='bbox 1383 1324 1643 1379; x_wconf 81' lang='lat' dir='ltr'><strong>Acacium</strong></span> <span class='ocrx_word' id='word_1_79' title='bbox 1681 1342 1857 1396; x_wconf 90' lang='lat' dir='ltr'><strong>usque</strong></span> <span class='ocrx_word' id='word_1_80' title='bbox 1905 1329 2043 1385; x_wconf 84' lang='lat' dir='ltr'><strong>adeo</strong></span> 
     </span>
    </p>
   </div>
   <div class='ocr_carea' id='block_1_16' title="bbox 471 1405 2044 1482">
    <p class='ocr_par' dir='ltr' id='par_1_16' title="bbox 471 1405 2044 1482">
     <span class='ocr_line' id='line_1_16' title="bbox 471 1405 2044 1482; baseline 0.016 -32"><span class='ocrx_word' id='word_1_81' title='bbox 471 1405 982 1461; x_wconf 73' lang='lat' dir='ltr'><strong>exauctorationem</strong></span> <span class='ocrx_word' id='word_1_82' title='bbox 1015 1424 1135 1463; x_wconf 89' lang='lat' dir='ltr'><strong>eam</strong></span> <span class='ocrx_word' id='word_1_83' title='bbox 1167 1410 1508 1482; x_wconf 83' lang='lat' dir='ltr'><strong>despexisse,</strong></span> <span class='ocrx_word' id='word_1_84' title='bbox 1540 1425 1599 1469; x_wconf 90' lang='lat' dir='ltr'><strong>ut</strong></span> <span class='ocrx_word' id='word_1_85' title='bbox 1640 1427 1823 1473; x_wconf 88' lang='lat' dir='ltr'><strong>mente</strong></span> <span class='ocrx_word' id='word_1_86' title='bbox 1850 1434 2044 1474; x_wconf 83' lang='lat' dir='ltr'><strong>sensu-</strong></span> 
     </span>
    </p>
   </div>
   <div class='ocr_carea' id='block_1_17' title="bbox 470 1497 2043 1577">
    <p class='ocr_par' dir='ltr' id='par_1_17' title="bbox 470 1497 2043 1577">
     <span class='ocr_line' id='line_1_17' title="bbox 470 1497 2043 1577; baseline 0.017 -36"><span class='ocrx_word' id='word_1_87' title='bbox 470 1507 583 1559; x_wconf 83' lang='lat' dir='ltr'><strong>que</strong></span> <span class='ocrx_word' id='word_1_88' title='bbox 615 1497 769 1551; x_wconf 89' lang='lat' dir='ltr'><strong>omni</strong></span> <span class='ocrx_word' id='word_1_89' title='bbox 798 1509 1012 1570; x_wconf 88' lang='lat' dir='ltr'><strong>captus,</strong></span> <span class='ocrx_word' id='word_1_90' title='bbox 1041 1503 1248 1570; x_wconf 86' lang='lat' dir='ltr'><strong>primus</strong></span> <span class='ocrx_word' id='word_1_91' title='bbox 1278 1506 1393 1575; x_wconf 89' lang='lat' dir='ltr'><strong>ipse</strong></span> <span class='ocrx_word' id='word_1_92' title='bbox 1426 1522 1577 1577; x_wconf 79' lang='lat' dir='ltr'><strong>papa:</strong></span> <span class='ocrx_word' id='word_1_93' title='bbox 1608 1524 1809 1565; x_wconf 85' lang='lat' dir='ltr'><strong>nomen</strong></span> <span class='ocrx_word' id='word_1_94' title='bbox 1835 1528 1864 1565; x_wconf 90' lang='lat' dir='ltr'><strong>e</strong></span> <span class='ocrx_word' id='word_1_95' title='bbox 1884 1527 2043 1568; x_wconf 87' lang='lat' dir='ltr'><strong>sacro</strong></span> 
     </span>
    </p>
   </div>
   <div class='ocr_carea' id='block_1_18' title="bbox 2153 600 3723 693">
    <p class='ocr_par' dir='ltr' id='par_1_18' title="bbox 2153 600 3723 693">
     <span class='ocr_line' id='line_1_18' title="bbox 2153 600 3723 693; baseline 0.015 -42"><span class='ocrx_word' id='word_1_96' title='bbox 2153 600 2321 670; x_wconf 78' lang='grc' dir='ltr'>Φῆλιξ</span> <span class='ocrx_word' id='word_1_97' title='bbox 2340 603 2438 674; x_wconf 72' lang='grc' dir='ltr'>τὴν</span> <span class='ocrx_word' id='word_1_98' title='bbox 2465 608 2785 680; x_wconf 71' lang='grc' dir='ltr'>καθαίρεσιν</span> <span class='ocrx_word' id='word_1_99' title='bbox 2819 616 3227 682; x_wconf 63' lang='grc' dir='ltr'>ἐξαπέστειλεν.</span> <span class='ocrx_word' id='word_1_100' title='bbox 3262 622 3456 691; x_wconf 80' lang='grc' dir='ltr'>Ἐδόθη</span> <span class='ocrx_word' id='word_1_101' title='bbox 3487 623 3545 675; x_wconf 69' lang='grc' dir='ltr'>δὶ</span> <span class='ocrx_word' id='word_1_102' title='bbox 3577 623 3723 693; x_wconf 78' lang='grc' dir='ltr'><strong>αὑτῴ</strong></span> 
     </span>
    </p>
   </div>
   <div class='ocr_carea' id='block_1_19' title="bbox 2148 693 3723 780">
    <p class='ocr_par' dir='ltr' id='par_1_19' title="bbox 2148 693 3723 780">
     <span class='ocr_line' id='line_1_19' title="bbox 2148 693 3723 780; baseline 0.003 -20"><span class='ocrx_word' id='word_1_103' title='bbox 2148 693 2287 760; x_wconf 66' lang='grc' dir='ltr'><strong>πρὸς</strong></span> <span class='ocrx_word' id='word_1_104' title='bbox 2347 696 2457 748; x_wconf 81' lang='grc' dir='ltr'><strong>τῶν</strong></span> <span class='ocrx_word' id='word_1_105' title='bbox 2518 706 2773 772; x_wconf 85' lang='grc' dir='ltr'>μοναχῶν</span> <span class='ocrx_word' id='word_1_106' title='bbox 2828 708 2928 777; x_wconf 84' lang='grc' dir='ltr'><strong>τῆς</strong></span> <span class='ocrx_word' id='word_1_107' title='bbox 2977 711 3103 764; x_wconf 91' lang='grc' dir='ltr'>Δίου</span> <span class='ocrx_word' id='word_1_108' title='bbox 3148 713 3318 780; x_wconf 79' lang='grc' dir='ltr'>μονῆς</span> <span class='ocrx_word' id='word_1_109' title='bbox 3367 713 3486 765; x_wconf 79' lang='grc' dir='ltr'>τῶν</span> <span class='ocrx_word' id='word_1_110' title='bbox 3511 714 3723 767; x_wconf 78' lang='grc' dir='ltr'><strong>ἀδύτων</strong></span> 
     </span>
    </p>
   </div>
   <div class='ocr_carea' id='block_1_20' title="bbox 2148 792 3721 873">
    <p class='ocr_par' dir='ltr' id='par_1_20' title="bbox 2148 792 3721 873">
     <span class='ocr_line' id='line_1_20' title="bbox 2148 792 3721 873; baseline 0.014 -30"><span class='ocrx_word' id='word_1_111' title='bbox 2148 792 2320 856; x_wconf 75' lang='grc' dir='ltr'>ἐντός.</span> <span class='ocrx_word' id='word_1_112' title='bbox 2353 795 2417 848; x_wconf 79' lang='lat' dir='ltr'><strong>Oi</strong></span> <span class='ocrx_word' id='word_1_113' title='bbox 2454 794 2512 848; x_wconf 75' lang='grc' dir='ltr'>δὲ</span> <span class='ocrx_word' id='word_1_114' title='bbox 2567 798 2700 867; x_wconf 77' lang='grc' dir='ltr'>περὶ</span> <span class='ocrx_word' id='word_1_115' title='bbox 2743 800 2906 854; x_wconf 84' lang='grc' dir='ltr'>αὑτὸν</span> <span class='ocrx_word' id='word_1_116' title='bbox 2955 803 3045 857; x_wconf 81' lang='grc' dir='ltr'>διὰ</span> <span class='ocrx_word' id='word_1_117' title='bbox 3089 806 3294 873; x_wconf 79' lang='grc' dir='ltr'>ταύτην</span> <span class='ocrx_word' id='word_1_118' title='bbox 3339 807 3438 860; x_wconf 76' lang='grc' dir='ltr'>καὶ</span> <span class='ocrx_word' id='word_1_119' title='bbox 3491 807 3721 866; x_wconf 72' lang='grc' dir='ltr'>πολλοὺς</span> 
     </span>
    </p>
   </div>
   <div class='ocr_carea' id='block_1_21' title="bbox 2150 882 3721 964">
    <p class='ocr_par' dir='ltr' id='par_1_21' title="bbox 2150 882 3721 964">
     <span class='ocr_line' id='line_1_21' title="bbox 2150 882 3721 964; baseline 0.008 -28"><span class='ocrx_word' id='word_1_120' title='bbox 2150 882 2251 952; x_wconf 77' lang='grc' dir='ltr'>μὲν</span> <span class='ocrx_word' id='word_1_121' title='bbox 2311 887 2419 939; x_wconf 84' lang='grc' dir='ltr'><strong>τῶν</strong></span> <span class='ocrx_word' id='word_1_122' title='bbox 2470 888 2780 958; x_wconf 77' lang='grc' dir='ltr'><strong>εἰρημένων</strong></span> <span class='ocrx_word' id='word_1_123' title='bbox 2837 896 3094 964; x_wconf 82' lang='grc' dir='ltr'>μοναχῶν</span> <span class='ocrx_word' id='word_1_124' title='bbox 3129 898 3364 950; x_wconf 77' lang='grc' dir='ltr'><strong>ἀνεῖλον·</strong></span> <span class='ocrx_word' id='word_1_125' title='bbox 3402 897 3498 959; x_wconf 78' lang='grc' dir='ltr'><strong>οὓς</strong></span> <span class='ocrx_word' id='word_1_126' title='bbox 3533 899 3588 949; x_wconf 78' lang='grc' dir='ltr'>δὲ</span> <span class='ocrx_word' id='word_1_127' title='bbox 3627 900 3721 949; x_wconf 78' lang='grc' dir='ltr'>καὶ</span> 
     </span>
    </p>
   </div>
   <div class='ocr_carea' id='block_1_22' title="bbox 2149 978 3719 1054">
    <p class='ocr_par' dir='ltr' id='par_1_22' title="bbox 2149 978 3719 1054">
     <span class='ocr_line' id='line_1_22' title="bbox 2149 978 3719 1054; baseline 0.009 -27"><span class='ocrx_word' id='word_1_128' title='bbox 2149 978 2494 1045; x_wconf 81' lang='grc' dir='ltr'>τραυματίας</span> <span class='ocrx_word' id='word_1_129' title='bbox 2518 981 2838 1050; x_wconf 78' lang='grc' dir='ltr'><strong>ποιήσαντες</strong></span> <span class='ocrx_word' id='word_1_130' title='bbox 2869 984 3077 1054; x_wconf 70' lang='grc' dir='ltr'>ἤλασαν</span> <span class='ocrx_word' id='word_1_131' title='bbox 3100 1003 3114 1018; x_wconf 75' lang='grc' dir='ltr'><strong>ο</strong></span> <span class='ocrx_word' id='word_1_132' title='bbox 3149 978 3344 1054; x_wconf 80' lang='grc' dir='ltr'>ἄλλοῦς</span> <span class='ocrx_word' id='word_1_133' title='bbox 3375 990 3435 1041; x_wconf 82' lang='grc' dir='ltr'>δὲ</span> <span class='ocrx_word' id='word_1_134' title='bbox 3462 990 3559 1042; x_wconf 74' lang='grc' dir='ltr'>καὶ</span> <span class='ocrx_word' id='word_1_135' title='bbox 3586 990 3719 1041; x_wconf 83' lang='grc' dir='ltr'>καθ-</span> 
     </span>
    </p>
   </div>
   <div class='ocr_carea' id='block_1_23' title="bbox 2148 1063 3719 1147">
    <p class='ocr_par' dir='ltr' id='par_1_23' title="bbox 2148 1063 3719 1147">
     <span class='ocr_line' id='line_1_23' title="bbox 2148 1063 3719 1147; baseline 0.001 -19"><span class='ocrx_word' id='word_1_136' title='bbox 2148 1063 2352 1133; x_wconf 77' lang='grc' dir='ltr'>εἶρξαν.</span> <span class='ocrx_word' id='word_1_137' title='bbox 2412 1067 2654 1138; x_wconf 80' lang='grc' dir='ltr'><strong>Ἀκακέῳ</strong></span> <span class='ocrx_word' id='word_1_138' title='bbox 2715 1070 2773 1125; x_wconf 81' lang='grc' dir='ltr'>δὲ</span> <span class='ocrx_word' id='word_1_139' title='bbox 2842 1074 3099 1128; x_wconf 78' lang='grc' dir='ltr'>τοσοῦτον</span> <span class='ocrx_word' id='word_1_140' title='bbox 3160 1077 3262 1145; x_wconf 85' lang='grc' dir='ltr'>τῆς</span> <span class='ocrx_word' id='word_1_141' title='bbox 3341 1079 3719 1147; x_wconf 73' lang='grc' dir='ltr'><strong>καθαιρέσεως</strong></span> 
     </span>
    </p>
   </div>
   <div class='ocr_carea' id='block_1_24' title="bbox 2149 1154 3730 1246">
    <p class='ocr_par' dir='ltr' id='par_1_24' title="bbox 2149 1154 3730 1246">
     <span class='ocr_line' id='line_1_24' title="bbox 2149 1154 3730 1246; baseline 0.01 -41"><span class='ocrx_word' id='word_1_142' title='bbox 2149 1154 2417 1224; x_wconf 74' lang='grc' dir='ltr'><strong>ἐμέλησεν</strong></span> <span class='ocrx_word' id='word_1_143' title='bbox 2446 1196 2462 1221; x_wconf 92' lang='grc'><strong>,</strong></span> <span class='ocrx_word' id='word_1_144' title='bbox 2496 1158 2627 1212; x_wconf 80' lang='grc' dir='ltr'><strong>ὥστ’</strong></span> <span class='ocrx_word' id='word_1_145' title='bbox 2657 1162 3003 1234; x_wconf 83' lang='grc' dir='ltr'><strong>ἀναισθήτως</strong></span> <span class='ocrx_word' id='word_1_146' title='bbox 3047 1167 3337 1230; x_wconf 80' lang='grc' dir='ltr'>διατεθεὶς,</span> <span class='ocrx_word' id='word_1_147' title='bbox 3380 1170 3599 1239; x_wconf 82' lang='grc' dir='ltr'>πρῶτος</span> <span class='ocrx_word' id='word_1_148' title='bbox 3630 1170 3730 1246; x_wconf 29' lang='grc' dir='ltr'><strong>καὶ.</strong></span> 
     </span>
    </p>
   </div>
   <div class='ocr_carea' id='block_1_25' title="bbox 2146 1244 3720 1331">
    <p class='ocr_par' dir='ltr' id='par_1_25' title="bbox 2146 1244 3720 1331">
     <span class='ocr_line' id='line_1_25' title="bbox 2146 1244 3720 1331; baseline 0.01 -34"><span class='ocrx_word' id='word_1_149' title='bbox 2146 1244 2210 1297; x_wconf 78' lang='grc' dir='ltr'><strong>τὸ</strong></span> <span class='ocrx_word' id='word_1_150' title='bbox 2257 1246 2352 1300; x_wconf 79' lang='grc' dir='ltr'>τοῦ</span> <span class='ocrx_word' id='word_1_151' title='bbox 2410 1250 2613 1305; x_wconf 84' lang='grc' dir='ltr'><strong>πάππα</strong></span> <span class='ocrx_word' id='word_1_152' title='bbox 2677 1257 3025 1325; x_wconf 86' lang='grc' dir='ltr'>μνημόσυνον</span> <span class='ocrx_word' id='word_1_153' title='bbox 3072 1259 3183 1312; x_wconf 81' lang='grc' dir='ltr'><strong>τῶν</strong></span> <span class='ocrx_word' id='word_1_154' title='bbox 3242 1261 3406 1331; x_wconf 79' lang='grc' dir='ltr'>ἱερῶν</span> <span class='ocrx_word' id='word_1_155' title='bbox 3479 1262 3720 1330; x_wconf 73' lang='grc' dir='ltr'>περιεῖλε</span> 
     </span>
    </p>
   </div>
   <div class='ocr_carea' id='block_1_26' title="bbox 2145 1335 3714 1421">
    <p class='ocr_par' dir='ltr' id='par_1_26' title="bbox 2145 1335 3714 1421">
     <span class='ocr_line' id='line_1_26' title="bbox 2145 1335 3714 1421; baseline 0.011 -34"><span class='ocrx_word' id='word_1_156' title='bbox 2145 1335 2441 1408; x_wconf 81' lang='grc' dir='ltr'>διπτύχων.</span> <span class='ocrx_word' id='word_1_157' title='bbox 2481 1341 2638 1397; x_wconf 79' lang='grc' dir='ltr'>Οὕτω</span> <span class='ocrx_word' id='word_1_158' title='bbox 2665 1345 2711 1398; x_wconf 87' lang='grc' dir='ltr'>δ’</span> <span class='ocrx_word' id='word_1_159' title='bbox 2741 1346 2882 1416; x_wconf 81' lang='grc' dir='ltr'>ἔχων</span> <span class='ocrx_word' id='word_1_160' title='bbox 2914 1349 3120 1419; x_wconf 84' lang='grc' dir='ltr'>δεσμοῦ</span> <span class='ocrx_word' id='word_1_161' title='bbox 3151 1352 3246 1404; x_wconf 87' lang='grc' dir='ltr'><strong>καὶ</strong></span> <span class='ocrx_word' id='word_1_162' title='bbox 3276 1353 3463 1421; x_wconf 78' lang='grc' dir='ltr'>ψυχῆς</span> <span class='ocrx_word' id='word_1_163' title='bbox 3492 1354 3587 1404; x_wconf 72' lang='grc' dir='ltr'><strong>καὶ</strong></span> <span class='ocrx_word' id='word_1_164' title='bbox 3622 1351 3714 1405; x_wconf 81' lang='grc' dir='ltr'>τοῦ</span> 
     </span>
    </p>
   </div>
   <div class='ocr_carea' id='block_1_27' title="bbox 2147 1426 3717 1514">
    <p class='ocr_par' dir='ltr' id='par_1_27' title="bbox 2147 1426 3717 1514">
     <span class='ocr_line' id='line_1_27' title="bbox 2147 1426 3717 1514; baseline -0.001 -18"><span class='ocrx_word' id='word_1_165' title='bbox 2147 1426 2423 1497; x_wconf 67' lang='grc' dir='ltr'><strong>σώματος,</strong></span> <span class='ocrx_word' id='word_1_166' title='bbox 2461 1436 2599 1495; x_wconf 72' lang='grc' dir='ltr'>μετὰ</span> <span class='ocrx_word' id='word_1_167' title='bbox 2658 1436 2833 1509; x_wconf 78' lang='grc' dir='ltr'>βραχὺ</span> <span class='ocrx_word' id='word_1_168' title='bbox 2883 1440 2984 1510; x_wconf 75' lang='grc' dir='ltr'>τὴν</span> <span class='ocrx_word' id='word_1_169' title='bbox 3035 1442 3220 1514; x_wconf 77' lang='grc' dir='ltr'>κοινὴν</span> <span class='ocrx_word' id='word_1_170' title='bbox 3278 1444 3456 1498; x_wconf 77' lang='grc' dir='ltr'>ἅπασι</span> <span class='ocrx_word' id='word_1_171' title='bbox 3491 1444 3717 1513; x_wconf 77' lang='grc' dir='ltr'>πορείαν</span> 
     </span>
    </p>
   </div>
   <div class='ocr_carea' id='block_1_28' title="bbox 2145 1516 2445 1580">
    <p class='ocr_par' dir='ltr' id='par_1_28' title="bbox 2145 1516 2445 1580">
     <span class='ocr_line' id='line_1_28' title="bbox 2145 1516 2445 1580; baseline 0.03 -10"><span class='ocrx_word' id='word_1_172' title='bbox 2145 1516 2445 1580; x_wconf 73' lang='grc' dir='ltr'>ἐστείλατο.</span> 
     </span>
    </p>
   </div>
   <div class='ocr_carea' id='block_1_29' title="bbox 472 1586 3719 1696">
    <p class='ocr_par' dir='ltr' id='par_1_29' title="bbox 472 1586 3719 1696">
     <span class='ocr_line' id='line_1_29' title="bbox 472 1586 3719 1696; baseline 0.013 -58"><span class='ocrx_word' id='word_1_173' title='bbox 472 1586 601 1640; x_wconf 84' lang='lat' dir='ltr'><strong>albo</strong></span> <span class='ocrx_word' id='word_1_174' title='bbox 624 1592 893 1646; x_wconf 80' lang='lat' dir='ltr'><strong>exemerit</strong></span> <span class='ocrx_word' id='word_1_175' title='bbox 927 1590 1027 1664; x_wconf 90' lang='lat' dir='ltr'><strong>(l).</strong></span> <span class='ocrx_word' id='word_1_176' title='bbox 1061 1594 1129 1649; x_wconf 87' lang='lat' dir='ltr'><strong>Et</strong></span> <span class='ocrx_word' id='word_1_177' title='bbox 1164 1596 1256 1653; x_wconf 90' lang='lat' dir='ltr'><strong>ille</strong></span> <span class='ocrx_word' id='word_1_178' title='bbox 1285 1597 1359 1653; x_wconf 91' lang='lat' dir='ltr'><strong>ita</strong></span> <span class='ocrx_word' id='word_1_179' title='bbox 1407 1607 1462 1654; x_wconf 87' lang='lat' dir='ltr'><strong>et</strong></span> <span class='ocrx_word' id='word_1_180' title='bbox 1493 1598 1678 1657; x_wconf 88' lang='lat' dir='ltr'><strong>animo</strong></span> <span class='ocrx_word' id='word_1_181' title='bbox 1748 1610 1803 1658; x_wconf 88' lang='lat' dir='ltr'><strong>et</strong></span> <span class='ocrx_word' id='word_1_182' title='bbox 1852 1618 2087 1676; x_wconf 87' lang='lat' dir='ltr'><strong>corpore</strong></span> <span class='ocrx_word' id='word_1_183' title='bbox 2126 1613 2368 1677; x_wconf 81' lang='lat' dir='ltr'><strong>vinctus,</strong></span> <span class='ocrx_word' id='word_1_184' title='bbox 2433 1615 2584 1670; x_wconf 88' lang='lat' dir='ltr'><strong>brevi</strong></span> <span class='ocrx_word' id='word_1_185' title='bbox 2618 1627 2742 1686; x_wconf 81' lang='lat' dir='ltr'><strong>post</strong></span> <span class='ocrx_word' id='word_1_186' title='bbox 2768 1635 3117 1677; x_wconf 75' lang='lat' dir='ltr'><strong>communem</strong></span> <span class='ocrx_word' id='word_1_187' title='bbox 3149 1624 3409 1678; x_wconf 86' lang='lat' dir='ltr'><strong>omnibus</strong></span> <span class='ocrx_word' id='word_1_188' title='bbox 3438 1626 3719 1696; x_wconf 75' lang='lat' dir='ltr'><strong>ingressus</strong></span> 
     </span>
    </p>
   </div>
   <div class='ocr_carea' id='block_1_30' title="bbox 471 1680 755 1736">
    <p class='ocr_par' dir='ltr' id='par_1_30' title="bbox 471 1680 755 1736">
     <span class='ocr_line' id='line_1_30' title="bbox 471 1680 755 1736; baseline 0.007 -3"><span class='ocrx_word' id='word_1_189' title='bbox 471 1687 556 1734; x_wconf 84' lang='lat' dir='ltr'><strong>est</strong></span> <span class='ocrx_word' id='word_1_190' title='bbox 584 1680 755 1736; x_wconf 84' lang='lat' dir='ltr'><strong>viam.</strong></span> 
     </span>
    </p>
   </div>
   <div class='ocr_carea' id='block_1_31' title="bbox 905 1807 1598 1879">
    <p class='ocr_par' dir='ltr' id='par_1_31' title="bbox 905 1807 1598 1879">
     <span class='ocr_line' id='line_1_31' title="bbox 905 1807 1598 1879; baseline 0.006 -17"><span class='ocrx_word' id='word_1_191' title='bbox 905 1807 1071 1879; x_wconf 64' lang='lat'><strong>63!,</strong></span> <span class='ocrx_word' id='word_1_192' title='bbox 1126 1809 1357 1866; x_wconf 78' lang='lat' dir='ltr'><strong>CAPUT</strong></span> <span class='ocrx_word' id='word_1_193' title='bbox 1412 1812 1598 1867; x_wconf 79' lang='lat' dir='ltr'><strong>xvm.</strong></span> 
     </span>
    </p>
   </div>
   <div class='ocr_carea' id='block_1_32' title="bbox 2739 1828 3134 1886">
    <p class='ocr_par' dir='ltr' id='par_1_32' title="bbox 2739 1828 3134 1886">
     <span class='ocr_line' id='line_1_32' title="bbox 2739 1828 3134 1886; baseline 0.005 -4"><span class='ocrx_word' id='word_1_194' title='bbox 2739 1828 2987 1884; x_wconf 73' lang='grc' dir='ltr'><strong>ΚΕΦᾹΛ.</strong></span> <span class='ocrx_word' id='word_1_195' title='bbox 3024 1830 3134 1886; x_wconf 73' lang='grc' dir='ltr'><strong>ιη’.</strong></span> 
     </span>
    </p>
   </div>
   <div class='ocr_carea' id='block_1_33' title="bbox 468 1902 2029 2009">
    <p class='ocr_par' dir='ltr' id='par_1_33' title="bbox 468 1908 2029 2009">
     <span class='ocr_line' id='line_1_33' title="bbox 468 1908 2029 2009; baseline 0.013 -46"><span class='ocrx_word' id='word_1_196' title='bbox 468 1908 547 1963; x_wconf 82' lang='lat' dir='ltr'><strong>De</strong></span> <span class='ocrx_word' id='word_1_197' title='bbox 583 1911 793 1967; x_wconf 66' lang='lat' dir='ltr'><strong>Navita</strong></span> <span class='ocrx_word' id='word_1_198' title='bbox 823 1919 1354 2009; x_wconf 59' lang='lat' dir='ltr'><strong>.-lc{1cii_surce:ssore,</strong></span> <span class='ocrx_word' id='word_1_199' title='bbox 1377 1933 1434 1975; x_wconf 82' lang='lat' dir='ltr'><strong>ut</strong></span> <span class='ocrx_word' id='word_1_200' title='bbox 1470 1924 1664 2006; x_wconf 47' lang='grc' dir='ltr'>ἰςχιύίο</span> <span class='ocrx_word' id='word_1_201' title='bbox 1697 1926 1837 1981; x_wconf 84' lang='lat' dir='ltr'><strong>malo</strong></span> <span class='ocrx_word' id='word_1_202' title='bbox 1862 1908 2029 1983; x_wconf 73' lang='lat' dir='ltr'><strong>sedem</strong></span> 
     </span>
    </p>
   </div>
   <div class='ocr_carea' id='block_1_34' title="bbox 2131 1902 3719 2009">
    <p class='ocr_par' dir='ltr' id='par_1_34' title="bbox 2142 1938 3719 2009">
     <span class='ocr_line' id='line_1_34' title="bbox 2142 1938 3719 2009; baseline 0 -19"><span class='ocrx_word' id='word_1_203' title='bbox 2142 1938 2280 2009; x_wconf 73' lang='grc' dir='ltr'>Περὶ</span> <span class='ocrx_word' id='word_1_204' title='bbox 2315 1940 2581 2009; x_wconf 16' lang='grc' dir='ltr'>Φλανυττα</span> <span class='ocrx_word' id='word_1_205' title='bbox 2610 1940 2715 1993; x_wconf 84' lang='grc' dir='ltr'>τοῦ</span> <span class='ocrx_word' id='word_1_206' title='bbox 2739 1942 2888 2009; x_wconf 83' lang='grc' dir='ltr'>μετὰ</span> <span class='ocrx_word' id='word_1_207' title='bbox 2914 1943 3200 1996; x_wconf 73' lang='grc' dir='ltr'>Ἀκὰκισν</span> <span class='ocrx_word' id='word_1_208' title='bbox 3248 1941 3363 2007; x_wconf 76' lang='grc' dir='ltr'>τὴν</span> <span class='ocrx_word' id='word_1_209' title='bbox 3404 1943 3719 1993; x_wconf 59' lang='lat' dir='ltr'><strong>Numerar-</strong></span> 
     </span>
    </p>
   </div>
   <div class='ocr_carea' id='block_1_35' title="bbox 924 1992 1572 2057">
    <p class='ocr_par' dir='ltr' id='par_1_35' title="bbox 924 1992 1572 2057">
     <span class='ocr_line' id='line_1_35' title="bbox 924 1992 1572 2057; baseline 0.014 -19"><span class='ocrx_word' id='word_1_210' title='bbox 924 1992 1270 2057; x_wconf 68' lang='lat' dir='ltr'><strong>episcopalem</strong></span> <span class='ocrx_word' id='word_1_211' title='bbox 1304 1993 1572 2048; x_wconf 72' lang='lat' dir='ltr'><strong>invaserit.</strong></span> 
     </span>
    </p>
   </div>
   <div class='ocr_carea' id='block_1_36' title="bbox 538 2158 2033 2242">
    <p class='ocr_par' dir='ltr' id='par_1_36' title="bbox 538 2158 2033 2242">
     <span class='ocr_line' id='line_1_36' title="bbox 538 2158 2033 2242; baseline 0.012 -31"><span class='ocrx_word' id='word_1_212' title='bbox 538 2158 663 2213; x_wconf 83' lang='lat' dir='ltr'><strong>l’ost</strong></span> <span class='ocrx_word' id='word_1_213' title='bbox 721 2160 868 2217; x_wconf 83' lang='lat' dir='ltr'><strong>hunc</strong></span> <span class='ocrx_word' id='word_1_214' title='bbox 925 2163 1167 2221; x_wconf 88' lang='lat' dir='ltr'><strong>Flavitas</strong></span> <span class='ocrx_word' id='word_1_215' title='bbox 1230 2166 1309 2236; x_wconf 77' lang='grc'><strong>(2)</strong></span> <span class='ocrx_word' id='word_1_216' title='bbox 1363 2167 2033 2242; x_wconf 86' lang='lat' dir='ltr'><strong>Constantinopolitanum</strong></span> 
     </span>
    </p>
   </div>
   <div class='ocr_carea' id='block_1_37' title="bbox 464 2253 2036 2337">
    <p class='ocr_par' dir='ltr' id='par_1_37' title="bbox 464 2253 2036 2337">
     <span class='ocr_line' id='line_1_37' title="bbox 464 2253 2036 2337; baseline 0.011 -33"><span class='ocrx_word' id='word_1_217' title='bbox 464 2253 711 2320; x_wconf 72' lang='lat' dir='ltr'><strong>suscepit</strong></span> <span class='ocrx_word' id='word_1_218' title='bbox 736 2255 1158 2324; x_wconf 77' lang='lat' dir='ltr'><strong>episcopatum:</strong></span> <span class='ocrx_word' id='word_1_219' title='bbox 1204 2260 1311 2325; x_wconf 89' lang='lat' dir='ltr'><strong>vir,</strong></span> <span class='ocrx_word' id='word_1_220' title='bbox 1350 2262 1446 2330; x_wconf 87' lang='lat' dir='ltr'><strong>qui</strong></span> <span class='ocrx_word' id='word_1_221' title='bbox 1492 2264 1711 2332; x_wconf 87' lang='lat' dir='ltr'><strong>quidem</strong></span> <span class='ocrx_word' id='word_1_222' title='bbox 1746 2266 2036 2337; x_wconf 85' lang='lat' dir='ltr'><strong>presbyter</strong></span> 
     </span>
    </p>
   </div>
   <div class='ocr_carea' id='block_1_38' title="bbox 463 2346 2035 2426">
    <p class='ocr_par' dir='ltr' id='par_1_38' title="bbox 463 2346 2035 2426">
     <span class='ocr_line' id='line_1_38' title="bbox 463 2346 2035 2426; baseline 0.013 -30"><span class='ocrx_word' id='word_1_223' title='bbox 463 2358 589 2401; x_wconf 80' lang='lat' dir='ltr'><strong>esse</strong></span> <span class='ocrx_word' id='word_1_224' title='bbox 607 2348 754 2400; x_wconf 86' lang='lat' dir='ltr'><strong>visus</strong></span> <span class='ocrx_word' id='word_1_225' title='bbox 772 2346 863 2409; x_wconf 83' lang='lat' dir='ltr'><strong>sit,</strong></span> <span class='ocrx_word' id='word_1_226' title='bbox 879 2349 971 2402; x_wconf 88' lang='lat' dir='ltr'><strong>sed</strong></span> <span class='ocrx_word' id='word_1_227' title='bbox 988 2366 1163 2420; x_wconf 85' lang='lat' dir='ltr'><strong>usque</strong></span> <span class='ocrx_word' id='word_1_228' title='bbox 1180 2351 1318 2407; x_wconf 89' lang='lat' dir='ltr'><strong>adeo</strong></span> <span class='ocrx_word' id='word_1_229' title='bbox 1339 2355 1617 2410; x_wconf 88' lang='lat' dir='ltr'><strong>audaciam</strong></span> <span class='ocrx_word' id='word_1_230' title='bbox 1637 2369 1693 2412; x_wconf 91' lang='lat' dir='ltr'><strong>et</strong></span> <span class='ocrx_word' id='word_1_231' title='bbox 1710 2358 2035 2426; x_wconf 81' lang='lat' dir='ltr'><strong>improbita-</strong></span> 
     </span>
    </p>
   </div>
   <div class='ocr_carea' id='block_1_39' title="bbox 464 2444 2031 2518">
    <p class='ocr_par' dir='ltr' id='par_1_39' title="bbox 464 2444 2031 2518">
     <span class='ocr_line' id='line_1_39' title="bbox 464 2444 2031 2518; baseline 0.01 -28"><span class='ocrx_word' id='word_1_232' title='bbox 464 2450 573 2491; x_wconf 80' lang='lat' dir='ltr'><strong>tem</strong></span> <span class='ocrx_word' id='word_1_233' title='bbox 610 2455 878 2495; x_wconf 81' lang='lat' dir='ltr'><strong>summam</strong></span> <span class='ocrx_word' id='word_1_234' title='bbox 908 2444 1246 2511; x_wconf 78' lang='lat' dir='ltr'><strong>pervenerit,</strong></span> <span class='ocrx_word' id='word_1_235' title='bbox 1283 2456 1345 2500; x_wconf 90' lang='lat' dir='ltr'><strong>ut</strong></span> <span class='ocrx_word' id='word_1_236' title='bbox 1368 2446 1421 2501; x_wconf 90' lang='lat' dir='ltr'><strong>id</strong></span> <span class='ocrx_word' id='word_1_237' title='bbox 1452 2449 1598 2518; x_wconf 90' lang='lat' dir='ltr'><strong>quod</strong></span> <span class='ocrx_word' id='word_1_238' title='bbox 1628 2450 1881 2508; x_wconf 86' lang='lat' dir='ltr'><strong>dicturus</strong></span> <span class='ocrx_word' id='word_1_239' title='bbox 1912 2468 2031 2506; x_wconf 89' lang='lat' dir='ltr'><strong>sum</strong></span> 
     </span>
    </p>
   </div>
   <div class='ocr_carea' id='block_1_40' title="bbox 462 2530 2031 2615">
    <p class='ocr_par' dir='ltr' id='par_1_40' title="bbox 462 2530 2031 2615">
     <span class='ocr_line' id='line_1_40' title="bbox 462 2530 2031 2615; baseline 0.011 -31"><span class='ocrx_word' id='word_1_240' title='bbox 462 2530 707 2598; x_wconf 79' lang='lat' dir='ltr'><strong>facinus,</strong></span> <span class='ocrx_word' id='word_1_241' title='bbox 758 2534 917 2596; x_wconf 84' lang='lat' dir='ltr'><strong>satis,</strong></span> <span class='ocrx_word' id='word_1_242' title='bbox 970 2534 1150 2604; x_wconf 85' lang='lat' dir='ltr'><strong>qualis</strong></span> <span class='ocrx_word' id='word_1_243' title='bbox 1206 2536 1255 2592; x_wconf 88' lang='lat' dir='ltr'><strong>is</strong></span> <span class='ocrx_word' id='word_1_244' title='bbox 1303 2537 1493 2605; x_wconf 81' lang='lat' dir='ltr'><strong>fuerit,</strong></span> <span class='ocrx_word' id='word_1_245' title='bbox 1541 2540 1791 2598; x_wconf 87' lang='lat' dir='ltr'><strong>indicare</strong></span> <span class='ocrx_word' id='word_1_246' title='bbox 1834 2546 2031 2615; x_wconf 88' lang='lat' dir='ltr'><strong>possit.</strong></span> 
     </span>
    </p>
   </div>
   <div class='ocr_carea' id='block_1_41' title="bbox 463 2622 2031 2704">
    <p class='ocr_par' dir='ltr' id='par_1_41' title="bbox 463 2622 2031 2704">
     <span class='ocr_line' id='line_1_41' title="bbox 463 2622 2031 2704; baseline 0.01 -27"><span class='ocrx_word' id='word_1_247' title='bbox 463 2622 616 2677; x_wconf 86' lang='lat' dir='ltr'><strong>Zeno</strong></span> <span class='ocrx_word' id='word_1_248' title='bbox 676 2624 927 2680; x_wconf 78' lang='lat' dir='ltr'><strong>chartam</strong></span> <span class='ocrx_word' id='word_1_249' title='bbox 982 2643 1179 2697; x_wconf 87' lang='lat' dir='ltr'><strong>puram</strong></span> <span class='ocrx_word' id='word_1_250' title='bbox 1229 2629 1285 2685; x_wconf 87' lang='lat' dir='ltr'><strong>in</strong></span> <span class='ocrx_word' id='word_1_251' title='bbox 1337 2645 1499 2687; x_wconf 91' lang='lat' dir='ltr'><strong>sacro</strong></span> <span class='ocrx_word' id='word_1_252' title='bbox 1554 2634 1802 2703; x_wconf 83' lang='lat' dir='ltr'><strong>reposuit</strong></span> <span class='ocrx_word' id='word_1_253' title='bbox 1851 2637 2031 2704; x_wconf 84' lang='lat' dir='ltr'><strong>altari,</strong></span> 
     </span>
    </p>
   </div>
   <div class='ocr_carea' id='block_1_42' title="bbox 461 2716 2030 2797">
    <p class='ocr_par' dir='ltr' id='par_1_42' title="bbox 461 2716 2030 2797">
     <span class='ocr_line' id='line_1_42' title="bbox 461 2716 2030 2797; baseline 0.009 -29"><span class='ocrx_word' id='word_1_254' title='bbox 461 2724 630 2784; x_wconf 86' lang='lat' dir='ltr'><strong>atque</strong></span> <span class='ocrx_word' id='word_1_255' title='bbox 662 2717 714 2770; x_wconf 92' lang='lat' dir='ltr'><strong>in</strong></span> <span class='ocrx_word' id='word_1_256' title='bbox 756 2716 945 2774; x_wconf 88' lang='lat' dir='ltr'><strong>charta</strong></span> <span class='ocrx_word' id='word_1_257' title='bbox 976 2719 1081 2775; x_wconf 91' lang='lat' dir='ltr'><strong>alia</strong></span> <span class='ocrx_word' id='word_1_258' title='bbox 1114 2734 1214 2790; x_wconf 88' lang='lat' dir='ltr'><strong>per</strong></span> <span class='ocrx_word' id='word_1_259' title='bbox 1241 2722 1507 2792; x_wconf 88' lang='lat' dir='ltr'><strong>scriptum</strong></span> <span class='ocrx_word' id='word_1_260' title='bbox 1532 2724 1646 2780; x_wconf 80' lang='lat' dir='ltr'><strong>Deo</strong></span> <span class='ocrx_word' id='word_1_261' title='bbox 1677 2728 2030 2797; x_wconf 66' lang='lat' dir='ltr'><strong>supplicavit,</strong></span> 
     </span>
    </p>
   </div>
   <div class='ocr_carea' id='block_1_43' title="bbox 461 2809 2030 2889">
    <p class='ocr_par' dir='ltr' id='par_1_43' title="bbox 461 2809 2030 2889">
     <span class='ocr_line' id='line_1_43' title="bbox 461 2809 2030 2889; baseline 0.008 -29"><span class='ocrx_word' id='word_1_262' title='bbox 461 2816 524 2861; x_wconf 89' lang='lat' dir='ltr'><strong>ut</strong></span> <span class='ocrx_word' id='word_1_263' title='bbox 552 2822 653 2877; x_wconf 86' lang='lat' dir='ltr'><strong>per</strong></span> <span class='ocrx_word' id='word_1_264' title='bbox 672 2809 851 2879; x_wconf 78' lang='lat' dir='ltr'><strong>angeli</strong></span> <span class='ocrx_word' id='word_1_265' title='bbox 878 2825 1118 2877; x_wconf 87' lang='lat' dir='ltr'><strong>manum,</strong></span> <span class='ocrx_word' id='word_1_266' title='bbox 1145 2827 1267 2882; x_wconf 83' lang='lat' dir='ltr'><strong>quae</strong></span> <span class='ocrx_word' id='word_1_267' title='bbox 1290 2815 1343 2868; x_wconf 92' lang='lat' dir='ltr'><strong>in</strong></span> <span class='ocrx_word' id='word_1_268' title='bbox 1365 2814 1651 2870; x_wconf 87' lang='lat' dir='ltr'><strong>hominum</strong></span> <span class='ocrx_word' id='word_1_269' title='bbox 1675 2829 2030 2889; x_wconf 89' lang='lat' dir='ltr'><strong>conspectum</strong></span> 
     </span>
    </p>
   </div>
   <div class='ocr_carea' id='block_1_44' title="bbox 460 2903 2032 2980">
    <p class='ocr_par' dir='ltr' id='par_1_44' title="bbox 460 2903 2032 2980">
     <span class='ocr_line' id='line_1_44' title="bbox 460 2903 2032 2980; baseline 0.009 -25"><span class='ocrx_word' id='word_1_270' title='bbox 460 2918 573 2956; x_wconf 90' lang='lat' dir='ltr'><strong>non</strong></span> <span class='ocrx_word' id='word_1_271' title='bbox 600 2903 839 2971; x_wconf 75' lang='lat' dir='ltr'><strong>veniret,</strong></span> <span class='ocrx_word' id='word_1_272' title='bbox 875 2920 1076 2961; x_wconf 87' lang='lat' dir='ltr'><strong>nomen</strong></span> <span class='ocrx_word' id='word_1_273' title='bbox 1102 2908 1223 2978; x_wconf 88' lang='lat' dir='ltr'><strong>ejus</strong></span> <span class='ocrx_word' id='word_1_274' title='bbox 1262 2909 1587 2973; x_wconf 81' lang='lat' dir='ltr'><strong>ascriberet,</strong></span> <span class='ocrx_word' id='word_1_275' title='bbox 1625 2927 1789 2980; x_wconf 87' lang='lat' dir='ltr'><strong>quem</strong></span> <span class='ocrx_word' id='word_1_276' title='bbox 1819 2914 2032 2969; x_wconf 66' lang='lat' dir='ltr'><strong>caelesti</strong></span> 
     </span>
    </p>
   </div>
   <div class='ocr_carea' id='block_1_45' title="bbox 458 2996 2030 3067">
    <p class='ocr_par' dir='ltr' id='par_1_45' title="bbox 458 2996 2030 3067">
     <span class='ocr_line' id='line_1_45' title="bbox 458 2996 2030 3067; baseline 0.008 -18"><span class='ocrx_word' id='word_1_277' title='bbox 458 2996 674 3051; x_wconf 79' lang='lat' dir='ltr'><strong>calculo</strong></span> <span class='ocrx_word' id='word_1_278' title='bbox 720 2996 1346 3067; x_wconf 72' lang='lat' dir='ltr'><strong>Constantinopolitanze</strong></span> <span class='ocrx_word' id='word_1_279' title='bbox 1387 3000 1649 3058; x_wconf 72' lang='lat' dir='ltr'><strong>Ecclesiae</strong></span> <span class='ocrx_word' id='word_1_280' title='bbox 1683 3005 2030 3061; x_wconf 88' lang='lat' dir='ltr'><strong>hierarcham</strong></span> 
     </span>
    </p>
   </div>
   <div class='ocr_carea' id='block_1_46' title="bbox 457 3090 2029 3169">
    <p class='ocr_par' dir='ltr' id='par_1_46' title="bbox 457 3090 2029 3169">
     <span class='ocr_line' id='line_1_46' title="bbox 457 3090 2029 3169; baseline 0.007 -27"><span class='ocrx_word' id='word_1_281' title='bbox 457 3090 779 3160; x_wconf 72' lang='lat' dir='ltr'><strong>praelectum</strong></span> <span class='ocrx_word' id='word_1_282' title='bbox 824 3092 1008 3146; x_wconf 85' lang='lat' dir='ltr'><strong>vellet.</strong></span> <span class='ocrx_word' id='word_1_283' title='bbox 1032 3094 1215 3162; x_wconf 81' lang='lat' dir='ltr'><strong>Atque</strong></span> <span class='ocrx_word' id='word_1_284' title='bbox 1244 3095 1316 3148; x_wconf 88' lang='lat' dir='ltr'><strong>oh</strong></span> <span class='ocrx_word' id='word_1_285' title='bbox 1346 3110 1468 3149; x_wconf 86' lang='lat' dir='ltr'><strong>eam</strong></span> <span class='ocrx_word' id='word_1_286' title='bbox 1500 3112 1617 3152; x_wconf 90' lang='lat' dir='ltr'><strong>rem</strong></span> <span class='ocrx_word' id='word_1_287' title='bbox 1660 3098 2029 3169; x_wconf 79' lang='lat' dir='ltr'><strong>quadraginta</strong></span> 
     </span>
    </p>
   </div>
   <div class='ocr_carea' id='block_1_47' title="bbox 458 3182 2026 3258">
    <p class='ocr_par' dir='ltr' id='par_1_47' title="bbox 458 3182 2026 3258">
     <span class='ocr_line' id='line_1_47' title="bbox 458 3182 2026 3258; baseline 0.008 -25"><span class='ocrx_word' id='word_1_288' title='bbox 458 3182 678 3235; x_wconf 89' lang='lat' dir='ltr'><strong>dierum</strong></span> <span class='ocrx_word' id='word_1_289' title='bbox 713 3182 987 3253; x_wconf 78' lang='lat' dir='ltr'><strong>jejunium</strong></span> <span class='ocrx_word' id='word_1_290' title='bbox 1021 3183 1250 3249; x_wconf 77' lang='lat' dir='ltr'><strong>indixit,</strong></span> <span class='ocrx_word' id='word_1_291' title='bbox 1298 3195 1354 3240; x_wconf 89' lang='lat' dir='ltr'><strong>et</strong></span> <span class='ocrx_word' id='word_1_292' title='bbox 1392 3187 1560 3241; x_wconf 84' lang='lat' dir='ltr'><strong>Deum</strong></span> <span class='ocrx_word' id='word_1_293' title='bbox 1607 3204 1801 3244; x_wconf 89' lang='lat' dir='ltr'><strong>omnes</strong></span> <span class='ocrx_word' id='word_1_294' title='bbox 1845 3206 2026 3258; x_wconf 87' lang='lat' dir='ltr'><strong>orare,</strong></span> 
     </span>
    </p>
   </div>
   <div class='ocr_carea' id='block_1_48' title="bbox 459 3264 2028 3349">
    <p class='ocr_par' dir='ltr' id='par_1_48' title="bbox 459 3264 2028 3349">
     <span class='ocr_line' id='line_1_48' title="bbox 459 3264 2028 3349; baseline 0.008 -24"><span class='ocrx_word' id='word_1_295' title='bbox 459 3283 523 3325; x_wconf 91' lang='lat' dir='ltr'><strong>ut</strong></span> <span class='ocrx_word' id='word_1_296' title='bbox 552 3274 647 3342; x_wconf 90' lang='lat' dir='ltr'><strong>qui</strong></span> <span class='ocrx_word' id='word_1_297' title='bbox 683 3275 763 3327; x_wconf 87' lang='lat' dir='ltr'><strong>dli</strong></span> <span class='ocrx_word' id='word_1_298' title='bbox 788 3275 1029 3343; x_wconf 84' lang='lat' dir='ltr'><strong>placitus</strong></span> <span class='ocrx_word' id='word_1_299' title='bbox 1066 3264 1245 3342; x_wconf 70' lang='lat' dir='ltr'><strong>esset,</strong></span> <span class='ocrx_word' id='word_1_300' title='bbox 1270 3276 1607 3344; x_wconf 83' lang='lat' dir='ltr'><strong>ostenderet,</strong></span> <span class='ocrx_word' id='word_1_301' title='bbox 1654 3280 1840 3349; x_wconf 85' lang='lat' dir='ltr'><strong>jussit.</strong></span> <span class='ocrx_word' id='word_1_302' title='bbox 1899 3281 2028 3337; x_wconf 74' lang='lat' dir='ltr'><strong>Haec</strong></span> 
     </span>
    </p>
   </div>
   <div class='ocr_carea' id='block_1_49' title="bbox 459 3364 2027 3439">
    <p class='ocr_par' dir='ltr' id='par_1_49' title="bbox 459 3364 2027 3439">
     <span class='ocr_line' id='line_1_49' title="bbox 459 3364 2027 3439; baseline 0.006 -20"><span class='ocrx_word' id='word_1_303' title='bbox 459 3365 555 3419; x_wconf 85' lang='lat' dir='ltr'><strong>ubi</strong></span> <span class='ocrx_word' id='word_1_304' title='bbox 589 3364 830 3420; x_wconf 87' lang='lat' dir='ltr'><strong>Flavitas</strong></span> <span class='ocrx_word' id='word_1_305' title='bbox 848 3367 1127 3436; x_wconf 80' lang='lat' dir='ltr'><strong>cognovit,</strong></span> <span class='ocrx_word' id='word_1_306' title='bbox 1156 3384 1293 3423; x_wconf 90' lang='lat' dir='ltr'><strong>auro</strong></span> <span class='ocrx_word' id='word_1_307' title='bbox 1316 3369 1491 3425; x_wconf 86' lang='lat' dir='ltr'><strong>multo</strong></span> <span class='ocrx_word' id='word_1_308' title='bbox 1516 3374 1709 3439; x_wconf 88' lang='lat' dir='ltr'><strong>tetnpli</strong></span> <span class='ocrx_word' id='word_1_309' title='bbox 1740 3374 2027 3430; x_wconf 86' lang='lat' dir='ltr'><strong>custodem</strong></span> 
     </span>
    </p>
   </div>
   <div class='ocr_carea' id='block_1_50' title="bbox 458 3457 2026 3528">
    <p class='ocr_par' dir='ltr' id='par_1_50' title="bbox 458 3457 2026 3528">
     <span class='ocr_line' id='line_1_50' title="bbox 458 3457 2026 3528; baseline 0.007 -18"><span class='ocrx_word' id='word_1_310' title='bbox 458 3457 555 3526; x_wconf 86' lang='lat' dir='ltr'><strong>qui</strong></span> <span class='ocrx_word' id='word_1_311' title='bbox 608 3457 755 3511; x_wconf 87' lang='lat' dir='ltr'><strong>idem</strong></span> <span class='ocrx_word' id='word_1_312' title='bbox 809 3458 1071 3527; x_wconf 86' lang='lat' dir='ltr'><strong>princeps</strong></span> <span class='ocrx_word' id='word_1_313' title='bbox 1122 3458 1494 3528; x_wconf 88' lang='lat' dir='ltr'><strong>imperialium</strong></span> <span class='ocrx_word' id='word_1_314' title='bbox 1559 3463 2026 3521; x_wconf 76' lang='lat' dir='ltr'><strong>cubiculariorum</strong></span> 
     </span>
    </p>
   </div>
   <div class='ocr_carea' id='block_1_51' title="bbox 456 3549 2031 3626">
    <p class='ocr_par' dir='ltr' id='par_1_51' title="bbox 456 3549 2031 3626">
     <span class='ocr_line' id='line_1_51' title="bbox 456 3549 2031 3626; baseline 0.008 -24"><span class='ocrx_word' id='word_1_315' title='bbox 456 3556 601 3611; x_wconf 84' lang='lat' dir='ltr'><strong>erat,</strong></span> <span class='ocrx_word' id='word_1_316' title='bbox 626 3550 903 3618; x_wconf 86' lang='lat' dir='ltr'><strong>corrupit,</strong></span> <span class='ocrx_word' id='word_1_317' title='bbox 938 3557 999 3603; x_wconf 88' lang='lat' dir='ltr'><strong>ut</strong></span> <span class='ocrx_word' id='word_1_318' title='bbox 1027 3549 1081 3603; x_wconf 88' lang='lat' dir='ltr'><strong>in</strong></span> <span class='ocrx_word' id='word_1_319' title='bbox 1109 3549 1299 3605; x_wconf 89' lang='lat' dir='ltr'><strong>charta</strong></span> <span class='ocrx_word' id='word_1_320' title='bbox 1322 3566 1456 3622; x_wconf 88' lang='lat' dir='ltr'><strong>pura</strong></span> <span class='ocrx_word' id='word_1_321' title='bbox 1490 3568 1689 3609; x_wconf 86' lang='lat' dir='ltr'><strong>nomen</strong></span> <span class='ocrx_word' id='word_1_322' title='bbox 1717 3555 1837 3626; x_wconf 83' lang='lat' dir='ltr'><strong>ejus</strong></span> <span class='ocrx_word' id='word_1_323' title='bbox 1859 3558 2031 3614; x_wconf 86' lang='lat' dir='ltr'><strong>adno-</strong></span> 
     </span>
    </p>
   </div>
   <div class='ocr_carea' id='block_1_52' title="bbox 457 3643 2028 3720">
    <p class='ocr_par' dir='ltr' id='par_1_52' title="bbox 457 3643 2028 3720">
     <span class='ocr_line' id='line_1_52' title="bbox 457 3643 2028 3720; baseline 0.006 -24"><span class='ocrx_word' id='word_1_324' title='bbox 457 3653 626 3705; x_wconf 90' lang='lat' dir='ltr'><strong>taret,</strong></span> <span class='ocrx_word' id='word_1_325' title='bbox 658 3656 892 3711; x_wconf 81' lang='lat' dir='ltr'><strong>eamque</strong></span> <span class='ocrx_word' id='word_1_326' title='bbox 923 3655 1140 3697; x_wconf 86' lang='lat' dir='ltr'><strong>rursum</strong></span> <span class='ocrx_word' id='word_1_327' title='bbox 1178 3643 1530 3714; x_wconf 84' lang='lat' dir='ltr'><strong>imperatoris</strong></span> <span class='ocrx_word' id='word_1_328' title='bbox 1563 3647 1646 3718; x_wconf 78' lang='lat' dir='ltr'><strong>sig</strong></span> <span class='ocrx_word' id='word_1_329' title='bbox 1669 3648 1742 3704; x_wconf 95' lang='lat' dir='ltr'><strong>llo</strong></span> <span class='ocrx_word' id='word_1_330' title='bbox 1772 3649 2028 3720; x_wconf 84' lang='lat' dir='ltr'><strong>obsigna-</strong></span> 
     </span>
    </p>
   </div>
   <div class='ocr_carea' id='block_1_53' title="bbox 453 3734 2027 3807">
    <p class='ocr_par' dir='ltr' id='par_1_53' title="bbox 453 3734 2027 3807">
     <span class='ocr_line' id='line_1_53' title="bbox 453 3734 2027 3807; baseline 0.007 -18"><span class='ocrx_word' id='word_1_331' title='bbox 453 3744 565 3790; x_wconf 81' lang='lat' dir='ltr'><strong>ret.</strong></span> <span class='ocrx_word' id='word_1_332' title='bbox 596 3736 712 3789; x_wconf 79' lang='lat' dir='ltr'><strong>Hoc</strong></span> <span class='ocrx_word' id='word_1_333' title='bbox 758 3734 854 3789; x_wconf 88' lang='lat' dir='ltr'><strong>uhi</strong></span> <span class='ocrx_word' id='word_1_334' title='bbox 885 3734 1092 3789; x_wconf 75' lang='lat' dir='ltr'><strong>factum</strong></span> <span class='ocrx_word' id='word_1_335' title='bbox 1133 3746 1239 3801; x_wconf 87' lang='lat' dir='ltr'><strong>est,</strong></span> <span class='ocrx_word' id='word_1_336' title='bbox 1294 3745 1459 3807; x_wconf 89' lang='lat' dir='ltr'><strong>atque</strong></span> <span class='ocrx_word' id='word_1_337' title='bbox 1516 3740 1607 3794; x_wconf 85' lang='lat' dir='ltr'><strong>ubi</strong></span> <span class='ocrx_word' id='word_1_338' title='bbox 1658 3743 2027 3800; x_wconf 78' lang='lat' dir='ltr'><strong>constitutum</strong></span> 
     </span>
    </p>
   </div>
   <div class='ocr_carea' id='block_1_54' title="bbox 450 3825 2024 3899">
    <p class='ocr_par' dir='ltr' id='par_1_54' title="bbox 450 3825 2024 3899">
     <span class='ocr_line' id='line_1_54' title="bbox 450 3825 2024 3899; baseline 0.01 -22"><span class='ocrx_word' id='word_1_339' title='bbox 450 3826 651 3899; x_wconf 85' lang='lat' dir='ltr'><strong>jejunii</strong></span> <span class='ocrx_word' id='word_1_340' title='bbox 680 3825 950 3895; x_wconf 72' lang='lat' dir='ltr'><strong>praeteriit</strong></span> <span class='ocrx_word' id='word_1_341' title='bbox 991 3835 1226 3896; x_wconf 80' lang='lat' dir='ltr'><strong>tempus,</strong></span> <span class='ocrx_word' id='word_1_342' title='bbox 1253 3827 1434 3899; x_wconf 81' lang='lat' dir='ltr'><strong>sigillo</strong></span> <span class='ocrx_word' id='word_1_343' title='bbox 1470 3830 1526 3885; x_wconf 91' lang='lat' dir='ltr'><strong>in</strong></span> <span class='ocrx_word' id='word_1_344' title='bbox 1557 3832 1748 3888; x_wconf 87' lang='lat' dir='ltr'><strong>charta</strong></span> <span class='ocrx_word' id='word_1_345' title='bbox 1780 3835 2024 3899; x_wconf 87' lang='lat' dir='ltr'><strong>sublato.</strong></span> 
     </span>
    </p>
   </div>
   <div class='ocr_carea' id='block_1_55' title="bbox 455 3920 2025 4001">
    <p class='ocr_par' dir='ltr' id='par_1_55' title="bbox 455 3920 2025 4001">
     <span class='ocr_line' id='line_1_55' title="bbox 455 3920 2025 4001; baseline 0.008 -26"><span class='ocrx_word' id='word_1_346' title='bbox 455 3924 761 3991; x_wconf 89' lang='lat' dir='ltr'><strong>derepente</strong></span> <span class='ocrx_word' id='word_1_347' title='bbox 793 3920 1033 3977; x_wconf 87' lang='lat' dir='ltr'><strong>Fiavitas</strong></span> <span class='ocrx_word' id='word_1_348' title='bbox 1057 3920 1264 3992; x_wconf 83' lang='lat' dir='ltr'><strong>ingenti</strong></span> <span class='ocrx_word' id='word_1_349' title='bbox 1292 3923 1488 3993; x_wconf 82' lang='lat' dir='ltr'><strong>gloria,</strong></span> <span class='ocrx_word' id='word_1_350' title='bbox 1526 3926 1763 3996; x_wconf 87' lang='lat' dir='ltr'><strong>perinde</strong></span> <span class='ocrx_word' id='word_1_351' title='bbox 1800 3940 1967 4001; x_wconf 84' lang='lat' dir='ltr'><strong>atque</strong></span> <span class='ocrx_word' id='word_1_352' title='bbox 1993 3947 2025 3987; x_wconf 89' lang='lat' dir='ltr'><strong>a</strong></span> 
     </span>
    </p>
   </div>
   <div class='ocr_carea' id='block_1_56' title="bbox 453 4016 2027 4090">
    <p class='ocr_par' dir='ltr' id='par_1_56' title="bbox 453 4016 2027 4090">
     <span class='ocr_line' id='line_1_56' title="bbox 453 4016 2027 4090; baseline 0.004 -17"><span class='ocrx_word' id='word_1_353' title='bbox 453 4017 568 4073; x_wconf 89' lang='lat' dir='ltr'><strong>Deo</strong></span> <span class='ocrx_word' id='word_1_354' title='bbox 616 4016 936 4086; x_wconf 80' lang='lat' dir='ltr'><strong>designatus</strong></span> <span class='ocrx_word' id='word_1_355' title='bbox 979 4025 1145 4081; x_wconf 85' lang='lat' dir='ltr'><strong>esset,</strong></span> <span class='ocrx_word' id='word_1_356' title='bbox 1181 4016 1430 4084; x_wconf 82' lang='lat' dir='ltr'><strong>allluens,</strong></span> <span class='ocrx_word' id='word_1_357' title='bbox 1465 4030 1757 4089; x_wconf 74' lang='lat' dir='ltr'><strong>correptus</strong></span> <span class='ocrx_word' id='word_1_358' title='bbox 1812 4035 1919 4090; x_wconf 84' lang='lat' dir='ltr'><strong>est,</strong></span> <span class='ocrx_word' id='word_1_359' title='bbox 1968 4036 2027 4080; x_wconf 90' lang='lat' dir='ltr'><strong>et</strong></span> 
     </span>
    </p>
   </div>
   <div class='ocr_carea' id='block_1_57' title="bbox 452 4109 2026 4182">
    <p class='ocr_par' dir='ltr' id='par_1_57' title="bbox 452 4109 2026 4182">
     <span class='ocr_line' id='line_1_57' title="bbox 452 4109 2026 4182; baseline 0.005 -15"><span class='ocrx_word' id='word_1_360' title='bbox 452 4110 746 4182; x_wconf 82' lang='lat' dir='ltr'><strong>magniﬁco</strong></span> <span class='ocrx_word' id='word_1_361' title='bbox 776 4109 920 4167; x_wconf 88' lang='lat' dir='ltr'><strong>saltu</strong></span> <span class='ocrx_word' id='word_1_362' title='bbox 949 4111 1004 4165; x_wconf 92' lang='lat' dir='ltr'><strong>in</strong></span> <span class='ocrx_word' id='word_1_363' title='bbox 1032 4111 1363 4180; x_wconf 71' lang='lat' dir='ltr'><strong>patriarcha:</strong></span> <span class='ocrx_word' id='word_1_364' title='bbox 1394 4113 1651 4170; x_wconf 89' lang='lat' dir='ltr'><strong>thronum</strong></span> <span class='ocrx_word' id='word_1_365' title='bbox 1681 4117 1727 4172; x_wconf 90' lang='lat' dir='ltr'><strong>is</strong></span> <span class='ocrx_word' id='word_1_366' title='bbox 1755 4132 2026 4174; x_wconf 82' lang='lat' dir='ltr'><strong>conscen-</strong></span> 
     </span>
    </p>
   </div>
   <div class='ocr_carea' id='block_1_58' title="bbox 452 4206 2026 4279">
    <p class='ocr_par' dir='ltr' id='par_1_58' title="bbox 452 4206 2026 4279">
     <span class='ocr_line' id='line_1_58' title="bbox 452 4206 2026 4279; baseline 0.005 -21"><span class='ocrx_word' id='word_1_367' title='bbox 452 4208 556 4260; x_wconf 85' lang='lat' dir='ltr'><strong>dit.</strong></span> <span class='ocrx_word' id='word_1_368' title='bbox 592 4207 792 4261; x_wconf 82' lang='lat' dir='ltr'><strong>Verum</strong></span> <span class='ocrx_word' id='word_1_369' title='bbox 820 4206 1106 4274; x_wconf 82' lang='lat' dir='ltr'><strong>enimvero</strong></span> <span class='ocrx_word' id='word_1_370' title='bbox 1131 4206 1407 4274; x_wconf 88' lang='lat' dir='ltr'><strong>piaculum</strong></span> <span class='ocrx_word' id='word_1_371' title='bbox 1435 4206 1488 4261; x_wconf 91' lang='lat' dir='ltr'><strong>id</strong></span> <span class='ocrx_word' id='word_1_372' title='bbox 1513 4210 1863 4279; x_wconf 75' lang='lat' dir='ltr'><strong>omnipotens</strong></span> <span class='ocrx_word' id='word_1_373' title='bbox 1891 4210 2026 4266; x_wconf 85' lang='lat' dir='ltr'><strong>Pro-</strong></span> 
     </span>
    </p>
   </div>
   <div class='ocr_carea' id='block_1_59' title="bbox 453 4297 2022 4366">
    <p class='ocr_par' dir='ltr' id='par_1_59' title="bbox 453 4297 2022 4366">
     <span class='ocr_line' id='line_1_59' title="bbox 453 4297 2022 4366; baseline 0.004 -16"><span class='ocrx_word' id='word_1_374' title='bbox 453 4299 700 4352; x_wconf 80' lang='lat' dir='ltr'><strong>videntia</strong></span> <span class='ocrx_word' id='word_1_375' title='bbox 728 4313 837 4352; x_wconf 84' lang='lat' dir='ltr'><strong>non</strong></span> <span class='ocrx_word' id='word_1_376' title='bbox 872 4297 967 4350; x_wconf 88' lang='lat' dir='ltr'><strong>diu</strong></span> <span class='ocrx_word' id='word_1_377' title='bbox 990 4298 1167 4351; x_wconf 89' lang='lat' dir='ltr'><strong>latere</strong></span> <span class='ocrx_word' id='word_1_378' title='bbox 1201 4313 1380 4366; x_wconf 87' lang='lat' dir='ltr'><strong>passa,</strong></span> <span class='ocrx_word' id='word_1_379' title='bbox 1410 4300 1721 4354; x_wconf 89' lang='lat' dir='ltr'><strong>illusionem</strong></span> <span class='ocrx_word' id='word_1_380' title='bbox 1752 4317 1873 4355; x_wconf 86' lang='lat' dir='ltr'><strong>eam</strong></span> <span class='ocrx_word' id='word_1_381' title='bbox 1905 4318 2022 4357; x_wconf 81' lang='lat' dir='ltr'><strong>sce—</strong></span> 
     </span>
    </p>
   </div>
   <div class='ocr_carea' id='block_1_60' title="bbox 454 4390 2023 4462">
    <p class='ocr_par' dir='ltr' id='par_1_60' title="bbox 454 4390 2023 4462">
     <span class='ocr_line' id='line_1_60' title="bbox 454 4390 2023 4462; baseline 0.002 -18"><span class='ocrx_word' id='word_1_382' title='bbox 454 4393 751 4458; x_wconf 79' lang='lat' dir='ltr'><strong>nicamque</strong></span> <span class='ocrx_word' id='word_1_383' title='bbox 813 4391 1089 4444; x_wconf 82' lang='lat' dir='ltr'><strong>actionem</strong></span> <span class='ocrx_word' id='word_1_384' title='bbox 1162 4390 1569 4459; x_wconf 85' lang='lat' dir='ltr'><strong>quamprimum</strong></span> <span class='ocrx_word' id='word_1_385' title='bbox 1636 4391 1691 4446; x_wconf 91' lang='lat' dir='ltr'><strong>in</strong></span> <span class='ocrx_word' id='word_1_386' title='bbox 1769 4403 2023 4462; x_wconf 89' lang='lat' dir='ltr'><strong>apertum</strong></span> 
     </span>
    </p>
   </div>
   <div class='ocr_carea' id='block_1_61' title="bbox 452 4482 2026 4558">
    <p class='ocr_par' dir='ltr' id='par_1_61' title="bbox 452 4482 2026 4558">
     <span class='ocr_line' id='line_1_61' title="bbox 452 4482 2026 4558; baseline 0.003 -20"><span class='ocrx_word' id='word_1_387' title='bbox 452 4484 740 4555; x_wconf 76' lang='lat' dir='ltr'><strong>produxit.</strong></span> <span class='ocrx_word' id='word_1_388' title='bbox 774 4483 963 4537; x_wconf 75' lang='lat' dir='ltr'><strong>Infelix</strong></span> <span class='ocrx_word' id='word_1_389' title='bbox 995 4482 1258 4537; x_wconf 90' lang='lat' dir='ltr'><strong>enimille</strong></span> <span class='ocrx_word' id='word_1_390' title='bbox 1290 4498 1418 4537; x_wconf 92' lang='lat' dir='ltr'><strong>cum</strong></span> <span class='ocrx_word' id='word_1_391' title='bbox 1453 4499 1562 4539; x_wconf 89' lang='lat' dir='ltr'><strong>non</strong></span> <span class='ocrx_word' id='word_1_392' title='bbox 1607 4495 1752 4542; x_wconf 90' lang='lat' dir='ltr'><strong>totos</strong></span> <span class='ocrx_word' id='word_1_393' title='bbox 1786 4497 2026 4558; x_wconf 88' lang='lat' dir='ltr'><strong>quatuor</strong></span> 
     </span>
    </p>
   </div>
   <div class='ocr_carea' id='block_1_62' title="bbox 2208 2007 3716 2146">
    <p class='ocr_par' dir='ltr' id='par_1_62' title="bbox 2208 2007 3716 2146">
     <span class='ocr_line' id='line_1_62' title="bbox 2208 2007 3716 2146; baseline 0.001 -86"><span class='ocrx_word' id='word_1_394' title='bbox 2208 2007 2377 2146; x_wconf 42' lang='grc' dir='ltr'>ἦνον</span> <span class='ocrx_word' id='word_1_395' title='bbox 2429 2007 2984 2077; x_wconf 73' lang='grc' dir='ltr'>ἐπισκοπήσαντος,</span> <span class='ocrx_word' id='word_1_396' title='bbox 3043 2014 3121 2078; x_wconf 82' lang='grc' dir='ltr'>ὡς</span> <span class='ocrx_word' id='word_1_397' title='bbox 3164 2012 3325 2080; x_wconf 67' lang='grc' dir='ltr'>δόλῳ</span> <span class='ocrx_word' id='word_1_398' title='bbox 3359 2012 3468 2063; x_wconf 78' lang='grc' dir='ltr'>τὸν</span> <span class='ocrx_word' id='word_1_399' title='bbox 3497 2012 3716 2076; x_wconf 79' lang='grc' dir='ltr'><strong>θρόνον</strong></span> 
     </span>
     <span class='ocr_line' id='line_1_63' title="bbox 2289 2093 2465 2133; baseline 0.023 -4"><span class='ocrx_word' id='word_1_400' title='bbox 2289 2093 2465 2133; x_wconf 65' lang='lat' dir='ltr'><strong>nave.</strong></span> 
     </span>
    </p>
   </div>
   <div class='ocr_carea' id='block_1_63' title="bbox 2289 2093 2465 2133">
    <p class='ocr_par' dir='ltr' id='par_1_63' title="bbox 2289 2093 2465 2133">
     <span class='ocr_line' id='line_1_64' title="bbox 2289 2093 2465 2133; baseline 0.023 -4"><span class='ocrx_word' id='word_1_401' title='bbox 2289 2093 2465 2133; x_wconf 81' lang='grc' dir='ltr'>πασε.</span> 
     </span>
    </p>
   </div>
   <div class='ocr_carea' id='block_1_64' title="bbox 2206 2190 3719 2264">
    <p class='ocr_par' dir='ltr' id='par_1_64' title="bbox 2206 2190 3719 2264">
     <span class='ocr_line' id='line_1_65' title="bbox 2206 2190 3719 2264; baseline 0.001 -19"><span class='ocrx_word' id='word_1_402' title='bbox 2206 2190 2367 2245; x_wconf 83' lang='grc' dir='ltr'><strong>Μετὰ</strong></span> <span class='ocrx_word' id='word_1_403' title='bbox 2387 2191 2441 2244; x_wconf 76' lang='grc' dir='ltr'>δὲ</span> <span class='ocrx_word' id='word_1_404' title='bbox 2472 2190 2662 2245; x_wconf 81' lang='grc' dir='ltr'>τοῦτον</span> <span class='ocrx_word' id='word_1_405' title='bbox 2695 2192 2966 2256; x_wconf 64' lang='lat' dir='ltr'><strong>mcum;</strong></span> <span class='ocrx_word' id='word_1_406' title='bbox 3011 2195 3111 2264; x_wconf 83' lang='grc' dir='ltr'>τὴν</span> <span class='ocrx_word' id='word_1_407' title='bbox 3144 2196 3244 2264; x_wconf 82' lang='grc' dir='ltr'>τῆς</span> <span class='ocrx_word' id='word_1_408' title='bbox 3290 2196 3719 2251; x_wconf 78' lang='grc' dir='ltr'>Κωνσταντίνου</span> 
     </span>
    </p>
   </div>
   <div class='ocr_carea' id='block_1_65' title="bbox 2135 2281 3713 2357">
    <p class='ocr_par' dir='ltr' id='par_1_65' title="bbox 2135 2281 3713 2357">
     <span class='ocr_line' id='line_1_66' title="bbox 2135 2281 3713 2357; baseline 0.005 -23"><span class='ocrx_word' id='word_1_409' title='bbox 2135 2281 2441 2352; x_wconf 77' lang='grc' dir='ltr'>ἐπισκοπὴν</span> <span class='ocrx_word' id='word_1_410' title='bbox 2482 2282 2752 2354; x_wconf 80' lang='grc' dir='ltr'><strong>διεδέχετο</strong></span> <span class='ocrx_word' id='word_1_411' title='bbox 2776 2299 2790 2315; x_wconf 81' lang='grc'><em>’</em></span> <span class='ocrx_word' id='word_1_412' title='bbox 2832 2285 2971 2355; x_wconf 81' lang='grc' dir='ltr'>ἀνὴρ</span> <span class='ocrx_word' id='word_1_413' title='bbox 3019 2286 3402 2357; x_wconf 73' lang='grc' dir='ltr'>πρεσϐύτερος</span> <span class='ocrx_word' id='word_1_414' title='bbox 3438 2289 3542 2357; x_wconf 84' lang='grc' dir='ltr'>μὲν</span> <span class='ocrx_word' id='word_1_415' title='bbox 3573 2287 3713 2342; x_wconf 79' lang='grc' dir='ltr'>εἶναι</span> 
     </span>
    </p>
   </div>
   <div class='ocr_carea' id='block_1_66' title="bbox 2082 2371 3715 2451">
    <p class='ocr_par' dir='ltr' id='par_1_66' title="bbox 2082 2371 3715 2451">
     <span class='ocr_line' id='line_1_67' title="bbox 2082 2371 3715 2451; baseline 0.002 -25"><span class='ocrx_word' id='word_1_416' title='bbox 2082 2434 2091 2435; x_wconf 19' lang='grc' dir='ltr'>ί</span> <span class='ocrx_word' id='word_1_417' title='bbox 2136 2371 2333 2437; x_wconf 85' lang='grc' dir='ltr'>δοκῶν,</span> <span class='ocrx_word' id='word_1_418' title='bbox 2359 2374 2455 2426; x_wconf 72' lang='grc' dir='ltr'><strong>ἐπὶ</strong></span> <span class='ocrx_word' id='word_1_419' title='bbox 2500 2376 2654 2427; x_wconf 78' lang='grc' dir='ltr'>τόσον</span> <span class='ocrx_word' id='word_1_420' title='bbox 2684 2375 2740 2429; x_wconf 71' lang='grc' dir='ltr'>δὲ</span> <span class='ocrx_word' id='word_1_421' title='bbox 2774 2375 2982 2446; x_wconf 84' lang='grc' dir='ltr'><strong>τόλμης</strong></span> <span class='ocrx_word' id='word_1_422' title='bbox 3010 2377 3163 2447; x_wconf 69' lang='grc' dir='ltr'>ἥκων</span> <span class='ocrx_word' id='word_1_423' title='bbox 3197 2379 3290 2431; x_wconf 73' lang='grc' dir='ltr'><strong>καὶ</strong></span> <span class='ocrx_word' id='word_1_424' title='bbox 3318 2380 3598 2451; x_wconf 77' lang='grc' dir='ltr'>πονηρίας</span> <span class='ocrx_word' id='word_1_425' title='bbox 3630 2380 3715 2440; x_wconf 82' lang='grc' dir='ltr'>εἰς</span> 
     </span>
    </p>
   </div>
   <div class='ocr_carea' id='block_1_67' title="bbox 2135 2464 3714 2542">
    <p class='ocr_par' dir='ltr' id='par_1_67' title="bbox 2135 2464 3714 2542">
     <span class='ocr_line' id='line_1_68' title="bbox 2135 2464 3714 2542; baseline 0.004 -24"><span class='ocrx_word' id='word_1_426' title='bbox 2135 2464 2196 2518; x_wconf 78' lang='grc' dir='ltr'>τὸ</span> <span class='ocrx_word' id='word_1_427' title='bbox 2221 2464 2547 2536; x_wconf 80' lang='grc' dir='ltr'><strong>ἀκρότατον,</strong></span> <span class='ocrx_word' id='word_1_428' title='bbox 2597 2469 2671 2530; x_wconf 84' lang='grc' dir='ltr'>ὡς</span> <span class='ocrx_word' id='word_1_429' title='bbox 2712 2467 2899 2520; x_wconf 79' lang='grc' dir='ltr'>ἱκανόν</span> <span class='ocrx_word' id='word_1_430' title='bbox 2952 2486 3016 2537; x_wconf 88' lang='grc' dir='ltr'><strong>γε</strong></span> <span class='ocrx_word' id='word_1_431' title='bbox 3056 2464 3197 2522; x_wconf 83' lang='grc' dir='ltr'>εἶναι</span> <span class='ocrx_word' id='word_1_432' title='bbox 3237 2471 3299 2523; x_wconf 79' lang='grc' dir='ltr'>τὸ</span> <span class='ocrx_word' id='word_1_433' title='bbox 3331 2472 3714 2542; x_wconf 73' lang='grc' dir='ltr'><strong>ῥηθησόμενον</strong></span> 
     </span>
    </p>
   </div>
   <div class='ocr_carea' id='block_1_68' title="bbox 2135 2555 3711 2635">
    <p class='ocr_par' dir='ltr' id='par_1_68' title="bbox 2135 2555 3711 2635">
     <span class='ocr_line' id='line_1_69' title="bbox 2135 2555 3711 2635; baseline 0.003 -28"><span class='ocrx_word' id='word_1_434' title='bbox 2135 2555 2520 2625; x_wconf 83' lang='grc' dir='ltr'>τεκμηριῶσαι</span> <span class='ocrx_word' id='word_1_435' title='bbox 2568 2555 2663 2608; x_wconf 76' lang='grc' dir='ltr'>τὸν</span> <span class='ocrx_word' id='word_1_436' title='bbox 2714 2557 3024 2629; x_wconf 84' lang='grc' dir='ltr'>ἄνθρωπον.</span> <span class='ocrx_word' id='word_1_437' title='bbox 3092 2561 3279 2631; x_wconf 81' lang='grc' dir='ltr'>Ζήνων</span> <span class='ocrx_word' id='word_1_438' title='bbox 3327 2563 3441 2631; x_wconf 82' lang='grc' dir='ltr'><strong>γάρ</strong></span> <span class='ocrx_word' id='word_1_439' title='bbox 3501 2563 3711 2635; x_wconf 79' lang='grc' dir='ltr'>χάρτην</span> 
     </span>
    </p>
   </div>
   <div class='ocr_carea' id='block_1_69' title="bbox 2134 2645 3713 2723">
    <p class='ocr_par' dir='ltr' id='par_1_69' title="bbox 2134 2645 3713 2723">
     <span class='ocr_line' id='line_1_70' title="bbox 2134 2645 3713 2723; baseline 0.004 -26"><span class='ocrx_word' id='word_1_440' title='bbox 2134 2645 2386 2715; x_wconf 71' lang='grc' dir='ltr'>ἄγραφον</span> <span class='ocrx_word' id='word_1_441' title='bbox 2428 2646 2570 2700; x_wconf 77' lang='grc' dir='ltr'>κατὰ</span> <span class='ocrx_word' id='word_1_442' title='bbox 2617 2648 2716 2717; x_wconf 85' lang='grc' dir='ltr'>τῆς</span> <span class='ocrx_word' id='word_1_443' title='bbox 2765 2650 2932 2717; x_wconf 80' lang='grc' dir='ltr'><strong>ἁγίας</strong></span> <span class='ocrx_word' id='word_1_444' title='bbox 2981 2649 3229 2720; x_wconf 64' lang='grc' dir='ltr'>ἐπαφῆκε</span> <span class='ocrx_word' id='word_1_445' title='bbox 3279 2654 3589 2723; x_wconf 70' lang='grc' dir='ltr'>τραπέζης·</span> <span class='ocrx_word' id='word_1_446' title='bbox 3623 2653 3713 2718; x_wconf 76' lang='grc' dir='ltr'><strong>ἔγ·-</strong></span> 
     </span>
    </p>
   </div>
   <div class='ocr_carea' id='block_1_70' title="bbox 2135 2738 3709 2816">
    <p class='ocr_par' dir='ltr' id='par_1_70' title="bbox 2135 2738 3709 2816">
     <span class='ocr_line' id='line_1_71' title="bbox 2135 2738 3709 2816; baseline 0.005 -26"><span class='ocrx_word' id='word_1_447' title='bbox 2135 2755 2348 2808; x_wconf 80' lang='grc' dir='ltr'>γραφον</span> <span class='ocrx_word' id='word_1_448' title='bbox 2386 2738 2456 2791; x_wconf 78' lang='grc' dir='ltr'><strong>δι’</strong></span> <span class='ocrx_word' id='word_1_449' title='bbox 2509 2739 2697 2810; x_wconf 78' lang='grc' dir='ltr'>ἑτέρου</span> <span class='ocrx_word' id='word_1_450' title='bbox 2743 2742 2944 2812; x_wconf 83' lang='grc' dir='ltr'>χάρτου</span> <span class='ocrx_word' id='word_1_451' title='bbox 3013 2744 3341 2812; x_wconf 85' lang='grc' dir='ltr'>ποιούμενος</span> <span class='ocrx_word' id='word_1_452' title='bbox 3396 2746 3532 2816; x_wconf 81' lang='grc' dir='ltr'>πρὸς</span> <span class='ocrx_word' id='word_1_453' title='bbox 3554 2745 3709 2810; x_wconf 76' lang='grc' dir='ltr'>Θεὸν,</span> 
     </span>
    </p>
   </div>
   <div class='ocr_carea' id='block_1_71' title="bbox 2133 2829 3699 2907">
    <p class='ocr_par' dir='ltr' id='par_1_71' title="bbox 2133 2829 3699 2907">
     <span class='ocr_line' id='line_1_72' title="bbox 2133 2829 3699 2907; baseline 0.009 -25"><span class='ocrx_word' id='word_1_454' title='bbox 2133 2829 2266 2883; x_wconf 79' lang='grc' dir='ltr'><strong>ὥστ’</strong></span> <span class='ocrx_word' id='word_1_455' title='bbox 2296 2830 2531 2899; x_wconf 79' lang='grc' dir='ltr'><strong>ἀγγέλου</strong></span> <span class='ocrx_word' id='word_1_456' title='bbox 2559 2834 2705 2901; x_wconf 79' lang='grc' dir='ltr'>χειρὶ</span> <span class='ocrx_word' id='word_1_457' title='bbox 2735 2834 2983 2903; x_wconf 75' lang='grc' dir='ltr'>ἀοράτως</span> <span class='ocrx_word' id='word_1_458' title='bbox 3012 2837 3391 2907; x_wconf 74' lang='grc' dir='ltr'>ἐγγράφεσθαι</span> <span class='ocrx_word' id='word_1_459' title='bbox 3438 2837 3699 2906; x_wconf 77' lang='grc' dir='ltr'>τοῦνομα.</span> 
     </span>
    </p>
   </div>
   <div class='ocr_carea' id='block_1_72' title="bbox 2142 2922 3712 3000">
    <p class='ocr_par' dir='ltr' id='par_1_72' title="bbox 2142 2922 3712 3000">
     <span class='ocr_line' id='line_1_73' title="bbox 2142 2922 3712 3000; baseline 0.003 -24"><span class='ocrx_word' id='word_1_460' title='bbox 2142 2923 2203 2977; x_wconf 83' lang='grc' dir='ltr'><strong>ὃν</strong></span> <span class='ocrx_word' id='word_1_461' title='bbox 2240 2924 2307 2976; x_wconf 89' lang='grc' dir='ltr'>ἂν</span> <span class='ocrx_word' id='word_1_462' title='bbox 2339 2924 2373 2992; x_wconf 83' lang='grc' dir='ltr'><strong>ἡ</strong></span> <span class='ocrx_word' id='word_1_463' title='bbox 2429 2922 2638 2977; x_wconf 77' lang='grc' dir='ltr'>ἄνωθεν</span> <span class='ocrx_word' id='word_1_464' title='bbox 2682 2924 2863 2995; x_wconf 76' lang='grc' dir='ltr'>ψῆφος</span> <span class='ocrx_word' id='word_1_465' title='bbox 2918 2928 3191 2997; x_wconf 86' lang='grc' dir='ltr'>ἱεραρχεῖν</span> <span class='ocrx_word' id='word_1_466' title='bbox 3234 2929 3564 3000; x_wconf 77' lang='grc' dir='ltr'><strong>ἐπιλέξηται</strong></span> <span class='ocrx_word' id='word_1_467' title='bbox 3614 2931 3712 2998; x_wconf 81' lang='grc' dir='ltr'>τῆς</span> 
     </span>
    </p>
   </div>
   <div class='ocr_carea' id='block_1_73' title="bbox 2134 3016 3709 3088">
    <p class='ocr_par' dir='ltr' id='par_1_73' title="bbox 2134 3016 3709 3088">
     <span class='ocr_line' id='line_1_74' title="bbox 2134 3016 3709 3088; baseline 0.001 -18"><span class='ocrx_word' id='word_1_468' title='bbox 2134 3016 2768 3080; x_wconf 83' lang='grc' dir='ltr'>Κωνσταντινουπόλεως</span> <span class='ocrx_word' id='word_1_469' title='bbox 2813 3017 3157 3088; x_wconf 82' lang='grc' dir='ltr'>Ἐκκλησίας.</span> <span class='ocrx_word' id='word_1_470' title='bbox 3183 3020 3279 3072; x_wconf 89' lang='grc' dir='ltr'>Διά</span> <span class='ocrx_word' id='word_1_471' title='bbox 3309 3036 3395 3074; x_wconf 91' lang='grc' dir='ltr'><strong>τοι</strong></span> <span class='ocrx_word' id='word_1_472' title='bbox 3436 3021 3594 3074; x_wconf 79' lang='grc' dir='ltr'>τοῦτο</span> <span class='ocrx_word' id='word_1_473' title='bbox 3617 3020 3709 3072; x_wconf 71' lang='grc' dir='ltr'>καὶ</span> 
     </span>
    </p>
   </div>
   <div class='ocr_carea' id='block_1_74' title="bbox 2133 3107 3709 3183">
    <p class='ocr_par' dir='ltr' id='par_1_74' title="bbox 2133 3107 3709 3183">
     <span class='ocr_line' id='line_1_75' title="bbox 2133 3107 3709 3183; baseline 0.001 -23"><span class='ocrx_word' id='word_1_474' title='bbox 2133 3107 2730 3178; x_wconf 81' lang='grc' dir='ltr'>τεσσαρακονθήμερον</span> <span class='ocrx_word' id='word_1_475' title='bbox 2770 3109 3026 3179; x_wconf 83' lang='grc' dir='ltr'>νηστείαν</span> <span class='ocrx_word' id='word_1_476' title='bbox 3075 3114 3197 3175; x_wconf 87' lang='grc' dir='ltr'>ταῖς</span> <span class='ocrx_word' id='word_1_477' title='bbox 3238 3112 3566 3183; x_wconf 76' lang='grc' dir='ltr'>ἐκκλησίαις</span> <span class='ocrx_word' id='word_1_478' title='bbox 3596 3110 3709 3163; x_wconf 78' lang='grc' dir='ltr'><strong>ὲθέο</strong></span> 
     </span>
    </p>
   </div>
   <div class='ocr_carea' id='block_1_75' title="bbox 2134 3200 3703 3268">
    <p class='ocr_par' dir='ltr' id='par_1_75' title="bbox 2134 3200 3703 3268">
     <span class='ocr_line' id='line_1_76' title="bbox 2134 3200 3703 3268; baseline 0.003 -18"><span class='ocrx_word' id='word_1_479' title='bbox 2134 3200 2331 3262; x_wconf 75' lang='grc' dir='ltr'>σπιζε,</span> <span class='ocrx_word' id='word_1_480' title='bbox 2375 3200 2471 3252; x_wconf 71' lang='grc' dir='ltr'>καὶ</span> <span class='ocrx_word' id='word_1_481' title='bbox 2521 3200 2732 3261; x_wconf 86' lang='grc' dir='ltr'>πάντας</span> <span class='ocrx_word' id='word_1_482' title='bbox 2767 3202 2936 3254; x_wconf 68' lang='grc' dir='ltr'>ἐκίνει</span> <span class='ocrx_word' id='word_1_483' title='bbox 2967 3202 3182 3255; x_wconf 87' lang='grc' dir='ltr'>δεῖσθαι</span> <span class='ocrx_word' id='word_1_484' title='bbox 3219 3202 3383 3267; x_wconf 77' lang='grc' dir='ltr'>Θεοῦ,</span> <span class='ocrx_word' id='word_1_485' title='bbox 3425 3204 3703 3268; x_wconf 81' lang='grc' dir='ltr'>ἀναδεῖξαι</span> 
     </span>
    </p>
   </div>
   <div class='ocr_carea' id='block_1_76' title="bbox 2130 3290 3701 3368">
    <p class='ocr_par' dir='ltr' id='par_1_76' title="bbox 2130 3290 3701 3368">
     <span class='ocr_line' id='line_1_77' title="bbox 2130 3290 3701 3368; baseline 0.001 -24"><span class='ocrx_word' id='word_1_486' title='bbox 2130 3290 2223 3345; x_wconf 73' lang='grc' dir='ltr'><strong>Ιτιὸν</strong></span> <span class='ocrx_word' id='word_1_487' title='bbox 2249 3291 2397 3362; x_wconf 82' lang='grc' dir='ltr'><strong>αὐτῷ</strong></span> <span class='ocrx_word' id='word_1_488' title='bbox 2447 3293 2499 3344; x_wconf 84' lang='grc' dir='ltr'>οι</span> <span class='ocrx_word' id='word_1_489' title='bbox 2552 3295 2841 3361; x_wconf 82' lang='grc' dir='ltr'><strong>ἁρέσοντα.</strong></span> <span class='ocrx_word' id='word_1_490' title='bbox 2905 3294 3062 3347; x_wconf 76' lang='grc' dir='ltr'>Ἐπεὶ</span> <span class='ocrx_word' id='word_1_491' title='bbox 3111 3294 3166 3347; x_wconf 82' lang='grc' dir='ltr'>δὲ</span> <span class='ocrx_word' id='word_1_492' title='bbox 3214 3296 3389 3368; x_wconf 70' lang='grc' dir='ltr'>ταῦτα</span> <span class='ocrx_word' id='word_1_493' title='bbox 3435 3299 3701 3357; x_wconf 77' lang='grc' dir='ltr'>Φλαυῖτας</span> 
     </span>
    </p>
   </div>
   <div class='ocr_carea' id='block_1_77' title="bbox 2131 3384 3704 3458">
    <p class='ocr_par' dir='ltr' id='par_1_77' title="bbox 2131 3384 3704 3458">
     <span class='ocr_line' id='line_1_78' title="bbox 2131 3384 3704 3458; baseline 0.001 -20"><span class='ocrx_word' id='word_1_494' title='bbox 2131 3384 2366 3452; x_wconf 78' lang='grc' dir='ltr'><strong>ἀνέγνω,</strong></span> <span class='ocrx_word' id='word_1_495' title='bbox 2410 3384 2559 3456; x_wconf 79' lang='grc' dir='ltr'>ἀδρῷ</span> <span class='ocrx_word' id='word_1_496' title='bbox 2598 3387 2808 3455; x_wconf 78' lang='grc' dir='ltr'>χρυσίῳ</span> <span class='ocrx_word' id='word_1_497' title='bbox 2845 3385 2940 3439; x_wconf 78' lang='grc' dir='ltr'><strong>τὸν</strong></span> <span class='ocrx_word' id='word_1_498' title='bbox 2987 3386 3086 3456; x_wconf 83' lang='grc' dir='ltr'>τῆς</span> <span class='ocrx_word' id='word_1_499' title='bbox 3114 3387 3416 3458; x_wconf 79' lang='grc' dir='ltr'>ἐκκλησίας</span> <span class='ocrx_word' id='word_1_500' title='bbox 3456 3388 3704 3458; x_wconf 80' lang='grc' dir='ltr'>διαφθεί-</span> 
     </span>
    </p>
   </div>
   <div class='ocr_carea' id='block_1_78' title="bbox 2132 3473 3706 3551">
    <p class='ocr_par' dir='ltr' id='par_1_78' title="bbox 2132 3473 3706 3551">
     <span class='ocr_line' id='line_1_79' title="bbox 2132 3473 3706 3551; baseline 0.002 -22"><span class='ocrx_word' id='word_1_501' title='bbox 2132 3494 2231 3549; x_wconf 86' lang='grc' dir='ltr'><strong>ρας</strong></span> <span class='ocrx_word' id='word_1_502' title='bbox 2264 3477 2523 3547; x_wconf 74' lang='grc' dir='ltr'>φρουρὸν,</span> <span class='ocrx_word' id='word_1_503' title='bbox 2572 3478 2632 3541; x_wconf 84' lang='grc' dir='ltr'>ὃς</span> <span class='ocrx_word' id='word_1_504' title='bbox 2665 3473 2733 3546; x_wconf 85' lang='grc' dir='ltr'>ἦν</span> <span class='ocrx_word' id='word_1_505' title='bbox 2762 3478 2872 3530; x_wconf 73' lang='grc' dir='ltr'><strong>τῶν</strong></span> <span class='ocrx_word' id='word_1_506' title='bbox 2902 3478 2997 3532; x_wconf 81' lang='grc' dir='ltr'>τοῦ</span> <span class='ocrx_word' id='word_1_507' title='bbox 3044 3480 3309 3548; x_wconf 81' lang='grc' dir='ltr'>βασιλέως</span> <span class='ocrx_word' id='word_1_508' title='bbox 3357 3482 3581 3551; x_wconf 82' lang='grc' dir='ltr'>πρῶτος</span> <span class='ocrx_word' id='word_1_509' title='bbox 3615 3480 3706 3532; x_wconf 88' lang='grc' dir='ltr'><strong>θα-</strong></span> 
     </span>
    </p>
   </div>
   <div class='ocr_carea' id='block_1_79' title="bbox 2131 3566 3701 3641">
    <p class='ocr_par' dir='ltr' id='par_1_79' title="bbox 2131 3566 3701 3641">
     <span class='ocr_line' id='line_1_80' title="bbox 2131 3566 3701 3641; baseline 0.001 -21"><span class='ocrx_word' id='word_1_510' title='bbox 2131 3566 2491 3637; x_wconf 87' lang='grc' dir='ltr'>λαμηπόλων,</span> <span class='ocrx_word' id='word_1_511' title='bbox 2535 3568 2615 3636; x_wconf 82' lang='grc' dir='ltr'>τῷ</span> <span class='ocrx_word' id='word_1_512' title='bbox 2667 3569 2905 3639; x_wconf 70' lang='grc' dir='ltr'>ἀγράφῳ</span> <span class='ocrx_word' id='word_1_513' title='bbox 2958 3569 3136 3641; x_wconf 78' lang='grc' dir='ltr'>χάρτῃ</span> <span class='ocrx_word' id='word_1_514' title='bbox 3182 3571 3244 3622; x_wconf 83' lang='grc' dir='ltr'>τὸ</span> <span class='ocrx_word' id='word_1_515' title='bbox 3286 3570 3501 3625; x_wconf 80' lang='grc' dir='ltr'>ἐκείνου</span> <span class='ocrx_word' id='word_1_516' title='bbox 3534 3571 3701 3638; x_wconf 74' lang='grc' dir='ltr'>ὄνομα</span> 
     </span>
    </p>
   </div>
   <div class='ocr_carea' id='block_1_80' title="bbox 2128 3659 3700 3734">
    <p class='ocr_par' dir='ltr' id='par_1_80' title="bbox 2128 3659 3700 3734">
     <span class='ocr_line' id='line_1_81' title="bbox 2128 3659 3700 3734; baseline -0.002 -19"><span class='ocrx_word' id='word_1_517' title='bbox 2128 3659 2411 3729; x_wconf 77' lang='grc' dir='ltr'>γραφῆναι</span> <span class='ocrx_word' id='word_1_518' title='bbox 2432 3660 2873 3731; x_wconf 76' lang='grc' dir='ltr'>παρασκευάζει,</span> <span class='ocrx_word' id='word_1_519' title='bbox 2900 3663 2996 3713; x_wconf 74' lang='grc' dir='ltr'>καὶ</span> <span class='ocrx_word' id='word_1_520' title='bbox 3027 3662 3104 3730; x_wconf 84' lang='grc' dir='ltr'>τῷ</span> <span class='ocrx_word' id='word_1_521' title='bbox 3138 3664 3522 3734; x_wconf 81' lang='grc' dir='ltr'>σφραγιστῆρι</span> <span class='ocrx_word' id='word_1_522' title='bbox 3550 3659 3700 3724; x_wconf 81' lang='grc' dir='ltr'>αὖθις</span> 
     </span>
    </p>
   </div>
   <div class='ocr_carea' id='block_1_81' title="bbox 2127 3750 3698 3825">
    <p class='ocr_par' dir='ltr' id='par_1_81' title="bbox 2127 3750 3698 3825">
     <span class='ocr_line' id='line_1_82' title="bbox 2127 3750 3698 3825; baseline 0 -20"><span class='ocrx_word' id='word_1_523' title='bbox 2127 3750 2189 3806; x_wconf 81' lang='grc' dir='ltr'>τὸ</span> <span class='ocrx_word' id='word_1_524' title='bbox 2223 3751 2429 3822; x_wconf 79' lang='grc' dir='ltr'>βιϐλίον</span> <span class='ocrx_word' id='word_1_525' title='bbox 2482 3752 2915 3822; x_wconf 70' lang='grc' dir='ltr'>ὶνσημανθῆναι.</span> <span class='ocrx_word' id='word_1_526' title='bbox 2948 3752 3107 3806; x_wconf 76' lang='grc' dir='ltr'>Ἐπεὶ</span> <span class='ocrx_word' id='word_1_527' title='bbox 3146 3754 3204 3806; x_wconf 80' lang='grc' dir='ltr'>δὲ</span> <span class='ocrx_word' id='word_1_528' title='bbox 3247 3754 3409 3807; x_wconf 82' lang='grc' dir='ltr'>τοῦτο</span> <span class='ocrx_word' id='word_1_529' title='bbox 3438 3758 3657 3825; x_wconf 77' lang='grc' dir='ltr'>ἐγένετο</span> <span class='ocrx_word' id='word_1_530' title='bbox 3684 3792 3698 3817; x_wconf 91' lang='grc'><strong>,</strong></span> 
     </span>
    </p>
   </div>
   <div class='ocr_carea' id='block_1_82' title="bbox 2129 3843 3697 3917">
    <p class='ocr_par' dir='ltr' id='par_1_82' title="bbox 2129 3843 3697 3917">
     <span class='ocr_line' id='line_1_83' title="bbox 2129 3843 3697 3917; baseline 0.006 -20"><span class='ocrx_word' id='word_1_531' title='bbox 2129 3847 2225 3897; x_wconf 82' lang='grc' dir='ltr'><strong>καὶ</strong></span> <span class='ocrx_word' id='word_1_532' title='bbox 2270 3846 2305 3915; x_wconf 82' lang='grc' dir='ltr'>ή</span> <span class='ocrx_word' id='word_1_533' title='bbox 2347 3844 2449 3911; x_wconf 83' lang='grc' dir='ltr'>τῆς</span> <span class='ocrx_word' id='word_1_534' title='bbox 2498 3844 2758 3914; x_wconf 81' lang='grc' dir='ltr'>νηστείας</span> <span class='ocrx_word' id='word_1_535' title='bbox 2818 3843 3130 3914; x_wconf 82' lang='grc' dir='ltr'>προθεσμία</span> <span class='ocrx_word' id='word_1_536' title='bbox 3187 3844 3495 3917; x_wconf 81' lang='grc' dir='ltr'>παρῴχηκε</span> <span class='ocrx_word' id='word_1_537' title='bbox 3528 3886 3544 3910; x_wconf 89' lang='grc'><strong>,</strong></span> <span class='ocrx_word' id='word_1_538' title='bbox 3603 3845 3697 3913; x_wconf 73' lang='grc' dir='ltr'>τῆς</span> 
     </span>
    </p>
   </div>
   <div class='ocr_carea' id='block_1_83' title="bbox 2130 3934 3694 4008">
    <p class='ocr_par' dir='ltr' id='par_1_83' title="bbox 2130 3934 3694 4008">
     <span class='ocr_line' id='line_1_84' title="bbox 2130 3934 3694 4008; baseline -0.001 -19"><span class='ocrx_word' id='word_1_539' title='bbox 2130 3938 2425 4004; x_wconf 82' lang='grc' dir='ltr'>σφραγῖδος</span> <span class='ocrx_word' id='word_1_540' title='bbox 2470 3934 2828 4006; x_wconf 69' lang='grc' dir='ltr'>ἐπαρθείσης,</span> <span class='ocrx_word' id='word_1_541' title='bbox 2869 3936 3071 4006; x_wconf 73' lang='grc' dir='ltr'>αἴφνης</span> <span class='ocrx_word' id='word_1_542' title='bbox 3114 3937 3471 4008; x_wconf 82' lang='grc' dir='ltr'>ἀνάρπαστος</span> <span class='ocrx_word' id='word_1_543' title='bbox 3505 3937 3694 3991; x_wconf 74' lang='grc' dir='ltr'>Φ).αυῖ-</span> 
     </span>
    </p>
   </div>
   <div class='ocr_carea' id='block_1_84' title="bbox 2126 4025 3692 4101">
    <p class='ocr_par' dir='ltr' id='par_1_84' title="bbox 2126 4025 3692 4101">
     <span class='ocr_line' id='line_1_85' title="bbox 2126 4025 3692 4101; baseline 0.001 -21"><span class='ocrx_word' id='word_1_544' title='bbox 2126 4045 2227 4091; x_wconf 86' lang='grc' dir='ltr'><strong>τας</strong></span> <span class='ocrx_word' id='word_1_545' title='bbox 2263 4028 2478 4095; x_wconf 80' lang='grc' dir='ltr'>ἀπείρῳ</span> <span class='ocrx_word' id='word_1_546' title='bbox 2509 4025 2636 4097; x_wconf 78' lang='grc' dir='ltr'>δόξῃ</span> <span class='ocrx_word' id='word_1_547' title='bbox 2663 4027 3133 4096; x_wconf 78' lang='grc' dir='ltr'>περιρῤεόμενος,</span> <span class='ocrx_word' id='word_1_548' title='bbox 3185 4030 3282 4083; x_wconf 82' lang='grc' dir='ltr'>ἆτε</span> <span class='ocrx_word' id='word_1_549' title='bbox 3337 4030 3403 4101; x_wconf 80' lang='grc' dir='ltr'>δὴ</span> <span class='ocrx_word' id='word_1_550' title='bbox 3464 4029 3692 4099; x_wconf 82' lang='grc' dir='ltr'>θεοπρό-</span> 
     </span>
    </p>
   </div>
   <div class='ocr_carea' id='block_1_85' title="bbox 2128 4119 3698 4195">
    <p class='ocr_par' dir='ltr' id='par_1_85' title="bbox 2128 4119 3698 4195">
     <span class='ocr_line' id='line_1_86' title="bbox 2128 4119 3698 4195; baseline 0.002 -25"><span class='ocrx_word' id='word_1_551' title='bbox 2128 4119 2325 4189; x_wconf 78' lang='grc' dir='ltr'>ϐλητος</span> <span class='ocrx_word' id='word_1_552' title='bbox 2348 4161 2364 4184; x_wconf 92' lang='grc'><strong>,</strong></span> <span class='ocrx_word' id='word_1_553' title='bbox 2397 4119 2491 4171; x_wconf 70' lang='grc' dir='ltr'><strong>ἐπὶ</strong></span> <span class='ocrx_word' id='word_1_554' title='bbox 2533 4120 2625 4172; x_wconf 80' lang='grc' dir='ltr'>τὸν</span> <span class='ocrx_word' id='word_1_555' title='bbox 2663 4120 3070 4190; x_wconf 82' lang='grc' dir='ltr'>πατριαρχικὸν</span> <span class='ocrx_word' id='word_1_556' title='bbox 3119 4121 3261 4191; x_wconf 86' lang='grc' dir='ltr'><strong>μετά</strong></span> <span class='ocrx_word' id='word_1_557' title='bbox 3302 4123 3554 4195; x_wconf 77' lang='grc' dir='ltr'>σοϐαρῶν</span> <span class='ocrx_word' id='word_1_558' title='bbox 3592 4121 3698 4175; x_wconf 82' lang='grc' dir='ltr'><strong>τῶν</strong></span> 
     </span>
    </p>
   </div>
   <div class='ocr_carea' id='block_1_86' title="bbox 2127 4197 3696 4283">
    <p class='ocr_par' dir='ltr' id='par_1_86' title="bbox 2127 4197 3696 4283">
     <span class='ocr_line' id='line_1_87' title="bbox 2127 4197 3696 4283; baseline 0 -17"><span class='ocrx_word' id='word_1_559' title='bbox 2127 4212 2393 4283; x_wconf 80' lang='grc' dir='ltr'>ἁρμάτων</span> <span class='ocrx_word' id='word_1_560' title='bbox 2422 4197 2679 4266; x_wconf 70' lang='grc' dir='ltr'>ἀνέϐαινε</span> <span class='ocrx_word' id='word_1_561' title='bbox 2707 4212 2923 4283; x_wconf 82' lang='grc' dir='ltr'>θρόνον.</span> <span class='ocrx_word' id='word_1_562' title='bbox 2962 4212 3106 4266; x_wconf 83' lang='grc' dir='ltr'>’Δλλ’</span> <span class='ocrx_word' id='word_1_563' title='bbox 3154 4214 3255 4267; x_wconf 83' lang='grc' dir='ltr'><strong>οὐκ</strong></span> <span class='ocrx_word' id='word_1_564' title='bbox 3290 4217 3347 4278; x_wconf 76' lang='grc' dir='ltr'>ἐς</span> <span class='ocrx_word' id='word_1_565' title='bbox 3402 4218 3541 4270; x_wconf 80' lang='grc' dir='ltr'>πολὺ</span> <span class='ocrx_word' id='word_1_566' title='bbox 3575 4216 3696 4267; x_wconf 88' lang='grc' dir='ltr'>λαν-</span> 
     </span>
    </p>
   </div>
   <div class='ocr_carea' id='block_1_87' title="bbox 2128 4303 3693 4379">
    <p class='ocr_par' dir='ltr' id='par_1_87' title="bbox 2128 4303 3693 4379">
     <span class='ocr_line' id='line_1_88' title="bbox 2128 4303 3693 4379; baseline 0.001 -22"><span class='ocrx_word' id='word_1_567' title='bbox 2128 4303 2310 4357; x_wconf 85' lang='grc' dir='ltr'>θάνειν</span> <span class='ocrx_word' id='word_1_568' title='bbox 2349 4304 2411 4357; x_wconf 83' lang='grc' dir='ltr'><strong>τὸ</strong></span> <span class='ocrx_word' id='word_1_569' title='bbox 2462 4303 2601 4372; x_wconf 79' lang='grc' dir='ltr'>ἄγος</span> <span class='ocrx_word' id='word_1_570' title='bbox 2643 4305 2892 4373; x_wconf 79' lang='grc' dir='ltr'>παρῆκεν</span> <span class='ocrx_word' id='word_1_571' title='bbox 2921 4307 2954 4372; x_wconf 79' lang='grc' dir='ltr'>ἠ</span> <span class='ocrx_word' id='word_1_572' title='bbox 2992 4305 3398 4375; x_wconf 86' lang='grc' dir='ltr'>παντοδύναμος</span> <span class='ocrx_word' id='word_1_573' title='bbox 3426 4308 3693 4379; x_wconf 81' lang='grc' dir='ltr'>Πρόνοια⁶</span> 
     </span>
    </p>
   </div>
   <div class='ocr_carea' id='block_1_88' title="bbox 2127 4393 3695 4470">
    <p class='ocr_par' dir='ltr' id='par_1_88' title="bbox 2127 4393 3695 4470">
     <span class='ocr_line' id='line_1_89' title="bbox 2127 4393 3695 4470; baseline 0.001 -22"><span class='ocrx_word' id='word_1_574' title='bbox 2127 4393 2265 4448; x_wconf 86' lang='grc' dir='ltr'>ἀλλὰ</span> <span class='ocrx_word' id='word_1_575' title='bbox 2292 4394 2489 4448; x_wconf 82' lang='grc' dir='ltr'>θᾶττον</span> <span class='ocrx_word' id='word_1_576' title='bbox 2520 4395 2583 4449; x_wconf 80' lang='grc' dir='ltr'>τὸ</span> <span class='ocrx_word' id='word_1_577' title='bbox 2618 4395 2871 4464; x_wconf 78' lang='grc' dir='ltr'>παίγνιον</span> <span class='ocrx_word' id='word_1_578' title='bbox 2915 4396 3010 4450; x_wconf 83' lang='grc' dir='ltr'><strong>καὶ</strong></span> <span class='ocrx_word' id='word_1_579' title='bbox 3040 4396 3141 4467; x_wconf 76' lang='grc' dir='ltr'>τὴν</span> <span class='ocrx_word' id='word_1_580' title='bbox 3181 4400 3453 4468; x_wconf 82' lang='grc' dir='ltr'>σκηνικὴν</span> <span class='ocrx_word' id='word_1_581' title='bbox 3489 4402 3695 4470; x_wconf 88' lang='grc' dir='ltr'>δραμα-</span> 
     </span>
    </p>
   </div>
   <div class='ocr_carea' id='block_1_89' title="bbox 2127 4472 3694 4564">
    <p class='ocr_par' dir='ltr' id='par_1_89' title="bbox 2127 4472 3694 4564">
     <span class='ocr_line' id='line_1_90' title="bbox 2127 4472 3694 4564; baseline 0.001 -26"><span class='ocrx_word' id='word_1_582' title='bbox 2127 4490 2389 4556; x_wconf 84' lang='grc' dir='ltr'>τουργιαν</span> <span class='ocrx_word' id='word_1_583' title='bbox 2419 4486 2713 4557; x_wconf 74' lang='grc' dir='ltr'>ἐξήλεγχεν</span> <span class='ocrx_word' id='word_1_584' title='bbox 2736 4504 2750 4518; x_wconf 89' lang='grc'><strong>·</strong></span> <span class='ocrx_word' id='word_1_585' title='bbox 2805 4472 2851 4540; x_wconf 56' lang='grc' dir='ltr'>ό’</span> <span class='ocrx_word' id='word_1_586' title='bbox 2880 4488 2988 4558; x_wconf 78' lang='grc' dir='ltr'>γὰρ</span> <span class='ocrx_word' id='word_1_587' title='bbox 3019 4489 3297 4564; x_wconf 81' lang='grc' dir='ltr'>δυστυχὴς</span> <span class='ocrx_word' id='word_1_588' title='bbox 3347 4490 3557 4554; x_wconf 77' lang='grc' dir='ltr'>ἐκεῖνος</span> <span class='ocrx_word' id='word_1_589' title='bbox 3586 4487 3694 4542; x_wconf 80' lang='grc' dir='ltr'>οὐδ’</span> 
     </span>
    </p>
   </div>
   <div class='ocr_carea' id='block_1_90' title="bbox 453 4563 2029 4654">
    <p class='ocr_par' dir='ltr' id='par_1_90' title="bbox 453 4577 2024 4650">
     <span class='ocr_line' id='line_1_91' title="bbox 453 4577 2024 4650; baseline 0.003 -17"><span class='ocrx_word' id='word_1_590' title='bbox 453 4594 674 4633; x_wconf 74' lang='lat' dir='ltr'><strong>menses</strong></span> <span class='ocrx_word' id='word_1_591' title='bbox 705 4579 760 4633; x_wconf 92' lang='lat' dir='ltr'><strong>in</strong></span> <span class='ocrx_word' id='word_1_592' title='bbox 791 4577 922 4632; x_wconf 84' lang='lat' dir='ltr'><strong>sede</strong></span> <span class='ocrx_word' id='word_1_593' title='bbox 959 4593 1025 4632; x_wconf 90' lang='lat' dir='ltr'><strong>ea</strong></span> <span class='ocrx_word' id='word_1_594' title='bbox 1071 4579 1447 4647; x_wconf 80' lang='lat' dir='ltr'><strong>transegisset,</strong></span> <span class='ocrx_word' id='word_1_595' title='bbox 1507 4589 1687 4634; x_wconf 89' lang='lat' dir='ltr'><strong>morte</strong></span> <span class='ocrx_word' id='word_1_596' title='bbox 1734 4582 2024 4650; x_wconf 84' lang='lat' dir='ltr'><strong>repentina</strong></span> 
     </span>
    </p>
   </div>
   <div class='ocr_carea' id='block_1_91' title="bbox 2131 4563 3694 4654">
    <p class='ocr_par' dir='ltr' id='par_1_91' title="bbox 2131 4580 3694 4654">
     <span class='ocr_line' id='line_1_92' title="bbox 2131 4580 3694 4654; baseline 0.001 -22"><span class='ocrx_word' id='word_1_597' title='bbox 2131 4581 2208 4645; x_wconf 84' lang='grc' dir='ltr'><strong>είς</strong></span> <span class='ocrx_word' id='word_1_598' title='bbox 2239 4580 2581 4651; x_wconf 83' lang='grc' dir='ltr'>τετράμηνον</span> <span class='ocrx_word' id='word_1_599' title='bbox 2615 4580 2910 4650; x_wconf 86' lang='grc' dir='ltr'>διαρκέσας</span> <span class='ocrx_word' id='word_1_600' title='bbox 2958 4580 3036 4652; x_wconf 83' lang='grc' dir='ltr'>τῷ</span> <span class='ocrx_word' id='word_1_601' title='bbox 3067 4582 3261 4653; x_wconf 81' lang='grc' dir='ltr'>θρόνῳ,</span> <span class='ocrx_word' id='word_1_602' title='bbox 3294 4582 3354 4648; x_wconf 73' lang='grc' dir='ltr'><strong>ἐξ</strong></span> <span class='ocrx_word' id='word_1_603' title='bbox 3386 4585 3694 4654; x_wconf 76' lang='grc' dir='ltr'>ἀνθρώπιον</span> 
     </span>
    </p>
   </div>
   <div class='ocr_carea' id='block_1_92' title="bbox 452 4668 2023 4733">
    <p class='ocr_par' dir='ltr' id='par_1_92' title="bbox 452 4668 2023 4733">
     <span class='ocr_line' id='line_1_93' title="bbox 452 4668 2023 4733; baseline 0.003 -8"><span class='ocrx_word' id='word_1_604' title='bbox 452 4689 520 4727; x_wconf 78' lang='lat' dir='ltr'><strong>ex</strong></span> <span class='ocrx_word' id='word_1_605' title='bbox 578 4669 901 4725; x_wconf 88' lang='lat' dir='ltr'><strong>hominibus</strong></span> <span class='ocrx_word' id='word_1_606' title='bbox 948 4668 1205 4724; x_wconf 88' lang='lat' dir='ltr'><strong>sublatus</strong></span> <span class='ocrx_word' id='word_1_607' title='bbox 1260 4677 1384 4733; x_wconf 88' lang='lat' dir='ltr'><strong>est,</strong></span> <span class='ocrx_word' id='word_1_608' title='bbox 1440 4685 1565 4725; x_wconf 91' lang='lat' dir='ltr'><strong>cum</strong></span> <span class='ocrx_word' id='word_1_609' title='bbox 1618 4687 1688 4727; x_wconf 91' lang='lat' dir='ltr'><strong>ne</strong></span> <span class='ocrx_word' id='word_1_610' title='bbox 1735 4672 2023 4730; x_wconf 89' lang='lat' dir='ltr'><strong>dimidiam</strong></span> 
     </span>
    </p>
   </div>
   <div class='ocr_carea' id='block_1_93' title="bbox 453 4758 2021 4832">
    <p class='ocr_par' dir='ltr' id='par_1_93' title="bbox 453 4758 2021 4832">
     <span class='ocr_line' id='line_1_94' title="bbox 453 4758 2021 4832; baseline 0.001 -14"><span class='ocrx_word' id='word_1_611' title='bbox 453 4762 680 4832; x_wconf 76' lang='lat' dir='ltr'><strong>quidem</strong></span> <span class='ocrx_word' id='word_1_612' title='bbox 725 4772 935 4831; x_wconf 85' lang='lat' dir='ltr'><strong>partem</strong></span> <span class='ocrx_word' id='word_1_613' title='bbox 995 4758 1243 4814; x_wconf 89' lang='lat' dir='ltr'><strong>muneris</strong></span> <span class='ocrx_word' id='word_1_614' title='bbox 1283 4758 1424 4828; x_wconf 85' lang='lat' dir='ltr'><strong>ejus,</strong></span> <span class='ocrx_word' id='word_1_615' title='bbox 1478 4775 1591 4830; x_wconf 92' lang='lat' dir='ltr'><strong>quo</strong></span> <span class='ocrx_word' id='word_1_616' title='bbox 1650 4761 2021 4832; x_wconf 82' lang='lat' dir='ltr'><strong>episcOpalem</strong></span> 
     </span>
    </p>
   </div>
   <div class='ocr_carea' id='block_1_94' title="bbox 456 4850 2021 4923">
    <p class='ocr_par' dir='ltr' id='par_1_94' title="bbox 456 4850 2021 4923">
     <span class='ocr_line' id='line_1_95' title="bbox 456 4850 2021 4923; baseline 0.002 -18"><span class='ocrx_word' id='word_1_617' title='bbox 456 4854 780 4923; x_wconf 84' lang='lat' dir='ltr'><strong>dignitatem</strong></span> <span class='ocrx_word' id='word_1_618' title='bbox 813 4850 1149 4915; x_wconf 87' lang='lat' dir='ltr'><strong>redemerat,</strong></span> <span class='ocrx_word' id='word_1_619' title='bbox 1174 4850 1471 4905; x_wconf 89' lang='lat' dir='ltr'><strong>corradere</strong></span> <span class='ocrx_word' id='word_1_620' title='bbox 1502 4852 1762 4919; x_wconf 88' lang='lat' dir='ltr'><strong>potuerit.</strong></span> <span class='ocrx_word' id='word_1_621' title='bbox 1808 4851 2021 4921; x_wconf 63' lang='lat' dir='ltr'><strong>Argen-</strong></span> 
     </span>
    </p>
   </div>
   <div class='ocr_carea' id='block_1_95' title="bbox 453 4941 2024 5017">
    <p class='ocr_par' dir='ltr' id='par_1_95' title="bbox 453 4941 2024 5017">
     <span class='ocr_line' id='line_1_96' title="bbox 453 4941 2024 5017; baseline 0.001 -18"><span class='ocrx_word' id='word_1_622' title='bbox 453 4946 581 5000; x_wconf 77' lang='lat' dir='ltr'><strong>taiii</strong></span> <span class='ocrx_word' id='word_1_623' title='bbox 615 4943 926 4999; x_wconf 74' lang='lat' dir='ltr'><strong>barredibus</strong></span> <span class='ocrx_word' id='word_1_624' title='bbox 965 4943 1087 5013; x_wconf 86' lang='lat' dir='ltr'><strong>ejus</strong></span> <span class='ocrx_word' id='word_1_625' title='bbox 1113 4941 1388 5008; x_wconf 89' lang='lat' dir='ltr'><strong>institere,</strong></span> <span class='ocrx_word' id='word_1_626' title='bbox 1428 4951 1483 4998; x_wconf 90' lang='lat' dir='ltr'><strong>et</strong></span> <span class='ocrx_word' id='word_1_627' title='bbox 1521 4946 1810 5013; x_wconf 84' lang='lat' dir='ltr'><strong>pecuniam</strong></span> <span class='ocrx_word' id='word_1_628' title='bbox 1848 4962 2024 5017; x_wconf 86' lang='lat' dir='ltr'><strong>nuper</strong></span> 
     </span>
    </p>
   </div>
   <div class='ocr_carea' id='block_1_96' title="bbox 526 5128 2021 5203">
    <p class='ocr_par' dir='ltr' id='par_1_96' title="bbox 526 5128 2021 5203">
     <span class='ocr_line' id='line_1_97' title="bbox 526 5128 2021 5203; baseline -0.003 -13"><span class='ocrx_word' id='word_1_629' title='bbox 526 5136 604 5203; x_wconf 74' lang='grc' dir='ltr'><strong>(ι)</strong></span> <span class='ocrx_word' id='word_1_630' title='bbox 643 5134 703 5189; x_wconf 89' lang='lat' dir='ltr'><strong>ln</strong></span> <span class='ocrx_word' id='word_1_631' title='bbox 730 5128 1120 5203; x_wconf 76' lang='lat' dir='ltr'><strong>ecclesiasticis</strong></span> <span class='ocrx_word' id='word_1_632' title='bbox 1145 5128 1470 5203; x_wconf 38' lang='lat' dir='ltr'><strong>CCItSlll’iSAel.</strong></span> <span class='ocrx_word' id='word_1_633' title='bbox 1488 5130 2021 5203; x_wconf 54' lang='lat' dir='ltr'><strong>excommunicatio-</strong></span> 
     </span>
    </p>
   </div>
   <div class='ocr_carea' id='block_1_97' title="bbox 450 5194 2021 5270">
    <p class='ocr_par' dir='ltr' id='par_1_97' title="bbox 450 5194 2021 5270">
     <span class='ocr_line' id='line_1_98' title="bbox 450 5194 2021 5270; baseline -0.001 -13"><span class='ocrx_word' id='word_1_634' title='bbox 450 5194 639 5267; x_wconf 81' lang='lat' dir='ltr'><strong>nibus,</strong></span> <span class='ocrx_word' id='word_1_635' title='bbox 667 5194 831 5259; x_wconf 82' lang='lat' dir='ltr'><strong>causa</strong></span> <span class='ocrx_word' id='word_1_636' title='bbox 860 5203 917 5256; x_wconf 89' lang='lat' dir='ltr'><strong>in</strong></span> <span class='ocrx_word' id='word_1_637' title='bbox 947 5199 1140 5269; x_wconf 87' lang='lat' dir='ltr'><strong>primis</strong></span> <span class='ocrx_word' id='word_1_638' title='bbox 1172 5199 1335 5270; x_wconf 73' lang='lat' dir='ltr'><strong>valet.</strong></span> <span class='ocrx_word' id='word_1_639' title='bbox 1359 5196 1794 5270; x_wconf 80' lang='lat' dir='ltr'><strong>(Orig.)-—Cum</strong></span> <span class='ocrx_word' id='word_1_640' title='bbox 1822 5201 2021 5270; x_wconf 82' lang='lat' dir='ltr'><strong>aliquis</strong></span> 
     </span>
    </p>
   </div>
   <div class='ocr_carea' id='block_1_98' title="bbox 453 5268 2019 5337">
    <p class='ocr_par' dir='ltr' id='par_1_98' title="bbox 453 5268 2019 5337">
     <span class='ocr_line' id='line_1_99' title="bbox 453 5268 2019 5337; baseline 0 -14"><span class='ocrx_word' id='word_1_641' title='bbox 453 5287 569 5328; x_wconf 71' lang='lat' dir='ltr'><strong>.xzt</strong></span> <span class='ocrx_word' id='word_1_642' title='bbox 598 5291 628 5328; x_wconf 89' lang='lat' dir='ltr'><strong>a</strong></span> <span class='ocrx_word' id='word_1_643' title='bbox 661 5273 916 5337; x_wconf 81' lang='lat' dir='ltr'><strong>veritate,</strong></span> <span class='ocrx_word' id='word_1_644' title='bbox 950 5268 985 5323; x_wconf 83' lang='lat' dir='ltr'><strong>a</strong></span> <span class='ocrx_word' id='word_1_645' title='bbox 1032 5270 1232 5323; x_wconf 88' lang='lat' dir='ltr'><strong>timore</strong></span> <span class='ocrx_word' id='word_1_646' title='bbox 1283 5268 1399 5325; x_wconf 86' lang='lat' dir='ltr'><strong>Dei.</strong></span> <span class='ocrx_word' id='word_1_647' title='bbox 1432 5288 1459 5320; x_wconf 87' lang='lat' dir='ltr'><strong>a</strong></span> <span class='ocrx_word' id='word_1_648' title='bbox 1497 5272 1624 5330; x_wconf 86' lang='lat' dir='ltr'><strong>lide,</strong></span> <span class='ocrx_word' id='word_1_649' title='bbox 1660 5285 1689 5321; x_wconf 89' lang='lat' dir='ltr'><strong>a</strong></span> <span class='ocrx_word' id='word_1_650' title='bbox 1727 5268 2019 5336; x_wconf 83' lang='lat' dir='ltr'><strong>charitate,</strong></span> 
     </span>
    </p>
   </div>
   <div class='ocr_carea' id='block_1_99' title="bbox 453 5338 2020 5422">
    <p class='ocr_par' dir='ltr' id='par_1_99' title="bbox 453 5338 2020 5422">
     <span class='ocr_line' id='line_1_100' title="bbox 453 5338 2020 5422; baseline -0.002 -27"><span class='ocrx_word' id='word_1_651' title='bbox 453 5348 566 5397; x_wconf 65' lang='lat' dir='ltr'><strong>uit</strong></span> <span class='ocrx_word' id='word_1_652' title='bbox 609 5345 677 5397; x_wconf 88' lang='lat' dir='ltr'><strong>de</strong></span> <span class='ocrx_word' id='word_1_653' title='bbox 709 5338 1214 5422; x_wconf 48' lang='lat' dir='ltr'><strong>castrisﬁcclesize,</strong></span> <span class='ocrx_word' id='word_1_654' title='bbox 1247 5338 1464 5422; x_wconf 62' lang='lat' dir='ltr'><strong>etiamsi</strong></span> <span class='ocrx_word' id='word_1_655' title='bbox 1497 5355 1597 5407; x_wconf 82' lang='lat' dir='ltr'><strong>per</strong></span> <span class='ocrx_word' id='word_1_656' title='bbox 1637 5339 1886 5422; x_wconf 66' lang='lat' dir='ltr'><strong>episcopi</strong></span> <span class='ocrx_word' id='word_1_657' title='bbox 1923 5357 2020 5422; x_wconf 78' lang='lat' dir='ltr'><strong>vo-</strong></span> 
     </span>
    </p>
   </div>
   <div class='ocr_carea' id='block_1_100' title="bbox 458 5409 2020 5489">
    <p class='ocr_par' dir='ltr' id='par_1_100' title="bbox 458 5409 2020 5489">
     <span class='ocr_line' id='line_1_101' title="bbox 458 5409 2020 5489; baseline -0.001 -23"><span class='ocrx_word' id='word_1_658' title='bbox 458 5433 576 5468; x_wconf 65' lang='lat' dir='ltr'><strong>(rtll</strong></span> <span class='ocrx_word' id='word_1_659' title='bbox 612 5413 839 5467; x_wconf 86' lang='lat' dir='ltr'><strong>minime</strong></span> <span class='ocrx_word' id='word_1_660' title='bbox 887 5410 1204 5489; x_wconf 74' lang='lat' dir='ltr'><strong>abjiciatur.</strong></span> <span class='ocrx_word' id='word_1_661' title='bbox 1253 5409 1409 5489; x_wconf 78' lang='lat' dir='ltr'><strong>Sicut</strong></span> <span class='ocrx_word' id='word_1_662' title='bbox 1448 5427 1478 5462; x_wconf 88' lang='lat' dir='ltr'><strong>e</strong></span> <span class='ocrx_word' id='word_1_663' title='bbox 1511 5409 1787 5489; x_wconf 67' lang='lat' dir='ltr'><strong>contrario</strong></span> <span class='ocrx_word' id='word_1_664' title='bbox 1818 5411 2020 5477; x_wconf 89' lang='lat' dir='ltr'><strong>aliquis</strong></span> 
     </span>
    </p>
   </div>
   <div class='ocr_carea' id='block_1_101' title="bbox 457 5480 2019 5562">
    <p class='ocr_par' dir='ltr' id='par_1_101' title="bbox 457 5480 2019 5562">
     <span class='ocr_line' id='line_1_102' title="bbox 457 5480 2019 5562; baseline 0.001 -28"><span class='ocrx_word' id='word_1_665' title='bbox 457 5502 564 5536; x_wconf 64' lang='lat' dir='ltr'><strong>non</strong></span> <span class='ocrx_word' id='word_1_666' title='bbox 603 5493 755 5537; x_wconf 79' lang='lat' dir='ltr'><strong>recto</strong></span> <span class='ocrx_word' id='word_1_667' title='bbox 785 5480 994 5562; x_wconf 77' lang='lat' dir='ltr'><strong>judicio</strong></span> <span class='ocrx_word' id='word_1_668' title='bbox 1030 5483 1181 5532; x_wconf 77' lang='lat' dir='ltr'><strong>foras</strong></span> <span class='ocrx_word' id='word_1_669' title='bbox 1230 5481 1509 5560; x_wconf 78' lang='lat' dir='ltr'><strong>mittitur:</strong></span> <span class='ocrx_word' id='word_1_670' title='bbox 1543 5480 1637 5533; x_wconf 87' lang='lat' dir='ltr'><strong>sed</strong></span> <span class='ocrx_word' id='word_1_671' title='bbox 1669 5480 1717 5531; x_wconf 88' lang='lat' dir='ltr'><strong>si</strong></span> <span class='ocrx_word' id='word_1_672' title='bbox 1751 5489 1879 5557; x_wconf 80' lang='lat' dir='ltr'><strong>ante</strong></span> <span class='ocrx_word' id='word_1_673' title='bbox 1908 5496 2019 5562; x_wconf 74' lang='lat' dir='ltr'><strong>non</strong></span> 
     </span>
    </p>
   </div>
   <div class='ocr_carea' id='block_1_102' title="bbox 451 5551 2019 5626">
    <p class='ocr_par' dir='ltr' id='par_1_102' title="bbox 451 5551 2019 5626">
     <span class='ocr_line' id='line_1_103' title="bbox 451 5551 2019 5626; baseline -0.003 -18"><span class='ocrx_word' id='word_1_674' title='bbox 451 5554 644 5615; x_wconf 72' lang='lat' dir='ltr'><strong>txzvit,</strong></span> <span class='ocrx_word' id='word_1_675' title='bbox 681 5552 731 5606; x_wconf 88' lang='lat' dir='ltr'><strong>id</strong></span> <span class='ocrx_word' id='word_1_676' title='bbox 765 5562 868 5611; x_wconf 86' lang='lat' dir='ltr'><strong>est,</strong></span> <span class='ocrx_word' id='word_1_677' title='bbox 895 5552 1073 5626; x_wconf 85' lang='lat' dir='ltr'><strong>sinon</strong></span> <span class='ocrx_word' id='word_1_678' title='bbox 1103 5551 1276 5626; x_wconf 73' lang='lat' dir='ltr'><strong>egerit</strong></span> <span class='ocrx_word' id='word_1_679' title='bbox 1308 5558 1365 5601; x_wconf 90' lang='lat' dir='ltr'><strong>ut</strong></span> <span class='ocrx_word' id='word_1_680' title='bbox 1397 5558 1707 5626; x_wconf 78' lang='lat' dir='ltr'><strong>mereretur</strong></span> <span class='ocrx_word' id='word_1_681' title='bbox 1731 5551 1902 5626; x_wconf 76' lang='lat' dir='ltr'><strong>exire,</strong></span> <span class='ocrx_word' id='word_1_682' title='bbox 1932 5551 2019 5626; x_wconf 78' lang='lat' dir='ltr'><strong>ni-</strong></span> 
     </span>
    </p>
   </div>
   <div class='ocr_carea' id='block_1_103' title="bbox 454 5618 2017 5699">
    <p class='ocr_par' dir='ltr' id='par_1_103' title="bbox 454 5618 2017 5699">
     <span class='ocr_line' id='line_1_104' title="bbox 454 5618 2017 5699; baseline -0.002 -24"><span class='ocrx_word' id='word_1_683' title='bbox 454 5624 533 5675; x_wconf 63' lang='lat' dir='ltr'><strong>hil</strong></span> <span class='ocrx_word' id='word_1_684' title='bbox 567 5625 803 5677; x_wconf 64' lang='lat' dir='ltr'><strong>lmditur.</strong></span> <span class='ocrx_word' id='word_1_685' title='bbox 837 5621 1119 5699; x_wconf 72' lang='lat' dir='ltr'><strong>interdum</strong></span> <span class='ocrx_word' id='word_1_686' title='bbox 1151 5618 1424 5699; x_wconf 70' lang='lat' dir='ltr'><strong>enimqui</strong></span> <span class='ocrx_word' id='word_1_687' title='bbox 1466 5621 1609 5699; x_wconf 72' lang='lat' dir='ltr'><strong>foras</strong></span> <span class='ocrx_word' id='word_1_688' title='bbox 1641 5619 1899 5696; x_wconf 77' lang='lat' dir='ltr'><strong>mittitur,</strong></span> <span class='ocrx_word' id='word_1_689' title='bbox 1931 5622 2017 5699; x_wconf 39' lang='lat' dir='ltr'><strong>iu.-</strong></span> 
     </span>
    </p>
   </div>
   <div class='ocr_carea' id='block_1_104' title="bbox 456 5690 2014 5760">
    <p class='ocr_par' dir='ltr' id='par_1_104' title="bbox 456 5690 2014 5760">
     <span class='ocr_line' id='line_1_105' title="bbox 456 5690 2014 5760; baseline 0.001 -18"><span class='ocrx_word' id='word_1_690' title='bbox 456 5705 546 5744; x_wconf 77' lang='lat' dir='ltr'><strong>tns</strong></span> <span class='ocrx_word' id='word_1_691' title='bbox 593 5702 717 5747; x_wconf 83' lang='lat' dir='ltr'><strong>est:</strong></span> <span class='ocrx_word' id='word_1_692' title='bbox 755 5701 812 5747; x_wconf 88' lang='lat' dir='ltr'><strong>et</strong></span> <span class='ocrx_word' id='word_1_693' title='bbox 859 5691 955 5760; x_wconf 89' lang='lat' dir='ltr'><strong>qui</strong></span> <span class='ocrx_word' id='word_1_694' title='bbox 995 5690 1135 5745; x_wconf 83' lang='lat' dir='ltr'><strong>loris</strong></span> <span class='ocrx_word' id='word_1_695' title='bbox 1166 5700 1273 5755; x_wconf 80' lang='lat' dir='ltr'><strong>est,</strong></span> <span class='ocrx_word' id='word_1_696' title='bbox 1319 5690 1721 5760; x_wconf 82' lang='lat' dir='ltr'><strong>iutusvidetur</strong></span> <span class='ocrx_word' id='word_1_697' title='bbox 1766 5690 2014 5743; x_wconf 88' lang='lat' dir='ltr'><strong>retineri.</strong></span> 
     </span>
    </p>
   </div>
   <div class='ocr_carea' id='block_1_105' title="bbox 457 5758 2018 5832">
    <p class='ocr_par' dir='ltr' id='par_1_105' title="bbox 457 5758 2018 5832">
     <span class='ocr_line' id='line_1_106' title="bbox 457 5758 2018 5832; baseline -0.001 -18"><span class='ocrx_word' id='word_1_698' title='bbox 457 5764 572 5827; x_wconf 60' lang='grc' dir='ltr'>ιιι,</span> <span class='ocrx_word' id='word_1_699' title='bbox 610 5775 806 5832; x_wconf 84' lang='lat' dir='ltr'><strong>quaest.</strong></span> <span class='ocrx_word' id='word_1_700' title='bbox 861 5758 914 5825; x_wconf 78' lang='lat'><strong>3,</strong></span> <span class='ocrx_word' id='word_1_701' title='bbox 970 5761 1132 5829; x_wconf 80' lang='lat' dir='ltr'><strong>Aug.)</strong></span> <span class='ocrx_word' id='word_1_702' title='bbox 1170 5789 1239 5802; x_wconf 72' lang='grc' dir='ltr'><strong>-ο</strong></span> <span class='ocrx_word' id='word_1_703' title='bbox 1275 5758 1503 5832; x_wconf 80' lang='lat' dir='ltr'><strong>Custodi</strong></span> <span class='ocrx_word' id='word_1_704' title='bbox 1559 5758 1706 5813; x_wconf 88' lang='lat' dir='ltr'><strong>intus</strong></span> <span class='ocrx_word' id='word_1_705' title='bbox 1754 5762 2018 5832; x_wconf 82' lang='lat' dir='ltr'><strong>innocen-</strong></span> 
     </span>
    </p>
   </div>
   <div class='ocr_carea' id='block_1_106' title="bbox 461 5830 2017 5903">
    <p class='ocr_par' dir='ltr' id='par_1_106' title="bbox 461 5830 2017 5903">
     <span class='ocr_line' id='line_1_107' title="bbox 461 5830 2017 5903; baseline -0.002 -14"><span class='ocrx_word' id='word_1_706' title='bbox 461 5836 592 5889; x_wconf 81' lang='lat' dir='ltr'><strong>tiam</strong></span> <span class='ocrx_word' id='word_1_707' title='bbox 625 5830 798 5903; x_wconf 81' lang='lat' dir='ltr'><strong>tuam,</strong></span> <span class='ocrx_word' id='word_1_708' title='bbox 830 5832 921 5888; x_wconf 81' lang='lat' dir='ltr'><strong>ubi</strong></span> <span class='ocrx_word' id='word_1_709' title='bbox 951 5846 1114 5887; x_wconf 86' lang='lat' dir='ltr'><strong>nemo</strong></span> <span class='ocrx_word' id='word_1_710' title='bbox 1136 5830 1398 5901; x_wconf 78' lang='lat' dir='ltr'><strong>opprimit</strong></span> <span class='ocrx_word' id='word_1_711' title='bbox 1434 5844 1650 5883; x_wconf 80' lang='lat' dir='ltr'><strong>causam</strong></span> <span class='ocrx_word' id='word_1_712' title='bbox 1677 5837 1848 5884; x_wconf 83' lang='lat' dir='ltr'><strong>tuam.</strong></span> <span class='ocrx_word' id='word_1_713' title='bbox 1875 5831 2017 5887; x_wconf 65' lang='lat' dir='ltr'><strong>Plu;-</strong></span> 
     </span>
    </p>
   </div>
   <div class='ocr_carea' id='block_1_107' title="bbox 2128 4671 3695 4746">
    <p class='ocr_par' dir='ltr' id='par_1_107' title="bbox 2128 4671 3695 4746">
     <span class='ocr_line' id='line_1_108' title="bbox 2128 4671 3695 4746; baseline 0.001 -21"><span class='ocrx_word' id='word_1_714' title='bbox 2128 4672 2380 4743; x_wconf 83' lang='grc' dir='ltr'>αίφνιδίῳ</span> <span class='ocrx_word' id='word_1_715' title='bbox 2416 4671 2570 4742; x_wconf 87' lang='grc' dir='ltr'>μόρῳ</span> <span class='ocrx_word' id='word_1_716' title='bbox 2605 4673 2898 4742; x_wconf 61' lang='grc' dir='ltr'><strong>⁴ἠφάνιστο,</strong></span> <span class='ocrx_word' id='word_1_717' title='bbox 2933 4673 3071 4744; x_wconf 81' lang='grc' dir='ltr'>μηδὲ</span> <span class='ocrx_word' id='word_1_718' title='bbox 3101 4674 3163 4727; x_wconf 81' lang='grc' dir='ltr'><strong>τὸ</strong></span> <span class='ocrx_word' id='word_1_719' title='bbox 3204 4675 3377 4746; x_wconf 75' lang='grc' dir='ltr'>ἥμισυ</span> <span class='ocrx_word' id='word_1_720' title='bbox 3403 4675 3506 4746; x_wconf 82' lang='grc' dir='ltr'>τῆς</span> <span class='ocrx_word' id='word_1_721' title='bbox 3531 4676 3695 4742; x_wconf 80' lang='grc' dir='ltr'>δωρο·</span> 
     </span>
    </p>
   </div>
   <div class='ocr_carea' id='block_1_108' title="bbox 2124 4762 3692 4837">
    <p class='ocr_par' dir='ltr' id='par_1_108' title="bbox 2124 4762 3692 4837">
     <span class='ocr_line' id='line_1_109' title="bbox 2124 4762 3692 4837; baseline -0.004 -19"><span class='ocrx_word' id='word_1_722' title='bbox 2124 4763 2310 4828; x_wconf 89' lang='grc' dir='ltr'>δοκίας</span> <span class='ocrx_word' id='word_1_723' title='bbox 2346 4763 2596 4835; x_wconf 80' lang='grc' dir='ltr'>δυνηθεὶς</span> <span class='ocrx_word' id='word_1_724' title='bbox 2631 4765 3015 4835; x_wconf 83' lang='grc' dir='ltr'>ὲρανίσασθαι.</span> <span class='ocrx_word' id='word_1_725' title='bbox 3052 4765 3124 4821; x_wconf 82' lang='grc' dir='ltr'><strong>Οἵ</strong></span> <span class='ocrx_word' id='word_1_726' title='bbox 3159 4783 3224 4833; x_wconf 90' lang='grc' dir='ltr'><strong>γε</strong></span> <span class='ocrx_word' id='word_1_727' title='bbox 3276 4766 3384 4837; x_wconf 82' lang='grc' dir='ltr'>μὴν</span> <span class='ocrx_word' id='word_1_728' title='bbox 3413 4762 3692 4821; x_wconf 81' lang='grc' dir='ltr'>δανεισταὶ</span> 
     </span>
    </p>
   </div>
   <div class='ocr_carea' id='block_1_109' title="bbox 2123 4853 3692 4928">
    <p class='ocr_par' dir='ltr' id='par_1_109' title="bbox 2123 4853 3692 4928">
     <span class='ocr_line' id='line_1_110' title="bbox 2123 4853 3692 4928; baseline -0.003 -18"><span class='ocrx_word' id='word_1_729' title='bbox 2123 4853 2236 4920; x_wconf 77' lang='grc' dir='ltr'>τοῖς</span> <span class='ocrx_word' id='word_1_730' title='bbox 2268 4856 2478 4911; x_wconf 77' lang='grc' dir='ltr'>ἐκείνου</span> <span class='ocrx_word' id='word_1_731' title='bbox 2529 4856 2889 4928; x_wconf 85' lang='grc' dir='ltr'>κληρονόμοις</span> <span class='ocrx_word' id='word_1_732' title='bbox 2944 4857 3246 4923; x_wconf 76' lang='grc' dir='ltr'>ἐπέκειντο,</span> <span class='ocrx_word' id='word_1_733' title='bbox 3278 4860 3340 4911; x_wconf 81' lang='grc' dir='ltr'>τὸ</span> <span class='ocrx_word' id='word_1_734' title='bbox 3390 4858 3551 4928; x_wconf 80' lang='grc' dir='ltr'>τῆτες</span> <span class='ocrx_word' id='word_1_735' title='bbox 3582 4858 3692 4908; x_wconf 78' lang='lat' dir='ltr'><strong>eia-</strong></span> 
     </span>
    </p>
   </div>
   <div class='ocr_carea' id='block_1_110' title="bbox 2126 4947 3696 5021">
    <p class='ocr_par' dir='ltr' id='par_1_110' title="bbox 2126 4947 3696 5021">
     <span class='ocr_line' id='line_1_111' title="bbox 2126 4947 3696 5021; baseline 0.002 -18"><span class='ocrx_word' id='word_1_736' title='bbox 2126 4950 2497 5021; x_wconf 85' lang='grc' dir='ltr'>πραττόμενοι</span> <span class='ocrx_word' id='word_1_737' title='bbox 2544 4949 2785 5004; x_wconf 84' lang='grc' dir='ltr'>δάνειον.</span> <span class='ocrx_word' id='word_1_738' title='bbox 2849 4949 2914 5003; x_wconf 79' lang='grc' dir='ltr'>Οί</span> <span class='ocrx_word' id='word_1_739' title='bbox 2956 4947 3003 5003; x_wconf 84' lang='grc' dir='ltr'>δ’</span> <span class='ocrx_word' id='word_1_740' title='bbox 3051 4949 3311 5004; x_wconf 83' lang='grc' dir='ltr'>ἀποτῖσαι</span> <span class='ocrx_word' id='word_1_741' title='bbox 3343 4950 3420 5021; x_wconf 79' lang='grc' dir='ltr'>μὴ</span> <span class='ocrx_word' id='word_1_742' title='bbox 3458 4950 3696 5021; x_wconf 66' lang='grc' dir='ltr'><strong>ἔχοντεςι</strong></span> 
     </span>
    </p>
   </div>
   <div class='ocr_carea' id='block_1_111' title="bbox 2124 5122 3689 5207">
    <p class='ocr_par' dir='ltr' id='par_1_111' title="bbox 2124 5122 3689 5207">
     <span class='ocr_line' id='line_1_112' title="bbox 2124 5122 3689 5207; baseline -0.005 -25"><span class='ocrx_word' id='word_1_743' title='bbox 2124 5128 2419 5207; x_wconf 52' lang='lat' dir='ltr'><strong>valebitin</strong></span> <span class='ocrx_word' id='word_1_744' title='bbox 2450 5135 2502 5182; x_wconf 90' lang='lat' dir='ltr'><strong>te</strong></span> <span class='ocrx_word' id='word_1_745' title='bbox 2529 5127 2724 5207; x_wconf 75' lang='lat' dir='ltr'><strong>falsum</strong></span> <span class='ocrx_word' id='word_1_746' title='bbox 2760 5127 3163 5207; x_wconf 66' lang='lat' dir='ltr'><strong>testimonium,</strong></span> <span class='ocrx_word' id='word_1_747' title='bbox 3202 5124 3476 5207; x_wconf 42' lang='lat' dir='ltr'><strong>sednapud.</strong></span> <span class='ocrx_word' id='word_1_748' title='bbox 3510 5122 3689 5207; x_wconf 84' lang='lat' dir='ltr'><strong>homi-</strong></span> 
     </span>
    </p>
   </div>
   <div class='ocr_carea' id='block_1_112' title="bbox 2122 5195 3689 5272">
    <p class='ocr_par' dir='ltr' id='par_1_112' title="bbox 2122 5195 3689 5272">
     <span class='ocr_line' id='line_1_113' title="bbox 2122 5195 3689 5272; baseline -0.006 -20"><span class='ocrx_word' id='word_1_749' title='bbox 2122 5215 2244 5272; x_wconf 80' lang='lat' dir='ltr'><strong>nes.</strong></span> <span class='ocrx_word' id='word_1_750' title='bbox 2304 5198 2584 5272; x_wconf 61' lang='lat' dir='ltr'><strong>Numquid</strong></span> <span class='ocrx_word' id='word_1_751' title='bbox 2651 5195 3320 5272; x_wconf 24' lang='lat' dir='ltr'><strong>ap‘ud‘Deunnvalehit?</strong></span> <span class='ocrx_word' id='word_1_752' title='bbox 3378 5196 3476 5272; x_wconf 70' lang='lat' dir='ltr'><strong>ubi</strong></span> <span class='ocrx_word' id='word_1_753' title='bbox 3527 5206 3689 5272; x_wconf 71' lang='lat' dir='ltr'><strong>causa</strong></span> 
     </span>
    </p>
   </div>
   <div class='ocr_carea' id='block_1_113' title="bbox 2124 5263 3688 5345">
    <p class='ocr_par' dir='ltr' id='par_1_113' title="bbox 2124 5263 3688 5345">
     <span class='ocr_line' id='line_1_114' title="bbox 2124 5263 3688 5345; baseline -0.005 -22"><span class='ocrx_word' id='word_1_754' title='bbox 2124 5269 2358 5323; x_wconf 88' lang='lat' dir='ltr'><strong>dicenda</strong></span> <span class='ocrx_word' id='word_1_755' title='bbox 2392 5263 2506 5345; x_wconf 62' lang='lat' dir='ltr'><strong>est.</strong></span> <span class='ocrx_word' id='word_1_756' title='bbox 2537 5263 2768 5345; x_wconf 75' lang='lat' dir='ltr'><strong>Quando</strong></span> <span class='ocrx_word' id='word_1_757' title='bbox 2808 5268 2951 5321; x_wconf 89' lang='lat' dir='ltr'><strong>Deus</strong></span> <span class='ocrx_word' id='word_1_758' title='bbox 2981 5263 3485 5345; x_wconf 34' lang='lat' dir='ltr'><strong>eritjudexnalius</strong></span> <span class='ocrx_word' id='word_1_759' title='bbox 3512 5263 3688 5345; x_wconf 67' lang='lat' dir='ltr'><strong>testis,</strong></span> 
     </span>
    </p>
   </div>
   <div class='ocr_carea' id='block_1_114' title="bbox 2121 5333 3687 5413">
    <p class='ocr_par' dir='ltr' id='par_1_114' title="bbox 2121 5333 3687 5413">
     <span class='ocr_line' id='line_1_115' title="bbox 2121 5333 3687 5413; baseline -0.006 -23"><span class='ocrx_word' id='word_1_760' title='bbox 2121 5354 2286 5407; x_wconf 87' lang='lat' dir='ltr'><strong>quam</strong></span> <span class='ocrx_word' id='word_1_761' title='bbox 2322 5339 2661 5413; x_wconf 68' lang='lat' dir='ltr'><strong>conscientia</strong></span> <span class='ocrx_word' id='word_1_762' title='bbox 2698 5348 2787 5412; x_wconf 78' lang='lat' dir='ltr'><strong>tua</strong></span> <span class='ocrx_word' id='word_1_763' title='bbox 2818 5354 2927 5391; x_wconf 90' lang='lat' dir='ltr'><strong>non</strong></span> <span class='ocrx_word' id='word_1_764' title='bbox 2963 5336 3092 5413; x_wconf 79' lang='lat' dir='ltr'><strong>erit.</strong></span> <span class='ocrx_word' id='word_1_765' title='bbox 3116 5333 3274 5413; x_wconf 67' lang='lat' dir='ltr'><strong>inter</strong></span> <span class='ocrx_word' id='word_1_766' title='bbox 3305 5334 3515 5413; x_wconf 76' lang='lat' dir='ltr'><strong>justum</strong></span> <span class='ocrx_word' id='word_1_767' title='bbox 3544 5333 3687 5413; x_wconf 87' lang='lat' dir='ltr'><strong>judi-</strong></span> 
     </span>
    </p>
   </div>
   <div class='ocr_carea' id='block_1_115' title="bbox 2121 5403 3685 5463">
    <p class='ocr_par' dir='ltr' id='par_1_115' title="bbox 2121 5403 3685 5463">
     <span class='ocr_line' id='line_1_116' title="bbox 2121 5403 3685 5463; baseline -0.01 0"><span class='ocrx_word' id='word_1_768' title='bbox 2121 5403 2239 5463; x_wconf 78' lang='lat' dir='ltr'><strong>cem</strong></span> <span class='ocrx_word' id='word_1_769' title='bbox 2272 5414 2329 5462; x_wconf 79' lang='lat' dir='ltr'><strong>et</strong></span> <span class='ocrx_word' id='word_1_770' title='bbox 2350 5408 2746 5462; x_wconf 77' lang='lat' dir='ltr'><strong>consolentiam</strong></span> <span class='ocrx_word' id='word_1_771' title='bbox 2767 5403 2925 5460; x_wconf 71' lang='lat' dir='ltr'><strong>&#39;tuaut</strong></span> <span class='ocrx_word' id='word_1_772' title='bbox 2958 5407 3070 5460; x_wconf 88' lang='lat' dir='ltr'><strong>noli</strong></span> <span class='ocrx_word' id='word_1_773' title='bbox 3107 5406 3306 5457; x_wconf 87' lang='lat' dir='ltr'><strong>timere</strong></span> <span class='ocrx_word' id='word_1_774' title='bbox 3335 5403 3439 5455; x_wconf 91' lang='lat' dir='ltr'><strong>nisi</strong></span> <span class='ocrx_word' id='word_1_775' title='bbox 3470 5412 3685 5456; x_wconf 89' lang='lat' dir='ltr'><strong>causam</strong></span> 
     </span>
    </p>
   </div>
   <div class='ocr_carea' id='block_1_116' title="bbox 2123 5466 3684 5553">
    <p class='ocr_par' dir='ltr' id='par_1_116' title="bbox 2123 5466 3684 5553">
     <span class='ocr_line' id='line_1_117' title="bbox 2123 5466 3684 5553; baseline -0.008 -22"><span class='ocrx_word' id='word_1_776' title='bbox 2123 5487 2297 5553; x_wconf 70' lang='lat' dir='ltr'><strong>tuam.</strong></span> <span class='ocrx_word' id='word_1_777' title='bbox 2334 5478 2446 5553; x_wconf 71' lang='lat' dir='ltr'><strong>(ll.</strong></span> <span class='ocrx_word' id='word_1_778' title='bbox 2475 5486 2678 5553; x_wconf 70' lang='lat' dir='ltr'><strong>quaest.</strong></span> <span class='ocrx_word' id='word_1_779' title='bbox 2707 5478 2855 5544; x_wconf 81' lang='lat'><strong>5.)—</strong></span> <span class='ocrx_word' id='word_1_780' title='bbox 2882 5476 3025 5553; x_wconf 68' lang='lat' dir='ltr'><strong>Quid</strong></span> <span class='ocrx_word' id='word_1_781' title='bbox 3060 5475 3221 5553; x_wconf 80' lang='lat' dir='ltr'><strong>obest</strong></span> <span class='ocrx_word' id='word_1_782' title='bbox 3266 5473 3501 5553; x_wconf 78' lang='lat' dir='ltr'><strong>homini,</strong></span> <span class='ocrx_word' id='word_1_783' title='bbox 3540 5466 3684 5553; x_wconf 72' lang='lat' dir='ltr'><strong>quod</strong></span> 
     </span>
    </p>
   </div>
   <div class='ocr_carea' id='block_1_117' title="bbox 2119 5545 3683 5623">
    <p class='ocr_par' dir='ltr' id='par_1_117' title="bbox 2119 5545 3683 5623">
     <span class='ocr_line' id='line_1_118' title="bbox 2119 5545 3683 5623; baseline -0.001 -23"><span class='ocrx_word' id='word_1_784' title='bbox 2119 5562 2185 5600; x_wconf 81' lang='lat' dir='ltr'><strong>ex</strong></span> <span class='ocrx_word' id='word_1_785' title='bbox 2215 5545 2523 5623; x_wconf 61' lang='lat' dir='ltr'><strong>illatabula</strong></span> <span class='ocrx_word' id='word_1_786' title='bbox 2555 5547 2673 5623; x_wconf 78' lang='lat' dir='ltr'><strong>vult</strong></span> <span class='ocrx_word' id='word_1_787' title='bbox 2697 5562 2824 5601; x_wconf 89' lang='lat' dir='ltr'><strong>eum</strong></span> <span class='ocrx_word' id='word_1_788' title='bbox 2863 5549 3049 5623; x_wconf 76' lang='lat' dir='ltr'><strong>delere</strong></span> <span class='ocrx_word' id='word_1_789' title='bbox 3082 5545 3324 5623; x_wconf 74' lang='lat' dir='ltr'><strong>humana</strong></span> <span class='ocrx_word' id='word_1_790' title='bbox 3357 5545 3683 5623; x_wconf 59' lang='lat' dir='ltr'><strong>ignoranti?»</strong></span> 
     </span>
    </p>
   </div>
   <div class='ocr_carea' id='block_1_118' title="bbox 2119 5615 3677 5684">
    <p class='ocr_par' dir='ltr' id='par_1_118' title="bbox 2119 5615 3677 5684">
     <span class='ocr_line' id='line_1_119' title="bbox 2119 5615 3677 5684; baseline -0.007 -13"><span class='ocrx_word' id='word_1_791' title='bbox 2119 5618 2165 5671; x_wconf 89' lang='lat' dir='ltr'><strong>si</strong></span> <span class='ocrx_word' id='word_1_792' title='bbox 2197 5620 2264 5671; x_wconf 88' lang='lat' dir='ltr'><strong>de</strong></span> <span class='ocrx_word' id='word_1_793' title='bbox 2297 5618 2441 5673; x_wconf 87' lang='lat' dir='ltr'><strong>libro</strong></span> <span class='ocrx_word' id='word_1_794' title='bbox 2470 5618 2775 5670; x_wconf 76' lang='lat' dir='ltr'><strong>viventium</strong></span> <span class='ocrx_word' id='word_1_795' title='bbox 2812 5632 2921 5671; x_wconf 89' lang='lat' dir='ltr'><strong>non</strong></span> <span class='ocrx_word' id='word_1_796' title='bbox 2965 5615 3145 5671; x_wconf 87' lang='lat' dir='ltr'><strong>deleat</strong></span> <span class='ocrx_word' id='word_1_797' title='bbox 3168 5615 3359 5684; x_wconf 84' lang='lat' dir='ltr'><strong>iniqua</strong></span> <span class='ocrx_word' id='word_1_798' title='bbox 3395 5615 3677 5667; x_wconf 84' lang='lat' dir='ltr'><strong>conscien-</strong></span> 
     </span>
    </p>
   </div>
   <div class='ocr_carea' id='block_1_119' title="bbox 2120 5687 2623 5756">
    <p class='ocr_par' dir='ltr' id='par_1_119' title="bbox 2120 5687 2623 5756">
     <span class='ocr_line' id='line_1_120' title="bbox 2120 5687 2623 5756; baseline 0 -16"><span class='ocrx_word' id='word_1_799' title='bbox 2120 5687 2223 5740; x_wconf 77' lang='lat' dir='ltr'><strong>tia?</strong></span> <span class='ocrx_word' id='word_1_800' title='bbox 2251 5689 2434 5756; x_wconf 71' lang='lat' dir='ltr'><strong>(:\ttg.,</strong></span> <span class='ocrx_word' id='word_1_801' title='bbox 2469 5688 2623 5754; x_wconf 72' lang='lat' dir='ltr'><strong>ibid.)</strong></span> 
     </span>
    </p>
   </div>
   <div class='ocr_carea' id='block_1_120' title="bbox 2192 5756 3111 5829">
    <p class='ocr_par' dir='ltr' id='par_1_120' title="bbox 2192 5756 3111 5829">
     <span class='ocr_line' id='line_1_121' title="bbox 2192 5756 3111 5829; baseline -0.001 -20"><span class='ocrx_word' id='word_1_802' title='bbox 2192 5761 2267 5829; x_wconf 58' lang='grc' dir='ltr'><strong>(ε)</strong></span> <span class='ocrx_word' id='word_1_803' title='bbox 2309 5757 2576 5827; x_wconf 73' lang='lat' dir='ltr'><strong>Evagrius</strong></span> <span class='ocrx_word' id='word_1_804' title='bbox 2610 5757 2774 5811; x_wconf 80' lang='lat' dir='ltr'><strong>habet</strong></span> <span class='ocrx_word' id='word_1_805' title='bbox 2809 5756 3111 5811; x_wconf 76' lang='lat' dir='ltr'><strong>l’liravitas.</strong></span> 
     </span>
    </p>
   </div>
  </div>
