4118 6470
506 332 611 393 155

1719 331 2146 394 NlCEPllOl-ll
2187 333 2538 394 C.\I_LIST[

3683 340 3785 404 1:26

500 461 642 498 rum.
677 451 900 513 prepter
925 444 1432 500 Chalcedonensem
1471 446 1744 516 synodum
1777 462 2071 516 congrega-

2188 447 2369 500 ἕλκειν
2398 449 2485 502 διὰ
2520 449 2617 515 τὴν
2649 451 2704 501 ἐν
2741 449 3051 520 Χιλκηδτῧνι
3087 450 3330 511 σύνοδον.
3357 451 3549 521 φθάνει
3582 456 3785 524 Πέτρος

501 543 607 590 turi
645 546 849 595 essent.
911 537 1102 590 l'etrus
1163 539 1507 592 Alexandria:
1553 554 1584 592 e
1647 539 1754 592 vita
1819 539 2086 599 excessit.

503 629 667 698 eique
691 628 1047 694 Athanasius,
1076 641 1442 700 cognomento
1466 631 1685 684 Celetes
1711 631 1828 685 sive
1855 631 2087 684 llernio-

503 734 617 780 sus,
657 719 708 770 in
735 718 1038 788 episcopali
1079 719 1281 775 throno
1314 723 1604 776 successit.
1633 722 1810 792 Atque
1866 725 1913 775 is
1958 737 2084 775 cum

506 813 674 867 itiulta
701 829 918 883 quoque
953 815 1325 883 experiretur,
1381 823 1438 867 ut
1469 814 1800 868 dissidentia
1839 814 2085 866 membra

502 905 888 975 conjungeret,
927 907 1065 960 nihil
1095 917 1280 959 tamen
1320 906 1455 976 egit.
1512 907 1568 960 In
1605 907 1809 960 multas
1844 921 2084 970 namque

498 1004 554 1048 et
585 998 766 1050 varias
805 997 1098 1066 opiniones
1123 997 1513 1051 discesserant.
1543 997 1663 1051 Non
1711 998 1884 1050 multo
1949 1013 2084 1051 vero

502 1098 625 1155 [Wst
651 1097 708 1142 et
757 1089 956 1143 Petrus
1021 1089 1340 1158 Cnapheus,
1401 1090 1708 1144 Antiochiae
1764 1088 2082 1155 defunctus,

499 1181 802 1234 Palladium
863 1196 1239 1235 successorem
1284 1181 1498 1236 habuit.
1548 1181 1721 1252 Cujus
1755 1184 2085 1253 sullragalor

497 1270 664 1324 etiam
695 1271 1141 1332 fuitAnastasius
1174 1272 1426 1334 Dicorus,
1459 1274 1556 1343 qui
1622 1284 1748 1343 post
1802 1274 2081 1328 Zenonem

501 1357 812 1414 Romanum
878 1362 1021 1416 male
1077 1362 1492 1417 administravit
1537 1363 1856 1432 imperium.
1916 1365 2084 1419 Porro

499 1453 836 1508 Athanasius
859 1455 1146 1527 synodalia
1170 1456 1373 1525 scripta
1405 1455 1472 1508 ad
1509 1456 1810 1510 Palladium
1833 1461 2080 1522 mittens,

499 1546 691 1597 eadem
723 1555 778 1598 et
803 1546 920 1616 ipse
953 1563 1076 1616 quae
1101 1548 1326 1618 Moggus
1350 1549 1418 1602 de
1445 1547 1890 1603 Chalcedonensi
1915 1565 2081 1620 syno-

499 1637 571 1690 do
603 1639 811 1693 retulit.
855 1641 997 1694 Idem
1031 1639 1159 1717 [θοὴ
1189 1640 1431 1694 Joannes
1487 1657 1736 1710 quoque,
1796 1643 1892 1711 qui
1950 1651 2080 1711 post

499 1746 625 1784 eum
654 1732 1038 1786 Alexandrina:
1071 1732 1292 1802 praefuit
1325 1733 1602 1787 Ecclesia.
1637 1733 1744 1787 Sed
1781 1745 1837 1789 et
1898 1734 2078 1788 Palla-

2193 539 2250 589 ὲν
2291 537 2677 610 Ἀλεξινδρείᾳ
2713 539 2773 591 τὸ
2803 539 3068 608 βιώσιμον
3107 543 3364 594 ἀπειπών
3406 560 3418 570 ο
3459 544 3554 596 καὶ
3609 545 3784 597 διάδο-

2192 647 2285 698 χος
2310 632 2503 700 ἐκείνῳ
2540 631 2632 684 τοῦ
2661 632 2852 699 θρόνου
2882 633 3211 685 καθίσταται
3257 634 3575 698 Ἀθανάσιος
3615 639 3640 688 ό
3662 638 3786 688 ἐπί-

2191 721 2324 790 κλην
2352 723 2626 791 Κηλήτης.
2660 724 2868 792 Πολλὴν
2926 723 2970 775 δ’
3021 720 3176 786 οὗτος
3219 729 3415 794 πεῖραν
3469 729 3787 795 εἰσαγαγὼν

2189 810 2328 863 ὥστε
2362 813 2430 864 τά
2473 813 2740 865 διεστῶτα
2775 814 2913 882 μέλη
2958 817 3312 881 συναγαγεῖν.
3355 817 3510 868 οὐδὲν
3546 818 3739 886 ἤνυσεν
3766 834 3782 848 ⁶

2189 905 2268 965 είς
2305 903 2504 967 πολλὰς
2537 907 2646 974 γάρ
2673 908 2766 958 καὶ
2800 905 3095 974 διαφόρους
3160 906 3546 976 ἀπεκρίθησαν
3603 908 3785 971 δόξας.

2188 996 2301 1047 Οὐκ
2333 999 2413 1056 εἰς
2469 998 2764 1066 μακρὰνδέ
2811 998 2904 1049 καί
2951 998 3205 1065 Πέτροςό
3251 999 3506 1067 Κναφεὺς
3554 1000 3658 1052 ἀνὰ
3683 1002 3786 1071 τὴν

2201 1087 2482 1157 Ἀντιόχου
2519 1089 2660 1142 τέλει
2718 1091 2814 1142 τοῦ
2877 1089 2994 1160 βίου
3063 1092 3433 1161 χρησάμενος,
3485 1094 3784 1146 Παλλάδιον

2187 1178 2313 1248 ἔσχε
2345 1179 2586 1250 διάδοχον
2609 1195 2621 1209 ’
2656 1174 2699 1248 ᾧ
2738 1182 3029 1252 σύμψηψος
3086 1184 3331 1250 ἐγεγόνει
3367 1189 3462 1234 καὶ
3491 1186 3518 1236 ό
3553 1185 3783 1253 Δίκορος

2201 1271 2576 1336 Ἀναστάσιος,
2613 1275 2640 1324 ὁ
2670 1274 2854 1336 κακῶς
2885 1275 3025 1338 μετά
3080 1275 3307 1342 Ζήνωνα
3351 1274 3450 1343 τὴν
3488 1273 3784 1341 Ῥωμαίων

2187 1363 2588 1431 ἡγεμονεύσας.
2622 1365 2884 1418 Συνοδικὰ
2907 1365 2964 1416 δὲ
3009 1367 3246 1434 πέμπων
3295 1369 3389 1418 καὶ
3459 1366 3783 1429 Ἀθανὰσιος

2188 1457 2326 1522 πρὸς
2364 1456 2688 1523 Παλλάδιον,
2751 1458 2819 1510 τά
2873 1458 3234 1528 παραπλήσια
3266 1459 3343 1528 τῷ
3408 1459 3633 1529 Μογγῴ,
3685 1462 3783 1512 καὶ

2186 1545 2340 1611 οὗτος
2373 1550 2500 1617 περὶ
2527 1550 2625 1615 τῆς
2653 1551 2710 1603 ἐν
2748 1551 3056 1619 Χαλκηδόνι
3100 1551 3324 1603 συνόδου
3376 1552 3606 1622 ἠγόρευε
3636 1569 3651 1581 ·
3707 1553 3783 1603 τὰ

2187 1640 2278 1691 ῐσα
2304 1641 2395 1690 καὶ
2429 1640 2456 1690 ὁ
2501 1641 2620 1710 μετ’
2643 1641 2808 1693 αὑτὸν
2843 1643 3096 1709 Ἰωάννης
3127 1643 3218 1697 τὸν
3250 1645 3352 1714 τῆς
3422 1644 3781 1714 Ἀλεξάνδρου

2187 1733 2376 1804 θρόνον
2409 1737 2724 1790 ἐπιστατῶν
2744 1737 2954 1805 ἔλεγεν.
2991 1738 3152 1792 Ἀλλὰ
3179 1741 3275 1792 καὶ
3307 1739 3401 1792 τοῦ
3448 1741 3783 1808 Ἀντιοχείας

499 1823 590 1874 dio
635 1824 984 1878 Antiocheno
1023 1833 1264 1886 mortuo,
1308 1833 1365 1878 et
1428 1825 1690 1879 Flaviano
1730 1827 2071 1895 procuratio-

2182 1827 2494 1882 Παλλαδίου
2521 1830 2803 1896 θανόντος,
2831 1833 2928 1884 καὶ
2982 1832 3289 1886 Φλαϐιανοῦ
3322 1833 3422 1904 τὴν
3472 1836 3782 1904 ἐπιτροπὴν

499 1925 620 1964 nem
649 1913 770 1980 ejus
802 1914 1021 1980 sortito,
1046 1915 1307 1969 Solomon
1335 1915 1562 1984 quidam
1589 1917 1895 1971 Antiochia:
1949 1934 2079 1987 pre-

496 2004 682 2073 sbyter
705 2007 1087 2061 Alexandriam
1115 2025 1240 2062 cum
1265 2009 1624 2079 synodalibus
1646 2011 1851 2066 litteris
1871 2011 2078 2067 missus

497 2107 604 2162 cst,
638 2101 828 2156 solitas
857 2120 1071 2158 rursum
1101 2107 1442 2177 ejuscemodi
1496 2108 1758 2176 epistolas
1788 2124 1816 2161 a
1857 2109 2072 2163 Joanne

495 2192 563 2246 ad
591 2194 904 2251 Flavianum
947 2202 1261 2268 requirens.
1311 2201 1384 2253 Ea
1423 2216 1644 2269 quoque
1675 2201 1880 2270 scripta
1929 2202 2074 2256 idem

493 2285 563 2339 de
600 2288 807 2356 synodo
840 2291 1298 2356 pronuntiabant.
1333 2292 1473 2347 Huic
1495 2309 1627 2347 vero
1671 2295 1874 2349 Joanni
1906 2295 2077 2348 Joan-

497 2377 750 2432 ncsaltcr
773 2379 1122 2435 Alexandriae
1176 2387 1466 2446 successit,
1529 2385 1597 2436 de
1649 2384 1853 2452 quibus
1911 2386 2076 2454 paulo

496 2479 618 2535 post
641 2469 908 2524 dicemus.
933 2471 1067 2526 Nam
1107 2472 1173 2527 ad
1207 2474 1419 2544 aliquot
1455 2490 1630 2543 usque
1659 2477 1941 2529 Anastasii
1973 2477 2076 2530 imo

499 2559 632 2627 perii
666 2576 857 2628 annos,
891 2563 956 2616 ad
986 2563 1133 2618 hunc
1165 2566 1389 2620 modum
1419 2581 1508 2621 res
1540 2567 1914 2622 Ecclesiarum
1947 2585 2078 2637 pro.-

497 2667 731 2708 cessere.
767 2654 1130 2725 Euphemium
1161 2674 1394 2728 namque
1417 2659 1506 2713 ille
1529 2660 1760 2729 expulit.
1792 2661 1918 2714 llaec
1938 2677 2071 2716 vero

499 2743 570 2795 ita
608 2743 803 2808 ordine
832 2761 1130 2816 exponere,
1175 2764 1285 2818 quo
1337 2749 1555 2804 facilius
1607 2751 2072 2821 intelligerentur,

493 2845 716 2890 coactus
769 2853 911 2892 'um.
978 2839 1045 2893 Et
1103 2839 1356 2896 Ecclesiae
1403 2842 1626 2912 quidem
1680 2851 1794 2896 tum
1833 2843 1915 2899 sic
1971 2845 2075 2898 ha-

492 2925 722 2982 hebant.
781 2929 891 2985 Nos
941 2940 1126 2986 autem
1176 2936 1486 2989 orationem
1540 2934 1607 2988 ad
1665 2935 1771 2990 alia
1833 2950 2070 2991 conver-

499 3030 700 3074 tamus.

989 3226 1154 3297 637
1179 3227 1402 3286 CAPUT
1433 3229 1577 3285 XXI.

495 3334 571 3389 De
614 3335 922 3393 Theuderici
956 3338 1162 3411 Scytha?
1195 3345 1515 3406 uastatione,
1545 3352 1594 3397 et
1619 3353 1676 3398 ut
1713 3345 1756 3399 is
1785 3347 2071 3402 interierit.

562 3515 946 3573 Thcudericus
968 3519 1044 3586 (l)
1079 3517 1301 3589 Scytha,
1331 3523 1540 3592 magnis
1569 3527 1901 3594 comparatis
1951 3527 2074 3597 opi-

489 3609 613 3666 bus.
645 3609 910 3665 adversus
942 3611 1217 3666 Zenonem
1245 3629 1394 3667 arma
1421 3617 1592 3684 cepit.
1622 3617 1692 3671 Et
1729 3635 1854 3672 cum
1891 3623 2071 3690 copiis

489 3701 544 3754 iu
574 3700 808 3754 Thracia
841 3704 1050 3757 coactis
1093 3703 1394 3759 Romanam
1428 3706 1697 3761 ditionem
1765 3710 2069 3778 ingressus,

487 3792 647 3847 obvia
678 3809 910 3861 qumque
942 3796 1196 3865 diripuit,
1237 3807 1294 3852 et
1330 3815 1506 3868 usque
1536 3801 1602 3856 ad
1631 3817 1692 3856 os
1722 3803 1916 3859 Euxini
1946 3823 2070 3874 per—

488 3885 659 3938 venit.
685 3885 974 3954 Atqueille
1022 3888 1362 3958 imperialem
1415 3891 1582 3946 etiam
1645 3893 1764 3948 fere
1831 3898 2072 3967 cepisset

489 3975 708 4043 urbem,
741 3977 933 4033 nisiex
974 3982 1302 4036 necessariis
1332 3982 1454 4052 ejus
1481 3983 1708 4053 quidam
1767 3987 1894 4042 vita:
1941 3990 2066 4059 ejus

491 4067 731 4123 insidiati
756 4070 1019 4126 fuissent.
1052 4073 1202 4139 Quos
1228 4075 1460 4138 veritus,
1495 4079 1842 4133 retrocessit.
1877 4080 2068 4149 Neque

490 4159 563 4216 ita
596 4162 826 4217 multum
863 4164 1181 4221 intercessit
1210 4168 1499 4237 temporis.
1539 4184 1668 4225 cum
1693 4172 1859 4225 vitam
1897 4172 2063 4228 etiam

487 4254 689 4322 tinivit,
725 4273 825 4326 per
854 4273 1078 4313 causam
1111 4263 1452 4330 hujusmodi.
1484 4263 1648 4319 Hasta
1679 4267 1935 4334 expedita
1970 4284 2067 4337 pa-

485 4346 594 4400 trio
629 4363 778 4402 more
813 4365 911 4417 pro
944 4351 1300 4408 tabernaculo
1322 4355 1443 4425 ejus
1488 4357 1744 4412 sublimis
1795 4359 2065 4414 collocata

482 4445 625 4492 erat.
649 4435 786 4491 Cum
819 4448 1002 4494 autem
1034 4456 1240 4510 corpus
1265 4459 1530 4498 exercere
1553 4445 1823 4511 ‘deberet,
1856 4464 2065 4518 equum

483 4528 681 4588 adduci
709 4531 876 4599 jussit
907 4549 922 4586 :
951 4547 1190 4604 cumque
1218 4535 1296 4590 nti
1328 4536 1556 4592 minime
1589 4539 1817 4603 soleret,
1839 4557 1906 4596 ex
1945 4551 2060 4596 ter-

485 4636 543 4679 ra
587 4620 640 4673 in
689 4621 843 4674 illum
877 4622 1112 4680 insiluit.
1155 4626 1313 4693 Quod
1365 4637 1548 4682 autem
1605 4645 1673 4685 ex
1730 4634 1950 4701 pascuis
2005 4641 2062 4688 et

479 4712 691 4781 cquitio
727 4713 772 4767 is
797 4731 971 4784 nuper
1009 4716 1304 4774 admodum
1368 4721 1636 4788 venisset,
1685 4723 2065 4780 ferocitatem-

483 4820 592 4874 que
617 4805 871 4874 spiraret,
898 4809 1136 4862 necdum
1169 4811 1596 4869 Theuderichus
1631 4828 1783 4871 recte
1811 4819 1861 4872 ei
1915 4820 2064 4874 inse-

482 4897 676 4960 disset,
709 4901 924 4967 priores
953 4901 1122 4970 pedes
1155 4903 1209 4957 in
1251 4905 1490 4959 sublime
1514 4907 1756 4977 jactans,
1787 4913 2064 4980 posterio-

485 4987 638 5046 ribus
671 4997 884 5043 tantum
912 4990 1132 5047 institit.
1162 4993 1542 5051 Theudericus
1561 5009 1744 5053 autem
1768 5017 1894 5055 cum
1920 5018 2060 5072 equo

483 5090 836 5146 concertans,
868 5097 1046 5152 neque
1078 5082 1234 5140 freno
1255 5087 1516 5142 cohibere
1545 5103 1671 5144 eum
1720 5094 1898 5160 potuit
1939 5096 1958 5162 (
1991 5109 2060 5148 ne

482 5170 696 5224 scilicet
734 5169 844 5224 fera
885 5187 1054 5245 super
1079 5187 1205 5228 eum
1239 5177 1494 5246 resupina
1527 5182 1845 5237 concideret
1874 5185 1915 5252 ),
1959 5200 2060 5239 ne-

483 5275 593 5326 quc
624 5261 757 5314 satis
791 5274 943 5317 certo
963 5273 1059 5318 aut
1087 5265 1320 5322 ﬁrmiter
1347 5268 1423 5324 illi
1457 5270 1695 5327 inhaesit.
1727 5274 1907 5344 Atque
1935 5291 2061 5332 cum

483 5354 555 5411 ira
584 5373 707 5410 Clllll
738 5374 881 5428 equo
912 5359 1019 5414 huc
1038 5369 1202 5431 atque
1227 5363 1357 5419 illuc
1387 5363 1440 5419 in
1489 5381 1684 5436 gyrum
1725 5377 2059 5434 verteretur,

485 5452 671 5503 nescio
698 5455 978 5518 quomodo
1015 5455 1224 5510 hastam
1268 5458 1419 5511 illam
1472 5462 1800 5514 concussit:
1854 5469 1912 5514 et
1971 5462 2061 5517 illa

483 5542 706 5609 oblique
732 5543 785 5598 in
814 5562 939 5599 cum
979 5548 1124 5602 illata
1165 5551 1308 5604 latus
1339 5552 1460 5621 ejus
1487 5553 1819 5606 vulneravit.
1850 5553 1926 5608 Ex
1952 5571 2062 5625 quo

555 5720 628 5781 (ll
670 5719 1112 5798 'l‘lmodcrichus,
1160 5726 1515 5782 Theodemiri
1572 5730 1739 5792 (ilius,
1769 5729 2057 5798 Ostrogot-

485 5789 703 5844 “turum
747 5809 860 5851 rex.
895 5811 922 5848 a
959 5794 1183 5852 Zenone
1218 5801 1445 5856 uatrtcia
1475 5812 1531 5856 et
1565 5789 1848 5855 consulari
1874 5789 2052 5860 dilui-

2183 1920 2391 1972 ἐκείνου
2456 1924 2910 1992 προσειληφότος,
2964 1925 3218 1994 Σολομῶν
3285 1943 3370 1986 τις
3444 1926 3781 1995 Ἀντιοχείας

2183 2008 2558 2079 πρεσϐύτερος
2613 2010 2695 2072 είς
2735 2011 2834 2080 τὴν
2901 2012 3257 2082 Ἀλεξάνδρου
3315 2013 3448 2084 πρὸς
3520 2014 3781 2083 Ἰωάννην

2129 2092 2134 2097 ’
2179 2097 2485 2168 ἐπέμπετο,
2522 2103 2591 2156 τὰ
2621 2103 2878 2156 συνοδικὰ
2928 2102 3194 2172 κομίζων,
3228 2104 3321 2157 καὶ
3371 2107 3470 2168 τάς
3521 2105 3778 2167 εἰωθυίας

2180 2190 2478 2260 ἀμοιϐαίας
2527 2194 2822 2257 ἐπιστολὰς
2852 2185 3105 2248 ἀπαιτῶν
3152 2197 3402 2249 Ἰωάννου
3451 2197 3583 2265 πρὸς
3637 2197 3781 2249 Φλα-

2179 2282 2366 2335 ϐιανόν
2399 2298 2412 2312 ·
2450 2283 2506 2336 αἲ
2535 2287 2628 2336 καὶ
2687 2286 2852 2338 αὐταὶ
2911 2287 3002 2339 τὸν
3051 2287 3165 2340 ῐσον
3217 2287 3358 2339 κατὰ
3405 2287 3504 2356 τῆς
3552 2288 3778 2340 συνόδου

2178 2373 2498 2444 διηγόρευον
2523 2377 2743 2446 τρόπον.
2769 2377 2972 2431 Τοῦτον
2995 2378 3053 2431 δὲ
3085 2381 3176 2431 τὸν
3219 2377 3474 2450 Ἰωάννην
3513 2381 3778 2450 Ἰωάννης

2177 2464 2366 2535 ἕτερος
2395 2468 2499 2520 ἀνά
2537 2470 2638 2539 τὴν
2680 2469 3098 2540 ’Δλεξὰνδρειαν
3154 2472 3426 2543 διεδέχετο
3456 2489 3472 2506 ο
3529 2474 3659 2543 περὶ
3695 2467 3778 2526 ὦν

2179 2559 2378 2630 μικρὸν
2409 2560 2636 2630 ὕστερον
2660 2563 2918 2632 ἐροῦμεν.
2949 2565 3128 2634 Μέχρι
3157 2566 3266 2636 γάρ
3287 2583 3432 2630 τινος
3456 2569 3562 2620 τῶν
3613 2569 3778 2621 Ἀνα-

2180 2652 2404 2705 στασίου
2439 2655 2648 2723 χρόνων
2681 2655 2825 2708 οὕτω
2864 2657 2932 2710 τά
2974 2658 3081 2712 τῶν
3133 2659 3472 2728 Ἐκκλησιών
3519 2661 3777 2731 προεχώ-

2182 2760 2350 2814 ρησεν
2381 2761 2395 2776 ⁸
2430 2746 2718 2816 Εὑφήμιον
2751 2751 2859 2819 γὰρ
2922 2752 3130 2814 ἐκεῖνος
3156 2753 3428 2822 ἀπήλασε.
3487 2753 3675 2808 Ταῦτα
3721 2756 3774 2806 δ’

2176 2835 2320 2890 οὕτω
2349 2837 2474 2891 καθ’
2521 2841 2714 2909 εἱρμὸν
2763 2843 3200 2912 ἠναγκάσθημεν
3227 2845 3551 2913 παραθεῖναι
3591 2847 3680 2900 δ.ὰ
3707 2852 3776 2900 τδ

2175 2931 2256 2992 είς
2289 2931 2599 3002 κατάληψιν
2631 2934 2944 3004 πρόχειρον.
2982 2934 3064 2988 Τά
3100 2938 3200 3004 μὲν
3233 2934 3328 2988 οὖν
3383 2938 3490 2988 τῶν
3539 2939 3774 3007 Ἐκκλη-

2177 3021 2310 3076 σιῶν
2330 3022 2475 3076 οὕτω
2509 3028 2812 3095 τηνικαῦτα
2845 3026 3076 3098 ἐφέρετο
3123 3044 3136 3056 ·
3168 3033 3328 3098 ἡμεῖς
3383 3031 3430 3082 δ’
3464 3031 3548 3099 ἐφ’
3600 3031 3770 3102 ἕτερα

2175 3113 2267 3168 τὸν
2293 3114 2452 3184 λόγον
2474 3117 2795 3187 ἀγάγωμεν.

2764 3235 3017 3290 ΚΕΦΑΑ.
3052 3235 3182 3292 KA'.

2175 3343 2320 3412 Περὶ
2349 3343 2458 3412 τῆς
2506 3344 2983 3413 ἐπαναστάσεως
3037 3347 3400 3417 Θευδερίχου
3452 3354 3558 3404 τού
3615 3352 3768 3405 Σκύο

2614 3420 2742 3481 θου,
2769 3420 2869 3470 καί
2895 3418 2976 3483 ὡς
3010 3418 3320 3487 διεφθάρη.

2246 3530 2570 3602 Θευδέριχος
2598 3533 2624 3580 ὁ
2652 3531 2893 3600 Σκύθης,
2920 3535 3012 3586 ἐπὶ
3045 3535 3187 3603 μέγα
3219 3534 3504 3602 δυνάμεως
3565 3539 3765 3607 προελ-

2175 3623 2305 3690 θὼν,
2328 3627 2688 3678 ἐπανίσταται
2719 3627 2936 3695 Ζήνωνι
2977 3643 2991 3658 ⁸
3026 3628 3119 3681 καὶ
3159 3629 3257 3692 τὰς
3286 3633 3343 3681 ἐν
3372 3629 3564 3702 Θρᾴκῃ
3604 3632 3766 3685 δυνά-

2177 3736 2298 3788 μεις
2325 3719 2605 3788 ἁθροίσας,
2629 3719 2809 3772 ἔπεισι
2837 3721 3020 3774 πάντα
3054 3720 3125 3774 τὰ
3159 3723 3217 3774 ἐν
3245 3725 3370 3775 ποσὶ
3396 3723 3542 3775 λείαν
3575 3727 3767 3776 ποιού-

2176 3827 2360 3880 μενος,
2393 3812 2523 3880 ἄχρι
2553 3813 2616 3882 δὴ
2651 3813 2744 3866 καὶ
2765 3813 2859 3866 τοῦ
2892 3814 3030 3866 κατὰ
3061 3815 3154 3867 τὸν
3188 3815 3438 3876 Εὔξεινον
3466 3818 3759 3884 στόματος

2175 3905 2509 3974 παραϐραχὺ
2541 3905 2586 3957 δ’
2612 3905 2677 3958 ἂν
2710 3909 2803 3961 καὶ
2826 3906 2926 3978 τὴν
2957 3907 3229 3974 βασίλειον
3282 3903 3390 3960 εἷλε
3424 3909 3598 3972 πόλιν,
3625 3911 3762 3976 είγε

2173 3998 2250 4067 μὴ
2313 3999 2420 4052 τῶν
2471 3999 2800 4069 ἐπιτηδείων
2845 4000 2992 4062 τινές
3046 4000 3306 4054 ἐπίϐουλα
3362 4004 3757 4072 φρονήσαντες,

2167 4091 2523 4160 ἀφαιρεῖσθαι
2558 4090 2706 4160 αὐτῷ
2732 4092 2830 4161 τὴν
2870 4091 3017 4160 ζωὴν
3048 4093 3357 4161 ἐπειρῶντο
3381 4110 3395 4125 ·
3425 4092 3517 4157 οὓς
3545 4095 3756 4160 δείσας,

2169 4183 2223 4244 ἐς
2245 4185 2488 4236 τούπίσω
2528 4183 2744 4253 ἐχώρει.
2781 4183 2889 4235 Καὶ
2923 4184 3116 4252 χρόνου
3143 4183 3187 4235 δ’
3219 4185 3280 4236 οὐ
3333 4183 3527 4236 πολλοῦ
3573 4184 3761 4252 διαγε-

2169 4274 2420 4342 νομένου,
2452 4274 2545 4327 τὸν
2587 4271 2703 4341 βίον
2752 4273 3090 4341 μετήλλαττε
3128 4273 3345 4326 τοιᾶσδε
3400 4273 3758 4342 ήγησαμένης

2167 4367 2369 4426 αἰτίας.
2404 4366 2476 4417 Τὸ
2520 4366 2648 4434 δόρυ
2679 4363 2826 4434 αὐτῷ
2861 4364 2879 4388 ⁸¹
2911 4364 3301 4433 διηγγελμένον
3356 4367 3478 4418 κατ’
3535 4366 3654 4428 ἔθος
3701 4383 3758 4419 τι

2169 4456 2490 4526 ἐπιχώριον,
2528 4458 2636 4528 πρὸ
2692 4459 2794 4528 τῆς
2865 4458 3078 4511 ἐκείνου
3138 4460 3345 4529 σκηνῆς
3396 4459 3700 4529 ἀπῃώρητο
3739 4475 3756 4490 ·

2167 4549 2367 4618 δεῆσαν
2385 4550 2440 4602 δὲ
2479 4549 2538 4602 τὸ
2568 4549 2727 4618 σῶμα
2750 4553 3053 4619 γυμνάσαι,
3088 4551 3256 4604 ἵππον
3321 4551 3574 4602 ἐκέλευεν
3623 4551 3758 4618 ἄγε-

2173 4640 2318 4695 σθαι.
2344 4641 2456 4693 Οὐκ
2489 4641 2681 4703 εἰωθὸς
2709 4641 2752 4694 δ’
2783 4643 2948 4711 ἔχων,
2983 4643 3151 4711 γῆθεν
3187 4643 3262 4710 τῷ
3284 4642 3437 4710 ἵππῳ
3474 4643 3756 4712 προσήλαο

2168 4749 2250 4790 το.
2299 4733 2357 4786 Ὀ
2388 4733 2432 4786 δ’
2454 4735 2580 4804 ἄρτι
2617 4736 2680 4787 ἐκ
2708 4732 2943 4804 βοτάνης
2995 4735 3168 4803 ἥκων,
3225 4733 3307 4787 ἆτ’
3353 4734 3604 4802 ἀγελαῖος
3661 4735 3757 4787 καὶ

2169 4825 2329 4896 ὓϐριν
2353 4829 2556 4890 πνέων,
2600 4830 2768 4898 μήπω
2807 4828 3110 4897 περιϐάδην
3139 4827 3232 4880 τοῦ
3273 4828 3598 4897 Θευδερίχου
3624 4829 3756 4879 ἐπ.-

2166 4919 2450 4984 ναϐάντος,
2477 4921 2606 4979 τοὺς
2630 4922 3003 4992 ἐμπροσθίους
3031 4924 3144 4974 τοῖν
3204 4923 3389 4973 ποδοῖν
3448 4923 3755 4990 μετεώρους

2166 5006 2301 5080 εἷχε,
2328 5013 2437 5073 τοῖς
2459 5012 2724 5076 ὀπισθίοις
2756 5014 2939 5083 μόνοις
2957 5013 3300 5082 ἀκροϐατῶν.
3331 5014 3754 5081 Διαφιλονεικῶν

2165 5102 2208 5154 δ’
2237 5106 2263 5155 ὁ
2287 5104 2634 5173 Θευδέριχος,
2660 5103 2783 5156 οὔτε
2813 5105 3018 5175 χαλινῷ
3049 5104 3397 5158 ἀναστέλλειν
3445 5101 3614 5173 εἶχεν,
3664 5105 3751 5156 ἴνα

2170 5191 2246 5262 μὴ
2285 5193 2520 5260 ἐμπέσοι
2546 5192 2719 5261 αὐτῷ,
2751 5193 2970 5262 καὶτῆς
3023 5193 3185 5262 ἕδρας
3208 5193 3269 5244 οὐ
3308 5194 3448 5244 πάνυ
3480 5209 3532 5244 τι
3571 5191 3754 5262 βεϐαί-

2165 5299 2242 5344 ως
2275 5281 2540 5351 ἐξείχετο.
2575 5281 2734 5336 Οὕτω
2773 5283 2818 5335 δ’
2857 5281 3010 5335 ἔνθεν
3043 5281 3299 5334 κάκεῖθεν
3330 5282 3426 5333 σὺν
3475 5283 3552 5351 τῷ
3602 5282 3751 5351 ἵππῳ

2167 5374 2644 5443 περιδονούμενος,
2679 5375 2778 5426 οὐκ
2795 5368 2894 5426 οἷδ’
2926 5373 3076 5435 ὅπως
3099 5372 3196 5439 τὴν
3219 5374 3425 5442 αίχμὴν
3467 5371 3696 5422 διασείει
3732 5387 3746 5400 ·

2166 5467 2340 5531 παγία
2364 5467 2408 5518 δ’
2445 5468 2531 5519 ἐπ’
2554 5467 2718 5519 αὐτὸν
2746 5467 3046 5536 ἐνεχθεῖσα,
3079 5465 3263 5535 βάλλει
3301 5465 3440 5518 κατὰ
3470 5463 3707 5534 πλευράν
3733 5480 3749 5495 ο

2166 5557 2419 5609 ἐντεῦθεν
2455 5557 2512 5610 δέ
2541 5556 2772 5626 κλινήρη
2822 5557 3140 5627 γενόμενον,
3176 5558 3297 5626 μετ’
3328 5556 3510 5625 ὀλίγον
3545 5571 3750 5623 σφακε-

2169 5741 2282 5788 tate
2308 5741 2393 5806 est
2418 5742 2743 5786 exornatus.
2779 5733 2976 5806 (Blond
3006 5731 3026 5805 )
3061 5733 3211 5790 ldcm
3239 5733 3551 5791 Odoacrum
3591 5731 3748 5798 vicit,

2167 5813 2222 5856 et
2253 5803 2467 5857 Italiam
2504 5807 2776 5860 obtinuit.
