4118 6468
361 379 459 448 :51
1317 386 1920 447 ECClESIASTiC/E
1963 389 2361 451 IIlSTOl’J/E
2404 393 2552 455 LIB.
2595 395 2757 456 XVI.
3546 400 3648 464 158

360 496 649 551 λισθέντων
678 496 827 566 αὐτῷ
855 496 962 549 τῶν
996 498 1149 551 ἔνδον
1175 499 1253 569 τῷ
1292 501 1391 570 τῆς
1419 501 1625 571 αἰχμῆς
1650 500 1955 572 τραύματι,

2023 535 2030 561 ι
2068 502 2300 557 vulnere
2337 503 2481 557 lecto
2504 502 2718 571 aliisus,
2760 508 2850 562 ubi
2877 507 3090 564 viscera
3127 510 3250 578 ejus
3302 526 3366 565 ex
3418 515 3649 567 convul-

360 592 428 644 τὸ
483 588 631 660 βιοῦν
699 590 1096 660 καταστρέψαι.

2059 594 2214 647 sione
2243 604 2298 647 et
2336 594 2771 653 inﬂammatione
2803 613 3317 669 conuuarcueruut,
3352 603 3506 659 brevi
3566 606 3647 659 vi-

2059 695 2166 741 tam
2195 688 2403 743 amisit.

927 800 1177 853 ΚΕΦΑΛ.
1233 798 1361 855 κη’.

2616 806 2847 865 CAPUT
2898 807 3068 864 XXII.

366 910 507 991 Περί
537 911 1036 991 τῆς-τηραιιῖζδος
1070 914 1439 991 Μιιρκιρνοῦ.
1482 917 1787 991 Ἀνθεμίων
1818 937 1951 971 πηι-

2055 914 2135 968 De
2162 918 2427 974 Marciani
2457 922 2758 991 tyrannide.
2788 920 3075 982 Anthemii,
3101 922 3190 987 qui
3216 921 3393 976 Romae
3411 922 3642 976 obtinue-

437 982 678 1062 δός-ι’οᾷ
724 984 794 1035 ὲν
838 982 1026 1062 Ῥώμῃ
1084 984 1505 1062 κρατήσαντος
1531 1003 1547 1019 ⁸
1581 982 1681 1042 κιὶί
1725 990 1807 1056 ὼς
1837 994 1942 1059 λη-

2127 999 2211 1040 rat
2239 982 2541 1058 imperium.
2573 990 2674 1058 ﬁlii
2698 1006 2716 1043 :
2744 998 2793 1043 et
2826 1001 2881 1044 ut
2923 993 3059 1044 idem
3092 982 3401 1046 Marcianus
3424 1008 3634 1062 captus,

438 1055 627 1122 φθείς,
653 1055 952 1122 ιερωσύνῃ
989 1053 1246 1125 τιμᾶται.
1484 1053 1489 1054 ί
1784 1053 1796 1056 ⁷
1903 1053 1914 1059 ’

1784 1053 1796 1056 ⁷
1903 1053 1914 1059 ’
2122 1053 2449 1114 sacerdotali
2487 1053 2745 1132 dig'rtitate
2774 1062 2844 1114 sit
2878 1062 3179 1117 decoratus.

437 1170 591 1223 Μετά
618 1168 808 1223 τοῦτον
837 1169 1159 1240 Μαρκιανὸς
1184 1168 1261 1241 τῷ
1289 1173 1502 1243 Ζήνωνι
1533 1176 1894 1230 ἐπανίσταται
1928 1194 1944 1208 ⁸

2126 1174 2253 1229 Post
2278 1175 2426 1230 hunc
2447 1175 2718 1230 adversus
2751 1176 3032 1231 Zenonem
3069 1177 3274 1232 bellum
3297 1179 3469 1233 movit
3496 1179 3640 1233 Mar-

361 1263 421 1316 ὃς
446 1264 574 1325 παῖς
601 1261 701 1331 μὲν
733 1256 803 1332 ἦν
848 1260 1165 1330 ’Δνθεμίου,
1222 1265 1318 1318 τοῦ
1353 1268 1411 1318 ὲν
1480 1266 1667 1339 Ῥώμῃ
1720 1270 1782 1321 οὐ
1838 1269 1947 1338 πρὸ

2050 1267 2263 1334 cianus,
2307 1265 2618 1332 Anthemii,
2649 1269 2746 1338 qui
2779 1284 2889 1322 non
2931 1269 3107 1323 multo
3133 1279 3264 1322 ante
3299 1270 3486 1324 Romae
3538 1270 3643 1323 im-

364 1353 564 1407 πολλοῦ
596 1352 1048 1423 βεϐασιλευκότος
1070 1373 1086 1390 ·
1121 1357 1279 1426 κῆδος
1295 1358 1342 1410 δ’
1370 1360 1463 1411 ἐπὶ
1495 1360 1730 1432 θυγατρὶ
1779 1363 1946 1416 Λεον-

2049 1366 2361 1427 peraverat,
2401 1359 2569 1425 illius,
2599 1359 2916 1428 Leontiam,
2948 1361 3152 1417 Leonis
3183 1363 3417 1418 Romani
3472 1366 3646 1432 impe-

366 1445 460 1515 τία
480 1443 557 1513 τῷ
584 1443 831 1514 πενθερῷ
855 1443 1103 1516 Ζήνωνος
1127 1440 1240 1516 εἶχε
1263 1446 1340 1519 τῷ
1368 1448 1754 1520 βασιλεύσαντι
1785 1453 1947 1507 Λέον-

2048 1452 2249 1506 ratoris
2272 1451 2511 1507 Zenonis
2531 1454 2709 1507 soceri
2737 1453 2926 1519 tiliam,
2957 1454 3011 1507 in
3032 1456 3382 1510 matrimonio
3415 1455 3644 1510 habens.

367 1553 440 1590 τι.
472 1537 775 1607 Προσήκειν
798 1537 910 1607 γὰρ
946 1537 1149 1607 μᾶλλον
1186 1539 1368 1611 ἑαυτῷ
1427 1540 1565 1613 ῷετο
1594 1544 1692 1606 τὴν
1743 1546 1942 1616 ἀρχὴν,

2047 1545 2098 1600 Is
2124 1546 2270 1599 enim
2300 1544 2371 1599 ad
2409 1560 2469 1600 se
2490 1545 2663 1616 magis
2687 1561 2853 1615 quam
2910 1552 2977 1602 ad
3003 1548 3282 1603 Zenonem
3342 1549 3633 1618 imperium

371 1629 471 1700 τὴν
492 1628 766 1698 νεωτέραν
803 1629 913 1683 τῶν
948 1629 1268 1703 θυγατέρων
1303 1634 1535 1698 Λέοντος
1579 1638 1844 1708 γήμαντι,
1874 1639 1943 1712 ἢν

2047 1637 2644 1709 ροτιὶηοι-θιρυιιιῦιιι,
2699 1642 2847 1709 quod
2908 1642 3184 1696 minorem
3246 1640 3633 1696 natu‘Leonis

372 1723 565 1792 ἐκείνῳ
601 1722 808 1792 Βηρίνα
838 1723 931 1777 ἐπὶ
955 1724 1055 1793 τῆς
1083 1726 1259 1798 ἀρχῆς
1284 1727 1398 1781 ὄντι
1446 1729 1641 1797 ἐγέννα
1666 1748 1679 1763 ⁸
1711 1732 1811 1803 τὴν
1833 1734 1942 1803 γὰρ

2050 1732 2239 1795 tiliam,
2262 1746 2425 1801 quam
2462 1732 2542 1787 illi
2576 1732 2781 1789 Verina
2846 1718 3095 1801 imperii.
3120 1743 3370 1803 tempore
3419 1735 3630 1803 genuit,

382 1816 662 1886 Ἀριάδνην
716 1816 1051 1899 ἰδιοπραγῶν
1100 1818 1184 1873 ἔτι
1224 1823 1439 1891 προῆγε
1466 1835 1481 1852 ⁸
1515 1824 1611 1877 καὶ
1660 1824 1749 1878 διὰ
1783 1826 1943 1881 τοῦτο
1977 1848 2008 1906 Ε

2013 1824 2338 1902 :conjugem
2384 1825 2641 1891 haberet,
2690 1826 2990 1881 Ariadnam
3050 1834 3237 1882 autem
3288 1826 3401 1882 Leo
3457 1824 3639 1881 adnue

369 1910 650 1980 τυραννεῖν
679 1910 957 1979 ἐπειρᾶτο.
1016 1911 1272 1981 ’ἰσχυρᾶς
1319 1913 1375 1965 δὲ
1421 1913 1602 1986 μάχης
1653 1919 1954 1993 συρραγεί-

2056 1917 2305 1986 privatus
2335 1933 2402 1973 ex
2426 1933 2598 1973 uxore
2629 1934 2726 1973 sua
2759 1920 3101 1975 sustulisset.
3150 1918 3285 1973 Eam
3310 1919 3382 1974 ob
3424 1935 3645 1974 causam

374 2019 475 2070 σης
500 2003 625 2072 περὶ
675 2004 743 2055 τὰ
797 2006 1097 2072 ἀνάκτορα,
1145 2006 1306 2074 φόνος
1364 2008 1715 2079 ἑκατέρωθεν
1780 2013 1954 2084 ippon

2055 2011 2369 2067 Marcianus
2399 2013 2464 2066 ad
2499 2010 2847 2081 tyrannidem
2889 2012 3183 2082 spectavit.
3214 2012 3280 2066 Et
3335 2027 3513 2082 pugna
3568 2012 3633 2065 ad

374 2095 539 2158 πολύς
572 2112 587 2126 ⁸
614 2097 646 2167 η
675 2097 796 2165 νίκη
828 2096 873 2149 δ’
907 2098 1056 2166 ὅμως
1079 2098 1171 2151 ἐπὶ
1191 2100 1511 2170 Μαρκιανὺν
1556 2102 1774 2158 ἔϐαινεν
1796 2121 1812 2139 ⁸
1854 2106 1952 2160 καί

2056 2104 2345 2174 imperiale
2393 2105 2656 2174 palatium
2712 2105 3031 2169 commissa,
3111 2104 3293 2160 caedes
3380 2106 3645 2174 utrinque

375 2207 441 2257 γε
472 2190 536 2242 ἂν
558 2190 661 2243 τῶν
679 2207 729 2243 τε
758 2192 1053 2262 σκήπτρων
1081 2193 1304 2247 καὶτῶν
1336 2196 1651 2269 ἀνακτόρων
1682 2200 1742 2251 ὲν
1780 2192 1952 2254 κατό-

2052 2195 2198 2250 facta
2220 2196 2434 2262 ingens,
2460 2196 2635 2266 688
2662 2204 2718 2251 et
2747 2197 2980 2251 victoria
3008 2195 3271 2251 Marciani
3305 2196 3431 2250 l‘uit.
3464 2196 3648 2265 Atque

380 2286 450 2349 κῇ
473 2276 559 2350 ἦν,
581 2282 626 2336 εἰ
660 2281 731 2352 μὴ
767 2283 1002 2355 ἀναϐολῇ
1035 2285 1314 2356 ἐχρήσατο
1360 2290 1425 2356 τῇ
1464 2287 1742 2360 ὲσαύριον.
1796 2292 1953 2358 Ὀξυ-

2055 2288 2151 2344 ille
2177 2299 2236 2343 et
2262 2297 2482 2358 sceptro
2508 2292 2720 2358 potitus
2745 2298 2913 2355 esset,
2946 2298 3004 2344 et
3058 2290 3325 2359 palatium
3378 2304 3648 2359 occupas-

385 2373 551 2442 πετὴς
578 2376 679 2443 γὰρ
699 2375 852 2439 ἀετὸς
878 2378 905 2429 ὀ
928 2379 1123 2447 καιρὸς
1155 2420 1169 2442 ,
1207 2379 1300 2432 καὶ
1341 2379 1617 2434 ἁλώσεταί
1666 2399 1806 2450 πως,
1846 2385 1954 2436 τινὶ

2054 2388 2161 2439 set.
2191 2378 2301 2432 nisi
2340 2394 2454 2431 rem
2497 2378 2551 2433 in
2613 2382 2921 2435 crastinum
2958 2381 3292 2436 distulisset.
3349 2379 3647 2436 Cclerrima

382 2469 532 2538 παρά
561 2470 718 2533 πόδας
755 2468 848 2523 ἰών
881 2485 896 2502 ⁸
926 2472 976 2524 εἰ
1020 2471 1065 2523 δ’
1115 2473 1439 2543 ἀποδράσοι,
1494 2474 1630 2545 ὑψοῦ
1687 2478 1745 2540 ἐς
1811 2479 1953 2547 ἀέρα

2056 2485 2301 2541 namque
2327 2472 2509 2539 aquila
2541 2482 2624 2526 est
2653 2473 2921 2541 temporis
2942 2474 3334 2543 opportunitas
3362 2481 3422 2527 et
3489 2488 3652 2527 occa-

374 2559 554 2629 βαίνει
605 2562 1241 2633 μετέωρος,ὲπεγγελῶν
1291 2567 1416 2630 τοὺς
1437 2567 1768 2635 διώκοντας,
1796 2570 1953 2623 οὐδα-

2052 2565 2137 2619 sio
2170 2582 2185 2619 :
2224 2581 2347 2635 quae
2384 2567 2450 2621 ad
2481 2567 2651 2636 pedes
2689 2566 2976 2633 advolans,
3006 2568 3127 2636 capi
3155 2584 3184 2623 a
3221 2567 3485 2637 quopiam
3544 2581 3645 2635 po-

374 2655 453 2725 μῆ
481 2655 661 2720 αὐτοῖς
689 2657 908 2727 ὲφικτδς
934 2655 1076 2713 εἶναι
1102 2659 1328 2714 ἐθέλων.
1355 2659 1575 2730 Ἀμέλει
1596 2678 1679 2714 τοι
1711 2662 1805 2715 καί
1833 2663 1951 2716 ὅσοι

2054 2665 2164 2712 test
2197 2675 2211 2710 :
2246 2659 2334 2711 sin
2371 2658 2641 2728 aufugiat,
2675 2658 2734 2712 in
2782 2659 2957 2713 altum
2994 2674 3178 2715 aerem
3213 2660 3467 2715 sublimis
3513 2659 3648 2714 sub-

370 2749 439 2819 δὴ
473 2749 710 2803 πλάσται
756 2753 850 2805 καὶ
877 2754 1114 2823 γραφεῖς
1142 2751 1367 2806 εἰκόνων
1426 2754 1558 2819 εἰσὶ,
1617 2755 1797 2824 κόμην
1852 2756 1953 2825 μὲν

2051 2751 2183 2815 lata,
2208 2766 2307 2806 eos
2349 2752 2445 2821 qui
2476 2766 2537 2807 se
2577 2760 2992 2822 persequuntur
3022 2753 3190 2817 ridet,
3246 2767 3428 2822 neque
3472 2763 3532 2807 ut
3579 2753 3646 2805 ad

370 2842 464 2892 ἐπὶ
496 2840 733 2911 μετώπῳ
769 2840 1024 2899 καθιᾶσιν
1062 2842 1238 2913 αὐτῷ,
1265 2842 1623 2914 ἀνθρωπίνην
1649 2844 1955 2915 περιπλάτ-

2052 2859 2150 2899 eos
2170 2845 2381 2907 redeat,
2417 2845 2470 2898 in
2504 2843 2752 2899 animum
2810 2844 3045 2900 inducit.
3105 2842 3351 2898 Proinde
3406 2846 3647 2912 quicun-

370 2949 553 2996 ⁴ιοντες
586 2932 830 3007 κεφαλήν
866 2946 882 2965 ⁸
908 2935 977 2988 τὰ
1002 2936 1049 2988 δ’
1095 2936 1324 2989 δπισθεν
1358 2939 1491 3008 περὶ
1520 2938 1612 2990 τὸν
1639 2938 1954 3008 ὲγκέραλον

2066 2950 2185 3005 que
2213 2933 2484 3005 imagines
2512 2935 2601 2988 vel
2627 2935 2882 3005 pingunt,
2914 2935 3000 2989 vel
3060 2935 3291 3004 lingunt,
3353 2934 3646 2993 Occasioni

370 3023 431 3073 ἑν
453 3019 569 3092 χρῷ
607 3022 829 3092 ξυρῶσι,
860 3022 1039 3093 σοφῶς
1069 3024 1219 3095 μάλα
1274 3025 1738 3095 ὑπαινιττόμενοι,
1794 3027 1871 3090 ὡς
1903 3026 1957 3079 εἴ

2054 3035 2221 3095 caput
2250 3027 2549 3081 humanum
2579 3027 2911 3092 tribuentes,
2952 3041 3170 3082 comam
3209 3027 3264 3081 in
3323 3026 3504 3080 fronte
3548 3029 3651 3079 de-

371 3116 427 3184 γ⁹
450 3116 778 3180 ὀπισθόπους
803 3116 880 3171 ὢν
927 3118 1103 3188 τύχοι,
1132 3119 1212 3188 τῷ
1274 3118 1593 3187 καθειμένῳ
1619 3121 1718 3187 τῆς
1772 3122 1953 3191 κόμης

2056 3120 2307 3179 mittunt,
2344 3120 2667 3189 occipitium
2704 3128 2887 3174 autem
2938 3118 3007 3173 ad
3046 3118 3224 3188 ipsam
3257 3134 3432 3189 usque
3477 3122 3648 3173 cutim

374 3207 508 3272 ἴσως
529 3208 835 3264 ἀλώσεται⁸
867 3210 1180 3281 ἔμπροσθεν
1240 3211 1297 3264 δὲ
1333 3211 1413 3264 τὼ
1445 3211 1574 3266 πόδε
1627 3214 1946 3282 γενόμενος,
1976 3213 2000 3270 ί

2058 3212 2307 3275 tondent,
2344 3211 2691 3266 subobscure
2722 3212 2974 3281 quidem,
3025 3211 3123 3268 sed
3149 3213 3433 3282 sapienter
3455 3212 3650 3266 admo-

379 3303 702 3373 κρατεῖσθαι
735 3305 935 3376 ἥκιστα
968 3306 1151 3377 ῥᾴδιος
1185 3308 1536 3360 παντάπασιν
1586 3306 1954 3376 ἀποφεύγων·

2059 3303 2192 3357 dum
2224 3303 2562 3369 indicantes,
2604 3304 2651 3357 si
2679 3320 2742 3357 ea
2777 3320 2808 3358 a
2840 3312 2994 3374 tergo
3044 3304 3258 3359 tardius
3300 3318 3408 3359 nos
3456 3319 3653 3373 sequa-

379 3396 509 3466 μηδ*
541 3397 662 3450 ὅθεν
684 3399 981 3470 κρατηθείη
1042 3401 1298 3471 παρέχων
1353 3402 1525 3471 λαϐὴν
1572 3402 1649 3472 τῷ
1685 3399 1960 3455 διώκοντι.

2058 3405 2172 3462 tur,
2197 3411 2352 3451 coma
2394 3396 2698 3465 prolixiore
2719 3396 2897 3451 teneri
2930 3395 3164 3452 fortasse
3186 3397 3650 3466 comprehensam

384 3492 451 3545 ὐ
471 3491 536 3561 δὴ
563 3492 861 3563 τηνικαῦτα
897 3495 1197 3549 συνέπιπτε
1222 3496 1331 3548 καὶ’
1349 3495 1683 3567 Μαρκιανῷ,
1712 3495 1804 3548 τὸν
1858 3494 1959 3564 μὲν

2026 3504 2220 3559 .posse
2249 3506 2263 3542 :
2293 3490 2379 3544 sin
2408 3492 2702 3559 praecedat,
2767 3489 3000 3545 minime
3049 3489 3320 3560 prehendi
3389 3489 3651 3544 facillime

380 3585 725 3652 προσήκοντα
774 3586 966 3654 καιρδν
1019 3586 1467 3658 ἁναϐαλλομένῳ,
1506 3587 1600 3640 τοῦ
1654 3585 1844 3639 λοιποῦ
1902 3586 1961 3638 δὲ

2059 3583 2394 3646 avolantem,
2433 3598 2613 3654 neque
2636 3583 2995 3654 persequeati
3053 3583 3357 3654 quidquam
3409 3598 3521 3652 quo
3570 3592 3652 3637 te-

383 3675 563 3729 τοῦτον
597 3677 671 3745 μὴ
698 3676 976 3749 δυνηθέντι
1030 3678 1387 3744 πορίσασθαι.
1425 3679 1503 3749 Τῇ
1558 3679 1667 3749 γὰρ
1715 3677 1957 3751 ἐπιούσῃ

2061 3685 2265 3731 neatnr
2293 3677 2654 3746 prmhentem.
2690 3676 2748 3731 Id
2784 3688 2900 3731 tum
2937 3675 3215 3732 Marciano
3247 3675 3473 3731 accidit.
3515 3673 3650 3730 Cum

383 3764 517 3837 πρὸς
542 3767 649 3818 τῶν
675 3768 890 3821 οἰκείων
920 3769 1373 3837 καταπροδοθεὶς,
1402 3772 1499 3825 καὶ
1530 3772 1692 3840 μόνος
1725 3770 1957 3839 γενόμε-

2062 3786 2304 3840 namque
2330 3780 2548 3840 tempus
2579 3780 2959 3840 opportunum
3012 3771 3367 3840 neglexisset.
3405 3767 3651 3823 nancisci

391 3878 472 3924 δος
494 3861 573 3931 τῷ
598 3862 706 3916 τῶν
761 3864 921 3933 ἰερῶν
966 3865 1284 3919 ἀποστόλων
1338 3865 1555 3934 τεμένει
1590 3863 1795 3933 tum;
1861 3857 1953 3934 ἦν.

2063 3864 2120 3919 id
2153 3863 2359 3919 deinde
2386 3862 2821 3933 haudquaquam
2884 3862 3093 3933 potuit.
3165 3861 3447 3917 Postridie
3501 3862 3648 3916 enim

387 3954 542 4008 Ὅθεν
564 3957 698 4024 πρὸς
727 3956 849 4027 βίαν
875 3957 1262 4027 ἀφελκυσθεὶς,
1313 3958 1372 4020 ἐς
1403 3957 1502 4027 τὴν
1553 3954 1953 4010 Καππαδοκῶν

2062 3957 2171 4011 diei
2208 3957 2333 4026 ejus
2354 3971 2384 4010 a
2415 3955 2532 4011 suis
2550 3956 2831 4021 desertus,
2856 3956 3008 4010 solus
3030 3953 3101 4010 ad
3151 3968 3437 4009 sacrorum
3506 3954 3649 4021 Apu-

388 4050 783 4120 ἀπορρίπτεται
814 4066 828 4080 ⁸
862 4050 1059 4122 μικρὸν
1096 4050 1143 4104 δ’
1169 4051 1295 4105 ὅσον
1324 4049 1577 4122 φωρᾶται
1636 4066 1750 4103 τισι
1789 4066 1963 4118 μοναο

2063 4050 2333 4105 stolarum
2386 4048 2652 4119 templum
2709 4048 2943 4117 supplex
2976 4045 3269 4117 confugit:
3329 4043 3477 4098 unde
3556 4060 3657 4113 per

389 4144 521 4211 κοῖς,
546 4141 729 4211 φυγὴν
774 4142 955 4215 ἑαυτῷ
1019 4145 1460 4214 μνηστευόμενος
1488 4158 1502 4173 ⁸
1559 4141 1820 4197 κάκεῖθεν
1879 4143 1965 4204 εἰς

2064 4145 2176 4200 vim
2216 4152 2520 4206 extractus.
2548 4142 2857 4198 Caesaream
2888 4139 3276 4210 Cappadocum
3309 4138 3513 4193 missus
3546 4147 3664 4201 est,

389 4236 597 4306 Ταρσὸν
621 4238 719 4306 τῆς
745 4236 1001 4300 Κιλικίας
1022 4236 1240 4308 ἀχθεὶς,
1277 4236 1375 4290 καὶ
1401 4235 1501 4305 τὴν
1535 4234 1716 4305 κόμην
1752 4234 1965 4288 ἀποϐα-

2066 4245 2125 4293 et
2154 4237 2319 4309 paulo
2356 4244 2482 4307 post
2516 4236 2661 4291 inter
2694 4233 3000 4290 monachos
3038 4232 3311 4303 quosdam
3350 4230 3577 4285 latitare
3596 4240 3659 4283 et

390 4327 514 4392 λὼν,
550 4326 816 4402 ἱερωσύνῃ
845 4328 1095 4398 τιμᾶται.
1133 4329 1199 4380 Ἀ
1231 4327 1296 4398 δὴ
1349 4327 1497 4399 μάλα
1560 4327 1791 4399 κομψῶς
1853 4327 1962 4380 Εὐ-

2068 4329 2253 4399 lugam
2280 4326 2536 4382 meditari
2570 4325 2976 4401 deprehensus,
3006 4322 3240 4378 Tarsum
3278 4322 3408 4377 inde
3445 4319 3660 4376 Cilicia:

390 4418 606 4483 στάθιος
634 4424 662 4475 ὁ
685 4422 869 4494 ῥήτωρ
895 4422 1199 4494 ἱστόρησεν,
1230 4424 1287 4485 ὃς
1316 4423 1415 4477 καὶ
1445 4421 1575 4477 τάδε
1628 4420 1961 4491 συγγράφει.

2068 4420 2342 4476 abductus
2368 4429 2474 4483 est,
2500 4417 2595 4472 ubi
2625 4418 2808 4487 capite
2867 4429 3000 4471 raso
3032 4414 3330 4470 sacerdotii
3380 4410 3658 4482 dignitate

392 4524 468 4568 est
497 4514 896 4570 cohones'tatus.
927 4514 1102 4580 Quam
1128 4531 1246 4572 rem
1268 4516 1601 4573 Eustathius
1625 4514 1797 4588 Syrus
1863 4516 2078 4581 rhetor,
2148 4512 2245 4584 qui
2310 4512 2426 4568 inec
2453 4509 2807 4581 conscripsit,
2826 4524 2959 4564 sane
2983 4522 3150 4579 quam
3211 4506 3499 4576 eleganter
3547 4519 3673 4559 mcx

391 4612 571 4666 moria:
620 4610 879 4681 prodidit.

959 4729 1213 4787 ΚΕΦΛΔ.
1239 4729 1369 4787 ΚΓ.
2002 4732 2050 4788 D

2002 4732 2050 4788 ι)
2630 4715 2860 4775 CAPUT
2923 4712 3133 4770 XXIII.‘

370 4841 529 4912 ,Περί
558 4843 912 4916 τυραννίδος
941 4844 1156 4899 Ἰλλου
1176 4843 1278 4898 καί
1318 4845 1645 4901 Λεοντίου⁸
1702 4842 1805 4900 καὶ
1834 4845 1971 4915 περὶ

2074 4841 2152 4897 De
2196 4839 2295 4895 Illi
2332 4845 2382 4891 et
2421 4835 2633 4893 Leontii
2667 4833 2979 4916 tarn-naida,
3001 4840 3063 4916 et
3087 4833 3150 4916 de
3175 4828 3459 4887 structuris
3507 4834 3686 4900 atque-

744 4915 863 4970 τῶν
887 4903 1231 4984 incudm»-
1260 4917 1612 4986 Ἀμμιανοῦ.
1907 4903 1926 4915 ’

1527 4917 1612 4972 οὗ.
1907 4903 1926 4915 ’
2595 4903 2833 4962 αιάἰῖεσίἱε
2860 4903 3153 4958 Ammiani.

471 5030 562 5095 Ὦς
609 5030 795 5103 Ζήνων
844 5028 913 5103 τῇ
963 5030 1073 5104 ἰδίᾳ
1124 5031 1369 5105 πενθερᾷ
1428 5032 1637 5104 Βηρίνῃ
1679 5030 1975 5095 ἐπιϐουλὰς

2146 5028 2295 5084 hiem
2325 5023 2649 5081 Eustathius
2685 5035 2917 5093 quoque
2951 5018 3145 5081 refert,
3170 5017 3450 5076 Zenonem
3476 5014 3678 5074 socrui

396 5123 687 5197 συρῤἀψειέ
715 5124 996 5188 πλείστας,
1025 5127 1177 5188 τέλος
1195 5123 1254 5179 δὲ
1274 5127 1370 5181 καὶ
1408 5127 1552 5197 πρὸς
1581 5125 1682 5196 τὴν
1726 5124 1974 5178 Κιλίκων

2079 5120 2300 5177 Varium
2351 5119 2505 5173 varie
2556 5114 2789 5171 insidias
2844 5112 3168 5169 tetendisse.
3209 5118 3266 5165 et
3326 5118 3678 5179 postremum

396 5223 565 5276 ἐποίει
592 5220 860 5292 ἐξόριστον
894 5235 910 5251 ⁸
937 5217 1163 5291 ὕστερον
1188 5218 1245 5273 δὲ
1270 5220 1367 5274 καὶ
1412 5220 1552 5288 πρὸς
1580 5219 1643 5272 τὸ
1686 5218 1975 5289 Παπυρίου

2076 5227 2199 5267 eam
2241 5210 2474 5266 Tarsum
2510 5211 2565 5263 in
2616 5206 2871 5262 Ciliciam
2920 5203 3237 5273 relegasse:
3297 5212 3422 5268 quae
3481 5205 3680 5265 postea

398 5289 926 5382 γενέσθαιιρρούριον
955 5326 972 5343 ⁸
1027 5289 1267 5381 ὁπηνίκα
1329 5308 1530 5374 Ἰλλοῢς
1581 5311 1678 5365 καὶ
1722 5311 1979 5373 Λεόντιος

2080 5322 2208 5363 cum
2239 5305 2293 5360 in
2327 5302 2548 5374 Papyrii
2572 5299 2799 5356 castello
2825 5306 2994 5362 esset,
3028 5309 3141 5366 quo
3165 5303 3418 5363 tempore
3440 5289 3575 5382 illus
3615 5297 3674 5342 et

395 5379 783 5476 ὲτυράννησάν,
807 5379 1179 5476 περιθεμένης
1210 5402 1442 5468 ἐκείνοις
1496 5403 1588 5458 τὰ.
1615 5400 1718 5473 τῆς
1750 5401 1929 5473 ἀρχῆς
1961 5417 1977 5434 ⁶

2080 5397 2372 5462 Leontius,
2404 5393 2610 5465 quibus
2634 5390 2755 5461 ipsa
2782 5387 3010 5456 imperii
3036 5382 3278 5455 insignia
3330 5379 3672 5481 contulerat,

394 5469 519 5551 ξιιοᾷ
539 5496 603 5568 δὴ
628 5469 723 5550 ,ω
746 5469 838 5549 τὸν
884 5469 1021 5566 ’βίον
1038 5469 1239 5567 συνέϐη
1274 5496 1482 5567 ταύτην
1508 5469 1803 5550 ἀπολιπεῖν
1814 5469 1977 5548 ,λα-

2084 5488 2864 5560 tyraunidem‘exercuerunt,
2899 5478 3069 5534 Vitam
3117 5474 3193 5531 ibi
3236 5472 3436 5528 ﬁnivit.
3490 5469 3677 5526 Histo-

393 5594 539 5664 μυρᾷ
566 5591 625 5645 δὲ
652 5590 871 5663 γλώττῃ
895 5590 991 5644 καὶ
1023 5588 1092 5643 τὰ
1122 5590 1266 5644 κατά
1308 5589 1509 5644 ’ἰλλοῦν
1560 5589 1767 5659 ἱστορεῖ
1795 5589 1824 5641 ό
1872 5586 1976 5642 Εὐ-

2083 5582 2220 5638 riam
2243 5580 2329 5636 illi
2360 5575 2687 5634 Eustathius
2749 5586 2974 5644 quoque
3005 5569 3362 5664 styloAterso
3386 5569 3678 5664 prosequi-i

394 5638 613 5748 gratim;
647 5638 935 5747 ’.ὅπωςητε
960 5683 1061 5755 τὴν
1113 5682 1409 5754 ἐπιϐουλὴν
1455 5644 1705 5753 Ζήνωνος
1763 5682 1972 5753 διέδρα,

2087 5685 2180 5731 tur
2211 5692 2226 5729 :
2262 5668 2733 5743 quemadmodum
2765 5638 3029 5719 vide—licet
3057 5638 3104 5717 is
3155 5638 3398 5716 Zenonis
3445 5656 3686 5712 insidias

394 5780 485 5831 καὶ
506 5778 580 5841 ὡς
612 5777 707 5830 τὸν
729 5749 1056 5845 πεμφθέντά
1078 5775 1240 5828 αὑτὸν
1263 5749 1729 5844 ἀνελείνξΖήνων
1774 5749 1977 5845 μᾶλλον

2085 5767 2367 5838 eilngerit,
2402 5773 2458 5820 et
2487 5763 2637 5819 Zeno
2652 5775 2782 5817 eum
2812 5758 2906 5829 qui
2931 5756 2999 5811 ad
3029 5756 3189 5811 illum
3213 5749 3523 5809 necandum
3553 5764 3680 5821 per-

392 5872 567 5928 ἁνείλε
605 5889 621 5904 ⁸
673 5870 867 5940 ποινὴν
919 5869 1019 5937 τῆς
1100 5870 1381 5941 ἀστοχῗας,
1443 5869 1542 5939 τὴν
1589 5869 1685 5942 τῆς
1734 5867 1979 5941 κεφαλῆς

2088 5879 2284 5921 cussur
2311 5861 2620 5919 submissus
2657 5855 2868 5925 fuerat,
2896 5849 3143 5927 iugulari
3174 5849 3511 5921 praeceperit
3539 5858 3555 5897 :
3585 5857 3676 5899 ca.—
