4118 6472
366 316 595 415 ,πο

1712 340 2139 410 NICEPHORI
2180 353 2530 417 CALUSTI

3648 383 3759 447 Ilii)

427 497 436 504 ,
486 437 624 508 pitis
658 439 990 509 supplicium
1017 458 1119 512 pro
1140 459 1209 517 eo
1269 447 1419 514 quod
1476 447 1557 502 illi
1619 452 1797 507 caedes
1852 456 1901 509 ei
1957 473 2046 510 nm

2175 466 2463 533 ἀφαίρεσιν
2494 474 2804 545 ὑποσχόντα
2836 494 2852 510 ·
2887 479 2945 531 ἐν
3000 482 3296 555 ἐπιτηδείῳ
3351 488 3406 540 δὲ
3464 491 3760 548 λανθάνειν

488 534 875 599 successisset,
900 536 1071 590 veluti
1105 538 1333 592 multam
1360 551 1757 609 reponentem.
1792 546 2066 602 Zenonem

488 622 687 678 deinde
720 642 829 680 rem
860 645 979 682 eam
1005 631 1260 686 consulto
1291 649 1543 703 premere
1572 640 1871 702 volentem,
1909 642 2066 696 Illum

487 710 859 772 Orientalibus
878 720 1056 789 copiis
1085 722 1400 791 praelecisse
1425 742 1439 779 :
1469 726 1623 781 illum
1652 742 1864 795 autem,
1892 732 2067 787 Leon-

488 802 564 857 tio
590 813 641 857 et
667 803 967 877 Pamprcpe
992 811 1046 864 in
1072 814 1387 868 societatem
1413 819 1631 882 ascitis,
1686 823 1857 892 639
1884 835 2067 893 tyran-

485 890 671 945 nidem
696 894 749 946 in
778 894 969 951 Cilicia
1022 901 1168 968 apud
1230 902 1458 959 Tarsum
1486 890 1837 977 arripuisse:
1862 890 2066 968 Adhzcc

484 981 806 1040 Eustathius
843 988 985 1042 idem
1014 992 1187 1053 addit,
1222 992 1360 1050 nihil
1394 997 1503 1051 illis
1534 1002 1879 1065 tyrannidem
1938 1020 2065 1073 pro-

485 1073 675 1136 fuisse.
706 1093 773 1131 eo
807 1081 954 1148 quod
981 1080 1403 1142 Theuderichus
1434 1088 1670 1145 Gotthus
1699 1109 1820 1146 cum
1874 1096 2064 1165 illgl‘ll’

488 1167 637 1222 tibus
660 1173 1097 1238 provincialibus
1122 1178 1283 1233 simul
1315 1191 1372 1234 et
1398 1186 1643 1238 externis
1665 1188 1840 1254 copiis
1866 1190 2062 1245 adver-

486 1272 584 1311 sus
618 1276 713 1314 eos
744 1277 772 1314 a
805 1262 1023 1320 Zenone
1071 1270 1270 1326 missus
1321 1273 1410 1338 sit,
1465 1278 1624 1348 cujus
1684 1280 1847 1334 etiam
1902 1283 2058 1353 jussu

487 1350 863 1408 miserandum
919 1363 973 1412 in
1004 1363 1228 1415 modum
1256 1366 1370 1420 sint
1404 1371 1594 1433 occisi,
1630 1374 1960 1443 condignam
1993 1379 2063 1431 ab

487 1456 576 1503 eo,
601 1445 747 1510 quod
784 1447 935 1503 illum
977 1452 1030 1506 in
1064 1453 1358 1522 imperium
1393 1462 1790 1529 restituisseut,
1822 1467 2052 1534 gratiam

488 1531 750 1591 ferentes.
783 1539 949 1593 Addit
986 1543 1177 1600 rhetor
1204 1547 1345 1601 idem
1381 1550 1515 1604 illud
1546 1568 1769 1623 quoque
1805 1531 2060 1613 flieude-

487 1624 725 1690 richum,
752 1644 913 1698 quem
940 1632 1085 1690 Zeno
1112 1640 1394 1693 consulem
1452 1652 1507 1697 et
1570 1643 1820 1701 Thraciae
1865 1649 2059 1705 ducem

488 1721 918 1787 renuntiaverat,
959 1728 1050 1781 ubi
1083 1729 1313 1785 insidias
1339 1734 1446 1788 sibi
1492 1737 1560 1789 ab
1591 1753 1659 1791 eo
1691 1740 1828 1793 strui
1862 1745 2057 1808 sensit,

485 1807 754 1865 adversus
789 1825 1027 1870 veterem
1062 1819 1288 1875 Romam
1314 1825 1882 1895 exercitumdnxisse,
1909 1832 2055 1887 Odo-
2088 1853 2127 1907 Β

485 1912 671 1951 acrum
706 1900 849 1958 bello
883 1906 1102 1971 vicisse,
1131 1921 1185 1963 et
1216 1914 1362 1980 regia
1395 1925 1545 1969 veste
1592 1933 1832 1988 sumpta,
1870 1937 2054 1991 regem

482 2002 542 2041 se
575 1990 822 2048 dixisse:
867 1999 1069 2054 multas
1120 2013 1384 2071 prmtcrea
1429 2005 1814 2066 Occidentales
1866 2028 2058 2082 gentes

484 2082 689 2155 absque
712 2092 918 2158 praelia,
943 2094 1075 2151 item
1115 2098 1411 2165 Vandalos,
1444 2117 1694 2172 magnam
1727 2106 1920 2162 urbem
1948 2107 2056 2162 Ro-

483 2191 647 2246 mam,
699 2191 758 2236 et
800 2184 906 2252 (ut
957 2189 1128 2243 semel
1182 2190 1416 2263 dicam)
1465 2194 1787 2264 Hesperiam
1841 2198 2055 2269 plagam

480 2284 701 2326 onmem
728 2275 962 2344 cepisse,
1003 2290 1169 2349 atque
1192 2281 1390 2339 ditioni
1421 2300 1535 2340 sua:
1553 2287 1878 2357 subjecissc.
1913 2289 2055 2347 Sunt

398 2350 411 2361 ’
480 2362 573 2430 qui
604 2364 816 2434 dicunt,
848 2368 1088 2427 Zenonis
1114 2378 1465 2444 suggestione
1502 2394 1567 2433 ea
1601 2378 2052 2436 Theudrrichum

481 2453 680 2521 egisse.
715 2458 918 2514 Eodem
954 2472 1200 2532 tempore
1232 2477 1284 2521 et
1343 2462 1729 2534 Mammiaims,
1759 2472 1842 2525 vir
1874 2473 2054 2527 curuli

480 2544 690 2601 honore
714 2551 915 2615 clarus,
945 2564 1000 2608 et
1021 2571 1088 2610 cx
1121 2560 1319 2614 ordine
1352 2562 1632 2616 senatorio
1692 2563 1745 2616 in
1801 2564 2051 2633 Daphne,

480 2637 575 2706 qui
609 2639 963 2699 suburbanus
1011 2646 1321 2705 Antiochia
1375 2651 1531 2706 vicus
1572 2652 1699 2718 fuit,
1758 2654 2051 2710 aedilicium

480 2732 811 2795 construxit,
851 2736 996 2803 quod
1048 2737 1118 2792 ab
1171 2739 1280 2794 illis
1332 2742 1645 2796 Antil‘orum
1691 2743 1899 2800 dictum
1941 2755 2049 2804 est.

477 2816 627 2872 Intra
664 2821 855 2876 urbem
887 2837 1069 2881 autem
1100 2829 1413 2899 imperiales
1465 2832 1602 2887 duas
1635 2836 1881 2901 porticus
1936 2852 2053 2889 ma-

477 2908 676 2976 gniﬁce
722 2913 1042 2980 admodum,
1106 2921 1289 2991 magni
1348 2923 1514 2991 pretii
1568 2935 1624 2978 et
1674 2925 1810 2978 varii
1841 2927 2049 2982 coloris

477 3000 756 3069 lapidibus
807 3020 1099 3065 exornatas
1123 3013 1426 3071 condidit:
1479 3015 1624 3071 inter
1656 3034 1791 3086 quas
1856 3018 2048 3073 Tetra-

475 3096 661 3164 pylnm
719 3099 963 3153 medium
1007 3102 1323 3173 ingentibus
1352 3107 1627 3161 columnis
1660 3118 1718 3162 ct
1773 3124 1881 3162 aere
1914 3123 2048 3163 con-

473 3192 723 3257 spicuum
774 3199 984 3258 statuit,
1025 3199 1143 3252 solo
1180 3200 1362 3270 lapide
1400 3202 1738 3259 Proconesio
1790 3212 2045 3259 constra-

473 3288 546 3335 to.
570 3281 693 3338 Haec
710 3284 885 3341 dehis
912 3287 1193 3343 hactenus.

984 3384 1209 3453 CAPUT
1250 3389 1440 3449 XXIV.

542 3469 620 3523 De
642 3471 785 3526 obitu
811 3472 1059 3540 Zenonis,
1094 3488 1144 3531 et
1182 3478 1434 3537 electione
1462 3484 1738 3541 Anastasii
1769 3485 1968 3542 Dicori.

539 3654 690 3710 Zeno
724 3657 798 3728 (i)
844 3658 1004 3715 linem
1033 3663 1162 3718 vita:
1193 3664 1299 3720 sibi
1331 3669 1783 3742 appropinquare
1821 3672 2039 3741 videns,

464 3761 533 3801 ex
570 3749 644 3802 eis
674 3749 767 3817 qui
805 3749 990 3808 futura
1027 3755 1327 3823 pradicere
1356 3760 1769 3830 existimantur,
1796 3764 2039 3821 Mauria-

466 3855 595 3894 num
624 3843 916 3911 quemdam
941 3849 1189 3912 nomine,
1221 3851 1476 3920 quisnam
1507 3862 1632 3923 post
1654 3871 1779 3911 eum
1808 3858 2037 3927 (liberos

463 3930 612 3983 enim
649 3948 717 3986 ex
752 3933 952 3992 lumbis
986 3937 1101 3992 suis
1141 3953 1461 4008 procreatos
1498 3960 1610 4023 non
1646 3946 1904 4020 habebat)
1933 3950 2038 4005 im-

464 4032 762 4087 peraturus
799 4036 967 4094 esset,
1002 4029 1308 4088 consuluit.
1355 4032 1459 4100 Qui
1498 4039 1849 4108 respondisse
1896 4042 2036 4098 dici-

464 4118 580 4171 tur,
630 4126 697 4165 ex
733 4112 1060 4172 Silentiariis
1093 4120 1332 4190 aliquem
1367 4140 1479 4199 non
1501 4126 1811 4198 imperium
1845 4133 2030 4200 modo,

455 4202 549 4255 sed
596 4210 653 4257 et
704 4220 930 4261 uxorem
982 4211 1102 4280 ejus
1154 4225 1506 4286 recepturum
1545 4236 1688 4278 esse.
1730 4225 1878 4281 Zeno
1926 4241 2033 4281 au-

456 4302 603 4360 tem,
651 4297 799 4365 quod
860 4299 1138 4371 Pelagium
1193 4306 1470 4379 designari
1526 4315 1791 4382 putabat,
1844 4317 2027 4372 virum

453 4388 779 4470 preeclarum
825 4400 883 4446 et
925 4394 1253 4465 sapientem,
1293 4401 1442 4457 ferro
1473 4417 1601 4459 eum
1649 4408 1783 4462 caedi
1822 4410 2026 4480 jussit,

451 4485 619 4545 atque
653 4466 880 4549 insuper
913 4483 1054 4540 alios
1078 4488 1248 4542 etiam
1272 4491 1421 4546 nihil
1451 4498 1808 4552 commeritos
1838 4502 2025 4556 necari

2170 563 2536 634 πειρώμενος,
2570 569 2678 621 τῶν
2728 571 2911 642 ’Κῴων
2935 573 3253 643 ἐξηγεῖσθαι
3287 570 3567 652 δυνάμεων
3598 589 3757 642 ἔτατ-

2169 670 2229 707 τε
2260 655 2350 708 τὸν
2388 658 2606 714 ἰλλοῦν.
2669 661 2909 727 Ἐκεῖνος
2935 666 2991 719 δὲ
3042 670 3284 742 Λεοντίῳ
3333 675 3615 744 φιλιωθεὶς
3653 684 3757 736 σὺν

2168 744 2547 819 Παμπρεπίῳ,
2581 756 2871 821 τυραννεῖν
2901 757 3166 813 ἐπέϐαλον
3199 764 3328 832 περ)⁵
3387 767 3600 835 Ταρσὸν
3648 777 3752 841 τῆς

2168 837 2443 901 Κιλικίας.
2487 841 2612 895 Ἐπὶ
2641 843 2704 915 δὴ
2741 846 2977 912 τούτοις,
3023 851 3100 929 ὡς
3135 853 3303 918 μηδὲν
3334 855 3435 925 τῆς
3493 837 3753 931 τυραννί-

2166 927 2255 992 δος
2305 929 2593 1005 ὀνάμενοι,
2638 935 2965 1008 Θευδερίχου
3021 927 3115 994 τοῦ
3160 944 3358 998 Γότθου
3405 952 3528 1003 κατ’
3566 927 3753 1008 αὐτῶν

2167 1023 2386 1091 στρατῷ
2413 1025 2735 1090 ἐπελθόντος
2770 1030 3011 1099 μεγάλῳ,
3052 1032 3152 1086 σὺν
3186 1035 3434 1107 ἡμεδαπῇ
3502 1041 3595 1093 καὶ
3650 1045 3755 1095 ἁλ-

2164 1112 2372 1186 λοδαπῇ
2400 1116 2628 1185 δυνάμει
2656 1119 2905 1183 δειλαὶως
2951 1121 3257 1193 ἀνῄρηνται
3289 1143 3303 1158 ⁸
3364 1128 3522 1194 ἀξίαν
3583 1137 3751 1203 ἀμοι-

2166 1204 2365 1276 6ὴνοῐς
2392 1209 2588 1277 ἐκείνῳ
2633 1214 2733 1282 τὴν
2756 1214 2857 1293 τῇς
2911 1215 3197 1283 βασιλείας
3252 1221 3514 1276 ἐπάνοδον
3564 1226 3753 1296 ἐχαρί-

2166 1316 2332 1353 σαντο
2363 1302 2686 1373 εὑρηκότες.
2737 1287 2850 1360 Καὶ
2879 1308 3039 1362 τοῦτο
3094 1312 3153 1364 δὲ
3206 1313 3284 1383 τῷ
3348 1287 3750 1390 συγγράμματι

2165 1395 2460 1463 καταλέγει
2518 1398 2863 1462 Εὐστάθιοςσ
2923 1404 2999 1466 ώς
3055 1404 3377 1475 Θευδέριχος
3422 1413 3750 1479 αἰσθόμενος

2161 1486 2259 1556 τῆς
2283 1489 2404 1541 κατ’
2436 1490 2645 1543 ἐκείνου
2681 1491 2894 1563 βουλῆς,
2925 1493 2984 1547 ὃν
3035 1494 3244 1550 ὕπατον
3293 1501 3600 1572 ἀνηγόρευε
3648 1510 3749 1559 καὶ

2163 1582 2475 1652 στρατηγὸν
2529 1583 2779 1654 Θρᾴκης,
2814 1588 2906 1640 ἐπὶ
2959 1587 3059 1658 τὴν
3103 1590 3466 1660 ἀρχαιοτέραν
3523 1596 3747 1666 Ῥώμην

2163 1674 2359 1745 ἐχώρει
2394 1693 2408 1707 ·
2455 1676 2550 1730 καλ⁵
2586 1677 2895 1746 Ὀδόακρον’
2937 1680 3082 1752 μάχῃ
3124 1685 3428 1753 κρατήσας,
3474 1688 3747 1757 τήϐενναν

2163 1769 2473 1839 περιέθετο,
2498 1770 2595 1823 καὶ
2621 1771 2769 1842 ῥῆγα
2806 1771 3001 1827 ἐαυτὸν
3027 1774 3238 1831 ἀνεῖπε.
3293 1778 3474 1830 Πολλά
3523 1780 3580 1833 δὲ
3643 1783 3746 1834 καὶ

2156 1860 2265 1913 τῶν
2320 1860 2624 1933 Ἐσπερίων
2680 1861 2848 1915 ἐθνῶν
2923 1864 3128 1935 ἀμαχά
3209 1867 3544 1937 ἐχειρώσατο
3576 1887 3593 1904 ·
3644 1874 3747 1924 καὶ

2161 1951 2520 2020 Οὑανδήλους,
2564 1950 2783 2021 Ῥώμην
2811 1970 2872 2005 τε
2894 1953 2961 2006 αὖ
2996 1953 3095 2024 τὴν
3119 1957 3360 2026 μεγάλην
3408 1960 3523 2024 καὶ,
3553 1962 3747 2025 ἁπλῶς

2158 2046 2353 2102 εἰπεῖν.
2372 2047 2549 2096 πᾶσαν
2569 2044 2669 2113 τήν
2690 2045 2947 2113 ἐσπερίαν
2973 2045 3126 2115 λῆξιν
3158 2046 3248 2116 ὑφ’
3272 2049 3458 2103 ἑαυτὸν
3480 2053 3743 2121 ἐποιήσα-

2157 2152 2222 2189 το
2259 2152 2274 2168 ο
2309 2136 2417 2189 sisi.
2448 2137 2503 2190 δέ
2532 2136 2585 2189 οἵ
2610 2154 2778 2205 φασιν
2801 2137 3104 2208 ὑποθήκαις
3141 2140 3391 2208 Ζήνωνος
3418 2142 3595 2195 ταῦτα
3643 2145 3745 2197 τὸν

2157 2220 2480 2299 Θευδέριχον
2509 2230 2993 2299 καταπράξασθαι.
3024 2230 3337 2299 Τηνικαῦτα
3366 2233 3424 2286 δέ
3454 2235 3546 2287 καὶ
3574 2236 3743 2304 Μαμ-

2162 2322 2374 2391 μιανος,
2401 2322 2543 2391 ἀνὴρ
2573 2321 2632 2386 ἐξ
2660 2322 2982 2391 ἐπιδιφρίιυν
3011 2322 3285 2394 ἐπίσημος
3306 2327 3403 2380 καὶ
3425 2327 3737 2395 συγκλήτου

2161 2415 2358 2485 βουλῆς
2395 2414 2702 2486 μετασχὼν,
2743 2415 2905 2485 κατὰ,
2933 2416 3151 2487 Δάφνην
3191 2417 3253 2470 τὸ
3296 2417 3397 2484 τῆς
3459 2419 3739 2489 Ἀντιόχου

2158 2507 2491 2575 προάστειον
2511 2508 2571 2560 τὸ
2616 2507 2747 2580 παρ’
2772 2510 3004 2573 ἐκείνοις
3038 2512 3255 2578 ἐγεῖραι
3281 2511 3572 2581 ἀντίφορον
3598 2529 3612 2544 ⁸
3640 2516 3745 2569 καὶ

2154 2594 2250 2649 δύο
2278 2595 2336 2649 δὲ
2387 2593 2697 2664 βασιλείους
2752 2588 2918 2659 στοὰς
2975 2596 3121 2650 ἔνδον
3171 2599 3386 2668 στῆσαι,
3437 2600 3742 2669 εὐπρεπεῖς

2154 2688 2385 2755 ἐσάγαν,
2423 2687 2586 2742 λίθων
2615 2706 2674 2741 τε
2705 2688 3026 2743 πολυτελέσι
3091 2690 3281 2761 χρόαις
3338 2691 3688 2763 ώραῖσμένας
3715 2708 3735 2724 ⁶

2152 2780 2493 2849 τετράπυλόν
2514 2798 2574 2833 τε
2613 2783 2779 2850 μέσον
2804 2782 2914 2836 τῶν
2934 2781 3027 2836 δύο
3053 2782 3344 2850 βασιλείων
3401 2784 3577 2838 στοῶν
3635 2802 3741 2856 με-

2152 2872 2520 2941 γαλοπρεπῶς
2546 2873 2778 2943 ἐγεῖραι,
2814 2873 2988 2927 κίοσιν
3018 2873 3277 2939 ἐξαισίοις
3298 2877 3394 2930 καὶ
3423 2879 3488 2948 τῇ
3513 2879 3572 2930 ἐν
3597 2878 3736 2947 χαλ..

2154 2962 2249 3016 κοῦ
2276 2961 2377 3035 ὕλῃ
2409 2965 2552 3034 μάλα
2592 2964 2822 3033 κομψῶς
2851 2965 3194 3035 ἠσκημένας,
3224 2968 3319 3020 καὶ
3374 2967 3506 3038 λίθῳ
3542 2968 3622 3038 τῷ
3665 2970 3737 3022 ἐκ

2152 3056 2524 3125 Προικονήσου
2594 3055 2863 3135 τοῦδαφος
2939 3057 3037 3111 καὶ
3096 3052 3268 3113 τᾶλλα
3322 3059 3735 3132 ἠμφιεσμένας.

2152 3145 2341 3198 Ταῦτα
2371 3147 2471 3216 μὲν
2494 3151 2622 3218 περὶ
2648 3145 2879 3201 τούτων.

2711 3387 2963 3441 ΚΕΦΑΛ.
3029 3386 3159 3443 ΚΔ’.

2148 3482 2289 3550 Περὶ
2329 3479 2439 3548 τῆς
2465 3477 2754 3552 τετιευτῆς
2790 3479 3072 3552 Ζήνωνος
3124 3483 3222 3536 καὶ
3269 3484 3725 3552 ἀναγορεύσεως

2526 3550 2921 3603 Ἀναστασίου
2956 3551 3063 3606 τοῦ
3088 3554 3359 3621 Δικόρου.

2213 3665 2306 3737 Τῷ
2354 3665 2412 3719 δέ
2471 3666 2681 3734 Ζήνωνι
2714 3664 2809 3718 τοῦ
2845 3666 3034 3728 τέλους
3070 3668 3408 3734 ἐγγίζοντος,
3451 3668 3560 3722 τῶν
3593 3687 3720 3724 τινα
3784 3700 3797 3711 -

2141 3759 2203 3813 τὸ
2263 3756 2457 3827 μέλλον
2500 3757 2700 3810 εἰδέναι
2764 3758 3137 3827 νομιζομένων
3179 3761 3497 3829 Μαυριανδν
3546 3762 3718 3831 ὄνομα

2137 3849 2400 3919 διηρώτα,
2424 3848 2531 3900 τίνι
2562 3847 2669 3916 ἄρα
2706 3848 2824 3917 μετ’
2851 3849 3014 3901 αὐτὸν
3046 3851 3078 3919 ἡ
3110 3851 3256 3921 ἀρχὴ
3290 3856 3719 3922 προσχωρήσοιο

2138 3940 2306 3993 παῖδα
2354 3937 2462 4008 γὰρ
2497 3937 2554 4001 ἐξ
2593 3937 2796 4005 ὀσφύος
2817 3939 2918 3992 οὐκ
2953 3938 3081 4009 ἐσχε
3104 3956 3119 3971 ο
3147 3942 3242 3994 τὸν
3268 3942 3325 3996 δέ
3361 3945 3528 4011 φάναι
3558 3945 3717 4013 λέγε-

2135 4047 2251 4097 ται,
2301 4030 2423 4084 τινὰ
2450 4029 2558 4083 τῶν
2592 4030 2701 4083 ἀπὸ
2729 4030 3136 4101 Σιλεντιαρίων,
3197 4033 3258 4086 οὐ
3307 4034 3407 4105 τὴν
3440 4037 3616 4106 ἀρχήν
3646 4054 3717 4104 γε

2137 4123 2320 4193 μόνον,
2351 4119 2486 4175 ἀλλὰ
2514 4121 2608 4174 καὶ
2629 4122 2730 4191 τὴν
2761 4123 3011 4192 γαμετήν
3038 4124 3331 4194 λήψεσθαι.
3368 4127 3633 4195 Πελάγιον
3654 4128 3717 4184 δὲ

2131 4210 2339 4280 οἰηθεὶς
2387 4210 2580 4264 τοῦτον
2616 4206 2783 4277 εἶναι,
2829 4211 3003 4281 ἄνδρα
3040 4214 3326 4282 πἐρίδοξόν
3355 4233 3478 4269 τινα
3502 4218 3594 4270 καὶ
3626 4235 3720 4270 σο-

2132 4305 2232 4376 φίᾳ
2262 4306 2598 4377 προήκοντα,
2634 4306 2811 4374 ὑπῆγε
2845 4305 2922 4375 τῷ
2953 4306 3123 4374 ξίφει,
3159 4308 3254 4359 καὶ
3287 4308 3481 4372 ἄλλους
3509 4309 3554 4363 δ’
3581 4310 3717 4379 ἀνῄ-

2131 4413 2217 4466 ρει
2288 4397 2454 4466 μηδὲν
2508 4399 2874 4469 ἀδικήσαντας
2902 4414 2918 4432 ο
2972 4400 3236 4473 ἐπιληψίᾳ
3308 4402 3367 4456 δέ
3429 4404 3714 4474 συσχεθεὶς

2132 4489 2212 4559 τῷ
2256 4488 2350 4542 τοῦ
2400 4488 2726 4561 πράγματος
2754 4491 3085 4563 ἀνυποίστῳ,
3141 4492 3367 4565 θνήσκει
3407 4498 3509 4567 τὴν
3540 4497 3716 4550 Πελα-

450 4569 689 4625 curavit.
725 4569 791 4625 Et
829 4576 1021 4631 morbo
1059 4579 1324 4636 comitiali
1362 4596 1680 4659 correptus,
1714 4592 1861 4659 quod
1910 4591 2022 4648 vim

2149 4580 2250 4646 πίου
2296 4582 2672 4652 προσηγορίαν
2701 4583 2806 4637 ἀνὰ
2865 4584 3042 4654 στόμα
3077 4586 3283 4655 φέρων.
3317 4587 3458 4642 Φασί
3500 4606 3565 4658 γε
3599 4589 3710 4659 μὴν

447 4659 569 4728 ejus
599 4675 708 4714 non
743 4661 929 4730 ferret,
957 4668 1197 4724 animam
1230 4674 1364 4743 egit,
1395 4657 1595 4748 Pelagii
1622 4682 1787 4753 69o
1817 4700 2017 4742 nomen

450 4747 506 4785 in
553 4765 647 4785 ιιι-ιι
692 4751 899 4785 halm..-
964 4758 1159 4785 επακ...
1208 4764 1362 4785 -.:__-
1439 4783 1525 4785 μη
1564 4770 1575 4785 .
1794 4776 1808 4785 .
1859 4776 1871 4785 .
1931 4777 1944 4785 .

2149 4670 2204 4734 ὓς
2235 4673 2304 4742 τῇ
2338 4674 2558 4742 γυναικλ⁹
2582 4673 2840 4747 Ἀριάδνῃ
2874 4675 2960 4730 διὰ
2989 4676 3183 4747 μίσους
3244 4676 3340 4744 ὢν,
3370 4682 3491 4744 ταῖς
3529 4657 3714 4751 ἐκ-τῆς

450 4747 507 4801 ἰιι
553 4765 647 4806 ore
689 4751 921 4812 habens.
964 4758 1159 4815 Fertur
1202 4764 1389 4833 etiam,
1429 4747 1578 4837 quod
1614 4788 1741 4827 eum
1778 4776 2020 4834 Ariadna

2149 4762 2424 4833 ,m‘t'qtiaiac
2440 4766 2825 4836 περιωδυνίαις
2849 4768 3096 4839 ληφθεὶς.
3118 4773 3212 4825 καὶ
3235 4772 3393 4838 δόξαν
3424 4747 3710 4845 παρεσχῆ-

449 4842 649 4912 cunjux
702 4846 931 4911 odisset,
971 4865 1098 4906 cum
1145 4854 1424 4924 epilepsiae
1475 4859 1761 4920 doloribus
1812 4867 2022 4925 disten-

447 4932 696 4998 deretur,
750 4947 807 4992 et
860 4941 1104 5009 speciem
1163 4945 1410 5003 defuncti
1468 4954 1774 5022 praeberet,
1834 4962 2019 5018 vivum

446 5025 630 5081 adlmc
675 5028 743 5082 ab
789 5030 881 5085 illa
922 5035 1185 5102 sepulcro
1233 5038 1504 5097 inclusum
1547 5061 1692 5103 esse.
1736 5050 1842 5107 Alii
1887 5071 2022 5112 vero

445 5117 689 5184 tradunt,
724 5135 848 5176 cum
883 5139 951 5178 ex
975 5126 1249 5186 ebrietate
1282 5148 1504 5191 sensum
1546 5154 1765 5197 omnem
1797 5148 2016 5204 amisis—
2058 5174 2061 5177 ·

442 5224 549 5277 set,
578 5214 632 5267 in
667 5219 937 5274 tumulum
973 5225 1286 5291 conjectum
1318 5245 1443 5286 esse
1482 5251 1496 5288 :
1531 5243 1589 5288 et
1619 5248 1910 5307 postquam
1947 5243 2016 5298 ad

441 5307 685 5391 seipsum
728 5326 827 5380 per
869 5316 1229 5375 sobrietatem
1278 5323 1537 5381 rediisset
1570 5326 1626 5382 in
1656 5330 1777 5401 ipso
1819 5348 2018 5391 tuonu-

443 5410 632 5455 mento
655 5405 1016 5479 exclamasse,
1048 5411 1214 5468 vitam
1253 5430 1315 5471 se
1346 5418 1543 5485 solam,
1576 5436 1687 5477 non
1715 5425 1883 5480 etiam
1913 5428 2018 5483 im-

502 5532 878 5619 !(l).Zenone
935 5542 1201 5618 'principc
1265 5550 1580 5607 incendium
1648 5558 2016 5619 smvissimum

437 5600 582 5696 ﬁuit,
611 5606 670 5696 in
701 5625 812 5677 quo
852 5600 1050 5682 praeter
1098 5600 1582 5696 niaixiiitanrurbis
1619 5637 1830 5696 partem
1876 5600 2013 5688 cur:

434 5670 746 5770 ξιδενυξξηί.
768 5670 989 5770 centum
1010 5700 1081 5770 οι.
1095 5670 1283 5770 viginti
1308 5693 1476 5747 millia
1502 5670 1772 5770 librbrum
1800 5701 2017 5770 disper-

435 5746 576 5798 πετο.
610 5746 679 5803 Et
709 5749 766 5805 in
810 5754 899 5810 his
938 5764 995 5811 et
1040 5746 1264 5815 Homeri
1317 5746 2012 5831 poema“intestino-dra-

2126 4853 2239 4918 κὼς
2270 4856 2344 4919 ὡς
2369 4858 2470 4928 ήδη
2502 4860 2677 4925 θάνοι,
2709 4860 2789 4916 ἐτι
2842 4863 2952 4926 ζῶν
2986 4864 3079 4917 ὑπ’
3109 4865 3282 4934 αὐτῆς
3306 4866 3383 4936 τῷ
3414 4869 3573 4939 τάφῳ
3606 4887 3708 4922 πε-

2128 4947 2442 5018 ριεκλείσθη
2463 4967 2478 4982 ο
2512 4950 2664 5006 ἄλλοι
2697 4953 2754 5006 δὲ
2802 4955 2946 5026 μέθῃ
2980 4956 3248 5025 σχεθέντα
3302 4963 3399 5011 καὶ
3436 4960 3703 5029 ἀναισθήο

2125 5055 2235 5103 τως
2272 5039 2502 5110 ἔχοντα,
2547 5046 2614 5115 τῇ
2661 5045 2807 5116 σορῷ
2840 5046 3241 5117 καθειρχθῆναί
3271 5068 3475 5120 φασιν
3502 5053 3707 5123 ἀνανήο

2122 5130 2301 5201 ψαντα
2330 5136 2387 5188 δὲ
2418 5138 2663 5193 κάτωθεν
2693 5140 2916 5212 ἐκόοᾷν,
2946 5141 3092 5207 ζωῆς
3126 5145 3316 5215 μόνης,
3349 5148 3410 5200 οὐ
3463 5149 3573 5219 μὴν
3604 5150 3705 5219 τῆς

2126 5228 2302 5300 ἀρχῆς
2331 5227 2618 5298 ὲφίεσθαιο
2673 5232 2767 5285 καὶ
2797 5233 3049 5302 ἐνόρκως
3074 5235 3249 5305 αὐτῆς
3278 5237 3355 5305 τῷ
3389 5237 3704 5311 βουλομένῳ

2126 5322 2505 5390 παραχωρεῖν.
2545 5320 2648 5374 Τὸν
2688 5321 2752 5392 δή
2783 5321 3013 5376 τοιαῦτα
3064 5325 3294 5393 λέγοντα
3328 5327 3504 5393 οὐδεὶς
3529 5325 3598 5401 ἦν
3628 5333 3706 5384 ol-

2124 5412 2383 5483 κτείρων,
2421 5414 2709 5487 Ἀριάδνης
2739 5416 3047 5487 ἐπεχούσης
3080 5418 3181 5488 τῆς
3226 5423 3509 5489 γυναικός.
3540 5422 3648 5477 Καὶ
3676 5424 3705 5478 ὁ

2119 5543 2278 5636 cgnis
2352 5559 2482 5636 εχει·
2534 5546 2739 5630 pedum
2806 5551 2993 5636 aureis
3062 5550 3268 5608 litteris
3305 5552 3700 5636 "descriptum.

2120 5613 2704 5742 ﬁEgllatI.)bA.tlll(—)lali0
2731 5619 2911 5677 estde
2942 5621 3166 5680 Zenone
3193 5638 3263 5680 ex
3304 5624 3476 5681 Suida
3507 5613 3561 5680 i'n
3592 5627 3702 5684 ﬁne

2161 5698 2287 5742 mus
2343 5702 2356 5741 ι
2402 5702 2469 5742 ιιι.

2161 5698 2287 5754 Ujus
2320 5698 2469 5743 ιιυη.
