4118 6514
396 412 483 475 1θί

1275 408 1880 470 ΕΕΟΙΕΞΙΑΞΉΟΛΞ
1920 404 2313 469 ΠῙΞΤΟΒῙᾸΞ
2352 405 2500 467 Lm-
2548 406 2699 468 XVI.

3575 398 3673 466 162

393 533 493 601 μὲν
514 530 700 584 τοῦτον
726 526 942 581 ἁπεϐίω
973 525 1064 579 τὸν
1088 526 1312 594 τρόπον,
1352 523 1826 577 ἑπτακαιδέκατον
1857 522 1960 583 ἔτος

2082 521 2299 589 perium
2351 527 2577 588 petere,
2633 527 2998 588 paratumque
3047 531 3171 573 esse
3227 518 3408 573 cuivis
3451 520 3668 591 jureju.

386 624 487 692 τὴν
519 621 796 692 βασιλείαν
826 619 1171 688 τυραννήσας
1202 616 1493 684 Ῥωμαίων
1512 632 1527 647 ο
1560 610 1641 678 οἷς
1666 618 1762 669 καὶ
1790 618 1839 669 ot
1865 616 1974 668 Βα-

390 715 625 770 σιλίσκου
683 713 854 782 μῆνες
895 711 1252 782 ἠρίθμηνται.
1292 709 1515 762 Τούτων
1547 706 1595 762 δ’
1628 706 1776 760 οὕτω
1815 723 1974 774 γενο-

302 854 310 861 .
394 808 587 878 μένων,
618 805 814 874 ήλπισε
866 803 968 872 μὲν
993 801 1258 869 Λογγῖνος
1283 803 1310 852 ὁ
1335 799 1589 882 Ζήνωνος
1621 796 1877 864 ἀδελφὸς,
1911 796 1973 858 ἐς

391 898 526 952 πολύ
574 914 627 949 τι
662 897 756 949 καὶ
797 895 941 965 μέγα
969 895 1257 959 δυνάμεως
1307 892 1483 962 ἥκων,
1514 892 1830 962 περιποιεῖν
1869 890 1972 956 τὴν

390 990 565 1059 ἀριὴν
605 987 824 1056 ἐαυτῷ·
886 986 1007 1040 ἀλλ’
1059 988 1266 1052 sessim
1318 985 1690 1038 παντάπασιν.
1745 983 1811 1034 'll
1863 981 1973 1051 γὰρ

404 1081 652 1150 Ἀριάδνη
688 1079 785 1133 σὺν
814 1082 878 1149 τῇ
909 1082 1221 1147 συγκλήτῳ,
1262 1076 1606 1146 Ἀναστασίῳ
1632 1075 1712 1144 τῷ
1759 1074 1972 1144 Δικόρῳ

394 1174 562 1241 μήπω
602 1173 655 1233 ἐς
696 1170 995 1240 γερουσίαν
1048 1168 1354 1231 τελέσαντι,
1404 1167 1497 1221 τὸν
1543 1167 1646 1235 τῆς
1693 1165 1987 1236 βασιλείας,

393 1263 703 1333 περιτιθησι
735 1263 1005 1330 στέφανον
1024 1261 1126 1329 ,τῇ
1156 1259 1318 1329 σχολῇ
1349 1258 1407 1311 δὲ
1435 1256 1548 1310 τῶν
1580 1255 1971 1324 Σιλεντιαρίων

390 1350 821 1423 κατειλεγμένοῳ.
852 1353 910 1405 Ὀ
939 1351 984 1404 δ’
1034 1351 1351 1413 Εὐστάθιος,
1370 1344 1431 1403 οὗ
1475 1350 1669 1417 πρώην
1695 1345 1970 1417 ἐμνήσθη-

397 1464 518 1515 μεν,
539 1448 740 1517 ἱστορεῖ
761 1446 897 1515 μετὰ
915 1447 1015 1512 τὴν
1036 1445 1339 1513 ἀνάρρησιν
1355 1441 1746 1511 Διοκλητιανοῦ
1762 1441 1858 1493 τοῦ
1876 1459 1970 1494 τυ-

398 1541 591 1605 ράννου
613 1538 741 1607 ἄχρι
762 1536 946 1599 τέλους
968 1537 1213 1605 Ζήνωνος
1237 1536 1334 1586 καὶ
1357 1532 1777 1601 ἀναγορεύσεως
1810 1533 1967 1587 Ἀνα-

397 1630 639 1692 στασίου,
662 1625 888 1680 διελθεῖν
906 1626 1002 1695 ἐτη
1036 1625 1170 1696 πρὸς
1213 1626 1323 1688 τοῖς
1379 1625 1518 1676 ἑπτα
1557 1623 1840 1677 διακόσιαο
1873 1621 1969 1693 ἀφ’

394 1712 456 1772 οὗ
488 1718 533 1771 δ’
558 1716 868 1785 Αὔγουστος
915 1719 1187 1787 μόναρχος
1219 1714 1385 1786 ἤρθη.
1417 1715 1512 1769 δύο
1541 1716 1634 1784 ἔτη
1674 1716 1767 1767 καὶ
1812 1715 1969 1785 τριά-

395 1823 559 1859 κοντα
587 1804 1044 1859 καὶκπεντακόσια
1098 1804 1237 1873 πρὸς
1295 1802 1464 1874 μησὶν
1529 1804 1714 1856 ἑπτά·
1776 1803 1887 1858 ἀπὸ
1921 1802 1968 1856 δ’

2078 612 2250 666 rando
2297 611 2632 680 interposito
2671 625 2739 666 eo
2778 611 3001 673 cedere,
3055 613 3331 666 neminem
3374 620 3561 670 autem
3605 617 3671 672 il-

2075 704 2189 759 lum
2223 719 2288 759 ea
2325 703 2626 768 dicentem,
2663 712 2954 773 propterea
2992 703 3142 774 quod
3174 706 3390 773 conjux
3427 706 3667 761 Ariadna

2081 795 2138 853 id
2190 795 2608 866 prohibuisset,
2662 796 2983 851 miseratam
3041 811 3182 851 esse.
3243 795 3343 852 llic
3391 797 3458 851 ad
3515 798 3666 853 hunc

2074 888 2302 943 modum
2340 888 2508 943 vitam
2552 887 2755 946 ﬁnivit.
2794 903 2920 943 cum
2972 887 3164 943 decem
3219 898 3274 942 et
3318 900 3526 958 septem
3565 906 3665 943 an-

2075 996 2177 1036 nos
2231 981 2286 1035 in
2340 980 2575 1050 imperio
2635 980 2979 1051 tyrannidem
3040 983 3400 1036 exercuisset.
3450 982 3663 1049 Quibus

2073 1074 2238 1130 annis
2290 1073 2548 1130 Basilisci
2591 1074 2758 1128 etiam
2803 1087 3025 1127 menses
3074 1076 3457 1129 connumerati
3505 1083 3656 1128 sunt.

2072 1167 2170 1222 His
2214 1167 2288 1221 ita
2334 1167 2526 1238 gestis,
2573 1166 2858 1238 Longinus
2901 1165 3142 1221 Zenonis
3178 1163 3368 1230 frater,
3405 1153 3550 1236 quod
3590 1168 3656 1221 ad

2081 1276 2333 1327 magnam
2390 1260 2692 1329 potentiam
2735 1261 3105 1329 pervenisset,
3137 1261 3426 1330 imperium
3457 1277 3514 1316 se
3551 1262 3657 1316 sibi

2072 1352 2493 1407 vendicaturum
2545 1354 2822 1420 speravit.
2870 1354 3076 1409 Verum
3120 1354 3215 1409 ille
3259 1356 3520 1423 opinione
3557 1371 3657 1410 sua

2073 1443 2242 1498 falsus
2288 1453 2393 1497 est.
2440 1444 2573 1498 Nam
2621 1444 2860 1498 Ariadna
2896 1459 3001 1498 una
3035 1460 3159 1499 cum
3204 1455 3522 1499 senatorum
3564 1462 3657 1498 or—

2073 1536 2226 1600 dine,
2269 1535 2563 1591 Anastasio
2598 1536 2799 1591 Diroro
2837 1538 2938 1607 (I),
2973 1538 3068 1606 qui
3115 1538 3362 1592 nondum
3403 1539 3457 1593 in
3496 1554 3657 1593 sena-

2073 1639 2187 1683 tmu
2231 1630 2426 1693 lectus,
2462 1630 2645 1684 adhuc
2696 1631 2747 1683 in
2792 1630 2979 1688 schola
3022 1629 3468 1707 Silentiariornm
3513 1640 3656 1695 erat,

2072 1719 2487 1790 imperatoriam
2540 1721 2804 1790 imposuit
2842 1737 3129 1776 coronam.
3175 1721 3520 1787 Eustathius,
3558 1740 3658 1778 eu-

2067 1812 2157 1878 jns
2186 1811 2352 1878 paulo
2384 1820 2513 1865 ante
2546 1811 2920 1874 meminimus,
2951 1811 3198 1881 scripsit,
3228 1812 3298 1866 ab
3333 1810 3494 1866 initio
3528 1813 3654 1866 Dio-

406 1899 754 1968 ’Λλεξὰνδρου
784 1898 878 1952 τού
912 1896 1229 1961 Μακεδόνος
1252 1897 1450 1968 ἀρχῆς,
1483 1897 1625 1950 ἑπτὰ
1654 1897 1833 1965 μῆνας
1865 1898 1960 1952 σὺν

2070 1902 2289 1982 cletiani
2344 1903 2564 1973 tyranni
2600 1904 2844 1971 imperii,
2880 1920 3053 1972 usque
3093 1903 3160 1958 ad
3202 1903 3369 1959 ﬁnem
3412 1901 3654 1960 Zenonis

391 1990 544 2042 δυσὶν
572 1988 742 2041 ’ἔτεσι
779 1989 1072 2059 τριάκοντά
1114 2005 1175 2041 τε
1238 1988 1577 2042 ὀκτακόσια·
1644 1990 1709 2042 ἐκ
1751 1989 1809 2042 δὲ
1868 1993 1969 2059 τῆς

403 2076 694 2148 Ῥωμαίων
724 2084 818 2132 καὶ
854 2079 1134 2151 Ῥωμύλου
1185 2078 1489 2147 βασιλείας,
1535 2080 1680 2152 χίλια
1708 2082 1804 2134 καὶ
1834 2098 1967 2134 πεν-

394 2175 627 2242 τήκοντα
654 2171 788 2242 πρὸς
819 2171 964 2237 δυσὶ,
1021 2171 1159 2240 προς
1184 2172 1241 2226 δὲ
1276 2173 1374 2226 καὶ
1405 2172 1585 2242 μῆνας
1642 2174 1786 2227 ἐπτά
1809 2188 1824 2204 ⁶
1856 2174 1967 2228 ἀπὸ

400 2264 460 2317 δὲ
497 2262 735 2327 ἁλώσεως
757 2263 975 2330 Τροίας,
1009 2262 1071 2327 ἒξ
1101 2262 1198 2316 καὶ
1234 2263 1591 2333 ὁγδοήκοντα,
1625 2264 1882 2328 ἑξακόσιά
1904 2282 1963 2318 τε

402 2355 496 2408 καὶ
531 2354 667 2424 χίλια
699 2354 791 2422 ἔτη
825 2355 961 2425 πρὸς
996 2357 1166 2425 μησὶν
1206 2356 1384 2409 ἑπτά·
1434 2357 1545 2409 ἀπὸ
1593 2355 1647 2409 δὲ
1682 2356 1782 2422 τῆς
1812 2356 1963 2421 θείας

396 2444 492 2499 τοῦ
525 2445 723 2515 Κυρίου
755 2447 1104 2516 σαρκώσεως,
1122 2446 1455 2518 τετρακόσια
1482 2446 1532 2515 ιζ
1556 2449 1650 2500 καὶ
1670 2446 1766 2500 δύο
1790 2463 1804 2477 ο
1852 2449 1962 2502 ἀπὸ

393 2538 448 2591 δὲ
481 2537 670 2607 Ἀδὰμ,
704 2538 895 2605 ,ειιπδκ

2072 2002 2129 2048 et
2161 1993 2601 2065 designationem
2635 1996 2932 2059 Anastasii,
2964 1995 3345 2051 intercessisse
3377 1996 3654 2051 ducentos

2072 2094 2129 2141 et
2155 2096 2362 2155 septem
2387 2106 2399 2141 :
2423 2087 2489 2141 ah
2512 2103 2578 2142 eo
2600 2098 2782 2141 autem
2816 2097 3063 2157 tempore
3085 2103 3196 2157 quo
3221 2088 3505 2158 Augustus
3536 2105 3655 2143 mo—

2070 2170 2280 2234 nareha
2322 2179 2501 2234 factus
2542 2189 2647 2246 est,
2680 2181 3014 2249 quingentos
3048 2180 3268 2249 triginta
3303 2180 3443 2235 duos
3478 2197 3656 2236 annos

2069 2280 2126 2325 et
2158 2285 2373 2325 menses
2404 2281 2619 2340 septem
2649 2288 2664 2327 :
2691 2272 2760 2326 ab
2790 2272 3085 2327 Alexandri
3113 2273 3431 2328 Macedonis
3460 2290 3653 2343 regno,

2067 2376 2243 2417 annos
2287 2363 2636 2434 octingentos
2677 2364 2898 2433 triginta
2935 2366 3096 2427 duos,
3142 2381 3361 2423 menses
3399 2376 3649 2436 septem;

2066 2469 2096 2507 a
2128 2453 2506 2509 Romanorum
2540 2472 2710 2525 porro
2741 2466 2797 2512 et
2826 2457 3045 2511 Romuli
3076 2472 3247 2528 regno
3288 2472 3462 2512 annos
3499 2458 3650 2512 mille

2065 2556 2124 2601 et
2165 2548 2567 2618 quinquaginta
2617 2549 2761 2605 duos
2810 2549 2911 2621 (2),
2950 2566 3169 2606 menses
3218 2561 3473 2621 septem;
3511 2561 3568 2604 et
3619 2565 3651 2605 a

392 2636 434 2690 Τ
440 2638 551 2709 roja
590 2644 746 2706 capta
790 2635 937 2690 mille
979 2645 1275 2693 sexcentos
1342 2630 1625 2707 Octoginta
1671 2652 1765 2693 sex
1837 2655 2063 2707 annos,.
2097 2659 2314 2701 menses
2368 2657 2620 2716 septem;
2668 2662 2698 2700 a
2744 2644 2932 2699 divina
2988 2646 3204 2700 Domini
3260 2647 3650 2701 incarnatione

387 2749 565 2792 annos
605 2739 1033 2808 quadringentos
1075 2746 1134 2791 et
1174 2733 1475 2805 nonaginta
1519 2733 1690 2801 duos,
1730 2737 1801 2790 ab
1835 2737 1958 2809 ipso
1995 2740 2235 2811 denique
2301 2742 2517 2797 Adamo
2561 2757 2738 2797 annos
2804 2742 3110 2811 quinquies
3154 2742 3303 2797 mille
3339 2741 3417 2812 (3)
3450 2739 3652 2795 nonin-

388 2841 580 2898 gentos
606 2832 881 2903 octoginta
912 2840 1150 2901 quatuor
1179 2829 1284 2901 (4).

949 2949 1201 3002 ΚΕΦΑΛ.
1252 2947 1383 3002 KE'.

389 3037 533 3106 Περὶ
586 3039 694 3108 τῆς
743 3040 1068 3103 τηνικαῦτα
1102 3040 1222 3093 τῶν
1267 3041 1615 3107 ἐκκλησιῶν
1656 3045 1957 3098 καταστά-

458 3122 630 3181 σεως.
665 3111 824 3174 ὅπως
849 3111 1034 3177 δόξης
1059 3108 1229 3177 εἶχον
1276 3111 1409 3181 περὶ
1460 3110 1570 3179 τῆς
1604 3113 1673 3166 ἐν
1724 3115 1961 3181 Χαλκη-

2491 2949 2652 3019 391
2695 2948 2923 3006 CAPUT
2963 2950 3129 3008 xxv.

2064 3037 2707 3116 De_Ecclesiarttm_ejus
2759 3044 3010 3112 tentporis
3054 3053 3223 3096 statu.
3275 3060 3380 3111 qua
3431 3062 3652 3116 qumque

2138 3112 2296 3180 fuerit
2337 3116 2402 3181 de
2446 3111 2871 3166 Chalcefoueusi
2915 3116 3115 3181 synodo
3154 3116 3398 3181 Opinione
3428 3111 3451 3168 ι’
3496 3111 3652 3169 ειίΙε

457 3179 586 3259 δόζι
616 3181 908 3259 Ξυνόδου·
942 3181 1038 3234 καὶ
1071 3177 1608 3259 περλτῆςίὲξορίας
1638 3177 1958 3253 Εὐφημίου

2131 3177 2318 3235 exsilio
2353 3180 2630 3236 Euoliemit'
2664 3177 3267 3253 Coustuutinopolitani.
3336 3242 3339 3245 _

457 3249 564 3304 τοῦ
613 3249 1335 3317 Κωνσταντινουπόλεως.

462 3364 525 3420 '0
548 3366 594 3419 δ’
623 3342 977 3431 Ἀναστόισιος
1004 3365 1466 3438 περιϐαλλόμενος
1488 3366 1549 3421 τὸ
1578 3367 1838 3439 διάδημα,
1863 3369 1959 3424 καὶ

383 3459 484 3529 τὴν
523 3439 807 3530 Ἀριάδνην
857 3458 1035 3530 ἐαυτῷ
1080 3459 1429 3530 είσῳκίσατο;
1481 3460 1656 3529 μήπω
1734 3461 1959 3528 γυναικὶ

385 3551 679 3622 ὁμιλήσας·
711 3551 1041 3622 Ἐπίδαμνον
1084 3552 1130 3605 δ’
1162 3553 1302 3622 ἔχων
1355 3555 1595 3621 πατρίδα
1632 3554 1958 3626 (Δυρράχιον

388 3645 481 3698 νῦν
506 3644 770 3714 λέγεται),
793 3646 929 3716 πρὸς
952 3645 1011 3699 τὸ
1044 3646 1332 3699 κάλλιστον
1369 3647 1505 3723 αὐτὸ
1547 3648 1643 3700 καὶ
1668 3647 1954 3718 ὀχυρώτε-

390 3755 479 3807 ρον
509 3738 925 3807 μετεσκεύασεν,
973 3737 1099 3804 ἄξια
1128 3740 1266 3808 γέρα
1295 3738 1595 3809 παρασχὼν
1629 3740 1778 3809 αὐτῷ
1806 3758 1820 3771 ο
1862 3741 1957 3795 καὶΙ

388 3831 579 3899 πρῶτα
613 3831 710 3900 μὲν
745 3832 1010 3898 Λοιγῖνον
1055 3831 1146 3883 τὸν
1203 3831 1530 3901 μόιγιστρον,
1559 3831 1673 3885 τῶν
1721 3831 1767 3885 δ’
1795 3834 1852 3886 ὲν
1886 3835 1952 3903 τῇ

384 3923 517 3993 αὐλῇ
551 3922 757 3988 τάξεων
784 3923 991 3993 ἠγεῖτο,
1021 3923 1125 3976 ἀνὰ
1154 3924 1256 3991 τὴν
1308 3923 1633 3979 Σελεύκειαν
1662 3925 1914 3992 ἔπεμπεν
1937 3942 1951 3958 ·

385 4015 567 4068 ἔπειτα
592 4016 648 4069 δὲ
678 4016 769 4068 καὶ
804 4017 862 4069 τδ
890 4015 1013 4069 ἄλλο
1045 4017 1153 4070 τῶν
1179 4016 1446 4086 Ἰσαύρων
1493 4018 1652 4085 γένος
1679 4018 1910 4083 ἐξέϐαλε
1934 4058 1951 4084 ,

385 4108 536 4169 τοῦτο
562 4107 719 4173 δῆθεν
740 4108 1075 4178 αἰτησάντων
1097 4125 1110 4139 ⁸
1142 4107 1191 4161 οἶ
1227 4111 1446 4178 συνάμα
1476 4109 1728 4180 Λογγίνῳ
1758 4110 1950 4176 ἰόντες,

385 4199 648 4264 τυραννίδι
679 4199 963 4265 ἐπέθεντο,
998 4199 1072 4262 ὡς
1099 4201 1380 4270 προϊόντες
1406 4200 1744 4273 δηλώσομεν.
1781 4203 1952 4273 Εἰρη-

387 4291 531 4352 ναῖος
558 4290 611 4343 δέ
652 4306 735 4353 τις
765 4289 934 4343 θέλων
981 4285 1123 4349 εἶναι
1175 4292 1203 4343 ό
1228 4289 1604 4354 Ἀναστάσιος,
1640 4293 1953 4345 παντάπασι

394 4381 555 4449 μηδὲν
581 4399 634 4434 τι
681 4384 1028 4454 καινουργεῖν
1059 4385 1245 4456 ᾑρεῖτο
1274 4387 1403 4456 περὶ
1434 4387 1533 4456 τὴν
1577 4388 1676 4455 τῆς
1719 4388 1953 4458 Ἐιγληοι

388 4476 507 4537 σίας
553 4477 914 4530 κατάστασιν·
970 4482 1064 4532 καὶ
1130 4479 1335 4551 πολλήν
1393 4497 1518 4533 τινα
1576 4481 1708 4551 περὶ
1759 4481 1950 4534 τούτου

2133 3364 2484 3432 Anastasius,
2507 3365 2818 3421 diademate
2843 3374 3083 3437 sumpto,
3109 3382 3234 3422 cum
3259 3368 3503 3423 nondum
3529 3384 3648 3425 ma-
3736 3412 3743 3417 .

2067 3462 2387 3515 trimonium
2425 3461 2814 3522 contraxisset,
2851 3461 3148 3516 Ariadnam
3185 3477 3408 3515 uxorem
3440 3462 3644 3520 duxit:

2063 3557 2117 3603 et
2159 3547 2523 3618 Epidamnum
2571 3549 2805 3619 patriam
2852 3565 3030 3611 suam.
3073 3566 3197 3621 quae
3244 3566 3394 3606 nunc
3445 3552 3644 3624 Dyrra-

2063 3639 2249 3694 chium
2285 3641 2514 3707 dicitttr,
2546 3650 2605 3696 ut
2643 3642 2829 3697 natale
2876 3642 3054 3696 solum
3102 3643 3313 3699 honore
3350 3661 3650 3716 proseque-

2065 3743 2244 3800 retur,
2280 3734 2652 3803 pulcherrime
2685 3736 2999 3798 exornavit,
3042 3750 3275 3805 eamque
3307 3737 3489 3806 dignis
3525 3754 3646 3790 mu-

2062 3827 2290 3880 nerihns
2320 3826 2543 3881 ditavit.
2579 3827 2646 3881 Et
2683 3826 2919 3897 primqu
2951 3826 3260 3898 Longinum
3296 3830 3642 3898 magistrum,

2063 3920 2371 3973 aulicorum
2402 3919 2614 3975 scilicet
2643 3919 2903 3974 ordinum
2935 3921 3278 3987 praefectum,
3307 3921 3642 3988 Seleui-iam,
3674 3907 3681 3911 ﬁ

2064 4012 2154 4067 ubi
2196 4020 2351 4067 ortus
2394 4013 2597 4078 fuerat,
2649 4013 2798 4066 misit
2843 4030 2857 4068 ε
2897 4013 3096 4068 deinde
3146 4015 3423 4083 reliquum
3473 4016 3640 4070 etiam

2062 4105 2376 4159 Isaurorum
2409 4120 2583 4174 genus
2614 4105 2798 4173 ejecit,
2830 4106 2922 4174 qui
2964 4106 3070 4159 hoc
3110 4107 3550 4175 postulaverant,
3586 4115 3642 4161 ct

2063 4211 2170 4249 una
2228 4213 2351 4250 cmn
2414 4195 2662 4266 Longino
2715 4195 3103 4259 discedentes,
3162 4198 3229 4249 ad
3292 4176 3636 4268 tyrannidem

2059 4289 2402 4359 aspirarunt,
2448 4288 2614 4342 sicuti
2645 4298 2832 4358 postea
2860 4288 3127 4345 dicemus.
3161 4291 3486 4344 Anastasius
3512 4306 3637 4344 cum

2061 4382 2323 4453 paciﬁcus
2368 4396 2513 4444 esse,
2556 4397 2737 4451 neque
2781 4385 3079 4451 quidpiam
3129 4396 3315 4437 rerum
3366 4399 3632 4439 novarum

2061 4475 2117 4529 in
2168 4473 2429 4529 Ecclesia:
2484 4481 2628 4528 statu
2678 4474 2926 4528 excitare
2975 4474 3173 4539 vellet,
3226 4476 3639 4545 plurimumque

388 4567 618 4620 ἐποιεῖτο
648 4568 904 4638 σπουδὴν,
957 4570 1033 4632 ὡς
1067 4569 1135 4623 ἃν
1182 4568 1242 4622 αἴ
1276 4586 1337 4623 τε
1388 4570 1529 4623 θεῖαι
1562 4571 1657 4624 τοῦ
1711 4571 1952 4641 Χριστοῦ

2068 4564 2229 4620 studii
2272 4565 2327 4619 in
2360 4579 2428 4619 eo
2461 4566 2778 4626 collocaret,
2809 4574 2870 4620 ut
2903 4576 3107 4621 sancta:
3139 4567 3347 4621 Christi
3378 4569 3640 4624 Ecclesiae

398 4658 710 4727 Ἐκκλησίαι
745 4660 988 4730 θορύϐων
1039 4661 1272 4730 καὶτῆς
1323 4660 1578 4716 ἐντεῦθεν
1632 4662 1950 4734 ἐρεσχελίας

384 4747 496 4809 εἷεν
526 4755 712 4817 ἑκτός’
744 4756 801 4807 ὲν
825 4753 1017 4825 βαθείᾳ
1041 4771 1098 4807 τε
1129 4755 1344 4827 γαλήνῃ
1365 4757 1457 4808 καὶ
1487 4756 1549 4808 τὸ
1579 4755 1821 4825 ὑπήκοον
1853 4773 1951 4810 κα-

384 4845 635 4915 τασταίη,
673 4845 847 4917 ἔριδος
894 4847 1113 4916 ἁπάσης
1182 4849 1279 4901 καὶ
1312 4847 1647 4917 φιλονεικίας
1702 4848 1951 4902 ἐκποδὼν

383 4934 505 4989 κατ’
539 4937 823 5007 ἀμφότερα
855 4937 1177 5008 γενομένης.
1211 4940 1322 4992 Καὶ
1366 4938 1549 4992 τοίνυν
1583 4941 1701 5000 ταῖς
1734 4940 1947 4992 ἐκείνου

387 5025 673 5096 ἡμέραιςή
703 5028 760 5078 ὲν
796 5027 1099 5096 Χαλκηδόνι
1138 5026 1359 5090 σύνοδος
1408 5014 1532 5080 οὔτε
1565 5029 1643 5090 εἰς
1672 5023 1950 5098 προῦπτον

382 5116 799 5187 ἀνεκηρύττετο,
831 5118 952 5172 ἀλλ’
976 5118 1087 5172 οὐδ’
1113 5119 1497 5191 ἀποκήρυκτος
1519 5112 1586 5191 ἦν
1605 5136 1621 5151 ο
1656 5120 1728 5182 ὡς
1759 5120 1803 5173 δ’
1826 5120 1953 5175 ἑκά-

383 5225 493 5279 στῳ
514 5212 622 5273 τοῖς
640 5209 752 5265 τῶν
786 5210 1124 5283 Ἐκμλησιῶν
1154 5212 1416 5283 ἡγεμόσιν
1448 5212 1623 5274 ἐδόκει
1648 5213 1714 5265 τὰ
1746 5211 1952 5283 ταύτης

379 5302 625 5372 ἐφέρετο.
649 5304 713 5357 Οἱ
743 5304 966 5376 μὲνγὰρ
995 5305 1090 5358 καὶ
1117 5304 1235 5358 λίαν
1254 5303 1459 5375 ταύτης
1486 5306 1793 5375 ἀντείχοντο
1823 5321 1951 5372 γεν-

379 5398 672 5468 νικώτερον
710 5397 1124 5471 ἀνθιστάμενον
1164 5400 1325 5471 μήτοι
1351 5416 1414 5468 γε
1446 5399 1593 5464 λέξιν
1625 5400 1735 5453 τῶν
1767 5399 1948 5472 ἐκείνῃ

377 5488 729 5559 όρισθέντων,
766 5490 884 5545 ἀλλ’
917 5492 1039 5547 οὐδὲ
1070 5493 1359 5565 συλλαϐήν,
1391 5494 1424 5563 ἢ
1468 5495 1574 5548 κᾶν
1622 5494 1884 5564 γράμμα,
1913 5492 1947 5563 ἢ

451 5654 528 5719 (Ι)
582 5651 823 5723 Dicor-us
871 5652 1295 5723 cognominatus
1357 5662 1442 5708 est
1494 5668 1525 5706 a
1571 5650 1949 5705 discoloribus

377 5730 660 5776 ornatorum
699 5721 956 5791 pupillis,
991 5739 1111 5792 quze
1157 5728 1319 5792 κόραι
1359 5725 1644 5783 dicuntur,
1710 5736 1946 5790 quamn

376 5797 565 5847 dextra
599 5793 898 5862 nigricaus,
924 5792 1148 5847 siniStra
1180 5796 1414 5848 caerulea
1443 5795 1637 5848 fuerit.

448 5864 521 5921 i2)
559 5862 784 5918 llecttus
819 5864 974 5917 I255.

2059 4658 2393 4713 tumultibus
2427 4668 2483 4712 ct
2526 4659 2821 4713 verborum
2883 4660 3354 4726 contentionibus,
3390 4662 3639 4731 disputa-

2057 4752 2305 4806 tionibus
2358 4759 2415 4806 et
2459 4751 2710 4807 dissidiis
2747 4754 3149 4808 eaclesiasticis
3190 4754 3353 4808 simul
3397 4764 3451 4809 et
3501 4755 3639 4809 citi-

2055 4845 2200 4898 libus
2246 4844 2506 4898 omnibus
2552 4844 2810 4912 sublatis,
2857 4843 3110 4898 homines
3159 4844 3213 4898 in
3262 4844 3432 4897 multa
3486 4855 3637 4899 tran-

2054 4938 2329 5007 quillitate
2361 4940 2635 5002 viverent,
2665 4945 2722 4990 et
2755 4937 2957 4991 subditi
2991 4936 3178 5006 populi
3212 4939 3388 5006 pacati
3427 4945 3631 4998 essent.

2053 5027 2264 5094 evenit,
2297 5036 2358 5082 ttt
2398 5027 2746 5097 temporibus
2787 5028 2906 5098 ejus
2945 5025 3417 5080 Chalcedonensis
3466 5042 3634 5096 synoo

2054 5121 2181 5185 dus,
2217 5134 2396 5190 neque
2426 5119 2722 5190 propalam
2770 5134 2869 5188 per
2912 5119 3092 5188 ipsum
3134 5118 3635 5172 constitutionibus

2056 5211 2435 5282 imperialibus
2471 5210 2702 5264 edendis
2739 5210 3211 5278 promulgaretur,
3245 5224 3423 5277 neque
3463 5209 3629 5264 etiam

2055 5305 2470 5376 reproharetur.
2500 5300 2706 5358 Verum
2728 5301 2889 5357 sicuti
2917 5304 3225 5371 quibusque
3256 5300 3626 5355 Ecclesiarunt

2054 5398 2383 5468 prmsidibus
2403 5395 2720 5454 videbatur.
2746 5393 2818 5447 ita
2841 5394 2909 5447 de
2937 5410 3001 5446 ea
3023 5393 3357 5447 sentiebant.
3376 5391 3510 5447 Nam
3533 5395 3630 5463 qui

2052 5507 2175 5547 eam
2211 5491 2429 5546 fortiter
2475 5489 2839 5546 defendentes
2886 5487 3327 5557 propugnabant,
3362 5501 3470 5540 non
3507 5502 3632 5541 vct-

2125 5653 2200 5733 (_3n)
2266 5650 2587 5707 Secundum
2660 5649 2978 5706 neotericos
3049 5661 3079 5701 a
3136 5643 3634 5733 mundocnndito
3690 5674 3695 5679 -

2052 5723 2217 5863 “(‘3'
2238 5795 2584 5848 Postremum
2618 5752 2724 5847 hoc
2758 5789 3029 5862 Evagrius
3063 5803 3172 5843 non
3204 5786 3390 5852 habet,
3427 5785 3522 5841 lib.
3567 5801 3630 5852 tt,

2052 5880 2175 5929 cap.
2206 5866 2298 5918 νο.
