4046 6490
456 393 557 459 ιω

1672 385 2103 445 ΝΙΕΕΡΙΙΟΙΠ
2145 383 2493 443 CALLISTI

3613 377 3711 440 iiii:

458 519 587 565 bum
627 523 800 562 unum
841 506 897 560 in
936 504 1057 574 eius
1101 501 1362 569 decretis,
1405 518 1470 557 ac
1504 519 1574 558 ne
1609 503 1874 575 syllabam
1919 504 2041 573 qui-

2160 502 2374 570 ιεραίαν
2432 500 2770 568 μετακινεῖν,
2830 499 2864 569 ἢ
2897 496 3247 553 ἐναλλάττειν
3278 499 3712 570 καταδεχόμενοι,

452 606 601 668 dem,
632 609 728 655 aut
766 599 1029 661 litteram,
1061 604 1159 649 aut
1189 595 1401 663 apicem
1441 595 1637 650 saltem
1668 597 1793 650 loco
1824 598 2033 650 moveri

453 702 549 747 aut
584 689 782 746 mutari
820 687 967 758 passi
1003 696 1156 750 sunt,
1184 695 1240 741 et
1285 702 1384 755 per
1424 686 1738 741 libertatem
1782 702 2034 756 magnam

453 802 500 837 a-
521 782 858 838 commercio
899 790 958 834 et
1002 780 1401 833 comnmnione
1442 778 1679 832 aliorum
1728 778 1979 832 resiliere
2020 794 2035 832 :

454 877 595 929 adeo
628 884 687 928 ut
733 889 801 926 ne
834 872 890 925 in
931 871 1077 925 :edes
1115 870 1340 939 quidem
1374 884 1501 924 suas
1528 885 1623 923 eos
1653 869 2034 933 admitterent,

455 969 548 1037 qui
584 983 650 1023 ea
692 982 814 1035 quae
857 975 1007 1019 recte
1052 964 1125 1017 ibi
1174 963 1398 1018 decreta
1437 970 1648 1025 essent,
1682 977 1791 1015 non
1830 962 2040 1030 recipe-

456 1071 600 1114 rent.
630 1057 811 1113 Fuere
842 1068 1023 1110 autem
1051 1056 1145 1125 qui
1173 1072 1292 1109 eam
1323 1072 1430 1109 non
1460 1066 1672 1110 tantum
1704 1071 1813 1109 non
1844 1070 2041 1123 appro-

459 1156 676 1215 barent,
712 1150 807 1203 sed
847 1151 1012 1202 etiam
1064 1148 1280 1216 publice
1323 1163 1430 1202 una
1477 1164 1601 1202 cum
1644 1148 1848 1202 Leonis
1891 1158 2042 1200 tumo

460 1243 809 1297 anathemate
850 1239 1188 1310 jugulareut.
1230 1238 1336 1291 Alii
1383 1238 1451 1292 de
1500 1239 1754 1294 lienotica
1801 1238 2043 1293 Zenonis

459 1334 861 1390 constitutione
899 1333 1088 1387 itidem
1135 1332 1433 1394 faciebant,
1470 1346 1637 1402 atque
1667 1349 1695 1386 a
1729 1332 1929 1400 seipsis
1962 1332 2046 1385 iu-

464 1438 550 1479 ter
585 1441 645 1480 se
682 1424 1026 1478 dissidebant
1061 1439 1073 1474 :
1112 1423 1184 1476 ita
1217 1432 1275 1475 ut
1307 1424 1529 1489 quidam
1562 1423 1702 1483 duas
1731 1433 1958 1476 naturas
1986 1422 2044 1477 in

462 1518 711 1580 Christo,
745 1516 967 1585 quidam
1012 1528 1177 1566 unam
1215 1512 1505 1577 dicerent;
1552 1523 1719 1580 atque
1752 1512 1787 1566 ii
1817 1512 2044 1581 quidem

463 1611 670 1663 litteris
708 1592 974 1661 insidiose
1002 1606 1348 1674 compositis,
1391 1620 1487 1674 per
1524 1603 1777 1659 fraudem
1823 1605 2047 1675 decipe-

464 1714 695 1767 rentur;
735 1702 773 1756 ii
813 1710 997 1755 autem
1046 1714 1238 1767 pacem
1294 1698 1400 1753 sibi
1450 1697 1871 1753 eonsectandam
1923 1713 2047 1752 esse

472 1803 750 1861 putarent.
786 1794 841 1848 Id
877 1793 1080 1847 malum
1115 1806 1182 1845 eo
1213 1792 1505 1870 processit,
1536 1800 1597 1842 ut
1627 1789 1870 1845 Ecclesia
1897 1805 2049 1859 qua:-

464 1854 601 1942 libet
646 1889 703 1941 in
749 1887 1021 1940 factiones
1066 1854 1614 1948 suas-divideretur,
1648 1891 1706 1936 et
1737 1854 1980 1951 episcopi
2018 1896 2047 1933 a
2083 1854 2122 1907 Β

465 1979 867 2035 consuetudine
899 1985 1088 2031 mutua
1118 1977 1516 2031 abhorrerent.
1548 1975 1789 2031 Proinde
1820 1975 1873 2028 in
1908 1974 2053 2029 mul-

386 2112 403 2121 -
466 2084 551 2127 tas
604 2081 785 2127 sectas
818 2070 1125 2125 orientales
1156 2067 1648 2136 occidentalesque
1680 2078 1849 2138 atque
1882 2070 2049 2122 etiam

468 2166 687 2235 Libycae
731 2172 923 2234 partes
975 2162 1228 2216 dissectae
1278 2168 1430 2215 sunt.
1461 2160 1628 2230 692
1668 2160 1858 2230 Neque
1905 2161 2050 2215 enim

465 2260 665 2314 Oriens
690 2259 1009 2313 consentire
1064 2271 1188 2310 cum
1241 2253 1566 2315 Occidente.
1609 2269 1788 2323 neque
1834 2267 2052 2306 rursum

470 2353 641 2423 Libya
673 2330 957 2405 conciliari
993 2350 1151 2404 hisee
1185 2349 1381 2403 voluit.
1414 2346 1484 2401 Et
1512 2347 1658 2416 quod
1688 2347 1932 2399 omnium
1968 2347 2054 2400 in-

470 2442 863 2511 dignissimum
897 2450 1003 2503 est,
1033 2455 1215 2509 neque
1256 2441 1361 2508 ipsi
1401 2440 1548 2493 inter
1591 2453 1650 2493 se
1691 2435 2055 2492 Orientalium

472 2534 850 2588 Ecelesiarum
899 2532 1181 2587 antistites
1229 2533 1296 2585 ad
1352 2532 1802 2586 communionem
1857 2545 2058 2584 conve-

471 2625 727 2684 niebant,
763 2637 945 2691 neque
991 2621 1271 2690 Europazi,
1307 2636 1489 2691 neque
1523 2621 1687 2675 etiam
1726 2620 1914 2691 Libyci
1944 2620 2059 2690 epi-

475 2716 628 2785 scopi
656 2722 965 2771 conventus
998 2714 1145 2769 inter
1174 2729 1233 2769 se
1265 2714 1507 2785 agebant
1537 2731 1551 2768 :
1585 2715 1786 2768 nedum
1819 2729 1944 2768 cum
1978 2715 2060 2769 eis

471 2807 567 2875 qui
612 2815 766 2860 extra
812 2807 1100 2875 regionum
1144 2821 1373 2860 suarum
1413 2804 1550 2858 lines
1586 2812 1793 2867 essent,
1830 2818 2062 2874 congre-

471 2900 759 2953 derentur.
796 2899 970 2951 Tanta
1017 2899 1273 2953 eont'usio
1321 2899 1706 2973 mentiumque
1753 2897 1924 2968 caligo
1972 2913 2061 2951 or-

477 2990 600 3045 bem
628 2992 952 3046 universum
986 2992 1233 3047 incessit.
1264 2991 1437 3064 Porro
1464 2992 1793 3047 Anastasius
1843 2992 2059 3047 tametsi

473 3083 941 3152 tranquillitatem
981 3084 1086 3137 sibi
1128 3085 1563 3138 conservandam
1599 3099 1722 3139 esse
1762 3099 2062 3155 proposue-

2139 591 2434 663 Παρρησίᾳ
2482 591 2540 643 δὲ
2589 590 2759 661 πολλῇ
2797 590 3076 660 χρώμενοι
3127 589 3448 659 ἀπεπήδων,
3506 591 3628 660 μηδ’
3661 595 3717 644 ἐν

2138 687 2276 754 οίκιρ
2320 687 2603 739 κοινωνεῖν
2653 684 2929 755 ᾑρημένοι
2979 684 3090 745 τοῖς
3151 684 3226 753 μὴ
3256 684 3716 753 παραδεχομένοις

2138 778 2207 830 τὰ
2236 777 2420 849 ἐκείνῃ
2461 775 2643 841 καλῶς
2694 775 3005 846 ὁρισθέντα.
3041 770 3228 829 Ἦσαν
3257 776 3316 829 δὲ
3361 772 3411 829 οἳ
3445 773 3508 828 ού
3562 775 3718 851 μόνον

2142 871 2313 939 αὐτὴν
2341 869 2441 923 οὐκ
2471 868 2737 939 ἐδέχοντο,
2760 868 2900 922 ἀλλὰ
2932 868 3030 922 καὶ
3053 869 3357 937 ἀναθέματι
3381 868 3553 937 αὐτὴν
3591 868 3719 920 ἀνα·

2144 962 2342 1030 φανδδν
2373 961 2732 1029 περιέϐαλον·
2773 962 2836 1014 ού
2880 963 3041 1030 μόνον
3070 961 3128 1015 δὲ
3188 960 3416 1030 ταύτην,
3450 959 3590 1013 ἀλλὰ
3629 960 3720 1011 καὶ

2142 1055 2234 1107 τὸν
2262 1056 2430 1123 τόμον
2478 1054 2734 1117 Λέοντος.
2773 1053 2959 1107 Ἄλλοι
2989 1053 3047 1107 δὲ
3086 1052 3167 1123 τῷ
3202 1054 3451 1123 Ζήνωνος
3484 1050 3721 1120 ἑνωτικῷ

2144 1147 2342 1216 ἐπίσης
2382 1147 2666 1200 ἐνίσταντο
2687 1162 2702 1177 ·
2733 1146 2829 1200 καὶ
2857 1146 2994 1213 πρὸς
3028 1144 3294 1215 ἀλλήλους
3339 1142 3721 1216 διερρωγότε-,

2145 1240 2223 1309 τῷ
2247 1240 2339 1293 τὸν
2376 1238 2473 1308 μὲν
2507 1238 2602 1291 δύο
2641 1237 2873 1306 φύσεις,
2934 1237 3093 1291 ἄλλον
3120 1234 3179 1288 δὲ
3225 1236 3355 1305 μίαν
3410 1236 3589 1303 λέγειν
3631 1235 3723 1287 ἐπὶ

2146 1332 2385 1403 Χριστοῦ
2403 1348 2419 1364 ο
2445 1333 2538 1385 καὶ
2563 1333 2691 1395 τοὺς
2730 1332 2831 1402 μὲν
2863 1334 2978 1395 τοῖς
3007 1330 3310 1401 γράμμασι
3341 1327 3725 1400 παρακλέπτε-

2150 1425 2296 1492 σθαι,
2344 1424 2472 1486 τοὺς
2508 1423 2564 1476 δὲ
2591 1426 2688 1478 καὶ
2711 1425 3016 1493 εἰρηνεύειν
3052 1421 3356 1491 αἱρεῖσθαιο
3390 1421 3487 1474 καὶ
3518 1420 3609 1472 ἐπὶ
3638 1419 3722 1470 τό-

2150 1534 2244 1571 σον
2270 1517 2331 1570 τὸ
2386 1516 2560 1571 δεινὸν
2592 1520 2983 1588 προχωρῆσαι,
3013 1516 3090 1580 ὡς
3122 1517 3362 1584 ἑκάστην
3402 1510 3724 1579 Ἐκκλησίαν

2149 1611 2229 1673 είς
2261 1610 2397 1664 ίδίαν
2425 1613 2623 1679 μοῖραν
2663 1609 3055 1678 ἀποκριθῆναι,
3093 1608 3192 1661 καὶ
3245 1608 3319 1676 μὴ
3371 1602 3725 1674 συνέρχεσθαι

2149 1703 2413 1773 ἀλλήλους
2439 1705 2561 1766 τοὺς
2600 1703 2949 1773 προεδρεύειν
2973 1701 3263 1771 λαχόντας.
3304 1701 3410 1753 Καὶ
3450 1701 3529 1760 είς
3561 1695 3725 1750 πολλὰ

2150 1798 2422 1867 τμήματα
2478 1797 2539 1850 τὸ
2574 1776 2884 1867 ιδιερῤωγὸς
2936 1791 3026 1866 ἢν,
3079 1794 3183 1848 ἀνά
3233 1810 3295 1845 τε
3336 1792 3437 1863 τὴν
3473 1790 3591 1843 Ἕω
3637 1790 3727 1841 καὶ.

2161 1892 2461 1962 Ἑσπερίαν
2488 1891 2640 1959 λῆξιν
2669 1892 2763 1943 xal.
2781 1890 2988 1958 Λιὸύην
3019 1889 3212 1958 αύτήν.
3240 1886 3379 1940 Οὔτε
3398 1887 3507 1955 γὰρ
3532 1885 3566 1954 ἠ
3583 1882 3726 1946 Ἕως
3820 1951 3833 1955 θ

2152 1985 2219 2053 τῇ
2255 1982 2500 2053 Ἐσπὲρᾳ
2534 1983 2849 2051 συμφωνεῖν
2880 1982 3089 2050 ᾑρεῖτο,
3121 1976 3237 2032 ἀλλ’
3270 1978 3396 2031 οὐδὲ
3424 1975 3596 2043 Διόύη
3628 1974 3729 2025 πά-

2153 2073 2239 2125 λιν
2290 2073 2517 2135 ταύταις
2574 2073 2902 2125 σπένδεσθαι
2963 2070 3160 2141 ἤθελε·
3201 2069 3264 2121 τὸ
3309 2068 3370 2122 δὲ
3420 2068 3485 2137 δὴ
3517 2067 3729 2119 πάντων

2157 2165 2531 2228 ἀτοπώτατον,
2560 2165 2642 2217 ὅτι
2666 2181 2772 2234 περ
2806 2163 2929 2216 ούδὶ
2966 2164 3151 2230 σφίσιν
3171 2161 3363 2224 αὐτοῖς
3397 2163 3446 2213 oi
3472 2159 3612 2213 κατὰ
3638 2157 3731 2226 τὴν

2158 2260 2273 2312 Ἕω
2301 2257 2411 2312 τῶν
2444 2257 2786 2327 Ἐκκλησιῶν
2807 2255 3082 2327 ἡγεμόνες
3103 2257 3185 2317 είς
3216 2254 3508 2308 κοινωνίαν
3546 2251 3731 2321 συνῄε-

2159 2367 2258 2404 σαν
2281 2390 2297 2415 ,
2334 2349 2451 2403 ἀλλ’
2486 2350 2611 2402 οὐδὲ
2662 2349 2713 2402 οἱ
2748 2349 2890 2402 κατὰ
2935 2350 3034 2416 τὴν
3069 2342 3359 2415 Ἑσπέραν
3390 2348 3504 2408 τοῖς
3545 2345 3731 2397 Ἐσπεο

2161 2447 2333 2514 ρίοιςο
2381 2442 2500 2497 ἀλλ’
2555 2443 2677 2496 οὐδὲ
2733 2443 2840 2513 μὴν
2888 2443 2937 2494 oi
2971 2442 3072 2512 τῆς
3139 2439 3416 2509 Εὐρώπης
3462 2439 3495 2509 ἢ
3538 2437 3735 2503 Λιὸύης

2163 2536 2518 2607 προεδρεύειν
2562 2536 2847 2605 λαχόντες,
2883 2535 3047 2604 μήτοι
3075 2551 3140 2603 γε
3166 2534 3232 2604 δὴ
3260 2536 3376 2596 τοῖς
3409 2530 3733 2600 ὑπερορίοις.

2160 2628 2405 2695 Τοιαύτη
2438 2644 2523 2688 τις
2560 2628 2827 2696 σύγχυσις
2858 2626 2954 2680 καὶ
2993 2626 3335 2687 σκοτὸμαινα
3371 2623 3469 2694 τὴν
3497 2620 3740 2690 οἰκουμέ-

2160 2735 2258 2789 νην
2283 2718 2619 2789 ἑπέδραμεν.
2667 2718 2727 2770 'U
2765 2716 2811 2769 δ’
2841 2718 3219 2781 Ἀναστάσιος,
3249 2716 3458 2785 καίπερ
3479 2715 3742 2785 προθέμεο

2161 2830 2252 2876 νος
2298 2814 2725 2883 εἰρηνικώτερον
2776 2811 3008 2878 διάγειν,
3039 2812 3133 2864 καὶ
3163 2811 3237 2880 μή
3266 2827 3322 2863 τι
3353 2810 3463 2864 τῶν
3485 2811 3581 2881 τῆς
3626 2806 3742 2859 Ἐκ-

2163 2903 2396 2973 κλησίας
2425 2904 2760 2969 μετακινεῖν,
2789 2903 2940 2971 ὅμως
2969 2901 3048 2970 τῷ
3080 2901 3284 2970 ὲσάγαν
3304 2901 3616 2973 παραφόρῳ
3637 2898 3741 2952 τῶν

2163 2994 2602 3064 νεωτεριζόντων
2634 2995 2956 3065 ύποσυρεὶς,
2990 2996 3149 3058 ὅσους
3181 2993 3342 3065 γνοίη
3370 2998 3521 3065 παρὰ
3545 2996 3604 3047 τὸ
3626 2993 3743 3045 είω-

2165 3089 2255 3152 θος
2294 3087 2748 3160 ἐρεσχελοῢντας,
2786 3089 2882 3140 καὶ
2917 3088 2949 3157 ἢ
3001 3087 3226 3157 ἁναίδην
3276 3089 3380 3157 τὴν
3413 3088 3577 3156 ἁγίαν
3614 3087 3743 3139 ἀπο·

472 3180 582 3233 rat,
609 3187 786 3241 neque
820 3180 1037 3226 mutare
1067 3172 1368 3242 quidquam
1423 3174 1476 3227 in
1506 3173 1772 3229 Ecclesiis
1802 3174 2059 3244 voluerat,

2179 3182 2553 3251 κηρύττοντας
2590 3179 2833 3244 σύνοδον,
2862 3179 2896 3250 ἢ
2926 3179 3299 3250 ἀπηνέστερον
3323 3177 3747 3248 ἁναθεματίζον-

478 3263 788 3315 inconsulta
847 3273 1031 3316 tamen
1090 3278 1282 3318 eorum
1339 3266 1673 3331 temeritate,
1714 3266 1809 3336 qui
1861 3267 1928 3321 ad
1972 3283 2062 3322 res

478 3369 650 3407 novas
692 3354 1039 3424 spectabant,
1091 3366 1398 3426 permotus,
1450 3374 1812 3430 quoscunque
1862 3371 2062 3431 praner

477 3458 692 3497 morem
741 3430 916 3515 nugas
961 3461 1145 3514 agere,
1184 3456 1238 3500 et
1272 3449 1357 3502 vel
1395 3449 1749 3520 impudenter
1785 3430 2059 3523 synodum

471 3545 724 3589 sanctam
762 3536 1049 3602 damnare,
1083 3538 1495 3610 crudeliterque
1538 3543 1889 3596 anathemate
1929 3554 2064 3595 con-

483 3627 673 3692 ilgere,
698 3625 785 3680 vel
815 3643 1034 3681 rursum
1062 3639 1253 3698 aperte
1275 3629 1527 3684 eamdem
1555 3642 1611 3684 et
1634 3632 1781 3685 clare
1809 3633 1863 3685 in
1893 3632 2068 3685 sacris

472 3719 702 3788 templis
741 3720 1119 3790 depraedicare
1159 3723 1524 3793 intelligebat,
1553 3741 1584 3780 e
1626 3724 1845 3779 tlironis
1889 3734 2072 3779 utros-

468 3826 589 3881 -que
636 3812 966 3882 dejiciebat,
1014 3817 1503 3888 inliumaniterque
1550 3818 1807 3888 exigebat
1853 3836 1867 3873 ε
1908 3829 2070 3887 atque

2168 3290 2289 3336 τας,
2320 3273 2353 3342 ἢ
2386 3269 2542 3336 αὖθις
2572 3273 2789 3341 ἐκείνην
2819 3274 3006 3335 τόποις
3033 3274 3092 3324 ὲν
3128 3275 3293 3341 ἱεροῖς
3326 3272 3622 3344 super;an
3651 3286 3747 3338 κη-

2172 3366 2488 3436 ρύττοντας,
2539 3367 2635 3418 καὶ
2680 3365 2851 3435 ἄμφω
2906 3365 3182 3419 ἀπωθεῖ-ιο
3215 3365 3323 3419 τῶν
3380 3367 3607 3438 θρόνων,
3655 3362 3746 3417 καὶ

2167 3457 2555 3528 ἀπανθρώπως
2591 3456 2872 3526 ἐξήλαυνε.
2924 3459 3035 3510 Καὶ
3068 3458 3131 3520 δὴ
3181 3458 3405 3522 πολλοῖς
3449 3461 3548 3529 μὲν
3580 3457 3745 3526 τούτῳ

2166 3545 2278 3597 τῶν
2297 3547 2615 3600 ἐπισκόπων
2643 3548 2894 3616 ἐπίτιμον
2923 3546 3095 3600 ἔθετο.
3134 3548 3249 3617 Πρὸ
3275 3547 3332 3600 δὲ
3375 3550 3595 3602 πάντων
3621 3547 3746 3611 ἐξώ-

2167 3637 2250 3690 θει
2276 3639 2367 3690 τὸν
2399 3639 2499 3707 τῆς
2533 3640 2949 3693 Κωνσταντίνου
2986 3640 3306 3711 Εύφήμιον’
3362 3639 3485 3695 εἶτα
3526 3643 3616 3695 καὶ
3661 3643 3747 3691 τὸν

2171 3728 2290 3800 μετ’
2316 3730 2508 3793 αὑτὸν,
2542 3731 2882 3784 Μακεδόνιον
2903 3748 2918 3762 ο
2953 3730 3144 3785 ἔπειτα
3176 3734 3270 3786 καὶ
3300 3732 3361 3795 ὃς
3399 3734 3517 3805 μετ’
3549 3736 3747 3787 ἐκεῖιον

2169 3824 2440 3890 ἐγεγόνει,
2468 3825 2757 3894 Τιμόθεον.

472 3908 548 3960 ad
573 3924 700 3963 eum
737 3911 958 3965 modum
1002 3915 1263 3982 permulti
1295 3913 1545 3984 episcopi
1611 3914 1827 3969 multati
1860 3929 2006 3981 sunt,
2079 3924 2135 3971 et
2174 3922 2231 3971 in
2267 3919 2481 3989 primis.
2514 3916 2679 3974 sicuti
2724 3932 2886 3976 antea
2932 3925 3098 3978 etiam
3147 3925 3411 3989 diximus,
3448 3920 3746 3981 (Zoustanti-

472 4003 862 4069 .nopolitanum
908 4006 1001 4060 ille
1043 4005 1415 4077 Euphemiam
1457 4007 1816 4078 proscripsit;
1893 4008 2097 4065 deinde
2136 4023 2261 4083 post
2305 4014 2455 4069 hanc
2505 4025 2561 4070 et
2634 4014 3058 4084 Macedoniam,
3109 4019 3199 4074 cui
3256 4020 3583 4076 Timotheus
3632 4035 3748 4075 δυο*

472 4099 671 4154 cessit.

1044 4223 1273 4280 CAPUT
1310 4225 1501 4283 XXVI.

479 4311 561 4364 De
597 4310 901 4368 Macedonio
926 4313 1407 4389 ϐριιειαηιίηομοιὶε
1432 4321 1692 4389 ερίςτοῃο,
1717 4331 1772 4376 ut
1798 4332 1848 4378 et
1874 4324 1918 4377 is
1944 4324 2063 4378 sede

2731 4231 2984 4284 κΕφΑΑ.
3043 4233 3187 4298 Kq'.

2173 4323 2313 4391 Περὶ
2331 4322 2721 4378 Μακεδονίαν
2766 4322 2873 4375 τοῦ
2903 4324 3244 4391 ἐπισκόποις
3272 4325 3752 4376 Κωνστιιντινουη

552 4398 647 4461 sua
701 4392 769 4461 εει
823 4385 1091 4461 expulsus,
1143 4399 1193 4461 et
1225 4404 1384 4461 quem
1424 4385 1543 4445 vita:
1587 4385 1749 4461 ﬁnem
1805 4395 2059 4451 habuerit.

2247 4385 2512 4458 πόλεως·
2566 4394 2647 4456 ὡς
2710 4392 2993 4457 ἀπηλάθη
3023 4394 3119 4461 καί
3170 4388 3350 4456 οὗτος
3382 4395 3490 4446 τοῦ
3513 4392 3745 4461 θρόνοι),

558 4452 687 4504 llam
712 4453 776 4505 de
811 4457 1064 4524 episcopis
1091 4452 1492 4513 Alxandrina.

564 4632 764 4688 Verum
799 4636 949 4690 enim
998 4652 1131 4691 vero
1170 4638 1343 4693 veluti
1382 4639 1619 4694 Patrocli
1662 4650 1963 4710 praetextas
1995 4643 2072 4713 (i)

487 4724 581 4780 hic
625 4726 694 4780 ab
734 4728 1025 4782 Anastasio
1074 4738 1270 4783 contra
1318 4745 1416 4785 eos
1463 4729 1890 4796 obtendebatur,
1924 4734 2074 4804 quod

487 4833 580 4874 res
608 4834 778 4874 novas
806 4820 859 4873 in
885 4819 1164 4875 Ecclesias
1192 4821 1521 4878 inducerent
1546 4840 1560 4879 :
1588 4825 1684 4879 sed
1712 4842 1833 4895 qua:
1858 4827 2076 4882 occulte

489 4912 846 4965 Anastasiam
879 4912 1024 4967 male
1052 4912 1355 4979 habebant,
1383 4915 1546 4986 longe
1574 4917 1679 4971 alia
1708 4927 1901 4985 erant;
1933 4935 2074 4990 pra:-

486 5006 642 5059 clara
691 5005 908 5060 scilicet
958 5006 1253 5074 Euplicmii
1304 5010 1502 5078 pietas,
1535 5022 1592 5064 et
1629 5011 1777 5081 quod
1822 5012 1870 5067 is
1911 5022 2074 5067 antea

488 5097 845 5150 Anastasiam
902 5098 1149 5153 Ecclesia
1178 5101 1531 5165 excluserat,
1580 5112 1871 5173 propterea
1922 5106 2071 5175 quod

482 5189 809 5256 Opinionem
863 5189 933 5243 de
982 5205 1040 5245 se
1073 5191 1419 5261 praebuisset,
1453 5194 1781 5263 contagione
1824 5194 2075 5250 Dioscori

487 5279 759 5332 infectam
802 5296 970 5347 esse;
1019 5291 1074 5335 et
1119 5283 1264 5351 quod
1299 5288 1513 5338 turbam
1550 5288 1829 5341 concitare
1860 5288 2074 5348 volens.

488 5372 869 5425 comminatus
912 5373 1221 5442 Eupliemio
1252 5388 1419 5441 esset,
1451 5392 1510 5431 se
1545 5377 1622 5431 illi
1659 5389 1886 5447 accepta
1919 5393 1949 5432 a
1978 5378 2079 5432 Ze-

493 5474 642 5513 none
669 5471 941 5530 potestate
967 5478 1136 5534 caput
1162 5474 1474 5532 tonsuram,
1499 5469 1933 5537 cathedramque
1959 5471 2079 5538 eius

487 5560 809 5608 evertisset.
857 5554 1128 5609 Praeterea
1163 5570 1287 5611 cum
1325 5559 1566 5612 Ariadna
1599 5562 1898 5630 purpuram
1931 5561 2078 5615 Aua-

485 5645 668 5698 stasio
705 5646 1100 5713 circumdaret,
1140 5649 1481 5719 Enpbcmius
1517 5665 1804 5708 sacrorum
1847 5655 2081 5711 antistes

2244 4464 2343 4515 καὶ
2371 4456 2641 4528 (actem
2667 4463 2773 4516 τοῦ
2802 4456 2950 4525 ,βίου
2975 4456 3279 4530 ἐχρήσατο
3298 4478 3312 4491 ·
3346 4463 3449 4515 καί
3478 4456 3604 4528 ,περὶ
3638 4456 3750 4510 τῶν

2245 4531 2357 4601 τῆς
2399 4533 2793 4600 Ἀλεξάνδρου
2826 4532 3169 4600 ἀρχιερέων.

2245 4646 2409 4699 Ἀλλὰ
2443 4646 2757 4715 Πάτροκλος
2797 4641 2864 4717 ἦν
2898 4645 3175 4715 πρόφασις
3222 4645 3480 4710 ἐκείνοις,
3514 4645 3576 4697 τὸ
3619 4643 3755 4696 κατὰ

2174 4740 2270 4801 τὰς
2303 4738 2597 4808 ἐκκλησίας
2622 4737 2766 4792 οὓτω
2793 4737 3142 4807 νεωτερίζειν
3161 4753 3176 4769 ’
3211 4736 3247 4790 ἃ
3269 4738 3315 4790 δ’
3349 4739 3408 4791 ἐν
3427 4735 3753 4808 παραϐύστῳ

2177 4833 2481 4902 πλήττοντα
2511 4827 2652 4901 ἦσαν
2690 4833 2782 4885 τὸν
2821 4831 3201 4896 Ἀναστάσιον,
3235 4830 3402 4900 ἕτερα
3432 4827 3504 4902 ἦν
3531 4849 3546 4864 ·
3577 4830 3637 4882 τὸ
3660 4826 3755 4896 τῆς

2177 4926 2459 4986 εὐσεϐείας
2489 4925 2636 4994 μάλα
2686 4924 2989 4994 περιφανὲς
3018 4965 3033 4988 ,
3085 4926 3179 4977 καὶ
3226 4924 3310 4977 ὅτι
3342 4941 3447 4993 περ
3479 4922 3754 4990 Εύφήμιος

2189 5018 2546 5074 Ἀναστάσξιον
2584 5017 2854 5090 προτερον
2874 5017 2973 5085 τῆς
3019 5016 3348 5085 Ἐκκλησίας
3377 5016 3645 5086 ἀπήλασε,
3676 5002 3760 5063 νό-

2183 5126 2334 5179 μισιν
2372 5108 2752 5178 παρασχόντα,
2786 5107 2863 5169 ὡς
2898 5106 2987 5177 εἴη
3017 5107 3087 5159 τὰ
3113 5108 3410 5177 Διοσκόρου
3441 5104 3635 5169 νοσῶν,
3664 5102 3756 5154 καὶ

2178 5200 2419 5268 τάραχον
2443 5200 2620 5251 κινεῖν
2646 5198 2952 5267 ᾑρημένον,
2995 5197 3214 5267 ἠπείλει
3244 5199 3341 5261 τὰς
3368 5197 3566 5268 τρίχας
3610 5190 3756 5261 θερί-

2180 5289 2316 5356 ζειν,
2375 5289 2513 5365 πρὸς
2573 5289 2821 5359 Ζήνωνος
2859 5288 3099 5358 εἰληφὼς
3137 5290 3237 5360 τὴν
3286 5290 3480 5362 ῥοπὴν,
3529 5287 3755 5365 καὶντὴν

2181 5379 2393 5432 ἐκείνου
2429 5380 2702 5451 καθέδραν
2744 5382 3068 5452 ἁνέτρεπεν.
3109 5378 3324 5447 ’Δλλως
3374 5399 3433 5435 τε
3471 5380 3568 5434 καὶ
3617 5370 3755 5446 ἡνίκ’

2159 5494 2163 5498 >
2193 5469 2446 5539 Ἀριάδνη
2470 5469 2533 5521 τὸ
2559 5469 2826 5539 ἁλουργὲς
2856 5470 3008 5542 αὐτῷ
3039 5473 3223 5543 σχῆμα
3255 5471 3577 5543 περιϐαλεῖν
3601 5466 3730 5537 ἐμιλ

2156 5561 2291 5629 νλεν,
2325 5564 2351 5613 ὁ
2378 5562 2657 5630 Εὑφήμιος
2682 5562 2745 5615 τὸ
2786 5564 3041 5634 ἱερᾶσθαι
3073 5564 3275 5635 λαχὼν,
3306 5564 3567 5631 γενναίως
3610 5559 3758 5614 ἀνθί-

2185 5672 2372 5718 στατο,
2412 5659 2486 5725 μὴ
2513 5658 2579 5709 ἂν
2613 5656 2789 5711 ἄλλως
2830 5657 2982 5728 αύτῷ
3024 5660 3093 5712 τὰ
3122 5661 3183 5725 ἐξ
3212 5658 3372 5721 ἔθους
3402 5656 3617 5710 τελέσαι
3659 5648 3755 5717 φά⁸

560 5808 640 5869 (1)
666 5807 1083 5864 Proverbialiter
1104 5811 1446 5865 hocdietum.
1474 5811 1735 5866 Erasmus
1792 5812 2050 5869 RoteroJ.
2095 5815 2148 5868 in
2184 5817 2439 5884 proverb.
2466 5816 2701 5870 Patrocli
2738 5820 2967 5874 occasio.
