4046 6460
320 404 417 466 Ῑῦδ

1234 374 1850 445 ECCLESIASTICIE
1893 368 2289 432 HiSTO‘P-TE
2320 366 2480 429 LIB.
2517 366 2677 427 XVI.

3492 358 3594 422 186

316 530 482 573 σκων,
510 509 668 577 ἄχρις
702 503 763 558 οὗ
802 500 1100 572 ἐγγράφοις
1152 498 1337 566 ὅρκοις
1377 496 1474 548 καὶ
1498 492 1693 554 δεινοῖς
1742 487 1892 559 μάλα

2035 481 2188 535 nimo
2219 479 2347 557 forti
2395 478 2679 532 restiterat
2713 489 2730 531 :
2764 486 2946 543 neque
2992 471 3150 542 prius
3181 485 3239 526 se
3272 478 3396 541 qua:
3439 479 3598 525 stata:

314 598 804 667 κατασφαλὶσηται,
840 594 873 664 ἢ
930 593 1035 661 μὴν
1078 588 1247 659 ἁθιγῆ
1280 587 1513 656 φυλάξαι
1547 583 1646 655 τὴν
1680 582 1889 644 πίστιν,

316 695 411 747 καὶ
438 689 601 762 μηδέν
630 704 685 740 τι
719 683 1040 754 καινουργὸν
1062 682 1302 749 εἰσάγειν
1332 677 1633 750 πειρᾶσθαι
1655 677 1723 745 τῇ
1764 673 1892 729 Ἑκ-

314 783 513 855 κλησίᾳ
540 778 765 835 ἐπὶτῶν
797 776 1092 848 σκήπτρων
1123 772 1451 842 γενόμενονο
1489 769 1626 840 πρὸς
1690 767 1744 821 δὲ
1796 765 1894 819 καὶ

316 881 417 950 τὴν
441 879 497 931 έν
527 873 839 943 Χαλκηδόνι
900 870 1139 933 σύνοδον,
1199 864 1459 937 προθέσει
1510 864 1662 934 πάσῃ
1690 860 1891 931 ψυχῆς,

317 973 439 1033 ταῖς
468 968 683 1030 λοιπαῖς
723 963 1042 1019 συντάττειν
1073 961 1274 1024 τρισίν.
1310 953 1405 1020 Οἷς
1435 957 1573 1027 δῆτα
1622 955 1895 1022 συνθέμε-

318 1081 411 1116 νον
442 1063 733 1132 ἐγγράφως
788 1058 881 1111 τὸν
927 1053 1305 1118 Ἀναστάσιον,
1349 1051 1545 1103 ἔπειτα
1568 1049 1638 1100 τὰ
1666 1045 1897 1099 εἰωθότα

319 1157 417 1211 καὶ
442 1154 525 1207 ἐπ’
552 1150 701 1221 αὐτῷ
730 1150 823 1204 τὸν
861 1147 1012 1220 ἱερέα
1058 1144 1298 1200 τελέσαι.
1336 1143 1412 1196 Ού
1449 1139 1629 1208 πολλῷ
1655 1140 1697 1193 δ’
1739 1136 1899 1190 ὕστεο

324 1264 420 1316 ρον
462 1242 908 1313 ἐπιϐαλλόμενον,
940 1239 1033 1293 τὸν
1084 1237 1367 1307 ἔγγραφον
1418 1235 1631 1305 χάρτην
1701 1232 1895 1284 αἰτεῖν.

320 1342 418 1393 καὶ
464 1339 539 1408 μή
591 1334 1006 1407 παρασχόμενον
1060 1330 1154 1384 τὸν
1211 1329 1538 1398 Εὑφήμιον,
1602 1324 1900 1395 ὑπερόριον

321 1431 553 1499 ἄγεσθαι
575 1446 589 1459 ·
617 1425 821 1490 πολλὰς
867 1423 913 1477 δ’
933 1422 1227 1485 ἑπιὸουλάς
1268 1418 1419 1488 αὐτῷ
1454 1416 1813 1499 καὶᾼθάνατον
1836 1413 1901 1484 δὴ

325 1504 824 1592 προσεπισκευάσαῖ
844 1534 860 1550 ο
895 1517 969 1579 ὡς
995 1514 1088 1569 καί
1122 1531 1241 1566 τινα
1268 1512 1378 1565 τῶν
1414 1488 1684 1563 συνόντων
1712 1508 1903 1576 Εὔφη-

330 1617 436 1685 μτῳ
482 1609 691 1665 Παῦλον
720 1607 915 1676 ὄνομα,
947 1603 1273 1674 ὑπερωμίαν
1300 1601 1358 1655 δὲ
1392 1599 1572 1662 ἄλλως
1623 1598 1717 1652 καὶ
1746 1598 1904 1667 μέγι-

329 1723 472 1774 στον,
500 1704 562 1757 τὸ
606 1699 908 1772 φερόμενον
939 1695 1063 1750 κατ’
1093 1693 1302 1748 ἐκείνου
1337 1691 1489 1760 ξίφος
1520 1687 1868 1755 εἰσδέξασθαι
1887 1703 1902 1717 ·

328 1798 462 1853 ἀλλὰ
509 1795 600 1850 τδν
647 1792 748 1862 μὲν
773 1789 936 1858 οὕτω,
956 1788 1051 1842 καὶ
1075 1786 1168 1840 ἐπὶ
1191 1784 1471 1846 τοιαύταις
1489 1781 1716 1843 αἰτίαις,
1738 1781 1909 1850 ὑπερ-

1999 572 2349 629 οιιτεηιοιιίαι
2404 567 2789 638 postularent,
2847 564 3125 616 facturum
3172 576 3294 615 esse
3342 561 3593 625 dixerat,

2002 677 2172 734 quant
2205 660 2300 716 ille
2328 658 2480 730 gravi
2510 659 2834 728 juramento
2864 654 2925 706 in'
2952 653 3221 722 scriptum
3255 652 3429 705 relato
3459 665 3596 705 con-

2003 754 2305 813 (intrasset,
2334 750 2496 805 fidem
2528 764 2588 803 se
2622 746 2942 800 inviolatam
2978 752 3367 804 servaturum,
3415 757 3599 810 neque

2003 847 2307 918 quidquam
2345 843 2426 898 rei
2458 857 2615 897 nova:
2648 837 2867 908 imperii
2913 836 2997 892 sui
3036 847 3284 904 tempore
3316 834 3369 888 in
3403 832 3596 888 Eccle-

2006 940 2146 995 siam
2177 936 2486 997 illaturum,
2515 945 2620 987 nec
2649 946 2756 984 non
2783 927 3292 983 Chalcedonensem
3324 924 3597 995 synodum

2005 1048 2073 1086 ex
2108 1029 2281 1084 animi
2312 1025 2590 1083 sententia
2626 1022 2855 1092 reliquis
2887 1020 3067 1076 tribus
3101 1019 3419 1073 additurum
3451 1030 3596 1070 esse.

2003 1121 2168 1194 693
2219 1122 2587 1177 Consenserat
2640 1113 3052 1172 conditionibus
3114 1111 3232 1177 his,
3288 1118 3346 1164 et
3393 1120 3489 1164 eas
3544 1109 3601 1162 in

2006 1218 2275 1287 scriptum
2322 1213 2591 1269 retulerat
2639 1208 2989 1271 Anastasius,
3030 1216 3087 1261 et
3128 1204 3232 1259 sub
3278 1204 3394 1257 haec
3439 1201 3601 1255 caeri-

2010 1309 2228 1365 tuOuias
2283 1307 2474 1362 solitas
2528 1305 2584 1359 in
2642 1318 2712 1359 eo
2769 1302 3061 1373 episcopus
3113 1304 3425 1368 peregerat.
3481 1294 3603 1348 Non

2009 1406 2171 1473 longe
2221 1419 2353 1456 vero
2398 1411 2525 1473 pest
2569 1397 2938 1468 Euphemiunt
2980 1395 3210 1449 adortus
3255 1392 3599 1457 Anastasius,

2009 1498 2260 1553 libellum
2293 1511 2420 1549 eum
2453 1494 2522 1549 ab
2553 1508 2621 1548 eo
2657 1492 2880 1561 repetiit
2907 1507 2921 1543 :
2950 1498 3006 1544 et
3032 1487 3178 1558 quod
3211 1502 3335 1541 eum
3372 1486 3463 1540 ille
3494 1502 3606 1540 non

2014 1590 2276 1655 reddidit,
2319 1588 2499 1643 solum
2544 1586 2728 1642 exsilii
2777 1599 2944 1639 causa
2995 1593 3217 1635 vertere
3262 1581 3451 1651 jussus
3494 1587 3603 1633 est.

2013 1683 2159 1739 Vita:
2190 1696 2418 1751 quoque
2450 1680 2572 1746 ejus
2605 1678 2681 1732 ita
2713 1676 3009 1732 insidiatus
3037 1688 3143 1735 esu,
3179 1683 3240 1725 ιιι
3273 1687 3338 1726 ex
3369 1669 3607 1724 fatnilia-

2018 1774 2177 1828 ribus
2206 1770 2505 1842 Euphemii
2534 1768 2758 1839 quidam
2790 1766 3012 1820 nomine
3043 1763 3263 1820 Paulus.
3293 1762 3378 1815 vir
3412 1775 3608 1830 proce-

325 1851 471 1957 όριον
534 1851 661 1958 ἦγε,
704 1851 1047 1952 καίπερποῦ
1102 1877 1340 1948 πλήθους
1398 1875 1575 1929 πολλὰ
1623 1872 1908 1958 δυσχεραί-

2028 1882 2130 1931 rus,
2168 1877 2226 1921 et
2264 1863 2514 1919 humeris
2547 1861 2683 1931 ipsis
2717 1868 3137 1929 superexstans,
3169 1854 3315 1925 quod
3340 1854 3608 1908 adversus

326 1954 916 2042 νοντος”Μακεδόνιον
979 1973 1059 2038 δὲ,
1096 1964 1140 2040 ᾧ
1172 1971 1458 2038 Εὑφήμιος
1512 1965 1606 2019 τὸν
1640 1954 1911 2036 αὐτόγρα-

330 2086 467 2123 πτον
491 2068 587 2137 τῆς
616 2063 905 2136 ὁμολογίας
963 2063 1173 2133 χάρτην
1209 2057 1486 2130 παρέθετο
1506 2095 1523 2120 ,
1576 2055 1673 2109 ἅτε
1703 2054 1767 2124 δὴ
1798 2053 1908 2106 τῶν

336 2162 498 2233 ιερῶν
543 2156 840 2230 κειμηλίων
878 2157 977 2223 τὴν
1017 2154 1270 2224 φυλακὴν
1315 2145 1818 2218 ἐπιτετραμμένον,
1881 2146 1910 2198 ὁ

349 2256 693 2316 Ἀναστάσιος
722 2252 820 2306 ἐπὶ
847 2250 949 2323 τήν
998 2250 1155 2319 ίερὰν
1182 2246 1354 2312 άνῆγε
1393 2241 1689 2311 καθέδραν.
1719 2240 1910 2294 Ταῦτα

341 2347 388 2401 δ’
409 2348 664 2418 ἔπραττεν
687 2347 716 2399 ὁ
765 2344 1072 2412 Εὑφήμιος,
1103 2338 1198 2393 καὶ
1228 2338 1296 2391 δι’
1326 2336 1472 2404 ἅπερ
1530 2353 1622 2406 μοι
1667 2335 1909 2404 εἴρηται,

340 2442 436 2496 καὶ
459 2442 537 2494 ὅτι
568 2455 666 2511 περ
710 2437 865 2502 δόξαν
886 2435 1234 2504 Μανιχαῖκῆς
1265 2430 1537 2500 αἱρέσεως
1571 2425 1912 2481 ύποθὰλπειν

335 2535 448 2595 τοῖς
479 2530 687 2592 πολλοῖς
723 2528 902 2597 ἐδόκει
955 2527 983 2578 ό
1021 2522 1417 2597 Ἀναστάσιοςο
1452 2520 1549 2574 ἅτε
1581 2517 1646 2589 δὴ
1687 2516 1781 2571 καὶ
1809 2514 1913 2584 τῆς

334 2623 546 2679 ἐκείνου
576 2622 783 2694 μητρὸς
838 2619 1104 2673 τάκείνων
1135 2616 1284 2687 μάλα
1315 2596 1683 2685 διαφερόντως
1715 2609 1913 2680 ζηλού-

336 2735 441 2787 σης
462 2734 474 2747 ·
507 2710 575 2789 ἦς
602 2717 629 2769 ὁ
655 2712 878 2783 ἀδελφὸς
907 2710 1193 2783 Κλέαρχος
1216 2703 1393 2772 αὖθις,
1421 2704 1491 2758 τὰ
1523 2702 1739 2775 Ἀρείου
1773 2704 1917 2771 ἐφω-

337 2812 470 2882 ρᾶτο
489 2808 830 2882 πρεσϐεύων.
863 2804 956 2859 Διὸ
985 2808 1081 2859 καὶ
1105 2802 1440 2872 Μανιχαίοις
1472 2797 1569 2852 κοιλ⁵
1606 2796 1915 2867 Ἀρειανοῖς

335 2903 550 2976 χαίρειν
579 2904 736 2973 ἐπῄει
763 2902 831 2972 τῇ
868 2896 1156 2970 ἁλουργίδι
1184 2895 1570 2956 Ἀναστασίου,
1602 2890 1917 2961 μεταϐολήν

337 3014 460 3050 τινα
489 2993 709 3049 ἔσεσθαι
745 2991 1123 3063 προσδοκῶσιν
1168 2987 1374 3049 αὐτοῖς.
1418 2985 1506 3049 Ὡς
1547 2984 1594 3039 δ’
1624 2982 1719 3037 οὖν
1745 2985 1773 3036 ό
1802 2984 1919 3036 Μα-

339 3088 576 3150 κεδόνιος
603 3087 698 3140 ἐπὶ
722 3085 812 3138 τὸν
844 3082 1036 3155 θρόνον
1054 3080 1234 3152 ἀνῄει,
1276 3077 1436 3140 αὖθις
1476 3076 1573 3129 καὶ
1599 3074 1776 3142 τούτῳ
1801 3075 1922 3126 πεῖ-

2012 1976 2140 2017 eum
2165 1957 2493 2028 dispositum
2527 1953 3023 2009 circumferebatur
3046 1948 3275 2014 ferrum,
3297 1947 3601 2015 exceperit;

2012 2063 2179 2122 atque
2219 2052 2391 2115 hunc,
2442 2048 2514 2103 ob
2548 2061 2676 2101 eum
2713 2044 2958 2108 modum,
2989 2051 3043 2097 et
3076 2041 3148 2096 ob
3185 2044 3348 2095 talem
3383 2054 3606 2095 causam

2015 2148 2069 2201 iu
2102 2141 2528 2221 exsiliumvegit,
2556 2155 2682 2195 cum
2714 2138 2937 2208 quidem
2974 2135 3025 2189 id
3058 2134 3294 2205 populus
3322 2132 3607 2202 :egerrime

2016 2241 2213 2295 terret.
2241 2236 2627 2291 Macedonium
2650 2241 2861 2295 autem,
2888 2229 2977 2284 cui
3007 2226 3353 2299 Euphemius
3380 2240 3610 2296 syngra-

2016 2334 2182 2404 pham
2221 2327 2600 2395 stipulationis
2643 2340 2757 2380 sute
2796 2322 3112 2379 crediderat
3147 2322 3297 2389 (nam
3333 2317 3385 2373 ei
3417 2332 3610 2373 sacro-

2018 2441 2141 2480 rum
2167 2437 2389 2495 quoque
2412 2419 2769 2475 denariorum
2797 2415 3052 2472 custodia
3075 2415 3366 2469 commissa
3386 2412 3610 2474 fuerat),

2020 2519 2078 2572 in
2112 2531 2327 2572 sacram
2370 2512 2601 2570 sustulit
2648 2509 2992 2565 cathedram.
3040 2506 3272 2562 Fecerat
3317 2513 3499 2559 autem
3545 2519 3612 2556 ea

2020 2626 2143 2681 quae
2171 2609 2319 2664 dicta
2352 2615 2484 2663 sunt
2518 2603 2883 2674 Eupbenﬁus,
2925 2615 3049 2656 eum
3078 2600 3151 2654 ob
3176 2615 3270 2656 eas
3300 2612 3435 2668 quas
3465 2612 3616 2652 com-

2018 2701 2454 2759 memoravimus
2511 2711 2744 2763 causas,
2803 2705 2918 2749 tum
2976 2692 3123 2763 quod
3181 2691 3612 2746 Manicbzeorum

2024 2795 2284 2851 haeresim
2352 2791 2679 2847 Anastasius
2734 2788 2900 2858 vulgo
2960 2785 3150 2848 fovere
3210 2785 3364 2839 visus
3431 2795 3614 2843 esset.

2025 2891 2233 2961 quippe
2263 2887 2426 2956 cujus
2455 2887 2622 2940 etiam
2658 2895 2837 2938 mater
2864 2896 2984 2936 eam
3011 2879 3211 2934 ardore
3245 2877 3451 2947 ingenti
3481 2893 3615 2930 con-

2024 2991 2354 3041 sectaretur,
2396 2979 2571 3033 frater
2617 2988 2842 3046 quoque
2891 2973 3032 3044 ejus,
3079 2972 3355 3028 Anastasii
3404 2970 3619 3024 scilicet

2024 3077 2335 3134 avunculus
2365 3072 2694 3135 Clearchus,
2730 3056 3029 3123 Arianismi
3063 3074 3383 3134 compertus
3416 3064 3618 3119 fuerat.

342 3198 442 3252 ραν
470 3179 715 3251 προσῆγε
742 3177 842 3248 τὴν
890 3174 1100 3229 οίκείαν
1149 3170 1452 3242 ὁμολογίαν
1502 3167 1724 3221 λαϐεῖν·
1760 3164 1921 3235 ὓϐριν

2028 3171 2374 3241 Quapropter
2419 3176 2476 3222 et
2523 3162 2840 3219 Manichaeis
2871 3169 2928 3217 et
2962 3159 3183 3214 Arianis
3230 3176 3472 3229 purpura
3518 3174 3618 3213 sua

339 3274 451 3342 γάρ
478 3272 527 3323 οἱ
550 3266 820 3341 ἐνόμιζεν,
838 3268 888 3322 εί
912 3266 974 3321 τὸ
995 3264 1289 3338 εἰρημένον
1314 3262 1394 3333 τῷ
1426 3260 1529 3331 βίῳ
1558 3257 1921 3327 ἀπολειφθείη

342 3361 479 3432 πρὸς
507 3358 749 3428 ἔλεγχον.
790 3355 1034 3409 Ἐκείνου
1081 3353 1137 3407 δὲ
1193 3352 1390 3421 ἐπίσης
1444 3348 1718 3418 Εὑφημίῳ
1777 3346 1923 3416 μάλα

343 3452 606 3524 γεννικῶς
661 3451 1036 3521 διαφέροντος,
1067 3447 1164 3503 καὶ
1191 3446 1455 3516 ἄντικρυς
1487 3439 1785 3513 προδοσίαν
1834 3440 1926 3493 πί-

346 3564 517 3611 στεως
564 3545 848 3616 κρίνοντος
881 3542 980 3614 τὴν
1028 3540 1132 3609 τῆς
1167 3539 1462 3610 ὁμολογίας
1498 3536 1780 3597 ἀπόδοσιν,
1828 3533 1925 3586 καὶ

348 3638 870 3708 άντικαθισταμένου
909 3634 1366 3708 ῥωμαλεώτερον,
1419 3632 1677 3692 παντοῖος
1713 3630 1928 3697 ἐγίνετο

357 3730 717 3792 ’Δναστάσιος
756 3728 853 3782 καὶ
880 3724 1381 3788 τοῦτονθάπελάσαι
1409 3723 1506 3775 τοῦ
1550 3720 1745 3793 θρόνου
1770 3736 1786 3754 ·
1835 3723 1930 3773 καὶ

348 3825 527 3877 πάντα
553 3820 800 3892 τυρεύων
830 3814 920 3892 ἦν,
973 3817 1168 3872 άνῦσαι
1221 3815 1284 3870 τὸ
1312 3812 1782 3883 σπουδαζόμενον.
1835 3812 1929 3883 Μὴ

352 3914 486 3982 ἔχων
519 3912 563 3967 δ’
597 3913 626 3966 ὅ
650 3929 703 3965 τι
749 3909 844 3963 καὶ¹
875 3908 1117 3981 δράσειε,
1173 3904 1437 3975 σύλλογον
1468 3905 1734 3976 ἁθροίσας
1777 3903 1929 3972 αἱρε-

352 4005 541 4066 τικῶν,
578 4003 701 4075 βίαν
723 4000 972 4074 προσῆγε
1023 4001 1119 4052 καὶ
1158 3996 1351 4052 τοῦτον
1383 3996 1482 4067 τήν
1536 3999 1595 4048 ἐν
1622 3994 1932 4063 Χαλκηδόνι

358 4099 572 4151 σύνοδον
604 4094 1027 4149 ἀποϐάλλεσθαι.
1049 4091 1361 4161 Ᾱίσθόμενα
1388 4090 1447 4145 δὲ
1474 4093 1543 4144 τά
1591 4087 1773 4159 πλήθη
1805 4105 1941 4145 συν-.

358 4192 582 4261 έρῥεοι,
608 4187 814 4257 Καιρδς
867 4184 1196 4256 μαρτυρίου,
1225 4182 1529 4255 διαρρήδην
1567 4180 1796 4252 βοῶντα,
1833 4199 1938 4249 μγ,-

361 4283 469 4346 δεις
493 4279 587 4334 τοῦ
630 4280 888 4349 ποιμένος
922 4277 1114 4349 πόρρω
1164 4275 1400 4344 γένοιτο.
1455 4273 1857 4344 Ἐλοιδοροῦντο
1882 4273 1939 4325 δὲ

310 4427 319 4435 ,
363 4375 441 4446 τῷ
467 4371 775 4444 κρατοῦντι,
804 4372 1104 4441 Μανιχαῖον
1124 4367 1424 4431 καλοῦντες
1441 4368 1549 4430 ,καὶ
1578 4366 1672 4418 τοῦ
1704 4362 1940 4435 κράτους

362 4468 596 4532 ἀνάξιον.
631 4467 692 4519 ’0
711 4466 766 4519 δὲ
807 4464 1012 4528 δείσας,
1046 4461 1435 4533 προτροπάδην
1465 4457 1693 4530 φεύγειν
1718 4459 1939 4527 ἕτοιμος

2026 3260 2357 3318 Anastasius
2394 3257 2640 3314 laetitiam
2691 3254 2915 3317 attulit,
2963 3252 3325 3306 mutationem
3376 3253 3617 3320 aliquant

2026 3353 2272 3410 futuram
2305 3349 2779 3422 exspectantibus.
2824 3345 3122 3416 Postquam
3165 3344 3333 3413 igitur
3368 3345 3623 3399 Macedo-

2026 3448 2158 3503 nius
2195 3444 2566 3517 episcopalem
2605 3443 2866 3496 thronum
2903 3440 3256 3504 conscendit,
3289 3441 3355 3493 ab
3389 3454 3456 3493 eo
3486 3454 3623 3508 quo-

2028 3556 2135 3611 que
2194 3537 2452 3608 promissi
2506 3535 2590 3591 sui
2650 3535 2924 3603 scriptum
2984 3532 3311 3588 Anastasius
3375 3532 3623 3602 recipere

2029 3629 2321 3686 contendit
2352 3647 2366 3683 :
2401 3626 2799 3682 contumeliam
2845 3626 3217 3696 injuriamque
3251 3624 3355 3678 sibi
3388 3625 3500 3677 livri
3536 3639 3625 3676 ra-

2033 3731 2147 3787 tus,
2176 3721 2224 3777 si
2265 3720 2512 3775 libellum
2560 3734 2722 3774 suum
2755 3719 2850 3788 qui
2883 3719 3053 3773 vitam
3088 3718 3209 3786 ejus
3247 3719 3494 3785 redargtu
3520 3728 3624 3780 rei,

2032 3825 2159 3888 post
2201 3829 2262 3872 se
2305 3815 2666 3884 relinqueret.
2708 3811 2987 3868 Caeterum
3021 3828 3146 3866 cum
3188 3820 3245 3865 et
3282 3813 3398 3881 ipse
3434 3812 3623 3865 itidem

2034 3919 2098 3965 nt
2120 3908 2489 3978 Euphemius,
2519 3915 2847 3961 constanter
2886 3905 2938 3959 ei
2972 3903 3382 3968 adversaretur,
3412 3915 3468 3957 et
3501 3905 3625 3958 tidei

2035 4003 2263 4058 omnino
2291 3999 2663 4071 proditionem
2689 4012 2813 4053 esse
2836 3997 2881 4051 si
2906 3996 3157 4050 libellum
3187 4009 3315 4050 eum
3347 3994 3625 4058 redderet,

2039 4094 2405 4159 existimaret,
2442 4091 2776 4160 fortiterque
2811 4103 3044 4159 prorsus
3081 4095 3277 4142 contra
3317 4102 3446 4140 eum
3497 4102 3639 4139 mrt-

2039 4186 2326 4251 tenderet,
2378 4184 2531 4239 varia
2578 4182 2906 4238 Anastasius
2968 4179 3093 4234 iniit
3147 4178 3416 4241 consilia,
3460 4188 3519 4231 ut
3574 4188 3641 4233 et.

2041 4277 2192 4333 hunc
2219 4291 2248 4332 e
2281 4275 2414 4332 sede
2462 4273 2787 4329 dcturharet
2818 4290 2833 4327 :
2865 4270 3212 4341 tentavitque
3234 4270 3374 4323 adeo
3418 4271 3635 4345 omnia.

2044 4384 2103 4430 ut
2147 4375 2291 4449 quod
2355 4373 2676 4433 conabatur,
2706 4370 2959 4425 ediceret.
2984 4365 3091 4421 Sed
3125 4364 3271 4420 enim
3305 4377 3428 4417 eum
3488 4359 3643 4428 quod‘.

2042 4466 2247 4521 faceret
2265 4479 2389 4520 ‘nnn
2416 4463 2665 4529 haberet,
2690 4459 3070 4515 haereticorum
3097 4468 3357 4510 consessu
3381 4450 3633 4513 collecto,

360 4560 431 4633 ἦν
449 4580 464 4595 ο
493 4562 587 4616 καὶ
615 4560 798 4628 ἐζήτει
826 4560 919 4613 τὸν
937 4558 1298 4631 Μακεδόνων,
1324 4553 1386 4609 δν
1409 4554 1676 4625 πρότερον
1706 4556 1780 4622 μή
1810 4569 1922 4605 ποτε

2046 4572 2141 4626 per
2167 4557 2274 4611 vim
2335 4556 2737 4618 Macedoniutn,
2790 4560 2848 4606 ut
2896 4548 3163 4622 synodum
3220 4545 3636 4601 Chalcedonen-

365 4654 629 4719 διώμνυτο
661 4650 919 4705 κατιδεῖν.
967 4647 1302 4709 Μακεδόνιος
1330 4646 1388 4700 δὲ
1442 4644 1611 4715 πολλῇ
1654 4641 1943 4715 παρρησίᾳ

366 4743 707 4815 χρησάμενος
734 4739 1021 4811 διήλεγχεν
1048 4737 1432 4801 Ἀναστάσιον,
1464 4729 1555 4789 οἷα
1587 4734 1653 4806 δὴ
1677 4733 1779 4803 τῆς
1817 4733 1946 4785 Ἐκ-

370 4834 593 4904 κλησίας
622 4829 904 4902 πολέμιον.
943 4828 1004 4882 ὐ
1039 4827 1096 4881 δὲ
1124 4829 1248 4880 τότε
1281 4827 1384 4897 μὲν
1418 4827 1650 4896 ἔστεργε
1681 4824 1774 4879 καὶ
1814 4823 1948 4877 ὑπέ-

370 4942 538 4985 κειτο,
567 4925 868 4995 πραότερον
893 4922 1087 4975 ἑαυτὸν
1117 4920 1379 4991 παρέχων
1401 4935 1417 4950 ο
1452 4920 1509 4982 ἐς
1537 4917 1763 4987 ὕστερον
1786 4916 1844 4970 δὲ
1870 4914 1946 4986 τῷ

368 5019 657 5089 δυστρόπῳ
701 5017 797 5086 τῆς
825 5015 1072 5085 γνώμης,
1133 5012 1476 5082 κατηγόρους
1522 5027 1581 5064 τε
1612 5009 1944 5077 ἐμισθοῦτο’

372 5110 464 5165 καὶ
493 5109 679 5174 παῖδες
739 5109 1120 5179 μειρακίσκοι,
1179 5105 1525 5174 συκοφάνται
1580 5088 1734 5172 σςρῶν
1764 5105 1948 5159 αὐτῶν

374 5200 465 5255 καὶ
492 5198 851 5264 Μακεδονίου,
882 5200 1216 5268 παρήγοντο,
1242 5192 1642 5264 αἰσχρουργίαν
1673 5198 1951 5262 καταέευω

374 5292 602 5361 δόμεναι.
648 5289 805 5342 Ἐπεὶ
834 5289 890 5341 δὲ
915 5288 1088 5341 ταῦτα
1117 5290 1181 5340 ὲκ
1202 5285 1297 5339 τοῦ
1334 5287 1518 5357 σχεδὸν
1551 5285 1805 5357 διήλεγχε
1831 5288 1950 5341 Μα-

375 5383 629 5451 κεδόνιος,
660 5383 795 5453 ἄτερ
833 5381 944 5435 τῶν
998 5381 1260 5454 ἀνδρείων
1311 5382 1507 5435 ἑαυτὸν
1553 5379 1847 5445 ἀποδείξας
1882 5384 1948 5451 τῇ

375 5476 464 5531 τοῦ
496 5475 747 5546 χιτωνίου
770 5474 1066 5544 άναστολῇ,
1088 5475 1223 5546 πρὸς
1253 5473 1415 5544 ἕτερα
1441 5472 1751 5544 μετεχώρει
1784 5471 1952 5526 δολιό-

377 5585 533 5638 ιητος
557 5568 821 5639 γέμοντα.
870 5566 971 5620 Διὰ
1025 5566 1136 5637 γάρ
1184 5566 1495 5636 Κέλλωρος,
1546 5564 1606 5628 δς
1649 5564 1763 5618 τῶν
1797 5567 1855 5619 ὲν
1884 5566 1950 5635 τῇ

378 5662 508 5733 αὐλῇ
532 5662 740 5727 τάξεων
756 5657 981 5730 ἡγεμὼν
1011 5659 1388 5731 καθειστήκει,
1420 5659 1597 5729 χάρτῃ
1618 5658 1717 5720 τὰς
1737 5657 1832 5711 δύο
1857 5658 1954 5728 μό-

380 5771 465 5811 νας
493 5753 745 5816 συνόδους
769 5750 1076 5821 ἐγγράψας,
1116 5749 1372 5821 δέχεσθαι
1403 5750 1697 5819 ὡμολόγει,
1745 5749 1942 5820 παρεὶς

273 5913 281 5918 ,
383 5847 467 5916 τήν
489 5845 681 5915 τρίτην
713 5846 809 5897 καὶ
837 5843 938 5912 τὴν
973 5845 1261 5914 τετάρτην.
1300 5844 1366 5897 Ὃ
1398 5842 1464 5915 δὴ
1497 5845 1589 5896 καὶ
1619 5841 1831 5913 μέμψιν
1887 5842 1950 5895 ος,

2048 4664 2161 4705 sem
2187 4648 2494 4713 damnaret,
2545 4660 2744 4715 cogere
2778 4642 2968 4697 voluit.
3021 4639 3175 4709 Quod
3218 4639 3305 4693 ubi
3343 4635 3640 4691 multitudo

2048 4742 2240 4801 sensit,
2269 4739 2333 4792 ad
2369 4754 2493 4793 eum
2550 4738 2732 4792 locum
2763 4735 3111 4799 accurrit,-et
3142 4741 3332 4800 aperte
3361 4729 3644 4783 exclama-

2049 4831 2169 4884 vit:
2207 4828 2452 4901 Martyrii
2490 4838 2710 4898 tempus
2767 4828 2945 4892 adest,
3015 4838 3179 4878 nemo
3214 4823 3433 4891 longius
3473 4834 3501 4872 a
3538 4832 3639 4887 pa-

2051 4931 2201 4976 store
2227 4921 2478 4977 absistat.
2524 4919 2589 4974 Et
2621 4919 2869 4974 convicia
2925 4918 2977 4970 in
3009 4917 3391 4985 imperatorem
3449 4910 3640 4975 conje-

2053 5015 2149 5085 cit,
2178 5014 2558 5078 Mauicltaeum,
2594 5014 2686 5082 qui
2747 5010 2978 5080 imperio
3034 5007 3292 5076 indignus
3321 5012 3489 5062 esset,
3548 5014 3649 5051 vo-

2051 5120 2207 5161 cans.
2243 5103 2308 5158 Et
2350 5100 2677 5157 Anastasius
2727 5098 2830 5155 sibi
2878 5105 3155 5161 metuens,
3198 5094 3266 5149 ad
3317 5093 3649 5161 fugienaum

2054 5207 2282 5268 paratus
2331 5195 2439 5250 fuit
2486 5210 2502 5248 :
2552 5189 3048 5256 Macedoniamque
3122 5186 3412 5256 quaesivit,
3473 5199 3650 5253 quem

2053 5298 2218 5343 antea
2277 5302 2337 5342 se
2399 5299 2580 5354 neque
2636 5288 3020 5350 reSpecturum
3080 5291 3203 5332 esse
3263 5275 3643 5345 adjuraverat.

2056 5377 2413 5433 Macedonius
2435 5390 2561 5430 cum
2586 5374 2846 5429 libertate
2874 5372 3042 5424 tnulta
3067 5366 3443 5427 Anastasium,
3471 5363 3649 5418 veluti

2057 5474 2140 5528 rei
2194 5469 2591 5528 ecclesiastica:
2639 5467 2880 5528 hostem,
2934 5459 3273 5532 objurgavit.
3313 5461 3492 5528 Atque
3551 5461 3646 5512 ille

2059 5575 2174 5620 tum
2216 5565 2271 5619 in
2301 5562 2487 5619 verbis
2528 5560 2649 5633 ejus
2679 5556 2979 5627 acquievit,
3009 5555 3178 5626 694,
3206 5568 3376 5622 seque
3405 5551 3649 5623 placabi-

2056 5659 2254 5715 liorem
2321 5656 2614 5728 praabens,
2683 5650 2965 5707 submisit.
3038 5649 3397 5703 Postmudum
3460 5657 3650 5700 autem

2060 5759 2287 5822 propter
2325 5746 2496 5803 animi
2540 5742 2963 5816 improbitatem
2989 5751 3341 5797 accusatores
3375 5738 3654 5793 adversus

2059 5856 2190 5895 eum
2223 5838 2477 5893 mercede
2503 5832 2789 5892 conduxit.
2816 5832 2886 5887 Et
2910 5842 3112 5903 prwsto
3144 5831 3296 5884 luere
3327 5827 3651 5883 adolescente
