4046 6456
464 329 565 392 Μ’]

1682 322 2105 382 NICEPIIORI
2148 322 2494 382 C.\Ll.ISTK

3610 319 3698 383 1θὲ

418 469 425 475 ·
460 442 563 495 tuli
588 439 837 512 quidam,
866 435 960 506 qtti
992 448 1100 489 non
1135 432 1321 486 minus
1354 430 1567 500 scipsos
1596 446 1758 500 quam
1794 431 2032 485 Macedo-

2144 432 2376 500 μετρίαν
2422 418 2745 501 Μακεδονίῳ
2791 432 3008 500 ιπῆγε,
3050 431 3145 484 καὶ
3207 431 3290 484 ὅτι
3338 429 3417 500 τῷ
3469 431 3699 499 ἑνωτιγῴ

459 535 615 587 nium
656 547 757 601 per
811 525 1227 599 sycophantiam
1279 522 1617 578 calumniose
1665 522 1937 585 detulere,
1979 530 2037 576 et

458 622 724 693 ﬂagitium
777 620 1099 674 obscenum
1152 625 1209 671 et
1259 613 1466 669 foedum
1518 613 1862 668 mendaciter
1909 629 2036 682 pro-

457 713 683 768 duxere.
728 709 984 765 Sedenim
1022 717 1310 775 postquam
1351 705 1404 758 in
1456 704 1764 758 continenti
1812 703 2034 758 illorum

380 796 389 808 ’
458 803 749 858 conﬁctam
772 799 1105 875 calumniam
1135 796 1508 857 Macedonius,
1534 795 1719 848 tunica
1742 794 2034 860 subducta,

456 893 676 946 viribus
701 906 759 944 se
787 905 977 945 carere
1007 887 1328 949 ostendens,
1357 887 1620 950 convicit,
1646 886 1712 939 ad
1744 886 2035 939 consilium

457 984 605 1038 aliud
649 982 859 1036 fraudis
901 982 1124 1049 plenum
1168 979 1435 1048 confugit.
1476 978 1610 1032 Nam
1648 993 1748 1047 per
1786 976 2034 1031 Celerem

456 1077 714 1132 ordinum
764 1076 905 1130 aulae
961 1072 1283 1143 prmfectum
1331 1072 1579 1125 libellum
1618 1070 1814 1124 confici
1848 1071 2034 1140 jussit,

458 1169 514 1222 in
558 1184 670 1237 quo
705 1167 828 1221 dua:
872 1163 1066 1236 synodi
1104 1163 1264 1217 tertia
1297 1172 1353 1216 et
1385 1171 1601 1231 quarta,
1640 1161 1867 1229 reliquis
1901 1161 2035 1214 dua-

457 1260 564 1313 bus
585 1257 828 1317 omissis,
852 1257 1178 1324 conscripta:
1207 1261 1389 1316 erant,
1421 1266 1662 1320 euntque
1696 1267 1754 1305 se
1786 1251 2034 1320 recipere

458 1350 739 1419 professus
778 1359 882 1402 est.
916 1347 1168 1413 Quaeres
1198 1362 1227 1397 a
1258 1343 1584 1399 Macedonio
1617 1336 1939 1413 approbata,
1980 1351 2036 1396 et

457 1442 605 1511 quod
646 1448 910 1509 praterea
953 1437 1211 1492 henOtico
1239 1436 1480 1491 Zenonis
1508 1435 1556 1490 is
1584 1435 2032 1504 subscripsisset,

461 1535 899 1606 reprehensione
947 1549 1059 1587 non
1113 1533 1312 1587 caruit.
1364 1531 1625 1598 Quamvis
1670 1541 1857 1600 postea
1908 1544 2032 1583 cum

460 1632 515 1682 in
559 1627 787 1681 Dalmati
838 1625 1178 1679 monasterio
1215 1631 1386 1689 esset,
1430 1624 1483 1677 in
1515 1623 1765 1677 oratione
1799 1626 2032 1692 quadam

457 1718 719 1772 omnibus
749 1717 1008 1786 pietatem
1041 1714 1512 1776 consectantibus,
1547 1713 1944 1767 offendiculum
1978 1712 2029 1766 id

458 1822 514 1864 et
536 1778 1058 1877 crimen-objecwm
1090 1806 1275 1867 diluit,
1305 1806 1532 1860 disertis
1562 1805 1747 1860 verbis
1786 1815 2029 1860 sanctam
2067 1778 2111 1836 Β

464 1915 716 1970 quartam
763 1900 1034 1972 synodum
1086 1899 1456 1967 comprobans
1486 1915 1501 1951 :
1534 1906 1590 1952 et
1626 1912 1719 1952 eos
1757 1899 1852 1966 qui
1890 1899 2032 1951 illam

459 2008 571 2046 non
608 1993 939 2061 reciperent,
968 1991 1261 2045 haereticos
1290 2005 1516 2044 vocans.
1549 1989 1894 2052 Anastasius,
1933 1989 2034 2044 Cc-

430 2084 575 2157 Vlere
607 2085 867 2154 magistro
900 2083 969 2137 ad
1011 2098 1070 2137 se
1100 2092 1349 2146 evocato,
1386 2098 1485 2152 per
1512 2097 1639 2135 eum
1674 2082 1813 2135 clam
1861 2081 2035 2134 Mace-

460 2176 687 2256 donium
717 2192 783 2228 ex
825 2176 1025 2230 throno
1066 2175 1315 2239 deduxit,
1350 2184 1406 2228 et
1442 2174 1764 2229 Eucltaitetn
1800 2174 1852 2227 in
1892 2173 2036 2228 exsi-

459 2268 598 2319 lium
643 2268 813 2321 misit.
850 2267 1086 2320 Senatus
1115 2273 1172 2320 et
1209 2265 1441 2336 populus
1472 2265 2037 2333 Constantinopolita-

461 2373 566 2410 uus
591 2373 711 2410 eam
743 2358 814 2411 ob
843 2372 1066 2411 causam
1101 2357 1155 2410 in
1189 2372 1383 2426 magno
1406 2356 1508 2408 fuit
1538 2371 1796 2410 maerore.
1826 2356 1959 2410 Nam
1982 2365 2039 2410 et

462 2450 589 2503 vita:
623 2451 972 2503 sanctitatem
999 2458 1055 2502 et
1080 2448 1347 2502 doctrina:
1377 2448 1752 2502 sinceritatem
1785 2449 1837 2502 in
1865 2447 2039 2501 Mace-

458 2541 629 2596 donio
665 2521 1112 2604 admirabantur,
1144 2548 1200 2593 et
1232 2539 1519 2609 religionis
1552 2539 1870 2594 monastica:
1908 2553 2037 2608 pro-

461 2631 702 2685 fessione
740 2639 797 2684 et
833 2629 1102 2699 dignitate
1144 2628 1474 2683 sacerdotali
1509 2629 1554 2684 is
1580 2628 1738 2684 valde
1770 2630 2035 2695 enitebat,

460 2728 520 2771 ut
557 2719 651 2787 qui
688 2732 717 2771 a
751 2717 1039 2775 Gennadio
1072 2716 1340 2771 educatus
1384 2727 1550 2785 atque
1584 2719 1780 2773 doctus
1821 2719 2037 2783 fuisset,

457 2810 618 2878 cuius
664 2810 829 2864 etiam
878 2811 1065 2865 fratris
1115 2809 1262 2864 filius
1310 2809 1437 2864 fuit.
1479 2809 1683 2865 Contra
1732 2820 2038 2867 sectatores

457 2902 580 2971 ejus
624 2910 812 2971 postea
853 2902 1032 2972 gravis
1075 2901 1389 2971 persecutio
1434 2912 1576 2957 orta.
1606 2901 1837 2967 Quidam
1888 2905 2035 2956 enim

456 2992 678 3056 exsilio,
716 2992 966 3045 nonnulli
995 2992 1353 3062 relegatione,
1389 2993 1559 3062 aliqui
1590 2995 2038 3049 accusationibus

2142 523 2386 590 Ζήνωνος
2414 522 2814 592 καθυπέγραψε
2837 536 2852 551 °
2897 522 3002 575 κᾶν
3036 523 3094 584 ἐς
3144 522 3373 592 ὕστερον
3393 523 3459 591 τῇ
3495 521 3689 590 Δαλμά-

2137 632 2232 668 του
2265 617 2400 684 μονῇ
2429 615 2774 683 προσὸαλὼν,
2808 614 3248 685 προσφωνητικῷ
3301 613 3447 682 λόγῳ
3473 615 3583 675 τοῖς
3612 614 3693 679 ζη-

2137 709 2290 762 λοῦσι
2318 710 2389 761 τὰ
2422 708 2620 778 εὐσεϐῆ
2671 708 2868 781 διαλύῃ
2906 708 2968 761 to
3016 708 3349 778 πρόσκομμα
3373 724 3389 738 ·
3416 705 3702 778 διαρρήδην

2136 803 2483 871 ὁμολογήσας
2512 801 2608 872 τὴν
2657 802 2820 869 ἁγίαν
2850 795 3116 870 τετᾶρτην
3157 801 3375 855 σύνοδον
3403 840 3419 862 ,
3456 802 3550 853 καὶ
3582 801 3702 862 τοὺς
3738 832 3743 836 -

2141 892 2217 961 μὴ
2238 892 2577 961 δεχομένους·
2622 892 2938 961 αἱρετικοὺς
2962 890 3291 960 συνθέμενος
3320 890 3485 960 ἔχειν.
3520 889 3703 958 Λάθρα

2134 984 2191 1036 δὲ
2223 984 2484 1053 Κέλλωρα
2534 984 2626 1035 τὸν
2660 984 2965 1053 μάγιστρον
2998 984 3232 1044 καλέσας
3276 985 3305 1036 ό
3330 983 3702 1045 Ἀναστάσιος,

2136 1077 2228 1128 τὸν
2252 1077 2586 1130 Μακεδόνων
2634 1078 2797 1144 ἐξῆγε
2844 1077 2938 1128 τοῦ
2968 1077 3182 1146 θρόνου,
3230 1079 3324 1130 καὶ
3351 1077 3431 1139 είς
3465 1077 3700 1145 Εὐχαῒτα

2139 1169 2461 1238 περιώριζε.
2509 1169 2686 1237 Πολλὴ
2715 1170 2771 1222 δὲ
2821 1168 2967 1237 λύπη
3028 1170 3126 1239 τὴν
3180 1168 3484 1236 σύγκλητον
3521 1169 3611 1220 καλ⁵
3645 1169 3703 1219 τὸ

2136 1259 2339 1328 πλῆθος
2362 1259 2663 1326 ἐλάμϐανε’
2701 1261 2760 1313 τό
2794 1277 2852 1313 τε
2880 1263 2992 1330 γὰρ
3046 1260 3286 1330 καθαρὸν
3322 1258 3416 1312 τοῦ
3448 1257 3564 1328 βίου
3612 1259 3696 1311 διὰ

2136 1351 2417 1419 θαύματος
2461 1350 2767 1417 ἐποιοῦντο,
2831 1351 2928 1405 καὶ
2978 1351 3040 1405 τὸ
3068 1352 3177 1404 τῶν
3208 1351 3498 1421 δογμάτων
3526 1351 3700 1418 ὀρθόν.

2140 1443 2350 1505 ’Δλλως
2372 1461 2428 1495 τε
2458 1445 2553 1496 καὶ
2586 1442 2821 1514 ἀσκήσει
2846 1445 2943 1496 καὶ
2971 1442 3241 1514 ἱερωσύνῃ
3269 1443 3583 1512 διέλαμπεν,
3608 1442 3698 1493 au

2134 1536 2200 1606 δὴ
2233 1537 2336 1589 ὑπὸ
2365 1536 2645 1589 Γενναδίου
2665 1535 2893 1606 τραφείς
2924 1553 2982 1587 τε
3015 1536 3129 1605 ἅμα
3162 1537 3259 1588 καὶ
3289 1533 3615 1597 παιδευθεὶς,
3644 1525 3702 1585 οὗ

2136 1628 2231 1680 καὶ
2261 1625 2578 1691 ἀδελφιδοῦς
2622 1624 2924 1695 ἐτύγχανεν
2955 1625 3054 1680 ὢν.
3099 1624 3162 1681 Ὀ
3196 1627 3253 1679 δὲ
3314 1623 3553 1693 διωγμὸς
3596 1622 3701 1675 τῶν

2134 1723 2204 1774 τὰ
2238 1722 2448 1772 ἐκείνου
2472 1706 2815 1789 φρονούντων
2849 1717 3018 1783 πολὺς
3050 1714 3118 1790 ἦν
3137 1757 3155 1783 ,
3185 1718 3297 1771 ⁴τῶν
3329 1717 3427 1787 μὲν
3453 1715 3699 1785 ὲξορίαις,

2136 1814 2245 1866 τῶν
2277 1812 2333 1864 δὲ
2376 1814 2597 1879 φυγαῖς,
2646 1811 2756 1863 τῶν
2805 1810 2854 1863 δ’
2888 1811 3215 1879 ἀπαγωγατς
3262 1811 3360 1862 καὶ
3415 1806 3702 1878 δημεύσεσι

2135 1901 2668 1969 ταλαιπωρουμένων
2691 1915 2706 1931 ·
2739 1898 2790 1951 oi
2827 1898 2885 1951 δὲ
2918 1898 3259 1967 διαδράντες,
3286 1897 3381 1949 καὶ
3407 1897 3461 1958 ὲς
3489 1892 3702 1961 Ῥώμην

2136 1993 2404 2065 ἀπῄεσαν.
2444 1992 2503 2046 Ὀ
2525 1992 2581 2045 δὲ
2607 1990 2860 2061 βασιλεὺς
2895 1990 2955 2055 ἐξ
2978 1991 3148 2059 αὐτῆς
3177 1990 3289 2042 τῶν
3320 1994 3377 2041 ἐν
3407 1986 3703 2056 Χαλκηδόνι

2138 2084 2546 2155 πεπραγμένων
2566 2083 2658 2136 τὸν
2690 2083 2919 2154 χάρτην,
2948 2081 3007 2134 δν
3028 2082 3363 2143 Μακεδόνιος
3390 2078 3547 2145 ἐξιὼν
3568 2095 3704 2145 παρ-

2137 2177 2302 2229 ετίθει
2333 2177 2410 2247 τῷ
2435 2175 2836 2245 θυσιαστηρίῳ,
2869 2172 3209 2227 Καλοποδίου
3243 2173 3392 2234 τινὸς
3416 2171 3704 2254 κλέψαντος

2137 2270 2233 2321 καὶ
2264 2268 2663 2336 ἀπαγαγόντος,
2689 2266 2942 2339 διέρρηξε
2967 2267 3102 2338 πυρὶ
3124 2264 3704 2338 παραδεδωκώς.Ἀπτ-

2138 2364 2356 2430 γομένῳ
2388 2359 2447 2412 δὲ’
2476 2360 2797 2428 Μακεδονίῳ
2829 2359 2928 2428 τὴν
2977 2358 3304 2429 καθαίρεσιν
3353 2360 3633 2428 ἔπεμπεν
3677 2358 3704 2409 ό

2139 2450 2184 2501 δ’
2211 2449 2418 2518 ἠρώτα,
2474 2450 2523 2502 εί
2557 2450 2607 2501 oi
2664 2448 3107 2519 καθαιρήσαντες
3158 2448 3255 2519 τὴν
3317 2451 3378 2502 ὲν
3413 2448 3704 2519 Χαλκηδόνι

2122 2539 2457 2610 προσίενται
2494 2539 2737 2595 σύνοδον.
2787 2541 2879 2604 Ὠς
2916 2540 2960 2594 δ’
2993 2540 3281 2607 ἀπέλεγον,
3310 2540 3539 2606 ἐκεῖνος,
3572 2536 3705 2593 Ἀλλ’

2089 2678 2092 2682 λ
2139 2637 2187 2686 εἰ
2227 2634 2555 2704 ’Λρειανοὶῆ
2587 2635 2982 2688 Μοικεδονιικνόί⁵
3016 2633 3265 2704 ἔπεμπόν
3320 2653 3414 2704 μοι
3454 2633 3702 2703 καθαίρε-

2141 2740 2246 2787 σιν,
2270 2719 2379 2793 ἆρα
2430 2724 2682 2793 δέχεσθαι
2728 2720 2915 2793 εἷχον;
2956 2722 3018 2777 '0
3045 2725 3145 2793 μὲν
3172 2723 3265 2779 οὖν
3297 2724 3474 2789 οὕτως
3501 2726 3578 2788 εἰς
3609 2722 3704 2776 Εὗ-

2138 2817 2302 2885 χὰἷτα
2333 2816 2518 2886 ἤγετο.
2551 2815 2673 2867 Τῶν
2702 2817 2745 2868 δ’
2778 2815 2999 2869 Ούννων
3028 2817 3134 2870 τῶν
3165 2817 3432 2871 Κασπίων
3451 2819 3704 2884 ἀποκινη-

2139 2907 2339 2960 θέντων
2373 2908 2575 2973 πυλῶν,
2631 2907 2680 2961 οἳ
2718 2908 2902 2979 Σαὸὴρ
2957 2907 3275 2972 ἐκαλοῦντο,
3330 2911 3427 2962 καὶ
3457 2906 3704 2979 τὴνλἝω

2137 2998 2476 3068 ληϊζομένων
2527 2999 2708 3062 δείσας
2738 2992 2820 3063 είς
2846 3000 3101 3069 Γάγγραν
3144 3001 3447 3071 μετεχώρει
3474 3001 3503 3052 ό
3529 2998 3703 3053 Μακε-

459 3083 698 3151 iniquis,
749 3084 841 3136 alii
896 3082 1166 3137 bonorum
1222 3084 1593 3152 publicatione
1642 3084 1825 3139 afllicti
1884 3093 2032 3141 sunt.

2140 3089 2333 3153 δόνιος.
2370 3092 2437 3144 Ὃ
2487 3092 2647 3158 γνοὺς
2687 3091 3057 3156 ’Λναστάσιος,
3107 3091 3332 3161 πέμψας
3388 3093 3562 3146 ἀνεῖλε
3616 3090 3702 3143 τὸν

459 3174 614 3229 “ulti
659 3176 822 3228 etiam
874 3175 969 3246 qui
1018 3174 1144 3245 fuga
1186 3177 1289 3231 sibi
1343 3179 1759 3243 consuluerunt,
1807 3180 2032 3235 Romam

460 3268 857 3335 pervenerunt.
925 3265 1231 3337 Imperator
1289 3268 1442 3323 illico
1502 3268 2034 3326 Chalcedonensium

457 3366 708 3410 actorum
750 3357 1018 3423 libellum,
1051 3374 1214 3429 quem
1256 3359 1609 3417 Macedonius
1649 3364 1941 3420 discedens
1977 3366 2034 3421 in

457 3448 738 3501 sanctiore
786 3465 878 3502 ara
929 3450 1282 3519 deposuerat,
1318 3468 1415 3521 per
1451 3451 1807 3524 Calopodium
1842 3472 2035 3526 quem-

453 3539 587 3592 dam
617 3539 804 3593 furtim
827 3540 1105 3597 sublatum
1129 3544 1389 3605 concidit.
1419 3554 1587 3615 atque
1619 3547 1727 3618 igni
1760 3549 1988 3604 tradidit
2014 3566 2031 3604 :

455 3640 515 3684 et
564 3629 884 3687 Macedonio
932 3634 1029 3703 qui
1082 3634 1164 3689 sic
1217 3634 1614 3703 abducebatur,
1668 3639 2034 3696 abdicationis

454 3723 788 3776 sententiam
821 3725 994 3778 misit.
1031 3726 1208 3795 Atque
1242 3728 1289 3783 is
1319 3730 1698 3800 interrogavit,
1728 3747 1795 3785 an
1829 3734 1905 3787 illi
1937 3734 2032 3802 qui

454 3828 516 3865 se
549 3813 895 3869 abdicassent
931 3815 1442 3876 Chaicedonensem
1484 3824 1752 3891 synodum
1795 3826 2033 3894 recepis-

453 3914 597 3960 sent.
632 3907 694 3960 Et
723 3906 818 3962 ubi
851 3908 927 3962 illi
954 3910 1045 3978 qui
1082 3911 1149 3965 ad
1182 3925 1308 3965 eum
1350 3915 1677 3969 sententiam
1710 3918 2027 3980 attulerant,

469 3996 520 4047 id
553 3997 778 4051 inticiati
808 4009 979 4063 sunt,
1008 4001 1144 4068 ipse,
1170 3999 1228 4054 Si
1264 4002 1484 4072 (inquit)
1518 4005 1702 4059 Ariani
1727 4016 1820 4059 aut
1857 4007 2033 4061 Mace-

450 4088 680 4144 doniani
713 4089 1080 4144 abdicationis
1107 4093 1357 4146 libellum
1382 4096 1447 4147 ad
1475 4109 1561 4149 me
1584 4101 1872 4159 miserunt,
1901 4113 2028 4153 num

452 4181 707 4249 recipere
753 4195 879 4234 cum
933 4183 1198 4249 possunt?
1233 4184 1410 4251 Atque
1457 4185 1546 4239 ille
1593 4187 1668 4241 ita
1707 4186 2027 4243 Euchaitem

448 4271 654 4324 ductus
698 4279 803 4324 est.
856 4268 992 4324 Cum
1038 4284 1220 4327 autem
1270 4274 1475 4340 Hunni,
1515 4278 1608 4345 qui
1643 4279 1833 4334 Saberi
1869 4296 2030 4335 voca-

448 4358 679 4422 bantur,
727 4360 1015 4426 eruptione
1069 4375 1169 4429 per
1217 4361 1446 4432 Caspias
1502 4370 1785 4436 angustias
1844 4370 2027 4435 facta,

2135 3183 2301 3245 ὅσιον,
2329 3183 2421 3233 καὶ
2454 3181 2530 3251 τῷ
2570 3180 2675 3253 νεῲ
2712 3182 3035 3235 Καλλινίκου
3076 3183 3384 3255 προσετέθη
3417 3183 3509 3236 τοῦ
3569 3183 3700 3253 μάρ-

2137 3286 2320 3340 τυρος,
2356 3271 2525 3340 μυρία
2557 3269 2813 3339 θαύματα
2849 3271 3081 3323 ἐκτελῶν
3101 3287 3115 3302 ·
3140 3272 3200 3324 ὃν
3233 3288 3370 3340 φασι
3391 3274 3486 3326 καὶ
3515 3272 3700 3339 νεκρδν

2136 3364 2413 3432 κείμενον,
2450 3363 2642 3415 ἑαυτὸν
2672 3364 2746 3433 τῷ
2778 3364 2909 3434 θείῳ
2940 3364 3098 3435 τύπῳ
3128 3364 3219 3418 τοῦ
3245 3367 3486 3440 σταυροῦ
3518 3370 3581 3434 τῇ
3603 3367 3646 3419 ίδ
3671 3382 3705 3436 ᾳ

2138 3456 2446 3522 σφραγίσαι
2477 3455 2623 3525 χειρί
2644 3470 2659 3484 ο
2694 3455 2925 3524 ὀφθῆναι
2956 3457 3013 3508 δὲ
3044 3457 3138 3510 καὶ
3186 3457 3310 3509 καθ’
3346 3458 3550 3522 ὕπνους
3582 3458 3704 3510 Θεί-

2133 3549 2294 3620 δώρῳ
2315 3552 2419 3603 τινὶ
2461 3550 2703 3614 εὐλαϐῶς
2727 3550 2981 3614 διαζῶντι
3000 3568 3015 3583 ⁸
3055 3554 3150 3605 καὶ
3183 3553 3321 3622 μετὰ
3348 3554 3705 3622 σφοδρότητος

2134 3644 2310 3695 εἰπεῖν
2352 3644 2686 3697 ἐντείλασθαι
2725 3644 3068 3713 Ἀναστασίῳ
3099 3645 3176 3714 τῷ
3209 3645 3441 3713 βασιλεῖ,
3480 3646 3554 3708 ὡς
3587 3644 3706 3712 ’Ἆρ’

2135 3734 2268 3801 ἐγὼ,
2298 3735 2434 3805 πρὸς
2468 3735 2590 3797 τοὺς
2622 3736 2787 3805 ἐμοὺς
2817 3734 3153 3804 ἀφικνοῦμαι
3201 3738 3476 3807 πατέρας,
3507 3732 3579 3790 ὧν
3610 3740 3703 3809 τὴν

2133 3825 2318 3875 πίστιν
2351 3823 2671 3893 ἁκραιφνῶς
2704 3826 2972 3893 ἐτήρησα.
3002 3823 3142 3876 Ἴσθι
3168 3823 3213 3877 δ’
3242 3824 3314 3887 ῶς
3344 3827 3408 3877 ού
3430 3826 3703 3891 παύσομαι

2130 3915 2386 3985 δεόμενος
2421 3915 2516 3968 τοῦ
2571 3915 2707 3968 Θεοῦ
2731 3955 2745 3979 ,
2804 3916 2906 3979 ἓως
2942 3907 3005 3967 οὗ
3052 3918 3149 3969 καὶ
3186 3917 3348 3980 αὐτὸς
3402 3919 3527 3971 ὅσον
3557 3918 3703 3970 οὔπω

2129 4008 2285 4079 ἥξεις
2340 4008 2465 4076 ἐμοὶ
2514 4007 2594 4078 τῷ
2646 4008 2930 4079 ἀδεκάστῳ
2966 4009 3700 4080 συνδικασὸμενος,βήματι.

2143 4100 2494 4162 Ἀναστάτιος
2524 4101 2579 4151 δὲ
2614 4100 2753 4166 μετὰ
2777 4100 3111 4153 Μακεδόνων
3136 4100 3235 4170 τὴν
3259 4100 3593 4171 Ἐκκλησίαν
3616 4103 3701 4154 Τι-

2135 4192 2321 4262 μοθέῳ
2355 4192 2715 4262 πρεσϐυτέρῳ
2743 4192 2944 4261 ταύτης
2973 4193 3069 4245 καὶ
3104 4192 3476 4261 σκευοφύλακι
3515 4192 3703 4264 ἐνεχεί-

2132 4287 2319 4358 ριζεν·
2351 4285 2408 4347 ὃς
2445 4285 2639 4353 Κήλων
2667 4288 2759 4338 καὶ
2790 4285 3161 4358 Λιτροδούνης
3193 4287 3365 4349 οὕτως
3394 4289 3697 4357 ῶνόμαστο,

2130 4373 2222 4426 δια
2262 4356 2412 4435 τινας
2444 4375 2656 4428 ἐκείνου
2699 4374 2930 4445 πράξεις
2957 4379 3069 4440 τοῖς
3117 4378 3350 4447 ὀνόμασι
3399 4379 3702 4451 προσηκού-

447 4445 735 4501 Orientem
788 4458 1103 4508 vastarent,
1143 4449 1305 4520 695
1341 4452 1614 4523 Gangram
1671 4457 1800 4512 inde
1849 4469 2029 4513 metus

2135 4482 2252 4527 σας.
2282 4468 2375 4529 '0;
2407 4468 2472 4537 δὴ
2507 4472 2633 4530 τοὶς
2663 4467 2797 4532 νεὼς
2830 4468 3040 4533 είσιῶν,
3069 4471 3141 4523 ob
3165 4458 3435 4542 πρότερον
3469 4475 3535 4527 τὰ
3561 4476 3702 4540 ἐφει-

448 4554 621 4594 Causa
660 4537 1014 4593 Macedonius
1062 4547 1350 4598 successit.
1388 4545 1544 4611 Quod
1579 4548 1670 4601 ubi
1704 4551 2022 4609 Anastasius

448 4627 730 4696 cognovit,
770 4631 1191 4696 percussoribus
1230 4625 1522 4690 submissis
1558 4638 1737 4691 virum
1774 4653 2023 4697 sanctum

451 4724 766 4778 trucidavit.
799 4724 1012 4795 Corpus
1035 4729 1156 4797 ejus
1184 4729 1237 4782 in
1265 4732 1466 4801 templo
1488 4731 1737 4791 Callinici
1770 4742 2026 4810 martyris

450 4814 745 4873 innumera
783 4820 1046 4876 miracula
1088 4823 1264 4876 edens
1306 4827 1606 4895 repositum
1639 4839 1743 4885 est.
1776 4831 2026 4888 Macedo-

452 4908 606 4961 nium
643 4909 848 4974 ferunt,
883 4927 1009 4966 cum
1037 4914 1151 4982 jam
1187 4926 1437 4971 mortuus
1464 4920 1697 4989 jaceret,
1729 4937 1892 4977 manu
1926 4940 2025 4981 sua

451 5000 697 5069 svipsum
732 5018 891 5058 sacto
926 5006 1108 5060 crucis
1137 5007 1421 5076 signaculo
1450 5013 1825 5083 consigoasse.
1862 5016 2025 5070 Eum-

450 5091 690 5160 detnque
739 5094 794 5149 in
847 5099 1054 5152 sownis
1091 5098 1384 5156 Theodoro
1426 5104 1642 5158 cuidam
1691 5107 1779 5175 pie
1819 5107 2022 5162 viventi

450 5184 795 5252 apparuisse,
829 5197 885 5241 et
913 5202 1039 5241 cum
1070 5191 1416 5247 vehementia
1445 5195 1680 5263 quadam
1712 5197 1876 5251 verba
1911 5199 2025 5253 haec

450 5275 741 5328 Anastasio
779 5279 1087 5333 renuntiari
1117 5282 1348 5351 jussisse
1379 5303 1394 5339 :
1426 5287 1537 5355 Ego
1565 5289 1787 5357 quidem
1821 5290 1887 5343 ad
1925 5307 2022 5361 pa-

450 5372 566 5419 tres
601 5380 753 5422 tneos
798 5369 956 5431 abeo,
988 5388 1222 5440 quorum
1264 5374 1428 5431 fidem
1452 5377 1737 5434 sinceram
1781 5382 2021 5435 servavi.

450 5454 533 5508 Tu
573 5472 707 5510 vero
752 5462 914 5527 scito,
954 5479 1040 5518 me
1086 5466 1254 5521 Deum
1302 5471 1512 5539 precari
1560 5472 1863 5527 desiturum
1912 5490 2020 5529 non

447 5558 591 5607 esse,
627 5550 807 5615 quoad
864 5568 1035 5624 usque
1082 5565 1138 5610 et
1187 5567 1241 5611 tu
1290 5560 1470 5628 primo
1511 5577 1729 5632 quoque
1777 5574 2022 5635 tempore

446 5636 517 5689 ad
546 5636 604 5691 id
638 5638 902 5709 tribunal,
930 5646 1076 5715 quod
1112 5663 1335 5704 munera
1366 5668 1473 5705 non
1506 5664 1771 5722 acceptat,
1809 5672 2019 5711 merum

2130 4558 2267 4626 μένα
2296 4559 2486 4622 ἐποίει,
2505 4560 2552 4611 εἰ
2582 4560 2656 4629 μὴ
2689 4564 2787 4624 τὰς
2807 4562 3023 4626 εἰκόνας
3056 4557 3400 4637 Μακεδονία)⁸
3426 4569 3699 4628 κατέτπα,

2126 4651 2180 4702 εί
2209 4664 2313 4701 που
2348 4650 2483 4712 τέως
2512 4651 2791 4720 παρῆσαν.
2810 4653 2868 4703 '0
2890 4652 2947 4704 δὲ
2973 4652 3403 4719 δυσσεϐέστατος
3427 4656 3697 4726 βασιλεὺς.

2123 4736 2212 4790 διὰ
2246 4736 2419 4790 ταῦτα
2451 4739 2545 4790 καὶ
2575 4739 2665 4791 τὸν
2695 4742 2794 4807 τῆς
2826 4741 3105 4811 Ἃντιόχου
3139 4744 3462 4811 Φλαϐιανδν,
3497 4748 3589 4799 καὶ
3615 4750 3703 4799 τὸν

2137 4827 2527 4897 Ἰεροσολύμων
2571 4829 2752 4881 Ἠλίαν
2790 4831 2848 4891 8,-
2881 4835 3020 4899 μετὰ
3058 4834 3384 4888 Σαλούστιον
3417 4838 3699 4905 ἐγεγόνει,

2124 4919 2207 4971 ἔτι
2232 4918 2288 4970 δὲ
2319 4920 2523 4972 καὶτὸν
2549 4922 2646 4991 τῆς
2683 4920 3038 4991 Ἀλεξάνδρου
3070 4925 3326 4994 Ἰωάννην
3364 4928 3446 4987 είς
3510 4930 3700 4997 ὑπερο-

2127 5013 2249 5083 ρίαν
2281 5014 2613 5065 ἀπέστε).λε’
2658 5014 2746 5067 ναὶ
2808 5015 2915 5085 μὴν
2965 5019 3186 5071 καὶτὸν
3243 5019 3283 5072 Τ
3290 5020 3700 5090 αδεννησιώτην

2137 5105 2419 5172 Ἰωάννην,
2455 5105 2513 5167 ὃς
2543 5109 2601 5158 ὲν
2636 5105 2828 5178 Ῥώμῃ
2865 5107 3053 5177 μαθὼν
3097 5110 3172 5172 ὡς
3216 5111 3304 5181 ἄρ’
3352 5112 3701 5173 ’Λναστάσιος

2125 5198 2220 5249 ἐπὶ
2249 5200 2355 5250 τῶν
2394 5200 2686 5269 σκήπτρων
2721 5202 2988 5268 κατέστη,
3033 5195 3137 5273 ἧκε
3166 5205 3257 5256 τὸν
3279 5207 3481 5259 οἰκεῖον
3511 5205 3698 5273 θρόνον

2124 5289 2447 5358 ληψόμενος.
2483 5292 2626 5361 Φίλῳ
2664 5296 2773 5362 γὰρ
2822 5294 3022 5362 ἐκείνῳ
3056 5295 3257 5365 ἐχρῆτο
3288 5298 3381 5348 ἐπὶ
3414 5297 3514 5367 τὴν
3544 5296 3695 5349 Ἀλε-

2125 5382 2348 5450 ξὲινδρου
2373 5387 2469 5445 τὰς
2507 5384 2790 5454 διατριϐὰς
2845 5384 3013 5455 ἔχων·
3051 5390 3147 5440 καὶ
3175 5386 3420 5457 ναυαγίῳ
3469 5405 3697 5457 περιπε-

2125 5479 2287 5531 σόντα
2318 5481 2408 5530 τὸν
2452 5480 2829 5544 ’Λναστὰσιον,
2876 5479 3085 5549 γυμνὸν
3125 5480 3444 5550 διεσώσατο,
3500 5484 3697 5546 καὶῶς

2122 5571 2266 5632 ε’κὸς
2296 5571 2597 5640 θεραπείας
2653 5575 2910 5642 ἠξίωσεν.
2950 5574 3013 5628 '0
3043 5575 3090 5626 δ’
3148 5577 3477 5647 ἀγνωμόνως
3516 5579 3697 5631 διατε-

2124 5661 2257 5726 θεεῆ
2299 5665 2416 5717 ἀπ’,
2449 5666 2758 5736 φιλοτιμίας
2792 5672 3094 5743 ὑπερορίαν
3124 5677 3294 5729 αὐτοῦ
3320 5676 3693 5741 κατεδίκαξινο
