4046 6454
522 345 625 419 1'25

519 467 841 527 tiochenum
896 466 1218 523 conscendit
1277 465 1538 520 thronum
1593 483 1605 519 :

522 569 739 623 Pisidia:
762 575 940 631 ortus,
972 564 1152 635 Beryti
1182 564 1364 634 legum
1404 564 1653 618 scientiae
1681 574 1737 618 et
1774 565 2089 620 actionibus

521 661 836 715 forensibus
885 673 1111 728 operam
1153 658 1328 714 dedit.
1362 661 1541 728 Atque
1574 659 1667 712 ubi
1715 656 2085 713 Christianam

520 752 791 808 addidicit
846 750 1181 815 doctrinam,
1244 750 1534 805 confestim
1593 750 1781 803 animo
1839 759 2083 813 mutato,

486 876 494 918 ι
523 845 779 915 baptismi
809 846 1029 899 lavacro
1061 844 1310 899 initiatus
1335 852 1441 906 est.
1492 842 1547 896 in
1591 840 1805 897 Leontii
1855 842 2087 898 illustris

487 922 773 1009 'martyris
817 937 1047 1007 templo,
1096 935 1244 1005 quod
1287 934 1342 989 in
1378 934 1654 989 maritima
1692 934 1915 1005 regione
1962 935 2085 989 Tri-

516 1031 657 1098 polis
695 1031 749 1082 in
803 1025 1089 1082 Phoenicia
1125 1027 1293 1081 situm
1336 1034 1443 1081 est.
1480 1025 1548 1080 Et
1580 1025 1782 1082 deinde
1816 1026 2081 1081 monasti-

511 1134 632 1176 cam
663 1119 841 1175 vitam'
861 1122 916 1174 in
950 1120 1287 1175 monasterio
1314 1119 1557 1190 quodam
1609 1120 1754 1173 inter
1791 1118 1996 1174 Gazam
2028 1128 2085 1174 et

514 1212 806 1266 Maiumam
838 1210 1104 1281 oppidum
1132 1211 1347 1265 coluit:
1399 1209 1494 1265 ubi
1540 1212 1739 1265 Petrus
1770 1210 1940 1264 etiam
1991 1210 2083 1265 ille

511 1320 576 1383 ex
611 1302 810 1369 lberia,
833 1305 929 1372 qui
960 1303 1255 1371 episcopus
1283 1301 1441 1357 Gaza:
1463 1300 1792 1365 declaratus,
1819 1304 1934 1355 una‘
1956 1316 2081 1355 eum

510 1389 804 1449 Timotheo
859 1392 1055 1448 Ᾰξίιυεο
1085 1394 1428 1464 proscriptus
1456 1403 1563 1460 est,
1592 1393 1788 1448 eodem
1836 1393 1959 1447 vitae
1993 1408 2085 1462 ge-

510 1504 643 1543 nere
678 1488 855 1552 culto,
889 1486 1167 1541 celebrem
1207 1485 1276 1540 de
1324 1500 1384 1541 se
1428 1484 1629 1539 famam
1679 1485 1919 1554 posteris
1955 1484 2078 1538 reli-

513 1580 660 1649 qiiit.
686 1576 860 1634 l‘orro
881 1580 1119 1635 Severus
1142 1594 1455 1633 sermonem
1488 1579 1725 1648 primum
1747 1568 2081 1646 disputando

508 1684 636 1725 cum
671 1665 941 1742 Nephalio
965 1670 1225 1736 contulit,
1255 1670 1349 1741 qui
1384 1666 1634 1741 ejusdem
1681 1683 1808 1724 cum
1838 1669 1931 1723 illo
1962 1671 2081 1740 Opi—

511 1767 697 1822 nionis
726 1772 893 1822 antea
930 1761 1059 1833 fuit,
1102 1772 1356 1820 naturam
1392 1775 1555 1820 unam
1600 1764 1654 1818 in
1677 1764 1901 1820 Christo
1950 1778 2080 1834 pro-

509 1854 685 1915 fessus
730 1877 745 1914 :
805 1869 991 1929 postea
1043 1869 1229 1913 autem
1284 1868 1342 1914 et
1399 1858 1517 1927 ipse
1570 1855 2077 1913 Chalcedonensem

507 1953 801 2023 synodum,
1027 1961 1083 2006 et
1135 1966 1231 2007 eos
1283 1950 1379 2020 qui
1428 1950 1569 2005 duas
1611 1958 1841 2004 naturas
1888 1947 2079 2020 perhi-

508 2046 660 2109 bent,
692 2054 904 2099 tutatus
939 2052 1043 2098 est.
1098 2044 1167 2097 Et
1214 2057 1344 2097 cum
1393 2056 1454 2097 se
1507 2038 1882 2097 conﬁdentius
1932 2055 2081 2095 arro-

504 2139 831 2207 gantiusque
858 2134 1097 2189 Severus
1126 2133 1181 2187 iu
1207 2132 1687 2203 disputationibus
1712 2140 1952 2204 gereret,
1971 2148 2078 2188 una

503 2245 627 2286 cum
698 2225 1270 2299 popularibus-suis,
1310 2225 1544 2295 aliisque
1590 2224 1757 2280 etiam
1803 2223 2079 2294 plurimis,

500 2321 748 2377 eamdem
825 2317 1142 2388 opinionem
1213 2317 1705 2380 consectantibus,
1771 2316 2080 2371 monastico

500 2409 779 2467 domicilio
826 2421 928 2463 suo
975 2423 1006 2463 a
1046 2406 1314 2469 Nephalio
1377 2406 1589 2477 ejectus
1632 2414 1739 2465 est.
1764 2404 1942 2476 Atque
1986 2405 2078 2460 ille

507 2501 635 2555 inde
672 2501 727 2553 in
788 2494 1132 2567 imperialem
1194 2498 1471 2551 concessit
1511 2495 1729 2560 urbem,
1757 2496 2075 2565 imperatori

503 2594 941 2665 Supplicaturus,
978 2600 1036 2643 ut
1061 2588 1167 2644 sibi
1199 2592 1365 2658 atque
1404 2587 1522 2643 suis
1545 2589 1641 2658 qui
1674 2602 1801 2642 cum
1832 2601 1900 2643 eo
1934 2587 2076 2656 pulsi

502 2689 742 2746 lueran‘t,
773 2681 1101 2736 ttio’nasteria
1135 2688 1233 2733 sua
1267 2682 1713 2735 restituerentur.
1741 2677 1821 2733 Ita
1841 2677 2073 2741 factum,

502 2789 562 2832 ut
589 2778 644 2831 in
688 2773 1041 2845 imperatoris
1071 2772 1349 2826 Anastasii
1379 2779 1435 2825 et
1464 2777 1782 2825 senatorum
1814 2769 2070 2823 notitiam

500 2873 860 2940 perveniret:
896 2866 1064 2922 sicuti
1092 2866 1196 2921 hoc
1224 2865 1319 2935 qui
1359 2864 1549 2925 Severi
1591 2861 1760 2916 vitam
1788 2861 2073 2930 conscrip-

497 2965 590 3029 sit,
648 2964 841 3015 refert.
901 2959 1144 3015 Joannes
1190 2971 1356 3026 porro
1403 2955 1498 3024 qui
1547 2970 1673 3009 cum
1731 2953 1829 3007 illo
1858 2952 2070 3023 judicio

497 3055 787 3112 contendit
817 3052 915 3122 (1),
960 3051 1229 3120 scriptum
1279 3046 1505 3118 reliquit
1544 3064 1558 3101 :
1608 3046 1896 3111 Severum,
1935 3060 2063 3099 cum

499 3145 745 3202 ordinari
776 3143 1025 3209 deberet,
1051 3141 1425 3212 juramentum
1457 3138 1512 3191 in
1539 3136 1807 3207 scriptum
1834 3136 2064 3190 relatum
2096 3154 2134 3204 ο

498 3237 817 3311 imperatori
872 3234 1163 3290 Anastasio
1196 3231 1491 3296 obtulisse,
1526 3244 1556 3283 a
1601 3244 1711 3299 quo
1743 3228 1829 3283 die
1868 3228 2071 3283 throno

498 3330 845 3387 Antiocheam
875 3327 1080 3396 potitus
1108 3331 1278 3390 esset,
1320 3322 1471 3377 haud
1502 3337 1777 3392 quaquam
1816 3336 1875 3376 se
1909 3336 2073 3392 synoo

501 3427 631 3480 dum
707 3419 1214 3474 Chalcedonensem
1284 3414 1625 3469 anathemati
1690 3413 2069 3483 subiecturum

496 3530 659 3577 esse;
713 3524 951 3580 eumque
999 3522 1067 3563 eo
1109 3506 1230 3575 ipso
1278 3519 1389 3575 quo
1427 3504 1717 3559 ordinatus
1760 3515 1846 3560 est
1882 3504 1994 3569 die,
2039 3519 2069 3558 a

496 3603 868 3662 sectatoribus
898 3601 1015 3656 suis
1044 3598 1390 3668 iustigatum,
1419 3602 1519 3667 pro
1558 3599 1830 3652 concione
1856 3611 2071 3670 exam-

496 3702 640 3755 bone
685 3695 977 3750 anathema
1009 3692 1065 3746 in
1105 3706 1229 3747 eam
1272 3689 1515 3762 iecisse:
1552 3689 1813 3760 idemque
1843 3689 2067 3744 disertis

494 3791 703 3856 verbis,
735 3805 861 3844 cum
901 3785 1196 3858 synodales
1230 3784 1450 3840 litteras
1499 3783 1792 3859 scriberet,
1846 3784 2061 3838 fecisse.

490 3891 609 3955 Qua
641 3885 711 3940 de
739 3898 798 3939 re
826 3883 1025 3938 litterae
1056 3880 1164 3934 illae
1187 3893 1326 3949 quas
1357 3877 1619 3938 diximus.
1648 3877 1716 3932 ad
1747 3878 2061 3933 Alcisonem

489 3982 730 4052 scriptae,
762 3976 879 4033 haec
908 3974 1160 4030 referunt
1188 3987 1205 4025 :

1044 4162 1272 4249 CAPUT
1317 4162 1487 4227 xxx.

484 4276 568 4327 Ea:
613 4270 806 4327 litteris
838 4269 908 4324 ad
955 4266 1252 4322 Alcisonem
1290 4263 1466 4317 missis
1523 4266 1771 4333 excerpta
1805 4262 1955 4316 verba
1993 4263 2059 4316 de

1065 4336 1228 4404 impio
1257 4334 1473 4387 Severo.

1709 346 2127 413 NlCEPllOlil
2172 357 2521 416 GALLISTI

1665 468 1761 537 qui
1827 466 2063 537 Sozopol

2190 473 2288 522 καὶ
2342 472 2634 542 Διόσκορος
2680 472 2779 543 τὴν
2828 472 3122 526 ἀσέϐειαν·
3171 476 3227 538 ὃς
3286 478 3348 530 ἐκ
3403 478 3738 543 Σωζοπόλεως

3650 369 3737 431 175

2190 561 2441 633 ὥρμητο,
2472 563 2670 634 ἢπερ).
2720 566 2788 621 τὸ
2851 566 3083 619 Πιτίδων
3132 567 3280 632 ἔθνος
3332 570 3500 623 ἐστίν.
3544 574 3665 625 Ἀνὰ
3690 577 3738 627 δὲ

2188 654 2286 725 τὴν
2342 656 2626 726 Βηρυτίων
2683 658 2953 728 ηολὰσας
3002 658 3184 725 πόλιν,
3214 660 3349 729 πρὸς
3379 662 3440 714 τὸ
3468 661 3739 718 δικανική».

2188 762 2347 816 τερον
2411 747 2719 818 μετεχώρει
2773 749 2885 802 τῶν
2944 750 3142 818 λόγων.
3202 751 3479 823 ’Δσκήσας
3522 731 3578 808 δὲ
3624 759 3741 819 τοὺς

2188 839 2531 907 Χριστιανῶν
2576 842 2798 910 νόμους,
2846 842 2976 896 εύθὺ
3013 842 3337 912 μεταϐαλὼν
3367 846 3619 913 ἐμυεῖτο·
3657 852 3740 900 καί

2187 928 2291 981 ἀνὰ
2327 930 2389 982 τὸ
2444 932 2671 1000 τέμενος
2726 932 2981 985 Λεοντίου
3034 932 3131 986 τοῦ
3191 934 3357 987 καλὸν
3388 939 3487 1005 μὲν
3518 936 3737 1009 ἀρτυρσι

2186 1023 2495 1093 λάμποντος
2537 1026 2804 1093 γεγονὼς,
2839 1026 2898 1089 ὃς
2942 1028 3033 1080 ἐπὶ
3064 1027 3166 1097 τῆς
3199 1029 3578 1099 παράλουτών
3618 1030 3737 1103 Τρι-

2189 1116 2428 1168 πολιτῶν
2452 1116 2706 1187 Φοινίκης
2741 1117 2977 1186 ἵδρυται,
3021 1119 3114 1172 τὸν
3150 1120 3360 1190 μονήρη
3393 1121 3508 1191 βίον
3538 1122 3737 1192 μετῄει,

2186 1205 2245 1259 ἐν
2274 1225 2379 1261 τινι
2411 1210 2816 1281 φροντιστηρίῳ
2843 1212 2899 1263 ὲν
2935 1210 3245 1281 μεταιχμίῳ
3277 1215 3513 1283 κειμένῳ
3550 1214 3736 1283 Γάζηξ,

2184 1297 2401 1351 καὶτοῦ
2454 1300 2727 1370 πολιχνίου
2757 1300 2786 1354 δ
2818 1301 3086 1371 Μιιουμᾶ
3134 1304 3312 1371 δνομα
3360 1305 3734 1373 ἐκληρώσατο·

2182 1390 2316 1444 ὅπου
2348 1392 2414 1460 δὴ
2445 1394 2540 1446 καὶ
2589 1395 2791 1465 Πέτρος
2836 1398 2865 1451 ὁ
2906 1395 3056 1467 Ἰϐὴρ
3091 1397 3148 1461 ὃς
3203 1399 3297 1451 καὶ
3348 1398 3603 1466 πρῦεδρος
3646 1399 3736 1464 τῆς

2182 1485 2355 1555 αὐτῆς
2386 1486 2597 1550 πόλεως
2641 1487 2950 1558 ἀνεδείχθη,
3004 1487 3221 1559 σύναμα
3269 1489 3517 1560 Τιμοθέῳ
3546 1491 3621 1560 τῷ
3654 1491 3738 1543 Αί-

2182 1576 2359 1648 λούρῳ
2389 1577 2701 1646 πεφευγὼς,
2734 1578 2823 1632 διὰ
2880 1578 2991 1632 τῶν
3046 1579 3178 1634 ίσων
3230 1579 3461 1648 ἀγώνων
3511 1581 3736 1648 ἐγένετο,

2181 1666 2338 1736 λόγον
2382 1669 2487 1723 οὐκ
2516 1670 2798 1741 ἐλάχιστον
2828 1672 2958 1742 περὶ
2988 1670 3156 1724 αὑτοῦ
3202 1674 3325 1735 τοῖς
3353 1671 3621 1741 ὀψιγόνοις
3648 1688 3738 1723 κα-

2182 1760 2450 1817 ταλιπών.
2482 1763 2701 1833 Ἀμέλει
2734 1780 2818 1817 τοι
2847 1764 3042 1830 πρῶτα
3084 1765 3184 1834 μὲν
3213 1765 3450 1837 Σευῆρος
3485 1763 3736 1834 Νηφαλξῳ

2183 1848 2317 1929 πρὸς
2368 1849 2545 1919 λόγων
2595 1850 2829 1920 eam“
2874 1853 3235 1919 διαλεκτικῶς
3288 1855 3635 1924 συνεπλάκηο
3679 1854 3733 1917 ὃς

2181 1944 2276 1994 καὶ
2301 1942 2463 2005 αὐτὸς
2486 1943 2587 2012 τῆς
2617 1944 2739 2013 ῐσης
2768 1943 2927 2013 δόξης
2954 1945 3151 2015 ἐκείνῳ
3194 1945 3496 2015 ἐτύγχανεν
3523 1945 3617 2010 ὢν,
3644 1950 3734 2014 την

2183 2033 2314 2103 μίαν
2341 2033 2504 2103 φύσιν
2530 2034 2850 2106 πρεσϐεύων
2871 2037 3139 2107 πρῦτερον
3159 2052 3172 2066 ·
3194 2037 3321 2090 ὖστε
3333 2056 3424 2107 ρον
3447 2038 3626 2108 μέντοι
3647 2038 3734 2091 καὶ

2178 2127 2341 2192 αὐτὸς
2387 2122 2468 2191 εἷς
2509 2129 2620 2181 τῶν
2653 2128 2990 2199 ὓπερμάχων
3015 2130 3114 2199 τῆς
3146 2130 3207 2183 ἐν
3244 2132 3547 2202 Χαλκηδόνι
3587 2132 3729 2184 συνό-

2177 2218 2271 2273 δου
2311 2220 2407 2273 καὶ
2449 2220 2559 2273 τῶν
2589 2221 2687 2281 τὰς
2717 2220 2812 2274 δύο
2848 2221 3041 2288 φύσεις
3070 2222 3478 2291 ὁμολογούντων
3508 2223 3730 2290 ἐγένετο.

2180 2309 2291 2363 Καὶ
2340 2309 2405 2382 δὴ
2454 2310 2793 2381 θρασύτερον
2840 2312 3040 2383 ἐκείνῳ
3086 2312 3396 2384 διαλεχθεὶς
3423 2315 3450 2367 ὁ
3484 2295 3729 2382 Σευῆρδς,

2180 2403 2321 2469 μετὰ
2343 2401 2453 2455 τῶν
2482 2403 2585 2456 σὺν
2613 2403 2763 2472 αύτῷ
2785 2404 2880 2457 τοῦ
2907 2405 3113 2457 οίκείου
3145 2406 3574 2476 φροντιστηρίου
3606 2405 3731 2473 πρὸς

2176 2490 2457 2562 Νηφαλίου
2492 2492 2839 2558 ἐκϐάλλεται,
2886 2497 2981 2547 καὶ
3029 2494 3207 2549 ἄλλων
3240 2494 3515 2549 πλείστων
3567 2511 3731 2564 παρα-

2176 2583 2423 2655 πλησίων
2462 2585 2646 2654 μέντοι
2675 2586 2869 2655 ἐκείνῳ
2912 2587 3012 2651 τὰς
3055 2588 3238 2654 δόξας.
3273 2588 3513 2641 Ἐκεῖθεν
3535 2587 3579 2640 δ’
3608 2586 3732 2663 ἁπε-

2174 2678 2380 2745 λαθεὶς,
2409 2679 2501 2733 ἐπὶ
2529 2679 2630 2744 τὴν
2658 2679 2910 2750 βασιλίδα
2940 2680 3049 2733 τῶν
3082 2680 3294 2734 πόλεων
3335 2681 3533 2745 ἄνεισι,
3555 2678 3728 2747 δεησό-

2179 2788 2359 2840 μενος,
2384 2766 2536 2842 αύτῷ
2560 2788 2619 2824 τε
2644 2774 2740 2825 καὶ
2769 2773 2884 2835 τοῖς
2911 2770 3265 2826 ἀπελαθείσιν
3287 2773 3644 2827 ὲπανασῶσαι
3665 2771 3727 2823 τὰ

2174 2864 2570 2934 φροντιστήρια
2593 2879 2609 2895 °
2642 2862 2939 2917 κάντεῦθεν
2968 2862 3179 2933 βασιλεῖ
3205 2880 3266 2917 τε
3288 2864 3624 2932 Ἀναστασίῳ
3646 2864 3732 2915 καὶ

2172 2960 2238 3025 τῇ
2268 2955 2534 3026 γερουσίᾳ
2564 2954 2895 3010 καθίσταται
2922 2955 3198 3026 γνώριμος
3226 2972 3241 2987 ο
3269 2957 3527 3024 καθάπερ
3557 2955 3629 3022 τῷ
3649 2954 3732 3004 τὶν

2178 3049 2292 3120 βίον
2321 3050 2564 3120 Σευήρου
2588 3048 2967 3119 συγγράψαντι
3000 3049 3391 3119 περιείληπται
3411 3067 3425 3083 ο
3461 3046 3727 3119 magna;

2184 3145 2431 3215 Ἰωάννης
2478 3147 2505 3197 ό
2553 3144 2704 3215 αὐτῷ
2734 3144 3176 3214 διακρινόμενος,
3206 3132 3281 3208 ὡς
3312 3144 3526 3213 μέλλων
3557 3158 3727 3213 χειρο-

2171 3236 2445 3289 τονεῖσθαι
2497 3236 2758 3306 Σευῆρος,
2810 3237 2973 3306 ὅρκον
3005 3235 3285 3305 ἔγγραφον
3336 3237 3553 3308 βασιλεῖ
3581 3236 3728 3289 Ἀνα-

2121 3348 2129 3352 ·
2173 3328 2387 3398 στασίῳ
2420 3327 2617 3392 ἐδίδου,
2647 3328 2723 3390 ὡς
2823 3328 2868 3380 δ’
2898 3327 2965 3381 ἂν
2996 3328 3182 3399 ἡμέρᾳ
3218 3326 3311 3381 τοῦ
3337 3330 3438 3397 τῆς
3467 3329 3729 3397 ’Λντιόχου

2172 3416 2365 3487 θρόνου
2417 3417 2843 3481 καταπολαύσοι,
2877 3416 3129 3487 οὐδαμῶς
3181 3417 3283 3486 τῆς
3317 3420 3381 3471 ἐν
3437 3408 3729 3486 Χαλκηδόνι

2173 3510 2392 3565 συνόδου
2415 3510 2485 3564 δι’
2507 3509 2857 3580 ἁναθέματος
2882 3510 3109 3580 ἅψηται.
3144 3510 3314 3572 Αὐτὸς
3345 3502 3395 3565 δ⁴
3428 3513 3485 3564 ὲν
3511 3514 3644 3580 αὐτῇ
3671 3514 3729 3577 τῇ

2168 3604 2352 3674 ἡμέρᾳ
2383 3602 2505 3657 καθ’
2530 3602 2599 3675 ἢν
2630 3601 3045 3674 κεχειροτόνητο
3082 3604 3185 3656 ὑπὸ
3214 3603 3322 3656 τῶν
3372 3604 3534 3658 αὐτοῦ
3571 3622 3725 3656 σπου-

2166 3695 2377 3748 δαστῶν
2417 3694 2800 3765 διερεθισθεὶς,
2843 3691 2935 3747 ἐπ’
2963 3693 3221 3762 ἄμϐωνος
3264 3694 3497 3761 ἀναϐὰς,
3544 3693 3725 3748 ἀναθέσ

2158 3778 2301 3855 ματι
2328 3785 2499 3855 αὐτὴν
2530 3785 2913 3839 καθυπέϐαλλε
2938 3802 2955 3819 ο
2990 3785 3087 3839 καὶ
3115 3787 3405 3852 συνοδικὰς
3427 3789 3483 3842 δὲ
3507 3787 3725 3857 γράφων

2164 3876 2453 3940 ἐπιστολὰς
2512 3876 2693 3947 ῥητῶς
2741 3875 2917 3940 οὕτως
2966 3876 3267 3946 ἁναθέματι
3331 3879 3436 3950 τὴν
3488 3881 3544 3931 ἐν
3590 3877 3726 3929 Χαλ-

2163 3968 2348 4039 κηδόνι
2402 3967 2622 4024 σύνοδον
2672 3967 3010 4039 περιέϐαλε·
3068 3970 3200 4038 περὶ
3252 3967 3313 4021 οὗ
3346 3970 3419 4022 τὰ
3466 3967 3725 4040 εἰρημένα

2162 4062 2300 4134 πρὸς
2337 4061 2639 4116 ’Δλκίσωνα
2671 4061 2977 4133 γράμματα
3006 4065 3103 4114 καὶ
3141 4058 3312 4113 ταῦτα
3340 4061 3565 4129 διέξεισι
3591 4077 3604 4091 ·

2759 4174 3012 4231 ΚΕΦΔΛ.
3049 4173 3130 4230 A'.

2171 4273 2273 4327 Ἕκ
2293 4270 2413 4325 τῶν
2437 4268 2589 4340 πρὸς
2628 4270 2956 4340 Ἁλκισωτα
2983 4267 3362 4340 γραμμάτων,
3425 4268 3597 4325 ὁποῖα
3627 4263 3720 4321 καὶ

2299 4343 2431 4410 περὶ
2477 4338 2583 4395 τοῦ
2608 4338 2950 4405 δυσσεϐοῦς
2986 4341 3256 4407 Σευήρου
3284 4338 3605 4404 διεξίασιν.

555 4478 572 4511 ι
587 4454 890 4529 Synodales
905 4443 1179 4506 Timothei
1197 4444 1786 4517 Constantinopolitani
1805 4446 2050 4515 episcopi

2236 4454 2347 4508 «Τὰ
2369 4454 2470 4526 μὲν
2488 4453 2743 4507 συνοδικᾶ
2761 4450 3028 4522 Τιμοθέου
3051 4450 3147 4504 τοῦ
3170 4450 3262 4503 νῦν
3286 4450 3721 4507 Κωνσταντινου-

482 4552 572 4605 hie
611 4549 667 4602 in
706 4545 987 4602 Palaestina
1025 4552 1262 4611 receptae
1291 4547 1423 4593 sunt
1454 4556 1470 4594 :
1513 4537 1825 4594 Macedonii
1861 4549 2044 4592 autem

477 4654 534 4697 et
574 4636 817 4695 Flaviani
866 4631 1148 4689 abdicatio
1182 4639 1406 4701 recepta
1441 4645 1551 4685 non
1598 4642 1705 4695 est,
1746 4630 1913 4685 sicuti
1947 4646 2049 4686 ne—

478 4748 587 4803 que
630 4726 917 4802 synodalia
952 4726 1159 4795 scripta
1202 4722 1415 4780 Severi.
1452 4723 1597 4789 Quin
1642 4723 1721 4778 illi
1751 4724 1917 4778 etiam
1953 4724 2047 4793 qui

477 4840 573 4879 ras
613 4823 723 4876 huc
758 4818 1022 4885 attulere,
1054 4814 1325 4871 conviciis
1347 4823 1513 4885 atque
1542 4815 1913 4882 contumeliis,
1948 4830 2048 4884 pro

475 4934 542 4971 ro
601 4927 765 4984 atque
823 4910 1117 4975 convenit,
1172 4906 1381 4973 aﬂecti,
1440 4907 1577 4961 urbe
1632 4907 2042 4978 profugerunt:

476 5017 765 5076 propterea
800 5002 946 5072 quod
983 5001 1254 5055 adversus
1284 5013 1382 5053 eos
1412 4999 1647 5068 populus
1679 5007 1735 5052 et
1787 4999 2044 5053 monachi

473 5097 737 5153 commoti
771 5103 983 5149 essent.
1012 5096 1089 5148 Ac
1133 5107 1223 5146 res
1262 5092 1317 5144 in
1368 5090 1656 5145 Palaestina
1705 5092 1927 5160 quidem
1962 5092 2043 5145 sic

474 5208 533 5246 se
564 5191 830 5245 habuere.
879 5184 1183 5241 Antiochiae
1226 5194 1408 5238 autem
1442 5183 1695 5238 nonnulli
1734 5184 1789 5237 in
1820 5192 2046 5238 senten-

476 5284 601 5336 tiain
627 5295 819 5337 eorunt
852 5277 1073 5332 abducti
1098 5285 1249 5341 sunt,
1283 5277 1338 5329 in
1366 5276 1570 5345 quibus
1599 5276 1768 5331 etiam
1793 5285 1849 5329 et
1877 5274 2041 5329 Mari-

471 5390 576 5427 nus
609 5371 793 5442 Beryti
835 5370 1128 5439 episcOpus
1159 5385 1173 5422 :
1207 5367 1432 5437 quidam
1475 5376 1660 5421 autem
1694 5366 2035 5421 necessitate

468 5478 525 5519 et
572 5468 623 5521 vi
657 5464 858 5528 adacti,
910 5463 1122 5518 eisdem
1172 5461 1359 5517 Severi
1399 5461 1755 5532 synodalibus
1803 5461 2034 5524 litteris,

467 5560 762 5615 anathema
792 5557 954 5612 simul
989 5568 1046 5612 et
1084 5556 1137 5610 iii
1167 5555 1434 5627 synodum
1471 5567 1527 5609 et
1552 5555 1609 5609 in
1653 5554 1900 5624 reliquos
1938 5556 2033 5623 qui

467 5656 605 5708 duas
642 5641 861 5706 naturas
888 5661 983 5705 aut
1013 5650 1381 5720 proprietates
1411 5647 1595 5703 carnis
1630 5653 1687 5702 et
1719 5647 2033 5705 divinitatis

2159 4549 2368 4613 πόλεως
2405 4545 2598 4615 ἐδέχθη
2653 4543 2889 4599 ἐνταῦθα
2941 4546 3000 4596 ἐν
3061 4543 3495 4617 Παλαιστίνῃ⁶ή
3542 4542 3596 4596 δὲ
3626 4560 3720 4596 κα-

2160 4639 2408 4711 θαίρεσις
2468 4635 2806 4691 Μακεδονίσυ
2858 4634 2951 4688 καὶ
2982 4631 3288 4687 Φλαϐιανοῦ
3345 4635 3448 4687 οὐκ
3509 4632 3716 4703 ἐδέχθη,

2158 4734 2274 4788 ἀλλ’
2298 4733 2422 4787 οὐδὲ
2447 4734 2516 4785 τὰ
2546 4730 2803 4785 συνοδικὰ
2853 4730 3121 4801 Σευήρου.
3155 4729 3320 4782 Ἀλλὰ
3353 4733 3449 4784 καὶ
3494 4732 3541 4784 οἱ
3570 4728 3719 4798 κομί-

2153 4841 2346 4888 σαντες
2388 4822 2622 4877 ἐνταῦθα
2648 4820 2845 4887 ταῦτα,
2875 4822 3271 4890 ἀτιμασθέντες
3303 4824 3401 4875 καὶ
3436 4821 3719 4891 ύϐρισθέν-

2150 4935 2243 4981 τες
2292 4917 2480 4981 ἀξίως,
2537 4916 2743 4984 ἔφυγον
2780 4914 2881 4983 τῆς
2941 4914 3173 4978 πόλεως,
3235 4915 3322 4967 ἐπ’
3378 4916 3574 4977 αὐτοὺς
3622 4912 3713 4966 τοῦ

2149 5010 2325 5077 δήμου
2351 5024 2410 5060 τε
2439 5007 2534 5059 καὶ
2565 5008 2673 5058 τῶν
2728 5005 2979 5074 μοναχῶν
3028 5005 3383 5073 κινηθέντων.
3417 5005 3526 5057 Καὶ
3552 5006 3583 5072 ἠ
3620 5002 3716 5071 μὲν

2152 5099 2488 5167 Παλαιστίνη
2523 5099 2578 5150 ἐν
2612 5097 2822 5159 τούτοις
2855 5092 2947 5164 ἦν.
2994 5096 3116 5148 Τῶν
3146 5095 3191 5148 δ’
3239 5098 3295 5148 ἐν
3344 5096 3643 5164 Ἀντιοχείᾳ
3669 5093 3716 5143 οἱ

2153 5189 2253 5259 μὲν
2309 5187 2762 5257 συναρπαγέντες
2808 5186 3177 5256 ὑπήχθησαν,
3236 5187 3291 5252 ἐξ
3347 5181 3424 5239 ὧν
3454 5186 3569 5237 ἐστι
3627 5186 3717 5233 λαὶ

2149 5282 2393 5351 Μαρῖιος
2419 5281 2446 5331 ὁ
2473 5276 2718 5347 Βηρυτοῦ
2744 5275 3043 5338 ἐπίσκοπος
3063 5292 3078 5306 ·
3103 5278 3153 5330 οί
3176 5276 3234 5329 δὲ
3262 5278 3354 5346 βίᾳ
3385 5276 3480 5329 καὶ
3504 5274 3715 5343 ἀνάγκη

2151 5372 2440 5424 συνέθεντο
2493 5372 2605 5432 τοῖς
2637 5367 2939 5431 συνοδικοϊς
2971 5369 3238 5441 Σευήρου,
3271 5365 3715 5435 ἀναθεματισμὸν

2148 5467 2363 5535 ἔχουσιν
2395 5463 2511 5533 ἃμα
2553 5462 2650 5532 τῆς
2685 5460 2904 5513 συνόδου
2927 5460 3022 5513 καὶ
3049 5461 3158 5512 τῶν
3194 5460 3395 5513 λοιπῶν
3423 5458 3534 5511 τῶν
3567 5457 3715 5525 εἰρη-

2148 5560 2319 5610 κιύτων
2349 5556 2443 5607 δύο
2475 5553 2670 5624 φύσεις
2713 5554 2753 5623 ἢ
2784 5554 3054 5623 ἰδιότητας
3105 5554 3199 5605 ἐπὶ
3231 5554 3333 5624 τῆς
3385 5550 3587 5621 σαρκὸς
3616 5545 3708 5598 τοῦ

2146 5652 2352 5721 Κυρίου
2383 5648 2479 5713 καὶ
2508 5647 2606 5718 τῆς
2638 5646 2912 5718 θεότητος.
2946 5649 3008 5700 Οἱ
3036 5648 3090 5699 δὲ
3134 5647 3273 5714 μετὰ
3302 5648 3360 5699 τὸ
3390 5646 3447 5710 ἐξ
3470 5643 3711 5708 ἀνάγκης

539 5820 615 5887 (ι)
671 5817 826 5872 Μετὰ
883 5818 1127 5887 Σευῆρον
1202 5814 1635 5887 διακρινόμενος,
1696 5811 2068 5869 Thcodorusl

2174 5821 2257 5868 lor
2287 5813 2363 5868 lib
2436 5829 2498 5867 tt.
