4046 6478
361 449 379 466 θ
448 358 555 426 183

445 586 641 626 eorum
680 579 985 638 tentarunt,
1030 571 1333 641 praeclarus
1384 571 1474 625 ille
1516 572 1717 627 virtute
1769 571 2021 625 Theodo-

446 666 563 723 sius
594 674 910 737 suggestum
945 666 1295 729 conscendit,
1329 680 1395 720 ac
1447 664 1615 720 veluti
1651 663 1761 719 dux
1792 664 2020 735 quidam

446 766 502 812 et
552 757 855 828 imperator
916 773 1016 827 pro
1077 759 1348 813 concione
1393 756 1694 812 monastica
1755 755 2021 826 phalange

444 847 737 912 advocata,
779 856 1073 918 postquam
1135 832 1474 903 multitudini
1524 848 1805 904 silentium
1857 863 2021 902 manu

444 937 772 1008 designavit,
801 952 934 993 voce
983 938 1192 1009 majore
1238 938 1476 1000 sublata.
1513 939 1620 994 hoc
1652 938 1733 993 sic
1785 939 2022 993 tonitrus

340 1092 345 1099 _
446 1026 500 1078 in
531 1040 742 1081 morem
775 1026 1033 1081 detonuit
1086 1043 1101 1081 :
1150 1047 1168 1079 ι
1208 1026 1264 1083 Si
1317 1029 1441 1097 quis
1493 1037 1735 1097 quatuor
1780 1028 2022 1097 synodos

343 1114 357 1129 ‘
441 1125 678 1183 quatuor
705 1118 1017 1189 Evangeliis
1056 1134 1165 1174 non
1193 1128 1464 1190 exaequat,
1484 1121 1833 1175 anathema.»
1859 1120 2021 1191 705

445 1205 541 1263 llis
579 1207 769 1263 verbis
805 1209 991 1274 dictis,
1020 1211 1251 1279 perinde
1297 1219 1461 1281 atque
1509 1212 1741 1281 angelus
1769 1211 2019 1281 quidam,

442 1297 800 1355 multitudine
833 1301 888 1355 in
944 1310 1228 1370 stuporem
1285 1302 1563 1372 conjecta,
1609 1318 1738 1358 cum
1797 1302 2022 1358 silentio

442 1390 704 1446 omnibus
734 1392 1174 1462 inspectantibus
1197 1408 1294 1464 per
1320 1394 1555 1450 mediam
1616 1394 1835 1451 turbam
1889 1411 2020 1464 pro-

443 1481 613 1537 cessit
646 1498 661 1537 :
693 1491 749 1538 et
781 1483 1039 1541 homines
1065 1500 1259 1543 omnes
1301 1501 1427 1542 cum
1476 1488 1646 1542 animi
1695 1486 2019 1544 consterna-

446 1574 598 1627 tione
655 1574 760 1628 viri
797 1576 917 1646 ejus
965 1585 1228 1647 tanquam
1277 1579 1486 1648 egregii
1548 1579 1604 1633 in
1664 1578 1811 1634 bello
1861 1579 2020 1636 ducis

442 1665 736 1720 consilium
765 1666 1104 1738 factumque,
1135 1685 1251 1739 quo
1273 1679 1491 1727 sanctas
1530 1686 1654 1743 qua
1695 1671 1855 1727 dictae
1889 1684 2021 1729 sunt

443 1759 685 1828 synodos
713 1761 887 1817 sacris
921 1761 1198 1834 diptychis
1233 1765 1605 1820 inscribendis
1649 1766 2018 1822 accensendas

1674 366 2088 429 meruerit
2136 368 2495 461 CALLiSTt

449 479 634 533 omnia
683 493 741 533 se
804 478 1153 534 confecturos
1207 479 1330 532 rati.
1408 482 1580 548 Atque
1645 481 1733 532 ubi
1808 481 2012 533 animos

2127 481 2350 544 τούτους
2412 482 2613 550 σχοῖεν,
2642 480 2738 533 καὶ
2768 481 2828 532 τὸ
2860 480 2966 531 πᾶν
2997 477 3219 532 ἁνῦσαι.

3568 360 3702 427 ,184

3295 478 3385 541 Ὠς
3421 478 3477 530 δὲ
3511 480 3705 546 πεῖρεν

2123 576 2222 645 ἤδη
2256 576 2556 645 προσῆγον.
2586 574 2615 626 6
2665 573 2833 636 πολὺς
2874 573 2973 642 τὴν
3020 570 3224 643 ἀρετὴν
3271 570 3558 633 Θεοδόσιος
3618 571 3704 623 ἐπ’

2121 665 2440 735 ὀλρίϐαντος
2465 664 2695 731 ὰναὸἓις,
2722 660 2811 718 οἷά
2836 681 2921 726 τις
2970 662 3280 733 στρατηγὸς
3333 664 3433 715 καὶ
3464 661 3702 728 καθηγε-

2124 758 2261 829 μὼν,
2298 761 2429 830 περὶ
2454 760 2619 813 αὐτὸν
2655 758 2755 826 τὴν
2808 758 3106 829 μοναδικὴν
3139 759 3406 828 φάλαγγα
3434 758 3703 827 περιστῆ-

2123 867 2242 914 σας,
2283 850 2377 904 καὶ
2395 853 2462 921 τῇ
2487 852 2629 922 χειρὶ
2681 849 2761 922 τῷ
2807 850 3007 920 πλήθει
3064 849 3223 920 σιγὴν
3273 851 3552 919 σημήνας,
3604 846 3704 917 τὴν

2120 943 2306 1015 φωνὴν
2326 945 2541 1015 ἐπάρας
2579 943 2656 1007 είς
2702 942 2870 1014 μέγα,
2925 940 3070 994 οὕτω
3122 959 3177 995 τι
3214 939 3515 1011 βροντῶδες
3564 939 3703 1000 ἀπή-

2119 1052 2289 1106 χησεν
2317 1051 2333 1069 ο
2378 1055 2399 1087 ι
2431 1034 2607 1099 Εῐτις
2629 1035 2728 1097 τὰς
2763 1034 2805 1088 δ’
2841 1034 3017 1102 λέγων
3064 1033 3318 1095 συνόδους
3376 1032 3454 1100 μὴ
3507 1030 3700 1096 ἐπίσης

2117 1129 2231 1189 τοῖς
2259 1126 2554 1196 τέσσαρσιν
2584 1123 2943 1192 Εὐαγγελίοις
2974 1124 3183 1194 ἡγοῖτο,
3202 1121 3515 1191 ἀνάθεμα.»
3535 1117 3700 1172 Ταῦτ’

2121 1214 2311 1277 είπὼν,
2346 1216 2441 1269 καὶ
2472 1210 2562 1269 οἷά
2580 1232 2663 1278 τις
2700 1215 2933 1283 ἄγγελος
2967 1210 3334 1282 καταπλήξας
3370 1211 3436 1262 τὸ
3469 1207 3698 1276 πλῆθος.

2122 1311 2248 1375 σιγῇ
2284 1308 2503 1362 πάντων
2542 1306 2798 1378 ὁρώντων
2848 1305 2941 1359 διὰ
3000 1304 3172 1373 μέσου
3203 1301 3430 1374 ἐχώρει,
3481 1301 3701 1353 πάντων

2121 1401 2660 1469 καταπληττομένων
2681 1398 2776 1452 τοῦ
2799 1398 2990 1468 ἀνδρὸς
3018 1398 3079 1449 τὸ
3103 1397 3497 1465 στρατήγημαο
3518 1392 3610 1460 ἀφ’
3637 1391 3700 1445 οὗ

2118 1492 2184 1564 δὴ
2216 1494 2309 1547 καὶ
2333 1492 2431 1556 τάς
2475 1490 2779 1561 είρημένας
2832 1489 2992 1556 ἁγίας
3054 1488 3307 1549 συνόδους
3357 1486 3475 1547 τοῖς
3534 1485 3700 1553 ἱεροῖς

2116 1581 2409 1651 διπτύχοις
2469 1580 2690 1633 τάττειν
2738 1577 3163 1651 ἐνομοθέτησαν⁴
3228 1577 3329 1630 καὶ
3382 1575 3600 1647 βασιλεί
3642 1575 3698 1627 δὲ

2119 1673 2423 1742 γράμματα
2474 1674 2812 1742 πέμποντες,
2857 1669 2953 1724 τὸν
3005 1670 3203 1740 μέχρις
3229 1669 3470 1739 αἵματος
3508 1668 3694 1736 ἀγῶνα

2120 1762 2260 1832 ὑπὲρ
2286 1761 2491 1815 τούτων
2528 1762 2790 1832 ἐμήνυονο
2820 1759 2944 1830 μηδ’
2965 1759 3033 1814 ἂν
3066 1759 3181 1812 εἴτι
3208 1758 3305 1812 καὶ
3333 1758 3590 1825 γένηται,
3611 1757 3699 1808 οὺ-

442 1865 590 1915 esse,
620 1851 791 1907 veluti
823 1853 941 1924 lege
993 1854 1104 1911 lata
1153 1856 1372 1923 statuit,
1428 1855 1685 1912 admirati
1739 1866 1892 1914 sunt.
1948 1857 2012 1913 Et

2118 1850 2309 1920 δαμῶς
2349 1850 2613 1919 ἐκστῆναι
2648 1850 2757 1904 τῶν
2783 1849 3074 1918 πατρικῶν
3095 1846 3498 1916 διατεινόμενοι
3522 1860 3701 1913 παραυ

443 1941 658 1999 litteras
688 1943 756 1999 ad
791 1943 1183 2023 imperatorem
1232 1946 1449 2010 dantes.
1504 1959 1785 2005 certamen
1836 1964 1897 2003 se
1945 1950 2014 2005 de

438 2036 520 2089 eis
554 2037 620 2091 ad
651 2036 973 2103 sanguinem
1005 2053 1179 2109 usque
1212 2040 1498 2095 subituros
1531 2058 1544 2094 :
1579 2051 1761 2111 neque
1787 2041 2012 2097 etiamsi

439 2127 572 2198 quid
609 2129 844 2196 accidat,
872 2145 932 2186 se
958 2130 1075 2187 ullo
1104 2130 1271 2188 modo
1295 2147 1325 2185 a
1361 2131 1586 2187 Patrum
1619 2132 2018 2188 traditionibus

438 2221 781 2278 discessuros
806 2237 952 2288 esse,
1011 2223 1333 2279 indicarunt
1377 2233 1544 2293 atque
1595 2223 2012 2280 confirmarunt.

442 2311 646 2368 Deinde
674 2312 1109 2385 circumquaque
1131 2312 1385 2371 civitates
1414 2323 1791 2383 peragrantes,
1844 2315 2016 2371 veluti

439 2404 631 2459 invicti
690 2403 821 2458 belli
876 2403 1050 2465 duces
1100 2404 1363 2459 omnibus
1410 2403 1542 2462 facti
1604 2414 1735 2461 sunt
1789 2406 2013 2470 omnia,

438 2494 694 2552 homines
718 2494 1131 2561 conﬂrmantcs,
1177 2494 1243 2550 ad
1298 2494 2019 2552 fortitudinemcohortan-

440 2597 543 2653 tes,
599 2587 910 2643 socordiam
968 2590 1311 2652 excitantes.
1367 2588 1682 2644 haereticam
1745 2589 2013 2643 insaniam

439 2679 860 2748 praevenientes,
904 2678 1274 2750 pandit-antes
1320 2678 1564 2750 denique
1618 2678 1712 2734 Dei
1769 2680 2013 2735 Verbum

437 2771 800 2833 idem.simui
858 2772 1028 2826 Deum
1083 2772 1307 2841 quidem
1354 2779 1413 2826 et
1481 2771 1781 2836 hominem,
1845 2788 2011 2828 unam

435 2878 565 2918 vero
591 2863 713 2934 eius
738 2863 1148 2920 subsistentiam
1183 2864 1299 2919 sive
1328 2878 1619 2934 personam
1641 2878 1784 2928 esse,
1814 2874 2012 2920 natura

434 2964 728 3026 utrumque
767 2955 988 3020 borum,
1009 2956 1357 3013 divinitatem
1390 2956 1650 3012 videlicet
1672 2965 1728 3010 et
1757 2956 2013 3012 humani-

434 3058 625 3114 tatem,
658 3048 954 3103 habentem
993 3064 1005 3100 :
1040 3048 1095 3102 id
1126 3047 1271 3118 quod
1302 3047 1547 3120 synodus
1577 3062 1798 3119 quoque
1847 3047 2012 3104 Chal-

430 3143 763 3196 cedonensis
814 3141 1034 3205 docuit,
1086 3156 1209 3211 qua:
1261 3141 1429 3197 etiam
1503 3142 1885 3198 haereticorum
1944 3159 2009 3198 ex
2038 3176 2085 3235 ο

432 3240 673 3300 utraque
715 3241 870 3300 parte
909 3245 1129 3285 errores
1170 3230 1495 3286 declinavit.
1557 3231 1633 3287 Eo
1674 3232 1822 3287 enim
1862 3234 2010 3303 quod

430 3329 721 3386 personam
781 3333 945 3370 unam
1017 3317 1325 3386 profitetur,
1405 3319 1649 3376 Nestorii
1727 3321 2009 3376 vesaniam

434 3406 779 3476 repudiavit;
821 3408 968 3477 quod
1020 3425 1149 3463 vero
1201 3409 1338 3464 duas
1364 3420 1607 3465 maturas
1652 3411 2007 3480 depr'edicat,

434 3496 758 3568 Eutychetis
783 3506 841 3552 et
879 3497 1122 3552 Dioscori
1159 3499 1604 3554 contractionem
1638 3500 1847 3570 reiecit.
1887 3501 2006 3555 Non

432 3587 585 3643 enim
625 3587 717 3642 illa
742 3588 894 3659 juxta
924 3588 1164 3644 Nestorii
1213 3589 1556 3660 opinionem,
1591 3591 1646 3646 in
1671 3591 1840 3647 Filios
1870 3589 2011 3648 duos

428 3688 485 3734 et
521 3678 747 3733 totidem
789 3678 1178 3735 subsistentias
1224 3696 1396 3735 unum
1429 3680 1707 3737 Christum
1766 3682 1957 3738 divisit
1991 3701 2006 3739 :

432 3773 527 3827 sed
559 3787 738 3843 neque
779 3772 969 3828 itidem
1023 3771 1297 3845 Eutyches
1353 3781 1412 3830 et
1461 3773 1783 3839 Dioscorus,
1841 3782 2009 3845 atque

430 3866 597 3922 etiam
633 3865 895 3936 Severus,
947 3865 1003 3940 in
1053 3881 1218 3920 unam
1269 3876 1526 3922 naturam
1567 3865 1913 3923 divinitatem
1954 3877 2008 3924 et

431 3961 829 4033 humanitatem
855 3960 1020 4017 unius
1052 3959 1257 4023 Christi
1292 3958 1567 4025 confudit.
1600 3958 1738 4015 Cum
1766 3976 2006 4032 namque

430 4053 664 4108 istorum
709 4051 948 4123 quilibet
973 4050 1193 4122 longius
1224 4067 1389 4123 quam
1420 4060 1708 4122 oporteret
1737 4054 2009 4122 procede-

428 4154 534 4210 ret,
589 4143 965 4201 miserandum
1020 4144 1077 4197 in
1136 4144 1362 4198 modum
1423 4157 1491 4198 eo
1542 4143 1882 4208 reciderunt,
1947 4154 2010 4200 ut

428 4235 719 4291 Nestorius
771 4234 998 4305 Quidcm
1058 4234 1413 4300 divisionem,
1464 4234 1765 4291 Dioscorus
1821 4249 2006 4292 autem

427 4324 868 4381 contractionem
906 4339 921 4377 :
956 4333 1122 4393 atque
1155 4324 1248 4378 ille
1287 4323 1511 4393 quidem
1546 4324 1687 4380 duos
1714 4325 2008 4387 Filios,hic

426 4430 563 4470 vero
587 4428 658 4469 ne
684 4429 857 4472 unum
885 4415 1109 4485 quidem
1142 4416 1366 4484 proprie
1400 4414 1775 4485 proﬁteretur.
1819 4417 2006 4488 Siqui-

2115 1943 2338 1996 δόσεων.
2391 1943 2625 1996 Ἔπειτα
2656 1940 2751 1996 καὶ
2776 1941 2873 2004 τὰς
2903 1938 3065 2010 πέριξ
3094 1939 3326 2002 διιόντες
3369 1936 3580 1999 πόλεις,
3614 1929 3703 1987 οἷά

2115 2050 2265 2097 τινες
2297 2032 2677 2107 ἁπαρὰμιλλοι
2744 2033 3070 2104 στρατηγοὶ,
3094 2031 3207 2094 τοϊς
3232 2031 3370 2083 πᾶσι
3427 2028 3497 2081 τὰ
3528 2028 3703 2081 πάντα

2117 2130 2385 2197 ἐγένοντο·
2428 2128 2797 2199 στηρίζοντες,
2832 2126 3158 2199 ρωννύντες,
3199 2127 3265 2180 τὸ
3308 2126 3561 2200 ῥᾴθυμον
3585 2126 3696 2178 διε-

2114 2221 2418 2291 γείροντες,
2483 2223 2583 2291 τὴν
2666 2219 2955 2291 αἱρετικὴν
3007 2219 3208 2290 μανίαν
3265 2218 3700 2289 προφθάνοντεςο

2115 2313 2461 2375 διδάσκοντες
2491 2313 2567 2375 ὡς
2617 2314 2648 2366 6
2684 2312 2781 2366 τοῦ
2814 2311 2954 2365 Θεοῦ
3004 2312 3182 2379 Λόγος
3228 2311 3322 2379 εἴη
3377 2311 3481 2381 μὲν
3541 2307 3702 2370 αὐτὸς

2115 2405 2255 2474 ὁμοῦ
2304 2405 2439 2468 Θεὸς
2486 2406 2579 2458 καὶ
2622 2404 2935 2477 ἄνθρωπος·
2991 2405 3092 2473 μία
3119 2405 3179 2458 δὲ
3220 2405 3425 2459 τούτου
3461 2403 3700 2456 ὑπόστα-

2118 2515 2226 2561 σις,
2291 2497 2474 2551 εῐτουν
2539 2499 2851 2568 πρόσωπον,
2915 2498 3078 2569 φύσει
3160 2498 3374 2551 τούτων
3442 2499 3702 2566 ἑκάτερον

2114 2589 2338 2659 ἔχουσα,
2365 2591 2465 2659 τὴν
2491 2589 2720 2660 θεότητα
2756 2590 2958 2660 δηλαδὴ
2983 2588 3081 2644 καὶ
3120 2590 3221 2655 τὴν
3271 2590 3373 2644 ἀνο
3386 2592 3697 2659 ρωπὸτητκ’

2111 2677 2149 2732 ἃ
2186 2678 2253 2749 δὴ
2278 2679 2371 2731 καὶ
2398 2678 2499 2749 τὴν
2527 2679 2584 2731 ὲν
2613 2677 2919 2750 Χαλκηδόνι
2967 2676 3266 2749 κηρύττειν
3328 2680 3571 2743 σύνοδον,
3603 2678 3698 2738 τὰς

2113 2769 2203 2822 ἐπ’
2241 2768 2531 2839 ἀμφότερα
2556 2769 2668 2822 τῶν
2692 2768 2992 2838 αίρετικῶν
3040 2771 3412 2841 παρατροπὰς
3465 2767 3690 2836 διαφεύ-

2113 2862 2343 2928 γούσαν.
2390 2861 2464 2914 Τὸ
2495 2861 2605 2930 γὰρ
2656 2860 2946 2930 ὁμολογεῖν
2978 2859 3037 2912 ἓν
3089 2861 3395 2931 πρόσωπον
3455 2862 3555 2931 τὴν
3591 2859 3694 2912 Νε-

2113 2953 2328 3023 στορίου
2368 2951 2804 3022 φρενοϐλάϐειαν
2845 2954 3169 3006 ἀπωθεῖται*
3238 2948 3327 3017 οἷς
3386 2953 3444 3006 δὲ
3477 2952 3570 3033 δύο
3601 2950 3700 3020 cpti-

2113 3059 2225 3105 σεις
2256 3041 2490 3107 δοξάζει,
2523 3041 2623 3113 τὴν
2654 3041 2925 3111 Εὐτυχοῦς
2949 3044 3045 3094 καὶ
3088 3042 3391 3111 Διοσκόρου
3449 3042 3698 3108 συναίρε-

2116 3151 2200 3187 σιν
2252 3134 2647 3205 ἀποκρούεται.
2680 3134 2755 3187 υύ
2790 3134 2899 3204 γάρ
2930 3134 3071 3187 κατά
3093 3134 3398 3203 Νεστᾶριον
3435 3135 3515 3196 εἰς
3547 3134 3696 3194 Υἰοὺς

2113 3225 2207 3280 δύο
2233 3226 2327 3281 καὶ
2354 3226 2684 3288 ὑποστάσεις
2726 3224 2851 3289 ἴσας
2906 3226 3001 3278 καὶ
3030 3223 3172 3295 αὕτη
3222 3225 3323 3278 τὸν
3389 3226 3487 3278 ἕνα
3534 3223 3695 3285 διεῖλε

2113 3318 2370 3386 Χριστόν·
2400 3318 2517 3372 ἀλλ’
2541 3314 2652 3369 οὐδ’
2687 3317 2884 3386 ἐπίσης
2932 3303 3168 3382 Εὑτυχεῗ
3233 3317 3333 3370 καὶ
3394 3319 3695 3384 Διοσκίρῳ,

2114 3410 2254 3478 πρὸς
2284 3409 2343 3463 δὲ
2400 3409 2499 3463 καὶ
2528 3408 2781 3478 Σευήρῳ,
2837 3408 2915 3471 είς
2952 3407 3084 3478 μίαν
3132 3408 3297 3478 φύσιν
3333 3409 3556 3477 συγχέει
3601 3407 3697 3471 τὴν

2114 3502 2341 3569 θεότητα
2376 3502 2472 3554 κοιλ⁵
2524 3499 2921 3571 ἁνθρωπότητα
2944 3501 3036 3552 τοῦ
3080 3500 3199 3563 ἐνὸς
3247 3500 3518 3571 Χριστοῦ.
3552 3498 3687 3552 (it-6-

2112 3609 2302 3659 γοντες
2342 3593 2452 3664 γὰρ
2481 3593 2687 3647 τούτων
2719 3592 2952 3657 ἕκαστος
2979 3592 3200 3663 πλέονῆ
3228 3592 3362 3654 ἔδει,
3413 3595 3442 3647 6
3467 3594 3569 3663 μὲν
3600 3592 3697 3660 τὴν

2110 3684 2400 3756 διαίρεσιν,
2432 3686 2724 3756 Διόσκορος
2765 3685 2949 3754 δὲτὴν
2998 3685 3333 3756 συναίρεσιν’
3391 3693 3489 3738 καὶ
3532 3686 3558 3736 6
3599 3682 3696 3752 μὲν

2112 3781 2193 3842 είς
2220 3778 2280 3829 τὸ
2314 3775 2410 3831 δύο
2451 3776 2634 3844 λέγειν
2668 3777 2853 3842 Υἱοὺς,
2888 3777 2917 3829 6
2943 3776 2997 3829 δὲ
3047 3777 3123 3839 είς
3162 3777 3221 3829 τὸ
3252 3778 3465 3847 μηδένα
3496 3776 3694 3845 κυρίως

2109 3870 2416 3941 ὁμολογεῖν,
2471 3868 2673 3933 ἀθλίως
2736 3868 3022 3935 ἐξέπεσον.
3090 3868 3397 3939 Νεστὸριος
3451 3869 3560 3939 γάρ
3597 3867 3693 3935 τὴν

2111 3966 2375 4037 σύγχυσιν
2399 3964 2675 4031 δεδοικὼς,
2705 3965 2891 4037 σχέσει
2917 3965 3080 4035 μόνον
3106 3966 3285 4020 εἵτουν
3311 3966 3573 4036 αὐθεντίᾳ
3596 3963 3691 4033 τὴν

2107 4058 2209 4129 τῆς
2254 4056 2508 4127 θεότητος
2534 4055 2731 4110 ἕνωσιν
2776 4054 2931 4124 ἔλεγε
2964 4056 3220 4125 γενέσθαι
3283 4058 3356 4129 τῇ
3408 4053 3691 4127 ἅνθρωποι

2108 4164 2255 4219 τητι·
2302 4148 2379 4213 ὡς
2421 4146 2750 4215 συμϐαίνειν
2802 4146 2943 4216 μετὰ
3016 4147 3125 4201 τῶν
3181 4149 3403 4217 φύσεων
3453 4149 3548 4203 καὶ
3600 4144 3693 4197 δύο

2109 4236 2439 4308 πρεσϐεύειν
2480 4237 2662 4301 Υίοὺς,
2697 4237 2793 4291 καὶ
2823 4238 3154 4301 ὑποστάσεις
3198 4239 3412 4305 διττάς·
3448 4242 3544 4295 καὶ
3593 4236 3687 4290 ἕνα

2114 4331 2215 4398 μὲν
2257 4329 2387 4381 Υίὸν
2421 4329 2514 4382 τὸν
2550 4322 2748 4382 ἔπε’τοῦ
2785 4330 2999 4400 Πατρὸς
3063 4330 3250 4393 ίδικῶς
3324 4331 3680 4402 γεννηθέντα,

2109 4418 2267 4474 ἄλλον
2295 4418 2353 4471 δὲ
2397 4418 2489 4472 τὸν
2519 4420 2583 4470 ἐκ
2610 4418 2711 4487 τῆς
2738 4418 3042 4489 Παρθένου,
3071 4420 3258 4490 χάριτι
3290 4423 3460 4490 μόνον
3484 4422 3543 4473 τὸ
3588 4417 3687 4485 τῆς

426 4509 553 4564 dem
587 4506 874 4562 Nestorius
921 4505 1304 4562 confusionem
1347 4515 1621 4574 metuens,
1670 4509 1857 4577 σχέσει
1904 4510 2004 4579 (l),

2116 4508 2396 4572 υἱοθεσίας
2423 4506 2645 4580 ἀξίωμα
2669 4507 3119 4579 κληρωσάμενον.
3188 4510 3246 4563 '0
3274 4511 3331 4564 δέ
3387 4529 3452 4581 γε
3497 4511 3685 4565 δυστυ-

424 4604 535 4659 hoc
570 4611 676 4664 est.
710 4600 902 4655 habitu
932 4609 1114 4655 tamen
1145 4600 1484 4665 adventicio,
1514 4600 1633 4656 sive
1677 4602 2006 4658 auctoritate

427 4692 727 4763 acquisita.
787 4690 1101 4747 divinitatis
1158 4690 1420 4765 unionem
1481 4706 1609 4745 cum
1663 4692 2007 4750 humanitate

426 4784 626 4840 factam
657 4798 782 4851 esse
817 4782 957 4839 dixit
990 4802 1006 4840 :
1042 4783 1118 4837 ita
1145 4792 1205 4838 ut
1242 4797 1369 4849 cum
1404 4781 1621 4839 naturis
1666 4784 1807 4840 duos
1835 4783 2006 4843 Filios

423 4885 482 4931 et
542 4873 936 4931 subsistentias
985 4872 1128 4929 duas
1180 4872 1550 4943 praedicaret,
1602 4882 1771 4945 atque
1830 4890 2004 4935 unum

426 4967 651 5039 quidem
703 4966 903 5023 Filium
960 4981 1031 5022 ex
1092 4965 1256 5025 Patre
1326 4966 1685 5036 peculiariter
1738 4969 2002 5038 genitum,

427 5061 668 5115 alterum
697 5067 884 5119 autem
912 5057 1009 5129 qui
1061 5072 1131 5114 ex
1178 5055 1403 5128 Virgine
1465 5065 1630 5123 natus
1674 5057 1768 5123 sit,
1826 5060 2004 5128 gratia

426 5152 591 5208 modo
640 5150 910 5208 honorem
951 5149 1269 5220 adoptionis
1318 5147 1503 5204 ﬁlialis
1550 5149 1808 5205 sortitum
1838 5142 2001 5208 esse.

427 5243 622 5300 Infelix
649 5250 834 5297 autem
861 5242 1143 5313 Eutycbes
1170 5250 1228 5296 et
1285 5241 1585 5297 Dioscorus
1639 5249 1809 5311 atque
1869 5241 2000 5299 item

427 5338 686 5402 Severus,
716 5335 811 5405 qui
862 5350 923 5389 se
964 5343 1154 5404 postea
1183 5333 1295 5388 illis
1346 5331 1655 5405 conjunxit,
1705 5332 2000 5388 absurdam

425 5428 665 5484 Nestorii
689 5426 1019 5483 sententiam
1050 5424 1303 5481 reiellere
1326 5426 1593 5493 volentes,
1627 5422 1830 5479 malum
1861 5427 2002 5482 malo

424 5522 683 5579 medicati
715 5530 867 5585 sunt,
917 5530 975 5575 et
1011 5521 1178 5575 stulte
1206 5517 1276 5572 ad
1324 5518 1709 5573 absurdiorem
1747 5519 1998 5583 haeresim

424 5615 789 5679 defluxerunt,
852 5621 1103 5667 naturam
1168 5626 1361 5675 unam,
1412 5609 1722 5665 divinitatis
1787 5610 1915 5666 dico
1946 5623 2000 5666 et

493 5727 567 5794 (1)
616 5726 682 5779 Ἥ
720 5727 904 5795 σχέσις
934 5725 1029 5776 ἐπὶ
1062 5723 1342 5795 τῶνᾼπρός
1364 5740 1415 5774 τι
1447 5722 1687 5789 λέγεται,
1717 5718 1830 5776 οἷον
1865 5725 1999 5792 1:93.;

422 5792 663 5869 πατέρα,
700 5792 835 5859 υἱός.
866 5796 975 5851 Hoc
1010 5803 1114 5860 est,
1151 5792 1371 5847 Habitus
1399 5796 1460 5847 de
1514 5798 1587 5846 cis
1612 5795 1827 5852 dicitur.
1885 5812 2001 5863 σιω

2109 4602 2207 4672 χὴς
2248 4602 2518 4673 Εὐτυχὴς,
2543 4601 2682 4672 πρὸς
2710 4600 2767 4654 δὲ
2798 4602 2896 4656 καὶ
2927 4590 3241 4674 Διόσκορος,
3290 4606 3384 4658 ναὶ
3438 4603 3547 4675 μὴν
3598 4602 3685 4653 καὶ

2107 4690 2399 4761 Σευῆροςὸ
2456 4691 2674 4754 τούτοις
2712 4690 3118 4762 παραζευχθεὶς
3172 4693 3428 4764 ὕστερον,
3477 4692 3540 4745 τὸ
3562 4691 3685 4743 ἄτο-

2106 4798 2207 4835 πον
2227 4783 2392 4853 δῆθεν
2421 4784 2722 4853 Νεστορίου
2756 4783 3007 4848 θέλοντες
3055 4784 3384 4856 διελέγχειν,
3438 4784 3594 4851 κακῷ
3618 4780 3679 4835 τδ

2106 4876 2277 4930 κακον
2314 4876 2526 4943 ίῶνται,
2560 4879 2642 4939 εἰς
2681 4879 3049 4947 ατοπωτέραν
3097 4879 3345 4948 ἀνοήτως
3393 4876 3679 4931 ἐκκλίναν-

2104 4979 2196 5029 τες
2224 4966 2460 5037 αἵρεσινο
2493 4966 2626 5038 μίαν
2681 4969 3055 5039 τολμήσαντες
3094 4968 3258 5039 φύσιν
3310 4968 3675 5035 ἐπονομάσαι,

2105 5056 2362 5127 θεότητος
2388 5056 2537 5126 λέγω
2580 5058 2677 5111 καὶ
2741 5057 3195 5129 ἀνθρωπότητος,
3225 5059 3287 5113 τό
3353 5076 3416 5129 γε
3465 5061 3547 5120 εἰς
3590 5055 3656 5109 αὑ

2104 5150 2233 5211 τοὺς
2260 5141 2417 5221 ἧκον,
2458 5148 2519 5201 τὸ
2555 5148 2771 5212 ἀπαθὲς
2826 5149 2928 5219 τῆς
2964 5150 3220 5222 θεότητος
3248 5152 3328 5214 είς
3378 5150 3553 5211 πάθος
3584 5163 3679 5200 και

2106 5245 2388 5311 τάγοντες.
2424 5243 2485 5296 Ei
2513 5242 2623 5312 γὰρ
2660 5242 2791 5313 μίαν
2833 5242 3060 5313 δοίημεν
3114 5243 3376 5312 γενέσθαι
3428 5244 3529 5303 τὰς
3586 5237 3678 5288 ἐπὶ

2106 5333 2326 5404 Χριστῷ
2390 5333 2814 5404 συνδραμούσας
2860 5333 3057 5403 φύσεις
3107 5335 3254 5389 κατὰ
3315 5336 3406 5387 τὸν
3454 5328 3677 5395 ὲκείνῳν

2104 5428 2293 5499 λῆρον,
2321 5429 2349 5480 ὁ
2376 5428 2433 5481 δὲ
2459 5427 2592 5489 Θεὸς
2620 5429 2714 5480 καὶ
2749 5427 3063 5497 ἅνθρωπος,
3100 5429 3439 5499 συμμετέχει
3461 5426 3675 5483 πάντως

2105 5520 2339 5574 θανάτου
2378 5520 2475 5579 καὶ
2523 5519 2797 5590 ήθεότης,
2840 5520 2982 5573 ’Λλλ’
3019 5522 3295 5593 ὲμφράξοι
3351 5520 3561 5579 τούτοις
3615 5512 3677 5563 τὸ

2108 5614 2284 5684 στόμα
2337 5613 2545 5683 Πέτρος
2571 5614 2601 5667 6
2633 5615 2933 5683 κορυφαῖος
2965 5614 3074 5669 τῶν
3104 5610 3345 5686 Χριστοῦ
3396 5607 3674 5685 μαθητῶν,

2107 5731 2241 5779 inter
2264 5742 2318 5780 se
2350 5726 2569 5779 invicem
2600 5726 2904 5781 relationem
2935 5729 3163 5782 habent:
3192 5729 3347 5783 sicuti
3374 5727 3442 5781 ad
3469 5731 3671 5793 patrem

2103 5799 2268 5865 ﬁlius,
2310 5806 2358 5851 et
2388 5804 2592 5857 contra.
2635 5797 2838 5869 (δύω.)
