4046 6460
506 356 608 420 187

1699 350 2121 409 ΝΗἸΕΙἸΙΟΚΙ
2159 343 2502 404 CALle'I‘l

3647 364 3733 429 188

503 478 845 544 imperatore
886 469 1039 523 missi
1073 468 1313 532 fuerant,
1352 466 1762 519 tumultuanter
1800 478 1865 517 ex
1898 461 2049 515 ercle

2179 456 2437 525 φθέντας.
2474 458 2679 512 Πολλοῦ
2708 460 2753 512 δ’
2788 461 2987 516 ἔπειτα
3021 465 3116 517 καὶ
3149 466 3310 522 ἄλλου
3358 470 3588 542 πλήθους
3622 479 3735 547 συρ.

502 566 582 618 sia
616 565 922 634 cjecerunt.
948 562 1128 629 Atque
1161 559 1255 613 ubi
1282 570 1470 628 postea
1501 559 1607 612 alia
1631 573 1855 627 quoque
1882 570 2075 608 eorum

502 657 795 710 multitudo
826 655 1113 716 conﬂuxit,
1159 654 1212 706 in
1262 654 1479 706 illorum
1522 660 1844 721 conspectu,
1884 662 2076 715 magna

501 765 625 803 rum
662 747 882 808 ﬁducia.
911 763 1005 801 eos
1039 747 1132 815 qui
1193 762 1318 799 cum
1362 746 1568 799 Severo
1628 740 2074 796 communionem

501 838 797 901 habebant,
836 836 1177 890 anathemati
1213 836 1594 905 subjecerunt.
1630 833 1941 902 Imperator
1984 847 2077 884 ve-

500 946 560 981 ro
592 928 804 983 amoliri
841 945 869 982 a
903 929 1099 982 sehoc
1129 935 1342 981 tantum
1371 926 1614 980 dedecus
1648 928 1839 976 volens
1889 916 2097 991 Olym-°

499 1022 645 1089 pium
679 1008 997 1091 quemdam,
1024 1020 1111 1073 cui
1162 1019 1429 1074 militares
1475 1017 1529 1070 in
1565 1015 1853 1071 Pala‘stina
1889 1013 2076 1083 copias

493 1115 771 1178 attribuit,
814 1115 1083 1168 adversus
1123 1128 1218 1168 eos
1261 1114 1412 1166 misit
1444 1129 1457 1165 :
1493 1111 1587 1179 qui
1638 1111 1903 1178 imperata
1972 1124 2072 1175 pro

495 1207 768 1276 imperiali
810 1216 1101 1275 potestate,
1132 1206 1526 1260 ecclesiasticis
1556 1202 1941 1257 sanctionibus
1977 1216 2073 1255 ne-

495 1299 712 1367 glectis,
739 1307 1156 1366 exsequeretur.
1197 1298 1295 1351 llic
1326 1297 1493 1351 simul
1528 1306 1696 1363 atque
1749 1292 2069 1364 Hierosoly-

498 1404 583 1440 ma
615 1388 787 1448 venit,
817 1388 1064 1441 divinum
1090 1387 1302 1441 Heliam
1327 1386 1458 1441 sede
1519 1386 1816 1455 episcopali
1882 1386 2066 1457 ejecit‘,

494 1490 657 1548 atque
686 1481 738 1533 in
763 1480 881 1550 ejus
907 1481 1085 1534 locum
1121 1479 1389 1535 Joannem
1448 1477 1745 1547 quemdam
1803 1476 2067 1531 Marciani

496 1571 693 1635 tilium,
731 1587 854 1626 cum
887 1571 1089 1627 Severo
1122 1571 1342 1641 quidem
1383 1569 2069 1638 commu'nicantem,'syn-

497 1663 666 1717 odum
718 1675 901 1719 autem
955 1665 1466 1720 Clialccdonensem
1502 1662 1838 1733 rejicientem
1876 1664 2069 1718 subro-

492 1755 659 1823 gavit.
690 1754 806 1822 Qua
837 1754 903 1810 de
937 1772 993 1810 re
1021 1758 1221 1810 certior
1245 1756 1423 1809 factus
1451 1754 1683 1819 Sabbas,
1709 1763 1765 1808 et
1789 1770 1911 1823 quae
1939 1769 2064 1809 cum

2189 554 2507 622 ρεύσαντος,
2544 554 2896 625 θαρρούντως
2930 560 3017 610 ἐπ’
3051 559 3240 628 ὄψεσιν
3268 565 3489 619 ἐκείνων
3529 571 3645 632 τοὺς
3666 572 3734 641 τῷ

2186 645 2412 716 Σευήρῳ
2471 647 2868 711 κοινωνοῦντας
2927 650 3203 705 ὑπέὀαλον
3253 657 3568 726 ἁναῦέματι.
3626 662 3736 715 Ἐπὶ

2184 735 2247 805 δὴ
2305 737 2482 808 τούτῳ
2545 739 2645 808 τὴν
2706 741 2978 811 τοσαύτην
3028 746 3296 815 αἰσχύνην
3350 750 3735 821 ἀποτρίψασθαι

2186 823 2475 896 βουληθεὶς
2504 827 2531 879 ὁ
2564 830 2810 896 κρατῶν,
2865 832 3153 904 Ὀλυμπίῳ
3193 838 3300 890 τινὶ
3331 839 3427 901 τὰς
3460 842 3517 892 ἐν
3556 841 3737 894 Παλαι-

2192 917 2348 989 στίνῃ
2375 920 2656 988 παραδοὺς
2683 922 2970 991 δυνάμεις,
3016 927 3140 978 κατ’
3173 928 3401 981 ἐκείνων
3456 931 3737 1001 ἐξέπεμπε·

2180 1008 2475 1081 δυναστείᾳ
2502 1010 2781 1083 βασιλικῇ,
2828 1015 2890 1067 οὐ
2922 1013 3150 1083 θεσμοῖς
3196 1018 3524 1090 Ἐκκλησίας
3553 1024 3737 1090 πρᾶξαι

2179 1100 2241 1153 τὸ
2272 1099 2654 1171 κελευόμενον.
2703 1104 2757 1157 '0
2788 1105 2845 1159 δὲ
2879 1106 2996 1175 ἅμα
3030 1105 3421 1184 Ἰεροσολύμων
3446 1112 3633 1182 ἐπέϐη,
3656 1116 3738 1165 τὸν

2183 1192 2283 1262 μὲν
2315 1193 2459 1247 θεῖον
2496 1194 2688 1249 Ἧλίαν
2711 1201 3078 1261 κατασπάσας
3103 1200 3198 1253 τοῦ
3226 1201 3439 1274 θρόνου,
3466 1203 3739 1273 ὑπερόριον

2179 1286 2446 1358 ἔπεμπεν.
2485 1288 2743 1357 Ἰωάννην
2791 1290 2846 1343 δέ
2893 1309 3012 1344 τινα
3060 1293 3154 1345 τὸν
3200 1294 3518 1363 Μαρκιανοῠ
3564 1295 3737 1359 παῖδα,

2180 1380 2462 1433 κοινωνεῖν
2498 1381 2597 1449 μὲν
2623 1381 2849 1451 Σευήρτρ
2891 1382 3246 1454 συνθέμενον,
3296 1388 3396 1456 τὴν
3427 1388 3471 1440 δ’
3519 1389 3572 1440 ὲν
3605 1389 3741 1441 Χαλ-

2178 1472 2365 1540 κηδόνι
2391 1473 2612 1537 σύνοδον
2633 1476 3038 1544 ἑκκηρύξαντα,
3063 1479 3138 1548 τῷ
3168 1478 3342 1550 θρόνῳ
3368 1480 3738 1551 ἀντικαθίσεη.

2182 1564 2248 1615 'U
2279 1563 2343 1634 δὴ
2375 1563 2568 1631 μαθὼν
2604 1566 2821 1630 Σάὸὅας
2851 1570 2947 1621 καὶ
2984 1572 3011 1622 ὁ
3045 1570 3181 1640 περὶΓ
3208 1572 3376 1625 αὐτὸν
3406 1572 3545 1643 ἱερὸς
3584 1590 3738 1642 στρα-

2176 1655 2286 1720 τὸς,
2315 1657 2594 1727 εἰστρέχει
2622 1659 2681 1710 τὸ
2716 1662 2931 1717 στάδιον
2966 1657 3145 1726 αὖθις.
3179 1664 3289 1716 Καὶ
3319 1664 3611 1735 Ὀλύμπιος
3647 1667 3738 1727 μὲν

2176 1747 2468 1818 ἀνεχώρει,
2500 1749 2601 1819 ἤδη
2633 1750 2770 1820 πρὸς
2794 1752 2920 1804 νοῦν
2964 1754 3024 1805 τὸ
3079 1755 3312 1824 πρᾶγμα
3343 1755 3539 1826 βαλών·
3592 1756 3664 1826 τῷ
3687 1759 3738 1810 δὲ

491 1863 560 1901 eo
588 1859 705 1900 erat
738 1864 892 1903 sacra
922 1849 1142 1915 cohors,
1177 1848 1231 1902 iu
1264 1848 1499 1902 stadium
1537 1862 1731 1901 rursus
1762 1847 2054 1916 procurrit.

2174 1838 2278 1900 νέῳ
2306 1842 2628 1914 πατριάρχῃ
2653 1843 2731 1914 τῷ
2765 1843 2990 1917 Ἰωάννῃ
3030 1851 3367 1918 περιτυχὼν,
3417 1850 3595 1905 ἔπειθε
3642 1868 3738 1921 μη·

488 1941 663 2009 Atque
684 1941 831 2011 quod
859 1940 1141 2013 Olympius
1178 1958 1290 1997 rem
1319 1941 1492 2011 ipsam
1532 1941 1748 1994 tandem
1801 1955 1987 1995 secom
2013 1940 2066 1993 in

464 2035 673 2087 sanitno
707 2034 1063 2089 considerans
1091 2044 1506 2099 retrocesserat,
1535 2051 1658 2087 cum
1706 2033 1920 2089 Joanne
1962 2050 2067 2088 no-

487 2143 556 2181 vo
584 2127 891 2195 patriarcha
921 2126 1133 2182 Sabbas
1176 2127 1504 2192 collocutus,
1544 2128 1593 2183 ei
1654 2128 1850 2191 suasit,
1888 2138 1949 2182 ut
2005 2144 2065 2184 se

484 2237 514 2273 a
545 2219 730 2275 Severi
758 2222 1148 2275 eontmunione
1174 2222 1500 2287 abstineret,
1557 2234 1613 2276 et
1646 2223 2065 2278 Chalcedonen-

484 2328 599 2367 sent
638 2315 906 2384 synodum
946 2314 1027 2367 vel
1052 2328 1179 2367 cum
1217 2314 1504 2384 sanguinis
1526 2314 1849 2369 eﬂ'undendi
1914 2317 2061 2384 peri-

483 2405 609 2461 culo
658 2414 928 2461 tueretur.
963 2406 1119 2473 Quod
1153 2407 1242 2461 ille
1273 2408 1438 2461 etiam
1478 2408 1701 2461 Patrum
1740 2412 2060 2478 persuasio-

484 2497 651 2551 nibus
716 2510 1037 2553 reverenter
1085 2501 1377 2568 susceptis,
1444 2508 1504 2556 et
1557 2502 1728 2569 pactis
1775 2504 2065 2559 conventis

482 2605 608 2642 rum
640 2588 892 2659 Olympio
951 2592 1104 2646 initis
1152 2593 1438 2663 neglectis,
1486 2594 1636 2648 fecit.
1689 2594 1765 2648 Ea
1827 2610 1956 2649 vero
2004 2613 2061 2652 re

482 2679 784 2751 imperator
817 2683 1087 2746 oﬂ'ensus,
1123 2683 1375 2754 Olympio
1408 2689 1785 2757 magistratum
1824 2689 2059 2757 adstitit,

479 2782 535 2826 et
560 2774 614 2827 in
650 2773 995 2830 Palaestinam
1029 2778 1226 2831 ducem
1261 2776 1615 2834 Anastasium
1654 2781 1707 2833 in
1775 2780 1925 2836 illius
1975 2783 2058 2838 lo-

478 2883 603 2920 cum
637 2868 927 2924 suffectum
967 2871 1140 2925 misit.
1159 2868 1262 2938 Qui
1301 2872 1391 2927 ubi
1424 2888 1490 2928 eo
1544 2873 1818 2943 pervenit,
1860 2886 2060 2944 praeter

477 2959 745 3015 rationem
781 2964 1006 3031 exsequi
1042 2979 1106 3018 ea
1147 2980 1269 3032 quae
1298 2965 1597 3035 imperator
1629 2968 1815 3032 vellet,
1857 2969 1910 3023 in
1936 2970 2057 3024 ani-

476 3065 569 3104 mo
621 3051 856 3119 habens,
893 3054 1162 3109 Joannem
1219 3058 1544 3121 statim,vne
1607 3061 1777 3114 verbo
1825 3062 2054 3130 quidem

2177 1930 2367 1999 δαμῶς
2401 1934 2624 2005 Σευήρῳ
2654 1938 2731 1999 εἰς
2769 1941 3060 1992 κοινωνίαν
3090 1941 3268 2010 ἥκειν,
3304 1943 3403 2009 τῆς
3433 1943 3477 1996 δ’
3523 1945 3578 1994 ὲν
3608 1943 3738 1996 Χαλ-

2177 2023 2363 2093 κηδόνι
2396 2026 2617 2079 συνόδου
2651 2027 2749 2080 καὶ
2800 2032 2998 2101 μέχρις
3033 2032 3268 2100 αἵματος
3309 2034 3736 2089 διακινδυνεύειν.

2179 2115 2247 2172 ⁸0
2266 2117 2331 2187 δὴ
2360 2122 2453 2172 καὶ
2496 2122 2669 2174 ἐποίει
2699 2122 2797 2191 τὴν
2827 2124 2933 2175 τῶν
2974 2114 3234 2197 Πατέρῖυν
3264 2128 3555 2196 εἰσήγησιν
3593 2129 3737 2180 εὐλα-

2172 2210 2462 2280 ϐούμενος,
2500 2215 2609 2267 τῶν
2644 2216 2782 2285 πρὸς
2804 2215 3107 2287 Ὀλύμπιον
3139 2221 3427 2290 συνθηκῶν
3456 2222 3734 2293 ἀλογήσας.

2170 2302 2288 2371 Ἐφ’
2312 2299 2392 2369 οἷς
2441 2309 2836 2378 ἀγανακτήσας
2893 2312 2922 2363 ὁ
2980 2311 3258 2380 βασιλεὺς,
3322 2316 3588 2386 παραλύει
3646 2316 3737 2386 μὲν

2184 2394 2485 2464 Ὀλύμπιον
2517 2399 2611 2467 τῆς
2646 2400 2825 2470 ἀρχῆς
2853 2418 2866 2432 ·
2905 2402 3241 2475 Παλαιστίνῃ
3284 2405 3343 2457 δὲ
3366 2406 3535 2459 δοῦκα
3566 2423 3733 2477 χειρο·

2167 2488 2403 2566 τονήσας
2441 2489 2798 2545 Ἀναστάσιυν
2829 2494 3103 2565 ἔπεμπεν
3134 2496 3192 2558 ὃς
3221 2499 3406 2551 ἐκεῖσε
3436 2500 3734 2568 γενόμενος,

2168 2580 2262 2631 καὶ
2316 2580 2392 2647 τῷ
2445 2580 2658 2651 βασιλεῖ
2695 2585 2984 2655 ⁵πράττειν
3026 2586 3239 2654 ἀλόγως
3279 2589 3454 2645 θέλων
3498 2591 3566 2644 τὰ
3610 2591 3734 2659 πρὸς

2167 2670 2385 2742 βουλῆς,
2421 2674 2559 2742 μηδὲ
2606 2674 2765 2743 ψιλοῦ
2812 2677 2974 2746 λόγου
3000 2679 3092 2731 τὸν
3145 2682 3408 2754 Ἰωάννην
3463 2685 3732 2753 μεταδοὺς,

2164 2763 2363 2815 αὐτίκα
2394 2764 2762 2839 δεσμωτηρίῳ
2813 2769 3125 2841 καθείργει·
3180 2772 3306 2842 βίαν
3372 2775 3611 2843 ἐπάγων,
3645 2776 3734 2842 τῆς

2165 2854 2268 2924 μὲν
2298 2859 2355 2909 ὲν
2386 2858 2693 2931 Χαλκηδόνι
2723 2862 2945 2915 συνόδου
2994 2863 3294 2936 ὑπερορᾷν,
3345 2868 3446 2940 τὴν
3481 2870 3538 2923 δὲ
3573 2870 3733 2938 Σευή-

2164 2964 2258 3017 ρου
2292 2952 2580 3004 κοινωνίαν
2608 2953 2975 3016 ἀσπάζεσθαι.
3021 2956 3080 3011 ’0
3132 2958 3188 3010 δὲ
3237 2959 3544 3030 λεληθότως
3571 2964 3734 3033 Ζαχα-

2164 3037 2257 3110 ρίᾳ
2288 3039 2365 3105 τῷ
2418 3043 2670 3114 προέδρῳ
2735 3046 3078 3117 Καισαρείας
3138 3053 3521 3121 συγγεγονὼς,
3578 3054 3731 3124 ﬁmus

478 3157 607 3194 cum
667 3159 736 3197 eo
800 3147 1237 3210 communicato,
1307 3147 1363 3202 in
1414 3164 1695 3206 carcerem
1766 3154 2051 3223 coniecit:

2161 3133 2326 3204 τέχνῃ
2356 3134 2425 3187 τὰ
2460 3135 2768 3219 πράγματα
2803 3137 3087 3207 μετελθεῖν
3118 3141 3212 3194 τοῦ
3258 3136 3462 3215 καιροῦ
3495 3147 3733 3199 κατεπεί-

478 3232 645 3302 708
695 3249 936 3303 euntque
1007 3237 1057 3289 vi
1102 3246 1162 3290 ut
1216 3238 1487 3308 synodum
1541 3241 2054 3299 Chalcedonensem

474 3325 786 3393 despiceret
814 3336 982 3397 atque
1028 3327 1220 3383 Severi
1255 3332 1702 3387 communionem
1761 3336 2058 3404 amplecte-

474 3426 653 3483 retur,
687 3434 886 3486 cogere
944 3436 1238 3491 aggressus
1286 3433 1394 3479 est.
1440 3424 1681 3481 Joannes
1735 3430 1881 3496 quod
1928 3446 2054 3485 cum

474 3506 737 3563 Zacharia
762 3510 1020 3565 (Σαβαῖον
1058 3513 1358 3568 Palaestina:
1379 3516 1622 3570 antistite
1645 3528 1859 3573 secreto
1888 3522 2058 3583 collo.

473 3610 659 3664 cutus.
683 3605 936 3663 audierat
968 3615 1209 3675 tempore
1244 3607 1522 3677 ﬂagitante
1563 3620 1879 3679 opportuna
1907 3602 2053 3669 frau-

471 3694 541 3746 de
577 3708 664 3748 res
695 3698 962 3763 gerendas
993 3711 1112 3751 esse
1145 3715 1161 3752 :
1196 3698 1319 3752 duci
1343 3713 1401 3753 se
1432 3699 1577 3769 quod
1625 3700 1714 3755 ille
1737 3703 1926 3772 vellet,
1976 3704 2055 3760 fa-

470 3799 600 3837 cere
627 3796 877 3854 paratum
910 3802 1052 3849 esse.
1093 3789 1376 3858 pollicitus
1428 3800 1534 3858 est,
1593 3793 1638 3848 si
1709 3797 1874 3850 modo
1927 3807 2052 3866 post

467 3876 702 3931 duorum
727 3878 938 3933 dierum
970 3882 1309 3936 curriculum
1333 3899 1363 3938 e
1390 3883 1644 3939 custodia
1667 3887 2047 3943 emitteretur:

468 3985 537 4023 ne
568 3970 1020 4043 scilicet,inquit,
1054 3978 1340 4030 videamur
1388 3976 1460 4041 vi,
1521 3994 1628 4032 non
1683 3982 2048 4048 persuasione

464 4062 713 4129 adducti,
752 4065 804 4120 id
838 4068 984 4135 quod
1011 4066 1332 4137 imperatori
1377 4071 1640 4139 placitum
1676 4083 1785 4134 est.
1836 4073 2045 4129 facere.

463 4157 643 4223 Atque
667 4156 720 4209 id
755 4156 829 4211 ita
859 4158 1087 4213 factum.
1126 4161 1191 4214 Et
1225 4163 1542 4230 patriarcha
1599 4165 1850 4218 custodia
1905 4166 2048 4222 libe-

464 4257 646 4314 ratus,
675 4252 1073 4307 monachorum
1107 4255 1399 4308 cohortem
1457 4257 1511 4309 in
1560 4258 1826 4327 templum
1879 4260 2043 4328 primi

462 4340 682 4392 diaconi
717 4340 1003 4410 Stephani,
1048 4356 1105 4398 nt
1132 4346 1481 4413 prad'ractam
1518 4347 1905 4403 haereticorum
1962 4361 2044 4404 te-

465 4431 775 4486 meritatem
839 4433 1105 4497 frenaret,
1187 4440 1567 4493 convocavit:
1640 4453 1808 4510 atque
1892 4443 2041 4498 aliud

2161 3243 2370 3294 γοντος,
2403 3227 2498 3279 καὶ
2530 3229 2967 3296 ἐπαγγείλασθαι
2999 3232 3079 3301 τῷ
3101 3232 3278 3301 δουκὶ,
3324 3241 3442 3292 πᾶν
3468 3241 3520 3295 εῐ
3539 3256 3586 3292 τι
3626 3238 3735 3309 βου-

2161 3319 2378 3391 λομένῳ
2409 3322 2518 3392 εἴη,
2550 3323 2833 3393 πρόθυμος
2862 3325 3018 3396 δρᾷν,
3066 3328 3115 3380 εί
3141 3328 3242 3398 τῆς
3287 3335 3543 3404 φρουρᾶς
3587 3334 3735 3402 μόνον

2158 3410 2507 3483 ἀπαλλαγείη
2560 3414 2698 3482 μετὰ
2733 3413 2827 3467 δύο
2869 3415 3039 3483 ἡλίων
3082 3419 3491 3492 παραδρομήν·
3553 3425 3635 3477 ἵνα
3663 3425 3731 3493 μή

2158 3519 2292 3567 τισι,
2326 3507 2483 3574 φησὶ,
2515 3504 2758 3575 δόξωμεν
2790 3506 2881 3577 βίᾳ
2911 3507 3007 3559 καὶ
3031 3509 3092 3561 οὐ
3130 3512 3313 3562 πειθοῖ
3340 3514 3403 3565 τὸ
3437 3515 3512 3584 τῷ
3537 3515 3734 3586 βασιλεί

2155 3593 2345 3646 δοκοῦν
2378 3596 2640 3651 ἐκτελεῖν.
2679 3599 2787 3651 Καὶ
2818 3597 2979 3650 τοῦτο
3015 3599 3118 3668 μὲν
3168 3603 3386 3668 ἐγίνετο
3410 3622 3423 3635 ο
3459 3609 3554 3660 καὶ
3583 3609 3610 3660 6
3639 3626 3732 3660 ππ.-

2155 3687 2425 3757 τριάρχης
2448 3690 2631 3740 ἀνίετο
2660 3690 2757 3758 τῆς
2787 3691 3034 3761 εἱρκτῆς.
3058 3693 3412 3761 Συγκαλέσας
3431 3701 3487 3754 δὲ
3516 3702 3574 3753 τό
3606 3702 3728 3769 πλῆα

2156 3777 2247 3841 θος
2293 3780 2407 3832 τῶν
2462 3782 2720 3850 μοναχῶν
2759 3782 2838 3851 τῷ
2888 3782 2984 3836 τοῦ
3037 3786 3259 3854 πρώτου
3316 3791 3430 3844 τῶν
3478 3794 3730 3846 διακόνων

2154 3875 2430 3943 Στεφάνου
2482 3874 2608 3944 νεῲ,
2655 3876 2731 3938 ὼς
2781 3876 2848 3928 ἂν
2903 3877 2966 3928 τὸ
3018 3879 3129 3932 τῶν
3165 3883 3465 3953 αἱρετικῶν
3510 3886 3729 3948 αὔθαδες

2152 3966 2469 4038 ἁναστείλη*
2510 3971 2602 4021 καὶ
2638 3966 2767 4020 ἄλλο
2796 3967 2853 4019 δὲ
2886 3968 3101 4024 οἴκοθεν
3150 3974 3296 4027 κατά
3328 3976 3460 4031 θέαν
3489 3979 3598 4033 τῶν
3634 3995 3728 4031 πε-

2153 4062 2489 4132 πραγμένων
2517 4065 2847 4133 προσέὗαλε.
2879 4070 3068 4138 Παρῆν
3104 4069 3162 4122 δὲ
3202 4070 3298 4123 καὶ
3330 4073 3359 4124 ὁ
3387 4072 3535 4136 δούξ·
3563 4073 3635 4135 ὡς
3665 4072 3728 4125 ἂν

2152 4153 2261 4207 ὑπὸ
2309 4154 2553 4224 μάρτυρι
2592 4157 2788 4226 ἐκείνῳ
2838 4157 3156 4228 ἀπόρρητος
3191 4159 3288 4213 καὶ
3328 4162 3724 4233 ὲκκήρυκτοςή

2153 4247 2370 4309 σύνοδος
2400 4248 2649 4317 γένηται.
2684 4250 2790 4302 Καὶ
2811 4236 2934 4317 δὴ’ὁ
2959 4252 3214 4320 Ἰωάννης
3234 4253 3448 4308 ἄνεισιν
3470 4256 3555 4307 ἐπ’
3585 4254 3726 4321 ὀκρί-

2152 4338 2374 4401 δαντος,
2407 4339 2746 4408 ἑκατέρωθεν
2808 4342 3217 4411 ὑπανεχόμενος
3278 4345 3523 4416 ἑκατέρα
3587 4343 3724 4423 χειρὶ

2150 4431 2336 4483 Σάϐϐα
2368 4433 2463 4484 καὶ
2514 4432 2796 4485 Θεοδοσίου
2847 4435 2958 4488 τῶν
2999 4436 3284 4509 προᾷολων
3335 4440 3438 4508 τῆς
3471 4440 3723 4499 πίστεως.

458 4521 739 4592 quoddam
769 4522 933 4578 domo
955 4526 1273 4591 consilium,
1303 4545 1415 4596 quo
1451 4536 1635 4583 rerum
1670 4532 2036 4601 gerendarum

2161 4525 2326 4595 3911b
2352 4525 2397 4576 δ’
2422 4523 2685 4594 ἐπισχὼν,
2726 4525 2852 4577 ἐπεὶ
2881 4527 2974 4579 καὶ
3006 4528 3066 4579 τὸ
3095 4528 3303 4597 πλῆθος
3326 4529 3724 4600 ὑποψιθυρίζον

460 4614 841 4679 spectaculum
870 4618 1233 4687 εοιιςμίουιιιιι
1260 4622 1432 4688 magis
1459 4622 1636 4685 ﬁeret,
1664 4625 1866 4678 attulit.
1902 4625 2037 4680 Nam

456 4704 714 4774 duxipse
744 4705 990 4771 advenit,
1024 4718 1085 4762 ut
1124 4709 1219 4763 ἱΙΙο
1241 4710 1503 4788 nimirum
1565 4721 1704 4768 teste
1766 4725 2041 4784 praesente

457 4798 704 4870 synodus
751 4800 1065 4855 aboleretur
1135 4812 1304 4871 atque
1363 4803 1744 4860 damnaretur.
1800 4806 2041 4863 Joannes

456 4901 773 4963 suggestum
796 4894 1140 4960 conscendit,
1173 4911 1241 4950 ex
1274 4908 1506 4967 utraque
1537 4909 1690 4967 parte
1741 4898 1936 4955 Sabbae
1988 4910 2041 4956 ct

454 4983 754 5041 Theodosii
798 5000 1268 5058 propugnatorum
1307 4989 1429 5044 fidei
1466 4990 1720 5047 manibus
1792 4974 2038 5062 utrisque

454 5077 740 5151 sull'ultus.
774 5078 954 5149 Atque
978 5080 1069 5133 ubi
1099 5097 1157 5135 se
1183 5082 1464 5149 paululum
1500 5085 1791 5149 continuit,
1811 5097 1865 5141 et
1895 5087 2039 5141 mul-

453 5169 750 5224 titudinem
788 5173 951 5226 etiam
1008 5174 1301 5228 mussitare
1330 5175 1563 5239 audivit.
1620 5176 1805 5233 minus
1843 5192 2035 5233 sanam

453 5260 617 5315 tidem
651 5261 1006 5316 anathemate
1029 5256 1388 5320 condemnari
1410 5266 1641 5332 debere,
1694 5267 1891 5324 liducia
1925 5272 2038 5339 ple-

455 5368 559 5407 nus
592 5354 929 5424 ejuscemodi
958 5357 1187 5424 protulit
1212 5360 1438 5413 verbum
1475 5379 1484 5412 :
1521 5380 1539 5413 ι
1571 5361 1625 5416 Si
1676 5361 1803 5430 quis
1862 5362 2034 5433 Euty—

455 5443 601 5498 cheti
625 5454 681 5498 et
719 5445 971 5500 Nestotio
1001 5458 1057 5503 et
1110 5450 1398 5504 Sotericho
1430 5450 1691 5506 Caesarea:
1746 5453 2035 5522 Cappado-

452 5552 577 5589 cum
606 5538 866 5607 episcolio
887 5541 1205 5604 assentitur,
1229 5543 1542 5620 anathema.
1566 5542 1619 5598 Si
1644 5545 1766 5613 quis
1790 5555 2032 5614 quatuor

455 5630 1215 5701 universaliumsyrodorunt
1275 5637 1529 5705 dogmata
1581 5652 1686 5689 non
1748 5638 2025 5706 sequitur,

454 5723 799 5781 anathema.»
836 5723 950 5778 Dux
982 5728 1071 5781 tibi
1100 5744 1219 5783 eam
1267 5728 1422 5797 quasi
1459 5728 1694 5781 fabulam
1725 5731 2026 5797 perspexit,

459 5812 829 5870 multitudinis
861 5818 1120 5886 inqu-titan
1161 5831 1430 5883 metuens,
1466 5822 1599 5874 bene
1627 5836 1813 5874 secum
1841 5829 2023 5873 actum

2145 4619 2348 4690 ήκουεν
2381 4618 2457 4678 ὼς
2489 4622 2595 4688 χρὴ
2624 4618 2687 4671 τὸ
2731 4621 2806 4689 μὴ
2856 4621 3109 4687 ὑγιαῖνον
3141 4624 3239 4692 τῆς
3275 4624 3509 4688 πίστεως
3537 4625 3727 4678 ἀναθε-

2146 4707 2497 4777 ματίξεσθοιι,
2528 4707 2765 4778 θάρσους
2812 4711 3009 4782 ὥσπερ
3058 4712 3344 4783 πλησθεὶς,
3373 4716 3583 4770 τοιάνδε
3619 4732 3725 4783 φω-

2142 4799 2240 4870 νὴν
2277 4802 2562 4869 ῥήγνυσινο
2602 4818 2621 4852 ι
2650 4800 2720 4854 Εἴ
2745 4818 2830 4864 τις
2861 4803 2928 4855 τὰ
2952 4803 3227 4874 Εὖτυχοῦς
3250 4810 3474 4879 φρονοίη
3500 4809 3593 4861 κ..“ι
3626 4808 3723 4860 Νε-

2142 4897 2385 4963 στορίου,
2414 4893 2662 4962 Σευηρου
2693 4910 2751 4945 τε
2781 4896 2874 4947 καὶ
2909 4896 3227 4968 Σωτηρίχου
3257 4900 3359 4969 τῆς
3391 4902 3724 4971 Καισαρείςς

2140 4986 2564 5048 Καππαδοκίας,
2598 4987 2870 5057 ἀνάθεμα.
2906 4989 3017 5042 Καὶ
3047 4993 3099 5043 εί
3124 5007 3208 5054 τις
3234 4991 3308 5062 μὴ
3334 4995 3444 5056 τοῖς
3466 4993 3576 5045 τῶν
3605 5009 3721 5045 τεσ-

2141 5080 2322 5145 σάρων
2353 5080 2447 5131 καὶ
2492 5065 2894 5150 οἰκουμενικὼν
2937 5083 3171 5134 συνόδων
3198 5084 3385 5137 ἕποιτο
3429 5085 3719 5153 δόγμασιν,

2139 5170 2445 5239 ἀνάθεμα.»
2504 5169 2562 5224 '0
2593 5169 2650 5223 δὲ
2685 5168 2812 5235 δοῦξ
2859 5171 2922 5223 τὸ
2939 5171 3140 5242 ,δρᾶμα
3176 5176 3389 5239 συνεὶς,
3413 5175 3599 5237 δείσας
3625 5174 3720 5241 τὴν

2135 5263 2231 5317 τοῦ
2290 5263 2534 5333 πλήθους
2591 5264 2809 5333 ὁρμὴν,
2865 5264 3090 5333 φεύγειν
3146 5265 3338 5335 ἠγάπα
3390 5269 3714 5336 σωζόμενος.

2135 5354 2204 5410 Οῖ
2237 5373 2298 5424 γε
2335 5357 2440 5425 μὴν
2494 5356 2742 5424 Πατέρες
2776 5356 2980 5419 εἰδότες
3036 5357 3112 5420 ὡς
3145 5357 3386 5422 ἀκούσας
3410 5358 3587 5412 ταῦτα
3619 5373 3718 5427 χα-

2134 5450 2361 5503 λεπανεῖ
2405 5449 2688 5520 βασιλεὺς,
2733 5450 3027 5521 ἐπιστολὴν
3073 5454 3390 5521 παρρησίας
3442 5453 3717 5520 γέμουσαν

2132 5538 2563 5606 διαπέμπονται,
2601 5538 2932 5609 ὲ).έγχουσαν
2977 5542 3076 5609 μὲν
3112 5542 3340 5606 ἐκεῖνον,
3380 5543 3476 5594 τοῦ
3516 5542 3717 5610 δόγμα-

2133 5649 2221 5693 τος
2248 5631 2304 5684 δὲ
2338 5632 2438 5701 τὴν
2474 5631 2766 5699 ἀκρίϐειαν
2817 5633 3281 5702 παριστάνουσανο
3318 5637 3521 5689 ἄτοπον
3579 5631 3715 5686 εἶναι

2133 5726 2454 5790 φάσκουσαν
2512 5724 2958 5793 Ἱεροσολυμίτας
2995 5725 3179 5793 ὄντας,
3208 5726 3303 5794 ἀφ’
3353 5719 3417 5780 οὗ
3447 5726 3507 5779 τὸ
3539 5725 3714 5794 δόγμα

2134 5818 2388 5886 πηγὲισαν
2417 5817 2696 5889 ἕρῤευσεν,
2728 5816 3021 5886 ὀψιμαθεῖς
3051 5817 3144 5875 νῦν
3170 5820 3260 5875 τοῦ
3281 5819 3592 5890 κρείττονος
3621 5836 3713 5869 κα-
