4046 6488
335 358 431 428 l33

1272 364 1874 424 I(ICLESIAST|C.‘L
1920 361 2304 423 ΗιδΤΟΗΙῈ
2354 365 2491 426 LIB.
2537 364 2688 425 XVI.

3510 362 3606 431 194

332 483 426 547 λῆς
456 480 628 532 εἰπὼν
660 496 669 509 ·
706 478 772 532 Εἰ
809 479 886 549 τῷ
931 478 1051 548 Θεῷ
1088 479 1188 550 τὴν
1243 479 1432 531 πίστιν
1485 477 1764 551 ἀκραιφνῆ
1810 477 1912 529 οὐκ

2020 480 2227 533 tionem
2301 481 2622 534 concitavit.
2695 486 2761 535 At
2834 482 3212 554 Symmachus
3274 486 3603 541 sacerdotali

331 574 622 643 ἐφύλαξας,
659 573 777 634 πῶς
829 573 1041 640 ἐξέσται
1068 590 1150 626 σοι
1189 571 1464 642 ἀνθρώπῳ
1507 571 1745 638 φυλάξαι
1780 586 1908 622 συν-

331 670 539 734 είδησιν
587 666 989 736 ὑγιαίνουσανς
1037 662 1359 733 Τηνικαῦτα
1425 664 1482 718 δὲ
1532 663 1625 716 καί
1678 680 1763 724 τις
1804 661 1912 714 τῶν

332 760 627 828 ’Δρειανῶν
665 760 990 822 ἐπίσκοπος,
1019 760 1309 828 Δευτέριος
1338 757 1531 826 ὄνομα,
1566 759 1624 810 ἐν
1655 758 1722 826 τῇ
1759 756 1914 807 Κων-

335 854 613 906 σταντίνου
663 852 946 923 βαπτίζων
1000 851 1221 921 Βὰρῦαν
1257 851 1386 904 τινὰ
1437 851 1634 921 ὄνομα,
1693 845 1783 902 οἷα
1844 846 1911 917 δὴ

334 948 542 1001 ἀθετῶν
595 950 696 1014 τὴν
724 946 823 1000 τοῦ
872 947 1079 1017 Κυρίου
1117 945 1447 1013 παράδοσιν,
1485 945 1666 997 εἰπεῖν
1694 942 1913 996 ἐπιτολ-

337 1043 517 1109 μήσας
545 1040 697 1109 παρᾶ
747 1039 809 1090 τὸ
854 1037 1064 1104 εἰωθὸς,
1107 1036 1446 1100 Βαπτιζεται
1486 1035 1707 1106 Βάρὸας
1740 1036 1820 1099 είς
1855 1037 1914 1088 τὸ

335 1135 502 1202 ὄνομα
528 1133 620 1185 τοῦ
654 1130 869 1201 Πατρδς
903 1130 971 1183 δι’
1002 1128 1133 1183 Υίοῦ
1167 1131 1224 1181 ὲν
1253 1129 1399 1199 ἁγίῳ
1460 1128 1768 1198 Πνεύματι,
1813 1128 1914 1182 αὖ·

336 1228 462 1278 τίκα
496 1226 555 1277 τδ
585 1224 736 1295 παρὰ
769 1226 836 1293 τῇ
874 1221 1241 1292 κολυμϐήθρᾳ
1271 1220 1416 1292 ὕδωρ
1470 1220 1675 1290 ἀφανὲς
1722 1222 1916 1291 ἐγεγό-

335 1336 441 1371 νει.
480 1318 699 1386 Βὰρὸας
744 1316 790 1368 δ’
842 1315 1050 1369 ἐκεῖθεν
1096 1310 1402 1383 διαφυγὼν,
1450 1311 1613 1383 δῆλον
1667 1315 1804 1367 πᾶσι
1853 1314 1914 1367 τὸ

337 1409 646 1478 παράδοξον
693 1408 1097 1477 κατεστήσατο.
1141 1406 1624 1477 Ἐσκωμασάντων
1672 1406 1731 1461 δὲ
1764 1424 1915 1479 τηνι-

337 1503 514 1557 καῦτα
548 1502 643 1556 καὶ
677 1502 789 1556 τῶν
823 1500 1119 1572 Σκηνητῶν
1155 1500 1452 1571 βαρδάρων
1485 1501 1618 1571 περὶ
1666 1500 1768 1573 τὴν
1820 1504 1917 1571 μὲ-

344 1611 442 1662 σην
468 1592 576 1646 τῶν
621 1592 889 1660 ποταμῶν
913 1606 928 1622 ·
959 1590 1309 1661 ληῖσαμὲνων
1358 1591 1416 1644 δὲ
1449 1593 1548 1646 καὶ
1590 1590 1914 1663 Ἀρμενίαν,

340 1695 437 1757 τήν
458 1703 518 1740 τε
551 1687 819 1756 ἑκατέραν
854 1684 1133 1755 Φοινίκην,
1162 1684 1510 1738 ἐπελθόντων
1564 1684 1624 1738 δὲ
1684 1688 1774 1740 καὶ
1803 1688 1917 1751 τοῖς

342 1778 711 1835 ΙΙαλαιστινιῖν
756 1779 927 1848 ὅροις,
973 1776 1425 1848 Ἀλαμουνδάρου
1482 1778 1579 1832 τοῦ
1628 1779 1913 1850 φυλάρχου

338 1877 446 1929 τῶν
489 1874 827 1947 Σαρακηνῶν
870 1874 1206 1944 ἡγουμένου,
1241 1878 1382 1945 πρὸς
1415 1874 1475 1927 δὲ
1525 1875 1622 1929 καὶ
1656 1876 1872 1946 Ζαρέθα
1898 1892 1912 1907 ·

337 1969 521 2031 κακῶς
551 1987 611 2023 τε
654 1968 1003 2022 πεπονθότων
1039 1968 1145 2022 ὑπὸ
1173 1968 1284 2023 τῶν
1319 1969 1627 2041 ἑκασταχοῦ
1656 1961 1918 2043 ’στρατη-

339 2062 584 2131 γούντων
635 2061 948 2130 Ῥωμαίων,
997 2060 1227 2131 ὕστερον
1273 2063 1510 2134 ἡσυχίαν
1571 2057 1736 2134 ἦγον,
1783 2064 1920 2119 Ῥω-

348 2157 530 2224 μαῑοις
579 2155 952 2220 σπεισάμενοι.
1024 2153 1084 2208 '0
1131 2152 1178 2208 δ’
1223 2153 1671 2228 Ἀλαμούνδαρος
1721 2157 1820 2211 καὶ
1849 2157 1918 2211 τὰ

350 2247 682 2318 Χριστιανῶν
728 2247 1055 2323 πρεσϐεύειν
1104 2248 1308 2311 είλετο.
1368 2248 1614 2318 Σευῆρσς
1660 2249 1718 2302 δὲ
1768 2267 1919 2320 τηνι-

355 2341 532 2394 καῦτα
556 2341 645 2411 τήν
668 2345 759 2413 τῆς
785 2341 1070 2411 Ἀντιόχου
1125 2341 1427 2413 προεδρίαν
1479 2343 1915 2413 ἐπειλημμένος,

349 2431 446 2487 δύο
475 2431 581 2486 τῶν
623 2434 711 2487 ὑπ’
762 2434 927 2487 αὑτὶν
975 2433 1226 2503 ἔπεμπεν
1261 2434 1603 2501 ἐπισκόπων,
1640 2433 1725 2502 ἐφ’
1763 2422 1808 2503 ᾧ
1838 2434 1916 2505 τῷ

346 2527 605 2597 φυλάρχῳ
632 2527 729 2596 τῆς
757 2526 1028 2597 σφετέρας
1058 2525 1319 2596 μεταδοίη
1341 2525 1545 2596 λώδης.
1570 2525 1699 2590 Θεὸς
1722 2526 1781 2579 δὲ
1809 2526 1918 2598 ἄρα

342 2620 668 2693 προφθάδων
717 2620 823 2673 ὑπὸ
853 2619 964 2673 τῶν
1009 2618 1081 2673 τὰ
1113 2618 1253 2690 ὀρθὰ
1290 2620 1661 2690 φρονούντων,
1692 2621 1787 2673 καὶ
1818 2619 1919 2691 τὴν

340 2719 400 2771 ὲν
433 2717 735 2785 Χαλκηδόνι
761 2715 1071 2785 δεχομένων
1116 2712 1363 2778 σύνοδον,
1387 2715 1481 2766 τὸν
1524 2713 1698 2783 ἄνδρα
1744 2732 1919 2785 παρε-

342 2805 576 2871 σκεύαζε
615 2805 872 2876 μυεῖσθαι
917 2802 987 2858 τὰ
1034 2802 1367 2872 τελεώτερα,
1394 2803 1506 2857 τῶν
1531 2803 1574 2856 δ’
1606 2802 1713 2855 ὑπὸ
1746 2804 1921 2874 Σευήιι

341 2920 439 2972 pou
480 2901 782 2954 σταλέντων
809 2895 1228 2962 σπουδαζόντων
1259 2897 1666 2966 μεταστρέφειν
1698 2896 1792 2951 τὸν
1819 2897 1921 2967 φύε

340 2996 563 3066 λαρχσν,
595 2994 688 3047 καὶ
733 2993 997 3047 τάναντία
1030 2992 1141 3045 τῶν
1187 2991 1408 3063 ἀληθῶν
1445 2991 1736 3061 δογμάτων
1782 3007 1921 3061 πρε-

341 3090 577 3157 σϐεύειν,
607 3089 905 3160 θαυμάσιόν
929 3105 979 3141 τι
1005 3087 1193 3158 δρᾶμα
1238 3088 1320 3150 είς
1368 3085 1594 3156 ἔλεγχον
1626 3085 1736 3138 τῶν
1765 3088 1924 3157 είρη-

2014 589 2237 643 quoque
2302 575 2510 629 homini
2565 576 2830 646 abrogata
2890 577 3182 648 dignitate,
3245 577 3297 632 in
3347 578 3607 633 exsilium

2014 680 2141 719 eum
2164 667 2334 732 misit,
2355 667 2701 737 711atque
2730 670 2805 722 ita
2836 668 3024 723 Romae
3057 669 3260 725 seditio
3281 670 3512 741 quievit.
3531 671 3606 724 De

2015 758 2405 817 Theudericho
2433 761 2755 833 lrujusmodi
2798 763 3063 831 quiddam
3093 763 3340 820 historiae
3358 764 3603 819 tradunt.

2016 849 2406 906 lllinistrum'is
2430 850 2723 922 quemdam
2765 852 3044 909 saniorem
3082 853 3246 908 [idem
3277 863 3604 913 sectantem.

2014 943 2259 1000 efﬂictim
2294 961 2483 1001 amore
2516 945 2709 1001 insano
2751 947 3221 1016 prosequebatur,
3249 957 3305 1003 ct
3345 950 3414 1002 ad
3451 928 3607 1002 volu-

2017 1048 2222 1107 ptatcm
2248 1054 2315 1092 co
2341 1038 2698 1093 abutebatur.
2724 1039 2791 1094 Et
2814 1040 2923 1106 ille,
2951 1049 3012 1094 ut
3044 1056 3165 1110 qum
3189 1048 3343 1111 grata
3379 1041 3606 1112 placita-

2015 1142 2124 1198 que
2154 1130 2204 1185 ei
2238 1139 2426 1186 essent
2451 1130 2678 1195 faceret,
2698 1132 2768 1187 ab
2799 1132 2892 1187 τοῦ
2917 1132 3608 1205 ὁμοουσίουωυηευυειιυι-

2018 1224 2184 1294 tialis)
2207 1225 2315 1280 [ide
2339 1226 2673 1293 desciscens,
2696 1226 2765 1283 ad
2789 1228 3162 1283 Arianismum
3184 1228 3431 1283 transiit.
3452 1228 3608 1294 Quod

2018 1317 2112 1372 ubi
2145 1316 2569 1375 Theuderichus
2595 1320 2893 1388 comperit,
2925 1334 3113 1391 caput,
3149 1320 3227 1376 illi
3259 1334 3424 1391 quem
3487 1330 3612 1377 tan;

2018 1421 2210 1481 tepere
2239 1423 2543 1475 amaverat,
2575 1414 2838 1477 resecuit,
2867 1414 3128 1484 inquiens
3162 1432 3175 1468 :
3201 1413 3259 1471 Si
3295 1413 3409 1471 Deo
3444 1414 3610 1471 ﬁdem

2017 1501 2292 1557 sinceram
2323 1518 2435 1558 non
2468 1504 2727 1569 servasti,
2763 1504 3046 1574 quomodo
3111 1504 3249 1560 mihi
3301 1504 3395 1574 qui
3445 1504 3621 1560 homo

2017 1607 2162 1658 sum,
2190 1594 2590 1650 conscientiam
2617 1609 2806 1650 sanam
2850 1595 3177 1664 praestabis?
3225 1596 3426 1653 Eadem
3471 1606 3610 1651 tem-

2019 1695 2230 1757 pestate
2252 1688 2552 1757 episcopus
2573 1687 2799 1758 quidam
2827 1688 3090 1753 Arianus,
3113 1690 3202 1744 cui
3236 1704 3440 1743 nomen
3470 1689 3609 1744 Deu-

2022 1780 2144 1833 terii
2188 1778 2315 1845 luit,
2362 1781 2418 1835 in
2492 1780 2631 1835 urbe
2679 1780 3324 1851 Constantinopolitana,
3374 1781 3611 1843 Barbam

2021 1872 2317 1940 quemdam
2349 1888 2474 1927 cum
2502 1873 2835 1943 baptizaret,
2872 1874 3040 1930 velutl
3066 1875 3286 1929 Domini
3351 1874 3611 1929 traditio~

2021 1979 2148 2019 nem
2177 1964 2427 2031 abolens,
2461 1976 2661 2036 printer
2700 1982 2911 2022 morem
2947 1977 3235 2038 receptum
3264 1962 3454 2023 dicere
3510 1984 3611 2022 au-

2020 2067 2218 2113 suscst
2253 2075 2268 2112 :
2306 2057 2627 2128 Baptizatur
2659 2060 2868 2115 Barbas
2911 2061 2969 2115 in
3013 2077 3216 2118 nomen
3276 2061 3460 2116 Patris
3514 2077 3610 2131 per

2021 2149 2244 2212 Filium.
2282 2151 2335 2205 in
2363 2151 2579 2221 Spiritu»
2610 2164 2824 2208 sancto.
2862 2152 3003 2209 Ecce
3038 2153 3140 2209 tibi
3199 2163 3409 2217 autem,
3463 2153 3609 2208 unda

2019 2258 2143 2312 qua:
2174 2244 2229 2299 in
2263 2259 2423 2300 sacro
2452 2244 2676 2301 lavacro
2696 2255 2841 2309 erat,
2874 2245 3181 2317 derepente
3227 2247 3527 2317 disparuit,
3556 2258 3610 2302 et

2022 2336 2230 2392 Barbas
2262 2337 2389 2391 inde
2451 2338 2799 2409 profugiens,
2849 2339 3178 2395 miraculum
3243 2341 3299 2396 id
3348 2339 3612 2395 omnibus
3708 2360 3718 2365 ·

2020 2428 2404 2499 promulgavit.
2427 2429 2631 2484 Eodem
2660 2442 2909 2500 tempore
2934 2430 3173 2487 Scenita:
3196 2431 3610 2503 (l)‘barbariin-

2021 2523 2340 2577 cursioncm
2371 2522 2425 2576 in
2482 2523 2937 2593 McsOpotamiam
2987 2525 3263 2594 fecerunt,
3294 2527 3611 2582 Armeniam
3658 2550 3667 2557 ι

2020 2628 2246 2684 quoque.
2279 2625 2332 2670 et
2359 2627 2655 2687 utramque
2677 2617 3018 2674 thniciam
3049 2621 3297 2690 populati
3325 2631 3476 2676 sunt.
3504 2621 3612 2674 lm-

2020 2720 2210 2775 petum
2243 2721 2377 2762 vero
2408 2707 2463 2761 in
2490 2709 2628 2763 lines
2659 2709 2824 2763 etiam
2853 2710 3159 2765 Palaestina:
3201 2710 3612 2766 Alamundarus

2023 2800 2433 2856 Saracenorum
2465 2801 2647 2874 gentis
2676 2801 2961 2873 princeps,
2990 2812 3048 2858 et
3071 2803 3340 2860 Zarethas
3367 2802 3446 2873 l2)
3473 2820 3612 2874 ιιι-ιιι·
3684 2834 3687 2835 ν

2026 2894 2176 2948 terea
2205 2895 2497 2949 Persarum
2519 2894 2630 2950 dux
2661 2898 2939 2953 fecerunt.
2977 2897 3081 2964 Qui
3138 2879 3281 2952 male
3329 2913 3400 2953 ex
3456 2910 3612 2969 parte

2023 2988 2172 3042 οιιιιιί
2204 3004 2233 3042 a
2259 2986 2521 3042 Ruinanis
2551 2988 2793 3044 ducibus
2819 2989 3058 3059 accepti,
3090 2999 3281 3059 postea
3314 3006 3441 3045 cum
3496 2991 3610 3047 Ro—

2025 3085 2204 3138 manis
2234 3099 2368 3154 pace
2393 3083 2535 3139 i‘acta
2567 3070 2851 3154 quievere.
2876 3082 3291 3140 Ala'mundarus
3339 3084 3606 3142 Christia-

344 3190 520 3255 μένων
551 3187 885 3258 ἐμηχανᾶτο,
901 3184 975 3248 ὡς
993 3183 1101 3253 ἄρα
1133 3183 1220 3254 εἴη
1237 3182 1546 3254 γράμματα
1567 3181 1919 3252 δεδεγμένος,

2026 3191 2224 3231 norum
2252 3192 2475 3246 quoque
2507 3191 2664 3232 sacra
2696 3177 2959 3246 suscepit.
2990 3175 3234 3233 Severus
3274 3188 3389 3232 tum
3421 3179 3601 3233 Antio-

334 3279 370 3333 ἃ
404 3279 642 3349 ἐμήνυον
682 3279 873 3347 ὅτιπερ
915 3275 1135 3347 Μιχαὴλ
1168 3277 1196 3328 ὁ
1224 3273 1568 3346 ἀρχάγγελος
1610 3275 1737 3344 ἄρτι
1771 3273 1920 3328 τέλει

336 3368 433 3421 τοῦ
468 3368 585 3437 βίου
616 3368 913 3439 ἐχρήσατο.
948 3367 1070 3418 Τῶν
1099 3365 1148 3419 δ’
1172 3366 1232 3418 ὲν
1269 3364 1556 3426 ἀδυνάτοις
1586 3362 1727 3418 εἶναι
1758 3365 1920 3418 τοῦτο

338 3462 625 3527 εἰπόντων,
650 3459 943 3513 ὑπολαϐὼν
973 3460 1001 3512 ό
1032 3458 1308 3530 φύλαρχος
1339 3458 1466 3528 ἐξη·
1503 3457 1614 3510 Καὶ
1642 3457 1761 3521 πῶς
1788 3458 1923 3522 Θεὸς

341 3555 545 3626 γυμνὸς
578 3553 814 3623 σταυρὸν
864 3552 1192 3619 κατεδέξατο
1223 3548 1348 3604 καθ’
1373 3551 1545 3620 ἡμᾶς,
1586 3551 1636 3603 εἰ
1693 3550 1769 3621 μὴ
1828 3551 1921 3604 δύο

342 3651 555 3719 φύσεων
590 3644 658 3719 ἦν
693 3646 927 3717 Χριστὸς
953 3646 981 3698 ό
1010 3645 1144 3707 Θεὸς
1178 3645 1211 3713 ἡ
1222 3650 1362 3715 μῶν,
1384 3643 1475 3697 ὅτε
1512 3642 1652 3714 μηδὲ
1685 3643 1923 3712 ἄγγελος

343 3746 571 3813 πάσχειν
601 3742 634 3812 ἦ
673 3738 1045 3811 ἀποθνήσκειν
1077 3738 1357 3806 πέφυκεν;
1400 3739 1464 3790 Ul
1493 3736 1551 3788 δὲ
1578 3737 1647 3790 τὰ
1674 3737 1919 3808 Σευήρου

346 3834 684 3905 φρονοῦντες,
700 3832 957 3903 αἰσχύνης
975 3830 1217 3901 ἔμπλεῳ,
1234 3830 1476 3882 ἁσυντάκ
1490 3845 1587 3891 τως
1608 3829 1919 3899 ἀνεχώρουν

347 3928 572 3983 ἐκεῖθεν.
597 3926 687 3979 ἰἑν
708 3924 919 3988 τούτοις
949 3923 1047 3993 μὲν
1083 3923 1150 3993 δὴ
1199 3921 1271 3975 τὰ
1307 3922 1449 3975 κατὰ
1484 3921 1585 3984 τὰς
1621 3921 1919 3993 ἐκκλησίας

349 4015 622 4087 πανταχοῦ
647 4014 748 4085 τῆς
779 4014 883 4084 γῆς
916 4011 1267 4083 καθειστήκει
1288 4026 1303 4040 '
1330 4010 1435 4073 ἕως
1463 4006 1524 4066 οὗ
1557 4011 1918 4076 Ἀναστάσιος

343 4114 436 4166 ἰπὶ
465 4112 572 4165 τῶν
598 4111 697 4181 τῆς
732 4106 1016 4179 βασιλείας
1045 4101 1116 4178 ἦν
1147 4106 1450 4176 σκήπτρων
1475 4120 1489 4134 '
1519 4104 1580 4158 ὃν
1625 4106 1764 4176 δῆτα
1793 4100 1917 4160 οἷά-

346 4208 543 4278 περτῇ
579 4206 636 4257 ὲν
688 4202 992 4273 Χαλκηδόνι
1050 4199 1255 4271 συνόδῳ
1310 4198 1533 4253 ἐναντία
1586 4199 1915 4271 φρονοῦντα,

342 4298 485 4360 τινὲς
516 4296 819 4370 κρίναντες,
847 4292 956 4349 τῶν
989 4293 1149 4365 ἱερῶν
1178 4292 1526 4364 δεγρ“ἅψαντο
1570 4293 1794 4364 βίόλων.
1825 4293 1917 4349 Ἐν

343 4393 402 4447 δὲ
437 4389 848 4463 Ἰεροσολύμοις,
875 4389 971 4441 καὶ
1001 4388 1084 4440 ἔτι
1112 4385 1192 4457 τῷ
1240 4385 1340 4457 ζῇν
1370 4386 1604 4457 περιὼν,
1630 4387 1913 4458 ὑπεὸλήθη

342 4485 422 4557 τῷ
456 4485 774 4554 ἀναθέματι.
800 4482 877 4537 Οὐ
908 4482 1100 4554 πόρρω
1132 4480 1180 4534 δ’
1202 4480 1269 4533 ἂν
1317 4479 1479 4544 λόγου
1536 4496 1628 4551 μοι
1677 4481 1913 4549 γένοιτο,

2028 3269 2267 3323 ebenum
2325 3268 2756 3324 administrabat
2811 3269 3225 3347 episcopatum,
3253 3270 3348 3341 qui
3385 3286 3454 3326 ex
3497 3272 3600 3341 epi-

2027 3361 2216 3431 scopis
2246 3361 2364 3416 suis
2391 3360 2533 3431 duos
2563 3360 2632 3417 ad
2687 3362 3154 3429 Alamundarum,
3188 3373 3248 3420 ut
3282 3365 3614 3435 contagione

2024 3469 2124 3508 sua
2162 3453 2587 3519 cumiulicerct,
2630 3455 2800 3511 misit.
2833 3454 2979 3511 Deus
3029 3466 3216 3512 autem
3258 3456 3413 3511 illum
3471 3473 3613 3528 pra:-

2024 3546 2272 3612 veniens,
2300 3547 2432 3602 fecit
2462 3555 2524 3601 ut
2555 3548 2645 3602 ille
2674 3564 2704 3602 a
2755 3556 2908 3603 recte
2939 3548 3317 3604 sentientibus
3356 3560 3414 3605 et
3438 3547 3610 3605 Chal-

2023 3639 2339 3694 cedonense
2370 3640 2672 3695 concilium
2733 3636 3256 3710 comprobantibus,
3287 3657 3386 3712 per
3425 3641 3604 3696 initia-

2027 3732 2232 3788 tionem
2266 3733 2494 3787 meliore
2520 3731 2787 3801 religione
2819 3732 3191 3788 imbueretur.
3231 3732 3404 3789 l'orro
3429 3732 3523 3803 qui
3574 3750 3604 3801 ε

2025 3827 2233 3881 Severo
2258 3825 2523 3880 submissi
2565 3829 2806 3890 l'uerant,
2842 3826 3024 3896 gentis
3059 3826 3373 3898 principem
3429 3836 3603 3884 trans-

2022 3931 2246 3972 versum
2277 3931 2467 3985 agere,
2500 3929 2559 3972 et
2600 3917 2666 3971 ad
2693 3915 3096 3987 professionem
3141 3932 3285 3972 vera:
3341 3918 3605 3975 doctrina:

2021 4011 2358 4067 contrariam
2392 4010 2675 4066 abducere
2698 4010 3125 4065 contenderunt.
3160 4013 3341 4081 Atque
3367 4011 3463 4067 ille
3496 4014 3604 4068 nri-

2022 4109 2229 4161 rilicam
2258 4109 2554 4177 quamdam
2584 4104 2849 4170 fabulam,
2875 4120 2982 4175 qua
3036 4104 3181 4160 dicta
3212 4118 3408 4161 eorum
3467 4120 3608 4160 con-

2022 4204 2289 4264 vinceret,
2319 4199 2610 4265 conﬁnxit,
2640 4198 2858 4254 litteras
2880 4215 2940 4254 se
2978 4199 3263 4271 accepisse
3294 4201 3507 4267 dicens,
3552 4203 3603 4257 in

2020 4294 2226 4365 quibus
2248 4303 2417 4360 esset,
2446 4291 2768 4348 Michaelem
2792 4293 3195 4365 archangelum
3216 4309 3396 4366 nuper
3416 4295 3609 4361 admo-

2019 4380 2150 4442 dum
2189 4386 2300 4441 vita
2326 4386 2652 4443 defunctum
2677 4400 2821 4441 esse.
2850 4385 2991 4442 Cum
3025 4403 3159 4444 vero
3193 4389 3271 4445 illi
3298 4392 3460 4446 talem
3485 4406 3606 4446 eam

2021 4495 2139 4534 rem
2173 4494 2296 4536 esse
2323 4480 2600 4545 dicerent,
2634 4490 2758 4548 quae
2788 4493 3019 4550 prorsus
3056 4480 3175 4538 ﬁeri
3204 4499 3316 4539 non
3373 4497 3560 4556 possi-t
3592 4504 3607 4541 :

345 4582 439 4636 καὶ
464 4581 566 4634 ὅσα
587 4579 720 4649 δῆτα
749 4577 1054 4647 διηγήσεως
1085 4573 1211 4640 ἄξια
1237 4568 1325 4626 ἐπ’
1348 4571 1518 4626 αὑτοῦ
1543 4574 1916 4644 πεπραγμένα

2023 4573 2184 4645 712
2205 4571 2559 4628 subinl‘ereus
2586 4574 2772 4643 gentis
2837 4574 3139 4646 princeps,
3196 4577 3266 4633 Et
3328 4579 3610 4650 quommio

344 4673 536 4742 ἔγνων,
567 4671 645 4743 τῷ
678 4670 906 4740 παρόντι
936 4669 1236 4722 συνάπτειν
1273 4666 1685 4736 σπουδάσματι.

2023 4667 2249 4739 (inquit)
2291 4681 2467 4736 purus
2526 4666 2670 4721 Deus
2703 4681 2859 4721 more
2919 4677 3113 4723 nostro
3153 4685 3373 4726 crucem
3416 4687 3610 4728 susce-

343 4771 443 4842 pit,
477 4768 649 4823 sinon
678 4765 910 4821 duarum
944 4770 1268 4817 naturarum
1321 4761 1425 4815 fuit
1451 4757 1714 4815 Christus
1770 4762 1917 4817 Deus
1955 4772 2167 4826 noster,
2234 4762 2686 4832 quandoquidem
2756 4775 2825 4815 ne
2861 4763 3092 4831 angelus
3121 4765 3344 4833 quidem
3378 4775 3488 4835 pati
3514 4778 3612 4822 aut

347 4863 483 4919 mori
514 4857 723 4931 possit?
747 4857 918 4912 Porro
946 4854 1132 4912 Severi
1153 4862 1457 4910 sectatores
1523 4869 1649 4908 cum
1726 4854 2000 4910 dedecore
2044 4855 2279 4925 turpiter
2307 4855 2437 4909 inde
2480 4855 2822 4911 abscessere.
2886 4857 2985 4912 Hie
3013 4866 3191 4912 status
3247 4860 3608 4915 ecclesiarum

345 4961 546 5031 ubique
597 4954 988 5026 l’uit,quandiu
1045 4952 1367 5008 Anastasius
1408 4951 1704 5024 imperium
1763 4952 2046 5008 obtinuit:
2114 4969 2276 5024 quem
2345 4963 2637 5024 propterea
2707 4956 2852 5023 quod
2892 4955 3100 5027 synodo
3171 4956 3609 5015 Chalcedoncusi

341 5051 622 5108 adversari
658 5048 880 5119 quidam
905 5046 1241 5118 iudicarent.
1267 5062 1335 5100 ex
1410 5047 1582 5101 sacris
1627 5056 1957 5102 exemerunt
1995 5047 2172 5103 libris.
2249 5047 2651 5118 Hierosolymis
2699 5062 2855 5113 vero,
2921 5062 3045 5102 eum
3095 5048 3275 5102 adhuc
3331 5062 3610 5119 superstes

336 5160 499 5215 esset,
536 5149 884 5206 anathemate
901 5154 1299 5201 condemnatus
1340 5153 1446 5199 est.
1504 5142 1778 5199 Caeterum
1838 5145 1907 5200 ab
1949 5146 2204 5201 instituto
2273 5146 2514 5199 alienmn
2591 5161 2699 5198 non
2736 5129 2924 5210 fuerit,
2964 5145 3008 5199 si
3052 5161 3115 5200 ea
3143 5159 3264 5215 qua:
3295 5146 3398 5200 sub
3431 5145 3612 5215 iunpo-

334 5248 418 5304 rio
453 5247 571 5320 ejus
593 5252 746 5316 gesta
781 5256 903 5297 esse
925 5239 1202 5310 comperi,
1259 5247 1317 5294 et
1384 5239 1548 5308 digna
1596 5221 2092 5308 memoratu‘sunt,
2127 5241 2278 5310 operi
2315 5238 2443 5292 huic
2468 5253 2809 5291 auuexucro.
3621 5236 3624 5240 ‘

393 5427 470 5505 (ξ)
774 5425 1194 5505 Arabes_._(Plin.
1222 5425 1323 5505 lib.
1356 5439 1569 5505 v,_ca_p.
1610 5423 1759 5505 ιω..
1845 5492 1894 5505 Η
2001 5495 2011 5505 .

498 5498 666 5571 Apud
709 5497 944 5568 Procop.
978 5491 1065 5553 hic
1087 5496 1380 5552 Ezaretltas
1406 5491 1630 5558 dicitur,
1695 5491 1896 5548 alicubi
1937 5495 2105 5552 etiam
2151 5491 2462 5547 ΑιανειΙιιιε.

1925 5698 1995 5724 εὖ*
