4046 6456
308 355 386 424 197

1239 349 1841 410 ΕΕΓῙΕΞῘΑΞΤῙΩῈ
1884 348 2273 408 HISTORIA-3
2306 348 2449 409 LIB.
2498 347 2658 406 XVI.

3456 306 3559 408 iss

302 476 437 537 αὕτα,
466 470 555 524 τον
607 466 971 538 φρούραρχον
1000 462 1093 518 τοῦ
1145 464 1373 526 κάλλους
1405 464 1611 517 ἁλῶναι
1657 466 1867 527 ἐποίει,

1998 478 2162 533 'cgem
2196 472 2473 516 crearunt.
2510 460 2741 518 Cahadac
2765 460 2818 515 in
2846 474 3070 515 carcere
3104 474 3241 513 uxor
3274 458 3417 529 ejus,
3440 474 3560 528 qua:

303 570 384 622 καὶ
414 567 487 635 τῷ
516 564 725 633 ταύτης
770 563 938 631 ἔρωτι
965 560 1237 614 δουλεύειν
1267 560 1293 611 ὅ
1321 578 1371 611 τι
1402 560 1471 614 ἄν
1498 560 1685 629 ἐκείνῃ
1712 557 1868 626 φίλον

302 663 375 730 εἴη
406 656 703 727 αἱρεῖεϐαι.
758 654 822 706 'Il
868 653 924 704 δὲ
977 653 1213 720 σώφρων
1244 651 1379 705 οὖτα
1422 652 1517 705 καλ⁵
1557 651 1867 720 φίλανδρος,

302 754 475 821 τάνδρὶ
504 752 594 803 τὸν
623 749 803 819 ἔρωτα
828 745 1062 817 ἤγγελλε
1083 744 1177 797 τοῦ
1204 745 1446 814 φρουροῦ
1467 763 1480 776 ⁸
1534 746 1563 797 ὁ
1592 744 1636 797 δ’
1671 744 1870 798 ἐνδιδό-

304 866 379 897 ναι
403 848 467 914 τῇ
498 843 716 910 θελήσει
766 836 1067 908 παρηγγύα
1102 837 1196 890 τοῦ
1241 837 1496 906 ἐραστοῦ.
1543 835 1649 889 Τοῦ
1680 837 1735 889 δὲ
1769 836 1873 906 μύ-

1978 555 2177 609 tlebuit
2207 554 2405 616 oﬂicia,
2442 556 2713 624 prmstitit.
2758 555 2823 608 Et
2851 553 2997 623 quod
3032 568 3093 607 ea
3126 562 3353 606 venusla
3387 551 3560 605 forma

1979 655 2147 709 esset,
2208 648 2448 701 carceris
2506 656 2694 701 custos
2736 644 3156 715 pulchritudine
3187 644 3309 712 ejus
3356 644 3559 703 victus.

1975 750 2031 794 et
2081 755 2272 793 amore
2325 750 2541 809 captus,
2601 739 2870 794 inservire
2913 739 2986 799 ei,
3016 747 3066 793 el
3097 737 3244 808 quod
3274 738 3366 791 illa
3396 736 3563 791 vellet

1979 831 2162 887 facere
2217 832 2531 887 constituit.
2569 833 2661 886 Illa
2714 841 2897 886 autem
2926 834 3185 903 quoniam
3230 843 3379 887 casta
3405 840 3545 894 erat,

307 956 419 999 σνιυς
447 934 809 1005 πραχθέντος.
841 932 873 999 ἡ
914 929 1050 998 γυνὴ
1083 930 1405 998 ἀδεέστερον
1438 930 1532 983 ἐπὶ
1576 930 1667 982 τὸν
1702 931 1875 999 ἄνδρα

1998 934 2034 978 ιι
2089 926 2269 979 virum
2329 925 2570 990 amabat,
2605 925 2848 981 custodis
2877 940 3119 979 amorem
3174 925 3225 977 ei
3270 922 3560 980 indicavit.

302 1031 464 1096 εῖτξει
493 1027 554 1079 τὸ
585 1025 728 1087 εἰκὸς
761 1025 960 1092 ἐκείνῳ
985 1024 1066 1083 είς
1108 1021 1406 1093 θεραπείαν
1447 1022 1867 1093 ἀποπληροῦσα.

312 1124 550 1190 Ἰὶταῖρος
587 1119 643 1171 δέ
669 1135 751 1178 τις
782 1117 1005 1186 Καὸἀδῃ
1047 1115 1201 1184 φίλος
1234 1116 1290 1178 ἐς
1333 1116 1401 1168 τὰ
1446 1116 1683 1185 μάλιστα
1715 1115 1879 1169 καθε-

304 1214 454 1275 στὼς,
483 1211 570 1262 διὰ
598 1209 697 1277 τῆς
731 1207 976 1276 γαμετῆς
1020 1208 1278 1275 ἐμήνυεν.
1322 1205 1381 1258 ἐν
1418 1222 1527 1258 τινι
1560 1207 1726 1277 χώρῳ
1778 1206 1875 1260 ίπ-

303 1321 429 1365 πους
462 1318 520 1353 τε
552 1303 646 1352 καὶ
680 1299 884 1369 ἄνδρας
927 1297 1388 1368 ὲμπαρασκεύους
1418 1298 1599 1368 ἔχειν·
1633 1297 1703 1351 δι’
1728 1292 1803 1353 ὧν
1825 1298 1882 1351 εί

303 1395 348 1460 γ’
375 1394 583 1462 αἱροϊτο
616 1392 694 1444 ἀπ
727 1392 1059 1462 διδράσκειν,
1105 1391 1330 1462 εὐχερὲς
1380 1390 1736 1453 καθεστάναι,
1780 1391 1877 1444 καὶ

304 1489 391 1560 τὴν
414 1487 588 1559 ἀρχὴν
624 1481 779 1547 αὖθις
820 1483 1245 1554 ἀναλαμϐάνειν.
1283 1484 1440 1536 Ἐπεὶ
1470 1483 1527 1537 δὲ
1556 1485 1655 1549 νὺξ
1685 1484 1880 1553 ἐπεγέ-

307 1598 437 1645 νετο,
486 1578 672 1633 ἔπειθε
708 1577 961 1646 Καόάδης
1005 1578 1072 1646 τῇ
1128 1576 1228 1648 μὲν
1258 1578 1501 1645 γυναικὶ,
1537 1576 1604 1629 τὰ
1641 1576 1880 1645 σφέτερα

310 1674 404 1727 τῶν
451 1672 684 1741 ἱματίων
739 1667 1158 1730 ἀναϐάλλεσθαι,
1214 1669 1310 1721 καὶ
1370 1669 1463 1720 ἐπὶ
1507 1669 1605 1738 τῆς
1657 1668 1878 1739 εἱρκτῆς

314 1766 576 1835 καθῆσθαι
599 1779 616 1794 ’
646 1764 853 1816 ἐκεῖνον
884 1761 941 1815 δὲ
966 1762 1034 1816 τὰ
1061 1761 1280 1828 ἐκείνης
1302 1759 1460 1823 αὖθις
1495 1761 1883 1829 μεταμφιασά-

316 1877 484 1929 μενον,
516 1856 731 1925 εὐφυῶς
757 1852 1113 1925 σοφιζόμενον
1134 1853 1194 1907 τὸ
1224 1850 1366 1907 εἶναι
1396 1853 1636 1923 ἐκείνην,
1664 1854 1879 1924 ἀναχω-

316 1956 439 2025 ρεῖν.
472 1951 585 2004 Καὶ
610 1949 672 2002 τὸ
703 1947 901 2021 μδνέἰς
927 1946 1079 2009 τέλος
1108 1941 1207 2018 ἦν’
1250 1947 1349 2000 καὶ
1378 1945 1640 2017 Καϐἀδης
1674 1946 1759 1999 διὰ
1786 1945 1881 1999 τοῦ

317 2048 439 2117 Σέη,
471 2044 625 2097 τοῦτο
645 2043 753 2113 γὰρ
779 2043 807 2095 ὁ
837 2042 1056 2114 ἑταῖρός
1087 2042 1139 2096 οί
1175 2041 1486 2111 ὠνόμαστο,
1522 2039 1579 2106 ἐς
1608 2041 1886 2108 Νεφθαλί-

319 2155 409 2200 τας
454 2136 525 2200 ὡς
563 2135 789 2205 τάχιστα
837 2132 1170 2197 διεσώζετο’
1223 2127 1268 2202 ᾧ
1298 2136 1391 2186 τόν
1422 2150 1483 2186 τε
1514 2135 1747 2205 στρατὸν
1791 2133 1886 2187 καὶ

327 2231 419 2301 τὴν
449 2230 711 2301 θυγατέρα
743 2230 828 2290 sl;
860 2227 1113 2300 γαμετὴν
1144 2227 1292 2292 δοὺς.
1325 2228 1421 2280 ἐπὶ
1456 2228 1676 2299 Πέρσας
1724 2245 1887 2298 στρα-

330 2324 500 2376 τεύειν
531 2323 754 2390 ἐκέλευε,
801 2323 898 2375 καὶ
947 2322 1046 2389 τῆς
1085 2320 1223 2384 ίδίας
1252 2321 1659 2375 ἀντιποιεῖσθαι
1688 2320 1886 2391 ἀρχῆς.

341 2413 396 2467 ’0
421 2413 475 2467 δὲ
512 2412 770 2467 eis-6a).th
814 2414 1071 2483 Πέρσαις,
1129 2412 1463 2478 ἐξαπιναίως
1517 2412 1667 2484 πόνῳ
1715 2412 1890 2469 οὐδενὶ

322 2508 415 2578 τὴν
470 2507 640 2578 ἀρχὴν
685 2505 1029 2576 ἀνελάμϐανε
1056 2522 1070 2536 ·
1125 2509 1224 2561 καὶ
1271 2508 1362 2559 τὸν
1405 2506 1636 2576 ἀδελφὸν
1685 2507 1889 2561 Βλάσον

321 2598 548 2669 συσχὼν,
586 2598 895 2671 ἔμφρουρον
934 2601 1177 2653 ἐποιεῖτο
1228 2599 1326 2662 τὰς
1375 2600 1546 2670 κόρας
1595 2599 1886 2670 περιελών.

327 2691 605 2761 Ἀγχίνους
632 2692 689 2745 δὲ
732 2692 808 2746 ῶν
855 2694 950 2746 καὶ
985 2694 1132 2764 μάλα
1176 2693 1503 2764 δραστήριος
1543 2695 1571 2747 ὁ
1606 2693 1889 2763 Καὸάδτις,

311 2785 691 2854 ἀσφαλέστατα
718 2782 796 2855 τῷ
828 2783 956 2863 ἑξῆς
983 2785 1266 2859 διαγέγονε
1309 2787 1409 2856 τὴν
1443 2784 1727 2856 βασιλείαν
1756 2801 1892 2855 κρα-

310 2879 416 2931 τῶν
437 2894 451 2909 ·
490 2876 587 2931 καὶ
624 2877 704 2938 είς
735 2878 831 2948 ἔτη
859 2877 1053 2931 ἕνδεκα
1100 2877 1197 2932 τοῦ
1230 2877 1421 2932 λοιποῦ
1452 2880 1519 2948 τῇ
1561 2878 1718 2949 ἀρχῇ,
1749 2877 1895 2948 διαρ-

307 2971 500 3045 κέσας,
546 2969 617 3023 τὰ
661 2970 759 3041 μὶν
807 2970 1001 3041 πρῶτα
1039 2969 1335 3042 Ῥωμαίοις
1375 2971 1670 3024 ἐσπένδετο
1698 2986 1714 3001 ⁶
1770 2973 1894 3025 ἐπεὶ

305 3062 362 3118 δὲ
393 3062 744 3126 δανείζεσθαι
793 3065 1059 3134 χρήματα
1092 3064 1226 3133 παρ’
1263 3062 1622 3118 Ἀναστασίου
1672 3064 1892 3135 ᾐτεῖτο,

1906 1819 1954 1879 Β

2002 1017 2100 1070 Ille.
2134 1033 2299 1087 porro
2333 1034 2453 1073 eam
2486 1018 2755 1073 voluntati
2791 1017 3057 1072 amatoris
3119 1017 3347 1087 obsequi
3371 1017 3560 1087 jussit.

1982 1111 2271 1181 Flagitium
2296 1111 2347 1165 id
2371 1110 2463 1166 ubi
2490 1120 2774 1181 peractum
2807 1120 2913 1176 est,
2939 1110 3170 1165 liberius
3192 1109 3259 1164 ad
3291 1111 3562 1164 maritum

1980 1205 2179 1260 deinde
2238 1206 2441 1260 mulier
2502 1205 2771 1267 accessit,
2804 1205 3227 1260 convenientem
3284 1206 3333 1259 ei
3375 1220 3565 1259 curam

1982 1308 2270 1370 prmstans.
2295 1298 2461 1371 714
2495 1298 2623 1353 Erat
2648 1298 2877 1354 Cabadm
2913 1297 3125 1353 amicus
3154 1296 3376 1368 quidam
3401 1312 3564 1369 quam

1983 1391 2219 1445 tnaxime
2245 1392 2469 1456 eharus,
2501 1391 2594 1461 qui
2634 1406 2733 1461 per
2767 1404 2998 1444 uxorem
3023 1388 3074 1443 ei
3104 1388 3425 1453 insinuavit,
3472 1404 3573 1459 pa-

1983 1494 2132 1537 ratos
2157 1499 2215 1537 se
2236 1484 2298 1538 .in
2332 1484 2455 1539 loco
2491 1496 2645 1539 certo
2673 1498 2849 1553 equos
2881 1492 2938 1539 et
2968 1480 3119 1536 viros
3178 1481 3407 1543 habere.
3442 1497 3568 1535 cum

1982 1577 2184 1646 quibus
2216 1577 2260 1630 si
2298 1576 2488 1647 fugere
2522 1577 2709 1642 vellet,
2758 1577 2916 1631 facile
2948 1592 3178 1646 regnum
3238 1590 3570 1647 recuperare

1986 1677 2197 1737 posset.
2236 1666 2340 1723 Ubi
2376 1684 2482 1721 nox
2517 1668 2765 1729 advenit,
2794 1668 3043 1724 Cabades
3074 1669 3295 1741 conjugi
3337 1684 3571 1739 persua-

1985 1759 2077 1821 sit,
2118 1770 2174 1814 ut
2211 1769 2425 1815 vestem
2468 1761 2557 1815 illa
2596 1776 2751 1815 suam
2786 1762 3062 1825 indueret,
3123 1771 3290 1833 atque
3356 1762 3414 1817 in
3446 1776 3572 1817 ear-

1987 1867 2114 1907 cere
2176 1854 2496 1908 considerrt
2533 1871 2547 1906 :
2587 1855 2702 1924 ip.e
2757 1870 2887 1909 vero
2918 1855 3109 1910 habitu
3139 1855 3289 1909 illius
3324 1864 3599 1925 sumpto...

1987 1961 2111 2001 eam
2180 1947 2355 2017 ipsam
2398 1964 2458 2001 se
2489 1964 2610 2003 esse
2640 1948 2810 2018 probe
2843 1948 3209 2014 assimulavit,
3241 1957 3291 2003 et
3321 1948 3575 2004 custodia-

1987 2055 2244 2110 egressus
2303 2050 2413 2095 est.
2445 2042 2500 2094 Id
2537 2042 2629 2095 ubi
2699 2042 2926 2105 factum,
2976 2040 3225 2097 Cabades
3261 2039 3381 2098 Sea:
3402 2042 3569 2097 ductu

1993 2132 2091 2205 (ita
2112 2133 2260 2189 enim
2287 2135 2500 2189 anticus
2526 2134 2617 2189 ille
2646 2135 3062 2206 nominabatur)
3084 2151 3249 2205 quam
3279 2135 3572 2190 celerrime.

1992 2227 2179 2282 salvus
2213 2228 2280 2281 ad
2322 2228 2713 2295 Nephthalitas
2734 2228 3007 2297 pervenit.
3031 2227 3277 2296 Quorum
3317 2229 3575 2298 princeps

1990 2320 2069 2375 illi
2101 2319 2348 2375 ctllliam
2411 2321 2768 2375 matrimonio
2801 2309 3108 2393 conjunxit,
3157 2331 3211 2376 et
3268 2322 3573 2377 exercitum
3638 2393 3645 2401 .

1992 2412 2271 2477 attribuit,
2309 2428 2473 2483 quem
2501 2413 2555 2467 in
2617 2414 2836 2479 Persas,
2868 2429 3098 2484 regnum
3135 2429 3295 2469 suum
3347 2429 3579 2485 recupe-

1995 2517 2234 2569 raturos.
2269 2508 2518 2563 duceret.
2549 2508 2798 2564 Cabades
2841 2509 2931 2562 ubi
2989 2509 3182 2565 Persas
3214 2518 3419 2581 printer
3479 2525 3578 2564 ex-

1996 2600 2404 2668 spectationem
2483 2600 2669 2655 subito
2695 2616 2985 2672 aggressus
3026 2609 3133 2667 est,
3163 2617 3395 2673 regnum
3425 2603 3581 2658 nullo

1996 2705 2169 2759 prope
2228 2690 2415 2745 labore
2474 2693 2719 2762 recepit:
2795 2693 3020 2748 fratrem
3125 2693 3343 2749 Blasum
3409 2697 3580 2764 cepit,

1994 2784 2314 2849 exc-meavit,
2342 2795 2399 2838 et
2451 2786 2658 2839 tarceri
2695 2786 2919 2840 inclusit
2958 2805 2972 2850 ;
3010 2795 3067 2841 et
3114 2788 3260 2857 quod
3332 2788 3585 2842 Cahades

1951 2891 1959 2897 ·
1994 2874 2085 2928 vir
2141 2889 2306 2946 sagax
2345 2884 2512 2946 atque
2565 2874 2875 2931 industrius
2909 2885 3077 2944 esset,
3126 2894 3355 2949 regnum
3388 2892 3578 2949 postea

1998 2987 2164 3043 quam
2226 2972 2500 3028 tutissime
2524 2970 2726 3027 tenuit.
2755 2971 2821 3026 Et
2884 2988 3033 3028 anno
3074 2974 3582 3028 administrationis

1998 3078 2113 3120 sua:
2147 3064 2443 3120 undecimo
2468 3079 2661 3135 pacem
2700 3066 2937 3134 primum
2972 3081 3100 3120 eum
3129 3067 3394 3121 Romanis
3429 3068 3580 3121 fecit:

304 3152 652 3223 απεκρίνατο
682 3154 1066 3224 γραμματεῖον
1108 3155 1285 3204 ποιεῖν
1313 3154 1362 3206 εί
1392 3152 1740 3218 δανείζεσθαι
1773 3154 1893 3224 βού-

2001 3154 2204 3211 deinde
2278 3171 2432 3229 vero,
2501 3155 2594 3210 ubi
2668 3166 2916 3211 mutuam
2979 3157 3048 3211 ab
3095 3158 3385 3212 Anastasio
3417 3174 3585 3227 pecu-

304 3246 448 3300 λοιτο
472 3260 489 3272 ⁸
553 3245 602 3297 εἰ
637 3244 682 3296 δ’
735 3243 934 3310 ἂλλως,
965 3243 1075 3297 οὐδ’
1101 3244 1167 3299 ἂν
1211 3245 1309 3299 ἕνα
1350 3245 1639 3316 παρέξειεν
1682 3246 1891 3303 ὀϐολόν.

304 3341 401 3392 Διά
430 3356 527 3391 τοι
561 3337 718 3390 τοῦτο
747 3338 1009 3407 Καϐἀδην
1038 3340 1138 3403 τὰς
1174 3339 1407 3402 σπονδὰς
1457 3338 1718 3406 λύσαντα,
1753 3343 1895 3397 κατὰ

312 3430 616 3503 Ῥωμαίων
637 3432 905 3501 ὁρμῆσαι,
935 3432 1107 3485 ’Δστυ
1136 3432 1192 3485 δέ
1217 3451 1270 3486 τι
1305 3434 1510 3502 μεταξὺ
1542 3435 1770 3505 Περσῶν
1802 3440 1899 3488 καὶ

315 3526 500 3581 Ἰνδῶν
541 3524 834 3596 ἐτύγχανεν
866 3523 948 3591 δν,
995 3525 1166 3595 ὄνομα
1212 3521 1279 3598 ἦν
1309 3526 1718 3596 Ί¹ζουνδαδάερο
1764 3530 1822 3583 ἐν
1852 3521 1901 3598 ᾧ

307 3622 575 3689 χρήματα
610 3618 838 3671 πλεῖστα
869 3619 963 3671 καὶ
1006 3617 1188 3682 λίθους
1216 3619 1323 3673 τῶν
1349 3621 1639 3689 τιμαλφῶν
1666 3622 1759 3675 καὶ
1780 3621 1899 3675 δια-

306 3711 494 3779 φανῶν
537 3709 727 3780 μαθὼν
757 3709 1016 3777 Καϐάδης
1068 3710 1431 3777 κρύπτεσθαι,
1486 3713 1665 3767 πάντα
1715 3714 1901 3768 κάλων

308 3804 477 3857 ἐκίνει
540 3800 934 3873 χειρώσασθαι.
988 3802 1222 3872 Εῖργετο
1271 3804 1328 3857 δὲ
1358 3804 1613 3875 δαίμοσιν
1648 3806 1902 3875 ἐμποδὼν

309 3895 767 3965 καθισταμένοις,
802 3894 854 3948 οἶ
886 3894 1065 3949 ταῦτα
1094 3898 1364 3967 φρουρεῖν
1396 3897 1612 3967 ἔλαχον.
1660 3898 1812 3951 Ἐπεὶ
1844 3899 1902 3952 δὲ

312 3992 495 4044 πᾶσαν
552 3989 655 4059 τὴν
701 3990 973 4060 σφετέραν
1012 3991 1349 4059 μαγγανείαν
1388 3991 1701 4063 κεκινηκὼς
1749 3992 1904 4047 οὐδὲν

313 4084 494 4152 ῆνυεν.
532 4078 707 4150 ἀπρὶξ
751 4081 859 4135 τῶν
908 4082 1223 4153 δαιμονίων·
1257 4082 1538 4154 ἐχομένων
1566 4082 1661 4136 τοῦ
1704 4085 1901 4146 τόπου,

312 4176 399 4228 διὰ
452 4176 576 4228 τῶν
620 4174 895 4229 Ἰουδαίων
952 4175 1334 4246 ἀπεπειρᾶτο*
1372 4173 1630 4228 κάκεῖθεν
1688 4175 1744 4228 δὲ
1807 4172 1904 4227 τοῦ

316 4264 529 4320 σκοποῦ
590 4264 1003 4337 διημαρτηκὼς,
1061 4267 1207 4334 ἔγνω
1252 4264 1340 4320 διὰ
1391 4266 1501 4320 τῶν
1555 4256 1904 4338 Χριστιανῶν

314 4360 523 4423 ἐλθεῖν,
564 4358 887 4413 δυναστείαν
937 4358 1224 4429 εἰληφέναι
1275 4361 1417 4427 σφᾶς
1457 4361 1598 4413 κατὰ
1631 4358 1909 4429 δαιμόνων

316 4451 659 4522 ἀναμαοών·
735 4452 827 4504 καὶ
888 4451 1273 4521 μετεστέλλετο
1297 4452 1388 4505 τὸν
1451 4453 1607 4522 παρά
1663 4452 1903 4521 Πέρσαις

2003 3246 2151 3300 niam
2176 3246 2432 3317 accipere
2452 3247 2645 3311 voluit,
2677 3257 2841 3316 atque
2859 3247 3181 3304 Anastasius
3201 3251 3250 3302 ei
3272 3249 3583 3316 resnondit,

2002 3338 2280 3395 cautionis
2348 3340 2718 3413 syngrapham
2750 3355 2901 3404 eum,
2929 3341 2975 3395 si
3004 3342 3295 3411 pecuniam
3325 3342 3579 3411 recipere

2002 3431 2191 3498 vellet,
2252 3432 2386 3486 dare
2450 3432 2670 3496 debere,
2698 3430 2910 3502 absque
2962 3448 3025 3487 ea
3057 3447 3125 3487 ne
3159 3448 3328 3487 unum
3358 3434 3581 3503 quidem

2005 3524 2233 3579 obolum
2292 3534 2651 3594 accepturum
2694 3510 2851 3580 esse:
2901 3540 3023 3579 eam
3060 3524 3132 3580 ob
3184 3540 3406 3580 causam
3437 3526 3591 3594 pacis

2006 3617 2187 3672 fmdus
2212 3618 2384 3686 rupit,
2406 3625 2464 3672 et
2489 3618 2756 3671 adversus
2786 3617 3066 3672 Romanos
3091 3617 3295 3672 bellum
3317 3619 3584 3688 suscepit.

2002 3712 2153 3766 Inter
2174 3709 2455 3765 Persidem
2477 3720 2531 3765 et
2557 3709 2767 3763 lndiam
2788 3709 3049 3780 oppidum
3074 3710 3196 3773 fuit,
3223 3710 3590 3765 Tzundadaer

2005 3806 2256 3857 nomine.
2311 3803 2369 3857 ln
2405 3818 2472 3857 eo
2496 3801 2750 3857 Cabades
2799 3803 3093 3856 maximam
3152 3804 3397 3872 pecunia:
3450 3804 3587 3869 vim,

2007 3897 2392 3968 pretiososqne
2431 3906 2486 3951 et
2518 3896 2827 3965 pellucidos
2866 3897 3084 3966 lapillos
3133 3896 3278 3950 ciam
3311 3897 3591 3951 asservari

2006 3988 2297 4043 intellexit.
2330 3988 2426 4043 Eis
2457 3995 2516 4040 ut
2541 4002 2647 4040 una
2690 4003 2814 4041 cum
2853 3988 3059 4057 oppido
3121 3987 3415 4056 potiretur,
3449 3987 3597 4041 nihil

2007 4079 2346 4134 intentatum
2401 4078 2665 4148 reliquit:
2694 4081 2789 4133 sed
2825 4093 2938 4147 quo
2970 4077 3157 4131 minus
3196 4079 3344 4147 quod
3370 4078 3593 4132 volebat

2003 4168 2271 4238 ediceret,
2296 4169 2600 4231 dmmones,
2631 4171 2724 4238 qui
2776 4168 3107 4222 thesaurum
3141 4182 3267 4223 eum
3305 4169 3589 4222 custodie-

2006 4261 2163 4329 bant,
2194 4261 2482 4317 obstitere.
2505 4259 2574 4315 Et
2603 4268 2904 4331 postquam
2928 4260 3181 4314 Persicas
3233 4260 3599 4315 evocationcs

2006 4364 2064 4412 et
2092 4356 2437 4425 imposturas
2463 4363 2745 4423 expertus,
2768 4353 3113 4408 dmmonibus
3135 4353 3390 4407 videlicet
3406 4354 3591 4409 locum

2007 4463 2134 4504 eum
2161 4447 2474 4501 ﬁrmissime
2491 4446 2891 4510 obtinentibus,
2911 4446 3048 4500 nihil
3104 4447 3234 4516 egit.
3258 4461 3354 4513 per
3376 4445 3606 4501 Jndzeas

316 4544 672 4617 Χριστιανῶν
699 4546 1033 4598 ἐπίσκοπον·
1079 4544 1137 4608 ὃς
1182 4546 1272 4598 ἐπὶ
1313 4544 1473 4600 τοῦτο
1520 4544 1741 4609 σύναξιν
1771 4547 1893 4614 ὀμο-

2012 4556 2125 4597 rem
2179 4541 2440 4611 expedire
2489 4554 2785 4611 aggressus
2845 4549 2979 4607 est;
3012 4549 3176 4610 atque
3229 4539 3322 4593 ubi
3372 4556 3473 4611 per
3496 4557 3605 4596 eos

320 4639 510 4706 φύλων
540 4637 879 4708 πεποιηκὼς,
932 4638 1027 4691 καὶ
1061 4638 1349 4709 μετασχὼν
1394 4639 1503 4691 τῶν
1541 4638 1704 4691 θείων
1745 4640 1909 4706 ἁγια-

320 4733 578 4799 σμάτων,
616 4730 875 4800 μεταδούς
902 4748 959 4784 τε
986 4730 1193 4784 τούτων
1219 4732 1314 4785 καὶ
1340 4735 1454 4796 τοῖς
1491 4731 1734 4785 συνιοῦσι
1773 4733 1910 4801 Χρι-

320 4824 590 4887 στιανοῐς,
627 4822 707 4892 τῷ
747 4829 841 4875 τοῦ
881 4822 1121 4893 σταυροῦ
1170 4824 1390 4894 σημείῳ
1422 4825 1551 4886 τοὺς
1601 4823 1911 4893 ἐμφιλοχω-

320 4914 564 4983 ροῦντας
608 4913 809 4984 ἧλαυνε
839 4914 1102 4983 δαίμονας
1125 4929 1141 4945 σ
1175 4917 1274 4969 καὶ
1303 4915 1482 4967 πόνων
1511 4915 1639 4968 ἄνευ
1680 4914 1911 4984 Καὸαδῃ

318 5001 382 5053 τὸ
406 5000 553 5054 ἄστυ
609 5001 772 5062 εὐθὺς
812 5001 1118 5072 παρεδίδου.
1169 5004 1234 5055 "0
1284 5001 1422 5070 δῆτα
1472 5001 1849 5069 καταπλαγεὶς
1880 5004 1909 5054 ὁ

323 5093 574 5164 Πέρσης,
604 5093 793 5166 πρώτῃ
812 5094 1056 5166 καθέδρα
1086 5096 1179 5148 τὸν
1214 5095 1321 5147 τῶν
1355 5093 1703 5165 Χριστιανῶν
1744 5086 1909 5163 ἐτίμα

324 5186 670 5254 ἐπίσκοπον,
726 5186 854 5258 ἄχρι
907 5187 1030 5241 τότε
1103 5186 1375 5242 Ἰουδαίων
1429 5189 1523 5241 καὶ
1581 5188 1909 5257 Μανιχαίων

326 5279 801 5347 προηγουμένων·
854 5280 1010 5335 ἔνθεν
1040 5299 1122 5335 τοι
1169 5284 1265 5334 καὶ
1296 5283 1431 5335 πᾶσι
1457 5283 1565 5345 τοῖς
1596 5280 1912 5351 Χριστιανί-

324 5372 442 5435 ζαν
476 5372 730 5425 ἐθέλουσι
755 5372 852 5426 τοῦ
883 5374 1070 5429 λοιποῦ
1101 5376 1285 5430 ἄδειαν
1318 5380 1549 5446 παρεῖχε
1574 5392 1587 5405 ·
1642 5378 1912 5445 πρΰτερον

327 5464 608 5531 κολάζων,
630 5463 702 5528 ὡς
748 5473 841 5519 καὶ
883 5467 1117 5532 πολλοὺς
1146 5469 1255 5520 τῶν
1287 5471 1617 5540 φωνητιλὼν
1661 5471 1938 5538 ἁςαιρεῖν,

325 5557 619 5626 ὀργάνων·
653 5558 703 5610 οἳ
745 5559 946 5630 καίπρ
1000 5560 1172 5623 οὓτως
1217 5560 1457 5631 ἔχοντες,
1498 5560 1754 5632 καθαρῶς
1799 5563 1925 5613 διω-

331 5652 531 5719 μίλουν
563 5651 702 5704 καθὰ
735 5655 825 5704 καὶ
856 5653 1123 5724 πρότερον
1158 5655 1432 5723 λέγοντες.

2010 4650 2235 4705 quoque
2268 4636 2470 4702 optatis
2508 4636 2764 4703 votisque
2796 4634 2911 4689 Suis
2951 4635 3161 4703 potitus
3189 4649 3298 4687 non
3355 4644 3463 4700 est,
3492 4650 3594 4704 per

2010 4726 2364 4783 Christianos
2397 4728 2619 4784 tandem
2675 4745 2735 4783 se
2785 4729 2934 4798 quod
2988 4714 3297 4783 conabatur
3322 4728 3606 4784 facturum

2013 4835 2135 4874 esse
2161 4821 2462 4877 arbitratus
2485 4832 2590 4883 est,
2611 4836 2753 4891 quos
2777 4821 3045 4876 adversus
3096 4821 3374 4875 daemones
3407 4833 3597 4890 potes.
3657 4867 3663 4874 .

2019 4923 2188 4969 tatem
2222 4913 2500 4983 recepisse
2558 4914 3097 4983 andiver:tt..ltaque
3124 4912 3598 4975 Christianorum,

2019 5009 2116 5077 qui
2182 5007 2329 5077 apud
2389 5007 2586 5060 Persas
2612 5016 2755 5071 erat,
2782 5006 3102 5075 episcopum
3145 5004 3211 5059 ad
3253 5019 3310 5059 se
3334 5003 3551 5057 vocavit
3579 5019 3608 5067 ;

2018 5097 2114 5166 qui
2172 5109 2237 5150 ea
2278 5094 2345 5148 de
2370 5110 2532 5149 causa
2566 5096 2754 5167 synasi
2788 5105 2843 5150 et
2894 5104 3174 5149 conventu
3223 5092 3609 5148 ecclesiastico

2019 5187 2371 5257 popularium
2411 5204 2638 5241 suorum
2698 5199 2913 5251 coacto,
2964 5186 3250 5240 etdivinis
3287 5184 3611 5238 sanctiﬁca-

2023 5280 2269 5333 tionibus
2322 5280 2628 5350 perceptis,
2661 5279 2984 5348 eisdemque
3017 5277 3349 5333 Christianis
3395 5278 3486 5347 qui
3526 5278 3614 5334 ibi

2017 5383 2397 5429 convenerant
2453 5375 2615 5434 datis.
2676 5375 2833 5444 signo
2870 5372 3051 5427 erucis
3091 5358 3203 5441 'qui
3261 5371 3442 5425 locum
3475 5388 3613 5426 eum

2020 5466 2339 5522 incolebant
2370 5467 2653 5521 daemones
2683 5466 2887 5535 exegit,
2924 5476 2979 5520 et
3000 5464 3239 5520 Cabadzn
3269 5462 3456 5518 statim
3484 5465 3613 5520 sine

2022 5561 2213 5615 labore
2236 5562 2353 5616 ullo
2381 5562 2647 5632 oppidum
2690 5560 2937 5613 tradidit.
2968 5558 3086 5625 Qua
3125 5573 3183 5613 re
3212 5564 3620 5613 consternatus-

2025 5655 2210 5716 Persa.
2250 5655 2413 5726 715
2454 5658 2633 5723 primo
2662 5654 2927 5708 subsellio
2980 5653 3303 5725 episcopum
3330 5648 3612 5705 Christiao

328 5761 535 5799 norum
569 5747 965 5815 cohonestavit,
1008 5763 1133 5803 eum
1157 5748 1224 5803 ad
1244 5747 1297 5803 id
1327 5764 1500 5818 usque
1539 5759 1759 5818 tempus
1806 5748 1986 5802 Judaei
2050 5758 2104 5802 et
2170 5747 2449 5805 Manielnei
2526 5750 2687 5804 sedes
2718 5747 3012 5816 primarias
3055 5744 3444 5800 obtinuissent.
3507 5745 3611 5799 At-

329 5860 439 5914 que
472 5843 547 5897 ab
578 5853 919 5916 eotcmpore,
947 5857 1007 5902 ut
1037 5847 1300 5910 deinceps
1321 5846 1642 5918 quicunque
1678 5846 1901 5912 vellent,
1945 5845 2389 5901 Clu-istiauoruin
2463 5864 2616 5903 sacra
2647 5848 2920 5912 colerent,
2999 5852 3327 5913 potestatem
3366 5839 3612 5896 liberam
