4046 6482
418 358 525 420 905

1340 351 1949 414 ECCLESIASTlC/E
1988 349 2381 413 HISTORIA;
2408 348 2558 409 LIB.
2597 345 2758 410 XVI.

3585 341 3692 410 “2.06

409 490 533 535 τας,
564 470 630 523 τά
657 470 747 523 ἴσα
772 467 882 521 τῶν
916 464 1233 521 καυθέντων
1264 464 1318 517 εί
1344 483 1452 519 που
1482 465 1884 536 περισὼζοιντο
1912 464 1993 519 ἔτι

2125 465 2272 520 iares
2316 479 2473 527 suos,
2518 463 2790 533 pmnitere
2829 475 2888 515 se
2927 452 3091 525 facti,
3123 472 3305 530 neque
3340 459 3546 516 habere
3579 476 3692 532 quo

413 559 800 632 διερευνᾶσθαι
833 561 893 613 ἐν
921 558 1037 622 τοῖς
1080 557 1311 612 καθόλου
1357 560 1611 622 πυκτίοις
1654 557 1766 611 τῶν
1799 559 1992 625 εἰσφο-

416 654 556 723 ρῶν·
591 652 837 716 δαπάνας
865 649 912 706 δ’
941 650 1177 716 ἐπιθεὶς,
1213 650 1469 720 ἔπεμπεν
1509 649 1833 721 ἁπανταχοῦ
1869 648 1999 702 συλ-

415 747 580 819 λογὴν
600 745 711 800 τῶν
734 745 1152 816 εὑρισκομένων
1189 745 1469 798 ποιεῖσθαι
1494 762 1509 777 ο
1544 744 1682 798 ὅπου
1729 743 1776 797 δ’
1808 743 1877 798 ἄν
1911 760 1999 808 τις

420 839 672 911 εὑρεθείη
711 837 976 901 τοιοῦτος,
1002 837 1136 908 παρ’
1169 837 1331 890 αὐτὸν
1365 837 1788 908 ἐσκομίζεσθαιδ
1827 838 1904 901 ὡς
1933 836 2000 891 ἂν

421 936 505 1003 είη
539 932 728 1001 σκέψει
758 931 856 985 καὶ
884 928 1146 1001 ἀκριϐείᾳ
1192 930 1363 1002 πολλῇ
1398 931 1498 1000 τὴν
1541 929 1762 984 ἔκθεσιν
1799 947 2000 983 συντα-

384 1026 400 1046 ¹
420 1024 775 1096 γῆναι.⁹Επεὶ
820 1022 878 1076 δέ
937 1022 1119 1093 χρόνῳ
1152 1014 1326 1092 ἱκανῷ
1383 1022 1432 1074 oi
1490 1021 1637 1092 ἀμφὶ
1667 1023 1736 1077 τὰ
1766 1021 1997 1075 τοιαῦτα

420 1118 766 1187 πεμφθέντες
811 1110 950 1188 ἧκον
999 1117 1395 1185 ἐπιφερόμενοι
1448 1115 1554 1169 ὅσα
1616 1109 1800 1186 εὗρον,
1856 1115 2001 1185 μάλα

420 1213 622 1281 χαίρων
675 1212 704 1263 ὁ
742 1211 1102 1275 Ἀναστάσιος
1153 1209 1410 1276 διετέλει,
1443 1208 1539 1263 τοῦ
1586 1209 2001 1263 κατεσπουδασ-

423 1305 582 1372 μένου
624 1303 832 1372 τυχών·
867 1302 966 1354 καὶ
998 1299 1357 1370 σοφιζόμενος
1400 1296 1583 1365 αὖθις,
1617 1303 1769 1363 ὅπως
1795 1314 1856 1355 τε
1902 1302 2002 1356 καὶ

420 1397 554 1447 ὅπου
597 1401 689 1447 καὶ
744 1395 896 1463 παρὰ
928 1394 1074 1447 τίσιν
1096 1394 1328 1464 εὓρηται
1352 1410 1366 1424 ·
1399 1396 1495 1447 καὶ
1535 1396 1587 1448 εἰ
1634 1397 1710 1463 μὴ
1749 1395 1846 1449 καὶ
1871 1396 2004 1450 ἄλλο

417 1489 656 1541 τοιοῦτόν
686 1504 738 1540 τι
781 1486 1194 1550 ὑπολέλειπται,
1246 1487 1448 1539 ἐκεῖνοι
1501 1485 1707 1557 πολλὴν
1751 1502 1999 1539 συνεισε-

419 1586 634 1649 νεγκεῖν
661 1580 1060 1652 διισχυρίζοντο
1092 1578 1333 1647 σπουδήν
1353 1595 1369 1611 ο
1401 1579 1494 1632 καὶ
1547 1578 1847 1648 ἐπώμνυον
1898 1595 2007 1649 μη·-

417 1674 541 1726 δένα
569 1672 758 1741 ἕτερόν
786 1688 888 1723 που
917 1671 1128 1740 χάρτην
1155 1669 1547 1739 ὑπολελεῖφθαι
1576 1668 1816 1741 διασπᾷν
1843 1670 2006 1724 δυνά-

424 1782 583 1834 μενον
633 1764 694 1816 τὴ
733 1761 1057 1831 πολίτευμα.
1098 1760 1158 1815 Ὀ
1206 1762 1262 1815 δὲ
1316 1764 1413 1815 καὶ
1456 1756 1618 1823 αὖθς
1654 1760 1918 1831 λαμπρὰν
1947 1759 2007 1826 ἐξ

2101 569 2350 611 errorem
2376 554 2736 610 commissum
2772 552 3100 624 corrigeret,
3141 552 3592 624 quandoquidem
3629 554 3695 607 li-

2104 647 2191 702 bri
2230 648 2288 702 in
2317 647 2526 718 quibus
2550 645 2895 718 ejuscemodi
2923 645 3142 701 exactio
3166 645 3448 716 descripta
3474 647 3692 710 fuisset,

2107 741 2338 794 cremati
2386 746 2597 803 essent,
2649 755 2749 809 per
2801 738 3218 796 simulationem
3258 739 3449 810 ﬁnxit.
3489 740 3566 795 Ibi
3615 741 3695 794 illi

2102 832 2174 887 ab
2197 846 2265 886 eo
2311 831 2384 885 ita
2426 830 2672 901 decepti,
2707 844 2815 884 non
2847 832 3037 887 vultus
3066 831 3312 896 ﬁctione,
3341 832 3441 888 sed
3487 833 3697 901 rcipsa.

2103 925 2173 980 de
2205 923 2420 980 tributo
2446 939 2517 980 eo
2569 934 2621 979 ct
2674 923 2903 979 nefandi
2937 923 3127 993 ﬂagitii
3176 926 3433 981 mercede
3471 935 3696 995 pertur-

2104 1016 2244 1084 bati,
2275 1017 2504 1074 doluere
2534 1035 2548 1072 :
2583 1032 2767 1087 neque
2799 1031 2859 1071 se
2893 1018 3216 1083 consilium,
3245 1035 3357 1089 quo
3381 1019 3608 1090 jactura:
3645 1018 3696 1073 ei

2106 1112 2489 1174 mederentur,
2530 1110 2763 1175 habere,
2822 1126 2933 1181 pra:
2979 1126 3041 1166 se
3088 1113 3288 1168 tulere.
3336 1113 3431 1168 Ille
3478 1128 3577 1168 eos
3627 1111 3697 1167 ad

2104 1203 2226 1259 loca
2288 1204 2476 1258 omnia
2506 1204 2585 1258 ire
2637 1205 2823 1275 jussit,
2874 1212 2934 1258 ut
2981 1205 3026 1259 si
3069 1220 3177 1274 qua
3236 1206 3697 1262 commentarium

2105 1295 2524 1351 combustorum
2556 1296 2806 1365 exempla
2837 1312 2904 1350 cx
2930 1296 3198 1351 omnibus
3243 1296 3556 1351 exactionis
3616 1305 3700 1351 ta«

2105 1389 2253 1443 bulis
2298 1396 2605 1452 exstarent,
2637 1398 3064 1444 scrutarentur:
3121 1399 3178 1444 et
3227 1391 3546 1460 sumptibus
3578 1406 3698 1444 eam

2108 1481 2164 1536 in
2198 1497 2313 1536 rem
2350 1482 2643 1551 impensis,
2700 1481 2959 1537 homines
3017 1484 3225 1553 passim
3286 1483 3381 1552 qui
3446 1486 3700 1554 exempla

2108 1574 2382 1646 ejusmodi
2442 1585 2890 1646 comportarent,
2946 1576 3267 1645 disposuit:
3305 1577 3588 1643 videlicet,
3644 1588 3705 1633 ut

2110 1668 2158 1724 si
2189 1669 2319 1737 quis
2350 1668 2473 1724 talis
2504 1670 2853 1725 inveniretur
2886 1672 3344 1734 commentarius,
3398 1670 3465 1725 ad
3521 1674 3702 1741 ipsum

2112 1761 2438 1827 alrerretur,
2473 1778 2585 1833 quo
2615 1763 2870 1835 diligenti
2901 1773 2958 1819 et
2985 1774 3246 1820 accurata
3294 1765 3704 1821 deliberatione

420 1857 650 1910 ἐκείνων
697 1855 908 1925 ἁνάψας
962 1856 1063 1926 τὴν
1109 1854 1290 1923 φλόγα
1354 1854 1464 1908 τῶν
1528 1854 2003 1924 εἰσκομισθέντων

2119 1868 2202 1909 res
2228 1853 2448 1925 disponi
2480 1864 2648 1924 atque
2676 1855 2926 1911 ordinari
2953 1866 3167 1928 posset.
3195 1858 3493 1929 Postquam
3517 1867 3704 1913 autem

421 1947 789 2020 χαρτῶν,τὴν
848 1946 1061 2002 ἐκεῖθεν
1118 1947 1316 2000 σποδὸν
1387 1945 1544 2000 ὕδατι
1615 1947 2003 2018 περικλύσας,

426 2045 644 2096 ἑσπεισε
658 2041 733 2111 τῷ
749 2042 894 2111 ἀέρι·
923 2039 1107 2095 τέλεον
1131 2026 1418 2108 ἀφανίζειν
1444 2041 1723 2111 ᾑρημένος
1743 2039 1840 2111 τὴν
1864 2041 2009 2109 πρᾶ-

433 2135 540 2201 ξιν,
566 2134 698 2211 ὥστε
731 2133 867 2205 μηδὲ
895 2133 1049 2187 κόνιν
1076 2135 1218 2203 μήτε
1249 2136 1301 2186 τι
1334 2132 1465 2187 ἄλλο
1492 2132 1752 2201 λείψανον
1783 2133 2006 2186 ἀπολει-

437 2230 635 2299 φθῆναι
667 2229 758 2299 τῆς
790 2228 1070 2299 πράξεως,
1125 2228 1263 2300 μηδέ
1301 2228 1442 2297 μετὰ
1493 2228 1595 2298 τὴν
1632 2228 1867 2292 καῦσιν,
1899 2228 2006 2284 κᾶν

444 2322 660 2387 σκιῶδες
682 2338 728 2376 τι
766 2322 1010 2392 γράμμα
1037 2319 1354 2391 διαφανείη.
1386 2319 1503 2374 Ἰνα
1535 2319 1594 2373 δὲ
1627 2319 1704 2388 μὴ
1729 2320 1825 2373 ἐπὶ
1846 2320 2003 2375 τόσον

438 2414 498 2469 τὸ
525 2415 743 2485 πρᾶγμα
769 2413 1119 2482 ὀγκώσαντες
1149 2409 1392 2482 δόξωμεν
1422 2411 1757 2482 ἠγνοηκέναι
1787 2414 1884 2465 καὶ
1912 2415 2012 2481 ὅσα

431 2508 685 2578 ἐμπαθῶς
712 2509 762 2561 oi
787 2507 1141 2579 ἀρχαιότεροι
1179 2508 1310 2576 περὶ
1344 2506 1558 2577 ταύτης
1605 2509 1707 2575 τῆς
1751 2506 2011 2576 πράξεως

428 2599 855 2670 συνεγράψαντο,
882 2601 1282 2672 παραθήσομαι
1308 2600 1373 2669 δὴ
1392 2609 1491 2656 καὶ
1508 2599 1681 2653 ταῦτα
1703 2616 1717 2629 ·
1741 2599 2008 2654 δεικνύων

423 2694 485 2759 ἐξ
509 2686 584 2749 ὧν
613 2693 846 2765 διῆλθον,
879 2694 957 2759 ὡς
990 2695 1099 2764 ἄρα
1138 2692 1313 2764 ψευδῆ
1354 2694 1457 2761 ὅσα
1490 2694 1621 2763 περὶ
1670 2692 1880 2763 ταύτης
1905 2693 2008 2764 τῆς

422 2788 685 2861 ἀθεμίτου
716 2791 970 2859 πράξεως
1003 2789 1354 2861 ἱστορήκασι.

2116 1963 2227 2003 non
2265 1964 2438 2019 parvo
2470 1948 2802 2020 interposito
2833 1958 3106 2022 tempore,
3140 1951 3220 2006 illi
3251 1967 3393 2022 quos
3427 1952 3495 2006 ad
3520 1952 3707 2022 inqui-

2117 2040 2285 2096 renda
2328 2042 2583 2112 exempla
2619 2043 2751 2098 talia
2791 2043 3043 2109 miserat,
3075 2044 3312 2111 reversi,
3356 2060 3420 2100 ea
3458 2061 3581 2115 qua:
3616 2047 3707 2099 ἰπὶ-

2115 2142 2385 2187 venerant
2437 2132 2723 2190 attulere:
2773 2150 3113 2208 magnopere
3156 2136 3504 2205 Anastasius,
3557 2140 3704 2208 quod

2114 2232 2246 2279 voto
2298 2239 2404 2279 suo
2455 2225 2671 2295 potitus
2701 2235 2877 2292 esset,
2906 2226 3123 2284 laetatus
3174 2237 3281 2283 est.
3325 2228 3393 2284 Et
3429 2245 3527 2301 per
3559 2229 3711 2284 iraa.

2115 2317 2240 2372 dem
2277 2318 2466 2384 aliam,
2520 2319 2828 2390 quomodo,
2878 2329 2937 2375 et
2988 2321 3106 2389 ubi,
3155 2330 3213 2377 et
3256 2323 3405 2394 apud
3454 2339 3593 2395 quos
3643 2343 3705 2379 ea

2116 2407 2491 2475 invenissent,
2519 2421 2577 2467 et
2607 2427 2677 2466 an
2703 2411 2854 2467 aliud
2888 2421 2985 2467 aut
3014 2412 3200 2468 simile
3235 2414 3500 2484 quiddam
3523 2416 3709 2471 adhuc

2113 2505 2320 2562 alicubi
2379 2505 2657 2576 reliqumn
2720 2513 2914 2571 esset,
2985 2516 3393 2578 percunctatus
3450 2522 3557 2565 est.
3626 2511 3708 2565 Illi

2114 2615 2316 2673 magno
2347 2601 2538 2657 studio
2567 2616 2625 2656 se
2659 2616 2723 2656 ea
2760 2609 3148 2672 comportasse
3183 2613 3622 2660 asseverarunt:
3654 2621 3712 2661 et

2105 2697 2469 2767 iuramento,
2529 2696 2740 2751 nullam
2805 2697 3081 2768 reliquam
3140 2701 3390 2753 chartam
3446 2700 3502 2754 in
3559 2701 3711 2755 omni

2109 2787 2330 2857 imperii
2361 2786 2599 2855 ditione,
2641 2802 2766 2858 quae
2791 2786 3040 2843 indicare
3065 2792 3373 2858 portorium
3420 2791 3474 2846 id
3528 2804 3716 2862 posSet

420 2893 640 2940 exstare
685 2883 1104 2940 continuarunt.
1158 2882 1351 2953 Itaque
1399 2881 1730 2938 Anastasius
1807 2894 2031 2935 rursum
2075 2882 2302 2937 chartas
2382 2881 2507 2937 illas
2552 2890 2844 2953 congestas
2890 2882 2949 2937 in
2994 2882 3268 2940 ﬂammam
3321 2886 3563 2958 conjecit
3591 2927 3607 2953 ,
3658 2895 3716 2942 ct

421 2981 661 3035 cinerem
692 2991 880 3031 earum
917 2992 1057 3048 aqua
1105 2991 1473 3046 conspersum
1515 2975 1571 3030 in
1610 2989 1799 3031 aerem
1845 2975 2080 3047 sparsit,
2119 2983 2180 3031 ut
2218 2990 2311 3032 res
2340 2990 2405 3030 ea
2445 2977 2671 3047 penitus
2716 2976 3060 3044 aboleretur,
3104 2992 3285 3048 neque
3329 2988 3456 3050 post
3503 2979 3716 3035 ustula-

423 3072 630 3131 tionem
662 3088 784 3129 eam
810 3072 896 3127 vel
921 3071 1267 3143 pulvimulus
1299 3079 1356 3127 et
1382 3069 1747 3142 reliquiarum
1771 3069 2012 3141 aliquid,
2054 3078 2154 3125 aut
2227 3070 2426 3125 umbra
2489 3070 2656 3125 etiam
2689 3070 2892 3126 litterae
2926 3071 3182 3144 alicujus,
3226 3073 3295 3129 de
3322 3089 3382 3130 re
3419 3083 3527 3128 tam
3562 3074 3717 3129 nefa-

356 3204 359 3207 -
425 3170 511 3227 ria
554 3169 699 3240 apud
747 3175 998 3240 posteros
1043 3176 1313 3241 exstaret.
1378 3166 1583 3222 Verum
1651 3165 1943 3221 enimvero
1985 3181 2078 3231 ne,
2124 3164 2256 3221 dum
2316 3165 2523 3220 factum
2589 3167 2694 3221 hoc
2753 3174 3048 3238 tantopere
3106 3167 3408 3236 efferimus,
3461 3171 3717 3242 ignorare

423 3265 736 3328 videamur,

824 3276 949 3332 quae
1008 3272 1226 3316 veteres
1283 3262 1452 3316 etiam
1517 3253 1814 3316 aII'eCtibus
1865 3259 2048 3326 ducti,
2093 3259 2196 3316 hac
2253 3259 2324 3316 de
2384 3274 2447 3315 re
2512 3260 2900 3331 scripserunt,
2951 3276 3018 3316 ea
3079 3261 3196 3331 ipsa
3247 3262 3359 3319 huc
3442 3265 3717 3331 atl‘eram,

424 3360 906 3416 demonstraturus
954 3369 1023 3410 ex
1078 3354 1332 3426 ipsorum
1397 3352 1586 3411 verbis
1684 3354 1821 3410 falsa
1856 3369 2051 3422 ,esse,
2091 3370 2216 3426 quas
2298 3355 2369 3411 de
2419 3353 2657 3411 nefanda
2696 3355 2802 3409 hac
2833 3355 3121 3412 exactione
3169 3358 3451 3414 memoriae
3484 3363 3720 3416 manda--

424 3470 528 3510 run
537 3461 578 3507 ι.
806 3467 841 3498 τι

995 3567 1253 3622 ΚΕΦΑΛ.
1301 3561 1439 3621 MA'.

436 3666 744 3732 Ἀπότασις
794 3662 945 3731 πρὸς
993 3658 1501 3733 τὸν-συγγραφέα
1552 3660 1866 3730 Ζώσιμον·
1914 3653 2012 3733 σία

495 3738 645 3806 πρὸς
670 3730 779 3806 τόν
797 3730 1262 3806 ἐκβασιλεῦσλιν
1301 3731 1580 3806 ᾀοίδιμον
1626 3730 2006 3785 Κωωταντῖ·

496 3800 608 3863 νον
619 3800 968 3875 ⁷ἀπέσκωψε
984 3800 1482 3872 βλασφημήσας.

496 3924 746 3994 Ζώσιμος
774 3920 887 3993 γὰρ
928 3922 957 3975 ό
985 3922 1089 3992 τὴν
1125 3916 1457 3992 Ἑλληνικὴν
1513 3916 1821 3989 θρησκείαν
1865 3918 2017 3989 μάλα

428 4014 770 4087 πρεσϐεύων,
816 4014 1223 4084 κωνσταντίνφ
1271 4010 1354 4083 τῷ
1401 4009 1502 4082 τῆς
1538 4010 1827 4074 εὐσεϐείας
1874 4027 2018 4083 προ-

431 4111 588 4182 μάχῳ
618 4109 711 4164 καὶ
738 4106 970 4180 ἀρχηγῷ
994 4106 1094 4178 τῆς
1120 4105 1357 4169 πίστεως
1386 4102 1604 4175 βασιλεῖ
1621 4101 1879 4175 μηνίσας,
1900 4104 2016 4157 ὅτι·

431 4219 537 4273 περ
560 4203 625 4255 ἐκ
653 4200 751 4270 τῆς
773 4201 885 4253 τῶν
914 4197 1154 4252 εἰδώλων
1185 4195 1442 4268 λατρείας
1499 4198 1584 4259 είς
1611 4196 1714 4267 τήν
1748 4193 2021 4267 Χριστιαο

430 4297 537 4351 νῶν
591 4292 960 4365 μεταϐάλλετο
1021 4292 1229 4355 πίστιν,
1281 4290 1385 4362 τὴν
1440 4290 1670 4343 ἐκείνων
1727 4289 2019 4362 βδελυρίαν

430 4385 769 4450 καταλιπὼν,
802 4384 1008 4454 ίστορεί
1039 4380 1407 4454 βλασφημῶν,
1433 4378 1510 4443 ὡς
1535 4377 1702 4441 αὐτὸς
1738 4378 1954 4442 ἐκεῖνος
1987 4376 2017 4429 6

435 4480 868 4541 Κωνσταντῐνος,
897 4476 1117 4548 πρῶτος
1151 4474 1255 4546 τὴν
1307 4472 1406 4528 τοῦ
1441 4471 1850 4544 Χρυσαργύρου
1900 4471 2021 4524 εἵσ-

402 4573 630 4643 ’πραξιν
669 4573 993 4642 ἐπινοήσας,
1044 4570 1191 4624 κατὰ
1223 4567 1628 4645 τετραετηρίδα
1685 4564 2018 4634 εἰσάγεσθαι

429 4669 492 4721 τὸ
521 4667 762 4723 τοιοῦτον
790 4665 1079 4737 αἴσχιστον
1113 4664 1265 4728 τέλος
1286 4660 1626 4732 ἐνομοθέτει.
1658 4661 1735 4714 Οὐ
1772 4660 1932 4715 τοῦτο
1959 4660 2017 4715 δέ

434 4763 594 4834 μόνον
636 4762 730 4815 τὸν
775 4758 979 4830 εὐσεϐῆ
1024 4757 1121 4811 καὶ⁵
1178 4754 1564 4827 μεγαλόδωρον
1610 4753 2018 4827 ἐϐλασφήμησε

432 4852 681 4925 βασιλέα,
714 4850 853 4905 ἀλλὰ
887 4851 983 4904 καὶ
999 4847 1116 4905 ἄλλ’
1145 4847 1283 4902 ἄττα
1314 4845 1623 4901 ἀνύποιστα
1659 4845 1803 4899 κατὰ
1836 4845 2019 4914 πάσης

2813 3556 3043 3616 CAPUT
3080 3559 3217 3615 xu.
3718 3628 3725 3636 ,

2616 3557 2783 3783 ῒ
2813 3557 3043 3616 CAPUT
3080 3559 3217 3615 XLI.
3718 3629 3720 3635 ι

2122 3652 2392 3727 Βίρι-ἱεεὶο
2419 3651 2490 3707 ad
2517 3651 2645 3706 Zost'
2744 3651 2793 3705 nt
2818 3667 2837 3706 :
2867 3670 2987 3724 (μιαν
3020 3655 3065 3709 is
3097 3657 3154 3708 in
3186 3658 3576 3727 imperatorum
3608 3679 3720 3716 om-

2192 3725 2343 3779 nium
2363 3724 2668 3778 celeberrim
2747 3740 2763 3775 t
2784 3722 3199 3780 Constantinum
3226 3745 3320 3783 ver
3333 3728 3718 3783 blasphemiam

2192 3722 2343 3801 ilium
2363 3722 2763 3801 celeberrimﬂmt
2784 3722 3199 3801 Constantinum
3226 3722 3320 3799 ρει·
3333 3728 3718 3801 blasphemiam

2191 3797 2379 3850 acerbe
2407 3804 2458 3849 et
2489 3784 2866 3850 amarull‘nter
2892 3796 3197 3853 deterserit.

2191 3911 2451 3967 Zosimus
2482 3890 2657 3979 enim,
2699 3910 3086 3981 superstitioni
3132 3912 3343 3971 Grrecas
3394 3933 3560 3987 quam
3599 3935 3720 3975 nta-

2121 4003 2269 4060 xime
2289 4004 2567 4069 addictus,
2591 4004 2647 4058 in
2673 4002 3102 4061 Constantinum
3130 4006 3549 4077 imperatorem,
3575 4027 3721 4068 verte

2121 4098 2346 4167 pietatis
2396 4107 2868 4168 propugnatorem
2933 4108 2991 4155 et
3045 4098 3172 4155 fidei
3222 4101 3441 4169 ducem,
3484 4107 3632 4176 quod
3672 4108 3719 4161 is

2121 4193 2193 4248 ab
2224 4193 2501 4248 idolorum
2532 4190 2687 4247 cultu
2717 4191 2787 4246 ad
2830 4192 3278 4251 Christianorum
3311 4196 3501 4264 ﬁdem,
3553 4201 3716 4257 dete-

2124 4285 2322 4341 standa
2353 4301 2557 4341 eorum
2588 4286 2979 4342 exsecratione
3022 4287 3248 4355 relicta,
3296 4291 3543 4357 transiit,
3577 4295 3721 4350 male

2122 4380 2421 4441 animatus.
2444 4395 2544 4451 per
2564 4380 2963 4451 blasphemiam
2994 4380 3226 4453 scriptis
3246 4386 3553 4453 mandavit,
3589 4403 3717 4443 eum

2122 4471 2368 4542 primum
2399 4472 2751 4529 exactionem
2779 4474 2878 4528 τοῦ
2917 4476 3341 4548 χρυσαργύρον,
3371 4483 3724 4552 aurargentti

2126 4566 2323 4645 tributi
2357 4569 2662 4635 invenisse,
2698 4581 2758 4627 et
2787 4581 2850 4627 ut
2878 4581 3080 4642 quarto
3110 4587 3332 4644 quoque
3360 4590 3510 4632 anno
3534 4577 3724 4633 {mdis-

2124 4662 2329 4718 simum
2360 4663 2413 4718 id
2457 4665 2691 4736 vectigal
2721 4666 3059 4738 penderetur
3091 4670 3472 4725 constituisse.
3505 4668 3711 4726 Verum

2124 4770 2236 4812 non
2263 4757 2380 4812 luce
2407 4758 2499 4814 ille
2530 4768 2743 4814 tantum
2771 4760 3067 4816 maledicta
3100 4762 3154 4816 in
3181 4763 3335 4833 pium
3392 4765 3723 4836 magnisque

2125 4847 2358 4906 dotibus
2409 4860 2675 4906 ornatum
2737 4851 3049 4922 principem
3098 4855 3358 4926 conjecit,
3405 4855 3503 4910 sed
3555 4858 3723 4911 etiam

431 4948 625 5018 τέχνης
657 4945 859 5014 δρᾶσαι
906 4942 1005 4998 καὶ
1039 4942 1363 5030 ἐπιστήμης
1385 4955 1399 4971 °
1441 4940 1539 4995 καὶ
1571 4940 1665 4993 τὸν
1700 4938 1804 5011 μὲν
1847 4938 2010 4994 παῖδα

2124 4942 2233 4998 alia
2267 4942 2510 5014 plurima
2547 4943 2923 5012 intoleranda,
2951 4945 3212 5002 eumdem
3240 4955 3438 5002 contra
3487 4957 3635 5004 artes
3666 4960 3725 5004 et

435 5041 703 5112 Κρίσπον,
717 5038 904 5110 φησὶν,
922 5035 1309 5107 ἀπανθρώπως
1337 5034 1542 5089 ἀνεῖλεο
1564 5032 1815 5087 Φαῦσταν
1838 5033 1896 5088 δέ
1918 5032 2021 5103 τὴν

434 5131 572 5186 ἰδίαν
604 5129 874 5203 γαμετὴν,
907 5128 1178 5200 βαλανείῳ
1208 5127 1396 5197 ἄκρως
1431 5124 1816 5197 ἐκπυρωθέντι
1842 5127 2022 5196 ἀσφαο

430 5225 741 5293 λισάμενον,
756 5223 1101 5294 διαφθεῖραι·
1124 5220 1221 5276 τοῦ
1249 5222 1308 5275 δέ
1327 5236 1588 5275 τοσουτου
1617 5219 1786 5289 ἄγους
1810 5219 2023 5288 κάθαρ-

434 5336 519 5373 σιν
546 5315 884 5387 ἐκζητοῦντα
919 5317 1073 5389 παρὰ
1104 5315 1220 5370 τῶν
1255 5314 1533 5385 Ἑλλήνων
1581 5313 1776 5385 ἱερέων
1809 5313 1906 5367 καὶ
1941 5311 2021 5383 μὴ

432 5411 777 5485 εὑρίσκοντα,
831 5409 1122 5479 Αἰγυπτίῳ
1170 5407 1332 5478 ἀνδρὶ
1391 5408 1642 5478 ἐντυχεῖν
1690 5394 1750 5473 ἐξ
1784 5405 2020 5476 Ἰϐήρων

432 5506 620 5577 ἥκοντι
641 5519 659 5536 ο
689 5500 1001 5556 ἀκούσαντα
1029 5501 1090 5554 δὲ
1142 5503 1274 5572 παρ’
1311 5499 1524 5554 ἐκείνου
1558 5499 1636 5563 ὡς
1669 5501 1703 5570 ή
1739 5499 1850 5553 τῶν
1883 5499 2024 5569 Χρι-

437 5593 672 5650 στιανῶν
708 5591 893 5658 πίστις
924 5591 1248 5664 ἁμαρτάδας
1281 5591 1467 5663 πάσης
1501 5592 1809 5663 εἰσηγεῖται
1863 5589 2021 5645 αναί-

2131 5034 2398 5091 scientias
2424 5049 2623 5091 omnes
2648 5035 2850 5092 fecisse
2880 5036 2982 5110 (1)⁹
3019 5045 3077 5092 ει
3108 5035 3366 5110 Crispum
3402 5038 3575 5095 ﬁlium
3598 5055 3728 5095 cru-

2132 5126 2336 5181 deliter
2361 5125 2739 5182 interfecisse.
2775 5108 3035 5182 Faustam
3066 5129 3200 5184 item
3239 5108 3538 5202 conjungem
3565 5148 3724 5188 suam

2124 5219 2332 5295 balneo
2374 5219 2443 5275 ad
2487 5232 2769 5274 summum
2802 5218 3073 5275 calefacto
3112 5220 3380 5278 inclusam
3448 5240 3718 5280 enecasse

2128 5309 2285 5367 dicit.
2339 5310 2408 5366 Et
2457 5325 2584 5367 cum
2623 5312 2760 5367 tanti
2794 5309 2986 5383 ﬂagitii
3022 5313 3397 5384 expiationem
3443 5317 3592 5387 apud
3635 5334 3729 5373 sa-

2129 5402 2395 5460 cerdotes
2440 5404 2666 5461 Graecos
2714 5405 3029 5475 quaesisset,
3077 5420 3261 5477 neque
3304 5406 3633 5479 invenisset,
3670 5411 3725 5464 iu

2128 5495 2450 5569 Egyptium
2482 5501 2783 5569 quemdam
2829 5501 3032 5568 virum,
3068 5516 3136 5557 ex
3172 5502 3351 5557 Iberia
3384 5502 3726 5563 venientem.

2132 5606 2262 5647 eum
2296 5591 2590 5660 incidisse,
2646 5605 2702 5648 et
2730 5593 2800 5650 ab
2828 5606 2896 5649 eo
2935 5595 3083 5666 quod
3110 5594 3560 5651 Christianorum
3593 5595 3729 5651 ﬁdes

508 5780 585 5849 (I)
615 5777 776 5854 Rati:
834 5777 1012 5850 πάσης
1040 5773 1285 5845 ἐξευρεῖν
1319 5771 1516 5843 τύχης,
1557 5768 1663 5826 hoc
1693 5779 1799 5839 est,
1856 5774 2005 5825 contr

2119 5785 2301 5828 omnes
2389 5776 2629 5833 omnium
2719 5777 2966 5850 fortuna:
3061 5774 3269 5850 ali1ttt'd
3364 5784 3717 5854 ercogitam.

438 5850 695 5922 (Et-agr.)

2388 5980 2421 5989 νο-
