4046 6492
382 414 482 479 ειι

1620 405 2042 468 NlCEl’llORl
2082 408 2167 467 CA
2180 408 2294 467 ιιι
2307 409 2422 469 STI

3556 401 3657 466 212

389 543 492 584 nos
530 529 852 601 ingentibus
890 529 1050 585 bellis
1075 543 1387 599 superasse,
1411 537 1468 582 et
1488 527 1679 597 jugum
1707 524 1817 580 illis
1845 537 1960 579 ser-

2087 521 2405 593 3pe‘rawob;
2450 526 2628 594 ἀγῶσι
2683 526 2943 598 μεγάλοις
2979 525 3264 591 ὑπέζευξε,
3315 521 3485 591 ζυγὸν
3533 522 3655 576 δου-

393 620 582 675 vitulis
627 621 977 692 imposuisse,
1013 622 1384 690 eamdemque
1427 618 1693 675 Romanae
1743 617 1965 681 ditioni,

391 713 456 767 ad
485 727 578 767 eas
619 729 758 782 quas
801 715 957 783 prius
1004 715 1265 781 habebat,
1312 716 1640 785 quingentas
1673 713 1969 783 populosas

393 804 558 860 urbes
589 805 892 877 adiecisse:
937 807 1403 876 quemadmodum
1443 807 1524 862 illi
1553 806 1646 876 qui
1690 807 1807 861 haac
1839 819 1970 860 con-

389 895 757 964 scripserunt,
796 897 860 950 ad
888 898 1214 953 memoriam
1235 897 1575 964 posteritatis
1593 897 1968 952 transmisere.

388 987 493 1052 Qui
555 987 737 1043 Caesar
784 989 1020 1059 primus,
1069 1001 1194 1060 post
1233 991 1513 1054 consules,
1568 988 1866 1044 monarcha
1915 997 1973 1044 et

389 1079 650 1150 princeps
686 1098 830 1137 unus
856 1082 1168 1137 declaratus
1190 1093 1275 1137 est
1303 1104 1315 1136 :
1345 1099 1408 1137 ea
1444 1097 1503 1137 re
1530 1082 1699 1138 veluti
1734 1081 1974 1152 puniens

389 1182 444 1225 ct
474 1173 615 1226 viam
650 1183 926 1238 sternens,
969 1184 1027 1228 ut
1059 1176 1290 1229 Romani
1323 1175 1544 1244 imperii
1574 1176 1726 1230 cives
1757 1182 1814 1229 et
1844 1173 1972 1229 sub-

392 1262 491 1315 diti
524 1278 590 1316 ex
619 1264 862 1332 plurium
896 1265 1129 1319 deorum
1154 1267 1330 1330 cultu,
1357 1275 1412 1320 et
1435 1265 1759 1320 turbulento
1788 1265 1973 1334 reipu—

393 1356 550 1408 blicae
588 1364 757 1419 statu,
801 1357 868 1410 ad
912 1373 1099 1422 unam,
1129 1374 1251 1428 quae
1283 1358 1398 1413 sola
1431 1360 1732 1426 obtineret,
1759 1359 1975 1429 religio-

392 1462 558 1508 nem,
609 1463 706 1516 per
758 1449 1293 1518 apprOpinquantem
1344 1450 1549 1504 Christi
1596 1449 1974 1505 monarchiam

392 1540 824 1594 adducerentur.
856 1539 1025 1612 Cujus
1065 1543 1141 1597 rei
1174 1543 1347 1611 gratia
1391 1551 1448 1598 et
1479 1542 1666 1598 Judzea
1689 1544 1891 1608 omnis,
1921 1550 1978 1598 et

395 1633 589 1688 vicinae
635 1634 1073 1704 circumquaque
1129 1635 1406 1704 regiones,
1449 1636 1701 1691 Romano
1744 1635 1978 1705 imperio

397 1727 470 1780 ita
499 1727 732 1780 subdita:
759 1739 908 1794 sunt,
949 1741 1008 1781 ut
1052 1740 1167 1782 tum
1196 1729 1435 1798 primum
1475 1745 1674 1785 census
1735 1740 1894 1784 actus
1921 1738 1979 1785 et

395 1819 700 1888 descriptio
721 1820 866 1875 facta
905 1821 998 1885 sit,
1030 1821 1087 1875 in
1120 1837 1227 1891 qua
1257 1834 1310 1877 et
1345 1822 1600 1878 Christus
1643 1824 1760 1892 ipse
1805 1824 1976 1878 ascri-

2071 614 2220 680 λείας
2275 617 2620 686 ἐπαγαγώνο
2679 621 2772 674 καὶ⁵
2813 621 3181 692 προσεποίησε
3241 620 3310 689 τῇ
3368 615 3657 686 Ῥωμαίων

2072 708 2217 779 ἀρχῇ
2266 709 2403 779 πρὸς
2451 705 2539 773 αἷς
2585 705 2730 780 εἶχεν
2801 713 2996 782 ἑτέρας
3050 711 3231 774 πόλεις
3287 707 3658 769 πεντακοσίας

2071 802 2418 872 οἰκουμένας.
2453 802 2529 866 ὡς
2561 805 2611 856 οἱ
2639 803 2710 857 τὰ
2735 803 2961 858 τοιαῦτα
2995 802 3456 872 συγγραψάμενοι
3506 799 3661 853 καθι-

2075 895 2372 966 στόρησαν.
2407 897 2502 958 Ὃς
2533 894 2599 967 δὴ
2629 897 2787 958 Γάϊος
2815 898 2912 950 καὶ
2942 895 3159 966 πρῶτος
3190 895 3470 964 μόναρχος
3523 892 3660 962 μετὰ

2072 986 2199 1048 τοὺς
2229 986 2471 1050 ὑπάτους
2524 987 2871 1058 ἀνηγορεύθη
2891 1002 2905 1017 ⁶
2939 988 3143 1041 ὡσανεὶ
3186 985 3567 1057 προοδοποιῶν
3600 986 3662 1036 ἐκ

2076 1078 2371 1142 πολυθετας
2405 1079 2467 1133 τὸ
2497 1081 2742 1151 ὑπήκοον
2776 1083 2872 1134 καὶ
2911 1079 3302 1151 ὁχλοκρατείας
3335 1079 3434 1132 ἐπὶ
3476 1077 3536 1130 τὸ
3569 1077 3664 1147 μό-

2077 1188 2277 1242 ναρχον
2336 1173 2500 1235 σέϐας
2531 1172 2620 1225 διὰ
2650 1173 2748 1242 τὴν
2774 1174 2898 1226 ὅσον
2933 1171 3086 1225 οΰπω
3121 1171 3394 1240 ἐσομένην
3421 1167 3664 1240 Χριστοῦ

2079 1263 2403 1334 μοναρχίαν.
2447 1256 2522 1317 Ub
2579 1265 2738 1334 χάριν
2787 1264 2911 1334 ἥτε
2958 1264 3186 1318 Ἰουδαία
3233 1263 3393 1315 πᾶσα
3451 1260 3549 1314 καὶ
3597 1261 3664 1312 τὰ

2079 1357 2400 1428 περικύκλῳ
2434 1357 2613 1410 πάντα
2643 1360 2707 1429 τῇ
2751 1357 3032 1428 Ῥωμαϊκῇ
3067 1358 3210 1427 ἀρχῇ
3261 1356 3660 1425 προσεγένετο·

2076 1451 2175 1506 καὶ
2205 1452 2296 1504 ἐπὶ
2338 1451 2516 1515 τόσον,
2548 1451 2622 1513 ὡς
2665 1452 2760 1504 καὶ
2804 1451 3029 1522 πρώτην
3062 1452 3182 1505 τότε
3211 1448 3547 1519 ἀπογραφὴν
3577 1463 3668 1513 γε-

2077 1543 2286 1608 νέσθαι,
2321 1544 2380 1596 ὲν
2435 1539 2596 1616 ᾖκαὶ
2642 1543 2879 1612 Χριστὸς
2935 1543 3349 1611 ἀπογράφεται,
3382 1541 3484 1609 τῆς
3537 1539 3669 1607 περὶ

2077 1637 2177 1706 τῆς
2210 1637 2458 1706 Βηθλεὲμ
2508 1637 2850 1707 προφητείας
2896 1635 2958 1688 τὸ
3010 1637 3185 1706 πέρας
3232 1634 3469 1702 ἔκδηλον
3511 1633 3668 1686 καθι-

2081 1730 2246 1791 στῶν,
2277 1723 2379 1783 ὧδέ
2409 1747 2524 1791 πως
2564 1728 2643 1796 τῷ
2679 1728 3015 1798 πολυδάκρυῖ
3059 1728 3300 1799 Ἱερεμίᾳ.
3331 1727 3462 1796 περὶ
3497 1725 3669 1791 αὐτῆς

2080 1821 2506 1892 προφοιόάζοντι
2527 1839 2542 1854 ·
2573 1823 2681 1876 Kal
2705 1821 2810 1883 σὺ,
2840 1823 3111 1891 Βηθλεὲμ
3129 1820 3206 1890 γῆ
3237 1820 3468 1881 Ἰούδα,
3498 1817 3670 1872 ecﬂa-

396 1917 526 1979 ptus
564 1919 665 1974 est,
701 1920 758 1965 ut
793 1913 1082 1982 prephetia
1108 1915 1174 1969 de
1202 1915 1425 1970 civitate
1451 1915 1733 1970 Bethleem
1788 1925 1977 1986 aperte

2087 1913 2204 1982 μῶς
2245 1914 2544 1982 ἐλαχίστη
2578 1911 2637 1969 εἷ
2676 1914 2746 1967 ἑν
2792 1913 2918 1980 τοῖς
2963 1915 3258 1982 ἡγεμόσιν
3308 1911 3554 1967 Ἰούδιιο
3601 1911 3671 1963 ἐκ

393 2002 600 2056 exitum
636 2018 798 2057 suum
837 2004 1086 2070 haberet,
1115 2021 1280 2075 quam
1316 2006 1383 2061 de
1417 2021 1478 2061 ea
1509 2007 1795 2062 luctuosus
1824 2009 1976 2063 Jere—

397 2095 534 2148 inias
563 2096 715 2150 hisce
759 2098 941 2152 verbis
985 2100 1272 2166 praedixit:
1314 2099 1383 2154 Et
1424 2109 1504 2162 tu,
1529 2100 1796 2154 Bethleem
1834 2111 1977 2155 terra

394 2185 558 2250 Juda,
586 2189 1002 2260 haudquaquam
1041 2193 1262 2245 minima
1290 2208 1344 2245 es
1371 2193 1427 2245 in
1453 2193 1779 2262 principabus
1809 2193 1977 2248 Juda.

398 2281 481 2333 Ex
528 2291 577 2333 te
615 2283 754 2336 enim
804 2285 1171 2352 progrediatur
1210 2286 1342 2348 dum,
1380 2286 1470 2353 qui
1504 2297 1680 2355 pascet
1726 2287 1979 2356 papulum

400 2386 573 2423 meum
623 2371 853 2427 lsrael'.
910 2371 1042 2427 Post
1087 2374 1422 2429 incil'abilent
1459 2391 1592 2430 vero
1637 2377 1840 2430 Christi
1885 2377 1978 2431 Dei

398 2463 569 2515 nostri
602 2463 966 2530 nativitatem,
996 2464 1264 2536 {Egyptus
1301 2483 1523 2537 quoque
1568 2469 1621 2522 in
1659 2479 1979 2536 potestatem

400 2553 775 2609 Romanorum
828 2559 1101 2626 pervenit,
1153 2561 1398 2614 Antonio
1453 2572 1508 2615 et
1555 2561 1870 2629 Cleopatra,
1924 2564 1978 2616 in

398 2658 920 2716 quampostrcmam
952 2651 1375 2707 Ptolemmorum
1406 2669 1630 2724 regnum
1662 2654 1877 2718 incidit,
1913 2655 1982 2710 ab

397 2742 646 2810 Augusto
675 2742 887 2799 Caesare
931 2761 1161 2814 prorsus
1199 2747 1430 2802 devictis
1457 2763 1470 2802 :
1515 2748 1618 2804 sub
1646 2765 1758 2818 quo
1783 2758 1835 2802 et
1878 2749 1982 2803 Do-

401 2833 584 2888 minus
623 2849 812 2891 noster
854 2838 1019 2894 Jcsus
1073 2840 1330 2896 Christus
1381 2851 1542 2897 natus
1597 2851 1700 2897 est.
1741 2842 1982 2896 Antonio

397 2926 688 2984 Cornelius
729 2930 918 2986 Gallus
961 2931 1030 2986 ab
1076 2932 1324 3002 Augusto
1369 2935 1423 2988 in
1455 2936 1720 3002 regiones
1761 2933 1981 3006 Egypti

405 3019 605 3076 missus
639 3026 932 3088 successit,
955 3035 1010 3078 et
1051 3026 1264 3094 primus
1310 3037 1433 3096 post
1469 3028 1791 3082 Ptolema-os
1822 3027 1982 3099 Egyv

405 3122 557 3181 ptum
589 3118 930 3184 provinciam
974 3119 1402 3196 administravit,
1444 3120 1608 3175 sicuti
1658 3120 1761 3176 hoc
1811 3122 1983 3175 histo-

2080 2003 2198 2057 σοῦ
2230 2003 2340 2071 γάρ
2371 2021 2481 2072 ,μοι
2529 2004 2921 2067 ἐξελεύσεται
2951 2005 3314 2072 ἡγούμενος,
3345 2001 3518 2066 ὅστις
3547 2016 3672 2052 ποι-

2074 2095 2255 2166 μανεῖ
2303 2095 2412 2149 τὸν
2462 2097 2617 2149 λαόν
2661 2113 2780 2165 μου
2811 2097 2920 2150 τὸν
2952 2094 3224 2164 Ἰσραήλ.
3258 2094 3421 2159 Μετὰ
3465 2093 3522 2147 δὲ
3573 2091 3670 2161 τὴν

2081 2193 2323 2262 ἄρρητον
2358 2190 2612 2259 γέννησιν
2645 2188 2882 2260 Χριστοῦ
2910 2189 3004 2242 τοῦ
3055 2187 3193 2241 Θεοῦ
3225 2189 3390 2258 ἡμῶν
3416 2189 3513 2240 καὶ
3535 2186 3669 2255 αὑτή

2088 2287 2364 2350 Αἴγυπτος
2423 2284 2733 2337 ύποκύπτει
2807 2282 3140 2353 Ῥωμαίοις,
3224 2283 3506 2350 Ἀντωνίῳ
3578 2277 3671 2332 καὶ

2085 2379 2437 2448 Κλεοπάτρᾳ,
2470 2378 2550 2439 είς
2581 2379 2648 2447 ἢν
2678 2379 2918 2446 ἐσχάτην
2947 2380 2978 2447 ἡ
3005 2375 3114 2429 τῶν
3139 2375 3501 2445 Πτολεμαίων
3534 2371 3673 2442 ἁρχὴ

2086 2473 2421 2539 κατήντησε,
2472 2470 2659 2522 τέλεον
2713 2468 3207 2536 καταγωνισθεῖσιν
3255 2467 3562 2536 Αὐγούστῳ
3599 2461 3673 2532 τῷ

2087 2562 2368 2632 Καίσαρι·
2413 2561 2500 2628 ἐφ’
2547 2555 2610 2614 οῦ
2651 2563 2746 2614 καὶ
2777 2564 2804 2614 ὁ
2849 2561 3058 2631 Κύριος
3091 2561 3251 2631 ἡμῶν
3293 2559 3511 2628 Ἰησοῦς
3545 2559 3676 2626 Χρι-

2089 2655 2214 2717 στὸς
2239 2655 2528 2724 ἐγεννήθη.
2575 2654 2863 2707 Ἀντώνιον
2891 2653 2948 2706 δὲ
2995 2652 3290 2723 Κορνήλιος
3338 2650 3540 2711 Γάλλος
3569 2648 3674 2701 τῶν

2086 2749 2144 2800 ὲν
2175 2747 2441 2816 Αἰγύπτῳ
2463 2746 2660 2816 χωρῶν
2683 2747 2953 2816 διεδέχετο
2982 2745 3301 2814 Αὐγούστου
3334 2742 3672 2814 πέμψαντος,

2087 2839 2306 2906 πρῶτος
2358 2839 2500 2908 μετὰ
2549 2840 2678 2902 τοὺς
2727 2838 3100 2916 Πτρλεμαίους
3153 2837 3448 2905 Αἰγύπτου
3481 2835 3670 2906 ἄρξας.

2084 2931 2160 2992 ὡς
2191 2932 2283 2984 καὶ
2336 2935 2449 2992 τοῖς
2501 2933 2828 3000 ίστορήσασι
2878 2932 3008 2999 περὶ
3053 2929 3262 2983 τούτων
3318 2929 3670 2998 ἀνείληπται.

2097 3024 2235 3077 Ὑπὸ
2280 3025 2335 3077 δὲ
2367 3024 2649 3077 Βεντιδίου
2700 3023 3127 3092 Κουρὸούλωνός
3174 3040 3237 3077 τε
3271 3026 3376 3076 καὶ
3424 3023 3672 3093 Νέρωνος

2089 3114 2526 3186 στρατηγοῦντος
2601 3118 2746 3168 πόσα
2810 3117 3022 3187 Πέρσαι
3068 3115 3453 3181 πεπόνθασινς
3489 3115 3569 3168 ἔτι
3619 3110 3671 3162 δὲ

405 3208 502 3262 rici
531 3218 820 3264 teStantur.
846 3210 995 3277 Quas
1016 3227 1145 3266 vero
1176 3213 1363 3267 clades
1393 3211 1573 3268 Persae
1605 3219 1918 3284 acceperint
1949 3231 1980 3270 a

2088 3208 2182 3261 καὶ
2214 3208 2319 3261 ὑπὸ
2349 3209 2618 3278 Σευήρου,
2648 3207 2924 3277 Τραϊανοῦ
2959 3224 3020 3260 τε
3051 3209 3145 3260 καὶ
3183 3206 3404 3277 Κάρου,
3436 3201 3672 3258 Κασσίου

406 3300 682 3366 Ventidio,
729 3303 1050 3358 Corbulone
1095 3315 1149 3359 et
1204 3305 1439 3361 Neronis
1491 3307 1757 3366 ducibus.
1816 3318 1983 3378 atque

403 3393 533 3446 item
567 3408 599 3446 a
642 3395 869 3461 Severo,
923 3397 1180 3466 'l‘rajano,
1223 3397 1386 3463 Caro,
1437 3399 1645 3465 Cassio,
1695 3399 1983 3456 Odenatlto

404 3483 751 3554 Palmyreno,
779 3488 1091 3557 Apollonio,
1127 3498 1182 3544 et
1211 3490 1357 3555 aliis,
1400 3503 1453 3545 et
1485 3494 1706 3562 quoties
1735 3493 1984 3548 Seleucia

405 3589 458 3628 et
483 3578 808 3647 Ctesiphon,
864 3592 1029 3650 atque
1075 3584 1241 3638 etiam
1284 3585 1509 3652 Nisibis,
1539 3591 1663 3657 qua:
1702 3602 1850 3641 nunc
1877 3588 1984 3643 huc

401 3685 550 3725 nunc
575 3670 704 3726 illuc
730 3675 968 3738 transiit,
991 3685 1147 3746 capta
1165 3679 1257 3742 sit,
1283 3687 1340 3733 et
1360 3681 1636 3748 quomodo
1655 3681 1913 3735 Armenia
1931 3691 1987 3736 et

402 3762 523 3815 alia:
548 3762 744 3818 vicinae
788 3767 1084 3834 provincia:
1117 3770 1171 3823 in
1209 3770 1586 3826 Romanorum
1635 3773 1988 3842 pervenerint

405 3852 694 3922 ditionem,
719 3871 826 3911 una
857 3875 982 3912 cum
1033 3862 1156 3917 aliis
1187 3863 1350 3935 724
1389 3875 1444 3920 tu
1477 3881 1695 3935 quoque
1733 3867 1782 3920 in
1815 3867 1986 3922 histo-

405 3947 502 4002 riis
531 3947 642 4002 tuis
675 3953 926 4020 exponis.
961 3953 1248 4020 Quomodo
1280 3969 1462 4012 autem
1496 3960 1602 4015 alia
1633 3959 1836 4026 dicam,
1864 3978 1988 4032 quae

402 4050 460 4092 tu
506 4041 706 4098 scribis
752 4047 1185 4102 sacratissimum
1239 4048 1663 4107 Constantinum
1727 4056 1988 4123 praeclare

401 4135 696 4203 gessisse:
752 4151 876 4191 cum
941 4139 986 4194 is
1041 4141 1302 4210 pietatem
1366 4152 1611 4199 nostram
1683 4147 1984 4215 professus,

403 4227 800 4297 rempublicam
862 4231 1238 4288 Romanorum
1293 4237 1748 4292 administraret?
1805 4241 1984 4310 Atque

399 4321 569 4373 etiam
633 4336 770 4391 quas
847 4333 1194 4395 quantasque
1263 4327 1447 4382 clades
1500 4329 1790 4396 Julianus,
1861 4343 1988 4387 tuus

401 4409 642 4462 maxime
685 4410 908 4465 choreis
965 4413 1239 4469 ducendis
1284 4417 1510 4478 sodalis,
1560 4428 1616 4472 et
1663 4423 1986 4476 emumdem

403 4512 584 4552 tecum
644 4504 925 4572 orgiorutn
968 4507 1276 4576 particeps,
1323 4510 1658 4576 pertulerit?
1714 4509 1807 4579 qui
1857 4529 1987 4567 sane

2085 3316 2147 3351 τε
2179 3305 2271 3352 καὶ
2317 3299 2632 3354 Ὸδαινάθου
2680 3298 2774 3352 τοῦ
2806 3301 2870 3352 ἐκ
2919 3299 3264 3370 Παλμυρίας,
3313 3291 3672 3351 Ἀπολλωνίου

2086 3410 2146 3446 τε
2181 3395 2277 3447 καὶ
2308 3393 2512 3464 ἑτέρων
2540 3411 2555 3460 ;
2591 3394 2815 3456 Ὁσάκις
2841 3409 2900 3445 τε
2932 3392 3224 3445 Σελεύκεια
3255 3390 3348 3444 καὶ
3386 3385 3674 3458 Κτησιφῶν

2087 3486 2225 3559 ἧλω,
2261 3486 2477 3550 Νίσιδίς
2505 3504 2564 3539 τε
2597 3486 2686 3539 ἐπ’
2721 3470 3013 3557 ἀμφύτερα
3048 3486 3428 3556 στρεφομένη,
3475 3483 3674 3552 ’Λρμεο

2088 3583 2181 3636 via.
2214 3599 2271 3633 τε
2309 3583 2404 3634 καὶ
2436 3583 2504 3633 τὰ
2534 3581 2911 3651 πλησιάζοντα
2942 3579 3071 3649 ἔθνη
3110 3580 3422 3648 Ῥωμαίοις
3450 3576 3678 3648 προσερ-

2092 3673 2221 3744 ῥύη,
2255 3673 2445 3744 ὥσπερ
2479 3677 2572 3726 καὶ
2603 3674 2667 3727 σὺ
2703 3674 2959 3744 ἱστορεῖς.
2997 3673 3122 3735 Πῶς
3152 3671 3198 3724 δ’
3230 3671 3297 3725 ἂν
3337 3673 3560 3740 εεποιμι
3589 3667 3676 3720 καὶ

2087 3765 2123 3820 ἃ
2159 3751 2501 3836 συγγράφὲις
2546 3766 2710 3833 ἕτερα
2758 3765 3025 3834 γεννικῶς
3071 3761 3548 3832 καταπράξασθαι
3591 3758 3676 3810 τὸν

2091 3862 2373 3917 θειότατον
2401 3861 2816 3914 Κωνσταντῖνον
2847 3860 2947 3929 τῆς
2995 3858 3280 3926 Ῥωμαίων
3324 3857 3677 3928 ἡγησάμενον

2094 3956 2233 4026 μετὰ
2249 3955 2348 4024 τῆς
2374 3953 2646 4026 ἡμετέρας
2677 3952 2977 4024 θρησκείας
3003 3971 3017 4018 ;
3044 3951 3188 4031 ῌρὸς
3218 3950 3282 4004 δὴ
3304 3952 3549 4012 τούτοις,
3583 3947 3675 3999 ὅσα

2089 4063 2149 4100 τε
2181 4046 2279 4098 καὶ
2311 4040 2402 4097 οἵα
2433 4043 2704 4097 πέπονθεν
2750 4044 3062 4109 Ἰουλιανὸς,
3096 4045 3123 4096 ὁ
3156 4041 3246 4106 σὸς
3291 4041 3537 4111 μάλιστα
3566 4038 3677 4091 θια·

2093 4136 2292 4208 σὼτης,
2322 4137 2419 4190 καὶ
2446 4137 2555 4190 τῶν
2585 4137 2768 4190 αὐτῶν
2811 4153 2893 4190 σοι
2923 4137 3128 4208 ὀργίων
3191 4134 3559 4206 μετεσχηκώς
3585 4172 3598 4196 ,
3651 4128 3676 4178 ὁ

2095 4229 2267 4300 μυρία
2297 4231 2393 4280 καὶ
2431 4227 2734 4280 ἀνύποιστα
2763 4226 3058 4297 θραύματα
3091 4227 3157 4295 τῇ
3204 4223 3502 4294 Ῥωμαίων
3531 4216 3680 4272 πολι·

2089 4321 2214 4390 τεία
2241 4318 2681 4384 καταλελοιπώς;
2710 4319 2775 4371 Εἰ
2798 4318 2844 4371 δ’
2874 4317 3003 4382 ἴσως
3035 4317 3162 4387 περὶ
3192 4316 3299 4369 τῶν
3327 4308 3676 4387 προρρηθέν-

2091 4431 2199 4469 των
2227 4416 2292 4484 τῇ
2321 4413 2416 4466 τοῦ
2444 4413 2645 4474 παντὸς
2679 4412 2904 4484 τελευτῇ
2934 4412 2968 4484 ἢ
3021 4411 3311 4479 προοίμιον
3367 4410 3613 4478 εἴληφεν,
3643 4401 3671 4469 ἢ

2093 4511 2190 4563 καὶ
2240 4509 2300 4560 τὸ
2333 4510 2510 4575 πέρας
2560 4507 2696 4571 ἕξει,
2746 4505 2906 4560 τοῦτο
2959 4507 3144 4574 μεῖζον
3189 4504 3222 4575 ἢ
3260 4504 3404 4558 κατὰ
3450 4502 3549 4571 τὴν
3581 4497 3674 4566 σὴν

402 4594 689 4648 innunn-ra
725 4608 890 4664 atque
944 4599 1289 4654 intoleranda
1325 4601 1577 4656 Romano
1610 4604 1841 4673 imperio
1870 4606 1981 4660 vul-

2094 4598 2300 4669 κρίσιν.
2333 4598 2470 4665 Φέρε
2498 4597 2578 4661 δὲ,
2611 4597 2666 4650 εἴ
2715 4613 2798 4649 σοι
2830 4597 2996 4662 δοκεῖ,
3024 4594 3255 4648 τοιαῦτα
3289 4595 3525 4663 λέγοντι,
3563 4588 3674 4640 ἴδω-

402 4701 533 4738 ucra
580 4685 802 4753 inﬂixit,
856 4699 1018 4759 atque
1071 4707 1134 4744 ca
1182 4693 1430 4746 incurata
1486 4705 1608 4762 post
1637 4710 1695 4748 se
1741 4696 1987 4765 reliquit.

402 4777 544 4831 Num
586 4794 720 4833 vero
765 4781 1066 4849 quidquam
1109 4797 1299 4836 corum
1339 4798 1461 4852 qum
1494 4785 1559 4838 de
1611 4785 1988 4843 universitatis

406 4873 572 4941 hujus
608 4872 836 4927 interitu
871 4877 1134 4944 praedicta
1168 4889 1319 4942 sunt,
1364 4878 1450 4931 vel
1486 4879 1705 4934 initium
1737 4883 1986 4950 τωρωι-ξι,

403 4967 487 5020 vel
543 4967 704 5021 linem
760 4969 1079 5023 habiturum
1131 4971 1226 5034 sit,
1276 4971 1453 5039 majus
1499 4972 1551 5026 id
1592 4974 1837 5042 profecto
1877 4985 1984 5044 est,

401 5075 564 5126 quam
605 5068 665 5113 ut
694 5070 750 5114 tu
778 5061 846 5116 de
876 5077 943 5116 eo
974 5062 1212 5131 judices.
1246 5063 1450 5118 Verum
1477 5080 1598 5135 age,
1629 5067 1676 5121 si
1703 5067 1802 5121 tibi
1833 5068 1985 5124 vide-

402 5163 513 5215 tur,
539 5153 634 5222 qui
671 5153 788 5208 lucc
817 5155 980 5222 dicis,
1010 5155 1451 5225 consideremus,
1493 5162 1776 5229 quomodo
1799 5171 1856 5216 et
1886 5163 1983 5232 qui

398 5245 643 5299 Graecam
707 5247 1160 5316 superstitionem
1221 5262 1353 5307 sunt
1423 5254 1695 5322 professi,
1763 5266 1820 5309 et
1883 5255 1987 5327 qui

403 5336 851 5394 Christianorum
902 5356 1059 5397 sacra
1098 5342 1322 5400 coluere
1357 5346 1719 5416 imperatores
1749 5349 1985 5419 quisque

403 5429 569 5482 vitam
626 5441 724 5484 aut
780 5433 1077 5502 imperium
1132 5437 1404 5494 amiserit.
1460 5443 1542 5494 An
1603 5457 1713 5495 non
1775 5443 1989 5511 primbs

408 5523 744 5590 monarcha,
804 5527 898 5596 qui
955 5544 1098 5584 unus
1160 5531 1264 5586 sibi
1324 5533 1619 5604 imperium
1678 5537 1986 5605 usurpavit,

404 5613 464 5668 C.
504 5618 683 5674 Julius
731 5620 915 5678 Ctesar
949 5624 1078 5678 dolo
1113 5642 1288 5682 caesus
1327 5627 1456 5682 est?
1498 5628 1580 5682 An
1635 5643 1745 5682 non
1795 5629 1989 5684 Caium

404 5712 638 5766 aitcrum
669 5713 879 5773 Tiberii
906 5729 1161 5788 nepotem
1205 5723 1408 5777 milites
1455 5723 1679 5792 quidam
1715 5721 1864 5776 ferro
1895 5738 1990 5778 ne-

481 5867 769 5965 tantm,
817 5900 889 5967 εξ,
925 5898 1114 5952 Matth.
1156 5913 1215 5963 tt,
1266 5900 1318 5951 b'.

2100 4709 2199 4760 μεν
2233 4693 2381 4754 ὅπως
2412 4693 2460 4744 oi
2499 4691 2566 4744 τὰ
2612 4689 2886 4760 Ἑλλήνων
2940 4687 3382 4756 πρεσϐεύσαντες
3413 4681 3672 4756 βασιλεῖς,

2093 4789 2189 4838 καὶ
2221 4786 2270 4838 οἱ
2295 4784 2518 4855 Χριστῷ
2549 4784 2993 4856 βασιλεύσαντες,
3027 4782 3175 4842 ὅπως
3213 4779 3438 4832 ἕκαστοι
3471 4773 3672 4828 τούτων

2092 4879 2184 4931 τὸν
2221 4878 2337 4948 βίον
2369 4877 2694 4947 ἀπέθεντοῆ
2737 4875 2835 4946 τὴν
2861 4876 3060 4946 ἀρχὴν.
3087 4875 3162 4928 0'5
3195 4877 3376 4928 τοίνυν
3406 4874 3433 4925 ὀ
3465 4866 3671 4940 πρῶτος

2096 4971 2371 5041 μόναρχος
2407 4970 2569 5032 Γάϊος
2612 4969 2833 5032 Ἰούλιος
2886 4968 3308 5038 Καῖσαρ,δολίῳ
3362 4969 3507 5036 φόνῳ
3539 4976 3672 5015 κατ-

2098 5063 2409 5133 εργασθεὶς,
2467 5063 2558 5113 τον
2633 5060 2748 5132 βίον
2797 5059 3110 5127 dimittat-ro;
3157 5059 3232 5112 Οὐ
3286 5059 3376 5112 τὸν
3426 5056 3672 5120 δεύτερον

2091 5157 2185 5210 τὸν
2227 5155 2452 5222 ἔκγονον
2494 5156 2752 5222 Τιϐερίου
2797 5155 2956 5207 Γάϊον
2990 5153 3097 5207 τῶν
3133 5171 3279 5216 τινες
3327 5144 3670 5223 στρατιωτῶν

2099 5251 2405 5322 μαχαίραις
2452 5250 2893 5319 διεχειρίσαντος
2945 5248 3010 5300 Τί
3062 5247 3118 5300 δὲ
3172 5246 3265 5298 καὶ
3316 5245 3540 5314 Νέρων;
3599 5233 3667 5286 0ὑ

2103 5345 2254 5412 παρά
2295 5360 2442 5406 τινος
2490 5343 2594 5394 τῶν
2627 5342 2846 5395 οἰκείων
2895 5341 3208 5412 ἀνῄρηται;
3247 5338 3460 5400 Γάλϐας
3492 5350 3547 5383 τε
3582 5326 3670 5380 καὶ

2107 5437 2290 5490 Ὄθων
2337 5442 2429 5489 καὶ
2469 5437 2780 5500 Οὐϊτέλλιος
2825 5435 3024 5504 ἐπίσης
3055 5433 3416 5496 πεπόνθασιν,
3459 5429 3504 5479 οἱ
3533 5421 3672 5492 τρεῖς

2099 5532 2232 5585 δέκα
2272 5531 2452 5602 μῆνας
2476 5532 2612 5601 πρὸς
2639 5530 2718 5602 τῷ
2743 5532 2824 5584 ἑνὶ
2852 5528 3312 5600 βασιλεύσαντεςς
3346 5527 3449 5578 Τόν
3475 5536 3538 5590 γε
3569 5511 3670 5585 μὴν

2101 5629 2262 5680 Τῖτον
2316 5628 2378 5679 ού
2425 5627 2752 5693 Δομετιανὸς
2799 5625 3012 5678 ἀνεῖλεν
3057 5623 3287 5689 ἁδελφῦς
3337 5605 3670 5710 τυγχάνωνηδ

2102 5721 2522 5790 γνησιώτατοςς
2580 5718 2646 5772 Τί
2679 5719 2723 5772 δ’
2779 5721 2988 5782 ἐκεῖνος
3023 5715 3224 5780 πάλιν,
3287 5716 3387 5768 οὐκ
3429 5712 3666 5764 suum;
