4046 6456
347 399 448 461 εισι
1309 390 1912 454 ΕΟΟιΕΞΙΑδΤΙΟΚΕ
1958 389 2342 450 l-IISTORIAE
2386 391 2534 450 LIB.
2582 391 2736 451 XVI.
3511 385 3624 455 ΞΜ

353 515 486 581 πρὸς
539 509 631 564 τοῦ
665 510 942 578 Στεφάνου
990 509 1082 562 τὸν
1133 509 1246 578 βίον
1275 507 1692 577 κατέστρεψε-Η
1753 505 1812 559 '0
1867 503 1924 558 δὲ

2062 503 2268 558 urunt?
2317 503 2458 570 Quid
2515 501 2697 556 Nero?
2734 503 2874 560 Num
2915 502 3006 556 ille
3035 519 3064 556 a
3093 501 3348 557 familiari
3380 504 3621 573 quodam

358 605 640 673 Κόμμοδος
699 604 866 674 φαίης
908 603 973 657 ἂν
1026 601 1102 665 ὡς
1151 602 1249 670 οὐχ
1302 603 1407 655 ὑπὸ
1446 600 1761 670 Ναρκίσσου
1817 599 1926 650 διὲο

2061 613 2144 652 non
2177 598 2463 668 iugulatus
2493 599 2620 650 est?
2653 596 2824 652 Galba
2851 612 2985 651 sane
3019 607 3074 650 ct
3103 596 3250 650 Otho
3274 605 3332 652 et
3368 596 3626 655 Vitellius

355 699 598 766 φθαρτος
642 694 702 748 '0
754 696 812 748 δὲ
860 693 1150 764 Περτίναξ,
1195 695 1224 745 ὁ
1276 693 1332 746 δὲ
1377 693 1662 756 Ἰουλιανὸς
1718 691 1778 744 οὐ
1817 691 1926 742 τῶν

2063 687 2219 742 adem
2253 699 2384 743 sunt
2409 689 2554 759 passi
2587 706 2600 741 :
2630 689 2722 758 qui
2761 697 2872 743 tres
2918 688 3178 742 undecim
3216 697 3430 742 tantum
3471 705 3626 743 men-

357 789 488 842 ἴσων
521 789 828 859 μετέσχονς
884 786 943 840 '0
964 786 1022 840 δὲ
1041 788 1284 858 Σευήρου
1322 787 1648 848 ’Δντωνίνος
1679 785 1797 854 οὐχὶ
1837 781 1928 836 τὸν

2061 796 2120 836 es
2149 781 2514 852 imperarunt.
2549 781 2732 835 Titum
2768 797 2897 835 num
2955 781 3124 836 frater
3175 781 3224 835 ei
3258 782 3620 837 charissimus

357 881 578 951 ἀδελφδν
629 880 959 951 διεχρήσατο
1010 880 1184 933 Γέταν
1214 897 1230 946 ;
1263 880 1346 933 Τὰ
1393 880 1484 931 ίσα
1540 878 1597 932 δὲ
1630 878 1725 932 καὶ
1761 876 1928 940 αὐτὸς

2061 875 2376 929 Domitianus
2408 874 2614 929 occidit
2635 875 2755 929 ?Au
2787 890 2894 928 non
2919 874 3010 930 ille
3030 891 3250 929 rursum
3277 891 3306 929 a
3335 875 3620 944 Stephano

359 968 642 1020 ἐπεπόνθει
674 968 778 1021 ὑπὸ
810 969 1188 1038 Μάρτιαλίους
1231 969 1290 1022 Ὀ
1319 969 1374 1022 δὲ
1404 970 1688 1039 Μακρῖνος
1709 969 1768 1022 οὑ
1800 968 1929 1036 περὶ

2061 966 2410 1022 uiset-nudum
2477 968 2529 1020 iu
2595 967 2818 1022 modum
2883 967 3194 1024 trucidatus
3253 968 3382 1022 est?
3439 967 3625 1034 Quid?

364 1063 652 1126 Βυζάντιον
699 1063 890 1130 ὥσπερ
923 1060 1259 1132 ἀνδράποδον
1291 1063 1477 1132 ἀχθεὶς
1516 1061 1622 1116 ὑπὸ
1665 1061 1760 1115 τοῦ
1796 1061 1928 1115 ίδιὸυ

2061 1061 2396 1115 :ommodum
2429 1076 2458 1114 a
2495 1059 2753 1116 Narcisso
2785 1070 3137 1130 peremptum
3186 1075 3308 1116 esse
3357 1059 3623 1130 negabis?

358 1152 593 1222 ἀνῃρέθη
629 1151 1078 1221 στρατεύματοςς
1126 1153 1184 1205 '0
1213 1151 1257 1205 δ’
1283 1152 1344 1218 ἐξ
1389 1152 1625 1220 Ἐμέσης
1655 1150 1930 1221 Αὐρήλιος

2061 1152 2312 1206 ’ertinaci
2345 1168 2476 1206 vero
2507 1163 2561 1206 et
2605 1151 2826 1207 Juliano
2857 1167 2966 1205 non
3009 1151 3152 1206 idem
3183 1150 3428 1206 accidit?
3456 1151 3628 1203 Auto-

371 1244 686 1307 Ἀντωνῖνος
730 1243 950 1311 σύναμα
985 1245 1052 1314 τῇ
1103 1245 1274 1314 μητρὶ
1318 1244 1682 1313 κατεσφάγη;
1715 1241 1796 1296 Τὰ
1825 1258 1932 1295 πα-

2061 1244 2202 1299 ιὶηιιε
2242 1246 2434 1300 Severi
2473 1245 2642 1310 filius,
2690 1259 2762 1299 an
2805 1244 3034 1300 fratrem
3087 1243 3280 1299 Getam
3317 1259 3426 1298 non
3464 1258 3627 1297 neca-

363 1338 635 1406 ραπλήσια
685 1337 742 1389 δὲ
797 1338 958 1389 καὶὸ
991 1336 1110 1408 μετ’
1166 1339 1376 1391 ἐκεῖνον
1412 1335 1766 1406 Ἀλέξανδρος
1821 1334 1932 1388 τῶν

2061 1337 2150 1394 ’ἰιί
2177 1338 2293 1393 Non
2328 1339 2421 1394 ille
2455 1356 2484 1392 a
2529 1338 2761 1394 Martiali
2795 1338 2941 1394 idem
2966 1346 3051 1393 est
3085 1337 3323 1408 passus?
3352 1335 3630 1391 Macrinus

363 1428 491 1478 ἰσων
520 1427 812 1497 δραμάτων
841 1427 998 1498 ἔτυχε
1029 1428 1171 1494 μετὰ
1197 1429 1297 1495 τῆς
1341 1428 1550 1500 μητρὸς
1598 1429 1932 1499 Μαμμαίας.

2061 1446 2223 1486 tonne
2251 1432 2319 1486 ad
2353 1430 2676 1503 Byzantium
2708 1432 2882 1488 veluti
2933 1432 3270 1502 mancipium
3317 1444 3529 1500 raptus,
3559 1430 3629 1484 ab

360 1517 423 1568 Τί
455 1517 502 1568 δ’
532 1517 597 1569 ἂν
633 1515 848 1586 λέγοιμι
886 1533 950 1570 πε
963 1521 1014 1587 ρὶ
1043 1517 1379 1586 Μαξιμίνου,
1400 1518 1459 1582 ὃς
1487 1519 1599 1581 τοῖς
1649 1518 1934 1589 σφετέροις

2061 1525 2282 1580 :xercitu
2337 1540 2440 1581 suo
2487 1526 2865 1596 interemptus
2909 1525 3034 1581 est?
3085 1523 3346 1580 Aurelius
3397 1523 3633 1579 Antoni-

362 1609 395 1659 ἀ
427 1607 596 1678 ῃρέθη
637 1607 1071 1678 στρατεύμασιν;
1103 1609 1135 1679 ἢ
1169 1610 1460 1680 Γορδιανοῦ
1491 1651 1506 1676 ,
1538 1612 1658 1673 ταῖς
1717 1610 1934 1682 βουλαῖς

2061 1631 2138 1668 ιυε
2172 1613 2408 1670 Emessaa
2441 1615 2518 1685 (l)
2567 1614 2717 1671 filius
2785 1630 2895 1671 una
2941 1629 3067 1671 eum
3124 1624 3302 1669 matre
3347 1613 3632 1684 iugulatus

360 1699 626 1750 Φιλίππου
661 1700 722 1752 τὸ
764 1699 940 1752 κοινὸν
997 1699 1344 1768 καταγώγιον
1379 1700 1745 1768 ὑπελθόντος;
1777 1703 1849 1756 Σὺ
1888 1702 1935 1756 δ’

2061 1714 2143 1760 :st.
2190 1704 2398 1761 Eadem
2434 1706 2656 1762 fortuna
2695 1705 2818 1778 fuit
2851 1706 3195 1762 successoris
3229 1705 3352 1776 ejus
3394 1705 3632 1760 Alexan-

365 1792 566 1859 ἱστόρει
615 1789 682 1844 τὰ
728 1793 868 1844 κατὰ
910 1792 1176 1846 Φίλιππόν
1215 1810 1273 1846 τε
1325 1795 1419 1847 κιὶ
1458 1795 1668 1861 Δέκιον,
1706 1797 1782 1859 ὡς
1828 1796 1934 1850 ὑπὸ

2061 1798 2147 1864 Iri,
2195 1799 2286 1868 qui
2341 1799 2537 1854 itidem
2588 1816 2712 1855 cum
2748 1809 2928 1854 matre
2975 1799 3253 1853 Mammaea
3311 1807 3632 1867 peremptus

361 1855 780 1952 των-πολεμίων
827 1885 1142 1956 ἐφθάρησαν
1167 1904 1183 1920 ο
1220 1888 1299 1942 ἔτι
1348 1887 1404 1940 δὲ
1434 1888 1504 1940 τὰ
1549 1855 1691 1942 κατα
1729 1855 1933 1944 Ιξάλλον

2061 1899 2141 1944 :st.
2193 1891 2338 1958 Quid
2398 1891 2467 1946 de
2519 1891 2818 1947 Maximino
2869 1885 3075 1956 dicam,
3124 1905 3290 1962 quem
3341 1892 3629 1946 exercitus

361 1974 459 2024 καὶ
501 1969 872 2037 Βολοσσιανὸν,
900 1973 974 2035 ὡς
1009 1975 1114 2026 ὑπὸ
1144 1975 1252 2028 τῶν
1277 1973 1498 2028 οίκεὶων
1525 1975 1811 2047 δυνάμεων
1837 1978 1932 2032 τοῦ

2061 2001 2172 2040 .uus
2226 1985 2550 2042 interemit?
2591 1996 2688 2042 aut
2731 1985 3055 2052 Gordiano,
3093 1985 3190 2056 qui
3231 1984 3454 2040 insidiis
3503 1985 3632 2040 Phi:

367 2063 519 2134 βιοῦν
550 2063 957 2135 ἀπηλλάγησαν.
1007 2067 1065 2121 ’0
1100 2067 1144 2121 δ’
1195 2067 1529 2138 Αίμυλιανὸς
1560 2072 1619 2123 οὐ
1655 2073 1768 2135 τοῖς
1797 2074 1936 2135 ῐσοις

2063 2081 2172 2153 ippi
2215 2081 2492 2147 sublatus,
2543 2081 2598 2136 in
2633 2096 2927 2136 commune
2957 2080 3304 2136 domicilium
3343 2079 3518 2136 abiit?
3551 2081 3632 2136 Tu

371 2158 736 2228 περιηνέχθη;
773 2161 1168 2230 Οὐαλλεριανὸς
1191 2163 1248 2215 δὲ
1279 2163 1404 2234 οὐχὶ
1435 2164 1676 2234 Πέρσαις
1707 2166 1938 2237 ληφθεὶς

2061 2188 2174 2227 rere
2210 2172 2328 2242 ipse
2360 2173 2429 2227 de
2462 2171 2720 2242 Philippo
2751 2181 2808 2226 et
2828 2171 2993 2226 Decio
3025 2187 3292 2236 memora,
3318 2180 3380 2226 ut
3424 2172 3492 2226 ab
3537 2173 3632 2226 ho-

382 2251 708 2320 αἰχμάλωτος
734 2254 1037 2325 περιήγετο
1070 2255 1365 2327 ςΓαλιηνὸς
1391 2257 1447 2310 δὲ
1472 2259 1607 2330 δόλῳ
1629 2262 1934 2330 φονευθεὶς,

2061 2266 2221 2322 .tibus
2254 2267 2515 2322 trucidati
2541 2271 2653 2322 sint
2679 2288 2692 2321 ι
2714 2277 2880 2337 atque
2917 2267 3087 2322 etiam
3116 2269 3183 2322 de
3205 2266 3447 2353 Gallo‘et
3470 2267 3632 2324 Volu-

385 2347 480 2396 καὶ
510 2348 536 2396 ό
572 2346 682 2414 μετ’
701 2347 862 2399 αὑτὸν
889 2348 1123 2418 Καρῖνος
1147 2351 1403 2419 σφαγεὶς,
1441 2354 1814 2427 Διοκλητιανῷ
1846 2359 1938 2409 καὶ

2061 2361 2221 2426 ιὶτιιιο,
2273 2361 2479 2431 quibus
2526 2361 2732 2416 milites
2778 2361 2864 2415 sui
2892 2361 3060 2414 vitam
3092 2346 3444 2416 ademerunt.
3489 2361 3628 2416 Nunt

377 2437 688 2504 Μαξιμεανῷ
717 2439 813 2510 τὴν
843 2442 1017 2513 ἀρχὴν
1042 2445 1437 2500 καταλέλοιπεν
1461 2465 1473 2478 ·
1507 2447 1600 2515 οὓς
1631 2451 1940 2521 αὑτὸςξσυν-

2061 2453 2372 2508 Emilianus
2398 2453 2653 2508 eumdem
2705 2455 2913 2508 exitum
2947 2454 3184 2508 habuit?
3219 2455 3382 2525 725
3432 2455 3630 2510 Nonne

372 2529 559 2597 ἁρχειν
605 2530 776 2600 ἑκυτρ
826 2532 1021 2586 είλετο.
1072 2535 1163 2600 Ἐξ
1209 2531 1286 2591 ὧν
1342 2541 1368 2610 ὅ
1418 2558 1476 2593 τε
1515 2543 1862 2613 Μαξιμιανδς
1907 2548 1934 2600 ὁ

2061 2546 2386 2611 Valerianus,
2426 2563 2553 2603 eum
2593 2547 2644 2602 iu
2675 2547 2968 2603 Persarum
2994 2557 3319 2619 potestatem
3348 2550 3634 2618 pervenis-

387 2617 742 2688 'Epzou').).to;,
774 2626 1072 2690 θίαξέντιός
1099 2643 1157 2681 τε
1198 2634 1326 2695 παῖς
1375 2631 1622 2700 ἐκείνου,’
1653 2636 1748 2690 καὶ
1778 2639 1938 2692 Λικί-

2061 2640 2419 2711 tet,jcaptivus
2440 2641 2509 2694 ab
2525 2641 2608 2696 eis
2635 2639 2837 2695 ductus
2853 2640 2972 2696 est?
2995 2617 3198 2695 Annon
3219 2617 3481 2696 Galienus
3502 2643 3631 2697 dolo

370 2731 480 2775 uo,-
523 2717 738 2771 πάντων
766 2721 1015 2790 ἔσχατος,
1059 2725 1325 2794 αἰσχίστῳ
1364 2728 1518 2798 μόρῳ
1549 2729 1646 2783 τοῦ
1680 2731 1798 2801 βίου
1825 2733 1942 2798 ὲξέ-

2061 2751 2253 2790 :aesus:
2287 2744 2344 2788 et
2377 2743 2500 2803 post
2529 2733 2680 2788 hunc
2705 2733 2941 2788 Cariuus
2971 2748 3198 2804 quoque
3239 2735 3631 2802 interemptus,

371 2824 599 2877 στησαν.
659 2811 776 2880 Ἀφ’
820 2806 882 2867 οὗ
911 2813 968 2868 δὲ
1002 2817 1030 2868 ό
1058 2816 1160 2886 τῆς
1187 2818 1426 2888 Κριττοῦ
1476 2821 1712 2894 ποίμνης
1743 2825 1944 2895 ἠγεμο-

2061 2825 2388 2879 Diocletiano
2412 2823 2706 2894 imperium
2741 2825 2991 2892 reliquit,
3032 2824 3128 2894 qui
3160 2825 3374 2895 imperii
3407 2826 3512 2882 sibi
3543 2843 3634 2882 so-

372 2906 569 2968 νεύσα;
601 2909 1006 2976 Κωνσταντίνος
1037 2915 1066 2968 ό
1092 2905 1338 2986 ἀοίδιμος
1372 2916 1630 2986 βασιλεὺς
1659 2915 1818 2992 ἦρξε,
1851 2924 1944 2976 καὶ

2061 2918 2190 2972 :ium
2220 2917 2610 2972 Maximianum
2643 2917 2880 2973 ascivit?
2903 2916 2980 2971 Ex
3021 2918 3225 2988 quibus
3257 2919 3630 2975 Maximianus

371 3001 470 3069 τὴν
501 3001 647 3072 αὑτῴ
676 3003 962 3074 ἐπώνυμον
996 3009 1436 3078 μεγαλοπρεπῶς
1467 3013 1758 3085 ἀνεγείρας
1789 3015 1944 3069 πόλιν

2061 3010 2356 3075 'lerculius,
2379 3026 2443 3066 ac
2465 3010 2668 3065 deinde
2695 3011 2838 3065 filius
2861 3012 2981 3082 ejus
2999 3010 3328 3078 Maxentius,
3349 3021 3404 3066 et
3422 3023 3636 3080 postre-

373 3094 593 3164 Χριστῷ
631 3097 724 3149 καὶ
771 3101 834 3168 τῇ
891 3101 1102 3154 ἐκείνου
1149 3104 1319 3175 μητρὶ
1361 3105 1606 3174 ἀνέθετο,
1657 3108 1850 3162 σκόπει
1877 3109 1943 3181 δὴ

2061 3121 2170 3158 nus
2201 3107 2445 3158 omnium
2480 3105 2727 3160 Licinius
2761 3104 3124 3161 foedissimam
3162 3107 3351 3162 obiere
3378 3119 3636 3163 mortem.

373 3191 425 3240 εἰ
453 3205 533 3252 τις
565 3191 672 3245 τῶν
699 3195 755 3244 ὲν
795 3195 932 3265 αὐτῇ
962 3194 1057 3249 τοῦ
1101 3194 1378 3266 βασιλείου
1415 3200 1593 3270 γέρως
1627 3202 1943 3275 μετειληχό-

2061 3197 2128 3252 Ex
2152 3206 2524 3267 quotempore
2542 3206 2748 3264 autem,
2765 3198 2859 3266 qui
2884 3199 3030 3268 gregi
3053 3197 3257 3255 Christi
3284 3202 3524 3270 pnefuit,
3546 3215 3634 3255 ce-

371 3299 482 3334 των
507 3283 634 3355 ἄχρι
664 3285 811 3340 τοῦδε
837 3287 869 3358 ἦ
907 3290 1042 3362 πρὸς
1069 3289 1176 3342 τῶν
1203 3291 1422 3345 οἰκείων
1450 3292 1483 3365 ἢ
1527 3296 1622 3347 καὶ
1648 3295 1948 3364 ἀλλοτρίων

373 3375 667 3449 διέφθαρτο
693 3394 706 3409 ³
745 3380 777 3451 ἢ
813 3381 947 3446 ὅλως
996 3384 1252 3456 τυραννὶς
1284 3386 1447 3441 πλέον
1493 3388 1622 3459 ἔσχε
1657 3390 1758 3461 τῆς
1798 3391 1950 3445 ἐννό-

381 3487 481 3536 μου
508 3472 704 3543 ἀρχῆς,
737 3474 878 3541 πλὴν
905 3478 1198 3533 Ἰουλιανοΰ
1229 3479 1324 3534 τοῦ
1368 3481 1465 3535 σοῦ
1499 3482 1820 3555 ἱεροφάντου
1856 3491 1949 3540 καὶ

379 3564 540 3618 θύτου
572 3568 666 3620 καὶ
722 3571 1036 3641 κανηφόρου
1070 3574 1164 3645 καὶ
1213 3574 1506 3645 βασιλέως,
1561 3579 1657 3634 καὶ
1706 3579 1801 3632 τοῦ
1853 3581 1948 3634 σοῦ

381 3653 700 3720 Οὐάλεντος.
736 3657 1001 3729 Πείθομαι
1035 3644 1143 3731 γδρ
1174 3644 1258 3716 σοι
1294 3664 1533 3736 ἀρίστως
1565 3665 1818 3732 διεξιόντι
1849 3671 1950 3723 ὅσα

383 3750 526 3802 κακὰ
556 3750 903 3819 Χριστιανοτς
934 3757 1354 3826 κατειργάσατο,
1376 3758 1444 3810 δι’
1473 3757 1510 3814 ἃ.
1537 3761 1628 3813 καὶ
1657 3761 1826 3831 ἄμφω
1851 3765 1950 3834 τὴν

383 3843 535 3906 ἀξίαν
563 3845 748 3900 ἔδοσαν
777 3846 952 3918 δίκην.
990 3849 1126 3922 Περὶ
1153 3851 1260 3922 γὰρ
1316 3853 1505 3924 ἑτέρου
1557 3855 1666 3908 οὐδ’
1696 3859 1857 3922 αὐτὸς
1887 3861 1980 3914 σὺ’

383 3933 534 4006 οἶμαι
564 3941 730 4008 ἐρεῖς.
768 3941 909 4008 Ἐγὼ
939 3942 994 3996 δὲ
1023 3944 1320 4016 προσθήσω
1357 3948 1450 4000 καὶ
1491 3948 1818 4005 Βασιλίσκον
1849 3955 1952 4024 Ζή-

385 4051 508 4085 νωνι
537 4033 1006 4090 ἀντικαταστάντα
1024 4051 1037 4066 ·
1066 4038 1197 4109 παρ’
1226 4031 1287 4092 οὗ
1321 4042 1394 4108 μὴ
1433 4044 1595 4110 μόνον
1621 4045 1720 4115 τὴν
1748 4063 1952 4119 τυραν-

386 4125 520 4190 νίδα,
545 4125 680 4180 ἀλλὰ
706 4127 800 4182 καὶ
834 4127 924 4182 τὸν
964 4128 1076 4196 βίον
1119 4131 1375 4196 δειλαίως
1407 4135 1668 4192 ἀπέλιπε,
1701 4135 1869 4190 Ταῦτ’
1904 4140 1952 4190 εἰ

388 4219 482 4271 καὶ
532 4220 786 4289 πάρεργά
833 4239 908 4290 τῳ
953 4221 1082 4285 (sui;
1138 4224 1280 4289 δόξει
1337 4227 1430 4294 τῆς
1483 4229 1955 4300 ἐκκλησιαστικῆς

392 4317 730 4385 συγγραφῆς,
777 4317 902 4386 ἐμοὶ
933 4317 990 4370 δὲ
1020 4319 1128 4390 ἄρα
1173 4321 1266 4372 καὶ
1301 4322 1440 4375 πάνυ
1476 4339 1556 4376 τοι
1594 4324 1828 4395 χρειώδη
1860 4327 1954 4378 καὶ

392 4410 686 4462 συστατικὰ
741 4411 878 4479 πρὸς
924 4410 986 4463 τὸ
1038 4414 1403 4483 προκείμενον
1450 4409 1592 4468 εἶναι
1642 4416 1822 4471 δοκεῖ’
1872 4413 1955 4481 οἷς

390 4503 825 4567 mammam;
874 4506 921 4557 οι
974 4505 1084 4559 τῶν
1135 4506 1406 4577 Ἑλλήνων
1464 4487 1840 4580 συγγραφεῖς,
1891 4511 1952 4565 οὐ

392 4601 521 4667 πρὸς
563 4599 842 4668 ἀλήθειαν,
902 4599 1358 4667 δυσμεναίνοντες
1401 4603 1458 4655 δὲ
1485 4607 1552 4674 τῇ
1611 4605 1958 4676 Χριστιανῶν

391 4693 651 4764 θρησκεῐᾳ
697 4693 1132 4764 καθιστοροῦσιν.
1180 4694 1373 4765 Ἰἰμεῖς
1419 4695 1475 4749 δὲ
1521 4697 1612 4750 ἐπὶ
1661 4696 1721 4750 τὸ
1770 4697 1960 4753 λοιπὸν

388 4789 481 4855 τῆς
511 4789 746 4858 ἱστορίας
791 4787 1142 4848 Ἀναστασίου
1179 4789 1511 4860 βαδίσωμεν.

2053 3291 2384 3347 leberrimus
2424 3290 2821 3346 Constantinus
2847 3291 3141 3360 imperium
3169 3293 3436 3362 suscepit,
3467 3303 3523 3348 et
3553 3307 3641 3346 co-

2012 3405 2016 3414 ι
2052 3383 2366 3451 guuminem
2401 3382 2504 3435 sibi
2535 3383 2726 3437 urbem
2763 3383 3314 3450 magnificentissime
3368 3394 3633 3439 constru-

2051 3489 2195 3530 Ctam
2225 3473 2444 3530 Christo
2472 3485 2527 3530 et
2550 3476 2710 3530 matri
2734 3477 2854 3546 ejus
2877 3477 3100 3542 dicavit,
3130 3477 3244 3547 ipse
3263 3479 3639 3548 dispice,nunt

2054 3570 2175 3638 quis
2216 3569 2474 3639 princeps
2521 3569 2864 3638 imperialem
2911 3570 3238 3648 dignitatem
3280 3581 3638 3639 consecutus,

2054 3663 2375 3734 longissimo
2394 3672 2643 3734 tempore
2663 3664 2744 3719 vel
2775 3681 2804 3719 ιι
2830 3663 3197 3720 familiaribus
3219 3676 3274 3720 et
3303 3668 3641 3732 domesticis,

2057 3758 2138 3811 vel
2171 3758 2238 3811 ab
2268 3757 2515 3813 externis
2541 3757 2612 3812 sit
2644 3758 3032 3828 interemptus,
3064 3769 3160 3813 aut
3188 3775 3256 3813 an
3285 3777 3529 3829 unquam
3561 3771 3640 3832 ty-

2059 3851 2264 3913 rannis,
2285 3866 2448 3920 quam
2475 3849 2783 3920 legitimum
2807 3850 3126 3921 imperium,
3150 3852 3427 3919 potentior
3450 3851 3642 3906 fuerit.

2056 3942 2336 3998 Julianum
2364 3944 2696 4012 excipimus,
2743 3953 2900 3999 tuum
2937 3954 3140 4007 vatem,
3185 3944 3519 4009 sacrificum,
3552 3961 3644 4000 ca-

2059 4037 2395 4105 nephomm,
2427 4045 2483 4090 et
2518 4037 2910 4105 imperatorem
2937 4055 2950 4090 ε
2978 4046 3036 4092 et
3063 4047 3216 4092 tuum
3249 4039 3418 4092 etiam
3450 4039 3646 4093 Valen-

2061 4140 2190 4186 tem.
2247 4127 2433 4182 Fidem
2481 4129 2630 4183 enim
2669 4129 2764 4182 tibi
2801 4129 3001 4195 habeo,
3045 4132 3136 4199 qui
3184 4131 3392 4200 optime
3427 4146 3490 4185 ea
3518 4146 3647 4185 ora—

2062 4225 2210 4278 tione
2239 4235 2658 4286 exsecutuscs,
2697 4239 2819 4291 quae
2852 4223 2930 4277 illi
2963 4223 3300 4279 Christianis
3335 4224 3649 4280 intulerunt

2065 4318 2224 4372 mala.
2299 4316 2651 4386 Quapropter
2696 4317 2864 4371 etiam
2922 4328 3154 4389 uterque
3201 4318 3505 4388 condignas
3548 4319 3650 4373 im-

2062 4413 2286 4485 pietatis
2332 4411 2460 4467 tulit
2503 4428 2718 4483 pnenas.
2754 4412 2829 4466 De
2879 4411 2990 4466 alio
3022 4427 3155 4466 vero
3208 4426 3276 4465 ne
3326 4421 3380 4465 tu
3423 4411 3648 4480 quidem

2065 4509 2185 4579 ipse
2215 4507 2395 4562 simile
2427 4505 2727 4576 quidquam
2776 4505 3005 4561 dixeris.
3056 4506 3165 4575 Ego
3216 4515 3402 4559 autem
3454 4504 3652 4560 Basili-

2066 4618 2220 4659 scum
2260 4601 2425 4656 etiam
2459 4600 2791 4670 addam,qui
2825 4610 3036 4655 motum
3072 4600 3342 4656 adversus
3369 4600 3648 4657 Zenonem

2070 4695 2404 4751 concitavit:
2451 4695 2538 4749 cui
2592 4694 2682 4749 ille
2737 4710 2849 4749 non
2904 4694 3250 4766 tyrannidem
3310 4694 3497 4761 modo,
3554 4694 3652 4749 sed

2070 4790 2240 4844 vitam
2289 4788 2454 4843 etiam
2488 4788 2715 4842 ademit.
2746 4787 2871 4842 llaec
2916 4789 3170 4857 quamvis
3206 4787 3440 4842 fortasse
3471 4787 3656 4840 minus

391 4882 454 4936 ad
515 4881 802 4938 llistoriam
850 4883 1281 4940 ecclesiasticam
1327 4886 1609 4956 pertinere
1667 4885 1950 4952 videntur,
1993 4886 2150 4942 utilia
2192 4893 2373 4938 tamen
2442 4882 2768 4948 admodum,
2833 4892 2889 4936 et
2925 4881 3181 4936 instituto
3210 4882 3363 4950 operi
3399 4896 3656 4936 commo-

393 4981 458 5036 da
509 4995 648 5046 esse,
695 4989 754 5036 ct
796 4980 920 5035 loco
970 4979 1098 5034 huic
1151 4981 1385 5036 maxime
1427 4983 1724 5037 convenire
1773 4992 1950 5053 puto:
2002 4990 2299 5053 prepterea
2371 4977 2518 5046 quod
2551 4977 2805 5031 historici
2831 4977 3034 5030 Gnecaa
3093 4975 3508 5045 superstitionis
3533 4979 3658 5032 cul-

394 5091 558 5142 tores,
583 5076 836 5130 consulto
856 5084 910 5130 et
937 5075 1208 5130 malitiose
1231 5077 1519 5130 veritatem
1549 5087 1953 5147 oppugnantes,
1999 5083 2227 5147 propter
2295 5073 2626 5126 Christianas
2697 5069 2985 5140 religionis
3025 5071 3242 5136 odium,
3279 5085 3570 5144 perperam
3602 5083 3660 5128 et

393 5154 527 5225 ralso
551 5169 809 5241 pleraque
849 5170 1124 5225 scribunt.
1160 5171 1228 5226 At
1261 5187 1360 5225 nos
1388 5171 1452 5226 ad
1483 5171 1579 5226 rcli
1605 5187 1750 5242 luam
1781 5173 2056 5228 Anastasii
2086 5171 2378 5227 historiant
2414 5181 2728 5240 pergamus.

966 5288 1220 5342 ΚΕΦΑΛ.
1269 5284 1402 5343 MA’.

393 5385 530 5454 Περὶ
554 5383 664 5452 τῆς
689 5386 1119 5453 χρυσοτελειάς
1135 5383 1216 5452 ἣν
1239 5388 1270 5438 ὀ
1287 5383 1694 5449 Ἀγαστάσιος
1717 5385 1970 5453 ἐπενόη-

499 5472 591 5520 σε,
615 5456 817 5524 λύμην
843 5455 1124 5510 ἐντεῦθεν
1163 5455 1409 5522 πολλὴν
1436 5455 1869 5527 ἐργασάμενος.

460 5570 548 5624 Τὰ
589 5569 690 5640 μὲν
718 5569 782 5640 δὴ
828 5568 924 5622 τοῦ
967 5573 1354 5641 χρυσαργύρου
1403 5569 1592 5623 τοῦτον
1620 5571 1710 5623 τὸν
1761 5571 1965 5639 τρόπον

388 5665 665 5737 περιεῖλεν
694 5663 722 5717 ὁ
765 5665 1142 5731 Ἀναστάσιος,
1179 5664 1272 5716 καὶ
1313 5663 1607 5734 permixti);
1646 5665 1824 5716 ἐκεῖνο
1867 5681 1966 5716 κα-

463 5827 541 5890 (ll
574 5825 677 5879 Alii
712 5825 852 5879 hanc
871 5824 1147 5881 Soenidem
1187 5826 1278 5880 alii
1338 5826 1716 5882 Semiamiram
1747 5835 1964 5880 var-ant.

465 5897 538 5969 (‘23
566 5897 886 5978 Anastasius
915 5899 965 5951 in
987 5899 1216 5967 imperio
1247 5897 1489 5952 Βθιιιιιιιο
1535 5897 1964 5957 arium-ratium,

2643 5284 2870 5343 CAPUT
2899 5284 3084 5339 XLIV.

2078 5385 2153 5442 De
2181 5402 2348 5443 aureo
2371 5384 2634 5455 vectigali,
2663 5382 2804 5452 quod
2829 5397 3021 5435 novum
3051 5379 3370 5455 Anastasius
3405 5379 3659 5450 instituit,

2284 5457 2422 5510 unde
2465 5450 2647 5510 multa:
2678 5450 2939 5507 (erumna:
2971 5461 3091 5504 sunt
3121 5450 3435 5504 subsecuta).

2145 5571 2460 5626 P0rtorium
2497 5567 2902 5640 χρυσάργυρον,
2950 5575 3405 5636 aurargenteum,
3439 5566 3504 5620 ad
3533 5581 3659 5620 eum

2073 5679 2240 5734 quem
2271 5663 2512 5716 diximus
2548 5658 2794 5725 modum,
2833 5657 3151 5713 Anastasius
3186 5657 3427 5714 abolevit
3470 5658 3572 5730 (ἓ),
3606 5669 3664 5717 et

2077 5824 2182 5878 hoc
2228 5831 2328 5879 cst.
2411 5821 2741 5890 optiu'atum
2793 5817 3331 5873 administrationem
3399 5819 3663 5886 instituit,

2083 5893 2434 5964 magistratus
2468 5906 2521 5947 et
2560 5893 2798 5945 honores
2822 5890 3088 5952 vendidit,
3145 5892 3366 5961 iniustis
3427 5891 3670 5947 homini-
