4046 6494
271 434 292 445 ’
383 413 488 481 215

1612 428 2030 492 NICEPIIORI
2071 435 2159 495 CA
2172 438 2416 500 LLISTI

3539 447 3640 512 2l6

384 534 660 604 imperiali
696 551 923 605 prorsus
948 539 1132 596 animo
1161 545 1406 600 sustulit.
1443 546 1558 602 Alia
1593 541 1782 602 contra
1832 565 1963 605 vero

2078 549 2387 621 ιὼρθωσεν.
2429 553 2648 620 ’Δνάξια
2677 555 2732 608 δὲ
2763 557 2927 612 πάλιν
2955 557 3246 630 ἔπραττεν,
3279 557 3362 626 οἷς
3391 563 3492 632 τὴν
3513 582 3648 635 χρυ-

377 639 436 680 se
463 625 685 697 indigna
722 627 1000 684 instituit:
1034 635 1420 703 χρυσοτέλειαν
1447 639 1720 707 videlicet,
1755 641 1806 696 id
1844 653 1952 704 est,

378 717 702 786 pensionem
733 719 889 776 auri:
921 731 976 776 et
999 727 1233 793 pepulos
1262 745 1394 785 suos
1418 733 1711 802 vectigales
1742 733 1956 788 bellicis

379 811 645 882 impensis
667 827 766 882 per
789 814 1245 875 nundinationem
1270 823 1512 880 venditis
1537 841 1703 897 supra
1736 827 1955 880 modum

377 905 664 974 gravavit,
727 909 1184 982 exactionemqne
1273 916 1604 972 tributorum
1666 919 1955 975 curialium

377 995 716 1066 abrogando,
746 998 911 1070 726
945 1000 999 1053 in
1043 1003 1356 1072 quibusque
1391 1007 1707 1063 civitatibus
1735 1025 1830 1065 eos
1864 1011 1955 1082 qui

377 1099 648 1142 vocantur
689 1090 940 1146 vindices
985 1094 1311 1150 constituit:
1357 1097 1552 1154 Marini
1601 1099 1742 1170 Syri,
1795 1101 1956 1156 sicuti

379 1181 596 1248 dicunt,
631 1183 1004 1254 suggestione,
1031 1187 1124 1256 qui
1161 1187 1475 1256 primariam
1509 1193 1652 1261 apud
1679 1207 1805 1247 eum
1833 1209 1958 1263 ges-

379 1273 456 1327 sit
486 1273 833 1342 dignitatem,
876 1291 1040 1344 quam
1092 1279 1473 1347 prtelecturam
1523 1284 1766 1351 praetorii
1813 1285 1958 1338 anti-

377 1365 568 1434 quitus
607 1367 989 1422 nominarunt.
1028 1369 1374 1442 Quapropter
1415 1373 1640 1439 factum,
1691 1385 1752 1430 ut
1791 1379 1961 1430 vecti-

378 1457 523 1527 galia
585 1474 778 1527 magna
833 1477 897 1514 ex
953 1473 1108 1531 parte
1160 1465 1564 1531 interciderint,
1620 1476 1678 1522 et
1712 1469 1961 1525 civitates

381 1553 566 1608 minus
592 1551 902 1609 ﬂoruerint.
945 1556 1264 1625 Antiquitus
1309 1575 1566 1628 namque,
1602 1562 1698 1630 qui
1746 1562 1960 1616 nobiles

379 1652 438 1698 et
469 1644 619 1700 claro
640 1645 761 1702 loco
785 1647 896 1702 nati
926 1658 1100 1713 erant,
1127 1649 1180 1724 i‘n
1210 1665 1398 1704 earum
1431 1652 1615 1708 album
1647 1653 1963 1708 refereban-

381 1743 495 1798 tur,
537 1751 741 1806 eosque
773 1738 904 1792 urbs
936 1727 1194 1807 quaelibet
1224 1741 1454 1798 in.curis
1489 1756 1804 1800 senatorum
1842 1750 1962 1802 loco

381 1827 616 1884 habebat
647 1842 809 1898 atque
844 1832 1235 1915 constituebat:

956 1947 1184 2004 CAPUT
1221 1947 1380 2004 XLV.

386 2035 822 2116 Utuftrrastasio,
875 2050 954 2096 ter
992 2052 1182 2116 sancto
1231 2043 1425 2112 hymno
1460 2047 1708 2116 adjicere
1763 2050 1965 2106 volente

354 2139 364 2150 -
451 2108 586 2163 illud
605 2126 635 2181 _:
671 2128 690 2161 ι
717 2109 820 2176 Qui
856 2115 1142 2180 cruciﬁxus
1171 2130 1226 2166 es
1254 2108 1350 2181 pro
1379 2108 1555 2181 nobis;
1592 2139 1609 2170 ι
1645 2122 1900 2173 tunmltus
1931 2141 1963 2174 a

450 2179 646 2250 populo
692 2183 760 2235 sit
809 2179 1106 2240 concitatus
1133 2201 1152 2238 :
1183 2179 1348 2249 usque
1389 2179 1544 2250 adeo,
1585 2200 1640 2243 ut
1686 2193 1732 2244 is
1773 2193 1966 2245 timore

451 2250 744 2332 perculsus,
777 2254 1060 2332 imperium
1088 2253 1412 2332 deposuerit.
1450 2254 1518 2310 Et
1545 2271 1598 2313 ut
1645 2263 1806 2330 paulo
1849 2271 1964 2332 ροιι
1986 2311 2007 2324 ,

452 2322 772 2376 Anastasius
811 2325 971 2378 vitam
1013 2322 1236 2392 ﬁnierit.

453 2435 710 2491 Omnium
753 2447 936 2494 autem
991 2441 1286 2510 malorum,
1339 2463 1574 2516 quorum
1612 2449 1725 2515 ipse
1771 2459 1967 2504 auctor

382 2528 509 2590 fuit.
543 2529 676 2584 illud
714 2543 1022 2588 extremum
1065 2545 1204 2602 erat,
1241 2539 1388 2608 quod
1432 2549 1656 2610 prOpter
1691 2543 1966 2597 accessio-

383 2637 508 2674 nem
541 2622 711 2688 illam,
745 2623 848 2688 Qui
881 2627 1167 2694 cruciﬁxus
1201 2647 1254 2684 es
1283 2649 1380 2701 pro
1408 2633 1552 2686 nobis
1595 2635 1692 2700 tl),
1717 2652 1876 2704 quam
1909 2646 1966 2691 et

385 2705 503 2782 ipse
533 2725 616 2769 ter
647 2718 972 2788 sanetoipse
1016 2718 1222 2791 hymno
1267 2723 1508 2778 additam
1548 2725 1738 2790 voluit,
1775 2728 1966 2798 ingens

384 2815 575 2862 exorta
602 2815 688 2863 est
712 2808 911 2864 seditio
935 2847 953 2878 ,
985 2813 1214 2874 perinde
1245 2824 1410 2884 atque
1448 2817 1767 2884 religionem
1798 2818 1968 2884 Chri-

391 2897 628 2954 stianam
674 2909 924 2958 evertere
983 2903 1235 2960 homines
1281 2907 1502 2964 vellent.
1530 2909 1662 2979 Ejus
1696 2911 1968 2979 dogmatis

383 2989 580 3049 Petrus
635 2992 932 3065 Cnapheus
969 3008 1160 3052 auctor
1204 2997 1327 3066 fuit,
1371 3000 1537 3056 sicuti
1593 3003 1802 3058 dictum
1859 3015 1965 3060 est.

383 3079 622 3140 Severus
649 3095 832 3141 autem
853 3087 906 3142 in
937 3086 1340 3156 Macedonium,
1372 3091 1468 3160 qui
1497 3093 1656 3162 paulo
1690 3102 1818 3149 ante
1847 3095 1967 3151 hic-

384 3175 580 3231 rarcha
609 3175 1086 3248 Constantinopoli
1115 3179 1238 3247 fuit,
1275 3182 1406 3237 etin
1443 3185 1650 3240 clerum
1691 3189 1816 3259 ejus
1849 3203 1963 3241 rem

2069 646 2351 703 σοτέλειαν
2419 651 2681 704 ἐπενόει·
2741 651 2838 720 τὴν
2917 652 3320 724 στρατιωτικὴν
3393 654 3646 725 δαπάνην

2066 735 2470 805 ἀπεμπολήσας
2503 740 2646 794 κατὰ
2667 741 2778 794 τῶν
2813 741 3084 794 συντελῶν
3114 745 3194 806 είς
3219 743 3282 794 τὸ
3316 743 3646 815 βαρύτατον.

2065 827 2190 880 Τῶν
2209 828 2265 882 δέ
2293 829 2696 902 βουλευτηρίων
2724 833 2910 904 φόρων
2927 835 3026 905 τὴν
3051 835 3340 908 εἴσπραξιν
3381 841 3647 909 περιεῖλε,

2069 919 2196 982 τοὺς
2237 923 2610 992 καλουμένους
2634 924 2877 994 βίνδικας
2909 926 3013 979 ἀνὰ
3045 927 3284 1003 ἑκάστην
3335 929 3488 983 πόλιν
3517 949 3654 1002 προ-

2069 1011 2425 1083 ϐεϐλημένος,
2452 1015 2724 1086 Μαρίνου,
2756 1017 2832 1074 ὥς
2876 1035 3064 1086 φασιν,
3097 1020 3381 1091 είσηγήσει
3423 1024 3516 1077 τοῦ
3543 1023 3651 1077 Σύ-

2069 1125 2186 1178 ρου,
2201 1108 2300 1178 τὴν
2317 1112 2618 1181 κορυφαίαν
2633 1111 2913 1176 διέποντος
2928 1113 3036 1166 τῶν
3053 1115 3258 1184 ἀρχῶν,
3275 1115 3522 1187 ὕπαρχον
3551 1119 3653 1186 τῆς

2067 1201 2239 1270 αὐλῆς
2273 1201 2374 1270 τὴν
2425 1203 2688 1273 τοιαύτην
2718 1202 2974 1269 ἐξουσίαν
3010 1206 3061 1258 oi
3115 1206 3286 1260 πάλαι
3323 1207 3647 1280 ὠνόμαζον·

2067 1290 2191 1344 ὅθεν
2221 1291 2364 1345 οἵτε
2397 1293 2555 1362 φόροι
2601 1295 2884 1350 καταπολὺ
2923 1297 3276 1368 διερρύησαν,
3316 1302 3408 1352 καὶ
3448 1303 3516 1355 τὰ
3541 1301 3655 1354 τῶν

2069 1383 2282 1437 πόλεων
2327 1383 2462 1454 ἄνθη
2491 1385 2836 1458 διέρῤευσαν.
2871 1388 2944 1440 To
2983 1389 3092 1459 γὰρ
3123 1391 3351 1460 ἀρχαῖον
3395 1390 3511 1444 ὅσοι
3540 1391 3653 1444 τῶν

2065 1475 2131 1529 εὖ
2157 1477 2463 1544 γεγονότων
2505 1479 2598 1532 xz".
2624 1480 2948 1550 εὐπατρίδαι
2971 1477 3131 1554 ἦσαν,
3177 1484 3234 1534 ἐν
3275 1485 3382 1544 τοῖς
3411 1482 3518 1536 τῶν
3545 1483 3648 1536 πό-

2071 1564 2208 1618 λεων
2266 1566 2618 1636 λευκὼμασιν
2673 1571 3075 1640 ὲνεγράφοντο,
3137 1573 3375 1642 ἑκάστης
3440 1571 3644 1634 πόλεως

2071 1657 2198 1719 τοὺς
2241 1660 2298 1709 ἐν
2327 1661 2438 1722 τοῖς
2485 1658 2890 1731 βουλευτηρίοις
2961 1663 3081 1715 ἀντὶ
3143 1662 3448 1734 συγκλήτου
3503 1664 3648 1726 τινὸς

2071 1751 2315 1814 ἐκείνους
2343 1749 2535 1822 ὥσπερ
2569 1755 2802 1825 ἐχούσης
2835 1755 2927 1808 καὶ
2962 1755 3310 1826 ὁριζομένης.

2654 1955 2900 2011 ΚΕΦΛΛ.
2935 1953 3064 2012 ΜΕ’.

2075 2049 2199 2117 ῘΟτι
2249 2049 2644 2104 Ἀναστασίου
2683 2049 3102 2115 βουληθέντος
3161 2049 3511 2115 προσθεῖναι
3567 2051 3651 2117 τῷ

2075 2115 2096 2120 ’
2143 2120 2428 2187 τίνισαγίῳ
2483 2117 2572 2176 τὸ.
2629 2138 2648 2170 ι
2701 2119 2764 2170 '0
2824 2119 3193 2184 σταιιρωθεὲς
3253 2120 3332 2171 δι’
3388 2119 3569 2187 ἡμᾶς,
3618 2115 3642 2172 ι

2143 2191 2363 2254 στάσις
2393 2187 2472 2252 τῷ
2495 2187 2663 2253 δήμῳ
2686 2189 2942 2256 ἐγένετο,
2974 2189 3055 2253 ὡς
3086 2191 3184 2242 καὶ
3209 2191 3398 2241 αὐτὸν
3415 2190 3653 2243 ἐκεῖνον

2143 2259 2450 2320 δείσαντα,
2513 2259 2624 2323 τὴν
2666 2258 2867 2326 ἀρχὴν
2919 2259 3348 2314 ἀποτίθεσθαιο
3413 2258 3511 2312 καὶ
3569 2260 3652 2328 ὡς

2140 2331 2289 2398 μετὰ
2313 2329 2534 2398 μικρὸν
2565 2329 2850 2382 ἐτελεύτα
2890 2329 2998 2380 τὸν
3020 2329 3186 2392 βίον.

2147 2443 2220 2495 Τὸ
2250 2443 2467 2496 πάντων
2501 2443 2548 2496 δ’
2595 2442 2824 2512 ἔσχατον
2865 2443 2961 2495 καὶ
2994 2443 3314 2498 τελευταῖον
3358 2444 3506 2514 αὑτῷ
3543 2445 3652 2496 τῶν

2074 2537 2262 2590 κακῶν
2321 2535 2649 2606 διεπράχθη,
2691 2537 2885 2605 ὅτιπερ
2915 2538 2972 2588 ἐν
3011 2539 3076 2607 τῇ
3110 2537 3524 2590 Κωνσταντίνου
3554 2539 3654 2606 τὴν

2075 2628 2396 2700 προσθήκην
2451 2628 2545 2682 καὶ
2613 2628 2780 2680 αὐτὸν
2837 2629 2896 2681 ἐν
2941 2629 3022 2698 τῷ
3055 2629 3324 2698 τρισαγίῳ
3373 2630 3654 2700 ᾑρημένον

2074 2721 2408 2790 ποιήσασθαι
2472 2719 2565 2786 τὸ,
2613 2719 2680 2774 ’0
2703 2721 3076 2788 σταυρωθεὶς
3104 2721 3182 2775 δι’
3221 2720 3406 2790 ἡμᾶς,
3462 2721 3656 2784 στάσις

2076 2814 2316 2886 μεγίστη
2356 2813 2748 2885 ἀνεῤῥιπίσθη,
2779 2813 2984 2869 ὡσανεὶ
3016 2818 3115 2884 τῆς
3145 2814 3490 2883 Χριστιανῶν
3517 2815 3656 2883 θρη-

2075 2903 2266 2966 σκείας
2299 2901 2780 2973 ἁνατρεπομένης.
2813 2905 3134 2974 Προστάτης
3165 2904 3264 2972 μὲν
3301 2901 3396 2957 οὖν
3421 2903 3514 2956 τοῦ
3544 2921 3658 2956 τοι-

2075 2995 2236 3048 ούτου
2305 2995 2575 3064 δόγματος
2629 2995 2834 3064 Πέτρος
2885 2997 2913 3048 ό
2957 2996 3217 3064 Κναφείις
3271 2996 3540 3064 ἐγεγόνει,
3576 2995 3656 3060 ὡς

2075 3091 2316 3162 εἴρηται.
2373 3088 2610 3159 Seu-71.00;
2662 3087 2718 3140 δὲ
2749 3088 3087 3142 Μακεδόνιον
3145 3090 3238 3142 τὸν
3293 3090 3400 3159 πρὸ
3453 3091 3654 3161 μικροῦ

2076 3184 2342 3254 ίερὰρχην
2371 3181 2473 3250 τῆς
2500 3179 2923 3236 Κωνσταντίνου
2952 3181 3158 3252 ἱστορεῖ
3183 3181 3538 3252 γεγενῆσθαι,
3561 3183 3659 3235 ml.

384 3283 506 3323 eam
536 3268 767 3334 confert,
786 3269 855 3324 ad
890 3270 1240 3328 Soterichum
1273 3275 1548 3342 scribens,
1576 3294 1701 3334 cum
1720 3279 1965 3334 nondum

2078 3275 2164 3328 τὸν
2194 3273 2286 3328 ὑπ’
2340 3271 2504 3328 αὐτὸν
2557 3269 2782 3340 κλῆρον,
2827 3269 2962 3340 πρὸς
3007 3269 3322 3341 Σωτήριχον
3386 3271 3616 3338 γράφων
3641 3285 3656 3297 ·

385 3363 444 3417 in
492 3362 872 3433 cpiscOporum
925 3363 1178 3422 ordinem
1226 3378 1514 3439 cooptatus
1555 3384 1722 3436 esset,
1769 3373 1866 3429 sed
1912 3375 1966 3428 in

385 3455 512 3510 aula
539 3455 809 3526 imperiali
839 3471 909 3511 eo
940 3465 1186 3527 tempore
1220 3473 1552 3530 versaretur,
1581 3479 1693 3534 quo
1729 3481 1856 3520 cum
1887 3469 1970 3520 eis

387 3564 530 3619 quos
569 3560 732 3604 antea
767 3549 1028 3612 diximus,
1066 3555 1400 3608 monasterio
1445 3571 1548 3612 suo
1595 3568 1684 3612 cst
1727 3568 1969 3613 exactus.

386 3639 714 3710 Coniectura
769 3651 1092 3704 autemest.
1143 3645 1334 3699 talium
1384 3647 1733 3718 aliarumque
1767 3651 1975 3704 calum-

385 3735 608 3790 niarum
641 3734 836 3804 gratia,
868 3733 1241 3791 Macedonium
1274 3755 1304 3793 e
1341 3739 1540 3794 throno
1565 3756 1666 3794 suo
1692 3741 1966 3810 dejectum

389 3841 534 3881 esse.
581 3825 740 3893 Quod
787 3842 921 3882 vero
975 3837 1174 3898 praeter
1225 3845 1448 3885 causam
1509 3832 1564 3886 iu
1618 3833 1798 3908 virum
1846 3851 1974 3890 eum

389 3919 626 3990 injectus
673 3920 995 3987 mentiatur,
1047 3922 1180 3978 satis
1223 3938 1287 3978 ea
1327 3940 1450 3993 qua:
1494 3925 1750 3982 dicentur
1793 3938 1980 3984 osten‘

391 4015 546 4068 dent.
586 4013 877 4086 Postquam
930 4013 1076 4069 enim
1131 4013 1485 4073 Macedonius
1530 4017 1598 4072 ab
1642 4019 1977 4090 imperatore

389 4107 688 4162 dissentire
721 4106 909 4176 ccepit,
935 4108 1274 4177 permultum
1318 4109 1624 4181 imperator
1655 4114 1705 4168 ei
1751 4115 1980 4172 insidia-

391 4210 482 4254 tus
515 4209 618 4254 est.
649 4197 887 4254 Proinde
925 4199 1092 4255 etiam
1130 4215 1226 4256 eos
1254 4202 1349 4272 qui
1395 4217 1425 4256 a
1457 4202 1778 4262 Macedonio
1807 4207 1982 4264 desci-

392 4299 624 4358 verant,
683 4291 1033 4346 turbulenter
1081 4302 1482 4364 congregatos,
1545 4297 1597 4350 in
1650 4297 1981 4370 Archangeli

393 4385 604 4454 templo
649 4391 732 4438 ter
782 4394 1031 4440 sanctum
1084 4401 1306 4440 carmen
1337 4401 1462 4440 cum
1519 4389 1831 4458 adjectione
1867 4392 1983 4462 ipsa

394 4493 598 4533 canere
623 4475 811 4548 jussit.
851 4477 998 4532 Idem
1039 4493 1163 4532 mox
1195 4480 1448 4548 proximo
1481 4480 1770 4538 Dominico
1809 4485 1897 4539 die
1929 4485 1984 4540 in

397 4569 608 4639 templo
636 4583 832 4639 magno
865 4567 934 4623 ab
957 4571 1040 4623 eis
1083 4567 1312 4632 factum,
1359 4585 1484 4623 cum
1517 4569 1594 4624 illi
1627 4571 1792 4626 etiam
1823 4572 1990 4629 bacu-

395 4663 482 4718 los
509 4677 576 4718 eo
609 4661 942 4720 intulerunt.
999 4661 1162 4731 727
1220 4663 1466 4732 Populus
1507 4673 1692 4718 autem
1731 4664 1980 4736 ﬂagranti

396 4757 596 4813 ardore
621 4755 857 4822 excitus,
907 4754 1144 4824 turpiter
1183 4755 1310 4808 illos
1343 4755 1578 4810 ecclesia
1611 4758 1841 4824 expulit.
1874 4760 1980 4814 Im.

393 4859 621 4922 perator
681 4858 870 4919 postea
919 4855 1108 4918 aperte
1162 4847 1448 4902 monachis
1497 4848 1876 4907 desertoribus
1927 4861 1983 4906 et

397 4941 717 5012 transfugis,
751 4949 808 4996 et
845 4939 1194 5010 principibus
1237 4940 1404 4994 etiam
1435 4940 1588 5002 viris,
1636 4950 1695 4996 ut
1729 4943 1983 5015 indignas

397 5031 768 5102 contumelias
799 5029 854 5084 in
884 5029 1207 5100 episcopum
1237 5027 1592 5098 impudenter
1614 5033 1979 5104 conjicerent,

396 5125 687 5196 praecepit.
719 5122 966 5189 Quorum
1001 5136 1146 5174 unus
1175 5121 1297 5176 erat
1333 5121 1584 5180 Julianus
1613 5125 1982 5184 llalicarnassi

398 5226 458 5276 in
475 5217 642 5276 Caria
657 5217 974 5288 episcopus,
987 5223 1043 5268 et
1063 5212 1300 5270 Severus
1323 5216 1489 5270 etiam
1511 5225 1624 5272 tum
1645 5221 1946 5278 monachus
1967 5237 1982 5276 :

403 5313 652 5372 simulet
682 5308 832 5374 lidei,
879 5315 936 5362 et
974 5305 1298 5376 Macedonii,
1337 5319 1643 5380 eorumque
1675 5309 1771 5380 qui
1795 5327 1982 5368 secum

403 5417 583 5472 erant,
609 5405 818 5460 hostes.
841 5403 1130 5470 Quomodo
1153 5403 1316 5474 igitur
1335 5419 1461 5460 eum
1494 5421 1659 5475 quem
1701 5409 1985 5477 tyrannico

404 5515 560 5557 more
605 5496 942 5552 accessionis
973 5495 1093 5564 ejus
1136 5496 1308 5567 gratia
1359 5496 1576 5568 injuriis
1607 5500 1988 5556 contumeliis-

405 5643 512 5699 bus
537 5635 806 5710 pepercit.
841 5635 912 5691 Et
941 5634 1008 5689 ad
1049 5633 1414 5714 insatiabilem
1449 5633 1695 5714 pecuniae
1718 5635 1986 5714 cupidita-

411 5722 520 5768 tem
537 5704 878 5773 ’θάπτει-ευρ»,
907 5705 1220 5775 provincias
1235 5704 1511 5785 eoxpilavit.
1537 5705 1616 5785 Ad
1643 5704 1984 5785 insolentem

407 5792 750 5848 novumque?
777 5773 1013 5848 morem,
1043 5790 1206 5842 quem
1261 5773 1495 5848 induxit,
1535 5774 1656 5848 _vi_ri
1696 5773 1822 5848 boni
1857 5784 1986 5830 sunt

411 5843 779 5907 consternati.
803 5846 1073 5902 Barbaros
1100 5859 1336 5912 namque
1353 5843 1586 5911 imperio
1609 5844 1984 5909 imminentes,

410 5935 522 5976 non
554 5919 724 5976 armis
754 5916 1017 5990 propulit,
1077 5913 1172 5970 sed
1216 5928 1406 5984 pacem
1431 5928 1566 5969 auro
1601 5914 1829 5968 mercari
1864 5917 1989 5957 enli—

2071 3363 2227 3419 οὔπω
2279 3363 2381 3435 μὲν
2430 3363 2768 3432 τεταγμένος
2813 3363 2872 3415 ὲν
2922 3361 3270 3426 ἐπισκόποις,
3313 3359 3394 3414 ἔτι
3445 3361 3501 3414 δε
3541 3363 3658 3424 τοῖς

2073 3453 2396 3528 ἀνακτόροις
2439 3457 2862 3526 ἐνδιαιτώμενος
2911 3456 3034 3510 κατ’
3065 3456 3243 3509 ἐκεῖνο
3273 3453 3492 3526 καιροῦ,
3523 3456 3660 3522 ὁπη-

2075 3555 2204 3606 νίκα
2235 3551 2332 3606 τοῦ
2369 3550 2493 3605 κατ’
2517 3549 2682 3603 αὐτὸν
2717 3547 2973 3624 ἀπηλάθη
3014 3547 3378 3618 μοναστηρίου
3407 3549 3505 3600 σὺν
3544 3551 3684 3612 τοῑς’

2076 3645 2415 3716 εἰρημένοις.
2441 3641 2748 3710 Συνάγεται
2775 3642 2822 3694 δ’
2849 3639 2940 3694 οἷον
2969 3642 3078 3694 τῶν
3101 3640 3320 3694 τοιῶνδε
3357 3640 3451 3693 καὶ
3479 3639 3656 3693 ἄλλων

2079 3739 2240 3810 χάριν
2295 3736 2561 3790 διαϐολῶν
2608 3736 2702 3788 τὸν
2758 3733 3098 3789 Μακεδόνιον
3143 3731 3510 3803 ἐκὸεϐλῆσθαι
3561 3731 3659 3785 τοῦ

2081 3829 2296 3898 θρόνου.
2327 3829 2454 3881 Ὅτι
2476 3827 2534 3880 δὲ
2563 3827 2824 3897 ψεύδεται
2856 3826 3036 3897 μάτην
3069 3824 3526 3896 καταφερόμενος
3561 3823 3660 3876 τοῦ

2082 3923 2292 3993 ἀνδρὸς,
2324 3919 2476 3992 παρὰ
2501 3921 2670 3984 πόδας
2703 3920 2871 3984 δείξει
2907 3921 2976 3974 τὰ
3021 3921 3317 3988 εἰρημένα.
3371 3919 3523 3971 Ἐπεὶ
3549 3919 3659 3986 γὰρ

2083 4017 2166 4078 εἰς
2213 4013 2479 4084 διαφορὰν
2530 4012 2830 4066 καθίστατο
2885 4011 3117 4082 βασιλεῖ,
3164 4009 3366 4073 πολλὰς
3417 4011 3662 4071 ἐπινοίας

2084 4108 2208 4160 κατ’
2239 4106 2452 4160 ἐκείνου
2488 4105 2774 4174 ἐτύρευεν.
2815 4104 2985 4158 Ὅθεν
3015 4105 3264 4168 καὶτοὺς
3291 4103 3502 4156 ἐκείνου
3536 4103 3666 4169 ἀφι-

2087 4199 2395 4270 σταμένους
2445 4199 2544 4253 σὺν
2573 4197 2716 4269 ὄχλῳ
2769 4197 3020 4252 ἐκέλευεν
3072 4196 3459 4268 ἀθροισθέντας
3495 4195 3550 4247 ὲν
3586 4195 3664 4264 τῷ

2087 4288 2204 4361 ναῷ
2255 4291 2349 4344 τοῦ
2385 4289 2780 4361 ’Δρχαγγέλου,
2823 4288 2916 4342 τὸν
2969 4287 3256 4358 τρισάγιον
3303 4284 3471 4354 ὕμνον
3521 4283 3669 4354 μετὰ

2087 4388 2190 4452 τῆς
2226 4383 2546 4455 προσθήκης
2573 4381 2820 4451 ψάλλειν.
2856 4380 2936 4452 Τῇ
2970 4381 3014 4434 δ’
3048 4380 3282 4452 ἐπιούσῃ
3315 4379 3566 4448 Κυριακῇ
3597 4379 3668 4430 τὰ

2090 4477 2256 4544 ὃμοια
2288 4475 2381 4527 καὶ
2410 4475 2469 4526 ἐν
2497 4476 2562 4544 τῇ
2595 4473 2826 4544 Μεγάλῃ
2857 4473 3127 4544 ἐκκλησίᾳ
3175 4471 3416 4534 ἐποίουν,
3445 4471 3539 4522 καὶ
3573 4468 3672 4538 βά.-

2095 4567 2198 4620 κλα
2229 4567 2642 4636 ἐπιφερόμενοι.
2703 4566 2762 4619 Ὀ
2791 4563 2848 4618 δὲ
2884 4564 3012 4628 λαδς
3053 4563 3203 4635 ζήλῳ
3243 4559 3672 4630 διαθερμανθεὶς

2087 4659 2330 4730 αἰσχρῶς
2370 4658 2616 4723 ἐκείνους
2649 4658 2748 4727 τῆς
2782 4657 3080 4728 ἐκκλησίας
3117 4657 3452 4726 ἀπήλαυνον.
3497 4656 3672 4708 Ἀπα-

2090 4752 2450 4826 ρακαλύπτως
2499 4751 2546 4804 δ’
2577 4754 2768 4806 ἔπειτα
2793 4755 2821 4805 ὁ
2869 4751 3094 4820 κρατῶν
3123 4751 3217 4802 καὶ
3267 4749 3534 4818 μοναχοὺς
3561 4747 3672 4799 τῶν

2087 4847 2529 4920 ἀπερῤηγμένων
2587 4847 2682 4899 καὶ
2748 4845 3019 4916 ἄρχοντας
3078 4843 3311 4912 ἁναίδην
3410 4843 3673 4910 ἀσέμνοις

2089 4942 2284 5012 ὕϐρεσι
2340 4941 2562 5012 βάλλειν
2609 4939 2798 4993 ἔπειθε
2851 4937 2946 4992 τὸν
2975 4937 3278 4990 ἐπίσκοπον
3301 4951 3318 4964 ⁸
3349 4929 3426 4988 ὧν
3463 4929 3542 4996 εἷς
3579 4932 3676 4984 καὶ

2099 5036 2386 5100 Ἰουλιανὸς
2436 5038 2464 5089 ὁ
2513 5033 2909 5107 Ἀλικαρνασοῦ
2958 5032 3060 5104 τῆς
3108 5030 3324 5102 Καρίας
3371 5030 3673 5090 ἐπίσκοπος

2085 5127 2175 5202 ἦν,
2208 5131 2302 5184 καὶ
2329 5130 2570 5199 Σευῆρος
2594 5131 2622 5181 ό
2653 5129 2889 5199 μοναχὸς
2917 5165 2942 5196 ,,
2963 5129 3013 5180 οἱ
3049 5128 3146 5180 καὶ
3177 5125 3278 5195 τῆς
3315 5125 3548 5184 πίστεως
3577 5123 3676 5174 καὶ

2087 5223 2269 5278 αὐτῶν
2296 5222 2664 5294 γεγενημένοι
2696 5221 2974 5290 πολέμιοι.
3016 5219 3143 5284 Πῶς
3165 5218 3261 5273 οὖν
3297 5218 3357 5272 ὃν
3383 5215 3676 5285 τυραννεῖν

2088 5311 2186 5367 καὶ
2239 5309 2488 5382 ὑϐρίζειν
2539 5308 2639 5362 καὶ
2688 5308 2778 5362 διὰ
2817 5309 2916 5377 τῆς
2970 5306 3291 5377 προσθήκης
3357 5302 3674 5374 ἠϐούλοντο,

2089 5404 2298 5458 ἐκείνου
2331 5404 2572 5474 φαίημεν
2597 5399 2737 5456 εἶναι
2763 5399 2990 5472 ταύτην,
3013 5399 3108 5452 καὶ
3147 5396 3391 5468 ἀρχηγὸν
3434 5395 3536 5464 τῆς
3568 5411 3678 5448 τει-

2088 5497 2260 5565 αύτης
2325 5495 2637 5568 συγχύσεως
2657 5497 2723 5567 τῇ
2769 5491 3066 5564 Ἐκκλησία
3101 5489 3354 5560 γενέσθαι
3376 5487 3674 5558 δεξόμευας

2093 5649 2179 5694 tus
2208 5645 2313 5692 est.
2348 5636 2744 5714 Defunctorum
2779 5635 2923 5714 bona
2955 5631 3226 5714 curiose!"
3249 5628 3558 5714 inquisivit,
3619 5639 3677 5682 et

2089 5709 2366 5779 publicam
2431 5707 2634 5778 passim
2699 5703 2962 5762 omnibus
3029 5702 3349 5760 conciliavit
3405 5702 3670 5771 impiam.

2093 5778 2360 5848 l8uidas.)

2163 5849 2240 5921 (1)
2265 5845 2440 5920 Supra
2466 5861 2589 5920 cap.
2620 5845 2708 5902 '55.
