4046 6458
236 371 324 437 Ξίέθ
1086 341 1103 360 ’
1154 364 1771 426 ECCLESIAS'l‘lC.—li

1918 362 2215 425 ΒΤΟΠΗΕ
2260 364 2407 427 LIB.
2454 366 2643 430 Χνιῐ.

3411 365 3521 435 230

239 489 541 559 δυνηθέντος
576 486 672 541 τοῦ
703 484 911 549 πάθους
940 484 1008 555 τῇ
1046 484 1329 555 παρουσίᾳ
1353 483 1449 536 τοῦ
1482 481 1806 547 Χοζεὸίτου.

1918 480 2177 536 affectum
2207 482 2397 538 Statim
2429 484 2718 555 relinquit.
2744 486 2882 543 etin
2918 486 3209 543 aediculam
3280 486 3376 543 ubi
3438 489 3518 542 illi

244 583 299 635 '0
333 580 396 651 δὴ
430 580 526 633 καὶ
566 578 803 650 ἀψευδὲς
850 573 921 648 ἦν
943 593 957 607 ·
990 575 1193 646 ἐπίσης
1219 576 1314 629 καὶ
1345 577 1678 647 ἀμφοτέρων
1727 576 1815 643 ἐφ’

242 677 317 728 ἐνὶ
374 675 669 745 πράγματι
729 670 1011 742 παράδοξα
1064 672 1476 740 εἰργασμένων.
1533 670 1709 741 Ξένην
1757 670 1815 723 δέ

242 786 358 836 φασι
386 769 483 819 τὸν
507 765 769 835 Ἰωάννην
815 763 1012 817 τοῦτον
1053 763 1251 817 ἀνῦσαι
1280 766 1378 833 τὴν
1412 764 1623 835 βιοτὴν,
1670 763 1814 816 ὥστε

241 862 323 915 καὶ
346 860 610 930 κοχλιὼδη
672 859 799 913 τινὰ
862 859 1134 927 ύπόμονον
1169 857 1315 910 κατὰ
1361 858 1465 927 γῆς
1527 857 1812 929 διορύξαιο

243 956 450 1007 κάκεῖσε
478 955 570 1006 τὸν
622 952 796 1005 πολὺν
851 952 1274 1023 ἐκτρεπόμενον
1329 950 1517 1022 ὄχλον,
1549 951 1649 1022 τὴν
1685 954 1817 1022 ἡσυ-

241 1047 353 1117 χίαν
395 1045 760 1109 ἀσπάζεσθαι.
798 1046 934 1115 Περὶ
976 1044 1032 1098 δὲ
1064 1044 1297 1113 Ζωσιμᾶ
1332 1044 1431 1098 καὶ
1464 1044 1628 1097 τοῦτο
1670 1045 1815 1098 ἱστό-

246 1156 411 1207 ρηταν
443 1140 663 1192 ἀπιόντι
697 1138 807 1210 γάρ
843 1154 977 1190 ποτε
1034 1138 1112 1203 τῷ
1159 1138 1295 1208 ὁσίῳ
1340 1137 1436 1191 ἐπὶ
1470 1138 1572 1208 τὴν
1600 1138 1814 1192 Καισάο

247 1251 403 1302 ρειαν,
443 1234 537 1285 καί
566 1251 616 1285 τι
644 1233 864 1303 ὀνάριον
894 1231 1305 1302 ἐπισυρομένῳ,
1333 1223 1379 1299 ᾧ
1405 1249 1528 1285 τινα
1555 1232 1667 1285 τῶν
1696 1233 1819 1285 ἐπι-

244 1323 454 1391 τηδείων
501 1324 765 1392 ἐπήγετο,
801 1323 1029 1387 ἐπιστὰς
1082 1323 1286 1392 αἴφνης
1343 1323 1503 1389 λέων,
1555 1325 1647 1376 τὸν
1697 1324 1818 1379 δνον

242 1418 484 1486 ἀρπάσας
515 1414 712 1487 ᾤχετο.
751 1417 993 1470 Κατὸπιν
1037 1417 1094 1470 δὲ
1142 1419 1237 1469 καὶ
1274 1418 1302 1470 ὁ
1352 1416 1532 1483 γέρων
1581 1418 1685 1471 ἀνὰ
1719 1420 1818 1490 τὴν

244 1510 363 1578 ὓλην
404 1508 598 1561 ἐδίωκε
634 1507 874 1579 σχολαίῳ
907 1507 1031 1561 ποδί
1055 1524 1072 1540 ο
1124 1510 1153 1561 ὁ
1192 1507 1249 1562 δὲ
1282 1507 1423 1562 λέων
1449 1509 1554 1574 ἕως
1582 1503 1644 1564 οὗ
1675 1503 1816 1574 ᾦθάο

250 1618 341 1673 σειε
389 1601 647 1670 Ζωσιμᾶς
706 1602 771 1670 τῇ
832 1600 986 1670 ὀνεία
1041 1600 1193 1674 θοίνῃ
1241 1600 1512 1673 διακορὴς
1550 1603 1815 1671 γεγονὼς,

250 1693 330 1765 ἢδη
363 1693 501 1764 πρὸς
548 1691 873 1761 ἀπαλλαγὴν
924 1692 1147 1762 ἕτοιμος
1193 1689 1282 1765 ἦν.
1329 1684 1460 1750 Ἡδὺ
1511 1695 1570 1748 δέ
1619 1713 1673 1749 τι
1722 1697 1817 1750 καὶ

253 1787 459 1882 σεσηρξς
490 1785 570 1855 τῷ
598 1786 777 1839 λέοντι
811 1786 1009 1841 ἐνιδὼν
1042 1789 1302 1859 Ζωσιμᾶς
1325 1828 1345 1855 ,
1369 1787 1519 1842 Ἀλλ’
1545 1789 1690 1860 ἐμοὶ,
1712 1807 1819 1860 φη-
1854 1827 1894 1882 Β

254 1879 340 1942 civ,
387 1871 432 1931 ὦ
484 1880 690 1947 ἑταῖρε,
739 1879 798 1931 οὐ
834 1879 1067 1950 δύναμις
1113 1885 1384 1951 πρόσεστι
1414 1880 1482 1933 τὰ
1513 1883 1820 1951 ἐπισεσαγ-

253 1977 367 2040 μένει
400 1975 478 2044 τῷ
523 1975 631 2045 6·.ῳ
685 1974 875 2047 φέρειν
926 1974 1016 2028 ἐπ’
1081 1973 1296 2046 ὤμων,
1366 1977 1461 2029 ἐπὶ
1511 1978 1704 2049 τι·όρρω
1751 1995 1813 2032 τε

251 2067 519 2139 ἀφιγμένῳ
565 2069 659 2121 τοῦ
718 2069 916 2141 χρόνον
945 2108 961 2134 ,
1023 2070 1118 2123 καὶ
1166 2070 1347 2137 ἐνδείᾳ
1396 2071 1809 2142 ἐκτετηγμένῳ,

254 2162 482 2215 ’Υπελθε
530 2164 710 2218 τοίνυν
754 2164 854 2234 τὴν
885 2164 1198 2235 ἐφεστρίδα·
1225 2167 1324 2216 καὶ
1371 2164 1433 2218 τὸ
1461 2164 1683 2234 ἀξίωμα
1714 2165 1815 2235 τῆς

261 2255 457 2324 φύσεως
483 2260 893 2327 παρωσάμενος,
923 2260 1075 2330 παρά
1103 2258 1172 2311 τὰ
1200 2258 1571 2327 νενομισμένα
1601 2258 1812 2329 πρᾶττε

262 2349 445 2418 Osuini,
479 2350 532 2402 εί
557 2351 604 2417 γ’
633 2350 767 2419 ἐμοῦ
804 2351 1253 2405 ἀπαλλάττεσθαι
1275 2349 1459 2421 βούλει
1490 2353 1585 2404 καὶ
1618 2350 1813 2421 θηρίον

253 2439 395 2504 αὖθις
444 2437 594 2495 εἶναι.
641 2440 698 2495 '0
731 2443 786 2495 δὲ
842 2440 1035 2511 ὥσπερ
1080 2440 1143 2495 τὺ
1194 2441 1456 2507 καθάπαξ
1505 2439 1642 2496 εἶναι
1674 2440 1812 2496 λέων

247 2534 544 2599 ἀποϐαλὼν,
586 2535 773 2607 ἠρέμα
814 2534 1113 2606 ὑποτρέχει
1147 2536 1242 2590 τον
1274 2535 1538 2605 Ζωσιμᾶν
1561 2574 1577 2594 .
1609 2534 1703 2589 καὶ
1734 2536 1813 2606 τῷ

238 2627 430 2699 ούραίῳ
482 2628 775 2692 ύπέσαινε,
825 2629 920 2682 καὶ
973 2627 1034 2681 τὸ
1063 2627 1206 2682 κατὰ
1238 2628 1348 2683 πᾶν
1385 2628 1559 2681 είκειν
1590 2627 1668 2700 τῷ
1722 2629 1812 2697 γέ-

240 2734 372 2784 ροντι
402 2718 568 2787 δῆλος
601 2714 690 2789 ἦν.
718 2720 984 2788 Ζωσιμᾱς
1015 2718 1061 2772 δ’
1087 2719 1284 2791 ἐκείνῳ
1315 2721 1408 2773 τὸν
1441 2722 1644 2791 φόρτον
1674 2724 1809 2776 ἀνα-

232 2804 336 2868 θεὶς
387 2808 751 2878 ἐπωμάδιον,
783 2809 915 2882 ἄχρι
964 2810 1030 2878 δὴ
1075 2811 1170 2864 καὶ
1230 2811 1313 2875 είς
1365 2810 1464 2884 τὴν
1520 2811 1804 2882 Καίσαρος

228 2898 452 2971 ἢγαγεν·
519 2902 800 2973 ἐμφαίνων
830 2904 905 2968 ὡς
927 2905 1109 2959 πάντα
1135 2905 1392 2976 πειθήνια
1421 2906 1499 2977 τῷ
1534 2906 1810 2981 ἀνθρώπῳ

222 2992 566 3057 καθίσταται,
590 2997 854 3069 ᾑρημένῳ
884 2999 1026 3053 κατὰ
1070 2997 1203 3051 Θεὸν
1236 2997 1358 3069 ζῇν,
1389 3001 1485 3056 καὶ
1534 3000 1805 3066 ἀπλανεῖς

221 3089 338 3152 τοὺς
386 3089 725 3159 δεδομένους
775 3091 987 3147 ἄνωθεν
1034 3092 1403 3164 χαρακτῆρας
1457 3092 1808 3166 διατηροῦντι

218 3180 484 3252 καθάπερ
514 3183 685 3238 παλαι
717 3185 797 3256 τῷ
832 3187 1083 3259 γενάρχῃ
1107 3185 1308 3259 ⁹Δδάμ.

1923 588 2043 626 mos
2068 585 2213 639 erat,
2254 591 2352 644 pro
2391 592 2456 632 eo
2486 587 2651 647 atque
2687 582 2770 633 fas
2803 590 2927 635 erat
2958 581 3191 637 seorsim
3239 597 3367 637 cum
3404 583 3521 637 Deo

1921 662 2168 732 colloqui
2234 666 2430 721 currit.
2468 668 2648 737 Atque
2689 670 2852 738 paulo
2879 680 3003 743 post
3062 673 3192 729 inde
3235 689 3517 740 egressus.

1920 758 2094 812 veluti
2159 759 2319 814 hctus
2378 772 2435 815 et
2491 761 2821 833 exsultans.
2872 764 3031 820 vultu
3090 766 3405 822 subridenti
3464 779 3520 822 et

1922 850 2083 906 hilari
2118 868 2132 906 :
2164 853 2262 906 Alii
2291 852 2377 920 (ad
2417 852 2756 908 Arcesilaum
2785 854 3016 926 inquit),
3050 858 3162 921 abi,
3201 858 3520 914 Cliozebita:

1919 946 2097 1016 gratia
2140 946 2268 1002 data
2315 958 2419 1010 est,
2471 956 2522 1002 ct
2576 950 2842 1003 uxorcula
2905 962 2996 1006 tua
3042 954 3220 1008 modis
3257 955 3518 1008 omnibus

1920 1038 2109 1092 valet:
2139 1039 2285 1109 quod
2321 1055 2671 1110 nequaquam
2705 1041 2904 1097 obesse
2958 1043 3062 1109 illi,
3098 1055 3326 1114 propter
3369 1044 3516 1101 Clio-

1923 1127 2119 1182 zebitre
2161 1131 2538 1199 prmsentiam,
2566 1147 2731 1187 casus
2762 1131 2997 1187 acerbus
3028 1135 3291 1202 potuerit.
3330 1136 3517 1205 Neqre

1922 1221 1976 1276 id
2010 1221 2212 1278 falsum
2246 1223 2386 1291 fuit;
2420 1240 2544 1279 nam
2569 1226 2765 1281 eadem
2794 1227 2850 1281 iu
2883 1240 2943 1281 re
2983 1237 3218 1297 uterque
3267 1229 3518 1284 miracu—

1919 1314 2034 1369 lum
2064 1315 2271 1385 pariter
2295 1316 2487 1372 edidit.
2516 1317 2726 1373 Novum
2763 1329 3027 1389 praeterea
3050 1320 3320 1377 Joannem
3347 1324 3516 1378 ismm

1922 1404 2204 1473 peregisse
2243 1408 2367 1461 vita:
2415 1423 2590 1477 genus
2640 1409 2847 1475 ferunt,
2909 1412 2980 1465 ita
3033 1423 3092 1466 ut
3152 1414 3516 1470 cuuiculatim

1922 1506 2163 1550 meatum
2194 1498 2490 1566 quemdam
2526 1511 2840 1557 tortuosum
2874 1505 2979 1558 sub
3023 1515 3165 1561 terra
3204 1505 3462 1561 ell‘oderit
3499 1524 3520 1562 :

1924 1588 2114 1659 ibique
2164 1593 2387 1647 turbam
2443 1595 2791 1664 frequentem
2872 1612 3171 1671 aversatus,
3257 1602 3514 1669 quietem

1921 1693 2275 1740 censectatus
2302 1686 2395 1741 sit.
2448 1686 2525 1741 De.
2581 1687 2801 1744 Zosima
2858 1700 3042 1746 autem
3095 1693 3228 1748 illud
3292 1710 3516 1765 quoque

1927 1778 2210 1832 memoria:
2243 1780 2525 1850 proditum
2561 1792 2667 1837 est.
2695 1782 2812 1839 ibat
2845 1785 2930 1839 vir
2955 1797 3181 1842 sanctus
3213 1788 3516 1859 aliquando

1923 1867 2264 1939 Cmsarcam,
2299 1873 2531 1928 asellum
2558 1891 2749 1930 secum
2782 1877 3009 1933 trahens
3042 1897 3056 1932 :
3090 1874 3181 1935 cui
3219 1896 3307 1937 res
3346 1897 3514 1953 quas-

1917 1961 2043 2017 dam
2072 1967 2423 2023 necessarias
2448 1970 2708 2038 gestanti,
2744 1972 2931 2028 subito
2958 1973 3160 2028 institit
3197 1976 3301 2030 leo.
3331 1977 3514 2045 Atque

1917 2055 1966 2110 is
1986 2056 2242 2128 jumento
2273 2068 2455 2131 rapto,
2486 2063 2723 2134 aufugit.
2764 2067 3111 2122 Censeculus
3137 2078 3324 2122 autem
3379 2085 3508 2123 eum

1918 2164 2019 2221 per
2054 2153 2263 2224 sylvam
2292 2164 2380 2210 est
2409 2157 2661 2212 tardiore
2687 2157 2861 2229 gradu
2892 2174 3081 2215 senex.
3129 2158 3260 2223 Leo,
3301 2163 3509 2230 quoad.

1917 2260 2094 2316 usque
2125 2245 2192 2301 ad
2240 2263 2370 2302 eum
2422 2248 2674 2306 Zosimas
2726 2253 3000 2321 pervenit,
3058 2253 3198 2310 asini
3251 2255 3513 2309 carnibus

1917 2339 2128 2396 interea
2151 2343 2472 2406 exsatiatus,
2506 2344 2795 2400 discedere
2826 2347 2896 2401 ab
2950 2362 3018 2402 eo
3052 2348 3303 2417 parabat.
3340 2349 3514 2403 Porro

1917 2433 2175 2491 Zosimas
2201 2436 2375 2493 hianti
2425 2454 2520 2494 ore
2576 2439 2810 2495 hilarius
2859 2441 3075 2497 leonem
3141 2443 3445 2513 inSpicieus
3496 2463 3511 2500 :

1922 2528 2089 2601 738
2123 2529 2316 2602 Atqui,
2353 2531 2560 2603 inquit,
2589 2550 2623 2589 o
2649 2534 2847 2600 amice,
2880 2537 3016 2590 mihi
3046 2552 3109 2591 ea
3152 2537 3236 2591 vis
3262 2553 3372 2591 non
3401 2549 3510 2601 est,

1918 2636 1977 2679 ut
2006 2626 2252 2681 humeris
2281 2627 2420 2683 asini
2460 2628 2698 2684 clitellas
2748 2638 2971 2700 portare
3024 2629 3260 2695 valeam,
3309 2630 3404 2700 qui
3436 2618 3513 2684 ’νυ

1914 2720 2094 2774 {etatis
2124 2721 2500 2790 pervenerim,
2535 2731 2593 2776 et
2640 2731 2886 2793 egestate
2940 2723 3333 2778 emarcuerim.
3368 2724 3462 2778 Sul
3485 2752 3511 2763 -

1915 2811 2165 2868 eundum
2200 2813 2371 2881 igitur
2393 2814 2493 2869 tibi
2520 2829 2663 2870 onus
2686 2823 2791 2880 est,
2819 2825 2877 2869 et
2900 2827 3113 2869 natura:
3145 2815 3510 2886 prterogatita

1917 2906 2148 2976 rejecta,
2188 2914 2383 2962 contra
2412 2921 2579 2976 quam
2625 2915 2847 2977 recepta
2884 2907 3010 2978 jura
3052 2906 3261 2974 ferunt,
3302 2907 3510 2961 facien-

1917 3000 2074 3065 dum,
2106 2998 2384 3070 siquidem
2420 2999 2649 3054 liberari
2688 3014 2718 3053 a
2755 3015 2842 3054 me
2877 3010 2933 3055 et
2966 2999 3082 3055 fera
3117 2998 3359 3068 amplius
3388 3014 3512 3053 esse

1916 3095 2020 3147 vis.
2058 3093 2137 3148 lbi
2168 3101 2281 3147 tum
2324 3093 2432 3152 leo.
2482 3091 2717 3163 perinde
2775 3102 2961 3163 atque'
3001 3094 3171 3147 semel
3234 3092 3511 3147 feritatem

1839 3187 1884 3247 (Ζ
1919 3187 2235 3260 abiecisset,
2299 3186 2507 3242 sensim
2570 3185 2637 3241 ad
2698 3184 2976 3241 Zosimam
3039 3187 3279 3252 accedit,
3331 3185 3510 3240 cauda

216 3277 504 3335 hominem
536 3282 837 3354 distringit,
880 3294 935 3339 et
1010 3286 1065 3339 iu
1141 3284 1311 3341 rebus
1364 3287 1630 3345 omnibus
1678 3302 1737 3345 se
1798 3277 2237 3360 illi'pariturum
2277 3283 2545 3341 ostendit.
2591 3282 2771 3341 Senex
2804 3290 2990 3338 autem
3025 3283 3277 3340 Zosimas
3333 3283 3514 3344 impo-

212 3374 309 3430 sito
339 3374 607 3431 humeris
648 3378 827 3434 leonis
876 3380 1044 3445 fasce,
1091 3379 1397 3438 Caesaream
1454 3397 1632 3455 usque
1673 3400 1801 3438 eum
1880 3384 2041 3439 duxit
2099 3401 2115 3438 :

2179 3378 2316 3438 satis
2373 3388 2563 3451 aperte
2640 3379 2964 3446 declarans,
3024 3377 3211 3433 omnia
3280 3377 3512 3433 obedire

217 3472 410 3529 homini
440 3474 535 3540 ei,
564 3475 656 3541 qui
688 3489 753 3529 ex
780 3478 1102 3547 praescripto
1134 3477 1231 3532 Dei
1259 3478 1426 3532 vitam
1463 3478 1572 3534 sibi
1628 3478 1941 3552 degendam
2005 3476 2288 3543 Statuerit,
2351 3481 2785 3546 constanterque
2816 3474 2927 3530 sibi
2999 3473 3183 3528 datam
3229 3474 3366 3531 olim
3399 3490 3512 3530 non

212 3567 360 3625 aliter
418 3578 606 3638 anue
676 3568 897 3670 generis
945 3570 1185 3643 principi
1240 3572 1453 3630 Adamo
1504 3575 1802 3646 imaginem
1846 3591 1911 3632 ac
1944 3575 2174 3647 figuram
2207 3574 2416 3644 absque
2456 3570 2569 3628 ullo
2593 3586 2786 3628 errore
2817 3568 3250 3627 conservaverit.

801 3709 1056 3767 ΚΕΦΔΛ.
1104 3709 1184 3768 E'.

224 3825 345 3895 Περὶ
372 3824 506 3892 τοῦ⁴
539 3824 741 3880 ἄλλον
799 3824 975 3893 ἁγίου
1008 3822 1275 3896 Ζῳσιμᾶ,
1321 3824 1427 3896 καί
1479 3824 1591 3896 τῆς
1627 3830 1810 3896 Αίγυο

279 3893 455 4020 ῗτίᾳς
490 3897 734 3965 Μαρίας
763 3898 864 3950 καὶ
922 3893 1231 3965 Θεοδώρας
1271 3893 1383 3965 τῆς
1410 3896 1483 3951 ἐν
1524 3893 1807 3966 ’Ἀλεξαν-

305 3984 464 4037 peto.

285 4085 387 4141 Kal.
414 4087 620 4157 ἔτερος
655 4084 714 4139 δὲ
743 4085 1008 4155 Ζωσιμᾶς
1035 4083 1347 4157 τηνικαῦτα
1392 4086 1712 4169 διέπρεπεν,
1739 4088 1803 4144 οὐ

219 4177 301 4230 τὶν
335 4179 618 4247 μόναυλον
669 4177 876 4246 μετιὼν
918 4175 1062 4247 βίον,
1092 4176 1212 4231 ἀλλ’
1251 4176 1310 4231 ἐν
1356 4196 1469 4233 τινι
1510 4179 1621 4234 τῶν
1662 4181 1811 4235 κατὰ

224 4271 589 4343 Παλαιστίνην
658 4269 1043 4339 μοναστηρίων
1092 4271 1183 4324 τὸν
1234 4272 1584 4328 κοινοϐιακὸν
1642 4270 1808 4329 ἆθλον

216 4365 406 4418 ἀνύων·
444 4365 510 4418 ὃν
558 4379 698 4432 φασι
730 4363 827 4416 καὶ
858 4364 927 4434 τῇ
954 4363 1237 4436 Αἰγυπτίᾳ
1268 4363 1336 4418 τὰ
1381 4363 1624 4435 μυστικὰ
1657 4365 1809 4419 τελέ-

157 4500 167 4508 .
219 4472 299 4510 σαι
345 4454 633 4532 ἱερωσύνῃ
671 4455 921 4521 συζῶντα
947 4472 964 4488 ο
1003 4457 1311 4525 Αἰγυπτίαν
1360 4456 1597 4528 ἐκείνην,
1622 4456 1691 4529 ἢν
1719 4476 1809 4513 το-

2533 3710 2761 3771 CAPUT
2804 3711 2869 3768 V.

1916 3827 1993 3884 De
2027 3837 2203 3885 altera
2234 3838 2422 3902 sancto
2458 3827 2809 3902 Ζοείηιαιίῦε
2850 3825 3032 3902 Μανία
3089 3827 3415 3902 Egyptian:
3462 3840 3520 3885 et

2348 3900 2620 3956 Theodom
2659 3901 3056 3956 Alexandrina.

1983 4081 2141 4139 Alter
2168 4097 2305 4138 vero
2334 4091 2452 4137 tum
2483 4096 2704 4152 quoque
2731 4081 2934 4136 enituit
2965 4078 3242 4147 Zosimas,
3273 4095 3383 4136 non
3418 4080 3519 4136 ille

1913 4176 2141 4248 quidem
2190 4177 2500 4232 solitariam
2538 4177 2747 4248 degens
2784 4178 2974 4241 vitam,
3016 4176 3114 4231 sed
3165 4193 3220 4232 ιη
3265 4177 3516 4249 quodam

1912 4269 2220 4326 Palaestinae
2256 4269 2515 4325 coenobio
2549 4269 2695 4324 inter
2729 4271 3031 4326 monachos
3060 4285 3358 4327 Commune
3389 4288 3507 4328 eer-

1915 4374 2103 4421 tamen
2148 4379 2516 4436 persequens.
2552 4362 2728 4432 Quem
2776 4366 3093 4421 sacerdOtio
3149 4365 3507 4438 fungentem.

1913 4472 2030 4513 rem
2073 4457 2321 4513 divinam
2365 4473 2698 4515 arcanorum
2746 4459 3136 4532 mysteriorum
3178 4458 3512 4532 Egyptiaca:

220 4550 395 4606 σοῦτον
438 4554 513 4624 τῇ
581 4551 681 4620 τῆς
742 4548 947 4620 σαρκὸς
1012 4548 1174 4621 ἡδονῇ
1229 4549 1692 4622 καθηδυπαθῆσαι
1744 4552 1812 4606 τὰ

1918 4550 1996 4607 illi
2051 4551 2251 4609 fecisse
2301 4552 2482 4617 aiunt,
2538 4553 2640 4619 illi,
2687 4555 2935 4626 inquam,
2982 4552 3341 4627 Egyptiacai,
3386 4571 3512 4626 quae

221 4645 401 4715 πρῶτα
432 4644 637 4717 φασὶν,
662 4643 739 4708 ὡς
805 4644 975 4714 μηδὲν
1007 4643 1375 4697 ἐλλελοιπέναι
1401 4645 1504 4713 τῆς
1536 4646 1804 4716 σαρκικῆς

219 4738 422 4809 ’ὕϐρεως
486 4740 804 4810 ἄπρακτον,
860 4740 915 4802 ἐς
972 4737 1131 4791 τόσον
1176 4737 1220 4791 δ’
1268 4738 1580 4810 ὑπερϐολῆς
1611 4739 1806 4793 ἐλάσαι

218 4838 399 4901 κακον,
426 4835 502 4898 ὡς
542 4833 683 4904 μηδὲ
728 4833 871 4902 λόγῳ
930 4833 1200 4904 παριστᾷν
1230 4832 1372 4902 ἔχειν
1401 4832 1690 4887 δύνασθαι·
1715 4834 1808 4886 ἐπὶ

216 4928 364 4980 τόσον
403 4929 450 4981 δ’
490 4926 659 4991 αὖθις
708 4927 972 5000 ἀναὸἦναι
1002 4926 1200 4988 καλοῦ,
1246 4924 1322 4989 ὡς
1370 4926 1635 4999 ἑκάτερον
1675 4927 1805 4998 παρ’

217 5016 460 5088 ἑκατέρῳ
533 5017 687 5087 ἔχειν
746 5017 1144 5090 γνωρίζεσθαι.
1219 5017 1544 5084 Ἀλϊόπως
1601 5021 1701 5091 μὲν
1748 5020 1807 5086 ἐξ

215 5110 488 5178 Αἰγύπτου
525 5113 906 5182 γεγεννημένη
941 5109 1039 5182 οἵῳ
1081 5111 1180 5183 βίῳ
1219 5112 1524 5184 ἐχρήσατο,
1576 5112 1807 5177 πολλοὺς

214 5201 429 5272 τῷ.τὴς
475 5203 782 5265 ἀκολασίας
820 5204 1036 5274 ἀπείρῳ
1061 5203 1549 5274 ἀνδραποδίσασαο
1590 5206 1689 5258 καὶ
1729 5205 1806 5271 ὡς

222 5297 310 5349 ἐπὶ
342 5296 744 5368 προσκυνήσει
800 5297 893 5350 τοῦ
949 5298 1096 5351 θείου
1133 5298 1293 5366 ξύλου
1331 5299 1488 5353 ίοῦσα
1515 5300 1808 5372 δυναστείᾳ.

218 5387 332 5463 θείᾳ
367 5389 645 5445 ἐλαύνετο
670 5406 683 5422 ⁸
719 5390 815 5443 καὶ
845 5390 918 5453 ὡς
948 5392 1160 5445 ἐκεῖθεν
1194 5393 1455 5462 ἀπάρασκ
1488 5396 1583 5471 καςι
1608 5393 1669 5446 τι
1698 5395 1809 5464 ῥεῖ-

218 5476 338 5556 θρον
361 5486 654 5558 Ἰορδάνου
678 5485 856 5557 διὲὄη,
881 5486 975 5541 καὶ
1009 5487 1144 5558 πρὸς
1166 5494 1263 5557 τὴν
1289 5488 1569 5557 ἐσωτέραν
1599 5488 1807 5560 ἔρημον

218 5572 332 5652 ἧκε,
366 5580 577 5649 μηδενὶ
619 5579 922 5650 ἀνθρώπων
950 5580 1431 5652 προσομιλήσασα,
1464 5583 1513 5633 εἰ
1550 5583 1625 5653 μὴ
1662 5583 1808 5655 μόνῳ

221 5673 279 5741 δὴ
294 5675 475 5744 τούτῳ
504 5673 593 5745 τῷ
626 5674 869 5745 Ζωσιμᾷ,
895 5676 1082 5738 ἄσιτος
1108 5677 1201 5729 καὶ
1228 5678 1435 5745 ῥακίων
1454 5677 1721 5740 ἐκτόςοέτι
1748 5694 1808 5731 τε

221 5763 358 5829 ὅπως
386 5764 637 5837 Ζωσιμᾷ
657 5765 846 5838 τουτῳῒ
869 5768 1279 5840 προσωμίλησε,
1316 5770 1594 5839 μετέωρος
1620 5770 1686 5841 τῇ
1714 5769 1809 5823 εὐ-

226 5859 290 5927 χῇ
318 5860 600 5931 γενομένη
628 5872 645 5889 ·
672 5860 762 5914 καὶ
804 5859 878 5925 ὡς
936 5860 1027 5915 τὸν
1074 5860 1189 5933 βίον
1242 5861 1534 5931 κατέληξε,
1574 5862 1670 5916 καὶ
1703 5867 1808 5936 τῆς

1919 4655 2214 4716 tantopere
2251 4647 2490 4716 primum
2515 4648 2700 4703 carnis
2727 4648 3009 4719 voluptate
3040 4648 3348 4704 dillluxisse
3376 4647 3513 4703 diei-

1918 4747 2034 4804 tur,
2073 4749 2135 4795 ut
2178 4740 2317 4794 nihil
2359 4756 2593 4812 prorsus
2632 4742 2871 4798 carnalis
2904 4742 3225 4813 petulantiae
3272 4741 3513 4797 intenta-

1918 4842 2035 4888 tum
2072 4833 2363 4904 reliquerit
2390 4853 2404 4890 :
2437 4850 2617 4906 eoque
2647 4835 2862 4892 vitiosae
2890 4836 3139 4892 libidinis
3171 4833 3512 4905 pervenerit,

1918 4937 1980 4983 ut
2010 4945 2131 4984 eam
2164 4930 2352 4986 verbis
2379 4929 2566 5001 eloqui
2605 4945 2770 4985 nemo
2802 4931 2997 5001 possit.
3035 4930 3244 4985 Deinde
3276 4945 3409 4985 vero
3444 4930 3511 4982 ad

1916 5038 2189 5079 summam
2239 5023 2507 5079 virtutem
2546 5023 2620 5079 ita
2655 5024 2934 5085 evasisse,
2975 5034 3037 5078 ut
3075 5025 3251 5079 altera
3309 5025 3381 5078 ab
3430 5023 3505 5076 al-

1919 5125 2035 5173 tera
2091 5117 2492 5173 illustraretur.
2546 5116 2656 5172 Sed
2705 5117 2852 5172 enim
2910 5128 2969 5172 ut
3028 5117 3121 5172 illa
3173 5118 3227 5170 in
3273 5115 3513 5188 IEgyp'o

1919 5223 2209 5283 prognata,
2249 5221 2308 5268 et
2350 5212 2496 5282 quod
2550 5213 2679 5268 vitae
2731 5227 2939 5283 genere
2986 5228 3110 5273 usa.
3146 5213 3352 5268 multos
3385 5212 3513 5267 libi-

1916 5305 2065 5362 dinis
2107 5307 2493 5378 magnitudine
2527 5308 2581 5361 in
2625 5317 2953 5380 potestatem
3001 5318 3158 5361 suam
3203 5318 3306 5361 ceu
3355 5320 3517 5360 man-

1916 5400 2060 5470 cipia
2131 5402 2408 5473 redegerit

1917 5502 2169 5549 sanctum
2232 5494 2447 5566 lignum
2510 5492 2887 5550 venerandum
2947 5492 3169 5558 excita,
3236 5492 3291 5546 in
3364 5491 3512 5546 viam

1916 5602 1978 5644 se
2030 5587 2287 5651 dederit,
2340 5599 2509 5659 atque
2559 5588 2687 5644 inde
2738 5588 3024 5644 divertens
3070 5586 3329 5643 Iordanis
3375 5601 3517 5656 quo-

1916 5698 2024 5753 que
2081 5683 2287 5740 flumen
2346 5683 2663 5747 transierit.
2717 5693 2775 5739 et
2824 5683 2879 5739 in
2936 5681 3262 5738 interiorem
3319 5678 3515 5737 solitu-

1918 5772 2106 5829 dinem
2158 5790 2218 5830 se
2263 5774 2564 5841 abdiderit,
2600 5790 2787 5846 neque
2821 5791 2947 5830 cum
2990 5774 3251 5847 quopiam
3287 5774 3516 5830 homine

1918 5879 2287 5941 praeterquam
2340 5883 2455 5923 uno
2496 5868 2605 5925 isto
2642 5867 2861 5925 Zosima
2910 5866 3186 5926 collocuta
3229 5868 3322 5936 sit,
3360 5870 3515 5926 cibo-

2460 5412 2476 5456 :
2523 5410 2581 5456 et
2633 5410 2693 5456 ut
2742 5400 2933 5456 divino
2989 5410 3131 5456 nutu
3188 5398 3257 5454 ad
3321 5413 3513 5453 sacro-
3578 5438 3590 5445 .
