4046 6474
240 397 325 459 ‘2."3

239 515 340 565 τίκα
376 503 435 561 τὸ
488 500 836 574 προσωπεῖον
893 498 988 552 καὶ
1019 494 1119 567 τὴν
1173 493 1382 565 σκηνὴν
1408 490 1770 561 ἀποθέμενος,
1805 496 1849 551 Α

234 603 370 673 ὁμόσε
397 599 508 662 τοῖς
535 594 774 666 Χριστοῦ
804 591 1100 663 προόάτοις
1151 591 1181 644 6
1207 585 1616 683 Haec-Exiti-p-u.
1667 583 1779 683 Καὶ

236 695 336 750 ἐπεὶ
371 686 721 764 μεταπείθειν
775 680 1075 753 ἐπιχειρῶν
1132 675 1472 748 ἀποσχέσθαι
1507 675 1775 746 Χριστοῦ,

233 786 312 841 τοῦ
365 780 565 838 σκοποῦ
618 776 977 849 διημάρτανε,
1028 770 1154 831 τοὺς
1203 770 1303 841 μὶν
1352 766 1521 845 ξίφει,
1564 767 1692 828 τοὺς
1720 764 1781 818 δὲ

222 877 356 947 ’πυρὶ
399 873 490 929 καὶ
535 869 727 932 άλλαις
782 866 1062 938 βασάνοις,
1094 861 1457 933 δλοκαύτωμα
1494 860 1595 933 τὴν
1622 858 1780 913 πάλιν

241 971 397 1023 πᾶσαν
420 962 663 1035 προσῆγε
688 957 811 1029 Θεῷ
829 974 843 989 ·
883 958 944 1012 ιν
976 952 1060 1021 οἷς
1087 953 1320 1027 ’Δρέθας
1347 955 1377 1007 6
1398 951 1782 1021 γενναιότατος

237 1062 314 1114 τὸν
350 1055 680 1128 μαρτυρικδν
708 1049 1005 1120 ἀνεδήσατο
1035 1046 1327 1117 στέφανον.
1358 1044 1698 1117 Ἀνδρίςεται
1737 1041 1783 1096 δ’

234 1150 441 1209 ἐνταῦθα
473 1149 570 1204 καὶ
597 1147 758 1213 ἄλλος
786 1147 911 1209 παῖς
962 1146 1096 1216 μιᾶς
1143 1142 1253 1197 τῶν
1285 1141 1393 1197 ὕπὸ
1426 1141 1610 1207 πυράν
1637 1140 1785 1194 άπα-

235 1238 774 1315 γομένωνγῦναικῶν.
807 1236 1012 1292 Τοῦτον
1059 1235 1171 1307 γάρ
1200 1233 1394 1305 νήπιον
1437 1232 1572 1287 εντα
1598 1248 1784 1301 παρα-

236 1329 455 1400 κατέχων
477 1328 507 1380 6
540 1325 823 1396 τύραννος,
843 1323 1102 1395 ἀποσπᾷν
1135 1322 1421 1391 ἐπειρᾶτο,
1456 1319 1657 1374 σαίνων
1690 1320 1788 1373 καὶ

241 1421 335 1474 πᾶν
353 1418 401 1473 εί
417 1434 471 1471 τι
499 1415 685 1486 θέλγον
711 1412 909 1484 νηπίου
936 1413 1115 1485 ψυχὴν
1138 1414 1487 1483 προϊέμενος.
1514 1410 1587 1465 Τὸ
1610 1411 1668 1465 δὲ
1687 1410 1788 1482 τὴν

240 1510 423 1581 μητέρα
453 1508 617 1578 ὁρῶν,
650 1507 788 1577 πρὸς
815 1505 985 1576 αὐτὴν
1013 1504 1267 1576 ἐκτρέχει
1305 1502 1449 1558 κατά
1478 1502 1575 1557 τοῦ
1609 1503 1788 1575 μηροῦ

238 1603 314 1656 τδν
338 1601 589 1673 τύραννον
622 1597 846 1654 ὲνδακόν
864 1615 881 1632 ο
908 1598 1003 1651 καὶ
1037 1595 1182 1651 οὕτω
1214 1598 1312 1650 σὺν
1337 1598 1402 1668 τῇ
1436 1595 1609 1668 μητρὶ
1638 1595 1791 1667 θῦμα

240 1694 411 1757 εὐῶδες
461 1690 886 1763 κεκαλλιέρηται
940 1687 1018 1760 τῷ
1058 1687 1203 1758 Θεῷ.
1248 1686 1450 1759 mm;
1503 1687 1604 1757 μὲν
1635 1688 1793 1751 πόλις

244 1786 363 1841 οὕτω
385 1791 476 1840 καὶ
503 1785 641 1857 πυρὶ
667 1786 761 1838 καὶ
793 1783 937 1853 ξίφει
957 1781 1170 1854 ἀνήχθη
1210 1782 1362 1852 Θεῷ·
1395 1783 1493 1855 ὅλη
1519 1781 1662 1852 καλὴ
1696 1782 1794 1836 καὶ⁸

1120 374 1725 441 EClLESIASTIC/E
1760 368 2156 434 HISTORIA!
2196 368 2339 433 LIB.
2383 365 2573 428 XVII.

3360 364 3464 428 ΞΜ

1880 500 1942 543 se
1989 483 2123 540 mali
2170 490 2268 538 aut
2315 481 2710 553 cogitaturum,
2744 486 2841 533 aut
2875 477 3170 535 facturum.
3212 478 3295 536 llli
3333 496 3458 538 νον(

1878 585 2014 631 sunt
2052 573 2291 630 assensi.
2341 572 2412 627 At
2450 571 2543 626 ubi
2587 580 2857 644 tyrannus
2901 571 3047 626 intra
3081 587 3272 628 muros
3303 588 3467 631 acce-
3517 574 3532 590 '

1884 678 2015 740 ptus
2055 675 2165 733 est,
2203 680 2314 722 non
2364 664 2463 720 diu
2517 675 2789 729 moratus.
2828 680 3068 735 persona
3118 675 3191 731 et,
3222 667 3470 739 figmenti

1885 775 2052 817 scena
2098 759 2303 829 posita,
2343 772 2471 813 cum
2507 754 2716 813 Christi
2765 757 2967 814 ovibus
3011 759 3181 828 lupus
3212 769 3298 815 est
3334 774 3473 815 con-

1886 868 2132 925 gressus.
2172 852 2241 907 Et
2287 860 2576 922 postquam
2625 851 2934 921 periculum
2982 853 3134 908 cives
3176 867 3204 907 a
3245 852 3473 909 Christo

1886 944 2177 1000 avertendi
2209 942 2365 1010 fecit,
2401 951 2568 1013 atque
2607 957 2636 997 a
2673 957 2840 1012 scopo
2871 944 3094 998 consilii
3126 946 3213 999 sui
3244 945 3475 1000 aberra-

1886 1038 1988 1102 vit,
2037 1036 2178 1092 alios
2216 1036 2437 1092 tandem
2488 1039 2656 1098 ferro.
2693 1035 2833 1092 alios
2882 1046 3068 1093 autem
3118 1039 3230 1109 igni
3270 1049 3327 1096 et
3364 1049 3479 1095 tor-

1888 1129 2092 1184 mentis
2132 1128 2328 1196 variis,
2364 1127 2651 1184 civitatem
2692 1128 2956 1185 videlicet
3003 1131 3323 1186 universam
3374 1131 3480 1188 ho-

1886 1219 2202 1274 locaustum
2255 1219 2369 1274 Deo
2406 1218 2631 1273 obtulit.
2668 1218 2822 1273 Inter
2866 1232 3010 1290 quos
3048 1220 3284 1276 Arethas
3316 1236 3481 1292 gene-

1893 1310 2214 1367 rosissimus
2272 1311 2527 1384 martyrii
2585 1311 2801 1381 recepit
2847 1326 3135 1367 coronam.
3185 1312 3479 1385 Egregium

1887 1419 2120 1476 quoque
2151 1404 2228 1460 ibi
2259 1405 2441 1461 virilis
2463 1405 2637 1460 animi
2667 1406 2948 1476 specimen
2980 1406 3159 1461 edidit
3189 1407 3332 1462 alius
3358 1408 3485 1479 qui-

1894 1496 2051 1564 dam,
2085 1482 2430 1553 mulierculae
2454 1498 2643 1560 unius,
2675 1513 2741 1553 ex
2786 1499 2873 1554 eis
2904 1514 3027 1569 qua‘
3061 1500 3127 1554 ad
3165 1515 3359 1572 pyram
3395 1517 3486 1557 ac-‘

1893 1604 2119 1647 censum
2156 1590 2539 1660 rapiebantur,
2575 1591 2744 1646 illius.
2788 1591 2946 1647 lianc
2976 1592 3182 1648 etenim
3231 1604 3486 1650 tenerum

1894 1682 2101 1748 adhuc,
2141 1691 2408 1754 tyrannus
2443 1683 2712 1749 retinens,
2753 1683 3066 1740 distrahere
3109 1700 3138 1740 a
3182 1683 3359 1742 matre
3393 1703 3487 1744 co-

1896 1771 2160 1836 nabatur,
2189 1771 2518 1828 demulcens
2548 1773 2728 1839 illum,
2756 1782 2810 1828 et
2839 1774 3109 1846 quidquid
3139 1775 3208 1831 ad
3236 1778 3488 1833 animum

243 1874 424 1950 οἷάπερ
447 1879 676 1949 ἄμωμος
692 1876 879 1946 νύμφη
902 1874 981 1946 τῷ
1005 1875 1263 1945 ἀθανάτῳ
1284 1874 1532 1947 συνῆφθη
1554 1874 1794 1944 νυμφίῳ.

1906 1865 2305 1921 adolescentuli
2354 1865 2712 1921 alliciendum
2764 1867 3010 1936 faceret,
3062 1868 3354 1939 objiciens.
3408 1872 3488 1928 lbi

247 1974 311 2026 Οὐ
340 1972 433 2042 μὴν
459 1971 504 2024 δ’
526 1969 695 2032 οὕτως
722 1968 900 2040 ἠπίως
925 1968 1072 2037 μάλα
1096 1968 1157 2022 τὸ
1188 1963 1334 2038 αἷμα
1360 1966 1586 2022 ἐκείνων
1615 1983 1792 2038 προσ-ο

245 2066 491 2137 ηκάμενος
518 2066 547 2117 6
575 2062 682 2116 τῶν
740 2062 879 2116 ὅλων
923 2061 1075 2127 Θεὸς,
1115 2061 1376 2132 ἠνέσχετο
1407 2061 1482 2131 μὴ
1519 2061 1612 2114 καὶ
1637 2051 1796 2129 δίκην

248 2159 386 2224 ἀξίαν
407 2157 588 2212 λαϐεῖν
604 2155 704 2227 τῆς
726 2154 943 2209 ἀνοσίου
963 2153 1440 2234 δραματουργίας.
1462 2153 1608 2208 Ἀλλ’
1636 2155 1666 2208 6
1696 2154 1796 2226 μὲν

252 2248 491 2314 Δουναὰν,
523 2248 616 2319 τὴν
642 2247 800 2301 πόλιν
851 2245 1012 2315 ἑλὼν,
1047 2247 1206 2301 ἔλαθε
1263 2248 1359 2301 καὶ
1393 2247 1546 2303 ἄκων
1578 2247 1797 2318 ἐκείνην

261 2341 599 2412 παραπέμψας
622 2343 688 2412 τῇ
731 2339 989 2412 ἀθανάτῳ
1022 2339 1137 2412 ζωῇ
1160 2356 1174 2371 ο
1227 2339 1422 2394 ἑαυτὸν
1468 2339 1526 2394 δὲ
1571 2342 1665 2393 καί⁸
1695 2341 1795 2409 τῆς

256 2434 565 2504 προσκαίρου
592 2433 712 2504 μετ’
738 2432 1002 2505 αἰσχύνης
1031 2432 1372 2500 ἀπαλλάξας,
1405 2433 1500 2487 καὶ
1527 2434 1642 2496 τοῖς
1663 2433 1799 2487 ἀθα-

248 2526 411 2588 νάτοις
442 2526 814 2598 κολαστηρίοις
844 2523 1225 2597 παραπέμψας
1254 2524 1476 2589 ἀθλίως.
1495 2523 1652 2579 Ἐπεὶ
1687 2527 1798 2599 γὰρ

252 2618 513 2685 ’1ουστί’νο‹⁵
534 2620 709 2676 ταῦτα
740 2623 983 2689 πύθοιτο,
1014 2623 1114 2677 ὅσα
1144 2639 1206 2676 τε
1239 2623 1268 2677 6
1310 2621 1614 2693 Ὀμηρίτης
1655 2623 1801 2678 κατά

238 2717 326 2786 τῆς
370 2714 578 2778 πόλεως
623 2715 976 2786 ἐτεχνάσατο,
1033 2716 1132 2769 καὶ
1161 2716 1262 2769 ὅσα
1292 2714 1436 2771 κατὰ
1481 2717 1593 2770 τῶν
1622 2715 1801 2787 άγίων

235 2806 394 2879 ᾤχετο
421 2808 645 2878 δράσας,
670 2807 876 2879 σφόδρα
894 2807 1216 2881 χαλεπήνας
1233 2811 1345 2874 τοῖς
1363 2809 1796 2880 πεπραγμένοις,

228 2900 400 2971 θυμοῦ
427 2901 786 2972 πίμπλαται·
819 2903 911 2955 καί¹
940 2901 1236 2956 Ἐλεσθαάν
1279 2902 1355 2972 τῷ
1381 2901 1492 2957 τῶν
1520 2902 1799 2957 Αἰθιόπων

233 2994 510 3066 ἡγουμένῳ
533 2994 604 3049 τὰ
622 2994 962 3065 Χριστιανῶν
997 2996 1144 3066 μάλα
1173 2994 1536 3066 πρεσϐεύοντι
1572 2996 1797 3067 γράφει,

230 3087 359 3157 πρὸς
386 3088 602 3143 ἔνδικον
631 3088 791 3157 ζῆλον
809 3088 1125 3160 διερεθίζων
1146 3086 1242 3142 τοῦ
1274 3089 1536 3159 ὲπιόρκου
1560 3088 1656 3142 καὶ
1674 3087 1799 3141 δυσ-

226 3180 430 3248 σεϐοῦς,
455 3180 545 3244 ὥς
577 3180 644 3235 ἀν
671 3181 859 3251 ἁπάσῃ
890 3181 1055 3251 τέχνῃ
1105 3183 1200 3234 καὶ
1234 3178 1800 3280 στρατηγίᾳῃβασέλεῐ
1823 3214 1871 3280 c

222 3274 538 3346 πρεπούσῃ,
585 3271 817 3344 ἐκτρίψῃ
872 3274 973 3342 μὲν
1032 3274 1264 3339 ἐκεῖνον,
1302 3273 1500 3341 ποινὴν
1547 3271 1603 3324 δὲ
1638 3269 1801 3335 ἀξίαν

221 3367 444 3438 λήψαιτο
465 3368 589 3421 τῶν
613 3364 848 3437 Χριστοῦ
874 3366 1236 3447 θρεμμάτων.
1282 3366 1340 3419 '0
1370 3364 1427 3419 δὲ
1459 3366 1553 3419 καὶ
1585 3366 1805 3420 οἴκοθεν

220 3461 391 3533 ὁρμῆς
424 3462 581 3533 ἔχων
615 3459 693 3532 τῷ
736 3458 826 3514 διὰ
851 3459 1091 3530 Χριστὸν
1122 3459 1310 3526 ἔρωτι,
1349 3459 1444 3514 καὶ
1480 3460 1808 3532 συμμαχίαν

221 3552 262 3604 δ’
288 3554 385 3608 οὐκ
415 3552 724 3623 ἐλαχίστην
753 3554 818 3606 ὲκ
858 3551 1128 3623 βασιλέως
1165 3550 1373 3618 λαϐὼν,
1417 3553 1527 3605 τῶν
1569 3553 1674 3608 ἀνὰ
1704 3553 1807 3623 τὴν

223 3646 328 3700 Ἕω
359 3646 455 3701 καὶ.
495 3645 784 3713 Αἴγυπτον
814 3644 1225 3717 στρατιωτικῶν
1254 3644 1577 3715 ταγμάτων,
1613 3650 1706 3700 καὶ
1735 3648 1804 3718 τῇ

225 3742 484 3811 σταυρικῇ
524 3737 794 3808 πανοπλίᾳ
820 3736 1202 3807 θωρακισθεὶς,
1226 3735 1408 3791 ἔπεισι
1430 3735 1510 3807 τῷ
1541 3737 1805 3807 Ἐὗραίῳο

229 3832 310 3885 καὶ
331 3833 397 3903 δὴ
430 3829 545 3886 καὶ
577 3829 727 3900 πεζῷ
751 3831 843 3884 καὶ
872 3830 1030 3901 νηΐτῃ
1055 3829 1271 3902 στρατῷ
1291 3830 1615 3902 προσόαλὼν
1655 3833 1809 3904 αὐτῷ

234 3924 511 3995 (παράλιον
584 3922 696 3993 γὰρ
756 3921 949 3991 ἐκείνῳ
1001 3921 1063 3974 τὸ
1128 3921 1379 3976 πλεῖστον
1408 3921 1507 3993 τῆς
1558 3923 1808 3993 ὑπηκόου

234 4016 525 4087 ἐτύγχανεν
552 4013 640 4083 ὃν)
659 4051 675 4077 ,
706 4014 970 4082 γενναίως
994 4012 1140 4083 μάλα
1166 4015 1359 4085 ἐκείνῳ
1393 4016 1805 4086 συρῤίγγνυται⁴

232 4106 313 4158 καὶ
338 4106 515 4159 δυνασ
542 4107 652 4172 εεὶᾳ
681 4103 958 4170 κρείττονι
987 4104 1498 4175 καθυπερτερήσας,
1562 4104 1808 4176 ζωγρίαν

235 4194 321 4263 μὲν
341 4198 573 4249 ἐκεῖνον
604 4192 701 4246 καὶ
719 4191 944 4255 πολλοὺς
972 4192 1083 4246 τῶν
1099 4194 1242 4247 κατὰ
1254 4194 1412 4262 γένος
1434 4195 1484 4247 οί
1505 4196 1813 4268 προσηκόν-

229 4301 324 4339 των
352 4285 465 4340 εἷλε
489 4304 505 4319 ·
562 4284 655 4363 καὶ
688 4283 851 4355 ἔργον
910 4284 1190 4356 μαχαίρας
1223 4285 1473 4349 ἅπαντας
1500 4290 1812 4361 ποιησάμε-

229 4396 330 4444 νος,
362 4382 448 4433 ἐτι
475 4380 547 4433 δὲ
583 4380 682 4431 καὶ
719 4376 819 4441 τὰς
864 4378 1052 4439 πόλεις
1107 4379 1203 4432 καὶ
1231 4379 1331 4450 τὴν
1357 4380 1545 4452 χώραν
1588 4382 1808 4439 ἃπασαν

236 4471 533 4527 ἀνάστατον
564 4470 943 4541 ἐργασάμενον
972 4469 1067 4523 καὶ
1093 4471 1174 4533 είς
1212 4471 1368 4536 τέλος
1410 4473 1811 4549 πολιορκήσας,

1899 1974 2034 2014 vero
2074 1972 2215 2028 puer
2252 1967 2488 2013 matrem
2533 1958 2831 2029 aspiciens,
2873 1960 3056 2016 femur
3101 1966 3321 2035 tyranni
3366 1981 3488 2021 mo-

1897 2052 2108 2107 mordit
2152 2061 2212 2107 et
2257 2052 2325 2106 ad
2367 2053 2519 2107 illam
2564 2053 2872 2123 procurrit,
2902 2064 3070 2125 atque
3104 2057 3179 2112 ita
3218 2073 3324 2114 una
3358 2074 3487 2116 cum

1898 2156 2078 2201 matre
2124 2145 2461 2201 sacrificium
2516 2146 2847 2203 suaveolens
2902 2164 3000 2219 per
3053 2150 3364 2207 litationem
3416 2154 3489 2209 ad

1899 2238 2072 2294 Deum
2105 2247 2194 2295 est
2221 2239 2605 2296 transmissus.
2623 2241 2713 2297 'Ac
2743 2242 2940 2299 civitas
2970 2244 3195 2316 quidem
3228 2250 3491 2306 universa
3554 2254 3555 2257 “

1898 2330 1967 2385 ad
2015 2330 2166 2385 hunc
2202 2330 2429 2387 modum
2465 2331 2617 2415 ferro
2651 2343 2729 2389 et.
2753 2334 2866 2407 igni
2900 2336 3013 2393 Deo
3050 2348 3140 2395 est
3175 2342 3385 2407 oblata,
3434 2354 3493 2400 et

1898 2424 2072 2480 veluti
2108 2426 2343 2496 pulchra
2383 2434 2440 2481 et
2481 2426 2996 2499 irrcprehensibilis
3027 2447 3228 2503 sponsa
3264 2435 3496 2492 immor-

1904 2517 2000 2573 tali
2053 2519 2354 2590 conjuncta
2406 2518 2645 2590 Sponso.
2702 2521 2910 2578 Verum
2964 2526 3112 2580 enim
3172 2543 3306 2583 vero
3365 2545 3492 2585 cum

1905 2608 2295 2666 universitatis
2319 2610 2484 2692 hujus
2507 2612 2652 2668 Deus
2679 2613 2923 2671 libenter
2945 2617 3241 2673 admodum
3271 2623 3497 2693 sangui-

1903 2717 2029 2756 nem
2071 2704 2295 2758 illorum
2329 2705 2625 2777 reciperet,
2658 2722 2772 2763 non
2810 2717 2993 2764 tamen
3033 2713 3326 2781 sustinuit,
3357 2718 3496 2787 quin

1903 2796 2125 2879 debitas
2157 2803 2267 2850 tam
2322 2795 2505 2866 impia:
2541 2806 2600 2853 et
2640 2796 2922 2870 ﬂagitiosae
2982 2804 3329 2862 crudelitatis
3382 2825 3499 2879 pa:-

1900 2901 2003 2942 nas
2056 2876 2322 2943 sumeret.
2364 2888 2537 2944 Porro
2590 2889 2820 2946 Dunaan
2878 2892 2997 2963 ipse
3044 2895 3175 2965 (hoc
3221 2876 3501 2974 enim-ty-

1902 2979 2064 3034 ranni
2105 2995 2311 3036 nomen
2343 2982 2488 3053 erat)
2521 2982 2748 3039 civitate
2787 2986 2858 3041 ita
2890 2997 3075 3056 capta,
3106 3004 3217 3045 non
3247 2991 3498 3049 animad-

1902 3073 2092 3138 vertit,
2127 3089 2187 3130 se
2234 3075 2472 3131 invitum
2518 3092 2743 3148 quoque
2791 3078 2940 3135 illam
2984 3083 3052 3137 ad
3096 3086 3495 3156 sempiternam

1904 3168 2311 3235 transmittere,
2348 3169 2456 3225 sibi
2504 3169 2610 3243 ipsi
2655 3182 2841 3227 autem
2876 3177 3001 3229 cuni
3038 3178 3248 3247 probro
3289 3190 3502 3253 tempo-

1906 3277 2133 3319 raneam
2179 3263 2331 3320 hanc
2375 3265 2623 3321 adimere
2674 3266 2871 3331 vitam,
2905 3269 3396 3346 miserandumque
3444 3279 3502 3334 iu

1912 3355 2138 3412 modum
2183 3372 2245 3414 se
2291 3357 2360 3414 ad
2407 3367 2674 3430 perpetua
2723 3359 2966 3433 dejicere
3011 3366 3306 3436 supplicia.
3342 3370 3501 3426 Post-

1911 3462 2079 3519 quam
2108 3449 2257 3505 enim
2289 3450 2543 3507 Justinus
2573 3467 2927 3525 quaecunque
2958 3454 3272 3517 iloiricﬁtes
3303 3463 3505 3519 adver.

1862 3562 1871 3569 ’
1911 3557 2009 3598 sus
2037 3541 2231 3598 urbem
2260 3559 2381 3599 eam
2415 3544 2803 3602 fraudulenter
2835 3548 3189 3615 instituisset,
3220 3563 3277 3610 et
3305 3564 3503 3613 eontra

1913 3642 2137 3690 sanctos
2169 3636 2351 3692 faccre
2382 3639 2740 3707 perrexisset,
2779 3639 3072 3711 intellexit,
3099 3646 3172 3700 ob
3198 3646 3403 3704 factum
3447 3653 3501 3706 id

1911 3727 2272 3784 vehementer
2319 3743 2656 3800 commotus,
2689 3744 2743 3790 et
2790 3752 2872 3793 Ira
2908 3740 3156 3809 percitus
3189 3751 3297 3798 est.
3338 3745 3499 3818 74]⁵
3546 3722 3553 3729 ’

1910 3820 2088 3875 "licet
2123 3822 2190 3875 ad
2226 3822 2497 3879 Elesbaan
2544 3824 2871 3898 .IEltuopum
2914 3829 3114 3886 ducem
3149 3832 3502 3892 Christiano-

1914 3929 2036 3967 rum
2068 3931 2224 3970 sacra
2255 3918 2506 3986 apprime
2536 3920 2809 3976 colentem
2846 3923 3062 3988 scribit,
3093 3926 3161 3980 ad
3197 3928 3502 4000 legitimam

1913 4002 2068 4057 illum
2104 4005 2404 4062 vindictam
2450 4002 2520 4064 de
2566 4011 2792 4091 perjuro
2833 4013 2929 4069 illo
2977 4025 3034 4072 et
3078 4015 3247 4089 impio
3280 4024 3475 4076 aemula

1915 4098 2068 4153 tione
2116 4109 2311 4156 sancta
2363 4105 2691 4159 sumendam
2732 4107 3028 4164 concitans
3062 4127 3078 4164 :
3118 4118 3180 4166 ut
3232 4127 3502 4184 apparatu

1916 4188 2046 4244 belli
2081 4191 2230 4246 omni
2263 4202 2321 4248 et
2349 4194 2708 4265 expeditione
2740 4198 2988 4266 militari,
3021 4216 3144 4272 quae
3176 4219 3362 4276 regem
3403 4209 3507 4263 dc-

1913 4293 2099 4349 ceret,
2154 4285 2311 4341 illum
2363 4287 2585 4358 quidem
2638 4299 2989 4362 contereret,
3041 4311 3259 4367 pinnam
3315 4311 3501 4359 autem

1917 4377 2248 4449 condignam
2297 4394 2401 4450 pro
2433 4382 2590 4438 cazsis
2623 4382 2845 4440 Christi
2872 4387 3075 4445 ovibus
3106 4391 3373 4462 exigeret.
3406 4396 3505 4452 llic

1918 4484 2088 4555 porro
2133 4485 2232 4527 sua
2285 4488 2508 4545 quoque
2558 4485 2780 4547 sponte,
2815 4495 2916 4549 pro
2958 4498 3061 4537 suo
3111 4484 3506 4568 iu.Christ.um

234 4563 379 4627 κλέος
408 4563 749 4633 ἀείμνηστον
802 4562 831 4614 ὀ
874 4561 1126 4633 ἀοίδιμος
1171 4564 1548 4635 ἐκληρώσατο.
1595 4568 1708 4622 Καὶ
1744 4568 1804 4641 δὴ

1918 4576 2109 4619 amore
2149 4563 2219 4618 ad
2266 4564 2320 4621 id
2382 4581 2732 4637 propensus,
2787 4573 3012 4629 auxiliis
3058 4576 3127 4630 ab
3170 4561 3509 4649 imperatore

232 4654 368 4709 οὕτω
402 4654 644 4709 συνιδὼν
675 4652 964 4725 σύμμαχον
985 4655 1238 4726 ἐσχηκὼς
1263 4656 1357 4710 τὸν
1385 4659 1496 4711 τῶν
1512 4658 1650 4713 ὅλων
1680 4658 1818 4714 Θεὸν

245 4746 549 4802 Ἐλεσϐαέιν
602 4746 635 4798 ὁ
672 4746 963 4816 μακάριος,
992 4747 1068 4810 ὡς
1110 4747 1459 4822 πανωλεθρίᾳ
1504 4751 1815 4820 ὑπαγαγεῖν

239 4839 321 4892 τὸν
338 4841 416 4912 τῷ
445 4837 676 4910 σταυρῷ
703 4837 1228 4908 ἀντικαθιστάμενον
1264 4841 1538 4910 Ἰουδαῖον,
1579 4845 1818 4917 156690-

244 4946 337 4983 πον
399 4929 532 4999 μὲν,
584 4929 781 4998 ἔφησε,
818 4930 1189 4999 παμϐασιλεῦ,
1250 4931 1350 4985 οὐκ
1393 4931 1462 4988 ἂν
1511 4933 1694 5006 ἔχοιμί
1731 4953 1817 4990 σοι

240 5020 535 5075 ἀποδοῦναι
565 5021 665 5089 τῆς
695 5019 959 5091 τοσαύτης
983 5019 1151 5076 ἕνεκα
1186 5024 1506 5097 συμμαχίας
1527 5040 1543 5056 ο
1574 5027 1610 5100 ἢ
1636 5029 1695 5083 δέ
1727 5046 1819 5100 μοι

237 5114 495 5180 πρόσεστι
552 5110 820 5181 βασιλεία,
845 5112 904 5165 τὸ
959 5113 1097 5167 πᾶσί
1127 5131 1191 5184 γε
1233 5115 1425 5171 δοκοῦν
1469 5118 1819 5192 ἀξιέραστον,

242 5205 331 5274 σὴν
385 5207 587 5277 χάριν,
620 5204 864 5276 σήμερον
892 5205 1248 5278 ἀποτίθεμαι.
1282 5229 1303 5263 ι
1350 5210 1461 5264 Καὶ
1489 5211 1608 5284 ἃμα
1631 5212 1710 5285 τῷ
1734 5213 1821 5267 λό.

242 5312 314 5365 τῳ
334 5296 437 5367 τὴν
460 5294 762 5365 ἁλουργίδα
778 5295 948 5348 καὶτὸ
977 5294 1216 5365 διάδημα
1246 5296 1608 5369 ἀποθέμενος,
1640 5316 1820 5371 προσ-

244 5386 324 5457 ῄει
347 5388 427 5455 τῷ
456 5386 602 5456 ίερῷ
620 5403 635 5418 ·
664 5386 878 5449 καὶτὰς
905 5385 1101 5458 τρίχας
1129 5387 1420 5457 περιελὼν,
1473 5391 1570 5442 καὶ
1594 5389 1657 5443 τὸ
1689 5407 1825 5462 τρα-

242 5482 304 5549 χὺ
334 5482 447 5533 τῶν
481 5478 740 5547 μοναχῶν
768 5477 1057 5548 τριϐώνιον
1119 5478 1342 5547 ὑποδὺς,
1369 5482 1542 5554 στενῷ
1567 5499 1675 5539 τινι
1704 5486 1826 5540 κελ-

245 5573 335 5643 λίφ
368 5574 677 5644 ἀπρόσιτον
721 5572 808 5626 διὰ
861 5572 975 5643 βίου
1025 5573 1220 5628 ἑαυτὸν
1277 5577 1452 5631 ἐποίει
1490 5576 1822 5650 καθείρξας,

245 5668 387 5738 ἄρτῳ
426 5667 589 5736 μόνῳ
618 5664 707 5718 καί
739 5681 851 5719 τισι
878 5666 1133 5736 λαχάνοις
1161 5668 1241 5730 εἰς
1268 5669 1469 5723 σίτισιν
1514 5669 1824 5744 χρώμενος.

249 5760 487 5811 Κάκεῖσε
509 5757 677 5821 ὁσίως
704 5758 797 5811 τὸν
816 5759 944 5827 τῇδε
978 5759 1092 5827 βίον
1123 5758 1319 5825 λιπὼν,
1343 5762 1480 5833 πρὸς
1510 5762 1609 5836 τὴν
1632 5767 1829 5838 ἀγήρω

258 5857 348 5906 καί.
379 5848 664 5920 μακαρίαν
691 5850 977 5917 μετέϐαινε
1014 5838 1220 5923 βιοτήν.
1257 5853 1503 5911 ’Δλλ“ἴνα
1539 5857 1615 5930 μὴ
1649 5860 1830 5913 τοιαῦ-

590 5943 853 6005 ΡΔτιιοι.
887 5946 1006 6009 GR.
1048 5947 1327 6008 (ἼΧΙᾹἿΙ.

1923 4669 2032 4709 non
2066 4656 2430 4726 pmnitendis,
2470 4674 2540 4714 ex
2590 4662 2930 4720 militaribus
2955 4682 3078 4736 quae
3109 4668 3165 4723 in
3195 4668 3422 4729 Oriente
3452 4683 3512 4729 et

1921 4742 2158 4816 Egypto
2192 4758 2353 4803 erant
2392 4751 2589 4821 copiis,
2621 4756 2887 4825 acceptis,
2922 4768 3203 4813 armatura
3234 4762 3417 4818 crucis
3447 4781 3510 4819 se

1926 4837 2261 4896 instructum
2311 4843 2523 4910 munit,
2570 4854 2628 4901 et
2676 4846 2944 4905 adversus
2989 4849 3279 4907 llebraaum
3332 4855 3508 4919 ducit.

1925 4931 2106 5000 Atque
2150 4942 2297 4988 terra
2344 4936 2597 5005 marique
2639 4952 2764 4992 cum
2798 4942 3045 4996 exercitu
3081 4931 3316 5010 hostem,
3349 4951 3512 5017 cujus

1927 5022 2065 5078 ditio
2112 5023 2348 5094 plurima
2394 5041 2463 5082 ex
2516 5038 2673 5098 parte
2730 5032 3007 5088 maritima
3062 5046 3205 5101 erat,
3254 5039 3509 5105 adortus,

1929 5115 2147 5170 fortiter
2177 5116 2474 5172 admodum
2501 5116 2627 5175 cum
2655 5135 2723 5176 eo
2753 5122 2909 5192 signa
2940 5124 3178 5191 confert,
3210 5137 3269 5182 et
3306 5129 3514 5185 virtute

1930 5209 2141 5279 majore
2185 5209 2242 5265 in
2289 5211 2481 5281 praelio
2528 5210 2709 5268 victor
2752 5215 2972 5281 evadit,
3026 5216 3353 5290 hostemque
3402 5236 3515 5277 una

1930 5316 2058 5357 cum
2083 5303 2273 5360 multis
2295 5303 2421 5360 aliis
2438 5320 2641 5376 genere
2664 5306 2771 5363 sibi
2797 5309 3109 5380 conjunctis
3134 5312 3320 5367 vivum
3343 5316 3515 5385 capit,

1931 5403 1986 5449 et
2017 5411 2213 5453 omnes
2253 5412 2352 5453 eos
2392 5398 2542 5454 ferro
2569 5401 2755 5456 caedit.
2785 5400 2851 5454 Et
2882 5412 3152 5473 praeterea
3178 5406 3367 5476 oppidi
3394 5409 3519 5480 ejus

1934 5488 2163 5559 regione
2193 5488 2345 5544 omni
2375 5499 2707 5560 expugnata,
2742 5480 2910 5562 atque
2944 5509 3175 5562 prorsus
3210 5497 3517 5562 devastata.

1934 5581 2163 5652 gloriam
2194 5581 2296 5637 sibi
2342 5584 2603 5653 princeps
2641 5583 2881 5654 inclytus
2911 5586 3054 5656 parit
3093 5588 3517 5658 sempiternam.

1934 5674 2209 5730 Caeterum
2242 5690 2369 5732 cum
2399 5676 2593 5731 beatus
2624 5676 2715 5733 ille
2747 5678 3014 5735 Elesbaan
3046 5681 3217 5751 probe
3247 5682 3355 5738 sibi
3387 5699 3526 5739 con-

1938 5769 2088 5824 scius
2132 5779 2301 5833 esset,
2335 5769 2465 5825 belli
2515 5785 2575 5825 se
2621 5771 2831 5826 socium
2879 5773 3378 5846 auxiliatoremque
3430 5777 3528 5831 ha-

1941 5862 2128 5918 buisse
2178 5877 2362 5918 rerum
2400 5864 2647 5919 omnium
2689 5864 2885 5930 Deum,
2928 5868 3089 5940 cujus
3135 5883 3237 5939 0pc
3279 5868 3528 5926 interne-

3077 5962 3118 6024 8
3202 6032 3207 6037 .
