4046 6464
362 386 463 448 ετιτ

1242 375 1842 436 ΕίῖίῖὶδΕδιΑδΤΗῖιῈ
1884 372 2273 452 HISTORIA;
2317 374 2462 432 LIB.
2500 376 2683 435 XVil’.

3506 376 3609 438 233

355 493 613 566 μηδαμῶς
645 491 960 552 ἐνδιδεντες,
1016 490 1042 541 ό
1087 489 1182 556 μὲν
1212 489 1320 547 τοῖς
1354 491 1412 538 ὲν
1449 485 1753 555 Χιλκηδὶνι
1794 484 1913 553 όρί-

2031 495 2418 552 propttgnaret,
2452 484 2569 538 lure
2603 496 2788 540 autem
2832 503 2994 541 unam
3029 489 3408 542 asserentiltus
3446 500 3606 543 natu-

353 591 521 642 σθείσι
549 586 812 654 γενναίως
847 584 992 653 μάλα
1041 580 1365 650 προσμένιιιν
1405 577 1736 631 καὶτούτων
1768 578 1918 628 ἀντι-

351 683 700 750 ποιούμενος,
730 681 763 748 ἡ
798 677 854 730 δὲ
885 678 997 740 τοῖς
1027 674 1292 736 ἐναντίοις
1319 671 1552 742 μάλιστα
1579 669 1919 741 προσκειμέ-

350 793 439 845 vn.
471 775 576 826 τῶν
619 773 748 841 μίαν
802 769 963 839 φύσιν
1015 767 1349 833 δοξαζόντων
1397 763 1599 834 πολλὴν
1657 763 1923 832 πρόνοιαν

352 868 616 926 ἐποιεῖτο,
654 862 786 932 μηδὲ
817 861 927 912 τῶν
983 857 1280 927 ἡμεδαπῶν
1318 853 1628 924 ἁμελοῦσα³
1667 853 1807 916 τέως
1860 870 1922 920 γε

354 959 461 1027 μὴν
489 956 726 1016 ἐκείνους
755 952 1014 1024 μεγάλοις
1047 953 1325 1020 χρήμασιν
1356 947 1558 1018 ἤγαλλε
1598 945 1929 1014 συναιρομέο

352 1065 418 1118 νη
449 1049 513 1100 τὰ
543 1047 796 1117 μάλιστα.

2028 591 2142 628 ram
2204 576 2530 632 adhaereret.
2595 577 2785 648 Neque
2849 580 2952 634 sibi
3014 581 3247 635 invicem
3307 583 3605 651 quidquam
3682 587 3696 602 '

2028 668 2334 721 concedere
2404 670 2736 724 videbantur
2795 691 2807 726 :
2869 674 3214 728 Justiuianus
3281 675 3495 729 scilicet
3554 677 3604 728 in

2025 757 2574 817 Chalcedonensibus
2609 765 2850 820 decretis
2887 766 3104 821 fortiter
3143 767 3440 821 admodum
3480 785 3602 838 per-

2028 851 2250 920 sistens,
2288 870 2464 925 eaque
2499 856 2838 925 defendens;
2882 846 3172 916 Tltcodora
3205 879 3333 918 vero
3365 865 3605 918 adversa

2027 943 2265 998 maxime
2330 949 2471 1014 parti
2539 949 2793 1014 addicta,
2853 966 2976 1020 quae
3035 954 3116 1005 eis
3169 969 3290 1020 quze
3350 965 3606 1007 naturam

2031 1054 2193 1092 unam
2235 1039 2700 1111 deprmdicaltant,
2742 1049 2965 1100 multam
3021 1063 3210 1102 curam
3274 1050 3606 1118 praestabat,

353 1157 531 1211 neque
579 1149 853 1201 nostrates
905 1137 1123 1194 interim
1176 1149 1403 1207 prorsus
1453 1133 1755 1204 negligens.
1807 1129 1918 1185 Illis
1957 1146 2089 1187 vero
2159 1142 2272 1188 tum
2347 1139 2623 1194 ingentem
2670 1140 3020 1210 impendebat
3057 1143 3368 1211 pecuniam,
3400 1160 3608 1214 eosque

355 1253 517 1307 quam
554 1235 790 1290 maxime
825 1233 1140 1303 adjuvabat.

931 1356 1182 1409 ΚΕΦΑΛ.
1254 1355 1336 1408 H'.

363 1454 458 1514 Ὠς
507 1449 841 1520 μετεκζήθη
903 1447 1166 1520 Σευῆρος
1225 1443 1444 1520 αὖθις·
1472 1444 1601 1520 οιαὶ
1644 1440 1924 1520 πξρέςῷν

424 1512 766 1575 ἐπὶστολῶν
797 1512 985 1591 αὑτοῦ
1006 1535 1020 1548 ·
1047 1512 1168 1591 ﬁxa)
1203 1517 1284 1591 ᾡς
1345 1512 1743 1591 Ἀγθίμῳ-τῆς
1769 1513 1924 1591 ιδίας

422 1595 621 1658 ,ιύμης
664 1590 989 1658 μετέδωκε·
1066 1589 1163 1642 καὶ
1215 1587 1375 1658 ὅπως
1413 1587 1483 1658 ἐκ
1538 1584 1764 1658 πάσαις
1794 1584 1925 1647 ταῖς

423 1656 777 1729 ἐκκλησίαις
811 1660 849 1726 ἡ
883 1659 1127 1728 τετάρτη
1153 1657 1419 1723 σύνοδος
1448 1656 1831 1722 ἐκηρύττετο.

444 1781 506 1832 'll
542 1778 606 1845 δὴ
631 1776 805 1838 οὕτως
853 1773 1051 1844 ἔχουσα
1106 1770 1331 1841 γνώμης
1393 1769 1488 1822 καὶ
1545 1765 1749 1835 πολλήν
1801 1779 1924 1816 τινα

363 1874 642 1940 ἐπάγουσα
684 1871 876 1940 πεῖραν
919 1864 1310 1934 Ίουστινιανῴ,
1373 1860 1556 1914 πείθει
1621 1858 1778 1928 μόλις
1831 1855 1926 1933 καί.

362 1967 749 2036 μετάπεμπτον
774 1961 942 2013 ἐποίει
976 1959 1213 2027 Σευῆρον
1265 1955 1410 2009 κατὰ
1471 1953 1570 2021 τὴν
1626 1949 1923 2013 Βύζαντος.

373 2060 729 2126 Ἑμφὲρονται
775 2054 952 2104 τοίνυν
981 2049 1116 2103 αἵτε
1155 2048 1398 2118 Σευήρου
1435 2046 1604 2099 είσέτι
1637 2040 1924 2096 ἐπιστολαὶ

363 2153 502 2219 πρός
530 2167 585 2202 τε
608 2149 702 2218 τὴν
734 2147 1057 2217 βασίλισσαν
1092 2141 1374 2212 Θεοδώραν
1401 2141 1496 2194 καὶ
1517 2134 1924 2192 ἰουστινιανόνσ

370 2242 437 2294 Et‘
472 2237 544 2294 ὢν
572 2241 856 2301 δείκνυται,
897 2239 973 2299 ὡς
1005 2235 1074 2287 τὰ
1112 2233 1213 2302 μέν
1261 2231 1455 2302 πρῶτα
1499 2230 1600 2300 τὴν
1650 2228 1754 2298 μέν
1785 2224 1928 2295 πρὸς

375 2335 617 2396 ἐκείνους
673 2332 784 2384 ὁδὸν
815 2332 876 2387 ἐν
932 2326 1228 2388 ἀναϐολαῖς
1284 2325 1548 2376 ἐποιεῖτο·
1611 2319 1733 2391 μεθ’
1775 2317 1924 2372 δτὸν

372 2429 472 2496 τῆς
503 2426 762 2493 Ἀντιόχου
827 2420 1189 2476 καταλέλοιπε
1246 2417 1458 2488 θρόνον.
1514 2412 1662 2467 Ἀλλ’
1695 2411 1925 2482 ὕστερον

367 2515 470 2591 ἧκε
498 2521 587 2570 καὶ
609 2523 882 2585 γέγραφεν
913 2513 1006 2580 ὼς,
1032 2515 1152 2565 ἐπεὶ
1188 2511 1288 2580 τὴν
1321 2507 1571 2579 βασιλίδα
1623 2504 1925 2559 καταλάϐοι

361 2614 470 2666 τῶν
522 2613 744 2676 πόλεων,
770 2609 963 2680 ἐπίσης
991 2605 1295 2678 φρονοῦντα
1351 2604 1446 2656 καὶ
1512 2600 1779 2671 Ἀνθ.μον
1837 2599 1939 2650 εύσ-

360 2706 560 2777 ρίσκει,
585 2705 676 2756 καὶ
707 2706 805 2772 τῆς
836 2700 1226 2771 παραπλησίας
1253 2697 1450 2766 ἐκείνῳ
1505 2690 1646 2747 εἶναι
1706 2690 1834 2762 περὶ
1863 2691 1926 2742 τὸ

358 2803 516 2854 Θεῖον
589 2798 871 2869 νομίσεως·
904 2795 999 2848 καὶ
1031 2794 1210 2846 πείθει
1265 2791 1520 2845 κάκεῖνον
1583 2787 1676 2839 τὸν
1733 2785 1926 2855 θρόνον

359 2893 668 2946 ἀπολιπεῖν.
738 2889 944 2958 Γράφει
985 2885 1043 2938 δέ
1099 2884 1273 2937 ταῦτα
1308 2881 1444 2952 πρὸς
1499 2877 1781 2932 Θεοδόσιον
1833 2877 1925 2928 τὸν

359 2987 459 3056 τῆς
491 2983 864 3053 Ἀλεξάνδρον
892 2983 946 3034 ἐν
974 2975 1054 3044 οἷς
1080 2980 1178 3033 καὶ
1207 2976 1602 3056 βρενθυόμενος
1645 2971 1924 3041 φαίνεται,

357 3077 436 3138 ὡς
485 3075 690 3126 πείσειε
747 3075 838 3127 τὸν
879 3069 1174 3141 εἰρημένον
1235 3066 1518 3137 Ἀνθιμον,
1579 3053 1654 3116 1:1
1699 3048 1998 3116 τοιαῦταί]

362 3169 529 3238 ἐναγῆ
550 3169 796 3236 δόγματα
821 3165 921 3236 τῆς
979 3181 1040 3217 τε
1075 3160 1420 3232 προσκαίρου
1479 3160 1637 3230 δόξης
1691 3157 1926 3228 καὶτῆς

363 3268 671 3338 ὑπερτάτης
695 3264 962 3332 καθέδρας
1014 3262 1329 3331 προκρῖναι.
1388 3257 1551 3311 Ἀλλὰ
1586 3256 1681 3309 καὶ
1747 3251 1932 3306 Ἀνθί-

367 3379 469 3430 {ou
505 3359 780 3412 ἐπιστολαὶ
805 3360 934 3426 περὶ
959 3355 1166 3408 τούτων
1188 3352 1547 3422 ἐμφέρονται,
1586 3345 1684 3400 καὶ
1738 3345 1930 3396 Θεοδο-

367 3457 481 3505 σίου
521 3451 672 3515 αὖθις
703 3451 839 3520 πρός
869 3466 927 3502 τε
960 3445 1199 3516 Σευῆρον
1225 3445 1320 3498 καὶ
1358 3441 1624 3510 Ἀνοιμον
1653 3438 1719 3502 ἃς
1749 3436 1812 3506 δὴ
1835 3439 1947 3490 και

366 3544 609 3614 παρῆκα,
663 3541 735 3603 ὡς
765 3540 830 3594 ἂν
868 3539 942 3609 μὴ
974 3538 1109 3591 πολύ
1171 3553 1223 3589 τι
1281 3533 1469 3603 στίφος
1517 3532 1626 3585 τῶν
1666 3530 1928 3583 τοιούτων

365 3639 442 3707 τῷ
481 3637 707 3707 παρόντι
744 3633 935 3704 βιϐλίῳ
985 3629 1430 3698 ἐπεισκυκλὴσω.
1491 3628 1682 3693 Ὅμως
1743 3625 1818 3687 ὡς
1851 3623 1928 3694 μὴ

368 3731 648 3801 σύμφωνοι
725 3728 940 3797 βασιλεί
1024 3722 1394 3784 καθεστῶτες,
1447 3718 1563 3772 ἀλλ’
1598 3715 1928 3778 άπεναντίας

367 3826 472 3886 τοῖς
498 3823 704 3874 ἐκείνου
736 3819 902 3881 ἰόντες
933 3815 1288 3884 κελεύσμασι,
1325 3801 1529 3882 κάλ’μὴ
1562 3809 1661 3878 τὴν
1702 3810 1756 3861 ἐν
1785 3807 1930 3860 Χαλ-

369 3915 545 3980 κηδόνι
571 3911 953 3982 ἀποδεχόμενοι
989 3905 1228 3971 σύνοδον,
1265 3905 1358 3958 καὶ
1381 3903 1551 3972 ἄμφω
1580 3899 1845 3968 Ἀνθιμός
1868 3914 1927 3949 τε

368 4011 458 4060 καὶ
483 4007 760 4067 Θεοδόσιος
815 4003 926 4058 τῶν
991 4001 1138 4053 ίδίων
1197 3997 1410 4068 θρόνων
1457 3993 1763 4065 ἠλάθησαν.
1824 3991 1928 4042 Τόν

373 4106 467 4171 μὲν
498 4096 588 4153 οὖν
624 4099 722 4167 τῆς
748 4095 1104 4162 Ἀλεξάνδρου
1181 4091 1360 4151 Ζοίλος
1380 4087 1707 4158 διαδέχεταιο
1750 4085 1843 4137 τὸν
1871 4083 1930 4136 δὲ

370 4195 461 4263 τῆς
482 4191 767 4262 βασιλίδος,
823 4188 1036 4258 Μηνᾶς·
1085 4185 1181 4240 καὶ
1218 4182 1541 4236 συνέϐαινεν
1596 4180 1653 4231 ἐν
1691 4177 1931 4238 ἁπάσαις

366 4286 429 4354 δὴ
466 4281 758 4354 τηνικαῦτα
805 4283 922 4344 ταῖς
993 4276 1312 4346 ἐκκλησίαις
1344 4275 1444 4344 τὴν
1505 4274 1562 4325 ἐν
1623 4269 1928 4340 Χαλκηδόνι

373 4375 587 4427 σύνοδον
609 4371 906 4443 διαρρήδην
927 4367 1324 4440 κηρύττεσθαι,
1357 4364 1452 4417 καὶ
1489 4361 1694 4433 μηδένα
1724 4361 1929 4430 ταύτην

367 4467 568 4537 τολμᾷν
592 4465 891 4534 ἀναθεματι
923 4459 1279 4532 περιϐάλλειν
1326 4458 1360 4528 ἢ
1406 4455 1735 4510 διαϐάλλεινο
1798 4451 1925 4515 τοὺς

368 4560 424 4612 δὲ
451 4561 524 4628 μὴ
551 4557 718 4620 οὕτως
747 4557 996 4626 ἔχοντας,
1020 4555 1201 4606 πάντα
1231 4551 1433 4620 τρόπον
1470 4545 1920 4602 συνελαύνεσθαι·

366 4653 490 4705 ὥστ’
520 4656 599 4714 εἰς
640 4648 1041 4717 συγκατάθεσιν
1077 4646 1214 4698 ίὲναι
1242 4647 1338 4697 καὶ
1373 4643 1441 4695 τά
1473 4643 1646 4711 αὐτῆς
1684 4639 1929 4705 ἀναγκά-

367 4743 548 4808 ζεσθαι
606 4741 874 4810 στέργειν.
918 4738 1213 4807 Ἐξὴνεγκε
1258 4735 1316 4788 δέ
1360 4734 1458 4786 καὶ
1486 4734 1667 4802 νόμων
1696 4731 1926 4784 Ἰουστι-

367 4839 558 4900 νιανδς,
585 4837 638 4889 ἐν
663 4830 706 4904 ᾧ
740 4835 829 4886 τόν
856 4832 1164 4900 τεΣευῆρον
1182 4831 1278 4883 σὺν
1299 4828 1480 4890 ἄλλοις
1517 4826 1931 4897 ἁναθεματίζει,

365 4932 459 4983 καὶ
477 4931 601 4990 τοὺς
619 4927 810 4998 ἐκείνῳ
830 4924 1281 4996 προσκειμένους,
1310 4924 1404 4974 καὶ
1421 4920 1520 4990 τὴν
1537 4917 1750 4972 ὀθνείαν
1769 4919 1927 4983 δόξαν

365 5021 784 5092 πρεσϐεύοντας,
835 5019 929 5070 καὶ
965 5016 1284 5084 ὑποτίθησιν
1335 5013 1557 5084 ἀγρίαις
1618 5011 1926 5064 κολάσεσιν·

362 5115 434 5178 ὡς
467 5113 712 5168 ἐντεῦθεν
762 5115 970 5175 πάντας
1036 5110 1146 5163 δέει
1195 5108 1618 5174 ἐλαυνομένους,
1683 5104 1778 5158 καὶ
1827 5103 1928 5164 τὰς

364 5208 661 5278 ἑκασταχοῦ
683 5206 972 5275 ἐκκλησίας
1008 5205 1068 5257 τὸ
1103 5203 1160 5256 ἓν
1218 5201 1512 5272 φρονῆσαιο
1555 5199 1646 5251 καὶ
1683 5197 1852 5268 μηδέν
1874 5214 1926 5249 τι

361 5300 451 5353 τοῦ
473 5300 660 5352 λοιποῦ
713 5299 919 5369 σχίσμα
976 5300 1100 5358 ταῖς
1134 5296 1461 5366 ἐκκλησίαις
1493 5290 1925 5360 ἀπολειφθῆναι,

362 5393 498 5447 ἀλλὰ
529 5392 666 5461 πρὸς
712 5390 978 5460 ἀλλήλους
1031 5388 1310 5458 συμϐῆναι
1361 5389 1487 5448 τοῦς
1545 5385 1644 5453 τῆς
1685 5383 1928 5450 ἐκάστης

359 5484 678 5556 διοικήσεως
710 5483 1082 5553 πατριάρχας,
1125 5480 1369 5543 καὶτοὺς
1401 5479 1545 5532 κατὰ
1573 5477 1739 5548 μέρος
1806 5477 1929 5528 ἐπι-

360 5579 594 5638 σκόπους
626 5577 739 5638 τοῖς
767 5575 1018 5644 ἐξάρχοις
1057 5571 1308 5636 ἕπεσθαι,
1343 5572 1437 5623 καὶ
1468 5569 1774 5638 δι’ναφανδὸν
1829 5567 1926 5618 ἐπὶ

359 5673 540 5724 πᾶσαν
564 5671 664 5740 τῆς
690 5671 1019 5738 οἰκουμένης
1056 5667 1405 5736 Ἐκκλησίαν,
1449 5665 1726 5734 τέσσαρας
1761 5673 1927 5730 μόνας

2611 1355 2835 1410 CAPUT
2887 1356 3022 1409 Vill.

2037 1443 2100 1499 Ut
2132 1443 2368 1516 Severus
2407 1429 2680 1501 revocatus
2722 1451 2813 1504 sit.
2864 1447 2939 1502 De
2987 1449 3223 1516 epistolis
3264 1450 3400 1516 ejus.
3439 1448 3502 1500 Et
3552 1460 3610 1502 ut

2104 1515 2354 1588 Antltimo
2386 1519 2670 1588 perniciem
2703 1515 3168 1587 corruptelamque
3193 1515 3344 1571 suum
3373 1536 3611 1572 commu-

2107 1587 2391 1661 nicaverit.
2419 1587 2508 1661 Et
2553 1598 2608 1661 ut
2661 1591 2712 1642 in
2752 1589 2996 1661 omnibus
3027 1590 3256 1642 ecclesiis
3291 1601 3488 1658 quarta
3527 1608 3612 1661 sy-

2107 1658 2274 1710 nodus
2301 1655 2524 1712 laudata
2553 1659 2619 1710 sit
2676 1668 2724 1711 et
2748 1659 3064 1728 prwdicata.

2098 1773 2271 1846 Cujus
2319 1791 2446 1830 cum
2477 1791 2541 1831 ea
2564 1777 3032 1841 essetsententia,
3071 1777 3273 1845 saepius
3314 1777 3403 1830 illa
3429 1776 3610 1830 Justi—

2025 1869 2255 1923 nianutn
2291 1884 2570 1938 aggressa,
2597 1870 2684 1924 vix
2709 1867 2928 1922 tandem
2957 1867 3008 1922 ei
3043 1868 3365 1937 persuadet,
3400 1877 3457 1922 ut
3514 1867 3613 1923 Se-

2023 1976 2218 2016 verum
2268 1961 2805 2030 Constantinopolim
2858 1971 3073 2018 evocet.
3120 1961 3610 2016 Circumferuntur

2025 2056 2193 2109 hodie
2225 2070 2446 2123 quoque
2479 2054 2666 2109 Severi
2699 2054 2764 2108 ad
2795 2055 3142 2111 Theodoram
3191 2055 3495 2126 Augustam
3552 2065 3609 2110 et

2023 2149 2399 2204 Iustinianum
2431 2149 2613 2218 ipsum
2643 2148 2910 2217 epistolae.
2940 2145 3006 2202 e'x
3039 2149 3244 2218 quibus
3277 2149 3609 2218 intelligitur

2024 2256 2148 2296 eum
2183 2241 2346 2296 initio
2378 2241 2601 2310 quidem
2630 2239 3034 2308 profectionem
3061 2241 3127 2294 ad
3164 2257 3260 2296 eos
3297 2257 3478 2305 suam,
3537 2259 3605 2296 ex

2027 2349 2137 2403 quo
2166 2333 2568 2388 Antiochenam
2593 2333 2820 2402 reliquit
2846 2333 3058 2396 sedem,
3084 2333 3388 2396 distulisse,
3419 2343 3606 2404 postea

2025 2441 2160 2480 vero
2195 2427 2414 2481 venisse
2439 2426 2840 2496 scripsisseque
2865 2441 2947 2492 se,
2977 2440 3100 2480 cum
3131 2425 3200 2479 ad
3245 2426 3605 2496 imperantem

2027 2521 2369 2591 pervenisset
2403 2520 2620 2586 urbem,
2655 2520 2946 2589 reperisse.
2975 2528 3032 2573 et
3053 2520 3380 2574 Anthimum
3411 2522 3606 2575 eadem

2028 2613 2262 2674 sentire,
2293 2613 2658 2682 eamdemque
2695 2627 2880 2667 secum
2923 2613 2991 2666 de
3019 2613 3208 2667 divino
3229 2613 3459 2666 numine
3489 2614 3608 2683 opi-

2028 2704 2250 2758 nionem
2277 2705 2428 2758 illum
2455 2704 2706 2758 obtinere
2740 2717 2754 2754 :
2782 2719 2954 2773 seque
2990 2704 3066 2758 illi
3091 2705 3280 2766 etiam,
3338 2711 3397 2756 ut
3455 2694 3610 2758 thro-

2027 2811 2160 2848 num
2197 2811 2354 2850 Suum
2379 2785 2746 2865 relinqueret,
2782 2795 3146 2865 persuasisse.
3171 2796 3380 2850 Scribit
3419 2805 3605 2850 autem

2029 2891 2146 2945 haec
2164 2905 2384 2960 quoque
2397 2891 2463 2945 ad
2490 2889 2862 2944 Theodosium
2887 2889 3236 2945 Alexandria:
3258 2891 3604 2959 episcopum,

2031 2981 2085 3036 in
2127 2982 2332 3051 quibus
2372 2981 2572 3036 litteris
2608 2981 2834 3051 gloriari
2866 2981 3032 3036 etiam
3070 2982 3312 3044 videtur,
3343 2983 3490 3051 quod
3551 2984 3606 3036 in

2030 3087 2150 3127 eam
2187 3072 2518 3127 sententiam
2552 3088 2674 3127 eum
2703 3073 2882 3142 ipsum
2916 3073 3239 3127 Anthimum
3287 3073 3606 3138 adduxerit,

2034 3177 2095 3222 ut
2125 3159 2396 3237 ejusmodi
2416 3165 2736 3221 detestanda
2754 3166 3010 3237 dogmata
3042 3176 3414 3236 temporanete
3438 3168 3606 3222 etiam
3637 3224 3652 3230 ε,

2032 3262 2121 3316 isti
2155 3260 2344 3331 gloria:
2364 3275 2743 3329 supremmque
2790 3259 3068 3314 cathedra:
3122 3259 3431 3329 prmferret.
3499 3259 3605 3314 Sed

2029 3364 2087 3409 et
2108 3354 2363 3408 Anthimi‘
2385 3353 2536 3408 hisce
2561 3351 2630 3407 de
2662 3353 2852 3418 rebus,
2889 3364 3055 3424 atque
3083 3352 3274 3408 itidem
3305 3352 3606 3408 Theodosii
3633 3349 3654 3371 ⁸

2031 3445 2098 3500 ad
2133 3446 2398 3500 Severum
2430 3454 2484 3500 et
2514 3445 2579 3500 ad
2639 3445 2965 3500 Anthimum
3038 3445 3288 3515 epistolae
3344 3453 3608 3500 exstant:

2031 3554 2168 3609 quas
2200 3554 2318 3592 eam
2353 3539 2424 3593 ob
2457 3553 2681 3592 causam
2708 3537 3061 3607 prtetermisi,
3096 3553 3164 3593 ne
3197 3538 3479 3608 ingentem
3527 3550 3610 3593 ta-

2030 3631 2162 3685 lium
2185 3631 2513 3699 scriptorum
2562 3629 2774 3696 copiam
2810 3629 2866 3682 in
2922 3628 3029 3683 hoc
3077 3643 3247 3696 Opere
3299 3630 3612 3684 accumula-

2033 3739 2170 3777 rem.
2206 3723 2505 3776 Enimvero
2537 3721 2681 3790 quod
2731 3735 2856 3775 eum
2915 3722 3252 3792 imperatore
3311 3739 3420 3776 non
3475 3738 3612 3778 con-

2033 3815 2324 3878 sentirent,
2358 3814 2452 3869 sed
2487 3824 2678 3868 contra
2703 3813 2854 3870 illius
2895 3815 3174 3884 jussiones
3231 3809 3509 3880 venirent,
3555 3824 3613 3870 et

2030 3907 2537 3967 Chalcedonensem
2573 3906 2842 3976 synodum
2875 3922 2982 3962 non
3015 3907 3353 3975 reciperent,
3376 3917 3611 3976 uterque

2032 4010 2089 4056 et
2121 4000 2420 4055 Anthimus
2441 4000 2503 4053 ’et
2529 3997 2878 4053 Theodosius
2903 4013 2934 4052 e
2969 3999 3192 4053 sedibus
3216 4000 3331 4052 suis
3355 4000 3614 4055 deturba-

2035 4094 2075 4148 ti
2102 4102 2251 4146 sunt.
2291 4092 2478 4161 Itaque
2504 4091 2558 4144 in
2599 4091 2971 4146 Alexandrlna
3001 4091 3209 4154 Zoilus,
3245 4092 3298 4145 in
3333 4090 3614 4148 Constan-

2035 4185 2398 4255 tinopolitana
2431 4195 2615 4238 autem
2641 4183 2828 4238 Menas
2863 4184 3150 4238 Successit.
3207 4185 3425 4240 Accidit
3473 4195 3610 4251 tum,

2034 4286 2095 4333 ut
2130 4278 2182 4331 in
2219 4275 2473 4332 ecclesiis
2523 4275 2787 4330 omnibus
2842 4275 3088 4345 synodus
3139 4275 3614 4332 Chalcedonensis

2035 4351 2184 4422 clare
2222 4367 2638 4436 praedicaretur,
2671 4373 2726 4418 et
2753 4374 2814 4418 ttt
2846 4381 3010 4419 nemo
3059 4365 3207 4420 illam
3237 4367 3324 4419 vel
3377 4368 3612 4420 anathe—

2035 4471 2181 4515 male
2209 4459 2295 4515 vel
2322 4459 2598 4514 calumnia
2626 4467 2884 4525 expetere
2920 4457 3172 4512 auderet.
3199 4459 3303 4522 Qui
3330 4473 3464 4514 vero
3512 4461 3615 4512 ali-

2035 4561 2120 4606 ter
2149 4551 2421 4612 facerent,
2463 4548 2724 4603 omnibus
2779 4545 2942 4618 744,
2993 4546 3172 4602 modis
3224 4547 3612 4619 adigebantur,

2036 4653 2096 4698 ut
2128 4643 2360 4713 pedibus
2395 4643 2447 4696 in
2477 4642 2724 4696 eamdem
2756 4639 3092 4694 sententiam
3129 4640 3296 4706 irent,
3345 4642 3400 4696 in
3435 4657 3616 4713 eaque

2036 4736 2434 4806 conquiescere
2505 4740 2861 4802 cogerentur.
2941 4729 3318 4802 Promulgavit
3391 4749 3616 4804 quoque

2038 4829 2498 4883 constitutionem
2542 4826 2618 4895 (l)
2675 4822 3042 4887 Justiniauus,
3089 4823 3144 4876 in
3190 4839 3297 4893 qua
3348 4823 3614 4880 Severum

2038 4939 2146 4978 una
2184 4938 2309 4978 cum
2341 4918 2847 4974 aliis‘anathemate
2877 4916 3007 4969 ferit
3047 4932 3061 4968 :
3095 4925 3152 4972 et
3188 4925 3455 4985 przetcrea
3493 4921 3616 4988 qui-

2035 5032 2254 5083 cunque
2289 5015 2368 5068 ilti
2403 5012 2613 5067 addicti
2649 5019 2862 5074 essent,
2891 5010 3332 5078 opinionemque
3359 5011 3602 5066 alienam

2035 5109 2568 5178 c0mplecterentur.
2610 5104 2791 5173 Atque
2855 5101 3081 5158 eosdem
3131 5102 3297 5155 etiam
3351 5102 3618 5172 gravibus

2034 5206 2216 5273 piratis
2239 5200 2484 5272 subjicit.
2517 5199 2594 5253 Ita
2629 5197 2860 5258 iactum.
2888 5206 2949 5249 ut
2978 5195 3178 5250 timore
3234 5209 3430 5249 omnes
3486 5209 3617 5263 per-

2034 5289 2165 5351 cell'c
2179 5303 2400 5356 rentur,
2423 5300 2479 5346 et
2504 5298 2716 5346 cuneta:
2743 5289 2949 5359 ubique
2973 5286 3226 5342 ecclesiae
3253 5286 3397 5341 idem
3447 5286 3616 5340 senti-

2033 5394 2182 5449 rent,
2222 5398 2402 5454 neque
2425 5389 2616 5452 postea
2643 5380 2885 5434 schisma
2919 5377 3038 5433 sive
3063 5376 3356 5433 dissidium
3390 5374 3616 5444 aliquod

2035 5481 2088 5533 in
2121 5478 2373 5534 ecclesiis
2403 5475 2678 5545 reliquum
2704 5480 2853 5528 esset
2879 5488 2895 5526 :
2919 5470 3014 5526 sed
3047 5480 3107 5524 ut
3131 5484 3326 5523 omnes
3343 5469 3615 5539 cujusque

2034 5565 2294 5621 ditecesis
2325 5564 2656 5634 patriarcha
2693 5562 2838 5616 inter
2861 5575 2919 5615 se
2947 5558 3336 5620 convenirent,
3365 5569 3421 5612 et
3462 5558 3617 5612 loco~

2038 5673 2156 5712 rum
2181 5672 2534 5728 quorumque
2559 5655 2806 5726 episcopi
2831 5654 3002 5709 duces
3033 5666 3166 5707 suos
3218 5657 3608 5722 sequerentur,

430 5858 504 5928 (Ι)
541 5854 775 5911 Constit.
802 5853 891 5908 42.
933 5851 1144 5910 Novell.
1175 5852 1209 5908 I.
1245 5850 1534 5905 erdcittes
1566 5849 1839 5918 Itonorrm,
1873 5841 2243 5915 §Suacipimus
2277 5851 2478 5896 autem.
2504 5841 2564 5896 C.
2615 5838 2686 5894 De
2711 5854 2923 5894 summa
2965 5834 3256 5893 Tritti'ate.
