4046 6520
362 433 467 497 213

1579 436 2002 498 NiCEl’HORI
2038 436 2384 498 CALLIST!

3494 427 3604 488 Si}

365 545 631 601 Belisario
661 544 716 600 in
758 547 887 602 orbe
918 546 1164 604 Romano
1187 549 1420 605 feliciter
1475 559 1628 619 gesta
1654 549 1928 620 complec—
1956 604 1957 610 η

2061 552 2216 607 ιαίων
2246 549 2581 621 κατώρθωσε
2640 547 2743 618 γῆς
2801 545 2897 601 καὶ
2945 539 3320 611 Βελισσάριος.
3364 541 3611 610 ἀναγράα

366 649 577 693 tuntur.
620 637 865 692 Tertium
905 639 1132 695 aediﬁcia
1176 640 1477 711 inscripsit,
1512 640 1796 710 magniﬁce
1836 642 1928 695 ado

367 729 589 783 modum
660 744 1119 795 commemorans,
1187 747 1310 802 quae
1358 748 1529 802 opera
1581 731 1929 788 Justinianus

365 819 775 887 construxerit;
802 823 1000 890 templa
1029 823 1259 886 scilicet,
1294 824 1471 894 regias
1491 823 1707 887 domos,
1731 821 1930 893 oppida

365 918 423 964 et.
486 910 670 977 nrbes,
701 921 916 983 pontes,
970 922 1132 983 atque
1184 915 1289 969 alia
1336 915 1402 970 ad
1458 915 1741 986 publicum
1771 929 1930 969 usum

366 1004 691 1072 spectantia.
719 1003 984 1071 Quartum
1043 1021 1203 1076 opus,
1240 1008 1558 1062 retractatio
1604 1016 1691 1061 est
1739 1019 1930 1060 earum

372 1094 713 1160 orationum,
741 1112 878 1166 quas
903 1098 1043 1166 apud
1077 1096 1448 1152 Justinianum
1507 1096 1766 1152 laudibus
1805 1110 1930 1150 eum

366 1186 577 1240 vehens
607 1187 820 1255 habuit,
852 1188 1267 1258 quasiquazdam
1308 1189 1585 1259 palinodia
1607 1203 1701 1242 seu
1738 1201 1933 1240 recan-

371 1277 506 1331 tatio
570 1280 756 1335 minus
817 1289 964 1336 recte
991 1281 1059 1336 ab
1086 1296 1154 1336 eo
1200 1281 1499 1337 dictorum.
1534 1279 1790 1335 Belisarii
1847 1294 1936 1333 rcs

294 1441 303 1448 _
371 1366 718 1433 describens,
753 1373 913 1442 cujus
946 1387 1130 1428 comes
1157 1373 1212 1427 in
1240 1372 1590 1443 expeditione
1621 1373 1814 1427 bellica
1856 1371 1936 1427 illi
1968 1382 1971 1385 '

300 1495 310 1504 .
373 1459 733 1515 subserviens
756 1463 880 1525 fuit,
918 1464 1161 1533 primum
1208 1472 1626 1529 commemorat,
1658 1462 1938 1534 quomodo

373 1548 624 1605 Cabades
652 1552 941 1608 Persarum
973 1570 1090 1622 rex,
1122 1555 1383 1610 Chosroa:
1427 1554 1663 1609 ﬁliorum
1712 1568 1939 1609 suorum

378 1648 507 1743 natu
541 1644 768 1699 minimo
799 1661 1025 1715 regnum
1075 1648 1389 1718 relinquere
1437 1647 1650 1713 volens,
1687 1647 1741 1701 in
1774 1647 1941 1717 adop-

376 1736 582 1786 tionem
610 1749 734 1789 eum
767 1736 1137 1794 Romanorum
1160 1739 1481 1809 imperatori
1507 1741 1637 1794 dare
1663 1741 1941 1803 statuerit,

378 1840 491 1893 quo
512 1826 700 1894 juveni
730 1830 937 1885 certius
960 1829 1282 1900 ﬁrmiusque
1312 1846 1541 1900 regnum
1571 1839 1736 1887 esset.
1785 1829 1943 1897 Quod

379 1914 472 1969 ubi
510 1916 587 1970 illi
629 1934 736 1972 non
767 1922 1051 1985 successit,
1081 1922 1275 1977 Proclo
1303 1921 1657 1992 impediente,
1678 1921 1774 1991 qui
1801 1920 1946 1990 apud
1983 1904 2023 1960 Β

376 2004 745 2108 Justinianntn
804 2014 1096 2081 quaestoris
1128 2013 1451 2083 dignitatem
1483 2014 1730 2083 gerebat,
1767 2012 1950 2069 inimi-

378 2097 538 2153 citias
594 2101 872 2169 graviores
910 2113 1099 2158 contra
1136 2101 1410 2158 Romanos
1434 2102 1696 2173 suscepit.
1732 2101 1797 2157 Et
1827 2102 1948 2158 bel-

378 2189 493 2242 lnm
533 2190 831 2262 Procopius
871 2195 1011 2249 inter
1071 2194 1373 2263 Romanos,
1417 2196 1681 2251 Belisario
1716 2196 1856 2251 duce
1898 2204 1952 2250 et

378 2281 578 2337 Persas
603 2295 840 2354 gestum,
883 2286 1155 2357 elegantia
1186 2287 1323 2342 mira
1363 2289 1571 2357 optime
1606 2288 1949 2357 exsequitur.

380 2370 671 2435 Primum,
750 2385 810 2428 ut
863 2376 1183 2430 Belissarius
1243 2392 1351 2431 una
1428 2393 1553 2431 cum
1610 2378 1954 2446 Hermogene

383 2467 665 2519 exercitus
684 2466 937 2533 ductore,
956 2469 1152 2525 Persas
1175 2470 1241 2524 ad
1259 2471 1425 2525 Daras
1436 2478 1492 2526 et
1506 2469 1739 2526 Nisibim
1760 2472 1956 2525 vicerit

384 2555 603 2613 scribit.
638 2558 696 2612 Ei
724 2560 969 2615 victoriae
989 2563 1318 2617 eorumdum
1358 2573 1558 2633 tropma
1612 2563 1667 2618 in
1696 2563 1954 2623 Armenia

384 2658 571 2701 erecta
594 2650 812 2704 attexit.
864 2651 998 2705 ltem
1058 2652 1417 2708 Alamundari
1476 2653 1824 2708 Scenitarum
1876 2653 1954 2724 (l)

386 2734 748 2793 barbarorum
783 2740 965 2807 ducis,
1014 2742 1156 2798 bello
1186 2743 1451 2799 adversus
1486 2742 1761 2797 Romanos
1781 2742 1851 2797 ab
1891 2757 1958 2797 eo

388 2840 559 2900 moto,
595 2849 684 2890 res
729 2846 929 2906 gesms.
959 2838 1067 2905 Qui
1092 2838 1482 2894 Timostratum
1517 2836 1701 2892 Ruﬁni
1730 2836 1956 2892 fratrem

309 3000 316 3007 .
394 2939 501 2978 nna
550 2941 677 2980 cum
736 2930 992 2997 plurimis
1045 2931 1167 2985 aliis
1218 2930 1515 2986 comitibus
1553 2931 1672 3001 ejus
1714 2940 1957 2998 captum,

390 3026 583 3085 postea
616 3020 823 3089 ingenti
862 3022 1095 3090 pecunia
1139 3022 1508 3094 redemptum,
1535 3022 1794 3079 reddidit.
1827 3021 1960 3077 Per-

392 3124 556 3177 quam
587 3113 974 3168 miserabtliter
1000 3124 1180 3170 autem
1209 3126 1477 3171 memorat
1506 3116 1677 3186 ipsius
1697 3114 1960 3170 Alamun-

390 3200 510 3254 dari
537 3209 594 3256 et
652 3203 908 3259 Azaretlii
947 3206 1213 3261 adversus
1267 3207 1640 3262 Romanorum
1665 3207 1957 3277 imperium

391 3292 809 3359 expeditiones:
843 3296 1307 3364 quemadmodum
1373 3298 1552 3369 copiis
1579 3313 1768 3353 eorum
1806 3298 1953 3352 milio

399 3383 632 3448 laribus,
659 3400 761 3454 per
787 3385 897 3440 vim
931 3388 987 3442 in
1020 3387 1298 3457 regionem
1331 3404 1485 3443 suam
1526 3389 1709 3444 redire
1739 3398 1967 3445 conten-

396 3475 682 3542 dentibus,
720 3477 772 3531 in
824 3478 1121 3549 Euphratis
1139 3481 1256 3550 ripa
1282 3480 1608 3536 Belissarius
1637 3481 1963 3547 occurrerit,

398 3576 565 3637 atque
625 3584 749 3624 cum
776 3571 873 3625 'eis
919 3573 1164 3642 pnelium
1200 3575 1563 3629 commiserit.
1595 3573 1663 3628 Et
1692 3573 1968 3643 quomodo

396 3659 645 3716 Belisarii
683 3663 904 3727 milites,
942 3664 1086 3734 quod
1114 3666 1349 3722 consilio
1395 3668 1515 3737 ejus
1559 3681 1752 3736 parere
1778 3665 1972 3720 nolue-

400 3752 533 3816 rint,
562 3753 907 3810 Paschalium
945 3757 1205 3811 feriarum
1236 3758 1437 3813 diebus
1468 3758 1827 3824 instantibus,
1854 3758 1967 3812 sint

402 3845 631 3900 concisi.
671 3846 956 3913 Quomodo
978 3849 1216 3919 denique
1245 3848 1478 3905 Ruﬁnus
1520 3860 1576 3906 et
1598 3849 1969 3919 Hermogenes

404 3949 749 4007 perpetuam,
779 3937 900 4011 quas
923 3942 1148 4007 dicitur,
1197 3958 1384 4014 pacem
1421 3957 1547 3997 cum
1580 3941 1769 3997 Persis
1825 3940 1969 3996 leceo

403 4033 534 4085 rint.
575 4031 742 4104 748
775 4033 980 4090 Deinde
1007 4036 1332 4090 seditionem
1372 4036 1693 4106 popularem
1723 4034 1968 4106 Byzantii

399 4134 574 4179 ortam
615 4127 916 4198 subiungit,
947 4144 1068 4198 qua:
1099 4144 1401 4199 cognomen
1435 4130 1635 4185 sortita
1670 4138 1757 4183 est
1795 4128 1963 4194 Νίκα,

410 4216 569 4274 Vince
588 4236 607 4274 :
635 4220 780 4289 quod
810 4231 1099 4276 tessseram
1126 4237 1255 4278 eant
1289 4221 1347 4276 in
1404 4221 1523 4292 ipso
1550 4221 1808 4277 conﬂictu
1839 4235 1971 4290 pere

396 4313 613 4367 dnelles
640 4312 955 4376 habuerint,
993 4322 1051 4366 ut
1097 4329 1166 4368 eo
1192 4313 1349 4383 signo
1378 4328 1436 4368 se
1469 4312 1789 4369 earumdem
1845 4326 1969 4381 par-

398 4404 535 4454 tium
567 4411 868 4481 sectatores
893 4411 1308 4469 cognoscerent.
1337 4402 1457 4468 Quo
1508 4411 1757 4471 tempore
1788 4398 1970 4471 Hypa-

400 4496 510 4549 tius
534 4505 589 4549 ct
617 4495 931 4565 Pompeius,
961 4497 1309 4551 Anastasium
1341 4506 1541 4566 genere
1564 4495 1968 4565 contingentes,

2039 662 2224 716 φουσι·
2258 643 2317 696 τὸ
2348 643 2407 696 δὲ
2454 640 2733 710 κτίσματα
2773 634 3281 709 προσεπέγραψεν“
3315 634 3414 686 ὅσα
3466 632 3602 700 δῆτα

2051 734 2428 796 ἰουστινιανὸς
2450 732 2790 803 ᾠκοδόμησε,
2822 728 2968 798 μάλα
2992 725 3256 794 γενναίως
3287 724 3601 794 ὲκφράζων’

2038 830 2172 891 νεώς
2202 844 2261 880 τε
2297 827 2390 880 καὶ
2420 823 2726 895 βασιλείους
2749 822 2954 886 οἷκους,
2988 817 3161 898 ἄστεά
3187 834 3245 871 τε
3281 817 3372 869 καὶ
3394 815 3602 877 πόλεις,

2041 921 2288 990 γεφύρας
2316 936 2375 972 τε
2414 918 2511 971 καὶ
2531 916 2665 972 ἄλλα
2693 918 2749 979 ἐς
2781 912 2967 985 κοινὴν
3010 914 3208 982 χρῆσιν
3241 906 3605 976 ἐξευρημένα.

2042 1014 2117 1070 Τὸ
2150 1013 2206 1066 δὲ
2234 1013 2494 1082 τέταρτον
2520 1006 2843 1080 άντίρῤησίς
2874 1007 3073 1069 ἐστιν,-
3095 996 3171 1058 ὧν
3203 1001 3339 1072 πρὸς
3385 999 3622 1052 Ἰουστιοη

2042 1110 2224 1161 νιανὸν
2250 1104 2439 1174 εἴρηκε
2471 1101 2539 1153 δι’
2565 1101 2788 1153 ἐπαίνου
2823 1097 3016 1163 ποιῶν,
3042 1094 3138 1148 καὶ
3185 1093 3257 1155 ὡς
3289 1091 3354 1144 ἄν
3392 1107 3475 1151 τις
3506 1106 3620 1139 πα·-

2042 1198 2263 1269 λινῳδία
2292 1195 2401 1248 τῶν
2425 1190 2576 1262 αὑτῷ
2602 1191 2678 1261 μὴ
2714 1189 2892 1253 καλῶς
2916 1187 3239 1258 εἰρημένων.
3263 1181 3471 1253 Γράφει
3496 1180 3625 1233 τοί--

2043 1308 2136 1345 νυν
2169 1288 2237 1341 τά
2268 1286 2411 1339 κατὰ
2434 1282 2807 1351 Βελισσάριον,
2839 1274 2883 1349 ᾧ
2913 1280 3007 1333 καὶ
3040 1275 3341 1347 παρείπετο
3363 1275 3465 1326 κάν
3497 1273 3610 1333 τοῖς

2046 1383 2312 1452 πολέμοις
2345 1378 2788 1445 διακονούμενοςο
2821 1372 2918 1426 καὶ
2950 1371 3144 1440 πρῶτα
3179 1368 3279 1433 μὲν
3317 1366 3623 1435 διηγεῖται,-

2045 1476 2119 1538 ὡς
2147 1473 2371 1543 Καόάδῃ
2402 1470 2478 1538 τῷ
2526 1465 2748 1536 Περσῶν
2806 1462 3016 1535 βασιλεῖ
3064 1461 3312 1531 Χοσρόης
3368 1457 3447 1527 τῷ
3501 1457 3615 1510 τῶν

2048 1568 2223 1622 ἄλλων
2248 1543 2420 1619 αὐτοῦ¹
2439 1560 2602 1614 υἱέων
2628 1557 2880 1627 νεωτέρῳ
2908 1554 3025 1609 δντι
3059 1552 3365 1622 περιθεῖναι
3394 1549 3490 1619 τὴν
3513 1549 3615 1618 ἀρ-

2049 1661 2152 1732 χὴν
2177 1654 2481 1728 βουληθεὶς,
2529 1654 2585 1714 ἐς
2611 1649 2765 1705 θετὸν
2810 1647 2925 1701 υίδν
2954 1645 3033 1717 τῷ
3074 1643 3360 1713 Ῥωμαίων
3406 1640 3617 1711 βασιλεί

2051 1730 2554 1817 ἐκεῖνον-γενέσθαι
2585 1742 2862 1804 διενοεῖτο,
2888 1738 2963 1798 ὡς
2998 1739 3057 1789 ὲν
3090 1734 3165 1805 τῷ
3196 1733 3430 1803 ἀσφαλεῖ
3466 1730 3615 1798 αὖτῷ

2052 1848 2087 1917 ὴ
2119 1843 2264 1913 ἀρχὴ
2293 1838 2616 1908 διαγένοιτο.
2665 1835 2752 1895 Ὠς
2780 1833 2838 1886 δὲ
2883 1831 2978 1885 τοῦ
3010 1826 3220 1884 σκοποῦ
3252 1825 3617 1917 διημάρτανε,

2052 1933 2297 2005 Πρόκλου
2332 1920 2657 1987 κωλύοντος,
2691 1923 2749 1986 ὃς
2786 1920 2878 1974 διά
2924 1918 3096 1988 τιμῆς
3134 1916 3208 1968 ὣν
3255 1906 3618 1977 ἰουστινιανῷ

2053 2024 2424 2092 Κοιαίστωρος
2481 2017 2712 2087 ἐτιμᾶτο
2755 2012 2905 2084 ἀξίᾳ,
2939 2012 2996 2073 ἐς
3052 2009 3236 2080 μεῖζον
3270 2006 3366 2077 τὴν
3416 2004 3618 2075 ἔχθραν

2052 2118 2192 2173 κατά
2228 2113 2520 2184 Ῥωμαίων
2548 2108 2791 2179 ἠρέθισε·
2827 2106 2920 2158 καὶ
2953 2102 3044 2156 τὸν
3078 2099 3287 2170 μεταξῦ
3326 2096 3621 2165 Ῥωμαίων

2052 2228 2113 2264 τε
2144 2209 2238 2263 καὶ
2273 2204 2498 2274 Περσῶν
2528 2201 2765 2270 πόλεμον
2804 2196 2910 2263 ὑπὸ
2956 2192 3295 2265 Βελισσαρίῳ
3327 2186 3620 2261 στρατηγῷ

2054 2303 2254 2372 ἄριστα
2286 2300 2379 2352 καὶ
2413 2291 2873 2365 κεκομψευμένως
2895 2287 3137 2353 διέξεισι·
3167 2286 3259 2340 καὶ
3301 2283 3514 2354 πρῶτον
3542 2297 3621 2333 νι-

2055 2390 2221 2458 κῆσαί
2250 2406 2383 2459 φησι
2420 2387 2655 2455 Πέρσας.
2688 2382 2814 2454 περί
2846 2397 2905 2434 τε
2935 2381 2997 2433 τὸ
3043 2378 3217 2449 Δάρας
3247 2375 3383 2429 ἀστυ
3423 2389 3483 2426 τε
3527 2372 3625 2425 καὶ

2056 2486 2159 2552 τὴν
2184 2481 2425 2545 Νίσιϐιν,
2460 2479 2556 2531 σὺν
2605 2473 2928 2546 Ἑρμογένει
2956 2467 3342 2537 διακοσμοῦντι
3370 2464 3431 2518 τὸ
3460 2462 3624 2531 στρά-

2057 2591 2257 2643 τευμα.
2290 2565 2383 2634 Οἷς
2408 2568 2729 2637 συνυφαίνει
2755 2565 2851 2618 καὶ
2882 2564 2952 2616 τά
2985 2560 3075 2615 ἐπ’
3117 2557 3380 2628 ’Δρμενίᾳ
3409 2552 3633 2614 τούτοις

2057 2668 2328 2738 γενόμενα
2354 2662 2612 2734 τρόπαιαο
2651 2661 2750 2714 ὅσα
2777 2673 2837 2709 τε
2868 2653 3306 2724 Ἀλαμούνδαρος
3322 2647 3457 2738 ,τῶν
3484 2646 3627 2713 Σκη-

2059 2723 2238 2830 νητιῦν
2298 2723 2591 2826 βαρϐάρων
2642 2723 3015 2818 ἡγούμενος,
3046 2723 3342 2811 Ῥωμαίοις
3384 2733 3634 2790 ἐπελθὼν

2061 2829 2324 2923 ἔπραττεο
2351 2848 2735 2919 Τιμόστρατον
2770 2842 3062 2911 ζωγρίσας
3084 2837 3176 2889 τὸν
3217 2831 3445 2900 ἀδελφὸν
3478 2829 3629 2884 Ῥου-

2063 2945 2243 3013 φίερου,
2278 2940 2377 2993 σὺν
2404 2938 2617 3007 ἑτέροις
2652 2933 2927 2992 πλείστοις
2955 2928 3063 2981 τῶν
3092 2925 3376 2994 ἑπομένων
3399 2936 3415 2952 ⁶
3450 2918 3546 2971 καὶ
3572 2919 3629 2978 ἐς

2064 3036 2291 3106 ὕστερον
2320 3032 2569 3103 χρήμασι
2627 3024 2883 3097 μεγάλοις
2921 3020 3173 3075 ἀπέδοτο.
3205 3018 3341 3071 Δίαν
3386 3014 3630 3081 δὲπερι-

2064 3103 2253 3191 παθίῦς
2298 3123 2610 3195 ἀναγράφει
2677 3117 2775 3172 τοῦ
2827 3115 2991 3169 αὐτοῦ
3046 3107 3483 3181 ’Δλαμουνδάρου
3537 3103 3634 3157 καὶ

1983 3242 2029 3307 C
2063 3219 2362 3293 ’Δζαρέθου
2409 3216 2507 3286 τὴν
2567 3212 2710 3266 κατὰ
2753 3210 2852 3279 τῆς
2892 3204 3183 3276 Ῥωμαίων
3241 3201 3345 3270 γῆς
3395 3198 3580 3266 ἔφοδον
3613 3208 3628 3223 ⁸

2067 3317 2218 3377 ὅπως
2242 3311 2379 3384 πρὸς
2409 3308 2531 3379 βίαν
2556 3307 2666 3360 τῶν
2684 3304 2776 3357 ὑπ’
2807 3302 3013 3355 ἐκεῖνον
3041 3294 3395 3367 στρατιωτῶν
3427 3293 3505 3354 είς
3535 3290 3633 3358 τὴν

2068 3407 2280 3463 οἰκείαν
2332 3399 2814 3472 ὲπανερχομένων,
2873 3394 2969 3449 ἐπὶ
3020 3394 3141 3455 ταῖς
3194 3388 3290 3442 τοῦ
3347 3386 3634 3458 Εὐφράτου

2070 3491 2398 3567 προσϐαλὼν
2449 3490 2638 3561 ὄχθαις
2685 3489 2713 3540 ό
2750 3484 3106 3553 Βελισσάριος
3158 3478 3472 3550 συνερῤάγη
3497 3491 3511 3505 ·
3540 3476 3636 3528 καὶ

2073 3565 2150 3657 [si]
2202 3582 2639 3653 προσμείναντες
2672 3580 2738 3649 τῇ
2802 3573 3160 3644 Βελισσαρίου
3214 3569 3377 3639 βουλῇ
3408 3568 3459 3619 oi
3508 3565 3642 3635 περὶ

2071 3680 2236 3733 αὐτὸν
2253 3675 2647 3744 διεφθάρησαν,
2669 3668 2892 3742 ἡμερῶν
2912 3668 3003 3721 τοῦ
3029 3666 3216 3735 Πάσχα
3237 3660 3634 3731 ἐνισταμένων.

2071 3770 2182 3824 Καὶ
2223 3770 2296 3833 ὡς
2338 3767 2620 3835 Ῥουφῖνος
2644 3765 2739 3817 καὶ
2774 3760 3113 3832 Ἑρμογένης
3151 3757 3249 3827 τὴν
3297 3751 3641 3822 καλουμένην

2070 3862 2376 3932 ἀπέραντον
2425 3858 2561 3929 πρὸς
2622 3853 2836 3925 Πέρσας
2891 3852 3115 3922 εἰρήνην
3174 3847 3444 3917 ἔπραττον
3474 3859 3491 3875 ο
3544 3843 3641 3894 καὶ

2074 3928 2215 4025 μετά
2242 3951 2420 4014 τοῦτο,
2456 3928 2555 4017 τὴν
2583 3948 2640 4003 ὲν
2670 3942 2952 4010 Βυζαντίῳ
2988 3935 3289 4006 γενομένην
3315 3933 3503 3987 στάσιν
3530 3928 3641 3981 τῶν

2069 4018 2262 4116 δήμων
2290 4044 2326 4113 ἢ
2360 4040 2649 4108 ἐπίκλησιν
2698 4034 2822 4103 ἔσχε
2850 4035 2910 4085 τὸ
2939 4031 3092 4085 Νίκα
3117 4044 3131 4059 '
3180 4024 3428 4093 σύνθημα
3475 4018 3646 4073 δεδωο

2071 4140 2247 4193 κότων
2277 4135 2383 4188 τῶν
2412 4130 2686 4201 πολεμίων
2719 4126 2878 4180 τοῦτο
2909 4127 2975 4196 τῇ
3014 4121 3324 4192 συμπλοκῇ,
3384 4117 3510 4171 ὥστ’
3557 4116 3639 4167 ὲν-

2070 4228 2262 4283 τεῦθεν
2294 4206 2410 4278 ’τὸν
2440 4224 2728 4292 σύμμαχον
2758 4217 2858 4289 τὴν
2888 4218 2946 4279 ἐς
2992 4213 3260 4284 ἀλλήλους
3288 4208 3489 4278 γνῶσιν
3538 4222 3639 4258 πο-

2075 4318 2341 4390 ρίζεσθαιο
2373 4315 2608 4384 ὁπηνίκα
2644 4311 2900 4372 ’Υπάτιος
2930 4307 3023 4362 καὶ
3061 4305 3347 4375 Πομπήϊος
3386 4298 3521 4370 πρὸς
3549 4296 3640 4365 γέ-

2071 4389 2160 4474 νος
2193 4408 2403 4480 βασιλεί
2446 4402 2788 4471 Ἀναστασίῳ
2843 4398 3237 4469 προσήκοντες,
3291 4389 3640 4463 βιασαμένων

2072 4479 2420 4570 τῶνδήμων,
2451 4496 2531 4559 είς
2565 4490 2857 4563 τυραννίδα
2883 4488 3162 4560 ἦρθησαψ
3210 4483 3260 4538 οἶ
3309 4482 3417 4534 τῶν
3450 4479 3640 4549 δήμων

408 4574 613 4651 populo
659 4593 912 4652 cogente,
972 4584 1315 4655 tyrannidem
1371 4584 1721 4641 aﬁcctarunt.
1776 4585 1884 4641 Sed
1932 4587 1957 4641 ii

2076 4590 2301 4661 ὕστερον
2324 4587 2673 4659 ήσσηθέντων
2704 4581 2938 4655 Ναρσοῦ
2974 4582 3067 4633 καὶ
3097 4575 3462 4645 Βελισσαρίου
3512 4573 3638 4634 ταῖς

337 4709 349 4753 ξ
401 4682 587 4743 postea
605 4674 789 4743 plebe,
815 4674 1002 4729 Nersae
1031 4686 1087 4729 et
1118 4674 1366 4730 Belisarii
1393 4675 1582 4742 ductu,
1615 4677 1778 4741 victa,
1800 4676 1970 4733 Justi-

346 4773 351 4785 ‘
401 4766 551 4822 niani
611 4767 858 4838 jnssione
889 4767 1068 4837 capita
1123 4769 1449 4824 amiserunt.
1504 4769 1562 4824 ln
1618 4785 1685 4825 eo
1722 4771 1962 4825 tumultu

400 4860 697 4930 Procopius
733 4860 949 4931 triginta
996 4859 1163 4915 millia
1194 4860 1477 4915 hominum
1520 4877 1588 4916 ex
1620 4862 1775 4931 plebe
1835 4877 1967 4918 con-

399 4954 600 5008 cidisse
636 4951 789 5007 dicit.
851 4952 957 5007 Per
983 4966 1143 5023 quos,
1179 4953 1348 5018 addit,
1387 4955 1514 5009 odio
1536 4953 1832 5011 Justiniani
1883 4957 1967 5011 in-

400 5061 624 5100 censum
653 5060 772 5100 esse
807 5054 964 5100 vetus
994 5044 1287 5115 Sapientia:
1316 5045 1410 5101 Dei
1473 5048 1756 5117 templum,
1815 5048 1963 5118 quod

401 5139 810 5198 longiuscnlum
872 5137 1001 5193 fuit.
1036 5138 1093 5192 ld
1135 5138 1489 5193 Constantius
1535 5141 1664 5195 olim
1724 5139 1973 5195 funditus

402 5250 433 5287 ιι
488 5233 855 5287 Constantino
912 5243 1313 5298 constructum,
1371 5242 1485 5287 eta
1520 5248 1579 5288 se
1630 5234 1969 5299 absolutum,

401 5324 516 5379 Deo
591 5331 920 5378 sacraverat.
987 5322 1333 5393 Quapropter
1392 5323 1502 5377 illis
1586 5332 1789 5377 tantam
1863 5322 1971 5376 im-v

402 5415 663 5480 pietatem
722 5422 939 5483 patrare
983 5415 1157 5477 ausis,
1212 5413 1596 5483 permissione,
1629 5423 1689 5467 ut
1745 5413 1968 5482 opinor,

404 5506 526 5572 Dei,
564 5505 725 5576 quale
761 5505 815 5559 id
849 5505 1111 5576 deinceps
1136 5504 1382 5561 futurum
1408 5514 1554 5561 esset
1583 5505 1832 5571 scicntis,
1869 5501 1966 5558 Jn—

478 5712 553 5792 (Ι)
572 5712 720 5767 Ultra
740 5712 1081 5792 Pelusiacum
1111 5711 1307 5792 Arabia
1327 5720 1433 5775 est,
1451 5706 1969 5792 adlinbrumnmare

409 5783 711 5860 pertinens,
733 5792 788 5860 et
815 5784 1143 5860 odoriferam
1165 5782 1314 5860 illam
1346 5796 1411 5860 a_c
1433 5781 1773 5860 divitemaet.
1794 5781 1972 5834 Beata:

410 5850 729 5923 cognomine
765 5853 1039 5915 inclytam.
1078 5851 1199 5908 ιιιεο
1227 5853 1565 5908 Catabanum
1600 5861 1653 5907 et
1687 5850 1973 5905 Esbonita-

2080 4680 2461 4753 στρατηγίαις,
2491 4676 2585 4729 καὶ
2618 4670 2765 4728 οῦτοι
2814 4673 2914 4735 τὰς
2947 4668 3196 4737 κεφαλὰς
3246 4665 3512 4719 ἀπέθεντο
3546 4679 3641 4715 κε-

2076 4773 2321 4833 λεύοντος
2350 4764 2759 4823 Ἰουσεινιανοῦ.
2812 4764 2976 4831 Λέγει
3024 4760 3069 4814 δ⁷
3117 4759 3209 4813 οὖν
3256 4759 3285 4811 ό
3340 4754 3647 4826 Πῳκόπιος

2074 4865 2154 4935 τῷ
2188 4862 2486 4936 τηνικαῦτα
2527 4862 2698 4929 πόνῳ,
2729 4857 3030 4928 τριάκοντα
3062 4851 3312 4923 χιλιάδας
3339 4848 3433 4902 τοῦ
3470 4848 3663 4924 δήμου.

2080 4958 2289 5012 πεσεῖν.
2323 4953 2556 5016 Τούτους
2588 4949 2722 5020 φησὶ
2777 4948 2924 5019 μίσει
2954 4946 3030 5016 τῷ
3075 4945 3212 5015 πρὸς
3265 4937 3645 4997 ἰουστινιανδν

2078 5051 2360 5121 ἐμπρῆσαι
2395 5046 2488 5100 καὶ
2517 5047 2577 5098 τὸ
2602 5045 2732 5111 πρὶν
2762 5041 2992 5109 τέμενος
3021 5037 3124 5107 τῆς
3154 5035 3245 5089 τοῦ
3287 5032 3421 5088 θεοῦ
3449 5030 3647 5099 Σοφίας

2079 5144 2350 5211 ἐπίμηκες
2375 5140 2454 5191 δυ’
2483 5137 2510 5189 ὂ
2544 5135 2951 5193 Κωνσταντῖιιος
2976 5129 3144 5183 παλαι
3172 5132 3233 5181 ἐκ
3267 5126 3483 5197 βάθρων
3504 5122 3647 5190 ἐγεί-

2086 5254 2205 5307 ρας,
2237 5231 2472 5287 ἀνετίθει
2517 5214 2663 5298 Ὁεῷ·
2712 5226 2791 5279 διὸ
2843 5223 2938 5277 τοῦ
2997 5221 3134 5275 Θεοῦ
3193 5214 3648 5288 παραχωροῦντας

2081 5281 2748 5393 ἐκείνοις-διαπράξασθαι
2783 5317 2844 5370 τὸ
2862 5308 3133 5384 ’ἀσέϐημα
3156 5351 3171 5377 ,
3199 5281 3295 5364 ἆτε
3323 5281 3481 5378 otes;
3511 5304 3649 5361 είδό-
3692 5281 3707 5303 Ρ

2079 5437 2174 5483 τος
2198 5414 2311 5472 οἷον
2359 5415 2580 5477 ἔσεσθαι
2634 5411 2883 5482 ἔμελλεν,
2940 5402 3328 5462 Ἰουστινιανὸς
3381 5398 3522 5470 μετὰ
3549 5396 3649 5468 τὴν

2081 5515 2243 5583 νίκην
2272 5512 2331 5564 τὺ
2365 5507 2464 5579 μὲν
2494 5508 2574 5569 εἰς
2613 5505 2827 5575 ἄμυναν
2855 5501 3108 5565 ἐκείνοις,
3135 5497 3196 5550 τὸ
3222 5495 3278 5547 δὲ
3310 5494 3377 5546 δι’
3407 5490 3650 5553 ἐκείνως

2085 5718 2205 5765 rum
2279 5717 2335 5762 et
2382 5704 2726 5760 Scenitarnm
2803 5699 3042 5754 Arabum
3111 5701 3357 5765 vocatur,
3419 5687 3646 5765 sterilis2

2084 5756 3058 5850 praeterquamvttbi_§yriieuconﬁnia
3109 5764 3347 5850 attingit,
3380 5775 3493 5850 \nec
3543 5756 3649 5812 nisi

2083 5832 2443 5906 {Iasiom'onte
2475 5832 2695 5899 nobilis".
2728 5841 2890 5913 (Plin.
2926 5839 3020 5893 lib.
3056 5832 3398 5907 v,cap;tt.)
