4046 6512
393 369 498 431 ΞΠ

1627 372 2050 434 NICEPHORI
2089 374 2442 439 CALLISTI‘

3544 380 3652 444 iis

394 485 489 550 sit,
519 485 714 542 mortis
742 484 1076 557 supplicium
1109 485 1370 550 minatus,
1397 485 1440 540 si
1470 487 1589 558 quis
1637 486 1964 542 feminarum

2071 490 2217 556 σθαι,
2243 491 2297 543 εἴ
2324 510 2407 556 τις
2456 494 2550 547 ἐπὶ
2600 491 2658 546 τδ
2712 493 2821 548 τῶν
2880 466 3161 578 γυξαικῶν
3199 494 3508 568 χαράκωμα
3549 502 3624 554 τοι

393 578 597 632 vallum
666 578 945 649 ingressus
994 588 1164 633 esset.
1206 578 1322 634 Sub
1361 578 1478 635 haec
1522 578 1970 649 exploratoribus

395 667 784 740 Carthaginem
813 670 999 725 missis
1023 669 1327 736 mandavit,
1349 669 1440 725 ubi
1474 669 1701 726 Vandali
1735 670 1787 724 in
1810 685 1972 739 expe-

391 759 602 816 ditione
641 761 870 816 militari
903 761 957 815 in
987 761 1249 832 templum
1267 760 1706 818 Christianorum
1739 759 1963 830 aliquod

391 864 495 918 per
523 848 784 918 iniuriam
816 849 1217 906 contumeliose
1266 850 1569 922 quidquam
1611 850 1879 915 facerent,
1909 859 1972 905 ut

389 936 494 1007 ipsi
518 937 762 1007 quidem,
793 954 857 994 ea
887 955 1010 1009 qua:
1058 941 1274 1001 tierent.
1308 948 1657 1011 spectarent:
1682 949 1968 1010 postquam

390 1037 575 1083 autem
608 1028 836 1085 Vandali
859 1045 927 1086 ex
960 1047 1026 1086 eo
1061 1032 1185 1086 loco
1216 1031 1611 1096 decessissent,
1654 1031 1875 1087 diversa
1912 1039 1970 1087 ct

390 1123 671 1177 contraria
723 1123 913 1178 omnia
972 1124 1026 1178 in
1059 1124 1351 1179 delubrum
1408 1125 1486 1189 id,
1517 1123 1683 1195 750
1715 1124 1862 1179 unde
1891 1123 1970 1178 illi

389 1214 682 1279 abiissent,
710 1214 976 1271 facerent.
1009 1214 1152 1271 illud
1171 1217 1340 1272 etiam
1370 1231 1496 1272 eum
1527 1216 1735 1272 dixisse
1759 1215 1967 1283 ferunt,

393 1318 456 1359 se
481 1303 705 1375 quidem
737 1305 907 1360 Deum
960 1321 1124 1376 quem
1181 1305 1479 1365 Christiani
1513 1305 1781 1369 colerent,
1813 1305 1972 1374 igno-

388 1410 552 1463 rare;
612 1407 1039 1454 consentaneum
1088 1412 1220 1453 vero
1257 1408 1313 1452 et
1342 1412 1441 1468 par
1472 1413 1620 1462 esse,
1671 1397 1969 1466 siquidem.

392 1486 542 1554 quod
573 1486 874 1553 diceretur,
901 1489 1059 1543 fortis
1085 1497 1394 1558 potensque
1414 1496 1579 1552 esset,
1605 1496 1666 1543 ut
1685 1502 1809 1541 cum
1835 1502 1971 1542 cou—

388 1586 691 1648 temptores
714 1579 960 1635 numinis
1012 1582 1098 1635 sui
1130 1580 1515 1645 ulcisceretur,
1571 1590 1687 1636 tum
1727 1580 1971 1635 cultores
2008 1586 2011 1591 '

389 1677 663 1725 tueretur.
689 1670 879 1741 Itaque
902 1672 1297 1741 speculatores,
1330 1680 1622 1743 postquam
1684 1671 1972 1743 Carthagi-

387 1774 517 1816 nem
558 1772 846 1829 venerunt,
880 1779 977 1832 per
999 1764 1171 1818 otium
1218 1763 1294 1818 ibi
1349 1764 1633 1833 quievere,
1702 1764 1973 1822 Vandalu-

2072 583 2230 637 Μετὰ
2256 583 2314 635 δὲ
2351 584 2573 654 πέμψας
2627 589 2706 650 εἰς
2742 587 3071 658 Καρχηδόνα
3107 591 3488 653 κατασκόπους
3519 590 3651 644 ἐπέρ

2072 689 2235 726 ταττε
2261 674 2409 728 τάδε.
2442 676 2699 730 Ἐπειδὰν
2730 679 2778 730 oi
2806 678 3053 733 Βανδίλοι
3093 680 3186 731 ἐπὶ
3216 680 3320 750 τὴν
3356 683 3650 750 στρατείαν

2074 760 2385 832 βαδίζοντες
2413 762 2471 825 ἐς
2504 781 2627 819 τινα
2654 766 2791 820 νεὼν
2823 767 3121 838 ὑϐρίσωτιν
3149 768 3209 822 ὃν
3240 770 3289 822 oi
3322 770 3650 839 Χριστιανοϊ

2075 854 2346 922 σέϐονται,
2386 858 2583 927 αὐτοὺς
2631 859 2730 928 μὲν
2786 861 2992 931 ἒφορᾷν
3026 861 3094 915 τά
3128 861 3394 930 γινόμενα
3420 876 3435 890 ⁸
3462 861 3559 915 ἐὰν
3586 862 3647 914 δὲ

2071 948 2122 1001 οἱ
2156 948 2398 1003 Βανδίλοι
2435 950 2496 1003 τὸ
2523 951 2725 1021 χωρίον
2764 950 3067 1020 ἀμείψωσι,
3114 952 3293 1005 πάντα
3331 953 3506 1004 ποιεῖν
3553 953 3655 1004 τά-

2072 1041 2263 1093 ναντιι
2296 1043 2377 1103 είς
2404 1041 2465 1095 τὸ
2500 1041 2667 1110 ἱερὸν,
2691 1041 2753 1106 ἐξ
2784 1040 2845 1096 οὗ
2875 1042 2919 1096 δ’
2963 1040 3032 1095 ἂν
3063 1043 3265 1096 ἐκεῖνοι
3326 1041 3656 1112 βαδίσαντες

2071 1134 2351 1203 οῐχωνται.
2398 1134 2678 1188 Ἐπειπεῖν
2711 1134 2769 1188 δὲ
2804 1134 2970 1189 αὐτὸν
2995 1137 3092 1188 καὶ
3128 1133 3290 1189 τοῦτό
3335 1151 3499 1204 φασιν
3526 1135 3649 1200 ,ὡς

2071 1225 2263 1293 ἀγνοοῖ
2308 1225 2409 1294 μὲν
2448 1225 2544 1279 τδν
2578 1225 2711 1279 Θεὸν
2761 1226 2821 1279 δν
2870 1226 2919 1278 οί
2974 1225 3299 1297 Χριστιανοὶ
3346 1226 3594 1279 σέϐονται
3627 1240 3645 1257 ο

2072 1317 2220 1381 είκὺς
2247 1318 2306 1371 δὲ
2333 1318 2498 1372 αὐτόν
2549 1334 2737 1389 φησιν,
2767 1318 2821 1373 εί
2846 1335 2955 1389 περ
2996 1319 3217 1390 ἰσχυρός
3251 1320 3423 1386 ἐστιν,
3456 1317 3531 1381 ὡς
3560 1317 3652 1370 λέ-

2071 1426 2252 1479 γεται,
2280 1411 2541 1465 τίσασθαι
2574 1414 2672 1479 μὲν
2692 1411 2819 1474 τοὺς
2842 1411 3191 1480 ὑϐρίζοντας,
3217 1406 3422 1479 ἀμῦναι
3443 1410 3500 1463 δὲ
3530 1413 3651 1474 τοῖς

2072 1502 2491 1572 θεραπεύουσιν.
2529 1504 2593 1557 0i
2634 1501 2735 1572 μὲν
2769 1502 2864 1557 οὖν
2918 1502 3256 1557 κατάσκοποι
3307 1503 3364 1566 ἐς
3421 1503 3649 1572 Καρχη-

2070 1593 2196 1649 δόνα
2222 1594 2470 1657 ἐλθόντες
2518 1596 2837 1665 ὶσχόλαζον,
2862 1596 2964 1666 τὴν
2996 1595 3357 1666 παρασκευὴν
3380 1594 3487 1646 τῶν
3510 1594 3647 1647 Βαν-

2071 1685 2232 1741 δίλων
2265 1684 2556 1755 θεώμενοι.
2596 1687 2814 1757 Ἐπειδὴ
2844 1686 2902 1740 δὲ
2927 1687 2988 1739 τδ
3021 1686 3339 1757 στράτευμα
3376 1684 3476 1754 τὴν
3516 1683 3649 1753 Τρί-

2073 1779 2231 1832 πολιν
2262 1778 2453 1850 ᾔεσαν,
2483 1779 2743 1849 σχήματα
2790 1777 3254 1850 περιϐεϐλημένοι
3298 1777 3534 1830 ταπεινὰ
3565 1775 3648 1829 εῖ-

391 1869 516 1908 rutn
534 1866 855 1925 apparatum
889 1856 1018 1911 belli
1044 1866 1380 1928 spectantes.
1412 1857 1516 1915 Ubi
1538 1873 1671 1913 vero
1691 1859 1968 1913 exercitus

2072 1884 2259 1923 ποντο.
2284 1868 2347 1921 Oi
2367 1866 2427 1921 δὲ
2454 1866 2702 1921 Βανδίλοι
2728 1867 2804 1930 ὡς
2835 1866 3020 1938 ἡμέρᾳ
3041 1868 3108 1936 τῇ
3130 1865 3323 1936 πρώτῃ
3349 1863 3655 1934 ηὐλίσαντο

390 1960 587 2000 eorum
619 1946 885 2019 Tripolim
910 1964 1106 2004 versus
1129 1956 1263 2015 iret,
1291 1949 1471 2005 riliori
1503 1950 1695 2005 habitu
1722 1958 1963 2021 sumpto,

390 2036 678 2094 subsecuti
713 2050 865 2096 sunt.
899 2040 1073 2096 Porro
1107 2041 1336 2097 Vandali
1365 2042 1455 2098 die
1490 2043 1668 2113 primo
1690 2042 1745 2098 in
1779 2041 1970 2098 Chris-

384 2131 664 2188 tianorum
717 2134 933 2205 templis
996 2143 1359 2200 manserunt,
1404 2142 1461 2189 et
1519 2134 1761 2190 inductis
1815 2135 1871 2190 in
1902 2149 1967 2190 ea

382 2225 544 2293 equis
559 2233 617 2279 et
639 2225 906 2296 iumentis
923 2226 1070 2292 aliis,
1094 2226 1233 2281 nihil
1262 2226 1331 2282 de
1372 2227 1576 2297 injuria
1601 2228 1970 2288 contumelia-

384 2334 495 2387 que
552 2320 737 2389 aliqua
791 2320 987 2390 reliqui
1022 2320 1323 2390 quidquam
1381 2320 1584 2376 fecere.
1619 2320 1687 2376 Et
1745 2321 1968 2377 lascivia

383 2411 727 2482 libidineque
745 2427 844 2467 sua
864 2411 974 2477 usi,
1002 2413 1391 2469 sacerdotibus
1407 2428 1551 2484 quos
1575 2415 1965 2484 arripuissent,

384 2501 644 2570 colaphOs
675 2503 1042 2572 impegerunt,
1076 2512 1132 2557 et
1159 2503 1336 2574 plagis
1367 2504 1627 2563 multisin
1659 2515 1812 2577 tergo
1836 2506 1968 2562 affe-

383 2605 600 2659 cerunt,
625 2594 1049 2665 subservireque
1077 2609 1173 2649 eos
1189 2596 1293 2651 sibi
1329 2607 1645 2665 coegerunt.
1670 2597 1966 2667 Postquam

384 2702 518 2743 vero
539 2687 828 2744 celerrime
865 2690 993 2745 inde
1027 2690 1426 2751 discesserunt.
1461 2690 1734 2745 Cabaouis
1772 2690 1969 2761 explo-

384 2787 620 2844 ratores,
645 2781 933 2851 quaeipsis
964 2782 1220 2837 mandata
1255 2791 1435 2846 erant,
1485 2781 1687 2837 fecere.
1740 2780 1968 2851 Templa

385 2888 624 2943 namque
692 2874 983 2931 confestim
1052 2884 1447 2946 rcpurgarunt,
1503 2884 1559 2929 et
1590 2872 1967 2944 purgamentis

382 2966 621 3036 aliisque
649 2967 838 3034 rebus,
858 2984 981 3037 qum
1015 2968 1103 3023 ibi
1130 2969 1312 3023 minus
1338 2975 1527 3022 sancte
1565 2968 1761 3037 posita:
1782 2974 1961 3028 erant,

384 3075 513 3114 cum
548 3074 683 3115 cura
723 3068 780 3114 et
821 3060 1105 3131 diligentia
1156 3058 1371 3129 ejectis,
1425 3062 1531 3114 ritc
1565 3061 1748 3113 omnia
1781 3057 1968 3128 dispo-

385 3166 571 3219 suere,
604 3153 862 3209 lucernas
878 3170 1073 3209 omnes
1104 3153 1421 3217 incendere,
1453 3152 1770 3208 sacerdotes
1797 3167 1970 3207 vene-

384 3244 600 3299 ratione
653 3245 861 3315 ingenti
903 3246 1242 3309 coluerc,et
1296 3243 1641 3298 humanitate
1683 3242 1790 3296 alia
1817 3241 1966 3296 omni

383 3340 665 3408 prosecuti
729 3346 883 3391 sunt.
934 3336 1238 3407 Argentum
1297 3351 1522 3406 quoque
1551 3334 1847 3402 mendicis,
1870 3334 1963 3403 qui

383 3429 593 3485 circum
641 3444 827 3484 sacras
873 3428 1022 3483 aedes
1081 3426 1791 3490 cousidebant,dederunt.
1854 3428 1971 3482 Hoc

385 3531 547 3592 pacto
579 3522 656 3577 illi
688 3521 1059 3578 Vandalorum
1086 3522 1274 3588 cupias
1304 3529 1436 3574 sunt
1477 3534 1607 3574 secu
1638 3519 1676 3574 i.
1707 3520 1770 3573 Et
1794 3518 1862 3574 ab
1901 3534 1969 3573 eo

387 3627 637 3685 tempore
660 3615 716 3670 in
741 3613 1082 3685 profectione
1117 3624 1174 3667 ct
1206 3612 1406 3668 itinere
1471 3622 1584 3668 toto
1622 3611 1848 3667 Vandali
1901 3610 1968 3665 ad

388 3713 534 3764 hunc
584 3710 763 3777 ipsum
799 3707 1021 3762 modum
1073 3716 1389 3775 peccarunt.
1424 3705 1807 3774 Speculatores
1843 3718 1971 3760 vero

386 3793 1300 3872 peccatumeorunqcorrexerunt.
1351 3796 1613 3853 Sedenim
1677 3796 1973 3852 cuurVan-

385 3894 498 3953 dali
529 3894 643 3965 jam
672 3909 783 3948 non
806 3893 969 3961 longe
996 3893 1065 3945 ah
1099 3906 1167 3946 eo
1194 3906 1359 3961 quem
1388 3891 1650 3961 petebant
1674 3891 1794 3945 loco
1817 3890 1973 3945 abes-

383 3996 529 4052 sent,
556 3995 946 4057 prmvcrteutes
971 3999 1067 4040 cos
1084 3983 1485 4054 exploratores,
1514 3982 1756 4038 Cabaoni
1782 3983 1969 4038 omnia

383 4096 449 4135 ea
490 4095 614 4150 quae
647 4090 700 4135 ct
728 4078 954 4135 Vandali
990 4087 1046 4132 et
1078 4077 1180 4147 ipsi
1239 4076 1292 4132 iu
1328 4076 1771 4132 Christianorum
1832 4086 1971 4131 tem-

385 4171 495 4240 plis
548 4170 829 4237 fet-issent,
851 4169 1185 4233 retulerunt,
1226 4168 1395 4239 atque
1430 4168 1750 4237 hostesiam
1791 4184 1970 4240 prope

382 4263 577 4319 adesse
643 4262 1051 4318 renuntiarunt.
1106 4263 1319 4330 Quibus
1351 4262 1442 4317 ille
1465 4262 1646 4317 rebus
1706 4263 1964 4339 cogpitis,

386 4369 566 4425 pugna
617 4369 745 4409 cum
800 4354 912 4410 illis
955 4364 1039 4408 cst
1078 4366 1432 4423 congressus.
1483 4351 1543 4406 lu
1561 4366 1630 4407 eo
1658 4351 1965 4406 certamine

345 4464 356 4473 σ
387 4447 540 4502 multi
571 4445 825 4509 Vandali,
850 4445 991 4500 sicut
1036 4445 1153 4513 ipse
1205 4443 1409 4513 inquit,
1463 4443 1739 4499 interfecti
1786 4452 1916 4497 sunt
1948 4482 1965 4507 ,

2071 1962 2129 2023 ἐς
2153 1962 2282 2024 τοὺς
2312 1958 2450 2024 νεῶς
2482 1959 2594 2014 τῶν
2622 1958 2991 2029 Χριστιανῶν,
3018 1958 3148 2020 τούς
3176 1974 3236 2012 τε
3263 1957 3464 2019 ἵππους
3494 1955 3562 2010 τά
3586 1970 3647 2007 τε

2070 2053 2206 2108 ἄλλα
2240 2052 2355 2117 ζῶα
2409 2053 2801 2119 ἐσαγαγόντες,
2846 2049 3062 2122 ὕϐρεώς
3092 2068 3153 2104 τε
3201 2049 3463 2119 οὐδεμιᾶς
3510 2049 3649 2101 άπε-

2070 2145 2347 2212 λείποντο,
2365 2147 2460 2200 καὶ
2480 2146 2636 2200 αὐτοὶ
2658 2145 2927 2217 ἀκολασίᾳ
2956 2147 3024 2216 τῇ
3052 2146 3295 2214 σφετέρᾳ.
3320 2143 3644 2214 ἐχρήσαντο.

2070 2237 2211 2303 Tati;
2240 2255 2299 2292 τε
2330 2240 2499 2310 ἱερεῖς
2530 2237 2625 2301 οὓς
2655 2238 2899 2304 λάϐοιεν,
2930 2236 3236 2308 ὲρῤάπιζόν
3265 2254 3350 2301 τε,
3394 2234 3493 2289 καὶ
3534 2233 3655 2300 ξαί-

2071 2347 2254 2394 νοντες
2311 2330 2456 2384 κατὰ
2507 2330 2604 2384 τοῦ
2656 2329 2832 2384 νώτου
2863 2330 3088 2393 πολλὰς,
3116 2329 3423 2397 ὑπηρετεῖν
3456 2328 3646 2396 σφίσιν

2069 2420 2405 2491 ἠνάγκαζον.
2449 2420 2673 2490 Ἐπειδὴ
2705 2421 2763 2474 δὲ
2795 2420 3029 2490 τάχιστα
3063 2418 3274 2473 ἐνθένδε
3322 2417 3650 2487 ἀπηλλάγηο

2071 2530 2194 2580 σαν,
2222 2513 2440 2566 ἐποίουν
2482 2512 2531 2564 οἱ
2560 2510 2652 2564 τοῦ
2686 2510 2994 2565 Καϐαώνου
3027 2508 3389 2573 κατάσκοποι,
3417 2507 3519 2560 ὅσα
3550 2506 3653 2558 αύ-

2068 2604 2179 2665 τοῖς
2207 2601 2560 2655 ἐπετέτακτο.
2586 2599 2671 2655 Τά
2714 2616 2776 2653 τε
2811 2601 2917 2670 γὰρ
2950 2600 3072 2670 ἱερὰ
3103 2596 3379 2669 καθῄρουν
3409 2596 3607 2649 αὒτίκα
3629 2611 3651 2629 ο

2044 2695 2170 2765 -τήν
2204 2711 2266 2747 τε
2298 2692 2506 2763 κόπρον
2549 2693 2648 2747 καὶ
2674 2692 2729 2746 εῐ
2757 2709 2811 2751 τι
2859 2691 2992 2747 ἄλλο
3028 2691 3128 2761 οὐχ
3175 2691 3340 2753 ὁσίως
3393 2688 3655 2741 ἐπέκειτο

2071 2784 2171 2839 σὺν
2199 2783 2491 2856 ἐπιμελείᾳ
2536 2783 2891 2855 ἀφελόμενοι,
2922 2783 3106 2848 καλῶς
3134 2782 3467 2837 διετίθεντοο
3492 2779 3562 2835 τά
3587 2796 3650 2832 τε

2067 2876 2241 2949 λύχνα
2267 2876 2458 2932 ἔκαιον
2481 2877 2723 2941 ἅπαντα,
2747 2877 2990 2940 καὶτοὺς
3012 2878 3196 2947 ἱερέας
3217 2874 3357 2929 αἰδοῖ
3382 2875 3448 2944 τῇ
3478 2871 3649 2943 πολλῇ

2068 2971 2516 3042 προσεκύνησαν,
2546 2969 2644 3023 καὶ
2665 2972 2734 3041 τῇ
2756 2968 2891 3040 ἄλλῃ
2911 2966 3285 3039 φιλοφροσύνῃ
3307 2966 3654 3036 ἠσπάσαντοο

2068 3063 2313 3135 ἀργύριά
2339 3079 2401 3116 τε
2450 3064 2567 3126 τοῖς
2615 3063 2857 3133 πτωχοῖς
2904 3061 3111 3123 δόντες,
3141 3059 3193 3113 οἳ
3225 3060 3369 3129 ἀμφὶ
3402 3058 3473 3111 τὰ
3521 3058 3646 3128 ἱερά

2069 3158 2245 3214 ταῦτα
2273 3158 2569 3225 ἐκάθηντο.
2592 3155 2755 3213 Οὕτω
2777 3155 2835 3211 δὲ
2862 3156 2930 3226 τῇ
2959 3153 3251 3223 Βανδὴλων
3297 3152 3528 3223 στρατιᾷ
3571 3151 3653 3204 εῖ-

2073 3264 2237 3302 ποντο
2261 3262 2277 3278 ·
2314 3250 2411 3302 καὶ
2443 3246 2551 3301 άπὸ
2596 3246 2790 3300 τούτου
2840 3245 2984 3300 κατὰ
3041 3246 3141 3313 τὴν
3175 3243 3296 3297 ὁδὸν
3350 3242 3650 3313 σύμπασαν

2073 3342 2123 3393 oi
2174 3338 2424 3423 Βενδίλοι
2478 3339 2620 3393 κατά
2673 3337 2849 3392 ταῦτα
2905 3338 3247 3409 ἡμάρτανον,
3275 3338 3371 3391 καὶ
3402 3335 3455 3388 οἱ
3484 3333 3689 3395 κατά-η

2075 3448 2268 3486 σκοποι
2297 3430 2655 3501 ἐθεράπευον.
2692 3429 2913 3502 Ἐπειδὴ
2943 3430 3001 3484 δὲ
3030 3428 3205 3500 ἀγχοῦ
3239 3428 3464 3482 ἔσεσθαι
3488 3426 3655 3498 εμελτ

2072 3525 2187 3588 λον,
2212 3523 2665 3593 προτερήσαντες
2690 3522 2743 3574 οἱ
2774 3523 3143 3588 κατάσκοποι,
3193 3519 3524 3590 ἀγγέλλουσι
3571 3518 3661 3589 τῷ

2075 3614 2353 3686 Καϐαώνῃ
2402 3606 2504 3669 ὅσα
2537 3613 2817 3675 Βανδίλοις
2847 3629 2906 3666 τε
2949 3613 3045 3667 καὶ
3079 3613 3264 3682 σφίσιν
3301 3613 3358 3676 ἐς
3392 3612 3465 3667 τά
3513 3613 3653 3682 Χρι-

2074 3702 2310 3757 στιανῶν
2342 3702 2463 3772 ἱερὰ
2493 3703 2775 3773 εἴργαστο,
2826 3702 2922 3756 καὶ
2968 3703 3139 3771 ὲγγύς
3184 3720 3288 3757 που
3319 3701 3371 3756 οἱ
3398 3703 3651 3773 πολέμιοι

2075 3793 2186 3852 εἷεν
2211 3811 2226 3826 ⁸
2257 3797 2285 3851 ὁ
2317 3795 2376 3849 δὲ
2401 3795 2664 3861 ἀκούσας,
2700 3796 2756 3857 ἐς
2785 3795 2886 3866 τὴν
2912 3794 3189 3868 ξυμϐολὴν
3219 3796 3538 3852 καθίστατο.
3584 3795 3663 3850 οι

2075 3890 2177 3961 μὲν
2224 3884 2321 3943 οὖν
2371 3888 2583 3953 πολλοὶ,
2616 3887 2690 3950 ὥς
2736 3904 2892 3958 φησι,
2937 3888 3210 3941 Βανδίλων
3240 3887 3612 3959 διεφθάρησαν
3638 3903 3650 3918 ·

2071 3983 2182 4037 εἰσὶ
2212 3982 2269 4037 δὲ
2297 3980 2348 4034 οἶ
2378 3981 2472 4035 καὶ
2514 3980 2619 4034 ὑπὸ
2649 3983 2764 4044 τοῖς
2807 3981 3090 4050 πολεμίοις
3138 3982 3390 4050 ἐγένοντο
3418 3997 3437 4015 ο
3471 3980 3666 4048 ὀλίγοι.⁴

2070 4090 2130 4128 τε
2158 4073 2357 4143 κομιδῇ
2392 4073 2457 4124 ἑκ
2492 4068 2587 4123 τοῦ
2622 4070 2855 4141 στρατοῦ
2908 4070 3103 4125 τούτου
3138 4073 3227 4126 ἐπ’
3266 4072 3418 4126 οἴκου
3450 4072 3660 4126 ἀπεκο-

2073 4164 2373 4238 μίσθησαν.
2399 4162 2585 4217 Ταῦτα
2618 4163 2718 4233 μὲν
2748 4162 3164 4234 Τρασαμούνδῳ
3193 4166 3387 4218 παθεῖν
3416 4163 3492 4234 τῷ
3513 4163 3657 4217 Βαν-

2069 4257 2199 4327 δίλῳ
2228 4257 2334 4309 ὑπὸ
2362 4253 2721 4322 Μαυρουσίων
2756 4254 2972 4323 ἐγένετο
2991 4269 3006 4284 ο
3038 4254 3100 4308 οὐ
3135 4254 3314 4326 πολλῷ
3333 4254 3391 4309 δὲ
3419 4253 3649 4326 ὕστερον

2071 4349 2329 4403 ἐτελεύτα
2361 4347 2455 4402 τὸν
2488 4348 2627 4417 βίον,
2673 4346 2817 4402 ἑπτὰ
2873 4348 2970 4401 καὶ
3001 4347 3212 4402 εἴκοσιν
3242 4350 3513 4411 ἐνιαυτοῖς
3549 4346 3649 4402 τοῦ

2071 4440 2344 4495 Βανδίλων
2366 4439 2557 4504 Ξθνους
2586 4439 2992 4511 ἡγεμονεύσας.
3024 4441 3139 4511 Πρὸ
3159 4441 3217 4495 δὲ
3245 4442 3461 4506 τούτου,
3484 4439 3651 4494 Γούνο

384 4537 546 4595 multi
579 4538 649 4593 ab
704 4536 959 4592 hostibus
988 4535 1157 4604 capti,
1186 4536 1344 4605 pauci
1377 4548 1508 4590 sane
1535 4550 1599 4588 ex
1622 4549 1688 4589 eo
1712 4534 1964 4590 exercitu

2070 4529 2245 4601 δαμος
2286 4526 2586 4602 Ὀνωρίχου
2640 4532 2790 4595 παῖς,
2830 4529 3057 4601 ἔκγονος
3090 4530 3149 4585 δὲ
3185 4520 3475 4604 Γιζερίχου
3500 4546 3515 4563 ·
3567 4524 3645 4585 ὧν

329 4646 337 4719 =1
385 4630 612 4685 domum
640 4628 849 4685 reversi
865 4637 1012 4683 sunt.
1043 4626 1167 4683 Haec
1183 4626 1565 4682 Trasamundo
1595 4626 1674 4698 (Ι)
1719 4625 1964 4683 Vandalo

386 4723 733 4779 aMaurusiis
756 4719 1113 4777 acciderunt:
1149 4721 1244 4791 qui
1279 4733 1388 4773 non
1408 4719 1582 4774 multo
1614 4726 1738 4787 post
1788 4717 1956 4772 vitam

385 4815 547 4881 finiit,
565 4829 690 4869 cum
710 4812 901 4882 viginti
925 4820 981 4868 et
1000 4822 1211 4882 septem
1230 4812 1394 4867 annis
1415 4810 1785 4866 Vandalorum
1809 4812 1963 4881 genti

385 4904 697 4976 praefuisset
743 4922 757 4957 :
800 4914 928 4960 ante
977 4904 1124 4958 hunc
1173 4913 1354 4958 autem
1384 4900 1713 4956 Gundamus
1751 4901 1828 4970 (2)
1857 4899 1967 4954 Ho-

384 4996 600 5052 norichi
634 4997 807 5062 ﬁlius,
829 4993 1155 5051 Genzerichi
1181 5006 1366 5049 autem
1394 5006 1587 5062 nepos,
1628 4990 1952 5052 duodecim,

387 5088 735 5145 llonoricbus
764 5102 895 5143 vero
914 5098 1034 5144 octo
1060 5101 1236 5143 annos
1267 5101 1495 5157 regnum
1527 5083 1983 5141 adminisrravita

385 5181 544 5254 751
570 5181 985 5237 Trasamuudus
1034 5181 1112 5251 (3)
1161 5182 1264 5235 iste
1301 5179 1500 5235 eximia
1533 5178 1730 5243 forma,
1758 5178 1960 5238 animi-

384 5289 494 5344 que
524 5274 705 5344 magni
724 5273 828 5338 vir,
851 5275 918 5327 ad
938 5272 1387 5328 Theudericbum
1408 5272 1740 5329 Gatthorum
1770 5287 1956 5342 regem

460 5410 983 5485 (llTrasamundus
1012 5409 1289 5485 Vandalus
1311 5411 1749 5485 prtitodoaortttn
1775 5410 1968 5485 hostis

385 5479 712 5545 acerrimus,
754 5482 810 5535 in
858 5482 1042 5540 Africa
1081 5481 1190 5534 220
1239 5480 1528 5550 episcopos
1574 5483 1628 5536 in
1652 5479 1963 5537 Sardiniam

385 5555 673 5623 relegavit,
703 5552 903 5621 quibus
953 5551 1345 5623 Symmachus
1371 5551 1532 5607 item.
1564 5551 1796 5623 antistes
1817 5551 1964 5605 elec-

386 5619 668 5695 tnosi'uam
693 5619 1089 5695 quotidianam
1124 5621 1381 5695 submisit
1403 5619 1682 5694 (hiscum)

462 5690 895 5764 (‘2)0andiunum
930 5693 1023 5747 alii
1047 5690 1476 5762 Gandabyudum
1504 5690 1721 5757 vocant,
1765 5690 1963 5746 crude-

388 5763 525 5817 lem
564 5764 974 5819 (Jatholicorum
1035 5773 1474 5833 persecutorem.

462 5836 541 5900 ('5l
575 5833 987 5891 Trasamundus
1006 5832 1332 5890 decessurus
1365 5832 1770 5903 llilderichum,
1796 5847 1960 5900 quem

2070 4625 2099 4677 ὁ
2131 4621 2234 4694 μὶν
2266 4621 2476 4676 δώδεκα
2505 4621 2625 4693 ἔτη,
2654 4621 2799 4677 ὀκτὼ
2825 4623 2883 4678 δὲ
2914 4614 3212 4696 ὀνώριχος
3238 4618 3400 4696 ἦρεν
3423 4624 3652 4695 Τρασαρ

2075 4714 2304 4786 μοῦνδος
2332 4714 2391 4769 δὲ
2437 4715 2581 4787 ἀνὴρ
2631 4715 2813 4780 εἴδους
2838 4711 2897 4771 εὖ
2928 4714 3072 4788 ἔχων
3122 4719 3217 4771 καί
3241 4717 3649 4788 μεγαλόψυχος,

2071 4807 2210 4879 πρὸς
2237 4806 2562 4878 Θευδέριχον
2590 4808 2807 4881 ἔπεμπε
2834 4809 3065 4880 βασιλέα
3085 4810 3195 4868 τῶν
3215 4811 3454 4876 Γότθων,
3473 4809 3661 4879 Ἅμα-ς

2071 4899 2377 4955 λασούνθαν
2408 4900 2648 4972 ἀδελφὴν
2676 4901 2843 4955 αὑτοῦ
2877 4903 3016 4973 πρὸς
3044 4903 3226 4973 γάμον
3247 4903 3455 4958 λαϐεῖν.
3498 4902 3562 4956 '0
3591 4901 3651 4955 δὲ

2069 4992 2255 5047 δίδωσι
2284 4993 2380 5048 καὶ
2407 4992 2612 5063 χιλίους
2669 4993 2889 5047 regem
2921 4994 3297 5058 ὑπασπιστὰς,
3334 4994 3431 5048 καὶ
3454 4995 3649 5064 ἑτέρας

2075 5084 2239 5138 πέντε
2263 5083 2510 5154 χιλιάδας
2557 5083 2875 5154 δορυφόρων
2909 5084 3064 5152 τάξιν
3096 5083 3465 5155 πληροῦντας.
3507 5066 3651 5136 Tati-

2068 5192 2166 5229 του
2201 5174 2260 5229 δὲ
2289 5172 2737 5244 τελευτήσαντος,
2793 5174 3086 5246 Ίλδέριχος
3124 5176 3153 5228 ὁ
3186 5174 3489 5244 Ὀνωρίχου
3548 5173 3647 5227 τοῦ

2070 5268 2360 5339 Γιζερίχου
2413 5269 2625 5332 παιδὸς,
2684 5267 3092 5335 ἐϐασίλευσεν,
3142 5268 3293 5339 ἀνὴρ.
3333 5269 3509 5338 πρᾶος
3552 5266 3648 5321 καὶ

2072 5406 2166 5461 alii
2198 5404 2612 5461 Childerichum
2652 5402 2954 5474 appellant,
3018 5414 3375 5474 sacramento
3420 5401 3654 5474 jurisju-

2066 5477 2222 5531 randi
2255 5476 2571 5540 obstrinxit,
2651 5488 2724 5527 ne
2752 5472 3061 5528 Catholicis
3094 5489 3336 5542 unquam
3389 5472 3643 5541 faveret:

2076 5562 2203 5601 nam
2232 5561 2563 5617 propensum
2596 5558 2737 5617 eum
2755 5543 2823 5598 ad
2860 5544 2982 5597 illos
3009 5545 3462 5617 complectendus
3525 5556 3651 5597 esse

2007 5640 2014 5647 -
2075 5613 2564 5671 animadverterat.
2622 5615 2693 5666 At
2725 5613 2840 5681 ipse
2879 5629 3048 5681 regno
3075 5617 3306 5683 potitus,
3362 5614 3654 5683 episcopos

2073 5686 2414 5740 orthodoxos
2448 5686 2516 5738 ab
2571 5683 2768 5738 exsilio
2806 5685 3113 5745 revocavit,
3164 5685 3355 5753 eisque
3384 5683 3653 5753 ecclesias

2074 5757 2455 5810 reformaudas
2488 5754 2865 5825 demandavit.
2896 5755 3028 5825 Quae
3060 5769 3150 5809 res
3174 5754 3228 5811 ei
3253 5752 3397 5825 apud
3434 5752 3649 5809 Vanita-

2073 5829 2151 5883 los
2180 5826 2411 5881 Arianos
2450 5825 2629 5881 fraudi
2653 5824 2777 5879 iuit.
2800 5824 3000 5897 tiliae.)
