4046 6478
450 433 546 497 2'1

1662 430 2087 490 NlCEl‘llORl
2125 429 2473 489 CALLlS'l‘I
2515 391 2526 401 ’

3582 425 3695 488 ΞΞΞ

450 557 632 596 amem
686 542 883 609 templa
941 557 1036 595 sui
1088 554 1509 610 recuperarunt,
1561 545 1715 613 justa
1760 545 2019 614 CyptiAni

2127 543 2620 612 τατροπωσάμενος
2668 538 3050 609 Βελισσὰριος,
3080 538 3270 592 ἔπειτα
3297 539 3352 602 ἐς
3397 537 3699 602 Βυζάντιον

452 634 706 704 martyris
736 633 1170 701 prtedictioncm.
1197 633 1275 688 Ad
1302 634 1418 689 ltzuc
1442 634 1740 708 Pruropius
1769 637 1859 690 illa
1883 651 2022 705 quo-

449 740 556 795 que
615 725 893 779 memoria:
941 726 1282 794 posteritatis
1331 727 1761 782 commendavit.
1812 728 2021 786 Belisa-

451 819 617 880 rium,
654 817 749 870 ubi
774 815 842 870 de
868 816 1127 871 Vandalis
1168 818 1326 873 victis
1358 827 1560 887 tropaea
1589 819 1892 883 statuisset,
1922 820 2024 890 By-

448 909 690 963 zantium
730 907 963 962 rediisse
1017 923 1140 962 cum
1189 907 1384 977 spoliis
1434 918 1489 965 et
1541 910 1687 965 bello
1734 919 2018 979 captorum

447 1000 734 1055 hominum
768 998 1122 1054 multitudine
1156 1000 1365 1067 ingenti
1398 1019 1411 1057 :
1462 1003 1518 1055 in
1560 1002 1761 1071 quibus
1800 1010 1854 1056 ct
1879 1001 2022 1057 Geli-

447 1108 566 1148 mer
594 1095 815 1147 illorum
852 1093 961 1147 dux
993 1093 1119 1147 fuit.
1167 1094 1528 1165 Triumphum
1566 1095 1678 1165 egit
1722 1095 2020 1150 Belisarius

449 1185 505 1239 in
559 1184 927 1253 hippodromo
963 1201 976 1238 :
1030 1187 1083 1238 in
1115 1200 1225 1253 quo
1255 1200 1379 1239 cum
1422 1186 1526 1240 alia
1570 1187 1740 1242 multa
1782 1186 2023 1241 admira-

451 1279 601 1331 tione
631 1278 814 1347 digna,
866 1287 980 1330 tum
1016 1279 1294 1346 praecipue
1328 1262 1563 1332 donaria
1597 1278 1798 1349 ingenti
1844 1278 1894 1332 vi
1929 1294 2024 1345 pe-

451 1367 738 1421 cuniarum
787 1367 1076 1430 :rstimata,
1134 1377 1346 1437 portata
1390 1378 1559 1422 sunt:
1619 1383 1738 1437 quas
1793 1367 2023 1424 donaria

451 1457 852 1512 Genzerichnm
875 1468 1034 1513 antea
1061 1458 1297 1513 diximus
1318 1460 1501 1513 Roma:
1526 1473 1871 1523 convasasse,
1895 1477 2020 1516 cum

452 1548 528 1601 ibi
561 1547 616 1602 in
652 1549 857 1617 regiam
904 1560 1157 1620 receptus
1186 1559 1352 1615 esset,
1383 1559 1436 1604 et
1469 1552 1668 1621 templa
1712 1551 2024 1631 invasisset.

452 1640 572 1705 Quo
624 1650 872 1710 tempore
918 1641 1133 1697 scilicet
1189 1639 1434 1695 Eudoxia
1482 1641 1874 1707 Valentiniani,
1929 1645 2023 1713 qui

450 1730 801 1787 Occidentale
870 1734 1202 1803 gubernavit
1265 1732 1583 1802 imperium,
1635 1734 1856 1803 coniux,
1921 1735 2023 1789 sub

450 1822 684 1877 Maximo
711 1832 963 1894 tyranno,
990 1832 1281 1893 postquam
1314 1824 1475 1878 simul
1501 1834 1558 1878 et
1586 1823 1764 1878 virum
1799 1840 1895 1892 per
1923 1839 2027 1879 cae-

449 1916 573 1970 dem
609 1915 902 1981 amisisset,
937 1924 994 1970 et
1024 1917 1076 1970 in
1117 1916 1427 1997 castitatem
1453 1916 1574 1986 ejus
1600 1916 1820 1972 illusum
1850 1925 2020 1983 esset,
2050 1905 2097 1966 Β

447 2023 574 2061 eum
613 2008 884 2074 evocavit,
915 2007 1139 2063 ductum
1178 2008 1228 2063 ei
1277 2017 1442 2078 atque
1490 2008 1794 2080 ingressum
1829 2011 1884 2063 in
1929 2025 2023 2064 ur-

448 2098 575 2153 bem
602 2099 923 2154 Romanam
968 2100 1234 2170 pollicita.
1273 2100 1349 2154 lbi
1382 2115 1511 2155 vero
1564 2100 1658 2156 ille
1707 2111 1763 2156 et
1792 2101 2020 2156 Romam

448 2190 559 2260 igni
591 2191 845 2257 vastavit,
880 2200 934 2247 et
964 2192 1268 2247 Eudoxiam
1301 2207 1435 2248 cum-
1461 2192 1679 2247 duabus
1707 2190 1924 2247 ﬁliabus
1953 2192 2021 2247 ad

446 2282 724 2339 Vandalus
754 2283 1003 2339 abduxit.
1038 2285 1198 2355 753
1231 2286 1309 2339 Eo
1338 2287 1457 2355 ipso
1491 2294 1737 2355 tempore
1765 2300 1873 2353 una
1897 2301 2022 2341 cum

411 2365 570 2428 'aliis
605 2376 822 2430 eximiis
848 2376 1003 2430 urbis
1031 2377 1374 2430 ornamentis
1406 2376 1573 2431 etiam
1595 2376 1844 2443 donaria,
1871 2392 2023 2447 qua:-

446 2481 669 2535 cunque
717 2466 1041 2535 Vespasiani
1086 2466 1232 2520 ﬁlius
1271 2467 1451 2533 Titus,
1498 2468 1673 2537 captis
1716 2466 2026 2539 Hierosoly-

453 2556 580 2619 mis,
605 2556 837 2611 Romam
862 2556 1184 2626 pertulerat,
1213 2566 1269 2612 et
1297 2557 1554 2611 Salomon
1588 2559 1864 2627 quondam
1889 2559 2020 2623 Deo,

451 2662 616 2717 quem
648 2647 702 2702 in
733 2647 929 2717 primis
956 2647 1148 2713 coluit,
1182 2647 1482 2714 dicaverat,
1523 2647 1900 2704 Genzcrichus
1933 2664 1988 2702 ra

449 2740 590 2810 puit.
637 2739 769 2808 Quae
821 2740 1043 2809 quidem
1096 2742 1279 2795 omnia
1341 2740 1713 2805 Justinianus,
1740 2740 2020 2797 Christum

445 2834 618 2888 Deum
645 2845 892 2889 nostrum
918 2834 1147 2889 mirifice
1170 2834 1470 2895 honorans,
1502 2833 1899 2901 Hierosolyma,
1925 2834 2021 2889 ubi

447 2925 599 2996 prius
615 2942 833 2997 quoque
860 2934 1179 2981 consecrata
1202 2925 1421 2981 fuerant
1441 2925 1672 2981 remisit.
1702 2924 1846 2981 Dicit
1865 2925 2023 2981 insu-

447 3036 547 3085 per
578 3019 720 3074 idem
755 3019 1060 3088 Procopius
1096 3018 1429 3074 Gelimerem
1464 3018 1538 3087 (η
1585 3027 1700 3073 tum
1734 3020 1791 3072 in
1828 3017 2024 3088 blppo-

446 3114 664 3175 ili-omo,
690 3111 783 3167 ubi
812 3112 1111 3180 imperator
1144 3110 1447 3180 praesidens
1473 3110 1737 3181 triumphi
1765 3124 2021 3179 pompam

446 3203 751 3271 spectabat,
786 3203 937 3257 humi
971 3202 1276 3271 projectum
1308 3200 1488 3271 patria
1527 3200 1715 3269 lingua
1744 3200 1892 3255 illam
1925 3201 2025 3257 So-

448 3296 685 3349 lomonis
715 3294 1044 3348 sententiam
1074 3294 1370 3363 protulisse
1402 3309 1416 3347 :
1453 3293 1672 3348 l’anitas
1702 3293 2019 3357 vanitatem,

445 3390 627 3442 omnia
665 3389 897 3443 υοηὶεασ.
931 3386 1092 3440 Aliud
1137 3400 1358 3455 quoque
1402 3385 1704 3454 Proc0pius
1741 3395 2019 3449 recenset,

447 3481 594 3552 quod
644 3495 807 3534 nemo
856 3488 1055 3549 praeter
1094 3493 1219 3534 eum
1265 3494 1333 3533 ex
1369 3477 1611 3547 antiquis
1655 3477 2023 3547 scriptoribus

442 3555 729 3627 memoria:
761 3570 1026 3642 prodidit,
1052 3570 1305 3625 miraculi
1334 3569 1759 3624 admirationem
1801 3585 2020 3625 omnem

449 3663 746 3719 excedens.
786 3664 930 3719 Dicit
971 3677 1234 3733 namque,
1257 3662 1590 3729 Maurusios,
1625 3661 2019 3717 occidentalem

451 3757 640 3826 Libyae
672 3764 911 3826 gentem,
956 3755 1264 3825 antiquitus
1306 3753 1595 3808 Palmstina
1638 3753 1917 3824 expulsos,
1966 3753 2021 3808 in

447 3847 772 3903 occidentali
803 3862 866 3902 ea
901 3847 1086 3917 Libyae
1115 3861 1212 3901 ora
1237 3845 1577 3911 consedisse,
1601 3860 1697 3901 eos
1722 3832 1854 3900 vero
1878 3860 2020 3909 esse,

447 3954 587 4008 quos
607 3939 923 4008 Gergeszcos
942 3951 1111 3992 sacra:
1131 3935 1357 3991 Litterae
1393 3945 1450 3991 et
1479 3935 1762 3991 Jebusaeos
1781 3946 2018 3991 vocant:

448 4012 693 4100 aliasque
737 4030 963 4100 insuper
993 4038 1206 4100 gentes,
1237 4043 1373 4099 quas
1404 4029 1534 4085 Jesu
1565 4029 1714 4084 Nave
1745 4029 1889 4084 illius
1922 4030 2022 4083 de-

446 4125 622 4178 victas
650 4122 907 4178 domibus
936 4123 1054 4178 suis
1082 4123 1268 4191 ejecit.
1299 4123 1448 4178 Ilanc
1477 4137 1592 4177 rem
1622 4110 2022 4178 veram—maxi-

449 4232 536 4268 me
559 4230 703 4280 esse,
748 4224 965 4271 vetusta
1006 4214 1242 4284 quadam
1295 4215 1660 4286 inscriptione
1705 4215 2019 4281 conﬁrmat,

444 4323 609 4376 quam
637 4322 698 4361 se
737 4308 828 4361 ille
864 4307 1066 4374 legisse
1101 4315 1358 4371 testatur,
1382 4306 1706 4361 Plimnicum
1742 4308 2022 4376 composi-

445 4406 555 4452 tam
592 4398 789 4451 litteris
833 4397 900 4451 ad
933 4398 1139 4451 fontem
1173 4397 1489 4466 quemdam,
1521 4397 1616 4452 ubi
1652 4398 1773 4451 duae
1802 4411 2020 4467 quoque

445 4489 715 4543 columna:
739 4503 805 4542 ex
837 4487 1070 4543 candido
1098 4488 1279 4556 lapide
1308 4488 1562 4543 excitata:
1591 4488 1820 4544 fuerint.
1846 4489 2021 4544 Litte-

2133 634 2331 696 ἄνεισι,
2364 635 2434 687 τά
2470 651 2528 686 τε
2564 634 2781 703 λάφυρα
2809 632 2904 684 καὶ
2940 630 2999 684 τὺ
3037 632 3146 683 τῶν
3174 629 3525 700 ἀνδραπόδων
3557 629 3695 680 ἐπα-

2132 725 2364 794 γόμενος
2394 723 2593 793 πλῆθος
2622 740 2634 752 ·
2667 725 2765 777 σὺν
2795 718 2877 787 οἷς
2924 723 3019 777 καὶ¹
3054 722 3286 791 Γελίμερ
3324 722 3353 774 ὁ
3392 722 3599 775 τούτων
3629 716 3696 791 ἦν

2132 817 2412 887 ἀρχηγόςο
2444 815 2541 868 καὶ
2585 814 2852 885 θρίαμϐος
2888 814 2988 883 μὲν
3036 812 3186 883 αὐτῷ
3216 813 3359 867 κατά
3402 812 3493 866 τὸν
3534 813 3700 865 ίππὸο

2131 907 2332 977 δρομον
2354 906 2590 960 ἐτελεῖτο
2613 922 2627 936 ·
2661 909 2719 960 ὲν
2740 899 2783 974 ᾧ
2813 922 2876 974 γε
2907 905 3079 959 πολλά
3104 905 3204 973 μὲν
3224 904 3320 958 καὶ
3345 903 3482 958 ἀλλα
3508 904 3707 974 εἰσῆγε

2131 998 2412 1068 θαύματος
2437 998 2584 1065 ἀξια,
2615 999 2711 1052 καὶ
2744 996 3006 1068 κειμήλια
3033 996 3090 1051 δὲ
3113 995 3451 1062 παμπόλλων
3477 995 3698 1064 χρημά-

2133 1110 2241 1144 των
2269 1092 2581 1163 τιμώμενα,
2641 1092 2677 1147 ἃ
2737 1090 3018 1161 Γιζέριχον
3064 1089 3274 1158 ἔφαμεν
3311 1088 3701 1156 ἱστορήσαντες

2132 1183 2196 1235 ὲκ
2236 1182 2455 1252 Ῥώμης
2503 1183 2779 1249 συλῆσαι,⁸
2804 1180 2910 1233 τῶν
2938 1178 3250 1249 ἀνακτόρων
3278 1177 3427 1230 ἔνδον
3474 1175 3703 1245 γενόμε-

2134 1290 2224 1326 νον
2249 1289 2263 1305 ·
2295 1273 2530 1343 ὁπηνίκα
2587 1271 2813 1335 Εὺδοξία
2857 1272 2890 1341 ἡ
2924 1265 3337 1325 Βαλεντινιανοῧ
3376 1266 3612 1336 γαμετὴ.
3643 1266 3701 1327 ὃς

2132 1366 2232 1434 τὴν
2260 1366 2360 1434 τῆς
2395 1365 2670 1434 Ἐσπέρας
2706 1365 2912 1417 διεῖπεν
2965 1361 3160 1432 ἀρχὴν,
3204 1361 3307 1413 ὑπὸ
3346 1359 3586 1429 Μαξίμῳ
3622 1358 3701 1423 τῷ

2132 1444 2386 1530 τυράννῳ
2414 1459 2504 1512 τόν
2537 1476 2597 1511 τε
2638 1458 2808 1528 ἄνδρα
2843 1456 2991 1525 φόνῳ
3020 1454 3458 1522 ἀποϐαλλομένη,
3513 1452 3603 1504 καὶ
3643 1453 3701 1513 ἐς

2132 1552 2234 1621 τὴν
2265 1550 2625 1621 σωφροσύνην
2667 1548 3139 1620 περιῡϐρισθεῖσα,
3180 1543 3562 1615 μετεστείλατο
3607 1542 3699 1595 τὸν

2139 1641 2442 1712 Γιζέριχον,
2478 1641 2757 1712 εἰσιτητήν
2784 1642 2833 1693 οί
2864 1639 3117 1709 γενέσθαι
3144 1638 3242 1691 καὶ
3269 1636 3369 1705 τὴν
3392 1637 3448 1697 ἐς
3480 1633 3699 1702 Ῥώμην

2134 1734 2343 1787 εἴσοδον
2374 1732 2798 1803 ἐγγυησαμένη’
2833 1731 2921 1784 ὅτε
2955 1730 3019 1799 δὴ
3051 1729 3146 1782 καὶ
3179 1727 3278 1798 τὴν
3316 1725 3538 1795 Ῥώμην
3570 1724 3698 1776 ἀνα-

2133 1826 2315 1889 λώσας
2344 1828 2501 1896 πυρὶ,
2550 1827 2648 1893 τὴν
2690 1823 2950 1888 Εὗδοξίαν
3002 1822 3222 1889 σύναμα
3250 1820 3372 1881 ταῖς
3419 1818 3564 1887 τρισὶ
3607 1815 3699 1868 Ou-

2124 1902 2392 1993 γατράσιν
2425 1923 2481 1981 ἐς
2503 1919 2788 1980 Βανδίλους
2818 1916 3130 1989 ἀπήγαγεν.
3156 1913 3294 1967 Τότε
3323 1912 3413 1979 δὴ,
3446 1911 3567 1966 τότε
3600 1912 3723 1963 σὺν-

2130 2015 2243 2077 τοῖς
2272 2012 2455 2076 ἀλλοις
2486 2010 2744 2077 ἐξαισίοις
2768 2010 2865 2077 τῆς
2891 2008 3121 2070 πόλεως,
3149 2007 3244 2059 καὶ
3271 2005 3371 2058 ὅσα
3391 2004 3419 2055 ὁ
3449 2003 3700 2056 Οὐεσπα-

2127 2102 2314 2158 σιανοῦ
2355 2105 2467 2168 uti;
2492 2102 2677 2167 Τίτος,
2709 2096 3318 2177 ἐξανδραποδισάμενος
3366 2093 3435 2147 τὰ
3470 2093 3699 2175 Ἰεροσόέ

2123 2199 2292 2266 λυμα,
2328 2199 2409 2261 είς
2449 2194 2674 2266 Ῥώμην
2704 2195 2913 2264 ἢγαγεν
2945 2190 3297 2260 ἀναθήματα,
3327 2187 3363 2242 ἀ
3383 2184 3639 2254 Σολομῶν
3670 2187 3700 2238 ὁ

2125 2287 2294 2343 πάλαι.
2313 2288 2443 2342 Θεδν
2465 2285 2677 2354 ἐξοσιοῦ
2685 2302 2843 2355 μενος
2866 2283 3122 2347 ἀνετίθει,
3146 2282 3269 2351 ἔσχε
3292 2279 3493 2333 λαϐών.
3516 2278 3702 2345 Ἀπερ

2124 2379 2341 2434 ἅπαντα
2394 2375 2771 2442 Ἰουστινανὸς,
2795 2376 3161 2445 διαφερόντως
3185 2372 3418 2444 Χριστὸν
3451 2371 3541 2423 τὸν
3561 2369 3702 2421 Θεὶν

2124 2471 2283 2541 ἡμῶν
2311 2471 2610 2541 γεραίρων,
2635 2470 2717 2531 είς
2749 2468 3107 2538 Ἰεροσόλυμα
3135 2466 3300 2520 πάλιν
3341 2463 3698 2531 ἀνέπεμπεν,

2124 2562 2257 2615 ὅπου
2301 2561 2364 2632 δὴ
2401 2564 2493 2614 καὶ
2543 2560 2814 2629 πρότερον
2865 2556 3243 2626 ἀνετέθησαν·
3297 2553 3431 2622 φησὶ
3465 2552 3522 2605 δὲ
3570 2553 3711 2603 τότε

2122 2654 2395 2726 Γελίμερα
2449 2656 2477 2708 ὁ
2518 2652 2822 2724 Προκόπιος
2858 2649 3000 2704 κατὰ
3051 2649 3154 2718 γῆς
3200 2646 3557 2717 ἐρριμμένον,
3598 2646 3698 2696 ἐπὶ

2123 2748 2215 2800 τὶν
2241 2748 2580 2815 ἱππόδρομον
2609 2745 2703 2798 τοῦ
2736 2744 3001 2813 βασιλέως
3025 2740 3469 2812 προκαθημένου,
3502 2739 3598 2791 καὶ
3628 2738 3703 2789 τὰ

2124 2839 2384 2910 δρώμενα
2439 2832 2759 2907 θεωμένου,
2788 2839 2854 2908 τῇ
2899 2833 3110 2907 πατρία
3168 2830 3393 2903 γλώσσῃ
3426 2830 3487 2885 τὸ
3540 2831 3576 2882 Σ

3540 2829 3637 2883 Σολ

3640 2847 3718 2881 0...

2128 2932 2392 3003 μώντειον
2425 2932 2604 2986 ἐκεῖνο
2638 2932 2848 2984 είπεῖν·
2873 2928 3219 2994 Ματαιότης
3246 2921 3690 2993 ματαιοτήτων,

2124 3026 2199 3080 τὰ
2227 3024 2425 3079 πάντα
2447 3026 2798 3095 ματαιότης.
2830 3022 2938 3075 Καὶ
2972 3021 3164 3090 ἕτερον
3195 3017 3251 3071 δέ
3287 3033 3452 3087 φησιν
3484 3017 3511 3067 ὁ
3555 3014 3703 3082 Προ-

2126 3120 2340 3185 κόπιος,
2387 3119 2417 3172 ὃ
2454 3119 2532 3189 μή
2580 3135 2665 3182 τις
2697 3118 2855 3180 ἀλλος
2887 3115 2997 3168 τῶν
3030 3116 3098 3168 τὰ
3134 3112 3337 3183 ἀρχαῖα
3379 3124 3705 3176 συγγεγρα-

2129 3211 2305 3279 φότων
2356 3209 2633 3279 ἱστόρησε,
2684 3210 2867 3263 πᾶσαν
2899 3205 3206 3275 ὑπερϐολὴν
3257 3200 3549 3272 τεραστίου
3602 3200 3713 3249 ἐκ-

2124 3301 2325 3356 ϐαῖνον.
2362 3301 2527 3368 Λέγει
2565 3299 2745 3353 τοίνυν
2776 3299 2852 3362 ὡς
2894 3300 2943 3352 οί
2986 3294 3332 3365 Μαυρούσιοι
3373 3293 3434 3344 τὸ
3474 3290 3697 3353 Λιϐύων

2121 3394 2230 3448 τῶν
2264 3394 2403 3463 πρὸς
2453 3393 2698 3462 ἑσπέραν
2729 3391 2902 3455 ἔθνος,
2955 3391 3122 3446 πάλαι
3167 3388 3300 3442 ποτὲ
3344 3386 3444 3454 τῆς
3489 3385 3696 3437 Halat-

2125 3487 2311 3556 στίνης
2339 3486 2772 3550 ἀπαναστάντες,
2802 3487 2858 3550 ἒς
2884 3485 2951 3537 τὰ
2977 3483 3328 3555 προσέσπερα
3357 3480 3457 3548 τῆς
3483 3478 3711 3546 Λιϐύης

2123 3578 2485 3648 κατῴκησανο
2542 3579 2768 3642 τούτους
2809 3576 2853 3630 δ’
2910 3573 3071 3641 εἶναι,
3113 3574 3206 3637 οὓς
3260 3570 3625 3642 Γεργεσαίους
3666 3571 3697 3621 ὁ

2125 3673 2269 3741 ίερδς
2298 3672 2455 3742 λόγος
2490 3671 2644 3741 φησὶ,
2690 3672 2785 3724 καὶ
2822 3668 3210 3729 Ἰεϐουσαίους.
3289 3665 3383 3717 καὶ
3429 3663 3498 3717 τὰ
3525 3661 3705 3715 λοιπὰι

2121 3764 2231 3818 τῶν
2268 3763 2459 3826 ἐθνῶν,
2503 3763 2604 3816 ὅσα
2633 3762 2697 3833 δὴ
2743 3764 2769 3814 ὁ
2802 3760 2895 3815 τοῦ
2936 3761 3095 3827 Ναυῆ
3140 3756 3345 3825 Ἰησοῦς
3390 3753 3698 3808 καταπολε-

2125 3855 2325 3924 μήσας,
2358 3836 2533 3908 ἐποίει
2581 3853 2894 3908 ἀνάστατα·
2928 3853 3021 3905 καὶ
3070 3849 3356 3904 πιστοῦται
3406 3847 3495 3899 τὸν
3531 3846 3692 3913 λόγον

2123 3945 2300 4016 ἀληθῆ
2345 3944 2411 3998 τὰ
2460 3946 2610 4015 μάλα
2641 3945 2957 4015 τυγχάνειν,
2993 3944 3053 4010 ἐξ
3090 3940 3321 4012 ἀρχαίου
3374 3937 3518 3999 τινὸς
3567 3939 3699 3990 ἐπι-η

2122 4039 2472 4110 γράμματος,
2522 4039 2641 4109 ὃδὴ
2692 4040 2784 4091 καὶ
2834 4037 2997 4100 αὐτὸς
3054 4038 3266 4099 ἐκεῖνος
3319 4033 3690 4100 ἀνεγνωκέναι

2123 4134 2279 4200 φησι,
2313 4130 2577 4184 Φοινίκων
2632 4129 2992 4199 συγκείμενον
3041 4126 3405 4198 γράμμασιν·
3455 4123 3696 4193 ἄγχιστα

2120 4223 2178 4278 δὲ
2219 4223 2429 4292 κρήνης
2463 4217 2604 4274 εἶναι
2640 4219 2801 4275 τοῦτό
2833 4236 2998 4284 τινος,
3031 4218 3162 4272 ἔνθα
3207 4218 3272 4288 δὴ
3304 4215 3513 4270 καὶδύο
3552 4215 3684 4283 στῆ-

2121 4315 2212 4369 λαι
2263 4316 2573 4384 ἐγείρονται
2636 4313 2787 4366 λίθου
2846 4311 3216 4381 πεποιημέναι
3276 4307 3508 4369 λευκοῦ,
3559 4307 3699 4360 τάδε

2120 4406 2411 4476 γλύμμασι
2439 4405 2786 4476 γραμμάτων
2814 4406 2927 4466 τοῖς
2957 4404 3137 4456 ἐκεῖσε
3162 4401 3227 4470 δὴ
3253 4399 3480 4471 φοιτῶσι
3500 4399 3703 4453 διασα-

2122 4496 2321 4566 φοῦσαι
2345 4512 2359 4527 ·
2399 4514 2418 4547 ι
2466 4496 2660 4564 Ἡμεῖς
2692 4496 2857 4562 ἐσμεν
2882 4495 2931 4546 οί
2960 4492 3227 4563 φυγόντες
3248 4491 3356 4545 ἀπὸ
3391 4489 3690 4560 προσώπου

447 4590 626 4633 ratum
672 4579 960 4647 sculptura
988 4593 1056 4634 eo
1091 4578 1518 4635 advenientibus
1551 4579 1669 4634 haec
1699 4582 2017 4652 promulga-

2132 4588 2310 4660 Ἰησοῦ
2344 4589 2439 4642 τοῦ
2472 4588 2670 4661 λῃστοῦ
2719 4586 2836 4641 υἱοῦ
2869 4585 3049 4654 Ναυῆ.
3083 4603 3104 4637 ι
3147 4585 3258 4638 Καὶ
3284 4584 3414 4655 περὶ
3440 4582 3538 4651 μὲν
3568 4582 3695 4634 τού-

447 4674 578 4725 bat:
625 4690 643 4722 ι
672 4670 782 4726 Nos
812 4685 1024 4736 sumus,
1061 4670 1157 4741 qui
1199 4686 1229 4725 a
1265 4670 1404 4725 facie
1438 4671 1569 4726 .lesu
1601 4673 1877 4742 prazdouis
1919 4673 2016 4728 ﬁlii

442 4762 591 4816 Nave
624 4763 990 4832 prolugimus.
1031 4782 1051 4815 ο
1089 4763 1166 4817 Ac
1194 4762 1262 4818 de
1294 4762 1382 4816 bis
1402 4762 1624 4832 quidem
1654 4763 1721 4817 ad
1755 4765 1903 4820 hunc
1930 4765 2021 4821 ille

444 4853 667 4910 modum
697 4856 908 4910 scribit.
932 4855 1103 4926 Libya
1140 4871 1273 4909 vero
1300 4856 1355 4909 in
1390 4865 1715 4925 potestatem
1747 4857 2021 4913 Romano-

443 4961 565 4999 rum
610 4947 850 5009 redacta,
889 4963 1069 5000 annua
1114 4947 1418 5016 vectigalia,
1455 4949 1615 5005 sicuti
1661 4960 1716 5004 et
1746 4959 1928 5017 antea,
1964 4952 2018 5005 in

442 5040 700 5092 aerarium
753 5040 957 5095 intulit.
988 5041 1045 5094 ln
1074 5042 1267 5095 eadem
1304 5040 1474 5111 Libya
1503 5042 1851 5097 Justinianus
1891 5058 2014 5098 cen-

446 5141 557 5211 tum
595 5142 655 5185 et
706 5133 1104 5202 quinquaginta
1157 5134 1358 5203 oppida
1404 5120 1741 5188 in'staurasse
1784 5134 2018 5199 dicitur,

443 5239 566 5290 qum
607 5224 803 5291 partim
836 5240 1067 5293 prorsus
1100 5225 1301 5286 deleta,
1335 5227 1532 5294 partim
1577 5232 1853 5289 vuustate
1900 5226 2018 5280 col-

442 5312 593 5382 lapsa
634 5312 875 5369 fuerant.
904 5316 978 5369 Ea
1014 5331 1148 5370 vero
1180 5315 1725 5386 magniﬁcentissime
1750 5317 2017 5381 restituit,

443 5421 900 5478 summoper-eque
940 5406 1175 5470 omavit,
1223 5408 1453 5476 privatis
1488 5407 1651 5461 simul
1683 5416 1738 5461 et
1780 5407 2018 5476 publicis

442 5501 759 5560 structuris,
827 5500 1105 5575 moenibus
1162 5510 1219 5554 et
1285 5501 1518 5555 diversis
1592 5501 1692 5555 alis
1749 5501 2019 5567 tediliciis,

440 5604 538 5657 per
569 5605 690 5659 quae
715 5600 771 5645 et
813 5593 979 5647 urbes
1019 5592 1391 5659 iilustrantur,
1435 5592 1489 5647 e't
1527 5593 1777 5647 divinum
1814 5609 2016 5649 numen

442 5684 682 5737 maxime
716 5684 984 5754 placatur,
1018 5700 1172 5755 aqua:
1198 5685 1458 5741 ductibus
1491 5701 1736 5757 quoque,
1778 5688 1871 5756 qui
1908 5687 2020 5742 uti-

2120 4702 2229 4739 των
2261 4679 2361 4737 ὧδε
2406 4683 2648 4747 διέξεισι.
2684 4683 2799 4751 Τῆς
2849 4681 2905 4734 δὲ
2944 4677 3358 4747 Λιϐύηςόὖτω
3394 4676 3694 4745 Ῥωμαίοις

2120 4775 2224 4828 ὑπὸ
2253 4775 2411 4845 χεῖρα
2450 4776 2845 4843 γεγενημένης,
2887 4772 3046 4839 φόροι
3089 4769 3326 4821 ἐπέτειοι
3371 4766 3560 4836 ὥσπερ
3594 4767 3694 4817 καὶ

2119 4865 2313 4933 πρώην
2351 4864 2652 4933 εἰσήγοντο.
2682 4863 2819 4914 Φασὶ¹
2847 4861 2904 4914 δὲ
2932 4858 3313 4914 ’Ῑουστινιανὺν
3362 4859 3466 4912 ἀνὰ
3502 4857 3563 4909 τδ
3596 4856 3693 4909 Αι-

2122 4955 2270 5007 ϐύων
2319 4956 2472 5019 ἐυνος
2510 4955 2850 5025 πεντήκοντα
2878 4965 2974 5006 και
3004 4953 3197 5006 ἑκατὸν
3230 4952 3367 5019 ἀστη
3402 4949 3695 5019 περιποιή-

2124 5048 2321 5100 σασθαι
2346 5066 2359 5079 ·
2386 5048 2452 5101 τὰ
2489 5048 2589 5117 μὲν
2624 5047 2889 5118 μηδαμῶς
2917 5045 3065 5112 ὅντα,
3099 5045 3167 5097 τὰ
3194 5044 3252 5098 δὲ
3282 5046 3376 5098 καὶ
3404 5042 3482 5109 τῷ
3509 5042 3699 5110 χρόνῳ-

2119 5140 2472 5212 διαρῤυέντα,
2514 5140 2653 5211 πρὸς
2705 5141 2767 5192 τὸ
2808 5139 3389 5209 μεγαλοπρεπέστερον
3440 5136 3695 5188 καινισά-

2124 5249 2287 5301 μενον
2311 5246 2325 5261 ⁸
2364 5235 2419 5295 ἐς
2451 5231 2759 5303 ὑπερϐολήν
2787 5248 2846 5284 τε
2878 5216 3242 5290 καλλωπίσαι,
3281 5228 3440 5290 ἰδίαις
3478 5214 3695 5293 τέἆμα

2122 5323 2215 5375 καὶ
2241 5322 2532 5391 δημοσίαις
2592 5326 2969 5390 καταγωγαῖς,
3000 5320 3196 5389 τειχῶν
3241 5337 3302 5371 τε
3358 5308 3693 5399 περιϐόλοις,

2119 5415 2217 5467 καῖ¹
2245 5414 2434 5477 ἄλλαις
2482 5415 2758 5478 ποικίλαις
2804 5416 3141 5483 οἰκοδομαῖς,
3170 5412 3238 5465 δι’
3266 5406 3344 5465 ὧν
3396 5410 3581 5470 πόλεις
3626 5424 3688 5459 τε

2121 5506 2516 5574 διαφαίνονται,
2565 5507 2659 5559 καὶ
2689 5508 2750 5561 τὸ
2789 5507 2946 5561 Θεῖον
2975 5505 3123 5576 μάλα
3169 5505 3486 5558 ἱλάσκεταιο
3536 5502 3688 5555 sica-

2121 5599 2332 5667 ywjai;
2361 5614 2419 5648 τε
2454 5597 2687 5662 ὑδάτων,
2714 5599 2904 5668 χρείαν
2942 5614 3001 5649 τε
3037 5597 3156 5665 ἅμα
3188 5594 3284 5649 καὶ
3321 5593 3517 5655 κάλλος
3553 5592 3688 5644 ἀπο-

2126 5686 2479 5756 πληροῦν-ξων
2537 5690 2602 5759 τῇ
2663 5688 2850 5743 πόλει·
2898 5689 3007 5742 τῶν
3040 5687 3139 5759 μὲν
3178 5684 3340 5748 εὐθὺς
3401 5685 3461 5748 ἐξ
3514 5681 3693 5753 ἀρχῆς

522 5843 601 5915 (ι)
625 5843 963 5901 Justinianus
994 5845 1250 5903 Gelintcri
1277 5853 1393 5908 loca
1424 5846 1672 5919 quedam
1696 5847 1748 5901 in
1781 5846 1954 5902 Gallia
1990 5845 2282 5903 habitanda
2317 5846 2529 5904 tribuit.
2559 5846 2782 5927 (Diacon
2812 5846 2830 5913 )
