4046 6482
298 467 399 533 ῖ53

1173 464 1790 551 ΕΟΟΕΕβῘΑδΤΙΕίΕ
1826 462 2225 524 HIS'I'ORUE
2257 463 2407 525 LIB.
2448 464 2649 527 XVII.

3450 461 3556 524 εει

298 584 658 656 εἰσαχθέντων
697 583 774 655 μὴ
799 583 1068 654 πρότερον
1097 582 1289 648 ὄντων,
1325 582 1436 636 τῶν
1482 583 1537 636 δὲ
1569 582 1738 636 ὄντων
1776 583 1875 651 μὲν

1979 578 2193 633 litalem
2242 580 2412 634 simul
2457 588 2515 634 et
2561 580 2944 637 ammnitatem
2976 581 3193 637 abunde
3235 580 3562 635 civitatibus

298 683 393 734 καὶ
421 677 813 748 διαρρυέντων,
846 676 971 730 τότε
1007 675 1066 729 δὲ
1118 676 1255 749 πρὸς
1286 675 1387 749 τὴν
1434 675 1672 748 ἀρχαίαν
1719 674 1874 740 τάξιν

300 771 730 842 ἔπαναχθέντων.
817 780 828 790 ‘

916 1066 1171 1121 ΚΕΦΑΔ.
1204 1066 1303 1122 ll".

304 1163 439 1230 Περὶ
463 1162 580 1217 τῶν
611 1163 681 1215 ἐν
729 1163 943 1228 Ἰταλίᾳ
967 1161 1350 1229 Βελισσιιρίῳ
1375 1158 1474 1230 καὶ
1509 1157 1725 1228 Ναρσῇ
1751 1158 1874 1211 δια-

370 1229 826 1301 πεπραγμένων·
881 1234 979 1285 καί
1037 1233 1170 1298 περὶ
1228 1232 1338 1298 τῆς
1389 1229 1679 1298 διαφόρου
1731 1231 1878 1301 alii"
1954 1282 1959 1287 -

370 1299 524 1368 σθω-ς
572 1299 790 1371 Ῥώμης
819 1304 915 1356 καὶ
948 1302 1261 1369 Σιλσεριόυ
1290 1301 1384 1354 καὶ
1417 1302 1733 1368 Βιγιλλίου
1756 1299 1877 1352 τῶν

368 1376 738 1428 ἐπισκόπων.
792 1375 927 1426 Ἔτι
968 1373 1037 1425 δὲ
1085 1372 1185 1425 καὶ
1227 1372 1509 1440 περὶτῶν
1561 1371 1694 1424 τότε
1745 1372 1875 1438 Χρι-

370 1443 814 1498 στιανισὰντων
870 1442 1082 1506 ἐθνῶν,
1144 1443 1239 1494 καὶ
1300 1439 1414 1509 τῆς
1451 1441 1696 1509 Ναρσοῦ
1766 1439 1874 1494 τοῦ

371 1515 713 1584 στρατηγοῦ
744 1514 1110 1583 στρατηγίας
1133 1529 1198 1565 τε
1227 1512 1378 1582 ὁμοῦ
1414 1511 1509 1565 καί
1541 1512 1872 1579 θεοφιλιας.

373 1633 443 1682 Ἀ
475 1630 521 1684 δ’
553 1629 647 1684 οὖν
678 1630 772 1682 καὶ
826 1629 971 1683 κατὰ
1004 1630 1105 1698 τὴν
1152 1626 1390 1681 Ἰταλίαν
1442 1627 1720 1697 ἐπράχθη,
1779 1626 1876 1679 καὶ

295 1723 469 1779 ταῦτα
500 1721 714 1784 διέλθω,
758 1720 1071 1791 Προκοπίου
1102 1719 1198 1772 καὶ
1224 1718 1398 1772 ταῦτα
1436 1717 1874 1787 καθιστορήσαν-

296 1836 411 1881 τος.
458 1816 615 1870 Ἐπεὶ
651 1816 758 1885 γὰρ
798 1813 1121 1883 Ὀνὼριχος,
1152 1812 1227 1875 ὡς
1290 1813 1345 1865 ὲν
1394 1811 1509 1874 τοῖς
1562 1808 1875 1879 ἔμπροσθεν

296 1911 636 1981 δεδιήγηται,
687 1906 907 1979 Ῥώμην
961 1906 1121 1969 ἑλὼν,
1155 1905 1450 1976 Ὀδύακρον
1496 1906 1589 1958 τὸν
1626 1899 1874 1956 ὲκεῖ.τυ·
1906 1937 1948 1992 Β

300 2001 600 2072 ραννοῦντα
625 1999 911 2069 ἠφάνιζεν,
943 1998 1296 2069 ἡγησάμενός
1324 2016 1383 2051 τε
1429 1996 1541 2051 τῶν
1583 1996 1869 2066 Ῥωμαίων

299 2095 391 2148 τὸν
433 2093 544 2165 βίον
577 2093 843 2147 ἀπέλιπεν
869 2109 886 2126 ·
920 2091 1370 2164 Ἀμαλασούνθα,
1395 2093 1428 2162 ἡ
1458 2091 1694 2159 σύζυγος
1726 2090 1872 2142 ἐκείο

307 2202 423 2253 νου,
457 2185 547 2238 τοῦ
576 2185 758 2239 κοινοῦ
784 2186 974 2249 παιδὸς
1004 2184 1397 2256 ’Δσταλαρίχου
1431 2185 1531 2253 τὴν
1564 2181 1869 2253 ἐπιτροπὴν

318 2275 513 2346 μετῄει.
567 2278 914 2349 Ἀρρενωπδν
973 2275 1019 2328 δ’
1071 2275 1274 2347 ἔχουσα
1325 2275 1607 2346 φρόνημα,
1651 2273 1721 2326 τά
1771 2273 1871 2340 τῆς

312 2369 478 2439 ἀρχῆς
512 2363 754 2439 διῳκεῖτο
780 2383 796 2400 ο
850 2368 947 2421 καὶ
992 2368 1105 2421 τῶν
1141 2367 1490 2438 πραγμάτων
1545 2362 1688 2419 οὕτω
1737 2352 1871 2433 πρό-

306 2480 450 2516 νοιαν
477 2462 795 2533 ποιουμένη,
838 2460 1220 2516 ’Ῑουστινιανὸν
1267 2456 1462 2530 πρώτη
1495 2458 1553 2520 ὲς
1592 2455 1687 2509 τὸν
1727 2455 1868 2507 κατά

298 2552 407 2606 τῶν
457 2551 664 2606 Γότθων
695 2551 991 2622 ἀνηρέθισε
1026 2550 1287 2619 πόλεμον.
1328 2549 1439 2603 Καὶ
1476 2548 1589 2618 γὰρ
1643 2546 1872 2600 ἑπιϐοι-

296 2645 397 2716 λῆς
428 2626 549 2698 κατῖ
580 2645 749 2715 αὐτῆς
780 2646 1090 2713 γεγονυίας,
1142 2639 1402 2712 πρέσϐεις
1451 2638 1667 2710 βασιλεῖ
1696 2637 1870 2705 ἐπεμ-

294 2755 421 2792 πεν.
475 2736 639 2790 Ἀλλά
679 2737 775 2790 καὶ
820 2735 915 2789 τοῦ
972 2733 1162 2794 παιδὸς
1191 2731 1617 2803 -Ἀσταλαρίχου
1668 2729 1749 2781 ἑτι
1810 2732 1867 2781 ἐν

294 2831 481 2903 ἁπαλῇ
529 2835 595 2902 τῇ
642 2830 829 2902 ἡλίκίᾳ.
890 2830 1175 2896 θανῦντος,
1231 2829 1499 2892 Θευδάτος
1559 2826 1871 2896 Θευδερῖχῳ

296 2927 592 2998 προσήκων
621 2926 788 2996 γένει,
824 2923 923 2997 τὴν
953 2924 1052 2994 τῆς
1093 2923 1366 2993 Ἑσπέρας
1398 2922 1570 2992 ἀρχὴν
1607 2920 1867 2991 περιϐάλ-

293 3021 449 3074 λεται
474 3036 489 3052 ³
516 3020 574 3083 ὃς
604 3018 789 3090 ἐπειδὴ
815 3018 1173 3088 Βελισσάριον
1212 3016 1469 3087 βασιλεὺς
1498 3013 1636 3085 πρὸς
1672 3013 1868 3069 Ἑσπέ-

296 3132 399 3186 ραν
453 3113 689 3182 ἔπεμπε,
719 3113 819 3182 τῆς
870 3112 1046 3182 ἀρχῆς
1078 3111 1429 3181 παραχωρῶν
1454 3110 1690 3181 ἑωρᾶτο,
1734 3109 1868 3175 περὶ

296 3208 491 3276 λόγους
527 3206 725 3278 μᾶλλον
752 3205 892 3278 ἔχων
925 3205 1143 3277 σχολὴν,
1176 3206 1381 3276 ἥκιστα
1418 3206 1474 3259 δὲ
1516 3204 1645 3275 περὶ
1673 3204 1742 3256 τά
1772 3219 1872 3257 πο-

1979 674 2269 729 all‘errent.
2304 673 2509 727 Eorum
2530 675 2784 728 nonnulli
2815 685 2928 728 llllll
2949 675 3213 744 primum,
3240 689 3365 728 cum
3400 685 3562 728 antea

1979 782 2088 821 non
2135 766 2358 829 fuerint,
2392 768 2702 821 constructi
2750 778 2920 822 sunt:
2973 767 3225 821 nonnulli
3274 781 3403 821 vero
3434 775 3561 820 cu‘m

1979 861 2279 932 aliquando
2326 861 2550 930 quidem
2594 860 2826 923 fuerint,
2864 861 2959 916 sed
2998 871 3187 930 postea
3214 860 3558 923 corruerint,

1982 963 2094 1007 tum
2127 955 2394 1024 temporis
2429 955 2495 1009 ad
2530 954 2827 1025 pristinum
2860 955 3071 1008 reducti
3107 961 3236 1008 sunt
3260 962 3489 1008 statum.

2577 1065 2804 1121 CAPUT
2832 1065 2973 1120 Xlll.

1979 1156 2056 1211 De
2093 1160 2244 1213 rebus
2277 1161 2332 1212 in
2368 1159 2536 1214 Italia
2572 1177 2602 1213 a
2642 1158 2904 1213 Belisario
2962 1167 3013 1210 et
3048 1156 3217 1213 Narse
3259 1160 3415 1227 gratis
3443 1174 3461 1211 :
3511 1169 3563 1213 et

2050 1232 2204 1284 varia
2253 1229 2507 1284 [iambum
2548 1233 2690 1284 urbis
2737 1246 2828 1296 per
2863 1231 3036 1282 hostes
3072 1229 3432 1294 occupatione.
3488 1229 3564 1282 De

2051 1299 2278 1354 Silverio
2329 1314 2377 1353 et
2450 1300 2636 1367 Vigilio
2679 1300 2972 1367 episcopis;
3019 1300 3145 1352 item
3182 1298 3243 1349 de
3279 1299 3351 1351 eis
3392 1301 3564 1366 genti-

2050 1370 2166 1441 bus,
2230 1388 2350 1441 qua:
2402 1371 2763 1425 Christianam
2826 1385 3097 1438 suscepere
3150 1368 3332 1432 ﬁdem.
3390 1369 3454 1441 Ιζι
3503 1371 3564 1422 de

2053 1438 2251 1497 Nam
2279 1441 2432 1495 ducis
2474 1441 2833 1512 imperatoriis
2869 1441 3095 1497 artibus.
3129 1447 3177 1491 et
3223 1454 3349 1508 erga
3398 1438 3565 1491 Deum

2049 1514 2269 1583 pietate.
2458 1524 2467 1531 '

2050 1629 2216 1703 754.
2243 1629 2412 1684 Porro
2441 1644 2562 1699 quae
2581 1629 2636 1684 in
2662 1628 2817 1683 Italia
2844 1643 3068 1698 quoque
3086 1637 3239 1698 gesta
3266 1627 3397 1693 sint,
3425 1625 3566 1679 refc-

1979 1739 2186 1786 rcmus,
2221 1738 2346 1793 qua:
2374 1732 2431 1776 et
2455 1722 2571 1792 ipsa
2592 1722 2903 1791 Procopius
2926 1721 2979 1775 in
3011 1719 3307 1776 Historiam
3349 1716 3562 1772 retulit.

1976 1814 2274 1886 Postquam
2312 1816 2458 1868 enim
2494 1815 2939 1878 Tlieudericltus,
2961 1812 3319 1883 sicuti‘supra
3344 1827 3374 1866 a
3401 1810 3566 1865 nobis

1978 1909 2188 1963 dictum
2219 1917 2327 1971 est,
2362 1909 2591 1963 Romam
2622 1909 2847 1977 recepit.
2877 1918 2933 1963 et
2958 1906 3270 1963 Odoacrum
3317 1905 3565 1977 tyranni-

1976 2002 2099 2059 dcm
2123 2001 2199 2056 ibi
2229 2011 2579 2056 exercentem
2601 2000 2845 2065 sustulit,
2864 1999 3560 2069 rerumque-Romanarum

1976 2104 2182 2165 put-tus
2200 2095 2461 2160 decessit,
2493 2092 2886 2148 Amalasuntha
2931 2109 3070 2148 uxor
3107 2092 3230 2163 ejus
3272 2090 3372 2160 (l),
3412 2103 3567 2144 com-

1979 2189 2161 2243 munis
2192 2187 2284 2241 lilii
2328 2187 2629 2242 Atalariclti
2666 2188 2894 2242 tutelam
2935 2185 3198 2255 suscepit,
3241 2192 3295 2238 et
3330 2196 3563 2252 regnum

1976 2280 2123 2333 virili
2155 2280 2344 2334 animo
2373 2279 2806 2334 administravit.
2847 2278 3121 2334 Caeterum
3156 2292 3280 2331 cum
3329 2273 3563 2346 provide

1977 2387 2168 2427 rerum
2193 2387 2383 2425 curam
2417 2381 2658 2441 gereret,
2700 2372 2875 2443 prima
2919 2369 3295 2426 Iustinianum
3340 2368 3407 2423 ad
3440 2346 3577 2424 bel-I

1976 2466 2089 2520 lum
2130 2464 2394 2519 adversus
2433 2464 2666 2520 Gottlios
2708 2465 3039 2520 sumendum
3086 2462 3368 2519 excitavit.
3422 2459 3560 2516 Cum

1976 2573 2213 2627 namque
2245 2557 2464 2614 insidiis
2506 2559 2576 2612 ab
2621 2558 2703 2612 eis
2733 2560 2973 2629 expetita
3014 2566 3181 2616 esset.
3215 2563 3468 2610 oratores
3493 2553 3566 2608 ad

1977 2650 2365 2718 imperatorem
2442 2649 2617 2703 misit.
2663 2648 2922 2703 Sedeuim
2985 2648 3097 2700 lilio
3142 2644 3460 2699 Atalariclio
3503 2641 3561 2695 i't

1978 2753 2169 2799 tenera
2202 2740 2383 2797 adhuc
2410 2752 2570 2796 mtate
2601 2742 2901 2808 exstincto,
2938 2739 3282 2802 Tlicudatus,
3304 2735 3564 2791 Theode-

1978 2837 2194 2892 richutn
2256 2853 2459 2906 genere
2526 2838 2836 2904 attingens,
2893 2833 3212 2890 Occidentis
3269 2829 3563 2899 imperium

1976 2931 2236 3000 sumpsit.
2261 2931 2364 2997 Qui
2391 2940 2680 3001 postquam
2708 2929 3032 2985 Belisarium
3060 2927 3360 2996 imperator
3382 2923 3435 2976 in
3461 2918 3565 2976 0c-

1976 3022 2252 3078 cidcntem
2292 3025 2465 3090 misit,
2508 3039 2679 3094 regno
2714 3021 2917 3078 cedens
2947 3019 3253 3073 litterarum
3295 3012 3566 3069 doctrinis

1979 3115 2157 3185 magis
2181 3131 2346 3185 quam
2377 3116 2543 3172 rebus
2565 3113 3023 3170 administrandis
3054 3102 3326 3172 incubuit,
3361 3108 3428 3161 ad
3475 3120 3565 3159 res

1977 3206 2207 3263 bellicas
2230 3207 2547 3263 tractandas
2564 3208 2789 3262 minime
2810 3206 3065 3262 idoneus.
3084 3204 3273 3274 COpiis
3295 3200 3565 3257 Occiden-

296 3300 467 3369 λέμια
520 3298 787 3370 ἔμπειρος
842 3296 958 3352 ὥνο
1016 3298 1356 3366 Οὐῖττίγιδος
1423 3296 1531 3351 τῶν
1582 3295 1726 3351 κατά
1769 3297 1870 3365 τὴν

1978 3300 2179 3355 talibus
2212 3309 2327 3355 tum
2363 3301 2584 3372 Vittigis
2620 3300 2860 3372 praefuit.
2904 3298 3229 3360 Belisarius,
3266 3303 3327 3350 ut
3356 3293 3563 3348 Italiam

310 3389 583 3460 Ἑσπέραν
611 3390 894 3460 δυνάμεων
933 3389 1313 3460 ἡγησαμένου.
1363 3388 1548 3452 Ὣς.δὲ
1590 3388 1689 3457 τῆς
1737 3386 1875 3440 Ἰτα-

300 3484 408 3537 λῶν
439 3483 614 3552 ἐπέὸη
640 3484 669 3536 ὁ
704 3473 1079 3552 Βελισσάρῖος,
1107 3482 1135 3534 ὁ
1174 3482 1273 3552 μὲν
1301 3483 1582 3549 Οὐΐττιγις
1609 3482 1705 3552 τὴν
1741 3481 1873 3537 Ῥώ-

301 3593 410 3648 μην
448 3574 784 3639 καταλιπὼν,
824 3574 1016 3647 ᾤχετο.
1055 3575 1115 3628 Ὀ
1145 3574 1201 3628 δὲ
1250 3578 1318 3648 τῇ
1354 3574 1547 3647 Ῥώμῃ
1580 3576 1875 3646 προσεγγί-

301 3687 422 3737 σας,
464 3672 616 3741 παρά
648 3668 755 3721 τῶν
789 3668 1003 3721 ἔνδοθεν
1030 3667 1316 3739 εἰσεδέχθη
1339 3710 1355 3733 ,
1385 3667 1639 3730 ama;
1680 3666 1871 3736 θύρας,

302 3766 438 3837 πρὸς
463 3765 523 3819 δὲ
553 3764 773 3828 καὶτὰς
807 3762 1038 3833 καρδίας
1066 3761 1218 3832 αὐτῷ
1248 3762 1700 3815 διαπετασάντων
1740 3757 1874 3813 Ῥω-

306 3858 482 3929 μαίων
506 3874 521 3889 ·
558 3858 792 3928 μάλιστα
819 3856 876 3910 δὲ
910 3856 1196 3926 Σιλόερίου
1225 3855 1323 3909 τοῦ
1352 3856 1443 3908 τὸν
1473 3854 1665 3925 θρόνον
1699 3854 1874 3923 αὐτῆς

299 3950 757 4021 πρυτανεύοντος,
815 3948 1263 4020 εἰσηγησαμένου
1313 3947 1414 4016 τὴν
1457 3944 1681 4016 πρᾶξιν,
1734 3946 1889 4016 πέμ-ι’

299 4042 498 4113 ψαντος
531 4039 799 4094 Φειδόλαον
832 4038 889 4103 ὃς
917 4040 1189 4109 πάρεδρος
1218 4038 1602 4109 ’Δσταλαρίχῳ
1629 4038 1870 4107 ἐγένετο.

302 4135 411 4189 Καὶ
467 4135 643 4204 μάχης
701 4131 830 4186 ἄνευ
890 4133 924 4202 ἠ
957 4131 1156 4201 ΔῬώμη
1206 4130 1365 4195 αὖθις
1415 4131 1522 4184 ὑπὸ
1568 4130 1875 4201 Ῥωμαίους

303 4227 536 4296 ἐγένετο,
569 4226 834 4295 ἑξήκοντα
872 4224 1052 4278 ἔτεσιν
1083 4223 1332 4295 ὕστερον,
1359 4224 1529 4296 ἐνάτῃ
1548 4223 1873 4277 Ἀπελλαίου

306 4320 492 4390 μηνὸς,
522 4320 581 4383 ὃς
614 4320 751 4390 πρὸς
792 4317 1086 4389 Ῥωμαίων
1138 4316 1478 4388 Δεκέμϐριος
1520 4316 1872 4387 ὀνομάζεται,

302 4412 412 4466 ἔτει
457 4411 724 4482 ἑνδεκάτῳ
753 4411 851 4480 τῆς
896 4413 1078 4482 ἀρχῆς
1109 4409 1525 4464 Ἰουστινιανοῦ.
1562 4410 1668 4463 Καὶ
1714 4409 1876 4463 τοῦτο

303 4500 357 4554 δὲ
390 4500 690 4571 Προκόπιος
734 4498 1085 4569 ἀνεγράψατο
1108 4515 1122 4530 ·
1153 4497 1229 4563 ὡς
1275 4499 1385 4551 τῶν
1435 4498 1649 4552 Γὸτθων
1681 4497 1899 4551 ἐπειτα¹

304 4589 401 4660 τὴν
436 4589 654 4661 Ῥώμην
683 4589 1139 4660 πολιορκούντων,
1172 4589 1410 4660 ὑποψίαν
1440 4588 1585 4659 σχὼν
1609 4591 1666 4654 ἐς
1689 4590 1874 4642 Σιλόἐ-

308 4700 419 4754 ριον
444 4684 536 4736 τὸν
564 4681 664 4754 τῆς
696 4684 904 4747 πόλεως
946 4684 1127 4753 ἱερέα,
1158 4682 1349 4737 τοῦτον
1383 4683 1485 4755 μὲν
1519 4664 1599 4747 είς
1642 4683 1874 4737 Ἐλλάδα

308 4775 620 4849 μετῴκιζεν,
674 4777 939 4848 ἀρχιερέα
965 4776 1039 4843 δὲ,
1075 4776 1345 4846 Βιγίλλιον
1377 4760 1456 4846 τῷ
1508 4779 1686 4848 θρόνῳ
1717 4776 1877 4831 καθί-

306 4885 428 4938 στη.
468 4868 693 4936 Ἱστορεῖ
715 4868 760 4921 δ’
789 4869 816 4921 6
855 4867 1015 4932 αὐτὸς
1046 4868 1378 4939 Προκόπιος,
1413 4868 1506 4923 ὑπ’
1543 4871 1751 4923 ἐκεῖνον
1781 4868 1875 4922 τὸν

306 4960 516 5031 χρόνον,
545 4959 619 5023 ὡς
647 4959 902 5030 Ἐρουλοι
927 4960 1213 5023 διαϐάντες
1239 4961 1331 5014 τὸν
1367 4961 1605 5032 Ἴστρον,
1635 4963 1875 5031 ὁπηνίκα

306 5053 399 5107 ἐπὶ
430 5052 537 5104 τῶν
563 5052 765 5105 οἰάκων
790 5051 890 5121 τῆς
921 5052 1095 5123 ἀρχῆς
1122 5046 1190 5123 ἦν
1221 5051 1576 5114 Ἀναστάσιος
1597 5093 1612 5117 ,
1641 5053 1694 5115 ἐς
1719 5050 1881 5104 bara-

305 5163 398 5213 ρον
427 5145 485 5199 δὲ
506 5143 884 5199 ’1ουστινιανοῦ
917 5144 1216 5214 φιλοτίμως
1245 5145 1478 5208 ἐκείνοις
1508 5144 1872 5212 διατεθέντος,

303 5242 400 5296 καὶ
448 5241 708 5311 μεγάλοις
765 5241 1051 5310 χρήμασιν
1111 5239 1612 5310 ἐκμειλιξαμένου,
1678 5243 1876 5312 ἀθρόον

301 5335 437 5404 πρὸς
471 5338 539 5387 τὰ
592 5332 943 5403 Χριστιανῶν
997 5332 1392 5403 μετεϐάλλοντο
1440 5335 1573 5405 ἢθη,
1627 5335 1723 5389 καὶ
1772 5334 1872 5404 τὴν

301 5427 509 5480 δίαιταν
560 5424 913 5497 ἡμερώτερον
969 5424 1152 5496 ἔσχον.
1209 5426 1356 5497 Πρὸς
1395 5426 1609 5492 τούτοις
1659 5426 1760 5498 τὴν
1806 5429 1873 5483 ἐκ

312 5520 528 5591 Ῥώμης
562 5520 747 5575 ἄνοδον
790 5519 1152 5588 Βελισσαρίου
1202 5521 1259 5583 ὲς
1290 5520 1587 5587 Βυζάντιον
1632 5523 1873 5594 ἀναγρά-

304 5630 421 5681 φει·
463 5614 555 5667 καὶ
586 5613 663 5677 ὡς
689 5613 783 5665 τὸν
830 5611 1107 5682 Οὸῖττιγιν
1155 5610 1245 5669 οἷα
1275 5632 1328 5667 τι
1361 5614 1699 5686 ἀνδράποδον
1730 5616 1872 5686 μετὰ

300 5707 409 5761 τῶν
445 5708 509 5761 ὲκ
547 5706 770 5778 Ῥώμης
795 5706 1055 5777 λαφύρων
1103 5709 1403 5777 ἀνήγαγεν.
1434 5708 1625 5774 Ὅπως
1657 5725 1720 5761 τε
1757 5708 1873 5763 Τώ-

371 5822 444 5890 (l)
490 5820 935 5879 Amalasuutliam
985 5820 1099 5875 sive
1141 5822 1652 5890 llimmclsuitliam,
1682 5824 1771 5878 alii
1810 5823 1870 5878 {i-

303 5889 774 5964 liamTthiderici
799 5891 964 5945 fn‘ssc
990 5893 1259 5964 scribunt,
1283 5903 1341 5945 ut
1360 5890 1650 5947 liia't'ouus.
1684 5897 1862 5964 Supra

305 5976 416 6034 cap.
443 5966 524 6020 ll.
552 5963 947 6019 Aiualasuntba
979 5978 1138 6019 soror
1161 5963 1491 6020 'l‘iicodotici
1526 5963 1868 6023 Trasumen-

1898 4639 1955 4702 Ι)

1977 3402 2063 3448 est
2091 3393 2399 3463 ingressus,
2430 3394 2656 3465 Vittigis
2687 3392 2912 3464 quidem
2963 3393 3136 3447 Roma
3184 3389 3402 3448 relicta.
3435 3384 3565 3441 inde

1977 3486 2273 3543 discessit:
2325 3486 2634 3542 Belisarius
2684 3502 2823 3542 vero
2858 3486 2981 3541 urbi
3027 3483 3497 3556 appropinquans,
3535 3496 3566 3534 a

1976 3577 2196 3640 civibus
2230 3593 2316 3641 est
2339 3583 2394 3638 in
2423 3598 2544 3638 eam
2581 3593 2858 3652 receptus,
2890 3581 3038 3636 fores
3069 3593 3263 3635 omnes
3300 3586 3355 3632 et
3398 3574 3566 3631 corda

1977 3676 2207 3748 insuper
2235 3678 2351 3747 ipsa
2401 3675 2667 3731 Romanis
2701 3676 2750 3731 ei
2784 3671 3287 3744 patefacieutilius:
3328 3667 3566 3722 maxime

1976 3774 2112 3826 vero
2164 3769 2401 3826 Silverio
2451 3770 2654 3825 throno
2696 3769 2818 3839 ejus
2861 3765 3219 3837 praesidente,
3269 3777 3392 3819 eam
3450 3776 3564 3815 rem

1977 3863 2244 3918 suadente
2290 3873 2456 3933 atque
2505 3868 2885 3933 procurante:
2934 3859 3033 3929 qui
3088 3857 3155 3913 ad
3210 3854 3564 3913 Belisarium.

1978 3956 2242 4023 Fidelem,
2299 3956 2395 4026 qui
2444 3954 2748 4010 Atalariclii
2792 3966 3040 4007 assessor
3095 3959 3153 4005 et
3210 3946 3567 4003 consiliarius

1976 4051 2181 4117 fuerat,
2217 4051 2442 4120 legavit.
2480 4049 2559 4104 lta
2592 4050 2802 4118 absque
2848 4045 3156 4101 certamine
3188 4043 3359 4097 Roma
3391 4041 3447 4095 in
3482 4040 3566 4094 di-

1977 4142 2183 4199 tionem
2245 4143 2645 4207 Romanorum,
2702 4150 2825 4210 post
2869 4153 3075 4193 annum
3134 4134 3562 4206 sexagesimum.

1977 4251 2172 4293 mense
2202 4234 2491 4291 Deccmbri
2525 4234 2711 4298 rediit,
2765 4231 3059 4288 undecimo
3098 4229 3423 4300 impetaut's
3462 4225 3565 4283 Ju—

1977 4329 2203 4386 stiniaui
2235 4343 2399 4387 anno.
2430 4327 2671 4397 Scripsit
2700 4336 2756 4383 et
2778 4326 2907 4382 illud
2933 4324 3255 4396 ProcOpius,
3285 4322 3379 4377 ubi
3418 4329 3568 4391 post-

1977 4435 2045 4477 ea
2102 4420 2297 4498 βοαὶιὶ
2345 4419 2530 4475 denuo
2578 4419 2809 4473 Romam
2858 4424 3270 4488 oppugnarunt,
3301 4413 3571 4469 Belisario

1978 4512 2279 4569 Silverium
2319 4512 2641 4582 episcopum
2666 4520 2983 4581 suspectum
3012 4509 3204 4575 fuisse,
3228 4516 3591 4578 quapropter'

1978 4622 2105 4663 eum
2156 4607 2211 4662 iu
2245 4605 2513 4662 Graeciam
2559 4605 2951 4669 transtulerit,
3000 4603 3202 4675 Vigilio
3245 4614 3430 4657 autem
3463 4616 3564 4656 an-

1981 4699 2145 4756 tistiti
2175 4703 2437 4754 thronum
2469 4700 2729 4755 Ecclesiae
2746 4697 3108 4754 commiserit.
3139 4695 3417 4752 Memoriae
3437 4710 3569 4766 pro-

1981 4793 2122 4849 didit
2171 4793 2477 4864 Procopius
2524 4792 2670 4848 idem
2726 4791 2937 4846 eisdem
2990 4791 3365 4860 temporibus.
3436 4805 3562 4844 cum

1969 4887 2304 4961 Anastasius
2356 4886 2646 4957 imperium
2703 4883 3020 4948 obtineret,
3088 4882 3321 4937 Herulus
3368 4882 3565 4935 lstrmu

1979 4981 2269 5041 transiisse
2297 4997 2311 5034 :
2343 4989 2508 5050 atque
2532 4994 2629 5032 eos
2660 4988 2846 5048 postea
2877 4975 3168 5031 universos
3203 4973 3508 5028 libemliter
3535 4987 3564 5024 a

1964 5072 2295 5129 'Justiniano
2348 5078 2628 5134 tractatos,
2662 5067 2824 5139 755
2863 5078 2921 5123 et
2952 5067 3269 5137 ingentibus
3314 5064 3568 5134 pecuniis

1979 5165 2232 5230 allectos,
2282 5163 2732 5219 Christianorum
2771 5162 3096 5233 religionem
3143 5161 3477 5228 suscepisse,
3508 5168 3565 5210 ct

1977 5257 2149 5313 vitam
2189 5258 2257 5311 ad
2289 5257 2692 5311 humanitatem
2739 5264 3002 5310 mutasse.
3051 5252 3131 5306 Ad
3181 5252 3313 5312 hare,
3361 5249 3565 5304 Belisa—

1979 5350 2049 5404 rii
2080 5349 2318 5405 reditum
2361 5364 2428 5404 ex
2476 5350 2613 5405 urbe
2667 5348 2914 5403 Romana
2956 5347 3010 5402 iu
3059 5346 3254 5400 urbem
3290 5344 3563 5399 Constan-

1979 5441 2399 5513 tin0politanam
2456 5441 2650 5497 refert.
2695 5442 2877 5511 Atque
2927 5449 2987 5494 ut
3016 5440 3107 5494 ille
3143 5437 3409 5507 Vittigitn,
3440 5451 3565 5506 pcr-

1977 5529 2107 5585 inde
2132 5541 2297 5601 atque
2317 5531 2654 5602 mancipium
2686 5531 2985 5601 quoddam,
3017 5531 3159 5585 inter
3188 5529 3360 5599 spolia
3384 5528 3560 5582 Roma

1978 5637 2170 5679 secum
2200 5623 2462 5679 duxerit:
2512 5636 2569 5680 et
2600 5633 2660 5680 ut
2690 5624 2899 5679 Totilas
2935 5624 3008 5695 (2)
3046 5623 3337 5693 imperium
3372 5622 3560 5676 Itonia:

1977 5716 2325 5783 arripuerit,
2365 5726 2530 5787 atque
2584 5719 2713 5774 urbs
2743 5732 2807 5773 ea
2859 5733 3074 5771 rursum
3125 5715 3181 5770 in
3234 5722 3561 5784 potestatem

1978 5828 2048 5882 do
2075 5827 2319 5882 Vandan
2352 5830 2561 5897 nupsit.
3293 5823 3296 5826 ’

2050 5898 2128 5967 (9.)
2152 5898 2362 5951 'l‘otilas
2387 5901 2457 5953 ita
2486 5900 2722 5956 ﬂammis
2750 5901 2979 5959 Romam
3016 5903 3274 5961 vastavit.
3331 5911 3388 5956 ut
3418 5902 3471 5955 in
3500 5914 3563 5954 ea

1978 5969 2234 6025 homines
2295 5969 2549 6027 habitare
2598 5990 2705 6029 non
2764 5987 3008 6044 possunt.
3062 5975 3251 6046 Itaque
3317 5976 3566 6030 letarum
