4046 6536
443 429 555 495 955

1654 432 2076 510 NltjEl‘iLOlll
2126 436 2483 496 CALLISTI

3599 443 3711 503 2'6

443 543 780 598 Gotthornm
811 540 1056 597 redierit.
1077 541 1308 606 Deinde,
1341 549 1403 595 ut.
1432 539 1732 597 Belisarius
1775 543 2023 599 secundo

2162 545 2278 610 ιλας
2328 544 2428 616 τὴν
2461 546 2560 614 τῆς
2617 542 2839 615 Ῥώμης
2886 543 3063 615 ἀρχὴν
3121 547 3444 617 περιέθετο⁶
3491 554 3584 606 καὶ
3629 556 3715 618 ὡς

448 633 505 687 in
560 633 768 686 Italiam
825 631 1129 700 profectus,
1166 633 1394 688 Romam
1431 650 1650 690 rursum
1709 636 2026 705 receperit:

447 732 614 792 atque
650 723 798 784 inde,
829 723 1049 779 Persico
1077 725 1222 778 bello
1254 725 1308 778 in
1331 724 1559 779 Oriente
1590 736 1737 793 orto,
1767 727 1834 780 ab
1857 727 2032 796 impe-

448 822 632 869 ratore
687 825 976 870 revocatus
1026 817 1119 870 sit.
1177 815 1449 871 Recenset
1495 833 1744 888 quoque,
1786 819 2031 889 Abasgos

450 917 566 961 tum
614 907 1099 963 Christianismum
1152 910 1472 978 complexos
1521 926 1671 976 esse,
1729 927 1896 982 seque
1961 912 2029 966 ad

450 1001 838 1055 humaniorem
864 1002 1084 1056 vivendi
1114 1017 1324 1057 morem
1355 1004 1757 1073 composuisse.
1817 1005 1886 1060 Et
1934 1005 2032 1060 Ju-

451 1092 756 1146 sdnianum
804 1093 1193 1161 imperatorem
1249 1096 1570 1150 eunuchum
1632 1096 1809 1167 gentis
1837 1111 2030 1151 eorum

451 1183 756 1253 Ephratam
799 1185 1026 1240 nomine
1053 1191 1124 1256 ad
1169 1202 1266 1243 eos
1298 1187 1532 1252 misisse,
1568 1187 1665 1258 qui
1713 1189 2035 1258 prohiberet

452 1276 522 1330 de
565 1287 768 1332 caetero
795 1294 1128 1347 quemquam
1173 1294 1236 1333 ea
1271 1289 1426 1349 parte
1472 1261 1723 1346 cor’poris
1769 1297 1876 1351 qua
1929 1282 2034 1337 viri

455 1381 671 1429 sumus,
706 1368 848 1436 apud
886 1383 981 1422 eos
1022 1369 1169 1424 ferro
1218 1379 1430 1425 natura:
1474 1371 1731 1440 injuriazu
1766 1372 2035 1426 inlerente

456 1461 682 1529 privari.
719 1461 1000 1525 Siquidem
1046 1463 1267 1531 plurimi
1298 1464 1391 1533 qui
1423 1464 1478 1518 in
1520 1465 1829 1534 principum
1877 1466 2038 1520 cubi-

461 1553 604 1607 culis
631 1564 920 1608 versantur
956 1555 1214 1623 ministri,
1249 1573 1388 1626 quos
1423 1557 1711 1612 eunuchos
1742 1558 1857 1612 sive
1887 1556 2041 1612 cnhio

465 1643 706 1701 cularios
745 1659 940 1699 vocare
994 1645 1235 1701 solemus
1256 1689 1270 1711 ,
1301 1661 1368 1700 ex
1400 1655 1561 1716 gente
1589 1661 1653 1701 ea
1687 1655 1862 1700 erant.
1899 1645 2037 1700 Tum

467 1740 600 1790 vero
633 1737 799 1792 etiam
830 1737 1172 1792 Justiniauus
1220 1737 1316 1792 Dei
1355 1737 1628 1794 Genitrici
1664 1738 1924 1807 templum
1981 1735 2040 1792 in

464 1827 803 1898 Abasgorum
839 1829 1063 1898 regione
1113 1829 1213 1899 (l),
1258 1829 1674 1899 pulchritudine
1721 1839 1886 1899 atque
1926 1844 2044 1884 am-
2075 1860 2114 1918 Β

461 1920 731 1989 plitudine
757 1934 1022 1990 praestans
1050 1923 1379 1990 aediﬁcavit,
1427 1925 1742 1978 sacerdotes
1787 1923 1838 1978 ei
1887 1923 2043 1976 attri-

461 2013 600 2080 buit,
627 2023 682 2068 et
713 2014 818 2068 alia
858 2031 981 2083 qua:
1023 2019 1088 2069 ad
1130 2017 1339 2069 cultum
1382 2016 1628 2070 divinum
1665 2015 1894 2079 faciunt,
1940 2014 2044 2069 rite.

461 2108 778 2164 constituit.
805 2106 963 2164 Unde
999 2109 1202 2180 populo
1222 2109 1274 2164 ei
1298 2109 1522 2174 accidit,
1547 2117 1608 2163 ut
1627 2109 2044 2164 accuratissime

465 2201 909 2256 Christianorum
937 2203 1194 2273 dogmate
1239 2211 1644 2258 excercerctur.
1678 2201 1882 2257 Scribit
1913 2203 2044 2258 item

464 2295 748 2364 quomodo
787 2297 982 2366 populi
1030 2296 1258 2350 Tanaim
1313 2311 1532 2350 amnem
1587 2295 1898 2351 accolentes
1931 2297 2049 2363 (vo-

466 2395 598 2440 cant
645 2397 831 2440 autem
869 2388 972 2441 lori
1023 2388 1143 2456 ejus
1190 2388 1440 2442 homines
1485 2386 1738 2452 Tanaim,
1795 2389 2047 2442 maximae

473 2493 700 2547 quoque
736 2480 958 2548 paludis
987 2479 1250 2534 Maeotidis
1288 2496 1463 2549 usque
1509 2480 1579 2534 ad
1608 2479 1881 2534 Euxinum
1913 2496 2048 2550 pon-

471 2582 586 2623 tutu
626 2571 682 2624 in
710 2572 934 2641 longum
971 2581 1359 2627 excurrentem
1391 2571 1650 2642 tractum)
1681 2572 1746 2627 ad
1788 2571 2050 2628 Justinia-

468 2679 602 2716 num
645 2665 854 2734 legatos
896 2666 1188 2728 miserunt,
1244 2675 1305 2720 ut
1348 2667 1668 2735 episcopum
1726 2665 1837 2720 illis
1870 2665 2047 2729 daret,

467 2757 878 2828 supplicantes:
924 2774 1162 2829 quorum
1211 2760 1304 2813 ille
1339 2759 1597 2828 precibus
1633 2759 1811 2829 reipsa
1841 2773 2050 2812 annue.

469 2851 563 2917 rit,
594 2861 650 2905 et
695 2853 1012 2922 episeOpum
1048 2851 1157 2906 illis
1195 2851 1430 2906 libenter
1476 2851 1710 2906 miserit.
1741 2849 2049 2904 Admodum

467 2960 602 2999 vero
650 2953 794 3000 terse
852 2944 987 3000 illud
1025 2945 1190 3000 etiam
1253 2944 1395 2999 idem
1453 2939 1732 3008 recenset,
1777 2943 2052 3012 quomodo

465 3037 656 3092 Gotthi
711 3036 979 3093 Maeotidis
1008 3038 1229 3097 accolae.
1259 3034 1573 3093 Iustiniano
1618 3035 1911 3104 imperium
1952 3033 2050 3088 ad—

471 3131 848 3193 ministrante,
881 3123 1149 3199 plurimas
1177 3131 1536 3184 excursiones
1564 3131 1617 3183 in
1658 3127 1944 3182 Thraciam
1974 3126 2054 3180 l'e-

2132 639 2236 692 ὑπ’,
2269 639 2489 700 Γότθοις
2535 635 2692 701 αὖθις
2728 639 2971 704 ἐγεγόνει
3018 639 3050 706 ἡ
3110 637 3335 708 Ῥώμη⁹
3369 641 3560 697 ἔπειτα
3615 649 3720 700 καὶ

2133 729 2210 791 ὡς
2239 729 2321 792 δὶς
2348 729 2405 793 ἐς
2439 729 2676 783 Ἰταλίαν
2703 729 3000 797 γενόμενος
3033 729 3412 801 Βελισσάριος,
3440 733 3540 803 τὴν
3579 734 3714 788 Ῥώ-

2138 839 2249 891 μην
2298 820 2455 886 αὖθις
2505 824 2691 890 αίρεῖο
2739 823 2834 875 καὶ
2871 821 2947 884 ὡς
3003 822 3096 876 τοῦ
3142 825 3413 893 Περσικοῦ
3464 827 3713 895 πολέμου

2136 914 2240 966 ἀνὰ
2298 914 2398 985 τὴν
2429 915 2549 969 Ἕω
2576 915 2973 984 συνισταμένου
2997 955 3012 980 ,
3054 917 3441 984 μετεστέλλετο
3499 922 3720 974 ἐκεῖθεν

2137 1004 2275 1074 πρὸς
2303 1005 2571 1074 βασιλέως
2599 1007 2625 1059 ὁ
2650 1006 3032 1072 Βελισσάριος.
3083 1008 3314 1078 Ἱστορεῖ
3342 1009 3397 1061 δὲ
3428 1010 3523 1062 καὶ
3551 1011 3722 1064 Ἀϐα-

2138 1097 2303 1163 σγοὺς
2333 1098 2641 1168 τηνικαῦτα
2687 1098 2753 1152 τὰ
2781 1099 3130 1169 Χριστιανῶν
3171 1099 3408 1177 ἑλέσθαι,
3445 1101 3540 1154 καὶ
3575 1103 3719 1172 πρὸς

2137 1189 2198 1241 τὸ
2246 1188 2604 1260 ἡμερώτερον
2649 1191 2748 1261 τὴν
2799 1191 3012 1244 δίαιταν
3069 1192 3558 1261 μεθαρμόσασθαι·
3614 1195 3718 1247 καί

2137 1298 2258 1333 τινα
2288 1281 2332 1334 δ’
2362 1282 2639 1352 εὐνοῦχον,
2702 1284 2995 1351 Εὐφρατᾶν
3040 1283 3228 1351 ὄνομα,
3278 1286 3340 1337 ἐκ
3394 1285 3486 1336 τοῦ
3519 1286 3722 1352 γένους

2140 1375 2363 1428 ἐκείνων
2415 1376 2567 1442 σφίσι
2615 1373 2951 1443 διαπέμψαιο
3035 1375 3450 1444 ἀπαγορεύοντι
3508 1377 3724 1447 μηδένα

2141 1467 2232 1518 τοῦ
2269 1465 2459 1518 λοιποῦ
2523 1469 2622 1537 τῆς
2667 1468 3020 1538 ἁρρενωπίας
3079 1468 3429 1536 στερεῖσθαι,
3489 1471 3719 1537 σιδήρου

2141 1558 2625 1621 καταδικάζοντος.
2675 1561 2788 1614 Καὶ
2819 1560 2928 1630 γὰρ
2977 1561 3026 1613 οί
3076 1560 3320 1614 πλεῖστοι
3346 1562 3455 1613 τῶν
3486 1564 3544 1612 ὲν
3599 1564 3722 1624 τοῖς

2146 1652 2447 1722 βασιλικοῖς
2498 1652 2945 1720 διαπονουμένων
2987 1653 3264 1720 κοιτῶσιν,
3305 1652 3397 1716 οὓς
3426 1653 3727 1724 εὐνούχους

2145 1743 2300 1814 θέμις
2364 1743 2571 1808 καλεῖν,
2623 1743 2689 1797 ὲκ
2735 1743 2832 1797 τοῦ
2882 1743 3074 1807 ἔθνους
3116 1743 3312 1797 τούτου
3375 1744 3728 1808 καθεστῶτες

2145 1831 2310 1904 ἦσαν.
2364 1835 2502 1888 Τότε
2531 1835 2590 1888 δὲ
2642 1835 2740 1889 καὶ
2769 1835 3152 1898 Ἰούστινιανὸς
3198 1837 3342 1903 ἱερὸν
3368 1839 3432 1906 τῇ
3470 1836 3729 1904 Θεοτόκῳ

2147 1926 2299 1995 ἐν.τῇ
2334 1923 2620 1992 Ἀὅασγῶν
2651 1924 3010 1993 δειμάμενος,
3053 1925 3244 1977 κάλλει
3278 1941 3337 1977 τε
3373 1927 3464 1976 καὶ
3498 1924 3731 1992 μεγέθει

2147 2018 2354 2088 ἐξέχον,
2404 2017 2587 2088 ἱερέας
2614 2034 2674 2070 τε
2701 2019 2798 2070 καὶ⁵
2829 2017 3002 2071 τᾶλλα
3051 2018 3154 2086 τῆς
3195 2017 3492 2088 θρησκείας
3538 2016 3732 2080 καλῶς

2148 2112 2528 2181 κατεστήσατο
2551 2126 2566 2142 ⁶
2606 2109 2666 2175 ἐξ
2690 2105 2750 2163 οὗ
2786 2111 2990 2179 συνέϐη
3036 2109 3310 2172 κάκείνοις
3337 2110 3394 2172 ἐς
3432 2109 3733 2179 ἀκρίϐειαν

2147 2202 2217 2252 τὰ
2248 2200 2358 2253 τῶν
2389 2200 2738 2270 Χριστιανῶν
2771 2199 3021 2268 δόγματα
3050 2199 3378 2268 ὲξασκῆσαι.
3426 2199 3632 2268 Γράφει
3665 2198 3733 2251 δὲ

2149 2297 2242 2347 καὶ
2263 2293 2339 2355 ὡς
2366 2294 2414 2346 ol
2447 2293 2537 2346 τὸν
2560 2292 2766 2346 Τάναϊν
2792 2291 3215 2362 προσοικοῦντες
3277 2291 3504 2360 (Τά-ιαῖν
3536 2292 3592 2343 δὲ
3621 2308 3696 2342 κα
3713 2321 3733 2331 -

2149 2383 2335 2438 λοῦσιν
2385 2385 2432 2436 οἱ
2467 2380 2752 2454 ἐπιχώριοι
2807 2384 2906 2452 τὴν
2949 2384 3013 2436 ὲκ
3061 2383 3164 2450 τῆς
3225 2382 3470 2453 μεγάλης
3523 2382 3734 2454 λίμνης

2149 2476 2614 2545 Μαιώτιδοςνᾶχρι
2641 2477 2706 2544 δὴ
2747 2476 2841 2528 ἐπὶ
2885 2477 2978 2528 τὸν
3017 2474 3272 2541 Εὔξεινον
3311 2477 3510 2528 πόντον
3537 2476 3592 2535 ἐς
3623 2491 3735 2527 τα-

2151 2568 2279 2620 ναὸν
2325 2567 2620 2638 διήκουσαν
2656 2567 2908 2637 ἐκϐολήν)
2938 2585 2953 2600 ο
2989 2569 3308 2637 πέμψαντες
3339 2566 3736 2620 Ίουστινιανδν

2152 2659 2522 2724 δυσωποῦσιν,
2553 2662 2854 2714 ἐπίσκοπον
2881 2661 3065 2730 σφίσιν
3097 2660 3379 2730 ἐκπέμψαι
3407 2677 3420 2690 ·
3447 2663 3535 2713 καὶ
3561 2659 3738 2723 εὐθὺς

2153 2754 2247 2804 τὸν
2294 2752 2677 2807 ’1ουστινιανδν
2704 2752 2931 2822 ἐπιτελῆ
2963 2754 3062 2822 τὴν
3085 2754 3272 2823 δέησιν
3299 2752 3737 2823 ἐξεργάσασθαι,

2153 2846 2248 2899 καὶ
2284 2847 2435 2914 ἱερέα
2476 2845 2648 2917 ἡδέως
2682 2847 2873 2909 αὐτοῖς
2911 2847 3246 2916 ἐπιπέμψαι.
3297 2847 3458 2900 Μάλα
3499 2846 3553 2898 δὲ
3591 2863 3740 2915 κομ-

2154 2937 2271 3007 ψῦς
2300 2942 2397 2994 καὶ
2437 2941 2596 2993 τοῦτο
2643 2940 2671 2992 ό
2719 2941 2882 3004 αὐτὸς
2932 2941 3350 3009 ἀναγράφεται·
3385 2938 3459 3002 ὡς
3512 2938 3739 2991 Γότθωκδ

2153 3031 2263 3084 τῶν
2299 3031 2364 3084 ὲκ
2393 3031 2495 3102 τῆς
2546 3032 2859 3093 Μαιώτιδος
2910 3031 3230 3101 περιοίκων,
3265 3031 3529 3100 ἐκδρομαὶ
3577 3031 3736 3082 πλεῖ-

2157 3143 2276 3180 σται
2299 3126 2403 3179 ἀνὰ
2427 3127 2525 3195 τὴν
2547 3125 2769 3196 Θρᾴκην
2787 3126 3057 3194 ἐγένοντο,
3083 3125 3468 3178 Ἰουστινιανοῦ
3515 3124 3736 3176 διέπον-

469 3220 671 3274 ι·οι·ἰιιι.
724 3222 1020 3283 Praeterea,
1074 3228 1134 3274 ut
1165 3221 1295 3275 saevi
1339 3227 1680 3274 terrzemotus
1733 3219 1787 3272 in
1835 3217 2044 3272 Grmcia

2153 3235 2243 3280 τος
2276 3220 2376 3287 τὴν
2421 3218 2631 3289 ἀρχήνο
2668 3217 2930 3287 σεισμούς
2977 3233 3034 3271 τε
3071 3217 3300 3288 ἀγρίους
3330 3218 3434 3271 ὀινά
3466 3217 3563 3288 τὴν
3599 3215 3735 3268 Ἐλ-

471 3313 697 3377 fuerint,
733 3323 788 3368 et
824 3313 1057 3378 Boeotia,
1102 3321 1268 3382 atque
1300 3313 1527 3377 Achaia,
1573 3327 1695 3380 quae
1735 3319 1864 3366 sunt
1888 3311 2042 3381 juxta

472 3403 654 3458 sinum
688 3403 983 3460 Crissaeum
1020 3421 1130 3460 orae
1154 3419 1436 3458 concussa:
1458 3403 1689 3468 fuerint,
1720 3403 1837 3456 loca
1869 3402 2042 3472 pluri-

475 3511 562 3550 ma
591 3497 694 3550 sub
722 3512 1012 3550 numerum
1045 3497 1275 3551 minime
1297 3495 1574 3560 cadentia,
1607 3503 1660 3549 et
1687 3494 1852 3549 urbes
1893 3494 2045 3548 simi-

475 3587 602 3642 liter
641 3586 697 3640 in
728 3603 972 3658 pra-cepa
1003 3589 1188 3651 ierint,
1221 3597 1278 3642 et
1326 3588 1443 3642 solo
1489 3595 1714 3656 aquam
1767 3587 1899 3650 sint,
1931 3586 2043 3655 ple-

478 3679 665 3750 risque
698 3680 752 3734 in
788 3681 924 3736 locis
956 3690 1100 3736 terra
1132 3682 1417 3736 submersa
1446 3695 1667 3750 pessum
1704 3681 1855 3744 ierit,
1883 3690 2046 3748 atque

476 3771 680 3826 alicubi
716 3773 938 3841 quidem
962 3773 1242 3827 chasmata
1270 3788 1489 3828 rursum
1530 3772 1787 3835 coierint,
1845 3771 2046 3824 alicubi

473 3877 612 3917 vero
646 3864 830 3919 hiatus
859 3866 1110 3934 perpetui
1138 3867 1203 3919 ad
1235 3865 1340 3920 hoc
1367 3881 1539 3934 usque
1569 3876 1783 3934 tempus
1805 3878 2053 3934 perman-

476 3955 670 4008 serint.
703 3954 876 4020 Quale
907 3955 1167 4025 quiddam
1199 3956 1364 4010 etiam
1400 3955 1609 4010 civitati
1654 3954 1819 4026 756
1848 3954 2052 4009 Cilicia:

477 4046 853 4116 Pompchpoli
889 4048 1179 4103 acciderit.
1211 4047 1346 4102 Cum
1376 4047 1526 4102 enim
1566 4055 1709 4103 terra
1753 4047 1928 4101 divisa
1957 4062 2053 4101 ur-

477 4137 603 4193 bem
637 4154 756 4193 eam
807 4155 932 4194 cum
980 4141 1176 4196 incolis
1214 4139 1473 4195 omnibus
1502 4140 1814 4194 universam
1863 4139 2052 4194 absor-

479 4231 709 4298 buisset,
739 4247 841 4287 vox
875 4248 942 4287 ex
971 4234 1156 4289 intima
1196 4234 1459 4304 voragine
1503 4231 1764 4288 exaudita
1809 4241 1914 4297 est,
1954 4232 2052 4284 ho-

482 4321 692 4374 minum
725 4322 806 4374 eis
853 4322 947 4391 qui
997 4323 1322 4392 superstites
1367 4323 1579 4377 circum
1615 4335 1680 4375 ea
1721 4320 1839 4374 loca
1874 4320 2052 4374 relicti

481 4421 688 4476 essent,
725 4414 1172 4481 supplicantium,
1205 4425 1263 4468 ut
1288 4428 1347 4468 sc
1367 4428 1611 4468 aerumna
1636 4427 1700 4467 ea
1726 4411 2051 4466 liberarent.

481 4504 889 4560 Commemorat
934 4506 1124 4572 etiam,
1162 4514 1222 4559 ut
1264 4505 1466 4559 Narscs
1505 4503 1795 4560 eunuchus
1832 4519 1860 4557 a
1889 4504 2058 4560 Justi-
2089 4544 2133 4598 υ

483 4598 650 4651 uiano
699 4599 984 4666 copiarum
1038 4596 1362 4651 militarium
1395 4595 1505 4650 dux
1555 4596 1788 4657 electus,
1832 4595 2058 4664 expedi-

486 4689 693 4744 tionem
734 4689 789 4744 iu
843 4689 1052 4744 ltaliam
1103 4687 1428 4758 susceperit,
1465 4703 1531 4743 ac
1575 4686 1810 4742 Totilnm
1845 4690 2060 4756 vicerit,

484 4781 684 4838 deinde
715 4798 846 4838 vero
879 4792 933 4838 ct
966 4781 1179 4848 Teiam,
1225 4790 1280 4837 et
1307 4780 1439 4836 urbs
1483 4782 1655 4835 Roma
1687 4780 1936 4848 quintum
1973 4796 2064 4835 ca-

484 4884 578 4947 pta
627 4877 721 4932 sit.
776 4876 851 4931 De
896 4875 1090 4938 Narse,
1134 4875 1228 4944 qui
1271 4874 1617 4933 familiariter
1661 4889 1785 4928 cum
1818 4890 1885 4928 eo
1917 4874 2067 4928 vixe-

485 4975 569 5030 re,
604 4967 742 5023 illud
791 4969 1124 5038 perhibent:
1177 4966 1250 5021 ita
1290 4967 1466 5036 ipsum
1503 4981 1569 5020 ex
1604 4965 1792 5020 divino
1840 4965 2064 5018 numine

489 5061 840 5129 pependisse,
891 5069 1055 5130 atque
1113 5060 1164 5114 id
1228 5059 1410 5113 omnis
1465 5058 1683 5128 generis
1735 5057 1937 5126 pietate
1975 5072 2069 5110 co-

485 5151 676 5214 lmsse,
733 5160 789 5205 et
836 5151 1113 5222 Virginem
1169 5150 1528 5218 eamdemque
1589 5149 1679 5203 Dei
1717 5147 2062 5203 Genitricent

488 5243 561 5296 ita
621 5253 938 5296 veneratum
993 5256 1138 5306 esse,
1200 5253 1261 5295 ut
1316 5242 1408 5296 illa
1446 5240 1738 5296 manifesto
1787 5241 1838 5294 ei
1901 5255 2066 5308 appa-

489 5348 637 5395 rens,
671 5334 892 5402 quando
928 5334 1173 5403 pradium
1224 5333 1675 5388 committendum
1720 5342 1888 5397 esset,
1925 5347 2066 5401 prac-

490 5423 743 5494 ciperet:
804 5441 984 5496 neque
1019 5425 1172 5480 illum
1225 5425 1387 5480 facile
1435 5427 1588 5493 prius
1647 5424 1702 5477 in
1735 5424 1906 5477 acicm
1967 5423 2064 5476 de-

491 5518 778 5573 scendisse
802 5558 816 5580 ,
853 5535 1016 5589 quam
1078 5529 1291 5588 tempus
1330 5527 1700 5589 Opportunum
1757 5516 1826 5569 ab
1882 5531 1945 5569 ea
1975 5530 2069 5570 co-

494 5658 872 5714 habitacnlum
897 5672 980 5715 est
1009 5661 1172 5728 facta,
1195 5663 1348 5734 juxta
1373 5657 1796 5729 prmdictionent
1819 5655 2064 5723 Domini,

497 5734 666 5798 Apoc.
700 5746 851 5785 xvnt.

569 5803 649 5869 (t)
685 5801 985 5871 Procopius
1017 5802 1091 5856 De
1136 5801 1271 5856 bello
1327 5802 1545 5857 Persico
1603 5801 1745 5855 libro
1798 5797 2062 5859 secundo,

503 5873 593 5925 ubi
628 5889 695 5925 cc
737 5873 948 5928 Iberum
985 5875 1185 5928 linibus
1212 5883 1266 5928 ct
1301 5886 1486 5930 mente
1536 5873 1779 5928 CatICaso
1805 5879 1934 5935 ίιμςει,
1967 5871 2062 5922 llxc

2153 3309 2288 3363 λάδα
2316 3311 2606 3376 γενέσθαι·
2639 3310 2720 3372 είς
2750 3311 2979 3379 ἔσχατον
3008 3309 3066 3361 δὲ
3093 3313 3191 3379 τήν
3233 3326 3290 3362 τε
3323 3310 3595 3362 Βοιωτίαν
3626 3309 3736 3360 καὶ

2166 3402 2386 3472 Ἀχαΐαν
2410 3379 2515 3455 ικαὶ
2557 3402 2625 3454 τὰ
2672 3403 2776 3455 ἀνὰ
2807 3403 2898 3454 τον
2943 3403 3244 3473 Κρισσαῖον
3292 3403 3494 3454 κόλπον
3527 3401 3738 3453 διασει-

2161 3496 2378 3563 σθῆναι.
2416 3495 2607 3565 Χωρία
2651 3512 2711 3548 τε
2759 3495 2988 3548 πλεῖστα
3010 3494 3195 3566 ἥκιστ’
3257 3493 3476 3564 ἀριθμῷ
3510 3495 3737 3546 ὑποκεί-

2160 3588 2285 3640 σθαι
2323 3586 2620 3655 δυνάμενα,
2670 3588 2764 3639 καὶ
2827 3586 3014 3649 πόλεις
3053 3585 3320 3648 ὡσαύτως
3367 3587 3602 3655 πρηνεῖς
3649 3586 3734 3647 είς

2157 3681 2354 3748 ἔδαφος
2409 3679 2698 3749 ἐνεχθῆναι
2727 3694 2740 3709 ·
2779 3677 3104 3748 βυθισθῆναί
3153 3694 3212 3730 τε
3263 3679 3569 3748 πολλαχόσε
3629 3678 3732 3748 τὴν

2161 3775 2286 3842 γῆν,
2321 3772 2416 3825 καὶ
2448 3770 2665 3842 ἐνιαχοῦ
2695 3771 2793 3841 μὲν
2824 3771 3102 3824 συνελθεῖν
3136 3771 3298 3825 πάλιν
3340 3773 3408 3824 τὰ
3439 3774 3736 3842 χάσματαο

2161 3865 2348 3918 ἔστιδ’
2380 3864 2516 3917 ὅπου
2553 3865 2649 3917 καὶ
2694 3861 2870 3927 οὕτως
2899 3865 2958 3926 ὲς
3001 3863 3134 3934 χάος
3181 3865 3410 3934 ἄπειρον
3457 3866 3586 3935 ἄχρι
3636 3867 3737 3919 τοῦ

2162 3956 2324 4028 δεῦρο
2378 3957 2854 4026 διαμεμενήκασιν
2880 3971 2895 3987 ο
2932 3951 3045 4009 οἷόν
3076 3973 3134 4009 τι
3195 3957 3292 4010 καὶ
3328 3959 3456 4028 περὶ
3503 3958 3600 4028 τὴν
3635 3961 3740 4029 τῆς

2163 4049 2421 4113 Κιλικίας
2465 4048 2917 4125 Πομπηῖούπολιν
2966 4050 3191 4119 συνέϐη.
3244 4053 3582 4122 Διασχούσης
3622 4056 3736 4125 γὰρ

2163 4145 2261 4212 τῆς
2281 4143 2386 4211 γῆς
2412 4141 2507 4194 καὶ
2524 4121 2833 4211 ἀὔτανδρον
2853 4141 2954 4210 τὴν
2975 4141 3127 4196 πόλιν
3157 4143 3554 4212 καταπιούσης,
3581 4145 3738 4211 φωνὴ

2163 4235 2412 4290 κάτωθεν
2447 4235 2714 4305 ἐξηχεῖτο,
2750 4233 2861 4287 τῶν
2890 4233 3197 4303 ἀνθρώπων
3228 4235 3583 4288 ἱκετευόντων
3607 4236 3739 4299 τοὺς

2116 4372 2123 4379 .
2165 4323 2616 4392 ὑπολειφθέντας,
2642 4322 3010 4376 ἀπαλλάττειν
3041 4324 3141 4393 τῆς
3167 4326 3476 4394 συμφορᾶς.
3517 4329 3738 4394 Διηγεῖ-

2166 4435 2257 4471 ται
2287 4419 2383 4470 καὶ
2414 4416 2489 4479 ὠς
2520 4416 2742 4486 Ναρσῆς
2787 4419 2816 4469 ό
2837 4415 3089 4488 εὐνοῦχος
3126 4418 3205 4479 εἰς
3239 4418 3338 4489 τὴν
3381 4417 3594 4470 Ἰταλῶν
3623 4421 3737 4470 εἱσ-

2162 4510 2323 4564 ἐϐαλε
2361 4509 2593 4580 χώραν,
2629 4508 2940 4579 στρατηγὸς
2973 4508 3110 4577 πρὸς
3141 4507 3527 4562 Ἰουστινιανοῦ
3559 4527 3739 4579 χειρο-

2160 4600 2413 4672 τονηθείς
2439 4616 2453 4632 ⁸
2488 4599 2584 4654 καὶ
2620 4599 2698 4662 ὡς
2734 4599 3156 4669 κατηγωνίσατο
3199 4599 3480 4669 Τώτιλαν,
3516 4597 3637 4654 εἷτα
3681 4601 3740 4654 δὲ

2171 4694 2268 4747 καὶ⁹
2302 4691 2503 4747 Τεῖαν·
2541 4693 2636 4746 καὶ
2689 4693 2766 4756 ὡς
2803 4691 2990 4763 Ῥώμη
3045 4692 3106 4745 τὸ
3141 4693 3392 4760 πέμπτον
3431 4694 3531 4764 ἤδη
3572 4695 3740 4746 ἑάλω.

2163 4783 2301 4834 Φασὶ
2332 4782 2512 4835 τοίνυν
2560 4781 2609 4834 oi
2651 4783 3051 4850 συγγενόμενοι
3097 4782 3177 4848 τῷ
3204 4781 3422 4852 Ναρσῇ,
3468 4782 3610 4834 οὔτω
3641 4783 3739 4835 τοῦ

2164 4871 2325 4926 Θείου
2347 4870 2663 4941 ὲξέχεσθαι,
2691 4872 2788 4924 καὶ
2815 4875 2932 4934 ταῖς
2963 4871 3149 4933 ἄλλαις
3177 4873 3482 4936 εὐσεϐείαις
3505 4871 3740 4937 ἐξοσιού-

2167 4965 2328 5030 σθαι,
2376 4964 2472 5017 καὶ
2504 4962 2603 5033 τὴν
2639 4962 2920 5032 Παρθένον
2965 4966 3060 5018 καὶ
3092 4965 3358 5017 Θεοτόκον
3392 4961 3536 5018 οὕτω
3556 4965 3741 5035 γεραί-

2169 5071 2308 5126 ρειν,
2338 5053 2412 5116 ὡς
2453 5055 2552 5108 καὶ
2579 5055 2888 5122 ἀναφανδὸν
2931 5056 3150 5127 ἐκείνην
3190 5055 3615 5127 διαφαινομένην
3652 5059 3742 5110 ὅτε

2167 5143 2428 5213 πολεμεῖν
2469 5142 2581 5195 δέοι
2613 5144 3117 5212 παρακελεύεσθαι,
3157 5147 3253 5199 καὶ
3306 5147 3383 5217 μὴ
3431 5148 3742 5218 προχείρως

2168 5237 2487 5294 ἐπιϐάλλειν
2532 5241 2655 5301 ταῖς
2695 5238 2926 5308 μάχαις,
2973 5242 3103 5308 πρὶν
3149 5240 3364 5294 ἐκεῖθεν
3408 5243 3501 5294 τὸν
3549 5245 3747 5311 καιρὸν

2167 5331 2437 5402 διαγνοίη.
2473 5333 2649 5385 Πολλὰ
2676 5334 2734 5386 δὲ
2774 5335 3011 5405 μέγιστα
3034 5335 3129 5388 καὶ
3151 5334 3287 5388 ἄλλα
3312 5335 3389 5404 τῷ
3415 5335 3608 5406 Ναρσῇ
3637 5335 3744 5387 διε-

2169 5424 2416 5494 πράχθη,
2463 5425 2783 5477 Βουσελίνον
2819 5431 2913 5479 καί
2955 5427 3308 5480 Σιλδούανδον
3353 5429 3746 5493 καταπολεμή-

2172 5533 2327 5571 σαντι
2351 5534 2363 5548 ⁸
2384 5519 2477 5570 καὶ
2504 5517 2575 5570 τὰ
2598 5518 2794 5589 μέχρις
2836 5519 3090 5573 Ὠκεανοῦ
3107 5524 3173 5592 τῇ
3204 5519 3492 5590 Ῥωμαίων
3525 5523 3745 5591 ὑπήκοα

2169 5665 2378 5730 gentes,
2401 5655 2597 5724 inquit,
2619 5657 2880 5730 cnmaliae
2900 5659 3107 5730 multae,
3130 5666 3243 5714 tum
3268 5657 3424 5730 Alani
3449 5667 3507 5713 et
3536 5659 3736 5730 Abasgi

2171 5728 2704 5798 habitant._lnsuper
2749 5727 2913 5781 Zechi
2943 5739 2999 5782 et
3032 5740 3153 5798 post
3181 5745 3277 5784 eos
3310 5729 3515 5797 Iluuni,
3555 5731 3648 5798 qui
3688 5727 3746 5784 ct

2171 5797 2373 5871 §aberi
2409 5796 2684 5850 dicuntur.
2728 5801 2832 5862 Qui
2879 5796 3064 5867 postea
3093 5801 3282 5871 populi
3320 5796 3658 5869 llungariam
3687 5814 3744 5857 et

2171 5865 2468 5922 Buicmiam
2489 5877 2848 5927 occuparunt.
