4046 6476
275 373 378 438 9257

1161 366 1780 427 ΕίῖίῖῐιΕόίΑΞΤίΕιἘ
1825 367 2228 426 I-llSTOerE
2271 367 2421 430 LIB.
2471 367 2662 429 XVII.

3441 369 3550 436 238

277 486 631 557 ποιησαμένῳ
661 487 830 555 ἀρχῇ.
869 485 935 536 ’Λ
961 483 1022 553 δὴ
1051 483 1289 551 μάλιστα
1317 483 1345 540 ὁ
1376 483 1516 551 μετά
1547 483 1855 552 Προκόπιον

1961 482 2264 552 gum-isset.
2325 481 2515 536 Plures
2568 482 2798 550 insuper
2842 480 2982 536 alias
3020 489 3076 536 et
3103 481 3372 538 maximas
3419 484 3551 538 Nar-

287 581 546 650 Ἀγαθίας
582 580 611 631 ὁ
653 580 842 650 ῥήτωρ
873 577 1150 646 ἱστόρησε,

1965 591 2054 630 ses
2085 591 2174 628 res
2195 574 2385 640 gessit,
2427 575 2520 643 qui
2544 574 2860 628 Busclinum
2886 575 2964 644 (ί)
2987 574 3547 645 οιὸἰιάιιαηᾶιιηιω),

278 676 420 731 bello
447 674 661 735 vicerit,
696 682 753 726 et
807 671 1062 742 regiones
1107 686 1282 741 usque
1315 669 1383 726 ad
1435 671 1716 728 Oceanum
1800 683 1995 726 omnes
2060 669 2313 724 Romano
2381 667 2614 736 imperio
2654 665 3003 724 subdiderit:
3037 685 3174 740 quas
3205 685 3291 725 res
3321 671 3548 740 potissi-

279 787 422 825 mum
468 778 591 841 post
638 768 967 837 Procopium
1021 767 1284 836 Agathias
1336 767 1529 822 rhetor
1578 765 1633 821 in
1695 765 1908 820 litteras
1947 763 2161 820 retulit.

874 909 1126 962 ΚΕΦᾹΛ.
1162 906 1258 961 1Δ’.

296 1006 394 1068 Ὠς
432 1003 735 1068 Χοσρόης.
770 1001 974 1070 φθόνῳ
1040 997 1366 1064 διατακεῖς,
1436 1001 1546 1064 τὰς
1576 995 1852 1070 σπονδὰς

348 1067 548 1138 λύσας
566 1067 988 1140 ίτῇνῬώμαίων
1007 1070 1207 1140 ἔπεισι
1231 1085 1246 1099 ·
1279 1070 1375 1122 καί
1406 1071 1539 1137 περὶ
1565 1067 1676 1137 τῆς
1703 1068 1854 1123 ἀλώ-

352 1162 504 1210 σεως
535 1138 900 1212 ’Διλτιοχέίας
937 1138 1181 1194 καὶτῶν
1213 1140 1440 1194 ἄλλων.

351 1261 430 1329 Τῇ
466 1259 520 1312 δέ
551 1257 763 1328 ἱστορία
787 1253 1100 1326 Προκοπίου
1129 1253 1226 1306 καὶ
1249 1254 1378 1307 τάδε
1415 1252 1744 1322 ἐμφέρεται,
1781 1251 1857 1316 ὼς

280 1353 527 1421 Χοσρὸης
565 1351 814 1418 διαγνοὺς
845 1348 912 1402 τά
946 1364 1002 1401 τε
1035 1349 1093 1399 ἐν
1133 1345 1310 1416 Λιὸὂῃ
1342 1347 1437 1399 καὶ
1477 1345 1681 1416 Ἰταλίᾳ
1715 1361 1849 1396 συν-

279 1443 566 1514 ενεχίιέντα
619 1444 683 1512 τῇ
740 1439 1026 1509 Ῥωμαίων
1079 1441 1411 1511 στρατηγίᾳ,
1469 1441 1606 1510 πρὸς
1658 1439 1856 1508 φθόνον

277 1534 515 1600 ἐξαίσιον
542 1533 688 1604 ῆρθη
709 1549 722 1562 ·
755 1535 847 1586 καὶ
879 1531 1182 1604 προφάσεις
1207 1533 1354 1585 κατά
1387 1531 1680 1600 Ῥωμαίων
1714 1548 1854 1599 συμ-

274 1627 550 1685 πλάττων,
583 1623 1069 1696 παρεσπονδῆσθαι
1109 1623 1290 1692 ἔλεγε,
1327 1624 1420 1678 καὶ
1476 1621 1576 1694 τὴν
1631 1639 1854 1690 συγκει-

273 1720 449 1790 μένην
479 1718 704 1789 εἰρήνην
727 1717 952 1771 λύεσθαι
975 1731 990 1746 ⁸
1024 1719 1121 1772 καὶ
1162 1717 1232 1771 τὰ
1266 1718 1363 1787 μὲν
1395 1716 1590 1784 πρῶτα
1625 1717 1852 1769 Ἰουστι-
1887 1697 1923 1752 Β

273 1811 480 1875 νιανδν,
509 1809 767 1880 πρέσϐεις
786 1807 1240 1878 διαπεμψάμενον
1258 1811 1314 1872 ὲς
1339 1807 1612 1878 Χοσρόην,
1631 1807 1850 1878 δηλοῦν,

271 1905 349 1967 ὡς
388 1902 464 1974 μὴ
497 1904 679 1956 αἰτίαν
726 1901 851 1955 τινὰ
884 1901 1312 1972 παρασχόμενον
1340 1901 1442 1970 τὴν
1491 1902 1574 1963 εἰς
1607 1900 1853 1970 ἀπέραν-

272 2016 369 2051 τον
395 1996 693 2066 γενομένην
727 1995 954 2066 εἰρήνην
1012 1992 1279 2057 διαλύειν,
1339 1991 1476 2063 μηδέ
1511 2007 1638 2044 τινα
1670 1991 1852 2061 λύμην

271 2096 389 2154 ’τοῖς
425 2088 868 2162 συμςωνηθεῖσιν
915 2090 1256 2158 ἐπαγαγεῖν·
1291 2089 1382 2141 καὶ
1417 2086 1536 2158 ᾔτει
1593 2085 1690 2138 ἐπὶ
1737 2087 1851 2149 τοῖς

282 2185 604 2255 ἀμφιλόγως
636 2183 922 2250 ἐξέτασιν,
954 2181 1050 2235 καὶ
1081 2181 1267 2252 τρόπῳ
1295 2185 1401 2234 τινὶ
1448 2178 1651 2250 φιλικῴ
1687 2170 1757 2232 τὰ
1793 2182 1851 2232 ἐν

289 2281 443 2349 μέσῳ
470 2280 644 2349 ἐζήτει
679 2277 1018 2347 διατεθῆναιο
1056 2275 1147 2342 τὸν
1169 2276 1225 2328 δὲ
1271 2273 1394 2330 λίαν
1430 2274 1738 2345 ἀχθόμενον
1774 2274 1854 2344 τῷ

290 2372 490 2426 ἔνδοθεν
536 2369 910 2440 ὑποσμύχοντι
958 2367 1161 2438 φθόνῳ,
1212 2366 1352 2436 πρὸς
1397 2366 1566 2436 μηδὲν
1625 2363 1854 2433 εύλογον

283 2465 674 2532 ἀποκρίνασθαι
698 2479 736 2541 '_
760 2463 1096 2532 ἀθροίσαντα
1127 2462 1184 2516 δὲ
1223 2461 1322 2528 τὴν
1359 2459 1454 2513 ὑπ’
1488 2454 1662 2514 αὑτὸν
1686 2475 1854 2530 στρα-

277 2561 397 2613 τιὰν
420 2560 677 2628 πλείστην
700 2553 888 2622 οὖσαν,
921 2559 988 2626 τῇ
1031 2554 1327 2625 Ῥωμαίων
1357 2553 1658 2617 εἰσϐαλεῖν,
1682 2553 1854 2624 τρίτῳ

277 2653 371 2706 ἐπὶ
393 2651 603 2721 δεκάτῳ
627 2652 739 2704 ἔτει
774 2647 1160 2704 Ίουστινιανοῢ
1217 2646 1317 2716 τὴν
1352 2646 1645 2714 Ῥωμαίων
1676 2645 1853 2716 ἀρχὴν

272 2745 621 2807 διιθύνοντος.
682 2743 996 2812 Συγγράφει
1052 2739 1257 2805 τοίνυν,
1319 2741 1472 2802 ὅπως
1524 2740 1552 2791 ὁ
1600 2738 1851 2806 Χοςρόης

272 2837 476 2905 »σῦρον
504 2836 600 2907 τὴν
630 2834 786 2888 πόλιν
821 2834 956 2902 πρὸς
990 2833 1285 2902 Εὐφράτην
1313 2832 1578 2902 κειμένην
1631 2829 1853 2901 πολιορ-

271 2927 450 2996 κήσας
477 2919 622 2977 εἷλεν
649 2966 663 2990 ,
698 2923 862 2992 ἔτερα
895 2921 996 2991 μὲν
1045 2920 1398 2990 συνθέμενος,
1431 2919 1597 2990 ἕτερα
1647 2919 1704 2973 δὲ
1753 2937 1853 2971 πε-

2547 902 2772 960 CAPUT
2800 902 2937 959 XIV.

1967 997 2031 1052 Ut
2088 995 2341 1052 Cltosroes
2393 1013 2486 1065 per
2540 999 2800 1052 invidiam
2835 1013 2966 1068 pace
3017 997 3212 1066 fracta,
3246 996 3547 1068 Romanum

2034 1068 2292 1122 invaserit
2327 1069 2638 1139 imperium.
2673 1068 2743 1122 Et
2769 1067 3160 1123 de’Antiochia’
3209 1067 3548 1139 aliarumque

2037 1140 2248 1193 urbium
2282 1138 2459 1195 hostili
2486 1141 2852 1210 occupatione.

2033 1254 2091 1308 ln
2140 1254 2371 1310 historia
2433 1256 2691 1326 Procopii
2739 1255 2829 1311 illa
2876 1271 3099 1327 quoque
3152 1265 3283 1312 sunt
3321 1273 3336 1310 :
3370 1255 3548 1309 Chos-

1960 1361 2117 1411 roen,
2153 1346 2243 1401 ubi
2274 1347 2655 1404 Romanorum
2714 1348 2769 1402 in
2800 1347 2974 1420 Libya
3007 1358 3057 1403 et
3082 1347 3232 1403 ltalia
3270 1363 3362 1403 res
3402 1348 3547 1403 bello

1955 1450 2140 1508 gestas
2187 1441 2575 1511 c0guovisset,
2622 1440 2691 1496 ad
2747 1443 3026 1513 ingentem
3081 1441 3343 1497 invidiam
3393 1456 3549 1497 com-

1958 1543 2169 1587 motum
2212 1549 2383 1591 esse:
2421 1543 2476 1589 et
2533 1543 2832 1601 prtetextus
2887 1546 3080 1590 contra
3129 1536 3412 1590 Romanos
3444 1535 3549 1589 lin-

1955 1637 2177 1697 gentem
2239 1627 2389 1698 quod
2436 1627 2645 1684 fmdera
2725 1627 2932 1684 violata
2987 1638 3042 1684 et
3115 1644 3222 1701 pax
3276 1637 3546 1700 perpetua

1959 1719 2141 1775 soluta
2184 1731 2354 1783 esset,
2391 1720 2617 1776 dixisse.
2654 1720 2734 1775 Ae
2766 1721 3006 1791 primum
3029 1720 3252 1791 quidem
3280 1720 3548 1776 Justinia-

1955 1827 2086 1865 num
2149 1821 2398 1867 oratores
2452 1811 2529 1883 (Ι)
2587 1812 2654 1866 ad
2701 1811 2986 1882 Chosrueu
3035 1812 3275 1877 misisse,
3342 1812 3437 1882 qui
3473 1812 3549 1868 si-

1953 1901 2301 1972 gniﬁcarent,
2341 1903 2552 1958 nullam
2577 1917 2635 1958 sc
2664 1918 2889 1958 causam
2952 1905 3280 1973 praebuisse,
3328 1915 3388 1960 ut
3421 1921 3546 1976 qute

1957 2005 2116 2064 pacta
2165 2003 2311 2050 esset
2359 2010 2461 2066 pax
2519 2004 2811 2066 perpetua,
2875 1995 3226 2067 frangeretur
3282 2015 3296 2052 :
3359 2013 3545 2066 neque

1955 2084 2258 2156 quidquam
2321 2085 2638 2140 detrimenti
2699 2087 2990 2142 conventis
3035 2087 3314 2154 intulisse,
3353 2089 3546 2158 proin-

1964 2178 2143 2248 dcque
2211 2177 2436 2248 petiisse
2489 2188 2549 2232 ut
2611 2179 2678 2234 de
2720 2183 2886 2235 rebus
2929 2181 3306 2237 controversis
3335 2183 3550 2254 disqui-

1957 2273 2087 2328 sitio
2126 2272 2282 2327 fieret
2333 2290 2346 2327 :
2379 2281 2434 2328 et
2468 2287 2650 2328 causae
2676 2289 2797 2344 quae
2839 2273 2895 2327 in
2928 2274 3170 2329 medium
3200 2276 3428 2346 prolata:
3460 2292 3550 2332 es-

1956 2374 2103 2430 sent,
2148 2366 2360 2434 pacatis
2380 2366 2628 2421 consiliis
2657 2367 2831 2421 amice
2863 2377 3349 2436 componerentur.
3375 2367 3550 2424 Ches-

1959 2473 2085 2512 rocs
2136 2469 2293 2523 ver’o,
2341 2458 2487 2528 quod
2540 2474 2760 2526 gravem
2821 2474 2929 2528 qua
2969 2459 3238 2514 inanimo
3263 2459 3426 2530 757
3446 2475 3548 2516 suo

1958 2551 2245 2621 ﬂagrabat,
2302 2551 2568 2605 invidiam
2613 2566 2721 2604 non
2774 2549 2965 2616 ferret,
3002 2551 3140 2605 nihil
3174 2552 3322 2622 quod
3349 2552 3548 2607 rationi

1957 2645 2304 2711 conveniret,
2343 2645 2702 2715 respondisse
2732 2661 2744 2696 :
2778 2660 2970 2698 verum
3019 2645 3272 2700 exercitu
3309 2646 3549 2699 maximo

1956 2758 2021 2796 ex
2079 2739 2298 2808 populis
2339 2740 2466 2794 suis
2519 2748 2747 2798 coacto,
2823 2739 3198 2793 Romanorum
3278 2737 3547 2792 ditionem

1956 2835 2210 2888 adortum
2262 2848 2406 2898 csse,
2466 2831 2686 2886 decimo
2757 2833 2923 2886 tertio
2985 2830 3206 2899 imperii
3242 2830 3546 2886 Justiuiani

1957 2941 2124 2980 anno.
2187 2926 2466 2981 Describit
2524 2925 2711 2996 igitur,
2735 2925 3015 2994 quomodo
3043 2922 3318 2978 Chosroes
3341 2923 3545 2978 Surum

274 3016 501 3088 πραχώς
525 3033 539 3046 ⁶
569 3017 797 3078 ἀνοσίως
837 3013 1126 3078 διατεθεὶς,
1157 3014 1233 3070 ὡς
1278 3013 1557 3084 ἀλογήσας
1610 3011 1845 3082 μάλιστα

1959 3019 2020 3076 ad
2083 3020 2416 3089 Euphratem
2467 3020 2626 3073 sitam
2655 3017 2871 3079 urbem,
2901 3025 3272 3085 expugnatam
3310 3015 3544 3084 ceperit,

272 3111 372 3173 τὰς
433 3109 724 3180 συνθήκας,
768 3110 861 3160 καὶ
895 3107 1033 3176 δόλῳ
1101 3105 1302 3175 μᾶλλον
1338 3104 1371 3174 ἢ
1427 3104 1578 3174 νόμῳ
1606 3104 1851 3173 πολέμου

271 3203 477 3272 ταύτην
507 3201 644 3255 ἐλών
663 3217 678 3231 ’
709 3202 802 3254 καὶ
825 3200 973 3264 ὅπως
991 3199 1091 3269 τήν
1107 3216 1166 3250 τε
1197 3197 1466 3269 Βέρῤοιαν
1498 3195 1672 3266 ἐποίει
1694 3192 1856 3262 πυρί-

274 3311 512 3348 καυσῖον
540 3309 554 3322 °
589 3293 682 3347 καὶ
703 3293 776 3355 ὡς
816 3292 1027 3345 ἐκεῖθεν
1058 3293 1139 3354 εἰς
1178 3291 1516 3359 Ἀντιόχειαν
1560 3283 1718 3360 ἧκεν,
1753 3286 1857 3339 Εὑ-

275 3387 542 3456 φραιμίου
569 3387 649 3455 τῷ
696 3376 870 3455 θρόνῳ
899 3385 1108 3456 ταύτης
1163 3383 1550 3452 ἐμπρέποντος
1574 3397 1586 3411 ·
1619 3380 1856 3434 καταλε-

275 3481 520 3544 λοιπότος
552 3480 609 3534 δὲ
631 3480 730 3551 τὴν
757 3479 1076 3548 ἐκκλησίαν,
1106 3477 1358 3548 μηδενδςι
1382 3476 1532 3546 αὑτῷ
1569 3474 1681 3528 τῶν
1711 3473 1854 3528 κατά

278 3575 478 3629 σκοπὸν
518 3574 801 3643 προϊόντος
829 3590 842 3604 ο
873 3571 931 3634 ὃς
968 3573 1070 3642 τὴν
1111 3570 1438 3641 ἐκκλησίαν,
1478 3569 1577 3622 καὶ
1615 3568 1683 3622 τὰ
1713 3567 1852 3637 ἀμφ’

279 3664 448 3735 αὐτὴν
495 3665 676 3717 πάντα
726 3663 1030 3735 περισῶσαι
1093 3661 1359 3730 λέγεται,
1415 3661 1855 3730 κατακοσμήσας

277 3759 386 3818 τοῖς
421 3757 587 3827 ίεροῖς
636 3753 1011 3825 ἀναθήμασιν,
1060 3753 1147 3806 ἵνα
1192 3752 1363 3822 λύτρα
1394 3751 1573 3823 ’ταύτῃ
1600 3752 1853 3820 γένηται.

281 3848 604 3922 Περιπαθιῖκ
659 3845 704 3902 δ’
746 3846 888 3915 ἄγαν
934 3847 1027 3900 καὶ
1083 3845 1182 3916 τῆς
1240 3844 1522 3914 Ἀντιόχου
1568 3843 1666 3914 τὴν
1709 3845 1856 3898 ἄλω-

281 3961 367 3996 σιν
424 3941 794 4012 ἁναγράφεται
827 3939 962 4012 πρὸς
1013 3937 1252 4010 Χοσρόου
1305 3937 1726 4012 γεγενημένηνο
1760 3937 1856 3990 καὶ

275 4037 351 4100 ὡς
416 4037 591 4090 πάντα
653 4033 922 4103 διέφθειρε
983 4031 1214 4087 κτείνων
1279 4031 1377 4088 καὶ
1431 4031 1852 4102 διαπυρπολῶν.

284 4133 512 4184 Ἔπειτα
554 4129 650 4183 καὶ
691 4129 842 4190 ὅπως
895 4129 953 4192 ἐς
985 4126 1084 4198 τὴν
1135 4127 1495 4194 ἀστυγείτονα
1525 4125 1855 4178 Σελεύκειαν

279 4221 434 4296 ἧκεν,
483 4223 540 4276 ἐν
569 4240 626 4276 τε
681 4221 759 4292 τῷ
805 4221 1120 4291 προαστείῳ
1173 4220 1270 4292 τῆς
1318 4219 1560 4290 Δάφνης.
1620 4220 1729 4274 Καὶ
1777 4218 1854 4283 ὠς

281 4317 418 4370 κατὰ
479 4317 578 4385 τὴν
639 4313 936 4384 Ἀπαμέων
997 4315 1240 4380 ἐγένετο.
1308 4313 1483 4383 Θωμᾶ
1546 4310 1852 4380 τηνικαῦτα

281 4410 724 4472 ἐπισιιοποῦντος,
746 4409 930 4478 λόγοις
965 4407 1060 4460 καὶ
1098 4406 1281 4477 ἔργοις
1320 4405 1469 4484 μάλα
1512 4402 1812 4472 διαφανοῦς
1835 4416 1850 4432 ’

279 4507 337 4560 ὃν
359 4506 421 4577 δή
453 4521 585 4575 φησι
615 4503 830 4574 σύναμα
857 4501 1074 4573 Χοσρὸῃ
1104 4501 1202 4571 τὴν
1245 4500 1354 4553 τῶν
1391 4499 1576 4552 ἵππων
1616 4497 1852 4568 ἅμιλλαν

281 4600 336 4651 ἐν
367 4600 440 4666 τῷ
502 4595 822 4666 ἱπποδρόμῳ
866 4595 1045 4664 σοφῶς
1077 4593 1379 4661 ὑποστῆναι
1429 4592 1582 4662 παρὰ
1609 4592 1667 4643 τὸ
1704 4607 1854 4644 νενο-

286 4687 546 4758 μισμένον
575 4683 910 4738 θεάσασθαι·
946 4683 1021 4746 ὡς
1047 4682 1252 4736 ἐπίπαν
1281 4680 1610 4751 θεραπεύειν
1638 4682 1852 4734 ἐκεῖνον

282 4781 372 4833 καὶ
390 4778 687 4849 ἐξημεροῦν
712 4779 1011 4849 ᾑρημένον.
1039 4775 1136 4828 ⁸³ον
1167 4776 1402 4837 ἀστείως
1429 4773 1574 4843 μάλα
1602 4774 1854 4845 Χοσρόης

284 4872 458 4942 ἡρετο,
522 4867 575 4921 εί
608 4886 672 4938 γε
733 4869 919 4939 ᾑρεῖτο
952 4866 1116 4919 αὑτὸν
1150 4864 1258 4918 ἀνὰ
1305 4865 1404 4934 τὴν
1451 4863 1661 4918 οἰκείαν
1696 4865 1854 4918 πόλιν

281 4962 417 5016 οὕτω
444 4961 742 5016 Θεάσασθαι
763 4977 777 4990 ο
810 4961 900 5012 τὸν
927 4959 971 5012 δ’
998 4958 1262 5028 ἀλήθειαν
1291 4958 1384 5010 τοῦ
1414 4955 1616 5019 παντὸς
1647 4953 1856 5025 τιμῶν-

281 5074 369 5118 τα,
406 5055 570 5123 φάναι
623 5051 866 5120 λέγεται,
899 5049 974 5112 ὡς
1028 5051 1127 5118 ούχ
1164 5050 1334 5120 ἡδέως
1372 5047 1522 5119 ὁρῴη
1556 5049 1799 5100 ἐκεῖνον’
1829 5044 1859 5099 ὃ

281 5151 376 5202 καὶ
425 5149 513 5201 διὰ
547 5147 740 5200 πολλοῦ
768 5147 858 5198 τὸν
889 5145 1142 5214 Χοσρόην
1187 5142 1564 5212 ποιησάμενον
1590 5141 1688 5210 τῆς
1722 5139 1860 5210 ἁλη-

283 5243 451 5309 θείας,
487 5243 580 5294 τὸν
621 5241 770 5312 ἱερέα
805 5239 1105 5308 ὑπερφυῶς
1141 5235 1407 5306 ἄγασθαι.

281 5336 463 5391 videre
519 5334 702 5400 vellet,

1957 3111 2171 3167 civibus
2197 3113 2394 3182 partim
2447 3127 2544 3180 per
2569 3122 2725 3180 pacta
2747 3117 3020 3166 conventa
3057 3108 3304 3171 allectis.
3348 3117 3548 3178 Partim

1957 3223 2056 3276 per
2119 3221 2274 3259 arma
2320 3205 2578 3271 devictis,
2647 3202 2851 3274 quippe
2881 3203 2975 3273 qui
3008 3202 3258 3272 improbe
3277 3217 3337 3257 se
3365 3217 3538 3273 gesse-

1959 3300 2048 3361 rit,
2110 3310 2166 3353 et
2245 3306 2401 3368 pacta
2449 3297 2676 3350 minime
2739 3295 2993 3360 scrvarit,
3020 3294 3147 3348 dolo
3177 3295 3348 3364 magis
3383 3309 3550 3363 quam

1956 3390 2086 3446 belli
2138 3389 2264 3461 jure
2319 3391 2547 3444 civitate
2591 3404 2656 3444 ea
2709 3389 2948 3456 potitus.
3023 3387 3309 3454 Quomodo
3379 3388 3548 3442 etiam

1958 3484 2280 3540 Berrhmam
2309 3485 2590 3538 incensam
2621 3482 2732 3553 igni
2763 3481 3024 3536 vastarit.
3101 3481 3235 3535 ltem
3268 3479 3550 3550 quomodo

1959 3577 2087 3631 inde
2115 3577 2470 3631 Antiochiam
2519 3574 2856 3645 pervenerit,
2919 3573 2973 3627 in
3011 3571 3170 3642 cujus
3200 3581 3312 3625 tum
3345 3572 3548 3626 throno

1959 3665 2347 3738 Enphnemius
2397 3667 2598 3721 enituit
2635 3683 2650 3721 :
2690 3665 2807 3734 qui,
2872 3679 2999 3720 cum
3054 3663 3103 3717 ei
3140 3663 3283 3733 quod
3332 3663 3545 3734 agebat,

1957 3761 2097 3816 nihil
2149 3777 2218 3814 ex
2277 3760 2554 3814 sententia
2583 3756 2931 3828 prcrcderet,
2974 3757 3265 3810 ecclesiam
3302 3756 3547 3826 reliquit,

1957 3869 2190 3924 eamque
2221 3853 2571 3923 profugiens
2629 3866 2736 3906 una
2765 3866 2892 3905 cum
2927 3849 3126 3904 vicinis
3149 3848 3401 3904 aediliciis
3435 3865 3526 3903 ser

1958 3948 2128 4014 vavit,
2175 3947 2350 4001 sacris
2379 3946 2630 4000 donariis
2663 3944 2857 3999 ordine
2890 3942 3191 4012 publicitus
3226 3942 3546 4010 propositis,

1960 4046 2020 4091 ut
2057 4032 2457 4107 redemptionis
2486 4043 2673 4089 essent
2700 4033 2952 4088 ecclesiae
2978 4031 3244 4102 pretium.
3274 4031 3547 4086 Przeterca

1958 4145 2222 4200 perquam
2284 4128 2674 4182 miserabiliter
2733 4133 3152 4189 commemorat,
3205 4127 3546 4193 quomoiloa

1956 4223 2206 4279 Cltosroe
2233 4220 2529 4276 Antiochia
2566 4219 2640 4274 sit
2691 4229 2874 4289 capta,
2923 4218 3015 4288 qui
3066 4217 3250 4272 omnia
3289 4217 3363 4271 ibi
3401 4208 3547 4271 ferro

1960 4315 2204 4370 concidit
2280 4325 2333 4369 et
2398 4313 2659 4368 incendio
2725 4311 2982 4366 vastavit.
3034 4305 3547 4380 Deinde'qnomodo

1961 4411 2016 4464 in
2075 4409 2460 4465 suburbanum
2525 4406 2770 4477 Daphnin
2836 4407 3048 4467 lucum,
3107 4412 3164 4460 et
3212 4405 3265 4458 in
3308 4404 3545 4458 vicinam

1961 4501 2271 4558 Seleuciam
2326 4500 2544 4555 venerit
2611 4517 2625 4554 :
2674 4507 2731 4554 et
2789 4507 2847 4553 ut
2899 4499 2964 4553 ad
2993 4501 3294 4568 Apameam
3325 4512 3549 4566 quoque

1961 4593 2312 4665 applicuerit,
2350 4592 2562 4649 Thoma
2601 4600 2715 4648 tum
2780 4592 2855 4646 ibi
2901 4592 3279 4662 episcopatum
3311 4589 3549 4644 admini-

1963 4695 2199 4752 strante,
2249 4694 2306 4739 et
2363 4686 2476 4740 vita
2525 4694 2581 4740 ct
2633 4684 2887 4739 doctrina
2954 4683 3160 4737 illustri
3199 4681 3338 4736 viro.
3377 4683 3549 4748 Quem

1964 4794 2072 4832 una
2118 4794 2246 4833 eum
2291 4777 2538 4832 Cltrosoe
2595 4777 2739 4845 apud
2793 4791 2958 4845 quem
2993 4780 3206 4846 legatus
3241 4783 3381 4836 erat,
3415 4773 3550 4825 dit-it

1961 4885 2230 4942 equorum
2288 4879 2570 4924 certamen
2624 4870 2679 4922 in
2713 4867 3112 4938 llippodromo,
3138 4876 3339 4936 praeter
3367 4882 3550 4934 recrp-

1965 4971 2081 5016 tum
2109 4979 2344 5027 morem,
2398 4963 2682 5032 sapienter
2737 4967 3018 5030 spectasse
3064 4975 3078 5012 :
3114 4968 3175 5012 ut
3210 4957 3363 5010 illum
3387 4957 3551 5011 scili—

1965 5065 2054 5112 cet
2112 5057 2202 5110 tali
2258 5055 2438 5110 ollicio
2463 5053 2651 5108 mitem
2683 5052 3071 5123 placatumque
3104 5064 3326 5118 prorsus
3356 5048 3551 5100 redde-

1969 5158 2075 5203 ret.
2133 5148 2276 5203 Eum
2334 5161 2459 5199 cum
2497 5146 2672 5199 facete
2725 5142 3023 5199 admodum
3074 5141 3351 5202 Chrosoes
3383 5139 3552 5193 inter-

1973 5247 2242 5306 rogasset,
2279 5253 2345 5290 an
2382 5237 2472 5290 ille
2517 5250 2575 5289 se
2611 5234 2679 5288 ad
2728 5235 2876 5288 hunc
2909 5233 3133 5287 modum
3197 5230 3250 5283 in
3286 5229 3423 5282 urbe
3457 5242 3552 5280 sua

814 5333 1105 5404 veritatem
1161 5333 1328 5387 rebus
1397 5329 1658 5386 omnibus
1722 5341 2135 5400 pra‘poncntcm
2204 5329 2557 5399 resiiondisse
2592 5326 2749 5394 dicit,
2801 5325 2948 5396 quod
3008 5340 3118 5378 non
3169 5322 3554 5376 libentereum

282 5433 500 5488 visurus
541 5439 709 5487 esset.
762 5424 917 5498 Quod
947 5428 1154 5484 dicsum
1215 5444 1342 5484 cum
1367 5428 1645 5484 Chrosnes
1712 5435 1938 5498 propter
1977 5428 2265 5482 veritatem
2314 5426 2539 5499 plurimi
2595 5424 2750 5490 fecit,
2817 5431 2930 5478 tum
2953 5419 3414 5481 antistitemeum
3453 5412 3554 5468 Ini-

283 5531 428 5586 rilice
457 5537 541 5585 est
575 5526 900 5582 admiratus.
1359 5517 1372 5551 '

353 5712 423 5780 (l)
476 5706 634 5779 Apud
695 5705 980 5776 Agatliiam
1040 5703 1075 5758 ii
1139 5703 1404 5758 dicuntur
1468 5699 1720 5756 Bullinus
1802 5706 1861 5754 ct

284 5779 528 5837 Sindual.
888 5813 892 5817 ~
1308 5813 1311 5816 -

349 5853 423 5922 (2)
457 5850 564 5906 Alii
595 5847 743 5904 hunc
771 5844 1083 5902 Situaldum
1118 5843 1424 5903 nominant.

2049 5698 2128 5765 (5)
2175 5695 2407 5766 Vittigis
2443 5693 2508 5746 ad
2556 5693 2776 5766 Persam
2802 5690 3010 5766 legatos
3043 5687 3312 5766 {nisitLad
3342 5686 3556 5766 bellum

1970 5757 2132 5822 Rom.
2165 5783 2292 5824 eum
2315 5757 2587 5822 Exsitaus.
2612 5763 2792 5836 (Proc.
2815 5757 2917 5816 lib.
2969 5777 3006 5818 tt
3032 5759 3169 5815 Belli
3200 5757 3451 5831 Persici.)
