4046 6522
452 396 563 462 259

1685 383 2122 448 NlCEl‘llOllI
2164 383 2251 441 CA
2266 381 2510 442 LLISTI

954 504 1119 575 753
1164 500 1394 559 CAPUT
1414 501 1543 584 ‘xv.
2076 503 2119 560 Α

3631 371 3741 436 Ξθῢ

2744 498 2998 553 ΚΕΦΑΛ.
3040 496 3140 553 IE'.

455 601 536 656 De
582 596 886 672 miraculo,
943 597 1083 672 quod
1133 590 1499 672 Apamecyed
1552 588 1821 659 viviﬁcum
1872 588 2047 643 crucis

2182 592 2283 662 ίερὶ
2323 592 2432 648 τοῦ
2471 593 2541 672 ἑρ-
2601 592 2893 672 Ἀᾐπαμεὶρ
2926 590 3267 672 γενομέιίωί
3289 661 3301 672 .
3323 589 3628 672 ᾷαύματος
3658 589 3745 656 τῷ

1028 664 1232 736 lignum
1266 663 1481 717 accidit.

527 786 894 853 Posteaquam
936 794 1071 835 vero
1120 778 1190 833 ad
1243 777 1393 833 hunc
1451 777 1633 833 locum
1668 774 2049 845 pervenimus,

458 880 609 935 aliud
660 876 923 949 quiddam
981 870 1307 934 recensebo,
1357 869 1615 941 prmsenti
1649 867 1895 924 historiae
1923 881 2055 920 con-

460 966 688 1022 veniens
738 961 1172 1035 quammaxime.
1219 959 1356 1014 Cum
1404 958 1691 1028 Apameni,
1714 959 1910 1011 urbem
1945 956 2057 1010 Διι-

461 1060 777 1116 tiochenam
835 1057 947 1127 jam
1013 1052 1233 1109 incendi
1308 1052 1692 1116 audivissent,
1759 1050 2055 1113 Thomam,

392 1196 397 1201 .
459 1169 625 1225 quem
685 1150 833 1217 dixi,
864 1151 1187 1219 episcOpum
1227 1161 1256 1200 a
1282 1144 1531 1201 Chosroe
1574 1158 1860 1199 reversum
1889 1143 2055 1196 obse-

462 1251 712 1308 crarunt,
766 1251 826 1296 ut
892 1248 1093 1309 praeter
1122 1237 1345 1294 solitum
1393 1250 1600 1290 morem
1625 1233 1904 1289 viviﬁcum
1932 1247 2058 1287 cru-

465 1337 549 1393 cis
615 1336 832 1407 lignum
874 1331 1173 1407 proferret,
1225 1340 1389 1399 atque
1426 1328 1480 1383 in
1510 1327 1751 1383 medium
1783 1340 2061 1397 propone-

466 1442 573 1494 ret,
605 1408 1041 1492 ut'postremum
1070 1424 1418 1478 intueremur
1451 1408 2055 1487 exoscularenturque,

466 1523 688 1577 unicam
717 1535 839 1575 eam
873 1516 1157 1572 hominum
1186 1516 1458 1579 salutem;
1506 1522 1565 1566 et
1594 1510 1754 1581 quasi
1788 1508 2056 1562 viaticum

469 1614 851 1671 adorationem
913 1611 1086 1675 illius,
1125 1608 1193 1663 ad
1230 1602 1515 1661 meliorem
1552 1603 1701 1659 illam
1741 1604 1909 1656 vitam
1962 1599 2063 1653 mi-

472 1706 709 1779 graturi,
774 1711 1079 1758 sumerent.
1152 1701 1364 1754 Annuit
1394 1698 1654 1768 precibus
1690 1711 1884 1751 eorum
1917 1694 2064 1747 Tho-

475 1814 617 1861 mas,
669 1806 725 1853 et
772 1796 981 1866 lignum
1032 1792 1196 1847 vitale
1263 1790 1516 1862 protulit,
1543 1787 1714 1844 certis
1741 1787 2064 1859 productio-

2476 661 2760 733 ζωηφόρφ
2781 661 2888 716 τοῦ
2920 661 3196 730 σταυροῦ
3229 661 3417 726 ξύλῳ.

2238 779 2508 833 Ἐνταῦθα
2534 779 2590 833 δέ
2620 777 2716 833 τοῦ
2753 778 2918 847 λόγου
2949 776 3287 845 .γενόμενος,
3330 776 3426 830 καὶ
3458 792 3511 828 τι
3555 776 3749 847 ἕτερον

2153 871 2524 943 διηγήσασθαι
2562 871 2850 944 βούλομαι,
2883 871 3173 942 προσῆκον
3207 870 3447 939 μάλιστα
3477 871 3546 942 τῇ
3596 885 3753 936 ’παρ⁹

2157 973 2300 1043 ούσῃ
2350 986 2441 1040 μοι
2492 967 2731 1037 ἱστορίᾳ.
2760 966 2918 1020 Ἐπεὶ
2940 965 3050 1035 γὰρ
3075 966 3123 1018 οἱ
3144 967 3245 1036 τῆς
3267 962 3564 1033 ’Δπαμέων
3592 965 3754 1033 clad;-

2158 1079 2317 1132 τορες
2351 1061 2452 1130 τὴν
2501 1058 2655 1128 σφῶν
2702 1057 2861 1110 πόλιν
2898 1055 3002 1128 ἢδη
3071 1054 3470 1126 πυρπολεῖσθαι
3517 1056 3756 1122 διέγνως

2163 1175 2284 1219 σαν,
2310 1155 2403 1208 τὸν
2432 1153 2727 1224 εἰρημένον
2756 1150 2963 1216 Θωμᾶν
2992 1150 3242 1203 ἱκέτευον
3264 1148 3418 1219 παρὰ
3446 1147 3508 1201 τὸ
3529 1147 3754 1215 εἰωθὸς,

2160 1250 2222 1303 τὸ
2272 1247 2540 1314 ζωοποιδν
2588 1244 2681 1299 τοῦ
2708 1243 2950 1315 σταυροῦ
2986 1241 3145 1308 ξύλου
3177 1242 3489 1309 ἐξενεγκεῖν
3522 1243 3618 1295 καὶ
3667 1243 3759 1298 εἰς

2166 1342 2365 1409 μέσους
2394 1336 2720 1409 προθεῖναιο
2771 1336 2847 1399 ὡς
2899 1336 2965 1389 ἄν
2996 1352 3061 1404 γε
3114 1334 3429 1387 τελευταῖον
3490 1334 3653 1388 ἴδοιέν
3688 1350 3758 1387 τε

2165 1431 2262 1484 καὶ
2289 1427 2765 1490 κατασπάσαιντο,
2799 1424 2899 1496 τὴν
2932 1425 3104 1495 μόνην
3141 1424 3247 1479 τῶν
3297 1423 3604 1496 ἀνθρώπων
3645 1441 3762 1478 σω⁴

2162 1522 2380 1593 τηρὶαν,
2415 1520 2513 1574 καὶ
2542 1519 2656 1574 οἷον
2681 1519 2894 1587 ἐφόδιον
2925 1516 3112 1571 λαὸεῖν
3144 1516 3244 1587 τὴν
3268 1518 3482 1570 ἐκείνου
3505 1518 3765 1588 προσκύ-

2165 1632 2344 1683 νησιν,
2402 1614 2747 1683 μεταχωρεῖν
2796 1609 3097 1682 μέλλοντας
3154 1610 3294 1679 πρὸς
3340 1609 3441 1681 τὴν
3487 1609 3789 1678 ἀμείνονα·

2168 1709 2376 1780 βιοτήν.
2422 1707 2705 1778 ’Υπήκουε
2739 1705 2797 1759 δὲ
2829 1707 2858 1759 ὁ
2888 1703 3094 1775 Θωμᾶς
3139 1704 3236 1758 καὶ
3269 1705 3480 1775 προῆγε
3513 1702 3575 1756 τὸ
3619 1703 3768 1765 ζωο-

2169 1801 2321 1856 ποιὺν
2355 1799 2537 1865 ξύλον,
2591 1799 2765 1871 ῥητὰς
2798 1796 3278 1875 ἐπαγγειλᾲμενος
3304 1795 3401 1865 τῆς
3436 1795 3765 1865 προθέσεως

472 1894 561 1947 nis
585 1892 707 1961 ejus
734 1861 959 1943 indictis
980 1885 1179 1941 diebus
1197 1924 1213 1951 ,
1238 1895 1297 1939 ιιι
1316 1883 1483 1939 vicini
1514 1897 1737 1953 quoque
1764 1879 2064 1935 al'lluerent

2182 1895 2269 1955 τὰς
2296 1861 2542 1962 ἡμέρας,
2566 1861 2850 1957 ὦς’ἂνεὶη
2883 1861 2978 1940 καὶ
3003 1861 3126 1947 τοῖς
3151 1861 3534 1952 ἁστυγεὶτοσιν
3565 1883 3769 1953 ἀθροι-

475 1992 529 2038 et
585 1981 857 2036 medicina
914 1976 1138 2033 salutari
1202 1975 1648 2046 perfruerentur.
1709 1972 1850 2029 Cum
1881 1981 2065 2026 autem

475 2089 671 2128 omnes
726 2069 1140 2133 convenissent,
1204 2067 1335 2121 totis
1379 2065 1637 2121 manibus
1663 2064 1905 2118 Thomas
1937 2060 2074 2116 sub-

475 2167 587 2221 lato
652 2165 709 2219 in
788 2162 1027 2219 sublime
1100 2161 1273 2230 ligno,
1351 2156 1757 2213 maledictionis
1805 2155 2067 2218 amulelo,

475 2272 688 2313 sai-ram
727 2255 900 2310 tndem
936 2251 1261 2309 circumiit:
1295 2248 1442 2320 quod
1498 2248 1659 2304 statis
1689 2255 1902 2302 tantum
1941 2258 2103 2316 sup-‘

480 2347 846 2418 plicationum
900 2343 1098 2398 diebus
1126 2342 1242 2396 ﬁeri
1269 2340 1576 2396 consuevit.
1606 2340 1776 2393 Porro
1805 2337 2072 2392 Thomam

480 2440 875 2510 procedentem
932 2450 1128 2506 magna
1188 2434 1272 2488 vis
1326 2432 1734 2503 resplendeutis
1764 2430 1907 2501 ignis
1943 2430 2076 2483 sub—

480 2528 641 2598 sequi
693 2529 807 2580 visa
875 2535 982 2588 est,
1036 2540 1144 2579 non
1187 2523 1477 2578 adurentis
1524 2521 1746 2592 quidem
1774 2520 1942 2591 ignis,
1974 2519 2071 2575 sed

482 2619 578 2689 qui
633 2619 815 2677 locum
874 2614 1018 2669 unde
1082 2614 1172 2668 ille
1228 2614 1356 2678 iret,
1391 2611 1724 2669 comburere
1759 2617 2072 2680 putaretur.

483 2711 674 2781 Neque
727 2709 777 2763 id
837 2707 1012 2763 semel
1063 2716 1158 2761 aut
1210 2705 1434 2770 iterum,
1462 2719 1653 2759 verum
1691 2715 2076 2773 saapenumero

480 2804 704 2867 accidit,
762 2801 909 2871 quod
966 2800 1200 2855 antistes
1247 2800 1427 2853 locmn
1470 2811 1691 2853 omnem
1727 2794 2073 2851 circumiret.

479 2907 535 2949 ot
603 2892 903 2949 multitudo
955 2904 1290 2962 congregata
1354 2890 1532 2955 illum,
1595 2896 1656 2945 ut
1698 2888 1844 2943 idem
1872 2888 2078 2956 sapius

479 2987 708 3051 faceret,
761 2978 998 3055 rogaret,
1029 2999 1140 3054 quo
1163 2982 1415 3039 crebrius
1451 2981 1711 3037 videlicet
1741 2981 1934 3036 divino
1962 2979 2075 3035 ful-

481 3096 617 3152 gore
678 3079 983 3133 frueretur.
1040 3075 1116 3130 Ea
1184 3091 1277 3130 res
1306 3073 1552 3128 futuram
1585 3073 1884 3143 Apamenis
1924 3070 2075 3125 salu-

2174 1989 2394 2058 σθῆναι.
2425 1987 2521 2041 καὶ
2543 1986 2642 2052 τὴν
2665 1982 2768 2053 τῆς
2798 1980 3076 2053 σωτηρίας
3126 1979 3431 2051 θεραπείαν
3459 1979 3710 2049 τρυγῆσα
3723 1997 3769 2031 ι.

2184 2078 2339 2132 Ἐπεὶ
2364 2077 2420 2130 δὲ
2463 2074 2844 2146 συνέρῤευσαν
2872 2072 3134 2135 ἅπαντες,
3171 2069 3325 2132 ὅλαις
3358 2067 3550 2141 χερσὶν
3573 2069 3602 2122 ὁ
3632 2067 3768 2121 Θω-

2177 2173 2285 2242 μᾶς
2312 2170 2374 2225 τὸ
2404 2169 2506 2241 τῆς
2554 2165 2804 2236 κατάρας
2847 2163 3265 2233 ἐξαλειπτήριον
3310 2161 3470 2230 ξύλον
3501 2163 3580 2226 εἱς
3627 2161 3774 2230 ὕψος

2174 2263 2385 2335 ἠρκὼς,
2415 2262 2757 2334 περιενόστει
2778 2258 2843 2312 τὸ
2874 2246 3021 2312 θεῖον
3052 2256 3357 2326 ἀνάκτορον
3380 2272 3394 2286 ·
3430 2255 3568 2325 ὅπερ
3600 2253 3773 2308 εἴωθε

2177 2353 2427 2423 γίνεσθαι
2455 2356 2579 2416 ταῖς
2619 2350 2843 2422 κυρὶαις
2891 2348 3135 2420 ἡμέραις
3170 2347 3277 2401 τῶν
3307 2347 3774 2417 προσκυνήσεων.

2177 2448 2270 2519 Τῷ
2297 2447 2354 2500 δὲ
2384 2445 2561 2516 Θωμᾷ
2617 2442 3027 2514 μεθισταμένῳ,
3064 2444 3208 2512 μέγα
3247 2457 3304 2494 τι
3358 2440 3551 2511 χρῆμα
3589 2439 3780 2510 πυρὸς

2180 2528 2468 2611 σελαγίζον
2496 2540 2708 2608 ἑωρᾶτο
2735 2538 3001 2607 ἑπόμενον
3023 2551 3038 2566 ⁸
3089 2535 3148 2589 ού
3185 2537 3487 2590 κατακαῖον
3529 2535 3628 2606 μέν
3655 2552 3778 2598 τοι,

2179 2636 2256 2696 ὡς
2302 2635 2482 2687 δοκεῖν
2543 2630 2637 2685 τὸν
2667 2629 2834 2684 τόπον
2868 2627 2996 2682 ἔνθα
3054 2627 3353 2699 μεθίστατο
3377 2626 3737 2696 πίμπρασθαι
3762 2641 3778 2658 ο

2179 2728 2279 2798 οὐχ
2333 2723 2485 2790 ἅπαξ
2532 2724 2589 2778 δὲ
2638 2724 2820 2789 τοῦτο,
2855 2721 2975 2775 οὐδὲ
3009 2720 3116 2786 δὶς,
3164 2718 3301 2772 ἀλλὰ
3353 2718 3448 2771 καὶ
3507 2717 3783 2781 πολλάκις

2179 2819 2459 2890 γενέσθαι,
2497 2818 2682 2872 πάντα
2711 2816 2803 2870 τὸν
2834 2815 3014 2887 χῶρον
3045 2812 3142 2867 τοῦ
3193 2811 3385 2882 ἱερέως
3418 2809 3726 2882 περιιόντος
3765 2826 3782 2843 ο

2181 2914 2279 2968 καὶ
2309 2912 2462 2975 αὖθις
2506 2911 2603 2966 καὶ
2650 2909 2914 2972 πολλάκις
2964 2906 3128 2961 τοῦτο
3175 2906 3628 2968 καθικετεύοντος
3673 2902 3784 2958 τοῦ

2182 3005 2573 3079 ἁθροισθέντος
2600 3002 2844 3074 πλήθους
2874 3001 2968 3055 τὸν
2993 3000 3145 3072 ἱερέα
3177 3003 3373 3065 ποιεῖν,
3404 2998 3471 3052 ἵν’
3515 2997 3610 3069 ἐξῇ
3635 2999 3784 3051 πολ-
3893 3001 3905 3013 '

2183 3101 2345 3163 λάκις
2388 3099 2489 3152 καὶ
2533 3098 2635 3168 τῆς
2681 3095 2838 3158 θείας
2888 3093 3086 3163 αἱγλης
3138 3089 3677 3163 μετα).αμ6άνειν·ὃ
3712 3089 3784 3161 δὴ

483 3183 595 3227 tem
652 3170 957 3241 portendit.
1007 3167 1076 3223 Et
1139 3168 1392 3222 miraculi
1413 3167 1532 3237 ejus
1564 3166 1741 3236 imago
1771 3174 1936 3236 atque
1960 3179 2077 3218 mo-

634 3278 644 3279 ,
858 3259 1205 3279 Ancum“
1264 3257 1906 3279 .--.--..:-_-_..._.m__.-_.
1961 3269 2045 3279 Α...

2184 3192 2280 3247 καὶ
2312 3193 2417 3259 τὴν
2451 3166 2721 3260 ἐσομένην
2752 3183 3066 3256 ’Ᾱπαμεῦσι
3098 3184 3381 3255 σωτηρίαν
3423 3181 3785 3252 προφητεῧον

483 3270 814 3317 numentum
854 3261 920 3314 ad
956 3259 1210 3313 Basilica:
1264 3257 1609 3312 testudinem
1636 3269 1931 3318 summam,
1959 3269 2081 3308 om—

488 3357 656 3412 nibus
712 3353 1015 3409 novitatem
1078 3351 1159 3406 rei
1220 3331 1684 3412 testiﬁcaturum;
1728 3347 2079 3419 propositum

487 3456 575 3503 est
606 3445 708 3519 (l).
734 3442 892 3510 Quod
936 3440 1163 3512 quidem
1214 3454 1389 3509 usque
1410 3438 1478 3493 ad
1503 3437 1833 3492 Ardaamani
1860 3444 1916 3491 et
1949 3436 2085 3491 Per-

498 3540 602 3598 sici
632 3539 765 3595 belli
802 3548 1048 3607 tempora
1080 3534 1354 3604 integrum
1385 3531 1690 3602 permansit
1749 3546 1763 3583 :
1799 3545 1908 3599 quo
1948 3539 2086 3585 tem-

488 3648 624 3704 pore
693 3631 952 3686 universa
1018 3626 1176 3689 urbs,
1237 3635 1293 3679 et
1327 3623 1562 3680 ecclesia
1588 3621 1705 3692 ipsa
1731 3629 1943 3675 vastata
1972 3626 2081 3687 est,

487 3735 545 3782 et
592 3739 718 3782 cum
769 3738 835 3777 ea
880 3723 1061 3791 imago
1131 3716 1296 3774 simul
1322 3713 1714 3790 conﬂagravit.
1750 3716 1935 3782 Atque
1969 3709 2088 3764 lm-c

490 3819 716 3891 quidem
766 3817 848 3872 sic
880 3824 1025 3870 aeta.
1074 3813 1355 3869 Chosroes
1403 3823 1553 3874 vero,
1591 3820 1786 3862 recens
1820 3804 2087 3860 initorum

494 3908 893 3983 paciﬁcationis
953 3914 1245 3977 pactorum
1322 3915 1545 3957 rursum
1610 3899 1847 3964 oblitus,
1900 3897 2086 3953 denuo

488 4015 712 4075 quoque
773 3998 966 4054 eadem
1016 3995 1294 4051 hostiliter
1366 3992 1517 4053 fecit.
1570 3990 1786 4047 levitati
1860 3988 2085 4059 quidem

490 4109 707 4148 morum
765 4100 820 4145 et
871 4086 1256 4144 inconstantiae
1286 4086 1407 4159 ejus
1457 4083 1872 4147 convenientia,
1904 4082 2101 4136 virum‘

490 4196 674 4242 autem
705 4184 920 4240 ratione
953 4182 1272 4253 praeditum,
1335 4180 1542 4236 nedum
1576 4193 1761 4250 regem
1798 4177 2091 4247 haudqua-

491 4292 658 4348 quam
692 4276 941 4330 decentia
965 4314 979 4328 .

991 4386 1157 4457 759
1187 4384 1413 4442 CAPUT
1451 4383 1592 4439 xw.

408 4512 413 4521 -
498 4483 573 4536 De
607 4497 666 4534 re
713 4479 936 4547 miri/ica
988 4478 1223 4540 Edeum,
1259 4494 1426 4546 supra
1473 4478 1870 4547 Opinioncm_et
1920 4473 2085 4547 fidem

2180 3282 2271 3357 ἦν.
2303 3285 2476 3339 Τοῦτο
2497 3284 2564 3354 δὴ
2597 3282 2658 3336 τὸ
2691 3281 2879 3350 θαῦμα
2910 3279 3005 3334 καὶ
3039 3276 3214 3332 εἰκὼν
3241 3277 3344 3331 ἀνα
3371 3275 3464 3329 τὸν
3494 3274 3603 3331 τῶν
3637 3275 3785 3328 ἀνα-

2182 3377 2400 3449 κτόρων
2445 3375 2646 3444 ὕροφον
2674 3372 2835 3442 ἐτέθη
2882 3371 3024 3425 πᾶσι
3073 3368 3136 3422 τὸ
3185 3368 3333 3434 ξένον
3361 3367 3787 3438 προκαταγγέλ-

2183 3469 2356 3522 λουσα
2380 3482 2396 3499 ο
2428 3466 2552 3537 ἥτις
2575 3464 2641 3536 δὴ
2671 3464 2801 3534 ἄχρι
2841 3465 2937 3517 καὶ
2964 3460 3348 3531 Ἀρδααμάνου
3380 3459 3476 3513 καὶ
3507 3460 3606 3529 τῆς
3634 3460 3710 3512 ῐιε
3720 3476 3787 3529 ρ-

2188 3560 2299 3616 σῶν
2337 3560 2531 3630 ἐφόδου
2573 3555 2885 3621 διεσώζετο.
2923 3552 3201 3626 Ὀπηνὶκα
3232 3553 3292 3625 δὲ
3334 3553 3368 3624 ἦ
3400 3569 3463 3605 τε
3496 3553 3650 3625 πόλις
3677 3552 3778 3623 ὅλη

2186 3655 2283 3706 καὶ
2332 3653 2366 3725 ἡ
2418 3650 2689 3722 ἐκκλησία
2720 3649 2908 3712 κακῶς
2941 3646 3206 3711 πέπονθε,
3253 3647 3348 3701 καὶ
3399 3647 3434 3716 ἡ
3468 3645 3636 3699 εἰκὼν
3678 3645 3775 3699 τοῦ

2190 3746 2363 3816 πυρὸς
2397 3744 2656 3815 μετέσχε.
2689 3740 2881 3796 Ταῦτα
2918 3741 3019 3811 μὲν
3060 3738 3207 3793 οὕτω
3254 3739 3488 3810 προέϐη.
3524 3737 3617 3791 Ἐν
3654 3739 3785 3792 δευ-

2188 3838 2336 3910 τέρῳ
2369 3837 2427 3890 δὲ
2457 3836 2551 3899 τὰς
2591 3834 2828 3897 σπονδὰς
2871 3832 3100 3901 θέμενος
3130 3834 3159 3886 ό
3206 3832 3481 3902 Χοσρόης,
3525 3832 3621 3885 καὶ
3653 3820 3785 3886 τότε

2187 3931 2257 3982 τὰ
2299 3929 2462 3993 ὃμοια
2503 3927 2796 3997 πέπραχε,
2844 3924 2925 3994 τῷ
2977 3924 3078 3993 μὲν
3123 3922 3350 3977 ἀσταθεῖ
3388 3923 3485 3976 καὶ
3529 3921 3781 3993 ἀὸεεαίῳ

2190 4019 2361 4076 αὑτοῦ
2391 4019 2579 4091 τρόπῳ
2630 4017 3004 4086 συμϐαίνοντα
3027 4056 3044 4082 ,
3078 4015 3237 4087 ἀνδρὶ
3260 4015 3317 4069 δὲ
3348 4013 3576 4086 λογικῷ,
3610 4014 3785 4085 μήτοι

2190 4129 2254 4182 γε
2290 4113 2355 4181 δὴ
2380 4109 2595 4181 βασιλεί
2615 4107 2869 4179 οὐδαμῶς
2902 4107 3192 4178 πρέποντα
3852 4099 3863 4109 ’

2784 4380 3036 4435 ΚΕΦΔΛ.
3062 4377 3178 4447 ις’.

2194 4478 2334 4547 Περὶ
2368 4476 2475 4531 τοῦ
2506 4474 2661 4529 κατὰ
2691 4475 3159 4547 τὴνςεὸἐσσαν
3210 4472 3565 4547 παραδόξως
3620 4493 3785 4544 γεγε-

568 4544 843 4622 οιηηίιιηι,
888 4548 1229 4622 ab,_ir_na_gine
1278 4544 1636 4622 Daminﬁbei
1687 4555 1737 4598 et
1783 4544 2077 4599 Servazoria

2264 4544 2531 4622 ιμημένου
2560 4548 2734 4622 πᾳρὰᾼ
2768 4546 2881 4622 τῆς
2909 4545 3639 4622 ἀχειροπςιήτου-εἱίιόνος
3672 4548 3784 4622 tor?

570 4623 735 4677 nostri
764 4621 890 4674 Jcsu
921 4614 1125 4671 (Jhrisd
1148 4633 1254 4670 non
1294 4632 1457 4670 nunu
1491 4614 1666 4685 facta,
1702 4625 1877 4687 gesta.

566 4806 799 4877 Insuper
825 4804 989 4859 ctiam
1026 4800 1327 4870 Procopius
1363 4807 1633 4853 memorat
1665 4813 1729 4852 ea
1765 4814 1889 4868 quae
1922 4815 1952 4854 a
1989 4814 2089 4854 vc-

502 4902 713 4957 tcribus
755 4912 979 4967 quoque
1029 4894 1098 4950 de
1151 4892 1329 4963 elligie
1360 4891 1570 4947 Christi
1624 4892 1907 4946 memoria:
1963 4900 2094 4947 sunt

500 4994 737 5065 prodita,
775 5007 897 5061 qua:
923 4989 1141 5060 Abgaro
1185 4986 1393 5041 Edesse
1422 4985 1657 5056 principi
1688 4994 1774 5039 est
1806 4984 1993 5039 missa.
2029 4985 2093 5039 Et

499 5085 779 5156 quomodo
808 5083 1082 5138 Chosroes
1116 5094 1181 5134 ea
1229 5093 1351 5147 quae
1382 5077 1452 5132 de
1487 5077 1579 5131 illa
1623 5075 1766 5130 fama
1803 5076 2096 5132 increbue—

444 5212 450 5218 -
513 5188 660 5243 rant,
693 5175 841 5247 quod
889 5175 1105 5230 scilicet
1137 5172 1344 5227 Edessa
1380 5188 1666 5242 nunquam
1720 5174 1776 5229 in
1816 5180 2091 5241 potestate

501 5268 936 5338 alienigenarum
974 5264 1158 5318 lutura
1190 5272 1337 5317 esset
1370 5263 1446 5331 (id
1489 5263 1639 5333 quod
1688 5263 1745 5318 in
1792 5263 1997 5318 litteris
2023 5260 2091 5316 ad

502 5363 782 5434 Abgarum
814 5357 999 5412 missis
1027 5371 1137 5411 non
1172 5356 1447 5425 reperitur
1479 5370 1496 5408 :
1523 5355 1989 5425 quemadmodum
2026 5371 2095 5411 ex

506 5453 729 5512 Eusebii
783 5448 1055 5518 Pamphili
1126 5446 1357 5501 historia
1398 5461 1736 5517 cognoscere
1789 5447 1962 5509 licet,
1996 5446 2092 5518 qui

503 5545 797 5617 epistolam
830 5556 950 5598 eam
982 5538 1304 5610 legit,el.ab
1325 5538 1552 5593 verbum
1582 5539 1736 5610 operi
1755 5553 1856 5593 suo
1881 5539 2096 5595 inseru—

507 5640 570 5703 it,
623 5646 681 5694 et
732 5650 837 5690 nos
877 5647 1096 5703 quoque
1138 5632 1192 5685 in
1244 5630 1493 5687 secundo
1526 5640 1678 5687 tome
1707 5632 2090 5703 exposuimus)

506 5731 640 5786 falsa
675 5741 795 5783 esse
816 5724 1151 5781 convincere
1186 5722 1442 5777 voluerit.
1462 5722 1619 5794 Apud
1649 5722 1840 5780 lldelcs
1866 5724 2089 5795 quidem

579 5865 656 5937 (ι)
685 5860 879 5931 Evagr.
904 5858 1001 5913 lib.
1035 5872 1107 5927 ιν,
1129 5872 1251 5928 cap.
1284 5856 1376 5913 26.

2264 4614 2492 4685 Κῦρίου
2539 4614 2649 4670 καὶ
2702 4614 2851 4672 Θεοῦ
2908 4614 3008 4670 καὶ
3040 4615 3318 4685 Σωτῆρος
3360 4614 3529 4685 ἡμῶν
3576 4615 3786 4684 Ἰησοῦ

2244 4687 2551 4757 .Χριστοῦ.

2270 4806 2394 4859 Ἔτι
2440 4808 2467 4859 ὁ
2518 4807 2812 4877 εἰρημένος
2856 4806 3070 4876 ἱστορεῖ
3097 4806 3426 4876 Προκῦπιος,
3460 4805 3563 4859 ὅσα
3592 4804 3655 4873 δὴ
3686 4806 3786 4860 καὶ

2195 4899 2310 4960 τοῖς
2346 4896 2517 4950 πάλαι
2578 4897 2870 4967 ἱστόρηται
2914 4898 3044 4967 περὶ
3078 4897 3179 4967 τῆς
3208 4897 3421 4960 εἰκόνος
3451 4897 3714 4967 Χριστοῦ,
3745 4897 3784 4967 ἦ

2196 5008 2281 5054 τις
2313 4991 2558 5061 Ᾱύγάρῳ
2586 4989 2666 5061 τῷ
2709 4990 2964 5061 τοπάρχῃ
3005 4989 3268 5059 Ἐδέσσης
3305 4990 3509 5060 ἐστάλη
3538 5006 3553 5020 ·
3579 4989 3674 5043 καὶ
3706 4990 3785 5053 ὡς

2195 5087 2225 5138 ὁ
2262 5083 2516 5155 Χοσρόης
2545 5084 2613 5137 τὰ
2642 5084 2772 5153 περὶ
2805 5084 2979 5153 αὐτῆς
3022 5082 3404 5153 θρυλλούμενα
3453 5083 3785 5154 ἀπελέγχειν

2195 5175 2272 5240 ὡς
2302 5173 2414 5229 εἷεν
2440 5175 2614 5246 ψευδῆ
2649 5173 3002 5244 βουλόμενος,
3038 5175 3115 5239 ὡς
3158 5174 3261 5228 οὐκ
3294 5173 3360 5229 ἂν
3396 5175 3518 5228 ποτ’
3545 5174 3786 5228 Ἔδεσσα

2198 5268 2292 5322 ὑπ’
2319 5267 2646 5339 ἀλλοφύλοις
2682 5268 2943 5337 γένηταιο
2983 5267 3123 5337 ὅπερ
3155 5268 3213 5321 ἐν
3261 5269 3361 5339 μὲν
3390 5270 3503 5331 τοῖς
3542 5269 3784 5340 Αύγάρῳ

2199 5361 2481 5416 σταλεῖσιν
2516 5362 2617 5414 οὐκ
2666 5360 2915 5430 ἔγκειται
2940 5377 2957 5393 ο
2985 5361 3062 5426 ὡς
3095 5360 3213 5415 ἔστι
3258 5360 3453 5431 μαθεῖν
3484 5361 3547 5427 ἐξ
3576 5358 3652 5415 ὧν
3682 5363 3787 5414 Εὑ-

2199 5455 2382 5519 σέὸιος
2425 5458 2452 5509 ὁ
2502 5454 2795 5526 Παμφίλου
2844 5455 3155 5526 ἱστόρησεν,
3210 5456 3384 5525 αὐτὴν
3418 5456 3639 5528 ἐκείνην
3682 5452 3783 5526 τὴν

2198 5546 2493 5618 ἐπιστολὴν
2519 5546 2814 5616 ἀναγνοὺς,
2846 5548 2942 5600 καὶ
2988 5547 3062 5611 ὡς
3094 5546 3224 5618 ἔσχε
3261 5548 3341 5619 τῷ
3388 5548 3784 5619 συγγράμματι

2199 5640 2473 5711 πειραθείς
2499 5657 2513 5671 ·
2551 5638 2745 5711 ὥσπερ
2776 5640 2842 5712 δὴ
2879 5639 2973 5693 καὶ
3006 5640 3169 5711 ἡμεῖς
3216 5641 3277 5692 ἐν
3311 5641 3377 5711 τῇ
3408 5639 3641 5710 δευτέρᾳ
3672 5638 3784 5691 τῶν

2202 5734 2538 5808 συγγραφῶν
2606 5735 3007 5806 ἱστορήσαμεν.
3063 5734 3225 5807 Παρὰ
3262 5733 3367 5804 μέν
3399 5751 3483 5789 τοι
3541 5734 3655 5796 τοῖς
3690 5748 3783 5807 πιτ
