4046 6456
263 354 357 421 εει

1160 336 1784 405 ΕΕΕΧΕΒΙᾹΞΤΙΕΕ
1828 313 2231 397 ΠΙΞΤΟΗΙᾸΞ
2280 336 2429 397 LIB.
2469 336 2658 398 XVII.

3388 344 3558 409 τεΣῐὲ

268 476 408 525 emi:
459 458 608 524 οὕτω
659 476 754 522 καὶ
788 466 984 539 ’ᾄδεται
1039 466 1136 518 καὶ
1166 459 1514 537 πιστεύεται.
1547 456 1757 520 Ἐδειξε
1793 454 1864 539 δὲ.

1981 462 2030 504 ta
2067 459 2121 504 et
2167 450 2406 511 canitur,
2441 460 2494 505 et
2527 451 2818 506 creditur:
2851 468 2941 507 res
2992 454 3108 525 ipsa
3151 471 3375 527 qur-quc
3424 477 3560 528 prm-

263 566 352 621 καὶ
374 565 434 617 τὸ
463 562 631 632 ἔργον
653 561 752 631 τὴν
782 546 879 627 τῆς
910 558 1148 618 πίστεως
1176 554 1509 624 πρόρρησιν,
1531 550 1606 612 ὡς
1632 546 1853 618 μάὶαστ⁹

264 657 467 728 ἀληθὴς
496 655 585 725 εἴη
617 656 714 707 καὶ
752 651 1069 722 σύμφωνος.
1110 648 1171 702 Ὀ
1208 648 1306 716 μὲν
1351 645 1464 715 γὰρ
1497 645 1679 697 ἔπεισι
1718 644 1854 713 ῥαγι-

268 750 413 813 δαῖος
437 750 505 819 τῇ
541 747 733 800 πόλει·
772 746 868 799 καὶ
909 743 1091 797 πάντα
1123 741 1336 812 πράξας
1391 740 1582 810 σχεδὸν
1615 736 1712 791 σὺν
1752 754 1855 806 μυ-

272 842 411 911 ρίαις
444 839 682 907 ἐφόδοις,
713 838 807 890 καὶ
839 835 971 905 χοῦν
1006 833 1269 887 τοσοῦτον
1319 831 1852 901 προσαμησάμενος,

268 936 342 998 ὡς
395 934 580 988 καὶτὸ
627 931 729 1001 τῆς
766 931 980 993 πόλεως
1032 924 1461 994 ὑπεραναϐἦναι
1497 926 1681 992 τεῖχος
1705 936 1720 952 °
1760 920 1858 974 καὶ

271 1027 432 1088 ἄλλας
465 1023 667 1096 μυρίας
712 1021 966 1092 μηχανὰς
1024 1018 1227 1088 ράψας,
1258 1017 1549 1085 ἄπρακτος
1602 1019 1726 1086 μετ’
1773 1015 1859 1068 αξ-

276 1118 475 1189 σχύνης
506 1118 862 1186 ἀνέστρεφεν.
902 1108 1009 1167 Οἴα
1044 1112 1093 1166 δ’
1127 1113 1320 1180 ἐκείνῳ
1359 1109 1502 1163 κατά
1530 1110 1630 1179 τῆς
1648 1108 1860 1172 πόλεως

273 1210 707 1281 ἐπικεχείρηται,
731 1206 806 1272 ὡς
851 1201 969 1261 οἷόν
997 1223 1055 1259 τε
1099 1205 1460 1275 διηγήσομαι.
1497 1203 1686 1257 Ξύλων
1722 1203 1856 1257 πολύ

274 1323 327 1358 τι
357 1305 546 1374 χρῆμα
580 1301 675 1356 καὶ
733 1300 904 1371 ἄλλην
933 1301 1146 1368 ὃσηπερ
1201 1297 1515 1369 εὔπρηστος
1551 1295 1860 1367 ταῖς-,ἀμφ’

279 1398 441 1453 αὑτὸν
471 1395 787 1464 δυνάμεσιν,
820 1393 1044 1447 ἐκέλευε
1096 1391 1255 1446 πάντ’
1287 1392 1623 1463 ἀφεμένους,
1653 1382 1857 1445 emo-1,).

283 1492 460 1562 ρεύειν
496 1492 564 1561 τῇ
596 1488 777 1541 πόλει.
815 1486 976 1542 Ἐπεὶ
1008 1487 1065 1540 δὲ
1115 1484 1372 1555 θᾶττονῆ
1409 1484 1568 1552 λόγος
1598 1484 1659 1537 τὸ
1694 1483 1861 1554 ἔργον

278 1580 497 1652 quiem,
524 1581 619 1633 καὶ
653 1577 839 1648 κύκλῳ
864 1576 965 1647 τὴν
994 1575 1130 1645 ὓλην
1154 1574 1478 1646 περιετίθει,
1510 1573 1702 1627 ἔπειτα
1732 1573 1863 1645 χοῦν

280 1672 624 1743 ἐπεσὼρευε,
676 1672 775 1726 καὶ
808 1669 1193 1742 ἀντιμέτωπος
1214 1667 1313 1740 ’ᾔει
1357 1669 1427 1739 τῇ
1461 1667 1652 1721 πόλει’
1688 1683 1865 1721 κατα-

283 1763 462 1834 δραχὺ
489 1762 534 1837 δ’
584 1761 960 1829 ἑποικοδομῶν
1017 1760 1131 1822 τοῖς
1165 1775 1226 1813 τε
1277 1755 1460 1824 ξύλοις
1490 1758 1584 1810 καὶ
1614 1756 1861 1827 χώμασι,

284 1855 517 1926 προσῄει
547 1853 719 1925 ταύτῃ
744 1870 758 1886 ο
794 1852 889 1906 καὶ
934 1854 990 1915 ἐς
1024 1851 1182 1906 τόσον
1212 1850 1386 1919 αὐτὴν
1418 1849 1751 1921 ὑπερήλατο,
1785 1849 1860 1913 ὡς

280 1948 353 2003 τὰ
382 1948 508 2019 βέλη
542 1950 634 2002 καὶ
666 1946 726 2013 ἐξ
752 1945 1089 2018 ὑπερδεξίων
1120 1945 1340 2018 ῥίπτειν
1369 1944 1515 1999 κατὰ
1554 1945 1664 1997 τῶν
1695 1944 1865 2015 ὑπερ-

281 2040 621 2106 ασπιζόντων
664 2041 764 2112 τῆς
804 2040 1047 2113 πόλεως.
1096 2039 1198 2114 Ὦς
1230 2037 1365 2107 γοῦν
1386 2039 1443 2094 oi
1469 2038 1618 2092 ἔνδον
1646 2037 1867 2105 πολιορ-

289 2133 543 2204 κούμενοι
583 2132 644 2185 τὸ
670 2132 840 2203 ,χῶμα
873 2118 1139 2184 τεθέαντο
1178 2129 1373 2208 ὥσπερ
1394 2147 1449 2183 τι
1474 2128 1606 2200 ὅρος
1649 2128 1865 2199 βαδίζον

292 2226 387 2279 ἐπὶ
435 2226 530 2295 τὴν
578 2226 742 2278 πόλιν
768 2240 783 2254 ’
819 2222 1061 2288 ἐπίδοξοί
1087 2239 1149 2275 τε
1207 2222 1304 2275 καὶ
1336 2221 1388 2276 oi
1437 2222 1692 2286 πολέμιοι
1724 2218 1867 2294 ἦσαν

302 2312 584 2372 ὅσονοῦπω
634 2316 781 2388 πεζῇ
832 2319 896 2370 ἐκ
931 2315 1042 2370 τῶν
1097 2308 1369 2386 ὑπερῴων
1394 2316 1702 2387 εἰστρέχειν
1764 2314 1869 2387 τὴν

303 2410 469 2473 πόλιν,
505 2409 866 2480 ἐμηχανῶντο
896 2407 1051 2477 ἡλίου
1079 2406 1142 2458 τὸ
1174 2406 1420 2478 πρωῖνδν
1451 2407 1864 2472 ἀνατέλλοντοὲ,

296 2505 617 2573 καεαντικρῦ
653 2504 748 2555 τοῦ
775 2500 1038 2572 χώματος
1076 2497 1323 2571 διώρυγα
1371 2499 1549 2570 μέγαν
1578 2498 1864 2567 γενέσθαι·

294 2597 495 2666 ἀγέστα
524 2598 659 2668 προς
697 2595 995 2664 Ῥωμαεων
1032 2594 1505 2662 κατονομάζεται·
1533 2590 1724 2645 ἔπειτα
1754 2592 1868 2662 πῦρ

293 2692 617 2759 ἐπαφεῖναι·
645 2688 721 2753 ὠς
754 2688 819 2743 ἂν
849 2687 959 2742 τῶν
1012 2687 1193 2753 ξύλων
1222 2689 1291 2757 τῇ
1322 2684 1485 2755 φλογὶ
1518 2686 1867 2756 τηκομένων,

292 2780 483 2851 ῥεῦσαι
511 2780 599 2833 τὸν
640 2776 772 2849 χοῦν
806 2778 1214 2849 παρασκευάσῃ
1253 2778 1323 2848 τῇ
1362 2778 1459 2848 γῇ.
1498 2777 1609 2830 Καὶ
1660 2776 1721 2851 τρ
1769 2777 1871 2847 μὲν

292 2873 453 2942 ἔργον
484 2870 632 2934 τέλος
680 2865 825 2943 εἶχεν
851 2884 865 2898 ⁸
897 2868 1237 2939 ἐμϐαλόντες
1287 2867 1347 2920 δὲ
1394 2867 1456 2920 τὸ
1491 2866 1604 2938 πῦρ
1662 2868 1870 2921 σκοποῦ

291 2965 682 3035 διημάρτανον,
718 2967 794 3034 μὴ
824 2962 919 3017 τοῦ
955 2960 1132 3033 πυρὸς
1176 2961 1414 3026 διέξοδον
1462 2959 1717 3030 ἔχοντας’
1748 2960 1873 3014 ὅθεν

294 3059 464 3129 ἐχρῆν
505 3060 681 3111 ἐκεῖνο
715 3056 880 3126 ἀέρος
909 3054 1349 3126 ἐπειλημμένον,
1393 3056 1493 3124 τῆς
1527 3053 1658 3123 ὕλης
1694 3070 1875 3125 παρα-

1959 542 2222 597 dietionis
2247 543 2368 613 ejus
2399 542 2586 606 fidem,
2626 545 2773 613 quod
2807 561 2933 601 vera
2959 549 3194 603 maxime
3232 550 3325 615 sit,
3367 561 3425 606 et
3451 552 3559 607 sibi

1959 636 2062 706 ipsi
2123 635 2502 700 consentiens,
2575 636 2889 692 confirmat.
2950 639 3230 697 Chosrocs
3320 660 3562 712 namque

1962 727 2207 782 marimo
2237 726 2447 798 impetu
2485 729 2677 783 urbem
2734 729 2986 797 adortus,
3016 740 3183 803 alque
3217 734 3406 788 omnia
3443 735 3560 788 fere

1959 831 2243 890 expertus,
2278 821 2887 894 innumerabilibusque
2915 829 3141 881 tentatis
3172 828 3298 892 viis,
3335 829 3559 884 laudent

1960 930 2216 987 aggerem
2254 924 2467 983 tantum
2494 916 2780 975 excitavit.
2804 926 2865 972 ut
2888 917 3130 974 civitatis
3159 921 3326 975 etiam
3355 922 3559 977 moenia

1962 1015 2254 1076 superaret
2315 1023 2331 1063 :
2397 1006 2647 1076 aliasque
2710 1007 2957 1065 infinitas
3019 1022 3285 1082 pra:terea
3337 1016 3564 1069 molitus

1962 1109 2112 1156 artes
2132 1109 2188 1156 et
2217 1100 2462 1163 fraudes.
2496 1116 2622 1157 cum
2661 1101 2867 1172 probro
2884 1113 3066 1158 tamen
3099 1121 3158 1161 re
3193 1106 3393 1163 infecta
3430 1108 3562 1162 imit:

1962 1192 2238 1248 discessit.
2271 1192 2403 1260 Quae
2426 1208 2559 1248 vero
2595 1193 2641 1249 is
2673 1202 2868 1250 contra
2912 1196 3105 1250 urbem
3136 1212 3258 1253 eam
3308 1202 3563 1264 tentarit,

1963 1301 2064 1355 pro
2095 1301 2162 1341 eo
2193 1294 2360 1356 atque
2391 1294 2609 1357 potero,
2641 1303 2940 1358 exponam.
2998 1288 3299 1360 Lignorum
3334 1294 3563 1348 multam

1962 1377 2076 1431 vim
2118 1386 2171 1432 et
2210 1379 2499 1433 materiam
2558 1379 2745 1444 aliam,
2785 1395 3130 1452 quiscunque
3168 1380 3329 1438 facile
3383 1384 3564 1454 ignem

1964 1469 2230 1538 concipit,
2261 1471 2467 1526 milites
2492 1486 2643 1535 suos,
2689 1473 2811 1527 aliis
2834 1473 3004 1528 rebus
3036 1474 3250 1530 relictis
3282 1475 3563 1541 omnibus,

1965 1560 2032 1615 ad
2062 1561 2254 1616 urbem
2288 1577 2551 1632 aggerere
2607 1563 2768 1634 jussit
2798 1600 2814 1618 .
2864 1564 3047 1635 Atque
3086 1562 3177 1621 u'bi
3219 1566 3369 1623 dieto
3403 1569 3569 1623 citius

1966 1654 2199 1717 factum,
2257 1655 2489 1711 materia
2529 1657 2745 1711 circum
2797 1668 3117 1715 constructa
3174 1671 3299 1723 est,
3365 1670 3565 1716 terram

1968 1746 2172 1804 deinde
2209 1749 2457 1820 ingessit,
2491 1760 2550 1805 et
2587 1750 2876 1807 adversam
2922 1753 3099 1808 aciem
3149 1764 3341 1808 contra
3373 1755 3566 1809 urbem

1968 1842 2126 1896 duxit
2162 1860 2175 1896 :
2212 1852 2269 1897 et
2292 1841 2554 1899 celeriter
2614 1844 3045 1915 propugnaculis
3102 1847 3155 1900 in
3189 1857 3339 1903 strue
3385 1849 3564 1917 lignu-

1975 1950 2097 1989 rum
2127 1946 2188 1992 et
2232 1950 2429 2006 aggere
2476 1936 2781 1998 collocatis,
2821 1954 2938 1992 eam
2971 1942 3327 2010 oppugnwit.
3383 1942 3568 2012 Usque

1967 2026 2107 2082 adeo
2173 2042 2309 2082 vero
2342 2029 2534 2083 urbem
2587 2029 2880 2085 altitudine
2922 2035 3108 2102 aperis
3150 2035 3452 2103 superavit,
3507 2047 3569 2091 ut

1967 2133 2037 2173 ex
2080 2118 2489 2176 munitionibus
2534 2122 2640 2175 tela
2698 2121 2751 2175 in
2790 2121 3116 2178 defensores
3145 2125 3301 2179 urbis
3325 2127 3569 2199 conjice-

1972 2219 2182 2266 rcntur.
2215 2211 2405 2282 itaque
2431 2229 2555 2268 cum
2597 2214 2808 2270 obsessi
2837 2232 3088 2286 aggerem
3117 2217 3285 2273 veluti
3323 2232 3566 2276 montem

1969 2303 2213 2374 aliquem
2241 2305 2365 2360 urbi
2390 2307 2681 2362 imminere
2709 2309 2996 2372 viderent,
3033 2321 3090 2365 et
3124 2310 3313 2368 hostes
3343 2328 3412 2368 cx
3435 2315 3571 2369 locis

1971 2397 2354 2466 superioribus
2406 2399 2639 2468 pedibus
2674 2405 3087 2470 quamprimum
3131 2403 3184 2457 in
3243 2405 3439 2461 urbem
3476 2408 3573 2461 ex;

1972 2489 2195 2546 cursuri
2219 2491 2696 2557 existimarentur,
2723 2493 2839 2547 sole
2874 2496 3091 2549 oriente
3123 2510 3191 2550 ex
3225 2496 3459 2553 adverso
3482 2516 3574 2571 ag-

1973 2584 2110 2654 geri,
2146 2584 2239 2655 qui
2270 2595 2456 2669 agesta
2508 2602 2538 2640 a
2595 2586 2859 2642 Rmuanis
2893 2589 3225 2658 appellatur,
3284 2592 3574 2648 cuniculos

1972 2693 2134 2749 agere
2169 2680 2554 2744 instituerunt,
2588 2682 2645 2735 et
2678 2681 2857 2749 ignem
2882 2684 3182 2754 subjicere,
3208 2696 3267 2741 ut
3294 2687 3572 2758 lignorum

1973 2776 2206 2827 materia
2232 2772 2450 2827 flamma
2484 2784 2816 2843 consumpta
2867 2790 3032 2845 agger
3058 2792 3278 2846 pessum
3314 2780 3440 2835 i'iet.
3476 2781 3574 2836 At-

1973 2878 2082 2933 que
2144 2878 2285 2932 0pus
2344 2864 2569 2935 quidem
2605 2865 2918 2922 confectum
2958 2878 3089 2935 est;
3136 2880 3395 2924 caeterum
3448 2871 3574 2942 igne

1976 2956 2249 3031 immisso,
2309 2968 2554 3028 emptum
2614 2974 2715 3017 eos
2784 2961 3082 3017 consilium
3153 2963 3369 3029 fefellit,
3426 2966 3574 3035 quod

1975 3049 2194 3105 flamma
2251 3053 2495 3107 excitum
2529 3068 2640 3108 non
2679 3053 2915 3110 haberet
2948 3072 2963 3109 :
2995 3057 3161 3127 760
3194 3073 3355 3125 quam
3388 3074 3573 3114 aerem

292 3152 595 3221 δράξασθαι
640 3148 714 3212 ὡς
759 3149 931 3211 εἰκός.
986 3146 1083 3211 Ὠς
1114 3148 1246 3216 γοῦν
1281 3147 1338 3210 ἐς
1365 3146 1605 3217 παντελῆ
1651 3146 1874 3215 άμηχαυ

1977 3146 2295 3215 concipere,
2328 3154 2490 3217 atque
2517 3147 2590 3201 ita
2623 3149 2911 3203 materiam
2935 3152 3430 3220 comprehendere,
3463 3154 3576 3209 sie-

293 3247 415 3299 νίαν
442 3246 810 3310 κατέστησαν,
841 3241 939 3296 καὶ
990 3244 1049 3294 ἐν
1105 3241 1310 3311 ἀπορία
1339 3235 1482 3310 ἦσαν
1530 3239 1761 3310 ἐσχάτη,
1792 3238 1873 3301 είς

293 3337 610 3392 τελευταίαν
659 3334 953 3404 ἄγκυραν,
1004 3335 1100 3386 ἐπὶ
1157 3335 1258 3403 τὴν
1315 3333 1637 3386 θεότευκτον
1688 3332 1877 3386 εἰκόνα

294 3431 539 3502 ἐχώρουν
560 3445 574 3459 ο
607 3430 673 3500 ἣν
732 3426 980 3497 οὐδεμία
1008 3426 1133 3497 χεὶρ
1158 3430 1166 3438 “
1196 3423 1493 3496 ἀνθρώπου
1551 3425 1875 3493 εἰργάσατο,

296 3522 529 3594 Χριστὸς
576 3520 635 3574 δὲ
669 3519 829 3585 αὐτὸς
866 3521 895 3573 ὁ
928 3520 1061 3581 Θεὸς
1110 3516 1357 3588 Δὺγάρῳ
1391 3517 1708 3586 πέπομφεν,
1745 3515 1878 3568 ἰδεῖν

296 3618 503 3669 ἐκεῖνον
532 3613 676 3680 μάλα
705 3610 959 3665 ποθοῦντι
983 3624 999 3642 ⁸
1033 3612 1131 3665 καὶ
1155 3608 1418 3679 ἔπεμπεν
1443 3607 1606 3679 ὀθόνῃ
1632 3607 1730 3675 τὴν
1753 3606 1879 3677 ὗψιν

299 3708 746 3778 ἀεομαξάμενος.
784 3704 969 3776 Αὐτὴν
993 3702 1297 3776 τοιγαροῦν
1337 3704 1440 3772 τὴν
1491 3700 1680 3755 εἰκόνα
1734 3701 1881 3756 κατὰ

298 3804 395 3872 τὴν
441 3801 681 3868 δώρυγα
721 3799 1053 3869 ἀγαγόντες,
1087 3798 1181 3851 καὶ
1216 3785 1378 3849 ὕδατι
1415 3793 1876 3867 περικλύσαντες,

303 3899 443 3948 κατὰ
476 3896 574 3964 τῆς
602 3895 783 3964 πυρᾶς
818 3892 1072 3962 ἀφῆκανο
1114 3892 1213 3944 καὶ
1256 3887 1457 3944 αὐτίκα
1482 3888 1771 3961 τῆςθείας
1799 3889 1885 3942 δυ-

302 3992 520 4059 νάμεως
551 3989 798 4059 ἀοράτως
828 3989 894 4056 τῇ
944 3984 1130 4039 πίστει
1158 3982 1267 4038 τῶν
1310 3982 1630 4055 δρασάντων
1665 3983 1883 4051 ἐπιφοι-

304 4085 572 4154 τησάσης,
621 4082 820 4154 ῥαδίως
849 4080 997 4151 μάλα
1028 4078 1091 4133 τὸ
1122 4078 1253 4150 πρὶν
1285 4075 1497 4149 ἄπορον
1542 4076 1726 4138 αὐτοῖς
1753 4074 1886 4144 €511-

309 4179 486 4231 νύετο.
522 4178 626 4229 Καὶ
651 4175 758 4246 γὰρ
783 4173 986 4228 αὐτίκα
1014 4171 1108 4226 τοῦ
1137 4171 1311 4242 πυρὸς
1341 4172 1595 4241 μετεῖχον
1622 4169 1691 4223 τὰ
1718 4167 1881 4235 ξύλα·

303 4273 397 4323 xxi.
432 4270 489 4331 ὲς
533 4268 655 4322 ὅσον
686 4268 854 4336 τάχος
890 4264 1428 4336 ἀπανθρακωθέντα,
1462 4265 1580 4326 τοῖς
1618 4262 1884 4334 ὑπερκει-

309 4359 487 4430 μένοις
520 4356 683 4420 εὐθὺς
727 4353 823 4409 τοῦ
860 4354 1034 4425 πυρὸς
1072 4350 1444 4423 μετεδίδοσαν,
1494 4350 1887 4422 ἀμφινεμομέ-

306 4469 399 4504 νου
432 4453 605 4504 πάντα
634 4450 732 4503 καὶ
770 4447 1176 4508 κατεσθίοντος.
1213 4444 1373 4500 Ἐπεὶ
1401 4444 1459 4498 δὲ
1486 4444 1536 4497 οἱ
1569 4441 1891 4514 πολιορκού-

1981 3236 2058 3292 uti
2101 3238 2414 3305 consuevit,
2457 3240 2770 3309 oportebat.
2808 3241 3000 3312 Itaque
3032 3243 3124 3298 ubi
3156 3259 3254 3299 eos
3283 3246 3574 3300 consilium

1981 3344 2210 3400 prorsus
2239 3331 2514 3395 destituit,
2553 3331 2610 3387 in
2652 3341 2958 3388 extremam
3009 3334 3581 3407 dejectidespcratio-

1980 3438 2131 3492 nem,
2189 3424 2257 3480 ad
2311 3441 2610 3496 supernam
2673 3427 3000 3496 anchoram,
3066 3429 3335 3486 divinitus
3366 3431 3582 3488 scilicet

1980 3527 2262 3589 acceptam
2293 3519 2612 3591 imaginem,
2648 3521 3048 3593 confugerunt,
3093 3540 3261 3594 quam
3299 3525 3449 3580 nulla
3481 3527 3583 3581 ho-

1980 3611 2148 3665 minis
2200 3627 2401 3667 manus
2458 3610 2692 3679 fecerat,
2755 3613 2876 3684 ipse
2938 3629 3076 3669 vero
3127 3614 3384 3671 Christus
3435 3616 3581 3672 Deus

1981 3703 2202 3774 Abgaro
2242 3704 2432 3760 videre
2471 3721 2600 3760 eum
2634 3707 2903 3777 cupienti,
2940 3707 3080 3763 faeie
3109 3698 3163 3763 in
3196 3709 3429 3765 linteum
3477 3711 3582 3764 im-

1983 3812 2194 3868 prcssa,
2230 3802 2476 3855 miserat.
2505 3800 2655 3856 lianc
2680 3799 2856 3871 ipsam
2905 3801 3201 3873 imaginem
3235 3805 3304 3858 ad
3351 3805 3583 3858 cunicu-

1984 3888 2097 3943 lum
2164 3890 2589 3961 produxerunt,
2654 3901 2712 3948 et
2782 3908 2925 3963 aqua
2970 3908 3328 3965 conspersam
3385 3907 3580 3952 contra

1985 3997 2174 4053 pyram
2213 3983 2509 4039 miserunt.
2537 3982 2604 4038 Et
2644 3984 2831 4039 subito
2857 3983 3043 4040 divina
3078 3985 3282 4039 virtute
3312 3985 3580 4042 invisibili

1985 4074 2224 4143 quodam
2261 4074 2426 4129 modo
2448 4089 2643 4130 eorum
2679 4076 2830 4143 fidei,
2866 4075 2964 4147 qui
2997 4075 3104 4131 hoc
3134 4076 3430 4142 faciebant,
3455 4095 3582 4135 suc-

1986 4175 2270 4245 currente,
2296 4166 2461 4222 facile
2493 4167 2791 4223 admodum
2826 4168 2973 4239 quod
3024 4168 3379 4240 desperatum
3420 4181 3582 4228 antea

1986 4261 2192 4324 fuerat,
2243 4269 2328 4316 est
2385 4259 2720 4331 perfectum.
2782 4260 3073 4331 Siquidem
3110 4261 3404 4319 confestim
3436 4264 3582 4336 ligna

1990 4353 2175 4425 ignem
2205 4363 2605 4424 eoneeperuut,
2637 4364 2696 4412 et
2740 4370 2906 4426 quam
2946 4356 3243 4413 celerrime
3295 4358 3584 4417 combusta

1990 4448 2301 4504 imminenti
2332 4449 2519 4504 statim
2551 4450 2796 4507 materiae
2829 4451 3086 4509 eumdem
3117 4452 3298 4524 ignem
3336 4455 3587 4513 immise-

310 4561 459 4613 μενοι
490 4542 626 4615 ὑπὲρ
653 4541 762 4596 τῶν
787 4541 1061 4612 χωμάτων
1089 4539 1185 4594 τὸν
1207 4539 1421 4593 καπνὸν
1452 4537 1874 4607 άναθρώσκοντα

1992 4551 2145 4607 runt,
2177 4552 2495 4613 carpentem
2541 4552 2599 4599 et
2649 4553 3072 4602 consumentem
3109 4546 3319 4604 omnia.
3360 4547 3584 4607 Obsessi

309 4638 597 4709 ἐθεώρουν,
661 4635 838 4691 τοιάδε
896 4638 1381 4706 προσεσοφίςοντο,
1453 4632 1680 4704 κεράμι’
1742 4632 1883 4686 άττα

312 4731 683 4796 συλλέξαντες,
718 4729 812 4784 καὶ
838 4728 987 4782 θείου
1028 4724 1088 4781 τε
1137 4729 1256 4799 ἃμα
1291 4730 1390 4782 καὶ
1416 4729 1622 4797 πίσσης
1668 4724 1762 4779 καὶ
1787 4723 1885 4779 άλ-

308 4825 435 4890 λων,
466 4826 569 4878 ὅσα
589 4822 721 4893 ὕλης
747 4822 1210 4894 εὐκαταπρηστου
1245 4821 1386 4875 εἰσὶν
1440 4818 1883 4891 ἐμπλησάμενοι,

310 4916 453 4970 κατὰ
481 4916 579 4986 τῆς
627 4914 895 4985 διώρυγος
926 4912 1448 4984 ἁπεσφενδονῶντο·
1483 4911 1632 4983 ἅπερ
1678 4910 1885 4965 καπνὸν

310 5008 549 5075 ἀνιέντα,
582 5006 674 5060 τοῦ
697 5006 869 5074 πυρὸς
902 5006 972 5078 τῇ
1021 5005 1175 5078 ῥύμῃ
1205 5005 1307 5075 τῆς
1342 5002 1510 5075 βολῆς
1539 5003 1882 5074 ἀνημμένον,

309 5100 402 5154 τὸν
425 5100 492 5153 ὲκ
520 5096 627 5152 τῶν
656 5097 929 5169 χωμάτων
969 5098 1320 5170 ἀναῤῥέοντα
1362 5096 1575 5151 καπνὸν
1601 5096 1888 5151 λανθάνειν

310 5192 385 5256 ὡς
426 5189 633 5245 ἐκεῖθεν
673 5190 1288 5261 εἴηπαρεσκευάςοντο
1313 5205 1329 5221 ο
1377 5190 1476 5245 καὶ
1519 5188 1629 5262 γὰρ
1671 5192 1735 5243 ἐκ
1778 5190 1889 5244 τῶν

311 5286 612 5356 λαγυνίδων
640 5282 810 5357 ᾤοντο
836 5282 1040 5349 πάντες
1088 5284 1184 5339 τὸν
1235 5282 1446 5339 καπνὸν
1479 5280 1905 5351 άναθρώσκεινι

313 5378 466 5434 Μετὰ
496 5377 552 5432 δὲ
595 5379 786 5449 τρίτην
829 5377 1049 5448 ἡμέραν
1086 5378 1157 5431 τὰ
1195 5381 1253 5432 ὲν
1289 5377 1445 5450 μέσῳ
1471 5377 1799 5447 δαπανῆσαν
1831 5376 1913 5429 τὸ.

312 5470 441 5542 πῦρ,
463 5470 561 5535 τὰς
584 5469 799 5523 ἐκείνου
828 5468 1143 5539 γλωσσίδας
1162 5469 1409 5525 ἀνεδίδου
1430 5472 1496 5542 τῇ
1527 5472 1598 5542 γῇ
1619 5484 1634 5500 ο
1661 5471 1755 5523 καὶ
1778 5470 1894 5532 τοῖς

312 5566 404 5618 ἐπὶ
453 5563 564 5619 τῶν
614 5560 892 5633 χωμάτων
922 5560 1294 5635 καθεστηκόσι
1350 5562 1588 5634 Περσῶν
1649 5560 1894 5615 συνιέναι

314 5657 492 5730 ἐπῄει,
521 5650 579 5710 οἷ
602 5655 667 5727 δὴ
702 5654 874 5708 κακοῦ
902 5654 1304 5726 καθεστήκασι.
1328 5656 1589 5727 Χοσρόης
1613 5655 1673 5709 δὲ
1703 5654 1895 5725 ὥσπερ

313 5754 377 5822 τῇ
409 5750 529 5821 θείᾳ
576 5749 807 5819 δυνάμει
840 5747 1147 5820 ἀντίρροπα
1200 5749 1336 5820 δρᾷν
1384 5750 1635 5819 οἰόμενος
1670 5749 1802 5811 δεῖν,
1834 5747 1897 5801 τὸ

284 5846 625 5919 ιπαραρρέον
656 5842 802 5913 ὕδωρ
835 5845 903 5913 τῇ
947 5842 1103 5896 πόλει
1159 5844 1300 5898 κατὰ
1355 5843 1456 5915 τῆς
1504 5844 1684 5915 πυρᾶς
1713 5843 1891 5915 ἠφίει,

1987 4636 2139 4693 cives
2166 4646 2457 4708 postquam
2481 4637 2695 4694 fumum
2722 4634 3072 4703 exsilien'tem
3117 4654 3186 4695 ex
3206 4642 3421 4712 aggeris
3442 4643 3586 4698 mole

1987 4728 2266 4793 viderunt,
2304 4731 2432 4786 talia
2466 4731 2695 4802 insuper
2732 4740 2864 4788 sunt
2894 4733 3091 4788 moliti.
3123 4733 3375 4790 Vasculis
3409 4736 3588 4806 siqui-

1987 4821 2115 4876 dem
2146 4821 2569 4893 quibuscunque
2617 4825 2885 4880 ﬁctilibus
2912 4826 3182 4892 collectis,
3206 4836 3262 4882 et
3295 4828 3586 4898 sulphure,

1990 4913 2134 4984 pice,
2159 4913 2396 4985 aliisque
2421 4914 2587 4971 rebus
2607 4931 2673 4969 ex
2699 4917 2933 4971 materia
2955 4932 3077 4987 quae
3109 4916 3267 4972 facile
3305 4917 3585 4973 flammam

1990 5005 2247 5076 corripit,
2279 5006 2570 5075 completis
2597 5006 2786 5062 fundis
2814 5008 2883 5061 ad
2936 4993 3182 5062 cuniculi
3215 5008 3416 5064 fossam
3448 5024 3587 5063 con-

1985 5097 2287 5168 jecerunt.‘
2325 5099 2458 5164 Quae
2509 5097 2724 5153 fumum
2774 5100 3128 5166 cmittentia,
3188 5102 3312 5174 igne
3372 5100 3589 5156 scilicet

1986 5191 2169 5261 jactus
2204 5192 2417 5262 impetu
2453 5205 2712 5256 accenso,
2741 5189 3070 5259 effecerunt,
3096 5201 3157 5248 ut
3185 5192 3371 5249 fumus
3394 5194 3487 5264 qui
3520 5208 3589 5248 ex

1993 5290 2190 5355 aggere
2217 5285 2601 5355 promanabat,
2637 5284 2863 5354 prodire
2894 5284 3024 5340 inde
3072 5300 3183 5341 non
3237 5286 3589 5340 existimare—

1983 5385 2107 5447 ,tur.
2170 5378 2373 5432 Omnes
2398 5377 2546 5433 enim
2574 5376 2789 5431 fumum
2826 5391 3052 5432 omnem
3080 5392 3150 5432 ex
3175 5379 3303 5433 ollis
3358 5378 3589 5435 excitari

1997 5471 2381 5526 autumabant.
2424 5469 2650 5525 Triduo-
2670 5486 2803 5525 vero
2851 5480 2998 5540 post,
3036 5471 3130 5526 ubi
3189 5470 3334 5542 ignis
3362 5488 3485 5543 quin
3535 5476 3592 5526 in

1998 5561 2184 5619 medio
2199 5571 2361 5619 erant
2387 5564 2755 5635 consumpsit,
2792 5562 3039 5619 flammas
3073 5565 3194 5636 ejus
3227 5575 3370 5620 terra
3401 5566 3592 5622 rcddi-
3666 5582 3675 5595 '

1999 5655 2114 5710 dit:
2137 5664 2194 5709 et
2222 5654 2318 5725 qui
2343 5654 2397 5708 in
2426 5669 2619 5726 aggere
2638 5670 2685 5710 et
2710 5659 3011 5712 nstiterant
3032 5657 3213 5712 Persa:
3237 5669 3591 5730 pugnatores,

2002 5749 2228 5803 tandem
2267 5748 2581 5819 intelligere
2618 5758 2935 5818 emperunt,
2991 5748 3047 5803 in
3079 5750 3359 5820 quodnam
3394 5752 3596 5807 discri—

2002 5856 2128 5897 men
2168 5842 2572 5914 pervenissent.
2599 5841 2642 5898 Τ
2651 5859 2740 5898 uin
2793 5842 3096 5909 Cbosroes,
3121 5845 3289 5900 veluti
3326 5846 3593 5903 aduersus
