4046 6504
445 358 555 421 2‘i3

1676 358 2105 421 NICEPHORI
2141 357 2495 419 CALHSTI

3585 365 3692 430 ΞΜ

446 476 706 530 virtutem
769 475 1010 530 divinam
1074 473 1369 531 contrariis
1413 473 1610 545 emptis
1630 475 1876 529 eundum
1924 474 2018 530 sibi

2138 473 2417 528 σϐεννύειν
2455 472 2660 545 ταύτην
2711 473 3093 545 πειρώμενος“
3157 477 3189 548 ἡ
3242 477 3287 531 δ’
3339 476 3433 531 ἐπὶ
3494 481 3696 549 μᾶλλον

444 580 567 621 esse
589 566 953 628 existimaret,
984 581 1107 635 quae
1152 563 1343 619 urbem
1395 562 1720 632 pra-ternuit
1745 605 1758 626 ,
1794 576 2017 632 aquam.

445 669 634 715 contra
672 674 857 730 pyram
893 657 1207 722 ardentem,
1239 655 1598 727 exstinguere
1642 669 1760 709 eam
1806 654 2019 720 volens,

437 750 696 806 immisit.
752 751 823 806 At
877 750 968 805 illa
1026 748 1200 820 magis
1248 747 1531 818 magisque
1591 745 2018 810 accendebatur,

443 856 710 910 aquarum
766 841 875 894 vim
936 855 1158 895 onmem
1187 837 1417 908 perinde
1454 845 1617 907 atque
1639 837 1894 907 sulphur,
1925 844 2023 891 aut

441 933 647 995 oleum,
683 941 777 987 aut
805 931 1086 1001 ‘iiquoretn
1127 930 1295 984 alium
1346 929 1415 984 ad
1441 928 1877 984 inﬂammandam
1907 944 2022 984 ma-

442 1026 638 1081 teriam
699 1024 956 1080 idoneum
1006 1023 1311 1094 excipiens,
1345 1022 1399 1078 in
1452 1021 1692 1078 sublime
1719 1036 1786 1077 eo
1845 1037 2021 1094 usque

440 1117 747 1183 ferebatur,
781 1117 959 1172 donec
989 1131 1151 1187 agger
1195 1114 1377 1170 omnis
1431 1114 1487 1170 in
1538 1130 1781 1187 agestam
1831 1115 2018 1171 consi-

443 1209 601 1276 dens,
642 1209 697 1263 in
724 1209 941 1264 cineres
974 1217 1058 1262 est
1085 1207 1359 1262 redactus.
1395 1205 1583 1276 itaque
1632 1205 1910 1262 Cbosroes
1932 1220 2019 1261 re-

408 1334 421 1353 .
443 1302 550 1357 bus
583 1301 717 1373 ipsis
741 1300 809 1355 ad
840 1300 1279 1371 desperationem
1332 1299 1625 1366 abductus,
1657 1299 1879 1355 tandem
1907 1299 2016 1355 vim

443 1410 564 1449 eam
612 1408 735 1463 quae
768 1393 960 1448 urbem
1001 1389 1317 1448 defenderet
1362 1391 1668 1463 cognovit:
1712 1401 1769 1448 et
1807 1393 2017 1464 pudore

443 1486 748 1566 perculsus.
777 1485 832 1539 in
873 1498 1101 1554 regnum
1132 1499 1292 1538 suum
1335 1483 1523 1549 rediit,
1551 1485 1877 1555 pmnitentia
1909 1487 2015 1542 du-

442 1598 586 1653 ςιιιε,
621 1578 766 1657 (μιοά
804 1587 984 1640 tantos
1040 1575 1241 1631 frustra
1280 1576 1498 1633 labores
1546 1578 1827 1643 subiisset,
1851 1578 2009 1649 761

443 1696 543 1751 per
568 1693 707 1749 quos
735 1679 808 1733 ita
836 1690 1029 1730 manus
1060 1681 1257 1729 contra
1288 1670 1457 1724 Deum
1495 1668 1690 1725 tollere
1722 1668 2012 1726 voluisset.

2128 567 2407 635 ἀνήπτιτο
2458 566 2583 629 τοὺς
2638 566 2831 630 ὁλκοὺς
2876 566 3171 639 δεδεγμένη
3229 570 3320 624 τοῦ
3380 570 3593 637 ὕδατος,
3621 572 3698 636 ὥς

2124 657 2232 729 πέρ
2259 674 2312 711 τι
2346 656 2549 728 θεῖονῆ
2580 657 2782 723 ἔλαιον,
2815 659 2849 730 ἡ
2883 675 2938 713 τι
2959 659 3088 713 ἄλλο
3114 660 3226 713 τῶν
3270 659 3528 726 ἐξάπτειν
3562 662 3699 735 ὓλην

2123 750 2451 820 ἐπιτηδείων
2475 766 2490 782 ’
2524 752 2620 805 καὶ
2642 751 2724 814 είς
2760 750 2895 819 ὕψος
2927 752 3220 824 ἀνέτρεχεν
3254 753 3359 815 ἕως
3389 753 3450 808 οῦ
3477 755 3539 809 τὸ
3585 757 3699 811 πᾶν

2122 841 2220 896 τοῦ
2249 844 2506 913 χώματος
2561 842 2704 896 κατά
2742 844 2844 913 τὴν
2901 845 3143 913 ἀγέσταν
3187 845 3469 916 χωρῆσαν,
3524 848 3698 918 αὐτὴν

2120 933 2530 1004 ἀπετέφρωτεν.
2561 934 2786 1006 Ἔργοις
2811 934 2859 990 δ’
2880 933 2976 989 οῦν
2995 937 3025 990 δ
3057 937 3308 1008 Χοσρόης
3332 938 3698 1008 ἀπεγνωκὼς,

2121 1025 2218 1079 καὶ
2268 1024 2366 1096 τὴν
2391 1025 2722 1099 ἐγκειμένην
2775 1030 2844 1100 τῇ
2900 1029 3058 1084 πόλει
3116 1030 3353 1099 δύναμιν
3403 1032 3697 1103 ἐννοήσας,

2120 1116 2384 1188 αἰσχύνης
2444 1117 2664 1191 πλήρης
2722 1120 2819 1173 ἐπὶ
2875 1120 2946 1175 τὰ
2989 1122 3230 1194 σφέτερα
3261 1122 3367 1195 ἢθη
3400 1124 3564 1179 πάλιν
3594 1142 3696 1181 πο-

2121 1209 2312 1281 ρευτὸς
2343 1204 2471 1282 ἧκε,
2511 1213 2807 1286 μεταμέλῳ
2848 1216 3157 1287 χρώμενος,
3187 1218 3265 1289 τῷ
3320 1219 3557 1292 διακένῳ
3584 1224 3700 1277 τῶν

2122 1303 2311 1357 κόπων
2346 1300 2428 1367 οἷς
2472 1306 2665 1375 χεῖρας
2692 1305 2839 1361 οὕτω
2867 1308 2986 1378 Θεῴ
3035 1310 3696 1382 ἀνταίρεινβεϐούλευτο.

2120 1393 2292 1450 Τοῦτο
2347 1396 2449 1466 μὲν
2501 1396 2568 1468 δὴ
2621 1399 2886 1454 τοιοῦτον.
2933 1400 3090 1468 Λέξω
3124 1402 3182 1456 δέ
3211 1404 3307 1458 καὶ
3351 1403 3382 1458 δ
3413 1406 3555 1461 κατὰ
3592 1407 3699 1476 τὴν

2118 1487 2512 1558 Σεργιούπολιν
2560 1490 2750 1546 ἄλλοτε
2799 1492 3012 1566 Χοσρόῃ
3067 1496 3313 1564 ἐγένετο·
3369 1497 3452 1550 δτι
3500 1514 3564 1567 γε
3599 1500 3699 1553 καὶ

2116 1579 2226 1637 τῶν
2259 1582 2407 1651 μάλα
2435 1581 2732 1649 ἀξιολόγων
2761 1588 2880 1638 ἐστὶ
2901 1586 2960 1639 τὸ
2982 1586 3168 1657 ἔργον,
3196 1587 3292 1641 καὶ
3315 1589 3507 1663 μνήμη
3525 1606 3697 1661 προσ-

2118 1674 2241 1742 ήκει
2288 1674 2439 1727 ἐσαεὶ
2477 1674 2866 1739 διασώζεσθαι.

442 1779 625 1848 Atque
687 1772 941 1845 equidem
1022 1772 1138 1825 h:ec
1201 1769 1283 1825 sic
1346 1768 1613 1823 habuere.
1646 1764 1830 1819 Dicam
1884 1780 2018 1821 vero
2078 1766 2292 1832 itidem,
2365 1770 2509 1840 quod
2566 1771 2699 1826 alibi
2723 1772 2985 1830 Chosroe
3010 1773 3152 1846 apud
3184 1773 3542 1846 Sergiopolim
3562 1791 3699 1834 eve.-

442 1873 547 1939 nit,
594 1883 712 1924 rem
757 1881 880 1937 quae
925 1867 1221 1930 reieratur,
1252 1862 1320 1918 ad
1354 1861 1631 1917 memoriae
1673 1859 2017 1932 posteritatis
2054 1862 2406 1932 sempiternae
2438 1862 2707 1928 tradatur,
2744 1866 3036 1922 admodum
3056 1868 3299 1939 dignam.

985 1976 1214 2035 CAPUT
1296 1975 1463 2031 XVII.

2720 1981 2969 2037 ΚΕΦΑΛ.
2999 1985 3097 2039 ῐΖ’.

443 2077 521 2133 De
587 2088 736 2130 cruce
800 2070 1053 2149 pretiosa,
1115 2065 1663 2149 quantillusltinianus
1719 2060 2015 2149 summa

2124 2068 2265 2149 Περὶ
2300 2050 2425 2126 ’τοῦ
2480 2072 2992 2149 τιμίου-σταυροῦ
3039 2076 3113 2149 δὴ
3146 2078 3568 2149 Ἰουστινιανὸς
3619 2083 3693 2139 ἐν

511 2131 811 2201 άεάὶεαυὶῖ.’
852 2140 923 2195 Et
950 2131 1048 2192 «de
1084 2131 1344 2192 miraculo
1395 2136 1470 2189 ibi
1507 2150 1669 2205 prape
1721 2131 2016 2188 incredibili

511 2217 676 2272 edito.

514 2351 719 2406 institit
744 2357 802 2404 et
827 2348 958 2403 huic
1001 2345 1197 2416 jugum
1242 2340 1530 2397 servitutis
1564 2340 1848 2409 imponere
1878 2353 2018 2395 con-

422 2432 698 2501 'tendcns.
761 2441 829 2496 Et
873 2447 1163 2510 postquam
1223 2434 1422 2490 muenia
1479 2443 1563 2487 est
1591 2447 1913 2502 aggressus,
1959 2442 2018 2486 et

441 2536 636 2590 urbem
661 2544 976 2601 expugnare
998 2536 1223 2584 coactus
1249 2542 1265 2582 :
1290 2524 1358 2579 de
1385 2524 1559 2580 salute
1612 2522 1814 2577 dt-ltinc
1840 2522 2012 2587 urbis,

442 2635 594 2681 utea
642 2629 980 2686 servaretur,
1032 2617 1289 2688 utrinque
1322 2615 1393 2670 ab
1442 2614 1826 2669 obsidentibus
1852 2615 2014 2669 simul

441 2727 500 2775 et
531 2715 790 2778 obsessis,
827 2713 958 2769 hinc
987 2710 1113 2766 inde
1147 2709 1314 2764 verba
1366 2716 1497 2763 sunt
1545 2705 1708 2760 facta.
1736 2706 2015 2761 Postremo

442 2810 589 2864 inter
618 2816 880 2876 utrosque
909 2807 1191 2867 convenit,
1232 2809 1294 2855 ut
1341 2799 1516 2854 sacris
1562 2802 1887 2867 templorum
1917 2798 2017 2854 do-

441 2901 614 2956 nariis
663 2897 857 2954 civitas
885 2895 1272 2958 redimeretur.
1312 2891 1524 2958 Quibus
1555 2901 1613 2949 et
1645 2907 1806 2958 crux,
1846 2905 2013 2962 quam

439 2988 781 3049 Jusﬁnianus
815 2995 873 3043 et
899 2985 1187 3040 Tlteodora
1225 2999 1293 3039 eo
1321 2984 1607 3051 miserant,
1633 2992 1718 3038 est
1746 2983 2015 3053 adnume-

442 3093 579 3139 rata.
621 3081 686 3137 Et
723 3082 835 3153 jam
878 3077 947 3132 ab
987 3078 1142 3132 urbis
1179 3076 1301 3145 ejus
1346 3077 1616 3138 antistite,
1650 3075 1884 3146 aliisque
1920 3075 2015 3144 qui

444 3190 571 3231 cum
617 3189 684 3228 eo
727 3170 880 3228 missi
910 3170 1151 3232 fuerant,
1173 3168 1240 3222 ad
1282 3167 1567 3224 Cbosroen
1594 3170 1778 3223 omnia
1815 3166 2012 3238 depor—

446 3274 557 3322 tata
598 3263 837 3318 fuerant.
885 3261 1060 3330 Atque
1099 3260 1216 3324 ille,
1280 3275 1412 3314 num
1462 3269 1729 3330 praetcrea
1782 3259 1837 3314 in
1881 3259 2017 3314 urbe

2195 2142 2622 2223 Σερπιουςεόλει
2672 2144 2919 2223 ἀηέρρτο
2941 2161 2973 2223 ’Δ
3008 2147 3107 2223 καὶ
3148 2151 3279 2214 περὶ
3316 2151 3421 2206 τοῦ
3448 2142 3693 2223 γεγονό-

2195 2226 2303 2276 τος
2329 2211 2531 2267 ἐκεῖσε
2559 2214 2910 2283 παραδόξου
2942 2211 3267 2287 θαύματος.

2205 2323 2523 2392 Ἐφίσταται
2575 2328 2668 2381 καὶ
2719 2328 2895 2403 ταύτῃ
2946 2331 3116 2399 ζυγὸν
3144 2332 3390 2396 δουλείας
3416 2335 3693 2393 ἐπιθεῖναι

2125 2414 2466 2479 σπουδάζων.
2505 2418 2660 2473 Ἐπεὶ
2709 2420 2842 2489 γοῦν
2882 2422 2959 2492 τῷ
3008 2426 3180 2495 τείχει
3233 2429 3561 2496 προσέϐαλε,
3596 2432 3695 2484 καὶ

2123 2507 2444 2579 πολιορκεῖν
2475 2510 2759 2580 ἐπειρᾶτο,
2793 2515 2863 2567 τὰ
2896 2517 3029 2586 περὶ
3057 2519 3331 2590 σωτηρίας
3355 2521 3454 2589 τῆς
3482 2523 3693 2588 πόλεως

2122 2599 2272 2663 ὅπως
2302 2601 2527 2671 σωθείη,
2581 2603 2714 2676 παρ’
2745 2607 3033 2677 ἑκατέροις
3086 2610 3200 2671 τοῖς
3234 2627 3296 2662 τε
3336 2610 3693 2683 πολιορκοῦσι

2126 2694 2221 2745 καὶ
2281 2693 2761 2766 πολιορκουμένοις
2791 2699 3105 2755 διελαλεῖτο.
3160 2702 3323 2766 Τέλος
3379 2703 3695 2759 συνέϐαινον

2124 2787 2260 2857 πρὸς
2284 2788 2574 2859 ἀλλήλους,
2603 2788 2748 2845 ὥστε
2779 2794 2846 2845 τὰ
2874 2793 2991 2846 θεῖα
3017 2795 3279 2864 κειμήλια
3319 2796 3490 2867 λύτρα
3518 2799 3692 2871 ταύτῃ

2121 2878 2377 2945 γενέσθαι
2402 2894 2416 2911 ·
2441 2875 2524 2943 οἷς
2552 2884 2984 2950 συγκατείλεκτο
3017 2887 3114 2940 καὶ
3144 2889 3378 2957 σταυρὸς
3419 2890 3526 2943 ὑπὸ
3562 2890 3695 2945 Ἰου-

2124 2969 2398 3024 στινιανοῦ
2419 2970 2515 3025 καὶ
2548 2971 2832 3042 Θεοδώρας
2873 2975 3170 3044 πεμφθείς.
3206 2977 3292 3041 Ὠς
3325 2979 3370 3032 δ’
3399 2975 3495 3033 οὖν
3533 2984 3689 3049 παρὰ

2122 3060 2215 3115 τοῦ
2245 3062 2345 3131 τῆς
2381 3061 2590 3126 πόλεως
2619 3064 2809 3133 ῖερέως
2836 3068 2930 3120 καὶ
2961 3066 3070 3120 τῶν
3111 3069 3209 3122 σὺν
3237 3069 3386 3140 αὐτῷ
3417 3070 3693 3142 πεμφθέν-

2086 3155 2095 3165 ’
2121 3170 2230 3207 των
2257 3155 2318 3216 ἐς
2340 3155 2592 3225 Χοσρόην
2625 3155 2843 3210 ἅπαντα
2872 3158 3187 3225 διεσώζετο,
3224 3163 3435 3226 ἐκεῖνος
3461 3166 3696 3217 ἀνεπυν-

2126 3246 2338 3315 θάνετο,
2366 3251 2417 3302 ei
2451 3251 2526 3320 μὴ
2565 3251 2663 3304 καὶ
2701 3251 2870 3320 ἕτερα
2902 3252 3207 3326 ὑπελείφθη
3233 3258 3301 3326 τῇ
3332 3258 3506 3313 πόλει.
3546 3260 3695 3329 [Iap-

444 3355 746 3426 quidquam
775 3352 1051 3421 reliquum
1104 3358 1272 3416 esset,
1321 3351 1697 3422 interrogavit.
1728 3351 1900 3408 Ail'uit
1939 3350 2017 3407 ibi

2120 3335 2198 3389 ὼν
2244 3337 2303 3391 δέ
2356 3354 2443 3402 τις
2486 3339 2596 3394 τῶν
2669 3342 3027 3412 ἀληθίζεσθαι
3083 3346 3392 3413 εἰωθότων,
3474 3349 3694 3422 Χοσρόῃ

445 3445 695 3517 quidam,
751 3457 945 3499 verum
995 3442 1192 3504 dicere,
1226 3440 1424 3496 solitus
1450 3482 1466 3508 ,
1509 3451 1568 3497 et
1612 3441 1892 3509 Cbosroae,
1916 3441 2021 3496 alia

445 3537 695 3608 quaedam
737 3549 909 3605 pauca
939 3532 1236 3588 admodum
1258 3533 1314 3588 in
1338 3532 1481 3589 urbe
1507 3547 1537 3587 a
1560 3532 1777 3588 civibus
1806 3532 2023 3589 occulte

447 3627 718 3685 asservari
757 3626 1116 3682 renuntiavit.
1152 3626 1234 3682 Ac
1280 3624 1403 3680 auri
1433 3625 1657 3696 quidem
1687 3625 1773 3681 vel
1807 3625 2020 3696 argenti

447 3720 647 3790 reliqui
678 3719 815 3774 nihil
850 3732 994 3783 esse,
1027 3718 1121 3774 sed
1153 3718 1382 3774 alterius
1427 3718 1588 3790 longe
1620 3718 2020 3789 praestantioris

445 3822 502 3868 et
532 3813 642 3868 Deo
672 3812 865 3868 dicatae
897 3812 1159 3874 materiae.
1192 3813 1248 3866 in
1277 3828 1384 3882 qua
1403 3827 1529 3868 ossa
1562 3811 1741 3883 Sergii
1761 3814 2020 3883 martyris

445 3914 879 3970 asservarentur,
902 3918 1096 3957 urnam
1128 3902 1451 3974 sublongam
1483 3919 1550 3959 ex
1576 3913 1805 3976 argento
1833 3904 2017 3962 fabre-

445 3994 640 4050 fattam
688 4003 921 4051 restare.
972 3993 1089 4051 Hoc
1120 3995 1213 4052 ubi
1260 3994 1538 4052 Cbosroes
1581 3996 1818 4063 audivit,
1867 3998 2020 4054 illico

444 4086 746 4143 exercitum
783 4101 1003 4142 omnem
1035 4090 1104 4142 ad
1143 4087 1568 4143 exscindendam
1595 4088 1787 4144 urbem
1827 4104 1895 4145 ex
1926 4104 2021 4145 ca-

445 4189 683 4235 strorum
721 4179 1079 4235 munimentis
1108 4179 1320 4236 eduxit.
1340 4178 1641 4237 Confestim
1678 4196 1814 4237 vero
1848 4182 2016 4237 innu-

445 4269 741 4326 mer’abiles
779 4278 1213 4340 propugnatores
1269 4285 1437 4342 supra
1487 4271 1680 4327 urbem
1726 4288 2016 4343 apparere,

446 4366 615 4431 'seque
642 4361 710 4416 ad
740 4360 988 4416 eamdem
1028 4360 1429 4416 defendendam
1463 4377 1678 4432 parare,
1726 4372 1892 4432 atque
1919 4378 2018 4432 per

447 4466 634 4507 muros
666 4450 870 4520 ubique
920 4451 1234 4506 discurrere
1262 4452 1545 4507 vistsunt.
1582 4454 1754 4508 Porro
1779 4463 1842 4509 ut
1888 4454 2017 4520 boc,

446 4542 542 4613 qui
591 4543 659 4597 ad
704 4542 1131 4612 Oppugnandum
1183 4543 1335 4599 missi
1387 4544 1627 4607 fuerant,
1660 4544 1938 4610 viderunt,
1985 4561 2017 4602 e

443 4630 675 4702 vestigio
727 4631 796 4686 ad
846 4631 1127 4689 Cbosroeu
1180 4633 1412 4699 reversi,
1482 4648 1606 4689 cum
1663 4635 2014 4692 defensorum
2047 4674 2094 4733 ο

446 4722 683 4778 civitatis
705 4722 1138 4786 multitudinem,
1170 4732 1287 4778 tum
1321 4725 1570 4779 timorem
1599 4741 1785 4791 suum,
1804 4729 2015 4799 quieos

444 4826 800 4882 cxarmassct,
840 4813 1134 4886 stupefacti
1182 4828 1705 4874 commetnorarunt.
1741 4819 2019 4880 Cbosroes

446 4916 652 4966 autem.
682 4906 777 4961 ubi
801 4907 1018 4962 curiose
1055 4908 1240 4963 omnia
1295 4918 1595 4971 scrutatus,
1628 4911 1783 4967 valde
1810 4929 2016 4983 paucos

443 4998 530 5053 vel
562 4997 866 5052 immaturae
894 4998 981 5052 vel
1024 4997 1253 5052 exoletae
1291 4997 1469 5052 aetatis
1511 4998 1764 5057 homines
1789 5003 1844 5058 in
1877 5004 2017 5060 urbe

443 5105 585 5152 esse,
616 5089 857 5144 robustis
887 5087 1144 5144 omnibus
1176 5102 1207 5143 e
1226 5088 1410 5144 medio
1443 5087 1700 5159 sublatis,
1726 5096 2013 5164 comperit,

445 5196 557 5233 rem
595 5194 716 5234 eam
759 5178 1096 5234 subiimioris
1133 5179 1367 5250 alicujus
1414 5181 1726 5251 potestatis,
1775 5193 1832 5239 et
1871 5201 2015 5240 mar-

446 5271 583 5343 tyris
610 5269 886 5339 praecipue
913 5284 1033 5326 esse
1063 5269 1374 5340 suspicatus
1413 5282 1517 5328 est.
1549 5270 1629 5328 Ac
1663 5274 1859 5333 timore
1890 5293 2006 5333 cor-

444 5370 656 5432 reptus,
683 5360 1165 5433 Citristianamque
1206 5362 1524 5434 religionem
1561 5383 1891 5440 magnopere
1920 5370 2016 5425 ad-
2036 5434 2049 5443 _

443 5454 720 5517 miratus,
776 5453 986 5519 statim,
1035 5453 1375 5510 obsidionem
1453 5458 1665 5527 solvit,
1723 5470 1892 5532 atque
1954 5462 2013 5518 in

440 5544 703 5599 ditionem
735 5556 888 5598 suam
920 5559 1172 5600 reversus
1197 5556 1302 5605 est.
1338 5549 1499 5621 762
1522 5550 1686 5607 Fama
1718 5568 1848 5609 vero
1871 5554 2018 5607 obti-

440 5642 556 5696 net,
611 5634 892 5689 Cltosroen
955 5635 1142 5701 istum,
1177 5640 1342 5708 paulo
1395 5653 1524 5697 ante
1564 5642 1802 5710 obitum,
1837 5645 2014 5699 sacris

442 5722 648 5777 nostris
678 5723 952 5779 initiatum
1004 5734 1171 5795 atque
1216 5727 1284 5782 ad
1327 5728 1576 5785 divinum
1606 5731 1882 5787 lavacrum
1916 5733 2015 5787 ad-

441 5817 673 5873 missum
707 5829 850 5872 esse.
888 5815 1144 5873 Sedcnim
1191 5827 1246 5874 et
1293 5830 1502 5890 pestem
1548 5838 1668 5881 eam
1718 5841 1840 5896 qua:
1895 5834 2007 5883 tum

2123 3430 2452 3501 ἐπήγγελλε,
2489 3432 2585 3487 καὶ
2634 3432 2799 3504 ἔτερα
2838 3428 2982 3490 εἷναι
3019 3437 3373 3509 εύαρῖθμητσ.
3402 3439 3526 3496 λίαν
3555 3443 3694 3514 πρὸς

2121 3521 2234 3575 τῶν
2280 3521 2520 3577 πολιτῶν
2555 3525 3027 3597 ἐναποκρυϐέντα,
3060 3529 3225 3599 μηδὲν
3255 3531 3386 3585 δέτι
3421 3533 3627 3603 χρυσοῦ
3659 3535 3691 3605 ἢ

2122 3610 2369 3683 ἀργύρου
2395 3612 2790 3682 ἀπολελεῖφθαι
2810 3633 2826 3649 ο
2858 3618 3027 3688 ἄλλης
3060 3620 3117 3673 δέ
3152 3621 3285 3691 ὕλης
3305 3624 3693 3694 πῳύργιαιτέ·
3756 3674 3770 3683 .

2126 3720 2227 3773 ρας
2247 3703 2369 3779 Θεῷ
2395 3705 2707 3778 ἀνειμένης.
2743 3711 2809 3762 τὰ
2836 3708 2933 3762 τοῦ
2962 3711 3239 3783 μάρτυρος
3274 3715 3437 3768 ὀστέα
3462 3717 3692 3788 Σεργίου

2121 3798 2600 3883 περιφρουρούσης
2624 3816 2638 3832 ο
2674 3797 2819 3854 εἶναι
2873 3801 2943 3859 δ’.
2973 3805 3194 3875 ἐκείνην
3229 3807 3390 3878 σορὸν
3443 3810 3691 3885 ἐπιμήκη

2120 3872 2367 3960 ἀργύρου
2414 3890 2814 3964 πεποιημένην.
2852 3894 2943 3959 Ὦς
2994 3896 3052 3951 δὲ
3096 3872 3252 3953 ταῦτ’
3279 3872 3507 3972 ηνηκόει
3541 3872 3693 3958 -Χοσί

2123 3982 2256 4053 ρόης
2278 4023 2295 4048 ,
2332 3983 2498 4048 εὐθὺς
2551 3984 2641 4038 τὸν
2668 3985 2792 4039 ὅλον
2843 3988 3100 4059 ἐπαφῆκε
3142 3993 3373 4062 στρατὸν
3403 3995 3500 4065 τὴν
3535 3996 3694 4050 πόλιν

2121 4076 2366 4146 πορθεῖν.
2397 4075 2689 4147 Ἐξαπίνης
2725 4078 2772 4132 δ’
2798 4080 2971 4144 ἀσπὶς
3000 4082 3172 4152 μυρία
3196 4085 3570 4156 ὑπερφανεῖσα
3595 4093 3694 4160 τῆς

2120 4169 2325 4232 πόλεως
2357 4162 2530 4235 ὧπτο,
2574 4170 2782 4241 ταύτης
2837 4174 3187 4245 ὑπερμαχεῖν
3230 4178 3687 4252 διεσκευασμένη,

2121 4260 2399 4330 πανταχοῦ
2428 4262 2522 4317 τὸν
2572 4262 2861 4333 περίϐολον
2892 4265 3208 4323 διαθέουσα.
3248 4269 3338 4334 Ὠς
3371 4270 3429 4325 δὲ
3454 4272 3609 4326 ταῦθ’
3639 4275 3691 4326 οῖ

2120 4353 2466 4422 πεμφθέντες
2497 4356 2775 4423 τεθέαντο,
2835 4358 3004 4423 εὐθὺς
3049 4359 3191 4430 πρὸς
3247 4363 3503 4436 Χοσρόην
3556 4366 3693 4420 imi-

2121 4459 2375 4515 στρεφον,
2424 4448 2488 4501 τό
2525 4464 2586 4503 τε
2622 4448 2828 4521 πλῆθος
2871 4450 2982 4505 τῶν
3040 4452 3531 4524 ὑπερασπιζόντων
3592 4462 3692 4529 τῆς

2122 4539 2333 4603 πόλεως
2363 4540 2690 4609 τεθηπότες,
2724 4544 2821 4597 καὶ
2849 4545 2950 4613 τὴν
2979 4545 3281 4616 ἀφόπλισιν
3314 4550 3689 4622 διηγούμενοι.

2131 4631 2221 4695 Ὡς
2251 4632 2308 4685 δὲ
2339 4635 2844 4706 περιεργαζόμενος
2870 4638 2899 4689 ὁ
2925 4636 3171 4708 Χοσρόης
3201 4642 3466 4711 ἐγνώριζε
3496 4647 3690 4717 κομιδῇ

2120 4723 2345 4797 βραχεῖς
2388 4727 2748 4797 ἐναπομεῖναι
2776 4731 2846 4799 τῇ
2874 4730 3032 4785 πόλει
3083 4733 3321 4804 ἐξώρους
3350 4753 3410 4790 τε
3453 4743 3549 4790 καὶ
3583 4741 3691 4791 cidi-

2120 4834 2270 4889 ρους,
2296 4819 2398 4887 τῆς
2450 4819 2738 4892 σφιγὼσης
2788 4822 3009 4892 ἡλικίας
3066 4826 3313 4881 ἐκποδὼν
3368 4831 3690 4902 γενομένης,

2119 4911 2501 4981 ἀνελάμϐανεν
2551 4913 2867 4985 ὑπερτέρας
2904 4915 3190 4987 δυνάμεως
3220 4908 3364 4974 εἶναι
3414 4923 3475 4975 τὸ
3503 4922 3690 4992 ἔργον,

2120 5004 2215 5057 καὶ
2248 5003 2449 5074 μᾶλλον
2477 5005 2571 5059 τοῦ
2630 5008 2933 5077 μάρτυρος.
2983 5010 3180 5074 Δείσας
3210 5011 3266 5066 δὲ
3301 5014 3395 5067 καὶ
3434 5015 3534 5084 τὴν
3560 5017 3694 5086 Χρι-

2123 5096 2357 5149 στιανῶν
2387 5097 2572 5151 πίστιν
2599 5101 2711 5155 ,ἐπὶ
2755 5100 2899 5170 μέγα
2924 5101 3225 5171 ἀγάμενος,
3262 5106 3428 5169 εὐθὺς
3462 5108 3562 5178 τὴν
3589 5125 3692 5163 πο-

2123 5183 2376 5255 λιορκίαν
2408 5185 2602 5252 λύσας,
2641 5188 2779 5258 πρὸς
2810 5192 2880 5244 τὰ
2906 5193 3083 5245 οἰκεῖα
3126 5194 3517 5266 μετεχώρησεν
3542 5199 3692 5268 ὅρια.

2120 5276 2292 5344 Λόγος
2314 5276 2360 5331 δ’
2390 5277 2505 5349 ἔχει
2541 5282 2761 5334 τουτονὶ
2789 5282 3040 5353 Χοσρόην
3066 5284 3215 5337 τέλει
3265 5286 3363 5340 τοῦ
3387 5286 3506 5355 βίου
3548 5290 3693 5360 χρώ-

2126 5386 2311 5439 μενον,
2356 5372 2643 5443 μυηθῆναί
2696 5391 2758 5428 τε
2809 5377 2878 5431 τά
2938 5378 3215 5451 ἡμέτερα,
3260 5381 3367 5435 καὶ
3407 5382 3500 5435 τοῦ
3541 5384 3692 5438 θείου
3792 5394 3800 5400 ’

2115 5459 2381 5529 ἠξιῶσθαι
2406 5463 2656 5534 λουτροῦ.
2688 5465 2799 5521 Ναὶ
2816 5469 2924 5539 μὴν
2951 5471 3043 5523 καὶ
3071 5470 3141 5523 τὰ
3165 5472 3265 5541 τῆς
3301 5472 3693 5546 ἐπισκηψόωης

2119 5554 2279 5606 νόσου
2310 5555 2621 5625 τηνικαῦτα
2657 5557 2732 5621 ὡς
2784 5560 2906 5615 ἐνὸν
2938 5561 3275 5634 διηγήσομαι
3297 5605 3312 5631 ,
3348 5566 3469 5637 ἥτις
3497 5567 3560 5638 δὴ
3594 5571 3692 5621 καὶ

2117 5644 2178 5697 τὸ
2207 5645 2432 5714 σύμπαν
2459 5649 2535 5713 ὡς
2584 5653 2761 5705 εἰπεῖν
2817 5655 2920 5723 τῆς
2967 5658 3300 5729 οἰκουμένης
3332 5662 3689 5733 ἐπενεμήθη’

2115 5736 2252 5808 ὅπερ
2300 5739 2367 5792 ἄν
2402 5741 2521 5794 ποτ’
2554 5738 2721 5813 ἦλθεν
2751 5747 2833 5808 εἰς
2881 5747 3053 5817 ἀκοὴν
3077 5787 3093 5812 ,
3126 5748 3386 5823 δεύτερον
3423 5752 3517 5806 καὶ
3558 5770 3690 5808 πενι-

2114 5831 2378 5900 τηκοστὸν
2410 5832 2530 5899 ἔτος
2562 5836 2823 5901 ἐπιούσης
2856 5838 2956 5901 τὴν
2986 5840 3112 5903 γῆν.
