4046 6456
282 342 381 410 26‘)

858 454 1110 510 κεψΑΛη
1167 458 1251 509 κη
1817 510 1829 528 ,

283 530 603 621 ἒἘἰιιφριιὰνις
628 549 736 605 τοῦ
773 545 1046 621 μεηάλου
1070 545 1370 621 -ζεμένους
1407 544 1518 621 τῇς
1547 543 1653 621 (at?
1685 541 1836 621 ego?)

341 615 524 692 λόιίρου
561 615 824 692 Σοφίαςξ
866 617 1014 692 datae
1070 615 1493 692 ίιουᾳτινιανὸς
1541 616 1693 668 Θεὸν
1716 615 1842 666 δια-

341 684 848 763 φερὀντωςὶιμῶν
878 684 1272 754 ἀνιδρύσατο.

354 810 410 863 ὐ
432 809 488 862 δὲ
524 804 901 868 Ἰουστινιινὸς
952 803 1187 867 πολλοὺς
1232 803 1331 873 μὲν
1354 803 1491 867 νεὼς
1518 790 1839 872 ἆπανὲαχοῦ

273 904 363 969 τῆς
383 898 707 971 οἰκουμένης
735 898 1037 965 ἀνέστησεν
1068 897 1150 958 εἰς
1178 895 1376 959 κάλλος
1398 895 1837 965 ἐξησκημένους,

278 994 505 1062 μάλιστα
534 990 577 1044 δ’
607 993 664 1043 ὲν
694 987 1270 1044 Κωνσταντινουπὸὶει
1298 990 1617 1059 περιφάνεὶξ
1641 988 1842 1058 ὲδομή-

276 1099 396 1135 σειτο
429 1083 508 1143 εἰς
532 1079 729 1142 κάλὶος
762 1080 880 1147 ἅμα
920 1079 1011 1132 καὶ
1043 1077 1274 1147 μέγεθος
1305 1080 1618 1148 προϊόντας.
1676 1077 1845 1132 1583i-

273 1191 405 1243 ματο
437 1172 515 1238 δὲ,
577 1174 721 1242 μέγα
754 1187 807 1224 τι
864 1171 1056 1241 χρῆμα
1112 1164 1210 1224 καὶ
1257 1171 1649 1242 ἀπαράὃλητον
1705 1171 1842 1239 μηδὲ

271 1270 485 1321 πώποτε
546 1265 853 1335 ἱστορηθὲν,
905 1264 994 1316 τὸν
1021 1263 1200 1333 μέγαν
1228 1263 1326 1334 τῆς
1350 1263 1444 1316 τοῦ
1477 1263 1612 1317 Θεοῦ
1655 1265 1838 1332 Λόγου

269 1363 462 1428 Σιλφάς
488 1359 647 1420 νεὼν,
689 1357 950 1430 μέγιστόν
978 1348 1038 1407 re
1073 1352 1198 1408 λ’ίαν
1237 1356 1335 1409 καὶ
1366 1357 1838 1425 εὐπρεπέστατον,

268 1460 356 1505 καὶ
383 1453 543 1517 λόγου
566 1452 799 1519 δύναμιν
824 1448 1250 1518 ὑπερὸιίνοντα.
1298 1445 1441 1515 Ἐγὼ
1465 1445 1511 1499 δ’
1534 1447 1608 1511 ὡς
1635 1443 1750 1502 οἶόν
1779 1467 1859 1503 τεκ

266 1541 598 1610 πειράσομαι
638 1539 794 1592 τοῦτο
831 1536 1161 1607 ἐπιδραμεῖν
1217 1532 1313 1589 καὶ
1356 1533 1665 1605 διαγράψαι
1699 1535 1842 1606 λόγῳ

267 1637 327 1686 τὸ
356 1634 609 1701 τέμενος.

1136 311 1734 400 ECCLESIASTIC/E
1776 334 2166 398 HlSTORl/E
2208 333 2354 395 Lm.
2397 297 2583 394 xvii.

3418 277 3586 398 270‘

2539 444 2764 503 CAPUT
2807 429 2924 499 xx.

1949 545 2244 615 Descriptio
2307 544 2520 615 augusti
2576 539 2759 615 templi
2832 540 2923 595 Dei
2974 536 3139 615 ,i’er'bi
3204 514 3527 615 Sapientia.

2017 610 2159 686 quod
2203 610 2544 698 Iustiniani:
2596 611 2765 665 Deum
2823 611 3157 666 sanctissime
3211 611 3392 664 colem
3447 610 3532 663 in-

2018 695 2304 740 staurovit.

2016 793 2359 850 Justinianus
2416 809 2584 865 porro
2660 793 2829 858 multa
2894 788 3121 848 delubra
3185 807 3388 862 passuu
3466 793 3523 847 in

1946 885 2084 940 orbe
2118 894 2388 940 terrarum
2431 884 2804 954 pulcherrima
2837 882 3103 940 excitavit
3133 901 3148 938 :
3182 883 3528 952 potiSsiruum

1949 992 2131 1034 autem
2151 976 2638 1048 Constantinopoli
2672 977 3094 1047 praeclarissima
3132 975 3354 1044 templa,
3393 966 3529 1043 put--
3616 1038 3621 1043 η

1948 1071 2113 1125 stanti
2147 1070 2318 1124 forma
2340 1080 2396 1125 et
2439 1070 2817 1142 magnitudine
2865 1069 3195 1123 construxit.
3229 1068 3285 1122 ln
3326 1068 3530 1136 quibus

1951 1164 2139 1233 ingens
2175 1164 2265 1217 illa
2301 1172 2359 1218 et
2391 1163 2855 1233 incomparabilis,
2878 1176 3058 1231 neque
3096 1176 3338 1230 unquam
3365 1170 3525 1213 ante.

1947 1258 2064 1310 visa
2114 1256 2336 1311 basilica
2366 1265 2470 1322 est,
2513 1265 2806 1326 augustum
2840 1254 3133 1325 Sapientia:
3160 1253 3323 1323 765
3365 1250 3527 1305 Verbi

1950 1348 2045 1403 Dei
2088 1350 2350 1418 templum
2389 1349 2688 1403 maximum
2731 1360 2865 1403 sane
2915 1347 3073 1411 illud,
3106 1356 3272 1416 atque
3332 1343 3534 1399 decen-

1948 1440 2246 1507 tissimum,
2279 1427 2336 1495 et
2367 1441 2515 1512 quod
2544 1430 2812 1496 orationis
2857 1440 2964 1494 vim
2994 1453 3214 1494 omnem
3250 1437 3410 1506 longe
3442 1451 3534 1489 su-

1951 1533 2354 1605 pergrediatur.
2415 1535 2550 1605 Ejus
2588 1545 2923 1590 structuram
2976 1550 3043 1588 ex
3100 1531 3365 1601 Procopio
3432 1529 3535 1583 hoc

1949 1626 2072 1681 loco
2098 1627 2348 1683 inserere
2375 1627 2554 1683 visum
2595 1637 2681 1683 est
2707 1645 2721 1681 :
2750 1629 2908 1699 cujus
2954 1627 3122 1682 verba
3161 1627 3277 1680 haec
3310 1632 3461 1679 sunt.

510 1776 684 1856 Deest
725 1796 838 1857 hoc
883 1794 1016 1857 loco
1063 1776 1407 1874 descriptio
1446 1800 1781 1874 structura:
1826 1791 2041 1870 templi
2074 1792 2345 1874 Sophia;
2376 1769 2568 1853 Verbi
2603 1790 2741 1862 Dei,
2782 1774 3337 1866 Constantinopoli

1400 1893 1439 1933 α
1473 1873 1840 1935 Iustiniano
1889 1863 2239 1934 restaurdti
2272 1863 2397 1952 (1).;

332 2053 356 2086 ι
388 2032 652 2088 Homines
704 2029 1001 2099 aliquando
1054 2027 1291 2099 gregarii
1351 2035 1408 2082 et
1463 2027 1585 2082 leve
1639 2027 1838 2096 vulgus
1872 2032 1909 2087 υ
1938 2025 2118 2079 cturis
2151 2017 2441 2079 venustior
2467 2026 2637 2091 atque
2659 2020 2970 2078 decentior.
3014 2021 3251 2076 Lumine
3300 2036 3432 2075 vero
3478 2031 3534 2074 et

265 2127 702 2181 Christianorum
761 2121 1051 2177 ecclesiam
1129 2120 1426 2175 incendere
1501 2115 1621 2173 ausi
1688 2122 1841 2173 sunt.

270 2218 522 2285 Sophiam
581 2214 830 2286 Byzantii
900 2212 1168 2281 templum
1234 2211 1312 2276 id,
1387 2207 1839 2265 commodissime

220 2354 221 2359 η
276 2325 562 2386 cognomen
597 2309 702 2364 hoc
738 2309 847 2362 Deo
895 2306 1223 2371 tribuentes,
1293 2314 1514 2360 vocant.
1581 2303 1843 2358 Permislt

274 2404 321 2457 id
352 2402 662 2456 hominibus
688 2399 938 2463 nefariis,
975 2408 1036 2453 ut
1064 2398 1406 2467 impietatem
1470 2404 1680 2451 tantam
1742 2410 1839 2465 pa.

266 2503 490 2555 trarent,
516 2493 656 2563 quod
695 2491 1008 2562 praeviderit
1033 2491 1099 2544 ad
1130 2501 1394 2559 quantam
1454 2487 1840 2559 pulchritudi-

264 2602 384 2642 nem
411 2585 684 2657 fanumid
711 2583 1009 2655 aliquando
1037 2582 1388 2644 restitutum,
1427 2592 1830 2651 perventurum
1862 2628 1869 2633 .

262 2689 426 2733 esset.
481 2679 669 2747 Itaque
718 2676 953 2731 ecclesia
1014 2683 1209 2730 exusta
1274 2682 1388 2729 tota
1434 2687 1552 2727 tum
1595 2671 1837 2740 jacchat.

253 2771 605 2825 Justinianus
640 2778 833 2823 autem
869 2768 942 2823 ita
973 2782 1096 2822 eam
1130 2764 1427 2835 aliquando
1450 2774 1574 2835 post
1629 2764 1842 2833 expoli-

255 2870 350 2925 vit,
379 2875 443 2919 ut
487 2863 534 2918 si
586 2874 746 2917 antea
769 2859 1041 2931 quiSpiam
1081 2858 1457 2928 cognovisset,
1510 2865 1568 2911 et
1624 2855 1840 2911 descri-

254 2957 501 3026 ptionem
534 2953 750 3008 aedilicii
783 2967 930 3006 nunc
950 2950 1222 3007 exstantis
1243 2948 1602 3017 ostendisset,
1633 2949 1688 3004 in
1745 2958 1843 3004 tro-

253 3050 325 3103 tis
358 3046 657 3102 habiturus
682 3044 917 3116 quilibet
946 3041 1136 3108 fuerit,
1190 3050 1252 3096 ut
1305 3040 1545 3096 ecclesia
1609 3046 1842 3111 prorsus

250 3142 574 3213 disperiret,
606 3156 716 3210 quo
760 3153 824 3192 ea
877 3137 1072 3200 forma,
1102 3136 1160 3190 in
1186 3147 1352 3205 quam
1372 3144 1458 3190 est
1513 3135 1570 3189 in
1598 3144 1840 3204 praesen-

249 3237 323 3290 tia
351 3236 490 3290 reda
506 3244 616 3293 cta.
642 3230 1078 3298 consumeretur.
1098 3228 1352 3284 Artiﬁces
1374 3242 1613 3298 namque
1666 3228 1843 3297 impe-

250 3335 402 3381 rator
432 3341 508 3380 ex
531 3320 834 3394 provinciis
857 3321 1116 3375 omnibus
1152 3334 1347 3374 omnes
1363 3319 1638 3384 evocavit,
1670 3327 1839 3388 atque

238 3416 302 3470 in
344 3416 546 3486 primis
578 3412 940 3468 Anthemium
972 3408 1311 3465 Trallianum
1365 3409 1754 3465 architectum
1781 3418 1838 3463 et

250 3510 387 3564 artis
460 3507 823 3572 mechanica,
851 3522 972 3576 qua:
1021 3504 1242 3576 ingenio
1273 3512 1332 3559 et
1384 3521 1549 3559 manu
1602 3503 1681 3570 iit,
1728 3518 1843 3558 non

250 3613 469 3658 tantum
503 3600 654 3655 inter
683 3614 781 3655 eos
808 3598 905 3669 qui
935 3613 1036 3653 sua
1066 3607 1249 3663 aetate,
1278 3596 1375 3653 sed
1401 3596 1571 3651 etiam
1601 3595 1700 3667 qui
1747 3611 1843 3651 su-

249 3696 578 3766 perioribus
604 3694 949 3764 temporibus
963 3691 1214 3747 aediliciis
1241 3700 1503 3747 accurate
1517 3701 1574 3745 et
1597 3705 1844 3746 commo-

249 3788 315 3844 de
368 3786 739 3844 exstruendis
796 3776 1071 3855 praeclari
1139 3783 1318 3849 luere,
1370 3795 1635 3852 praeterea
1710 3798 1841 3837 vero

243 3896 437 3935 eorum
474 3882 575 3949 qui
608 3877 781 3932 iuturi
835 3887 1021 3938 erant.
1077 3886 1484 3931 structurarum
1540 3873 1746 3929 formas
1784 3881 1842 3930 et

241 3973 453 4044 etiigies
486 3969 884 4042 praescribeudi
944 3969 1389 4039 peritissimum:
1448 3975 1504 4022 et
1557 3967 1840 4022 lsidorum

245 4056 551 4124 Milesium.
587 4064 871 4135 egregium
932 4050 1175 4117 fabrum.
1236 4059 1624 4123 Spectaculum
1670 4059 1843 4130 igitur

241 4158 489 4214 ecclesia
541 4154 716 4210 multo
761 4155 1196 4225 pulcherrimmn
1246 4155 1390 4207 facta
1453 4162 1559 4218 est,
1617 4151 1876 4229 conspi-V

244 4251 536 4306 cientibus
592 4248 817 4318 quidem
857 4246 1180 4317 miriﬁcum,
1252 4245 1612 4299 audientibus
1706 4261 1841 4300 vero

244 4341 582 4399 incredibile
612 4355 865 4411 prorsus.
892 4338 1027 4393 Nam
1059 4325 1356 4394 altitudine
1409 4338 1613 4394 coelum
1665 4354 1841 4409 prope

244 4435 472 4507 attingit
506 4442 605 4489 :et
624 4432 797 4488 veluti
832 4433 902 4487 ab
935 4431 1189 4487 aediliciis
1219 4432 1345 4486 aliis
1386 4432 1652 4498 abducta,
1714 4432 1839 4487 urbi

243 4530 478 4599 reliquae
512 4526 766 4581 imminet
792 4536 962 4595 atque
1015 4525 1318 4591 incumbit,
1378 4541 1661 4581 exornans
1710 4526 1838 4595 qui-

242 4623 368 4676 dem
406 4622 588 4685 illam,
611 4618 758 4688 quod
813 4617 1029 4673 scilicet
1092 4616 1242 4670 illius
1310 4616 1428 4671 sit:
1479 4618 1836 4686 spectandam

1944 2115 2078 2170 solis
2100 2117 2395 2186 splendore
2428 2117 2659 2172 miriﬁce
2686 2117 2950 2173 abundat.
3013 2117 3133 2171 Non
3182 2116 3535 2171 extrinsecus

1945 2210 2124 2266 locum
2156 2226 2284 2266 eum
2310 2211 2426 2267 sole
2459 2209 2752 2277 illusuari,
2789 2220 2982 2267 verum
3047 2211 3199 2265 intus
3256 2209 3392 2264 oriri
3448 2209 3537 2262 lu-

1942 2319 2065 2366 cem
2097 2305 2268 2360 dicas.
2299 2301 2475 2359 Tanta
2506 2306 2592 2360 vis
2623 2306 2766 2361 lucis
2788 2305 2842 2359 in
2882 2305 3149 2374 templum
3177 2304 3285 2359 hoc
3325 2304 3534 2358 didun-

1943 2393 2115 2449 ditur.
2147 2394 2340 2451 Facies
2373 2394 2519 2467 ejus,
2570 2400 2696 2466 pars
2757 2395 2971 2450 scilicet
3020 2397 3296 2449 orientem
3357 2394 3530 2449 solem

1944 2486 2269 2555 respiciens,
2304 2486 2396 2542 ubi
2419 2485 2679 2558 mysteria
2713 2495 2992 2544 etarCana
3052 2489 3161 2543 Deo
3189 2504 3341 2543 sacra
3372 2487 3533 2551 lium,

1944 2581 2008 2632 ad
2042 2580 2190 2635 hunc
2218 2581 2442 2636 modum
2460 2582 2547 2636 est
2577 2592 2881 2638 exstructa.
2907 2580 3223 2636 lEdilicinm
3250 2580 3531 2650 quoddam

1943 2670 2173 2724 dimidia
2206 2684 2274 2725 ex
2334 2680 2491 2741 parte
2526 2673 2829 2727 rotundum
2862 2684 2921 2728 et
2965 2674 3337 2741 turliinatum,
3384 2674 3537 2743 quod

1942 2770 2078 2824 artis
2108 2767 2276 2839 hujus
2300 2769 2465 2838 periti
2516 2767 2982 2846 hemieylintjrum
3009 2768 3324 2833 nominant,
3357 2767 3409 2821 in
3440 2782 3537 2822 su-

1944 2859 2276 2915 blimitatem
2310 2861 2640 2917 immensam
2674 2861 2942 2916 excurrit.
2984 2860 3185 2930 Operis
3214 2860 3383 2930 huius
3412 2861 3538 2914 alti-

1946 2953 2103 3016 tudo,
2133 2953 2189 3007 in
2226 2963 2478 3023 quartam
2537 2953 2869 3009 orbicularis
2917 2953 3102 3024 ﬁgura:
3143 2963 3354 3023 partem
3406 2968 3536 3007 eva-

1943 3047 2046 3118 dit.
2073 3046 2319 3115 Desuper
2352 3055 2636 3102 structura
2672 3048 2777 3103 alia
2816 3048 3009 3102 lunata
3063 3047 3266 3112 l‘orma,
3300 3048 3369 3102 ab
3402 3046 3539 3100 anil-

1948 3139 2055 3195 Βοίί
2079 3138 2390 3194 artiﬁcibus
2417 3137 2470 3194 ei
2503 3140 2761 3210 imposita
2798 3126 3029 3204 eminet,
3059 3141 3279 3195 decenti
3306 3141 3531 3211 quidem

1947 3230 2362 3300 pulchritudine
2387 3232 2712 3286 admiranda
2753 3232 2871 3292 illa,
2897 3232 2991 3285 sed
3029 3248 3152 3302 quae
3212 3232 3534 3303 periculosa

1946 3325 2375 3394 compositionis
2399 3327 2886 3397 coagmentatione
2907 3328 3250 3382 horrendum
3270 3329 3535 3399 quiddam

1950 3433 2184 3489 prorsus
2215 3426 2340 3475 esse
2371 3419 2652 3474 videatur.
2707 3419 2944 3475 Videtur
3007 3432 3248 3492 namque
3300 3422 3354 3476 in
3418 3438 3533 3476 rem

1947 3515 2279 3580 praesentem
2312 3511 2695 3576 venientibus,
2722 3527 2832 3566 non
2854 3512 2991 3567 satis
3018 3512 3178 3568 iit-mo
3209 3513 3333 3569 loco
3362 3514 3538 3570 collo-

1945 3610 2093 3670 cata,
2126 3612 2298 3675 atque
2321 3620 2433 3660 non
2469 3604 2588 3659 sine
2615 3602 3017 3660 diseriminein
3052 3605 3291 3662 sublime
3320 3607 3537 3663 sublata

1941 3710 2087 3751 esse.
2121 3695 2216 3751 llla
2245 3709 2376 3753 vero
2403 3707 2557 3753 certa
2582 3707 2638 3752 et
2658 3697 2875 3752 stabilis
2904 3699 3145 3754 maxime
3174 3710 3413 3756 constat.
3475 3702 3535 3756 In

1945 3784 2111 3849 huius
2144 3787 2336 3856 templi
2373 3796 2526 3856 parte
2558 3795 2812 3855 utraque,
2842 3785 3116 3842 columnae
3151 3787 3205 3841 in
3234 3787 3352 3842 solo
3383 3801 3537 3852 sunt,

1940 3885 1999 3932 et
2045 3877 2235 3939 apices
2260 3893 2453 3933 earum
2511 3893 2579 3933 ex
2639 3878 2960 3947 ingentibus
3007 3879 3159 3934 saxis
3205 3883 3536 3946 constructi,

1943 3972 2160 4039 riteque
2201 3972 2596 4040 coagmentati.
2640 3969 2774 4038 Qua:
2804 3976 3079 4026 columnae
3133 3972 3360 4028 aliunde
3414 3974 3539 4028 aliis

1941 4060 2238 4117 artilleiose
2260 4062 2395 4117 inter
2428 4078 2488 4118 se
2512 4066 2622 4118 situ
2660 4065 2780 4133 ipso
2806 4064 2971 4134 763
3001 4069 3402 4135 respondentes
3429 4106 3445 4131 ,
3477 4069 3532 4121 in

1941 4167 2196 4214 magnam
2228 4150 2628 4210 sublimitatem
2663 4156 2991 4228 perungunt
3026 4173 3040 4209 :
3105 4158 3350 4228 scopulis
3416 4174 3539 4227 eas,

1940 4247 1986 4301 si
2027 4262 2250 4315 cernas,
2306 4249 2602 4318 prteruptis
2665 4236 2980 4322 compares.
3042 4249 3294 4317 Quatuor
3355 4253 3412 4308 in
3468 4253 3539 4307 iis

1941 4355 2107 4395 arcus
2136 4342 2510 4414 quadranguli
2573 4342 2750 4399 forma
2783 4354 3023 4401 exstant.
3081 4346 3255 4402 Porro
3304 4364 3538 4403 arcuum

1943 4432 2184 4488 istorum
2216 4433 2352 4500 duo,
2380 4434 2476 4505 qui
2518 4435 2585 4490 ad
2613 4438 2884 4492 orientem
2934 4448 2989 4493 et
3036 4440 3385 4496 occidentem
3451 4458 3541 4498 sn-

1940 4526 2048 4580 lem
2084 4526 2388 4595 pertinent,
2417 4528 2473 4583 in
2510 4545 2744 4586 vacuum
2797 4545 2982 4586 aerem
3045 4535 3347 4599 pertinent.
3390 4536 3544 4590 Reli-

1938 4619 2036 4688 qui
2068 4632 2251 4675 autem
2276 4621 2390 4677 duo
2422 4637 2490 4678 ex
2529 4624 2783 4691 inferiori
2832 4629 3118 4695 paululum
3179 4642 3334 4698 parte
3370 4631 3544 4685 :ediii-

241 4724 431 4771 autem
512 4712 751 4782 seipsam
816 4714 1067 4781 praebens
1123 4709 1271 4780 quod
1335 4710 1487 4764 illius
1548 4711 1832 4774 cnm'sit,

1947 4716 2095 4769 cium
2115 4718 2395 4787 quoddam
2429 4732 2487 4774 et
2523 4719 2791 4789 quasdam
2825 4723 3115 4779 columnas
3147 4726 3374 4782 habent.
3421 4727 3542 4782 Eis-

245 4808 521 4877 illamque
553 4804 1046 4874 supergrediatnr,
1084 4810 1296 4858 tantum
1328 4804 1555 4870 eminet,
1588 4814 1646 4858 ut
1684 4820 1753 4858 ex
1774 4819 1841 4857 ea

244 4904 477 4973 perinde
506 4910 675 4970 atque
703 4914 736 4955 e
764 4899 990 4969 specula
1019 4900 1154 4954 urbs
1193 4910 1307 4954 tota
1334 4899 1731 4969 perlnstretur.
1763 4900 1839 4954 Ea

244 5008 430 5051 autem
467 4995 951 5062 latitudineatque
982 4994 1331 5063 longitudine
1363 5010 1528 5064 quam
1566 4995 1838 5050 rectissi-

246 5106 331 5144 me
358 5099 450 5145 est
488 5098 774 5152 exornata,
812 5098 872 5140 ut
921 5102 1030 5139 non
1069 5087 1357 5141 immerito
1416 5089 1574 5156 longa
1614 5097 1672 5143 et
1727 5088 1839 5143 lata

246 5182 493 5237 dicatur.
530 5179 666 5234 Tum
690 5189 874 5233 autem
921 5179 1235 5234 incredibili
1286 5179 1705 5248 pulchritudine
1744 5189 1832 5235 est

246 5272 510 5343 insignis.
539 5271 708 5327 Moles
735 5287 957 5342 quoque
984 5272 1103 5340 ipsa
1130 5273 1565 5350 ornamentoilli
1622 5282 1729 5334 cst.
1781 5282 1839 5327 et

247 5365 654 5437 magnitudinis
683 5366 1025 5420 conveniens
1053 5375 1109 5420 et
1137 5374 1264 5435 apta
1326 5366 1468 5420 ratio
1502 5377 1559 5419 et
1604 5382 1840 5437 propor-

248 5459 345 5519 tio.
382 5474 572 5527 ncque
601 5457 666 5510 ad
702 5456 931 5512 nimiam
960 5456 1384 5525 amplitudinem
1416 5458 1715 5524 excedens,
1743 5474 1842 5513 ue-

248 5566 352 5617 que
390 5566 452 5605 se
478 5549 548 5603 ad
578 5551 830 5607 viliorem
858 5547 1233 5601 humilitatem
1265 5549 1589 5605 demittens.
1616 5550 1752 5606 Nam
1783 5561 1843 5605 et

248 5646 428 5702 solitis
450 5644 705 5700 aediliciis
725 5642 989 5716 grandior
1020 5648 1127 5700 est.
1168 5651 1219 5695 et
1249 5641 1630 5700 immoderatis
1677 5657 1839 5701 stru-

1948 4808 2076 4862 dem
2103 4825 2234 4864 Vero
2262 4826 2327 4866 ex
2364 4813 2659 4881 superiore
2688 4831 2912 4885 quoque
2937 4829 3093 4888 parte
3126 4820 3363 4874 rotunda
3394 4830 3543 4877 stru-

1946 4916 2103 4961 ctura
2143 4906 2212 4960 ad
2272 4910 2609 4964 turbinatam
2681 4911 2916 4965 formam
2980 4930 3213 4985 vergens
3264 4916 3540 4981 imminet,

1949 4999 2095 5053 unde
2125 5016 2345 5070 semper
2376 5001 2493 5055 dies
2520 5003 2757 5071 primum
2790 5003 3125 5061 illucescens
3167 5019 3422 5079 apparet.
3473 5013 3540 5065 Et

1947 5109 2072 5147 cum
2108 5092 2398 5149 aediﬁcatio
2423 5095 2497 5148 ita
2533 5095 2706 5150 divisa
2731 5096 2825 5162 sit,
2859 5101 3138 5155 conimodi
3167 5102 3299 5155 illud
3353 5105 3541 5169 habet,

1946 5187 2097 5256 quod
2130 5186 2341 5242 aﬁatim
2368 5188 2548 5243 lucem
2584 5191 2794 5257 templo
2815 5191 3037 5248 snﬂieit.
3076 5192 3204 5250 ιιιό
3236 5213 3364 5250 vero
3422 5198 3541 5269 ipsa

1949 5280 2035 5346 (ut
2059 5277 2285 5349 Opinor)
2322 5280 2439 5334 ﬁeri
2471 5296 2581 5334 non
2614 5292 2818 5351 potest,
2843 5292 2901 5338 ut
2930 5285 3115 5357 lingua
3140 5288 3458 5345 balbutiens
3485 5301 3542 5346 et

1949 5385 2142 5438 parum
2171 5372 2382 5427 vocalis
2416 5383 2676 5440 caponat.
2727 5374 2977 5446 Namque
3010 5389 3238 5447 propter
3294 5393 3547 5437 structu~

1949 5479 2067 5515 ram
2102 5463 2423 5530 infractam,
2452 5483 2563 5520 non
2597 5464 2653 5521 in
2686 5475 2832 5523 terra
2860 5473 3188 5540 consistere,
3247 5475 3342 5529 sed
3385 5478 3544 5531 cadi-

1951 5563 2043 5608 tus
2075 5566 2267 5611 catena
2298 5573 2471 5613 aurea
2503 5574 2768 5630 suspensa
2796 5577 2919 5619 esse
2975 5565 3258 5622 videntur.
3331 5569 3395 5623 Et
3444 5574 3542 5637 qui

1951 5647 2068 5705 haec
2102 5653 2592 5722 comtemplantur,
2621 5655 2890 5728 quidnam
2918 5658 3264 5725 potissimum
3290 5676 3402 5734 pra:
3422 5664 3547 5723 aliis

320 5808 397 5877 tl)
429 5802 589 5859 Edita
642 5813 726 5859 est
779 5820 809 5861 a
849 5804 1009 5862 nobis
1034 5816 1175 5862 mter
1206 5821 1394 5885 'opt-ra
1428 5804 1705 5875 Proc0pii.
1740 5805 1873 5862 Vide
1920 5816 2056 5863 tom.
2090 5808 2398 5868 LXXXVII.
2424 5814 2574 5870 Eutr.
