4046 6478
469 345 570 408 9'7!
1680 336 2099 400 NICEPHOltl
2142 332 2489 398 GALLIer
3227 294 3234 307 ’
3614 284 3727 401 τῇ

471 461 839 526 admirentur,
871 459 1056 515 dicere
1085 464 1389 528 nequeunt.
1428 456 1631 512 Verum
1686 472 1810 511 cum
1859 455 2041 509 animo
2073 460 2117 516 Α
2146 455 2223 509 Ex
2258 454 2515 518 arcubus,
2570 465 2708 521 quos
2742 445 2892 505 foros
2930 444 3258 531 mechanici
3305 456 3526 517 Vocant,
3582 466 3730 507 unus

468 552 652 609 omnia
678 548 1191 617 circumspexerint,
1219 557 1275 602 et
1301 546 1590 617 supercilia
1640 560 1808 616 super
1865 544 2045 598 omni-

472 645 575 698 bus
605 641 1001 706 contraxerint,
1067 648 1365 694 structurae
1418 648 1591 693 artem
1654 637 1868 708 assequi
1932 651 2041 691 non

469 740 698 803 possunt
726 747 742 784 :
775 729 869 785 sed
890 728 1035 798 quod
1065 728 1243 783 oculis
1272 729 1590 798 perspicere
1618 744 1735 781 eam
1789 741 1896 780 non
1947 727 2040 787 sit,

470 822 810 877 consternati
864 819 992 876 inde
1044 819 1354 875 discedunt.
1396 819 1539 872 l‘uro
1582 818 1851 887 siquidem
1911 830 2046 870 auro

471 912 691 968 testudo
720 925 940 966 summa
982 919 1123 964 tecta
1143 918 1248 977 est,
1279 909 1561 977 elegantia:
1619 909 1821 961 fastum
1864 906 2041 958 admi-

469 1017 651 1059 scens.
688 1000 828 1056 Tum
869 1009 1052 1055 autem
1077 1000 1322 1070 lapidum
1357 998 1618 1067 Splendor
1637 1013 1760 1051 cum
1794 999 1911 1050 auri
1941 996 2046 1050 [ιι]-

466 1111 598 1164 gore
616 1103 965 1160 concertans,
998 1093 1243 1149 excellit.
1268 1092 1349 1147 Ex
1374 1101 1606 1160 utraque
1630 1102 1783 1160 parte
1801 1089 2046 1159 porticus

467 1187 591 1241 duae
616 1185 1110 1255 sunt:utriusque
1165 1183 1409 1245 culmen,
1459 1182 1665 1241 tholus.
1711 1191 1769 1234 et
1822 1194 2041 1244 aurum,

469 1277 763 1333 tectorium
781 1288 886 1332 est.
912 1277 1117 1332 Harum
1147 1275 1318 1329 altera
1361 1275 1584 1345 quidem
1640 1273 1774 1327 viris
1838 1272 2043 1325 oranti-

470 1371 597 1436 bus,
622 1369 795 1425 altera
819 1379 1003 1424 autem
1033 1366 1371 1422 mulieribus
1398 1366 1540 1419 idem
1567 1362 1898 1439 facientibus
1925 1376 2047 1416 ces-

378 1536 383 1539 _
471 1464 582 1519 sit:
619 1478 801 1534 neque
832 1476 1061 1532 prorsus
1085 1459 1384 1531 quidquam
1422 1460 1567 1512 inter
1589 1473 1647 1512 se
1681 1456 1915 1520 variant,
1949 1463 2046 1509 aut

467 1557 751 1612 differunt.
783 1555 1064 1622 Quisvero
1093 1552 1449 1608 sublitniores
1498 1549 1604 1605 loci
1651 1549 1707 1603 in
1752 1564 1865 1618 quo
1918 1564 2045 1601 ver-

469 1657 665 1704 santur
693 1647 954 1702 mulieres
973 1647 1237 1701 stationes
1266 1643 1542 1713 exponat?
1569 1648 1667 1696 aut
1704 1642 1886 1695 varias
1910 1654 2048 1693 enu-

472 1749 647 1795 merct
677 1738 923 1810 porticus
969 1748 1027 1792 et
1069 1734 1341 1792 columnis
1385 1733 1770 1803 frequentibus
1821 1731 2041 1800 conspi-

2144 548 2346 603 orienti
2403 545 2504 599 soli
2551 543 2846 603 obversus.
2883 544 3242 605 nondumque
3271 542 3568 613 perfectus,
3612 559 3726 597 ma-

2145 637 2434 708 gnitudine
2488 649 2585 690 sua
2643 634 2805 690 bases
2868 633 3248 688 columnarum
3305 633 3531 702 pressit,
3603 647 3728 702 qua:

2145 728 2359 801 pondus
2390 735 2599 780 tantum
2638 740 2745 779 non
2784 723 3044 786 ferentes,
3097 722 3396 792 derepente
3453 723 3730 793 quodam-

2145 819 2310 875 tnodo
2346 819 2605 885 diruptas.
2638 832 2747 870 non
2780 818 2852 870 ita
2886 816 3061 870 multo
3100 822 3227 885 post
3287 830 3509 883 pessum
3569 815 3728 870 iturae

2152 911 2506 966 videbantur.
2543 909 2607 963 Et
2646 909 2976 963 Anthemius
3032 919 3199 976 atque
3254 908 3498 963 Isidorus
3552 923 3618 962 ea
3661 919 3734 963 re

2149 1003 2461 1072 perterriti,
2497 1002 2563 1055 ad
2596 1001 2987 1069 imperatorem
3036 1016 3155 1055 eam
3215 1001 3575 1070 retulerunt:
3637 1016 3732 1055 ne-

2148 1115 2259 1168 que
2288 1098 2584 1169 quidquam
2615 1113 2679 1150 ex
2701 1105 2817 1151 arte
2847 1094 2961 1164 spei
2993 1094 3192 1163 reliqui
3224 1093 3561 1148 habuerunt.
3618 1090 3731 1145 lm-

2149 1199 2370 1261 perator
2392 1199 2574 1243 autem
2605 1188 2871 1242 divinitus
2893 1187 3146 1247 edoctus,
3190 1186 3376 1238 statim
3405 1186 3489 1238 eis
3534 1197 3735 1236 arcum

2148 1283 2460 1338 absoiutum
2496 1280 2562 1334 iri
2592 1280 2870 1350 pollicitus
2915 1288 3017 1333 est.
3061 1279 3184 1346 Ipse
3233 1276 3465 1336 etenim,
3521 1274 3737 1343 inquit,

2150 1375 2201 1428 in
2227 1375 2408 1441 seipse
2438 1387 2757 1442 as~urgens,
2784 1369 3142 1426 inferioribus
3165 1368 3547 1422 columnarum
3579 1364 3730 1419 basi-

2149 1464 2254 1519 bus
2281 1479 2391 1517 non
2420 1463 2620 1532 egebit.
2655 1463 2730 1517 lta
2755 1476 2918 1517 arcus
2941 1470 3097 1515 certa
3120 1459 3381 1514 firmitate
3422 1459 3476 1513 in
3500 1457 3726 1514 sublimi

2149 1567 2474 1622 suspensus,
2507 1552 2846 1621 experientia
2892 1551 3007 1621 ipsa
3063 1550 3354 1604 veritatem
3390 1548 3741 1604 inventionis

2151 1644 2449 1699 Iustiniani
2478 1644 2846 1698 confirmavit.
2875 1644 3053 1712 Atque
3084 1644 3187 1696 hoc
3222 1642 3447 1711 quidem
3484 1642 3565 1696 sic
3618 1641 3732 1695 hac

2151 1733 2205 1786 in
2251 1744 2407 1803 parte
2462 1733 2803 1787 elaboratum
2850 1741 2957 1788 est.
3016 1733 3076 1785 In
3125 1732 3250 1787 aliis
3295 1746 3430 1786 vero
3491 1730 3730 1785 arcubus

469 1848 602 1888 cuas
637 1802 810 1889 aulas.
834 1829 1035 1901 quibus
1064 1827 1325 1897 tem-plum
1360 1827 1465 1882 hoc
1492 1802 1902 1881 circumdatum
1924 1822 2045 1878 est?
2077 1802 2121 1858 Β
2148 1802 2439 1881 meridiem
2489 1834 2546 1881 et
2593 1826 2815 1880 boream
2865 1832 3093 1880 ventum
3154 1823 3556 1894 spectantibus,
3623 1822 3730 1879 talo

470 1924 594 1994 quis
621 1923 1005 1978 columnarum
1031 1929 1088 1974 et
1111 1918 1355 1988 lapidum
1405 1926 1698 1973 enumeret
1751 1925 1933 1985 aptam
1987 1922 2045 1969 et

470 2014 891 2069 convenientem
920 2010 1185 2080 speciem,
1203 2010 1409 2077 quibus
1437 2022 1592 2063 saera
1613 2008 1758 2063 aedes
1778 2015 2044 2063 exornata

469 2106 594 2162 est?
622 2107 676 2159 in
712 2113 931 2175 pratum
966 2117 1025 2156 se
1055 2102 1326 2170 quispiam
1360 2100 1593 2154 ﬂoribus
1624 2114 1863 2154 vernans
1911 2098 2045 2151 inci-

472 2198 620 2253 disse
651 2196 948 2250 existimet.
984 2193 1299 2248 Aulmiretur
1357 2206 1594 2260 namque
1628 2192 1845 2251 merito.
1908 2190 2044 2245 alio-

469 2304 593 2342 runt
635 2287 858 2357 quidem
921 2283 1163 2339 colorem
1218 2296 1581 2352 purpureum,
1635 2280 1873 2335 aliorum
1910 2295 2045 2335 vero

468 2373 901 2437 viridantetn,;in
929 2371 1258 2442 quibusdam
1287 2380 1472 2425 autem
1493 2369 1788 2439 puniceum
1807 2368 2042 2433 ﬂorere;

472 2471 527 2523 iu
554 2465 836 2523 nonnullis
857 2463 1156 2519 candidum
1197 2462 1411 2533 fulgere
1437 2460 1649 2517 videat.
1669 2460 1899 2531 Insuper
1916 2475 2046 2516 vero

470 2559 527 2614 in
555 2555 887 2628 quibusdam
910 2555 1283 2625 Obstupescat,
1312 2567 1451 2623 quos
1480 2537 1916 2608 adversantibus
1962 2552 2047 2606 in-

473 2662 557 2705 ter
588 2666 648 2705 se
677 2648 977 2714 coloribus,
1016 2646 1070 2701 in
1104 2645 1328 2701 modum
1378 2644 1628 2715 pictoris,
1667 2654 1865 2699 natura
1916 2644 2047 2714 ipsa

473 2742 626 2796 varie
679 2738 1084 2795 cobonestarit.
1134 2737 1306 2792 Porro
1364 2736 1553 2806 templi
1617 2737 1740 2808 ejus
1815 2736 2046 2791 donaria

475 2836 687 2903 omnia,
727 2849 850 2903 quae
888 2832 979 2888 vel
995 2833 1060 2886 ad
1081 2846 1239 2887 usum
1268 2845 1553 2885 sacrorum
1591 2839 1801 2900 parata,
1833 2829 1919 2885 vel
1976 2845 2047 2883 ex

470 2936 699 2997 argento
724 2935 782 2980 et
833 2924 1033 2994 lapillis
1056 2924 1255 3003 ἠιθεηί
1316 2923 1479 2993 pretii
1528 2919 1833 2977 fabrefacta
1892 2930 2044 2985 sunt,

470 3018 786 3075 accuratius
820 3016 1196 3087 persequenti,
1248 3013 1443 3084 eloqui
1479 3013 1709 3068 omnino
1755 3029 1864 3068 non
1916 3023 2043 3068 est:

469 3131 590 3184 quae
620 3112 921 3180 imperator
948 3109 1213 3164 duntaxat
1237 3108 1340 3163 iste
1362 3107 1656 3162 dedicavit.
1677 3108 1761 3162 Ex
1808 3123 1916 3162 una
1948 3123 2047 3162 au-

471 3218 581 3262 tem
618 3221 679 3259 re
700 3213 940 3266 tantum,
974 3202 1319 3273 conjectura,
1352 3202 1447 3271 qui
1488 3202 1603 3257 lucc
1648 3201 1852 3271 legent.
1913 3215 2045 3270 opes

468 3296 877 3353 ecclesiasticas
904 3294 1159 3362 colligere
1198 3302 1515 3362 potuerunt.
1553 3291 1808 3348 Sanctius
1840 3296 2043 3346 etenim
2086 3367 2095 3376 ὓ

473 3385 663 3456 templi
733 3384 901 3455 hujus
953 3383 1299 3446 sacrarium,
1351 3382 1498 3453 quod
1563 3382 1665 3438 soli
1732 3382 2044 3438 sacerdotes

471 3476 697 3542 adeunt,
758 3472 1092 3544 quadragies
1124 3472 1273 3526 mille
1302 3471 1510 3555 argenti
1557 3471 1730 3527 libras
1774 3470 2038 3527 continet.

1033 3586 1261 3645 CAPUT
1345 3586 1488 3641 XXI.

477 3685 553 3738 De
580 3682 919 3755 imperatoris
941 3680 1175 3752 ejusdem
1205 3680 1422 3755 ᾕινονε,Δ
1443 3682 1617 3750 potius
1637 3697 1803 3755 quam
1835 3697 2051 3743 amore,

703 3769 828 3823 erga
859 3749 1116 3822 cyaneum
1139 3749 1230 3804 seu
1257 3749 1540 3805 mruléum
1563 3749 1812 3807 colerem.

546 3869 722 3936 Atque
754 3865 871 3921 bac
897 3864 1122 3936 quidem
1151 3863 1438 3934 praeclara,
1463 3872 1627 3933 atque
1653 3865 2041 3933 przeclarorum

473 3959 632 4029 longe
650 3956 1086 4030 praclarissima,
1111 3965 1242 4022 sunt
1268 3953 1561 4011 Iustiniani
1605 3954 2043 4026 imperatoris“)

472 4067 662 4123 opera.
711 4049 914 4106 Verum
947 4050 1002 4104 in
1060 4063 1148 4117 eo,
1207 4046 1358 4119 quod
1413 4047 1712 4103 helluinam
1770 4048 2043 4103 feritatem

473 4158 696 4201 omnem
731 4142 975 4206 excedit,
1006 4140 1124 4197 sive
1148 4155 1358 4206 errore,
1388 4154 1486 4195 seu
1517 4141 1724 4210 ingenii
1754 4139 2047 4194 timiditate

474 4237 684 4307 (dicere
722 4233 777 4288 id
805 4235 952 4288 enim
986 4230 1221 4303 nequeo)
1260 4231 1401 4286 fuit:
1435 4231 1657 4285 initium
1679 4246 1747 4286 ex
1772 4230 2046 4286 seditione

473 4343 539 4382 ea
561 4341 681 4396 quae
704 4325 879 4389 Νίκα,
906 4325 958 4379 id
984 4332 1088 4389 est,
1116 4323 1294 4388 Vince,
1316 4323 1460 4378 dicta
1486 4332 1625 4388 erat,
1675 4323 1894 4377 initium
1944 4322 2049 4377 du-

2147 1919 2412 1989 quiddam
2443 1918 2664 1973 accidit.
2699 1918 2826 1972 Lori
2854 1917 2947 1987 qui
2999 1926 3290 1981 vocantur,
3336 1930 3436 1987 per
3486 1914 3722 1971 aedifica-

2152 2011 2360 2067 tionem
2395 2025 2596 2066 novatn
2628 2008 2772 2064 mole
2797 2024 2986 2080 magna
3017 2009 3072 2063 in
3101 2008 3341 2063 sublime
3370 2007 3733 2063 tollebantur.

2145 2101 2242 2158 Eis
2270 2116 2402 2156 vero
2442 2101 2705 2156 inferiora
2733 2100 2971 2155 aedilicia
3021 2114 3213 2171 pressa
3273 2099 3626 2164 laborabant,
3667 2110 3725 2154 et

2144 2197 2418 2252 columnae
2443 2210 2568 2264 quae
2589 2209 2656 2249 eo
2684 2194 2791 2248 loci
2828 2201 3011 2258 erant,
3045 2193 3258 2263 lapides
3307 2208 3509 2262 parvos
3537 2194 3728 2263 perin-

2145 2290 2214 2344 de
2232 2297 2396 2358 atquc
2415 2289 2819 2357 expolirentnr,
2861 2301 2927 2341 ex
2984 2301 3109 2341 sese
3157 2287 3340 2357 jactos
3395 2285 3729 2342 reddebant.

2146 2378 2391 2435 Rursum
2438 2379 2612 2448 igitur
2659 2380 2878 2447 animos
2929 2378 3347 2446 despondentes
3394 2377 3727 2438 mechanici.

2147 2477 2374 2539 propter
2402 2482 2591 2523 casum
2614 2483 2742 2524 eum
2769 2462 3091 2539 imperatori
3118 2468 3426 2539 periculum
3482 2468 3588 2524 taie
3636 2484 3729 2523 rel-

2150 2559 2502 2614 nuntiarunt.
2528 2559 2670 2613 Tum
2714 2558 2809 2615 ille
2862 2559 2996 2623 huic
3041 2559 3185 2615 malo
3232 2559 3539 2616 remedium
3589 2560 3733 2615 illud

2147 2648 2498 2719 excogitavit.
2524 2646 2920 2705 Laborantium
2951 2649 3100 2705 enim
3135 2649 3497 2706 aedificiorum
3539 2660 3729 2720 partes

2149 2756 2417 2809 summas,
2448 2750 2505 2796 et
2560 2755 2723 2797 arcus
2758 2743 2908 2813 ipsos
2970 2742 3236 2810 adimere,
3274 2753 3441 2813 atque
3489 2743 3544 2796 in
3591 2756 3737 2812 prte-

2148 2848 2276 2889 sens
2322 2833 2546 2903 quidem
2594 2847 2884 2903 seponere,
2918 2841 3109 2902 postea
3140 2848 3271 2889 vero
3305 2849 3523 2888 rursum
3549 2834 3744 2903 impo-

2148 2938 2307 2991 nere,
2346 2939 2472 2980 cum
2506 2932 2802 2980 structura;
2835 2923 3039 2979 humor
3063 2923 3357 2981 induratus
3384 2924 3739 2989 evanuisset,

2148 3016 2427 3086 praecepit.
2454 3016 2534 3081 Illi
2565 3017 2831 3085 imperata
2854 3015 3060 3071 fecere.
3094 3014 3411 3072 Editlcatio
3445 3033 3576 3074 vero
3604 3017 3739 3088 ipsa

2151 3107 2416 3172 deinceps
2469 3106 2626 3163 firma
2676 3107 3007 3178 stabilisque
3054 3108 3326 3164 constitit.
3376 3109 3736 3165 Restauravit

2150 3215 2374 3272 quoque
2399 3198 2743 3257 Justinianus
2772 3192 3102 3259 Sanctorum
3156 3206 3549 3274 Apostolorum
3584 3213 3735 3259 tem-

2154 3292 2329 3360 plum,
2367 3292 2515 3361 quod
2547 3291 2686 3346 nulli
2713 3291 2921 3362 primas
2948 3292 3065 3348 vult
3087 3294 3413 3350 concedere.
3441 3294 3499 3348 In
3522 3309 3590 3349 eo
3621 3296 3741 3347 int-

2151 3394 2434 3452 peratores
2493 3391 2549 3438 et
2592 3384 2873 3441 antistites
2936 3365 3156 3457 recepto
3219 3402 3372 3443 more
3444 3386 3741 3456 sepeliun-

2153 3486 2264 3530 tur.
2306 3493 2324 3526 ι

2726 3601 2978 3656 ΚΕΦΑΛ.
3009 3599 3141 3656 KA'.

2154 3692 2291 3759 Περὶ
2330 3692 2434 3760 τῆς
2495 3694 2564 3746 ἐν
2594 3693 2674 3758 τῷ
2704 3694 2939 3766 λσυατέῳ
2985 3694 3245 3764 χρώματι
3277 3695 3389 3751 τοῦ
3415 3697 3735 3766 ,βασιλέως

2530 3766 2753 3833 μανίας
2772 3762 3018 3835 μᾶλλον
3046 3766 3084 3833 ἢ
3109 3762 3338 3835 falae.

2208 3878 2384 3931 Καλὰ
2427 3879 2528 3948 μὲν
2561 3880 2626 3947 δὴ
2656 3880 2749 3933 καὶ
2770 3879 2963 3933 οιαὶῶν
2993 3881 3259 3936 κάλλιστα
3286 3883 3458 3938 ταῦτα
3501 3885 3731 3939 “lauati—

2154 3971 2321 4040 νιανῷ
2367 3971 2589 4039 βασιλεῖ·
2629 3972 2943 4043 εἰργασται.
3002 3976 3101 4028 Ἓν
3142 3975 3202 4028 δέ
3231 3994 3288 4029 τι
3339 3978 3548 4048 προσῆν
3573 3979 3740 4048 αὐτῷ

2152 4063 2336 4114 πᾶσαν
2386 4060 2635 4132 θηριώδη
2687 4061 2917 4132 γνώμην
2970 4064 3255 4120 ἐκϐαῖνονο
3289 4066 3401 4121 εἴτε
3431 4069 3487 4122 δὲ
3540 4070 3729 4140 ἁμαρ-

2153 4153 2266 4223 τίᾳ,
2297 4154 2410 4206 cits
2449 4153 2514 4223 δὴ
2547 4156 2639 4207 καὶ
2679 4154 2855 4227 δειλίᾳ
2901 4155 3140 4225 φύσεως,
3195 4158 3378 4226 λέγειν
3431 4160 3531 4214 οὐκ
3580 4163 3737 4231 ἔχω’·

2154 4245 2222 4297 ἐκ
2257 4246 2355 4315 τῆς
2411 4245 2556 4298 Νίκα
2580 4246 2886 4316 λεγομένης
2947 4247 3190 4312 στάσεως
3244 4254 3341 4320 τὴν
3375 4252 3548 4322 ἀρχὴν
3572 4256 3725 4322 εἱλη.

2159 4336 2292 4401 φόςο
2355 4336 2650 4406 ὑπερφυῶς
2709 4338 2820 4408 γὰρ
2873 4339 3055 4393 ἐδόκει
3096 4340 3306 4413 θατέρῳ
3352 4344 3462 4395 τῶν
3506 4344 3598 4397 τοῦ
3628 4345 3741 4415 δήν

473 4434 627 4474 erns.
661 4416 888 4471 Mirifice
921 4431 1157 4485 namque
1204 4416 1363 4470 alteri
1408 4415 1596 4484 populi
1632 4416 1878 4478 facticiii,
1910 4415 2046 4486 Cya-

2157 4445 2262 4497 p.21)
2308 4429 2516 4500 μερῶν,
2571 4429 2650 4499 τῷ
2692 4432 2924 4500 κυανέῳ
2976 4435 3144 4505 φημὶ,
3180 4436 3579 4506 προςκ;ἶσθαι’
3630 4442 3730 4491 καὶ

473 4526 593 4565 neas
618 4510 865 4579 inquam,
893 4508 1155 4563 addictus
1177 4508 1346 4561 fuisse
1365 4507 1521 4561 visus
1551 4513 1637 4561 est
1668 4522 1682 4558 :
1715 4506 1866 4563 adeo.
1888 4524 2045 4573 sane,

476 4611 536 4655 ut
561 4616 670 4655 non
696 4598 875 4655 solum
902 4611 1000 4653 eos
1067 4596 1311 4653 interdiu
1364 4597 1419 4650 in
1471 4596 1653 4651 media
1694 4597 1832 4653 urbe
1870 4601 2050 4656 caedes

475 4690 923 4749 adversariorum
953 4687 1423 4758 facientes,767
1451 4687 1691 4757 legitima
1716 4704 1877 4759 penna
1911 4691 2047 4745 faci-

474 4784 627 4839 noris
662 4783 929 4853 exigenda
969 4797 1080 4836 non
1115 4781 1450 4843 cohibuerit,
1477 4781 1572 4836 sed
1613 4782 1852 4850 pranniis
1880 4786 2046 4838 etiam

475 4886 804 4949 prosecutus
843 4876 939 4930 sit.
984 4874 1223 4930 Proinde
1275 4873 1568 4928 homicidae
1636 4875 1826 4944 plures
1892 4880 2053 4942 tacti,

473 4982 531 5026 et
555 4968 856 5040 impunitas
895 4966 1125 5022 ca'diutn
1174 4977 1353 5021 aucta.
1405 4966 1698 5021 Audebaut
1747 4968 1823 5022 illi
1881 4980 1936 5025 et
1959 4987 2047 5025 ant

483 5063 678 5117 domos
703 5061 951 5116 adversa:
1004 5059 1180 5129 partis
1215 5060 1449 5130 ingredi,
1489 5068 1544 5114 et
1579 5061 1847 5130 pretiosas
1884 5078 2047 5134 sepoo

473 5159 723 5223 situsque
748 5152 952 5208 civium
997 5167 1087 5205 res
1141 5150 1407 5220 diripere,
1464 5150 1538 5204 ita
1585 5159 1639 5204 ut
1686 5151 1762 5205 illi
1815 5154 2046 5209 salutem

474 5264 631 5301 suam
658 5261 797 5301 auro
827 5246 1098 5301 redimere
1131 5255 1481 5315 cogerentur.
1519 5244 1573 5299 Si
1609 5245 1733 5315 quis
1797 5262 1928 5301 vero
1979 5265 2054 5302 ex

476 5339 897 5410 magistratibus
929 5354 1037 5393 non
1065 5338 1190 5392 dico
1218 5353 1496 5399 coercere,
1532 5338 1628 5392 sed
1650 5338 1904 5394 inhibere
1926 5352 2048 5395 tan-

479 5436 594 5482 tum
632 5428 877 5483 facinora
907 5427 1186 5498 ejusmodi.
1209 5427 1498 5491 voluissct,
1531 5429 1597 5482 de
1630 5428 1739 5482 vita
1792 5429 1839 5484 is
1896 5433 2046 5499 peri-

474 5520 789 5576 clitabatur.
817 5519 1162 5591 Quapropter
1185 5520 1407 5591 quidam
1434 5521 1681 5578 Orientis
1726 5523 2044 5592 praefectus,

473 5617 734 5681 quoniam
775 5614 1073 5671 nonnullos
1103 5617 1309 5670 scelere
1348 5615 1437 5669 tali
1468 5630 1557 5670 res
1587 5630 1758 5672 novas
1817 5619 2041 5673 molien-

2120 4562 2125 4573 .
2150 4519 2245 4571 ἐπὶ.
2266 4521 2444 4586 τόσον,
2481 4521 2556 4585 ὡς
2609 4525 2703 4575 καὶ
2744 4526 2940 4593 φόνους
2967 4528 3026 4578 ὲν
3053 4527 3240 4598 ἡμέρᾳ
3269 4528 3362 4581 καὶ
3393 4530 3450 4583 ὲν
3485 4530 3629 4600 μέσῃ
3655 4535 3741 4601 τῇ

2151 4613 2306 4665 πόλει
2357 4615 2603 4684 δρῶντας
2640 4617 2752 4670 τῶν
2798 4618 2866 4672 δι’
2908 4621 3180 4686 ἐναντίας,
3232 4622 3308 4692 μὴ
3336 4623 3496 4692 μόνον
3521 4623 3732 4676 κωλύει

2152 4701 2275 4753 σθαι
2314 4703 2410 4755 καὶ
2428 4704 2619 4774 ποινὴν
2647 4705 2744 4774 τῆς
2788 4705 3003 4771 ἀδικίας
3042 4710 3298 4775 ἐκτίνειν,
3334 4710 3470 4763 ἀλλὰ
3504 4714 3596 4763 καὶ
3636 4727 3707 4779 γε

2152 4791 2262 4860 ρῶν
2291 4791 2573 4856 ἀξιοῦσθαι
2595 4811 2610 4824 ο
2646 4794 2722 4859 ὡς
2748 4797 3000 4851 ἐντεῦθεν
3024 4802 3123 4852 καὶ
3153 4804 3233 4864 εἰς
3263 4801 3423 4871 ἔργον
3452 4804 3727 4872 προϐῆναι

2152 4882 2525 4959 ἁνδροφονείντ
2567 4884 2869 4958 Ἑθάέιρουν
2901 4888 2958 4940 δὲ
2989 4890 3085 4941 καὶ
3129 4891 3245 4953 τοῖς
3285 4890 3456 4953 οἴκου
3487 4892 3677 4945 ὲπιὲνα
3709 4929 3727 4952 .

2152 4978 2247 5029 καὶ
2279 4976 2462 5047 ἠρέμα
2492 4978 2562 5031 τὰ
2587 4979 2862 5049 προσόντα
2889 4981 3121 5046 ἐκείνοις
3155 4984 3262 5036 τὼν
3281 4985 3586 5055 κειμηλίων
3610 4986 3732 5055 ληΐ-

2151 5067 2365 5134 ζεσθαι,
2412 5070 2507 5123 καὶ
2565 5070 2785 5140 χρυσίῳ
2820 5068 2979 5135 αὖθις
3033 5074 3275 5138 ἐκείνους
3317 5082 3415 5139 τὰς
3449 5077 3730 5146 σωτηρίας

2152 5160 2432 5216 ὠνεῖσθαι.
2470 5160 2572 5216 Ἢν
2627 5162 2685 5215 δέ
2738 5180 2845 5216 που
2880 5164 2973 5217 καί
3015 5181 3100 5229 τις
3154 5166 3269 5220 τῶν
3318 5167 3406 5221 ἐπ’
3451 5168 3731 5233 ἐξουσίαις

2153 5250 2315 5321 μήτοι
2346 5268 2409 5320 γε
2447 5251 2721 5319 κολάζειν,
2746 5255 2953 5325 εἴργειν
2976 5255 3037 5308 δὲ
3064 5258 3237 5325 μόνον
3260 5258 3574 5328 ἐδοκίμαζε,
3595 5262 3731 5328 *περὶ⁸

2150 5344 2222 5396 τὰ
2258 5344 2447 5414 καίρια
2471 5346 2568 5415 τῆς
2597 5344 2744 5415 ζωῆς
2776 5346 3124 5400 ἐκινδύνευεν
3147 5364 3161 5378 ι
3213 5349 3336 5400 ὅθεν
3363 5348 3456 5402 καί
3503 5365 3587 5413 τις
3612 5351 3735 5402 τῶν

2149 5435 2249 5506 τὴν
2292 5437 2467 5507 Ὶίᾠαν
2502 5440 2994 5509 ἑπιτετραμμᾶνων
3025 5440 3224 5510 ἀρχὴν,
3257 5442 3379 5494 ἐπεὶ
3409 5445 3560 5504 τινὰς
3596 5442 3743 5511 περὶ

2150 5532 2217 5582 τὰ
2250 5530 2517 5600 εἰρημένα
2544 5529 2970 5599 νεωτερίζονιας
3000 5532 3214 5602 συσχὼν
3234 5532 3453 5602 νεύροις
3474 5533 3564 5585 τὸν
3591 5536 3732 5585 dxe-

2149 5620 2349 5673 λαστον
2409 5621 2745 5692 ἐσωφρόνιζε
2791 5622 2994 5692 τρόπον
3022 5663 3038 5691 ,
3092 5625 3274 5695 ἀτίμῳ
3315 5627 3511 5696 πομπῇ
3560 5625 3728 5686 αὐτὸς

545 5733 621 5800 (1)
667 5731 823 5811 Apud
876 5731 1096 5811 Suidatn
1112 5741 1197 5787 est
1225 5731 1594 5788 Justiniannm
1624 5731 2006 5803 imperatorem
2048 5735 2262 5791 litteras
2297 5739 2457 5806 plane
2476 5737 2777 5808 ignorasse,
2805 5737 3221 5809 ἀναλφίῦητον,
3244 5739 3352 5793 hoc
3391 5748 3500 5807 est,
3529 5740 3726 5811 alpha»-

475 5802 583 5859 ben
618 5808 929 5873 imperitum
964 5804 1153 5857 fuisse.

4042 2501 4046 2531 ι

4034 2591 4046 2628 a

4032 2694 4046 2732 ﬂ

4032 2790 4046 2830 Il
