4046 6462
241 455 316 513 1’73
1081 447 1690 509 ECCLESIAST1C£
1737 446 2126 506 lllSTURlE
2171 450 2314 510 LIB.
2361 449 2550 510 XVII.

3363 443 3474 504 2‘74

239 567 402 621 ἐκεῖνος
439 559 650 628 νεύροις
684 561 886 632 ᾐκίσθη
913 563 1055 614 κατά
1092 563 1264 631 μέσην
1305 563 1404 632 τὴν
1434 563 1591 614 πόλιν
1621 577 1779 626 περι-

1899 576 1968 614 LCS
1987 559 2528 630 comprehendisset,
2549 569 2604 614 et
2632 558 2818 614 nervis
2845 556 3264 628 protervitatem
3283 570 3480 608 eorunt

240 653 460 722 ενεχθείς.
496 653 605 706 Καί
637 669 720 714 τις
751 653 797 706 δ’
824 652 1033 722 ἕτερος,
1081 655 1403 716 Καλλίνικος
1453 653 1648 723 δνομα,
1683 651 1782 721 τὴν

236 749 320 800 τῶν
344 745 579 798 Κιλίκων
609 745 911 814 ἡγεμονίαν
939 745 1345 812 ἐπιτροπεύων,
1375 745 1470 799 δύο
1498 745 1650 806 τινάς
1673 744 1783 796 τῶν

237 839 542 908 ἀνδροφόνων
562 837 771 890 τούτων
804 838 998 907 ὅτιπερ
1031 837 1328 891 ἐκολάσατο
1379 835 1784 908 διαχρήσασθαι

236 933 393 984 τοῦτον
437 929 893 1001 ἐπιχειροῦντας,
947 930 1162 993 Παῦλος
1226 931 1285 985 δὲ
1342 931 1438 984 καὶ
1490 930 1784 991 Φαυστῖνος

237 1021 348 1092 ᾗσιν
380 1024 606 1087 ἐκείνοις
637 1025 694 1078 αἱ
738 1024 981 1093 κλήσεις,
1044 1023 1200 1094 πρὸς.
1235 1024 1330 1076 τοῦ
1365 1023 1631 1093 βασιλέως
1662 1023 1787 1074 ἄνει--

237 1115 548 1179 σκολόπιστο,
607 1116 802 1185 ποινὴν
857 1115 996 1187 ὑπὲρ
1031 1116 1199 1185 ὀρθῆς
1249 1115 1520 1178 συνέσεως
1555 1115 1787 1168 καὶτῶν

236 1208 385 1272 νόμων
425 1208 631 1276 ταύτην
669 1206 1011 1261 καταϐαλών.
1076 1208 1243 1261 Ταῦτ’
1291 1207 1403 1279 άρα
1452 1209 1501 1260 οἱ
1553 1207 1786 1275 θατέρου

239 1299 412 1366 μέρους
463 1298 533 1349 τὰ
589 1298 770 1350 οίκεῖα
801 1300 1164 1372 πεφευγότες,
1221 1301 1314 1353 καὶ
1355 1301 1510 1367 παρά
1557 1299 1786 1368 μηδενὸς

235 1390 321 1440 τῶν
349 1389 605 1442 ἁπάντων
665 1390 930 1459 ἀναδοχῆς
989 1391 1328 1461 ἀξιούμενοι,
1393 1391 1506 1443 ἀλλ’
1540 1391 1616 1454 ὥς
1661 1406 1788 1443 τινα

235 1481 325 1549 ἄγη
347 1497 400 1531 τε
430 1481 523 1532 καλ⁸
557 1481 846 1550 μιάσματα
889 1481 991 1551 τῆς
1020 1470 1228 1546 πόλεως
1283 1484 1660 1552 ἐλαυνόμενοι,
1681 1482 1790 1535 λωο

238 1567 566 1630 ποδυτοῦντες
619 1565 758 1639 ἦσαν
782 1584 798 1601 ·
856 1571 952 1624 καὶ
981 1572 1094 1635 τοῖς
1123 1571 1434 1641 ὁδοιπόροις
1488 1571 1790 1642 ἐφήδρευον

237 1659 648 1728 μιαιφονοῦντες,
699 1661 775 1724 ὡς
807 1660 978 1731 μηδὲν
1022 1663 1241 1715 ἀπεῖναι
1286 1663 1396 1715 τῶν
1428 1662 1618 1716 δεινῶν
1648 1660 1677 1714 ὃ
1715 1662 1792 1732 μὴ

235 1751 536 1823 ἐπράττετο,
583 1751 881 1806 κάντεῦθεν
920 1753 1188 1816 θανάτους
1237 1754 1330 1808 καὶ
1365 1753 1661 1823 λεηλασίας
1696 1755 1792 1809 καὶ

235 1843 292 1897 τὰ
318 1843 475 1896 λοιπά
507 1841 616 1895 τῶν
664 1845 887 1898 ἀτόπων
949 1846 1228 1916 ὁσημέραι
1282 1847 1790 1918 παρρησιάζεσθαι.

1889 651 2234 720 castigasset,
2269 650 2672 706 contumeliosa
2700 650 2900 718 pompa
2944 663 3041 716 per
3091 646 3328 700 mediam
3383 663 3482 698 ur-

1889 744 2017 798 bem
2046 753 2295 807 tractus;
2315 743 2504 798 nervis
2540 749 2624 796 est
2661 741 2944 796 concisus.
2981 739 3042 793 Et
3070 740 3240 794 alium
3282 754 3483 806 quem--

1891 836 2017 890 datn
2039 835 2362 891 Callinicum
2398 835 2654 897 nomine,
2686 833 2895 888 Ciliciae
2943 831 3235 900 praesident
3269 870 3284 891 ,
3331 829 3479 897 quod

1894 930 1950 983 in
1982 928 2125 984 duos
2155 943 2544 998 percussorum
2573 927 2831 991 istorum,
2866 925 3096 978 Paulum
3155 933 3212 976 et
3259 921 3481 976 Fausti-

1893 1037 2050 1083 num,
2076 1021 2168 1090 qui
2206 1019 2522 1076 interﬁcere
2548 1034 2676 1074 eum
2713 1017 2898 1073 conati
2944 1017 3183 1079 fuerant,
3231 1016 3483 1069 animad-

1905 1115 2192 1175 vertisset,
2225 1113 2278 1167 in
2309 1128 2532 1166 crucem
2559 1111 2693 1182 egit,
2734 1125 2925 1180 pmnas
2955 1109 3024 1163 ab
3044 1125 3134 1173 eo,
3162 1120 3310 1163 recte
3355 1124 3486 1176 pru-

1895 1206 2202 1275 denterque
2229 1204 2384 1268 facti,
2416 1212 2472 1258 et
2497 1204 2682 1273 legum
2716 1211 3201 1262 conservaturum,
3230 1213 3483 1252 sumens.

1894 1299 2085 1368 Itaque
2114 1300 2207 1367 qui
2247 1297 2482 1352 diversa:
2505 1296 2762 1350 factionis
2791 1303 2971 1356 erant,
2995 1292 3144 1363 quod
3173 1290 3482 1358 possessio-

1897 1406 1997 1445 nes
2032 1405 2162 1445 suas
2192 1389 2510 1457 relinquere
2569 1388 2746 1444 coacti
2797 1395 3010 1450 essent,
3076 1395 3132 1438 et
3186 1399 3216 1437 a
3261 1383 3481 1437 nemine

1898 1496 2130 1552 prorsus
2163 1481 2570 1549 reciperentur,
2641 1479 2736 1533 sed
2775 1478 2945 1534 veluti
2998 1476 3250 1546 quaedam
3297 1475 3483 1527 detes-

1898 1572 2062 1626 tanda
2095 1571 2310 1640 piacula
2353 1572 2490 1626 urbe
2565 1570 2782 1640 expulsi
2843 1578 3054 1633 essent,
3115 1566 3487 1638 praedoniram

1897 1665 2227 1720 exercebant
2262 1674 2357 1718 :et
2389 1663 2690 1717 itineribus
2721 1661 2987 1726 obsessis,
3019 1675 3086 1715 ex
3123 1660 3338 1713 insidiis
3373 1659 3490 1712 via-

1900 1766 2052 1813 tores
2107 1756 2504 1812 adoriebantur
2563 1766 2619 1811 et
2693 1754 3003 1820 caedebant,
3051 1754 3305 1822 nihilque
3349 1755 3489 1805 adeo

1901 1849 2050 1918 quod
2100 1865 2210 1904 non
2233 1851 2650 1903 committerent
2684 1847 2955 1902 malorum
3024 1844 3381 1910 mnittebaut,
3433 1853 3490 1898 et

233 1936 483 1999 Πολλάκις
509 1935 566 1988 δέ
597 1936 933 2007 μεταχωρῶν
965 1939 1061 1991 καὶ
1099 1940 1236 2008 πρδς
1279 1939 1508 2011 θάτερα,
1540 1942 1638 1994 καὶ
1685 1941 1790 1994 αύ-

1899 1942 2150 2012 quotidie
2193 1943 2260 1997 ad
2294 1944 2548 1998 homines
2605 1941 3021 1997 interficiendos
3075 1951 3242 2009 atque
3299 1940 3490 2006 dispo-

236 2028 339 2089 τοὺς
363 2027 580 2096 θανάτῳ
610 2027 812 2097 ὑπῆγε,
849 2033 962 2092 τοῖς
994 2029 1182 2100 νόμοις
1214 2033 1414 2098 ἐφιεὶς,
1445 2030 1540 2094 οὓς
1591 2036 1793 2102 πρότε-

235 2137 314 2190 ρον
350 2121 536 2174 άνόσια
595 2123 857 2192 πράττειν
913 2123 1120 2194 ἀνῆκεν
1179 2125 1523 2195 ἁπανταχοῦ,
1577 2127 1672 2179 καὶ
1705 2125 1816 2187 ι’σα,

246 2211 509 2282 βαρϐάροις
533 2213 602 2268 τὰ
625 2214 886 2268 πάνδεινα
932 2217 1180 2286 ἐνεργεῖν
1207 2231 1222 2247 ⁸
1263 2215 1404 2269 ἀλλὰ
1435 2217 1496 2270 τὸ
1531 2217 1632 2288 μὲν
1668 2218 1800 2287 περὶ

246 2305 410 2357 τούτων
438 2307 501 2367 ἐς
531 2306 730 2359 λεπτὸν
789 2306 973 2375 λέγειν
1019 2311 1272 2377 κρεῖττον
1311 2305 1468 2379 οἶμαι
1507 2310 1601 2363 καὶ
1631 2309 1796 2378 λόγου

247 2396 320 2448 καὶ
343 2398 552 2466 χρόνου.
599 2399 840 2470 ’Λπόχρη
874 2417 937 2469 γε
962 2402 1071 2472 μὴν
1099 2401 1196 2454 καὶ
1252 2400 1425 2457 ταῦτα
1474 2403 1797 2472 τεκμηριῶ-

241 2505 314 2541 σαι
341 2497 423 2542 aut
453 2493 527 2544 τὰ
559 2491 822 2548 λείποντα
855 2496 952 2563 τῆς
986 2495 1184 2565 ἀρχῆς.

234 2593 397 2638 exacte
462 2584 585 2640 haec
639 2601 1108 2655 commemorare,
1142 2604 1323 2659 neque
1373 2588 1640 2659 temporis
1670 2589 1833 2661 hujus
1871 2599 1980 2657 est,
2010 2605 2192 2660 neqte
2231 2590 2502 2645 orationis
2551 2600 2777 2654 nostrae,
2818 2603 2942 2658 quae.
2993 2586 3213 2655 assequi
3257 2599 3323 2639 ea
3381 2598 3492 2638 non
3572 2656 3586 2669 ν

1899 2035 2159 2101 liandos,
2214 2035 2536 2105 ﬂagitiaque
2590 2035 2697 2089 alia
2764 2033 3096 2104 peragenda,
3163 2031 3488 2084 audaciores

1902 2127 2125 2182 licbant.
2159 2127 2555 2197 Saepenumero
2583 2139 2768 2180 autem
2795 2124 2863 2180 ad
2888 2125 3185 2179 factionem
3251 2123 3486 2176 alteram

1895 2235 2222 2286 conversus,
2260 2228 2320 2273 et
2380 2221 2434 2272 in
2470 2221 2620 2288 ipsos
2665 2219 2785 2287 lege
2837 2231 2997 2287 agere
3049 2216 3234 2284 jussit,
3282 2214 3492 2282 suppli-

1899 2314 2115 2382 ciisque
2158 2328 2255 2369 eos
2282 2313 2534 2367 subdidit
2559 2349 2576 2374 ,
2609 2327 2751 2380 quos
2803 2323 2966 2364 antea
3000 2308 3208 2376 ubique
3241 2308 3488 2360 facinora

1900 2405 2070 2475 impia
2103 2406 2476 2468 committere,
2502 2413 2558 2458 et
2612 2403 2940 2474 grthssima
2991 2415 3226 2471 qumque
3283 2399 3486 2468 ﬂagitia

1900 2497 1978 2552 de
2008 2497 2378 2552 barbarorum
2416 2512 2566 2551 more
2597 2506 2814 2567 patrare
2837 2494 3186 2565 permiserat.
3214 2491 3490 2546 Caeterum

231 2689 402 2748 potest.
460 2681 533 2736 Et
565 2680 680 2739 haec
739 2686 856 2755 ipsa
881 2687 1014 2743 satis
1069 2702 1191 2743 esse
1225 2697 1456 2758 possunt
1486 2689 1552 2742 ad
1601 2688 1846 2760 reliquas
1884 2689 2103 2761 imperii
2132 2688 2318 2760 hujus,
2352 2705 2475 2758 que
2506 2691 2594 2742 hie
2633 2703 2744 2742 non
2790 2694 3186 2752 recensentur,
3219 2699 3308 2739 res
3354 2696 3494 2737 con-

225 2774 408 2843 jrctra
428 2780 803 2849 colligendas.

775 2899 1027 2954 ΚΕΦᾹΛ.
1061 2901 1190 2954 KB'.

227 2991 346 3058 Περὶ
374 2994 848 3062 Βαρσανουςρίου
871 2994 980 3048 τοῦ
1011 2994 1309 3060 ἀσκητοῦ.
1340 2995 1438 3049 καὶ
1478 2995 1789 3062 Ἰωάννου,

413 3063 524 3117 καὶ
559 3064 804 3133 Συμεὼν
825 3065 932 3119 τοῦ
969 3064 1066 3117 διὰ
1101 3065 1361 3130 Χριστὸν
1389 3066 1612 3121 Σαλοῦ.

295 3178 406 3233 Ἐπὶ
429 3181 489 3235 δὲ
529 3180 627 3244 τῆς
648 3179 841 3232 τούτου
865 3179 1167 3250 ἡγεμονίας
1189 3181 1282 3233 καὶ
1303 3179 1576 3249 θεοφιλεῖς
1603 3181 1795 3252 ἄνδρες

220 3270 480 3340 ἐφάνησαν
514 3272 781 3343 πολλαχοῦ
809 3273 903 3342 τῆς
929 3273 1033 3342 γῆς
1059 3273 1472 3343 διαλάμψαντες
1499 3274 1577 3344 τῷ
1602 3293 1660 3327 τε
1694 3275 1795 3346 βίῳ

223 3363 304 3414 καὶ
327 3367 434 3425 τοῖς
483 3364 624 3432 παρ’
680 3363 861 3418 αὐτῶν
906 3365 1208 3435 ὑπερφυῶς
1267 3367 1663 3436 εἰργασμένοις
1687 3369 1796 3421 τῶν

221 3455 530 3523 παραδόξων
551 3472 564 3486 ο
588 3447 664 3508 ὧν
685 3449 762 3519 εἷς
797 3451 865 3527 ἦν
895 3458 992 3510 καὶ
1024 3458 1458 3529 Βαρσανούφιος,
1504 3462 1662 3529 γένος
1701 3461 1796 3514 Δί’

224 3546 469 3612 γύπτιοςο
502 3552 566 3602 ἐν
599 3551 764 3620 σαρκὶ
804 3551 861 3603 δὲ
918 3551 1020 3620 τὴν
1045 3553 1295 3622 άσαρκον
1333 3553 1570 3624 μετῆλθε
1623 3555 1796 3624 ζωὴν,

229 3640 344 3708 περὶ
386 3641 478 3694 τὸν
538 3641 699 3709 νομὸν
757 3643 937 3712 Γάζης
988 3647 1392 3717 φροντιστηρίῳ
1431 3647 1568 3699 τινί⁹
1603 3646 1662 3699 ὃν
1704 3646 1798 3699 καὶ

225 3727 375 3781 πολλὰ
401 3731 515 3782 τῶν
550 3731 864 3800 παραδόξων
893 3734 1389 3805 θαυματουργῆσαι
1415 3735 1601 3805 φασίν.
1642 3736 1799 3788 Ἐπι-

223 3822 426 3875 ate-icto
461 3823 552 3887 δὲ,
602 3823 692 3885 ὡς,
727 3823 838 3888 ζῶν
871 3826 1103 3896 οἰκίσκῳ
1152 3827 1261 3881 τινὶ
1292 3829 1497 3885 ἑαυτὸν,
1515 3828 1796 3896 καθεῖρξε,

222 3916 555 3984 πεντήκοντα.
607 3913 663 3968 δὲ
715 3917 811 3969 καὶ
847 3918 991 3987 πρὸς
1037 3921 1176 3972 ἐτῶν
1213 3920 1634 3990 διεληλυθότων,
1669 3918 1796 3973 οὔτε

219 4007 310 4056 τινὶ
336 4008 599 4079 ὀφθῆναι,
628 4011 766 4080 μήτε
800 4011 907 4080 μὴν
933 4013 1042 4064 τῶν
1069 4012 1216 4076 τινὸς
1246 4011 1510 4081 ἐπιγείων
1539 4013 1795 4084 μετειλη-

221 4097 380 4164 φέναι.
413 4095 508 4165 Οἷς
538 4099 606 4171 δὴ
639 4103 730 4153 καὶ
751 4101 1182 4174 θρυλλουμένοις
1233 4105 1443 4174 σφόδρα
1487 4105 1796 4158 διαπιστῶν

221 4188 528 4256 Σιλούστιος
586 4193 617 4246 ὁ
667 4194 777 4247 τῶν
833 4193 1224 4265 Ἱεροσολύμων
1275 4198 1566 4268 πρόεδρος,
1601 4196 1795 4260 ἐπειδὴ

220 4277 504 4348 διορύττειν
539 4284 764 4337 ἐκέλευε
793 4285 883 4338 τὸν
915 4288 1163 4340 οἰκίσκον
1185 4327 1201 4352 ,
1240 4289 1374 4342 ὅπου
1409 4289 1474 4358 δη
1509 4289 1796 4342 συνέόαινε

218 4371 294 4422 τὸν
322 4376 613 4446 ἄνθρωπον
635 4377 728 4429 τοῦ
759 4377 895 4430 Θεοῦ
927 4382 1226 4446 κατοικεῖν,
1250 4380 1320 4433 πῦ
1331 4398 1362 4452 ρ
1387 4383 1596 4434 ἐκεῖθεν
1619 4383 1797 4451 ἐκπη-

219 4464 367 4532 δῇσάν
413 4468 622 4532 ποθεν,
667 4469 1007 4540 πιραδροχὺ
1060 4469 1272 4534 πάντας
1307 4473 1588 4543 ἐπίμπρα,
1626 4475 1674 4526 εἰ
1718 4473 1796 4544 μὴ

2367 2903 2534 2974 763
2573 2900 2799 2958 CAPUT
2857 2899 3030 2955 χχιι.

1905 2993 1983 3049 De
2000 2994 2375 3063 Barsanuphio
2399 2994 2653 3048 monacho
2675 3003 2722 3046 et
2739 2993 2981 3047 Joanne:
3004 2992 3131 3046 item
3151 2993 3214 3048 de
3235 2991 3493 3064 Symeonc

2326 3081 2544 3136 propter
2597 3066 2868 3120 Christum
2903 3064 3077 3127 fama.

1977 3182 2094 3238 Sub
2139 3181 2458 3239 Iustiniano
2501 3181 2659 3234 multi
2712 3180 2766 3234 in
2801 3179 2993 3233 multis
3030 3179 3182 3234 orbis
3241 3179 3492 3248 partibus

1904 3275 2169 3346 religiosi,
2197 3288 2254 3331 et
2285 3275 2395 3330 vita
2435 3285 2491 3328 et
2517 3274 2801 3327 miraculit
2835 3274 2904 3327 ab
2937 3274 3019 3328 eis
3084 3273 3256 3344 gestis
3311 3273 3492 3326 admi-

1902 3369 2062 3423 randi
2089 3369 2190 3422 viri
2213 3368 2476 3431 floruere,
2505 3367 2558 3420 in
2594 3366 2799 3436 quibus
2829 3381 2976 3420 unus
3007 3367 3174 3419 etiam
3213 3365 3492 3419 Barsanu—

1901 3464 2066 3533 pltius
2097 3462 2390 3533 Egyptius
2423 3477 2628 3532 genere
2655 3461 2782 3525 fuit,
2819 3461 2914 3530 qui
2981 3461 3036 3515 in
3089 3475 3260 3516 carne
3306 3463 3492 3515 carnis

1901 3571 2182 3630 expertem
2213 3558 2327 3629 egit
2362 3559 2528 3612 vitam
2558 3595 2573 3622 ,
2612 3558 2667 3611 in
2701 3556 3039 3610 monasterio
3070 3556 3312 3626 quodam
3340 3557 3491 3625 quod

1903 3652 1956 3705 in
1989 3652 2321 3722 prazfertura
2357 3650 2516 3706 (ἰᾶται
2563 3651 2730 3704 situm
2757 3659 2896 3704 erat.
2930 3649 3028 3704 llic
3066 3665 3192 3703 cum
3240 3649 3491 3718 prodigia

1903 3743 2076 3796 multa
2105 3741 2349 3796 edidisse
2385 3740 2614 3802 dicitur,
2652 3750 2767 3793 tum
2805 3741 2859 3794 in
2907 3739 3187 3806 tuguriolo
3243 3741 3490 3807 scipsunt

1901 3837 2086 3890 vivunt
2143 3835 2455 3897 inclusisse,
2512 3845 2679 3902 atque
2737 3833 2811 3887 ibi
2875 3832 3020 3886 ultra
3089 3831 3492 3901 quinquaginta

1902 3928 2184 3984 annosita
2217 3927 2422 3980 vixisse
2484 3926 2759 3989 creditur,
2815 3933 2875 3979 ut
2918 3938 3094 3992 neque
3145 3940 3175 3976 a
3227 3924 3489 3993 quopiam

1900 4022 2074 4082 visus,
2097 4035 2274 4089 neque
2305 4035 2362 4072 re
2385 4019 2644 4088 quapiam
2680 4025 2899 4072 terrena
2920 4031 3049 4070 usus
3082 4020 3176 4070 sit.
3206 4014 3338 4081 Qua:
3364 4031 3490 4070 cum

1901 4115 1969 4169 de
2010 4128 2077 4167 eo
2108 4112 2249 4166 fama
2283 4113 2500 4182 vulgata
2536 4121 2747 4176 essent,
2781 4111 2974 4178 eisque
3037 4108 3341 4171 Salustius,
3405 4111 3486 4176 (Ι)

1902 4204 2409 4276 llierosolymormn
2466 4203 2782 4272 episcopus,
2857 4201 3020 4257 ﬁdem
3070 4218 3182 4256 non
3234 4201 3490 4259 haberet,

1902 4308 2188 4368 postquam
2217 4297 2508 4366 perfodere
2545 4295 2964 4362 domunculam,
3011 4296 3106 4350 ubi
3175 4295 3340 4348 borno
3395 4295 3488 4347 Dt'i

1902 4389 2434 4461 habitabat,jussit,
2491 4389 2634 4459 ignis
2693 4390 2952 4444 alicunde
3018 4398 3264 4465 ex‘ortus
3298 4403 3494 4441 onmes

1900 4484 2365 4552 consumpsisset,
2394 4483 2498 4537 nisi
2535 4482 2637 4537 sibi
2674 4482 2797 4552 fuga
2845 4481 3283 4536 consuluissent.
3340 4480 3495 4533 Alius

215 4555 428 4629 δρασμῷ
454 4562 560 4632 τὴν
604 4561 882 4632 σωτηρίαν
924 4553 1441 4633 ἐπραγματεύοντο.
1490 4565 1602 4618 Καί
1640 4583 1721 4628 τις
1754 4564 1792 4618 δ’

1903 4575 2129 4646 quidem
2191 4577 2277 4630 vir
2319 4574 2626 4644 Symeoues
2687 4574 2930 4639 nomine,
2989 4574 3134 4644 apud
3208 4574 3491 4635 Emesam,

220 4647 387 4719 ’ἐτερος
421 4654 568 4723 ἀνὴρ
626 4653 925 4723 Συμεὼνης
981 4655 1177 4726 ὄνομα,
1211 4656 1354 4710 κατὰ
1383 4657 1483 4726 τὴν
1517 4658 1788 4727 Ἐμεσαν,

223 4740 364 4812 ξένην
387 4745 514 4798 τινὰ
547 4745 645 4798 καὶ
677 4746 850 4816 ἁληθῆ
893 4747 1172 4800 πολιτείαν
1198 4748 1388 4820 μετῄει
1415 4763 1430 4779 '
1461 4749 1658 4819 μεστὸς
1683 4751 1792 4821 γάρ

223 4831 284 4882 ὢν
319 4839 509 4906 σοφίας
567 4841 745 4908 πάσης
801 4840 898 4892 καὶ
949 4842 1197 4911 χάριτος,
1231 4844 1560 4914 παράφορον
1599 4845 1791 4899 ἑαυτὸν

224 4928 408 4981 ἐποίειο
437 4933 545 5000 τὴν
584 4933 743 5002 κενὴν
774 4933 951 5000 δόξαν,
981 4934 1057 4996 ὠς
1088 4933 1308 4998 ἀδοξίαν
1345 4938 1467 4999 ταῖς
1507 4935 1790 5006 ἀληθείαις

222 5017 393 5084 οὖσαν,
435 5025 872 5093 ἀποδυσάμενος.
897 5025 1070 5086 Οὗτος
1093 5027 1274 5079 τοίνυν
1292 5029 1319 5080 ὁ
1344 5027 1492 5092 ὅσιος
1522 5029 1590 5081 τὰ
1621 5028 1792 5082 πολλά

231 5114 337 5164 καθ’
369 5117 566 5169 ἐαυτὸν
599 5116 948 5188 διαιτώμενος
996 5114 1085 5190 ἦν,
1132 5117 1412 5176 λανθάνων
1469 5121 1790 5174 παντάπασι

225 5206 307 5258 καὶ
341 5211 415 5280 μή
451 5227 570 5264 τινι
600 5211 774 5274 διδοὺς
806 5212 1045 5282 πάροδον
1076 5211 1397 5280 διαγνῶναι,
1431 5213 1561 5266 πότε
1610 5212 1642 5283 ἦ
1677 5211 1792 5274 πῶς

233 5300 285 5350 τὸ
309 5299 445 5355 θεῖον
487 5304 801 5358 ῑὶιάσκεταιο
838 5307 870 5376 ἦ
913 5305 1043 5358 πότε
1072 5307 1167 5360 καὶ
1197 5305 1308 5359 τίσι
1341 5307 1533 5368 σιτίοις
1567 5307 1791 5376 πρόσειο

235 5391 364 5463 σινῆ
393 5394 682 5464 ἀπέχεται.
708 5397 972 5462 Πολλάκις
993 5398 1048 5451 δὲ
1069 5399 1360 5467 ἀγοράζων
1389 5399 1493 5452 ἀνᾶ
1526 5399 1623 5461 τὰς
1651 5398 1792 5452 πλα-

226 5485 382 5548 τείας,
447 5489 817 5559 ἐκτετράφθαι
874 5491 975 5548 toi
1025 5490 1427 5562 καθεστηκότος
1483 5491 1668 5563 ἐῴκει,
1700 5495 1793 5544 καὶ

236 5578 389 5643 μηδὲν
421 5595 474 5632 τι
506 5583 838 5647 συνεστῶτος
872 5584 964 5636 νοῦ
998 5584 1167 5654 ἔχειν,
1206 5585 1240 5657 ἦ
1276 5601 1328 5638 τι
1378 5585 1653 5656 φρενῆρες
1697 5583 1793 5637 κα.)⁸

232 5670 464 5742 ἀγχινοίᾳ
489 5673 791 5743 προσῆκον.
849 5677 1187 5747 Καπηλείοις
1214 5676 1258 5731 δ’
1290 5676 1544 5740 ἀτάκτως
1571 5678 1793 5746 ἐπιπη-

235 5757 348 5824 δῖιν,
369 5764 476 5815 τῶν
511 5769 952 5838 παρευρημένων
999 5769 1188 5822 σιτίων
1218 5770 1532 5840 ἐνεφορεῖτο
1561 5769 1649 5823 ὅτε
1675 5785 1793 5823 πει-

303 5882 373 5950 lf)
414 5884 616 5954 Ewgr.
650 5885 808 5943 habet
843 5887 1184 5945 Eustathius.

1901 4681 2102 4720 novam
2156 4667 2451 4736 quamdam
2507 4677 2564 4722 et
2605 4669 2882 4722 insolitam
2945 4667 3115 4721 vitam
3179 4666 3310 4735 egit.
3356 4667 3491 4719 Cum

1901 4759 2050 4813 enim
2075 4769 2134 4813 et
2164 4759 2436 4828 sapientia
2466 4762 2617 4814 onmi
2643 4770 2698 4814 et
2725 4759 2897 4829 gratia
2928 4759 3125 4829 plenus
3175 4767 3342 4819 esset,
3400 4759 3496 4811 de-

1902 4860 2145 4906 tttentem
2175 4866 2234 4905 se
2264 4867 2384 4905 esse
2415 4851 2781 4916 assimulavit,
2811 4859 2868 4905 et
2897 4865 3091 4904 vanam
3139 4849 3371 4919 gloriam
3397 4888 3409 4902 .
3435 4857 3492 4900 ut

1902 4960 2026 5013 qua:
2057 4961 2250 4998 revera
2281 4945 2584 5014 ignominia
2617 4946 2712 5010 sit,
2761 4943 2974 5014 rejecit.
3027 4941 3264 4997 Sanetus
3323 4941 3491 5010 igitur

1903 5035 1988 5088 vir
2019 5037 2121 5092 iste
2147 5036 2240 5090 diu
2273 5037 2555 5090 solitarius
2587 5037 2741 5100 vixit,
2774 5036 2953 5088 latens
2988 5047 3260 5102 prorsus:
3308 5047 3489 5100 neque

1899 5128 2170 5197 cuipiam,
2205 5137 2264 5180 ut
2309 5137 2696 5198 cognosceret,
2755 5124 3004 5194 quando,
3056 5130 3152 5177 aut
3215 5123 3490 5191 quomodo

1903 5235 2094 5289 preces
2125 5221 2192 5274 ad
2231 5221 2404 5274 Deum
2470 5219 2748 5284 funderet,
2801 5226 2899 5272 aut
2946 5231 3055 5287 quo
3115 5223 3386 5283 tempore,
3434 5220 3488 5262 ct

1905 5314 2112 5381 quibus
2177 5314 2315 5369 cibis
2361 5316 2445 5368 vel
2487 5322 2737 5367 uteretur
2765 5311 2852 5365 vel
2903 5307 3242 5384 abstineret,
3280 5305 3486 5359 aditutn

1902 5405 1968 5459 ad
2008 5422 2067 5459 se
2104 5406 2452 5476 permittens.
2493 5406 2740 5475 Persa-pe
2777 5417 2910 5457 vero
2960 5402 3125 5455 etiam
3183 5399 3238 5452 itt
3287 5397 3487 5469 plateis

1903 5513 2130 5554 versans
2153 5541 2168 5566 ,
2203 5509 2384 5554 mente
2445 5497 2742 5564 excidisse,
2771 5511 2953 5568 neque
2994 5493 3296 5564 quidquam
3359 5505 3491 5545 con-

1902 5594 2150 5647 sistentis
2190 5593 2454 5662 pectoris,
2492 5592 2756 5657 solertiae,
2806 5603 2862 5645 et
2918 5587 3236 5658 sagacitatis
3282 5583 3487 5638 habere

1902 5685 2053 5739 visus
2081 5694 2186 5741 est.
2209 5685 2521 5755 Aliquando
2557 5683 2921 5754 incomposite
2962 5684 3014 5735 in
3044 5694 3323 5750 cauponas
3353 5676 3488 5731 insi-

1904 5777 2066 5842 liens,
2093 5777 2233 5833 cibis
2269 5793 2328 5834 se
2350 5793 2491 5848 quos
2523 5775 2824 5848 reperisset
2859 5773 3151 5831 famelicus
3203 5773 3486 5843 implebat.
