  <div class='ocr_page' id='page_1' title='image "/cluster/home/n/w/nwhite01/storage/ocr_20150623/147:no.3/coo.31924054870526/145.png"; bbox 0 0 4046 6460; ppageno 0'>
   <div class='ocr_carea' id='block_1_1' title="bbox 499 441 606 504">
    <p class='ocr_par' dir='ltr' id='par_1_1' title="bbox 499 441 606 504">
     <span class='ocr_line' id='line_1_1' title="bbox 499 441 606 504; baseline -0.037 -1"><span class='ocrx_word' id='word_1_1' title='bbox 499 441 606 504; x_wconf 69' lang='lat'><strong>275</strong></span> 
     </span>
    </p>
   </div>
   <div class='ocr_carea' id='block_1_2' title="bbox 1717 444 2523 507">
    <p class='ocr_par' dir='ltr' id='par_1_2' title="bbox 1717 444 2523 507">
     <span class='ocr_line' id='line_1_2' title="bbox 1717 444 2523 507; baseline 0.002 -3"><span class='ocrx_word' id='word_1_2' title='bbox 1717 444 2139 505; x_wconf 80' lang='lat' dir='ltr'><strong>NICEPHORI</strong></span> <span class='ocrx_word' id='word_1_3' title='bbox 2179 447 2523 507; x_wconf 83' lang='lat' dir='ltr'><strong>CALLISTI</strong></span> 
     </span>
    </p>
   </div>
   <div class='ocr_carea' id='block_1_3' title="bbox 3640 444 3750 509">
    <p class='ocr_par' dir='ltr' id='par_1_3' title="bbox 3640 444 3750 509">
     <span class='ocr_line' id='line_1_3' title="bbox 3640 444 3750 509; baseline -0.009 0"><span class='ocrx_word' id='word_1_4' title='bbox 3640 444 3750 509; x_wconf 64' lang='lat'><strong>276</strong></span> 
     </span>
    </p>
   </div>
   <div class='ocr_carea' id='block_1_4' title="bbox 501 550 2081 629">
    <p class='ocr_par' dir='ltr' id='par_1_4' title="bbox 501 550 2067 622">
     <span class='ocr_line' id='line_1_4' title="bbox 501 550 2067 622; baseline 0.003 -20"><span class='ocrx_word' id='word_1_5' title='bbox 501 552 656 611; x_wconf 60' lang='lat' dir='ltr'><strong>Quod</strong></span> <span class='ocrx_word' id='word_1_6' title='bbox 691 550 733 603; x_wconf 90' lang='lat' dir='ltr'><strong>si</strong></span> <span class='ocrx_word' id='word_1_7' title='bbox 756 551 880 619; x_wconf 84' lang='lat' dir='ltr'><strong>quis</strong></span> <span class='ocrx_word' id='word_1_8' title='bbox 919 550 1154 606; x_wconf 82' lang='lat' dir='ltr'><strong>consilio</strong></span> <span class='ocrx_word' id='word_1_9' title='bbox 1185 551 1305 622; x_wconf 81' lang='lat' dir='ltr'><strong>ejus</strong></span> <span class='ocrx_word' id='word_1_10' title='bbox 1374 552 1676 616; x_wconf 86' lang='lat' dir='ltr'><strong>intellecto,</strong></span> <span class='ocrx_word' id='word_1_11' title='bbox 1736 554 1822 608; x_wconf 92' lang='lat' dir='ltr'><strong>vel</strong></span> <span class='ocrx_word' id='word_1_12' title='bbox 1875 554 2067 607; x_wconf 84' lang='lat' dir='ltr'><strong>obser-</strong></span> 
     </span>
    </p>
   </div>
   <div class='ocr_carea' id='block_1_5' title="bbox 2183 550 3753 629">
    <p class='ocr_par' dir='ltr' id='par_1_5' title="bbox 2183 556 3753 629">
     <span class='ocr_line' id='line_1_5' title="bbox 2183 556 3753 629; baseline -0.001 -19"><span class='ocrx_word' id='word_1_13' title='bbox 2183 558 2309 629; x_wconf 79' lang='grc' dir='ltr'><strong>νῴη.</strong></span> <span class='ocrx_word' id='word_1_14' title='bbox 2338 559 2399 611; x_wconf 81' lang='grc' dir='ltr'><strong>Εἰ</strong></span> <span class='ocrx_word' id='word_1_15' title='bbox 2424 557 2480 610; x_wconf 83' lang='grc' dir='ltr'><strong>δέ</strong></span> <span class='ocrx_word' id='word_1_16' title='bbox 2504 557 2606 612; x_wconf 85' lang='grc' dir='ltr'><strong>πού</strong></span> <span class='ocrx_word' id='word_1_17' title='bbox 2635 575 2718 621; x_wconf 88' lang='grc' dir='ltr'><strong>τις</strong></span> <span class='ocrx_word' id='word_1_18' title='bbox 2755 557 3016 626; x_wconf 64' lang='grc' dir='ltr'>δννοήσας</span> <span class='ocrx_word' id='word_1_19' title='bbox 3047 557 3080 627; x_wconf 75' lang='grc' dir='ltr'>ἢ</span> <span class='ocrx_word' id='word_1_20' title='bbox 3108 557 3483 626; x_wconf 79' lang='grc' dir='ltr'><strong>προσκύνησιν</strong></span> <span class='ocrx_word' id='word_1_21' title='bbox 3520 556 3552 627; x_wconf 77' lang='grc' dir='ltr'>ἢ</span> <span class='ocrx_word' id='word_1_22' title='bbox 3579 561 3753 627; x_wconf 75' lang='grc' dir='ltr'>τιμήν</span> 
     </span>
    </p>
   </div>
   <div class='ocr_carea' id='block_1_6' title="bbox 500 642 2067 715">
    <p class='ocr_par' dir='ltr' id='par_1_6' title="bbox 500 642 2067 715">
     <span class='ocr_line' id='line_1_6' title="bbox 500 642 2067 715; baseline 0.003 -21"><span class='ocrx_word' id='word_1_23' title='bbox 500 643 736 695; x_wconf 71' lang='grc' dir='ltr'>ιιιιιιῑειιι</span> <span class='ocrx_word' id='word_1_24' title='bbox 764 643 848 696; x_wconf 87' lang='lat' dir='ltr'><strong>vel</strong></span> <span class='ocrx_word' id='word_1_25' title='bbox 882 642 1148 696; x_wconf 82' lang='lat' dir='ltr'><strong>honorem</strong></span> <span class='ocrx_word' id='word_1_26' title='bbox 1171 645 1220 697; x_wconf 90' lang='lat' dir='ltr'><strong>ei</strong></span> <span class='ocrx_word' id='word_1_27' title='bbox 1252 643 1559 707; x_wconf 72' lang='lat' dir='ltr'><strong>exhiberet,</strong></span> <span class='ocrx_word' id='word_1_28' title='bbox 1611 645 1926 715; x_wconf 79' lang='lat' dir='ltr'><strong>indignatus</strong></span> <span class='ocrx_word' id='word_1_29' title='bbox 1979 645 2067 699; x_wconf 91' lang='lat' dir='ltr'><strong>ille</strong></span> 
     </span>
    </p>
   </div>
   <div class='ocr_carea' id='block_1_7' title="bbox 496 731 2067 803">
    <p class='ocr_par' dir='ltr' id='par_1_7' title="bbox 496 731 2067 803">
     <span class='ocr_line' id='line_1_7' title="bbox 496 731 2067 803; baseline 0.004 -22"><span class='ocrx_word' id='word_1_30' title='bbox 496 747 660 796; x_wconf 75' lang='lat' dir='ltr'><strong>q&#39;lzilll</strong></span> <span class='ocrx_word' id='word_1_31' title='bbox 690 731 978 784; x_wconf 83' lang='lat' dir='ltr'><strong>celerrime</strong></span> <span class='ocrx_word' id='word_1_32' title='bbox 1015 747 1084 786; x_wconf 85' lang='lat' dir='ltr'><strong>ex</strong></span> <span class='ocrx_word' id='word_1_33' title='bbox 1133 747 1200 785; x_wconf 88' lang='lat' dir='ltr'><strong>eo</strong></span> <span class='ocrx_word' id='word_1_34' title='bbox 1231 732 1356 787; x_wconf 90' lang='lat' dir='ltr'><strong>loco</strong></span> <span class='ocrx_word' id='word_1_35' title='bbox 1383 733 1724 799; x_wconf 88' lang='lat' dir='ltr'><strong>discedebat,</strong></span> <span class='ocrx_word' id='word_1_36' title='bbox 1753 752 1820 789; x_wconf 92' lang='lat' dir='ltr'><strong>ne</strong></span> <span class='ocrx_word' id='word_1_37' title='bbox 1844 734 1898 787; x_wconf 85' lang='lat' dir='ltr'><strong>id</strong></span> <span class='ocrx_word' id='word_1_38' title='bbox 1921 737 2067 803; x_wconf 82' lang='lat' dir='ltr'><strong>quod</strong></span> 
     </span>
    </p>
   </div>
   <div class='ocr_carea' id='block_1_8' title="bbox 497 822 2070 896">
    <p class='ocr_par' dir='ltr' id='par_1_8' title="bbox 497 822 2070 896">
     <span class='ocr_line' id='line_1_8' title="bbox 497 822 2070 896; baseline 0.006 -25"><span class='ocrx_word' id='word_1_39' title='bbox 497 841 537 871; x_wconf 78' lang='grc' dir='ltr'><strong>ι’·</strong></span> <span class='ocrx_word' id='word_1_40' title='bbox 564 822 730 874; x_wconf 86' lang='lat' dir='ltr'><strong>latum</strong></span> <span class='ocrx_word' id='word_1_41' title='bbox 775 822 1011 888; x_wconf 85' lang='lat' dir='ltr'><strong>volebat,</strong></span> <span class='ocrx_word' id='word_1_42' title='bbox 1048 822 1580 891; x_wconf 74' lang='lat' dir='ltr'><strong>deprehenderetur.</strong></span> <span class='ocrx_word' id='word_1_43' title='bbox 1620 827 1905 896; x_wconf 87' lang='lat' dir='ltr'><strong>virtusque</strong></span> <span class='ocrx_word' id='word_1_44' title='bbox 1948 829 2070 896; x_wconf 84' lang='lat' dir='ltr'><strong>ejus</strong></span> 
     </span>
    </p>
   </div>
   <div class='ocr_carea' id='block_1_9' title="bbox 497 912 2071 987">
    <p class='ocr_par' dir='ltr' id='par_1_9' title="bbox 497 912 2071 987">
     <span class='ocr_line' id='line_1_9' title="bbox 497 912 2071 987; baseline 0.007 -23"><span class='ocrx_word' id='word_1_45' title='bbox 497 912 969 975; x_wconf 68' lang='lat' dir='ltr'><strong>nianiFeSIaretur,</strong></span> <span class='ocrx_word' id='word_1_46' title='bbox 997 915 1228 969; x_wconf 88' lang='lat' dir='ltr'><strong>veritus.</strong></span> <span class='ocrx_word' id='word_1_47' title='bbox 1261 915 1327 969; x_wconf 88' lang='lat' dir='ltr'><strong>Et</strong></span> <span class='ocrx_word' id='word_1_48' title='bbox 1356 915 1446 970; x_wconf 91' lang='lat' dir='ltr'><strong>ille</strong></span> <span class='ocrx_word' id='word_1_49' title='bbox 1483 917 1704 986; x_wconf 78' lang='lat' dir='ltr'><strong>quidem</strong></span> <span class='ocrx_word' id='word_1_50' title='bbox 1749 919 1822 972; x_wconf 85' lang='lat' dir='ltr'><strong>ita</strong></span> <span class='ocrx_word' id='word_1_51' title='bbox 1853 933 1911 974; x_wconf 87' lang='lat' dir='ltr'><strong>se</strong></span> <span class='ocrx_word' id='word_1_52' title='bbox 1941 936 2071 987; x_wconf 88' lang='lat' dir='ltr'><strong>pro-</strong></span> 
     </span>
    </p>
   </div>
   <div class='ocr_carea' id='block_1_10' title="bbox 498 1005 2073 1078">
    <p class='ocr_par' dir='ltr' id='par_1_10' title="bbox 498 1005 2073 1078">
     <span class='ocr_line' id='line_1_10' title="bbox 498 1005 2073 1078; baseline 0.008 -22"><span class='ocrx_word' id='word_1_53' title='bbox 498 1005 672 1071; x_wconf 79' lang='lat' dir='ltr'><strong>palam</strong></span> <span class='ocrx_word' id='word_1_54' title='bbox 701 1015 867 1074; x_wconf 88' lang='lat' dir='ltr'><strong>atque</strong></span> <span class='ocrx_word' id='word_1_55' title='bbox 893 1007 945 1060; x_wconf 90' lang='lat' dir='ltr'><strong>in</strong></span> <span class='ocrx_word' id='word_1_56' title='bbox 979 1006 1163 1062; x_wconf 82' lang='lat' dir='ltr'><strong>medio</strong></span> <span class='ocrx_word' id='word_1_57' title='bbox 1205 1007 1328 1064; x_wconf 90' lang='lat' dir='ltr'><strong>foro</strong></span> <span class='ocrx_word' id='word_1_58' title='bbox 1385 1011 1573 1078; x_wconf 83' lang='lat' dir='ltr'><strong>gessit.</strong></span> <span class='ocrx_word' id='word_1_59' title='bbox 1641 1010 1846 1065; x_wconf 85' lang='lat' dir='ltr'><strong>Habuit</strong></span> <span class='ocrx_word' id='word_1_60' title='bbox 1889 1023 2073 1069; x_wconf 89' lang='lat' dir='ltr'><strong>autem</strong></span> 
     </span>
    </p>
   </div>
   <div class='ocr_carea' id='block_1_11' title="bbox 499 1098 2074 1177">
    <p class='ocr_par' dir='ltr' id='par_1_11' title="bbox 499 1098 2074 1177">
     <span class='ocr_line' id='line_1_11' title="bbox 499 1098 2074 1177; baseline 0.01 -31"><span class='ocrx_word' id='word_1_61' title='bbox 499 1098 799 1153; x_wconf 82' lang='lat' dir='ltr'><strong>tamiliares</strong></span> <span class='ocrx_word' id='word_1_62' title='bbox 837 1100 1003 1154; x_wconf 87' lang='lat' dir='ltr'><strong>etiam</strong></span> <span class='ocrx_word' id='word_1_63' title='bbox 1042 1104 1334 1169; x_wconf 85' lang='lat' dir='ltr'><strong>quosdam,</strong></span> <span class='ocrx_word' id='word_1_64' title='bbox 1369 1103 1703 1171; x_wconf 80' lang='lat' dir='ltr'><strong>quibuscum</strong></span> <span class='ocrx_word' id='word_1_65' title='bbox 1731 1105 2074 1177; x_wconf 77' lang='lat' dir='ltr'><strong>quandoque</strong></span> 
     </span>
    </p>
   </div>
   <div class='ocr_carea' id='block_1_12' title="bbox 498 1191 2078 1262">
    <p class='ocr_par' dir='ltr' id='par_1_12' title="bbox 498 1191 2078 1262">
     <span class='ocr_line' id='line_1_12' title="bbox 498 1191 2078 1262; baseline 0.009 -22"><span class='ocrx_word' id='word_1_66' title='bbox 498 1191 624 1252; x_wconf 73' lang='lat' dir='ltr'><strong>fuit,</strong></span> <span class='ocrx_word' id='word_1_67' title='bbox 661 1207 822 1245; x_wconf 80' lang='lat' dir='ltr'><strong>scena</strong></span> <span class='ocrx_word' id='word_1_68' title='bbox 855 1201 912 1245; x_wconf 90' lang='lat' dir='ltr'><strong>et</strong></span> <span class='ocrx_word' id='word_1_69' title='bbox 965 1193 1323 1249; x_wconf 87' lang='lat' dir='ltr'><strong>simulatione</strong></span> <span class='ocrx_word' id='word_1_70' title='bbox 1361 1196 1556 1262; x_wconf 91' lang='lat' dir='ltr'><strong>posita.</strong></span> <span class='ocrx_word' id='word_1_71' title='bbox 1601 1195 1830 1250; x_wconf 89' lang='lat' dir='ltr'><strong>Cuidam</strong></span> <span class='ocrx_word' id='word_1_72' title='bbox 1888 1213 1952 1252; x_wconf 90' lang='lat' dir='ltr'><strong>ex</strong></span> <span class='ocrx_word' id='word_1_73' title='bbox 2010 1200 2078 1254; x_wconf 85' lang='lat' dir='ltr'><strong>iis</strong></span> 
     </span>
    </p>
   </div>
   <div class='ocr_carea' id='block_1_13' title="bbox 498 1283 2078 1355">
    <p class='ocr_par' dir='ltr' id='par_1_13' title="bbox 498 1283 2078 1355">
     <span class='ocr_line' id='line_1_13' title="bbox 498 1283 2078 1355; baseline 0.006 -21"><span class='ocrx_word' id='word_1_74' title='bbox 498 1283 695 1334; x_wconf 83' lang='lat' dir='ltr'><strong>ancilla</strong></span> <span class='ocrx_word' id='word_1_75' title='bbox 737 1291 870 1342; x_wconf 83' lang='lat' dir='ltr'><strong>erat,</strong></span> <span class='ocrx_word' id='word_1_76' title='bbox 907 1299 1026 1352; x_wconf 70' lang='lat' dir='ltr'><strong>quae</strong></span> <span class='ocrx_word' id='word_1_77' title='bbox 1055 1301 1085 1338; x_wconf 93' lang='lat' dir='ltr'><strong>a</strong></span> <span class='ocrx_word' id='word_1_78' title='bbox 1110 1286 1372 1355; x_wconf 89' lang='lat' dir='ltr'><strong>quopiam</strong></span> <span class='ocrx_word' id='word_1_79' title='bbox 1403 1303 1500 1354; x_wconf 90' lang='lat' dir='ltr'><strong>per</strong></span> <span class='ocrx_word' id='word_1_80' title='bbox 1539 1287 1824 1343; x_wconf 88' lang='lat' dir='ltr'><strong>libidinem</strong></span> <span class='ocrx_word' id='word_1_81' title='bbox 1853 1301 2078 1344; x_wconf 86' lang='lat' dir='ltr'><strong>constu-</strong></span> 
     </span>
    </p>
   </div>
   <div class='ocr_carea' id='block_1_14' title="bbox 501 1376 2076 1450">
    <p class='ocr_par' dir='ltr' id='par_1_14' title="bbox 501 1376 2076 1450">
     <span class='ocr_line' id='line_1_14' title="bbox 501 1376 2076 1450; baseline 0.008 -26"><span class='ocrx_word' id='word_1_82' title='bbox 501 1385 679 1442; x_wconf 81' lang='lat' dir='ltr'><strong>prata.</strong></span> <span class='ocrx_word' id='word_1_83' title='bbox 709 1376 799 1430; x_wconf 78' lang='lat' dir='ltr'><strong>Ulli</strong></span> <span class='ocrx_word' id='word_1_84' title='bbox 829 1386 1017 1445; x_wconf 88' lang='lat' dir='ltr'><strong>partus</strong></span> <span class='ocrx_word' id='word_1_85' title='bbox 1049 1377 1247 1432; x_wconf 85' lang='lat' dir='ltr'><strong>institit</strong></span> <span class='ocrx_word' id='word_1_86' title='bbox 1275 1387 1509 1448; x_wconf 87' lang='lat' dir='ltr'><strong>tempus.</strong></span> <span class='ocrx_word' id='word_1_87' title='bbox 1538 1381 1608 1434; x_wconf 87' lang='lat' dir='ltr'><strong>ab</strong></span> <span class='ocrx_word' id='word_1_88' title='bbox 1645 1381 1795 1434; x_wconf 86' lang='lat' dir='ltr'><strong>heris</strong></span> <span class='ocrx_word' id='word_1_89' title='bbox 1831 1392 2076 1450; x_wconf 83' lang='lat' dir='ltr'><strong>patrato-</strong></span> 
     </span>
    </p>
   </div>
   <div class='ocr_carea' id='block_1_15' title="bbox 501 1467 2078 1540">
    <p class='ocr_par' dir='ltr' id='par_1_15' title="bbox 501 1467 2078 1540">
     <span class='ocr_line' id='line_1_15' title="bbox 501 1467 2078 1540; baseline 0.006 -22"><span class='ocrx_word' id='word_1_90' title='bbox 501 1482 618 1518; x_wconf 86' lang='lat' dir='ltr'><strong>retn</strong></span> <span class='ocrx_word' id='word_1_91' title='bbox 646 1467 892 1535; x_wconf 79' lang='lat' dir='ltr'><strong>probrosi</strong></span> <span class='ocrx_word' id='word_1_92' title='bbox 921 1469 1182 1524; x_wconf 84' lang='lat' dir='ltr'><strong>facinoris</strong></span> <span class='ocrx_word' id='word_1_93' title='bbox 1212 1471 1333 1538; x_wconf 89' lang='lat' dir='ltr'><strong>ejus</strong></span> <span class='ocrx_word' id='word_1_94' title='bbox 1357 1480 1414 1524; x_wconf 90' lang='lat' dir='ltr'><strong>et</strong></span> <span class='ocrx_word' id='word_1_95' title='bbox 1443 1482 1652 1540; x_wconf 81' lang='lat' dir='ltr'><strong>patrem</strong></span> <span class='ocrx_word' id='word_1_96' title='bbox 1716 1472 1874 1539; x_wconf 88' lang='lat' dir='ltr'><strong>pueri</strong></span> <span class='ocrx_word' id='word_1_97' title='bbox 1933 1473 2078 1527; x_wconf 88' lang='lat' dir='ltr'><strong>indi-</strong></span> 
     </span>
    </p>
   </div>
   <div class='ocr_carea' id='block_1_16' title="bbox 500 1561 2118 1638">
    <p class='ocr_par' dir='ltr' id='par_1_16' title="bbox 500 1561 2118 1638">
     <span class='ocr_line' id='line_1_16' title="bbox 500 1561 2118 1638; baseline 0.006 -28"><span class='ocrx_word' id='word_1_98' title='bbox 500 1573 624 1610; x_wconf 79' lang='lat' dir='ltr'><strong>cure</strong></span> <span class='ocrx_word' id='word_1_99' title='bbox 648 1569 835 1612; x_wconf 84' lang='lat' dir='ltr'><strong>coacta</strong></span> <span class='ocrx_word' id='word_1_100' title='bbox 871 1569 975 1614; x_wconf 86' lang='lat' dir='ltr'><strong>est.</strong></span> <span class='ocrx_word' id='word_1_101' title='bbox 1009 1561 1286 1631; x_wconf 69' lang='lat' dir='ltr'><strong>769m</strong></span> <span class='ocrx_word' id='word_1_102' title='bbox 1317 1577 1416 1631; x_wconf 89' lang='lat' dir='ltr'><strong>per</strong></span> <span class='ocrx_word' id='word_1_103' title='bbox 1442 1563 1800 1627; x_wconf 83' lang='lat' dir='ltr'><strong>calumniam,</strong></span> <span class='ocrx_word' id='word_1_104' title='bbox 1847 1563 2076 1634; x_wconf 82' lang='lat' dir='ltr'><strong>Symco—</strong></span> <span class='ocrx_word' id='word_1_105' title='bbox 2107 1633 2118 1638; x_wconf 94' lang='lat'><strong>_</strong></span> 
     </span>
    </p>
   </div>
   <div class='ocr_carea' id='block_1_17' title="bbox 500 1651 2076 1725">
    <p class='ocr_par' dir='ltr' id='par_1_17' title="bbox 500 1651 2076 1725">
     <span class='ocr_line' id='line_1_17' title="bbox 500 1651 2076 1725; baseline 0.008 -25"><span class='ocrx_word' id='word_1_106' title='bbox 500 1664 626 1702; x_wconf 89' lang='lat' dir='ltr'><strong>nem</strong></span> <span class='ocrx_word' id='word_1_107' title='bbox 658 1651 994 1705; x_wconf 70' lang='lat' dir='ltr'><strong>clandestine</strong></span> <span class='ocrx_word' id='word_1_108' title='bbox 1019 1669 1206 1707; x_wconf 87' lang='lat' dir='ltr'><strong>secum</strong></span> <span class='ocrx_word' id='word_1_109' title='bbox 1228 1656 1606 1720; x_wconf 84' lang='lat' dir='ltr'><strong>consuevisse,</strong></span> <span class='ocrx_word' id='word_1_110' title='bbox 1665 1671 1834 1725; x_wconf 90' lang='lat' dir='ltr'><strong>seque</strong></span> <span class='ocrx_word' id='word_1_111' title='bbox 1888 1673 1955 1710; x_wconf 80' lang='lat' dir='ltr'><strong>ex</strong></span> <span class='ocrx_word' id='word_1_112' title='bbox 2005 1672 2076 1712; x_wconf 89' lang='lat' dir='ltr'><strong>eo</strong></span> 
     </span>
    </p>
   </div>
   <div class='ocr_carea' id='block_1_18' title="bbox 498 1742 2076 1819">
    <p class='ocr_par' dir='ltr' id='par_1_18' title="bbox 498 1742 2076 1819">
     <span class='ocr_line' id='line_1_18' title="bbox 498 1742 2076 1819; baseline 0.007 -28"><span class='ocrx_word' id='word_1_113' title='bbox 498 1742 777 1804; x_wconf 67' lang='lat' dir='ltr'><strong>gravidam</strong></span> <span class='ocrx_word' id='word_1_114' title='bbox 807 1759 931 1799; x_wconf 85' lang='lat' dir='ltr'><strong>esse</strong></span> <span class='ocrx_word' id='word_1_115' title='bbox 967 1745 1127 1812; x_wconf 80' lang='lat' dir='ltr'><strong>dixit,</strong></span> <span class='ocrx_word' id='word_1_116' title='bbox 1169 1755 1225 1801; x_wconf 89' lang='lat' dir='ltr'><strong>et</strong></span> <span class='ocrx_word' id='word_1_117' title='bbox 1266 1763 1380 1800; x_wconf 87' lang='lat' dir='ltr'><strong>rem</strong></span> <span class='ocrx_word' id='word_1_118' title='bbox 1431 1748 1504 1802; x_wconf 90' lang='lat' dir='ltr'><strong>ita</strong></span> <span class='ocrx_word' id='word_1_119' title='bbox 1561 1763 1623 1803; x_wconf 88' lang='lat' dir='ltr'><strong>se</strong></span> <span class='ocrx_word' id='word_1_120' title='bbox 1675 1751 1881 1803; x_wconf 86' lang='lat' dir='ltr'><strong>habere</strong></span> <span class='ocrx_word' id='word_1_121' title='bbox 1921 1750 2076 1819; x_wconf 80' lang='lat' dir='ltr'><strong>jura-</strong></span> 
     </span>
    </p>
   </div>
   <div class='ocr_carea' id='block_1_19' title="bbox 501 1829 2068 1909">
    <p class='ocr_par' dir='ltr' id='par_1_19' title="bbox 501 1829 2068 1909">
     <span class='ocr_line' id='line_1_19' title="bbox 501 1829 2068 1909; baseline 0.005 -25"><span class='ocrx_word' id='word_1_122' title='bbox 501 1844 686 1887; x_wconf 85' lang='lat' dir='ltr'><strong>mento</strong></span> <span class='ocrx_word' id='word_1_123' title='bbox 719 1837 1009 1890; x_wconf 82' lang='lat' dir='ltr'><strong>continuat</strong></span> <span class='ocrx_word' id='word_1_124' title='bbox 1040 1854 1053 1889; x_wconf 89' lang='lat'><strong>:</strong></span> <span class='ocrx_word' id='word_1_125' title='bbox 1085 1829 1252 1906; x_wconf 87' lang='lat' dir='ltr'><strong>idque</strong></span> <span class='ocrx_word' id='word_1_126' title='bbox 1281 1842 1326 1892; x_wconf 89' lang='lat' dir='ltr'><strong>si</strong></span> <span class='ocrx_word' id='word_1_127' title='bbox 1359 1855 1497 1909; x_wconf 88' lang='lat' dir='ltr'><strong>opus</strong></span> <span class='ocrx_word' id='word_1_128' title='bbox 1546 1849 1714 1904; x_wconf 78' lang='lat' dir='ltr'><strong>esset,</strong></span> <span class='ocrx_word' id='word_1_129' title='bbox 1750 1839 1806 1894; x_wconf 84' lang='lat' dir='ltr'><strong>in</strong></span> <span class='ocrx_word' id='word_1_130' title='bbox 1867 1838 2068 1894; x_wconf 78' lang='lat' dir='ltr'><strong>faciem</strong></span> 
     </span>
    </p>
   </div>
   <div class='ocr_carea' id='block_1_20' title="bbox 497 1910 2149 2002">
    <p class='ocr_par' dir='ltr' id='par_1_20' title="bbox 497 1910 2149 2002">
     <span class='ocr_line' id='line_1_20' title="bbox 497 1910 2149 2002; baseline 0.005 -26"><span class='ocrx_word' id='word_1_131' title='bbox 497 1925 574 1977; x_wconf 81' lang='lat' dir='ltr'><strong>illi</strong></span> <span class='ocrx_word' id='word_1_132' title='bbox 615 1939 673 1978; x_wconf 89' lang='lat' dir='ltr'><strong>se</strong></span> <span class='ocrx_word' id='word_1_133' title='bbox 705 1913 988 1980; x_wconf 86' lang='lat' dir='ltr'><strong>dicturam</strong></span> <span class='ocrx_word' id='word_1_134' title='bbox 1013 1930 1286 1996; x_wconf 89' lang='lat' dir='ltr'><strong>promisit.</strong></span> <span class='ocrx_word' id='word_1_135' title='bbox 1319 1929 1432 1984; x_wconf 85' lang='lat' dir='ltr'><strong>Hoc</strong></span> <span class='ocrx_word' id='word_1_136' title='bbox 1455 1933 1548 1986; x_wconf 93' lang='lat' dir='ltr'><strong>ubi</strong></span> <span class='ocrx_word' id='word_1_137' title='bbox 1571 1933 1635 1986; x_wconf 93' lang='lat' dir='ltr'><strong>ad</strong></span> <span class='ocrx_word' id='word_1_138' title='bbox 1662 1948 1824 1986; x_wconf 84' lang='lat' dir='ltr'><strong>aures</strong></span> <span class='ocrx_word' id='word_1_139' title='bbox 1851 1930 2067 2002; x_wconf 88' lang='lat' dir='ltr'><strong>Symeo-</strong></span> <span class='ocrx_word' id='word_1_140' title='bbox 2101 1910 2149 1970; x_wconf 78' lang='grc' dir='ltr'><strong>Β</strong></span> 
     </span>
    </p>
   </div>
   <div class='ocr_carea' id='block_1_21' title="bbox 497 2017 2079 2096">
    <p class='ocr_par' dir='ltr' id='par_1_21' title="bbox 497 2017 2079 2096">
     <span class='ocr_line' id='line_1_21' title="bbox 497 2017 2079 2096; baseline 0.006 -28"><span class='ocrx_word' id='word_1_141' title='bbox 497 2017 584 2069; x_wconf 82' lang='lat' dir='ltr'><strong>nis</strong></span> <span class='ocrx_word' id='word_1_142' title='bbox 613 2019 881 2086; x_wconf 85' lang='lat' dir='ltr'><strong>pervenit,</strong></span> <span class='ocrx_word' id='word_1_143' title='bbox 917 2020 1120 2075; x_wconf 89' lang='lat' dir='ltr'><strong>factum</strong></span> <span class='ocrx_word' id='word_1_144' title='bbox 1154 2023 1269 2091; x_wconf 89' lang='lat' dir='ltr'><strong>ipse</strong></span> <span class='ocrx_word' id='word_1_145' title='bbox 1296 2039 1519 2093; x_wconf 88' lang='lat' dir='ltr'><strong>quoque</strong></span> <span class='ocrx_word' id='word_1_146' title='bbox 1543 2041 1652 2078; x_wconf 87' lang='lat' dir='ltr'><strong>non</strong></span> <span class='ocrx_word' id='word_1_147' title='bbox 1685 2027 1924 2096; x_wconf 80' lang='lat' dir='ltr'><strong>negavit,</strong></span> <span class='ocrx_word' id='word_1_148' title='bbox 1959 2040 2079 2078; x_wconf 91' lang='lat' dir='ltr'><strong>car-</strong></span> 
     </span>
    </p>
   </div>
   <div class='ocr_carea' id='block_1_22' title="bbox 498 2111 2076 2187">
    <p class='ocr_par' dir='ltr' id='par_1_22' title="bbox 498 2111 2076 2187">
     <span class='ocr_line' id='line_1_22' title="bbox 498 2111 2076 2187; baseline 0.006 -26"><span class='ocrx_word' id='word_1_149' title='bbox 498 2124 623 2162; x_wconf 77' lang='lat' dir='ltr'><strong>nem</strong></span> <span class='ocrx_word' id='word_1_150' title='bbox 650 2111 860 2187; x_wconf 75' lang='lat' dir='ltr'><strong>scilicet</strong></span> <span class='ocrx_word' id='word_1_151' title='bbox 894 2127 951 2166; x_wconf 90' lang='lat' dir='ltr'><strong>se</strong></span> <span class='ocrx_word' id='word_1_152' title='bbox 993 2130 1213 2183; x_wconf 86' lang='lat' dir='ltr'><strong>quoque</strong></span> <span class='ocrx_word' id='word_1_153' title='bbox 1241 2115 1622 2181; x_wconf 82' lang='lat' dir='ltr'><strong>circumferre,</strong></span> <span class='ocrx_word' id='word_1_154' title='bbox 1682 2125 1740 2172; x_wconf 89' lang='lat' dir='ltr'><strong>et</strong></span> <span class='ocrx_word' id='word_1_155' title='bbox 1801 2117 2076 2171; x_wconf 86' lang='lat' dir='ltr'><strong>lubricam</strong></span> 
     </span>
    </p>
   </div>
   <div class='ocr_carea' id='block_1_23' title="bbox 499 2203 2076 2270">
    <p class='ocr_par' dir='ltr' id='par_1_23' title="bbox 499 2203 2076 2270">
     <span class='ocr_line' id='line_1_23' title="bbox 499 2203 2076 2270; baseline 0.007 -21"><span class='ocrx_word' id='word_1_156' title='bbox 499 2203 764 2269; x_wconf 69' lang='lat' dir='ltr'><strong>peccandi</strong></span> <span class='ocrx_word' id='word_1_157' title='bbox 800 2203 1198 2270; x_wconf 68' lang='lat' dir='ltr'><strong>proclivitati-m</strong></span> <span class='ocrx_word' id='word_1_158' title='bbox 1227 2207 1446 2260; x_wconf 89' lang='lat' dir='ltr'><strong>insitam</strong></span> <span class='ocrx_word' id='word_1_159' title='bbox 1506 2209 1611 2262; x_wconf 83' lang='lat' dir='ltr'><strong>sibi</strong></span> <span class='ocrx_word' id='word_1_160' title='bbox 1678 2223 1802 2263; x_wconf 85' lang='lat' dir='ltr'><strong>esse</strong></span> <span class='ocrx_word' id='word_1_161' title='bbox 1863 2208 2076 2264; x_wconf 87' lang='lat' dir='ltr'><strong>dicens.</strong></span> 
     </span>
    </p>
   </div>
   <div class='ocr_carea' id='block_1_24' title="bbox 501 2293 2079 2370">
    <p class='ocr_par' dir='ltr' id='par_1_24' title="bbox 501 2293 2079 2370">
     <span class='ocr_line' id='line_1_24' title="bbox 501 2293 2079 2370; baseline 0.006 -22"><span class='ocrx_word' id='word_1_162' title='bbox 501 2293 799 2363; x_wconf 83' lang='lat' dir='ltr'><strong>Postquam</strong></span> <span class='ocrx_word' id='word_1_163' title='bbox 836 2308 1020 2350; x_wconf 88' lang='lat' dir='ltr'><strong>autem</strong></span> <span class='ocrx_word' id='word_1_164' title='bbox 1052 2313 1122 2350; x_wconf 88' lang='lat' dir='ltr'><strong>eo</strong></span> <span class='ocrx_word' id='word_1_165' title='bbox 1147 2298 1370 2352; x_wconf 83' lang='lat' dir='ltr'><strong>nomine</strong></span> <span class='ocrx_word' id='word_1_166' title='bbox 1390 2313 1675 2354; x_wconf 85' lang='lat' dir='ltr'><strong>sermones</strong></span> <span class='ocrx_word' id='word_1_167' title='bbox 1712 2302 1852 2370; x_wconf 85' lang='lat' dir='ltr'><strong>apud</strong></span> <span class='ocrx_word' id='word_1_168' title='bbox 1884 2317 2079 2358; x_wconf 82' lang='lat' dir='ltr'><strong>omnes</strong></span> 
     </span>
    </p>
   </div>
   <div class='ocr_carea' id='block_1_25' title="bbox 504 2376 2081 2463">
    <p class='ocr_par' dir='ltr' id='par_1_25' title="bbox 504 2376 2081 2463">
     <span class='ocr_line' id='line_1_25' title="bbox 504 2376 2081 2463; baseline 0.005 -25"><span class='ocrx_word' id='word_1_169' title='bbox 504 2385 575 2438; x_wconf 73' lang='lat' dir='ltr'><strong>de</strong></span> <span class='ocrx_word' id='word_1_170' title='bbox 613 2376 682 2440; x_wconf 83' lang='lat' dir='ltr'><strong>eo</strong></span> <span class='ocrx_word' id='word_1_171' title='bbox 714 2387 1135 2453; x_wconf 88' lang='lat' dir='ltr'><strong>inerehuernnt,</strong></span> <span class='ocrx_word' id='word_1_172' title='bbox 1173 2399 1229 2463; x_wconf 74' lang='lat' dir='ltr'><strong>et</strong></span> <span class='ocrx_word' id='word_1_173' title='bbox 1267 2390 1403 2458; x_wconf 85' lang='lat' dir='ltr'><strong>ipse,</strong></span> <span class='ocrx_word' id='word_1_174' title='bbox 1438 2391 1599 2444; x_wconf 79' lang='lat' dir='ltr'><strong>sicuti</strong></span> <span class='ocrx_word' id='word_1_175' title='bbox 1629 2393 1946 2457; x_wconf 88' lang='lat' dir='ltr'><strong>videbatur,</strong></span> <span class='ocrx_word' id='word_1_176' title='bbox 1981 2409 2081 2461; x_wconf 84' lang='lat' dir='ltr'><strong>pu-</strong></span> 
     </span>
    </p>
   </div>
   <div class='ocr_carea' id='block_1_26' title="bbox 507 2479 2079 2549">
    <p class='ocr_par' dir='ltr' id='par_1_26' title="bbox 507 2479 2079 2549">
     <span class='ocr_line' id='line_1_26' title="bbox 507 2479 2079 2549; baseline 0.005 -17"><span class='ocrx_word' id='word_1_177' title='bbox 507 2479 642 2532; x_wconf 84' lang='lat' dir='ltr'><strong>dore</strong></span> <span class='ocrx_word' id='word_1_178' title='bbox 677 2479 963 2546; x_wconf 88' lang='lat' dir='ltr'><strong>perculsus</strong></span> <span class='ocrx_word' id='word_1_179' title='bbox 983 2489 1068 2534; x_wconf 90' lang='lat' dir='ltr'><strong>est</strong></span> <span class='ocrx_word' id='word_1_180' title='bbox 1106 2498 1119 2534; x_wconf 93' lang='lat'>:</span> <span class='ocrx_word' id='word_1_181' title='bbox 1152 2480 1322 2536; x_wconf 88' lang='lat' dir='ltr'><strong>illicet</strong></span> <span class='ocrx_word' id='word_1_182' title='bbox 1371 2497 1469 2549; x_wconf 90' lang='lat' dir='ltr'><strong>per</strong></span> <span class='ocrx_word' id='word_1_183' title='bbox 1489 2482 1736 2537; x_wconf 87' lang='lat' dir='ltr'><strong>fraudem</strong></span> <span class='ocrx_word' id='word_1_184' title='bbox 1767 2485 1871 2538; x_wconf 89' lang='lat' dir='ltr'><strong>sub</strong></span> <span class='ocrx_word' id='word_1_185' title='bbox 1920 2501 2079 2539; x_wconf 69' lang='lat' dir='ltr'><strong>vere-</strong></span> 
     </span>
    </p>
   </div>
   <div class='ocr_carea' id='block_1_27' title="bbox 506 2558 2081 2646">
    <p class='ocr_par' dir='ltr' id='par_1_27' title="bbox 506 2558 2081 2646">
     <span class='ocr_line' id='line_1_27' title="bbox 506 2558 2081 2646; baseline 0.007 -26"><span class='ocrx_word' id='word_1_186' title='bbox 506 2569 722 2622; x_wconf 78' lang='lat' dir='ltr'><strong>cundia:</strong></span> <span class='ocrx_word' id='word_1_187' title='bbox 755 2579 1018 2638; x_wconf 64' lang='lat' dir='ltr'><strong>praetextu</strong></span> <span class='ocrx_word' id='word_1_188' title='bbox 1053 2571 1293 2640; x_wconf 89' lang='lat' dir='ltr'><strong>seipsum</strong></span> <span class='ocrx_word' id='word_1_189' title='bbox 1321 2573 1606 2628; x_wconf 86' lang='lat' dir='ltr'><strong>subduxit.</strong></span> <span class='ocrx_word' id='word_1_190' title='bbox 1641 2558 1705 2628; x_wconf 77' lang='grc' dir='ltr'><strong>Εἶ</strong></span> <span class='ocrx_word' id='word_1_191' title='bbox 1735 2576 1842 2646; x_wconf 82' lang='lat' dir='ltr'><strong>jam</strong></span> <span class='ocrx_word' id='word_1_192' title='bbox 1901 2576 2081 2631; x_wconf 80' lang='lat' dir='ltr'><strong>fatalis</strong></span> 
     </span>
    </p>
   </div>
   <div class='ocr_carea' id='block_1_28' title="bbox 501 2660 2080 2729">
    <p class='ocr_par' dir='ltr' id='par_1_28' title="bbox 501 2660 2080 2729">
     <span class='ocr_line' id='line_1_28' title="bbox 501 2660 2080 2729; baseline 0.008 -17"><span class='ocrx_word' id='word_1_193' title='bbox 501 2669 558 2712; x_wconf 89' lang='lat' dir='ltr'><strong>et</strong></span> <span class='ocrx_word' id='word_1_194' title='bbox 589 2660 890 2720; x_wconf 77' lang='lat' dir='ltr'><strong>constituta</strong></span> <span class='ocrx_word' id='word_1_195' title='bbox 923 2661 1172 2729; x_wconf 87' lang='lat' dir='ltr'><strong>pariendi</strong></span> <span class='ocrx_word' id='word_1_196' title='bbox 1201 2661 1322 2718; x_wconf 87' lang='lat' dir='ltr'><strong>dies</strong></span> <span class='ocrx_word' id='word_1_197' title='bbox 1374 2665 1588 2728; x_wconf 84' lang='lat' dir='ltr'><strong>aderat,</strong></span> <span class='ocrx_word' id='word_1_198' title='bbox 1637 2675 1696 2720; x_wconf 90' lang='lat' dir='ltr'><strong>et</strong></span> <span class='ocrx_word' id='word_1_199' title='bbox 1753 2667 2080 2724; x_wconf 85' lang='lat' dir='ltr'><strong>muliercula</strong></span> 
     </span>
    </p>
   </div>
   <div class='ocr_carea' id='block_1_29' title="bbox 499 2751 2080 2827">
    <p class='ocr_par' dir='ltr' id='par_1_29' title="bbox 499 2751 2080 2827">
     <span class='ocr_line' id='line_1_29' title="bbox 499 2751 2080 2827; baseline 0.009 -25"><span class='ocrx_word' id='word_1_200' title='bbox 499 2751 661 2806; x_wconf 79' lang='lat' dir='ltr'><strong>sedili</strong></span> <span class='ocrx_word' id='word_1_201' title='bbox 721 2754 886 2808; x_wconf 87' lang='lat' dir='ltr'><strong>solito</strong></span> <span class='ocrx_word' id='word_1_202' title='bbox 955 2755 1254 2820; x_wconf 88' lang='lat' dir='ltr'><strong>insidebat,</strong></span> <span class='ocrx_word' id='word_1_203' title='bbox 1325 2757 1656 2827; x_wconf 85' lang='lat' dir='ltr'><strong>doloresque</strong></span> <span class='ocrx_word' id='word_1_204' title='bbox 1725 2760 2080 2816; x_wconf 88' lang='lat' dir='ltr'><strong>vehementes</strong></span> 
     </span>
    </p>
   </div>
   <div class='ocr_carea' id='block_1_30' title="bbox 501 2843 2077 2918">
    <p class='ocr_par' dir='ltr' id='par_1_30' title="bbox 501 2843 2077 2918">
     <span class='ocr_line' id='line_1_30' title="bbox 501 2843 2077 2918; baseline 0.01 -24"><span class='ocrx_word' id='word_1_205' title='bbox 501 2843 922 2909; x_wconf 77' lang='lat' dir='ltr'><strong>exoriebantur,</strong></span> <span class='ocrx_word' id='word_1_206' title='bbox 955 2847 1261 2918; x_wconf 81' lang='lat' dir='ltr'><strong>crueiatum</strong></span> <span class='ocrx_word' id='word_1_207' title='bbox 1316 2848 1719 2907; x_wconf 80' lang='lat' dir='ltr'><strong>intolerabilem</strong></span> <span class='ocrx_word' id='word_1_208' title='bbox 1760 2851 2077 2910; x_wconf 77' lang='lat' dir='ltr'><strong>afferentes.</strong></span> 
     </span>
    </p>
   </div>
   <div class='ocr_carea' id='block_1_31' title="bbox 499 2933 2080 3008">
    <p class='ocr_par' dir='ltr' id='par_1_31' title="bbox 499 2933 2080 3008">
     <span class='ocr_line' id='line_1_31' title="bbox 499 2933 2080 3008; baseline 0.006 -21"><span class='ocrx_word' id='word_1_209' title='bbox 499 2935 577 3006; x_wconf 75' lang='lat' dir='ltr'><strong>Ac</strong></span> <span class='ocrx_word' id='word_1_210' title='bbox 600 2933 811 2996; x_wconf 85' lang='lat' dir='ltr'><strong>misella</strong></span> <span class='ocrx_word' id='word_1_211' title='bbox 851 2935 1103 2989; x_wconf 87' lang='lat' dir='ltr'><strong>ultitnum</strong></span> <span class='ocrx_word' id='word_1_212' title='bbox 1136 2936 1434 2992; x_wconf 84' lang='lat' dir='ltr'><strong>discrimen</strong></span> <span class='ocrx_word' id='word_1_213' title='bbox 1461 2937 1671 3004; x_wconf 82' lang='lat' dir='ltr'><strong>adibat,</strong></span> <span class='ocrx_word' id='word_1_214' title='bbox 1707 2955 1887 3008; x_wconf 87' lang='lat' dir='ltr'><strong>neque</strong></span> <span class='ocrx_word' id='word_1_215' title='bbox 1934 2939 2080 2996; x_wconf 81' lang='lat' dir='ltr'><strong>fetus</strong></span> 
     </span>
    </p>
   </div>
   <div class='ocr_carea' id='block_1_32' title="bbox 500 3025 2079 3098">
    <p class='ocr_par' dir='ltr' id='par_1_32' title="bbox 500 3025 2079 3098">
     <span class='ocr_line' id='line_1_32' title="bbox 500 3025 2079 3098; baseline 0.004 -22"><span class='ocrx_word' id='word_1_216' title='bbox 500 3025 757 3094; x_wconf 77' lang='lat' dir='ltr'><strong>prodibat</strong></span> <span class='ocrx_word' id='word_1_217' title='bbox 789 3064 804 3088; x_wconf 89' lang='lat'><strong>,</strong></span> <span class='ocrx_word' id='word_1_218' title='bbox 834 3041 956 3079; x_wconf 89' lang='lat' dir='ltr'><strong>cum</strong></span> <span class='ocrx_word' id='word_1_219' title='bbox 995 3027 1047 3080; x_wconf 90' lang='lat' dir='ltr'><strong>in</strong></span> <span class='ocrx_word' id='word_1_220' title='bbox 1088 3036 1332 3096; x_wconf 88' lang='lat' dir='ltr'><strong>tempore</strong></span> <span class='ocrx_word' id='word_1_221' title='bbox 1365 3029 1484 3096; x_wconf 89' lang='lat' dir='ltr'><strong>ipso</strong></span> <span class='ocrx_word' id='word_1_222' title='bbox 1520 3029 1846 3098; x_wconf 77' lang='lat' dir='ltr'><strong>Symconem</strong></span> <span class='ocrx_word' id='word_1_223' title='bbox 1911 3030 2079 3085; x_wconf 84' lang='lat' dir='ltr'><strong>adve-</strong></span> 
     </span>
    </p>
   </div>
   <div class='ocr_carea' id='block_1_33' title="bbox 500 3116 2081 3201">
    <p class='ocr_par' dir='ltr' id='par_1_33' title="bbox 500 3116 2081 3201">
     <span class='ocr_line' id='line_1_33' title="bbox 500 3116 2081 3201; baseline 0.004 -35"><span class='ocrx_word' id='word_1_224' title='bbox 500 3117 771 3182; x_wconf 66' lang='lat' dir='ltr'><strong>nientem,</strong></span> <span class='ocrx_word' id='word_1_225' title='bbox 800 3125 1067 3183; x_wconf 88' lang='lat' dir='ltr'><strong>utpreces</strong></span> <span class='ocrx_word' id='word_1_226' title='bbox 1102 3116 1166 3169; x_wconf 86' lang='lat' dir='ltr'><strong>ad</strong></span> <span class='ocrx_word' id='word_1_227' title='bbox 1203 3117 1370 3170; x_wconf 90' lang='lat' dir='ltr'><strong>Deum</strong></span> <span class='ocrx_word' id='word_1_228' title='bbox 1416 3117 1801 3201; x_wconf 50' lang='lat' dir='ltr'><strong>profunderet,</strong></span> <span class='ocrx_word' id='word_1_229' title='bbox 1859 3119 2081 3194; x_wconf 80' lang='lat' dir='ltr'><strong>mulier-</strong></span> 
     </span>
    </p>
   </div>
   <div class='ocr_carea' id='block_1_34' title="bbox 501 3205 2148 3303">
    <p class='ocr_par' dir='ltr' id='par_1_34' title="bbox 501 3205 2148 3303">
     <span class='ocr_line' id='line_1_34' title="bbox 501 3205 2148 3303; baseline 0.002 -45"><span class='ocrx_word' id='word_1_230' title='bbox 501 3206 638 3281; x_wconf 62' lang='lat' dir='ltr'><strong>cula}</strong></span> <span class='ocrx_word' id='word_1_231' title='bbox 677 3205 797 3258; x_wconf 71' lang='lat' dir='ltr'><strong>alia:</strong></span> <span class='ocrx_word' id='word_1_232' title='bbox 822 3215 1102 3291; x_wconf 77' lang='lat' dir='ltr'><strong>rogarunt.</strong></span> <span class='ocrx_word' id='word_1_233' title='bbox 1139 3206 1217 3260; x_wconf 92' lang='lat' dir='ltr'><strong>lbi</strong></span> <span class='ocrx_word' id='word_1_234' title='bbox 1259 3207 1351 3262; x_wconf 87' lang='lat' dir='ltr'><strong>ille</strong></span> <span class='ocrx_word' id='word_1_235' title='bbox 1401 3210 1708 3287; x_wconf 76' lang='lat' dir='ltr'><strong>propalam,</strong></span> <span class='ocrx_word' id='word_1_236' title='bbox 1759 3225 1869 3263; x_wconf 89' lang='lat' dir='ltr'><strong>non</strong></span> <span class='ocrx_word' id='word_1_237' title='bbox 1923 3211 2075 3280; x_wconf 87' lang='lat' dir='ltr'><strong>prius</strong></span> <span class='ocrx_word' id='word_1_238' title='bbox 2105 3245 2148 3303; x_wconf 63' lang='grc' dir='ltr'><strong>ϐ</strong></span> 
     </span>
    </p>
   </div>
   <div class='ocr_carea' id='block_1_35' title="bbox 501 3287 2075 3374">
    <p class='ocr_par' dir='ltr' id='par_1_35' title="bbox 501 3287 2075 3374">
     <span class='ocr_line' id='line_1_35' title="bbox 501 3287 2075 3374; baseline 0.003 -23"><span class='ocrx_word' id='word_1_239' title='bbox 501 3299 672 3357; x_wconf 78' lang='lat' dir='ltr'><strong>fetum</strong></span> <span class='ocrx_word' id='word_1_240' title='bbox 703 3287 885 3354; x_wconf 86' lang='lat' dir='ltr'><strong>solem</strong></span> <span class='ocrx_word' id='word_1_241' title='bbox 910 3309 1257 3374; x_wconf 82' lang='lat' dir='ltr'><strong>aspecturum</strong></span> <span class='ocrx_word' id='word_1_242' title='bbox 1294 3317 1438 3365; x_wconf 90' lang='lat' dir='ltr'><strong>esse,</strong></span> <span class='ocrx_word' id='word_1_243' title='bbox 1461 3317 1623 3370; x_wconf 87' lang='lat' dir='ltr'><strong>quam</strong></span> <span class='ocrx_word' id='word_1_244' title='bbox 1661 3313 1836 3356; x_wconf 85' lang='lat' dir='ltr'><strong>mater</strong></span> <span class='ocrx_word' id='word_1_245' title='bbox 1865 3314 2075 3371; x_wconf 87' lang='lat' dir='ltr'><strong>patrem</strong></span> 
     </span>
    </p>
   </div>
   <div class='ocr_carea' id='block_1_36' title="bbox 501 3377 2078 3470">
    <p class='ocr_par' dir='ltr' id='par_1_36' title="bbox 501 3377 2078 3470">
     <span class='ocr_line' id='line_1_36' title="bbox 501 3377 2078 3470; baseline 0.001 -27"><span class='ocrx_word' id='word_1_246' title='bbox 501 3377 905 3470; x_wconf 77' lang='lat' dir='ltr'><strong>clandestinum</strong></span> <span class='ocrx_word' id='word_1_247' title='bbox 939 3390 1220 3459; x_wconf 89' lang='lat' dir='ltr'><strong>proderet,</strong></span> <span class='ocrx_word' id='word_1_248' title='bbox 1254 3392 1529 3461; x_wconf 60' lang='lat' dir='ltr'><strong>praedixit.</strong></span> <span class='ocrx_word' id='word_1_249' title='bbox 1562 3393 1718 3459; x_wconf 85' lang='lat' dir='ltr'><strong>Quod</strong></span> <span class='ocrx_word' id='word_1_250' title='bbox 1755 3393 1849 3446; x_wconf 90' lang='lat' dir='ltr'><strong>ubi</strong></span> <span class='ocrx_word' id='word_1_251' title='bbox 1874 3393 2078 3470; x_wconf 80' lang='lat' dir='ltr'><strong>femina</strong></span> 
     </span>
    </p>
   </div>
   <div class='ocr_carea' id='block_1_37' title="bbox 503 3465 2082 3550">
    <p class='ocr_par' dir='ltr' id='par_1_37' title="bbox 503 3465 2082 3550">
     <span class='ocr_line' id='line_1_37' title="bbox 503 3465 2082 3550; baseline 0.004 -18"><span class='ocrx_word' id='word_1_252' title='bbox 503 3465 750 3549; x_wconf 74' lang='lat' dir='ltr'><strong>professa</strong></span> <span class='ocrx_word' id='word_1_253' title='bbox 785 3489 887 3540; x_wconf 86' lang='lat' dir='ltr'><strong>est,</strong></span> <span class='ocrx_word' id='word_1_254' title='bbox 950 3489 1006 3534; x_wconf 91' lang='lat' dir='ltr'><strong>et</strong></span> <span class='ocrx_word' id='word_1_255' title='bbox 1043 3492 1250 3550; x_wconf 88' lang='lat' dir='ltr'><strong>patrem</strong></span> <span class='ocrx_word' id='word_1_256' title='bbox 1292 3498 1478 3536; x_wconf 76' lang='lat' dir='ltr'><strong>verum</strong></span> <span class='ocrx_word' id='word_1_257' title='bbox 1530 3483 1856 3545; x_wconf 82' lang='lat' dir='ltr'><strong>nominavit,</strong></span> <span class='ocrx_word' id='word_1_258' title='bbox 1896 3465 2082 3538; x_wconf 83' lang='lat' dir='ltr'><strong>confe-</strong></span> 
     </span>
    </p>
   </div>
   <div class='ocr_carea' id='block_1_38' title="bbox 413 3573 2081 3646">
    <p class='ocr_par' dir='ltr' id='par_1_38' title="bbox 413 3573 2081 3646">
     <span class='ocr_line' id='line_1_38' title="bbox 413 3573 2081 3646; baseline 0.001 -18"><span class='ocrx_word' id='word_1_259' title='bbox 413 3631 416 3634; x_wconf 63' lang='grc'><strong>,</strong></span> <span class='ocrx_word' id='word_1_260' title='bbox 504 3573 631 3628; x_wconf 85' lang='lat' dir='ltr'><strong>stim</strong></span> <span class='ocrx_word' id='word_1_261' title='bbox 684 3573 868 3627; x_wconf 90' lang='lat' dir='ltr'><strong>infans</strong></span> <span class='ocrx_word' id='word_1_262' title='bbox 898 3574 1164 3641; x_wconf 82' lang='lat' dir='ltr'><strong>maternis</strong></span> <span class='ocrx_word' id='word_1_263' title='bbox 1215 3573 1352 3629; x_wconf 89' lang='lat' dir='ltr'><strong>locis</strong></span> <span class='ocrx_word' id='word_1_264' title='bbox 1400 3575 1627 3641; x_wconf 84' lang='lat' dir='ltr'><strong>exsiliit,</strong></span> <span class='ocrx_word' id='word_1_265' title='bbox 1686 3577 1917 3632; x_wconf 83' lang='lat' dir='ltr'><strong>veritate</strong></span> <span class='ocrx_word' id='word_1_266' title='bbox 1965 3577 2081 3646; x_wconf 86' lang='lat' dir='ltr'><strong>ipsa</strong></span> 
     </span>
    </p>
   </div>
   <div class='ocr_carea' id='block_1_39' title="bbox 502 3648 2078 3751">
    <p class='ocr_par' dir='ltr' id='par_1_39' title="bbox 502 3648 2078 3751">
     <span class='ocr_line' id='line_1_39' title="bbox 502 3648 2078 3751; baseline 0 -27"><span class='ocrx_word' id='word_1_267' title='bbox 502 3667 922 3751; x_wconf 72' lang='lat' dir='ltr'><strong>quodammodo</strong></span> <span class='ocrx_word' id='word_1_268' title='bbox 959 3649 1278 3739; x_wconf 84' lang='lat' dir='ltr'><strong>obstetricis</strong></span> <span class='ocrx_word' id='word_1_269' title='bbox 1332 3648 1411 3723; x_wconf 85' lang='lat' dir='ltr'><strong>illi</strong></span> <span class='ocrx_word' id='word_1_270' title='bbox 1465 3669 1702 3733; x_wconf 86' lang='lat' dir='ltr'><strong>ollicium</strong></span> <span class='ocrx_word' id='word_1_271' title='bbox 1757 3670 2078 3750; x_wconf 84' lang='lat' dir='ltr'><strong>exltibente.</strong></span> 
     </span>
    </p>
   </div>
   <div class='ocr_carea' id='block_1_40' title="bbox 505 3745 2079 3841">
    <p class='ocr_par' dir='ltr' id='par_1_40' title="bbox 505 3745 2079 3841">
     <span class='ocr_line' id='line_1_40' title="bbox 505 3745 2079 3841; baseline -0.001 -26"><span class='ocrx_word' id='word_1_272' title='bbox 505 3745 630 3841; x_wconf 71' lang='lat' dir='ltr'><strong>Alio</strong></span> <span class='ocrx_word' id='word_1_273' title='bbox 665 3745 894 3832; x_wconf 60' lang='lat' dir='ltr'><strong>insuper</strong></span> <span class='ocrx_word' id='word_1_274' title='bbox 918 3745 1175 3836; x_wconf 78' lang='lat' dir='ltr'><strong>tempore</strong></span> <span class='ocrx_word' id='word_1_275' title='bbox 1207 3760 1512 3816; x_wconf 83' lang='lat' dir='ltr'><strong>Svmeones</strong></span> <span class='ocrx_word' id='word_1_276' title='bbox 1552 3747 1653 3816; x_wconf 83' lang='lat' dir='ltr'><strong>iste</strong></span> <span class='ocrx_word' id='word_1_277' title='bbox 1688 3763 1746 3838; x_wconf 77' lang='lat' dir='ltr'><strong>in</strong></span> <span class='ocrx_word' id='word_1_278' title='bbox 1792 3745 2079 3818; x_wconf 61' lang='lat' dir='ltr'><strong>aediculam</strong></span> 
     </span>
    </p>
   </div>
   <div class='ocr_carea' id='block_1_41' title="bbox 505 3840 2084 3924">
    <p class='ocr_par' dir='ltr' id='par_1_41' title="bbox 505 3840 2084 3924">
     <span class='ocr_line' id='line_1_41' title="bbox 505 3840 2084 3924; baseline 0.002 -19"><span class='ocrx_word' id='word_1_279' title='bbox 505 3840 755 3909; x_wconf 81' lang='lat' dir='ltr'><strong>mulieris</strong></span> <span class='ocrx_word' id='word_1_280' title='bbox 784 3855 1072 3923; x_wconf 69' lang='lat' dir='ltr'><strong>impudicae</strong></span> <span class='ocrx_word' id='word_1_281' title='bbox 1105 3855 1404 3924; x_wconf 79' lang='lat' dir='ltr'><strong>ingressus,</strong></span> <span class='ocrx_word' id='word_1_282' title='bbox 1432 3854 1648 3909; x_wconf 78' lang='lat' dir='ltr'><strong>foribus</strong></span> <span class='ocrx_word' id='word_1_283' title='bbox 1673 3855 1894 3916; x_wconf 85' lang='lat' dir='ltr'><strong>clausis,</strong></span> <span class='ocrx_word' id='word_1_284' title='bbox 1931 3854 2084 3910; x_wconf 85' lang='lat' dir='ltr'><strong>solus</strong></span> 
     </span>
    </p>
   </div>
   <div class='ocr_carea' id='block_1_42' title="bbox 505 3947 2077 4017">
    <p class='ocr_par' dir='ltr' id='par_1_42' title="bbox 505 3947 2077 4017">
     <span class='ocr_line' id='line_1_42' title="bbox 505 3947 2077 4017; baseline -0.001 -16"><span class='ocrx_word' id='word_1_285' title='bbox 505 3963 630 4002; x_wconf 80' lang='lat' dir='ltr'><strong>cum</strong></span> <span class='ocrx_word' id='word_1_286' title='bbox 663 3948 779 4002; x_wconf 88' lang='lat' dir='ltr'><strong>sola</strong></span> <span class='ocrx_word' id='word_1_287' title='bbox 813 3963 1059 4006; x_wconf 83' lang='lat' dir='ltr'><strong>manens.</strong></span> <span class='ocrx_word' id='word_1_288' title='bbox 1085 3947 1428 4016; x_wconf 85' lang='lat' dir='ltr'><strong>aliquantum</strong></span> <span class='ocrx_word' id='word_1_289' title='bbox 1484 3948 1748 4017; x_wconf 86' lang='lat' dir='ltr'><strong>temporis</strong></span> <span class='ocrx_word' id='word_1_290' title='bbox 1791 3948 2030 4002; x_wconf 78' lang='lat' dir='ltr'><strong>extraxit</strong></span> <span class='ocrx_word' id='word_1_291' title='bbox 2063 3963 2077 3999; x_wconf 89' lang='lat'>:</span> 
     </span>
    </p>
   </div>
   <div class='ocr_carea' id='block_1_43' title="bbox 503 4039 2078 4108">
    <p class='ocr_par' dir='ltr' id='par_1_43' title="bbox 503 4039 2078 4108">
     <span class='ocr_line' id='line_1_43' title="bbox 503 4039 2078 4108; baseline -0.001 -14"><span class='ocrx_word' id='word_1_292' title='bbox 503 4039 707 4094; x_wconf 81' lang='lat' dir='ltr'><strong>deinde</strong></span> <span class='ocrx_word' id='word_1_293' title='bbox 727 4039 872 4094; x_wconf 90' lang='lat' dir='ltr'><strong>ostio</strong></span> <span class='ocrx_word' id='word_1_294' title='bbox 897 4049 1090 4108; x_wconf 89' lang='lat' dir='ltr'><strong>aperto</strong></span> <span class='ocrx_word' id='word_1_295' title='bbox 1121 4039 1384 4108; x_wconf 79' lang='lat' dir='ltr'><strong>profugit,</strong></span> <span class='ocrx_word' id='word_1_296' title='bbox 1417 4051 1776 4108; x_wconf 89' lang='lat' dir='ltr'><strong>conspectum</strong></span> <span class='ocrx_word' id='word_1_297' title='bbox 1807 4041 2078 4104; x_wconf 90' lang='lat' dir='ltr'><strong>omnium,</strong></span> 
     </span>
    </p>
   </div>
   <div class='ocr_carea' id='block_1_44' title="bbox 504 4129 2081 4210">
    <p class='ocr_par' dir='ltr' id='par_1_44' title="bbox 504 4129 2081 4210">
     <span class='ocr_line' id='line_1_44' title="bbox 504 4129 2081 4210; baseline -0.002 -25"><span class='ocrx_word' id='word_1_298' title='bbox 504 4146 573 4185; x_wconf 85' lang='lat' dir='ltr'><strong>ne</strong></span> <span class='ocrx_word' id='word_1_299' title='bbox 597 4130 723 4201; x_wconf 90' lang='lat' dir='ltr'><strong>quis</strong></span> <span class='ocrx_word' id='word_1_300' title='bbox 750 4145 875 4210; x_wconf 71' lang='lat' dir='ltr'><strong>eum</strong></span> <span class='ocrx_word' id='word_1_301' title='bbox 907 4131 1275 4198; x_wconf 87' lang='lat' dir='ltr'><strong>conspiceret,</strong></span> <span class='ocrx_word' id='word_1_302' title='bbox 1309 4130 1515 4198; x_wconf 89' lang='lat' dir='ltr'><strong>ubique</strong></span> <span class='ocrx_word' id='word_1_303' title='bbox 1545 4146 1714 4184; x_wconf 87' lang='lat' dir='ltr'><strong>cursu</strong></span> <span class='ocrx_word' id='word_1_304' title='bbox 1770 4131 1944 4185; x_wconf 87' lang='lat' dir='ltr'><strong>citato</strong></span> <span class='ocrx_word' id='word_1_305' title='bbox 1996 4129 2081 4182; x_wconf 89' lang='lat' dir='ltr'><strong>vi-</strong></span> 
     </span>
    </p>
   </div>
   <div class='ocr_carea' id='block_1_45' title="bbox 503 4218 2082 4288">
    <p class='ocr_par' dir='ltr' id='par_1_45' title="bbox 503 4218 2082 4288">
     <span class='ocr_line' id='line_1_45' title="bbox 503 4218 2082 4288; baseline -0.001 -16"><span class='ocrx_word' id='word_1_306' title='bbox 503 4232 644 4273; x_wconf 84' lang='lat' dir='ltr'><strong>tans.</strong></span> <span class='ocrx_word' id='word_1_307' title='bbox 681 4219 802 4288; x_wconf 84' lang='lat' dir='ltr'><strong>Quo</strong></span> <span class='ocrx_word' id='word_1_308' title='bbox 829 4218 998 4281; x_wconf 87' lang='lat' dir='ltr'><strong>facto,</strong></span> <span class='ocrx_word' id='word_1_309' title='bbox 1035 4219 1318 4287; x_wconf 88' lang='lat' dir='ltr'><strong>opinionis</strong></span> <span class='ocrx_word' id='word_1_310' title='bbox 1365 4235 1475 4272; x_wconf 90' lang='lat' dir='ltr'><strong>non</strong></span> <span class='ocrx_word' id='word_1_311' title='bbox 1528 4220 1684 4272; x_wconf 70' lang='lat' dir='ltr'><strong>bona:</strong></span> <span class='ocrx_word' id='word_1_312' title='bbox 1738 4235 1961 4273; x_wconf 86' lang='lat' dir='ltr'><strong>causam</strong></span> <span class='ocrx_word' id='word_1_313' title='bbox 2012 4218 2082 4271; x_wconf 88' lang='lat' dir='ltr'><strong>de</strong></span> 
     </span>
    </p>
   </div>
   <div class='ocr_carea' id='block_1_46' title="bbox 503 4292 2082 4380">
    <p class='ocr_par' dir='ltr' id='par_1_46' title="bbox 503 4292 2082 4380">
     <span class='ocr_line' id='line_1_46' title="bbox 503 4292 2082 4380; baseline -0.002 -15"><span class='ocrx_word' id='word_1_314' title='bbox 503 4328 564 4365; x_wconf 68' lang='lat' dir='ltr'><strong>se</strong></span> <span class='ocrx_word' id='word_1_315' title='bbox 599 4309 853 4380; x_wconf 71' lang='lat' dir='ltr'><strong>przebnit.</strong></span> <span class='ocrx_word' id='word_1_316' title='bbox 882 4292 1227 4378; x_wconf 81' lang='lat' dir='ltr'><strong>QuaprOpter</strong></span> <span class='ocrx_word' id='word_1_317' title='bbox 1259 4309 1353 4378; x_wconf 90' lang='lat' dir='ltr'><strong>qui</strong></span> <span class='ocrx_word' id='word_1_318' title='bbox 1415 4308 1520 4362; x_wconf 87' lang='lat' dir='ltr'><strong>hoc</strong></span> <span class='ocrx_word' id='word_1_319' title='bbox 1558 4308 1836 4370; x_wconf 85' lang='lat' dir='ltr'><strong>viderant,</strong></span> <span class='ocrx_word' id='word_1_320' title='bbox 1885 4309 2082 4362; x_wconf 85' lang='lat' dir='ltr'><strong>mulie-</strong></span> 
     </span>
    </p>
   </div>
   <div class='ocr_carea' id='block_1_47' title="bbox 509 4385 2081 4478">
    <p class='ocr_par' dir='ltr' id='par_1_47' title="bbox 509 4385 2081 4478">
     <span class='ocr_line' id='line_1_47' title="bbox 509 4385 2081 4478; baseline -0.001 -24"><span class='ocrx_word' id='word_1_321' title='bbox 509 4416 623 4456; x_wconf 86' lang='lat' dir='ltr'><strong>rem</strong></span> <span class='ocrx_word' id='word_1_322' title='bbox 648 4385 1051 4478; x_wconf 75' lang='lat' dir='ltr'><strong>convenerunt,</strong></span> <span class='ocrx_word' id='word_1_323' title='bbox 1079 4400 1484 4478; x_wconf 64' lang='lat' dir='ltr'><strong>diligenterque</strong></span> <span class='ocrx_word' id='word_1_324' title='bbox 1518 4399 1649 4468; x_wconf 83' lang='lat' dir='ltr'><strong>quiti</strong></span> <span class='ocrx_word' id='word_1_325' title='bbox 1683 4399 1789 4453; x_wconf 89' lang='lat' dir='ltr'><strong>sibi</strong></span> <span class='ocrx_word' id='word_1_326' title='bbox 1820 4398 1966 4453; x_wconf 89' lang='lat' dir='ltr'><strong>illius</strong></span> <span class='ocrx_word' id='word_1_327' title='bbox 2013 4399 2081 4452; x_wconf 82' lang='lat' dir='ltr'><strong>ad</strong></span> 
     </span>
    </p>
   </div>
   <div class='ocr_carea' id='block_1_48' title="bbox 502 4471 2082 4564">
    <p class='ocr_par' dir='ltr' id='par_1_48' title="bbox 502 4471 2082 4564">
     <span class='ocr_line' id='line_1_48' title="bbox 502 4471 2082 4564; baseline -0.003 -18"><span class='ocrx_word' id='word_1_328' title='bbox 502 4509 626 4564; x_wconf 81' lang='lat' dir='ltr'><strong>eam</strong></span> <span class='ocrx_word' id='word_1_329' title='bbox 658 4477 938 4561; x_wconf 68' lang='lat' dir='ltr'><strong>ingressus</strong></span> <span class='ocrx_word' id='word_1_330' title='bbox 965 4471 1030 4545; x_wconf 34' lang='lat' dir='ltr'><strong>et.</strong></span> <span class='ocrx_word' id='word_1_331' title='bbox 1052 4499 1160 4561; x_wconf 84' lang='lat' dir='ltr'><strong>tam</strong></span> <span class='ocrx_word' id='word_1_332' title='bbox 1188 4471 1451 4564; x_wconf 80' lang='lat' dir='ltr'><strong>diuturna</strong></span> <span class='ocrx_word' id='word_1_333' title='bbox 1483 4504 1634 4544; x_wconf 87' lang='lat' dir='ltr'><strong>mora</strong></span> <span class='ocrx_word' id='word_1_334' title='bbox 1663 4489 1921 4553; x_wconf 82' lang='lat' dir='ltr'><strong>voluerit,</strong></span> <span class='ocrx_word' id='word_1_335' title='bbox 1955 4477 2082 4559; x_wconf 78' lang='lat' dir='ltr'><strong>per-</strong></span> 
     </span>
    </p>
   </div>
   <div class='ocr_carea' id='block_1_49' title="bbox 2176 647 3755 719">
    <p class='ocr_par' dir='ltr' id='par_1_49' title="bbox 2176 647 3755 719">
     <span class='ocr_line' id='line_1_49' title="bbox 2176 647 3755 719; baseline 0 -19"><span class='ocrx_word' id='word_1_336' title='bbox 2176 667 2299 703; x_wconf 87' lang='grc' dir='ltr'>τινα</span> <span class='ocrx_word' id='word_1_337' title='bbox 2332 651 2594 719; x_wconf 76' lang='grc' dir='ltr'>προσῆγε,</span> <span class='ocrx_word' id='word_1_338' title='bbox 2659 648 2818 719; x_wconf 87' lang='grc' dir='ltr'><strong>θυμῷ</strong></span> <span class='ocrx_word' id='word_1_339' title='bbox 2865 648 3049 717; x_wconf 88' lang='grc' dir='ltr'>πολλῷ</span> <span class='ocrx_word' id='word_1_340' title='bbox 3099 648 3194 701; x_wconf 72' lang='grc' dir='ltr'><strong>καὶ</strong></span> <span class='ocrx_word' id='word_1_341' title='bbox 3246 648 3402 716; x_wconf 84' lang='grc' dir='ltr'>τάχει</span> <span class='ocrx_word' id='word_1_342' title='bbox 3432 647 3542 700; x_wconf 85' lang='grc' dir='ltr'><strong>τῶν</strong></span> <span class='ocrx_word' id='word_1_343' title='bbox 3568 649 3755 701; x_wconf 85' lang='grc' dir='ltr'>τόπων</span> 
     </span>
    </p>
   </div>
   <div class='ocr_carea' id='block_1_50' title="bbox 2175 739 3753 810">
    <p class='ocr_par' dir='ltr' id='par_1_50' title="bbox 2175 739 3753 810">
     <span class='ocr_line' id='line_1_50' title="bbox 2175 739 3753 810; baseline -0.002 -15"><span class='ocrx_word' id='word_1_344' title='bbox 2175 743 2476 810; x_wconf 71' lang='grc' dir='ltr'>ἀφίστατοο</span> <span class='ocrx_word' id='word_1_345' title='bbox 2513 743 2866 810; x_wconf 76' lang='grc' dir='ltr'>ὑπειδόμενος</span> <span class='ocrx_word' id='word_1_346' title='bbox 2933 742 3010 810; x_wconf 82' lang='grc' dir='ltr'>μή</span> <span class='ocrx_word' id='word_1_347' title='bbox 3067 758 3118 792; x_wconf 87' lang='grc' dir='ltr'><strong>τι</strong></span> <span class='ocrx_word' id='word_1_348' title='bbox 3159 739 3463 810; x_wconf 78' lang='grc' dir='ltr'>φωραθείη,</span> <span class='ocrx_word' id='word_1_349' title='bbox 3497 740 3525 792; x_wconf 81' lang='grc' dir='ltr'><strong>ὃ</strong></span> <span class='ocrx_word' id='word_1_350' title='bbox 3557 739 3753 792; x_wconf 84' lang='grc' dir='ltr'>λανθά-</span> 
     </span>
    </p>
   </div>
   <div class='ocr_carea' id='block_1_51' title="bbox 2177 832 3748 904">
    <p class='ocr_par' dir='ltr' id='par_1_51' title="bbox 2177 832 3748 904">
     <span class='ocr_line' id='line_1_51' title="bbox 2177 832 3748 904; baseline 0 -19"><span class='ocrx_word' id='word_1_351' title='bbox 2177 851 2291 886; x_wconf 90' lang='grc' dir='ltr'>νειν</span> <span class='ocrx_word' id='word_1_352' title='bbox 2315 835 2613 904; x_wconf 78' lang='grc' dir='ltr'><strong>ἐπεχείρει,</strong></span> <span class='ocrx_word' id='word_1_353' title='bbox 2641 832 2944 904; x_wconf 80' lang='grc' dir='ltr'>κατάδηλον</span> <span class='ocrx_word' id='word_1_354' title='bbox 2963 833 3063 903; x_wconf 78' lang='grc' dir='ltr'>τὴν</span> <span class='ocrx_word' id='word_1_355' title='bbox 3090 832 3310 885; x_wconf 71' lang='grc' dir='ltr'>οἰκείαν</span> <span class='ocrx_word' id='word_1_356' title='bbox 3323 832 3496 883; x_wconf 82' lang='grc' dir='ltr'>ποιῶν</span> <span class='ocrx_word' id='word_1_357' title='bbox 3523 832 3748 900; x_wconf 84' lang='grc' dir='ltr'>ἀρετήν.</span> 
     </span>
    </p>
   </div>
   <div class='ocr_carea' id='block_1_52' title="bbox 2178 923 3752 994">
    <p class='ocr_par' dir='ltr' id='par_1_52' title="bbox 2178 923 3752 994">
     <span class='ocr_line' id='line_1_52' title="bbox 2178 923 3752 994; baseline -0.002 -17"><span class='ocrx_word' id='word_1_358' title='bbox 2178 925 2259 978; x_wconf 83' lang='grc' dir='ltr'><strong>τὰ</strong></span> <span class='ocrx_word' id='word_1_359' title='bbox 2295 925 2394 994; x_wconf 68' lang='grc' dir='ltr'>μὲν</span> <span class='ocrx_word' id='word_1_360' title='bbox 2426 925 2519 979; x_wconf 68' lang='grc' dir='ltr'>οὖν</span> <span class='ocrx_word' id='word_1_361' title='bbox 2553 925 2709 988; x_wconf 82' lang='grc' dir='ltr'>ὲκτδς</span> <span class='ocrx_word' id='word_1_362' title='bbox 2737 926 2832 977; x_wconf 75' lang='grc' dir='ltr'><strong>καὶ</strong></span> <span class='ocrx_word' id='word_1_363' title='bbox 2862 926 3096 994; x_wconf 81' lang='grc' dir='ltr'><strong>ἀγοραῖα</strong></span> <span class='ocrx_word' id='word_1_364' title='bbox 3118 923 3195 994; x_wconf 83' lang='grc' dir='ltr'><strong>τῷ</strong></span> <span class='ocrx_word' id='word_1_365' title='bbox 3227 924 3476 993; x_wconf 80' lang='grc' dir='ltr'>Συμεῶνι</span> <span class='ocrx_word' id='word_1_366' title='bbox 3522 923 3752 976; x_wconf 79' lang='grc' dir='ltr'>τοιαῦτα</span> 
     </span>
    </p>
   </div>
   <div class='ocr_carea' id='block_1_53' title="bbox 2181 1010 3755 1087">
    <p class='ocr_par' dir='ltr' id='par_1_53' title="bbox 2181 1010 3755 1087">
     <span class='ocr_line' id='line_1_53' title="bbox 2181 1010 3755 1087; baseline -0.003 -18"><span class='ocrx_word' id='word_1_367' title='bbox 2181 1035 2242 1084; x_wconf 82' lang='grc' dir='ltr'><strong>γε</strong></span> <span class='ocrx_word' id='word_1_368' title='bbox 2275 1013 2434 1087; x_wconf 77' lang='grc' dir='ltr'>ἦσαν.</span> <span class='ocrx_word' id='word_1_369' title='bbox 2466 1013 2645 1071; x_wconf 80' lang='grc' dir='ltr'>Ἦσαν</span> <span class='ocrx_word' id='word_1_370' title='bbox 2663 1018 2720 1070; x_wconf 88' lang='grc' dir='ltr'><strong>δέ</strong></span> <span class='ocrx_word' id='word_1_371' title='bbox 2748 1035 2892 1079; x_wconf 86' lang='grc' dir='ltr'>τινες</span> <span class='ocrx_word' id='word_1_372' title='bbox 2923 1016 3073 1087; x_wconf 81' lang='grc' dir='ltr'>αὐτῷ</span> <span class='ocrx_word' id='word_1_373' title='bbox 3095 1019 3190 1072; x_wconf 75' lang='grc' dir='ltr'>καὶ</span> <span class='ocrx_word' id='word_1_374' title='bbox 3226 1015 3476 1083; x_wconf 78' lang='grc' dir='ltr'><strong>συνήθεις</strong></span> <span class='ocrx_word' id='word_1_375' title='bbox 3504 1031 3517 1046; x_wconf 74' lang='grc'><strong><em>⁸</em></strong></span> <span class='ocrx_word' id='word_1_376' title='bbox 3546 1010 3628 1078; x_wconf 73' lang='grc' dir='ltr'>οἷς</span> <span class='ocrx_word' id='word_1_377' title='bbox 3655 1015 3755 1066; x_wconf 78' lang='grc' dir='ltr'>καὶ</span> 
     </span>
    </p>
   </div>
   <div class='ocr_carea' id='block_1_54' title="bbox 2179 1108 3750 1179">
    <p class='ocr_par' dir='ltr' id='par_1_54' title="bbox 2179 1108 3750 1179">
     <span class='ocr_line' id='line_1_54' title="bbox 2179 1108 3750 1179; baseline -0.001 -18"><span class='ocrx_word' id='word_1_378' title='bbox 2179 1109 2546 1175; x_wconf 70' lang='grc' dir='ltr'>παρενέᾶαλλε</span> <span class='ocrx_word' id='word_1_379' title='bbox 2599 1110 2700 1178; x_wconf 84' lang='grc' dir='ltr'>τὴν</span> <span class='ocrx_word' id='word_1_380' title='bbox 2731 1111 2939 1179; x_wconf 79' lang='grc' dir='ltr'>σκηνὴν</span> <span class='ocrx_word' id='word_1_381' title='bbox 2978 1110 3120 1163; x_wconf 86' lang='grc' dir='ltr'>λύων</span> <span class='ocrx_word' id='word_1_382' title='bbox 3151 1109 3246 1162; x_wconf 73' lang='grc' dir='ltr'>καὶ</span> <span class='ocrx_word' id='word_1_383' title='bbox 3300 1109 3402 1178; x_wconf 83' lang='grc' dir='ltr'><strong>τὴν</strong></span> <span class='ocrx_word' id='word_1_384' title='bbox 3436 1108 3750 1178; x_wconf 80' lang='grc' dir='ltr'><strong>ὑπόκρισιν.</strong></span> 
     </span>
    </p>
   </div>
   <div class='ocr_carea' id='block_1_55' title="bbox 2189 1196 3755 1272">
    <p class='ocr_par' dir='ltr' id='par_1_55' title="bbox 2189 1196 3755 1272">
     <span class='ocr_line' id='line_1_55' title="bbox 2189 1196 3755 1272; baseline -0.001 -19"><span class='ocrx_word' id='word_1_385' title='bbox 2189 1201 2305 1253; x_wconf 79' lang='grc' dir='ltr'><strong>Ἑνὶ</strong></span> <span class='ocrx_word' id='word_1_386' title='bbox 2357 1201 2488 1268; x_wconf 78' lang='grc' dir='ltr'>γοῦν</span> <span class='ocrx_word' id='word_1_387' title='bbox 2535 1200 2766 1254; x_wconf 70' lang='grc' dir='ltr'>ἐκείνων</span> <span class='ocrx_word' id='word_1_388' title='bbox 2796 1201 3125 1271; x_wconf 69' lang='grc' dir='ltr'>θεραπαινὶς</span> <span class='ocrx_word' id='word_1_389' title='bbox 3155 1196 3245 1272; x_wconf 80' lang='grc' dir='ltr'>ἦν,</span> <span class='ocrx_word' id='word_1_390' title='bbox 3281 1201 3314 1271; x_wconf 75' lang='grc' dir='ltr'>ἢ</span> <span class='ocrx_word' id='word_1_391' title='bbox 3345 1200 3409 1270; x_wconf 73' lang='grc' dir='ltr'>δὴ</span> <span class='ocrx_word' id='word_1_392' title='bbox 3444 1201 3576 1268; x_wconf 85' lang='grc' dir='ltr'>πρός</span> <span class='ocrx_word' id='word_1_393' title='bbox 3610 1217 3755 1258; x_wconf 87' lang='grc' dir='ltr'>τινος</span> 
     </span>
    </p>
   </div>
   <div class='ocr_carea' id='block_1_56' title="bbox 2178 1292 3752 1364">
    <p class='ocr_par' dir='ltr' id='par_1_56' title="bbox 2178 1292 3752 1364">
     <span class='ocr_line' id='line_1_56' title="bbox 2178 1292 3752 1364; baseline -0.003 -17"><span class='ocrx_word' id='word_1_394' title='bbox 2178 1294 2493 1356; x_wconf 78' lang='grc' dir='ltr'><strong>ἀκολάστως</strong></span> <span class='ocrx_word' id='word_1_395' title='bbox 2523 1293 2972 1364; x_wconf 82' lang='grc' dir='ltr'>ὲκπορνευθεῖσα,</span> <span class='ocrx_word' id='word_1_396' title='bbox 3025 1295 3150 1347; x_wconf 80' lang='grc' dir='ltr'>ἐπεὶ</span> <span class='ocrx_word' id='word_1_397' title='bbox 3197 1295 3226 1345; x_wconf 87' lang='grc' dir='ltr'><strong>ό</strong></span> <span class='ocrx_word' id='word_1_398' title='bbox 3251 1292 3346 1345; x_wconf 82' lang='grc' dir='ltr'><strong>τοῦ</strong></span> <span class='ocrx_word' id='word_1_399' title='bbox 3374 1293 3534 1344; x_wconf 89' lang='grc' dir='ltr'>τόκου</span> <span class='ocrx_word' id='word_1_400' title='bbox 3559 1293 3752 1359; x_wconf 78' lang='grc' dir='ltr'>ἐνέστη</span> 
     </span>
    </p>
   </div>
   <div class='ocr_carea' id='block_1_57' title="bbox 2179 1381 3754 1454">
    <p class='ocr_par' dir='ltr' id='par_1_57' title="bbox 2179 1381 3754 1454">
     <span class='ocr_line' id='line_1_57' title="bbox 2179 1381 3754 1454; baseline -0.003 -17"><span class='ocrx_word' id='word_1_401' title='bbox 2179 1385 2394 1454; x_wconf 60' lang='grc' dir='ltr'>καιρός,</span> <span class='ocrx_word' id='word_1_402' title='bbox 2445 1384 2584 1453; x_wconf 75' lang='grc' dir='ltr'>πρὸς</span> <span class='ocrx_word' id='word_1_403' title='bbox 2633 1385 2741 1436; x_wconf 84' lang='grc' dir='ltr'>τῶν</span> <span class='ocrx_word' id='word_1_404' title='bbox 2796 1384 3074 1436; x_wconf 82' lang='grc' dir='ltr'><strong>δεσποτῶν</strong></span> <span class='ocrx_word' id='word_1_405' title='bbox 3125 1383 3470 1452; x_wconf 66' lang='grc' dir='ltr'>ἠναγκάζετο</span> <span class='ocrx_word' id='word_1_406' title='bbox 3527 1381 3620 1434; x_wconf 78' lang='grc' dir='ltr'><strong>τὸν</strong></span> <span class='ocrx_word' id='word_1_407' title='bbox 3657 1381 3754 1433; x_wconf 74' lang='grc' dir='ltr'>τοῦ</span> 
     </span>
    </p>
   </div>
   <div class='ocr_carea' id='block_1_58' title="bbox 2178 1470 3754 1542">
    <p class='ocr_par' dir='ltr' id='par_1_58' title="bbox 2178 1470 3754 1542">
     <span class='ocr_line' id='line_1_58' title="bbox 2178 1470 3754 1542; baseline -0.004 -14"><span class='ocrx_word' id='word_1_408' title='bbox 2178 1475 2343 1537; x_wconf 80' lang='grc' dir='ltr'>ἄγους</span> <span class='ocrx_word' id='word_1_409' title='bbox 2396 1475 2608 1541; x_wconf 68' lang='grc' dir='ltr'>ππτέρα</span> <span class='ocrx_word' id='word_1_410' title='bbox 2667 1473 3070 1542; x_wconf 83' lang='grc' dir='ltr'>διερμηνεύειν.</span> <span class='ocrx_word' id='word_1_411' title='bbox 3117 1473 3182 1525; x_wconf 81' lang='grc' dir='ltr'><em>Ἢ</em></span> <span class='ocrx_word' id='word_1_412' title='bbox 3215 1473 3270 1525; x_wconf 81' lang='grc' dir='ltr'>δὲ</span> <span class='ocrx_word' id='word_1_413' title='bbox 3306 1473 3397 1526; x_wconf 62' lang='grc' dir='ltr'>τὴν</span> <span class='ocrx_word' id='word_1_414' title='bbox 3450 1470 3754 1539; x_wconf 83' lang='grc' dir='ltr'>Συμεώνην</span> 
     </span>
    </p>
   </div>
   <div class='ocr_carea' id='block_1_59' title="bbox 2177 1563 3757 1634">
    <p class='ocr_par' dir='ltr' id='par_1_59' title="bbox 2177 1563 3757 1634">
     <span class='ocr_line' id='line_1_59' title="bbox 2177 1563 3757 1634; baseline -0.002 -16"><span class='ocrx_word' id='word_1_415' title='bbox 2177 1565 2423 1619; x_wconf 73' lang='grc' dir='ltr'>διέϐαλλε</span> <span class='ocrx_word' id='word_1_416' title='bbox 2456 1565 2687 1626; x_wconf 73' lang='grc' dir='ltr'>σκοτῖως</span> <span class='ocrx_word' id='word_1_417' title='bbox 2719 1566 2858 1634; x_wconf 81' lang='grc' dir='ltr'>αὐτῇ</span> <span class='ocrx_word' id='word_1_418' title='bbox 2897 1565 3312 1634; x_wconf 83' lang='grc' dir='ltr'>συμπλακῆναι,</span> <span class='ocrx_word' id='word_1_419' title='bbox 3343 1564 3440 1617; x_wconf 82' lang='grc' dir='ltr'>καὶ</span> <span class='ocrx_word' id='word_1_420' title='bbox 3463 1563 3757 1627; x_wconf 72' lang='grc' dir='ltr'>ὲξὲκείνου</span> 
     </span>
    </p>
   </div>
   <div class='ocr_carea' id='block_1_60' title="bbox 2179 1643 3755 1726">
    <p class='ocr_par' dir='ltr' id='par_1_60' title="bbox 2179 1643 3755 1726">
     <span class='ocr_line' id='line_1_60' title="bbox 2179 1643 3755 1726; baseline 0.001 -17"><span class='ocrx_word' id='word_1_421' title='bbox 2179 1660 2472 1725; x_wconf 60' lang='grc' dir='ltr'>κυοφορεῖν</span> <span class='ocrx_word' id='word_1_422' title='bbox 2494 1673 2508 1686; x_wconf 78' lang='grc'><strong><em>⁸</em></strong></span> <span class='ocrx_word' id='word_1_423' title='bbox 2531 1657 2627 1709; x_wconf 69' lang='grc' dir='ltr'>καὶ</span> <span class='ocrx_word' id='word_1_424' title='bbox 2657 1657 2947 1726; x_wconf 84' lang='grc' dir='ltr'>διώμνυτο.</span> <span class='ocrx_word' id='word_1_425' title='bbox 2969 1651 3004 1726; x_wconf 81' lang='grc' dir='ltr'>ἦ</span> <span class='ocrx_word' id='word_1_426' title='bbox 3036 1643 3150 1726; x_wconf 38' lang='grc' dir='ltr'>’μὴν</span> <span class='ocrx_word' id='word_1_427' title='bbox 3171 1655 3345 1717; x_wconf 67' lang='grc' dir='ltr'>οὕτως</span> <span class='ocrx_word' id='word_1_428' title='bbox 3371 1657 3517 1726; x_wconf 79' lang='grc' dir='ltr'>ἔχειν</span> <span class='ocrx_word' id='word_1_429' title='bbox 3546 1656 3755 1725; x_wconf 83' lang='grc' dir='ltr'>διισχυ-</span> 
     </span>
    </p>
   </div>
   <div class='ocr_carea' id='block_1_61' title="bbox 2181 1749 3758 1820">
    <p class='ocr_par' dir='ltr' id='par_1_61' title="bbox 2181 1749 3758 1820">
     <span class='ocr_line' id='line_1_61' title="bbox 2181 1749 3758 1820; baseline 0.002 -20"><span class='ocrx_word' id='word_1_430' title='bbox 2181 1751 2466 1820; x_wconf 78' lang='grc' dir='ltr'>ριζομένη,</span> <span class='ocrx_word' id='word_1_431' title='bbox 2508 1751 2601 1801; x_wconf 70' lang='grc' dir='ltr'>καὶ</span> <span class='ocrx_word' id='word_1_432' title='bbox 2649 1752 2703 1802; x_wconf 74' lang='grc' dir='ltr'>εἷ</span> <span class='ocrx_word' id='word_1_433' title='bbox 2753 1767 2816 1812; x_wconf 84' lang='grc' dir='ltr'><strong>γε</strong></span> <span class='ocrx_word' id='word_1_434' title='bbox 2871 1750 3001 1812; x_wconf 87' lang='grc' dir='ltr'>δέοι,</span> <span class='ocrx_word' id='word_1_435' title='bbox 3039 1749 3133 1802; x_wconf 78' lang='grc' dir='ltr'><strong>καὶ</strong></span> <span class='ocrx_word' id='word_1_436' title='bbox 3161 1751 3240 1811; x_wconf 85' lang='grc' dir='ltr'><strong>είς</strong></span> <span class='ocrx_word' id='word_1_437' title='bbox 3281 1749 3404 1818; x_wconf 74' lang='grc' dir='ltr'>ὄψιν</span> <span class='ocrx_word' id='word_1_438' title='bbox 3457 1749 3758 1820; x_wconf 78' lang='grc' dir='ltr'>διελέγχειν</span> 
     </span>
    </p>
   </div>
   <div class='ocr_carea' id='block_1_62' title="bbox 2180 1836 3756 1912">
    <p class='ocr_par' dir='ltr' id='par_1_62' title="bbox 2180 1836 3756 1912">
     <span class='ocr_line' id='line_1_62' title="bbox 2180 1836 3756 1912; baseline 0.002 -20"><span class='ocrx_word' id='word_1_439' title='bbox 2180 1841 2363 1894; x_wconf 79' lang='grc' dir='ltr'>αὐτόν.</span> <span class='ocrx_word' id='word_1_440' title='bbox 2405 1841 2492 1904; x_wconf 82' lang='grc' dir='ltr'><strong>Ὠς</strong></span> <span class='ocrx_word' id='word_1_441' title='bbox 2529 1841 2573 1894; x_wconf 84' lang='grc' dir='ltr'>δ’</span> <span class='ocrx_word' id='word_1_442' title='bbox 2602 1842 2684 1904; x_wconf 86' lang='grc' dir='ltr'><strong>είς</strong></span> <span class='ocrx_word' id='word_1_443' title='bbox 2719 1836 2840 1893; x_wconf 79' lang='grc' dir='ltr'>ὦτα</span> <span class='ocrx_word' id='word_1_444' title='bbox 2877 1837 2980 1912; x_wconf 75' lang='grc' dir='ltr'><strong>ἧκε</strong></span> <span class='ocrx_word' id='word_1_445' title='bbox 3033 1839 3195 1894; x_wconf 80' lang='grc' dir='ltr'>τοῦτο</span> <span class='ocrx_word' id='word_1_446' title='bbox 3223 1841 3302 1910; x_wconf 85' lang='grc' dir='ltr'>τῷ</span> <span class='ocrx_word' id='word_1_447' title='bbox 3332 1841 3602 1910; x_wconf 82' lang='grc' dir='ltr'>Συμεῶνι,</span> <span class='ocrx_word' id='word_1_448' title='bbox 3629 1861 3756 1896; x_wconf 76' lang='grc' dir='ltr'><strong>συν⁸</strong></span> 
     </span>
    </p>
   </div>
   <div class='ocr_carea' id='block_1_63' title="bbox 2180 1932 3756 2008">
    <p class='ocr_par' dir='ltr' id='par_1_63' title="bbox 2180 1932 3756 2008">
     <span class='ocr_line' id='line_1_63' title="bbox 2180 1932 3756 2008; baseline -0.001 -22"><span class='ocrx_word' id='word_1_449' title='bbox 2180 1933 2350 1986; x_wconf 88' lang='grc' dir='ltr'>ετίθει</span> <span class='ocrx_word' id='word_1_450' title='bbox 2381 1933 2477 1986; x_wconf 79' lang='grc' dir='ltr'>καὶ</span> <span class='ocrx_word' id='word_1_451' title='bbox 2509 1934 2667 1996; x_wconf 68' lang='grc' dir='ltr'>αὐτὸς</span> <span class='ocrx_word' id='word_1_452' title='bbox 2706 1932 2868 2003; x_wconf 81' lang='grc' dir='ltr'>δῆθεν</span> <span class='ocrx_word' id='word_1_453' title='bbox 2894 1949 2907 1963; x_wconf 71' lang='grc' dir='ltr'><strong>ο</strong></span> <span class='ocrx_word' id='word_1_454' title='bbox 2945 1935 3124 2002; x_wconf 84' lang='grc' dir='ltr'>σάρκα</span> <span class='ocrx_word' id='word_1_455' title='bbox 3161 1933 3270 2000; x_wconf 81' lang='grc' dir='ltr'>γὰρ</span> <span class='ocrx_word' id='word_1_456' title='bbox 3295 1935 3480 2002; x_wconf 76' lang='grc' dir='ltr'>φορεῖν</span> <span class='ocrx_word' id='word_1_457' title='bbox 3511 1935 3605 1987; x_wconf 75' lang='grc' dir='ltr'>καὶ</span> <span class='ocrx_word' id='word_1_458' title='bbox 3662 1935 3756 2008; x_wconf 80' lang='grc' dir='ltr'>τὸν</span> 
     </span>
    </p>
   </div>
   <div class='ocr_carea' id='block_1_64' title="bbox 2178 2023 3756 2094">
    <p class='ocr_par' dir='ltr' id='par_1_64' title="bbox 2178 2023 3756 2094">
     <span class='ocr_line' id='line_1_64' title="bbox 2178 2023 3756 2094; baseline -0.001 -16"><span class='ocrx_word' id='word_1_459' title='bbox 2178 2026 2390 2078; x_wconf 74' lang='grc' dir='ltr'>ὄλισθον</span> <span class='ocrx_word' id='word_1_460' title='bbox 2445 2024 2806 2094; x_wconf 68' lang='grc' dir='ltr'>ἐπιφέρεσθαι</span> <span class='ocrx_word' id='word_1_461' title='bbox 2861 2024 3068 2092; x_wconf 72' lang='grc' dir='ltr'>ἔλεγεν.</span> <span class='ocrx_word' id='word_1_462' title='bbox 3145 2024 3297 2079; x_wconf 76' lang='grc' dir='ltr'>Ἐπεὶ</span> <span class='ocrx_word' id='word_1_463' title='bbox 3349 2024 3406 2076; x_wconf 80' lang='grc' dir='ltr'>δὲ</span> <span class='ocrx_word' id='word_1_464' title='bbox 3440 2023 3588 2092; x_wconf 68' lang='grc' dir='ltr'>παρὰ</span> <span class='ocrx_word' id='word_1_465' title='bbox 3619 2026 3756 2078; x_wconf 77' lang='grc' dir='ltr'>πᾶσι</span> 
     </span>
    </p>
   </div>
   <div class='ocr_carea' id='block_1_65' title="bbox 2179 2109 3755 2185">
    <p class='ocr_par' dir='ltr' id='par_1_65' title="bbox 2179 2109 3755 2185">
     <span class='ocr_line' id='line_1_65' title="bbox 2179 2109 3755 2185; baseline -0.001 -18"><span class='ocrx_word' id='word_1_466' title='bbox 2179 2114 2547 2183; x_wconf 68' lang='grc' dir='ltr'>διεθρυλλεῑτο</span> <span class='ocrx_word' id='word_1_467' title='bbox 2581 2115 2672 2165; x_wconf 63' lang='grc' dir='ltr'>καὶ</span> <span class='ocrx_word' id='word_1_468' title='bbox 2705 2113 2972 2182; x_wconf 75' lang='grc' dir='ltr'><strong>αἰσχύνης</strong></span> <span class='ocrx_word' id='word_1_469' title='bbox 3001 2113 3251 2182; x_wconf 75' lang='grc' dir='ltr'><strong>ἔμπλεως</strong></span> <span class='ocrx_word' id='word_1_470' title='bbox 3271 2109 3339 2185; x_wconf 80' lang='grc' dir='ltr'>ἦν</span> <span class='ocrx_word' id='word_1_471' title='bbox 3367 2113 3442 2173; x_wconf 84' lang='grc' dir='ltr'>ὣς</span> <span class='ocrx_word' id='word_1_472' title='bbox 3465 2130 3528 2180; x_wconf 91' lang='grc' dir='ltr'><strong>γε</strong></span> <span class='ocrx_word' id='word_1_473' title='bbox 3557 2114 3755 2177; x_wconf 76' lang='grc' dir='ltr'>ἐδόκει,</span> 
     </span>
    </p>
   </div>
   <div class='ocr_carea' id='block_1_66' title="bbox 2179 2203 3750 2274">
    <p class='ocr_par' dir='ltr' id='par_1_66' title="bbox 2179 2203 3750 2274">
     <span class='ocr_line' id='line_1_66' title="bbox 2179 2203 3750 2274; baseline -0.003 -15"><span class='ocrx_word' id='word_1_474' title='bbox 2179 2205 2342 2274; x_wconf 80' lang='grc' dir='ltr'>δῆθεν</span> <span class='ocrx_word' id='word_1_475' title='bbox 2378 2206 2732 2274; x_wconf 69' lang='grc' dir='ltr'>σοφιζόμενος</span> <span class='ocrx_word' id='word_1_476' title='bbox 2755 2203 3082 2259; x_wconf 77' lang='grc' dir='ltr'>ὑπέστελλεν</span> <span class='ocrx_word' id='word_1_477' title='bbox 3111 2205 3326 2270; x_wconf 74' lang='grc' dir='ltr'>ἑαυτὸν,</span> <span class='ocrx_word' id='word_1_478' title='bbox 3356 2205 3450 2258; x_wconf 71' lang='grc' dir='ltr'>καὶ</span> <span class='ocrx_word' id='word_1_479' title='bbox 3487 2206 3585 2274; x_wconf 74' lang='grc' dir='ltr'>τὴν</span> <span class='ocrx_word' id='word_1_480' title='bbox 3614 2204 3750 2258; x_wconf 82' lang='grc' dir='ltr'>αἱδὼ</span> 
     </span>
    </p>
   </div>
   <div class='ocr_carea' id='block_1_67' title="bbox 2182 2293 3758 2368">
    <p class='ocr_par' dir='ltr' id='par_1_67' title="bbox 2182 2293 3758 2368">
     <span class='ocr_line' id='line_1_67' title="bbox 2182 2293 3758 2368; baseline 0.001 -20"><span class='ocrx_word' id='word_1_481' title='bbox 2182 2299 2480 2368; x_wconf 78' lang='grc' dir='ltr'>πρόσχημα</span> <span class='ocrx_word' id='word_1_482' title='bbox 2515 2297 2776 2350; x_wconf 66' lang='grc' dir='ltr'>ἐπετίθει.</span> <span class='ocrx_word' id='word_1_483' title='bbox 2816 2298 2906 2358; x_wconf 80' lang='grc' dir='ltr'>Ὠς</span> <span class='ocrx_word' id='word_1_484' title='bbox 2944 2295 2990 2348; x_wconf 81' lang='grc' dir='ltr'>δ’</span> <span class='ocrx_word' id='word_1_485' title='bbox 3030 2293 3124 2350; x_wconf 74' lang='grc' dir='ltr'>οὖν</span> <span class='ocrx_word' id='word_1_486' title='bbox 3154 2298 3187 2364; x_wconf 84' lang='grc' dir='ltr'><strong>ή</strong></span> <span class='ocrx_word' id='word_1_487' title='bbox 3213 2299 3378 2365; x_wconf 86' lang='grc' dir='ltr'>κυρία</span> <span class='ocrx_word' id='word_1_488' title='bbox 3412 2293 3549 2367; x_wconf 79' lang='grc' dir='ltr'>ἧκεν</span> <span class='ocrx_word' id='word_1_489' title='bbox 3572 2297 3758 2366; x_wconf 78' lang='grc' dir='ltr'>ἡμέρα</span> 
     </span>
    </p>
   </div>
   <div class='ocr_carea' id='block_1_68' title="bbox 2181 2388 3759 2458">
    <p class='ocr_par' dir='ltr' id='par_1_68' title="bbox 2181 2388 3759 2458">
     <span class='ocr_line' id='line_1_68' title="bbox 2181 2388 3759 2458; baseline 0.001 -18"><span class='ocrx_word' id='word_1_490' title='bbox 2181 2389 2276 2441; x_wconf 82' lang='grc' dir='ltr'>τοῦ</span> <span class='ocrx_word' id='word_1_491' title='bbox 2309 2388 2555 2451; x_wconf 76' lang='grc' dir='ltr'>τοκετοῦ,</span> <span class='ocrx_word' id='word_1_492' title='bbox 2582 2389 2676 2443; x_wconf 60' lang='grc' dir='ltr'><strong>καὶ⁹</strong></span> <span class='ocrx_word' id='word_1_493' title='bbox 2704 2388 2797 2440; x_wconf 70' lang='grc' dir='ltr'><strong>ἐπὶ</strong></span> <span class='ocrx_word' id='word_1_494' title='bbox 2820 2388 2930 2440; x_wconf 83' lang='grc' dir='ltr'>τῶν</span> <span class='ocrx_word' id='word_1_495' title='bbox 2957 2388 3230 2442; x_wconf 80' lang='grc' dir='ltr'>είωθότων</span> <span class='ocrx_word' id='word_1_496' title='bbox 3271 2388 3304 2457; x_wconf 78' lang='grc' dir='ltr'>ἡ</span> <span class='ocrx_word' id='word_1_497' title='bbox 3339 2388 3475 2458; x_wconf 82' lang='grc' dir='ltr'>γυνὴ</span> <span class='ocrx_word' id='word_1_498' title='bbox 3514 2389 3759 2457; x_wconf 78' lang='grc' dir='ltr'>καθῆστο</span> 
     </span>
    </p>
   </div>
   <div class='ocr_carea' id='block_1_69' title="bbox 2185 2478 3757 2549">
    <p class='ocr_par' dir='ltr' id='par_1_69' title="bbox 2185 2478 3757 2549">
     <span class='ocr_line' id='line_1_69' title="bbox 2185 2478 3757 2549; baseline -0.001 -18"><span class='ocrx_word' id='word_1_499' title='bbox 2185 2479 2522 2548; x_wconf 83' lang='grc' dir='ltr'>σκιμπόόων,</span> <span class='ocrx_word' id='word_1_500' title='bbox 2557 2480 2589 2548; x_wconf 80' lang='grc' dir='ltr'><strong>ὴ</strong></span> <span class='ocrx_word' id='word_1_501' title='bbox 2619 2479 2718 2548; x_wconf 79' lang='grc' dir='ltr'>μὲν</span> <span class='ocrx_word' id='word_1_502' title='bbox 2747 2478 2878 2540; x_wconf 73' lang='grc' dir='ltr'>ὠδὶς</span> <span class='ocrx_word' id='word_1_503' title='bbox 2923 2478 3284 2548; x_wconf 71' lang='grc' dir='ltr'>σφοδρότερον</span> <span class='ocrx_word' id='word_1_504' title='bbox 3317 2481 3757 2549; x_wconf 75' lang='grc' dir='ltr'>κατερρήγνυτο,</span> 
     </span>
    </p>
   </div>
   <div class='ocr_carea' id='block_1_70' title="bbox 2183 2569 3760 2640">
    <p class='ocr_par' dir='ltr' id='par_1_70' title="bbox 2183 2569 3760 2640">
     <span class='ocr_line' id='line_1_70' title="bbox 2183 2569 3760 2640; baseline 0 -17"><span class='ocrx_word' id='word_1_505' title='bbox 2183 2571 2513 2623; x_wconf 61' lang='grc' dir='ltr'>ἀνὰποιστον</span> <span class='ocrx_word' id='word_1_506' title='bbox 2569 2569 2671 2640; x_wconf 74' lang='grc' dir='ltr'><strong>τὴν</strong></span> <span class='ocrx_word' id='word_1_507' title='bbox 2721 2570 2995 2638; x_wconf 77' lang='grc' dir='ltr'><strong>ἀλγηδόνα</strong></span> <span class='ocrx_word' id='word_1_508' title='bbox 3043 2569 3490 2639; x_wconf 78' lang='grc' dir='ltr'>ὲργαζομόνη,ὲς</span> <span class='ocrx_word' id='word_1_509' title='bbox 3531 2571 3760 2638; x_wconf 74' lang='grc' dir='ltr'>ἔσχατον</span> 
     </span>
    </p>
   </div>
   <div class='ocr_carea' id='block_1_71' title="bbox 2183 2661 3757 2732">
    <p class='ocr_par' dir='ltr' id='par_1_71' title="bbox 2183 2661 3757 2732">
     <span class='ocr_line' id='line_1_71' title="bbox 2183 2661 3757 2732; baseline 0 -18"><span class='ocrx_word' id='word_1_510' title='bbox 2183 2661 2431 2715; x_wconf 85' lang='grc' dir='ltr'>κινδύνου</span> <span class='ocrx_word' id='word_1_511' title='bbox 2460 2678 2526 2713; x_wconf 86' lang='grc' dir='ltr'><strong>πε</strong></span> <span class='ocrx_word' id='word_1_512' title='bbox 2537 2661 2804 2732; x_wconf 79' lang='grc' dir='ltr'>ριιστῶσα</span> <span class='ocrx_word' id='word_1_513' title='bbox 2827 2662 2928 2732; x_wconf 77' lang='grc' dir='ltr'><strong>τὴν</strong></span> <span class='ocrx_word' id='word_1_514' title='bbox 2960 2661 3270 2731; x_wconf 77' lang='grc' dir='ltr'>ἄνθρωπον.</span> <span class='ocrx_word' id='word_1_515' title='bbox 3296 2662 3373 2714; x_wconf 82' lang='grc' dir='ltr'><strong>Οὐ</strong></span> <span class='ocrx_word' id='word_1_516' title='bbox 3405 2663 3512 2730; x_wconf 78' lang='grc' dir='ltr'>μὴν</span> <span class='ocrx_word' id='word_1_517' title='bbox 3537 2663 3564 2713; x_wconf 80' lang='grc' dir='ltr'><strong>ό</strong></span> <span class='ocrx_word' id='word_1_518' title='bbox 3595 2663 3757 2726; x_wconf 78' lang='grc' dir='ltr'>τόκος</span> 
     </span>
    </p>
   </div>
   <div class='ocr_carea' id='block_1_72' title="bbox 2184 2752 3760 2824">
    <p class='ocr_par' dir='ltr' id='par_1_72' title="bbox 2184 2752 3760 2824">
     <span class='ocr_line' id='line_1_72' title="bbox 2184 2752 3760 2824; baseline 0.001 -19"><span class='ocrx_word' id='word_1_519' title='bbox 2184 2753 2548 2824; x_wconf 70' lang='grc' dir='ltr'>προέκοπτεν,</span> <span class='ocrx_word' id='word_1_520' title='bbox 2581 2752 2695 2806; x_wconf 85' lang='grc' dir='ltr'>ἀλλ’</span> <span class='ocrx_word' id='word_1_521' title='bbox 2735 2753 3050 2818; x_wconf 74' lang='grc' dir='ltr'>ἐξεπίτηδες</span> <span class='ocrx_word' id='word_1_522' title='bbox 3088 2754 3392 2822; x_wconf 78' lang='grc' dir='ltr'>ἀφιγμένον</span> <span class='ocrx_word' id='word_1_523' title='bbox 3415 2754 3504 2804; x_wconf 79' lang='grc' dir='ltr'>τὸν</span> <span class='ocrx_word' id='word_1_524' title='bbox 3536 2755 3606 2806; x_wconf 86' lang='grc' dir='ltr'>Συ</span> <span class='ocrx_word' id='word_1_525' title='bbox 3617 2754 3760 2823; x_wconf 84' lang='grc' dir='ltr'><strong>μεώ-</strong></span> 
     </span>
    </p>
   </div>
   <div class='ocr_carea' id='block_1_73' title="bbox 2182 2841 3761 2916">
    <p class='ocr_par' dir='ltr' id='par_1_73' title="bbox 2182 2841 3761 2916">
     <span class='ocr_line' id='line_1_73' title="bbox 2182 2841 3761 2916; baseline 0 -20"><span class='ocrx_word' id='word_1_526' title='bbox 2182 2861 2299 2912; x_wconf 84' lang='grc' dir='ltr'>νην,</span> <span class='ocrx_word' id='word_1_527' title='bbox 2327 2841 2570 2894; x_wconf 75' lang='grc' dir='ltr'>ἱκέτευον</span> <span class='ocrx_word' id='word_1_528' title='bbox 2605 2843 2882 2911; x_wconf 77' lang='grc' dir='ltr'>εὔχεσθαι.</span> <span class='ocrx_word' id='word_1_529' title='bbox 2936 2843 2996 2894; x_wconf 82' lang='grc'><strong>’0</strong></span> <span class='ocrx_word' id='word_1_530' title='bbox 3018 2843 3074 2896; x_wconf 81' lang='grc' dir='ltr'>δὲ</span> <span class='ocrx_word' id='word_1_531' title='bbox 3119 2845 3340 2896; x_wconf 83' lang='grc' dir='ltr'>ἀνεῖπεν</span> <span class='ocrx_word' id='word_1_532' title='bbox 3371 2845 3650 2914; x_wconf 69' lang='grc' dir='ltr'>ἐμφανῶς,</span> <span class='ocrx_word' id='word_1_533' title='bbox 3681 2846 3761 2916; x_wconf 77' lang='grc' dir='ltr'>μὴ</span> 
     </span>
    </p>
   </div>
   <div class='ocr_carea' id='block_1_74' title="bbox 2183 2922 3760 3004">
    <p class='ocr_par' dir='ltr' id='par_1_74' title="bbox 2183 2922 3760 3004">
     <span class='ocr_line' id='line_1_74' title="bbox 2183 2922 3760 3004; baseline -0.001 -20"><span class='ocrx_word' id='word_1_534' title='bbox 2183 2933 2451 3004; x_wconf 86' lang='grc' dir='ltr'>πρότερον</span> <span class='ocrx_word' id='word_1_535' title='bbox 2501 2932 2560 2984; x_wconf 73' lang='grc' dir='ltr'><strong>τὸ</strong></span> <span class='ocrx_word' id='word_1_536' title='bbox 2590 2922 3036 3002; x_wconf 65' lang='grc' dir='ltr'>κυοφοροῦμενον</span> <span class='ocrx_word' id='word_1_537' title='bbox 3090 2931 3183 2986; x_wconf 81' lang='grc' dir='ltr'>τὸν</span> <span class='ocrx_word' id='word_1_538' title='bbox 3221 2933 3377 3003; x_wconf 74' lang='grc' dir='ltr'>ἥλιον</span> <span class='ocrx_word' id='word_1_539' title='bbox 3413 2938 3760 3002; x_wconf 76' lang='grc' dir='ltr'>προσειπεῖν,</span> 
     </span>
    </p>
   </div>
   <div class='ocr_carea' id='block_1_75' title="bbox 2183 3009 3760 3096">
    <p class='ocr_par' dir='ltr' id='par_1_75' title="bbox 2183 3009 3760 3096">
     <span class='ocr_line' id='line_1_75' title="bbox 2183 3009 3760 3096; baseline -0.001 -19"><span class='ocrx_word' id='word_1_540' title='bbox 2183 3026 2350 3093; x_wconf 82' lang='grc' dir='ltr'>πρινὴ</span> <span class='ocrx_word' id='word_1_541' title='bbox 2386 3025 2477 3078; x_wconf 74' lang='grc' dir='ltr'>τὸν</span> <span class='ocrx_word' id='word_1_542' title='bbox 2509 3025 2725 3079; x_wconf 86' lang='grc' dir='ltr'>σκότιον</span> <span class='ocrx_word' id='word_1_543' title='bbox 2753 3024 2970 3092; x_wconf 77' lang='grc' dir='ltr'>πατέρα</span> <span class='ocrx_word' id='word_1_544' title='bbox 2997 3025 3058 3076; x_wconf 77' lang='grc' dir='ltr'>τὸ</span> <span class='ocrx_word' id='word_1_545' title='bbox 3085 3023 3308 3092; x_wconf 84' lang='grc' dir='ltr'>γύναιον</span> <span class='ocrx_word' id='word_1_546' title='bbox 3351 3009 3760 3096; x_wconf 57' lang='grc' dir='ltr'>παραδείξειευξ</span> 
     </span>
    </p>
   </div>
   <div class='ocr_carea' id='block_1_76' title="bbox 2185 3117 3764 3190">
    <p class='ocr_par' dir='ltr' id='par_1_76' title="bbox 2185 3117 3764 3190">
     <span class='ocr_line' id='line_1_76' title="bbox 2185 3117 3764 3190; baseline -0.001 -18"><span class='ocrx_word' id='word_1_547' title='bbox 2185 3119 2365 3190; x_wconf 80' lang='grc' dir='ltr'>Ὅπερ</span> <span class='ocrx_word' id='word_1_548' title='bbox 2396 3119 2584 3186; x_wconf 79' lang='grc' dir='ltr'>ἐπειδὴ</span> <span class='ocrx_word' id='word_1_549' title='bbox 2607 3119 2667 3171; x_wconf 80' lang='grc' dir='ltr'>τὸ</span> <span class='ocrx_word' id='word_1_550' title='bbox 2700 3118 2926 3186; x_wconf 90' lang='grc' dir='ltr'>γύναιον</span> <span class='ocrx_word' id='word_1_551' title='bbox 2961 3118 3262 3188; x_wconf 84' lang='grc' dir='ltr'>ὡμολόγει,</span> <span class='ocrx_word' id='word_1_552' title='bbox 3300 3119 3395 3170; x_wconf 71' lang='grc' dir='ltr'>καὶ</span> <span class='ocrx_word' id='word_1_553' title='bbox 3430 3118 3522 3170; x_wconf 82' lang='grc' dir='ltr'>τὸν</span> <span class='ocrx_word' id='word_1_554' title='bbox 3569 3117 3764 3189; x_wconf 78' lang='grc' dir='ltr'>ἀληθι-</span> 
     </span>
    </p>
   </div>
   <div class='ocr_carea' id='block_1_77' title="bbox 2184 3207 3764 3286">
    <p class='ocr_par' dir='ltr' id='par_1_77' title="bbox 2184 3207 3764 3286">
     <span class='ocr_line' id='line_1_77' title="bbox 2184 3207 3764 3286; baseline -0.002 -21"><span class='ocrx_word' id='word_1_555' title='bbox 2184 3212 2274 3266; x_wconf 77' lang='grc' dir='ltr'>νὸν</span> <span class='ocrx_word' id='word_1_556' title='bbox 2300 3213 2490 3265; x_wconf 79' lang='grc' dir='ltr'>ἀνεῖπε</span> <span class='ocrx_word' id='word_1_557' title='bbox 2541 3212 2782 3280; x_wconf 82' lang='grc' dir='ltr'>πατέρα,</span> <span class='ocrx_word' id='word_1_558' title='bbox 2845 3207 3008 3271; x_wconf 82' lang='grc' dir='ltr'>εὐθὺς</span> <span class='ocrx_word' id='word_1_559' title='bbox 3038 3208 3098 3262; x_wconf 86' lang='grc' dir='ltr'><strong>τὺ</strong></span> <span class='ocrx_word' id='word_1_560' title='bbox 3151 3207 3354 3278; x_wconf 84' lang='grc' dir='ltr'>βρέφος</span> <span class='ocrx_word' id='word_1_561' title='bbox 3403 3209 3620 3278; x_wconf 72' lang='grc' dir='ltr'>ἐξέθορε</span> <span class='ocrx_word' id='word_1_562' title='bbox 3660 3211 3764 3286; x_wconf 74' lang='grc' dir='ltr'>τῆς</span> 
     </span>
    </p>
   </div>
   <div class='ocr_carea' id='block_1_78' title="bbox 2185 3301 3756 3374">
    <p class='ocr_par' dir='ltr' id='par_1_78' title="bbox 2185 3301 3756 3374">
     <span class='ocr_line' id='line_1_78' title="bbox 2185 3301 3756 3374; baseline 0 -18"><span class='ocrx_word' id='word_1_563' title='bbox 2185 3306 2447 3374; x_wconf 72' lang='grc' dir='ltr'>γαστρὸς,</span> <span class='ocrx_word' id='word_1_564' title='bbox 2473 3303 2571 3373; x_wconf 78' lang='grc' dir='ltr'>τῆς</span> <span class='ocrx_word' id='word_1_565' title='bbox 2604 3302 2862 3373; x_wconf 79' lang='grc' dir='ltr'>ἀληθείας</span> <span class='ocrx_word' id='word_1_566' title='bbox 2893 3301 3086 3372; x_wconf 79' lang='grc' dir='ltr'>ὥσπερ</span> <span class='ocrx_word' id='word_1_567' title='bbox 3115 3302 3294 3354; x_wconf 78' lang='grc' dir='ltr'>έκεῖνο</span> <span class='ocrx_word' id='word_1_568' title='bbox 3317 3303 3756 3372; x_wconf 68' lang='grc' dir='ltr'>μαιευσαμέιης.</span> 
     </span>
    </p>
   </div>
   <div class='ocr_carea' id='block_1_79' title="bbox 2187 3393 3762 3465">
    <p class='ocr_par' dir='ltr' id='par_1_79' title="bbox 2187 3393 3762 3465">
     <span class='ocr_line' id='line_1_79' title="bbox 2187 3393 3762 3465; baseline -0.003 -16"><span class='ocrx_word' id='word_1_569' title='bbox 2187 3399 2295 3450; x_wconf 78' lang='grc' dir='ltr'><strong>Καὶ</strong></span> <span class='ocrx_word' id='word_1_570' title='bbox 2349 3397 2538 3450; x_wconf 82' lang='grc' dir='ltr'>ἀλλοτε</span> <span class='ocrx_word' id='word_1_571' title='bbox 2594 3397 2649 3448; x_wconf 82' lang='grc' dir='ltr'>δὲ</span> <span class='ocrx_word' id='word_1_572' title='bbox 2700 3397 3002 3465; x_wconf 86' lang='grc' dir='ltr'>Συμεώνης</span> <span class='ocrx_word' id='word_1_573' title='bbox 3064 3393 3222 3459; x_wconf 70' lang='grc' dir='ltr'>οὗτος</span> <span class='ocrx_word' id='word_1_574' title='bbox 3264 3399 3343 3459; x_wconf 76' lang='grc' dir='ltr'>εἷς</span> <span class='ocrx_word' id='word_1_575' title='bbox 3375 3413 3428 3447; x_wconf 90' lang='grc' dir='ltr'><strong>τι</strong></span> <span class='ocrx_word' id='word_1_576' title='bbox 3483 3396 3762 3464; x_wconf 69' lang='grc' dir='ltr'>δωμάτιον</span> 
     </span>
    </p>
   </div>
   <div class='ocr_carea' id='block_1_80' title="bbox 2185 3486 3758 3558">
    <p class='ocr_par' dir='ltr' id='par_1_80' title="bbox 2185 3486 3758 3558">
     <span class='ocr_line' id='line_1_80' title="bbox 2185 3486 3758 3558; baseline 0.001 -20"><span class='ocrx_word' id='word_1_577' title='bbox 2185 3486 2371 3538; x_wconf 76' lang='grc' dir='ltr'>εἰσιὼν</span> <span class='ocrx_word' id='word_1_578' title='bbox 2397 3487 2656 3554; x_wconf 75' lang='grc' dir='ltr'>γυναικὸς</span> <span class='ocrx_word' id='word_1_579' title='bbox 2695 3487 3020 3554; x_wconf 82' lang='grc' dir='ltr'>ἀκολάστου,</span> <span class='ocrx_word' id='word_1_580' title='bbox 3073 3492 3166 3543; x_wconf 71' lang='grc' dir='ltr'>καὶ</span> <span class='ocrx_word' id='word_1_581' title='bbox 3219 3489 3316 3549; x_wconf 71' lang='grc' dir='ltr'><strong>τὰς</strong></span> <span class='ocrx_word' id='word_1_582' title='bbox 3352 3488 3524 3558; x_wconf 81' lang='grc' dir='ltr'>θύρας</span> <span class='ocrx_word' id='word_1_583' title='bbox 3552 3487 3758 3554; x_wconf 78' lang='grc' dir='ltr'>ἐγκλει-</span> 
     </span>
    </p>
   </div>
   <div class='ocr_carea' id='block_1_81' title="bbox 2186 3579 3760 3650">
    <p class='ocr_par' dir='ltr' id='par_1_81' title="bbox 2186 3579 3760 3650">
     <span class='ocr_line' id='line_1_81' title="bbox 2186 3579 3760 3650; baseline 0.001 -22"><span class='ocrx_word' id='word_1_584' title='bbox 2186 3579 2441 3646; x_wconf 73' lang='grc' dir='ltr'>σάμενος.</span> <span class='ocrx_word' id='word_1_585' title='bbox 2472 3579 2630 3647; x_wconf 84' lang='grc' dir='ltr'>μόνος</span> <span class='ocrx_word' id='word_1_586' title='bbox 2653 3580 2791 3650; x_wconf 77' lang='grc' dir='ltr'>μόνῃ</span> <span class='ocrx_word' id='word_1_587' title='bbox 2813 3580 3148 3650; x_wconf 76' lang='grc' dir='ltr'>ἐγχρονίζων</span> <span class='ocrx_word' id='word_1_588' title='bbox 3169 3580 3432 3650; x_wconf 83' lang='grc' dir='ltr'>παρεῖλκε</span> <span class='ocrx_word' id='word_1_589' title='bbox 3455 3580 3555 3650; x_wconf 81' lang='grc' dir='ltr'>τὴν</span> <span class='ocrx_word' id='word_1_590' title='bbox 3585 3581 3760 3650; x_wconf 85' lang='grc' dir='ltr'>ὥραν·</span> 
     </span>
    </p>
   </div>
   <div class='ocr_carea' id='block_1_82' title="bbox 2185 3667 3766 3742">
    <p class='ocr_par' dir='ltr' id='par_1_82' title="bbox 2185 3667 3766 3742">
     <span class='ocr_line' id='line_1_82' title="bbox 2185 3667 3766 3742; baseline 0.001 -22"><span class='ocrx_word' id='word_1_591' title='bbox 2185 3667 2377 3722; x_wconf 78' lang='grc' dir='ltr'>ἔπειτα</span> <span class='ocrx_word' id='word_1_592' title='bbox 2409 3670 2741 3733; x_wconf 84' lang='grc' dir='ltr'>διαπετάσας</span> <span class='ocrx_word' id='word_1_593' title='bbox 2790 3672 2891 3735; x_wconf 83' lang='grc' dir='ltr'>τὰς</span> <span class='ocrx_word' id='word_1_594' title='bbox 2931 3670 3126 3742; x_wconf 84' lang='grc' dir='ltr'>θύρας,</span> <span class='ocrx_word' id='word_1_595' title='bbox 3163 3672 3386 3739; x_wconf 82' lang='grc' dir='ltr'>φεύγων</span> <span class='ocrx_word' id='word_1_596' title='bbox 3417 3672 3601 3742; x_wconf 69' lang='grc' dir='ltr'>ἀπῄει,</span> <span class='ocrx_word' id='word_1_597' title='bbox 3632 3689 3766 3722; x_wconf 74' lang='grc' dir='ltr'>παν-</span> 
     </span>
    </p>
   </div>
   <div class='ocr_carea' id='block_1_83' title="bbox 2185 3759 3769 3831">
    <p class='ocr_par' dir='ltr' id='par_1_83' title="bbox 2185 3759 3769 3831">
     <span class='ocr_line' id='line_1_83' title="bbox 2185 3759 3769 3831; baseline 0.003 -22"><span class='ocrx_word' id='word_1_598' title='bbox 2185 3762 2355 3829; x_wconf 77' lang='grc' dir='ltr'>ταχοῦ</span> <span class='ocrx_word' id='word_1_599' title='bbox 2391 3759 2660 3829; x_wconf 79' lang='grc' dir='ltr'>περιθέων</span> <span class='ocrx_word' id='word_1_600' title='bbox 2683 3761 2782 3829; x_wconf 75' lang='grc' dir='ltr'>τὴν</span> <span class='ocrx_word' id='word_1_601' title='bbox 2832 3761 2979 3830; x_wconf 51' lang='lat' dir='ltr'><strong>ww,</strong></span> <span class='ocrx_word' id='word_1_602' title='bbox 3030 3763 3105 3831; x_wconf 77' lang='grc' dir='ltr'>μή</span> <span class='ocrx_word' id='word_1_603' title='bbox 3160 3761 3261 3814; x_wconf 79' lang='grc' dir='ltr'><strong>πού</strong></span> <span class='ocrx_word' id='word_1_604' title='bbox 3297 3779 3384 3824; x_wconf 85' lang='grc' dir='ltr'><strong>τις</strong></span> <span class='ocrx_word' id='word_1_605' title='bbox 3409 3763 3571 3830; x_wconf 79' lang='grc' dir='ltr'>δῆθεν</span> <span class='ocrx_word' id='word_1_606' title='bbox 3597 3762 3769 3814; x_wconf 65' lang='grc' dir='ltr'>αὑτὸν</span> 
     </span>
    </p>
   </div>
   <div class='ocr_carea' id='block_1_84' title="bbox 2184 3834 3766 3922">
    <p class='ocr_par' dir='ltr' id='par_1_84' title="bbox 2184 3834 3766 3922">
     <span class='ocr_line' id='line_1_84' title="bbox 2184 3834 3766 3922; baseline 0.001 -20"><span class='ocrx_word' id='word_1_607' title='bbox 2184 3849 2355 3920; x_wconf 74' lang='grc' dir='ltr'>ὁρῴη.</span> <span class='ocrx_word' id='word_1_608' title='bbox 2389 3850 2547 3903; x_wconf 76' lang='grc' dir='ltr'>Οὕτω</span> <span class='ocrx_word' id='word_1_609' title='bbox 2578 3851 2633 3903; x_wconf 78' lang='grc' dir='ltr'>δὲ</span> <span class='ocrx_word' id='word_1_610' title='bbox 2657 3851 2887 3920; x_wconf 77' lang='grc' dir='ltr'>δράσας,</span> <span class='ocrx_word' id='word_1_611' title='bbox 2916 3852 3176 3906; x_wconf 80' lang='grc' dir='ltr'>ὑπόνοιαν</span> <span class='ocrx_word' id='word_1_612' title='bbox 3202 3834 3466 3922; x_wconf 72' lang='grc' dir='ltr'>παρεῖχεν</span> <span class='ocrx_word' id='word_1_613' title='bbox 3495 3852 3594 3905; x_wconf 81' lang='grc' dir='ltr'>οὐκ</span> <span class='ocrx_word' id='word_1_614' title='bbox 3625 3854 3766 3918; x_wconf 77' lang='grc' dir='ltr'>ἁγα-</span> 
     </span>
    </p>
   </div>
   <div class='ocr_carea' id='block_1_85' title="bbox 2187 3941 3769 4013">
    <p class='ocr_par' dir='ltr' id='par_1_85' title="bbox 2187 3941 3769 4013">
     <span class='ocr_line' id='line_1_85' title="bbox 2187 3941 3769 4013; baseline 0.001 -19"><span class='ocrx_word' id='word_1_615' title='bbox 2187 3941 2290 4010; x_wconf 68' lang='grc' dir='ltr'>θήν</span> <span class='ocrx_word' id='word_1_616' title='bbox 2315 3957 2329 3970; x_wconf 86' lang='grc'><strong>·</strong></span> <span class='ocrx_word' id='word_1_617' title='bbox 2378 3942 2522 3995; x_wconf 83' lang='grc' dir='ltr'>ὥστε</span> <span class='ocrx_word' id='word_1_618' title='bbox 2555 3943 2652 3996; x_wconf 75' lang='grc' dir='ltr'>καὶ</span> <span class='ocrx_word' id='word_1_619' title='bbox 2684 3943 2808 4004; x_wconf 81' lang='grc' dir='ltr'>τοὺς</span> <span class='ocrx_word' id='word_1_620' title='bbox 2837 3943 3045 4006; x_wconf 74' lang='grc' dir='ltr'>ίδόντας</span> <span class='ocrx_word' id='word_1_621' title='bbox 3107 3944 3411 4012; x_wconf 85' lang='grc' dir='ltr'>ἀγαγέσθαι</span> <span class='ocrx_word' id='word_1_622' title='bbox 3438 3947 3535 4013; x_wconf 77' lang='grc' dir='ltr'>τὴν</span> <span class='ocrx_word' id='word_1_623' title='bbox 3554 3944 3769 4013; x_wconf 76' lang='grc' dir='ltr'>ἄνθρω-</span> 
     </span>
    </p>
   </div>
   <div class='ocr_carea' id='block_1_86' title="bbox 2187 4033 3768 4105">
    <p class='ocr_par' dir='ltr' id='par_1_86' title="bbox 2187 4033 3768 4105">
     <span class='ocr_line' id='line_1_86' title="bbox 2187 4033 3768 4105; baseline 0.002 -19"><span class='ocrx_word' id='word_1_624' title='bbox 2187 4051 2312 4099; x_wconf 89' lang='grc' dir='ltr'>πον,</span> <span class='ocrx_word' id='word_1_625' title='bbox 2348 4036 2444 4087; x_wconf 72' lang='grc' dir='ltr'>καὶ</span> <span class='ocrx_word' id='word_1_626' title='bbox 2477 4035 2558 4100; x_wconf 84' lang='grc' dir='ltr'><strong>είς</strong></span> <span class='ocrx_word' id='word_1_627' title='bbox 2587 4033 2784 4087; x_wconf 71' lang='grc' dir='ltr'>λεπ.ὺν</span> <span class='ocrx_word' id='word_1_628' title='bbox 2829 4033 3216 4105; x_wconf 78' lang='grc' dir='ltr'>ἀκριὸοὖσθαι,</span> <span class='ocrx_word' id='word_1_629' title='bbox 3252 4037 3306 4089; x_wconf 90' lang='grc' dir='ltr'><strong>τί</strong></span> <span class='ocrx_word' id='word_1_630' title='bbox 3358 4053 3418 4090; x_wconf 89' lang='grc' dir='ltr'><strong>τε</strong></span> <span class='ocrx_word' id='word_1_631' title='bbox 3478 4035 3768 4105; x_wconf 80' lang='grc' dir='ltr'>βούλεσθαι</span> 
     </span>
    </p>
   </div>
   <div class='ocr_carea' id='block_1_87' title="bbox 2185 4126 3768 4200">
    <p class='ocr_par' dir='ltr' id='par_1_87' title="bbox 2185 4126 3768 4200">
     <span class='ocr_line' id='line_1_87' title="bbox 2185 4126 3768 4200; baseline 0.001 -24"><span class='ocrx_word' id='word_1_632' title='bbox 2185 4126 2283 4195; x_wconf 84' lang='grc' dir='ltr'>τὴν</span> <span class='ocrx_word' id='word_1_633' title='bbox 2317 4126 2527 4178; x_wconf 77' lang='grc' dir='ltr'>ἐκείνου</span> <span class='ocrx_word' id='word_1_634' title='bbox 2553 4126 2859 4180; x_wconf 78' lang='grc' dir='ltr'>είσέλευσιν</span> <span class='ocrx_word' id='word_1_635' title='bbox 2888 4127 3021 4196; x_wconf 80' lang='grc' dir='ltr'>παρ’</span> <span class='ocrx_word' id='word_1_636' title='bbox 3044 4127 3209 4200; x_wconf 67' lang='grc' dir='ltr'>αὐτῇ,</span> <span class='ocrx_word' id='word_1_637' title='bbox 3234 4126 3328 4180; x_wconf 77' lang='grc' dir='ltr'><strong>καὶ</strong></span> <span class='ocrx_word' id='word_1_638' title='bbox 3358 4126 3456 4194; x_wconf 81' lang='grc' dir='ltr'>τὴν</span> <span class='ocrx_word' id='word_1_639' title='bbox 3488 4127 3581 4177; x_wconf 78' lang='grc' dir='ltr'><strong>ἐπὶ</strong></span> <span class='ocrx_word' id='word_1_640' title='bbox 3605 4127 3768 4178; x_wconf 73' lang='grc' dir='ltr'>τόσον</span> 
     </span>
    </p>
   </div>
   <div class='ocr_carea' id='block_1_88' title="bbox 2185 4199 3766 4292">
    <p class='ocr_par' dir='ltr' id='par_1_88' title="bbox 2185 4199 3766 4292">
     <span class='ocr_line' id='line_1_88' title="bbox 2185 4199 3766 4292; baseline 0.001 -26"><span class='ocrx_word' id='word_1_641' title='bbox 2185 4215 2250 4285; x_wconf 82' lang='grc' dir='ltr'>δὴ</span> <span class='ocrx_word' id='word_1_642' title='bbox 2279 4215 2374 4268; x_wconf 75' lang='grc' dir='ltr'>τοῦ</span> <span class='ocrx_word' id='word_1_643' title='bbox 2399 4201 2605 4286; x_wconf 82' lang='grc' dir='ltr'>χρόνου</span> <span class='ocrx_word' id='word_1_644' title='bbox 2628 4199 2848 4292; x_wconf 47' lang='grc' dir='ltr'>τριϐήν,</span> <span class='ocrx_word' id='word_1_645' title='bbox 2924 4216 2990 4269; x_wconf 84' lang='grc' dir='ltr'><strong>Ἦ</strong></span> <span class='ocrx_word' id='word_1_646' title='bbox 3020 4216 3077 4268; x_wconf 71' lang='grc' dir='ltr'>δὶ</span> <span class='ocrx_word' id='word_1_647' title='bbox 3109 4199 3404 4286; x_wconf 62' lang='grc' dir='ltr'>διώμνυτο,</span> <span class='ocrx_word' id='word_1_648' title='bbox 3463 4217 3520 4279; x_wconf 79' lang='grc' dir='ltr'>ὲς</span> <span class='ocrx_word' id='word_1_649' title='bbox 3571 4217 3766 4286; x_wconf 68' lang='grc' dir='ltr'>τρίτη)</span> 
     </span>
    </p>
   </div>
   <div class='ocr_carea' id='block_1_89' title="bbox 2189 4307 3769 4384">
    <p class='ocr_par' dir='ltr' id='par_1_89' title="bbox 2189 4307 3769 4384">
     <span class='ocr_line' id='line_1_89' title="bbox 2189 4307 3769 4384; baseline 0.001 -27"><span class='ocrx_word' id='word_1_650' title='bbox 2189 4308 2403 4376; x_wconf 77' lang='grc' dir='ltr'>ἡμέραν</span> <span class='ocrx_word' id='word_1_651' title='bbox 2444 4307 2673 4376; x_wconf 82' lang='grc' dir='ltr'>μηδενὸς</span> <span class='ocrx_word' id='word_1_652' title='bbox 2723 4307 3141 4375; x_wconf 81' lang='grc' dir='ltr'>ἀπογεύσασθαι</span> <span class='ocrx_word' id='word_1_653' title='bbox 3174 4307 3313 4379; x_wconf 75' lang='grc' dir='ltr'>πλὴν</span> <span class='ocrx_word' id='word_1_654' title='bbox 3339 4309 3555 4384; x_wconf 72' lang='grc' dir='ltr'>ὕδατος,</span> <span class='ocrx_word' id='word_1_655' title='bbox 3583 4309 3769 4379; x_wconf 77' lang='grc' dir='ltr'>ἐνδείᾳ</span> 
     </span>
    </p>
   </div>
   <div class='ocr_carea' id='block_1_90' title="bbox 2188 4399 3765 4468">
    <p class='ocr_par' dir='ltr' id='par_1_90' title="bbox 2188 4399 3765 4468">
     <span class='ocr_line' id='line_1_90' title="bbox 2188 4399 3765 4468; baseline 0.004 -17"><span class='ocrx_word' id='word_1_656' title='bbox 2188 4401 2297 4452; x_wconf 84' lang='grc' dir='ltr'><strong>τῶν</strong></span> <span class='ocrx_word' id='word_1_657' title='bbox 2321 4399 2636 4468; x_wconf 77' lang='grc' dir='ltr'>ἀναγκαίων</span> <span class='ocrx_word' id='word_1_658' title='bbox 2659 4414 2674 4428; x_wconf 78' lang='lat'>&#39;</span> <span class='ocrx_word' id='word_1_659' title='bbox 2701 4400 2794 4451; x_wconf 79' lang='grc' dir='ltr'>τὸν</span> <span class='ocrx_word' id='word_1_660' title='bbox 2822 4399 2879 4451; x_wconf 84' lang='grc' dir='ltr'>δὲ</span> <span class='ocrx_word' id='word_1_661' title='bbox 2912 4399 3176 4468; x_wconf 84' lang='grc' dir='ltr'>μαθόντα,</span> <span class='ocrx_word' id='word_1_662' title='bbox 3222 4401 3344 4453; x_wconf 83' lang='grc' dir='ltr'><strong>σῖτά</strong></span> <span class='ocrx_word' id='word_1_663' title='bbox 3382 4417 3440 4452; x_wconf 86' lang='grc' dir='ltr'><strong>τε</strong></span> <span class='ocrx_word' id='word_1_664' title='bbox 3493 4401 3586 4453; x_wconf 77' lang='grc' dir='ltr'>καὶ</span> <span class='ocrx_word' id='word_1_665' title='bbox 3615 4402 3765 4457; x_wconf 77' lang='grc' dir='ltr'>οἴνου</span> 
     </span>
    </p>
   </div>
   <div class='ocr_carea' id='block_1_91' title="bbox 2192 4473 3767 4562">
    <p class='ocr_par' dir='ltr' id='par_1_91' title="bbox 2192 4473 3767 4562">
     <span class='ocr_line' id='line_1_91' title="bbox 2192 4473 3767 4562; baseline 0.001 -20"><span class='ocrx_word' id='word_1_666' title='bbox 2192 4479 2358 4559; x_wconf 70' lang='grc' dir='ltr'>μέρος</span> <span class='ocrx_word' id='word_1_667' title='bbox 2387 4473 2646 4560; x_wconf 69' lang='grc' dir='ltr'>κομίσαιο</span> <span class='ocrx_word' id='word_1_668' title='bbox 2679 4488 2776 4542; x_wconf 78' lang='grc' dir='ltr'>εἶτ’</span> <span class='ocrx_word' id='word_1_669' title='bbox 2809 4490 3235 4559; x_wconf 67' lang='grc' dir='ltr'>ἐγκλεισάμενον</span> <span class='ocrx_word' id='word_1_670' title='bbox 3270 4493 3370 4560; x_wconf 82' lang='grc' dir='ltr'>τὴν</span> <span class='ocrx_word' id='word_1_671' title='bbox 3401 4491 3594 4562; x_wconf 83' lang='grc' dir='ltr'>θύραν,</span> <span class='ocrx_word' id='word_1_672' title='bbox 3628 4494 3767 4560; x_wconf 68' lang='grc' dir='ltr'>τράο</span> 
     </span>
    </p>
   </div>
   <div class='ocr_carea' id='block_1_92' title="bbox 508 4576 2081 4652">
    <p class='ocr_par' dir='ltr' id='par_1_92' title="bbox 508 4576 2081 4652">
     <span class='ocr_line' id='line_1_92' title="bbox 508 4576 2081 4652; baseline 0 -17"><span class='ocrx_word' id='word_1_673' title='bbox 508 4576 752 4638; x_wconf 72' lang='lat' dir='ltr'><strong>cunctati</strong></span> <span class='ocrx_word' id='word_1_674' title='bbox 782 4592 931 4637; x_wconf 89' lang='lat' dir='ltr'><strong>sunt.</strong></span> <span class='ocrx_word' id='word_1_675' title='bbox 954 4583 1032 4636; x_wconf 85' lang='lat' dir='ltr'><strong>lbi</strong></span> <span class='ocrx_word' id='word_1_676' title='bbox 1058 4583 1149 4636; x_wconf 89' lang='lat' dir='ltr'><strong>illa</strong></span> <span class='ocrx_word' id='word_1_677' title='bbox 1181 4581 1454 4652; x_wconf 71' lang='lat' dir='ltr'><strong>adjuravit</strong></span> <span class='ocrx_word' id='word_1_678' title='bbox 1484 4596 1543 4634; x_wconf 88' lang='lat' dir='ltr'><strong>se</strong></span> <span class='ocrx_word' id='word_1_679' title='bbox 1577 4580 1630 4633; x_wconf 91' lang='lat' dir='ltr'><strong>in</strong></span> <span class='ocrx_word' id='word_1_680' title='bbox 1655 4582 1876 4634; x_wconf 86' lang='lat' dir='ltr'><strong>tertium</strong></span> <span class='ocrx_word' id='word_1_681' title='bbox 1905 4597 2081 4650; x_wconf 87' lang='lat' dir='ltr'><strong>usque</strong></span> 
     </span>
    </p>
   </div>
   <div class='ocr_carea' id='block_1_93' title="bbox 2183 4576 3768 4652">
    <p class='ocr_par' dir='ltr' id='par_1_93' title="bbox 2194 4581 3768 4652">
     <span class='ocr_line' id='line_1_93' title="bbox 2194 4581 3768 4652; baseline -0.001 -18"><span class='ocrx_word' id='word_1_682' title='bbox 2194 4581 2364 4646; x_wconf 77' lang='grc' dir='ltr'>πέζαν</span> <span class='ocrx_word' id='word_1_683' title='bbox 2394 4583 2746 4651; x_wconf 86' lang='grc' dir='ltr'>παραθεῖναι,</span> <span class='ocrx_word' id='word_1_684' title='bbox 2779 4581 2873 4634; x_wconf 75' lang='grc' dir='ltr'>καὶ</span> <span class='ocrx_word' id='word_1_685' title='bbox 2909 4581 3197 4648; x_wconf 74' lang='grc' dir='ltr'>δειπνῆσαι</span> <span class='ocrx_word' id='word_1_686' title='bbox 3233 4581 3507 4647; x_wconf 82' lang='grc' dir='ltr'>κελεῦσαι,</span> <span class='ocrx_word' id='word_1_687' title='bbox 3542 4583 3639 4637; x_wconf 78' lang='grc' dir='ltr'>καὶ</span> <span class='ocrx_word' id='word_1_688' title='bbox 3666 4584 3768 4652; x_wconf 79' lang='grc' dir='ltr'>τῆς</span> 
     </span>
    </p>
   </div>
   <div class='ocr_carea' id='block_1_94' title="bbox 505 4672 2076 4752">
    <p class='ocr_par' dir='ltr' id='par_1_94' title="bbox 505 4672 2076 4752">
     <span class='ocr_line' id='line_1_94' title="bbox 505 4672 2076 4752; baseline -0.004 -22"><span class='ocrx_word' id='word_1_689' title='bbox 505 4680 649 4730; x_wconf 88' lang='lat' dir='ltr'><strong>diem</strong></span> <span class='ocrx_word' id='word_1_690' title='bbox 680 4675 906 4744; x_wconf 87' lang='lat' dir='ltr'><strong>penuria</strong></span> <span class='ocrx_word' id='word_1_691' title='bbox 931 4691 1112 4726; x_wconf 87' lang='lat' dir='ltr'><strong>rerum</strong></span> <span class='ocrx_word' id='word_1_692' title='bbox 1133 4672 1593 4751; x_wconf 76' lang='lat' dir='ltr'><strong>necessariarum,</strong></span> <span class='ocrx_word' id='word_1_693' title='bbox 1621 4683 1820 4740; x_wconf 65' lang='lat' dir='ltr'><strong>printer</strong></span> <span class='ocrx_word' id='word_1_694' title='bbox 1849 4689 2076 4752; x_wconf 76' lang='lat' dir='ltr'><strong>aquarii,</strong></span> 
     </span>
    </p>
   </div>
   <div class='ocr_carea' id='block_1_95' title="bbox 504 4763 2076 4836">
    <p class='ocr_par' dir='ltr' id='par_1_95' title="bbox 504 4763 2076 4836">
     <span class='ocr_line' id='line_1_95' title="bbox 504 4763 2076 4836; baseline -0.002 -15"><span class='ocrx_word' id='word_1_695' title='bbox 504 4768 640 4822; x_wconf 88' lang='lat' dir='ltr'><strong>nihil</strong></span> <span class='ocrx_word' id='word_1_696' title='bbox 673 4766 1013 4836; x_wconf 82' lang='lat' dir='ltr'><strong>degustasse.</strong></span> <span class='ocrx_word' id='word_1_697' title='bbox 1050 4765 1202 4836; x_wconf 76' lang='lat' dir='ltr'><strong>Illum</strong></span> <span class='ocrx_word' id='word_1_698' title='bbox 1234 4773 1441 4824; x_wconf 88' lang='lat' dir='ltr'><strong>autem,</strong></span> <span class='ocrx_word' id='word_1_699' title='bbox 1477 4763 1571 4831; x_wconf 90' lang='lat' dir='ltr'><strong>qui</strong></span> <span class='ocrx_word' id='word_1_700' title='bbox 1632 4764 1736 4816; x_wconf 85' lang='lat' dir='ltr'><strong>hoc</strong></span> <span class='ocrx_word' id='word_1_701' title='bbox 1790 4765 2076 4834; x_wconf 72' lang='lat' dir='ltr'><strong>cognovis-</strong></span> 
     </span>
    </p>
   </div>
   <div class='ocr_carea' id='block_1_96' title="bbox 499 4841 2079 4932">
    <p class='ocr_par' dir='ltr' id='par_1_96' title="bbox 499 4841 2079 4932">
     <span class='ocr_line' id='line_1_96' title="bbox 499 4841 2079 4932; baseline 0 -23"><span class='ocrx_word' id='word_1_702' title='bbox 499 4841 817 4919; x_wconf 85' lang='lat' dir='ltr'><strong>set,cibutn</strong></span> <span class='ocrx_word' id='word_1_703' title='bbox 841 4853 908 4907; x_wconf 88' lang='lat' dir='ltr'><strong>ad</strong></span> <span class='ocrx_word' id='word_1_704' title='bbox 960 4869 1026 4907; x_wconf 86' lang='lat' dir='ltr'><strong>se</strong></span> <span class='ocrx_word' id='word_1_705' title='bbox 1054 4865 1110 4932; x_wconf 83' lang='lat' dir='ltr'><strong>et</strong></span> <span class='ocrx_word' id='word_1_706' title='bbox 1157 4854 1268 4906; x_wconf 88' lang='lat' dir='ltr'><strong>vini</strong></span> <span class='ocrx_word' id='word_1_707' title='bbox 1315 4853 1714 4922; x_wconf 87' lang='lat' dir='ltr'><strong>al&#39;quantulum</strong></span> <span class='ocrx_word' id='word_1_708' title='bbox 1778 4855 2026 4909; x_wconf 89' lang='lat' dir='ltr'><strong>attulisse</strong></span> <span class='ocrx_word' id='word_1_709' title='bbox 2064 4871 2079 4917; x_wconf 93' lang='lat'><strong>;</strong></span> 
     </span>
    </p>
   </div>
   <div class='ocr_carea' id='block_1_97' title="bbox 501 4945 2096 5020">
    <p class='ocr_par' dir='ltr' id='par_1_97' title="bbox 501 4945 2096 5020">
     <span class='ocr_line' id='line_1_97' title="bbox 501 4945 2096 5020; baseline 0.001 -21"><span class='ocrx_word' id='word_1_710' title='bbox 501 4948 702 5002; x_wconf 83' lang='lat' dir='ltr'><strong>deinde</strong></span> <span class='ocrx_word' id='word_1_711' title='bbox 730 4946 914 5014; x_wconf 88' lang='lat' dir='ltr'><strong>januis</strong></span> <span class='ocrx_word' id='word_1_712' title='bbox 951 4945 1180 5020; x_wconf 84' lang='lat' dir='ltr'><strong>clausis,</strong></span> <span class='ocrx_word' id='word_1_713' title='bbox 1221 4960 1462 5000; x_wconf 78' lang='lat' dir='ltr'><strong>mensam</strong></span> <span class='ocrx_word' id='word_1_714' title='bbox 1499 4947 1839 5014; x_wconf 82' lang='lat' dir='ltr'><strong>apposuisse,</strong></span> <span class='ocrx_word' id='word_1_715' title='bbox 1897 4949 2096 5003; x_wconf 71' lang='lat' dir='ltr'><strong>cibum.</strong></span> 
     </span>
    </p>
   </div>
   <div class='ocr_carea' id='block_1_98' title="bbox 502 5037 2082 5112">
    <p class='ocr_par' dir='ltr' id='par_1_98' title="bbox 502 5037 2082 5112">
     <span class='ocr_line' id='line_1_98' title="bbox 502 5037 2082 5112; baseline 0.001 -22"><span class='ocrx_word' id='word_1_716' title='bbox 502 5055 700 5108; x_wconf 72' lang='lat' dir='ltr'><strong>capere</strong></span> <span class='ocrx_word' id='word_1_717' title='bbox 724 5039 974 5112; x_wconf 72' lang='lat' dir='ltr'><strong>iussisse,</strong></span> <span class='ocrx_word' id='word_1_718' title='bbox 1015 5038 1251 5107; x_wconf 83' lang='lat' dir='ltr'><strong>dapibus</strong></span> <span class='ocrx_word' id='word_1_719' title='bbox 1288 5053 1408 5091; x_wconf 89' lang='lat' dir='ltr'><strong>eam</strong></span> <span class='ocrx_word' id='word_1_720' title='bbox 1470 5037 1768 5105; x_wconf 82' lang='lat' dir='ltr'><strong>replevisse</strong></span> <span class='ocrx_word' id='word_1_721' title='bbox 1807 5055 1819 5089; x_wconf 90' lang='lat'><strong>:</strong></span> <span class='ocrx_word' id='word_1_722' title='bbox 1857 5049 1914 5092; x_wconf 92' lang='lat' dir='ltr'><strong>ct</strong></span> <span class='ocrx_word' id='word_1_723' title='bbox 1952 5040 2082 5092; x_wconf 83' lang='lat' dir='ltr'><strong>reli-</strong></span> 
     </span>
    </p>
   </div>
   <div class='ocr_carea' id='block_1_99' title="bbox 501 5115 2081 5203">
    <p class='ocr_par' dir='ltr' id='par_1_99' title="bbox 501 5115 2081 5203">
     <span class='ocr_line' id='line_1_99' title="bbox 501 5115 2081 5203; baseline -0.001 -17"><span class='ocrx_word' id='word_1_724' title='bbox 501 5134 650 5203; x_wconf 84' lang='lat' dir='ltr'><strong>quiis</strong></span> <span class='ocrx_word' id='word_1_725' title='bbox 680 5115 872 5185; x_wconf 83' lang='lat' dir='ltr'><strong>carum</strong></span> <span class='ocrx_word' id='word_1_726' title='bbox 905 5133 1162 5199; x_wconf 90' lang='lat' dir='ltr'><strong>receptis,</strong></span> <span class='ocrx_word' id='word_1_727' title='bbox 1194 5129 1416 5184; x_wconf 82' lang='lat' dir='ltr'><strong>abiisse.</strong></span> <span class='ocrx_word' id='word_1_728' title='bbox 1439 5127 1576 5184; x_wconf 88' lang='lat' dir='ltr'><strong>Cum</strong></span> <span class='ocrx_word' id='word_1_729' title='bbox 1604 5139 1947 5184; x_wconf 69' lang='lat' dir='ltr'><strong>terraemotns</strong></span> <span class='ocrx_word' id='word_1_730' title='bbox 1968 5147 2081 5184; x_wconf 85' lang='lat' dir='ltr'><strong>ma-</strong></span> 
     </span>
    </p>
   </div>
   <div class='ocr_carea' id='block_1_100' title="bbox 500 5223 2081 5292">
    <p class='ocr_par' dir='ltr' id='par_1_100' title="bbox 500 5223 2081 5292">
     <span class='ocr_line' id='line_1_100' title="bbox 500 5223 2081 5292; baseline -0.001 -14"><span class='ocrx_word' id='word_1_731' title='bbox 500 5225 680 5278; x_wconf 84' lang='lat' dir='ltr'><strong>ximus</strong></span> <span class='ocrx_word' id='word_1_732' title='bbox 710 5223 988 5292; x_wconf 83' lang='lat' dir='ltr'><strong>regionem</strong></span> <span class='ocrx_word' id='word_1_733' title='bbox 1023 5237 1140 5276; x_wconf 88' lang='lat' dir='ltr'><strong>eam</strong></span> <span class='ocrx_word' id='word_1_734' title='bbox 1174 5237 1550 5275; x_wconf 87' lang='lat' dir='ltr'><strong>concussurus</strong></span> <span class='ocrx_word' id='word_1_735' title='bbox 1583 5231 1728 5276; x_wconf 74' lang='grc' dir='ltr'>σεειιι</span> <span class='ocrx_word' id='word_1_736' title='bbox 1782 5232 1913 5290; x_wconf 84' lang='lat' dir='ltr'><strong>(quo</strong></span> <span class='ocrx_word' id='word_1_737' title='bbox 1946 5233 2081 5276; x_wconf 89' lang='lat' dir='ltr'><strong>tem-</strong></span> 
     </span>
    </p>
   </div>
   <div class='ocr_carea' id='block_1_101' title="bbox 507 5299 2074 5392">
    <p class='ocr_par' dir='ltr' id='par_1_101' title="bbox 507 5299 2074 5392">
     <span class='ocr_line' id='line_1_101' title="bbox 507 5299 2074 5392; baseline -0.003 -20"><span class='ocrx_word' id='word_1_738' title='bbox 507 5333 660 5387; x_wconf 88' lang='lat' dir='ltr'><strong>pore,</strong></span> <span class='ocrx_word' id='word_1_739' title='bbox 692 5333 800 5385; x_wconf 71' lang='lat' dir='ltr'><strong>pra:</strong></span> <span class='ocrx_word' id='word_1_740' title='bbox 833 5316 1151 5392; x_wconf 82' lang='lat' dir='ltr'><strong>civitatibus</strong></span> <span class='ocrx_word' id='word_1_741' title='bbox 1183 5315 1326 5379; x_wconf 89' lang='lat' dir='ltr'><strong>aliis,</strong></span> <span class='ocrx_word' id='word_1_742' title='bbox 1353 5299 1518 5368; x_wconf 83' lang='lat' dir='ltr'><strong>urbes</strong></span> <span class='ocrx_word' id='word_1_743' title='bbox 1543 5315 1798 5385; x_wconf 83' lang='lat' dir='ltr'><strong>Berytus,</strong></span> <span class='ocrx_word' id='word_1_744' title='bbox 1857 5315 2074 5380; x_wconf 86' lang='lat' dir='ltr'><strong>Biblus,</strong></span> 
     </span>
    </p>
   </div>
   <div class='ocr_carea' id='block_1_102' title="bbox 503 5392 2078 5477">
    <p class='ocr_par' dir='ltr' id='par_1_102' title="bbox 503 5392 2078 5477">
     <span class='ocr_line' id='line_1_102' title="bbox 503 5392 2078 5477; baseline -0.001 -15"><span class='ocrx_word' id='word_1_745' title='bbox 503 5419 561 5464; x_wconf 84' lang='lat' dir='ltr'><strong>et</strong></span> <span class='ocrx_word' id='word_1_746' title='bbox 586 5392 852 5476; x_wconf 83' lang='lat' dir='ltr'><strong>Tripolis,</strong></span> <span class='ocrx_word' id='word_1_747' title='bbox 889 5408 1099 5460; x_wconf 86' lang='lat' dir='ltr'><strong>cladem</strong></span> <span class='ocrx_word' id='word_1_748' title='bbox 1158 5407 1433 5477; x_wconf 78' lang='lat' dir='ltr'><strong>ingentem</strong></span> <span class='ocrx_word' id='word_1_749' title='bbox 1483 5407 1840 5474; x_wconf 79' lang='lat' dir='ltr'><strong>acceperunt)</strong></span> <span class='ocrx_word' id='word_1_750' title='bbox 1898 5405 2078 5460; x_wconf 87' lang='lat' dir='ltr'><strong>lorum</strong></span> 
     </span>
    </p>
   </div>
   <div class='ocr_carea' id='block_1_103' title="bbox 507 5498 2079 5572">
    <p class='ocr_par' dir='ltr' id='par_1_103' title="bbox 507 5498 2079 5572">
     <span class='ocr_line' id='line_1_103' title="bbox 507 5498 2079 5572; baseline 0.001 -22"><span class='ocrx_word' id='word_1_751' title='bbox 507 5517 666 5554; x_wconf 84' lang='lat' dir='ltr'><strong>manu</strong></span> <span class='ocrx_word' id='word_1_752' title='bbox 702 5501 1100 5568; x_wconf 77' lang='lat' dir='ltr'><strong>circumagens,</strong></span> <span class='ocrx_word' id='word_1_753' title='bbox 1130 5509 1185 5552; x_wconf 91' lang='lat' dir='ltr'><strong>et</strong></span> <span class='ocrx_word' id='word_1_754' title='bbox 1208 5514 1370 5568; x_wconf 79' lang='lat' dir='ltr'><strong>qttam</strong></span> <span class='ocrx_word' id='word_1_755' title='bbox 1397 5499 1670 5572; x_wconf 68' lang='lat' dir='ltr'><strong>plurimas</strong></span> <span class='ocrx_word' id='word_1_756' title='bbox 1704 5498 1755 5549; x_wconf 92' lang='lat' dir='ltr'><strong>in</strong></span> <span class='ocrx_word' id='word_1_757' title='bbox 1817 5498 1935 5551; x_wconf 82' lang='lat' dir='ltr'><strong>foro</strong></span> <span class='ocrx_word' id='word_1_758' title='bbox 1988 5514 2079 5552; x_wconf 83' lang='lat' dir='ltr'><strong>c.0—</strong></span> 
     </span>
    </p>
   </div>
   <div class='ocr_carea' id='block_1_104' title="bbox 503 5591 2080 5660">
    <p class='ocr_par' dir='ltr' id='par_1_104' title="bbox 503 5591 2080 5660">
     <span class='ocr_line' id='line_1_104' title="bbox 503 5591 2080 5660; baseline -0.001 -16"><span class='ocrx_word' id='word_1_759' title='bbox 503 5594 715 5646; x_wconf 85' lang='lat' dir='ltr'><strong>lumnas</strong></span> <span class='ocrx_word' id='word_1_760' title='bbox 746 5592 1126 5655; x_wconf 79' lang='lat' dir='ltr'><strong>diverberatis,</strong></span> <span class='ocrx_word' id='word_1_761' title='bbox 1151 5593 1215 5643; x_wconf 84' lang='lat' dir='ltr'><strong>ad</strong></span> <span class='ocrx_word' id='word_1_762' title='bbox 1269 5591 1405 5644; x_wconf 84' lang='lat' dir='ltr'><strong>alias</strong></span> <span class='ocrx_word' id='word_1_763' title='bbox 1436 5607 1447 5640; x_wconf 92' lang='lat'>:</span> <span class='ocrx_word' id='word_1_764' title='bbox 1487 5591 1649 5660; x_wconf 82' lang='lat'><strong>770</strong></span> <span class='ocrx_word' id='word_1_765' title='bbox 1675 5591 1822 5644; x_wconf 89' lang='lat' dir='ltr'><strong>State</strong></span> <span class='ocrx_word' id='word_1_766' title='bbox 1853 5592 2080 5660; x_wconf 69' lang='lat' dir='ltr'><strong>(iuQnit)</strong></span> 
     </span>
    </p>
   </div>
   <div class='ocr_carea' id='block_1_105' title="bbox 504 5682 2077 5753">
    <p class='ocr_par' dir='ltr' id='par_1_105' title="bbox 504 5682 2077 5753">
     <span class='ocr_line' id='line_1_105' title="bbox 504 5682 2077 5753; baseline -0.001 -15"><span class='ocrx_word' id='word_1_767' title='bbox 504 5699 620 5749; x_wconf 74' lang='lat' dir='ltr'><strong>vos,</strong></span> <span class='ocrx_word' id='word_1_768' title='bbox 643 5683 792 5738; x_wconf 82' lang='lat' dir='ltr'><strong>brevi</strong></span> <span class='ocrx_word' id='word_1_769' title='bbox 817 5699 1052 5751; x_wconf 87' lang='lat' dir='ltr'><strong>namque</strong></span> <span class='ocrx_word' id='word_1_770' title='bbox 1079 5683 1276 5736; x_wconf 86' lang='lat' dir='ltr'><strong>saltare</strong></span> <span class='ocrx_word' id='word_1_771' title='bbox 1309 5682 1543 5736; x_wconf 85' lang='lat' dir='ltr'><strong>debetis.</strong></span> <span class='ocrx_word' id='word_1_772' title='bbox 1580 5684 1642 5735; x_wconf 82' lang='lat' dir='ltr'><strong>Et</strong></span> <span class='ocrx_word' id='word_1_773' title='bbox 1675 5698 1796 5735; x_wconf 89' lang='lat' dir='ltr'><strong>cum</strong></span> <span class='ocrx_word' id='word_1_774' title='bbox 1828 5683 1931 5736; x_wconf 89' lang='lat' dir='ltr'><strong>viri</strong></span> <span class='ocrx_word' id='word_1_775' title='bbox 1960 5686 2077 5753; x_wconf 80' lang='lat' dir='ltr'><strong>ejus</strong></span> 
     </span>
    </p>
   </div>
   <div class='ocr_carea' id='block_1_106' title="bbox 504 5774 2080 5843">
    <p class='ocr_par' dir='ltr' id='par_1_106' title="bbox 504 5774 2080 5843">
     <span class='ocr_line' id='line_1_106' title="bbox 504 5774 2080 5843; baseline -0.001 -14"><span class='ocrx_word' id='word_1_776' title='bbox 504 5778 704 5830; x_wconf 82' lang='lat' dir='ltr'><strong>factum</strong></span> <span class='ocrx_word' id='word_1_777' title='bbox 740 5778 952 5829; x_wconf 87' lang='lat' dir='ltr'><strong>nullum</strong></span> <span class='ocrx_word' id='word_1_778' title='bbox 991 5776 1230 5830; x_wconf 91' lang='lat' dir='ltr'><strong>otiosum</strong></span> <span class='ocrx_word' id='word_1_779' title='bbox 1257 5784 1352 5828; x_wconf 89' lang='lat' dir='ltr'><strong>aut</strong></span> <span class='ocrx_word' id='word_1_780' title='bbox 1386 5774 1758 5828; x_wconf 84' lang='lat' dir='ltr'><strong>frustrancum</strong></span> <span class='ocrx_word' id='word_1_781' title='bbox 1782 5791 1901 5828; x_wconf 88' lang='lat' dir='ltr'><strong>esse</strong></span> <span class='ocrx_word' id='word_1_782' title='bbox 1928 5776 2080 5843; x_wconf 88' lang='lat' dir='ltr'><strong>judi—</strong></span> 
     </span>
    </p>
   </div>
   <div class='ocr_carea' id='block_1_107' title="bbox 2189 4671 3761 4742">
    <p class='ocr_par' dir='ltr' id='par_1_107' title="bbox 2189 4671 3761 4742">
     <span class='ocr_line' id='line_1_107' title="bbox 2189 4671 3761 4742; baseline 0 -17"><span class='ocrx_word' id='word_1_783' title='bbox 2189 4673 2373 4741; x_wconf 81' lang='grc' dir='ltr'>θοίνης</span> <span class='ocrx_word' id='word_1_784' title='bbox 2416 4671 2836 4742; x_wconf 79' lang='grc' dir='ltr'>ὲμπλήσασθαι”</span> <span class='ocrx_word' id='word_1_785' title='bbox 2878 4674 2946 4724; x_wconf 84' lang='grc' dir='ltr'>τὰ</span> <span class='ocrx_word' id='word_1_786' title='bbox 3003 4671 3068 4725; x_wconf 68' lang='grc' dir='ltr'>δὲ</span> <span class='ocrx_word' id='word_1_787' title='bbox 3094 4671 3325 4741; x_wconf 76' lang='grc' dir='ltr'>λείψανα</span> <span class='ocrx_word' id='word_1_788' title='bbox 3359 4673 3526 4726; x_wconf 79' lang='grc' dir='ltr'>πάλιν</span> <span class='ocrx_word' id='word_1_789' title='bbox 3575 4673 3761 4726; x_wconf 73' lang='grc' dir='ltr'>λαϐεῖν</span> 
     </span>
    </p>
   </div>
   <div class='ocr_carea' id='block_1_108' title="bbox 2191 4765 3762 4834">
    <p class='ocr_par' dir='ltr' id='par_1_108' title="bbox 2191 4765 3762 4834">
     <span class='ocr_line' id='line_1_108' title="bbox 2191 4765 3762 4834; baseline 0.001 -18"><span class='ocrx_word' id='word_1_790' title='bbox 2191 4765 2284 4816; x_wconf 76' lang='grc' dir='ltr'>καὶ</span> <span class='ocrx_word' id='word_1_791' title='bbox 2308 4765 2574 4834; x_wconf 72' lang='grc' dir='ltr'>οἴχεσθαι.</span> <span class='ocrx_word' id='word_1_792' title='bbox 2603 4765 2710 4817; x_wconf 78' lang='grc' dir='ltr'><strong>Καὶ</strong></span> <span class='ocrx_word' id='word_1_793' title='bbox 2735 4765 2926 4817; x_wconf 83' lang='grc' dir='ltr'>κλόνου</span> <span class='ocrx_word' id='word_1_794' title='bbox 2949 4765 3003 4816; x_wconf 84' lang='grc' dir='ltr'>δὲ</span> <span class='ocrx_word' id='word_1_795' title='bbox 3027 4765 3129 4834; x_wconf 82' lang='grc' dir='ltr'>γῆς</span> <span class='ocrx_word' id='word_1_796' title='bbox 3161 4766 3421 4834; x_wconf 89' lang='grc' dir='ltr'>μεγίστου</span> <span class='ocrx_word' id='word_1_797' title='bbox 3454 4768 3762 4819; x_wconf 84' lang='grc' dir='ltr'>κατασείειν</span> 
     </span>
    </p>
   </div>
   <div class='ocr_carea' id='block_1_109' title="bbox 2192 4843 3763 4927">
    <p class='ocr_par' dir='ltr' id='par_1_109' title="bbox 2192 4843 3763 4927">
     <span class='ocr_line' id='line_1_109' title="bbox 2192 4843 3763 4927; baseline 0.003 -21"><span class='ocrx_word' id='word_1_798' title='bbox 2192 4855 2482 4925; x_wconf 83' lang='grc' dir='ltr'>μέλλοντος</span> <span class='ocrx_word' id='word_1_799' title='bbox 2517 4857 2582 4908; x_wconf 73' lang='grc' dir='ltr'><strong>τὰ</strong></span> <span class='ocrx_word' id='word_1_800' title='bbox 2609 4843 2791 4908; x_wconf 78' lang='grc' dir='ltr'>ἐκεῖσε</span> <span class='ocrx_word' id='word_1_801' title='bbox 2825 4856 2992 4925; x_wconf 85' lang='grc' dir='ltr'>μέρη,</span> <span class='ocrx_word' id='word_1_802' title='bbox 3028 4857 3265 4925; x_wconf 81' lang='grc' dir='ltr'>ὁπηνίκα</span> <span class='ocrx_word' id='word_1_803' title='bbox 3300 4857 3336 4926; x_wconf 79' lang='grc' dir='ltr'>ἦ</span> <span class='ocrx_word' id='word_1_804' title='bbox 3366 4874 3425 4909; x_wconf 87' lang='grc' dir='ltr'><strong>τε</strong></span> <span class='ocrx_word' id='word_1_805' title='bbox 3459 4856 3763 4927; x_wconf 79' lang='grc' dir='ltr'>Βηρυτίων,</span> 
     </span>
    </p>
   </div>
   <div class='ocr_carea' id='block_1_110' title="bbox 2187 4933 3772 5024">
    <p class='ocr_par' dir='ltr' id='par_1_110' title="bbox 2187 4933 3772 5024">
     <span class='ocr_line' id='line_1_110' title="bbox 2187 4933 3772 5024; baseline 0.002 -19"><span class='ocrx_word' id='word_1_806' title='bbox 2187 4953 2434 5024; x_wconf 75' lang='grc' dir='ltr'>Βυϐλίων</span> <span class='ocrx_word' id='word_1_807' title='bbox 2453 4971 2511 5005; x_wconf 88' lang='grc' dir='ltr'><strong>τε</strong></span> <span class='ocrx_word' id='word_1_808' title='bbox 2537 4933 2630 5006; x_wconf 82' lang='grc' dir='ltr'>καὶ</span> <span class='ocrx_word' id='word_1_809' title='bbox 2665 4952 3009 5022; x_wconf 84' lang='grc' dir='ltr'>Τριπολιτῶν</span> <span class='ocrx_word' id='word_1_810' title='bbox 3040 4953 3247 5018; x_wconf 80' lang='grc' dir='ltr'>πόλεις,</span> <span class='ocrx_word' id='word_1_811' title='bbox 3283 4954 3392 5006; x_wconf 84' lang='grc' dir='ltr'>τῶν</span> <span class='ocrx_word' id='word_1_812' title='bbox 3433 4935 3608 5006; x_wconf 79' lang='grc' dir='ltr'>ἄλλων</span> <span class='ocrx_word' id='word_1_813' title='bbox 3629 4957 3772 5022; x_wconf 58' lang='grc' dir='ltr'>μᾶλέ</span> 
     </span>
    </p>
   </div>
   <div class='ocr_carea' id='block_1_111' title="bbox 2187 5044 3768 5115">
    <p class='ocr_par' dir='ltr' id='par_1_111' title="bbox 2187 5044 3768 5115">
     <span class='ocr_line' id='line_1_111' title="bbox 2187 5044 3768 5115; baseline 0.001 -19"><span class='ocrx_word' id='word_1_814' title='bbox 2187 5045 2279 5096; x_wconf 89' lang='grc' dir='ltr'><strong>λον</strong></span> <span class='ocrx_word' id='word_1_815' title='bbox 2307 5045 2665 5108; x_wconf 67' lang='grc' dir='ltr'>πεπόνθασιν,</span> <span class='ocrx_word' id='word_1_816' title='bbox 2722 5044 2922 5110; x_wconf 85' lang='grc' dir='ltr'>ἱμάντα</span> <span class='ocrx_word' id='word_1_817' title='bbox 2972 5047 3037 5114; x_wconf 78' lang='grc' dir='ltr'>τῇ</span> <span class='ocrx_word' id='word_1_818' title='bbox 3098 5045 3243 5115; x_wconf 74' lang='grc' dir='ltr'>χειρὶ</span> <span class='ocrx_word' id='word_1_819' title='bbox 3302 5045 3604 5113; x_wconf 75' lang='grc' dir='ltr'>περιάγων,</span> <span class='ocrx_word' id='word_1_820' title='bbox 3638 5047 3768 5110; x_wconf 74' lang='grc' dir='ltr'>τοὺς</span> 
     </span>
    </p>
   </div>
   <div class='ocr_carea' id='block_1_112' title="bbox 2188 5128 3764 5210">
    <p class='ocr_par' dir='ltr' id='par_1_112' title="bbox 2188 5128 3764 5210">
     <span class='ocr_line' id='line_1_112' title="bbox 2188 5128 3764 5210; baseline 0 -21"><span class='ocrx_word' id='word_1_821' title='bbox 2188 5137 2478 5199; x_wconf 80' lang='grc' dir='ltr'>πλείστους</span> <span class='ocrx_word' id='word_1_822' title='bbox 2504 5139 2626 5189; x_wconf 76' lang='grc' dir='ltr'>τῶν</span> <span class='ocrx_word' id='word_1_823' title='bbox 2643 5137 2840 5190; x_wconf 88' lang='grc' dir='ltr'>κιόνων</span> <span class='ocrx_word' id='word_1_824' title='bbox 2864 5138 3039 5189; x_wconf 82' lang='grc' dir='ltr'>παίων</span> <span class='ocrx_word' id='word_1_825' title='bbox 3062 5138 3164 5190; x_wconf 88' lang='grc' dir='ltr'><strong>ἀνά</strong></span> <span class='ocrx_word' id='word_1_826' title='bbox 3193 5138 3290 5204; x_wconf 73' lang='grc' dir='ltr'>τὴν</span> <span class='ocrx_word' id='word_1_827' title='bbox 3311 5128 3537 5210; x_wconf 75' lang='grc' dir='ltr'>ἀγορὰν,</span> <span class='ocrx_word' id='word_1_828' title='bbox 3568 5139 3764 5206; x_wconf 81' lang='grc' dir='ltr'>Στῆτε,</span> 
     </span>
    </p>
   </div>
   <div class='ocr_carea' id='block_1_113' title="bbox 2185 5218 3770 5300">
    <p class='ocr_par' dir='ltr' id='par_1_113' title="bbox 2185 5218 3770 5300">
     <span class='ocr_line' id='line_1_113' title="bbox 2185 5218 3770 5300; baseline 0.001 -20"><span class='ocrx_word' id='word_1_829' title='bbox 2185 5218 2448 5296; x_wconf 81' lang='grc' dir='ltr'>ἐπέλεγεν</span> <span class='ocrx_word' id='word_1_830' title='bbox 2468 5245 2483 5260; x_wconf 80' lang='grc' dir='ltr'><strong>ο</strong></span> <span class='ocrx_word' id='word_1_831' title='bbox 2513 5228 2666 5299; x_wconf 77' lang='grc' dir='ltr'>ἔχετε</span> <span class='ocrx_word' id='word_1_832' title='bbox 2693 5229 2801 5300; x_wconf 82' lang='grc' dir='ltr'><strong>γὰρ</strong></span> <span class='ocrx_word' id='word_1_833' title='bbox 2825 5229 2949 5282; x_wconf 84' lang='grc' dir='ltr'>ὅσον</span> <span class='ocrx_word' id='word_1_834' title='bbox 2972 5226 3126 5281; x_wconf 81' lang='grc' dir='ltr'>ούπω</span> <span class='ocrx_word' id='word_1_835' title='bbox 3149 5228 3512 5298; x_wconf 78' lang='grc' dir='ltr'>ὀρχήσασθαι.</span> <span class='ocrx_word' id='word_1_836' title='bbox 3556 5228 3640 5290; x_wconf 85' lang='grc' dir='ltr'>Ὡς</span> <span class='ocrx_word' id='word_1_837' title='bbox 3675 5228 3770 5282; x_wconf 73' lang='grc' dir='ltr'>οὖν</span> 
     </span>
    </p>
   </div>
   <div class='ocr_carea' id='block_1_114' title="bbox 2184 5317 3770 5390">
    <p class='ocr_par' dir='ltr' id='par_1_114' title="bbox 2184 5317 3770 5390">
     <span class='ocr_line' id='line_1_114' title="bbox 2184 5317 3770 5390; baseline -0.003 -18"><span class='ocrx_word' id='word_1_838' title='bbox 2184 5319 2282 5373; x_wconf 81' lang='grc' dir='ltr'><strong>τοῦ</strong></span> <span class='ocrx_word' id='word_1_839' title='bbox 2339 5319 2531 5390; x_wconf 79' lang='grc' dir='ltr'>ἀνδρὸς</span> <span class='ocrx_word' id='word_1_840' title='bbox 2584 5319 2737 5373; x_wconf 78' lang='grc' dir='ltr'>οὐδὲν</span> <span class='ocrx_word' id='word_1_841' title='bbox 2786 5319 3064 5388; x_wconf 78' lang='grc' dir='ltr'>πάρεργον</span> <span class='ocrx_word' id='word_1_842' title='bbox 3113 5317 3435 5387; x_wconf 83' lang='grc' dir='ltr'>διεκρίνετο,</span> <span class='ocrx_word' id='word_1_843' title='bbox 3473 5318 3521 5369; x_wconf 81' lang='lat' dir='ltr'><strong>oi</strong></span> <span class='ocrx_word' id='word_1_844' title='bbox 3560 5334 3770 5386; x_wconf 68' lang='grc' dir='ltr'>παρευη-</span> 
     </span>
    </p>
   </div>
   <div class='ocr_carea' id='block_1_115' title="bbox 2187 5408 3770 5481">
    <p class='ocr_par' dir='ltr' id='par_1_115' title="bbox 2187 5408 3770 5481">
     <span class='ocr_line' id='line_1_115' title="bbox 2187 5408 3770 5481; baseline -0.001 -20"><span class='ocrx_word' id='word_1_845' title='bbox 2187 5411 2439 5481; x_wconf 82' lang='grc' dir='ltr'>ρεθέντες</span> <span class='ocrx_word' id='word_1_846' title='bbox 2469 5411 2548 5473; x_wconf 85' lang='grc' dir='ltr'><strong>είς</strong></span> <span class='ocrx_word' id='word_1_847' title='bbox 2593 5410 2718 5462; x_wconf 81' lang='grc' dir='ltr'>νοῦν</span> <span class='ocrx_word' id='word_1_848' title='bbox 2768 5409 2978 5474; x_wconf 74' lang='grc' dir='ltr'>ἔλαϐον,</span> <span class='ocrx_word' id='word_1_849' title='bbox 3040 5408 3194 5471; x_wconf 86' lang='grc' dir='ltr'>τίνας</span> <span class='ocrx_word' id='word_1_850' title='bbox 3253 5408 3360 5460; x_wconf 81' lang='grc' dir='ltr'>τῶν</span> <span class='ocrx_word' id='word_1_851' title='bbox 3413 5408 3611 5460; x_wconf 86' lang='grc' dir='ltr'>κιόνων</span> <span class='ocrx_word' id='word_1_852' title='bbox 3668 5409 3770 5460; x_wconf 75' lang='grc' dir='ltr'>οὐκ</span> 
     </span>
    </p>
   </div>
   <div class='ocr_carea' id='block_1_116' title="bbox 2190 5489 3771 5573">
    <p class='ocr_par' dir='ltr' id='par_1_116' title="bbox 2190 5489 3771 5573">
     <span class='ocr_line' id='line_1_116' title="bbox 2190 5489 3771 5573; baseline -0.001 -19"><span class='ocrx_word' id='word_1_853' title='bbox 2190 5503 2353 5569; x_wconf 70' lang='grc' dir='ltr'>ἔτυψε</span> <span class='ocrx_word' id='word_1_854' title='bbox 2394 5501 2641 5573; x_wconf 79' lang='grc' dir='ltr'>παριών·</span> <span class='ocrx_word' id='word_1_855' title='bbox 2697 5501 2748 5554; x_wconf 89' lang='grc' dir='ltr'><strong>οῖ</strong></span> <span class='ocrx_word' id='word_1_856' title='bbox 2779 5501 2842 5571; x_wconf 80' lang='grc' dir='ltr'>δὴ</span> <span class='ocrx_word' id='word_1_857' title='bbox 2876 5489 3221 5569; x_wconf 54' lang='grc' dir='ltr'>τοῦῦεισμοῦ</span> <span class='ocrx_word' id='word_1_858' title='bbox 3283 5500 3551 5570; x_wconf 77' lang='grc' dir='ltr'>ραγδαὶως</span> <span class='ocrx_word' id='word_1_859' title='bbox 3583 5503 3771 5554; x_wconf 77' lang='grc' dir='ltr'>ἐπεισ-</span> 
     </span>
    </p>
   </div>
   <div class='ocr_carea' id='block_1_117' title="bbox 2194 5587 3772 5660">
    <p class='ocr_par' dir='ltr' id='par_1_117' title="bbox 2194 5587 3772 5660">
     <span class='ocr_line' id='line_1_117' title="bbox 2194 5587 3772 5660; baseline -0.003 -17"><span class='ocrx_word' id='word_1_860' title='bbox 2194 5591 2452 5652; x_wconf 86' lang='grc' dir='ltr'>πεσόντος</span> <span class='ocrx_word' id='word_1_861' title='bbox 2489 5593 2964 5643; x_wconf 77' lang='grc' dir='ltr'>καταπεπτώκασι</span> <span class='ocrx_word' id='word_1_862' title='bbox 2989 5631 3004 5655; x_wconf 94' lang='grc'><strong>,</strong></span> <span class='ocrx_word' id='word_1_863' title='bbox 3064 5592 3343 5660; x_wconf 74' lang='grc' dir='ltr'>πάρεργον</span> <span class='ocrx_word' id='word_1_864' title='bbox 3368 5587 3578 5640; x_wconf 83' lang='grc' dir='ltr'>ἐκείνου</span> <span class='ocrx_word' id='word_1_865' title='bbox 3610 5605 3772 5655; x_wconf 81' lang='grc' dir='ltr'>γεγε-</span> 
     </span>
    </p>
   </div>
   <div class='ocr_carea' id='block_1_118' title="bbox 2189 5671 3772 5752">
    <p class='ocr_par' dir='ltr' id='par_1_118' title="bbox 2189 5671 3772 5752">
     <span class='ocr_line' id='line_1_118' title="bbox 2189 5671 3772 5752; baseline -0.001 -19"><span class='ocrx_word' id='word_1_866' title='bbox 2189 5682 2432 5752; x_wconf 88' lang='grc' dir='ltr'>νημένοι.</span> <span class='ocrx_word' id='word_1_867' title='bbox 2466 5671 2642 5734; x_wconf 79' lang='grc' dir='ltr'>[Ιολλᾶ</span> <span class='ocrx_word' id='word_1_868' title='bbox 2669 5683 2723 5734; x_wconf 82' lang='grc' dir='ltr'>δὲ</span> <span class='ocrx_word' id='word_1_869' title='bbox 2765 5684 2856 5736; x_wconf 65' lang='grc' dir='ltr'>καὶ</span> <span class='ocrx_word' id='word_1_870' title='bbox 2886 5683 3047 5752; x_wconf 72' lang='grc' dir='ltr'>ἔτερα</span> <span class='ocrx_word' id='word_1_871' title='bbox 3084 5681 3232 5750; x_wconf 85' lang='grc' dir='ltr'>αὑτῴ</span> <span class='ocrx_word' id='word_1_872' title='bbox 3271 5682 3490 5750; x_wconf 81' lang='grc' dir='ltr'>μνήμης</span> <span class='ocrx_word' id='word_1_873' title='bbox 3513 5681 3636 5744; x_wconf 71' lang='grc' dir='ltr'>ἀξια</span> <span class='ocrx_word' id='word_1_874' title='bbox 3660 5681 3772 5732; x_wconf 78' lang='grc' dir='ltr'>διε-</span> 
     </span>
    </p>
   </div>
   <div class='ocr_carea' id='block_1_119' title="bbox 2187 5773 3760 5846">
    <p class='ocr_par' dir='ltr' id='par_1_119' title="bbox 2187 5773 3760 5846">
     <span class='ocr_line' id='line_1_119' title="bbox 2187 5773 3760 5846; baseline -0.001 -18"><span class='ocrx_word' id='word_1_875' title='bbox 2187 5776 2596 5846; x_wconf 67' lang='grc' dir='ltr'>πράχθη,ιᾶπερ</span> <span class='ocrx_word' id='word_1_876' title='bbox 2621 5775 2733 5846; x_wconf 73' lang='grc' dir='ltr'>ἰδίῳ</span> <span class='ocrx_word' id='word_1_877' title='bbox 2758 5777 3150 5845; x_wconf 73' lang='grc' dir='ltr'>συγγράμματι</span> <span class='ocrx_word' id='word_1_878' title='bbox 3178 5776 3234 5827; x_wconf 80' lang='grc' dir='ltr'>ὲν</span> <span class='ocrx_word' id='word_1_879' title='bbox 3257 5773 3466 5844; x_wconf 79' lang='grc' dir='ltr'>ἑτέροις</span> <span class='ocrx_word' id='word_1_880' title='bbox 3489 5773 3760 5826; x_wconf 69' lang='grc' dir='ltr'>διέλαϐον.</span> 
     </span>
    </p>
   </div>
   <div class='ocr_carea' id='block_1_120' title="bbox 502 5870 3763 5957">
    <p class='ocr_par' dir='ltr' id='par_1_120' title="bbox 502 5870 3763 5957">
     <span class='ocr_line' id='line_1_120' title="bbox 502 5870 3763 5957; baseline -0.001 -32"><span class='ocrx_word' id='word_1_881' title='bbox 502 5872 862 5957; x_wconf 60' lang='lat' dir='ltr'><strong>paretur,qni</strong></span> <span class='ocrx_word' id='word_1_882' title='bbox 918 5874 966 5927; x_wconf 88' lang='lat' dir='ltr'><strong>ei</strong></span> <span class='ocrx_word' id='word_1_883' title='bbox 1026 5871 1099 5926; x_wconf 89' lang='lat' dir='ltr'><strong>rei</strong></span> <span class='ocrx_word' id='word_1_884' title='bbox 1146 5872 1376 5938; x_wconf 78' lang='lat' dir='ltr'><strong>aﬂuere,</strong></span> <span class='ocrx_word' id='word_1_885' title='bbox 1407 5873 1605 5926; x_wconf 87' lang='lat' dir='ltr'><strong>animis</strong></span> <span class='ocrx_word' id='word_1_886' title='bbox 1643 5873 1757 5927; x_wconf 88' lang='lat' dir='ltr'><strong>suis</strong></span> <span class='ocrx_word' id='word_1_887' title='bbox 1811 5889 2072 5944; x_wconf 86' lang='lat' dir='ltr'><strong>quasnam</strong></span> <span class='ocrx_word' id='word_1_888' title='bbox 2115 5875 2399 5955; x_wconf 85' lang='lat' dir='ltr'><strong>columnas</strong></span> <span class='ocrx_word' id='word_1_889' title='bbox 2471 5874 2790 5943; x_wconf 73' lang='lat' dir='ltr'><strong>praeteriens</strong></span> <span class='ocrx_word' id='word_1_890' title='bbox 2821 5890 2930 5930; x_wconf 91' lang='lat' dir='ltr'><strong>non</strong></span> <span class='ocrx_word' id='word_1_891' title='bbox 2986 5873 3258 5941; x_wconf 83' lang='lat' dir='ltr'><strong>pulsasset</strong></span> <span class='ocrx_word' id='word_1_892' title='bbox 3313 5870 3763 5957; x_wconf 73' lang='lat' dir='ltr'><strong>coitsiderarutit.</strong></span> 
     </span>
    </p>
   </div>
  </div>
