  <div class='ocr_page' id='page_1' title='image "/cluster/home/n/w/nwhite01/storage/ocr_20150623/147:no.3/coo.31924054870526/146.png"; bbox 0 0 4046 6478; ppageno 0'>
   <div class='ocr_carea' id='block_1_1' title="bbox 266 428 1866 545">
    <p class='ocr_par' dir='ltr' id='par_1_1' title="bbox 266 428 1866 545">
     <span class='ocr_line' id='line_1_1' title="bbox 266 428 1866 545; baseline -0.01 -1"><span class='ocrx_word' id='word_1_1' title='bbox 266 479 357 545; x_wconf 73' lang='lat'><strong>271</strong></span> <span class='ocrx_word' id='word_1_2' title='bbox 1136 428 1753 533; x_wconf 63' lang='lat' dir='ltr'><strong>iacuimus-rma</strong></span> <span class='ocrx_word' id='word_1_3' title='bbox 1796 468 1866 528; x_wconf 80' lang='lat' dir='ltr'><strong>HI</strong></span> 
     </span>
    </p>
   </div>
   <div class='ocr_carea' id='block_1_2' title="bbox 1973 428 2597 545">
    <p class='ocr_par' dir='ltr' id='par_1_2' title="bbox 1973 468 2597 532">
     <span class='ocr_line' id='line_1_2' title="bbox 1973 468 2597 532; baseline 0.005 -6"><span class='ocrx_word' id='word_1_4' title='bbox 1973 469 2106 529; x_wconf 83' lang='lat' dir='ltr'><strong>&#39;ORl</strong></span> <span class='ocrx_word' id='word_1_5' title='bbox 2122 468 2183 526; x_wconf 77' lang='lat' dir='ltr'><strong>:E</strong></span> <span class='ocrx_word' id='word_1_6' title='bbox 2224 472 2297 530; x_wconf 71' lang='lat' dir='ltr'><strong>Li</strong></span> <span class='ocrx_word' id='word_1_7' title='bbox 2312 471 2369 532; x_wconf 81' lang='grc' dir='ltr'>Β.</span> <span class='ocrx_word' id='word_1_8' title='bbox 2407 470 2597 530; x_wconf 69' lang='lat' dir='ltr'><strong>XVII.</strong></span> 
     </span>
    </p>
   </div>
   <div class='ocr_carea' id='block_1_3' title="bbox 3314 463 3530 526">
    <p class='ocr_par' dir='ltr' id='par_1_3' title="bbox 3314 463 3530 526">
     <span class='ocr_line' id='line_1_3' title="bbox 3314 463 3530 526; baseline 0.005 -1"><span class='ocrx_word' id='word_1_9' title='bbox 3314 480 3317 483; x_wconf 87' lang='lat'>&#39;</span> <span class='ocrx_word' id='word_1_10' title='bbox 3424 463 3530 526; x_wconf 73' lang='grc'><strong>273</strong></span> 
     </span>
    </p>
   </div>
   <div class='ocr_carea' id='block_1_4' title="bbox 270 581 3532 658">
    <p class='ocr_par' dir='ltr' id='par_1_4' title="bbox 270 581 3532 658">
     <span class='ocr_line' id='line_1_4' title="bbox 270 581 3532 658; baseline -0.004 -12"><span class='ocrx_word' id='word_1_11' title='bbox 270 592 394 646; x_wconf 82' lang='lat' dir='ltr'><strong>Nam</strong></span> <span class='ocrx_word' id='word_1_12' title='bbox 421 589 531 644; x_wconf 77' lang='lat' dir='ltr'><strong>illze</strong></span> <span class='ocrx_word' id='word_1_13' title='bbox 559 587 689 658; x_wconf 67' lang='lat' dir='ltr'><strong>ipsa</strong></span> <span class='ocrx_word' id='word_1_14' title='bbox 712 593 1029 643; x_wconf 64' lang='lat' dir='ltr'><strong>terratmotu</strong></span> <span class='ocrx_word' id='word_1_15' title='bbox 1088 582 1300 654; x_wconf 84' lang='lat' dir='ltr'><strong>impetu</strong></span> <span class='ocrx_word' id='word_1_16' title='bbox 1335 596 1554 637; x_wconf 90' lang='lat' dir='ltr'><strong>summo</strong></span> <span class='ocrx_word' id='word_1_17' title='bbox 1617 581 1909 651; x_wconf 73' lang='lat' dir='ltr'><strong>ingruente</strong></span> <span class='ocrx_word' id='word_1_18' title='bbox 1949 593 2302 642; x_wconf 88' lang='lat' dir='ltr'><strong>corruerunt.</strong></span> <span class='ocrx_word' id='word_1_19' title='bbox 2354 583 2741 639; x_wconf 83' lang='lat' dir='ltr'><strong>concussionis</strong></span> <span class='ocrx_word' id='word_1_20' title='bbox 2800 582 2923 651; x_wconf 77' lang='lat' dir='ltr'><strong>eius</strong></span> <span class='ocrx_word' id='word_1_21' title='bbox 2981 598 3123 654; x_wconf 85' lang='lat' dir='ltr'><strong>opus</strong></span> <span class='ocrx_word' id='word_1_22' title='bbox 3201 581 3532 654; x_wconf 81' lang='lat' dir='ltr'><strong>primarium</strong></span> 
     </span>
    </p>
   </div>
   <div class='ocr_carea' id='block_1_5' title="bbox 271 674 3235 752">
    <p class='ocr_par' dir='ltr' id='par_1_5' title="bbox 271 674 3235 752">
     <span class='ocr_line' id='line_1_5' title="bbox 271 674 3235 752; baseline -0.002 -13"><span class='ocrx_word' id='word_1_23' title='bbox 271 684 433 739; x_wconf 63' lang='lat' dir='ltr'><strong>facta.</strong></span> <span class='ocrx_word' id='word_1_24' title='bbox 470 681 638 737; x_wconf 70' lang='lat' dir='ltr'><strong>Multa</strong></span> <span class='ocrx_word' id='word_1_25' title='bbox 670 690 935 752; x_wconf 83' lang='lat' dir='ltr'><strong>praeterea</strong></span> <span class='ocrx_word' id='word_1_26' title='bbox 956 678 1025 734; x_wconf 89' lang='lat' dir='ltr'><strong>ab</strong></span> <span class='ocrx_word' id='word_1_27' title='bbox 1051 692 1119 734; x_wconf 87' lang='lat' dir='ltr'><strong>eo</strong></span> <span class='ocrx_word' id='word_1_28' title='bbox 1166 675 1434 732; x_wconf 81' lang='lat' dir='ltr'><strong>memoria</strong></span> <span class='ocrx_word' id='word_1_29' title='bbox 1452 674 1620 745; x_wconf 84' lang='lat' dir='ltr'><strong>digna</strong></span> <span class='ocrx_word' id='word_1_30' title='bbox 1676 684 1808 730; x_wconf 89' lang='lat' dir='ltr'><strong>sunt</strong></span> <span class='ocrx_word' id='word_1_31' title='bbox 1845 687 2022 744; x_wconf 78' lang='lat' dir='ltr'><strong>gesm,</strong></span> <span class='ocrx_word' id='word_1_32' title='bbox 2048 691 2168 745; x_wconf 73' lang='lat' dir='ltr'><strong>quae</strong></span> <span class='ocrx_word' id='word_1_33' title='bbox 2195 676 2405 746; x_wconf 85' lang='lat' dir='ltr'><strong>scripto</strong></span> <span class='ocrx_word' id='word_1_34' title='bbox 2433 677 2541 731; x_wconf 79' lang='lat' dir='ltr'><strong>alio</strong></span> <span class='ocrx_word' id='word_1_35' title='bbox 2568 676 2697 731; x_wconf 85' lang='lat' dir='ltr'><strong>alibi</strong></span> <span class='ocrx_word' id='word_1_36' title='bbox 2722 692 2844 731; x_wconf 87' lang='lat' dir='ltr'><strong>sum</strong></span> <span class='ocrx_word' id='word_1_37' title='bbox 2879 687 3235 747; x_wconf 86' lang='lat' dir='ltr'><strong>prosecutus.</strong></span> 
     </span>
    </p>
   </div>
   <div class='ocr_carea' id='block_1_6' title="bbox 822 814 1275 874">
    <p class='ocr_par' dir='ltr' id='par_1_6' title="bbox 822 814 1275 874">
     <span class='ocr_line' id='line_1_6' title="bbox 822 814 1275 874; baseline 0.004 -4"><span class='ocrx_word' id='word_1_38' title='bbox 822 817 1080 874; x_wconf 74' lang='grc' dir='ltr'><strong>ΚΕΦΔΛ.</strong></span> <span class='ocrx_word' id='word_1_39' title='bbox 1144 814 1275 872; x_wconf 81' lang='lat' dir='ltr'><strong>KI&quot;.</strong></span> 
     </span>
    </p>
   </div>
   <div class='ocr_carea' id='block_1_7' title="bbox 334 921 1771 1057">
    <p class='ocr_par' dir='ltr' id='par_1_7' title="bbox 334 921 1771 1057">
     <span class='ocr_line' id='line_1_7' title="bbox 334 921 1771 1057; baseline -0.003 -77"><span class='ocrx_word' id='word_1_40' title='bbox 334 924 473 994; x_wconf 75' lang='grc' dir='ltr'>Περὶ</span> <span class='ocrx_word' id='word_1_41' title='bbox 509 921 684 991; x_wconf 82' lang='grc' dir='ltr'>Θωμᾶ</span> <span class='ocrx_word' id='word_1_42' title='bbox 706 922 805 977; x_wconf 76' lang='grc' dir='ltr'><strong>καί</strong></span> <span class='ocrx_word' id='word_1_43' title='bbox 833 921 1162 1057; x_wconf 44' lang='lat' dir='ltr'><strong>acroasin</strong></span> <span class='ocrx_word' id='word_1_44' title='bbox 1194 922 1423 992; x_wconf 76' lang='grc' dir='ltr'>ἐξηχον</span> <span class='ocrx_word' id='word_1_45' title='bbox 1457 922 1771 994; x_wconf 76' lang='grc' dir='ltr'><strong>μετιόντος</strong></span> 
     </span>
    </p>
   </div>
   <div class='ocr_carea' id='block_1_8' title="bbox 1039 1008 1131 1047">
    <p class='ocr_par' dir='ltr' id='par_1_8' title="bbox 1039 1008 1131 1047">
     <span class='ocr_line' id='line_1_8' title="bbox 1039 1008 1131 1047; baseline 0.033 -4"><span class='ocrx_word' id='word_1_46' title='bbox 1039 1008 1131 1047; x_wconf 81' lang='grc' dir='ltr'>ον.</span> 
     </span>
    </p>
   </div>
   <div class='ocr_carea' id='block_1_9' title="bbox 349 1104 1844 1175">
    <p class='ocr_par' dir='ltr' id='par_1_9' title="bbox 349 1104 1844 1175">
     <span class='ocr_line' id='line_1_9' title="bbox 349 1104 1844 1175; baseline -0.001 -14"><span class='ocrx_word' id='word_1_47' title='bbox 349 1108 475 1162; x_wconf 77' lang='grc' dir='ltr'><strong>’Δνὰ</strong></span> <span class='ocrx_word' id='word_1_48' title='bbox 509 1106 564 1160; x_wconf 78' lang='grc' dir='ltr'>δὲ</span> <span class='ocrx_word' id='word_1_49' title='bbox 596 1106 694 1175; x_wconf 81' lang='grc' dir='ltr'><strong>τὴν</strong></span> <span class='ocrx_word' id='word_1_50' title='bbox 741 1104 948 1173; x_wconf 79' lang='grc' dir='ltr'>Κοίλην</span> <span class='ocrx_word' id='word_1_51' title='bbox 998 1105 1200 1173; x_wconf 93' lang='grc' dir='ltr'>Συρίαν</span> <span class='ocrx_word' id='word_1_52' title='bbox 1248 1104 1342 1159; x_wconf 89' lang='grc' dir='ltr'><strong>καί</strong></span> <span class='ocrx_word' id='word_1_53' title='bbox 1378 1122 1464 1169; x_wconf 90' lang='grc' dir='ltr'><strong>τις</strong></span> <span class='ocrx_word' id='word_1_54' title='bbox 1508 1104 1698 1175; x_wconf 73' lang='grc' dir='ltr'>ἕτερος</span> <span class='ocrx_word' id='word_1_55' title='bbox 1752 1104 1844 1159; x_wconf 77' lang='grc' dir='ltr'>τὸν</span> 
     </span>
    </p>
   </div>
   <div class='ocr_carea' id='block_1_10' title="bbox 279 1197 1849 1271">
    <p class='ocr_par' dir='ltr' id='par_1_10' title="bbox 279 1197 1849 1271">
     <span class='ocr_line' id='line_1_10' title="bbox 279 1197 1849 1271; baseline -0.003 -17"><span class='ocrx_word' id='word_1_56' title='bbox 279 1202 383 1255; x_wconf 68' lang='grc' dir='ltr'>ἴσον</span> <span class='ocrx_word' id='word_1_57' title='bbox 409 1200 525 1271; x_wconf 85' lang='grc' dir='ltr'>βίον</span> <span class='ocrx_word' id='word_1_58' title='bbox 548 1197 845 1252; x_wconf 81' lang='grc' dir='ltr'>διαθλεύων</span> <span class='ocrx_word' id='word_1_59' title='bbox 884 1198 1174 1267; x_wconf 72' lang='grc' dir='ltr'>ἐτύγχανε,</span> <span class='ocrx_word' id='word_1_60' title='bbox 1198 1197 1403 1267; x_wconf 80' lang='grc' dir='ltr'><strong>Θωμᾶς</strong></span> <span class='ocrx_word' id='word_1_61' title='bbox 1432 1198 1602 1267; x_wconf 75' lang='grc' dir='ltr'>ὄνομα</span> <span class='ocrx_word' id='word_1_62' title='bbox 1623 1214 1639 1230; x_wconf 76' lang='grc'><strong><em>⁸</em></strong></span> <span class='ocrx_word' id='word_1_63' title='bbox 1665 1197 1721 1261; x_wconf 79' lang='grc' dir='ltr'>ὃς</span> <span class='ocrx_word' id='word_1_64' title='bbox 1755 1197 1849 1250; x_wconf 65' lang='grc' dir='ltr'><strong>ἐπὶ</strong></span> 
     </span>
    </p>
   </div>
   <div class='ocr_carea' id='block_1_11' title="bbox 276 1289 1845 1363">
    <p class='ocr_par' dir='ltr' id='par_1_11' title="bbox 276 1289 1845 1363">
     <span class='ocr_line' id='line_1_11' title="bbox 276 1289 1845 1363; baseline -0.001 -16"><span class='ocrx_word' id='word_1_65' title='bbox 276 1296 368 1362; x_wconf 75' lang='grc' dir='ltr'>τῆς</span> <span class='ocrx_word' id='word_1_66' title='bbox 404 1294 679 1363; x_wconf 76' lang='grc' dir='ltr'><strong>Ἀντιόχου</strong></span> <span class='ocrx_word' id='word_1_67' title='bbox 732 1290 1049 1362; x_wconf 87' lang='grc' dir='ltr'>γενόμενος,</span> <span class='ocrx_word' id='word_1_68' title='bbox 1097 1291 1197 1361; x_wconf 78' lang='grc' dir='ltr'>τὴν</span> <span class='ocrx_word' id='word_1_69' title='bbox 1242 1292 1459 1361; x_wconf 73' lang='grc' dir='ltr'>ἐτήσιον</span> <span class='ocrx_word' id='word_1_70' title='bbox 1506 1289 1715 1363; x_wconf 80' lang='grc' dir='ltr'>τροφὴν</span> <span class='ocrx_word' id='word_1_71' title='bbox 1751 1307 1845 1345; x_wconf 61' lang='grc' dir='ltr'>κος</span> 
     </span>
    </p>
   </div>
   <div class='ocr_carea' id='block_1_12' title="bbox 280 1378 1847 1456">
    <p class='ocr_par' dir='ltr' id='par_1_12' title="bbox 280 1378 1847 1456">
     <span class='ocr_line' id='line_1_12' title="bbox 280 1378 1847 1456; baseline -0.003 -17"><span class='ocrx_word' id='word_1_72' title='bbox 280 1386 587 1456; x_wconf 84' lang='grc' dir='ltr'>μιούμενος,</span> <span class='ocrx_word' id='word_1_73' title='bbox 612 1384 716 1454; x_wconf 83' lang='grc' dir='ltr'>τῆς</span> <span class='ocrx_word' id='word_1_74' title='bbox 739 1383 862 1438; x_wconf 87' lang='grc' dir='ltr'>κατ’</span> <span class='ocrx_word' id='word_1_75' title='bbox 889 1383 1051 1437; x_wconf 79' lang='grc' dir='ltr'>αὐτὸν</span> <span class='ocrx_word' id='word_1_76' title='bbox 1078 1383 1252 1452; x_wconf 80' lang='grc' dir='ltr'>μονῆς</span> <span class='ocrx_word' id='word_1_77' title='bbox 1292 1382 1381 1455; x_wconf 77' lang='grc' dir='ltr'>(ὲκ</span> <span class='ocrx_word' id='word_1_78' title='bbox 1407 1383 1517 1453; x_wconf 83' lang='grc' dir='ltr'>γὰρ</span> <span class='ocrx_word' id='word_1_79' title='bbox 1541 1378 1644 1452; x_wconf 77' lang='grc' dir='ltr'>τῆς</span> <span class='ocrx_word' id='word_1_80' title='bbox 1666 1385 1847 1436; x_wconf 82' lang='grc' dir='ltr'>ὲκεῖσε</span> 
     </span>
    </p>
   </div>
   <div class='ocr_carea' id='block_1_13' title="bbox 276 1474 1849 1547">
    <p class='ocr_par' dir='ltr' id='par_1_13' title="bbox 276 1474 1849 1547">
     <span class='ocr_line' id='line_1_13' title="bbox 276 1474 1849 1547; baseline -0.001 -15"><span class='ocrx_word' id='word_1_81' title='bbox 276 1477 565 1546; x_wconf 73' lang='grc' dir='ltr'><strong>ἐκκλησίας</strong></span> <span class='ocrx_word' id='word_1_82' title='bbox 611 1475 893 1545; x_wconf 74' lang='grc' dir='ltr'><strong>ἐτέτακτο)</strong></span> <span class='ocrx_word' id='word_1_83' title='bbox 929 1475 1037 1547; x_wconf 72' lang='grc' dir='ltr'>ἤϊε.</span> <span class='ocrx_word' id='word_1_84' title='bbox 1093 1474 1298 1530; x_wconf 82' lang='grc' dir='ltr'>Τοῦτον</span> <span class='ocrx_word' id='word_1_85' title='bbox 1351 1476 1535 1530; x_wconf 91' lang='grc' dir='ltr'>τοίνυν</span> <span class='ocrx_word' id='word_1_86' title='bbox 1578 1475 1849 1530; x_wconf 78' lang='grc' dir='ltr'>’Δναστά-</span> 
     </span>
    </p>
   </div>
   <div class='ocr_carea' id='block_1_14' title="bbox 278 1566 1852 1638">
    <p class='ocr_par' dir='ltr' id='par_1_14' title="bbox 278 1566 1852 1638">
     <span class='ocr_line' id='line_1_14' title="bbox 278 1566 1852 1638; baseline -0.001 -16"><span class='ocrx_word' id='word_1_87' title='bbox 278 1585 389 1631; x_wconf 88' lang='grc' dir='ltr'>σιος</span> <span class='ocrx_word' id='word_1_88' title='bbox 431 1570 461 1622; x_wconf 85' lang='grc' dir='ltr'>ὁ</span> <span class='ocrx_word' id='word_1_89' title='bbox 488 1569 556 1622; x_wconf 76' lang='grc' dir='ltr'>τὰ</span> <span class='ocrx_word' id='word_1_90' title='bbox 603 1568 706 1638; x_wconf 81' lang='grc' dir='ltr'>τῆς</span> <span class='ocrx_word' id='word_1_91' title='bbox 736 1567 1033 1637; x_wconf 74' lang='grc' dir='ltr'><strong>ἐκκλησίας</strong></span> <span class='ocrx_word' id='word_1_92' title='bbox 1089 1566 1414 1637; x_wconf 70' lang='grc' dir='ltr'>οἰκονομῶν,</span> <span class='ocrx_word' id='word_1_93' title='bbox 1468 1567 1590 1621; x_wconf 74' lang='grc' dir='ltr'>ἐπεὶ</span> <span class='ocrx_word' id='word_1_94' title='bbox 1638 1567 1852 1637; x_wconf 87' lang='grc' dir='ltr'>συχνῶς</span> 
     </span>
    </p>
   </div>
   <div class='ocr_carea' id='block_1_15' title="bbox 273 1659 1853 1732">
    <p class='ocr_par' dir='ltr' id='par_1_15' title="bbox 273 1659 1853 1732">
     <span class='ocr_line' id='line_1_15' title="bbox 273 1659 1853 1732; baseline 0.001 -18"><span class='ocrx_word' id='word_1_95' title='bbox 273 1660 521 1732; x_wconf 73' lang='grc' dir='ltr'>ἠνώχλει,</span> <span class='ocrx_word' id='word_1_96' title='bbox 571 1662 713 1714; x_wconf 77' lang='grc' dir='ltr'>κατὰ</span> <span class='ocrx_word' id='word_1_97' title='bbox 744 1660 949 1731; x_wconf 73' lang='grc' dir='ltr'>κόρρης</span> <span class='ocrx_word' id='word_1_98' title='bbox 976 1660 1141 1714; x_wconf 71' lang='grc' dir='ltr'>ἔπαιε</span> <span class='ocrx_word' id='word_1_99' title='bbox 1186 1662 1252 1731; x_wconf 79' lang='grc' dir='ltr'><strong>τῇ</strong></span> <span class='ocrx_word' id='word_1_100' title='bbox 1290 1661 1455 1732; x_wconf 87' lang='grc' dir='ltr'>χειρί.</span> <span class='ocrx_word' id='word_1_101' title='bbox 1492 1661 1581 1714; x_wconf 84' lang='grc' dir='ltr'>Ἐν</span> <span class='ocrx_word' id='word_1_102' title='bbox 1608 1659 1765 1731; x_wconf 84' lang='grc' dir='ltr'>δεινῷ</span> <span class='ocrx_word' id='word_1_103' title='bbox 1794 1662 1853 1715; x_wconf 75' lang='grc' dir='ltr'>δὲ</span> 
     </span>
    </p>
   </div>
   <div class='ocr_carea' id='block_1_16' title="bbox 276 1747 1847 1822">
    <p class='ocr_par' dir='ltr' id='par_1_16' title="bbox 276 1747 1847 1822">
     <span class='ocr_line' id='line_1_16' title="bbox 276 1747 1847 1822; baseline 0.001 -17"><span class='ocrx_word' id='word_1_104' title='bbox 276 1754 617 1822; x_wconf 79' lang='grc' dir='ltr'><strong>ποιουμένων</strong></span> <span class='ocrx_word' id='word_1_105' title='bbox 638 1750 746 1804; x_wconf 86' lang='grc' dir='ltr'><strong>τῶν</strong></span> <span class='ocrx_word' id='word_1_106' title='bbox 771 1753 911 1822; x_wconf 74' lang='grc' dir='ltr'>ἀμφ’</span> <span class='ocrx_word' id='word_1_107' title='bbox 938 1751 1123 1817; x_wconf 76' lang='grc' dir='ltr'>αὐτὸν,</span> <span class='ocrx_word' id='word_1_108' title='bbox 1154 1747 1333 1817; x_wconf 70' lang='grc' dir='ltr'>εἶπεν,</span> <span class='ocrx_word' id='word_1_109' title='bbox 1364 1750 1490 1804; x_wconf 81' lang='grc' dir='ltr'>οὔτε</span> <span class='ocrx_word' id='word_1_110' title='bbox 1520 1751 1726 1821; x_wconf 81' lang='grc' dir='ltr'>Θωμᾶν</span> <span class='ocrx_word' id='word_1_111' title='bbox 1748 1751 1847 1806; x_wconf 78' lang='grc' dir='ltr'><strong>τοῦ</strong></span> 
     </span>
    </p>
   </div>
   <div class='ocr_carea' id='block_1_17' title="bbox 274 1841 1851 1915">
    <p class='ocr_par' dir='ltr' id='par_1_17' title="bbox 274 1841 1851 1915">
     <span class='ocr_line' id='line_1_17' title="bbox 274 1841 1851 1915; baseline 0 -18"><span class='ocrx_word' id='word_1_112' title='bbox 274 1845 462 1897; x_wconf 83' lang='grc' dir='ltr'>λοιποῦ</span> <span class='ocrx_word' id='word_1_113' title='bbox 486 1844 544 1897; x_wconf 78' lang='grc' dir='ltr'><strong>τὸ</strong></span> <span class='ocrx_word' id='word_1_114' title='bbox 573 1846 673 1914; x_wconf 81' lang='grc' dir='ltr'>τῆς</span> <span class='ocrx_word' id='word_1_115' title='bbox 707 1843 1005 1914; x_wconf 78' lang='grc' dir='ltr'><strong>ἐκκλησίας</strong></span> <span class='ocrx_word' id='word_1_116' title='bbox 1036 1842 1329 1915; x_wconf 72' lang='grc' dir='ltr'>λήψεσθαι,</span> <span class='ocrx_word' id='word_1_117' title='bbox 1371 1841 1498 1897; x_wconf 76' lang='grc' dir='ltr'>οὕτε</span> <span class='ocrx_word' id='word_1_118' title='bbox 1535 1842 1730 1897; x_wconf 81' lang='grc' dir='ltr'>δώσειν</span> <span class='ocrx_word' id='word_1_119' title='bbox 1757 1843 1851 1897; x_wconf 78' lang='grc' dir='ltr'>τὸν</span> 
     </span>
    </p>
   </div>
   <div class='ocr_carea' id='block_1_18' title="bbox 289 1934 1855 2007">
    <p class='ocr_par' dir='ltr' id='par_1_18' title="bbox 289 1934 1855 2007">
     <span class='ocr_line' id='line_1_18' title="bbox 289 1934 1855 2007; baseline -0.001 -17"><span class='ocrx_word' id='word_1_120' title='bbox 289 1934 640 1990; x_wconf 79' lang='grc' dir='ltr'>Ἀναστάσιον</span> <span class='ocrx_word' id='word_1_121' title='bbox 666 1950 682 1967; x_wconf 78' lang='grc' dir='ltr'><strong>ο</strong></span> <span class='ocrx_word' id='word_1_122' title='bbox 718 1934 939 2006; x_wconf 71' lang='grc' dir='ltr'>ἐπιτελῆ</span> <span class='ocrx_word' id='word_1_123' title='bbox 978 1934 1038 1989; x_wconf 77' lang='grc' dir='ltr'>δὲ</span> <span class='ocrx_word' id='word_1_124' title='bbox 1086 1937 1182 1989; x_wconf 76' lang='grc' dir='ltr'>καὶ</span> <span class='ocrx_word' id='word_1_125' title='bbox 1213 1935 1383 2007; x_wconf 76' lang='grc' dir='ltr'>ἄμφω</span> <span class='ocrx_word' id='word_1_126' title='bbox 1420 1935 1677 2003; x_wconf 81' lang='grc' dir='ltr'>γενέσθαι</span> <span class='ocrx_word' id='word_1_127' title='bbox 1710 1934 1855 1990; x_wconf 70' lang='grc' dir='ltr'>κατὰ</span> 
     </span>
    </p>
   </div>
   <div class='ocr_carea' id='block_1_19' title="bbox 275 2027 1854 2099">
    <p class='ocr_par' dir='ltr' id='par_1_19' title="bbox 275 2027 1854 2099">
     <span class='ocr_line' id='line_1_19' title="bbox 275 2027 1854 2099; baseline 0 -18"><span class='ocrx_word' id='word_1_128' title='bbox 275 2027 375 2097; x_wconf 75' lang='grc' dir='ltr'>τὴν</span> <span class='ocrx_word' id='word_1_129' title='bbox 399 2028 730 2098; x_wconf 70' lang='grc' dir='ltr'>πρόρρησιν.</span> <span class='ocrx_word' id='word_1_130' title='bbox 765 2027 827 2081; x_wconf 85' lang='grc'><strong>’0</strong></span> <span class='ocrx_word' id='word_1_131' title='bbox 864 2027 962 2097; x_wconf 74' lang='grc' dir='ltr'>μὲν</span> <span class='ocrx_word' id='word_1_132' title='bbox 1008 2027 1118 2097; x_wconf 80' lang='grc' dir='ltr'><strong>γὰρ</strong></span> <span class='ocrx_word' id='word_1_133' title='bbox 1146 2028 1504 2092; x_wconf 81' lang='grc' dir='ltr'>Ἀναστάσιος</span> <span class='ocrx_word' id='word_1_134' title='bbox 1535 2030 1602 2099; x_wconf 81' lang='grc' dir='ltr'>τῇ</span> <span class='ocrx_word' id='word_1_135' title='bbox 1658 2027 1854 2098; x_wconf 75' lang='grc' dir='ltr'>ἑφεξῆς</span> 
     </span>
    </p>
   </div>
   <div class='ocr_carea' id='block_1_20' title="bbox 277 2118 1857 2191">
    <p class='ocr_par' dir='ltr' id='par_1_20' title="bbox 277 2118 1857 2191">
     <span class='ocr_line' id='line_1_20' title="bbox 277 2118 1857 2191; baseline 0.001 -20"><span class='ocrx_word' id='word_1_136' title='bbox 277 2120 461 2190; x_wconf 75' lang='grc' dir='ltr'>ἡμέρᾳ</span> <span class='ocrx_word' id='word_1_137' title='bbox 506 2118 597 2172; x_wconf 77' lang='grc' dir='ltr'><strong>τὸν</strong></span> <span class='ocrx_word' id='word_1_138' title='bbox 642 2118 758 2187; x_wconf 86' lang='grc' dir='ltr'>βίον</span> <span class='ocrx_word' id='word_1_139' title='bbox 805 2119 1206 2189; x_wconf 74' lang='grc' dir='ltr'>κατέστρεψεν.</span> <span class='ocrx_word' id='word_1_140' title='bbox 1241 2120 1445 2191; x_wconf 83' lang='grc' dir='ltr'>Θωμᾶς</span> <span class='ocrx_word' id='word_1_141' title='bbox 1492 2119 1539 2172; x_wconf 77' lang='grc' dir='ltr'>δ’</span> <span class='ocrx_word' id='word_1_142' title='bbox 1588 2120 1857 2191; x_wconf 81' lang='grc' dir='ltr'>ὑποστρέ-</span> 
     </span>
    </p>
   </div>
   <div class='ocr_carea' id='block_1_21' title="bbox 282 2209 1852 2282">
    <p class='ocr_par' dir='ltr' id='par_1_21' title="bbox 282 2209 1852 2282">
     <span class='ocr_line' id='line_1_21' title="bbox 282 2209 1852 2282; baseline 0.001 -19"><span class='ocrx_word' id='word_1_143' title='bbox 282 2226 420 2277; x_wconf 74' lang='grc' dir='ltr'>φων,</span> <span class='ocrx_word' id='word_1_144' title='bbox 466 2211 561 2263; x_wconf 79' lang='grc' dir='ltr'>καὶ</span> <span class='ocrx_word' id='word_1_145' title='bbox 592 2211 730 2279; x_wconf 70' lang='grc' dir='ltr'>πρὸς</span> <span class='ocrx_word' id='word_1_146' title='bbox 778 2209 877 2281; x_wconf 80' lang='grc' dir='ltr'>τὴν</span> <span class='ocrx_word' id='word_1_147' title='bbox 911 2211 1134 2281; x_wconf 78' lang='grc' dir='ltr'>Δάφνην</span> <span class='ocrx_word' id='word_1_148' title='bbox 1176 2211 1495 2280; x_wconf 69' lang='grc' dir='ltr'>γενόμενος,</span> <span class='ocrx_word' id='word_1_149' title='bbox 1529 2212 1588 2266; x_wconf 81' lang='grc' dir='ltr'>ὲν</span> <span class='ocrx_word' id='word_1_150' title='bbox 1632 2212 1710 2282; x_wconf 83' lang='grc' dir='ltr'>τῷ</span> <span class='ocrx_word' id='word_1_151' title='bbox 1744 2211 1852 2266; x_wconf 84' lang='grc' dir='ltr'><strong>τῶν</strong></span> 
     </span>
    </p>
   </div>
   <div class='ocr_carea' id='block_1_22' title="bbox 287 2298 1921 2372">
    <p class='ocr_par' dir='ltr' id='par_1_22' title="bbox 287 2298 1921 2372">
     <span class='ocr_line' id='line_1_22' title="bbox 287 2298 1921 2372; baseline 0.001 -20"><span class='ocrx_word' id='word_1_152' title='bbox 287 2298 577 2354; x_wconf 76' lang='grc' dir='ltr'>νοσούντων</span> <span class='ocrx_word' id='word_1_153' title='bbox 604 2301 961 2371; x_wconf 85' lang='grc' dir='ltr'>καταγωγίῳ,</span> <span class='ocrx_word' id='word_1_154' title='bbox 1000 2303 1138 2369; x_wconf 86' lang='grc' dir='ltr'>πρὸς</span> <span class='ocrx_word' id='word_1_155' title='bbox 1163 2301 1264 2371; x_wconf 81' lang='grc' dir='ltr'>τὴν</span> <span class='ocrx_word' id='word_1_156' title='bbox 1287 2302 1502 2369; x_wconf 75' lang='grc' dir='ltr'>ἀμείνω</span> <span class='ocrx_word' id='word_1_157' title='bbox 1533 2300 1691 2371; x_wconf 81' lang='grc' dir='ltr'>λῆξιν</span> <span class='ocrx_word' id='word_1_158' title='bbox 1716 2301 1853 2372; x_wconf 75' lang='grc' dir='ltr'>ὲχώο</span> <span class='ocrx_word' id='word_1_159' title='bbox 1915 2301 1921 2307; x_wconf 86' lang='grc'><strong><em>“</em></strong></span> 
     </span>
    </p>
   </div>
   <div class='ocr_carea' id='block_1_23' title="bbox 289 2390 1854 2465">
    <p class='ocr_par' dir='ltr' id='par_1_23' title="bbox 289 2390 1854 2465">
     <span class='ocr_line' id='line_1_23' title="bbox 289 2390 1854 2465; baseline 0.003 -24"><span class='ocrx_word' id='word_1_160' title='bbox 289 2407 392 2459; x_wconf 84' lang='grc' dir='ltr'>ρει.</span> <span class='ocrx_word' id='word_1_161' title='bbox 431 2392 538 2444; x_wconf 80' lang='grc' dir='ltr'><strong>Καὶ</strong></span> <span class='ocrx_word' id='word_1_162' title='bbox 565 2392 658 2443; x_wconf 68' lang='grc' dir='ltr'>τὶν</span> <span class='ocrx_word' id='word_1_163' title='bbox 680 2390 893 2444; x_wconf 79' lang='grc' dir='ltr'>ἐκείνου</span> <span class='ocrx_word' id='word_1_164' title='bbox 920 2392 1116 2462; x_wconf 81' lang='grc' dir='ltr'>νεκρὸν</span> <span class='ocrx_word' id='word_1_165' title='bbox 1145 2392 1194 2445; x_wconf 91' lang='grc' dir='ltr'><strong>οί</strong></span> <span class='ocrx_word' id='word_1_166' title='bbox 1224 2394 1404 2446; x_wconf 83' lang='grc' dir='ltr'><strong>ἐκεῖσε</strong></span> <span class='ocrx_word' id='word_1_167' title='bbox 1449 2393 1513 2462; x_wconf 82' lang='grc' dir='ltr'>δὴ</span> <span class='ocrx_word' id='word_1_168' title='bbox 1538 2394 1616 2465; x_wconf 85' lang='grc' dir='ltr'>τῷ</span> <span class='ocrx_word' id='word_1_169' title='bbox 1648 2393 1854 2464; x_wconf 78' lang='grc' dir='ltr'>ἐπηλύ-</span> 
     </span>
    </p>
   </div>
   <div class='ocr_carea' id='block_1_24' title="bbox 282 2480 1855 2553">
    <p class='ocr_par' dir='ltr' id='par_1_24' title="bbox 282 2480 1855 2553">
     <span class='ocr_line' id='line_1_24' title="bbox 282 2480 1855 2553; baseline 0.004 -19"><span class='ocrx_word' id='word_1_170' title='bbox 282 2482 387 2534; x_wconf 87' lang='grc' dir='ltr'><strong>δων</strong></span> <span class='ocrx_word' id='word_1_171' title='bbox 415 2481 753 2553; x_wconf 78' lang='grc' dir='ltr'>πολυανδρίῳ</span> <span class='ocrx_word' id='word_1_172' title='bbox 780 2481 1070 2536; x_wconf 82' lang='grc' dir='ltr'><strong>κατέθεντο</strong></span> <span class='ocrx_word' id='word_1_173' title='bbox 1095 2500 1111 2516; x_wconf 77' lang='grc' dir='ltr'><strong>ο</strong></span> <span class='ocrx_word' id='word_1_174' title='bbox 1144 2480 1265 2537; x_wconf 73' lang='grc' dir='ltr'>εἶτα</span> <span class='ocrx_word' id='word_1_175' title='bbox 1299 2484 1396 2537; x_wconf 66' lang='grc' dir='ltr'>καὶ</span> <span class='ocrx_word' id='word_1_176' title='bbox 1445 2484 1605 2538; x_wconf 80' lang='grc' dir='ltr'>ἄλλον</span> <span class='ocrx_word' id='word_1_177' title='bbox 1639 2488 1732 2539; x_wconf 75' lang='grc' dir='ltr'>καὶ</span> <span class='ocrx_word' id='word_1_178' title='bbox 1756 2482 1855 2541; x_wconf 78' lang='grc' dir='ltr'><strong>αὖ·</strong></span> 
     </span>
    </p>
   </div>
   <div class='ocr_carea' id='block_1_25' title="bbox 278 2572 1854 2644">
    <p class='ocr_par' dir='ltr' id='par_1_25' title="bbox 278 2572 1854 2644">
     <span class='ocr_line' id='line_1_25' title="bbox 278 2572 1854 2644; baseline 0.004 -19"><span class='ocrx_word' id='word_1_179' title='bbox 278 2572 365 2637; x_wconf 75' lang='grc' dir='ltr'><strong>θις</strong></span> <span class='ocrx_word' id='word_1_180' title='bbox 414 2572 597 2642; x_wconf 75' lang='grc' dir='ltr'>ἕτερον</span> <span class='ocrx_word' id='word_1_181' title='bbox 643 2572 732 2625; x_wconf 66' lang='grc' dir='ltr'><strong>ἐπ’</strong></span> <span class='ocrx_word' id='word_1_182' title='bbox 761 2573 979 2644; x_wconf 71' lang='grc' dir='ltr'>ἐκείνῳ.</span> <span class='ocrx_word' id='word_1_183' title='bbox 1024 2574 1181 2630; x_wconf 78' lang='grc' dir='ltr'>Ἐπεὶ</span> <span class='ocrx_word' id='word_1_184' title='bbox 1229 2574 1287 2627; x_wconf 86' lang='grc' dir='ltr'>δὲ</span> <span class='ocrx_word' id='word_1_185' title='bbox 1338 2575 1474 2631; x_wconf 81' lang='grc' dir='ltr'>Θεοῦ</span> <span class='ocrx_word' id='word_1_186' title='bbox 1510 2577 1604 2628; x_wconf 75' lang='grc' dir='ltr'>τὸν</span> <span class='ocrx_word' id='word_1_187' title='bbox 1650 2578 1854 2631; x_wconf 84' lang='grc' dir='ltr'>οἰκεῖον</span> 
     </span>
    </p>
   </div>
   <div class='ocr_carea' id='block_1_26' title="bbox 277 2663 1855 2738">
    <p class='ocr_par' dir='ltr' id='par_1_26' title="bbox 277 2663 1855 2738">
     <span class='ocr_line' id='line_1_26' title="bbox 277 2663 1855 2738; baseline 0.003 -21"><span class='ocrx_word' id='word_1_188' title='bbox 277 2664 549 2735; x_wconf 83' lang='grc' dir='ltr'>τιμῶντος</span> <span class='ocrx_word' id='word_1_189' title='bbox 580 2663 890 2736; x_wconf 79' lang='grc' dir='ltr'>θεράποντα</span> <span class='ocrx_word' id='word_1_190' title='bbox 932 2665 1173 2737; x_wconf 76' lang='grc' dir='ltr'>ὕπερθεν</span> <span class='ocrx_word' id='word_1_191' title='bbox 1200 2668 1227 2719; x_wconf 85' lang='grc' dir='ltr'>ὁ</span> <span class='ocrx_word' id='word_1_192' title='bbox 1261 2667 1477 2720; x_wconf 77' lang='grc' dir='ltr'>ἐκείνου</span> <span class='ocrx_word' id='word_1_193' title='bbox 1509 2669 1704 2738; x_wconf 49' lang='lat' dir='ltr'><strong>mm;</strong></span> <span class='ocrx_word' id='word_1_194' title='bbox 1738 2668 1855 2736; x_wconf 68' lang='grc' dir='ltr'>ὲγίο</span> 
     </span>
    </p>
   </div>
   <div class='ocr_carea' id='block_1_27' title="bbox 276 2754 1855 2827">
    <p class='ocr_par' dir='ltr' id='par_1_27' title="bbox 276 2754 1855 2827">
     <span class='ocr_line' id='line_1_27' title="bbox 276 2754 1855 2827; baseline 0.004 -23"><span class='ocrx_word' id='word_1_195' title='bbox 276 2771 424 2819; x_wconf 87' lang='grc' dir='ltr'>νετο,</span> <span class='ocrx_word' id='word_1_196' title='bbox 466 2755 573 2807; x_wconf 84' lang='grc' dir='ltr'><strong>τῶν</strong></span> <span class='ocrx_word' id='word_1_197' title='bbox 608 2755 1003 2826; x_wconf 67' lang='grc' dir='ltr'>ἐπιτιθεμένων</span> <span class='ocrx_word' id='word_1_198' title='bbox 1044 2754 1136 2819; x_wconf 75' lang='grc' dir='ltr'><strong>τού</strong></span> <span class='ocrx_word' id='word_1_199' title='bbox 1179 2756 1435 2826; x_wconf 86' lang='grc' dir='ltr'>σώματος</span> <span class='ocrx_word' id='word_1_200' title='bbox 1471 2757 1593 2827; x_wconf 76' lang='grc' dir='ltr'>θείᾳ</span> <span class='ocrx_word' id='word_1_201' title='bbox 1624 2759 1731 2810; x_wconf 73' lang='grc' dir='ltr'>τινὶ</span> <span class='ocrx_word' id='word_1_202' title='bbox 1761 2757 1855 2810; x_wconf 92' lang='grc' dir='ltr'>δυ-</span> 
     </span>
    </p>
   </div>
   <div class='ocr_carea' id='block_1_28' title="bbox 280 2846 1856 2921">
    <p class='ocr_par' dir='ltr' id='par_1_28' title="bbox 280 2846 1856 2921">
     <span class='ocr_line' id='line_1_28' title="bbox 280 2846 1856 2921; baseline 0.003 -22"><span class='ocrx_word' id='word_1_203' title='bbox 280 2846 506 2917; x_wconf 74' lang='grc' dir='ltr'>ναστείᾳ</span> <span class='ocrx_word' id='word_1_204' title='bbox 533 2847 994 2917; x_wconf 26' lang='grc' dir='ltr'>ἀποκρουομὲινων</span> <span class='ocrx_word' id='word_1_205' title='bbox 1024 2846 1097 2910; x_wconf 84' lang='grc' dir='ltr'><strong>ὡς</strong></span> <span class='ocrx_word' id='word_1_206' title='bbox 1128 2847 1489 2921; x_wconf 75' lang='grc' dir='ltr'>πορρωτέρω,</span> <span class='ocrx_word' id='word_1_207' title='bbox 1513 2851 1562 2901; x_wconf 86' lang='lat' dir='ltr'><strong>oi</strong></span> <span class='ocrx_word' id='word_1_208' title='bbox 1584 2849 1646 2903; x_wconf 85' lang='grc' dir='ltr'><strong>τδ</strong></span> <span class='ocrx_word' id='word_1_209' title='bbox 1671 2848 1856 2921; x_wconf 83' lang='grc' dir='ltr'>θαῦμα</span> 
     </span>
    </p>
   </div>
   <div class='ocr_carea' id='block_1_29' title="bbox 283 2939 1858 3013">
    <p class='ocr_par' dir='ltr' id='par_1_29' title="bbox 283 2939 1858 3013">
     <span class='ocr_line' id='line_1_29' title="bbox 283 2939 1858 3013; baseline 0.002 -21"><span class='ocrx_word' id='word_1_210' title='bbox 283 2940 611 3006; x_wconf 64' lang='grc' dir='ltr'>κατιδόντες,</span> <span class='ocrx_word' id='word_1_211' title='bbox 647 2941 959 3011; x_wconf 82' lang='grc' dir='ltr'>Ἐφραιμίῳ</span> <span class='ocrx_word' id='word_1_212' title='bbox 980 2939 1056 3011; x_wconf 79' lang='grc' dir='ltr'><strong>τῷ</strong></span> <span class='ocrx_word' id='word_1_213' title='bbox 1096 2941 1383 3010; x_wconf 79' lang='grc' dir='ltr'>ὲπισκὸπῳ</span> <span class='ocrx_word' id='word_1_214' title='bbox 1413 2942 1754 3013; x_wconf 73' lang='grc' dir='ltr'>ἀνήγγελλον</span> <span class='ocrx_word' id='word_1_215' title='bbox 1797 2941 1858 3009; x_wconf 68' lang='grc' dir='ltr'>τὸ</span> 
     </span>
    </p>
   </div>
   <div class='ocr_carea' id='block_1_30' title="bbox 284 3017 1857 3106">
    <p class='ocr_par' dir='ltr' id='par_1_30' title="bbox 284 3017 1857 3106">
     <span class='ocr_line' id='line_1_30' title="bbox 284 3017 1857 3106; baseline 0.001 -21"><span class='ocrx_word' id='word_1_216' title='bbox 284 3033 682 3103; x_wconf 75' lang='grc' dir='ltr'>πραττόμενον.</span> <span class='ocrx_word' id='word_1_217' title='bbox 732 3034 793 3088; x_wconf 87' lang='lat'><strong>&#39;0</strong></span> <span class='ocrx_word' id='word_1_218' title='bbox 836 3034 893 3087; x_wconf 79' lang='grc' dir='ltr'>δὲ</span> <span class='ocrx_word' id='word_1_219' title='bbox 938 3033 1190 3103; x_wconf 79' lang='grc' dir='ltr'>διαγνοὺς</span> <span class='ocrx_word' id='word_1_220' title='bbox 1238 3036 1376 3106; x_wconf 81' lang='grc' dir='ltr'>ὅπερ</span> <span class='ocrx_word' id='word_1_221' title='bbox 1418 3037 1509 3088; x_wconf 82' lang='grc' dir='ltr'>καὶ</span> <span class='ocrx_word' id='word_1_222' title='bbox 1526 3017 1737 3106; x_wconf 27' lang='grc' dir='ltr'>’ἀληθὲς</span> <span class='ocrx_word' id='word_1_223' title='bbox 1767 3030 1857 3106; x_wconf 78' lang='grc' dir='ltr'>ἦν,</span> 
     </span>
    </p>
   </div>
   <div class='ocr_carea' id='block_1_31' title="bbox 281 3124 1868 3199">
    <p class='ocr_par' dir='ltr' id='par_1_31' title="bbox 281 3124 1868 3199">
     <span class='ocr_line' id='line_1_31' title="bbox 281 3124 1868 3199; baseline 0.003 -21"><span class='ocrx_word' id='word_1_224' title='bbox 281 3124 555 3196; x_wconf 87' lang='grc' dir='ltr'>δημοτελῆ</span> <span class='ocrx_word' id='word_1_225' title='bbox 607 3127 703 3179; x_wconf 72' lang='grc' dir='ltr'><strong>καὶ</strong></span> <span class='ocrx_word' id='word_1_226' title='bbox 733 3125 1014 3197; x_wconf 75' lang='grc' dir='ltr'>ἀγέρωχον</span> <span class='ocrx_word' id='word_1_227' title='bbox 1064 3126 1312 3197; x_wconf 72' lang='grc' dir='ltr'>κηρύξας</span> <span class='ocrx_word' id='word_1_228' title='bbox 1347 3127 1607 3199; x_wconf 72' lang='grc' dir='ltr'>πομπὴν,</span> <span class='ocrx_word' id='word_1_229' title='bbox 1644 3127 1736 3181; x_wconf 73' lang='grc' dir='ltr'>τὸν</span> <span class='ocrx_word' id='word_1_230' title='bbox 1771 3145 1868 3183; x_wconf 90' lang='grc' dir='ltr'>νε-.</span> 
     </span>
    </p>
   </div>
   <div class='ocr_carea' id='block_1_32' title="bbox 283 3217 1860 3290">
    <p class='ocr_par' dir='ltr' id='par_1_32' title="bbox 283 3217 1860 3290">
     <span class='ocr_line' id='line_1_32' title="bbox 283 3217 1860 3290; baseline 0.001 -20"><span class='ocrx_word' id='word_1_231' title='bbox 283 3218 419 3288; x_wconf 75' lang='grc' dir='ltr'>κρὸν</span> <span class='ocrx_word' id='word_1_232' title='bbox 451 3218 555 3271; x_wconf 77' lang='grc' dir='ltr'><strong>ἀνὰ</strong></span> <span class='ocrx_word' id='word_1_233' title='bbox 591 3220 691 3289; x_wconf 69' lang='grc' dir='ltr'>τὴν</span> <span class='ocrx_word' id='word_1_234' title='bbox 729 3218 1009 3289; x_wconf 79' lang='grc' dir='ltr'>Ἀντιόχου</span> <span class='ocrx_word' id='word_1_235' title='bbox 1044 3217 1363 3288; x_wconf 82' lang='grc' dir='ltr'>περιφανῶς</span> <span class='ocrx_word' id='word_1_236' title='bbox 1412 3219 1717 3290; x_wconf 74' lang='grc' dir='ltr'>διεκόμιζε,</span> <span class='ocrx_word' id='word_1_237' title='bbox 1764 3220 1860 3272; x_wconf 67' lang='grc' dir='ltr'><strong>καὶ⁹</strong></span> 
     </span>
    </p>
   </div>
   <div class='ocr_carea' id='block_1_33' title="bbox 285 3310 1861 3382">
    <p class='ocr_par' dir='ltr' id='par_1_33' title="bbox 285 3310 1861 3382">
     <span class='ocr_line' id='line_1_33' title="bbox 285 3310 1861 3382; baseline 0.001 -19"><span class='ocrx_word' id='word_1_238' title='bbox 285 3312 347 3363; x_wconf 70' lang='grc' dir='ltr'>ἐν</span> <span class='ocrx_word' id='word_1_239' title='bbox 374 3310 453 3382; x_wconf 79' lang='grc' dir='ltr'>τῷ</span> <span class='ocrx_word' id='word_1_240' title='bbox 487 3310 834 3381; x_wconf 86' lang='grc' dir='ltr'>κοιμητηρίῳ</span> <span class='ocrx_word' id='word_1_241' title='bbox 881 3310 1008 3382; x_wconf 80' lang='grc' dir='ltr'><strong>δόξῃ</strong></span> <span class='ocrx_word' id='word_1_242' title='bbox 1045 3310 1217 3382; x_wconf 77' lang='grc' dir='ltr'>πολλῇ</span> <span class='ocrx_word' id='word_1_243' title='bbox 1255 3311 1578 3365; x_wconf 81' lang='grc' dir='ltr'>κατετίθετο</span> <span class='ocrx_word' id='word_1_244' title='bbox 1602 3328 1615 3342; x_wconf 77' lang='grc' dir='ltr'><strong>ο</strong></span> <span class='ocrx_word' id='word_1_245' title='bbox 1650 3312 1861 3366; x_wconf 81' lang='grc' dir='ltr'>ἀπελά-</span> 
     </span>
    </p>
   </div>
   <div class='ocr_carea' id='block_1_34' title="bbox 285 3402 1862 3474">
    <p class='ocr_par' dir='ltr' id='par_1_34' title="bbox 285 3402 1862 3474">
     <span class='ocr_line' id='line_1_34' title="bbox 285 3402 1862 3474; baseline 0.002 -18"><span class='ocrx_word' id='word_1_246' title='bbox 285 3420 388 3467; x_wconf 75' lang='grc' dir='ltr'><strong>σας</strong></span> <span class='ocrx_word' id='word_1_247' title='bbox 416 3404 514 3458; x_wconf 72' lang='grc' dir='ltr'>καὶ</span> <span class='ocrx_word' id='word_1_248' title='bbox 556 3402 652 3473; x_wconf 84' lang='grc' dir='ltr'>τὴν</span> <span class='ocrx_word' id='word_1_249' title='bbox 683 3402 1111 3471; x_wconf 74' lang='grc' dir='ltr'>ὲπιδημήσασαν</span> <span class='ocrx_word' id='word_1_250' title='bbox 1143 3404 1451 3472; x_wconf 75' lang='grc' dir='ltr'>τηνικαῦτα</span> <span class='ocrx_word' id='word_1_251' title='bbox 1498 3402 1741 3474; x_wconf 84' lang='grc' dir='ltr'>λοιμώδη</span> <span class='ocrx_word' id='word_1_252' title='bbox 1774 3404 1862 3460; x_wconf 86' lang='grc' dir='ltr'>νό-</span> 
     </span>
    </p>
   </div>
   <div class='ocr_carea' id='block_1_35' title="bbox 1862 820 1912 877">
    <p class='ocr_par' dir='ltr' id='par_1_35' title="bbox 1862 820 1912 877">
     <span class='ocr_line' id='line_1_35' title="bbox 1862 820 1912 877; baseline 0 0"><span class='ocrx_word' id='word_1_253' title='bbox 1862 820 1912 877; x_wconf 76' lang='grc' dir='ltr'><strong>Α</strong></span> 
     </span>
    </p>
   </div>
   <div class='ocr_carea' id='block_1_36' title="bbox 2497 816 2963 874">
    <p class='ocr_par' dir='ltr' id='par_1_36' title="bbox 2497 816 2963 874">
     <span class='ocr_line' id='line_1_36' title="bbox 2497 816 2963 874; baseline 0 -2"><span class='ocrx_word' id='word_1_254' title='bbox 2497 816 2723 874; x_wconf 80' lang='lat' dir='ltr'><strong>CAPUT</strong></span> <span class='ocrx_word' id='word_1_255' title='bbox 2768 817 2963 873; x_wconf 76' lang='lat' dir='ltr'><strong>XXIII.</strong></span> 
     </span>
    </p>
   </div>
   <div class='ocr_carea' id='block_1_37' title="bbox 1952 917 3533 992">
    <p class='ocr_par' dir='ltr' id='par_1_37' title="bbox 1952 917 3533 992">
     <span class='ocr_line' id='line_1_37' title="bbox 1952 917 3533 992; baseline 0.004 -21"><span class='ocrx_word' id='word_1_256' title='bbox 1952 917 2026 972; x_wconf 84' lang='lat' dir='ltr'><strong>De</strong></span> <span class='ocrx_word' id='word_1_257' title='bbox 2048 918 2271 983; x_wconf 79' lang='lat' dir='ltr'><strong>Thema.</strong></span> <span class='ocrx_word' id='word_1_258' title='bbox 2298 923 2389 992; x_wconf 83' lang='lat' dir='ltr'><strong>qui</strong></span> <span class='ocrx_word' id='word_1_259' title='bbox 2420 932 2469 976; x_wconf 82' lang='lat' dir='ltr'><strong>et</strong></span> <span class='ocrx_word' id='word_1_260' title='bbox 2497 923 2606 989; x_wconf 78' lang='lat' dir='ltr'><strong>ipse</strong></span> <span class='ocrx_word' id='word_1_261' title='bbox 2632 925 2799 977; x_wconf 76' lang='lat' dir='ltr'><strong>vitam</strong></span> <span class='ocrx_word' id='word_1_262' title='bbox 2827 926 3045 977; x_wconf 79' lang='lat' dir='ltr'><strong>tacitam</strong></span> <span class='ocrx_word' id='word_1_263' title='bbox 3084 932 3235 978; x_wconf 74' lang='lat' dir='ltr'><strong>extra</strong></span> <span class='ocrx_word' id='word_1_264' title='bbox 3259 924 3533 978; x_wconf 75' lang='lat' dir='ltr'><strong><em>hominum</em></strong></span> 
     </span>
    </p>
   </div>
   <div class='ocr_carea' id='block_1_38' title="bbox 2369 993 3117 1063">
    <p class='ocr_par' dir='ltr' id='par_1_38' title="bbox 2369 993 3117 1063">
     <span class='ocr_line' id='line_1_38' title="bbox 2369 993 3117 1063; baseline 0.003 -17"><span class='ocrx_word' id='word_1_265' title='bbox 2369 994 2651 1063; x_wconf 70' lang='lat' dir='ltr'><strong>strepitum</strong></span> <span class='ocrx_word' id='word_1_266' title='bbox 2681 1003 2754 1047; x_wconf 75' lang='lat' dir='ltr'><strong>est</strong></span> <span class='ocrx_word' id='word_1_267' title='bbox 2792 993 3117 1063; x_wconf 75' lang='lat' dir='ltr'><strong>complexus.</strong></span> 
     </span>
    </p>
   </div>
   <div class='ocr_carea' id='block_1_39' title="bbox 2017 1105 3536 1178">
    <p class='ocr_par' dir='ltr' id='par_1_39' title="bbox 2017 1105 3536 1178">
     <span class='ocr_line' id='line_1_39' title="bbox 2017 1105 3536 1178; baseline 0.003 -18"><span class='ocrx_word' id='word_1_268' title='bbox 2017 1105 2079 1160; x_wconf 80' lang='lat' dir='ltr'><strong>in</strong></span> <span class='ocrx_word' id='word_1_269' title='bbox 2132 1105 2433 1178; x_wconf 77' lang='lat' dir='ltr'><strong>leesyria</strong></span> <span class='ocrx_word' id='word_1_270' title='bbox 2464 1107 2608 1162; x_wconf 90' lang='lat' dir='ltr'><strong>alius</strong></span> <span class='ocrx_word' id='word_1_271' title='bbox 2642 1107 2891 1177; x_wconf 79' lang='lat' dir='ltr'><strong>quidam,</strong></span> <span class='ocrx_word' id='word_1_272' title='bbox 2943 1107 3033 1160; x_wconf 85' lang='lat' dir='ltr'><strong>cui</strong></span> <span class='ocrx_word' id='word_1_273' title='bbox 3075 1107 3302 1163; x_wconf 68' lang='lat' dir='ltr'><strong>Thomas</strong></span> <span class='ocrx_word' id='word_1_274' title='bbox 3332 1124 3536 1164; x_wconf 84' lang='lat' dir='ltr'><strong>nomen</strong></span> 
     </span>
    </p>
   </div>
   <div class='ocr_carea' id='block_1_40' title="bbox 1951 1197 3539 1269">
    <p class='ocr_par' dir='ltr' id='par_1_40' title="bbox 1951 1197 3539 1269">
     <span class='ocr_line' id='line_1_40' title="bbox 1951 1197 3539 1269; baseline 0.002 -16"><span class='ocrx_word' id='word_1_275' title='bbox 1951 1197 2077 1261; x_wconf 77' lang='lat' dir='ltr'><strong>fuit,</strong></span> <span class='ocrx_word' id='word_1_276' title='bbox 2128 1197 2184 1251; x_wconf 91' lang='lat' dir='ltr'><strong>in</strong></span> <span class='ocrx_word' id='word_1_277' title='bbox 2226 1198 2422 1253; x_wconf 87' lang='lat' dir='ltr'><strong>eodem</strong></span> <span class='ocrx_word' id='word_1_278' title='bbox 2461 1199 2591 1254; x_wconf 70' lang='lat' dir='ltr'><strong>vitae</strong></span> <span class='ocrx_word' id='word_1_279' title='bbox 2619 1214 2823 1269; x_wconf 69' lang='lat' dir='ltr'><strong>genere</strong></span> <span class='ocrx_word' id='word_1_280' title='bbox 2851 1199 3182 1255; x_wconf 82' lang='lat' dir='ltr'><strong>decertavit.</strong></span> <span class='ocrx_word' id='word_1_281' title='bbox 3207 1200 3312 1267; x_wconf 85' lang='lat' dir='ltr'><strong>Qui</strong></span> <span class='ocrx_word' id='word_1_282' title='bbox 3345 1204 3539 1256; x_wconf 79' lang='lat' dir='ltr'><strong>Antio-</strong></span> 
     </span>
    </p>
   </div>
   <div class='ocr_carea' id='block_1_41' title="bbox 1949 1287 3540 1358">
    <p class='ocr_par' dir='ltr' id='par_1_41' title="bbox 1949 1287 3540 1358">
     <span class='ocr_line' id='line_1_41' title="bbox 1949 1287 3540 1358; baseline 0.003 -15"><span class='ocrx_word' id='word_1_283' title='bbox 1949 1287 2133 1343; x_wconf 88' lang='lat' dir='ltr'><strong>chiam</strong></span> <span class='ocrx_word' id='word_1_284' title='bbox 2171 1289 2363 1345; x_wconf 87' lang='lat' dir='ltr'><strong>venire</strong></span> <span class='ocrx_word' id='word_1_285' title='bbox 2392 1289 2594 1345; x_wconf 89' lang='lat' dir='ltr'><strong>solitus</strong></span> <span class='ocrx_word' id='word_1_286' title='bbox 2645 1290 2819 1358; x_wconf 87' lang='lat' dir='ltr'><strong>(illius</strong></span> <span class='ocrx_word' id='word_1_287' title='bbox 2855 1290 3003 1345; x_wconf 92' lang='lat' dir='ltr'><strong>enim</strong></span> <span class='ocrx_word' id='word_1_288' title='bbox 3054 1292 3308 1347; x_wconf 65' lang='lat' dir='ltr'><strong>ecclesia:</strong></span> <span class='ocrx_word' id='word_1_289' title='bbox 3346 1308 3540 1348; x_wconf 86' lang='lat' dir='ltr'><strong>cense-</strong></span> 
     </span>
    </p>
   </div>
   <div class='ocr_carea' id='block_1_42' title="bbox 1952 1379 3540 1452">
    <p class='ocr_par' dir='ltr' id='par_1_42' title="bbox 1952 1379 3540 1452">
     <span class='ocr_line' id='line_1_42' title="bbox 1952 1379 3540 1452; baseline 0.001 -15"><span class='ocrx_word' id='word_1_290' title='bbox 1952 1379 2141 1452; x_wconf 91' lang='lat' dir='ltr'><strong>batur)</strong></span> <span class='ocrx_word' id='word_1_291' title='bbox 2188 1382 2390 1436; x_wconf 82' lang='lat' dir='ltr'><strong>annuis</strong></span> <span class='ocrx_word' id='word_1_292' title='bbox 2435 1381 2714 1437; x_wconf 73' lang='lat' dir='ltr'><strong>alimentis</strong></span> <span class='ocrx_word' id='word_1_293' title='bbox 2762 1382 3031 1451; x_wconf 89' lang='lat' dir='ltr'><strong>receptis,</strong></span> <span class='ocrx_word' id='word_1_294' title='bbox 3085 1382 3138 1437; x_wconf 79' lang='lat' dir='ltr'><strong>in</strong></span> <span class='ocrx_word' id='word_1_295' title='bbox 3192 1384 3540 1440; x_wconf 83' lang='lat' dir='ltr'><strong>mansionem</strong></span> 
     </span>
    </p>
   </div>
   <div class='ocr_carea' id='block_1_43' title="bbox 1952 1471 3543 1546">
    <p class='ocr_par' dir='ltr' id='par_1_43' title="bbox 1952 1471 3543 1546">
     <span class='ocr_line' id='line_1_43' title="bbox 1952 1471 3543 1546; baseline 0.003 -18"><span class='ocrx_word' id='word_1_296' title='bbox 1952 1486 2107 1528; x_wconf 88' lang='lat' dir='ltr'><strong>suam</strong></span> <span class='ocrx_word' id='word_1_297' title='bbox 2139 1471 2277 1529; x_wconf 92' lang='lat' dir='ltr'><strong>ibat.</strong></span> <span class='ocrx_word' id='word_1_298' title='bbox 2309 1473 2467 1529; x_wconf 86' lang='lat' dir='ltr'><strong>Hunc</strong></span> <span class='ocrx_word' id='word_1_299' title='bbox 2492 1474 2822 1530; x_wconf 83' lang='lat' dir='ltr'><strong>Anastasius</strong></span> <span class='ocrx_word' id='word_1_300' title='bbox 2857 1473 3106 1530; x_wconf 69' lang='lat' dir='ltr'><strong>ecclesia:</strong></span> <span class='ocrx_word' id='word_1_301' title='bbox 3137 1476 3260 1546; x_wconf 82' lang='lat' dir='ltr'><strong>ejus</strong></span> <span class='ocrx_word' id='word_1_302' title='bbox 3291 1476 3543 1532; x_wconf 85' lang='lat' dir='ltr'><strong>minister</strong></span> 
     </span>
    </p>
   </div>
   <div class='ocr_carea' id='block_1_44' title="bbox 1951 1566 3541 1637">
    <p class='ocr_par' dir='ltr' id='par_1_44' title="bbox 1951 1566 3541 1637">
     <span class='ocr_line' id='line_1_44' title="bbox 1951 1566 3541 1637; baseline 0.003 -17"><span class='ocrx_word' id='word_1_303' title='bbox 1951 1573 2009 1620; x_wconf 90' lang='lat' dir='ltr'><strong>et</strong></span> <span class='ocrx_word' id='word_1_304' title='bbox 2039 1579 2388 1635; x_wconf 76' lang='lat' dir='ltr'><strong>meonomus,</strong></span> <span class='ocrx_word' id='word_1_305' title='bbox 2418 1566 2571 1637; x_wconf 90' lang='lat' dir='ltr'><strong>quod</strong></span> <span class='ocrx_word' id='word_1_306' title='bbox 2601 1567 2924 1636; x_wconf 80' lang='lat' dir='ltr'><strong>frequenter</strong></span> <span class='ocrx_word' id='word_1_307' title='bbox 2961 1567 3230 1623; x_wconf 86' lang='lat' dir='ltr'><strong>molestus</strong></span> <span class='ocrx_word' id='word_1_308' title='bbox 3273 1568 3324 1622; x_wconf 85' lang='lat' dir='ltr'><strong>ei</strong></span> <span class='ocrx_word' id='word_1_309' title='bbox 3370 1576 3541 1631; x_wconf 86' lang='lat' dir='ltr'><strong>esset.</strong></span> 
     </span>
    </p>
   </div>
   <div class='ocr_carea' id='block_1_45' title="bbox 1952 1659 3543 1731">
    <p class='ocr_par' dir='ltr' id='par_1_45' title="bbox 1952 1659 3543 1731">
     <span class='ocr_line' id='line_1_45' title="bbox 1952 1659 3543 1731; baseline 0.001 -16"><span class='ocrx_word' id='word_1_310' title='bbox 1952 1675 2120 1715; x_wconf 89' lang='lat' dir='ltr'><strong>manu</strong></span> <span class='ocrx_word' id='word_1_311' title='bbox 2155 1659 2211 1714; x_wconf 92' lang='lat' dir='ltr'><strong>in</strong></span> <span class='ocrx_word' id='word_1_312' title='bbox 2247 1660 2390 1716; x_wconf 80' lang='lat' dir='ltr'><strong>facie</strong></span> <span class='ocrx_word' id='word_1_313' title='bbox 2415 1660 2751 1715; x_wconf 77' lang='lat' dir='ltr'><strong>verberavit.</strong></span> <span class='ocrx_word' id='word_1_314' title='bbox 2790 1660 2923 1715; x_wconf 85' lang='lat' dir='ltr'><strong>Eam</strong></span> <span class='ocrx_word' id='word_1_315' title='bbox 2964 1676 3079 1715; x_wconf 91' lang='lat' dir='ltr'><strong>rem</strong></span> <span class='ocrx_word' id='word_1_316' title='bbox 3129 1676 3257 1717; x_wconf 90' lang='lat' dir='ltr'><strong>cum</strong></span> <span class='ocrx_word' id='word_1_317' title='bbox 3311 1661 3388 1716; x_wconf 89' lang='lat' dir='ltr'><strong>illi</strong></span> <span class='ocrx_word' id='word_1_318' title='bbox 3446 1662 3543 1731; x_wconf 87' lang='lat' dir='ltr'><strong>qui</strong></span> 
     </span>
    </p>
   </div>
   <div class='ocr_carea' id='block_1_46' title="bbox 1954 1750 3540 1821">
    <p class='ocr_par' dir='ltr' id='par_1_46' title="bbox 1954 1750 3540 1821">
     <span class='ocr_line' id='line_1_46' title="bbox 1954 1750 3540 1821; baseline 0.001 -17"><span class='ocrx_word' id='word_1_319' title='bbox 1954 1763 2080 1804; x_wconf 90' lang='lat' dir='ltr'><strong>cum</strong></span> <span class='ocrx_word' id='word_1_320' title='bbox 2115 1764 2183 1805; x_wconf 89' lang='lat' dir='ltr'><strong>eo</strong></span> <span class='ocrx_word' id='word_1_321' title='bbox 2220 1757 2405 1813; x_wconf 85' lang='lat' dir='ltr'><strong>erant,</strong></span> <span class='ocrx_word' id='word_1_322' title='bbox 2438 1764 2587 1821; x_wconf 68' lang='lat' dir='ltr'><strong>asgre</strong></span> <span class='ocrx_word' id='word_1_323' title='bbox 2615 1750 2824 1807; x_wconf 76' lang='lat' dir='ltr'><strong>ferrent</strong></span> <span class='ocrx_word' id='word_1_324' title='bbox 2854 1767 2869 1805; x_wconf 88' lang='lat'><strong>:</strong></span> <span class='ocrx_word' id='word_1_325' title='bbox 2907 1750 3021 1820; x_wconf 89' lang='lat' dir='ltr'><strong>ipse</strong></span> <span class='ocrx_word' id='word_1_326' title='bbox 3055 1766 3235 1820; x_wconf 82' lang='lat' dir='ltr'><strong>neque</strong></span> <span class='ocrx_word' id='word_1_327' title='bbox 3274 1753 3540 1807; x_wconf 81' lang='lat' dir='ltr'><strong>Thomam</strong></span> 
     </span>
    </p>
   </div>
   <div class='ocr_carea' id='block_1_47' title="bbox 1955 1841 3546 1916">
    <p class='ocr_par' dir='ltr' id='par_1_47' title="bbox 1955 1841 3546 1916">
     <span class='ocr_line' id='line_1_47' title="bbox 1955 1841 3546 1916; baseline 0.003 -20"><span class='ocrx_word' id='word_1_328' title='bbox 1955 1841 2097 1898; x_wconf 81' lang='lat' dir='ltr'><strong>dixit</strong></span> <span class='ocrx_word' id='word_1_329' title='bbox 2152 1842 2222 1897; x_wconf 90' lang='lat' dir='ltr'><strong>de</strong></span> <span class='ocrx_word' id='word_1_330' title='bbox 2272 1851 2473 1897; x_wconf 86' lang='lat' dir='ltr'><strong>caetero</strong></span> <span class='ocrx_word' id='word_1_331' title='bbox 2521 1843 2829 1914; x_wconf 86' lang='lat' dir='ltr'><strong>quidquam</strong></span> <span class='ocrx_word' id='word_1_332' title='bbox 2877 1845 2946 1899; x_wconf 87' lang='lat' dir='ltr'><strong>ab</strong></span> <span class='ocrx_word' id='word_1_333' title='bbox 2999 1845 3234 1900; x_wconf 83' lang='lat' dir='ltr'><strong>ecclesia</strong></span> <span class='ocrx_word' id='word_1_334' title='bbox 3281 1857 3546 1916; x_wconf 50' lang='lat' dir='ltr'><strong>accepta.</strong></span> 
     </span>
    </p>
   </div>
   <div class='ocr_carea' id='block_1_48' title="bbox 1957 1935 3546 2006">
    <p class='ocr_par' dir='ltr' id='par_1_48' title="bbox 1957 1935 3546 2006">
     <span class='ocr_line' id='line_1_48' title="bbox 1957 1935 3546 2006; baseline 0.001 -16"><span class='ocrx_word' id='word_1_335' title='bbox 1957 1950 2106 2003; x_wconf 88' lang='lat' dir='ltr'><strong>rum,</strong></span> <span class='ocrx_word' id='word_1_336' title='bbox 2145 1950 2328 2006; x_wconf 90' lang='lat' dir='ltr'><strong>neque</strong></span> <span class='ocrx_word' id='word_1_337' title='bbox 2358 1935 2715 2001; x_wconf 79' lang='lat' dir='ltr'><strong>Anastasium</strong></span> <span class='ocrx_word' id='word_1_338' title='bbox 2751 1935 3009 1992; x_wconf 79' lang='lat' dir='ltr'><strong>daturum</strong></span> <span class='ocrx_word' id='word_1_339' title='bbox 3049 1953 3193 1992; x_wconf 87' lang='lat' dir='ltr'><strong>esse.</strong></span> <span class='ocrx_word' id='word_1_340' title='bbox 3225 1938 3294 1992; x_wconf 82' lang='lat' dir='ltr'><strong>Et</strong></span> <span class='ocrx_word' id='word_1_341' title='bbox 3327 1950 3546 1992; x_wconf 85' lang='lat' dir='ltr'><strong>utrum-</strong></span> 
     </span>
    </p>
   </div>
   <div class='ocr_carea' id='block_1_49' title="bbox 1958 2028 3547 2100">
    <p class='ocr_par' dir='ltr' id='par_1_49' title="bbox 1958 2028 3547 2100">
     <span class='ocr_line' id='line_1_49' title="bbox 1958 2028 3547 2100; baseline 0.003 -19"><span class='ocrx_word' id='word_1_342' title='bbox 1958 2043 2067 2098; x_wconf 86' lang='lat' dir='ltr'><strong>que</strong></span> <span class='ocrx_word' id='word_1_343' title='bbox 2111 2028 2269 2100; x_wconf 82' lang='lat' dir='ltr'><strong>juxta</strong></span> <span class='ocrx_word' id='word_1_344' title='bbox 2321 2028 2741 2098; x_wconf 64' lang='lat' dir='ltr'><strong>praedictionem</strong></span> <span class='ocrx_word' id='word_1_345' title='bbox 2787 2044 2908 2092; x_wconf 82' lang='lat' dir='ltr'><strong>eam</strong></span> <span class='ocrx_word' id='word_1_346' title='bbox 2951 2030 3171 2084; x_wconf 84' lang='lat' dir='ltr'><strong>accidit.</strong></span> <span class='ocrx_word' id='word_1_347' title='bbox 3221 2031 3547 2086; x_wconf 72' lang='lat' dir='ltr'><strong>Anastasius</strong></span> 
     </span>
    </p>
   </div>
   <div class='ocr_carea' id='block_1_50' title="bbox 1958 2119 3543 2190">
    <p class='ocr_par' dir='ltr' id='par_1_50' title="bbox 1958 2119 3543 2190">
     <span class='ocr_line' id='line_1_50' title="bbox 1958 2119 3543 2190; baseline 0.002 -15"><span class='ocrx_word' id='word_1_348' title='bbox 1958 2119 2233 2190; x_wconf 87' lang='lat' dir='ltr'><strong>siquidem</strong></span> <span class='ocrx_word' id='word_1_349' title='bbox 2284 2120 2555 2189; x_wconf 64' lang='lat' dir='ltr'><strong>postridie</strong></span> <span class='ocrx_word' id='word_1_350' title='bbox 2597 2121 2719 2189; x_wconf 79' lang='lat' dir='ltr'><strong>ejlts</strong></span> <span class='ocrx_word' id='word_1_351' title='bbox 2759 2120 2869 2178; x_wconf 83' lang='lat' dir='ltr'><strong>dici</strong></span> <span class='ocrx_word' id='word_1_352' title='bbox 2919 2120 3034 2175; x_wconf 84' lang='lat' dir='ltr'><strong>vita</strong></span> <span class='ocrx_word' id='word_1_353' title='bbox 3066 2120 3367 2178; x_wconf 79' lang='lat' dir='ltr'><strong>defunctus</strong></span> <span class='ocrx_word' id='word_1_354' title='bbox 3415 2133 3543 2178; x_wconf 87' lang='lat' dir='ltr'><strong>est:</strong></span> 
     </span>
    </p>
   </div>
   <div class='ocr_carea' id='block_1_51' title="bbox 1959 2210 3544 2283">
    <p class='ocr_par' dir='ltr' id='par_1_51' title="bbox 1959 2210 3544 2283">
     <span class='ocr_line' id='line_1_51' title="bbox 1959 2210 3544 2283; baseline -0.001 -16"><span class='ocrx_word' id='word_1_355' title='bbox 1959 2219 2016 2267; x_wconf 86' lang='lat' dir='ltr'><strong>et</strong></span> <span class='ocrx_word' id='word_1_356' title='bbox 2049 2210 2293 2277; x_wconf 76' lang='lat' dir='ltr'><strong>Thomas</strong></span> <span class='ocrx_word' id='word_1_357' title='bbox 2321 2211 2695 2282; x_wconf 79' lang='lat' dir='ltr'><strong>adtugurium</strong></span> <span class='ocrx_word' id='word_1_358' title='bbox 2725 2227 2886 2270; x_wconf 87' lang='lat' dir='ltr'><strong>suum</strong></span> <span class='ocrx_word' id='word_1_359' title='bbox 2920 2223 3223 2278; x_wconf 82' lang='lat' dir='ltr'><strong>revertens,</strong></span> <span class='ocrx_word' id='word_1_360' title='bbox 3249 2222 3544 2283; x_wconf 68' lang='lat' dir='ltr'><strong>postquam</strong></span> 
     </span>
    </p>
   </div>
   <div class='ocr_carea' id='block_1_52' title="bbox 1962 2300 3551 2375">
    <p class='ocr_par' dir='ltr' id='par_1_52' title="bbox 1962 2300 3551 2375">
     <span class='ocr_line' id='line_1_52' title="bbox 1962 2300 3551 2375; baseline 0.002 -18"><span class='ocrx_word' id='word_1_361' title='bbox 1962 2301 2017 2369; x_wconf 81' lang='lat' dir='ltr'><strong>in</strong></span> <span class='ocrx_word' id='word_1_362' title='bbox 2054 2301 2313 2373; x_wconf 83' lang='lat' dir='ltr'><strong>Daphnes</strong></span> <span class='ocrx_word' id='word_1_363' title='bbox 2342 2300 2728 2359; x_wconf 85' lang='lat' dir='ltr'><strong>suburbanum</strong></span> <span class='ocrx_word' id='word_1_364' title='bbox 2759 2305 2941 2360; x_wconf 87' lang='lat' dir='ltr'><strong>vicum</strong></span> <span class='ocrx_word' id='word_1_365' title='bbox 2973 2305 3249 2373; x_wconf 83' lang='lat' dir='ltr'><strong>pervenit,</strong></span> <span class='ocrx_word' id='word_1_366' title='bbox 3295 2306 3348 2358; x_wconf 92' lang='lat' dir='ltr'><strong>in</strong></span> <span class='ocrx_word' id='word_1_367' title='bbox 3374 2320 3551 2375; x_wconf 63' lang='lat' dir='ltr'><strong>:egron</strong></span> 
     </span>
    </p>
   </div>
   <div class='ocr_carea' id='block_1_53' title="bbox 1962 2393 3651 2461">
    <p class='ocr_par' dir='ltr' id='par_1_53' title="bbox 1962 2393 3651 2461">
     <span class='ocr_line' id='line_1_53' title="bbox 1962 2393 3651 2461; baseline 0.004 -13"><span class='ocrx_word' id='word_1_368' title='bbox 1962 2401 2147 2451; x_wconf 91' lang='lat' dir='ltr'><strong>torum</strong></span> <span class='ocrx_word' id='word_1_369' title='bbox 2204 2393 2493 2458; x_wconf 65' lang='lat' dir='ltr'><strong>hominum</strong></span> <span class='ocrx_word' id='word_1_370' title='bbox 2539 2395 2869 2461; x_wconf 83' lang='lat' dir='ltr'><strong>diversorio,</strong></span> <span class='ocrx_word' id='word_1_371' title='bbox 2924 2396 2991 2450; x_wconf 88' lang='lat' dir='ltr'><strong>ad</strong></span> <span class='ocrx_word' id='word_1_372' title='bbox 3047 2397 3334 2455; x_wconf 83' lang='lat' dir='ltr'><strong>meliorem</strong></span> <span class='ocrx_word' id='word_1_373' title='bbox 3397 2396 3549 2451; x_wconf 86' lang='lat' dir='ltr'><strong>illam</strong></span> <span class='ocrx_word' id='word_1_374' title='bbox 3648 2450 3651 2455; x_wconf 83' lang='lat'><strong>.</strong></span> 
     </span>
    </p>
   </div>
   <div class='ocr_carea' id='block_1_54' title="bbox 1961 2484 3549 2557">
    <p class='ocr_par' dir='ltr' id='par_1_54' title="bbox 1961 2484 3549 2557">
     <span class='ocr_line' id='line_1_54' title="bbox 1961 2484 3549 2557; baseline 0.003 -19"><span class='ocrx_word' id='word_1_375' title='bbox 1961 2484 2131 2538; x_wconf 87' lang='lat' dir='ltr'><strong>vitam</strong></span> <span class='ocrx_word' id='word_1_376' title='bbox 2171 2485 2446 2555; x_wconf 74' lang='lat' dir='ltr'><strong>migravit.</strong></span> <span class='ocrx_word' id='word_1_377' title='bbox 2479 2484 2731 2547; x_wconf 67' lang='lat' dir='ltr'><strong>Cadaver</strong></span> <span class='ocrx_word' id='word_1_378' title='bbox 2767 2487 2918 2543; x_wconf 88' lang='lat' dir='ltr'><strong>illius</strong></span> <span class='ocrx_word' id='word_1_379' title='bbox 2957 2487 3080 2557; x_wconf 80' lang='lat' dir='ltr'><strong>ejus</strong></span> <span class='ocrx_word' id='word_1_380' title='bbox 3133 2488 3236 2542; x_wconf 91' lang='lat' dir='ltr'><strong>loci</strong></span> <span class='ocrx_word' id='word_1_381' title='bbox 3273 2486 3468 2542; x_wconf 75' lang='lat' dir='ltr'><strong>incolae</strong></span> <span class='ocrx_word' id='word_1_382' title='bbox 3493 2489 3549 2543; x_wconf 85' lang='lat' dir='ltr'><strong>in</strong></span> 
     </span>
    </p>
   </div>
   <div class='ocr_carea' id='block_1_55' title="bbox 1963 2577 3549 2648">
    <p class='ocr_par' dir='ltr' id='par_1_55' title="bbox 1963 2577 3549 2648">
     <span class='ocr_line' id='line_1_55' title="bbox 1963 2577 3549 2648; baseline 0.003 -17"><span class='ocrx_word' id='word_1_383' title='bbox 1963 2579 2261 2644; x_wconf 80' lang='lat' dir='ltr'><strong>communi</strong></span> <span class='ocrx_word' id='word_1_384' title='bbox 2307 2577 2649 2636; x_wconf 81' lang='lat' dir='ltr'><strong>advenarum</strong></span> <span class='ocrx_word' id='word_1_385' title='bbox 2712 2589 3078 2635; x_wconf 82' lang='lat' dir='ltr'><strong>monumento</strong></span> <span class='ocrx_word' id='word_1_386' title='bbox 3136 2589 3549 2648; x_wconf 80' lang='lat' dir='ltr'><strong>reposuerunt,</strong></span> 
     </span>
    </p>
   </div>
   <div class='ocr_carea' id='block_1_56' title="bbox 1965 2667 3549 2740">
    <p class='ocr_par' dir='ltr' id='par_1_56' title="bbox 1965 2667 3549 2740">
     <span class='ocr_line' id='line_1_56' title="bbox 1965 2667 3549 2740; baseline 0.004 -20"><span class='ocrx_word' id='word_1_387' title='bbox 1965 2667 2076 2721; x_wconf 84' lang='lat' dir='ltr'><strong>alio</strong></span> <span class='ocrx_word' id='word_1_388' title='bbox 2110 2678 2277 2736; x_wconf 84' lang='lat' dir='ltr'><strong>atque</strong></span> <span class='ocrx_word' id='word_1_389' title='bbox 2311 2684 2533 2734; x_wconf 81' lang='lat' dir='ltr'><strong>rursum</strong></span> <span class='ocrx_word' id='word_1_390' title='bbox 2558 2669 2675 2724; x_wconf 80' lang='lat' dir='ltr'><strong>alio</strong></span> <span class='ocrx_word' id='word_1_391' title='bbox 2715 2672 2986 2725; x_wconf 86' lang='lat' dir='ltr'><strong>cadavere</strong></span> <span class='ocrx_word' id='word_1_392' title='bbox 3018 2670 3094 2725; x_wconf 86' lang='lat' dir='ltr'><strong>illi</strong></span> <span class='ocrx_word' id='word_1_393' title='bbox 3135 2671 3549 2740; x_wconf 80' lang='lat' dir='ltr'><strong>superingesto.</strong></span> 
     </span>
    </p>
   </div>
   <div class='ocr_carea' id='block_1_57' title="bbox 1965 2746 3549 2831">
    <p class='ocr_par' dir='ltr' id='par_1_57' title="bbox 1965 2746 3549 2831">
     <span class='ocr_line' id='line_1_57' title="bbox 1965 2746 3549 2831; baseline 0.001 -15"><span class='ocrx_word' id='word_1_394' title='bbox 1965 2760 2431 2831; x_wconf 81' lang='lat' dir='ltr'><strong>Postquamvero</strong></span> <span class='ocrx_word' id='word_1_395' title='bbox 2456 2765 2568 2818; x_wconf 90' lang='lat' dir='ltr'><strong>Deo</strong></span> <span class='ocrx_word' id='word_1_396' title='bbox 2596 2746 2910 2819; x_wconf 88' lang='lat' dir='ltr'><strong>ministrum</strong></span> <span class='ocrx_word' id='word_1_397' title='bbox 2936 2779 3098 2819; x_wconf 89' lang='lat' dir='ltr'><strong>suum</strong></span> <span class='ocrx_word' id='word_1_398' title='bbox 3121 2763 3549 2831; x_wconf 89' lang='lat' dir='ltr'><strong>cohonestante,</strong></span> 
     </span>
    </p>
   </div>
   <div class='ocr_carea' id='block_1_58' title="bbox 1966 2852 3553 2933">
    <p class='ocr_par' dir='ltr' id='par_1_58' title="bbox 1966 2852 3553 2933">
     <span class='ocr_line' id='line_1_58' title="bbox 1966 2852 3553 2933; baseline 0.002 -27"><span class='ocrx_word' id='word_1_399' title='bbox 1966 2865 2171 2933; x_wconf 84' lang='lat' dir='ltr'><strong>corpus</strong></span> <span class='ocrx_word' id='word_1_400' title='bbox 2222 2852 2421 2922; x_wconf 89' lang='lat' dir='ltr'><strong>ipsius,</strong></span> <span class='ocrx_word' id='word_1_401' title='bbox 2471 2852 2774 2908; x_wconf 87' lang='lat' dir='ltr'><strong>identidem</strong></span> <span class='ocrx_word' id='word_1_402' title='bbox 2820 2868 2882 2908; x_wconf 88' lang='lat' dir='ltr'><strong>ea</strong></span> <span class='ocrx_word' id='word_1_403' title='bbox 2928 2869 2989 2910; x_wconf 87' lang='lat' dir='ltr'><strong>re</strong></span> <span class='ocrx_word' id='word_1_404' title='bbox 3036 2862 3270 2921; x_wconf 83' lang='lat' dir='ltr'><strong>tentata,</strong></span> <span class='ocrx_word' id='word_1_405' title='bbox 3330 2868 3553 2925; x_wconf 83' lang='lat' dir='ltr'><strong>semper</strong></span> 
     </span>
    </p>
   </div>
   <div class='ocr_carea' id='block_1_59' title="bbox 1967 2945 3554 3017">
    <p class='ocr_par' dir='ltr' id='par_1_59' title="bbox 1967 2945 3554 3017">
     <span class='ocr_line' id='line_1_59' title="bbox 1967 2945 3554 3017; baseline 0.001 -17"><span class='ocrx_word' id='word_1_406' title='bbox 1967 2945 2313 3015; x_wconf 79' lang='lat' dir='ltr'><strong>superiorem</strong></span> <span class='ocrx_word' id='word_1_407' title='bbox 2348 2946 2527 3001; x_wconf 90' lang='lat' dir='ltr'><strong>tenuit</strong></span> <span class='ocrx_word' id='word_1_408' title='bbox 2559 2946 2766 3010; x_wconf 91' lang='lat' dir='ltr'><strong>locum,</strong></span> <span class='ocrx_word' id='word_1_409' title='bbox 2797 2946 3166 3003; x_wconf 89' lang='lat' dir='ltr'><strong>cadaveribus</strong></span> <span class='ocrx_word' id='word_1_410' title='bbox 3193 2948 3425 3017; x_wconf 88' lang='lat' dir='ltr'><strong>reliquis</strong></span> <span class='ocrx_word' id='word_1_411' title='bbox 3462 2947 3554 3002; x_wconf 83' lang='lat' dir='ltr'><strong>di-</strong></span> 
     </span>
    </p>
   </div>
   <div class='ocr_carea' id='block_1_60' title="bbox 1967 3037 3557 3110">
    <p class='ocr_par' dir='ltr' id='par_1_60' title="bbox 1967 3037 3557 3110">
     <span class='ocr_line' id='line_1_60' title="bbox 1967 3037 3557 3110; baseline 0.001 -17"><span class='ocrx_word' id='word_1_412' title='bbox 1967 3038 2096 3093; x_wconf 78' lang='lat' dir='ltr'><strong>vina</strong></span> <span class='ocrx_word' id='word_1_413' title='bbox 2131 3037 2370 3108; x_wconf 87' lang='lat' dir='ltr'><strong>quadam</strong></span> <span class='ocrx_word' id='word_1_414' title='bbox 2403 3038 2457 3093; x_wconf 88' lang='lat' dir='ltr'><strong>vi</strong></span> <span class='ocrx_word' id='word_1_415' title='bbox 2492 3040 2654 3110; x_wconf 86' lang='lat' dir='ltr'><strong>longe</strong></span> <span class='ocrx_word' id='word_1_416' title='bbox 2679 3040 2978 3096; x_wconf 83' lang='lat' dir='ltr'><strong>admodum</strong></span> <span class='ocrx_word' id='word_1_417' title='bbox 3015 3039 3086 3094; x_wconf 91' lang='lat' dir='ltr'><strong>ab</strong></span> <span class='ocrx_word' id='word_1_418' title='bbox 3114 3040 3290 3110; x_wconf 89' lang='lat' dir='ltr'><strong>ipsius</strong></span> <span class='ocrx_word' id='word_1_419' title='bbox 3318 3054 3557 3110; x_wconf 79' lang='lat' dir='ltr'><strong>corpore</strong></span> 
     </span>
    </p>
   </div>
   <div class='ocr_carea' id='block_1_61' title="bbox 1969 3130 3556 3205">
    <p class='ocr_par' dir='ltr' id='par_1_61' title="bbox 1969 3130 3556 3205">
     <span class='ocr_line' id='line_1_61' title="bbox 1969 3130 3556 3205; baseline 0.001 -21"><span class='ocrx_word' id='word_1_420' title='bbox 1969 3130 2225 3196; x_wconf 85' lang='lat' dir='ltr'><strong>semotis,</strong></span> <span class='ocrx_word' id='word_1_421' title='bbox 2250 3130 2512 3197; x_wconf 79' lang='lat' dir='ltr'><strong>miraculi</strong></span> <span class='ocrx_word' id='word_1_422' title='bbox 2542 3132 3052 3205; x_wconf 76' lang='lat' dir='ltr'><strong>ejusspectatores,</strong></span> <span class='ocrx_word' id='word_1_423' title='bbox 3079 3132 3148 3187; x_wconf 90' lang='lat' dir='ltr'><strong>ad</strong></span> <span class='ocrx_word' id='word_1_424' title='bbox 3183 3131 3556 3200; x_wconf 76' lang='lat' dir='ltr'><strong>Ephrannium</strong></span> 
     </span>
    </p>
   </div>
   <div class='ocr_carea' id='block_1_62' title="bbox 1967 3224 3560 3295">
    <p class='ocr_par' dir='ltr' id='par_1_62' title="bbox 1967 3224 3560 3295">
     <span class='ocr_line' id='line_1_62' title="bbox 1967 3224 3560 3295; baseline 0.001 -18"><span class='ocrx_word' id='word_1_425' title='bbox 1967 3224 2293 3295; x_wconf 77' lang='lat' dir='ltr'><strong>episcopum</strong></span> <span class='ocrx_word' id='word_1_426' title='bbox 2341 3239 2460 3280; x_wconf 88' lang='lat' dir='ltr'><strong>rem</strong></span> <span class='ocrx_word' id='word_1_427' title='bbox 2507 3224 2844 3288; x_wconf 88' lang='lat' dir='ltr'><strong>retulerunt,</strong></span> <span class='ocrx_word' id='word_1_428' title='bbox 2882 3240 2988 3295; x_wconf 91' lang='lat' dir='ltr'><strong>qua</strong></span> <span class='ocrx_word' id='word_1_429' title='bbox 3036 3225 3130 3280; x_wconf 89' lang='lat' dir='ltr'><strong>ille</strong></span> <span class='ocrx_word' id='word_1_430' title='bbox 3183 3226 3274 3287; x_wconf 90' lang='lat' dir='ltr'><strong>ita,</strong></span> <span class='ocrx_word' id='word_1_431' title='bbox 3305 3224 3384 3287; x_wconf 89' lang='lat' dir='ltr'><strong>uti</strong></span> <span class='ocrx_word' id='word_1_432' title='bbox 3433 3232 3560 3283; x_wconf 80' lang='lat' dir='ltr'><strong>erat</strong></span> 
     </span>
    </p>
   </div>
   <div class='ocr_carea' id='block_1_63' title="bbox 1968 3316 3561 3387">
    <p class='ocr_par' dir='ltr' id='par_1_63' title="bbox 1968 3316 3561 3387">
     <span class='ocr_line' id='line_1_63' title="bbox 1968 3316 3561 3387; baseline -0.003 -13"><span class='ocrx_word' id='word_1_433' title='bbox 1968 3318 2214 3387; x_wconf 80' lang='lat' dir='ltr'><strong>cognita,</strong></span> <span class='ocrx_word' id='word_1_434' title='bbox 2249 3316 2529 3386; x_wconf 88' lang='lat' dir='ltr'><strong>publicam</strong></span> <span class='ocrx_word' id='word_1_435' title='bbox 2562 3328 2730 3387; x_wconf 84' lang='lat' dir='ltr'><strong>atque</strong></span> <span class='ocrx_word' id='word_1_436' title='bbox 2760 3316 3131 3382; x_wconf 79' lang='lat' dir='ltr'><strong>honoriﬁcam</strong></span> <span class='ocrx_word' id='word_1_437' title='bbox 3169 3316 3382 3371; x_wconf 81' lang='lat' dir='ltr'><strong>funeris</strong></span> <span class='ocrx_word' id='word_1_438' title='bbox 3405 3331 3561 3385; x_wconf 87' lang='lat' dir='ltr'><strong>pom-</strong></span> 
     </span>
    </p>
   </div>
   <div class='ocr_carea' id='block_1_64' title="bbox 1969 3408 3559 3481">
    <p class='ocr_par' dir='ltr' id='par_1_64' title="bbox 1969 3408 3559 3481">
     <span class='ocr_line' id='line_1_64' title="bbox 1969 3408 3559 3481; baseline -0.001 -18"><span class='ocrx_word' id='word_1_439' title='bbox 1969 3425 2095 3481; x_wconf 73' lang='lat' dir='ltr'><strong>pam</strong></span> <span class='ocrx_word' id='word_1_440' title='bbox 2146 3408 2368 3474; x_wconf 78' lang='lat' dir='ltr'><strong>indixit,</strong></span> <span class='ocrx_word' id='word_1_441' title='bbox 2401 3418 2458 3465; x_wconf 91' lang='lat' dir='ltr'><strong>et</strong></span> <span class='ocrx_word' id='word_1_442' title='bbox 2502 3425 2714 3481; x_wconf 84' lang='lat' dir='ltr'><strong>corpus</strong></span> <span class='ocrx_word' id='word_1_443' title='bbox 2749 3409 3043 3481; x_wconf 70' lang='lat' dir='ltr'><strong>magnifice</strong></span> <span class='ocrx_word' id='word_1_444' title='bbox 3077 3408 3426 3464; x_wconf 81' lang='lat' dir='ltr'><strong>Antiochiam</strong></span> <span class='ocrx_word' id='word_1_445' title='bbox 3465 3417 3559 3461; x_wconf 87' lang='lat' dir='ltr'><strong>tu-</strong></span> 
     </span>
    </p>
   </div>
   <div class='ocr_carea' id='block_1_65' title="bbox 287 3493 1866 3598">
    <p class='ocr_par' dir='ltr' id='par_1_65' title="bbox 287 3493 1861 3568">
     <span class='ocr_line' id='line_1_65' title="bbox 287 3493 1861 3568; baseline 0.002 -21"><span class='ocrx_word' id='word_1_446' title='bbox 287 3512 384 3547; x_wconf 83' lang='grc' dir='ltr'><strong>σον</strong></span> <span class='ocrx_word' id='word_1_447' title='bbox 410 3497 477 3565; x_wconf 79' lang='grc' dir='ltr'>τῇ</span> <span class='ocrx_word' id='word_1_448' title='bbox 512 3494 823 3565; x_wconf 80' lang='grc' dir='ltr'>μεταθέσει.</span> <span class='ocrx_word' id='word_1_449' title='bbox 858 3493 1066 3552; x_wconf 85' lang='grc' dir='ltr'>Τούτου</span> <span class='ocrx_word' id='word_1_450' title='bbox 1089 3493 1271 3563; x_wconf 77' lang='grc' dir='ltr'>δήτοῦ</span> <span class='ocrx_word' id='word_1_451' title='bbox 1303 3493 1478 3565; x_wconf 80' lang='grc' dir='ltr'>Θωμᾶ</span> <span class='ocrx_word' id='word_1_452' title='bbox 1520 3497 1616 3549; x_wconf 80' lang='grc' dir='ltr'>καὶ</span> <span class='ocrx_word' id='word_1_453' title='bbox 1643 3496 1861 3568; x_wconf 76' lang='grc' dir='ltr'>ἐτήσιον</span> 
     </span>
    </p>
   </div>
   <div class='ocr_carea' id='block_1_66' title="bbox 1973 3493 3558 3598">
    <p class='ocr_par' dir='ltr' id='par_1_66' title="bbox 1973 3500 3558 3584">
     <span class='ocr_line' id='line_1_66' title="bbox 1973 3500 3558 3584; baseline -0.002 -26"><span class='ocrx_word' id='word_1_454' title='bbox 1973 3503 2058 3571; x_wconf 89' lang='lat' dir='ltr'><strong>lit,</strong></span> <span class='ocrx_word' id='word_1_455' title='bbox 2090 3514 2257 3572; x_wconf 88' lang='lat' dir='ltr'><strong>atque</strong></span> <span class='ocrx_word' id='word_1_456' title='bbox 2285 3518 2412 3559; x_wconf 89' lang='lat' dir='ltr'><strong>cum</strong></span> <span class='ocrx_word' id='word_1_457' title='bbox 2458 3503 2630 3574; x_wconf 87' lang='lat' dir='ltr'><strong>gloria</strong></span> <span class='ocrx_word' id='word_1_458' title='bbox 2663 3504 2838 3559; x_wconf 90' lang='lat' dir='ltr'><strong>multa</strong></span> <span class='ocrx_word' id='word_1_459' title='bbox 2870 3503 2926 3559; x_wconf 89' lang='lat' dir='ltr'><strong>in</strong></span> <span class='ocrx_word' id='word_1_460' title='bbox 2958 3503 3284 3559; x_wconf 72' lang='lat' dir='ltr'><strong>cmmeterio</strong></span> <span class='ocrx_word' id='word_1_461' title='bbox 3313 3500 3558 3584; x_wconf 84' lang='lat' dir='ltr'><strong>sepeliit.</strong></span> 
     </span>
    </p>
   </div>
   <div class='ocr_carea' id='block_1_67' title="bbox 292 3580 1866 3667">
    <p class='ocr_par' dir='ltr' id='par_1_67' title="bbox 292 3580 1866 3667">
     <span class='ocr_line' id='line_1_67' title="bbox 292 3580 1866 3667; baseline 0.004 -31"><span class='ocrx_word' id='word_1_462' title='bbox 292 3588 518 3658; x_wconf 81' lang='grc' dir='ltr'>μνήμην</span> <span class='ocrx_word' id='word_1_463' title='bbox 573 3587 759 3650; x_wconf 79' lang='grc' dir='ltr'>παῖδες</span> <span class='ocrx_word' id='word_1_464' title='bbox 814 3585 1139 3656; x_wconf 84' lang='grc' dir='ltr'>’Δντιοχέων</span> <span class='ocrx_word' id='word_1_465' title='bbox 1192 3580 1351 3657; x_wconf 75' lang='grc' dir='ltr'>ἦγον,</span> <span class='ocrx_word' id='word_1_466' title='bbox 1420 3588 1866 3667; x_wconf 84' lang='grc' dir='ltr'>μεγαλοπρεπῶς</span> 
     </span>
    </p>
   </div>
   <div class='ocr_carea' id='block_1_68' title="bbox 1973 3580 3562 3667">
    <p class='ocr_par' dir='ltr' id='par_1_68' title="bbox 1973 3580 3562 3667">
     <span class='ocr_line' id='line_1_68' title="bbox 1973 3580 3562 3667; baseline -0.003 -18"><span class='ocrx_word' id='word_1_467' title='bbox 1973 3596 2099 3663; x_wconf 70' lang='lat' dir='ltr'><strong>Qua,</strong></span> <span class='ocrx_word' id='word_1_468' title='bbox 2125 3596 2418 3655; x_wconf 77' lang='lat' dir='ltr'><strong>cadaveris</strong></span> <span class='ocrx_word' id='word_1_469' title='bbox 2453 3597 2820 3653; x_wconf 87' lang='lat' dir='ltr'><strong>translatione</strong></span> <span class='ocrx_word' id='word_1_470' title='bbox 2856 3596 2948 3652; x_wconf 90' lang='lat' dir='ltr'><strong>ille</strong></span> <span class='ocrx_word' id='word_1_471' title='bbox 2978 3596 3145 3653; x_wconf 89' lang='lat' dir='ltr'><strong>etiam</strong></span> <span class='ocrx_word' id='word_1_472' title='bbox 3183 3580 3562 3667; x_wconf 75' lang='lat' dir='ltr'><strong>pestilentem,</strong></span> 
     </span>
    </p>
   </div>
   <div class='ocr_carea' id='block_1_69' title="bbox 289 3682 663 3750">
    <p class='ocr_par' dir='ltr' id='par_1_69' title="bbox 289 3682 663 3750">
     <span class='ocr_line' id='line_1_69' title="bbox 289 3682 663 3750; baseline 0.003 -16"><span class='ocrx_word' id='word_1_473' title='bbox 289 3682 663 3750; x_wconf 69' lang='grc' dir='ltr'>ἑορτάζοντες.</span> 
     </span>
    </p>
   </div>
   <div class='ocr_carea' id='block_1_70' title="bbox 1980 3685 3564 3762">
    <p class='ocr_par' dir='ltr' id='par_1_70' title="bbox 1980 3685 3564 3762">
     <span class='ocr_line' id='line_1_70' title="bbox 1980 3685 3564 3762; baseline -0.003 -18"><span class='ocrx_word' id='word_1_474' title='bbox 1980 3690 2073 3759; x_wconf 89' lang='lat' dir='ltr'><strong>qui</strong></span> <span class='ocrx_word' id='word_1_475' title='bbox 2132 3698 2247 3742; x_wconf 93' lang='lat' dir='ltr'><strong>tum</strong></span> <span class='ocrx_word' id='word_1_476' title='bbox 2313 3689 2697 3762; x_wconf 80' lang='lat' dir='ltr'><strong>grassabatur,</strong></span> <span class='ocrx_word' id='word_1_477' title='bbox 2763 3689 3021 3745; x_wconf 89' lang='lat' dir='ltr'><strong>morbum</strong></span> <span class='ocrx_word' id='word_1_478' title='bbox 3072 3687 3329 3761; x_wconf 77' lang='lat' dir='ltr'><strong>dispulit.</strong></span> <span class='ocrx_word' id='word_1_479' title='bbox 3383 3685 3564 3755; x_wconf 87' lang='lat' dir='ltr'><strong>Hujus</strong></span> 
     </span>
    </p>
   </div>
   <div class='ocr_carea' id='block_1_71' title="bbox 292 3774 3565 3854">
    <p class='ocr_par' dir='ltr' id='par_1_71' title="bbox 292 3774 3565 3854">
     <span class='ocr_line' id='line_1_71' title="bbox 292 3774 3565 3854; baseline 0.002 -26"><span class='ocrx_word' id='word_1_480' title='bbox 292 3776 516 3829; x_wconf 68' lang='lat' dir='ltr'><strong>Tbomz</strong></span> <span class='ocrx_word' id='word_1_481' title='bbox 573 3774 1015 3832; x_wconf 86' lang='lat' dir='ltr'><strong>anniversariam</strong></span> <span class='ocrx_word' id='word_1_482' title='bbox 1067 3778 1393 3837; x_wconf 87' lang='lat' dir='ltr'><strong>memoriam</strong></span> <span class='ocrx_word' id='word_1_483' title='bbox 1442 3780 2024 3853; x_wconf 80' lang='lat' dir='ltr'><strong>magniﬁcentissime,</strong></span> <span class='ocrx_word' id='word_1_484' title='bbox 2098 3783 2301 3838; x_wconf 80' lang='lat' dir='ltr'><strong>festum</strong></span> <span class='ocrx_word' id='word_1_485' title='bbox 2372 3781 2521 3837; x_wconf 92' lang='lat' dir='ltr'><strong>diem</strong></span> <span class='ocrx_word' id='word_1_486' title='bbox 2599 3789 2869 3854; x_wconf 78' lang='lat' dir='ltr'><strong>agentes,</strong></span> <span class='ocrx_word' id='word_1_487' title='bbox 2922 3779 3259 3837; x_wconf 85' lang='lat' dir='ltr'><strong>Antiocbeui</strong></span> <span class='ocrx_word' id='word_1_488' title='bbox 3317 3777 3565 3840; x_wconf 48' lang='lat' dir='ltr'><strong>celebra.-</strong></span> 
     </span>
    </p>
   </div>
   <div class='ocr_carea' id='block_1_72' title="bbox 293 3881 443 3926">
    <p class='ocr_par' dir='ltr' id='par_1_72' title="bbox 293 3881 443 3926">
     <span class='ocr_line' id='line_1_72' title="bbox 293 3881 443 3926; baseline 0.007 -1"><span class='ocrx_word' id='word_1_489' title='bbox 293 3881 443 3926; x_wconf 79' lang='lat' dir='ltr'><strong>runt.</strong></span> 
     </span>
    </p>
   </div>
   <div class='ocr_carea' id='block_1_73' title="bbox 852 3990 1266 4047">
    <p class='ocr_par' dir='ltr' id='par_1_73' title="bbox 852 3990 1266 4047">
     <span class='ocr_line' id='line_1_73' title="bbox 852 3990 1266 4047; baseline 0.01 -4"><span class='ocrx_word' id='word_1_490' title='bbox 852 3990 1106 4046; x_wconf 81' lang='grc' dir='ltr'><strong>ΚΕΦΛΛ.</strong></span> <span class='ocrx_word' id='word_1_491' title='bbox 1138 3992 1266 4047; x_wconf 74' lang='lat' dir='ltr'><strong>KA&#39;.</strong></span> 
     </span>
    </p>
   </div>
   <div class='ocr_carea' id='block_1_74' title="bbox 204 4094 1838 4167">
    <p class='ocr_par' dir='ltr' id='par_1_74' title="bbox 204 4094 1838 4167">
     <span class='ocr_line' id='line_1_74' title="bbox 204 4094 1838 4167; baseline 0.004 -18"><span class='ocrx_word' id='word_1_492' title='bbox 204 4106 213 4111; x_wconf 87' lang='lat'>&#39;</span> <span class='ocrx_word' id='word_1_493' title='bbox 306 4094 404 4163; x_wconf 84' lang='grc' dir='ltr'>Ὠς</span> <span class='ocrx_word' id='word_1_494' title='bbox 434 4096 533 4167; x_wconf 75' lang='grc' dir='ltr'><strong>καί</strong></span> <span class='ocrx_word' id='word_1_495' title='bbox 559 4098 591 4151; x_wconf 86' lang='lat' dir='ltr'><strong>d</strong></span> <span class='ocrx_word' id='word_1_496' title='bbox 623 4096 815 4167; x_wconf 71' lang='grc' dir='ltr'>μέγας</span> <span class='ocrx_word' id='word_1_497' title='bbox 836 4095 1067 4163; x_wconf 81' lang='grc' dir='ltr'>Σάϐὅας</span> <span class='ocrx_word' id='word_1_498' title='bbox 1116 4097 1215 4151; x_wconf 83' lang='grc' dir='ltr'><strong>καί</strong></span> <span class='ocrx_word' id='word_1_499' title='bbox 1254 4097 1575 4164; x_wconf 81' lang='grc' dir='ltr'>Θεοδόσιος</span> <span class='ocrx_word' id='word_1_500' title='bbox 1602 4099 1635 4152; x_wconf 85' lang='grc' dir='ltr'><em>ό</em></span> <span class='ocrx_word' id='word_1_501' title='bbox 1667 4116 1838 4155; x_wconf 83' lang='grc' dir='ltr'>κοινο</span> 
     </span>
    </p>
   </div>
   <div class='ocr_carea' id='block_1_75' title="bbox 370 4165 1871 4236">
    <p class='ocr_par' dir='ltr' id='par_1_75' title="bbox 370 4165 1871 4236">
     <span class='ocr_line' id='line_1_75' title="bbox 370 4165 1871 4236; baseline 0.003 -15"><span class='ocrx_word' id='word_1_502' title='bbox 370 4165 637 4234; x_wconf 57' lang='grc' dir='ltr'>σιάρχης(</span> <span class='ocrx_word' id='word_1_503' title='bbox 665 4165 764 4220; x_wconf 75' lang='grc' dir='ltr'><strong>ἐπὶ</strong></span> <span class='ocrx_word' id='word_1_504' title='bbox 828 4167 1270 4223; x_wconf 82' lang='grc' dir='ltr'>Ἰουστινιανοῦ</span> <span class='ocrx_word' id='word_1_505' title='bbox 1331 4172 1493 4224; x_wconf 74' lang='grc' dir='ltr'>τέλει</span> <span class='ocrx_word' id='word_1_506' title='bbox 1560 4169 1668 4225; x_wconf 87' lang='grc' dir='ltr'>τοῦ</span> <span class='ocrx_word' id='word_1_507' title='bbox 1722 4174 1871 4236; x_wconf 76' lang='grc' dir='ltr'>,βίου</span> 
     </span>
    </p>
   </div>
   <div class='ocr_carea' id='block_1_76' title="bbox 367 4237 725 4306">
    <p class='ocr_par' dir='ltr' id='par_1_76' title="bbox 367 4237 725 4306">
     <span class='ocr_line' id='line_1_76' title="bbox 367 4237 725 4306; baseline 0.006 -16"><span class='ocrx_word' id='word_1_508' title='bbox 367 4237 725 4306; x_wconf 65' lang='grc' dir='ltr'>ἐχρήσαντο.</span> 
     </span>
    </p>
   </div>
   <div class='ocr_carea' id='block_1_77' title="bbox 383 4349 1871 4423">
    <p class='ocr_par' dir='ltr' id='par_1_77' title="bbox 383 4349 1871 4423">
     <span class='ocr_line' id='line_1_77' title="bbox 383 4349 1871 4423; baseline 0.003 -20"><span class='ocrx_word' id='word_1_509' title='bbox 383 4349 768 4408; x_wconf 80' lang='grc' dir='ltr'>Ἶουστινιανοῦ</span> <span class='ocrx_word' id='word_1_510' title='bbox 806 4350 852 4419; x_wconf 80' lang='grc' dir='ltr'>δ’</span> <span class='ocrx_word' id='word_1_511' title='bbox 878 4350 958 4403; x_wconf 75' lang='grc' dir='ltr'>ἔτι</span> <span class='ocrx_word' id='word_1_512' title='bbox 988 4351 1089 4420; x_wconf 80' lang='grc' dir='ltr'><strong>τὴν</strong></span> <span class='ocrx_word' id='word_1_513' title='bbox 1123 4349 1508 4423; x_wconf 78' lang='grc' dir='ltr'>αὐτοκράτορα</span> <span class='ocrx_word' id='word_1_514' title='bbox 1537 4351 1871 4417; x_wconf 78' lang='grc' dir='ltr'>διοικοῦντος</span> 
     </span>
    </p>
   </div>
   <div class='ocr_carea' id='block_1_78' title="bbox 299 4439 1874 4514">
    <p class='ocr_par' dir='ltr' id='par_1_78' title="bbox 299 4439 1874 4514">
     <span class='ocr_line' id='line_1_78' title="bbox 299 4439 1874 4514; baseline 0.002 -19"><span class='ocrx_word' id='word_1_515' title='bbox 299 4442 514 4514; x_wconf 54' lang='grc' dir='ltr'>ἀρχὴν(</span> <span class='ocrx_word' id='word_1_516' title='bbox 548 4443 642 4496; x_wconf 77' lang='grc' dir='ltr'>καὶ</span> <span class='ocrx_word' id='word_1_517' title='bbox 675 4442 891 4506; x_wconf 77' lang='grc' dir='ltr'><strong>Σάϐϐας</strong></span> <span class='ocrx_word' id='word_1_518' title='bbox 944 4443 1154 4505; x_wconf 74' lang='grc' dir='ltr'>ἐκεῖνος</span> <span class='ocrx_word' id='word_1_519' title='bbox 1184 4443 1425 4512; x_wconf 68' lang='grc' dir='ltr'>δ’μέγας</span> <span class='ocrx_word' id='word_1_520' title='bbox 1477 4449 1572 4499; x_wconf 74' lang='grc' dir='ltr'>καὶ</span> <span class='ocrx_word' id='word_1_521' title='bbox 1621 4447 1650 4499; x_wconf 82' lang='grc' dir='ltr'>ὁ</span> <span class='ocrx_word' id='word_1_522' title='bbox 1704 4439 1874 4509; x_wconf 81' lang='grc' dir='ltr'>πολὺς</span> 
     </span>
    </p>
   </div>
   <div class='ocr_carea' id='block_1_79' title="bbox 300 4530 1874 4609">
    <p class='ocr_par' dir='ltr' id='par_1_79' title="bbox 300 4530 1874 4609">
     <span class='ocr_line' id='line_1_79' title="bbox 300 4530 1874 4609; baseline 0.004 -23"><span class='ocrx_word' id='word_1_523' title='bbox 300 4535 601 4602; x_wconf 72' lang='grc' dir='ltr'>Θεοδὺσιος,</span> <span class='ocrx_word' id='word_1_524' title='bbox 631 4536 679 4588; x_wconf 90' lang='grc' dir='ltr'><strong>οί</strong></span> <span class='ocrx_word' id='word_1_525' title='bbox 719 4535 819 4604; x_wconf 83' lang='grc' dir='ltr'>τῆς</span> <span class='ocrx_word' id='word_1_526' title='bbox 869 4536 1081 4605; x_wconf 74' lang='grc' dir='ltr'>ἐρήμου</span> <span class='ocrx_word' id='word_1_527' title='bbox 1115 4534 1519 4606; x_wconf 84' lang='grc' dir='ltr'>καθηγεμόνες,</span> <span class='ocrx_word' id='word_1_528' title='bbox 1552 4537 1633 4591; x_wconf 79' lang='grc' dir='ltr'>ἔτι</span> <span class='ocrx_word' id='word_1_529' title='bbox 1676 4530 1874 4609; x_wconf 66' lang='grc' dir='ltr'>περὶἧ·</span> 
     </span>
    </p>
   </div>
   <div class='ocr_carea' id='block_1_80' title="bbox 304 4614 1872 4696">
    <p class='ocr_par' dir='ltr' id='par_1_80' title="bbox 304 4614 1872 4696">
     <span class='ocr_line' id='line_1_80' title="bbox 304 4614 1872 4696; baseline 0.003 -20"><span class='ocrx_word' id='word_1_530' title='bbox 304 4642 406 4678; x_wconf 83' lang='grc' dir='ltr'><strong>σαν</strong></span> <span class='ocrx_word' id='word_1_531' title='bbox 434 4626 512 4690; x_wconf 84' lang='grc' dir='ltr'>τῷ</span> <span class='ocrx_word' id='word_1_532' title='bbox 543 4625 663 4696; x_wconf 85' lang='grc' dir='ltr'>βίῳ.</span> <span class='ocrx_word' id='word_1_533' title='bbox 716 4625 880 4679; x_wconf 82' lang='grc' dir='ltr'>Ἀλλὰ</span> <span class='ocrx_word' id='word_1_534' title='bbox 912 4624 1205 4694; x_wconf 77' lang='grc' dir='ltr'>προλαϐὼν</span> <span class='ocrx_word' id='word_1_535' title='bbox 1257 4625 1357 4694; x_wconf 85' lang='grc' dir='ltr'>μὲν</span> <span class='ocrx_word' id='word_1_536' title='bbox 1387 4629 1414 4679; x_wconf 85' lang='grc' dir='ltr'>ὁ</span> <span class='ocrx_word' id='word_1_537' title='bbox 1445 4627 1729 4692; x_wconf 80' lang='grc' dir='ltr'>Θεοδόσιος</span> <span class='ocrx_word' id='word_1_538' title='bbox 1756 4614 1872 4681; x_wconf 78' lang='grc' dir='ltr'>διέ-</span> 
     </span>
    </p>
   </div>
   <div class='ocr_carea' id='block_1_81' title="bbox 304 4715 1881 4808">
    <p class='ocr_par' dir='ltr' id='par_1_81' title="bbox 304 4715 1881 4808">
     <span class='ocr_line' id='line_1_81' title="bbox 304 4715 1881 4808; baseline 0.003 -40"><span class='ocrx_word' id='word_1_539' title='bbox 304 4716 455 4770; x_wconf 72' lang='grc' dir='ltr'>ϐαινε</span> <span class='ocrx_word' id='word_1_540' title='bbox 479 4716 615 4781; x_wconf 79' lang='grc' dir='ltr'>πρὸς</span> <span class='ocrx_word' id='word_1_541' title='bbox 650 4715 802 4770; x_wconf 80' lang='grc' dir='ltr'>Θεόν.</span> <span class='ocrx_word' id='word_1_542' title='bbox 834 4716 1049 4779; x_wconf 75' lang='grc' dir='ltr'>Σὰσσας</span> <span class='ocrx_word' id='word_1_543' title='bbox 1072 4716 1129 4769; x_wconf 80' lang='grc' dir='ltr'>δὲ</span> <span class='ocrx_word' id='word_1_544' title='bbox 1153 4716 1460 4808; x_wconf 68' lang='grc' dir='ltr'>τηνικαῦτα</span> <span class='ocrx_word' id='word_1_545' title='bbox 1486 4719 1881 4790; x_wconf 23' lang='grc' dir='ltr'>ὲννενηκοστὸνν</span> 
     </span>
    </p>
   </div>
   <div class='ocr_carea' id='block_1_82' title="bbox 2438 3987 3108 4061">
    <p class='ocr_par' dir='ltr' id='par_1_82' title="bbox 2438 3987 3108 4061">
     <span class='ocr_line' id='line_1_82' title="bbox 2438 3987 3108 4061; baseline -0.001 -15"><span class='ocrx_word' id='word_1_546' title='bbox 2438 3990 2599 4061; x_wconf 79' lang='lat'><strong>771</strong></span> <span class='ocrx_word' id='word_1_547' title='bbox 2641 3987 2875 4046; x_wconf 83' lang='lat' dir='ltr'><strong>CAPUT</strong></span> <span class='ocrx_word' id='word_1_548' title='bbox 2915 3988 3108 4045; x_wconf 80' lang='lat' dir='ltr'><strong>xxw.</strong></span> 
     </span>
    </p>
   </div>
   <div class='ocr_carea' id='block_1_83' title="bbox 2054 4092 3494 4168">
    <p class='ocr_par' dir='ltr' id='par_1_83' title="bbox 2054 4092 3494 4168">
     <span class='ocr_line' id='line_1_83' title="bbox 2054 4092 3494 4168; baseline -0.001 -17"><span class='ocrx_word' id='word_1_549' title='bbox 2054 4097 2119 4152; x_wconf 83' lang='lat' dir='ltr'><strong>Ut</strong></span> <span class='ocrx_word' id='word_1_550' title='bbox 2151 4094 2618 4168; x_wconf 24' lang='lat' dir='ltr'><strong>Magrtus‘Sgbbas</strong></span> <span class='ocrx_word' id='word_1_551' title='bbox 2658 4104 2710 4149; x_wconf 83' lang='lat' dir='ltr'><strong>et</strong></span> <span class='ocrx_word' id='word_1_552' title='bbox 2755 4094 3077 4168; x_wconf 57' lang='lat' dir='ltr'><strong>Theodosius</strong></span> <span class='ocrx_word' id='word_1_553' title='bbox 3108 4092 3494 4168; x_wconf 72' lang='lat' dir='ltr'><strong>Cwnobiarclta</strong></span> 
     </span>
    </p>
   </div>
   <div class='ocr_carea' id='block_1_84' title="bbox 2316 4165 3224 4233">
    <p class='ocr_par' dir='ltr' id='par_1_84' title="bbox 2316 4165 3224 4233">
     <span class='ocr_line' id='line_1_84' title="bbox 2316 4165 3224 4233; baseline -0.002 -12"><span class='ocrx_word' id='word_1_554' title='bbox 2316 4165 2412 4222; x_wconf 77' lang='lat' dir='ltr'><strong>sub</strong></span> <span class='ocrx_word' id='word_1_555' title='bbox 2435 4165 2745 4231; x_wconf 76' lang='lat' dir='ltr'><strong>Iustiniano</strong></span> <span class='ocrx_word' id='word_1_556' title='bbox 2768 4166 2932 4227; x_wconf 74' lang='lat' dir='ltr'><strong>vitam</strong></span> <span class='ocrx_word' id='word_1_557' title='bbox 2959 4165 3224 4233; x_wconf 71' lang='lat' dir='ltr'><strong>ﬁnierint.</strong></span> 
     </span>
    </p>
   </div>
   <div class='ocr_carea' id='block_1_85' title="bbox 2049 4343 3569 4416">
    <p class='ocr_par' dir='ltr' id='par_1_85' title="bbox 2049 4343 3569 4416">
     <span class='ocr_line' id='line_1_85' title="bbox 2049 4343 3569 4416; baseline -0.004 -13"><span class='ocrx_word' id='word_1_558' title='bbox 2049 4345 2385 4409; x_wconf 64' lang='lat' dir='ltr'><strong>Iustiniano.</strong></span> <span class='ocrx_word' id='word_1_559' title='bbox 2425 4345 2611 4407; x_wconf 80' lang='lat' dir='ltr'><strong>adhuc</strong></span> <span class='ocrx_word' id='word_1_560' title='bbox 2659 4343 2955 4416; x_wconf 80' lang='lat' dir='ltr'><strong>imperium</strong></span> <span class='ocrx_word' id='word_1_561' title='bbox 3012 4343 3461 4407; x_wconf 83' lang='lat' dir='ltr'><strong>administrante,</strong></span> <span class='ocrx_word' id='word_1_562' title='bbox 3509 4353 3569 4400; x_wconf 90' lang='lat' dir='ltr'><strong>et</strong></span> 
     </span>
    </p>
   </div>
   <div class='ocr_carea' id='block_1_86' title="bbox 1980 4436 3566 4514">
    <p class='ocr_par' dir='ltr' id='par_1_86' title="bbox 1980 4436 3566 4514">
     <span class='ocr_line' id='line_1_86' title="bbox 1980 4436 3566 4514; baseline -0.003 -17"><span class='ocrx_word' id='word_1_563' title='bbox 1980 4456 2215 4514; x_wconf 87' lang='lat' dir='ltr'><strong>magnus</strong></span> <span class='ocrx_word' id='word_1_564' title='bbox 2269 4439 2361 4508; x_wconf 81' lang='lat' dir='ltr'><strong>ille</strong></span> <span class='ocrx_word' id='word_1_565' title='bbox 2421 4437 2659 4505; x_wconf 87' lang='lat' dir='ltr'><strong>Sabbas,</strong></span> <span class='ocrx_word' id='word_1_566' title='bbox 2722 4446 2778 4492; x_wconf 90' lang='lat' dir='ltr'><strong>et</strong></span> <span class='ocrx_word' id='word_1_567' title='bbox 2837 4436 3141 4506; x_wconf 72' lang='lat' dir='ltr'><strong>prazelarus</strong></span> <span class='ocrx_word' id='word_1_568' title='bbox 3194 4436 3566 4501; x_wconf 88' lang='lat' dir='ltr'><strong>Theodosius,</strong></span> 
     </span>
    </p>
   </div>
   <div class='ocr_carea' id='block_1_87' title="bbox 1981 4526 3570 4602">
    <p class='ocr_par' dir='ltr' id='par_1_87' title="bbox 1981 4526 3570 4602">
     <span class='ocr_line' id='line_1_87' title="bbox 1981 4526 3570 4602; baseline -0.003 -15"><span class='ocrx_word' id='word_1_569' title='bbox 1981 4531 2152 4595; x_wconf 88' lang='lat' dir='ltr'><strong>eremi</strong></span> <span class='ocrx_word' id='word_1_570' title='bbox 2209 4528 2509 4602; x_wconf 65' lang='lat' dir='ltr'><strong>praesides,</strong></span> <span class='ocrx_word' id='word_1_571' title='bbox 2559 4528 2892 4599; x_wconf 71' lang='lat' dir='ltr'><strong>superstites</strong></span> <span class='ocrx_word' id='word_1_572' title='bbox 2936 4535 3118 4582; x_wconf 87' lang='lat' dir='ltr'><strong>erant.</strong></span> <span class='ocrx_word' id='word_1_573' title='bbox 3151 4526 3355 4589; x_wconf 80' lang='lat' dir='ltr'><strong>Verum</strong></span> <span class='ocrx_word' id='word_1_574' title='bbox 3415 4528 3570 4599; x_wconf 87' lang='lat' dir='ltr'><strong>prior</strong></span> 
     </span>
    </p>
   </div>
   <div class='ocr_carea' id='block_1_88' title="bbox 1982 4618 3571 4688">
    <p class='ocr_par' dir='ltr' id='par_1_88' title="bbox 1982 4618 3571 4688">
     <span class='ocr_line' id='line_1_88' title="bbox 1982 4618 3571 4688; baseline -0.003 -9"><span class='ocrx_word' id='word_1_575' title='bbox 1982 4622 2331 4688; x_wconf 81' lang='lat' dir='ltr'><strong>Theodosius</strong></span> <span class='ocrx_word' id='word_1_576' title='bbox 2377 4620 2445 4677; x_wconf 86' lang='lat' dir='ltr'><strong>ad</strong></span> <span class='ocrx_word' id='word_1_577' title='bbox 2490 4622 2664 4676; x_wconf 90' lang='lat' dir='ltr'><strong>Deum</strong></span> <span class='ocrx_word' id='word_1_578' title='bbox 2701 4620 2948 4676; x_wconf 85' lang='lat' dir='ltr'><strong>transiit.</strong></span> <span class='ocrx_word' id='word_1_579' title='bbox 3001 4618 3216 4675; x_wconf 83' lang='lat' dir='ltr'><strong>Sabbas</strong></span> <span class='ocrx_word' id='word_1_580' title='bbox 3246 4630 3432 4675; x_wconf 85' lang='lat' dir='ltr'><strong>autem</strong></span> <span class='ocrx_word' id='word_1_581' title='bbox 3464 4636 3571 4675; x_wconf 87' lang='lat' dir='ltr'><strong>no-</strong></span> 
     </span>
    </p>
   </div>
   <div class='ocr_carea' id='block_1_89' title="bbox 1982 4709 3569 4785">
    <p class='ocr_par' dir='ltr' id='par_1_89' title="bbox 1982 4709 3569 4785">
     <span class='ocr_line' id='line_1_89' title="bbox 1982 4709 3569 4785; baseline -0.003 -15"><span class='ocrx_word' id='word_1_582' title='bbox 1982 4714 2330 4785; x_wconf 82' lang='lat' dir='ltr'><strong>nagesimum</strong></span> <span class='ocrx_word' id='word_1_583' title='bbox 2360 4721 2476 4768; x_wconf 84' lang='lat' dir='ltr'><strong>tum</strong></span> <span class='ocrx_word' id='word_1_584' title='bbox 2504 4728 2677 4784; x_wconf 87' lang='lat' dir='ltr'><strong>agens</strong></span> <span class='ocrx_word' id='word_1_585' title='bbox 2703 4728 2937 4777; x_wconf 87' lang='lat' dir='ltr'><strong>annum,</strong></span> <span class='ocrx_word' id='word_1_586' title='bbox 2967 4711 3037 4767; x_wconf 87' lang='lat' dir='ltr'><strong>ab</strong></span> <span class='ocrx_word' id='word_1_587' title='bbox 3063 4709 3289 4775; x_wconf 57' lang='lat' dir='ltr'><strong>[Eliensi</strong></span> <span class='ocrx_word' id='word_1_588' title='bbox 3321 4711 3569 4766; x_wconf 85' lang='lat' dir='ltr'><strong>antistite</strong></span> 
     </span>
    </p>
   </div>
   <div class='ocr_carea' id='block_1_90' title="bbox 307 4801 1866 4888">
    <p class='ocr_par' dir='ltr' id='par_1_90' title="bbox 307 4801 1866 4880">
     <span class='ocr_line' id='line_1_90' title="bbox 307 4801 1866 4880; baseline 0.003 -19"><span class='ocrx_word' id='word_1_589' title='bbox 307 4809 661 4878; x_wconf 79' lang='grc' dir='ltr'>παρελαύνων</span> <span class='ocrx_word' id='word_1_590' title='bbox 701 4808 972 4875; x_wconf 74' lang='grc' dir='ltr'>ἐνιαυτὸν,</span> <span class='ocrx_word' id='word_1_591' title='bbox 1020 4809 1157 4880; x_wconf 79' lang='grc' dir='ltr'>πρὸς</span> <span class='ocrx_word' id='word_1_592' title='bbox 1203 4807 1298 4862; x_wconf 83' lang='grc' dir='ltr'>τοῦ</span> <span class='ocrx_word' id='word_1_593' title='bbox 1336 4801 1446 4880; x_wconf 72' lang='grc' dir='ltr'>’τῆς</span> <span class='ocrx_word' id='word_1_594' title='bbox 1484 4810 1677 4874; x_wconf 86' lang='grc' dir='ltr'>Δίλίας</span> <span class='ocrx_word' id='word_1_595' title='bbox 1708 4811 1866 4880; x_wconf 77' lang='grc' dir='ltr'>προέ-</span> 
     </span>
    </p>
   </div>
   <div class='ocr_carea' id='block_1_91' title="bbox 1973 4801 3567 4888">
    <p class='ocr_par' dir='ltr' id='par_1_91' title="bbox 1981 4801 3567 4879">
     <span class='ocr_line' id='line_1_91' title="bbox 1981 4801 3567 4879; baseline -0.006 -15"><span class='ocrx_word' id='word_1_596' title='bbox 1981 4808 2198 4879; x_wconf 84' lang='lat' dir='ltr'><strong>legalus</strong></span> <span class='ocrx_word' id='word_1_597' title='bbox 2251 4805 2453 4861; x_wconf 88' lang='lat' dir='ltr'><strong>iterum</strong></span> <span class='ocrx_word' id='word_1_598' title='bbox 2483 4804 3030 4874; x_wconf 88' lang='lat' dir='ltr'><strong>Constantinopolim</strong></span> <span class='ocrx_word' id='word_1_599' title='bbox 3066 4802 3133 4857; x_wconf 89' lang='lat' dir='ltr'><strong>ad</strong></span> <span class='ocrx_word' id='word_1_600' title='bbox 3163 4801 3567 4868; x_wconf 81' lang='lat' dir='ltr'><strong>Justinianum,</strong></span> 
     </span>
    </p>
   </div>
   <div class='ocr_carea' id='block_1_92' title="bbox 305 4898 1878 4972">
    <p class='ocr_par' dir='ltr' id='par_1_92' title="bbox 305 4898 1878 4972">
     <span class='ocr_line' id='line_1_92' title="bbox 305 4898 1878 4972; baseline 0.002 -19"><span class='ocrx_word' id='word_1_601' title='bbox 305 4902 433 4971; x_wconf 82' lang='grc' dir='ltr'>δρου</span> <span class='ocrx_word' id='word_1_602' title='bbox 484 4898 638 4965; x_wconf 78' lang='grc' dir='ltr'>αὖθις</span> <span class='ocrx_word' id='word_1_603' title='bbox 684 4900 925 4972; x_wconf 76' lang='grc' dir='ltr'>πρέσϐυς</span> <span class='ocrx_word' id='word_1_604' title='bbox 981 4903 1040 4964; x_wconf 82' lang='grc' dir='ltr'>ἐς</span> <span class='ocrx_word' id='word_1_605' title='bbox 1090 4902 1478 4963; x_wconf 76' lang='grc' dir='ltr'>Ίουστινιανὸν</span> <span class='ocrx_word' id='word_1_606' title='bbox 1530 4901 1763 4967; x_wconf 79' lang='grc' dir='ltr'>ἄνεισιν,</span> <span class='ocrx_word' id='word_1_607' title='bbox 1818 4902 1878 4956; x_wconf 81' lang='grc' dir='ltr'>ὲν</span> 
     </span>
    </p>
   </div>
   <div class='ocr_carea' id='block_1_93' title="bbox 308 4994 1935 5068">
    <p class='ocr_par' dir='ltr' id='par_1_93' title="bbox 308 4994 1935 5068">
     <span class='ocr_line' id='line_1_93' title="bbox 308 4994 1935 5068; baseline 0.002 -20"><span class='ocrx_word' id='word_1_608' title='bbox 308 4995 531 5068; x_wconf 77' lang='grc' dir='ltr'>ἀμυδρῷ</span> <span class='ocrx_word' id='word_1_609' title='bbox 584 4998 745 5068; x_wconf 88' lang='grc' dir='ltr'>γήρει</span> <span class='ocrx_word' id='word_1_610' title='bbox 786 4994 1053 5057; x_wconf 86' lang='grc' dir='ltr'>σαλεύων.</span> <span class='ocrx_word' id='word_1_611' title='bbox 1106 4996 1383 5067; x_wconf 80' lang='grc' dir='ltr'>Σαμαρεῖς</span> <span class='ocrx_word' id='word_1_612' title='bbox 1435 4996 1545 5067; x_wconf 81' lang='grc' dir='ltr'>γὰρ</span> <span class='ocrx_word' id='word_1_613' title='bbox 1587 4996 1879 5053; x_wconf 82' lang='grc' dir='ltr'>Ἰουλιανόν</span> <span class='ocrx_word' id='word_1_614' title='bbox 1924 5025 1935 5035; x_wconf 76' lang='grc' dir='ltr'><strong><em>ο</em></strong></span> 
     </span>
    </p>
   </div>
   <div class='ocr_carea' id='block_1_94' title="bbox 306 5076 1879 5161">
    <p class='ocr_par' dir='ltr' id='par_1_94' title="bbox 306 5076 1879 5161">
     <span class='ocr_line' id='line_1_94' title="bbox 306 5076 1879 5161; baseline 0.001 -20"><span class='ocrx_word' id='word_1_615' title='bbox 306 5105 431 5142; x_wconf 87' lang='grc' dir='ltr'>τινα</span> <span class='ocrx_word' id='word_1_616' title='bbox 484 5088 633 5157; x_wconf 85' lang='grc' dir='ltr'>σφίσι</span> <span class='ocrx_word' id='word_1_617' title='bbox 675 5088 898 5158; x_wconf 83' lang='grc' dir='ltr'>βασιλέα</span> <span class='ocrx_word' id='word_1_618' title='bbox 946 5089 1400 5161; x_wconf 67' lang='grc' dir='ltr'>ἑπικηρύξαντες,</span> <span class='ocrx_word' id='word_1_619' title='bbox 1451 5089 1682 5142; x_wconf 80' lang='grc' dir='ltr'>πλεῖστα</span> <span class='ocrx_word' id='word_1_620' title='bbox 1734 5076 1879 5142; x_wconf 77' lang='grc' dir='ltr'>κατὰ</span> 
     </span>
    </p>
   </div>
   <div class='ocr_carea' id='block_1_95' title="bbox 306 5179 1877 5252">
    <p class='ocr_par' dir='ltr' id='par_1_95' title="bbox 306 5179 1877 5252">
     <span class='ocr_line' id='line_1_95' title="bbox 306 5179 1877 5252; baseline 0.001 -20"><span class='ocrx_word' id='word_1_621' title='bbox 306 5179 650 5251; x_wconf 82' lang='grc' dir='ltr'>Χριστιανῶν</span> <span class='ocrx_word' id='word_1_622' title='bbox 685 5179 1090 5251; x_wconf 75' lang='grc' dir='ltr'>ἐξυϐρίζουσιν,</span> <span class='ocrx_word' id='word_1_623' title='bbox 1133 5180 1432 5252; x_wconf 77' lang='grc' dir='ltr'>ἐκκλησίας</span> <span class='ocrx_word' id='word_1_624' title='bbox 1483 5179 1877 5250; x_wconf 83' lang='grc' dir='ltr'>λεηλατοῦντες</span> 
     </span>
    </p>
   </div>
   <div class='ocr_carea' id='block_1_96' title="bbox 307 5272 1879 5345">
    <p class='ocr_par' dir='ltr' id='par_1_96' title="bbox 307 5272 1879 5345">
     <span class='ocr_line' id='line_1_96' title="bbox 307 5272 1879 5345; baseline -0.002 -18"><span class='ocrx_word' id='word_1_625' title='bbox 307 5274 403 5327; x_wconf 75' lang='grc' dir='ltr'>καὶ</span> <span class='ocrx_word' id='word_1_626' title='bbox 434 5273 567 5345; x_wconf 76' lang='grc' dir='ltr'>πυρὶ</span> <span class='ocrx_word' id='word_1_627' title='bbox 610 5274 904 5344; x_wconf 75' lang='grc' dir='ltr'>νέμοντεςο</span> <span class='ocrx_word' id='word_1_628' title='bbox 949 5272 1043 5327; x_wconf 73' lang='grc' dir='ltr'>καὶ</span> <span class='ocrx_word' id='word_1_629' title='bbox 1077 5273 1206 5338; x_wconf 83' lang='grc' dir='ltr'>τοὺς</span> <span class='ocrx_word' id='word_1_630' title='bbox 1256 5272 1505 5326; x_wconf 77' lang='grc' dir='ltr'>εὐσεϐεῖν</span> <span class='ocrx_word' id='word_1_631' title='bbox 1562 5272 1879 5343; x_wconf 76' lang='grc' dir='ltr'>ᾑρημένους</span> 
     </span>
    </p>
   </div>
   <div class='ocr_carea' id='block_1_97' title="bbox 311 5348 1881 5438">
    <p class='ocr_par' dir='ltr' id='par_1_97' title="bbox 311 5348 1881 5438">
     <span class='ocr_line' id='line_1_97' title="bbox 311 5348 1881 5438; baseline -0.001 -18"><span class='ocrx_word' id='word_1_632' title='bbox 311 5365 449 5437; x_wconf 87' lang='grc' dir='ltr'>μετά</span> <span class='ocrx_word' id='word_1_633' title='bbox 478 5365 680 5438; x_wconf 86' lang='grc' dir='ltr'>πολλὴν</span> <span class='ocrx_word' id='word_1_634' title='bbox 707 5348 804 5421; x_wconf 67' lang='grc' dir='ltr'>καὶ</span> <span class='ocrx_word' id='word_1_635' title='bbox 828 5366 1037 5437; x_wconf 72' lang='grc' dir='ltr'>ἄφατον</span> <span class='ocrx_word' id='word_1_636' title='bbox 1083 5367 1356 5437; x_wconf 83' lang='grc' dir='ltr'>τιμωρίαν</span> <span class='ocrx_word' id='word_1_637' title='bbox 1398 5348 1679 5436; x_wconf 82' lang='grc' dir='ltr'>μαχαίρας</span> <span class='ocrx_word' id='word_1_638' title='bbox 1717 5363 1881 5436; x_wconf 78' lang='grc' dir='ltr'>ἔργον</span> 
     </span>
    </p>
   </div>
   <div class='ocr_carea' id='block_1_98' title="bbox 308 5456 1880 5531">
    <p class='ocr_par' dir='ltr' id='par_1_98' title="bbox 308 5456 1880 5531">
     <span class='ocr_line' id='line_1_98' title="bbox 308 5456 1880 5531; baseline -0.002 -17"><span class='ocrx_word' id='word_1_639' title='bbox 308 5459 646 5531; x_wconf 83' lang='grc' dir='ltr'>ποιούμενοι,</span> <span class='ocrx_word' id='word_1_640' title='bbox 681 5460 876 5529; x_wconf 84' lang='grc' dir='ltr'>κώμας</span> <span class='ocrx_word' id='word_1_641' title='bbox 911 5477 973 5514; x_wconf 89' lang='grc' dir='ltr'><strong>τε</strong></span> <span class='ocrx_word' id='word_1_642' title='bbox 1014 5459 1468 5531; x_wconf 79' lang='grc' dir='ltr'>κατατρέχοντες,</span> <span class='ocrx_word' id='word_1_643' title='bbox 1498 5458 1596 5512; x_wconf 78' lang='grc' dir='ltr'>καὶ</span> <span class='ocrx_word' id='word_1_644' title='bbox 1643 5459 1743 5522; x_wconf 77' lang='grc' dir='ltr'>τὰς</span> <span class='ocrx_word' id='word_1_645' title='bbox 1770 5456 1880 5511; x_wconf 86' lang='grc' dir='ltr'><strong>τῶν</strong></span> 
     </span>
    </p>
   </div>
   <div class='ocr_carea' id='block_1_99' title="bbox 308 5544 1878 5624">
    <p class='ocr_par' dir='ltr' id='par_1_99' title="bbox 308 5544 1878 5624">
     <span class='ocr_line' id='line_1_99' title="bbox 308 5544 1878 5624; baseline -0.008 -15"><span class='ocrx_word' id='word_1_646' title='bbox 308 5555 480 5621; x_wconf 78' lang='grc' dir='ltr'>ἁγίων</span> <span class='ocrx_word' id='word_1_647' title='bbox 510 5553 683 5624; x_wconf 72' lang='grc' dir='ltr'>θήκας</span> <span class='ocrx_word' id='word_1_648' title='bbox 708 5549 1151 5624; x_wconf 78' lang='grc' dir='ltr'>ἀναῤῥηγνύντες</span> <span class='ocrx_word' id='word_1_649' title='bbox 1177 5550 1274 5604; x_wconf 64' lang='grc' dir='ltr'><strong>καί¹</strong></span> <span class='ocrx_word' id='word_1_650' title='bbox 1297 5548 1684 5619; x_wconf 67' lang='grc' dir='ltr'>παραδιδόντες</span> <span class='ocrx_word' id='word_1_651' title='bbox 1711 5544 1878 5615; x_wconf 86' lang='grc' dir='ltr'>πυρί·</span> 
     </span>
    </p>
   </div>
   <div class='ocr_carea' id='block_1_100' title="bbox 308 5638 1886 5716">
    <p class='ocr_par' dir='ltr' id='par_1_100' title="bbox 308 5638 1886 5716">
     <span class='ocr_line' id='line_1_100' title="bbox 308 5638 1886 5716; baseline -0.006 -16"><span class='ocrx_word' id='word_1_652' title='bbox 308 5647 345 5700; x_wconf 79' lang='grc' dir='ltr'>ἂ</span> <span class='ocrx_word' id='word_1_653' title='bbox 398 5645 494 5701; x_wconf 77' lang='grc' dir='ltr'>καὶ</span> <span class='ocrx_word' id='word_1_654' title='bbox 527 5644 765 5716; x_wconf 80' lang='grc' dir='ltr'>μάλιστα</span> <span class='ocrx_word' id='word_1_655' title='bbox 798 5638 930 5715; x_wconf 77' lang='grc' dir='ltr'>περὶ</span> <span class='ocrx_word' id='word_1_656' title='bbox 983 5641 1258 5696; x_wconf 82' lang='grc' dir='ltr'>Νεάπολιν</span> <span class='ocrx_word' id='word_1_657' title='bbox 1305 5640 1581 5713; x_wconf 76' lang='grc' dir='ltr'>ἔπραττον</span> <span class='ocrx_word' id='word_1_658' title='bbox 1634 5638 1886 5711; x_wconf 77' lang='grc' dir='ltr'>μαχαίρᾳ</span> 
     </span>
    </p>
   </div>
   <div class='ocr_carea' id='block_1_101' title="bbox 313 5731 1884 5809">
    <p class='ocr_par' dir='ltr' id='par_1_101' title="bbox 313 5731 1884 5809">
     <span class='ocr_line' id='line_1_101' title="bbox 313 5731 1884 5809; baseline -0.006 -16"><span class='ocrx_word' id='word_1_659' title='bbox 313 5740 412 5809; x_wconf 80' lang='grc' dir='ltr'>μὲν</span> <span class='ocrx_word' id='word_1_660' title='bbox 435 5739 531 5793; x_wconf 77' lang='grc' dir='ltr'>τὸν</span> <span class='ocrx_word' id='word_1_661' title='bbox 580 5737 883 5793; x_wconf 69' lang='grc' dir='ltr'>ἐπίσκοπον</span> <span class='ocrx_word' id='word_1_662' title='bbox 912 5734 1219 5807; x_wconf 73' lang='grc' dir='ltr'>ἀνελόντες,</span> <span class='ocrx_word' id='word_1_663' title='bbox 1252 5732 1361 5787; x_wconf 89' lang='grc' dir='ltr'><strong>τῶν</strong></span> <span class='ocrx_word' id='word_1_664' title='bbox 1392 5733 1450 5787; x_wconf 72' lang='grc' dir='ltr'>δὲ</span> <span class='ocrx_word' id='word_1_665' title='bbox 1493 5731 1884 5804; x_wconf 78' lang='grc' dir='ltr'>πρεσϐυτέρων</span> 
     </span>
    </p>
   </div>
   <div class='ocr_carea' id='block_1_102' title="bbox 310 5824 1885 5911">
    <p class='ocr_par' dir='ltr' id='par_1_102' title="bbox 310 5824 1885 5911">
     <span class='ocr_line' id='line_1_102' title="bbox 310 5824 1885 5911; baseline -0.006 -24"><span class='ocrx_word' id='word_1_666' title='bbox 310 5832 676 5911; x_wconf 65' lang='grc' dir='ltr'>κατασχόντες</span> <span class='ocrx_word' id='word_1_667' title='bbox 703 5834 875 5899; x_wconf 82' lang='grc' dir='ltr'>τινὰς,</span> <span class='ocrx_word' id='word_1_668' title='bbox 929 5828 1124 5884; x_wconf 73' lang='grc' dir='ltr'>ἔπειτα</span> <span class='ocrx_word' id='word_1_669' title='bbox 1163 5829 1245 5893; x_wconf 88' lang='grc' dir='ltr'><strong>είς</strong></span> <span class='ocrx_word' id='word_1_670' title='bbox 1301 5827 1442 5899; x_wconf 83' lang='grc' dir='ltr'>μέρη</span> <span class='ocrx_word' id='word_1_671' title='bbox 1496 5843 1558 5880; x_wconf 89' lang='grc' dir='ltr'><strong>τε</strong></span> <span class='ocrx_word' id='word_1_672' title='bbox 1598 5825 1696 5880; x_wconf 72' lang='grc' dir='ltr'>καὶ</span> <span class='ocrx_word' id='word_1_673' title='bbox 1744 5824 1885 5897; x_wconf 74' lang='grc' dir='ltr'>μέλη</span> 
     </span>
    </p>
   </div>
   <div class='ocr_carea' id='block_1_103' title="bbox 313 5918 1888 5998">
    <p class='ocr_par' dir='ltr' id='par_1_103' title="bbox 313 5918 1888 5998">
     <span class='ocr_line' id='line_1_103' title="bbox 313 5918 1888 5998; baseline -0.003 -21"><span class='ocrx_word' id='word_1_674' title='bbox 313 5924 633 5997; x_wconf 82' lang='grc' dir='ltr'>διελόμενοι,</span> <span class='ocrx_word' id='word_1_675' title='bbox 679 5923 895 5998; x_wconf 87' lang='grc' dir='ltr'>σύναμα</span> <span class='ocrx_word' id='word_1_676' title='bbox 944 5921 1241 5996; x_wconf 85' lang='grc' dir='ltr'>μαρτύρων</span> <span class='ocrx_word' id='word_1_677' title='bbox 1282 5920 1393 5979; x_wconf 79' lang='grc' dir='ltr'>τισὶ</span> <span class='ocrx_word' id='word_1_678' title='bbox 1426 5919 1709 5992; x_wconf 80' lang='grc' dir='ltr'>λειψάνοις</span> <span class='ocrx_word' id='word_1_679' title='bbox 1752 5918 1888 5976; x_wconf 77' lang='grc' dir='ltr'><strong>ἀπι-</strong></span> 
     </span>
    </p>
   </div>
   <div class='ocr_carea' id='block_1_104' title="bbox 1988 4894 3574 4969">
    <p class='ocr_par' dir='ltr' id='par_1_104' title="bbox 1988 4894 3574 4969">
     <span class='ocr_line' id='line_1_104' title="bbox 1988 4894 3574 4969; baseline -0.006 -14"><span class='ocrx_word' id='word_1_680' title='bbox 1988 4901 2046 4955; x_wconf 90' lang='lat' dir='ltr'><strong>in</strong></span> <span class='ocrx_word' id='word_1_681' title='bbox 2099 4900 2255 4955; x_wconf 84' lang='lat' dir='ltr'><strong>tenui</strong></span> <span class='ocrx_word' id='word_1_682' title='bbox 2301 4909 2468 4969; x_wconf 87' lang='lat' dir='ltr'><strong>atque</strong></span> <span class='ocrx_word' id='word_1_683' title='bbox 2520 4897 2779 4962; x_wconf 84' lang='lat' dir='ltr'><strong>imbecilli</strong></span> <span class='ocrx_word' id='word_1_684' title='bbox 2837 4894 3136 4951; x_wconf 89' lang='lat' dir='ltr'><strong>admodum</strong></span> <span class='ocrx_word' id='word_1_685' title='bbox 3194 4907 3415 4950; x_wconf 83' lang='lat' dir='ltr'><strong>senecta</strong></span> <span class='ocrx_word' id='word_1_686' title='bbox 3464 4895 3574 4947; x_wconf 83' lang='lat' dir='ltr'><strong>ﬂu-</strong></span> 
     </span>
    </p>
   </div>
   <div class='ocr_carea' id='block_1_105' title="bbox 1985 4985 3573 5062">
    <p class='ocr_par' dir='ltr' id='par_1_105' title="bbox 1985 4985 3573 5062">
     <span class='ocr_line' id='line_1_105' title="bbox 1985 4985 3573 5062; baseline -0.007 -14"><span class='ocrx_word' id='word_1_687' title='bbox 1985 5001 2204 5057; x_wconf 88' lang='lat' dir='ltr'><strong>ctuans,</strong></span> <span class='ocrx_word' id='word_1_688' title='bbox 2236 4990 2523 5062; x_wconf 81' lang='lat' dir='ltr'><strong>prolectus</strong></span> <span class='ocrx_word' id='word_1_689' title='bbox 2554 4997 2663 5045; x_wconf 86' lang='lat' dir='ltr'><strong>est.</strong></span> <span class='ocrx_word' id='word_1_690' title='bbox 2710 4986 3044 5045; x_wconf 87' lang='lat' dir='ltr'><strong>Samaritani</strong></span> <span class='ocrx_word' id='word_1_691' title='bbox 3074 5001 3315 5055; x_wconf 86' lang='lat' dir='ltr'><strong>namque</strong></span> <span class='ocrx_word' id='word_1_692' title='bbox 3348 4985 3573 5040; x_wconf 88' lang='lat' dir='ltr'><strong>Juliauo</strong></span> 
     </span>
    </p>
   </div>
   <div class='ocr_carea' id='block_1_106' title="bbox 1985 5072 3577 5160">
    <p class='ocr_par' dir='ltr' id='par_1_106' title="bbox 1985 5072 3577 5160">
     <span class='ocr_line' id='line_1_106' title="bbox 1985 5072 3577 5160; baseline -0.006 -21"><span class='ocrx_word' id='word_1_693' title='bbox 1985 5084 2224 5156; x_wconf 89' lang='lat' dir='ltr'><strong>quodam</strong></span> <span class='ocrx_word' id='word_1_694' title='bbox 2264 5097 2393 5154; x_wconf 83' lang='lat' dir='ltr'><strong>rege</strong></span> <span class='ocrx_word' id='word_1_695' title='bbox 2420 5072 2524 5136; x_wconf 86' lang='lat' dir='ltr'><strong>sibi</strong></span> <span class='ocrx_word' id='word_1_696' title='bbox 2562 5088 2774 5160; x_wconf 80' lang='lat' dir='ltr'><strong>creato,</strong></span> <span class='ocrx_word' id='word_1_697' title='bbox 2807 5078 3078 5148; x_wconf 90' lang='lat' dir='ltr'><strong>plurimas</strong></span> <span class='ocrx_word' id='word_1_698' title='bbox 3106 5076 3441 5132; x_wconf 87' lang='lat' dir='ltr'><strong>Christianis</strong></span> <span class='ocrx_word' id='word_1_699' title='bbox 3481 5093 3577 5131; x_wconf 58' lang='lat' dir='ltr'><strong>suo</strong></span> 
     </span>
    </p>
   </div>
   <div class='ocr_carea' id='block_1_107' title="bbox 1990 5168 3568 5248">
    <p class='ocr_par' dir='ltr' id='par_1_107' title="bbox 1990 5168 3568 5248">
     <span class='ocr_line' id='line_1_107' title="bbox 1990 5168 3568 5248; baseline -0.008 -16"><span class='ocrx_word' id='word_1_700' title='bbox 1990 5177 2162 5248; x_wconf 89' lang='lat' dir='ltr'><strong>perbe</strong></span> <span class='ocrx_word' id='word_1_701' title='bbox 2198 5175 2431 5246; x_wconf 87' lang='lat' dir='ltr'><strong>injurias</strong></span> <span class='ocrx_word' id='word_1_702' title='bbox 2466 5173 2727 5237; x_wconf 76' lang='lat' dir='ltr'><strong>tulerant.</strong></span> <span class='ocrx_word' id='word_1_703' title='bbox 2775 5169 3054 5234; x_wconf 74' lang='lat' dir='ltr'><strong>Ecclesias</strong></span> <span class='ocrx_word' id='word_1_704' title='bbox 3084 5185 3180 5238; x_wconf 85' lang='lat' dir='ltr'><strong>per</strong></span> <span class='ocrx_word' id='word_1_705' title='bbox 3216 5168 3568 5237; x_wconf 88' lang='lat' dir='ltr'><strong>sacrilegium</strong></span> 
     </span>
    </p>
   </div>
   <div class='ocr_carea' id='block_1_108' title="bbox 1993 5261 3574 5338">
    <p class='ocr_par' dir='ltr' id='par_1_108' title="bbox 1993 5261 3574 5338">
     <span class='ocr_line' id='line_1_108' title="bbox 1993 5261 3574 5338; baseline -0.008 -14"><span class='ocrx_word' id='word_1_706' title='bbox 1993 5267 2318 5338; x_wconf 86' lang='lat' dir='ltr'><strong>compilatas</strong></span> <span class='ocrx_word' id='word_1_707' title='bbox 2365 5265 2478 5334; x_wconf 85' lang='lat' dir='ltr'><strong>igni</strong></span> <span class='ocrx_word' id='word_1_708' title='bbox 2524 5272 2917 5330; x_wconf 81' lang='lat' dir='ltr'><strong>vastaverant:</strong></span> <span class='ocrx_word' id='word_1_709' title='bbox 2978 5277 3079 5318; x_wconf 84' lang='lat' dir='ltr'><strong>eos</strong></span> <span class='ocrx_word' id='word_1_710' title='bbox 3133 5262 3229 5333; x_wconf 88' lang='lat' dir='ltr'><strong>qui</strong></span> <span class='ocrx_word' id='word_1_711' title='bbox 3266 5261 3574 5316; x_wconf 89' lang='lat' dir='ltr'><strong>secundum</strong></span> 
     </span>
    </p>
   </div>
   <div class='ocr_carea' id='block_1_109' title="bbox 1990 5354 3576 5431">
    <p class='ocr_par' dir='ltr' id='par_1_109' title="bbox 1990 5354 3576 5431">
     <span class='ocr_line' id='line_1_109' title="bbox 1990 5354 3576 5431; baseline -0.006 -15"><span class='ocrx_word' id='word_1_712' title='bbox 1990 5362 2164 5417; x_wconf 83' lang='lat' dir='ltr'><strong>Deum</strong></span> <span class='ocrx_word' id='word_1_713' title='bbox 2200 5359 2290 5431; x_wconf 91' lang='lat' dir='ltr'><strong>pie</strong></span> <span class='ocrx_word' id='word_1_714' title='bbox 2331 5358 2630 5413; x_wconf 88' lang='lat' dir='ltr'><strong>vivendum</strong></span> <span class='ocrx_word' id='word_1_715' title='bbox 2697 5355 2803 5412; x_wconf 88' lang='lat' dir='ltr'><strong>sibi</strong></span> <span class='ocrx_word' id='word_1_716' title='bbox 2832 5355 3189 5427; x_wconf 75' lang='lat' dir='ltr'><strong>statuissent,</strong></span> <span class='ocrx_word' id='word_1_717' title='bbox 3228 5361 3356 5426; x_wconf 86' lang='lat' dir='ltr'><strong>post</strong></span> <span class='ocrx_word' id='word_1_718' title='bbox 3404 5354 3576 5408; x_wconf 90' lang='lat' dir='ltr'><strong>multa</strong></span> 
     </span>
    </p>
   </div>
   <div class='ocr_carea' id='block_1_110' title="bbox 1990 5446 3576 5523">
    <p class='ocr_par' dir='ltr' id='par_1_110' title="bbox 1990 5446 3576 5523">
     <span class='ocr_line' id='line_1_110' title="bbox 1990 5446 3576 5523; baseline -0.006 -16"><span class='ocrx_word' id='word_1_719' title='bbox 1990 5463 2046 5508; x_wconf 90' lang='lat' dir='ltr'><strong>et</strong></span> <span class='ocrx_word' id='word_1_720' title='bbox 2076 5450 2475 5508; x_wconf 85' lang='lat' dir='ltr'><strong>inenarrabilia</strong></span> <span class='ocrx_word' id='word_1_721' title='bbox 2524 5449 2797 5523; x_wconf 85' lang='lat' dir='ltr'><strong>supplicia</strong></span> <span class='ocrx_word' id='word_1_722' title='bbox 2825 5447 3188 5507; x_wconf 85' lang='lat' dir='ltr'><strong>conciderant</strong></span> <span class='ocrx_word' id='word_1_723' title='bbox 3232 5462 3248 5501; x_wconf 86' lang='lat'><strong>:</strong></span> <span class='ocrx_word' id='word_1_724' title='bbox 3277 5457 3334 5502; x_wconf 85' lang='lat' dir='ltr'><strong>et</strong></span> <span class='ocrx_word' id='word_1_725' title='bbox 3365 5446 3576 5499; x_wconf 89' lang='lat' dir='ltr'><strong>circum</strong></span> 
     </span>
    </p>
   </div>
   <div class='ocr_carea' id='block_1_111' title="bbox 1989 5539 3576 5612">
    <p class='ocr_par' dir='ltr' id='par_1_111' title="bbox 1989 5539 3576 5612">
     <span class='ocr_line' id='line_1_111' title="bbox 1989 5539 3576 5612; baseline -0.005 -13"><span class='ocrx_word' id='word_1_726' title='bbox 1989 5545 2146 5600; x_wconf 81' lang='lat' dir='ltr'><strong>vicos</strong></span> <span class='ocrx_word' id='word_1_727' title='bbox 2175 5544 2579 5609; x_wconf 88' lang='lat' dir='ltr'><strong>discurrentes,</strong></span> <span class='ocrx_word' id='word_1_728' title='bbox 2638 5550 2805 5612; x_wconf 91' lang='lat' dir='ltr'><strong>atque</strong></span> <span class='ocrx_word' id='word_1_729' title='bbox 2839 5552 3159 5601; x_wconf 78' lang='lat' dir='ltr'><strong>sanctorum</strong></span> <span class='ocrx_word' id='word_1_730' title='bbox 3192 5539 3410 5595; x_wconf 89' lang='lat' dir='ltr'><strong>loculos</strong></span> <span class='ocrx_word' id='word_1_731' title='bbox 3454 5541 3576 5593; x_wconf 84' lang='lat' dir='ltr'><strong>vio—</strong></span> 
     </span>
    </p>
   </div>
   <div class='ocr_carea' id='block_1_112' title="bbox 1990 5630 3584 5707">
    <p class='ocr_par' dir='ltr' id='par_1_112' title="bbox 1990 5630 3584 5707">
     <span class='ocr_line' id='line_1_112' title="bbox 1990 5630 3584 5707; baseline -0.006 -15"><span class='ocrx_word' id='word_1_732' title='bbox 1990 5636 2194 5702; x_wconf 84' lang='lat' dir='ltr'><strong>lantes,</strong></span> <span class='ocrx_word' id='word_1_733' title='bbox 2229 5635 2286 5691; x_wconf 89' lang='lat' dir='ltr'><strong>in</strong></span> <span class='ocrx_word' id='word_1_734' title='bbox 2315 5635 2496 5707; x_wconf 88' lang='lat' dir='ltr'><strong>ignem</strong></span> <span class='ocrx_word' id='word_1_735' title='bbox 2527 5633 2921 5706; x_wconf 87' lang='lat' dir='ltr'><strong>conjiciebant.</strong></span> <span class='ocrx_word' id='word_1_736' title='bbox 2958 5632 3035 5687; x_wconf 83' lang='lat' dir='ltr'><strong>Ea</strong></span> <span class='ocrx_word' id='word_1_737' title='bbox 3089 5646 3224 5689; x_wconf 87' lang='lat' dir='ltr'><strong>vero</strong></span> <span class='ocrx_word' id='word_1_738' title='bbox 3254 5632 3403 5686; x_wconf 89' lang='lat' dir='ltr'><strong>circa</strong></span> <span class='ocrx_word' id='word_1_739' title='bbox 3448 5630 3584 5685; x_wconf 75' lang='lat' dir='ltr'><strong>Nea-</strong></span> 
     </span>
    </p>
   </div>
   <div class='ocr_carea' id='block_1_113' title="bbox 1991 5726 3661 5801">
    <p class='ocr_par' dir='ltr' id='par_1_113' title="bbox 1991 5726 3661 5801">
     <span class='ocr_line' id='line_1_113' title="bbox 1991 5726 3661 5801; baseline -0.004 -15"><span class='ocrx_word' id='word_1_740' title='bbox 1991 5730 2163 5801; x_wconf 90' lang='lat' dir='ltr'><strong>polim</strong></span> <span class='ocrx_word' id='word_1_741' title='bbox 2194 5729 2520 5785; x_wconf 88' lang='lat' dir='ltr'><strong>acciderant</strong></span> <span class='ocrx_word' id='word_1_742' title='bbox 2554 5727 2817 5794; x_wconf 80' lang='lat' dir='ltr'><strong>maxime,</strong></span> <span class='ocrx_word' id='word_1_743' title='bbox 2869 5730 3031 5801; x_wconf 88' lang='lat' dir='ltr'><strong>cujus</strong></span> <span class='ocrx_word' id='word_1_744' title='bbox 3086 5726 3411 5799; x_wconf 81' lang='lat' dir='ltr'><strong>episcOpnm</strong></span> <span class='ocrx_word' id='word_1_745' title='bbox 3448 5741 3581 5781; x_wconf 83' lang='lat' dir='ltr'><strong>ense</strong></span> <span class='ocrx_word' id='word_1_746' title='bbox 3652 5762 3661 5770; x_wconf 75' lang='grc'><strong>.</strong></span> 
     </span>
    </p>
   </div>
   <div class='ocr_carea' id='block_1_114' title="bbox 1994 5819 3583 5893">
    <p class='ocr_par' dir='ltr' id='par_1_114' title="bbox 1994 5819 3583 5893">
     <span class='ocr_line' id='line_1_114' title="bbox 1994 5819 3583 5893; baseline -0.004 -14"><span class='ocrx_word' id='word_1_747' title='bbox 1994 5821 2343 5889; x_wconf 88' lang='lat' dir='ltr'><strong>occiderant,</strong></span> <span class='ocrx_word' id='word_1_748' title='bbox 2375 5830 2433 5878; x_wconf 87' lang='lat' dir='ltr'><strong>et</strong></span> <span class='ocrx_word' id='word_1_749' title='bbox 2474 5822 2834 5893; x_wconf 85' lang='lat' dir='ltr'><strong>presbyteros</strong></span> <span class='ocrx_word' id='word_1_750' title='bbox 2879 5819 3150 5892; x_wconf 75' lang='lat' dir='ltr'><strong>quosdam</strong></span> <span class='ocrx_word' id='word_1_751' title='bbox 3213 5820 3583 5889; x_wconf 81' lang='lat' dir='ltr'><strong>comprehen-</strong></span> 
     </span>
    </p>
   </div>
   <div class='ocr_carea' id='block_1_115' title="bbox 1995 5912 3583 5984">
    <p class='ocr_par' dir='ltr' id='par_1_115' title="bbox 1995 5912 3583 5984">
     <span class='ocr_line' id='line_1_115' title="bbox 1995 5912 3583 5984; baseline -0.004 -11"><span class='ocrx_word' id='word_1_752' title='bbox 1995 5930 2111 5983; x_wconf 88' lang='lat' dir='ltr'><strong>sos,</strong></span> <span class='ocrx_word' id='word_1_753' title='bbox 2141 5925 2200 5973; x_wconf 89' lang='lat' dir='ltr'><strong>et</strong></span> <span class='ocrx_word' id='word_1_754' title='bbox 2225 5914 2429 5977; x_wconf 81' lang='lat' dir='ltr'><strong>deinde</strong></span> <span class='ocrx_word' id='word_1_755' title='bbox 2459 5915 2514 5972; x_wconf 88' lang='lat' dir='ltr'><strong>in</strong></span> <span class='ocrx_word' id='word_1_756' title='bbox 2546 5914 2757 5973; x_wconf 81' lang='lat' dir='ltr'><strong>frustra</strong></span> <span class='ocrx_word' id='word_1_757' title='bbox 2786 5915 3080 5984; x_wconf 79' lang='lat' dir='ltr'><strong>dissectos,</strong></span> <span class='ocrx_word' id='word_1_758' title='bbox 3115 5927 3225 5970; x_wconf 88' lang='lat' dir='ltr'><strong>una</strong></span> <span class='ocrx_word' id='word_1_759' title='bbox 3282 5927 3409 5968; x_wconf 89' lang='lat' dir='ltr'><strong>cum</strong></span> <span class='ocrx_word' id='word_1_760' title='bbox 3456 5912 3583 5982; x_wconf 80' lang='lat' dir='ltr'><strong>qui—</strong></span> 
     </span>
    </p>
   </div>
  </div>
