4046 6466
469 450 574 524 27-9

1686 458 2112 520 NlCEl‘llORl
2157 463 2511 522 CALIJSTI

3635 461 3744 523 $80

475 566 706 622 busdam
740 573 1044 642 martyrum
1067 567 1323 636 reliquiis
1351 569 1406 622 in
1433 569 1712 641 sartagine
1767 571 2058 636 frixerant,

2174 575 2480 644 εηγάνιζον,
2538 573 2794 645 οὐδεμιᾶς
2837 573 3045 644 τόλμης
3081 572 3116 646 ἢ
3174 571 3388 643 ὕϐρεως
3433 577 3579 628 κατὰ
3607 577 3745 645 Χρι-

475 675 505 713 tl
555 657 703 710 nulla
743 673 968 726 prorsus
1001 661 1316 716 temeritate
1366 671 1424 716 et
1473 663 1810 717 contumelia
1864 673 2058 718 contra

474 747 823 804 Christianos
874 749 1242 804 abstinentes.
1278 750 1410 817 Qua:
1443 753 1538 807 ubi
1569 753 1916 810 Justinianus
1973 755 2063 808 in-

479 839 715 903 tellexit,
773 843 948 896 multa
1003 857 1171 896 manu
1231 859 1358 902 cum
1402 845 1512 900 illis
1543 862 1896 916 congressus,
1932 862 2060 903 cum

475 931 615 986 alios
638 931 874 995 multos,
920 943 1035 988 tum
1064 935 1347 990 Julianum
1382 936 1559 1005 ipsum
1593 939 1823 994 occidit.
1856 940 2064 1011 Captus

475 1038 699 1092 quoque
730 1023 992 1080 Silvanus
1017 1027 1241 1092 quidam
1287 1029 1630 1099 ScythOpoli,
1676 1041 1732 1086 et
1775 1032 1888 1102 igni
1941 1049 2064 1087 cre-

473 1124 680 1178 matus,
720 1132 981 1185 perquam
1021 1120 1276 1173 acerbam
1327 1121 1453 1175 vita;
1497 1125 1886 1192 catastrophen
1936 1127 2066 1180 sub-

475 1207 541 1262 iit
577 1224 592 1261 :
621 1209 707 1261 vir
759 1209 858 1278 qui
896 1209 1195 1279 plurimum
1225 1228 1324 1279 per
1345 1213 1672 1268 effrenatam
1698 1216 2063 1284 petulantiam

477 1298 534 1355 in
564 1297 914 1354 Christianos
944 1301 1259 1368 illussisset,
1288 1316 1344 1357 et
1392 1304 1581 1360 divina
1614 1306 1860 1366 vindicta
1890 1311 1956 1362 ad
2007 1308 2062 1363 id

479 1399 697 1459 tempus
725 1402 1088 1445 conservatus
1113 1403 1284 1457 esset,
1332 1407 1392 1447 ut
1421 1396 1638 1452 debitas
1669 1398 1737 1452 ad
1788 1413 1917 1455 eum
1949 1416 2065 1452 ma-

477 1481 610 1536 dum
666 1484 1006 1550 persolveret
1048 1500 1261 1554 pinnas,
1301 1490 1768 1558 quemadmodum
1817 1502 1873 1546 et
1926 1493 2068 1548 divi-

478 1585 585 1626 nus
613 1573 825 1627 Sabbas
848 1575 897 1627 ei
930 1576 1273 1643 praedixerat.
1309 1579 1587 1637 Arsenius
1621 1591 1806 1637 autem
1833 1583 2062 1649 quidam

477 1666 706 1719 nomine
734 1676 790 1720 et
832 1667 1099 1736 dignitate
1154 1669 1408 1732 illustris,
1449 1671 1571 1741 ejus
1621 1688 1788 1742 quem
1825 1675 2067 1730 diximus

476 1755 681 1815 Juliani
713 1772 922 1818 comes,
955 1757 1440 1830 Constantinopoli
1474 1772 1616 1828 erat,
1652 1772 1709 1818 et
1757 1764 2067 1821 calumnias

477 1847 743 1917 quasdam
776 1848 915 1903 falso
947 1851 1215 1906 adversus
1239 1851 1564 1909 Palmstinus
1588 1856 1805 1931 scebat.
1835 1858 2063 1925 pet-inde

2169 667 2404 719 σειανῶν
2455 667 2806 736 φεισάμενοι.
2867 667 2934 719 Ἀ
2984 667 3050 734 δὴ
3119 665 3282 734 γνοὺς
3342 666 3744 733 ’1ουστινιανὸε,

2169 760 2316 828 χειρὶ
2349 759 2516 830 πολλῇ
2555 759 2854 828 συμὸαλὼν
2895 757 3148 823 ἐκείνοις,
3180 759 3378 820 ἄλλους
3409 776 3467 811 τε
3516 759 3748 822 πολλοὺς

2169 853 2386 920 ἀναιρεῖ
2421 853 2515 905 καὶ
2548 852 2836 906 Ἰουλιανδν
2869 850 3057 905 αὐτόν.
3081 848 3418 918 Συλληφθεὶς
3451 849 3507 902 δέ
3541 850 3636 902 καί
3664 867 3750 910 τις

2170 941 2458 1004 Σιλουανὸς
2513 944 2570 994 ἐν
2602 939 2960 1004 Σκυθοπόλει,
3014 941 3152 1007 πυρὶ
3201 937 3560 1007 παραδίδοται
3589 951 3604 965 °
3649 938 3745 989 καὶ

2170 1033 2380 1103 πικρὰν
2409 1032 2552 1086 οὕτω
2583 1031 2970 1102 καταστροφὴν
2997 1031 3093 1084 τοῦ
3125 1031 3238 1100 βίου
3271 1031 3583 1098 ὑφίσταται,
3609 1030 3751 1096 ἀνὴρ

2169 1125 2400 1178 πλεῖστα
2463 1125 2605 1178 κατὰ
2655 1123 3004 1194 Χριστιανῶν
3061 1119 3505 1192 πεπαρῳνηκὼς,
3539 1122 3634 1174 καὶ⁵
3683 1125 3751 1190 τῇ

2169 1214 2290 1286 θεία
2320 1217 2447 1288 δίκῃ
2485 1215 2722 1269 ἐνταῦθα
2771 1215 3112 1284 ταμιευθεὶς,
3151 1215 3219 1267 ἵν’
3251 1213 3531 1281 ἀρκοῦσαν
3572 1211 3751 1269 οὕτως

2171 1308 2409 1379 ἀποτίσῃ
2437 1308 2533 1360 καὶ
2563 1309 2841 1377 τιμωρίαν
2865 1323 2878 1337 ·
2913 1307 3103 1376 ὥσπερ
3134 1307 3200 1374 δὴ
3249 1308 3343 1358 καὶ
3372 1307 3400 1358 ὀ
3433 1305 3575 1368 θεῖος
3608 1305 3750 1356 2&6-

2171 1396 2270 1458 δας
2303 1399 2498 1467 ἐκείνῳ
2531 1397 2919 1468 προήγγειλεν.
2968 1397 3327 1468 Ἰλλούστριος
3358 1397 3415 1450 δέ
3443 1415 3528 1459 τις
3560 1396 3748 1459 ἀξίαν,

2182 1487 2462 1556 Ἀρσένιος
2492 1489 2750 1559 τοῦνομα,
2791 1488 3085 1552 ἀκόλουθος
3110 1487 3187 1540 ὢν
3227 1488 3304 1557 τῷ
3337 1490 3749 1559 προειρημένῳ,

2169 1582 2232 1648 τῇ
2274 1581 2687 1635 Κωνσταντίνου
2733 1581 3049 1650 γενόμενος,
3083 1581 3258 1649 ψευδῆ
3305 1583 3448 1634 κατὰ
3491 1581 3600 1632 τῶν
3634 1581 3751 1632 Πα-

2182 1671 2478 1725 λαιστινῶν
2526 1672 2820 1746 ἔρριπτεν,
2863 1673 2937 1736 ὡς
2989 1667 3101 1725 εἷεν
3150 1671 3228 1741 τῷ
3278 1673 3452 1740 τυρὰν
3485 1691 3529 1738 ῳ
3580 1672 3752 1724 πολλὰ

2172 1765 2613 1834 συμϐαλλόμενοι
2642 1780 2656 1796 ⁸
2689 1765 2758 1818 δι’
2811 1763 2902 1828 οὓς
2953 1764 3188 1832 Σὰεδας,
3220 1761 3297 1825 ὡς
3334 1765 3578 1833 εἴρηται,
3610 1779 3750 1833 πρε-

2173 1853 2416 1906 σϐεύσων
2447 1853 2605 1916 αὖθις
2652 1856 2746 1907 ἐπὶ
2783 1855 2880 1926 τὴν
2927 1855 3342 1908 Κωνσταντίνου
3391 1853 3614 1922 ἐφοίταο
3657 1849 3748 1904 οἷα

476 1949 644 2008 atque
679 1951 916 2010 tyranno
953 1942 1140 1997 multis
1167 1944 1220 1997 in
1288 1945 1456 1999 rebus
1483 1927 1767 2018 adjutores
1799 1949 2058 2006 fuissent.

2174 1945 2226 1997 δέ
2267 1962 2372 1998 τινι
2424 1947 2639 2016 ἀγγέλῳ
2683 1949 2780 1998 καὶ
2836 1917 2937 2016 ’τῆς
2981 1947 3095 2000 ἄνω
3133 1917 3498 2017 Ἰερουσαλῆμ
3553 1946 3748 2016 πολίτῃ

479 2029 688 2087 Horum
745 2035 920 2102 gratia
967 2033 1202 2120 Sabbas,
1253 2037 1414 2090 sicuti
1475 2037 1687 2098 dictum
1734 2048 1839 2109 est,
1876 2053 2066 2096 orator
2113 2080 2116 2082 η

477 2139 700 2178 rursum
742 2125 1282 2197 Constantinopolim
1316 2129 1489 2185 venit.
1559 2129 1694 2185 Eum
1726 2149 1856 2187 vero
1891 2134 2060 2187 veluti

477 2219 764 2285 angelum,
821 2227 878 2271 et
927 2219 1175 2286 ctelestis
1234 2219 1538 2283 Jerusalem
1598 2222 1798 2284 civem,
1841 2225 2064 2279 caelitus

479 2309 821 2380 venientem,
853 2323 1120 2378 perquam
1155 2309 1360 2376 celebri
1399 2327 1598 2380 pompa
1631 2311 2076 2394 impcratorlcxz

479 2400 633 2468 cepit
663 2416 676 2452 :
715 2395 991 2468 quidquid,
1029 2403 1085 2454 in
1119 2402 1258 2456 urbe
1291 2402 1594 2458 illustrium
1619 2385 2061 2470 essetviroritnt.

483 2485 780 2555 ipsumque
811 2491 951 2542 adeo
991 2490 1366 2560 Epiphanium
1415 2494 1784 2561 patriarcbam
1845 2497 2062 2550 obviam

484 2577 564 2633 illi
605 2578 850 2635 mittens.
889 2582 1062 2637 Porro
1094 2582 1186 2638 ubi
1217 2584 1377 2654 longe
1407 2585 1798 2641 advenientem
1827 2587 2064 2656 impera-

485 2677 574 2724 tor
597 2672 840 2739 agnovit.
874 2675 1131 2729 eximiam
1183 2677 1351 2747 capiti
1407 2679 1527 2748 ejus
1557 2693 1822 2734 coronam
1873 2679 2057 2733 immi-

484 2776 616 2833 nere
641 2761 784 2816 vidit
815 2782 826 2815 :
855 2764 1019 2835 772
1048 2767 1196 2836 quod
1235 2776 1292 2822 et
1338 2768 1517 2838 ipsum
1551 2770 1876 2825 Anastasius
1908 2771 2065 2834 olim,

481 2865 607 2905 cum
645 2853 712 2905 ad
747 2850 886 2908 eum'
903 2851 1141 2924 veniret,
1179 2861 1490 2929 conspexit.
1530 2859 1721 2931 itaque
1757 2861 1833 2916 illi
1863 2877 2067 2916 occur-

482 2944 576 3006 rit,
609 2952 667 2998 et
689 2943 1081 3006 benedictione
1133 2959 1384 3021 accepta,
1443 2967 1574 3007 sane
1610 2968 1778 3023 quam
1825 2953 2067 3008 libenter

482 3046 610 3088 cum
632 3049 700 3090 eo
733 3036 857 3104 fuit,
885 3051 942 3094 et
971 3042 1229 3097 facillime
1258 3045 1530 3113 quidquid
1569 3045 1615 3100 is
1641 3045 1860 3103 volebat
1913 3047 2066 3101 fecit.

2164 2037 2467 2107 οὐρανόθεν
2489 2039 2704 2108 ἥκοντι,
2734 2041 3012 2109 περιφανῆ
3043 2041 3216 2090 ἐποίει
3263 2038 3364 2110 τὴν
3407 2038 3746 2106 προπομπὴν

2166 2130 2194 2188 ό
2227 2128 2452 2197 κρατῶν
2476 2143 2491 2158 ⁸
2526 2131 2634 2182 πᾶν
2683 2132 2811 2183 ὅσον
2845 2132 2943 2198 τῆς
2974 2131 3182 2193 πόλεως
3227 2130 3494 2199 ἐπιφανὲς
3547 2127 3616 2200 ἦν
3649 2131 3747 2182 καὶ

2139 2219 2334 2294 ,αὑτὸν
2410 2221 2733 2290 Ἐπιφάνιον
2793 2223 2886 2272 τὸν
2950 2223 3300 2291 πατριάρχην
3356 2224 3436 2279 είς
3496 2223 3747 2290 ἀπαντὴν

2167 2311 2378 2363 ἐκείνου
2415 2313 2775 2382 προπέμψας.
2821 2312 2980 2366 Ἐπεὶ
3013 2312 3069 2365 δὲ
3117 2312 3402 2384 πόρρωθεν
3451 2313 3749 2382 προσιόντα

2173 2403 2268 2455 καὶ
2321 2404 2578 2473 βασιλεὺς
2632 2405 3028 2472 ἀνεγίνωσκεν,
3087 2403 3234 2473 ἐώρα
3296 2401 3418 2456 τινὰ
3483 2403 3750 2471 στέφανον

2172 2491 2397 2555 Εξαλλον
2439 2496 2506 2576 τῇ
2541 2494 2753 2545 ἐκείνου
2803 2494 3156 2561 ἐπικείμενον
3203 2495 3420 2562 κορυφῇ
3447 2510 3462 2523 ·
3496 2492 3524 2544 ὃ
3550 2493 3613 2562 δὴ
3659 2499 3754 2545 και

2182 2585 2533 2648 Ἀναστάσιος
2567 2585 2732 2638 πάλαι
2765 2585 3013 2648 τεθέατο,
3045 2587 3212 2657 ἡνίκα
3267 2585 3402 2655 πρὸς
3432 2585 3594 2636 αὑτὺν
3625 2587 3724 2636 ἐπε
3744 2613 3757 2624 -

2169 2678 2356 2745 φοίτα.
2425 2677 2775 2749 ’Υπαντήσας
2832 2678 2927 2732 οὖν
2997 2680 3092 2734 καὶ
3157 2679 3409 2748 εὐλογίας
3459 2675 3754 2744 ἀξιωθείς,

2170 2769 2345 2842 ἡδέως
2379 2770 2572 2840 ἐκείνῳ
2607 2771 2792 2838 συνῆν,
2824 2774 2932 2825 πᾶν
2978 2772 3007 2826 ὅ
3035 2789 3087 2824 τι
3121 2770 3436 2841 βουλομένῳ
3464 2765 3556 2840 ἦν,
3597 2769 3756 2837 εὐχεη

2178 2862 2418 2934 ρέστατα
2469 2863 2752 2928 διαλύσας.
2829 2863 3073 2918 Ἐκεῖθεν
3120 2863 3166 2915 δ’
3221 2863 3595 2930 ὑποστρέψας,
3659 2861 3758 2911 καὶ

2179 2958 2349 3019 αὐτὸς
2389 2959 2527 3027 πρδς
2555 2959 2657 3028 τὴν
2688 2961 2882 3029 ἀγήρω
2908 2958 3006 3010 καὶ
3032 2957 3339 3026 ἀνώλεθρον
3368 2954 3604 3008 διέϐαινε
3640 2950 3757 3021 βιο-

2177 3051 2296 3118 τὴν.
2323 3051 2522 3115 ἐπάξια
2560 3051 2669 3103 τῶν
2702 3051 2880 3104 πόνων
2911 3051 2979 3102 τὰ
3005 3049 3146 3120 γέρα
3173 3049 3499 3118 ληψόμενος.

485 3125 589 3211 Qui
615 3129 744 3186 inde
777 3149 1035 3205 reversus
1101 3147 1158 3208 et
1204 3139 1323 3210 ipse
1369 3141 1436 3195 ad
1486 3151 1752 3210 aeternam
1812 3143 2294 3216 immortalemque
2357 3148 2547 3212 vitam,
2615 3147 2888 3217 condigna
2937 3145 3190 3200 laborum
3235 3144 3475 3214 ‘przemia
3509 3153 3760 3215 receptu'

487 3243 602 3297 rus,
630 3231 865 3290 transiit.

1053 3350 1280 3407 CAPUT
1334 3352 1502 3408 XXV.

565 3437 641 3492 De
697 3440 957 3506 miraculo
1007 3443 1226 3513 insigni,
1274 3451 1410 3514 quod
1465 3463 1626 3514 puero
1683 3447 1906 3503 Hebra’o
1961 3467 1994 3505 a

774 3514 1112 3579 sanctissima
1146 3515 1241 3568 Dei
1270 3514 1540 3571 Genitrice
1579 3519 1791 3572 accidit.

564 3625 827 3686 Anthimo
856 3625 932 3697 (l)
971 3642 1122 3694 vero,
1164 3630 1631 3698 quemadmodum
1679 3633 1818 3696 dixi,
1852 3635 2069 3703 episco-

446 3787 450 3790 ⁵
491 3714 601 3786 pali
633 3714 835 3770 throno
867 3717 922 3770 in
955 3716 1088 3771 urbe
1129 3719 1407 3791 imperiali
1431 3721 1667 3791 dejecto,
1700 3733 1754 3777 et
1785 3723 1941 3778 Mena
1971 3741 2072 3794 pro

494 3807 614 3876 ipso
637 3808 707 3861 ab
736 3806 1022 3881 Agathone
1060 3825 1197 3879 papa
1228 3811 1410 3866 electo
1443 3824 1607 3883 atque
1656 3817 1938 3880 ordinato,
1971 3817 2068 3870 mi-

495 3897 743 3963 raculum
780 3900 1052 3968 quoddam
1093 3901 1600 3972 ConstantinOpOIi,
1655 3906 1883 3976 dignum
1921 3910 2069 3978 quod

492 4002 862 4058 memoretur,
896 3994 1100 4050 accidit
1128 4012 1141 4060 ;
1171 3998 1315 4066 quod
1341 4012 1474 4052 sane
1500 3998 1572 4050 ita
1603 4010 1661 4051 ut
1687 4011 1882 4068 potero
1904 4016 2074 4070 expo-

495 4099 646 4140 nam.
671 4084 1030 4142 Consuetudo
1062 4103 1092 4142 a
1127 4090 1300 4143 multo
1339 4098 1584 4159 tempore
1615 4090 1907 4161 imperanti
1946 4093 2070 4148 urbi

494 4176 620 4240 fuit,
659 4187 721 4232 ut
751 4193 874 4249 cum
928 4179 1242 4250 plusculum
1296 4183 1364 4236 de
1423 4179 1681 4251 partibus
1730 4183 2072 4239 immaculati

494 4268 780 4337 divinique
814 4271 1068 4340 corporis
1129 4273 1344 4328 Domini
1389 4283 1447 4327 et
1505 4274 1599 4328 Dei
1663 4283 1717 4328 et
1764 4275 2075 4331 Servatoris

500 4360 682 4413 nostri
735 4361 866 4414 Jesu
922 4360 1129 4438 Christi
1184 4364 1461 4432 reliquum
1523 4377 1695 4430 esset,
1754 4368 2074 4424 sacerdotes

497 4466 700 4521 pueros
741 4451 1115 4522 incorruptos.
1145 4470 1211 4507 ex
1247 4455 1330 4509 eis
1381 4456 1477 4525 qui
1507 4457 1576 4510 ad
1617 4471 1993 4528 praeceptores
2018 4462 2072 4516 in

499 4541 692 4599 ludum
735 4543 1069 4600 litterarium
1102 4557 1258 4611 eunt,
1307 4559 1684 4614 accerserent,
1750 4551 1846 4619 qui
1892 4551 2074 4622 jejuni

499 4634 766 4703 reliquias
791 4651 884 4689 cas
910 4635 1162 4690 ederent.
1197 4637 1351 4704 Quod
1405 4639 1626 4708 quidem
1677 4641 1812 4696 mihi
1844 4658 2074 4714 quoque

2745 3349 2997 3404 ΚΕΦΑΛ.
3057 3347 3192 3402 KE'.

2175 3448 2314 3515 Περὶ
2370 3445 2476 3500 τοῦ
2532 3444 2854 3515 γεγονότος
2901 3441 3208 3515 ᾷίιύματος
3252 3438 3484 3515 ,ἐπί-τῷ
3527 3439 3632 3515 τοῦ
3669 3438 3759 3491 Ἐ-

2247 3509 2455 3586 ὂραίου
2485 3509 2651 3568 παιδὶ
2676 3512 2838 3581 παρὰ
2869 3509 2982 3577 τῆς
3007 3510 3337 3580 ὐπεραγίας
3365 3511 3686 3569 Θεοτόκου.

2247 3630 2356 3684 Τοῦ
2390 3628 2449 3682 δέ
2499 3629 2599 3698 τῆς
2658 3625 2932 3696 βασιλίδος
2988 3625 3296 3677 ἐπισκόπου
3343 3621 3604 3692 Ἀνθίμου
3661 3623 3763 3676 τοῦ

2175 3722 2371 3793 θρόνου
2421 3719 2928 3780 κατασπασθέντος,
2963 3717 3036 3780 ὡς
3070 3718 3304 3786 εἴρηται,
3348 3717 3511 3784 Μηνᾶ
3544 3733 3602 3769 τε
3640 3717 3761 3768 ἀντ’

2174 3812 2340 3866 αὑτοῦ
2387 3813 2522 3884 πρὸς
2553 3811 2863 3878 Ἀγάθωνος
2909 3807 3002 3860 τοῦ
3028 3809 3234 3862 πάππα
3282 3807 3625 3874 ἐπιλεγέντος
3665 3808 3761 3860 καὶ

2175 3903 2670 3976 χειροτονηθέντος.
2703 3901 2891 3969 θαῦμά
2922 3918 2974 3953 τι
3005 3901 3232 3968 γέγονεν
3265 3901 3322 3952 ἐν
3365 3903 3430 3969 τῇ
3464 3901 3760 3952 Κωνσταν-

2173 3995 2323 4047 τίνου
2360 3993 2520 4060 λόγου
2575 3991 2772 4048 πολλοῦ
2805 3991 2956 4054 ἄξιον
2981 4005 2996 4020 ο
3030 3989 3060 4042 δ
3097 3989 3160 4060 δὴ
3192 3988 3266 4051 ὥς
3301 3987 3353 4056 γ’
3398 3988 3517 4040 ἐνὸν
3565 3988 3761 4056 διηγή-

2178 4105 2371 4157 σομαι.
2413 4087 2574 4147 Ἐθος
2631 4087 2976 4154 κεκράτηκεν
3029 4085 3094 4134 ὲκ
3147 4081 3343 4136 πολλοῦ
3397 4085 3462 4150 τῇ
3521 4080 3758 4150 βασιλίδι

2175 4177 2287 4230 τῶν
2319 4177 2549 4240 πόλεων,
2593 4176 2669 4238 ὡς
2721 4175 2942 4228 ἐπειδὰν
2975 4174 3108 4227 πολύ
3156 4191 3210 4227 τι
3237 4173 3347 4226 τῶν
3395 4173 3630 4244 μερίδων
3657 4173 3756 4225 τοῦ

2176 4267 2448 4338 ἀχράντου
2482 4270 2576 4320 καὶ
2615 4267 2762 4319 θείου
2797 4268 3053 4336 σώματος
3104 4264 3203 4318 τοῦ
3250 4265 3454 4334 Κυρίου
3489 4267 3583 4317 καὶ
3616 4263 3759 4319 Θεοῦ

2177 4361 2272 4413 καὶ
2296 4360 2552 4428 Σωτῆρος
2579 4359 2741 4428 ἡμῶν
2785 4357 2969 4428 Ἰησοῦ
3014 4355 3256 4427 Χριστοῦ
3313 4357 3756 4423 ἑναπολειφθείη,

2182 4451 2650 4520 μεταστέλλεσθαι
2699 4451 2823 4514 τοὺς
2883 4451 3086 4519 ἱερέας,
3131 4449 3326 4512 παῖδας
3372 4448 3644 4517 ἀφθόρους
3692 4449 3758 4500 ἐκ

2178 4542 2286 4595 τῶν
2338 4544 2394 4604 ἐς
2441 4542 2949 4612 χαμαιδιδασκάλου
3000 4540 3336 4611 φοιτώντων,
3401 4539 3497 4592 κοιλΙ
3551 4539 3757 4613 ταύτας

2180 4634 2397 4704 νήστεις
2432 4634 2657 4688 ἐσθίειν.
2696 4637 2762 4686 Ὅ
2799 4633 2864 4704 δὴ
2893 4633 2988 4695 καὶ
3031 4633 3155 4702 ἐμοὶ
3187 4630 3455 4694 πολλάκις
3502 4631 3755 4699 νεωτέρῳ

498 4741 899 4794 saepenumero,
931 4742 1057 4787 cum
1112 4744 1248 4798 pucr
1276 4731 1572 4794 admodum
1609 4748 1810 4796 essem,
1851 4746 1907 4792 et
1965 4751 2069 4788 ma-

2181 4725 2383 4796 κομιδῆ
2421 4743 2483 4794 γε
2513 4727 2627 4779 δντι
2663 4726 2964 4795 ἐπισυνέϐη
3002 4725 3278 4792 γενέσθαι,
3318 4723 3555 4793 μάλιστα
3589 4722 3752 4782 θείοις

500 4819 647 4872 xime
669 4832 698 4872 a
741 4819 916 4888 prima
944 4830 1104 4875 tetate
1151 4822 1206 4876 in
1237 4823 1409 4877 sacris
1437 4823 1651 4889 aedibus
1683 4828 1895 4891 versari.
1957 4839 2074 4880 Slu-

499 4909 594 4963 dio
627 4909 913 4977 haberem,
969 4911 1221 4984 contigit.
1264 4912 1397 4968 Tale
1442 4915 1703 4984 quiddam
1767 4919 1869 4972 sub
1919 4918 2073 4978 Mena

499 5016 720 5071 quoque
755 5004 1068 5074 patriarcha
1099 5007 1308 5061 evenit.
1349 5007 1485 5064 Cum
1552 5010 1738 5078 pueris
1785 5011 1850 5063 ad
1878 5010 1930 5065 id
1981 5011 2077 5065 de-

499 5091 680 5157 lectis,
742 5109 882 5163 puer
923 5112 1145 5165 quoque
1193 5098 1295 5152 viri
1352 5098 1620 5170 religione
1668 5099 1879 5170 Judaei,
1935 5100 2076 5154 vitro

501 5182 847 5244 conﬁciendo
878 5188 1044 5239 vitam
1093 5187 1396 5255 tolerantis,
1437 5200 1762 5262 aggregatns
1791 5202 1897 5247 est.
1935 5193 2077 5254 Puer

502 5275 570 5339 is,
613 5275 706 5329 ubi
738 5275 949 5332 diutius
983 5281 1129 5348 ultra
1175 5283 1390 5336 solitam
1426 5282 1614 5337 horam
1681 5293 1928 5337 moratus
1979 5284 2078 5338 do-

503 5379 654 5428 mum
687 5369 857 5432 venit,
885 5378 942 5422 et
970 5385 1193 5424 cans-am
1225 5373 1483 5427 tardioris
1511 5373 1724 5428 reditus
1752 5373 2079 5442 parentibus

503 5457 824 5528 diligentius
864 5478 987 5517 eam
1051 5465 1486 5534 inquirentibus.
1519 5465 1666 5535 quod
1714 5466 1927 5520 scilicet
1956 5481 2078 5536 cum

502 5549 629 5608 aliis
654 5553 843 5620 pueris
874 5553 928 5607 in
961 5554 1078 5610 aede
1112 5571 1268 5610 sacra
1327 5555 1546 5610 divinas
1587 5565 1772 5625 partes
1833 5556 2078 5620 edisset,

506 5642 866 5710 renuntiavit,
899 5653 1055 5714 pater
1081 5661 1139 5700 re
1172 5660 1313 5702 nova
1355 5646 1562 5712 audita,
1591 5645 1778 5700 furore
1807 5645 2075 5716 percitus,

575 5819 836 5892 (l)__Apud
881 5823 1173 5892 Evagrium
1212 5823 1472 5878 Anthimo
1522 5823 1724 5878 throno
1756 5820 2073 5876 Constanti-

505 5890 824 5966 populitano
854 5890 1056 5963 ejecto,
1082 5895 1450 5966 Epiphanium
1475 5893 1796 5980 episcopum
1819 5899 2071 5965 creatum

2175 4821 2433 4888 τεμένεσι
2483 4817 2784 4889 διατρίϐειν
2817 4819 2882 4870 ἐκ
2937 4819 3059 4875 νέου
3093 4817 3456 4887 πεποιημένῳ
3493 4817 3753 4883 σπουδήν.

2177 4909 2438 4978 Τοιοῦτόν,
2471 4928 2522 4964 τι
2574 4911 2670 4980 καὶ
2713 4909 2834 4962 τότε
2864 4909 3028 4976 Μηνᾶ
3083 4905 3554 4976 πατριαρχοῦντος
3606 4907 3758 4958 συνέσ

2177 5002 2354 5055 σαινε.
2388 5001 2693 5071 Συνηλίσθη
2737 5001 2919 5054 τοίνυν
2958 5001 3068 5062 τοῖς
3110 5000 3409 5070 ᾑρημένοις
3436 4999 3530 5051 ἐπὶ
3583 4999 3763 5060 τούτῳ

2178 5095 2356 5158 παισὶ,
2389 5095 2482 5146 καί
2514 5111 2564 5147 τι
2601 5093 2816 5145 παιδίον
2853 5091 3107 5161 Ἐὕραίου
3138 5091 3237 5160 τὴν
3269 5091 3427 5155 δόξαν
3455 5090 3668 5160 ἀνδρὸς,
3699 5089 3762 5154 ἐξ

2181 5188 2352 5240 ὑέλων
2389 5187 2752 5256 ποριζομένου
2783 5187 2845 5238 τὸ
2868 5186 2968 5254 ζῇν
2989 5200 3002 5214 ⁹
3035 5184 3064 5236 ὃ
3092 5187 3213 5238 ἐπεὶ
3240 5183 3374 5236 πολύ
3401 5201 3451 5237 τι
3480 5183 3576 5251 τῆς
3609 5181 3763 5250 ὧρας

2180 5277 2466 5330 amem
2500 5277 2588 5329 ἐπ’
2618 5277 2770 5347 οἴκου
2827 5278 3070 5344 ἐγένετο.
3118 5276 3217 5345 τὴν
3266 5277 3390 5355 τῆς.
3425 5273 3761 5342 βραδυτῆτος

2183 5367 2366 5428 αἰτίαν
2417 5367 2901 5436 ἐξακριϐουμένοις
2946 5370 3056 5429 τοῖς
3101 5365 3355 5434 γονεῦσιν
3403 5363 3761 5434 ἀνήγγελλεν,

2184 5459 2260 5521 ὼς
2287 5459 2372 5529 εἴη
2411 5462 2526 5520 τοῖς
2556 5457 2742 5521 ἄλλοις
2767 5462 2958 5512 παισὶν
2990 5461 3094 5512 ἁνὰ
3125 5459 3185 5511 τὸ
3217 5458 3361 5510 θεῖον
3398 5459 3622 5526 τέμενος
3650 5455 3763 5508 τῶν

2185 5549 2346 5604 θείων
2390 5541 2628 5619 μερίδιιῖν
2685 5551 2994 5618 ἀποψαγόν.
3039 5549 3098 5603 ’0
3142 5549 3199 5602 Ct
3240 5549 3423 5618 πατὴρ
3461 5547 3538 5616 τῷ
3589 5546 3762 5615 καινῷ

2182 5625 2280 5714 τοῦ
2316 5638 2664 5710 ἁκοῦσματος
2720 5642 2800 5703 είς
2838 5640 3012 5715 θυμὸν
3063 5637 3348 5708 ἁναφθεὶς,
3387 5636 3487 5708 τὴν
3529 5635 3762 5703 κάμινον

2181 5830 2234 5874 et
2268 5818 2578 5943 Epiphggio
2609 5819 2822 5878 Menam
2857 5818 3217 5886 successisse,
3251 5817 3518 5889 scriptum
3547 5822 3634 5891 est
3658 5813 3763 5869 lib.

2182 5905 2257 5943 iv.
2289 5905 2407 5943 can.
2438 5906 2474 5943 ο
2516 5930 2530 5943 .

2182 5905 2257 5958 tv,
2289 5905 2407 5957 cap.
2438 5905 2530 5944 ou.
