4046 6448
245 323 341 384 993

1129 306 1728 370 ECCLESIASTICJE
1770 308 2157 368 HISTORIE
2190 309 2333 369 LIB.
2384 310 2570 376 Χνῐι.

3396 309 3507 373 29$

245 450 341 501 περ
377 428 798 496 ἁνθισταμενος,
823 422 915 476 τοῦ
952 422 1144 492 θρόνου
1178 420 1533 473 ὲκὸάλλεταιο
1564 418 1814 472 ἀντεισά-

1927 432 2042 470 rerc
2068 418 2292 481 volenti,
2333 435 2362 471 e
2404 419 2604 472 throno
2645 419 2993 473 deturbatur.
3045 417 3241 474 Joanni
3272 435 3404 473 vero
3436 429 3506 473 el
3549 491 3554 496 α

242 537 391 590 γεται
443 520 498 572 δὲ
549 517 811 583 Ἰωάννης
845 515 965 567 δὲκ
1005 511 1097 564 τοῦ
1151 511 1397 580 Σιρίμιος
1459 509 1810 578 ὡρμημένος.

243 616 414 687 Κώμη
447 613 500 664 δὲ
537 609 676 678 αὕτη
728 610 784 661 ἐν
818 609 883 677 τῇ
943 607 1228 674 Κυνηγικῇ
1287 602 1442 674 χώρᾳ
1492 603 1812 672 διακειμένη

242 705 557 776 ὲγγειτὸλων
594 699 926 770 Ἀντιοχείας
977 697 1230 766 κειμένη.
1274 696 1408 748 Τίνα
1443 695 1502 748 δὲ
1550 696 1618 748 τά
1651 698 1816 748 καινά

244 803 382 865 amp
415 795 658 859 εἰσάγειν
712 789 885 860 ᾕρητο
921 784 1198 856 βασιλεὺς,
1250 783 1317 836 δι’
1348 782 1383 836 ἃ
1416 783 1509 835 καὶ
1551 782 1814 852 Εὑτύχιος

241 889 494 956 amazon
531 887 621 940 τοῦ
654 885 870 955 θρόνου,
894 881 1063 946 λέξων
1107 879 1366 950 ἔρχομαι.
1400 877 1569 930 Οὔπω
1596 878 1809 946 συχνὸς,

242 987 312 1047 ὡς
343 984 574 1052 εἴρηται.
610 977 747 1047 μετά
779 975 875 1045 τὴν
909 973 949 1025 ε’
969 972 1186 1026 σύνοδον
1213 970 1550 1039 παριππεύει
1582 967 1775 1049 καιρός
1796 985 1812 1002 ο

245 1080 332 1131 καὶ
353 1079 380 1129 ὁ
405 1073 510 1126 τῶν
537 1065 792 1136 ζιζανίων
825 1068 988 1119 πάλαι
1021 1063 1281 1131 σπορεὺς,
1313 1063 1412 1130 τὴν
1441 1060 1541 1129 τῆς
1577 1058 1813 1130 Ἐκκλη-

245 1174 360 1232 aia;
413 1167 729 1220 εὐστάθειαν
793 1160 1057 1231 μηδαμῶς
1087 1156 1220 1226 ὀρᾷν
1257 1156 1603 1224 ἀνεχόμενος,
1631 1152 1818 1205 διασα-

244 1265 412 1316 λεύειν
464 1259 691 1326 ταύτην,
752 1255 942 1322 ὥσπερ
980 1249 1090 1303 τισὶ⁸
1127 1248 1529 1318 μηχανήμασι,
1596 1243 1814 1312 σαθροῖς

241 1355 503 1422 δόγμασιν
536 1348 690 1409 αὖθις
740 1346 938 1411 πεῖραν
965 1340 1235 1411 προσῆγε.
1263 1337 1386 1389 Τῶν
1425 1336 1535 1406 γάρ
1574 1334 1814 1404 Σευήρου

242 1446 524 1512 δογμάτων
558 1442 657 1511 τῆς
705 1436 1031 1506 Ἐκκλησεας
1061 1431 1526 1500 ἀπεληλαμένων,
1576 1431 1668 1482 καὶ
1708 1427 1817 1480 τῶν

243 1541 489 1593 τάκείνου
529 1533 892 1603 φρονούντων,
943 1529 1023 1581 ἑτι
1059 1527 1140 1604 δὲ,
1170 1526 1487 1594 Ὠριγένους
1513 1523 1608 1576 καὶ
1664 1520 1819 1574 Διδύ-

247 1649 368 1700 μου,
403 1633 498 1682 καὶ
541 1625 838 1696 Εὖαγρίου.
886 1623 978 1676 καὶ
1031 1619 1140 1672 τῶν
1171 1619 1350 1674 ἄλλων
1401 1616 1475 1679 ὡς
1510 1613 1816 1667 ἀλλοκότων

246 1699 528 1786 δογμάτων
578 1711 1031 1784 παραδεδομένων
1085 1707 1164 1778 τῷ
1211 1705 1549 1774 άνσιθέματι⁹
1585 1702 1678 1754 καὶ
1709 1699 1816 1780 πρὸ

246 1785 451 1860 τούτων
489 1805 764 1874 Ἀνθεμου,
799 1802 1005 1870 Πέτρου
1035 1815 1091 1850 τε
1119 1797 1216 1849 καὶ
1248 1795 1440 1864 Ζωὸρα
1474 1791 1583 1845 τῶν
1631 1791 1822 1844 δυσσε-
1853 1785 1893 1838 Β

246 1900 378 1965 δῶν,
418 1899 468 1950 οἱ
506 1895 893 1966 προειρημένοι
929 1891 1037 1945 ἀπὸ
1067 1887 1367 1942 Ἰουλιανοῦ
1404 1885 1498 1940 τοῦ
1555 1882 1818 1951 Ἀλικαρ-

243 1995 450 2052 νασέως
479 1993 572 2043 καὶ.
619 1978 846 2042 Γαῖανοῦ
896 1985 1215 2054 Σευηρῖται,
1251 1981 1605 2051 προσχήματι
1666 1976 1822 2026 εύσε-

247 2086 418 2146 ῦείας,
446 2081 598 2142 τινάς
636 2079 758 2133 λίαν
797 2071 1083 2132 ἀνέπειθον
1115 2074 1359 2147 στερρῶς
1393 2070 1818 2130 ἁντιὸαίνοντες,

249 2175 433 2242 ὅτιπερ
472 2174 504 2240 ἡ
542 2175 605 2224 ἐκ
641 2169 916 2240 Παρθένου
944 2169 1020 2238 τῷ
1052 2169 1264 2236 Σωτῆρι
1312 2163 1536 2235 Χριστῷ
1573 2161 1819 2232 Προσλη-

260 2268 441 2336 φθεῖσα
469 2264 606 2334 σάρξ
657 2265 764 2333 πρὸ
791 2263 884 2316 τοῦ
916 2261 1124 2324 πάθους
1160 2259 1440 2327 ἄφθαρτος
1489 2253 1579 2328 ἦν,
1626 2255 1822 2325 Ἡμεῖς

260 2363 382 2429 γὰρ.
415 2360 615 2427 ἔλεγον,
642 2359 860 2428 ἀνάγκῃ
915 2355 1130 2423 φύσεως
1157 2354 1226 2406 τά
1269 2351 1478 2422 ταύτης
1519 2350 1823 2419 περιφέρο-

259 2470 354 2520 μεν
385 2452 548 2520 πάθη,
586 2453 775 2503 πεῖναν
829 2451 972 2518 φημὶ
1001 2449 1094 2500 καὶ
1129 2446 1291 2516 δίψαν
1341 2444 1439 2497 καὶ
1469 2444 1536 2496 τὰ
1568 2443 1716 2513 ἑξῆς.
1761 2441 1823 2494 '0

250 2545 305 2596 δὲ
337 2542 588 2612 Χριστὸς,
628 2542 723 2595 ἄτε
772 2539 836 2608 δὴ
864 2541 1091 2608 πάσχων
1122 2536 1264 2590 ἑκὼν
1288 2575 1304 2602 ,
1338 2536 1438 2588 οὐκ
1470 2534 1663 2602 ἐπίσης
1689 2535 1824 2604 ἡμῖν

247 2639 356 2699 τοῖς
393 2637 487 2703 τῆς
521 2635 730 2703 φύσεως
761 2635 946 2703 νόμοις
967 2633 1235 2686 δουλεύων
1282 2626 1374 2700 ἦν.
1409 2629 1550 2699 Πρὸς
1596 2627 1739 2698 άπερ
1774 2629 1824 2680 οἱ

246 2730 596 2792 εὐσεϐοῦντες
647 2729 942 2798 ἁντέφεςιον
996 2727 1282 2794 λέγοντες,
1332 2725 1526 2792 ὅτιπερ
1588 2721 1650 2776 Εἰ
1729 2721 1824 2775 καὶ

248 2821 493 2875 ἑκούσιον
525 2823 583 2874 τὸ
621 2819 813 2883 πάθος,
845 2818 962 2872 ἀλλ’
992 2819 1188 2887 ἐπίσης
1220 2819 1352 2886 ἡμῖν
1383 2817 1621 2886 ἔπασχεν
1642 2831 1658 2846 ο
1681 2814 1824 2868 ὥστε

248 2916 365 2975 πῶς
399 2913 672 2982 δυνάμεθα
708 2913 768 2966 τὺ
815 2914 963 2974 ὅπως
1007 2911 1069 2982 δή
1123 2927 1254 2964 ποτε
1286 2911 1498 2980 πάσχον
1547 2909 1826 2980 ἄφθαρτον

247 3009 457 3078 κυρῐως
487 3007 679 3068 εἰπεῖν,
701 3005 798 3058 καὶ
827 3005 900 3075 μὴ
929 3005 1190 3075 φθαρτὸν,
1221 3003 1364 3057 καθὰ
1391 3004 1458 3076 δὴ
1487 3004 1583 3056 καὶ
1607 3005 1666 3056 τὸ
1688 3002 1828 3073 ὴμέ-

245 3117 444 3169 τερον;
479 3098 617 3168 [Ιρδς
669 3097 697 3149 ὃ
728 3096 889 3150 πάλιν
920 3098 1141 3158 ἐκεῖνοι,
1174 3096 1274 3148 ‘Ov
1312 3097 1512 3168 τρόπον
1562 3096 1700 3164 μετὰ
1727 3094 1826 3165 τὴν

246 3189 543 3241 ἀνάστασιν
576 3185 854 3255 ἄφθαρτον
875 3185 938 3237 τὸ
971 3184 1134 3254 σῶμα
1164 3183 1416 3252 λέγοντες
1452 3181 1549 3236 τιιῦ
1585 3180 1822 3254 Χριστοῦ

246 3279 535 3349 δμοούσιον
581 3279 676 3330 καὶ
711 3259 842 3346 ἡμῖν
870 3276 1028 3329 τοῦτο
1062 3275 1272 3344 λέγετε,
1309 3277 1402 3335 τὸν
1428 3276 1592 3330 αὑτὸν
1623 3275 1825 3347 τρόπον

247 3374 344 3425 καὶ
369 3373 530 3442 ἡμεῖς
573 3370 678 3440 πρὸ
702 3369 804 3440 τῆς
854 3368 1205 3430 ἀναστάσεως
1237 3367 1516 3437 ἄφθαρτον
1548 3368 1822 3436 λέγοντες,

247 3463 532 3533 ὁμοούσιον
567 3463 698 3515 αὐτὸ
747 3463 839 3514 καὶ
871 3463 1006 3532 ἡμῖν
1052 3450 1193 3514 εἶναι
1251 3459 1650 3531 ὁμολογοῦμεν.
1685 3461 1749 3513 Ol.
1777 3459 1824 3511 δ’

249 3556 403 3620 αὖθις
444 3554 577 3627 πρὸς
603 3555 799 3618 αὐτοὺς
828 3553 1252 3626 ἀντεπῆγον,ὃτι
1283 3554 1347 3606 ΕΞ
1398 3557 1494 3608 καὶ⁸
1545 3551 1824 3623 ἄφθαρτον

249 3652 308 3702 τὸ
332 3651 604 3721 Κυριακ“.ν
633 3649 790 3720 σῶμα
823 3648 1196 3717 ὁμολογοῦμεν
1235 3649 1378 3718 μετὰ
1415 3647 1514 3716 τὴν
1538 3646 1824 3717 ζωηφόρον

253 3744 564 3808 ἀνάστασιν,
600 3743 660 3795 ού
691 3745 758 3814 τῇ
792 3742 952 3812 φύσει
985 3743 1119 3796 αὐτὸ
1152 3741 1432 3810 ἄφθαρτον
1464 3739 1722 3809 λέγομεν,
1756 3741 1824 3810 τῇ

254 3837 434 3905 χάριτι
463 3836 536 3888 δέ.
598 3835 688 3900 Ὠς
732 3835 790 3889 δὲ
817 3831 971 3898 αὖθις
1004 3837 1202 3888 ἐκεῖνοι
1254 3835 1564 3902 ἀντέλεγον,
1599 3835 1682 3886 ὅτι
1712 3835 1822 3888 Καὶ

253 3929 357 3995 πρὸ
390 3931 483 3997 τῆς
511 3929 857 3992 ἀναστάσεως
889 3931 955 3999 τῇ
996 3929 1114 4000 θείᾳ
1152 3928 1341 3999 χάριτι
1397 3927 1682 3997 ἄφθαρτον
1717 3922 1786 3999 ἦν
1808 3941 1823 3956 ⁶

255 4021 416 4074 πάλιν
443 4023 658 4086 ἐκεῖνοι,
705 4019 868 4074 Ἀλλὰ
893 4022 962 4074 τά
989 4023 1119 4092 περὶ
1137 4020 1375 4091 Χριστοῦ
1405 4020 1682 4091 λεγόμενα
1705 4019 1830 4074 τοῦ·

253 4131 315 4168 το
363 4116 424 4169 οὐ
457 4118 749 4186 συγχωρεῖ,
779 4115 1040 4184 ἔφασκον.
1069 4116 1181 4186 Πρὸ
1206 4115 1316 4188 γάρ
1341 4118 1440 4188 τῆς
1471 4116 1828 4179 ἀναστάσεως

254 4210 350 4260 καὶ
379 4211 632 4278 πεινῆσαι
661 4211 756 4263 καὶ¹
779 4207 1006 4278 διψῆσαι
1031 4209 1130 4262 καὶ
1151 4209 1328 4262 τᾶλλα
1355 4208 1551 4261 παθεῖν
1581 4208 1824 4283 λέγεται.

255 4297 368 4351 Καὶ
398 4297 513 4359 πῶς
550 4296 617 4351 ἂν
659 4298 744 4367 εἴη
803 4299 864 4349 τὸ
918 4296 1150 4351 τοιαῦτα
1184 4296 1468 4358 πεπονθὸς
1509 4296 1824 4366 ἄφθαρτονς

253 4388 404 4442 Metti
439 4405 500 4450 γε
541 4389 646 4459 μὴν
699 4389 799 4459 τὴν
835 4390 1156 4453 ἀνάστασιν,
1212 4388 1365 4441 οὐδὲν
1400 4387 1511 4440 τῶν
1564 4388 1826 4442 τοιούτων

1921 510 2042 562 vico
2094 510 2181 562 cui
2233 511 2452 565 Strimis
2506 525 2707 565 nomen
2739 522 2844 574 est,
2873 511 2926 564 in
2955 509 3224 582 Cynegica
3257 510 3506 580 regione,

1919 615 2029 654 non
2063 601 2224 670 longe
2251 603 2320 654 ah
2362 602 2650 656 Antiochia
2679 605 2806 668 sita,
2834 611 3016 656 ortum
3053 602 3300 664 ducenti,
3348 605 3508 657 sedes

1919 707 1984 746 ea
2037 693 2431 746 committitur.
2495 693 2626 758 Qua:
2689 709 2824 749 vero
2857 709 3010 748 novae
3044 695 3161 748 istae
3187 709 3272 748 res
3300 694 3510 748 fuerim
3570 724 3575 739 ι

1920 800 2058 854 quas
2088 786 2392 852 imperator
2428 785 2693 841 inducere
2721 788 3108 850 constituerat,
3139 787 3505 856 quamobrem

1917 878 2083 930 etiam
2131 877 2433 947 Eutychius
2481 879 2800 947 episcopatu
2866 879 3132 948 expulsus
3185 891 3264 932 est
3323 879 3509 932 dicere

1918 985 2163 1040 pergam.
2201 968 2454 1023 Nondum
2481 971 2754 1033 multum,
2783 970 2945 1024 sicuti
2973 971 3180 1024 dictum
3212 981 3313 1036 est,-
3345 972 3506 1041 781

1921 1081 1948 1116 a
2017 1064 2212 1133 quinta
2266 1063 2479 1132 synodo
2527 1065 2871 1133 praeterierat
2945 1072 3185 1133 tempus,
3244 1074 3302 1118 et
3353 1074 3510 1117 vetus

1922 1154 2260 1208 zizaniorum
2299 1164 2484 1218 sator,
2528 1154 2677 1224 quod
2735 1170 3086 1226 nequaquam
3150 1155 3511 1225 tranquillum

1921 1247 2181 1302 Ecclesiae
2229 1256 2432 1301 statmn
2458 1263 2688 1303 cernere
2739 1258 2944 1317 posset,
2980 1259 3035 1302 nt
3063 1264 3184 1302 eam
3219 1251 3514 1318 perturba-

1922 1351 2025 1410 ret,
2089 1342 2386 1409 depravata
2449 1355 2669 1394 rursum
2723 1340 2978 1411 dogmata
3046 1341 3204 1410 quasi
3246 1345 3514 1410 quasdam

1923 1432 2205 1486 machinas
2249 1433 2296 1485 ei
2351 1432 2632 1486 admovit.
2665 1431 2800 1486 Cum
2860 1448 3098 1502 namque
3148 1434 3338 1488 Severi
3386 1435 3518 1488 doc-

1924 1529 2068 1577 trina
2124 1540 2190 1578 cx
2247 1525 2490 1579 Ecclesia
2519 1527 2746 1594 rejecta,
2784 1535 2842 1580 et
2880 1528 2974 1595 qui
3003 1525 3152 1579 illam
3183 1529 3361 1582 secuti
3392 1527 3514 1580 fue-

1925 1627 2051 1669 rant
2108 1627 2273 1687 atque
2319 1618 2487 1670 etiam
2547 1616 2802 1685 Origenis
2834 1629 2890 1672 et
2913 1617 3131 1688 Didymi
3165 1628 3222 1673 et
3258 1619 3510 1687 Evagrii,

1924 1709 2270 1779 aliorumque
2329 1711 2504 1764 aliena
2565 1720 2729 1779 atque
2788 1712 3024 1766 absurda
3080 1712 3358 1781 dogmata,
3413 1729 3516 1766 nec

1926 1818 2032 1854 non
2065 1812 2193 1856 aute
2227 1803 2326 1856 hos
2349 1805 2595 1856 Anthimi
2629 1817 2683 1858 et
2718 1803 2864 1857 Petri
2898 1814 2952 1858 et
2989 1804 3178 1858 Zoora:
3215 1805 3516 1873 impiorum

1924 1892 2210 1948 hominum
2273 1897 2585 1963 Opiniones.
2614 1897 2960 1950 anathemate
2990 1899 3258 1950 confessae
3282 1907 3472 1952 essent
3497 1915 3514 1952 :

1938 1987 2219 2050 Severitae,
2265 2005 2404 2057 quos
2455 1989 2728 2053 diximus,
2790 1990 3063 2050 aJuliauo
3098 1990 3517 2045 llalicarnasseo

1922 2087 1979 2131 et
2031 2075 2239 2132 Gaiano
2299 2079 2608 2148 progressi,
2681 2080 2783 2133 sub
2840 2080 3059 2148 pietatis
3089 2089 3356 2148 praetextu
3388 2095 3516 2134 cum

1924 2170 2258 2240 quibusdam
2295 2171 2514 2225 fortiter
2534 2173 2841 2241 congressi,
2871 2172 2951 2226 eis
2986 2187 3331 2241 persuasere,
3365 2175 3517 2242 quod

1925 2277 1990 2316 ea
2045 2278 2210 2332 quam
2265 2278 2329 2316 ex
2383 2263 2609 2334 Virgine
2650 2264 2902 2318 Salvator
2923 2263 3180 2318 Christus
3213 2266 3518 2333 assumpsit

1925 2370 2056 2410 caro
2120 2363 2249 2409 ante
2313 2355 2625 2425 passionem
2681 2356 3116 2426 ineorrnptibilis
3167 2355 3340 2411 fuerit
3389 2355 3515 2426 (1):

1925 2445 2173 2512 Quorum
2243 2447 2344 2501 ista
2376 2447 2531 2502 fuere
2581 2447 2749 2502 verba
2779 2464 2793 2507 :
2831 2467 2850 2499 ι
2896 2448 3008 2503 Nos
3038 2448 3262 2518 quidem
3295 2463 3392 2517 per
3422 2463 3520 2502 ne-

1927 2540 2240 2594 cessitatem
2269 2549 2500 2605 naturae,
2541 2539 2866 2596 atl‘ectiones
2894 2557 3036 2611 ejus,
3071 2541 3276 2596 famem
3306 2543 3521 2597 scilicet

1926 2641 1982 2686 et
2010 2633 2180 2693 sitim,
2211 2641 2266 2686 et
2297 2633 2537 2702 reliquas
2567 2634 3020 2689 circumferimus
3047 2635 3338 2691 :Christus
3364 2653 3518 2703 vero,

1930 2710 2118 2794 utpote
2177 2725 2272 2794 qui
2335 2735 2532 2794 sponte
2580 2742 2679 2780 sna
2743 2741 2938 2795 passus
2983 2737 3090 2792 sit,
3157 2744 3268 2782 non
3326 2729 3520 2784 itidem

1927 2825 2092 2886 atque
2144 2830 2279 2880 nos,
2313 2824 2526 2869 natura:
2593 2817 2804 2884 legibus
2864 2817 3185 2871 subserviit.
3235 2817 3521 2874 Adversus

1928 2923 2052 2977 qua:
2112 2909 2279 2963 verba
2345 2909 2420 2979 pii
2481 2912 2738 2964 homines
2818 2911 3132 2964 retulerunt
3192 2928 3206 2964 :
3256 2912 3524 2978 Quamvis

1929 3010 2232 3071 spontanea
2282 3002 2485 3057 Christi
2548 3004 2728 3072 passio
2788 3003 2976 3069 fuerit,
3035 3005 3303 3074 aequalem
3335 3015 3522 3060 tamen

1855 3127 1898 3184 ε
1932 3105 2136 3149 nostra:
2164 3094 2354 3148 fuisse.
2385 3095 2676 3160 Quomodo
2716 3110 2850 3149 vero
2905 3107 3112 3164 posset,
3149 3097 3298 3166 quod
3335 3098 3522 3166 quali-

1933 3201 2154 3256 cunque
2189 3187 2411 3242 tandem
2440 3187 2605 3242 tnodo
2659 3197 2966 3258 pateretur,
3003 3189 3059 3242 id
3094 3190 3524 3258 incorruptibile

1931 3283 2177 3352 pr0prie,
2230 3290 2285 3336 et
2336 3298 2447 3336 non
2493 3282 2881 3351 corruptibile,
2955 3283 3187 3352 perinde
3240 3293 3410 3355 atque
3453 3285 3525 3340 de

1933 3376 2096 3430 nobis
2123 3375 2257 3445 ipsis
2288 3375 2572 3444 loquimur
2593 3416 2608 3440 ,
2636 3375 2783 3429 diei?
2829 3375 2910 3429 Ad
2961 3376 3110 3445 quod
3138 3377 3214 3430 illi
3239 3393 3464 3432 rursum
3503 3392 3520 3432 :

1930 3471 2219 3538 Quomodo
2255 3487 2352 3527 vos
2393 3488 2598 3542 corpus
2655 3473 2862 3529 Christi
2917 3473 3344 3544 incorruptibile
3397 3486 3528 3546 post

1931 3565 2420 3626 resurrectionem,
2473 3573 2530 3619 et
2576 3567 2738 3622 nobis
2776 3567 3089 3636 ὁμοούσιον,
3124 3568 3227 3624 hoc
3247 3579 3350 3628 est.
3388 3583 3527 3625 con-

1931 3655 2298 3712 substantiale
2344 3658 2530 3713 dicitis
2559 3661 2792 3713 :eotlem
2829 3659 2994 3714 modo
3023 3670 3081 3715 et
3122 3677 3224 3716 nos
3270 3662 3528 3716 incorru-

1933 3750 2124 3819 ptibile
2161 3750 2213 3804 id
2239 3761 2367 3805 ante
2403 3752 2869 3807 resurrectionem
2903 3753 3179 3816 dicentes,
3233 3752 3528 3822 ὁμοούσιον

1931 3846 2399 3900 consubstantiale
2425 3845 2584 3900 nobis
2607 3861 2730 3899 esse
2773 3844 3130 3900 conﬁtemur.
3175 3844 3379 3898 Contra
3407 3843 3526 3899 haec

1931 3937 2107 3991 nostri
2149 3952 2370 3990 rursum
2429 3935 2782 3989 intulerunt:
2811 3934 3053 3988 Tametsi
3106 3949 3307 4001 corpus
3339 3933 3526 3987 Domi-

1931 4028 2116 4081 nicum
2171 4024 2592 4094 incorruptibile
2650 4033 2774 4094 post
2827 4021 3106 4077 viviﬁcam
3157 4025 3526 4077 resurrectio-

1931 4132 2057 4169 nem
2119 4115 2506 4175 confiteamur,
2554 4130 2664 4168 non
2731 4125 2930 4167 natura
2957 4124 3140 4168 tamen
3171 4114 3225 4167 id
3263 4115 3526 4168 incorru-

1931 4205 2126 4276 ptihile
2165 4221 2286 4261 esse
2321 4207 2583 4271 dicimus,
2609 4205 2704 4260 sed
2771 4205 2948 4274 gratia
2986 4205 3086 4275 (ἐξ).
3117 4208 3296 4275 Atque
3327 4207 3418 4280 ubi
3446 4207 3524 4260 illi

1933 4311 2122 4354 contra
2172 4300 2444 4366 dicerent,
2475 4301 2622 4370 quod
2657 4300 2824 4353 etiam
2878 4309 3006 4353 ante
3055 4302 3522 4355 resurrectionem

1932 4405 2030 4458 per
2064 4390 2309 4442 divinam
2342 4391 2579 4460 gratiam
2619 4390 3050 4459 incorruptibile
3084 4389 3258 4445 fuerit
3293 4409 3307 4456 ;
3345 4393 3522 4446 nostri

256 4482 446 4534 παθεῖν
475 4483 772 4552 ἱστορεῖται
799 4497 813 4510 ⁶
879 4481 1020 4535 ὥστε
1077 4483 1236 4550 δῆλον
1271 4481 1550 4548 ἐντεῦθεν,
1610 4482 1694 4533 ὃτι
1725 4483 1824 4552 τερέ

1941 4500 2160 4536 rursum
2189 4501 2202 4537 :
2240 4483 2312 4538 Ea
2346 4500 2468 4553 qua:
2494 4485 2564 4538 de
2585 4485 2813 4540 Christo
2841 4484 3126 4546 dicuntur,
3157 4485 3262 4539 hoc
3298 4486 3527 4540 minime

258 4577 358 4645 μὲν
412 4577 511 4644 τῆς
564 4577 912 4639 ἀναστάσεως
963 4577 1204 4648 φθαρτὸν
1261 4572 1330 4648 ἦν
1362 4577 1420 4630 τὸ
1472 4575 1568 4630 τοῦ
1620 4576 1826 4647 Κυρίου

178 4663 190 4672 ’
258 4667 435 4736 σῶμα,
468 4669 607 4738 μετὰ
633 4668 690 4722 δὲ
736 4669 835 4740 τὴν
873 4669 1172 4723 ἀνάστασιν
1217 4669 1492 4739 διέμεινεν
1521 4669 1824 4740 ἄφθαρτον.

256 4761 328 4813 Τό
355 4777 418 4828 γε
456 4761 562 4831 μὴν
594 4765 786 4830 φαγεῖν
816 4762 956 4832 μετὰ
984 4762 1081 4833 τὴν
1107 4764 1435 4830 ἀνάστασιν,
1460 4765 1558 4835 οὐχ
1597 4765 1673 4826 ὡς
1705 4781 1826 4816 πειο

258 4854 383 4916 νῶν,
408 4855 542 4909 άλλά
572 4855 691 4908 κατ’
722 4857 1044 4926 οἰκονομίαν
1072 4855 1167 4908 τοῦ
1201 4858 1266 4908 ὲκ
1291 4843 1827 4927 νμρῶνᾋναστῆναι

330 5011 404 5082 (I)
439 5009 940 5079 Aphthartodocitze
971 5009 1060 5082 isti
1094 5025 1204 5064 non
1246 5009 1382 5082 satis
1424 5020 1829 5082 perspexi-runt

260 5079 658 5137 sacramentum
719 5081 1122 5149 absumptionis
1153 5081 1416 5144 hominis,
1459 5079 1606 5148 quod
1648 5093 1830 5131 sacra-

259 5163 500 5206 mentum
533 5151 624 5204 Dei
666 5161 821 5206 vocat
853 5151 1096 5204 Hilarius
1135 5167 1150 5206 :
1188 5165 1296 5203 non
1327 5151 1456 5203 item
1507 5149 1830 5202 minoratio-

259 5239 380 5277 nem
403 5233 457 5275 ct
490 5223 912 5277 exinanitiouem
941 5219 1100 5274 Verbi
1131 5222 1251 5284 Dei,
1281 5220 1623 5288 formamque
1657 5220 1828 5282 servi,

261 5310 366 5347 non
398 5293 783 5346 exaltationem
821 5302 878 5345 et
905 5291 1362 5360 glerillcationem
1401 5293 1640 5343 hominis
1667 5290 1830 5343 Chii-

259 5368 349 5424 sti.
387 5366 740 5433 ejusdemque
771 5364 1266 5433 primogenitnram
1321 5377 1389 5415 ex
1429 5363 1684 5415 mortuis.
1728 5361 1832 5414 Pa-

261 5445 341 5488 ter
364 5428 665 5486 minoravtt
681 5428 874 5486 Filium
893 5428 1262 5486 modico'citra
1292 5433 1536 5502 angelos,
1561 5433 1628 5484 ad
1654 5439 1830 5485 terras

260 5508 592 5558 demtttcndo
627 5522 639 5556 :
673 5503 842 5572 gloria
908 5514 1088 5557 tamen
1123 5511 1180 5555 ct
1209 5503 1421 5558 honore
1456 5514 1832 5556 coronaturus

258 5576 426 5640 ilium,
467 5575 518 5628 in
557 5589 726 5627 ueros
762 5574 1114 5627 resumenda.
1153 5573 1385 5626 Tertull.
1437 5573 1628 5627 Adver.
1689 5572 1832 5624 Pra-

255 5661 424 5700 1mm.
444 5675 508 5684 -
532 5645 598 5698 Et
638 5646 928 5697 ret-edente
959 5645 1278 5698 intirmitate
1311 5655 1643 5715 agnoscatur
1693 5645 1834 5697 divi-

259 5720 416 5771 nitas.
445 5721 684 5784 (Anton)
720 5715 1125 5784 l’rituogenitus
1156 5724 1501 5768 mortuorum
1539 5715 1829 5775 Dominus.

261 5803 309 5842 et
346 5808 396 5842 ιιι
428 5805 610 5842 suum
649 5803 804 5839 suum
839 5786 1110 5854 recipiens
1145 5787 1406 5856 pristinos
1440 5799 1642 5855 patres,
1673 5801 1830 5853 rege-

1930 4578 2244 4642 atlmittere,
2301 4577 2732 4647 responderunt.
2818 4579 2962 4632 Ante
3051 4580 3526 4634 resurrectionem

1931 4687 2170 4741 namque
2204 4682 2259 4725 et
2288 4671 2560 4728 esuriisse
2587 4681 2644 4728 et
2681 4672 2914 4734 sitiisse,
2963 4680 3131 4744 atque
3171 4673 3275 4728 alia
3304 4689 3526 4743 passum

1930 4781 2049 4818 esse
2082 4765 2306 4820 dicitur.
2342 4765 2633 4831 Quomodo
2659 4774 2844 4819 autetn
2884 4765 2937 4819 id
2987 4766 3132 4834 quod
3163 4766 3369 4821 talibus
3400 4783 3528 4835 per-

1933 4855 2288 4927 pessionihus
2332 4857 2616 4911 subditum
2647 4865 2814 4920 esset,
2867 4855 3295 4925 incorruptibile
3324 4865 3470 4911 esset
3504 4855 3530 4908 ‘?

1931 5011 2144 5063 neravit
2184 5025 2280 5062 eos
2315 5010 2368 5062 in
2397 5009 2564 5062 vitam
2614 5006 2736 5068 Dei,
2798 5007 2918 5075 ipse
2963 5006 3184 5060 initium
3217 5006 3529 5059 viventium

1932 5080 2131 5144 factus,
2174 5080 2318 5135 sicut
2359 5081 2524 5133 Adam
2568 5079 2786 5132 initium
2824 5076 3182 5130 morientium
3209 5075 3385 5129 fac-tus
3414 5085 3528 5130 est.
3581 5089 3602 5106 δ

1926 5151 2164 5219 Propter
2203 5152 2309 5204 hoc
2339 5161 2396 5204 et
2423 5149 2602 5203 Lucas
2654 5148 2873 5202 initium
2919 5147 3299 5219 generationis
3335 5147 3529 5219 inclita-

1932 5217 2057 5284 ans,‘
2105 5223 2158 5274 in
2201 5224 2368 5274 Adam
2405 5220 2640 5274 retulit:
2681 5219 3002 5287 signiﬁcans
3064 5217 3211 5284 quod
3269 5232 3379 5269 non
3445 5217 3529 5270 illi

1933 5292 2104 5350 hunc,
2140 5292 2236 5346 sed
2279 5292 2367 5345 hic
2394 5292 2515 5344 illos
2545 5293 2600 5343 in
2646 5290 2998 5358 evangelium
3040 5292 3166 5342 vita:
3230 5303 3525 5358 regenera-

1932 5363 2032 5414 vit.
2065 5362 2233 5427 tlren.
2280 5363 2374 5415 lib.
2406 5377 2486 5426 Ill,
2512 5376 2633 5430 cap.
2665 5362 2780 5426 55).
2809 5357 2882 5400 ὲ-
2912 5359 2977 5413 Et
3021 5358 3151 5430 ideq
3190 5357 3530 5430 primogeni-

1934 5442 2030 5485 tus
2059 5443 2307 5494 vetatur.
2347 5433 2477 5502 quia
2516 5427 2734 5502 in'ipso
2764 5435 2962 5502 primo
3029 5427 3271 5484 deiﬁcati
3307 5443 3523 5482 sumus.

1933 5504 2142 5572 (Cyrill.
2175 5507 2228 5557 in
2256 5501 2525 5557 Thesaur.
2567 5503 2663 5558 lib.
2700 5501 2777 5572 ι.)

2007 5567 2082 5644 i2)
2112 5575 2225 5628 Imo
2251 5582 2452 5627 natura
2489 5575 2681 5637 etiam,
2739 5567 2829 5628 cui
2870 5572 3070 5642 gratia,
3105 5567 3532 5644 quodammodo

1934 5641 2238 5698 secundum
2280 5646 2652 5714 Augustinum
2687 5641 2956 5699 naturalis
3008 5641 3173 5697 etiam
3205 5646 3388 5714 juxta
3429 5641 3527 5714 ho-

1935 5718 2136 5768 minent
2169 5712 2466 5769 fuerrtht
2491 5717 2547 5769 in
2581 5715 2676 5769 illo
2707 5715 2966 5770 inhabitat
3017 5715 3190 5769 euntis
3250 5712 3530 5782 plenitudo

1935 5785 2160 5840 Deitatis
2194 5789 2561 5853 corporaliter.
2597 5785 2738 5853 (Col.
2799 5787 2883 5849 tt.)
