4046 6452
271 335 368 399 ΞθἹ
1139 329 1745 392 ΕεαιΕειΑεΤιρίΕ
1783 327 1868 388 ΙΙΙ

1915 323 2174 386 ,ΤΟΒΙιΕ
2213 324 2354 384 LIB.
2403 321 2590 384 XVII.
3407 316 3513 378 9.98

275 451 356 504 τὸν
375 447 574 502 οἰκεῖον
609 443 1050 517 μεταρῤυθμίσαι
1071 445 1294 510 σκοπὸν,
1317 443 1659 516 διημάρτανε
1683 459 1696 473 ’
1731 443 1830 512 τὴν
1862 469 1873 502 Α

1936 438 2075 492 alius
2130 437 2226 508 qui
2257 445 2384 492 ante
2413 451 2540 491 eum
2571 435 2866 506 imperium
2899 433 3288 500 obtinuerunt,
3329 451 3513 496 nemo,

272 542 482 597 εὐθεῖαν
541 539 635 593 καὶ
682 536 971 608 βασιλικὴν
1002 536 1121 592 όδδν
1174 538 1438 607 ἀσφαλῶς
1491 536 1584 591 τοῦ
1619 536 1859 604 Κυρίου-

1939 532 2268 585 termaximo
2317 530 2410 583 illo
2465 528 2836 584 Constantino
2884 543 3103 597 semper
3135 535 3386 596 excepto.
3419 529 3523 581 Ita-

273 633 504 705 θριγγοίς
535 628 903 700 ὀχυρωτέραις
958 628 1602 700 ἑξασφαλισαμένου,.ὠς
1653 628 1721 682 ἂν
1757 629 1833 697 μὴ

1936 637 2044 692 que
2096 632 2324 692 propter
2381 621 2765 676 vehementem
2823 621 2880 676 in
2936 619 3215 676 Christum
3275 635 3520 674 amorem

269 727 338 797 τῷ
361 723 670 796 βουλομένῳ
708 721 1124 792 εὐεπιχείρητος
1163 721 1248 792 είη
1279 720 1665 791 λυμαίνεσθαι.
1697 718 1832 773 Τότε

1939 714 2088 768 illius
2131 713 2304 784 gratia
2348 714 2514 767 multa
2561 713 2726 766 etiam
2772 713 3046 768 violenter
3079 712 3236 770 fecit.
3266 711 3527 766 Hebraeos

269 821 319 874 δὲ
351 817 442 872 καὶ
463 815 734 884 Βιγίλλιος
765 816 841 886 μὴ
894 814 1224 884 συνθέμενος
1277 815 1388 876 τοῖς
1422 811 1670 866 δοκοῦσιν
1701 810 1838 863 Ἰου-

1941 814 2181 876 namque
2207 806 2415 860 Pascha
2465 816 2593 860 ante
2640 805 2991 861 Christianos
3019 805 3299 860 celebrare
3335 821 3523 873 passus

269 910 536 978 στινιανῷ,
571 909 653 972 είς
699 906 931 961 Ἰταλίαν
979 905 1257 977 ἀπαίρων,
1289 905 1492 968 ὲνόδιος
1543 904 1832 975 ἑθνησκεν.

1942 914 2048 952 non
2108 906 2224 962 est,
2271 905 2328 952 et
2386 896 2786 960 Samaritanus,
2847 896 2993 965 quod
3055 912 3084 950 a
3127 895 3400 951 sententia
3427 911 3526 955 sua

279 1005 518 1071 Ἰωάννης
544 1000 606 1055 δὲ
635 999 665 1051 ό
707 1000 803 1054 καὶ
853 997 1152 1060 Κατελίνος
1200 998 1299 1066 τὴν
1345 995 1442 1050 τοῦ
1473 993 1696 1067 πρώτου
1727 996 1838 1048 τῶν

1939 988 2227 1044 discedere
2282 989 2514 1051 nollent,
2565 988 2780 1042 atllixit.
2838 987 3097 1042 Plurimis
3121 1004 3344 1058 quoque
3375 997 3519 1042 tem-

267 1093 566 1147 ἀποστόλων
597 1089 902 1158 ἐπισκοπὴν
931 1087 1256 1158 ἐκληροῦτο.
1284 1089 1394 1141 Καὶ
1413 1088 1595 1140 τοίνυν
1610 1086 1705 1140 τοῦ
1738 1087 1838 1156 μὲν

1941 1080 2052 1152 plis
2118 1080 2325 1152 ubique
2379 1094 2654 1138 terrarum
2699 1082 2915 1138 Numen
2941 1083 3187 1137 divinum
3216 1083 3526 1146 honoravit,

268 1182 557 1236 Κατελίνου
585 1180 832 1235 Ἰωάννου
878 1179 978 1248 τῆς
1017 1178 1398 1250 πρεσϐυτέρας
1432 1176 1657 1248 Ῥώμης
1715 1179 1840 1230 ὲπι-

1943 1193 2068 1246 qua:
2127 1175 2675 1246 magniﬁcentissime
2751 1177 3111 1238 construxit,
3171 1175 3378 1244 quippe
3437 1173 3526 1243 qui

273 1274 590 1338 σκοποῦντος
609 1290 626 1307 ο
656 1272 750 1328 τοῦ
771 1273 816 1326 δ’
840 1274 902 1326 ὲκ
934 1272 1184 1343 Σιρίμιος
1211 1269 1468 1326 Ἰωάννου
1516 1270 1617 1342 τὴν
1649 1269 1842 1325 νεωτέ-

1944 1269 2116 1324 Deum
2173 1268 2478 1324 honoribus
2534 1268 2875 1340 ejuscemodi
2911 1267 3189 1336 przrcipue
3218 1268 3400 1321 Colere
3437 1283 3530 1320 vo-

271 1387 366 1440 ραν
393 1369 669 1430 διέποντος
689 1381 704 1398 ⁶
732 1363 1142 1434 ’Δπολλιναρίου
1173 1364 1230 1418 δὲ
1258 1366 1316 1417 ὲν
1338 1361 1729 1433 Ἀλεξανδρείᾳ
1761 1360 1843 1414 ἔτι

1945 1359 2137 1414 luerit.
2196 1358 2319 1415 Alia
2375 1359 2607 1430 insuper
2664 1358 2815 1414 hisce
2863 1358 3172 1414 consimilia
3206 1357 3440 1428 peri-git,
3476 1366 3535 1411 ut

269 1465 445 1528 ὄντοςο
477 1464 572 1517 καὶ
605 1465 671 1532 τῇ
715 1457 1092 1515 Θεουπολιτῶν
1123 1459 1263 1530 μετὰ
1295 1459 1552 1528 Δομνῖνον
1581 1456 1844 1511 Ἀνάστα-

1944 1452 2205 1508 erunibus
2252 1461 2409 1508 certo
2466 1451 2837 1506 abundantem
2893 1461 2949 1506 et
3009 1467 3216 1516 veram,
3263 1467 3428 1521 quam
3478 1451 3535 1505 in

271 1556 380 1607 σίου
423 1553 518 1606 τοῦ
551 1555 614 1606 ὲκ
647 1552 862 1607 Σιναίου
899 1551 1409 1623 χειροτονηθέντος·
1442 1549 1540 1605 καὶ
1570 1551 1636 1619 τῇ
1677 1549 1844 1618 Ἱερο-

1948 1546 2144 1602 intimo
2200 1546 2429 1614 gerebat
2485 1544 2700 1612 animo,
2760 1559 2890 1614 erga
2927 1544 3102 1598 Deum
3140 1544 3360 1614 pictatis
3397 1543 3535 1598 all'e-

271 1647 511 1716 σολὺμων
556 1645 852 1715 Μακαρίου
900 1643 1060 1706 αὖθις
1102 1642 1180 1712 τῷ
1242 1642 1418 1712 θρόνῳ
1462 1641 1842 1706 ἀποδοθέντος,

1947 1640 2194 1694 ctionem
2227 1637 2405 1708 palam
2457 1636 2682 1692 iaceret.
2741 1635 2882 1692 Tum
2939 1652 3069 1692 vero
3093 1636 3137 1692 is
3182 1638 3539 1706 imperatore

274 1741 406 1811 μετὰ
437 1739 535 1810 τὴν
566 1739 862 1808 Εὐστοχίυυ
918 1735 1281 1807 καθαίρεσινο
1336 1735 1553 1788 καθεῖλε
1582 1734 1692 1804 γάρ
1719 1731 1847 1786 τοῦς

1951 1743 2102 1790 recta
2131 1733 2404 1804 planaque
2433 1741 2490 1788 et
2519 1731 2667 1802 regia
2716 1732 2803 1787 via
2843 1730 3113 1802 dilapsus,
3147 1740 3313 1801 atque
3352 1731 3537 1784 insue-

269 1799 354 1885 ⁴ιον
387 1799 615 1900 pit-101;
673 1799 882 1883 ἐκείνου
934 1799 1204 1898 δόγμασιν
1248 1824 1422 1880 είκειν
1473 1799 1842 1894 αἱρούμενον·

1952 1834 2069 1878 tum
2125 1799 2378 1893 divisque
2429 1799 2698 1892 apostolis
2757 1799 3098 1875 etPatrib‘us
3131 1799 3396 1875 intactum
3433 1821 3539 1875 iter

275 1926 386 1996 μεθ’
417 1925 446 1979 ὃ
492 1926 772 1996 Ὠριγένην
803 1925 896 1979 καὶ
924 1925 1156 1995 Δίδυμον
1185 1923 1548 1991 ἀνεθεμάτισε
1577 1924 1671 1975 καὶ
1705 1920 1844 1974 Εὐά-

1954 1916 2258 1986 ingressus.
2317 1915 2374 1969 in
2430 1914 2618 1984 spinas
2679 1923 2735 1969 et
2787 1913 3025 1968 tribulos
3056 1913 3275 1968 incidit.
3317 1913 3537 1968 Etcum

271 2035 417 2088 γριον
447 2018 842 2081 ἰουστινιανὸς,
875 2017 938 2070 τὸ
979 2016 1283 2086 Ῥωμαϊστὶ
1313 2015 1720 2085 ὀνομαζόμενον
1749 2013 1846 2065 ἰδιο

1952 2005 2266 2061 Ecclesiam
2307 2004 2362 2058 in
2420 2004 2750 2058 sententiam
2807 2018 2960 2058 suam
3033 2003 3310 2059 adducere
3339 2004 3538 2067 vellet,

271 2128 388 2165 κτον
420 2112 624 2182 γράφει
647 2125 664 2142 '
695 2111 754 2163 ὲν
794 2103 838 2178 ᾧ
867 2109 1150 2180 ἄφθαρτον
1185 2110 1246 2162 τὸ
1289 2108 1385 2162 τοῦ
1417 2108 1626 2180 Κυρίου
1661 2109 1842 2178 σῶμα,

1953 2097 2192 2153 consilio
2221 2095 2600 2166 opinioneque
2645 2111 2742 2150 sua
2781 2095 2954 2150 falsus
2983 2105 3068 2150 est
3107 2113 3120 2150 :
3157 2096 3303 2166 quod
3331 2105 3536 2151 rectam

278 2205 360 2257 καὶ
383 2203 498 2268 τῶν
547 2202 889 2272 ἁδιαϐλήτων
921 2201 1112 2256 παθῶν
1145 2201 1500 2255 ἀνεπίδεκτον
1539 2199 1810 2271 κέκληκεν
1831 2220 1843 2233 ·

1955 2190 2346 2261 publicamque
2397 2189 2544 2243 viam
2597 2198 2754 2259 septo
2807 2189 3122 2245 ﬁrmissimo
3165 2190 3432 2245 Dominus
3467 2191 3541 2244 ita

286 2287 409 2345 οὕτω
449 2289 626 2358 λέγων
654 2287 761 2359 πρὸ
785 2287 879 2342 τοῦ
907 2288 1110 2352 πάθους
1141 2291 1356 2358 φαγεῖν,
1387 2287 1577 2358 ὥσπερ
1603 2289 1738 2358 δῆτα
1753 2288 1848 2340 καὶ

1954 2282 2397 2347 communiisset,
2456 2290 2517 2335 ut
2566 2296 2677 2336 non
2718 2281 2879 2337 facile
2907 2283 3091 2352 quivis
3130 2282 3392 2338 invadere
3417 2299 3539 2338 eam

285 2382 405 2450 μετὰ
432 2381 537 2451 τὴν
565 2383 864 2437 ἀνάστασιν
887 2393 904 2411 ο
934 2379 1009 2451 μή
1034 2396 1154 2434 τινα
1178 2379 1388 2452 τροπὴν
1422 2379 1455 2450 ἥ
1477 2379 1764 2434 ἀλλοίωσιν
1788 2379 1848 2446 ἐξ

1954 2385 2011 2430 et
2045 2375 2334 2430 destruere
2361 2381 2569 2444 posset.
2591 2372 2731 2426 Tum
2763 2382 2948 2428 autem
2972 2384 3025 2428 et
3051 2375 3282 2444 Vigilius
3315 2374 3541 2428 minime

278 2472 438 2541 αὐτῆς
483 2472 581 2541 τῆς
624 2472 684 2524 ιν
733 2469 939 2541 γαστρὶ
959 2472 1059 2542 τῆς
1091 2469 1438 2540 Θεομήτορος
1473 2469 1844 2534 διαπλάσεως,

1957 2467 2196 2537 pedibus
2246 2466 2300 2521 in
2351 2465 2654 2521 Justiniani
2713 2467 3046 2521 sententiain
3081 2469 3385 2538 ingressus,
3415 2483 3538 2522 cum

279 2563 402 2633 μηδὲ
438 2564 500 2616 ἑν
550 2564 664 2626 τοῖς
709 2562 980 2625 ἑκουσίοις
1005 2562 1100 2614 καὶ
1151 2563 1401 2630 φυσικοῖς
1451 2561 1672 2624 πάθεσι,
1712 2563 1848 2634 μηδὲ

1956 2559 2200 2620 Italiam,
2241 2560 2479 2630 peteret,
2549 2559 2604 2614 in
2656 2558 2858 2613 itinere
2885 2569 3136 2615 mortuus
3163 2570 3269 2616 est.
3300 2561 3542 2616 Joannes

277 2654 406 2723 μετὰ
443 2653 545 2720 τὴν
575 2643 874 2708 ἀνάστασιν
907 2652 1002 2706 τοῦ
1063 2653 1333 2722 παναγίου
1388 2655 1564 2726 αὑτοῦ*
1593 2655 1848 2719 σώματος

1957 2661 2164 2716 autem,
2199 2652 2293 2722 qui
2333 2665 2387 2706 et
2417 2651 2703 2707 Catelinus
2765 2651 2948 2707 dictus
2978 2663 3083 2719 cst,
3117 2652 3384 2723 principis
3411 2669 3544 2722 apo—

273 2744 604 2814 δεξαμένου,
657 2745 748 2796 καὶ
797 2742 896 2813 τὴν
930 2741 1241 2812 ἀφθαρσίαν
1272 2742 1334 2796 οὐ
1368 2745 1509 2813 μετὰ
1545 2725 1622 2795 ⁵τὸ
1673 2743 1847 2806 πάθος

1958 2745 2225 2800 stolorum
2280 2745 2661 2813 episcopatum
2707 2745 2938 2800 sortitus
2991 2754 3097 2800 est.
3131 2745 3402 2800 Caeterum
3439 2749 3544 2800 Ca-

273 2834 580 2904 κτήσασθαι
598 2846 613 2862 ⁶
641 2832 670 2886 ὃ
699 2833 833 2903 δῆτα
859 2833 926 2902 τῇ
951 2829 1183 2885 καθόλου
1213 2830 1517 2902 Ἰῖικκλησίςι⁵
1546 2829 1850 2900 πρεσϐεύει

1961 2837 2133 2892 telino
2187 2835 2401 2890 JOanne
2454 2835 2509 2889 in
2552 2837 2725 2890 veteri
2765 2835 2960 2901 Roma,
2989 2833 3200 2890 Joanne
3238 2847 3422 2891 autem
3453 2840 3542 2892 cui

275 2940 390 2978 ται⁶
424 2923 571 2979 ἀλλὰ
608 2925 704 2980 καὶ
740 2924 850 2994 πρὸ
877 2923 976 2977 τοῦ
1013 2923 1242 2988 πάθους,
1275 2922 1334 2989 ἐξ
1384 2924 1554 2993 αὐτῆς
1583 2923 1718 2993 δῆτα
1749 2921 1850 2988 τῆς

1961 2927 2135 2996 patria
2157 2924 2373 2981 Sirimis
2394 2924 2517 2990 fuit,
2539 2926 2595 2981 in
2615 2941 2753 2980 nova
2772 2927 2967 2991 Roma,
2987 2927 3288 2998 Apollinari
3309 2927 3545 2982 Alexan-

273 3017 523 3088 ἀσπόρου
568 3016 665 3070 καὶ
713 3017 862 3079 θείας
909 3015 1248 3086 συλλήψεως.
1307 3013 1630 3085 Συμφωνεῖν
1675 3013 1853 3067 δὲκαὶ

1960 3020 2094 3076 driat
2149 3017 2531 3090 episcopatum
2579 3017 3042 3084 administrante,
3101 3019 3248 3088 apud
3289 3019 3547 3090 Theopo-

272 3110 395 3172 τοὺς
418 3110 534 3166 ἀνὰ
559 3111 658 3180 τὴν
679 3110 759 3164 ἕω
783 3111 876 3163 καὶ
901 3109 1144 3180 ἑσπέραν
1185 3109 1365 3180 ἱερέας
1396 3111 1463 3179 τῇ
1497 3107 1706 3160 ἐκείνου
1739 3107 1854 3160 δια-

1962 3109 2163 3164 litanos
2213 3123 2341 3164 vero
2384 3119 2510 3177 post
2569 3104 2900 3164 Domninum
2956 3113 3268 3176 Anastasio,
3321 3113 3415 3181 qui
3478 3129 3547 3168 ex

275 3204 414 3275 κὲνῳ
441 3202 587 3274 δόξῃ·
608 3201 731 3274 βίαν
780 3203 1078 3273 προσάγων
1112 3200 1452 3272 ἠνάγκαζεν.
1490 3202 1702 3263 Πάντες
1733 3199 1778 3254 δ’
1799 3199 1858 3262 ὲς

1971 3202 2104 3260 Sina
2141 3211 2327 3258 monte
2357 3217 2688 3273 pregrcssus
2716 3213 2821 3266 est,
2847 3204 3096 3260 antistite
3131 3207 3296 3271 lecto,
3327 3217 3384 3260 ct
3415 3206 3546 3261 llie-

286 3296 646 3350 ’Λναστάσιον
663 3295 754 3348 τδν
784 3298 880 3366 τῆς
909 3293 1189 3366 Ἀντιόχου
1219 3295 1482 3364 ὁρῶντες,
1514 3293 1575 3346 τὸ
1606 3291 1862 3362 ποιητέον

1967 3294 2263 3365 rosolymis
2309 3293 2546 3350 Macario
2595 3295 2650 3349 in
2702 3295 2960 3351 thronum
2985 3313 3146 3352 suum
3177 3300 3402 3354 reducto
3436 3302 3543 3368 (re-

274 3387 496 3440 ὲκεῖθεν
530 3387 827 3456 μανθάνειν
886 3381 1026 3456 ἦσαν
1066 3385 1541 3456 καραδοκοῦντεςο
1593 3383 1716 3438 ὅθεν
1765 3385 1862 3437 καὶ

1966 3389 2151 3443 stituit
2195 3403 2437 3458 namque
2492 3389 2644 3446 hunc
2681 3387 3064 3456 Justinianus,
3096 3407 3219 3446 cum
3257 3393 3547 3465 Origencm

276 3481 372 3549 τὴν
404 3477 642 3550 πρώτην
689 3480 896 3533 ἐκείνου
947 3478 1254 3551 προσϐολὴν
1282 3479 1348 3548 τῇ
1381 3474 1654 3548 προφάσει
1681 3476 1862 3549 ταύτῃ

1963 3490 2021 3537 et
2078 3480 2372 3551 Didyntum
2426 3489 2484 3535 et
2504 3481 2797 3551 Evagriunt
2833 3484 3168 3538 anathemati
3201 3487 3550 3557 SliltjCCiSaCI.

277 3571 460 3641 σοφῶς
491 3570 899 3639 διεκρούσαντο.
1660 3611 1670 3618 -

1965 3584 2092 3646 post
2125 3574 2410 3631 Eustochii
2434 3575 2988 3642 exauctorationem),
3007 3577 3249 3632 edictum
3278 3579 3376 3650 (ita
3400 3581 3550 3634 enim

279 3667 472 3725 Latine
536 3667 760 3741 dicitur)
787 3667 934 3725 idem
997 3667 1300 3738 imperator
1351 3667 1597 3740 scripsit,
1663 3669 1719 3725 in
1753 3685 1864 3741 quo
1906 3685 2105 3740 corpus
2189 3670 2410 3726 Domini
2459 3673 2902 3743 iucorruptibile,
2964 3672 3130 3744 784,
3183 3683 3240 3728 et
3286 3675 3340 3728 in
3405 3677 3554 3744 quod

279 3765 801 3837 irreprehensibiles
831 3765 996 3820 etiam
1060 3764 1444 3836 perpessiones
1508 3779 1618 3818 non
1681 3766 1962 3834 caderent,
2002 3767 2220 3824 vocavit
2272 3785 2288 3822 :
2345 3769 2418 3822 ita
2488 3767 2778 3822 Dominum
2824 3777 2952 3823 ante
3013 3769 3331 3823 Passioncm
3376 3768 3558 3822 edisse

277 3863 493 3927 dicens,
537 3863 694 3918 sicuti
721 3871 776 3918 et
815 3871 937 3933 post
991 3861 1460 3918 resurrectionem
1519 3858 1720 3925 ederit,
1791 3865 1940 3934 quod
1980 3881 2093 3920 non
2159 3865 2342 3921 minus
2388 3865 2458 3919 ab
2511 3865 2632 3934 ipsa
2693 3865 2942 3934 corporis
2991 3865 3044 3919 in
3083 3875 3242 3919 utero
3271 3863 3362 3918 Dei
3393 3863 3557 3919 chi-

278 3959 434 4015 tricis
506 3959 970 4026 conformatione,
1030 3959 1086 4014 id
1136 3959 1462 4016 mutationis
1528 3967 1627 4015 aut
1697 3959 2051 4018 alterationis
2109 3963 2370 4034 alicujus,
2427 3963 2482 4016 in
2534 3962 2854 4032 spontaneis
2906 3962 3029 4017 istis
3097 3971 3154 4015 et
3203 3961 3557 4016 naturalibus

280 4053 760 4126 perpessionibus,
808 4068 972 4124 quam
1023 4061 1152 4124 post
1215 4054 1701 4123 resurreCIionem,
1765 4070 1869 4126 pro
1905 4069 1973 4110 eo
2028 4065 2196 4126 atque
2234 4055 2646 4112 sanctissimum
2693 4063 2860 4121 esset,
2917 4070 3088 4125 capax
3157 4069 3265 4108 non
3339 4052 3556 4108 fuerit:

279 4153 335 4200 et
385 4146 548 4218 quod
607 4147 751 4202 idem
798 4161 1005 4217 corpus
1082 4145 1668 4218 incorruptibilitatem
1736 4148 1914 4220 ipsam
1953 4162 2069 4204 non
2133 4159 2258 4220 post
2321 4149 2676 4213 Passionem,
2720 4155 2932 4203 tantum
2994 4148 3044 4202 id
3081 4147 3228 4219 quod
3283 4146 3555 4202 catholica

284 4240 540 4296 Ecclesia
587 4239 895 4310 proﬁtetur,
951 4256 1140 4297 verum
1188 4239 1358 4296 etiam
1408 4249 1537 4296 ante
1583 4240 1928 4310 Passionem,
1968 4240 2040 4300 ab
2079 4241 2197 4313 ipsa
2240 4257 2418 4313 usque
2463 4241 2653 4296 divina
2711 4240 3054 4312 seminisque
3084 4250 3312 4312 experte
3359 4254 3558 4296 conce-

281 4335 476 4403 ptione
543 4333 862 4388 obtinuerit.
912 4332 982 4389 Ut
1035 4348 1165 4388 vero
1231 4333 1289 4388 in
1359 4333 1701 4390 sententiam
1761 4350 1917 4392 suam
1961 4351 2124 4393 sacer
2176 4335 2316 4392 ordo
2367 4335 2422 4390 in
2480 4333 2707 4391 Oriente
2739 4335 2904 4391 simul
2941 4347 2996 4391 et
3023 4337 3313 4393 Occidente
3379 4339 3558 4394 levem

281 4439 337 4482 et
394 4427 619 4482 [utilem
669 4427 794 4490 iret,
865 4425 919 4482 vi
982 4426 1228 4481 adhibita
1281 4438 1479 4496 cogere
1545 4426 1735 4496 coepit.
1807 4427 1878 4483 At
1922 4428 2196 4496 universi,
2253 4428 2432 4483 oculis
2483 4429 2536 4480 in
2601 4427 2953 4484 Anastasium
2984 4429 3559 4486 Antiochenumcon-

280 4523 467 4592 jectis,
531 4527 594 4574 ut
644 4519 714 4572 ab
760 4533 827 4574 eo
867 4517 1002 4589 quid
1028 4516 1173 4573 facto
1211 4534 1352 4589 opus
1423 4529 1572 4574 esset
1639 4521 1941 4588 discerent,
1982 4525 2179 4594 cupide
2231 4523 2650 4596 exspectabant.
2712 4522 2818 4578 Per
2871 4539 3038 4594 quam
3097 4525 3174 4580 illi
3197 4539 3414 4581 causam
3449 4523 3566 4594 pri-

289 4630 433 4669 mam
464 4615 591 4684 ejus
609 4611 1073 4668 conﬂictationem
1104 4615 1386 4684 sapienter
1421 4614 1770 4672 repulerunt.

888 4729 1140 4785 κεψΑΑ.
1197 4736 1278 4786 A'.
1900 4736 1954 4797 ι)

1900 4736 1954 4797 D
2546 4729 2776 4787 CAPUT
2816 4727 2985 4783 XXX.

293 4825 435 4896 Περί
491 4820 902 4880 ’Δναστασίου
944 4821 1052 4876 τοῦ
1100 4822 1490 4890 θεουπόλεως
1542 4823 1649 4879 τοῦ
1674 4826 1874 4879 Σινατ-

1786 4826 1874 4878 αΐ-
2165 4825 2242 4880 De
2272 4824 2556 4880 Anastasio
2583 4821 2855 4893 Tlieopolis
2885 4823 3122 4890 episcopo
3149 4822 3384 4876 Sinaita.

1028 4908 1157 4947 του.

383 5009 753 5068 ’Δναστασιος
795 5004 841 5058 δ’
879 4997 1035 5068 οὗτος
1072 5005 1199 5077 ὅσον
1234 5005 1292 5069 ἐς
1332 5004 1405 5058 τά
1454 5003 1576 5061 θεῖα
1638 5007 1881 5076 μάλιστα

2060 5008 2386 5066 Anastasius
2409 5007 2511 5062 iste
2538 5006 2850 5062 divmarum
2879 5022 3062 5060 rerum
3093 5005 3302 5075 peritus
3330 5003 3564 5059 maxime

295 5101 480 5170 λόγιος
513 5093 608 5169 ἦν.
629 5098 789 5168 όρθδς
809 5097 865 5151 δὲ
908 5097 1003 5152 τὶν
1058 5099 1283 5168 τρόπον,
1320 5099 1415 5154 καὶ
1445 5098 1514 5152 τὰ
1570 5102 1628 5162 ἐς
1663 5099 1876 5153 δίαιταν

1982 5102 2118 5169 fuit,
2158 5101 2214 5156 in
2247 5115 2462 5155 morum
2496 5107 2678 5153 autem
2717 5109 2770 5153 et
2806 5097 3144 5168 quotidianae
3171 5097 3295 5150 vita:
3329 5095 3563 5163 integria

297 5189 735 5260 ἀκριϐέστατον
767 5186 843 5250 ὡς
877 5186 972 5241 καὶ
1018 5189 1131 5251 τοῖς
1178 5187 1321 5256 άγαν
1381 5187 1599 5252 λεπτοῖς
1644 5188 1876 5257 ἐπάγειν

1986 5200 2099 5248 tate
2154 5199 2264 5246 tam
2321 5197 2595 5245 accurata:
2642 5188 3046 5250 observantiae,
3097 5197 3158 5242 ut
3210 5187 3565 5260 ctqleviculis

302 5283 544 5354 ῥυθμὸν,
581 5279 791 5334 καὶτοῦ
832 5279 976 5349 ἄγαν
1035 5279 1312 5350 ἀσφαλοῦς
1361 5282 1629 5353 μηδαμῶς
1667 5300 1879 5353 παρεκ-

1986 5263 2212 5356 quoque
2248 5283 2485 5355 negotiis
2517 5281 2954 5337 moderationem
2993 5281 3317 5346 adhiberet,
3364 5291 3422 5336 et
3452 5297 3561 5336 nou

301 5374 644 5442 τρέπεσθαι·
672 5373 833 5444 μήτοι
894 5389 961 5442 γε
989 5371 1101 5426 τῶν
1133 5373 1364 5443 καιρίων
1396 5374 1490 5426 καὶ
1528 5376 1606 5437 είς
1632 5374 1766 5426 αὐτὸ
1819 5376 1881 5426 τὸ

1988 5376 2154 5432 modo
2206 5377 2265 5431 in
2312 5375 2482 5430 rebus
2522 5375 2786 5445 gravibus
2838 5385 2896 5431 et
2940 5375 3006 5429 ad
3060 5356 3306 5430 divinum
3351 5375 3567 5430 Numen

305 5465 468 5518 Θεῐον
517 5464 970 5536 ἀναφερομένων.
1004 5463 1242 5534 Ἀριστα
1278 5463 1338 5516 δέ
1369 5463 1419 5515 oi
1479 5464 1574 5516 καὶ
1626 5464 1689 5516 τδ
1749 5461 1882 5536 ἦθος

1991 5466 2422 5535 pertinentibus,
2461 5469 2556 5522 sed
2603 5466 2770 5521 etiam
2819 5466 2876 5522 in
2922 5467 3164 5521 minimis
3213 5482 3244 5521 a
3291 5466 3567 5521 constanti

309 5557 607 5628 txéxpa'w
636 5555 696 5608 οὐ
724 5555 834 5625 γάρ
864 5571 946 5607 τοι
983 5553 1123 5608 πάνυ
1157 5554 1508 5617 εὐέντευκτος
1534 5549 1624 5624 ἦν,
1676 5555 1766 5608 ἵνα
1807 5555 1884 5625 μὴ

1992 5566 2262 5628 certoque
2296 5558 2584 5628 proposito
2616 5557 3047 5628 haudquaquam
3079 5556 3437 5612 transversim
3471 5571 3569 5612 ex-

309 5649 422 5710 τοῑς
445 5645 782 5717 καθήκουσιν
833 5645 1156 5710 εὐεπίϐατος
1190 5647 1310 5718 εἴη’
1373 5645 1498 5700 οὔτε
1537 5647 1643 5719 μὴν
1678 5649 1884 5718 αὐστη-

1995 5650 2225 5706 cideret.
2267 5651 2466 5706 Mentis
2513 5666 2648 5706 vero
2686 5651 2934 5706 habitum
2979 5666 3144 5722 quam
3185 5650 3393 5719 optime
3433 5659 3571 5707 teni-

317 5741 406 5807 ρός
433 5756 522 5804 τις
556 5740 647 5792 καὶ
673 5739 896 5810 ἀφειδὴς
937 5739 1033 5792 καὶ
1060 5739 1136 5802 ὡς
1167 5739 1232 5793 ἄν
1269 5757 1332 5810 γε
1368 5741 1446 5812 μὴ
1481 5743 1576 5796 καὶ
1602 5741 1883 5814 δυσπρόσ-

2000 5741 2230 5814 peravit.
2261 5741 2381 5798 Non
2437 5740 2583 5798 cnim
2619 5743 2779 5798 tacile
2805 5743 3100 5798 admodum
3131 5741 3272 5797 adi-ri
3295 5755 3354 5796 se
3379 5754 3572 5813 passus

570 5865 834 5926 ΡΑτιιοι.
871 5867 988 5929 Gn.
1051 5866 1324 5930 CXLVII.
1910 5953 1912 5956 ν

1910 5953 1912 5956 ν
2901 5862 2909 5869 ·
3137 5841 3218 5922 10'
