4046 6458
466 335 573 398 €99

1704 332 2128 392 NICEI’HORI
2171 331 2516 391 (IALLlSTl

3614 335 3710 394 300

468 460 573 513 est,
609 466 676 505 ne
711 459 916 505 temere
951 463 1093 519 quos
1121 447 1348 502 minime
1380 453 1683 516 oporteret,
1710 447 1774 498 ad
1802 460 1859 500 se
1877 445 2040 498 admit

2179 465 2290 501 ιτον
2338 445 2532 498 ἑαυτὸν
2561 440 2642 508 οἷς
2670 441 2778 495 δέοι
2823 439 3219 512 παραδεικνύοι
3247 457 3262 472 ·
3313 443 3403 496 καὶ
3432 444 3584 514 ἡνίκα
3625 449 3711 514 μὲν

469 552 614 596 teret
649 560 662 596 :
697 556 878 610 neque
913 551 1174 596 austerus
1219 539 1360 594 adeo
1396 547 1454 594 et
1488 539 1721 594 tetricus
1751 538 1876 603 fuit,
1909 547 1969 592 ut
2000 553 2059 591 se

467 633 748 689 dimeilem
793 634 947 687 aditu
993 633 1076 686 eis
1121 631 1325 701 quibus
1362 630 1587 686 deceret
1638 630 1966 695 exhiberet;
2003 637 2059 683 et

468 743 595 782 eum
627 737 844 797 tempus
870 727 1030 782 seriae
1061 727 1143 781 rei
1187 726 1414 797 agendae
1451 733 1621 791 esset,
1657 726 1712 779 in
1747 734 1937 795 parato
1966 739 2061 778 au-

467 817 569 876 res'
601 820 860 884 habebat,
895 829 952 875 et
997 821 1188 889 lingua
1227 821 1349 891 ejus
1383 818 1631 873 ﬂuminis
1669 818 1845 874 instar
1882 827 2061 872 scate-

465 913 581 978 bat,
620 915 989 984 celeriterque
1037 928 1162 982 qn:e
1200 912 1250 966 ei
1292 911 1752 982 preponebantur
1783 909 2056 966 solvebat.

465 1005 628 1078 735
663 1007 838 1061 Porro
885 1007 938 1059 in
991 1004 1480 1074 negotiis‘otiosis,
1513 1012 1571 1059 et
1605 1003 1671 1058 ad
1709 1017 1825 1058 rem
1873 1001 2060 1057 minus

465 1100 898 1167 pertinentibus,
937 1099 1103 1152 simul
1149 1107 1206 1152 et
1248 1111 1414 1150 aures
1461 1110 1689 1165 prorsus
1737 1094 2057 1159 obturabat,

472 1205 530 1248 et
558 1193 804 1262 linguam
833 1191 1112 1256 frenabat,
1145 1191 1219 1245 ita
1249 1198 1308 1245 ut
1334 1204 1458 1244 cum
1488 1189 1794 1243 orationem
1827 1187 2059 1242 rationis

465 1286 803 1356 tempestivo
835 1286 1061 1339 modulo
1097 1284 1416 1348 metiretur,
1443 1293 1558 1337 tum
1589 1295 1849 1336 sermone
1883 1295 2061 1349 quan-

465 1379 652 1446 doque
701 1379 989 1433 silentium
1027 1378 1149 1446 ejus
1185 1375 1562 1445 praestabilius
1603 1381 1770 1428 esset.
1804 1372 1865 1426 In
1913 1373 2061 1424 hunc

464 1471 700 1540 perinde
743 1480 914 1540 atque
957 1470 1013 1523 in
1056 1467 1528 1539 propugnaculum
1569 1465 1849 1536 quoddam
1886 1461 2060 1519 Justi-

466 1565 669 1618 nianus
711 1563 960 1634 impegit,
1003 1560 1156 1614 omni
1205 1559 1359 1613 illum
1397 1567 1517 1614 arte
1558 1558 1865 1627 ingressus,
1909 1566 2058 1611 recte

468 1659 570 1712 hac
615 1671 828 1719 secum,
870 1664 932 1708 ut
977 1653 1058 1708 illi
1098 1652 1420 1718 videbatur,
1462 1653 1677 1706 ratione
1726 1650 2053 1715 deliberata,

460 1766 591 1804 eum
629 1751 672 1803 si
714 1748 1113 1810 concussisset,
1151 1762 1262 1800 non
1302 1745 1505 1800 diﬂicili
1545 1761 1713 1815 opere
1757 1761 1816 1800 se
1857 1745 2051 1799 urbem

2165 541 2358 611 καιρὸς
2386 537 2630 608 σπουδῆς
2652 531 2742 608 ἦν,
2775 537 2834 588 ὲν
2873 535 3079 606 ἑτοίμῳ
3109 531 3252 606 ἦσαν
3276 537 3344 589 τὰ
3385 531 3518 602 ὦτα,
3567 543 3654 592 καὶ
3686 545 3714 611 ή

2163 635 2378 704 γλῶττα
2427 633 2520 686 ίσα
2583 631 2817 703 ῥεύματι
2870 631 3112 684 νάουσα·
3147 632 3341 684 θᾶττον
3387 632 3454 686 τὰ
3505 639 3712 704 προσ-πῖ.

2165 741 2371 776 πτοντα
2401 721 2662 776 διαλύων.
2712 722 2802 774 Ἐν
2838 721 2896 773 δὲ
2927 723 3042 784 τοῖς
3067 724 3372 794 παρέργοις
3405 725 3471 777 τά
3505 741 3562 776 τε
3612 719 3715 777 ὦτα

2161 814 2352 868 τέλεον
2401 813 2747 877 ἀπεκλείετο,
2809 812 2907 867 καὶ
2969 816 3037 884 τῇ
3079 813 3296 885 γλώττῃ
3339 814 3547 884 χαλινὸς
3602 815 3713 868 ἐπέ-

2161 908 2432 970 κειτοοὼς
2470 905 2798 976 συμϐαίνειν
2836 906 2928 959 τδν
2966 907 3067 976 μὲν
3097 906 3260 974 ,λόγον
3307 907 3384 977 τῷ
3415 907 3607 979 καιρίῳ
3633 910 3718 962 τοῦ

2161 1002 2388 1070 εὐλόγου
2419 1000 2807 1072 ῥυθμίζεσθαι,
2837 1001 2934 1054 καὶ
2967 1001 3259 1068 κρείττονα
3283 997 3420 1054 εἶναι
3447 1000 3602 1068 λόγου
3631 999 3719 1069 τὴν

2163 1098 2402 1166 σιωπήν.
2467 1095 2578 1148 Καὶ
2632 1093 2696 1164 δὴ
2731 1087 2822 1148 οἷά
2874 1110 2982 1146 τινι
3033 1094 3288 1164 προϐόλῳ
3363 1093 3719 1156 ’Ῑουστινιανὸς

2159 1186 2336 1258 τούτῳ
2404 1186 2761 1257 προσϐάλλει,
2823 1188 3008 1240 πᾶσαν
3075 1189 3331 1258 μηχανὴν
3397 1186 3720 1257 περιστήσας

2160 1279 2344 1350 αὐτῷ·
2393 1279 2597 1347 καλῶς,
2634 1279 2710 1343 ὥς
2749 1280 2803 1349 γ’
2831 1279 3029 1350 ἐκείνῳ
3087 1279 3288 1344 ἐδόκει,
3333 1278 3718 1348 διανοούμενος,

2158 1372 2235 1435 ὡς
2257 1373 2307 1426 εί
2337 1371 2531 1426 τοῦτον
2555 1372 2962 1438 κατασείσειεν,
2987 1371 3164 1426 οὐδενὶ
3192 1373 3340 1444 πόνῳ
3364 1373 3453 1426 καὶ
3469 1371 3562 1441 τὴν
3581 1371 3722 1425 πόλιν

2160 1467 2306 1520 ἑλεῖν
2344 1466 2719 1537 περιγένοιτοο
2750 1465 2821 1520 τά
2855 1482 2916 1519 τε
2942 1465 3053 1520 τῶν
3084 1465 3376 1534 δογμάτων
3419 1465 3612 1535 γνήσια
3633 1464 3720 1519 ἁν-

2157 1555 2611 1627 δραποδίσασθαι,
2645 1555 2740 1609 καὶ
2767 1555 2874 1609 ὑπὸ
2921 1554 3321 1626 αἰχμαλωσίαν
3363 1555 3465 1627 τήν
3496 1553 3722 1625 Χριστοῦ

2159 1647 2509 1716 καταστῆσαι
2538 1646 2805 1716 ποίμνην.
2864 1646 2924 1700 '0
2981 1648 3039 1702 δὲ
3073 1647 3321 1702 τοιοῦτον
3355 1647 3636 1717 ἐστήρικτο
3662 1649 3720 1717 τῇ

2158 1737 2258 1807 τῆς
2292 1736 2534 1801 πίστεως
2570 1738 2773 1809 πέτρᾳ.
2818 1737 2916 1792 καὶ
2937 1738 3206 1809 ἅδόνητος
3229 1741 3354 1804 ταῖς
3405 1737 3723 1811 προσϐολαῖς

461 1855 683 1895 onmem
734 1839 789 1894 in
834 1847 1168 1908 potestatem
1215 1854 1370 1892 suam
1415 1837 1798 1903 redacturum,
1835 1853 1961 1892 vera
2000 1849 2040 1892 ei

2158 1830 2540 1902 καθειστήκει,
2576 1830 2657 1900 τῷ
2684 1807 2824 1902 θείῳ
2881 1807 3228 1903 μετηρμένος
3293 1807 3626 1906 φρονήματι,
3654 1835 3722 1894 ὡς

460 1948 722 2004 germana
755 1933 1008 2002 dogmata
1042 1946 1394 1998 eversurum,
1421 1940 1478 1986 et
1504 1929 1710 1986 Christi
1744 1946 1961 2002 gregem
1995 1930 2052 1985 in

457 2027 839 2097 captivitatem
896 2026 1292 2081 abducturum.
1351 2026 1678 2081 Anastasius
1730 2042 1862 2080 vero
1920 2025 2053 2080 tidei

458 2128 617 2184 petra
659 2119 893 2174 tirmiter
922 2128 1006 2172 est
1040 2119 1226 2180 nixus,
1255 2126 1310 2172 et
1341 2118 1481 2172 adeo
1513 2117 1781 2172 adversus
1812 2119 2052 2186 impera-

461 2211 601 2264 toris
635 2209 902 2279 impetum
930 2207 1118 2264 divina
1146 2224 1379 2279 prorsus
1408 2208 1663 2264 sublatus
1694 2219 1882 2263 mente
1915 2210 2050 2264 sub-

459 2303 622 2367 stitit,
648 2313 710 2356 ut
736 2301 1022 2372 propalam
1050 2300 1280 2356 disertis
1306 2301 1517 2365 verbis,
1541 2301 2051 2357 demonstrationes

458 2411 682 2463 quoque
728 2403 846 2448 arte
895 2393 1135 2447 maxima
1181 2393 1523 2463 compositas
1569 2393 1923 2458 adhibendo,
1968 2394 2047 2462 illi

459 2487 687 2550 dixerit,
719 2484 1084 2554 corruptibile
1115 2484 1290 2539 fuisse
1321 2493 1450 2539 ante
1478 2484 1798 2551 Passionem
1827 2484 2046 2539 Domini

455 2590 685 2646 corpus,
722 2574 1185 2644 naturalibusque
1219 2583 1278 2628 et
1319 2573 1904 2644 irreprehensibilibus
1940 2575 2044 2630 ob-

456 2671 680 2724 noxium
712 2667 1188 2739 perpessionibus,
1222 2666 1390 2736 idque
1421 2667 1496 2720 ita
1524 2675 1580 2721 et
1609 2681 1798 2722 saeros
1824 2677 2045 2738 aposto-

455 2765 541 2816 los
573 2760 886 2826 tradidisse,
920 2767 976 2814 et
1013 2759 1170 2814 divos
1204 2760 1396 2814 Patres
1429 2759 1668 2814 sensisse
1700 2768 1865 2829 atque
1899 2775 2044 2830 prae-

453 2857 690 2909 dicasse.
725 2854 859 2920 Quae
905 2867 1037 2909 sane
1081 2853 1266 2907 omnia
1312 2853 1482 2908 etiam
1527 2851 1597 2906 ad
1636 2852 2041 2908 monachorum

453 2949 646 3018 prima:
688 2959 746 3002 et
795 2947 1058 3002 secundae
1105 2947 1280 3017 Syria:
1330 2946 1609 3009 ordinem,
1645 2947 1738 3015 qui
1783 2946 1936 3000 illum
1973 2946 2042 3002 de

450 3043 533 3095 eis
583 3041 1004 3104 consuluerant,
1058 3040 1354 3094 manileste
1404 3049 1460 3094 et
1506 3039 1680 3094 libere
1735 3040 2041 3110 rescripsit,

367 3125 370 3127 Α
451 3150 647 3189 omnes
683 3142 744 3187 ut
786 3132 864 3187 ita
910 3133 1184 3186 sentirent
1217 3133 1575 3196 conﬁrmans,
1611 3143 1666 3186 et
1701 3135 1859 3202 quasi
1914 3135 2040 3204 qui-
2065 3167 2108 3226 α

451 3227 578 3280 dam
627 3225 829 3295 aliptes
875 3225 942 3278 ad
994 3234 1272 3278 certamen
1321 3240 1422 3293 pro
1465 3226 1669 3294 pietate
1714 3226 2035 3281 obeundum

449 3321 724 3382 excitans,
758 3317 1084 3386 dictumque
1118 3316 1252 3370 illud
1281 3317 1426 3386 quod
1463 3329 1558 3370 vas
1589 3318 1882 3371 electionis
1910 3333 2037 3388 pro-

450 3411 596 3475 tulit,
625 3409 885 3464 omuibus
914 3409 1216 3479 subjiciens
1244 3419 1410 3478 atque
1442 3424 1758 3478 proponens
1785 3427 1798 3462 :
1827 3409 1886 3463 Si
1917 3411 2034 3477 quis

447 3501 611 3564 vobis,
658 3508 1018 3570 prwterquam
1052 3500 1342 3569 accepistis,
1378 3499 1847 3570 evangelisaverit,
1891 3519 2030 3556 ana—

447 3595 623 3647 thema
653 3594 723 3645 sit
759 3594 800 3644 ¹.
835 3593 918 3647 llli
966 3607 1135 3661 porro
1174 3607 1371 3646 omnes
1409 3593 1462 3646 in
1504 3593 1694 3648 eadem
1741 3597 2034 3651 sententia!

445 3683 798 3737 a-mulatione
832 3683 1220 3751 perstiterunt.
1254 3683 1430 3747 Quam
1463 3682 1534 3737 ob
1563 3697 1807 3746 causam,
1842 3693 1902 3738 ut
1931 3683 2036 3738 sibi

446 3777 520 3828 ita
548 3776 896 3828 resistentem
926 3773 979 3826 in
1005 3773 1260 3828 exsilium
1287 3783 1497 3842 ageret,
1523 3773 1874 3829 Jusrinianns
1902 3790 2036 3830 con-

444 3865 628 3918 siiinm
670 3864 836 3933 cepit.
872 3863 929 3916 Id
973 3878 1104 3916 vero
1145 3873 1205 3916 ut.
1240 3863 1571 3917 Anastasius
1614 3862 1844 3926 audivit,
1881 3877 2033 3917 com-

443 3959 678 4026 positam
711 3957 897 4011 statim
935 3955 1275 4020 orationem,
1310 3953 1364 4008 in
1397 3970 1504 4024 qua
1533 3955 1874 4025 argumentis
1902 3969 2027 4008 cum

441 4053 782 4107 adversariis
830 4052 1288 4121 congrederetur,
1328 4050 1717 4112 Antiochenis,
1758 4060 1819 4104 ut
1864 4065 1927 4103 ea
1972 4066 2032 4104 se

2156 1924 2469 1991 ἀναφανδὸν
2491 1922 2792 1995 διαρρήδην
2816 1925 2994 1977 εἰπεῖν
3020 1925 3235 1994 βασιλεῖ
3263 1923 3722 1995 διαμηνυσάμενον

2154 2013 2221 2067 δι’
2248 2013 2579 2078 ἀποδείξεων
2610 2014 2879 2085 ἐντέχνων
2937 2015 3198 2083 μάλιστα,
3224 2015 3302 2080 ὡς
3337 2016 3575 2086 φθαρτὸν
3626 2011 3722 2084 πρὸ

2152 2103 2247 2157 τοῦ
2283 2104 2497 2169 πάθους
2531 2104 2621 2173 εἴη
2656 2105 2718 2158 τὸ
2755 2104 2850 2159 τοῦ
2883 2105 3091 2174 Κυρίου
3126 2105 3312 2174 σῶμα,
3371 2106 3463 2160 καὶ
3501 2105 3608 2169 τοῖς
3631 2123 3721 2171 φυ-

2155 2201 2329 2263 σικοῖς
2361 2201 2458 2252 καὶ
2513 2199 2864 2271 ἁδιαϐλήτοις
2925 2201 3291 2271 ὑποκείμενον
3345 2203 3580 2258 πάθεσι·
3636 2203 3722 2253 καὶ

2151 2291 2296 2347 οὕτω
2320 2292 2666 2365 παραδοῦναι
2704 2298 2834 2358 τούς
2883 2311 2944 2348 τε
3006 2295 3190 2366 ῑεροὺς
3243 2296 3603 2364 ἀποστόλους,
3635 2294 3721 2349 καὶ

2149 2385 2274 2447 τοὺς
2304 2383 2484 2448 θείους
2516 2385 2771 2455 Πατέρας
2801 2385 2978 2451 οὕτως
3027 2387 3232 2442 εἰδέναι
3293 2405 3358 2442 τε
3411 2389 3504 2442 καὶ¹
3532 2387 3720 2460 κηρύςο

2149 2495 2286 2533 τειν.
2322 2480 2392 2531 Ἀ
2422 2478 2484 2548 δὴ
2520 2479 2704 2534 πάντα
2729 2481 2991 2553 καὶπρὸς
3028 2480 3090 2536 τὸ
3127 2481 3430 2552 μοναδικδν
3459 2482 3560 2552 τῆς
3582 2480 3720 2554 πρώ-

2147 2589 2251 2643 της
2279 2571 2656 2643 καὶδευτέρας
2686 2573 2890 2645 Συρίας
2919 2575 3227 2646 ἑρωτῆσαν,
3251 2576 3397 2646 μετά
3423 2576 3718 2648 παρρησίας

2146 2660 2360 2728 ἀνεῖπε,
2396 2663 2674 2733 στηρίζων
2732 2666 2944 2727 πάντας
3004 2663 3152 2718 οὓτω
3200 2669 3461 2736 φρονεῖν·
3496 2667 3588 2720 καὶ
3639 2657 3720 2717 οἷα

2143 2768 2230 2815 τις
2258 2753 2527 2824 ἀλείπτης
2564 2755 2704 2826 πρὸς
2737 2757 2830 2811 τὸν
2884 2757 3026 2828 ὑπὲρ
3058 2759 3158 2829 τῆς
3212 2745 3501 2825 εὐσεϐείας
3544 2758 3720 2827 ἀγῶνα

2141 2844 2479 2915 διερεθίζων,
2505 2847 2690 2902 ἐκεῖνο
2717 2849 2779 2901 τὸ
2805 2849 2900 2902 τοῦ
2933 2850 3161 2914 σκεύους
3207 2852 3309 2920 τῆς
3340 2853 3567 2923 ἐκλογῆς
3591 2853 3718 2905 πᾶσι

2142 2935 2322 3006 λέγων
2353 2939 2448 2992 καὶ
2482 2939 2760 3011 προτιθείς
2785 2954 2800 2972 ⁶
2832 2941 2906 2995 ει
2955 2960 3045 3007 τις
3093 2941 3251 3011 ὑμᾶς
3284 2943 3718 3016 εὐαγγελίζεται

2141 3029 2279 3098 παρ’
2311 3028 2342 3083 ὃ
2371 3030 2761 3099 παρελάϐετε,
2801 3033 3072 3104 ἀνάθεμα
3102 3037 3280 3094 ἔστω.
3343 3039 3406 3092 Οἳ
3437 3040 3502 3110 δὴ
3526 3040 3716 3101 πάντες

2141 3123 2210 3176 τὰ
2266 3125 2634 3196 παραπλήσια
2701 3126 3000 3196 ζηλοῦντες
3051 3128 3433 3200 διαγεγόνασι.
3498 3133 3594 3187 Διά
3639 3148 3717 3184 τοι

2143 3215 2322 3269 ταῦτα
2355 3214 2740 3282 Ἰουστινιανὸς
2768 3219 2942 3284 οὕτως
2975 3221 3406 3293 ἀνθιστάμενον,
3440 3227 3719 3295 ὑπερόριον

2143 3308 2305 3376 ἄγειν
2334 3309 2576 3380 σπουδὴν
2609 3310 2868 3367 ἐποιεῖτο.
2904 3313 3084 3384 Ὅπερ
3125 3318 3442 3389 πυθόμενος
3471 3318 3721 3373 Ἀναστά-

2145 3416 2281 3464 σιος,
2339 3402 2742 3471 συντακτήριον
2794 3403 2955 3474 λόγον
3007 3409 3328 3478 σχεδιασας,
3390 3410 3720 3482 ’Δντιοχεῦσι

2142 3494 2476 3564 προϐάλλειν
2537 3496 2784 3550 ἐτίθετοο
2838 3497 3099 3554 τοσοῦτον
3154 3504 3484 3578 καλλιεπείᾳ
3515 3504 3719 3574 καὶτῷ

2143 3587 2484 3656 πυκνῴντῶν
2541 3590 2969 3660 ἐνθυμημάτων,
3008 3595 3104 3649 καὶ
3141 3596 3220 3667 τῷ
3267 3597 3583 3671 εὐπορίστῳ
3618 3597 3722 3650 τῶν

2142 3680 2436 3748 γραφικῶν
2469 3680 2685 3751 ῥήσεων
2720 3683 2859 3753 πρὸς
2883 3684 2942 3738 τὸ
2970 3687 3070 3756 τῆς
3131 3687 3385 3758 ἱστορίας
3421 3689 3720 3760 πρόσφορον

2139 3774 2514 3842 ἡρμοσμένον,
2577 3772 2653 3837 ὡς
2712 3775 2807 3828 ἐπὶ
2841 3777 3046 3846 μᾶλλον
3078 3778 3318 3847 ἄγασθαι
3389 3783 3484 3836 τὸν
3510 3783 3718 3852 πατέρα

2139 3865 2458 3944 τοῦλόγου,
2492 3867 2590 3918 καὶ
2645 3867 2997 3922 ἐπιπλεῖστον
3055 3872 3331 3940 αἱρεῖσθαι
3401 3873 3715 3944 θαυμάζειν.

2146 3955 2312 4009 Ἀ).λὰ
2343 3957 2435 4010 τοῦ
2473 3957 2611 4010 Θεοῦ
2659 3961 2912 4028 κρεῖττόν
2960 3979 3011 4015 τι
3062 3965 3190 4034 περὶ
3230 3967 3326 4034 τῆς
3382 3967 3550 4021 αὐτοῦ
3597 3965 3716 4019 Ἐκ-

2135 4049 2370 4115 κλησίας
2400 4048 2881 4119 προϐλεψαμένου,
2911 4054 2938 4106 ὀ
2994 4053 3150 4124 λόγος
3201 4058 3301 4111 οὐκ
3333 4059 3579 4128 ἐξεδόθη.

439 4146 833 4208 defenderent,
873 4144 918 4198 ei
968 4159 1109 4214 opus
1141 4155 1310 4208 esset,
1377 4143 1602 4198 obtulit.
1673 4141 1750 4196 Ea
1788 4154 1972 4222 autem
2019 4144 2315 4198 verborum
2356 4142 2628 4212 elegantia
2671 4153 2730 4198 et
2773 4145 3243 4216 enthymematum
3313 4126 3595 4206 densitate
3638 4126 3740 4202 est.

439 4239 713 4300 conlecta,
748 4250 852 4288 nec
894 4251 1005 4289 non
1053 4237 1327 4290 dictarunt
1359 4250 1428 4289 ex
1457 4237 1635 4290 sacris
1676 4235 1902 4290 Litteris
1949 4237 2404 4306 depromptorum
2476 4235 2756 4298 ubertate,
2799 4238 2866 4292 ad
2899 4255 3013 4292 rem
3078 4241 3250 4311 ipsam
3315 4243 3394 4298 ita
3421 4259 3718 4300 accommo-

437 4333 587 4396 data,
629 4339 689 4383 ut
736 4329 1030 4384 maximam
1064 4343 1259 4384 auctor
1303 4331 1431 4385 libri
1460 4332 1582 4401 ejus
1611 4342 1946 4386 consecutus
1986 4330 2056 4383 sit
2091 4330 2537 4384 admirationem.
2580 4330 2688 4386 Sed
2723 4335 2989 4403 scriptum
3025 4335 3101 4399 id,
3136 4339 3282 4406 quod
3318 4336 3718 4394 Dens‘m’eliori

437 4426 675 4493 quadam
721 4422 939 4476 ratione
989 4421 1250 4476 Ecclesiae
1297 4438 1411 4476 sua:
1439 4424 1755 4477 consultum
1798 4425 2054 4486 voluerit,
2093 4424 2301 4478 editum
2338 4441 2450 4480 non
2487 4436 2592 4480 est.

909 4541 1075 4610 736
1109 4540 1336 4598 CAPUT
1376 4540 1572 4596 xxxx.

441 4637 507 4690 [ι
543 4635 883 4694 Justiuianus
937 4645 1194 4719 mortuus].
1219 4637 1309 4702 sit,
1361 4645 1409 4689 et
1440 4635 1505 4688 de
1546 4637 1799 4704 opinione
1835 4651 1882 4692 et
1916 4640 2022 4708 ﬁde

1145 4723 1279 4776 ejus.

504 4825 853 4880 Justinianus
905 4839 1178 4893 namque,
1237 4840 1360 4878 eum
1429 4826 1706 4880 Anastasii
1762 4831 2022 4884 sacerdo-

434 4929 663 4988 tumque
709 4919 851 4989 ejus,
890 4918 986 4988 qui
1033 4918 1228 4972 eodem
1270 4934 1396 4974 eum
1445 4920 1540 4974 illo
1577 4921 1774 4976 ardore
1818 4921 2014 4994 ﬂagra-

433 5014 587 5074 bant,
613 5011 795 5066 exsilii
822 5011 1070 5068 libellum
1096 5015 1355 5076 dictaret,
1380 5015 1646 5071 invisibili
1672 5016 1813 5071 ictus
1836 5019 2015 5088 plaga,

430 5121 498 5158 ex
552 5106 663 5158 vita
697 5105 800 5159 hac
829 5108 1087 5173 excessit,
1121 5108 1343 5180 triginta
1373 5120 1429 5164 et
1461 5119 1585 5164 octo
1617 5111 1778 5166 annis
1809 5113 2015 5166 mensi-

429 5196 640 5266 busque
684 5207 811 5252 octo
859 5199 914 5253 in
955 5200 1192 5270 imperio
1240 5204 1530 5258 transaczis
1569 5221 1582 5257 :
1626 5219 1752 5259 cum
1789 5205 2013 5274 quidem

426 5289 1066 5359 .‘lphtbartodocetarum
1117 5295 1435 5363 Opinionem
1485 5312 1596 5350 non
1647 5297 2012 5362 abolevisset,

428 5399 630 5454 quippe
657 5386 750 5454 qui
778 5387 1111 5441 sententiam
1143 5389 1416 5460 ejusmodi
1442 5390 1509 5445 ad
1538 5389 1806 5446 honorem
1833 5390 2016 5445 Domi-

365 5528 374 5538 ,
426 5476 538 5530 niei
571 5481 824 5548 corporis
857 5482 1031 5551 magis
1061 5483 1245 5537 facere
1274 5484 1702 5539 existimaverit.
1747 5483 2013 5540 Nonnulli

426 5578 580 5625 certe
619 5571 844 5640 quidem
887 5577 1104 5630 veniam
1149 5575 1225 5652 illi
1269 5579 1604 5644 concedunt,
1652 5593 1833 5647 neque
1881 5595 2010 5632 enm

425 5659 496 5712 oh‘
541 5661 705 5715 talem
756 5664 1076 5733 Opinionem
1137 5669 1326 5724 itidem
1370 5680 1426 5724 ut
1464 5670 1704 5726 haereses
1733 5671 1890 5737 alias,
1943 5671 2011 5724 :tb

496 5811 510 5841 ¹
547 5809 723 5866 Geloi.
764 5826 798 5874 Ι,
825 5815 878 5868 υ.

2717 4550 2963 4606 ΚΕΦᾹΛ.
3010 4551 3138 4608 ΛΑ’.

2140 4641 2236 4706 Ὧς
2293 4641 2728 4720 ἐτελεύτησεν·Δ
2761 4645 3231 4720 Ἰουᾳτινιανός·
3271 4649 3375 4703 καὶ
3393 4653 3567 4720 κπερὶ
3612 4649 3716 4719 τῆς

2700 4714 2921 4769 ἑαυτοῦ
2949 4717 3158 4783 δόξης.

2211 4827 2274 4882 ’0
2301 4831 2412 4899 γὰρ
2455 4831 2838 4896 Ἰουστινιανὸς
2867 4835 2965 4902 τὴν
2991 4835 3205 4888 ἐκείνου
3237 4837 3463 4908 ἐξορίαν
3491 4840 3585 4894 καὶ
3615 4841 3716 4891 τῶν

2127 4921 2269 4990 ἀμφ’
2295 4921 2460 4976 αὑτὸν
2497 4924 2692 4993 ίερέων
2730 4925 2828 4978 καὶ
2857 4925 2965 4979 τῶν
2993 4925 3089 4979 τοῦ
3136 4928 3254 4981 ἴσου
3279 4929 3448 5000 ζήλου
3507 4932 3718 4999 ὑπαγο-

2131 5013 2327 5084 ρεύων,
2393 5017 2613 5087 ἀοράτῳ
2661 5019 2893 5087 πληγεὶς
2941 5021 3194 5088 μάστιγι,
3251 5022 3346 5076 τὸν
3400 5025 3534 5094 τῇδε
3602 5027 3718 5096 βίον

2128 5109 2503 5179 κατέστρεψεν
2530 5124 2546 5141 ο
2577 5111 2673 5181 ἐτη
2705 5113 2776 5165 τὰ
2808 5113 2987 5167 πάντα
3017 5114 3415 5187 διαγενόμενος
3445 5120 3515 5190 τῇ
3573 5121 3714 5187 ἀρχῇ

2123 5203 2272 5257 ὀκτὼ
2328 5205 2424 5257 καὶ
2477 5208 2779 5277 τριάκοντα
2845 5208 2944 5261 σὺν
3018 5211 3187 5279 μησὶν
3236 5211 3422 5264 ὀκτώσ
3462 5213 3565 5283 τὴν
3608 5213 3716 5265 τῶν

2134 5297 2664 5369 ’Λφθαρτοδοκητῶν
2701 5299 2778 5370 μὴ
2809 5301 3262 5373 ἀποτριψάμενος
3293 5303 3457 5369 δόξαν
3485 5343 3503 5372 ,
3549 5305 3718 5376 ἡγού-

2124 5406 2289 5460 μενος
2322 5389 2460 5460 πρὸς
2507 5391 2678 5462 τιμὴν
2718 5381 2923 5462 μᾶλλον
2963 5391 3106 5448 εἶναι
3138 5395 3237 5468 τὴν
3263 5397 3426 5462 δόξαν
3457 5397 3555 5451 τοῦ
3598 5399 3714 5452 Κυ-

2121 5483 2319 5552 ρισκοῦ
2350 5482 2631 5556 σώματος.
2677 5485 2789 5539 Καί
2831 5503 2894 5556 γε
2935 5490 3271 5561 συγγνώμην
3324 5490 3475 5554 τινὲς
3533 5489 3715 5560 τούτῳ

2119 5578 2450 5648 παρέχουσι,
2493 5577 2572 5649 μὴ
2599 5577 2708 5631 δεῖν
2737 5572 2879 5633 εἶναι
2915 5581 3171 5650 λέγοντες
3201 5583 3293 5638 τὸν
3333 5582 3513 5648 οὕτως
3548 5583 3714 5637 ὑπει-

2117 5669 2350 5740 ληφότα,
2383 5669 2581 5742 ἐπίσης
2615 5672 2736 5736 ταῖς
2787 5671 2978 5739 ἄλλαις
3007 5676 3311 5747 αἱρέσεσιν,
3363 5675 3473 5742 ἔξω
3515 5673 3714 5747 βάλλε-
