4046 6460
501 403 606 464 303

1723 391 2143 452 ΝΠΣΕΙἪΟΒΙ
2187 391 2530 451 CALLISTI

3621 392 3714 454 3οί

505 513 670 581 pleri.
707 510 774 566 Et
818 521 930 564 tum
971 509 1211 580 primum
1265 492 1390 562 inde
1437 505 1671 561 sericum
1705 503 2081 574 (1)(Ξοηειειιιο

2194 506 2477 560 σταντενου
2507 507 2539 576 ἡ
2573 504 2784 576 μέταξα
2811 522 2825 538 ·
2863 504 2957 560 καὶ
3014 505 3218 576 σημεῖα
3277 503 3330 558 δὲ
3383 494 3718 578 πάμπλειστα

505 603 790 672 tinopoliin
831 612 918 656 cst
952 601 1200 654 allatum.
1248 597 1498 668 Prodigia
1533 611 1753 666 quoque
1783 593 2076 664 quamplu-

2179 593 2568 648 ἰουστινιανοῦ
2591 595 2688 667 τὴν
2745 595 2925 665 ἀρχὴν
2962 595 3289 657 διιθύνοντος
3333 597 3563 665 ἐγεγόνει
3592 614 3606 630 ⁶
3641 599 3720 665 ἐξ-

505 698 641 749 rima
713 694 1024 748 Iustiniano
1093 692 1396 759 imperante
1459 690 1751 743 exstitere.
1825 686 2076 754 Ingentes

2194 684 2349 738 ιίσιοί
2392 702 2453 738 τε
2501 687 2610 756 γὰρ
2644 691 2885 756 σεισμοὶ,
2936 685 3033 740 καὶ
3076 685 3316 756 βρασμοὶ
3347 687 3449 756 γῆς
3503 692 3596 744 καὶ
3634 691 3723 760 χά-

507 796 880 850 ιειϊιιειηοιυε,
943 785 1332 838 concussioues
1392 789 1447 835 et
1513 781 1732 842 hiatus,
1795 779 2078 848 stellarum

2183 795 2370 848 σματα
2399 779 2496 832 καὶ
2527 778 2776 849 ἀστέρων
2814 778 3044 848 φαύσεις
3103 779 3427 850 παράδοξον
3481 782 3728 852 ἐκτροπαί

506 881 654 934 faces
691 877 1051 938 admirandae,
1083 885 1249 943 atque
1283 871 1682 927 exundationes
1713 870 1899 930 mai-is,
1932 866 2078 936 quod

2194 885 2240 921 re
2269 869 2548 940 θαλάσσης
2577 870 2710 922 ὡσεὶ
2743 871 2898 938 μίλια
2929 870 3170 941 τέσσαρα
3206 871 3309 925 ἀνὰ
3361 872 3458 943 τὴν
3511 873 3721 945 Θρᾴκην

509 985 679 1040 prope
710 969 776 1022 ad
810 977 1047 1038 quatuor
1093 965 1348 1019 milliaria
1396 964 1449 1016 in
1487 962 1774 1017 Thraciam
1815 960 2079 1015 excurrit.

506 1063 574 1116 Et
613 1061 842 1115 catellus
881 1074 1060 1112 caecus
1109 1071 1278 1110 novas
1324 1054 1586 1124 quasdam
1629 1068 1718 1108 res
1765 1051 2083 1122 peragebat,

505 1163 671 1222 atque
711 1151 942 1206 cuilibet
984 1165 1144 1204 suum
1197 1148 1494 1207 tribuebat,
1527 1158 1581 1200 et
1617 1145 1898 1199 arcaiiiora
1936 1159 2086 1212 qua:-

506 1246 630 1298 daiii
663 1243 834 1312 signis
856 1241 1324 1295 cominonstrahat
1349 1239 1452 1307 (l).
1489 1236 1544 1291 In
1574 1236 1863 1307 pontilices
1893 1235 2082 1297 etiam,

508 1351 648 1402 quos
697 1335 992 1388 admodum
1045 1332 1113 1386 de
1169 1331 1534 1384 Sodomorum
1593 1325 1785 1382 hairesi
1842 1325 2085 1379 insanire

511 1435 880 1494 compererat,
922 1425 1141 1488 acerbe,
1181 1439 1277 1477 seu
1319 1423 1499 1491 potius
1545 1419 1712 1483 facile,
1745 1417 2087 1472 Justinianus

521 1520 933 1572 animadvertit.
976 1517 1043 1570 Et
1071 1532 1193 1570 cum
1230 1513 1400 1567 fames
1433 1511 1670 1582 llyzautii
1700 1509 2083 1571 increbuissct,

513 1626 698 1686 rerum
752 1609 1186 1663 necessariarum
1245 1605 1450 1674 inopia,
1493 1604 1791 1673 imperator
1844 1600 2088 1656 secunda

511 1703 696 1756 statim
743 1701 938 1771 jejuiiii
984 1696 1346 1760 hebdomade,
1379 1709 1574 1749 carnes
1609 1695 1664 1747 in
1706 1692 1826 1746 foro
1868 1693 2088 1746 venales

515 1793 901 1863 proponendas
935 1789 1318 1861 promulgavit.
1359 1787 1426 1840 Et
1463 1787 1566 1839 hoc
1599 1785 1823 1854 quidem
1868 1784 1947 1838 sic
1991 1798 2088 1852 per

2184 961 2510 1030 ἑπεξιούσης
2535 979 2550 994 ο
2577 963 2820 1016 κυνίδιόν
2847 980 2907 1016 τε
2937 965 3117 1032 φωτὸς
3151 965 3384 1036 ἄμοιρον
3417 967 3573 1020 καινά
3618 983 3732 1020 τινα

2183 1054 2682 1126 διαπραττόμενον,
2717 1057 2814 1110 καὶ
2841 1059 3061 1129 ἑκάστῳ
3113 1059 3173 1111 τὸ
3201 1059 3402 1112 οίκεῖον
3455 1059 3733 1128 ἀπονέμον,

2185 1147 2278 1198 καὶ
2334 1147 2473 1200 ἄλλα
2525 1151 2648 1201 τινὰ
2681 1148 2792 1202 τῶν
2839 1149 3302 1220 ἀπορρητοτέρων
3357 1149 3734 1220 διασημαῖνον·

2187 1238 2421 1304 πολλοὺς
2449 1240 2508 1293 δὲ
2539 1242 2770 1296 καὶτῶν
2824 1242 3130 1314 ἀρχιερέων
3165 1244 3296 1314 περὶ
3341 1242 3441 1313 τὴν
3501 1242 3739 1313 Σοδόμων

2187 1332 2405 1400 αἵρεσιν
2428 1334 2746 1403 μεμηνότας
2782 1334 2985 1406 εὑρὼν,
3014 1335 3250 1405 πικρῶς,
3297 1334 3495 1406 μᾶλλον
3525 1334 3582 1389 δὲ
3633 1337 3742 1388 αἶσ-

2189 1421 2337 1492 χρῶς
2390 1423 2711 1480 ὲκολάσατο.
2765 1425 3187 1494 Ἐπιγεγονότος
3240 1426 3299 1479 δὲ
3352 1425 3446 1480 καὶ
3497 1425 3650 1495 λιμοῦ
3688 1427 3740 1477 ἐν

2191 1511 2500 1582 Βυζαντίῳ,
2529 1515 2642 1568 τῶν
2691 1516 3009 1584 ἀναγκαίων
3067 1517 3512 1579 ἐπιλελοιπότων,
3547 1518 3574 1569 ὁ
3603 1516 3744 1586 βασι-

2189 1603 2318 1668 λεὺς
2377 1608 2446 1677 τῇ
2509 1606 2742 1678 δευτέρᾳ
2785 1607 2899 1661 τῶν
2960 1609 3229 1678 νηστειῶν
3291 1608 3564 1678 ἐϐδομάδι,
3620 1608 3745 1676 κρέα

2194 1695 2480 1766 προθεῖναι
2503 1699 2570 1768 τῇ
2621 1700 2800 1770 ἀγορᾷ
2853 1699 3164 1770 διηγόρευε.
3215 1700 3327 1754 Καὶ
3357 1700 3513 1754 τοῦτο
3545 1700 3639 1768 μὲν
3681 1702 3745 1770 τῇ

2195 1785 2286 1857 βίᾳ
2317 1788 2561 1855 ἐγίνετο.
2604 1789 2662 1842 ’0
2690 1790 2745 1843 δὲ
2779 1791 2910 1855 λαὸς
2955 1792 3207 1846 εὐσεϐεῖν
3246 1794 3594 1863 αἱρούμενος,
3644 1792 3746 1846 οὔτ’

516 1888 622 1939 vim
676 1897 881 1940 actum.
936 1883 1174 1953 l'opulus
1220 1890 1428 1944 autem,
1478 1879 1644 1948 788
1687 1877 1776 1946 qui
1826 1876 2088 1946 pietatem

2194 1877 2384 1934 ὠνεῖτο
2411 1879 2526 1934 οὔτ’
2548 1882 2706 1954 ἤσθιε
2735 1899 2748 1914 ⁸
2784 1883 2969 1939 θανεῖν
3031 1883 3234 1956 μᾶλλον
3265 1885 3569 1958 ἡγούμενος
3613 1885 3740 1956 αίρε-

514 1979 617 2033 sibi
667 1980 1089 2033 consectandum
1139 1974 1440 2036 statuisset,
1484 1985 1664 2039 neque
1707 1983 1804 2022 eas
1849 1966 2089 2030 emebat,

513 2086 694 2141 neque
725 2071 958 2133 edebat,
990 2079 1222 2122 mortem
1261 2066 1365 2119 sibi
1415 2064 1596 2133 potius
1627 2059 1934 2116 adeundam
1969 2073 2092 2113 esse

514 2179 770 2231 censeas,
802 2179 965 2234 quam
1000 2171 1058 2216 ut
1089 2160 1392 2230 quidquam
1427 2163 1493 2211 de
1528 2155 1722 2226 patriis
1757 2151 2004 2206 moribus
2037 2157 2094 2203 et

516 2256 910 2310 traditionibus
961 2260 1220 2307 mutaret.
1281 2249 1411 2302 llaec
1461 2249 1530 2302 de
1586 2244 1898 2300 Justiniano
1947 2243 2092 2296 dicta

520 2349 654 2403 sint.
685 2345 1018 2400 Faciendum
1053 2353 1234 2396 autem
1272 2340 1404 2394 mihi
1437 2353 1556 2392 esse
1592 2336 1781 2401 statui,
1809 2343 1868 2388 ut
1893 2331 2090 2388 Justiiii

517 2440 684 2494 etiam
715 2437 1006 2506 imperium
1042 2434 1182 2486 libro
1217 2431 1348 2485 huic
1381 2430 1681 2482 iiitexereni
1718 2445 1730 2480 :
1766 2437 1825 2479 ut
1851 2425 2093 2494 proclive

405 2565 409 2568 -
515 2543 664 2585 esset
717 2529 910 2584 lectori
950 2528 1120 2581 trium
1168 2525 1481 2594 principum
1525 2518 1750 2581 Justiiii,
1796 2515 2093 2573 Iustiniani

515 2637 573 2679 et
625 2624 824 2678 .Lsimi
866 2618 1104 2692 juuioris
1150 2616 1553 2673 ecclesiasticas
1598 2610 1845 2667 actiones
1890 2623 2093 2679 cogno-

515 2734 693 2773 SCCFO.

1046 2823 1273 2880 CAPUT
1318 2819 1560 2877 XXXIII.

520 2951 593 3006 De
621 2945 822 3003 Jusliiii
866 2941 1106 3014 juniori's
1152 2937 1394 3007 imperio,
1442 2932 1780 3002 moribusque
1831 2925 2089 2992 eiusdem.

590 3127 789 3182 Verum
826 3123 1108 3178 enimvero
1149 3112 1482 3186 ejuscemodi
1530 3111 1776 3182 opinioni
1821 3108 2092 3174 addictus,

513 3235 635 3273 eam
672 3217 744 3270 ob
774 3226 995 3268 causam
1029 3207 1189 3262 turba
1225 3213 1281 3258 ct
1318 3202 1553 3255 tumultu
1603 3201 1758 3270 plena
1797 3199 1978 3252 omnia
2011 3213 2095 3250 re-

517 3312 796 3377 liuqueiis,
842 3307 910 3357 ad
959 3301 1191 3354 alterum
1243 3293 1398 3347 illum
1450 3307 1630 3346 rerum
1671 3299 1876 3343 statum
1921 3285 2093 3341 Justi-

521 3404 721 3453 iiiaiius
768 3391 1018 3456 transiit;
1056 3399 1116 3443 et
1166 3390 1218 3441 in
1271 3387 1560 3457 magniﬁco
1609 3387 1987 3442 monumento,
2029 3378 2097 3432 ab

518 3495 644 3560 Ip>0
691 3487 870 3557 lapide
917 3484 1113 3539 Sardio
1160 3483 1215 3536 in
1265 3479 1654 3550 Apostolorum
1705 3476 1908 3544 templo
1964 3486 2098 3525 con-

525 3591 756 3643 structo,
803 3577 1051 3648 sepultus
1094 3584 1178 3628 est
1223 3573 1290 3633 ad
1327 3572 1572 3625 dextram
1618 3582 1740 3621 eam
1785 3565 1959 3620 aedem
1999 3565 2092 3618 iii-

525 3671 793 3746 gi-edienii
823 3680 1061 3738 partem.
1103 3666 1275 3720 Filius
1306 3679 1438 3718 vero
1466 3661 1677 3717 sororis
1703 3661 1821 3731 ejus
1847 3657 2098 3714 Justinus

517 3768 727 3838 junior,
767 3763 856 3816 cui
907 3758 1212 3830 imperialis
1254 3756 1397 3809 aula:
1445 3750 1847 3807 administratio
1889 3750 2097 3804 credita

520 3860 701 3913 fuerat
734 3854 1068 3926 (curatorem
1118 3847 1308 3920 palatii
1361 3846 1732 3900 Romanorum
1776 3843 1960 3913 lingua
2007 3857 2100 3895 vo-

522 3961 657 4020 cal),
691 3959 1022 4017 purpuream
1051 3951 1258 3996 vestem
1283 3948 1341 3994 et
1372 3937 1581 4006 reliqua
1613 3936 1827 4006 imperii
1859 3936 2098 4006 insignia

521 4042 775 4108 sumpsit,
821 4051 945 4088 cum
973 4035 1217 4088 nondum
1251 4030 1544 4099 quisquam
1573 4036 1777 4108 printer
1802 4026 2098 4080 familiares

523 4135 666 4204 ejus,
697 4131 783 4184 vel
825 4126 1117 4184 Iustiniani
1167 4133 1426 4188 mortem,
1462 4121 1546 4177 vel
1583 4102 1756 4190 ipsius
1794 4121 2099 4174 successio-

526 4243 649 4282 nem
683 4230 900 4287 nosset;
931 4220 1289 4291 quoadusque
1318 4217 1616 4282 derepente
1641 4215 1697 4268 in
1722 4212 2098 4283 llippodromo

522 4317 795 4388 apparuit,
837 4329 959 4382 qua:
1011 4316 1408 4381 imperatorum
1454 4317 1673 4371 essent,
1731 4321 1880 4360 more
1932 4305 2098 4359 solito

521 4420 746 4463 acturus
781 4405 943 4460 simul
999 4413 1056 4458 et
1099 4415 1386 4472 passurus.
1419 4402 1601 4469 Atque
1647 4398 1740 4453 ubi
1785 4413 1894 4462 res,
1931 4399 2002 4454 ita
2039 4406 2100 4452 ut

523 4502 572 4551 ei
601 4496 908 4558 videbatur,
936 4507 1196 4562 prospere
1227 4489 1575 4553 succederet,
1606 4502 1785 4557 neque
1805 4489 2095 4558 quisquam

525 4605 622 4658 per
665 4601 751 4641 res
791 4597 960 4638 novas
1005 4585 1170 4638 rebus
1210 4583 1330 4650 ejus
1367 4579 1671 4644 resisteret,
1707 4583 1760 4632 in
1792 4580 1972 4633 aulam
2007 4595 2097 4634 re-

525 4656 756 4734 vertitur
777 4719 792 4744 ,
838 4686 895 4730 et
925 4675 1156 4746 primam
1189 4672 1396 4742 scripto
1421 4670 1727 4742 jussionem
1765 4656 2095 4740 promulgat,

523 4789 629 4841 qua
679 4770 945 4826 omnibus
1010 4771 1212 4836 ubique
1269 4763 1546 4833 episcopis
1604 4771 1660 4817 ct
1716 4763 2099 4819 sacerdotibus

522 4864 800 4929 exsilium,
847 4862 902 4915 in
957 4860 1104 4930 quod
1159 4866 1448 4929 propterea
1503 4855 1614 4909 acti
1669 4855 1908 4923 fuerant,
1953 4858 2096 4926 quod

523 4955 826 5023 periculum
867 4968 964 5022 pro
1005 4964 1150 5006 recta
1207 4949 1469 5020 religione
1516 4949 1801 5014 adiissent,
1845 4949 2093 5014 remisit;

519 5062 727 5116 eosque
771 5046 934 5100 sedes
982 5059 1109 5098 suas
1159 5044 1431 5110 recipere,
1465 5049 1518 5094 et
1568 5041 1890 5109 religionem
1944 5056 2096 5095 more

525 5142 690 5194 :UIIIO
724 5139 926 5202 colere,
966 5152 1144 5204 neque
1181 5138 1482 5205 quidquam
1523 5145 1708 5204 postea
1741 5134 1808 5188 de
1848 5134 1952 5190 fide
1992 5151 2093 5188 no-

523 5246 654 5286 vare
705 5229 986 5299 prmeepit.
1033 5228 1147 5282 lloc
1207 5229 1319 5292 ille,
1376 5228 1457 5281 sic
1499 5237 1565 5281 ut
1611 5227 1835 5296 dignum
1883 5239 2004 5282 erat
2042 5237 2098 5282 et

600 5411 675 5476 il)
705 5407 917 5480 Metaxa
966 5407 1205 5462 sericum
1243 5406 1499 5460 villosum
1529 5404 1640 5460 dici
1675 5407 1913 5480 videtur,
1947 5413 2095 5480 quod

527 5490 778 5532 \‘cluIlllll
820 5479 979 5546 vulgo
1011 5488 1225 5530 vocant.
1259 5479 1502 5542 Quadam
1539 5491 1603 5529 cx
1643 5489 1799 5545 parte
1839 5479 1981 5535 hanc
2013 5484 2096 5536 di-

525 5563 767 5602 tiIlUlIClll
805 5554 1050 5601 releruiit
1089 5548 1337 5613 Boliemi,
1382 5563 1476 5615 qni
1504 5550 1742 5600 sericum
1790 5550 1895 5604 tale
1944 5554 2093 5605 Δαϊα-

528 5623 618 5671 mit
653 5619 955 5686 appellant.
989 5618 1213 5672 Metam:
1264 5631 1470 5670 mentio
1510 5620 1566 5669 lit
1626 5619 1852 5672 Liuius.
1892 5620 1956 5674 C.
2018 5622 2092 5676 De

525 5688 775 5755 ii.iii'ileg.
827 5697 881 5740 et
921 5703 1218 5757 gyiiieciar.
1264 5689 1364 5741 lib.
1419 5702 1479 5739 ii.
1547 5687 1611 5737 lit
1664 5692 2089 5745 mctaxariorum

524 5759 945 5825 negotiatorum,
972 5762 1009 5812 ί.
1057 5760 1150 5812 liii.
1190 5762 1248 5812 (ὲ.
1292 5759 1368 5812 De
1407 5771 1619 5825 pigrior.
1681 5760 1855 5812 Serii-i
1889 5778 2018 5816 usus
2061 5779 2091 5817 e

527 5828 705 5881 l’ci'sis
734 5829 800 5881 ad
831 5827 1048 5883 Graecos
1084 5831 1187 5885 hoc
1225 5841 1466 5894 tempore
1504 5831 1738 5892 transiit,
1769 5832 2090 5894 iampridem

2191 1971 2457 2043 τώτερον,
2493 1975 2527 2046 ἡ
2558 1993 2612 2028 τι
2656 1977 2767 2030 τῶν
2821 1978 3072 2050 πατρίων
3131 1983 3454 2050 μετακινεῖν
3510 1979 3645 2034 ὲθῶν
3694 1996 3749 2032 τε

2196 2066 2292 2120 καὶ⁸
2325 2068 2704 2139 παραδόσεων.
2749 2070 2858 2123 Καὶ
2909 2069 3041 2141 περὶ
3101 2073 3200 2143 μὲν
3245 2072 3626 2128 Ἰουστινιανοῦ
3673 2088 3739 2124 το

2198 2160 2376 2215 σαῦτα
2427 2163 2708 2233 εἰρήσθωο
2743 2163 2856 2217 δεῖν
2893 2165 2952 2219 δέ
3009 2183 3100 2233 μοι
3163 2166 3480 2237 λελόγισται
3532 2167 3622 2219 καὶ
3665 2165 3750 2236 τὴν

2207 2255 2500 2310 Ἰουστίνου
2533 2257 2711 2329 ἀρχὴν
2739 2257 2818 2329 τῷ
2854 2261 3089 2330 παρόντι
3129 2262 3283 2331 τόμῳ
3325 2261 3471 2333 μάλα
3515 2258 3749 2325 ἐντάξαιο

2197 2347 2287 2401 ῖνα
2317 2351 2382 2402 ὲκ
2445 2351 2541 2403 τοῦ
2565 2352 2864 2422 προχείρου
2891 2351 2976 2423 εἴη
3007 2352 3117 2405 τῶν
3149 2353 3324 2424 τριῶν
3356 2352 3579 2419 τούτων,
3638 2351 3752 2402 ’1ου-

2199 2441 2406 2506 στίνου,
2460 2441 2856 2497 ’Ῑουστινιανοῦ
2913 2445 3012 2498 καὶ⁹
3069 2443 3364 2499 Ἰουστίνου
3431 2443 3529 2508 τὰς
3579 2441 3752 2509 ἐκκλη-

2198 2533 2492 2599 σιαστικάς
2569 2533 2803 2606 πράξεις
2866 2536 3258 2609 ἀναλεγομένῳ
3337 2538 3511 2610 ῥᾷστα
3562 2533 3754 2603 μανθά-

2194 2641 2328 2680 νειν.

2765 2835 3021 2890 ΚΕΦΛΛ.
3053 2835 3177 2891 AI".

2195 2949 2334 3018 Περὶ
2359 2948 2469 3018 τῆς
2494 2948 2826 3004 ἰουστίνου
2853 2949 2962 3003 τοῦ
2980 2948 3272 3018 νεωτέρου
3298 2948 3650 3017 βασιλείας,
3671 2944 3757 3000 καὶ

2691 3020 2798 3075 τοῦ
2829 3020 3019 3089 ἤθους
3065 3021 3276 3076 αὑτοῦ.

2279 3133 2420 3188 Ἀλλ’
2452 3136 2480 3188 ό
2503 3134 3004 3204 μὲνἸουστινιανὸς
3053 3137 3118 3207 τῇ
3149 3134 3386 3210 τοιαύτῃ
3420 3135 3550 3207 δόξῃ
3602 3147 3761 3204 προσο

2123 3217 2168 3277 C
2202 3225 2478 3296 κείμενος,
2515 3226 2816 3279 κάντεῦθεν
2871 3227 3116 3298 ταράχου
3169 3227 3359 3300 πλήρη
3411 3231 3510 3284 καὶ
3543 3226 3763 3300 θορύϐου

2197 3319 2267 3372 τὰ
2299 3317 2476 3371 πάντα
2505 3316 2705 3383 λιπὼν,
2733 3317 2868 3385 πρὸς
2891 3318 2992 3389 τὴν
3015 3321 3193 3372 ἐκεῖσε
3247 3321 3560 3393 μετεχώρει
3611 3320 3766 3374 κατά-

2201 3429 2393 3465 στασιν
2421 3426 2436 3441 ·
2468 3412 2530 3464 ὲν
2567 3410 2646 3481 τῷ
2677 3410 2809 3482 παρ’
2829 3411 2993 3465 αὐτοῦ
3047 3415 3413 3485 ἀνεγερθέντι
3447 3417 3608 3488 ἡρὼῳ
3641 3413 3768 3484 πρὸς

2198 3503 2279 3573 τῷ
2307 3501 2412 3572 νεῷ
2459 3503 2572 3558 τῶν
2613 3503 2932 3558 ἀποοτολῶν
2985 3505 3121 3577 λίθῳ
3186 3507 3410 3580 Σαρδίῳ
3460 3508 3655 3574 τεθεὶς,
3717 3507 3769 3567 ές
3811 3491 3818 3493 ’

2198 3594 2353 3660 δεξιά
2384 3595 2612 3648 είσιόντι
2656 3595 2748 3648 τὸν
2783 3588 2972 3666 δόμον.
3020 3598 3080 3650 Ὀ
3101 3596 3148 3650 δ’
3188 3599 3411 3654 ἐκείνου
3463 3598 3771 3672 ἀδελφιδοῦς

2211 3689 2495 3751 Ἰουστῖνος
2525 3687 2554 3740 ὁ
2586 3687 2726 3752 νέος,
2765 3689 2869 3758 τὴν
2893 3689 3004 3743 τῶν
3031 3690 3368 3759 ἀνακτόρων
3402 3693 3771 3763 πεπιστευμέ-

2200 3791 2293 3837 νος
2321 3774 2613 3843 διοίκησιν,
2659 3775 2718 3830 δν
2749 3778 3163 3849 κουροπαλάτον
3210 3782 3246 3852 ὴ
3283 3783 3582 3856 Ῥωμαίων
3635 3788 3772 3838 εἴποι

2201 3867 2380 3936 φωνὴ,
2422 3866 2522 3937 τὴν
2547 3868 2815 3938 ἁλουργὸν
2844 3871 3049 3941 ἐσθῆτα
3072 3873 3169 3926 καὶ⁹
3213 3874 3283 3928 τὰ
3330 3875 3506 3931 λοιπά
3531 3877 3631 3947 τῆς
3681 3877 3773 3944 βα-

2202 3959 2409 4020 σιλείας
2458 3959 2796 4029 περιτίθεται
2854 3963 3140 4033 σύμϐολαο
3170 3969 3249 4037 μή
3299 3968 3394 4023 πώ
3442 3986 3588 4032 τινος
3643 3968 3774 4038 πλὴν

2199 4044 2309 4098 τῶν
2332 4043 2474 4115 ἀμφ’
2501 4046 2686 4113 αὐτὸν,
2725 4049 2862 4119 μήτε
2888 4052 2988 4122 τὴν
3013 4054 3411 4112 Ἰουστινιανοῦ
3455 4059 3772 4119 ἀποϐίωσιν,

2203 4140 2344 4208 μήτε
2375 4139 2486 4209 μὴν
2507 4141 2607 4209 τὴν
2631 4141 2843 4195 ἐκείνου
2877 4144 3183 4211 ἐγνωκότος
3211 4148 3526 4222 ἀνάρῤησιν
3550 4169 3565 4185 ο
3599 4149 3702 4212 ἕως
3718 4148 3774 4203 οὗ

2200 4232 2346 4286 κατά
2369 4233 2470 4304 τὴν
2499 4231 2889 4306 Ἰπποδρομίαν
2923 4235 3124 4307 αἴφνης
3175 4241 3352 4312 ἐφάνη
3385 4245 3454 4298 τά
3485 4244 3692 4313 συνήθη
3711 4245 3771 4313 τῇ

2201 4321 2459 4396 βασιλείᾳ⁴
2513 4326 2730 4396 δράσων
2783 4345 2842 4382 τε
2888 4330 2986 4385 καὶ
3015 4335 3373 4404 πεισόμενος.
3411 4336 3568 4392 Ἐπεὶ
3600 4337 3656 4392 δὲ
3704 4336 3776 4398 ὠς

2201 4414 2397 4487 ἐκείνῳ
2417 4417 2594 4472 ἐδόκει
2628 4419 2912 4475 συνέϐαινε
2939 4422 3016 4493 μή
3033 4439 3182 4488 τινος
3217 4429 3680 4500 νεωτερισθέντος
3701 4426 3774 4495 τῷ

2205 4500 2521 4572 πράγματι,
2562 4505 2842 4577 ἐπανῆκεν
2885 4504 3044 4572 αὖθις
3092 4511 3175 4576 είς
3219 4513 3288 4565 τά
3343 4515 3624 4584 βασίλεια.
3676 4516 3777 4570 Καὶ

2204 4592 2400 4664 πρώτη
2441 4595 2591 4663 αὐτῷ
2615 4596 2894 4669 ἔγγραφος
2925 4601 3139 4669 ἐγίνετο
3167 4602 3426 4672 κέλευσις
3452 4607 3658 4663 λύουσα
3672 4607 3776 4669 τοῖς

2202 4686 2510 4758 ἑκασταχοῦ
2567 4689 2776 4759 ἱερεῦσι
2821 4692 2920 4754 τὰς
2967 4693 3297 4766 ὑπερορίους
3333 4675 3546 4770 φυγὰς,
3595 4701 3660 4765 ἀς
3688 4716 3771 4754 πε-

2201 4779 2472 4836 πόνθασιν
2514 4781 2658 4854 ὑπὲρ
2685 4783 2788 4854 τῆς
2834 4785 3006 4858 ὀρθῆς
3054 4789 3354 4860 θρησκείας
3394 4791 3772 4865 προκινδυνεύ-

2201 4889 2355 4936 οντες
2378 4889 2389 4901 ·
2428 4875 2520 4948 καὶ
2548 4877 2675 4940 τοὺς
2713 4877 2952 4944 οἰκείους
3000 4880 3226 4950 θρόνους
3267 4885 3774 4958 ἀπολαμϐάνοντας,

2200 4965 2342 5016 κατά
2379 4965 2440 5017 τὸ
2473 4967 2666 5031 εἰωθὸς
2697 4971 3050 5040 θρησκεύειν,
3093 4974 3190 5028 καὶ
3228 4976 3401 5045 μηδέν
3435 4995 3488 5032 τι
3541 4978 3637 5032 τοῦ
3669 4976 3779 5029 λοι-

2200 5052 2305 5105 ποῦ
2348 5055 2480 5125 περὶ
2525 5056 2626 5126 τὴν
2687 5059 2873 5112 πίστιν
2929 5063 3404 5132 ὲπικαινουργεῖν.
3469 5067 3645 5121 Τοῦτο
3685 5066 3778 5137 μὲν

2200 5146 2352 5213 ἀξιον
2395 5150 2490 5202 καὶ
2525 5147 2602 5214 ὡς
2631 5151 2809 5221 χρεών
2839 5170 2902 5222 γε
2929 5154 2987 5207 ὃν
3019 5157 3094 5225 τῷ
3131 5155 3347 5226 βασιλεῖ
3366 5157 3782 5230 διεπράχθη,τὰ

2199 5239 2244 5292 δ’
2285 5241 2424 5295 ἄλλα
2465 5245 2524 5295 οὗ
2571 5243 2717 5297 κατὰ
2777 5246 3052 5320 μόναρχον
3112 5244 3210 5320 ἦν’
3244 5250 3337 5306 τὸν
3375 5253 3489 5324 γὰρ
3519 5251 3638 5322 βίον
3675 5252 3780 5321 μά-

2198 5421 2445 5494 (ἰοείιυεἒ
2484 5422 2727 5494 (Egiiat.)

2273 5495 2352 5562 (2)
2415 5492 2751 5571 Designabat
2783 5498 2830 5553 is
2894 5497 3157 5555 mulieres
3195 5507 3415 5554 uterum
3470 5510 3778 5571 gestantes,

2197 5573 2558 5645 scortatores,
2579 5566 2906 5645 adulteros,
2935 5583 3154 5645 avaros,
3169 5641 3179 5645 _
3196 5566 3600 5645 magnanimos.
3634 5572 3776 5636 Qua-

2198 5642 2422 5705 propter
2455 5639 2715 5705 spiritum
2787 5639 3056 5705 Pythonis
3093 5639 3309 5695 habcre
3362 5639 3620 5696 creditus
3669 5649 3774 5695 est.

2194 5703 2444 5780 Andreas
2473 5704 2705 5780 quidam
2731 5703 2953 5780 Italicus
2981 5711 3281 5767 circulator
3307 5725 3440 5764 eum
3488 5712 3689 5768 habuit
3718 5720 3776 5765 ct

2196 5775 2582 5830 circuuidumt.
2625 5776 2821 5848 (Diae)
3057 5827 3061 5831 .
3869 5787 3871 5792 “
