4046 6454
341 352 446 417 305
1254 340 1858 409 ECCLESIASTICA!
1895 335 2286 401 HISTORIA!
2327 334 2478 399 LIB.
2522 334 2707 396 XVII-
3491 325 3596 388 306

327 473 486 525 λιστα
518 465 980 540 ἐκδεδιῃτημένος
1001 463 1100 531 ὢν,
1135 465 1375 536 τρυφαῖς
1411 461 1508 515 καὶ
1535 459 1756 531 ἡδοναῖς
1782 455 1908 509 ἀτό-

2031 459 2400 523 mperatorem
2451 448 2714 515 decebat,
2765 447 3002 520 peregit.
3050 446 3107 504 ln
3164 447 3332 505 rebus
3383 461 3598 506 αξιοι-ιθ

331 579 455 625 ποις
481 562 778 634 ἐσχόλαζεν
800 576 815 592 '
859 561 1107 624 ἐκτόπως
1138 575 1200 612 τε
1237 558 1334 612 καὶ
1371 554 1530 619 οὗτος
1579 553 1778 623 ἐπίσης
1824 548 1906 620 τῷ

2030 544 2149 600 ιίίιὶι
2185 542 2333 614 quod
2373 541 2690 598 monarchae
2728 551 2899 605 esset,
2938 540 3194 596 habebat.
3228 540 3363 596 Nam
3400 540 3600 594 intem-

330 658 482 729 θείῳ,
504 658 684 729 ἥττων
708 653 957 725 αἰσχρῶν
994 650 1307 723 λημμάτων
1365 644 1754 713 καθεστηκὼς,
1793 642 1907 697 τῶν

2030 647 2275 693 κιτιιηιει·
2319 636 2562 691 maxime
2609 643 2667 690 et
2718 634 2986 690 dissolute
3028 633 3245 697 vivens,
3284 633 3499 688 deliciis
3543 641 3600 685 et

332 724 629 822 ἀλλοτρίων
664 746 961 822 ὑπερφυῶς
983 746 1115 819 ἦρα.
1169 743 1281 798 Καὶ
1334 742 1499 812 μήτοι
1529 754 1595 808 γε
1642 737 1716 791 τὰ
1750 734 1908 791 κοινὰ

2030 728 2395 798 voluptatibus
2438 726 2694 782 vacabat.
2732 727 2911 797 Supra
2958 726 3181 782 modum
3222 742 3354 781 vero
3385 734 3443 780 et
3473 724 3599 789 iste,

332 816 559 916 κέρδους
586 816 831 911 ἀθέσμου
871 816 1211 911 ἀπεμπολῶν
1237 832 1328 909 ἦν,
1362 834 1502 889 ἀλλὰ
1528 833 1626 886 καὶ
1663 829 1754 885 ἐπὶ
1783 829 1908 891 ταῖς

2030 821 2244 878 »οτίηάε
2277 830 2442 892 atque
2477 819 2804 886 avunculus,
2836 818 2983 888 turpi
3017 818 3173 873 lucro
3197 817 3396 881 victus,
3420 816 3598 870 aliena

335 907 659 1008 ἱερωσύναις
690 907 762 990 τὰ
787 907 1152 1007 παραπλήσια
1180 907 1343 1003 δρᾷν,
1362 927 1620 999 οὐδαμῶς
1649 921 1911 980 εὐλαϐού-

2030 911 2328 983 ippetebat.
2364 909 2531 981 789
2567 909 2636 965 Et
2680 923 2787 963 non
2835 907 3001 963 modo
3039 907 3257 978 publica
3308 907 3602 961 commoda

337 1047 496 1101 μενος
520 1045 536 1061 ·
569 1027 765 1093 ὠνίους
786 1032 896 1100 γὰρ
932 1027 1028 1082 mi.
1062 1025 1274 1091 ταύτας
1324 1022 1746 1096 προτιθέμενος,
1793 1017 1909 1080 τοῖς

337 1121 740 1196 προστυχοῦσιν
773 1123 995 1188 εὺὼνως
1029 1121 1371 1194 ἐπίπρασκε.

898 1418 1156 1475 ΚΕΦΑΔ.
1217 1418 1343 1472 ΛΔ’.

346 1540 445 1605 Ὠς
468 1536 712 1594 ἀνεῖλεν
738 1533 1076 1605 Ἰουστῖνος
1101 1534 1209 1605 trig-
1240 1525 1516 1605 συγγεγῆ
1544 1524 1911 1605 ’βουστζνονο

403 1598 493 1666 ἔτι
517 1608 621 1664 καὶ
646 1606 918 1675 Αιθέριον
942 1604 1041 1659 καί
1066 1598 1343 1658 Ἀδδαῖον
1365 1598 1509 1666 τοὺς
1538 1598 1912 1667 ἀλιτηρίους.

409 1788 588 1852 Δειλδς
619 1787 676 1842 δὲ
699 1786 776 1841 ὢν
836 1785 1020 1856 φύσει,
1082 1784 1277 1865 θράσει
1339 1781 1548 1854 μᾶλλον
1609 1777 1913 1849 συνείχετο’
1950 1813 1991 1868 Β

302 1885 433 1947 -καὶ
459 1884 624 1953 ἄμφω
671 1880 925 1935 κακίστω
978 1877 1196 1933 παθῶν.
1230 1876 1345 1932 Καὶ
1403 1876 1470 1948 δὴ
1515 1874 1611 1929 τὸν
1670 1873 1914 1943 συγγενῆ

348 1975 630 2029 Ἰουστῖνον
662 1973 753 2027 διὰ
788 1972 979 2043 φήμης
1042 1970 1174 2024 δντα
1221 1968 1302 2041 τῷ
1361 1967 1580 2040 πλήθει,
1637 1967 1735 2020 καὶ⁸
1790 1968 1912 2030 ταῖς

337 2067 481 2122 κατὰ
529 2067 765 2135 πόλεμον
812 2063 1130 2135 ἐμπειρίαις
1168 2062 1471 2134 περιφανῆ,
1517 2059 1618 2115 καὶ
1674 2061 1795 2123 ταῖς
1823 2058 1918 2112 ἅλ-

340 2163 461 2226 λαις
487 2161 597 2216 τῶν
625 2159 807 2231 τιμῶν
833 2159 1154 2223 ἀναϐάσεσι,
1190 2156 1599 2229 μετεστέλλετο,
1637 2155 1782 2224 ἀμφὶ
1821 2153 1916 2208 τὸν

346 2255 556 2326 Ἴστρον
575 2253 907 2321 ποιούμενον
954 2252 1053 2316 τὰς
1086 2250 1377 2322 διατριϐὰς
1437 2248 1536 2304 καὶ
1585 2249 1688 2311 τὰς
1733 2249 1917 2301 ἐκεῖσε

344 2346 445 2399 τῶν
499 2344 749 2414 ’Μάρων
807 2343 1089 2416 ἐκδρομὰς
1142 2343 1405 2414 εἴργοντα
1435 2356 1450 2372 ⁸
1505 2338 1800 2411 ἅμαξόὸιοι
1856 2337 1916 2391 δὲ

342 2440 538 2496 Σκυθαι
582 2440 631 2494 οι
671 2437 910 2511 ’Δὸαρες
939 2452 958 2490 ι
1009 2436 1270 2505 νέμονται
1321 2436 1379 2489 δέ
1422 2437 1534 2507 ἄρα
1596 2435 1727 2489 ὅσα
1754 2432 1917 2488 πεδία

342 2533 482 2604 ὺπέρ
514 2533 604 2586 τὸν
631 2532 947 2588 Καύκασον.
996 2532 1324 2585 ’Δνάστατοι
1352 2530 1408 2584 δὲ
1440 2528 1636 2607 ἀθρόον
1667 2528 1919 2607 ἐγένοντο

340 2627 475 2695 πρὸς
497 2624 602 2680 τῶν
644 2624 1032 2698 Ὑπερϐορέων
1076 2624 1328 2693 Περσῶν·
1385 2623 1578 2698 κακῶς
1610 2622 1720 2691 γὰρ
1778 2621 1919 2693 πρὸς

340 2693 518 2774 αύτῶν
544 2693 1039 2791 πάσχοντεςῷυῂ
1074 2719 1380 2791 χρώμενοι,
1407 2693 1556 2788 ἀῇφι
1585 2717 1679 2771 τὸν
1707 2717 1920 2768 Βόσπο-

291 2804 303 2812 ’
341 2829 437 2883 ρων
465 2806 623 2885 ἧκον.
667 2811 1063 2874 καταλιπόντες
1098 2811 1198 2876 τὰς
1232 2809 1329 2865 τοῦ
1405 2809 1664 2876 Εὐξείνου
1717 2807 1917 2864 πόντου

339 2901 752 2985 ἠϊόνας..Ἔνθα
805 2902 982 2973 συχνὰ
1008 2901 1111 2972 μὲν
1173 2901 1304 2971 ἔθνη
1355 2900 1611 2973 βάρϐαρα
1659 2900 1757 2955 καὶ
1812 2899 1920 2952 ὑπὸ

350 2990 634 3062 Ῥωμαίων
665 2992 711 3044 δ’
743 2991 865 3047 ἔνια
914 2992 1320 3063 ὲξῳκίσθησαν,
1376 2994 1474 3048 καὶ
1499 2991 1684 3056 πόλεις
1709 3008 1771 3047 τε
1822 2991 1920 3045 καὶ

341 3083 696 3153 στρατόπεδα,
720 3085 820 3137 καί
852 3101 1001 3148 τινες
1031 3084 1449 3156 προσορμίσεις,
1492 3083 1526 3156 ἢ
1556 3081 1920 3156 στρατιωτῶν

2013 1004 2207 1060 illicita
2246 1004 2506 1084 mercede
2551 1001 2766 1057 venalia
2801 1001 3061 1067 habebat,
3097 1014 3292 1054 verum
3330 1001 3498 1055 etiam
3534 999 3604 1054 de

2012 1097 2342 1153 sacerdotiis
2386 1095 2531 1152 idem
2584 1095 2764 1152 facere
2807 1094 3238 1165 haudquaquam
3283 1093 3603 1148 verebatur.

2015 1189 2150 1245 Nam
2187 1199 2243 1246 et
2275 1189 2394 1246 haec
2427 1205 2630 1272 venum
2665 1188 2914 1260 exposita
2966 1185 3260 1258 quibusvis
3296 1184 3478 1257 pretio
3511 1185 3603 1241 vili

1951 1282 1956 1289 '
2016 1283 2309 1341 vendebat.

2547 1392 2776 1453 CAPUT
2816 1391 3056 1449 XXXIV.

2022 1504 2091 1563 Ut
2137 1508 2185 1563 is
2231 1505 2507 1563 Iustinum
2550 1516 2842 1577 cognatum
2888 1521 3069 1570 suum,
3125 1506 3253 1562 item
3304 1504 3607 1561 Etherium

2087 1589 2140 1633 et
2191 1579 2511 1649 ,Addwum,
2571 1577 2814 1634 homines
2877 1578 3072 1647 impios
3139 1585 3191 1632 et
3244 1577 3605 1649 perniciosos,

2089 1648 2361 1705 occiderit.

2091 1764 2312 1822 Etcum
2351 1770 2553 1822 natura
2579 1763 2808 1821 timidus
2833 1772 3006 1831 esset,
3039 1763 3283 1820 ferocem
3324 1775 3386 1817 se
3433 1760 3611 1831 magis

2018 1857 2340 1922 exhibebat,
2387 1856 2800 1929 perturbationi
2855 1857 3083 1927 utrique
3149 1852 3477 1924 turpissime
3510 1853 3610 1907 ob-

2019 1953 2241 2007 noxius.
2312 1952 2505 2023 Itaque
2550 1960 2846 2023 cognatum
2887 1965 3051 2006 suum
3103 1948 3410 2013 Iustinum,
3450 1946 3613 2017 cujus

2019 2047 2285 2117 przeclara
2318 2046 2483 2115 vulgo
2517 2044 2661 2099 fama
2706 2052 2852 2110 erat,
2896 2043 3084 2097 virum
3123 2040 3343 2097 bellicis
3393 2040 3613 2094 artibus

2017 2140 2371 2210 aliorumque
2403 2130 2679 2213 honorum
2714 2139 2988 2210 gradibus
3042 2138 3340 2200 illustrem,
3383 2135 3609 2198 accivit,

2019 2233 2125 2302 qui
2166 2231 2234 2287 ad
2272 2232 2475 2288 Istrum
2519 2232 2849 2295 excubabat,
2897 2239 2953 2285 et
3000 2227 3433 2286 excursionibus
3463 2226 3613 2281 Aba-

2019 2339 2143 2378 rum
2160 2324 2242 2396 ‘(l)
2261 2324 2336 2379 ibi
2364 2325 2585 2380 obviam
2618 2325 2753 2379 ihat.
2773 2323 2980 2379 Abares
3004 2319 3189 2378 autem
3216 2321 3437 2391 Scytha:
3458 2327 3610 2378 sunt.

2019 2417 2328 2488 ἁμαξόϐιοι,
2368 2417 2474 2473 hoc
2516 2428 2623 2481 est,
2656 2416 2709 2470 in
2745 2415 3007 2486 plaustris
3041 2414 3332 2485 degentes,
3378 2420 3436 2465 et
3465 2425 3615 2465 cam-

2019 2524 2119 2582 pos
2159 2511 2256 2581 qui
2300 2510 2444 2565 ultra
2511 2508 2820 2565 Caucasum
2875 2518 3028 2572 sunt,
3095 2506 3428 2561 incolentes.
3478 2503 3616 2558 Inde

2017 2611 2203 2658 autem
2237 2600 2533 2657 coiifertim
2563 2598 2806 2654 universi
2841 2598 2910 2654 ab
2938 2594 3316 2668 Hyperboreis
3348 2592 3556 2656 Persis,
3584 2608 3616 2645 a

2019 2696 2225 2766 quibus
2248 2694 2391 2748 male
2426 2691 2875 2762 accipiebantur,
2916 2689 3086 2758 pulsi,
3124 2688 3252 2757 fuga
3313 2682 3427 2741 sibi
3483 2699 3616 2738 con-

2019 2788 2242 2843 suluere
2272 2804 2287 2842 :
2319 2797 2373 2841 et
2403 2785 2471 2841 ad
2499 2785 2828 2854 Bosliorum,
2859 2782 3055 2837 Euxini
3114 2780 3275 2836 Ponti
3328 2778 3618 2834 littoribus

2020 2880 2254 2948 relictis,
2290 2879 2384 2934 ubi
2435 2878 2623 2933 multa:
2681 2877 2934 2932 barbarae
2979 2883 3176 2945 gentes
3224 2871 3614 2933 consederant,

2018 2973 2297 3044 pleraeque
2315 2985 2344 3025 a
2368 2962 2635 3025 Reinanis
2648 2967 2876 3023 sedibus
2896 2967 3011 3021 suis
3033 2970 3262 3027 exactae,
3284 2961 3453 3017 urbes
3482 2976 3619 3031 quo-

2021 3081 2157 3136 que,
2184 3064 2410 3121 castella
2445 3073 2502 3118 et
2546 3063 2787 3128 navalia,
2820 3074 2949 3115 cum
2979 3057 3070 3114 vel
3123 3056 3330 3112 milites
3367 3054 3615 3109 veterani

340 3149 644 3246 ἀπομάχων
682 3149 1046 3249 νγινομένων,
1079 3149 1127 3249 ’ἢ
1175 3149 1273 3232 καλ
1327 3149 1601 3232 ἀποικιῶν
1623 3149 1768 3247 πρὸς
1808 3174 1920 3229 τῶν

2030 3158 2366 3213 vacationem
2398 3155 2610 3211 militiae
2637 3153 3041 3216 obtinuissent,
3072 3159 3129 3205 et
3182 3149 3306 3204 loca
3336 3162 3402 3203 ea
3455 3162 3612 3201 rece-

344 3270 608 3341 βασιλέων
669 3271 1063 3343 στελλομένων,
1131 3270 1235 3343 τὴν
1296 3271 1561 3343 πόρευσιν
1611 3267 1918 3334 ἐποιοῦντο,

344 3366 481 3435 πρὸς
524 3364 653 3429 τοὺς
708 3366 769 3419 ἐν
825 3365 960 3418 ποσὶ
1033 3364 1354 3436 βαρϐάρους
1411 3360 1916 3433 ἀνθαμιλλώμενον

342 3460 502 3530 ἄχρις
520 3456 582 3511 οὗ
612 3458 746 3529 πρὸς
777 3457 876 3522 τὰς
903 3458 1274 3530 παριστρίους
1306 3456 1498 3526 ἠϊόνας
1535 3454 1732 3521 ἰόντες,
1781 3452 1923 3524 πρὸς

355 3550 738 3605 ἰουστινιανὸν
791 3550 888 3603 τὸν
954 3550 1347 3620 αὐτοκράτορα
1403 3545 1920 3616 διεπρεσϐεύσαντο.

356 3641 599 3697 Ἐκεῖθεν
629 3642 816 3696 τοίνυν
845 3644 874 3697 δ
898 3641 1088 3714 ῥηθεὶς
1140 3642 1435 3705 Ἰουστῖνος
1473 3638 1922 3711 μεταπεμφθεὶς,

347 3731 435 3789 οἷα
458 3734 524 3807 δὴ
543 3734 624 3806 τῷ
670 3734 778 3807 νέῳ
805 3733 1018 3806 βασιλεῖ
1060 3734 1421 3806 συμμεθέξων
1464 3731 1576 3786 τῶν
1623 3730 1926 3801 συγκειμέ-

346 3844 472 3894 νων,
515 3826 738 3897 καὶτῆς
793 3825 971 3897 ἀρχῆς
1008 3826 1357 3880 ἀπολαύσων.
1391 3821 1768 3895 Παραπλησίω
1814 3823 1927 3892 γὰρ

347 3921 497 3983 ὅντες
523 3920 601 3992 τῷ
631 3936 692 3973 τε
735 3919 886 3987 γένει
920 3920 1015 3974 καὶ
1045 3921 1111 3991 τῇ
1165 3919 1310 3973 κατὰ
1379 3917 1588 3987 κόσμον
1636 3914 1923 3986 κενότητι,

350 4014 485 4084 πρὸς
508 4013 850 4083 ἀμφοτέρους
881 4013 980 4066 καὶ
1006 4011 1411 4082 τὴνβασιλείαν
1445 4008 1929 4078 ταλαντευομένην

350 4100 515 4175 εἶχον.
544 4104 838 4174 Σύμφωνοι
865 4103 924 4159 δέ
962 4104 1119 4175 μόλις
1148 4100 1295 4177 ἦσαν
1342 4101 1559 4157 πολλῶν
1600 4100 1930 4172 ἀμφιλόγων

351 4198 753 4270 γεγενημένων
811 4198 1217 4270 ὥσθ’ὀποτέρῳ
1273 4199 1492 4269 γένοιτο
1554 4196 1816 4269 παριέναι
1873 4196 1931 4258 ἐς

286 4344 292 4352 ,
352 4290 447 4360 τὴν
462 4289 659 4361 ἀρχὴν,
690 4289 905 4363 θατέρῳ
926 4290 1025 4357 τὴν
1046 4290 1164 4363 μετ’
1179 4294 1386 4348 ἐκεῖνον
1416 4288 1602 4346 δοῦναι
1631 4289 1928 4362 καθέδραν,

355 4384 428 4448 ὡς
460 4384 787 4453 συμϐαίνειν
819 4387 886 4439 ἐκ
929 4386 1044 4439 τῶν
1093 4385 1425 4458 δευτερείων
1478 4386 1581 4455 τῆς
1645 4383 1931 4456 βασιλείας

358 4478 425 4530 τὰ
447 4478 701 4548 πρωτεῖα
727 4478 838 4531 τῶν
867 4477 1049 4532 ἄλλων
1087 4477 1379 4548 φέρεσθαι.
1418 4477 1668 4541 Ἥκοντα
1723 4476 1928 4543 τοίνυν,
1958 4505 2012 4566 D

356 4569 522 4640 πολλῇ
550 4572 618 4642 τῇ
652 4570 851 4638 ἔξωθεν
874 4571 1015 4642 πρὸς
1048 4572 1214 4626 αὐτὸν
1243 4570 1449 4642 ἐχρῆτο
1519 4566 1930 4640 φιλοφροσύνῃ⁹

357 4664 453 4717 καὶ
481 4657 569 4717 οἷα
626 4663 937 4735 στρατηγόν
987 4680 1048 4718 τε
1098 4661 1385 4733 περίδοξον
1431 4661 1528 4714 καὶ
1586 4661 1939 4731 προσήκοντα

357 4758 524 4827 γένει,
546 4757 807 4822 ποικίλως
838 4755 1134 4823 ἐδεξιοῦτο.
1168 4756 1404 4809 Ἔπειτα
1448 4753 1633 4818 αἰτίας
1664 4755 1729 4824 δή
1782 4768 1940 4815 τινας

359 4850 728 4916 ὲπιπλάττων,
777 4851 967 4922 ἡρέμα
1030 4850 1363 4922 παρῃρεῖτο,
1408 4849 1529 4902 ὅσοι
1580 4846 1702 4916 δῆτ’
1735 4847 1936 4919 ἐκείνῳ

361 4943 702 4998 ὑπασπισταὶ
764 4943 863 4997 καὶ
924 4943 1221 5016 δορυφόροι
1280 4943 1380 4998 καὶ
1456 4940 1935 5014 σωματοφύλακες

360 5032 521 5106 ἦσαν⁹
547 5037 769 5101 καὶτὰς
822 5036 992 5093 αὑτοῦ
1031 5037 1297 5110 προόδους
1357 5037 1604 5108 ἀνεῖργεο
1654 5035 1752 5088 καὶ
1782 5034 1941 5097 τέλος

364 5130 501 5184 οἶκοι
523 5129 878 5203 περικλείσας
902 5131 1093 5194 αὐτὸν,
1129 5130 1236 5185 ἀνὰ
1261 5129 1361 5201 τὴν
1433 5127 1799 5198 Ἀλεξάνδρου
1837 5142 1940 5178 πε-

364 5222 564 5294 ριφανῆ
595 5223 751 5277 πόλιν
803 5224 900 5277 ἐπὶ
952 5223 1141 5295 πὸρρω
1167 5223 1385 5279 νυκτῶν
1416 5219 1717 5291 κλινοπετῆ
1770 5218 1942 5274 καθεο

366 5316 565 5382 στῶτα,
601 5316 824 5388 δειλαίῳ
885 5317 1038 5388 μόρῳ
1069 5314 1288 5388 ἀνῄρει.
1328 5315 1559 5385 Ταύτην
1619 5312 1862 5384 ἀμοιϐὴν
1915 5313 1943 5364 ὁ

367 5411 623 5477 γεννάδας
651 5412 859 5476 ἐκεῖνος
890 5412 990 5482 τῆς
1037 5411 1171 5482 περὶ
1225 5409 1287 5464 τὸ
1339 5409 1620 5479 ὁμόφυλον
1680 5403 1940 5474 εὐνοῖκῆς

365 5501 653 5566 διαθέσεως
683 5505 779 5557 καὶ
820 5505 943 5567 ταῖς
977 5504 1123 5566 κατὰ
1173 5502 1286 5558 τῶν
1342 5501 1624 5573 πολεμίων
1687 5497 1943 5568 ἀπείροις

370 5595 548 5658 νίκαις
599 5597 1074 5666 ἀπενεγκάμενος.
1124 5596 1203 5651 Οὐ
1241 5594 1516 5666 πρότερον
1560 5591 1621 5646 δέ
1650 5594 1752 5662 τῆς
1818 5586 1943 5643 κατ’

443 5752 523 5825 (ι)
571 5755 810 5812 Abarum
850 5772 1052 5813 nomen
1087 5757 1271 5812 adhue
1318 5756 1373 5810 in
1413 5749 1945 5825 Hungaria_rctinct

374 5822 621 5895 Sabaria,
656 5827 764 5884 divi
814 5828 1032 5885 Martini
1067 5830 1267 5901 patria.
1309 5826 1405 5883 llis
1446 5822 1670 5897 quoque
1700 5823 1945 5878 Βηναῖος

2026 3252 2260 3322 pissent,
2294 3250 2378 3305 vel
2411 3249 2782 3320 imperatores
2827 3244 3078 3300 colonias
3110 3258 3179 3299 eo
3224 3241 3615 3300 deduxissent,

2023 3352 2347 3400 constructa
2404 3349 2591 3403 erant,
2624 3354 2826 3395 venere
2877 3356 2892 3394 :
2935 3347 2992 3395 et
3045 3337 3172 3392 inde
3209 3333 3619 3405 expeditionem

2024 3447 2219 3493 contra
2251 3451 2346 3492 eos
2382 3435 2479 3506 qui
2534 3434 2644 3490 illis
2672 3433 2821 3488 obvii
2856 3436 3076 3494 tierent,
3126 3429 3395 3485 barbaros
3435 3441 3622 3482 susce-

2023 3545 2179 3601 pere,
2198 3529 2376 3585 douec
2393 3528 2461 3585 ad
2489 3529 2612 3584 lstri
2640 3528 2786 3597 ripas
2806 3527 3118 3590 venientes,
3148 3523 3214 3578 ad
3238 3520 3618 3579 Iustinianum

2028 3620 2421 3691 imperatorem
2455 3619 2783 3691 legationem
2822 3616 3047 3673 misere.
3094 3615 3172 3669 Ex
3216 3615 3298 3671 eis
3338 3613 3476 3668 locis
3527 3612 3624 3667 Ju-

2027 3714 2232 3780 stinus,
2283 3729 2446 3786 quem
2489 3714 2625 3777 dixi,
2680 3722 2948 3768 evocatus
2999 3719 3108 3773 est.
3167 3707 3399 3778 perinde
3455 3715 3623 3775 atque

2031 3806 2311 3877 particeps
2343 3806 2461 3860 ﬁeri
2492 3820 2617 3860 cum
2654 3821 2799 3860 novo
2819 3805 3156 3873 imperatore
3175 3807 3462 3869 pactorum
3491 3811 3623 3851 con-

2030 3908 2327 3954 ventorum
2396 3897 2740 3967 imperioque
2791 3896 2904 3950 frui
2961 3893 3215 3948 deberet.
3254 3890 3411 3957 Quod
3466 3904 3623 3942 nam-

2031 4005 2141 4062 que
2193 4001 2252 4045 et
2296 4004 2497 4062 genere
2551 3998 2607 4043 et
2655 3986 2933 4062 mundana
2999 3985 3103 4038 ista
3160 3981 3404 4038 vanitate
3456 3995 3621 4050 pares

2031 4093 2238 4147 essent,
2289 4099 2358 4139 ex
2409 4096 2568 4151 aequo
2626 4060 2792 4134 etiam
2851 4079 2920 4133 ad
2974 4086 3274 4145 utrumque
3328 4074 3622 4143 imperium

2033 4175 2378 4249 pertinebat.
2443 4172 2575 4229 Post
2628 4174 2831 4229 multas
2899 4184 3139 4239 namque
3194 4166 3627 4236 disceptationes

2034 4267 2255 4324 tandem
2283 4267 2393 4322 illis
2426 4275 2786 4329 convenerat,
2810 4275 2873 4319 ut
2902 4263 2994 4333 qui
3018 4259 3238 4330 imperii
3267 4257 3627 4312 administra-

2038 4360 2245 4417 tionem
2277 4368 2739 4429 consequeretur,
2786 4355 2950 4412 alteri
2983 4354 3299 4424 proximnm
3354 4350 3626 4404 honorem

2035 4453 2392 4518 concederet,
2416 4453 2492 4507 ita
2524 4460 2586 4507 ut
2610 4451 2659 4506 is
2692 4466 2760 4506 ex
2791 4447 3055 4506 secundis
3114 4445 3337 4517 imperii
3376 4443 3631 4514 partibus

2043 4547 2250 4619 primas
2306 4560 2421 4616 pra:
2457 4544 2584 4601 aliis
2639 4541 2832 4599 ferret.
2896 4540 3242 4619 Adveniente
3300 4537 3472 4609 igitur
3526 4551 3631 4603 eo,

2039 4616 2214 4694 multa
2248 4636 2615 4709 benignitate,
2649 4634 2817 4691 sicuti
2868 4616 2983 4705 prae
3010 4648 3071 4688 se
3105 4632 3256 4698 tulit,
3287 4645 3420 4700 erga
3454 4629 3634 4684 homi-

2041 4744 2165 4785 nem
2191 4728 2494 4798 imperator
2538 4734 2624 4782 est
2662 4739 2833 4789 usus,
2885 4710 3256 4792 eumdemque
3290 4731 3376 4776 .ut
3432 4721 3629 4775 ducem

2040 4820 2338 4892 insignem.
2361 4833 2419 4877 et
2442 4834 2645 4892 genere
2676 4818 2783 4874 sibi
2809 4808 3211 4888 propinquum,
3249 4815 3399 4870 varia
3442 4814 3634 4869 huma-

2041 4913 2231 4969 nitate.
2252 4913 2531 4968 tractavit.
2564 4911 2840 4979 Deinceps
2894 4918 3080 4963 autem
3136 4922 3331 4961 causas
3368 4906 3634 4975 quasdam

2043 5015 2410 5072 commentus,
2446 5004 2711 5075 paulatim
2744 5016 2886 5072 quos
2912 5000 3005 5055 ille
3030 4999 3256 5066 milites,
3281 4997 3554 5053 satellites
3582 5007 3638 5051 it

1992 5136 2000 5143 -
2042 5098 2299 5169 corporis
2331 5095 2593 5152 custodes
2632 5092 2897 5160 habebat,
2925 5091 3006 5147 illi
3051 5088 3313 5152 detraxit,
3342 5087 3636 5158 progredi-

2045 5207 2154 5261 que
2181 5207 2309 5247 eum
2342 5190 2400 5244 in
2432 5189 2718 5260 publicum
2745 5187 2926 5243 vetuit
2960 5202 2974 5241 :
3012 5193 3068 5240 et
3122 5192 3404 5254 postremo
3445 5180 3501 5236 in
3550 5196 3638 5236 ce-

2045 5281 2346 5338 leberrima
2379 5280 2546 5353 790
2600 5277 2948 5335 Alexandriae
2985 5275 3123 5333 urbe
3168 5273 3320 5328 domi
3364 5274 3638 5333 clausum,

2047 5375 2122 5432 ita
2148 5387 2208 5431 ut
2234 5376 2291 5431 in
2325 5375 2468 5432 lecto
2500 5375 2744 5447 iacebat,
2793 5373 2851 5428 in
2886 5372 3062 5428 multa
3109 5379 3273 5424 nocte
3322 5365 3637 5421 miseranda

2047 5467 2198 5524 caede
2240 5467 2487 5524 sustulit.
2528 5466 2681 5523 llanc
2732 5479 3037 5537 generosus
3088 5463 3181 5517 ille
3218 5458 3640 5515 vir'benevolae

2047 5569 2276 5633 propter
2331 5563 2720 5633 cognationem
2780 5557 3113 5621 atl‘ectionis,
3159 5553 3641 5625 plurimarumque

2049 5756 2253 5867 no‘men
2317 5760 2478 5802 suum
2544 5753 2835 5817 acceptum
2887 5743 3035 5798 terre
3090 5738 3292 5796 debere
3341 5732 3643 5793 verisimile

2049 5827 2108 5866 εδ
2140 5852 2163 5867 ι

2046 5827 2163 5868 θδῑο.
