4046 6456
279 469 281 471 ,
340 421 447 481 τϐἳ

1262 415 1858 476 ΕίίῖιΕΞΙΑΞΤίΟΕ
1899 419 1919 476 i

2026 411 2280 477 ΤΟΙΗίΕ
2313 411 2466 478 Lm.
2506 419 2690 478 XVII.
3152 440 3158 445 ·
3502 455 3528 475 ,ι
3545 457 3556 474 .
3573 419 3603 474 ι)

345 537 377 603 ἦ
416 533 757 597 δοξάζοντας·
808 528 998 600 πρώτη
1027 527 1136 598 γάρ
1166 529 1412 596 σωτηρία
1449 527 1760 596 καθέστηκε
1808 529 1912 580 πᾶ-

2020 539 2243 597 propter
2270 540 2327 584 et
2371 545 2472 584 nos
2497 530 2810 599 evangelica
2841 535 3138 598 praecepta,
3195 536 3252 582 et
3286 539 3599 582 sanetorum

347 645 431 678 σιν
459 624 766 697 ἀνθρώποις
803 625 828 692 ἠ
857 624 955 691 τῆς
989 621 1158 693 ὀρθῆς
1193 622 1435 684 πίστεως
1481 620 1764 690 ὁμολογία.
1823 621 1916 672 Διὸ

347 720 439 771 καὶ
467 720 626 789 ἡμεῖς
658 721 772 780 τοῖς
803 715 1182 782 εὐαγγελικοῖς
1206 713 1744 771 κατακολουθοῦντες
1771 730 1918 779 παρ-

345 811 676 879 αγγέλμασι,
731 809 826 862 καὶ
867 809 942 877 τῷ
978 807 1116 876 ἁγίῳ
1153 805 1411 876 συμϐόλῳ
1455 805 1578 876 ἦτοι
1627 804 1916 874 μαθήματι

345 903 449 954 τὸν
481 901 652 968 ἁγίων
683 901 964 970 Πατέρων,
989 900 1123 970 πρὸς
1153 901 1281 967 μίαν
1312 899 1410 951 καὶ
1447 899 1549 968 τὴν
1586 898 1758 967 αὐτὴν
1792 896 1920 949 Ἐκ-

347 995 574 1064 κλησίαν
603 1011 662 1047 τε
698 995 790 1048 καὶ
829 993 1054 1062 γ.ώμην
1093 991 1516 1064 προτρεπόμεθα
1556 991 1767 1052 πάντας
1801 1005 1922 1042 συν⁴

347 1086 544 1151 ελθεῐν,
577 1087 930 1149 πιστεύοντες
957 1087 1038 1147 είς
1095 1085 1316 1156 Πατέρα
1341 1085 1434 1138 καὶ
1472 1084 1602 1137 Υίὸν
1631 1083 1728 1136 καὶ
1758 1081 1918 1149 ἅγιον

349 1177 590 1246 Πνεῦμα,
623 1178 829 1247 Τριάδα
863 1177 1172 1247 ὀμοούσιον,
1209 1179 1340 1248 μίαν
1380 1177 1617 1246 θεότητα
1660 1176 1786 1246 ἦτοι
1820 1173 1918 1244 φύ-

348 1286 430 1321 σιν
465 1271 559 1322 καὶ
589 1269 777 1322 οὐσίαν
807 1269 950 1340 λόγῳ
981 1271 1074 1323 καὶ
1115 1271 1432 1340 πράγματι,
1479 1270 1575 1322 καὶ
1603 1267 1732 1337 μίαν
1757 1268 1921 1320 δύνα-

349 1381 440 1430 μιν
470 1364 562 1414 καὶ
593 1361 842 1426 ἐξουσίαν
883 1363 978 1414 καὶ
1009 1361 1291 1430 ἐνέργειαν
1324 1363 1382 1414 ὲν
1441 1360 1621 1429 τρισὶν
1675 1359 1921 1412 ὑποστά-

348 1471 515 1519 σεσιν,
558 1457 727 1525 ἧγουν
749 1455 1064 1524 προσώποις
1096 1454 1433 1519 δοξάζοντες·
1470 1455 1549 1516 είς
1589 1452 1624 1507 ἁ
1659 1451 1922 1521 βεὸαπτί-

349 1548 543 1615 σμεθα,
570 1548 646 1610 είς
667 1547 703 1600 ἃ
733 1546 1214 1616 πεπιστεύκαμεν,
1253 1546 1349 1598 καὶ
1373 1541 1456 1608 οἷς
1477 1543 1918 1613 συντετάτμεθα·

351 1639 547 1708 μονάδα
575 1642 684 1708 γὰρ
727 1641 784 1691 ἐν
823 1639 1034 1709 Τριάδι,
1069 1640 1163 1693 καὶ
1195 1637 1406 1707 Τριάδα
1439 1639 1498 1690 ὲν
1527 1637 1716 1707 μονάδι
1753 1654 1920 1712 πρησ-

348 1731 618 1801 κυνοῦμεν
650 1772 665 1796 ,
729 1733 1034 1802 παράδοξον
1098 1733 1328 1801 ἔχουσαν
1371 1731 1467 1785 καὶ
1517 1729 1615 1800 τὴν
1657 1729 1920 1799 διαίρεσιν

349 1822 440 1873 καὶ
469 1824 567 1890 τὴν
600 1822 816 1877 ἕνωσιν.
853 1823 1073 1878 Manio:
1108 1822 1212 1892 μὲν
1232 1823 1376 1877 κατὰ
1399 1821 1498 1891 τὴν
1531 1822 1722 1873 οίίσίαν
1749 1822 1920 1891 ήγτυν

348 1882 596 1983 θεότητα,
629 1916 833 1986 Τριάδα
865 1916 919 1968 δὲ
947 1917 1088 1968 κατὰ
1108 1882 1213 1979 ἰιςὰς
1250 1882 1542 1985 ἰδιότητας,
1586 1882 1919 1985 ἤγουν-ύπο-
1950 1882 1992 1935 Β

354 2008 568 2070 στάσεις
605 2010 726 2079 ἦτοι
756 2009 1047 2079 πρόσωπα.
1091 2011 1398 2079 Διαιρεῖται
1428 2009 1538 2078 γὰρ
1570 2008 1916 2077 ἀδιαιρέτως,

352 2098 615 2162 ἶνὀῦτως
664 2099 932 2168 εἴπωμεν,
990 2101 1083 2152 καὶ
1131 2100 1476 2152 συνάπτεται
1547 2098 1918 2169 διηρημένως.

356 2192 448 2244 Ἐν
483 2196 590 2264 γὰρ
621 2193 678 2244 ὲν
698 2195 878 2260 τρισὶν
912 2196 944 2262 ἡ
995 2193 1208 2260 θεότης,
1264 2193 1362 2245 καὶ
1391 2191 1460 2244 τά
1483 2189 1610 2262 τρία
1648 2189 1706 2243 ἓν
1754 2189 1824 2242 τὰ
1861 2191 1918 2241 ὲν

352 2282 425 2348 οἷς
471 2289 503 2356 ἠ
567 2287 777 2355 θεότης,
831 2287 863 2358 ἢ
909 2286 970 2338 τό
1002 2303 1065 2354 γε
1131 2285 1523 2354 ἀκριϐέστερον
1555 2286 1753 2346 εἰπεῖν,
1811 2283 1848 2336 ἃ.
1885 2284 1918 2353 ή

353 2380 552 2448 θειότης
583 2379 717 2432 Θεὸν
740 2381 831 2432 τὸν
866 2379 1108 2448 Πατέρα,
1145 2378 1282 2432 Θεὸν
1338 2379 1430 2431 τὸν
1457 2377 1610 2442 Υίὸν,
1679 2375 1814 2430 Θεὸν
1859 2377 1921 2429 τὸ

353 2472 572 2541 Πνεῦμα
594 2473 654 2524 τὸ
677 2473 857 2542 ἅγιον·
891 2473 1020 2526 ὅταν
1053 2471 1288 2525 ἕκαστον
1316 2472 1616 2542 πρόσωπον
1644 2470 1770 2524 καθ’
1789 2470 1920 2523 ἑαυ-

350 2565 408 2615 τὸ
463 2565 757 2635 θεωρῆται,
811 2563 905 2618 τοῦ
942 2565 1034 2618 νοῦ
1096 2564 1432 2636 χωρίζοντος
1485 2566 1555 2617 τά
1612 2563 1916 2635 ἀχώριστά·

349 2658 479 2710 Θεὸν
524 2658 592 2710 τά
643 2658 773 2730 τρία
807 2657 928 2730 μετ’
974 2659 1221 2730 ἀλλήλων
1273 2657 1542 2729 νοούμενα
1601 2657 1681 2727 τῷ
1735 2657 1920 2726 ταυτῷ

347 2754 445 2821 τῆς
505 2755 772 2823 κινήσεως
831 2754 928 2806 καὶ
959 2754 1056 2821 τῆς
1091 2753 1328 2823 φύσεως.
1409 2750 1632 2821 Ἐπειδὴ
1677 2750 1784 2822 χρὴ
1826 2752 1923 2804 κα)⁸

347 2847 438 2900 τόν
463 2846 560 2900 ἕνα
591 2848 724 2900 Θεὸν
756 2847 1059 2916 ὁμολογεῖν,
1094 2847 1188 2900 καὶ
1242 2847 1341 2907 τάς
1373 2848 1524 2914 τρεῖς
1565 2844 1917 2908 ὑποστάσεις,

347 2938 832 3008 ἠγουνίδιότητας,
880 2939 1196 3008 κηρύττειν.
1249 2936 1660 3008 Ὀμολογοῦμεν
1725 2936 1782 2990 δὲ
1818 2936 1919 2988 αύ-

347 3029 438 3082 τὸν
467 3029 557 3083 τὸν
581 3029 846 3099 μονογενῆ
873 3031 1003 3082 Υίὸν
1022 3029 1119 3083 τοῦ
1149 3028 1307 3096 Θεοῦ,
1337 3029 1429 3081 τὸν
1450 3029 1586 3082 Θεὸν
1610 3028 1805 3096 Λόγον,
1824 3026 1918 3080 τὸν

348 3121 452 3192 πρὸ
477 3120 686 3176 αἰώνων
703 3123 798 3176 καὶ
829 3123 1073 3191 ἁχρόνως
1097 3123 1162 3174 ὲκ
1191 3122 1288 3174 τοῦ
1322 3121 1532 3190 [ἰατρὸς
1554 3119 1913 3191 γεννηθέντα,

2020 623 2243 679 Patrum
2280 639 2495 678 sacrum
2529 624 2850 694 Symbolum
2900 624 3019 677 sive
3061 622 3370 675 doctrinam
3407 635 3600 673 conse-

2019 723 2259 780 clantes,
2288 727 2340 768 ut
2376 715 2443 770 ad
2475 731 2637 770 unam
2674 718 3035 784 eamdemque
3062 714 3364 769 Ecelesiam
3393 722 3448 767 et
3477 729 3601 766 sen-

2023 807 2250 863 tentiam
2285 808 2450 862 simul
2491 809 2774 869 arcedant.
2813 823 3008 862 omnes
3061 808 3441 870 cohortamur,
3480 820 3598 856 (rr-

2019 901 2215 956 dentes
2255 902 2308 955 in
2343 902 2558 956 Patrem
2583 911 2638 955 et
2678 901 2870 955 Fdium
2903 911 2960 955 et
3013 900 3280 969 Spiritum
3321 909 3595 958 sanctum,

2021 994 2346 1048 Trinitatem
2381 993 2690 1060 ὁμοούσιον,
2723 993 3287 1055 consubstantialem,
3327 993 3598 1046 Deitateui

2022 1091 2140 1142 sive
2159 1097 2416 1141 naturam
2449 1095 2506 1140 et
2534 1087 2834 1141 essentiam
2869 1087 3042 1140 verbo
3067 1094 3123 1140 et
3175 1085 3358 1153 reipsa
3412 1099 3600 1137 unam.

2024 1179 2203 1234 Unam
2238 1179 2404 1234 etiam
2439 1179 2704 1233 virtutem
2750 1187 2804 1232 et
2833 1187 3158 1247 potestatem
3189 1185 3248 1230 et
3296 1175 3600 1243 ἐνέργειαν,

2023 1270 2128 1325 hoc
2148 1281 2254 1335 est,
2284 1269 2580 1325 eﬂicaciam
2614 1271 2671 1324 in
2714 1269 2892 1324 tribus
2946 1268 3323 1325 subsistentiis
3351 1283 3447 1321 seu
3483 1283 3603 1336 per-

2023 1362 2174 1416 sonis
2204 1363 2550 1432 proﬁtentes,
2607 1366 2664 1419 in
2696 1379 2833 1434 quas
2854 1364 3116 1432 baptizati
3141 1377 3355 1425 sumus,
3381 1363 3435 1415 in
3465 1377 3603 1431 quas

2022 1460 2318 1525 credimus,
2368 1470 2425 1515 et
2481 1461 2686 1531 quibus
2742 1460 3084 1530 professione
3144 1459 3348 1512 addicti
3388 1474 3600 1512 sumus.

2024 1549 2303 1605 Uuitatem
2339 1551 2616 1621 siquidem
2659 1550 2713 1604 in
2749 1550 3044 1615 Triuitate,
3077 1557 3133 1603 et
3168 1547 3493 1602 Trinitatem
3549 1546 3602 1599 in

2025 1643 2235 1696 unitate
2261 1643 2580 1704 adoramus,
2605 1642 3019 1697 distinctionem
3053 1641 3216 1702 simul
3241 1650 3295 1695 et
3319 1640 3600 1695 unionem.

2025 1743 2220 1801 pra'ter
2278 1735 2596 1805 opinionem
2656 1748 2902 1799 omnem,
2953 1732 3270 1787 habentem.
3325 1731 3603 1787 Uuitatem

2023 1825 2242 1893 quidem
2272 1826 2574 1879 secundum
2623 1827 2919 1880 essentiam
2955 1826 3070 1879 sive
3106 1825 3375 1878 Deitatem
3411 1841 3428 1878 :
3488 1823 3605 1876 Tri-

2023 1920 2249 1970 nitatem
2307 1934 2439 1970 Vero
2479 1919 2779 1971 secundum
2831 1917 3193 1986 proprietates
3250 1917 3367 1969 sive
3419 1915 3602 1969 subsi-

2020 2008 2248 2061 S!en:ias
2301 2023 2396 2061 seu
2433 2023 2714 2076 personas.
2755 2005 3119 2075 Dis-tinguitur
3174 2020 3415 2073 namque
3459 2005 3603 2058 iudi-

2022 2099 2245 2162 διίιιιιιξ,
2281 2109 2340 2152 ut
2371 2101 2445 2152 ita
2505 2099 2756 2153 dicamus
2816 2108 2873 2152 et
2896 2099 3252 2168 conjungitur
3314 2098 3599 2162 distincte,

2019 2193 2290 2259 siquidem
2328 2209 2494 2244 unum
2529 2203 2617 2244 est
2673 2193 2726 2244 in
2756 2193 2931 2244 tribus
2967 2192 3082 2260 ipsa
3117 2193 3299 2244 Deitas
3337 2207 3352 2244 :
3383 2201 3440 2244 et
3474 2192 3599 2253 tria,

2021 2284 2304 2354 inquibus
2336 2287 2516 2340 Deitas
2537 2299 2642 2346 est,
2676 2302 2796 2346 seu,
2820 2287 2967 2355 quod
2994 2286 3205 2340 certius
3229 2285 3453 2346 dicitur,
3479 2302 3600 2353 qua:

2020 2375 2204 2431 Deitas
2241 2388 2390 2441 sunt,
2443 2393 2614 2432 unum
2671 2376 2839 2431 Deum
2878 2376 3114 2450 Patrem,
3165 2377 3335 2430 Deum
3379 2376 3599 2436 Filium,

2020 2469 2194 2524 Deum
2237 2471 2501 2540 Spiritum
2532 2480 2804 2532 sanctum,
2839 2469 3002 2540 792
3033 2486 3159 2524 cum
3188 2486 3420 2538 persona
3447 2488 3600 2539 quae-

2019 2575 2128 2629 que
2185 2575 2280 2629 per
2310 2561 2544 2630 seipsam
2581 2569 2882 2630 spectatur,
2933 2563 3133 2616 mentis
3187 2561 3360 2630 ipsius
3413 2577 3599 2622 sensu,

2017 2665 2138 2719 qua:
2176 2652 2597 2722 insegregabilia
2631 2662 2781 2717 sunt,
2810 2661 3134 2720 Segregaule
3173 2677 3186 2707 :
3219 2655 3391 2706 Deum
3420 2669 3592 2706 unum

1997 2746 2126 2832 .tria
2162 2746 2276 2800 hare
2309 2747 2471 2800 simul
2505 2747 2710 2800 mentis
2756 2747 3012 2801 acumine
3042 2748 3344 2811 intellecta,
3373 2758 3602 2816 propter

2017 2839 2274 2890 eumdem
2308 2851 2518 2892 motum
2543 2849 2600 2893 et
2641 2849 2896 2892 naturam
2933 2841 3204 2895 eamdem.
3235 2840 3598 2909 Quandoqui-

2019 2929 2142 2984 dem
2176 2945 2415 3000 peropus
2439 2942 2546 2998 est,
2580 2941 2637 2986 et
2671 2948 2841 2985 unum
2876 2932 3048 2986 Deum
3081 2934 3350 3002 proﬁteri,
3385 2945 3441 2987 et
3489 2944 3601 2986 tres

2019 3025 2410 3078 subsistentias
2439 3026 2556 3079 sive
2583 3024 2958 3093 proprietates
3003 3025 3328 3094 prtedicare.
3357 3025 3601 3079 Contin-

2021 3131 2148 3168 mur
2180 3131 2311 3170 vero
2363 3117 2544 3186 ipsum
2597 3117 2938 3186 unigenitum
3007 3115 3201 3170 Filium
3267 3115 3384 3175 Dei.
3431 3118 3600 3170 Deum

346 3210 406 3262 ού
440 3208 754 3278 ποιηθέντα,
803 3210 893 3263 ἔπ’
919 3209 1167 3279 ἐσχάτων
1195 3210 1252 3264 δὲ
1289 3209 1396 3262 τῶν
1425 3209 1653 3280 ἡμερῶν
1682 3209 1750 3262 δι’
1769 3209 1914 3279 ἡμᾶς

2026 3207 2262 3262 Verbum
2289 3210 2389 3277 (Ι),
2432 3219 2562 3262 ante
2597 3209 2794 3262 saecula
2833 3209 3062 3278 quidem
3095 3216 3152 3263 et
3192 3207 3403 3278 absque
3458 3219 3600 3262 tem-

350 3300 442 3352 καὶ
467 3300 557 3353 διὰ
599 3301 699 3372 τὴν
732 3301 1008 3372 ἡμετέραν
1041 3301 1322 3372 σωτηρίαν
1352 3300 1689 3355 κατελθόντα
1717 3303 1783 3355 ὲκ
1807 3301 1916 3355 τῶν

347 3393 614 3464 οὐρανῶν,
646 3396 742 3448 καὶ
771 3395 1152 3464 σαρκωθέντα,
1183 3397 1249 3448 ὲκ
1277 3395 1595 3464 Πνεύματος
1625 3393 1784 3462 ἁγίου
1820 3393 1918 3447 καὶ

351 3488 448 3557 τῆς
477 3488 770 3559 δεσποίνης
818 3488 979 3558 ἡμῶν
1036 3489 1138 3559 τῆς
1172 3488 1334 3557 ἁγίας
1387 3487 1602 3554 ἐνδόξου
1647 3485 1917 3542 Θεοτόκου

351 3581 443 3634 καὶ
478 3581 840 3651 ἁειπαρθένου
871 3582 1114 3652 Μαρίας,
1156 3584 1250 3635 καὶ
1277 3581 1609 3650 γεννηθέντα
1632 3577 1693 3645 ἒξ
1717 3578 1914 3648 αὐτῆς·

349 3675 406 3737 ὃς
440 3675 554 3727 ἔστι
586 3672 663 3744 τῷ
693 3675 868 3744 [lath
892 3675 987 3727 καὶ
1020 3673 1096 3744 τῷ
1111 3674 1258 3744 ἁγίῳ
1280 3674 1564 3744 Πνεύματι
1605 3673 1742 3736 ῐσος·
1795 3672 1920 3727 ούδι

352 3767 460 3836 γὰρ
490 3767 756 3838 τετάρτου
786 3766 1082 3838 προσώπου
1113 3765 1435 3837 προσθήκην
1482 3766 1757 3836 ὲδέξατοή
1785 3765 1919 3833 ἁγία

351 3858 544 3928 Τριὰς,
578 3861 674 3912 καὶ
703 3859 1081 3930 σαρκωθέντος
1098 3857 1194 3912 τοῦ
1236 3860 1357 3922 ἑνὸς
1409 3859 1509 3928 τῆς
1544 3857 1708 3927 ἁγίας
1748 3858 1920 3925 τριά-

351 3951 436 4014 δος
457 3950 594 4004 Θεοῦ
625 3950 825 4018 Λόγου·
853 3951 969 4003 ἀλλ’
995 3949 1144 4003 ἐστιν
1165 3943 1244 4011 εἷς
1279 3950 1376 4003 καὶ
1401 3952 1430 4003 ό
1479 3950 1642 4014 αὐτὸς
1667 3952 1696 4003 ό
1714 3949 1920 4022 Κύριος

353 4044 508 4110 ἡμῶν
569 4044 782 4114 Ἰησοῦς
843 4044 1079 4114 Χριστὸς
1135 4043 1424 4114 όμοούσιος
1470 4042 1547 4113 τῷ
1599 4042 1774 4113 [Iava
1824 4043 1919 4096 καὶ

353 4136 469 4206 Θ-ῷ
497 4136 638 4190 κατὰ
676 4136 774 4208 τὴν
805 4135 1058 4208 θεότητα,
1083 4141 1174 4189 καὶ
1211 4136 1502 4206 ὁμοούσιος
1527 4137 1664 4204 ἡμῖν
1695 4138 1724 4189 ὁ
1748 4135 1918 4196 αὐτὸς

353 4231 493 4311 κατὰ
518 4231 618 4298 τὴν
647 4229 1068 4300 ἁνθρωπότηταο
1125 4228 1372 4300 παθητὸς
1407 4229 1599 4298 σαρκὶ,
1637 4229 1736 4282 καὶ
1766 4229 1915 4282 ἀπα·

354 4321 451 4388 θὴς
478 4324 507 4375 ό
535 4321 699 4383 αὐτὸς
757 4323 814 4374 ἐν
849 4320 1088 4392 θεότητι.
1148 4323 1223 4375 Οὐ
1279 4320 1391 4392 γὰρ
1439 4321 1602 4376 ἄλλον
1642 4322 1737 4375 τὸν
1783 4321 1920 4375 Θεὸν

351 4415 518 4483 Λόγον
546 4413 637 4467 τὸν
661 4413 1244 4485 θαυματουργήσαντα,
1264 4413 1359 4468 καὶ
1383 4413 1542 4468 ἄλλον
1557 4413 1647 4467 τὸν
1676 4413 1920 4468 παθόντα

352 4505 713 4578 ἐπιστάμεθαο
763 4505 879 4560 ἀλλ’
931 4506 1029 4560 ἕνα
1077 4507 1174 4561 καὶ
1207 4505 1302 4559 τὸν
1333 4504 1499 4559 αὐτὸν
1540 4504 1920 4574 ὁμολογοῦμεν

355 4598 553 4667 Κύριον
602 4599 760 4668 ἡμῶν
787 4598 999 4669 Ἰησοῦν
1027 4598 1266 4669 Χριστὸν
1290 4597 1386 4651 τὸν
1419 4597 1514 4651 τοῦ
1563 4597 1702 4650 Θεοῦ
1744 4597 1918 4666 Λόγον

355 4691 703 4761 σαρκωθέντα
731 4692 825 4744 καὶ
847 4689 1066 4754 τελείως
1100 4688 1620 4762 ενανθρωπήσαντα·
1655 4691 1750 4744 καὶ
1799 4689 1918 4752 ἑνὸς

352 4784 567 4839 καὶτοῦ
597 4783 760 4838 αὑτοῦ
788 4785 856 4838 τά
905 4802 964 4838 τε
1000 4781 1258 4853 θαύματα
1297 4782 1395 4837 καὶ
1448 4783 1518 4836 τὰ
1573 4782 1720 4852 πάθη
1773 4780 1920 4851 ᾇπερ

353 4877 610 4940 ἑκουσίως
642 4877 902 4946 ὑπίμεινε
935 4876 1099 4946 σαρκὶ
1127 4874 1217 4928 διὰ
1257 4874 1359 4946 τὴν
1411 4874 1687 4943 ἡμετέραν
1739 4890 1920 4942 σωτη-

356 4970 496 5038 ρίαν.
526 4971 603 5024 ού
635 4971 742 5038 γάρ
765 4968 1048 5037 ἄνθρωπός
1072 4984 1155 5030 τις
1185 4967 1378 5021 ἑαυτὸν
1409 4966 1553 5037 ὑπὲρ
1577 4965 1735 5037 ήμῶν
1757 4965 1920 5018 δέδω-

353 5079 465 5125 κεν,
493 5062 607 5115 ἁλλ’
658 5062 820 5125 αὐτὸς
845 5064 874 5115 ό
904 5061 1034 5124 Θεὸς
1069 5061 1272 5127 Λόγος,
1313 5059 1600 5131 ἀτρέπτως
1627 5058 1920 5127 γενόμενος

353 5155 652 5224 ἄνθρωπος·
688 5155 749 5208 τό
784 5171 844 5207 τε
893 5153 1136 5208 ἑκούσιον
1183 5155 1352 5217 πάθος
1396 5154 1490 5205 καὶ
1538 5153 1630 5206 τὸν
1689 5151 1920 5204 θάνατον

355 5248 492 5318 ὑπὲρ
521 5246 680 5316 ἡμῶν
713 5247 873 5316 σαρκὶ
903 5244 1240 5310 κατεδέξατο.
1275 5245 1387 5298 Καὶ
1435 5245 1570 5297 Θεὸν
1602 5242 1785 5297 τοίνυν
1817 5243 1920 5296 αὐ-

350 5339 441 5393 τὸν
473 5337 880 5408 ὁμολογοῦντες,
910 5336 1010 5388 οὐκ
1059 5335 1360 5406 ἀθετοῦμεν
1416 5335 1511 5388 τοῦ
1573 5329 1715 5388 εἶναι
1755 5334 1919 5388 αὐτὸν

351 5430 447 5484 καὶ
465 5429 770 5498 ἄνθρωπονο
813 5429 908 5480 καὶ
954 5426 1247 5497 ἄνθρωπον
1295 5426 1461 5480 αὐτὸν
1499 5425 1916 5495 ὁμολογοῦντες,

353 5523 453 5575 οὐκ
505 5519 816 5590 ἀρνούμεθα
858 5517 956 5572 τοῦ
1017 5515 1158 5572 εἶναι
1201 5519 1364 5572 αὑτὸν
1417 5519 1510 5570 καὶ
1543 5517 1698 5572 Θεόν.
1752 5517 1918 5571 Ὅθεν

354 5615 449 5666 ἕνα
477 5615 572 5666 καὶ
611 5615 702 5665 τὸν
730 5612 890 5665 αὐτὸν
957 5612 1016 5676 ἐξ
1067 5612 1330 5682 ἑκατέρας
1378 5610 1612 5680 φύσεως,
1663 5609 1917 5677 θεότητος

424 5750 499 5817 (l)
526 5750 581 5804 ln
617 5749 795 5804 Verbo
826 5749 1070 5819 intelligo
1102 5765 1290 5804 verum
1331 5750 1424 5804 Dei
1461 5748 1680 5802 Filium.
1711 5745 1770 5801 In
1799 5762 1918 5802 car-

357 5836 424 5872 ne
470 5835 703 5888 agnosco
733 5837 920 5874 verum
975 5819 1212 5874 hominis
1253 5820 1472 5882 Filium,
1514 5831 1568 5872 et
1622 5834 1916 5884 utrumque

359 5893 519 5944 simul
556 5891 606 5942 in
645 5905 745 5946 nim
796 5907 1026 5960 persona
1088 5892 1183 5945 Dei
1247 5901 1299 5946 et
1345 5891 1588 5944 hominis
1650 5888 1913 5943 incﬂ'abili

2019 3315 2150 3369 pore
2181 3315 2246 3355 ex
2292 3301 2453 3355 Patre
2485 3300 2755 3370 genitum,
2793 3316 2904 3354 non
2943 3301 3167 3355 factum.
3211 3301 3267 3354 lu
3338 3302 3602 3356 extremis

2017 3404 2201 3448 autem
2249 3393 2469 3457 diebus,
2525 3402 2756 3462 propter
2795 3408 2917 3456 nos,
2981 3402 3038 3448 et
3091 3405 3320 3463 propter
3351 3403 3598 3448 nostram

2017 3488 2274 3553 salutem,
2313 3486 2670 3542 descendisse
2701 3487 2768 3541 de
2803 3487 2960 3542 cmlis
2999 3505 3012 3540 :
3044 3497 3099 3541 et
3131 3487 3476 3541 incarnalum
3533 3503 3601 3542 ex

2019 3579 2228 3648 Spiritu
2259 3591 2478 3646 sancto,
2514 3591 2570 3636 et
2595 3581 2826 3636 Domina
2871 3591 3056 3634 nostra
3116 3592 3308 3636 sancta
3357 3582 3599 3652 gloriosa

2017 3672 2112 3727 Dei
2146 3672 2428 3728 Genitrice
2459 3682 2513 3727 et
2543 3689 2762 3742 semper
2787 3671 3010 3744 Virgine
3057 3674 3249 3739 Maria,
3282 3682 3340 3728 et
3387 3690 3454 3728 ex
3484 3675 3600 3744 ipsa

2021 3776 2208 3820 natum
2247 3781 2390 3822 esse.
2422 3766 2524 3834 Qui
2548 3778 2636 3822 est
2667 3767 2811 3822 Patri
2839 3776 2897 3820 et
2935 3766 3167 3832 Spiritui
3195 3778 3387 3822 sancto
3413 3784 3602 3837 mqua-

2018 3858 2106 3913 lis.
2156 3858 2276 3914 Non
2317 3860 2466 3913 enim
2509 3871 2743 3928 quartae,
2798 3875 2895 3928 per
2933 3852 3368 3914 incarnationem
3411 3863 3599 3924 unius.

2019 3964 2088 4004 ex
2131 3961 2324 4005 sancta
2346 3950 2621 4005 Trittilate
2659 3953 2751 4006 Dei
2793 3952 2978 4015 Verbi,
3025 3968 3276 4022 personae
3332 3957 3604 4010 accessio-

2021 4059 2149 4098 nem
2197 4045 2446 4114 suscepit
2507 4045 2750 4100 Trinitas
2790 4058 3016 4109 -sancta,
3070 4047 3166 4101 sed
3213 4055 3297 4102 est
3344 4062 3489 4102 unus
3545 4057 3602 4105 et

2020 4137 2164 4192 idem
2191 4137 2458 4192 Dominus
2490 4148 2679 4192 noster
2703 4137 2866 4193 Jesus
2897 4137 3179 4202 Christus,
3223 4144 3598 4196 consubstan-

2021 4229 2165 4284 tialis
2201 4227 2350 4283 Patri
2373 4239 2432 4283 et
2458 4231 2571 4285 Deo
2614 4232 2766 4301 juxta
2806 4232 3179 4296 divinitatem,
3204 4243 3261 4288 et
3284 4234 3427 4290 idem
3462 4252 3598 4290 eou-

2019 4321 2399 4376 substantialis
2439 4323 2597 4378 nobis
2633 4323 2938 4378 secundum
2974 4325 3375 4381 humanitatem
3415 4347 3428 4381 :
3474 4345 3600 4396 pas-

2020 4413 2166 4468 sioni
2214 4411 2494 4471 obnoxius
2549 4433 2742 4481 carne,
2797 4429 2855 4473 et
2895 4419 3172 4488 passionis
3219 4419 3363 4474 idem
3400 4437 3602 4490 expers

2021 4507 2338 4562 divinitate.
2396 4509 2648 4578 Namque
2706 4527 2814 4564 non
2869 4511 3038 4566 alium
3098 4513 3271 4568 Deum
3337 4514 3599 4575 Verbum.

2023 4599 2170 4669 quod
2207 4601 2470 4655 miracula
2497 4603 2692 4667 edidit,
2733 4613 2790 4658 et
2823 4604 2971 4659 aliud
3007 4599 3156 4675 quod
3209 4623 3428 4676 passum
3491 4621 3600 4671 est,

2020 4689 2279 4744 Πονίιιιιιε
2326 4707 2570 4746 ενοιυιη
2633 4711 2802 4748 unum
2865 4705 2923 4750 Cl
2966 4698 3223 4752 eumdem
3277 4702 3605 4754 ronlitemur

2021 4781 2312 4838 Dominum
2346 4797 2596 4840 nostrum
2641 4787 2828 4843 Jrsum
2865 4788 3146 4843 Christum
3208 4791 3301 4844 llei
3363 4786 3603 4846 Verbum

2022 4874 2392 4942 iucarnatum,
2428 4889 2485 4934 et
2521 4882 2762 4948 perfecte
2813 4881 3095 4935 hominem
3151 4882 3356 4936 factum
3425 4902 3437 4938 :
3493 4896 3599 4938 nec

2023 4982 2132 5020 non
2179 4972 2342 5022 unius
2374 4981 2428 5022 et
2459 4970 2709 5039 ejusdem
2767 4972 3033 5026 miracula
3086 4972 3249 5026 simul
3287 4983 3343 5028 et
3381 4975 3640 5042 passiol.

2021 5073 2141 5119 nes,
2172 5075 2310 5128 quas
2349 5061 2658 5115 voluntarie
2689 5078 2854 5117 carne
2907 5065 3194 5126 sustinuit,
3232 5075 3459 5134 propter
3495 5083 3597 5118 no.

2021 5157 2191 5204 stram
2218 5152 2476 5207 salutem.
2509 5151 2628 5206 Non
2676 5153 2824 5206 enim
2886 5153 3052 5208 homo
3101 5155 3302 5224 aliquis
3356 5156 3600 5224 seipsum

2021 5255 2121 5309 pro
2157 5241 2317 5296 nobis
2350 5242 2577 5297 tradidit
2611 5261 2624 5298 :
2653 5244 2749 5298 sed
2791 5245 2908 5313 ipse
2939 5247 3084 5300 licus
3112 5245 3357 5302 Verbum
3404 5247 3603 5302 immu-

2021 5335 2176 5388 tabili
2211 5337 2376 5391 modo
2420 5336 2588 5391 homo
2635 5337 2814 5393 factus
2865 5347 2980 5402 est,
3035 5349 3394 5408 spontaneum
3432 5339 3603 5394 simu'.

2019 5429 2411 5499 passionem'et
2442 5438 2676 5483 mortem
2703 5447 2801 5500 pro
2831 5431 2996 5486 nobis
3021 5448 3184 5486 carne
3205 5432 3396 5488 subiit.
3421 5434 3602 5504 Atqttl‘.

2019 5520 2150 5574 dum
2193 5520 2364 5574 Deum
2405 5513 2585 5588 ipsum
2613 5536 2738 5576 esse
2769 5523 3122 5587 conﬁtemur,
3147 5540 3258 5578 non
3287 5524 3601 5580 intieiamur

2017 5627 2146 5668 eum
2200 5614 2368 5667 etiam
2421 5613 2702 5669 hominem
2766 5631 2909 5670 esse.
2979 5617 3044 5671 Et
3086 5615 3365 5672 hominem
3415 5619 3596 5691 ipsum

2019 5752 2208 5820 gratiae
2242 5751 2495 5893 larig‘i’tqtc
2536 5753 2916 5825 conjunctnm.
2949 5755 3112 5825 (Aug.
3156 5753 3229 5808 De
3289 5754 3439 5810 Trin.
3495 5757 3596 5813 lib.

2021 5840 2277 5893 .\lll,Ctlp.
2360 5831 2411 5874 ‘.

2021 5840 2136 5888 XIII,
2159 5841 2277 5893 cap.
2329 5831 2411 5877 l‘J.
