4046 6484
467 418 567 486 311

1693 426 2121 492 NICEPIIORI
2153 432 2505 495 GALLIS?!

3611 433 3716 500 3ίὲ

464 535 814 600 confitentes,
851 533 1020 592 Deum
1088 535 1270 607 ipsum
1309 552 1532 609 quoque
1584 555 1706 597 esse
1738 556 1851 598 non
1882 558 2044 614 nega-

2157 549 2242 600 ιιαὶ
2318 546 2767 620 ἀνθρωπότητος,
2839 543 3099 602 σύνθετον
3183 545 3592 619 ὁμολογοῦντες,
3636 551 3724 604 τὶν

463 642 609 682 mus.
647 627 882 683 Proinde
923 643 1094 682 unum
1125 637 1184 684 et
1210 630 1466 685 eumdem
1508 648 1574 687 ex
1603 641 1839 705 utraque
1893 635 2038 690 divi-

462 719 657 776 nitatis
685 720 901 777 scilicet
927 731 985 776 et
1019 721 1382 778 humanitatis
1423 732 1621 780 natura
1642 729 2038 796 compositum,

461 813 787 883 profitentes
843 813 1140 868 Dominum
1183 823 1438 870 nostrum
1479 815 1671 873 Jesum
1727 817 2040 884 Christum,

463 904 672 960 unione
729 905 1115 962 confusionem
1179 922 1289 962 non
1341 909 1678 966 inducimus.
1735 911 1854 966 Non
1894 912 2041 967 enim

463 997 612 1060 quod
651 998 963 1054 secundum
1018 1015 1121 1055 nos
1162 999 1331 1056 homo
1365 1001 1544 1058 factus
1581 1014 1690 1067 est,
1747 1013 2042 1075 propterea

466 1090 612 1145 Deus
645 1105 770 1146 esse
794 1091 1032 1146 desinet.
1077 1092 1266 1161 Neque
1293 1109 1428 1149 sane
1455 1095 1605 1164 quod
1649 1096 1798 1152 Deus
1846 1108 2046 1154 natura

463 1192 572 1248 est,
608 1183 742 1238 etin
769 1197 899 1238 eum
936 1185 1248 1240 similitudo
1309 1199 1513 1242 nostrae
1567 1195 1778 1243 natura:
1809 1200 1918 1243 non
1960 1204 2050 1244 ca-

467 1272 573 1339 dit,
607 1283 902 1344 propterea
933 1275 1100 1329 homo
1129 1291 1252 1332 esse
1275 1275 1589 1347 negabitur.
1619 1278 1820 1334 Verum
1851 1294 2049 1349 quem-

469 1365 773 1421 admodum
835 1368 891 1422 in
948 1367 1295 1424 humanitate
1327 1370 1493 1437 Dcus,
1553 1371 1628 1426 ita
1689 1372 2051 1428 nihilominus

466 1457 522 1511 in
558 1459 894 1514 sublimitate
930 1461 1162 1516 Deitatis
1193 1463 1357 1515 homo
1383 1471 1708 1530 permanet:
1748 1473 2050 1536 utrumque

466 1565 597 1604 vero
629 1551 681 1604 in
708 1550 903 1605 eodem
935 1559 1043 1618 est,
1077 1562 1135 1607 et
1185 1569 1330 1608 tinus
1366 1555 1516 1610 Deus
1542 1555 1729 1616 simul,
1763 1563 1821 1610 et
1859 1556 2048 1622 homo,

469 1642 587 1710 ipse
618 1643 938 1699 Emmanuel
975 1645 1075 1715 (2).
1109 1646 1268 1717 793
1295 1647 1466 1702 Porro
1502 1647 1758 1703 eumdem
1785 1648 2054 1704 confiten-

477 1745 559 1787 tes
591 1734 651 1788 in
679 1735 968 1790 divinitate
1000 1736 1306 1806 perfectum
1333 1747 1500 1807 atque
1522 1739 1692 1793 etiam
1748 1739 1806 1794 in
1853 1739 2054 1794 huma-

471 1827 649 1881 nitate
685 1829 1010 1897 perfectum,
1035 1846 1104 1882 ex
1133 1830 1342 1898 quibus
1370 1832 1541 1886 etiam
1569 1833 1912 1901 compositus
1943 1839 2050 1890 est.

2146 638 2354 708 Κύριον
2389 638 2550 709 ἡμῶν
2591 637 2803 710 Ἰησοῦν
2848 638 3105 709 Χριστὸν,
3140 636 3405 709 σύγχυσιν
3435 642 3503 709 τῇ
3542 639 3724 694 ένώσει

2147 729 2252 782 οὑκ
2280 730 2673 800 ὲπεισάγομεν.
2703 730 2786 785 υύ
2812 729 2921 800 γὰρ
2944 731 3027 784 δτι
3070 730 3265 799 γέγονε
3305 730 3430 784 καθ’
3461 732 3610 801 ἡμᾶς
3643 731 3729 785 ἄν-

2146 820 2384 890 θρωπος,
2402 822 2462 875 τὸ
2479 817 2618 877 εῖναι
2635 823 2767 886 Θεὸς
2792 823 3067 878 ἀπολέσειο
3085 821 3209 877 οὔτε
3233 821 3340 896 μὴν
3355 823 3578 885 ὅτιθεὸς
3593 825 3729 876 κατὰ

2147 912 2309 982 φύσιν
2335 914 2454 967 εστὶ
2477 914 2574 968 καὶ
2590 913 2690 985 τὴν
2721 914 2861 986 πρὸς
2886 915 3036 985 ημᾶς
3055 915 3315 985 ὁμοίωσιν
3362 914 3730 984 ἁπαράδεκτον

2147 1003 2287 1073 εχει,
2321 1005 2417 1057 καὶ
2451 1005 2515 1059 τὸ
2547 1004 2834 1076 ἄνθρωπος
2890 999 3036 1060 εἶναι
3071 1007 3503 1077 παραιτήσεται.
3549 1006 3730 1075 Μεμέ-
3841 1031 3843 1033 ι

2142 1108 2288 1167 ’νηκε
2318 1097 2376 1150 δὲ
2404 1095 2597 1170 ῶσπερ
2632 1099 2691 1152 έν
2746 1097 3132 1169 ἀνθρωπότητι
3159 1097 3318 1164 Θεὸς,
3351 1095 3496 1151 οὑτω
3540 1097 3634 1151 καὶ
3673 1099 3729 1150 ἐν

2153 1187 2395 1259 ὑπεροχῇ
2426 1187 2678 1258 θεότητος
2700 1188 2990 1260 ἄνθρωπος
3012 1186 3109 1252 ὣν,
3149 1187 3299 1242 οὐδὲν
3324 1182 3513 1260 ἦττονο
3567 1188 3730 1257 ἄμφω

2149 1277 2208 1332 δὲ
2236 1276 2313 1331 ὢν
2338 1280 2396 1332 ὲν
2415 1278 2615 1350 ταυτῷ,
2654 1283 2749 1335 καὶ
2772 1275 2860 1345 εἷς
2883 1281 3017 1344 Θεὸς
3050 1278 3190 1350 όμοῦ
3221 1297 3280 1332 τε
3320 1280 3420 1334 καὶ
3449 1280 3729 1350 ἅνθρωπος

2152 1372 2182 1423 ό
2233 1369 2602 1441 Ἐμμανουήλ.
2668 1370 2773 1426 Τὸν
2803 1367 2988 1426 ἀὑτὸν
3018 1373 3076 1426 δὲ
3104 1371 3500 1442 ὁμολογοῦντες
3526 1375 3584 1428 έν
3616 1372 3730 1426 θεός

2153 1479 2280 1531 τητι
2331 1461 2562 1528 τέλειον,
2612 1464 2709 1517 καὶ
2762 1463 2821 1518 ἑν
2861 1463 3245 1534 ἀνθρωπότητι
3291 1464 3520 1528 τέλειον,
3573 1461 3632 1529 ἐξ
3659 1455 3731 1514 ὧν

2155 1554 2254 1608 καὶ⁵
2278 1553 2560 1625 συνετέθη,
2587 1554 2854 1628 διαίρεσιν
2893 1554 2995 1624 μὲν
3047 1558 3148 1624 τὴν
3173 1555 3457 1625 ἀναμέρος
3485 1554 3521 1625 ἦ
3565 1553 3732 1624 τομὴν

2155 1648 2257 1699 οὐκ
2286 1645 2626 1716 ἐπιφέρομεν
2655 1650 2725 1718 τῇ
2783 1647 2884 1717 μιᾷ
2912 1644 3084 1700 αὑτοῦ
3137 1646 3384 1716 συνθέτῳ
3417 1646 3730 1700 ὑποστάσει·

2155 1739 2256 1808 τὴν
2278 1737 2335 1790 δὲ
2355 1738 2622 1808 διαφορὰν
2649 1737 2765 1791 τῶν
2798 1737 3014 1807 φύσεων
3043 1737 3416 1809 σημαίνομεν,
3446 1737 3548 1790 οὐκ
3577 1737 3724 1790 ἀναι-

2159 1828 2428 1900 ρουμένην
2504 1828 2593 1882 διὰ
2675 1828 2776 1889 τὴν
2855 1827 3068 1883 ἕνωσιν.
3144 1827 3290 1882 Οὔτε
3361 1828 3472 1897 γὰρ
3524 1828 3558 1896 ἡ
3619 1826 3730 1878 θεία

469 1918 800 1974 divisionem
827 1929 921 1974 aut
969 1921 1273 1976 sectionem
1301 1922 1356 1976 in
1394 1932 1600 1992 partes,
1625 1939 1733 1978 una
1756 1923 1876 1994 ejus
1903 1939 2052 1979 com-

2160 1918 2328 1988 φύσις
2406 1917 2488 1982 είς
2557 1915 2657 1987 τὴν
2722 1915 3079 1986 ἀνθρωπείαν
3134 1915 3473 1986 μετεϐλήθη.
3531 1913 3726 1984 οὑτεή

468 2009 645 2078 posita
683 2012 1070 2076 subsistentia,
1113 2028 1223 2068 non
1277 2013 1614 2070 inducimus.
1671 2014 2050 2070 Differentiam

467 2116 602 2154 vero
634 2111 982 2166 naturarum,
1013 2119 1178 2172 quam
1214 2106 1346 2159 uuio
1379 2120 1490 2160 non
1516 2105 1683 2170 tollit,
1715 2105 2049 2163 indicamus.

467 2193 603 2247 Nam
633 2209 814 2263 neque
846 2207 1042 2249 natura
1073 2195 1262 2249 divina
1296 2197 1350 2250 in
1385 2198 1685 2252 humanam
1732 2206 1817 2252 est
1865 2212 2051 2264 versa,

468 2297 650 2352 neque
681 2284 923 2341 humana
950 2297 1149 2342 natura
1183 2287 1238 2342 in
1274 2287 1522 2342 divinam
1557 2295 1791 2342 mutata.
1837 2287 2053 2342 Intelli-

469 2375 666 2442 gentia:
693 2385 881 2430 autem
911 2378 1040 2432 acie
1072 2389 1372 2449 utramque
1412 2379 1828 2443 considerante,
1860 2388 1916 2434 et
1951 2395 2052 2448 po-

471 2463 585 2516 tius
623 2471 857 2533 utraque
890 2465 945 2519 in
1000 2467 1238 2535 propria:
1289 2477 1502 2522 natura:
1563 2469 1669 2523 line
1726 2478 1784 2523 et
1841 2469 2056 2524 ratione

472 2553 795 2621 exsistente,
831 2555 1028 2610 factam
1071 2558 1295 2626 quidem
1349 2559 1611 2614 unionem
1663 2558 1920 2625 dicimus,
1965 2575 2053 2616 se-

471 2647 716 2700 cundum
752 2647 1172 2702 subsistentiam
1205 2668 1219 2705 :
1249 2651 1367 2720 ipsa
1421 2666 1555 2706 vero
1587 2651 1894 2708 secundum
1922 2653 2057 2709 sub-

471 2735 785 2790 sistentiam
815 2737 947 2792 unio
975 2739 1220 2794 ostendit
1269 2741 1442 2796 Deum
1496 2741 1763 2809 Verbum,
1796 2743 1904 2799 hoc
1947 2753 2052 2811 est,

471 2826 736 2882 extribus
757 2828 987 2884 Deitatis
1007 2829 1384 2886 subsistentiis
1411 2831 1828 2891 subsistetttiam
1863 2818 2055 2898 unam:

470 2935 585 2974 non
622 2922 1025 2992 praeexsistenti
1059 2923 1270 2980 homini
1308 2925 1516 2979 unitam
1552 2941 1694 2990 esse,
1726 2925 1823 2981 sed
1852 2941 1972 2981 eam
1998 2927 2053 2980 in

472 3024 635 3068 utero
661 3014 905 3070 Domina:
943 3025 1148 3071 nostra:
1190 3027 1395 3072 sancta:
1426 3027 1481 3072 et
1507 3017 1763 3087 gloriosae
1825 3017 1919 3072 Dei
1949 3016 2057 3072 Ge-

472 3106 693 3160 nitrii-is
723 3123 1051 3178 semperque
1080 3107 1320 3180 Virginis
1353 3110 1559 3176 Maria,
1594 3109 1700 3165 sibi
1735 3109 1838 3180 ipsi
1874 3125 1943 3165 ex
1988 3124 2054 3165 ea

473 3198 792 3254 condidisse
824 3200 878 3253 in
933 3199 1160 3270 propria
1216 3199 1576 3256 s'ibsistentia
1631 3215 1860 3257 carnem
1891 3199 2054 3256 nobis

473 3273 786 3358 ἀμοούσιον,
823 3290 1380 3353 consubstantialem,
1409 3300 1467 3346 et
1495 3291 1706 3350 eisdem
1740 3294 2055 3362 perpessio-

473 3382 642 3434 nibus
675 3397 772 3450 per
805 3383 988 3436 omnia
1015 3382 1331 3449 obnoxiam,
1356 3383 1564 3454 absque
1591 3393 1841 3455 peccato,
1873 3385 2056 3439 anima

474 3473 728 3526 rationali
764 3484 820 3528 et
857 3472 1214 3530 iutellcctuali
1249 3475 1645 3531 animatamJn
1674 3477 1789 3546 ipsa
1820 3493 2057 3548 namque

473 3565 892 3621 sultsistentiam
919 3567 1135 3632 habuit,
1184 3577 1244 3622 et
1269 3567 1436 3623 homo
1463 3567 1644 3624 factus
1685 3579 1792 3624 est.
1857 3569 1923 3624 Et
1972 3579 2058 3623 est

477 3676 624 3715 unus
653 3668 818 3731 atque
855 3660 1000 3716 idem
1040 3659 1306 3716 Dominus
1340 3672 1534 3717 noster
1583 3661 1743 3718 Jesus
1773 3662 2054 3725 Christus,

476 3753 724 3823 quicum
789 3753 950 3808 Patre
980 3761 1037 3808 et
1071 3752 1283 3822 Spiritu
1341 3762 1536 3808 sancto
1585 3754 2052 3824 conglorificatur.

475 3847 749 3902 Caeterum
800 3846 1138 3902 ineﬂabilem
1170 3846 1289 3916 ejus
1320 3846 1581 3901 unionem
1615 3847 2055 3914 considerantes,

474 3950 626 3994 recte
655 3947 910 3993 naturam
947 3954 1111 3994 unam
1146 3937 1246 3992 Dei
1274 3936 1440 3993 Verbi
1475 3938 1819 3994 incarnatam
1865 3954 2052 4004 carne,

475 4050 600 4105 qua:
639 4035 825 4089 anima.
856 4033 1110 4089 rationali
1143 4041 1202 4089 et
1229 4033 1590 4089 intellectuali
1650 4042 1737 4090 est
1792 4034 2054 4101 animata,

475 4126 827 4190 profitemur.
857 4125 1096 4180 Rursum
1127 4122 1513 4181 diderentiam.
1555 4133 1880 4179 naturarum
1926 4140 2060 4180 cor»-

475 4218 834 4286 templantes,
868 4233 963 4271 cas
991 4219 1129 4272 duas
1171 4217 1250 4285 (3)
1283 4232 1411 4272 esse
1436 4217 1698 4282 dicimus,
1725 4217 2055 4272 divisionem

475 4309 686 4363 nullam
717 4308 1159 4363 introducentes.
1211 4307 1459 4378 Utraque
1486 4310 1635 4362 enim
1675 4317 1871 4361 natura
1905 4307 1962 4361 in
1989 4323 2059 4362 eo

478 4412 586 4458 est.
612 4401 766 4456 Unde
792 4415 961 4454 unum
989 4409 1047 4455 et
1085 4399 1344 4455 eumdem
1379 4401 1706 4471 profitemur
1729 4400 2017 4455 Christum
2042 4417 2056 4455 :

482 4511 655 4549 unum
686 4494 1103 4556 Filium,unam
1161 4509 1479 4563 personam,
1536 4510 1700 4548 unam
1754 4494 2061 4550 subsisten-

2155 2009 2475 2079 ἀνθρωπεία
2510 2007 2672 2076 φύσις
2697 2010 2776 2072 είς
2805 2008 2906 2079 τὴν
2939 2007 3093 2062 θείαν
3132 2007 3372 2078 ἐτράπη.
3417 2007 3724 2076 Νοουμένης

2153 2101 2211 2154 δὲ
2244 2101 2338 2156 καί
2392 2100 2752 2172 ὑπαρχούσης
2819 2100 3020 2170 μᾶλλον
3079 2101 3358 2174 ἑκατέρας
3417 2101 3479 2154 ἐν
3521 2099 3598 2170 τῷ
3638 2102 3729 2168 τῆς

2159 2193 2295 2256 ίδίας
2341 2193 2559 2259 φύσεως
2600 2194 2712 2263 ὅρῳ
2771 2209 2832 2246 τε
2881 2193 2978 2246 καὶ
3037 2191 3208 2264 λόγῳ,
3271 2192 3590 2264 πεπρᾶχθαι
3639 2189 3729 2261 μὲν

2154 2283 2252 2352 τὴν
2287 2283 2482 2338 ἕνωσιν
2531 2283 2656 2337 καθ’
2706 2284 3028 2338 ὑπόστασιν.
3072 2282 3140 2338 Ἦ
3186 2285 3243 2338 δὲ
3284 2284 3413 2338 καθ’
3444 2282 3731 2338 ὑπόστασιν

2155 2375 2354 2439 ἓνωσις
2392 2376 2548 2447 δηλοῖ
2573 2377 2656 2431 ὅτι
2685 2380 2715 2432 ὁ
2757 2376 2893 2439 θεὸς
2945 2377 3144 2445 Λόγος,
3203 2379 3492 2431 τουτέστιν
3550 2376 3583 2446 ὴ
3638 2374 3729 2444 μία

2159 2468 2466 2531 ὑπόστασις
2488 2467 2614 2529 ,τῶν
2644 2469 2810 2539 τριῶν
2843 2469 2942 2538 τῆς
2973 2469 3241 2539 Θεότητος
3275 2467 3652 2529 ὑποστάσεων,
3675 2465 3728 2517 οὗ

2157 2559 2564 2629 προῦποστάντι
2599 2560 2878 2631 ἀνθρώπῳ
2917 2560 3122 2630 ἠνώθη,
3184 2559 3306 2612 ἀλλ’
3345 2564 3406 2614 ἐν
3446 2564 3512 2630 τῇ
3547 2558 3730 2628 γαστρὶ

2157 2653 2256 2722 τῆς
2305 2652 2598 2724 δεσποίνης
2655 2652 2817 2724 ήμῶν
2849 2657 2949 2723 τῆς
3003 2653 3168 2721 ἁγίας
3211 2651 3430 2716 ἐνδόξου
3479 2652 3728 2705 Θεοτόκου

2157 2747 2253 2799 καὶ
2281 2746 2648 2816 ἀειπαρθένου
2705 2745 2932 2816 Μαρίας
2973 2743 3435 2816 ,ἐδημιούργησεν
3483 2745 3648 2814 ἑαυτῇ
3678 2743 3730 2809 ἐξ

2159 2833 2333 2900 αὐτῆς
2366 2834 2424 2885 ἐν
2463 2837 2530 2904 τῇ
2575 2834 2684 2904 ίδίᾳ
2710 2833 3015 2888 ὑποστάσει
3054 2835 3234 2904 σάρκα
3278 2831 3578 2904 ὀμοούσιον
3603 2834 3729 2900 ἡμῖν

2157 2926 2251 2980 καὶ
2274 2927 2582 2997 ὁμοιοπαθῆ
2602 2928 2744 2981 κατὰ
2765 2926 2947 2982 πάντα
2973 2927 3145 2996 χωρὶς
3177 2927 3488 2998 ἁμαρτίας,
3520 2925 3727 2993 titulu-

2160 3019 2330 3089 μένην
2361 3019 2509 3090 ψυχῇ
2537 3019 2728 3089 λογικῇ
2757 3019 2851 3073 καὶ
2882 3019 3143 3090 νοερᾷοὲν
3173 3019 3316 3089 αὐτῇ
3352 3019 3460 3089 γὰρ
3492 3016 3614 3087 ἔσχε
3637 3017 3728 3080 τὴν

2158 3110 2458 3164 ὑπόστασιν
2483 3112 2574 3164 καὶ
2601 3111 2825 3179 γέγονεν
2849 3111 3155 3180 ἄνθρωπος’
3220 3109 3322 3162 καὶ
3352 3109 3500 3162 ἔστιν
3537 3104 3617 3170 εἷς
3641 3106 3728 3160 καὶ

2157 3202 2186 3253 ό
2217 3201 2382 3263 αὐτὸς
2422 3202 2624 3271 Κύριος
2653 3197 2812 3268 ἡμῶν
2881 3197 3092 3269 Ἰησοῦς
3125 3197 3390 3266 Χριστὸς,
3427 3191 3732 3260 συιδοξαζό-

2161 3310 2320 3364 μενος
2355 3291 2432 3361 τῷ
2478 3291 2656 3358 Πατρὶ
2691 3291 2787 3344 καὶ
2816 3291 2894 3362 τῷ
2918 3291 3061 3361 ἁγίῳ
3113 3287 3426 3356 Πνεύματι.
3467 3284 3731 3340 Ἐννοοῦν-

2157 3402 2247 3448 τες
2272 3384 2328 3437 δὲ
2359 3385 2526 3438 αὑτοῦ
2568 3383 2666 3454 τὴν
2713 3383 2998 3454 ἄφραστον
3046 3380 3269 3444 ἕνωσιν,
3329 3379 3505 3452 ὀρθῶς
3546 3376 3729 3447 ὁμολο-

2157 3477 2364 3549 γοῦμεν
2395 3479 2529 3549 μίαν
2563 3477 2735 3547 φύσιν.
2756 3475 2859 3530 τοῦ.
2887 3473 3027 3529 Θεοῦ
3071 3474 3248 3542 Λόγου
3307 3469 3728 3542 σεσαρκωμέψην

2160 3572 2325 3640 σαρκὶ
2354 3569 2679 3640 ἐψυχωμένῃ
2733 3568 2883 3639 ψυχῇ
2936 3567 3129 3638 λογικῇ
3161 3582 3228 3620 τε
3257 3566 3362 3620 καὶ
3413 3563 3594 3634 νοερᾷ.
3625 3562 3731 3615 Καὶ

2159 3665 2321 3718 πάλιν
2347 3666 2405 3718 ὲν
2433 3661 2640 3735 θεωρίᾳ⁹
2675 3661 3043 3732 λαμϐανόντες
3068 3663 3167 3727 τὴν
3218 3659 3333 3713 τῶν
3373 3657 3595 3730 φύσεων
3623 3654 3731 3706 δια-

2158 3756 2360 3826 φορὰν,
2388 3755 2483 3809 δύο
2529 3754 2732 3818 ταύτας
2760 3750 2902 3808 εἶναι
2957 3753 3216 3821 λέγομεν,
3264 3751 3548 3821 διαίρεσιν.
3593 3744 3732 3800 0-365-

2161 3849 2290 3917 μίαν
2316 3846 2651 3914 εἰσάγοντες
2676 3845 2912 3913 ἑκατέρα
2945 3844 3054 3912 γὰρ
3084 3840 3246 3910 φύσις
3289 3840 3447 3894 εστὶν
3474 3841 3532 3893 έν
3565 3834 3727 3904 αὐτῷ’

2155 3941 2281 3994 ὅθεν
2309 3938 2406 3992 ἕνα
2439 3937 2648 3993 καὶτὸν
2673 3935 2838 3990 αὑτὸν
2887 3933 3263 4006 ὁμολογοῦμεν
3315 3931 3582 4003 Χριστδν.
3637 3927 3728 3980 ἕνα

2160 4032 2310 4098 Υἱὸν,
2349 4029 2408 4083 ἓν
2455 4029 2770 4099 πρόσωπον,
2807 4027 2952 4097 μίαν
2975 4026 3298 4088 ὑπόστασιν,
3336 4025 3472 4078 Θεὸν
3517 4019 3647 4093 ὁμοῦ
3671 4034 3726 4071 τι

2159 4125 2252 4178 καὶ
2292 4121 2607 4192 ἄνθρωπον.
2661 4121 2876 4179 Πάντας
2907 4119 2966 4173 δὲ
2999 4118 3122 4181 τοὺς
3160 4117 3321 4189 παρὰ
3369 4119 3548 4172 ταῦτα
3603 4128 3730 4182 φροι-

2158 4215 2432 4282 νήσαντας
2460 4209 2851 4283 ἢφρονοῦντας
2889 4208 3391 4278 ἀναθεματίζομεν,
3429 4203 3732 4275 ἀλλοτρίους

2159 4305 2438 4372 κρίνοντες
2467 4303 2567 4372 τῆς
2603 4302 2765 4371 ἁγίας
2795 4301 2891 4355 τοῦ
2929 4301 3065 4355 Θεοῦ
3110 4301 3412 4370 καθολικῆς
3471 4301 3565 4354 καὶ
3597 4301 3728 4350 ἀπο-

2162 4395 2417 4462 στολικῆς
2472 4393 2824 4464 Ἐκκλησίας.
2859 4394 2980 4446 Τῶν
3002 4393 3182 4462 ὰρθῶν
3225 4393 3412 4448 τοίνυν
3453 4391 3730 4461 δογμάτων

2160 4489 2271 4542 τῶν
2327 4487 2484 4558 παρὰ
2555 4486 2667 4540 τῶν
2736 4486 2908 4555 ἁγίων
2963 4486 3227 4558 Πατέρων
3284 4482 3733 4555 παραδεδομένων,

480 4589 640 4646 tiam,
672 4585 839 4639 Deum
873 4583 1045 4638 simul.
1090 4593 1147 4639 et
1191 4584 1497 4638 hominem.
1555 4584 1917 4640 Omnesvero
1961 4587 2052 4655 qui

2164 4581 2296 4650 ἡμῖν
2349 4579 2803 4650 κηρυττομένων,
2865 4578 3250 4649 προτρέπομεν
3286 4579 3434 4648 ὑμᾶς
3496 4577 3728 4634 ἅπαντας

481 4676 645 4730 aliter
678 4674 762 4729 vel
790 4683 1114 4742 senserunt,
1145 4675 1233 4730 vel
1263 4675 1531 4738 sentiunt,
1561 4676 1902 4735 anathemati
1932 4678 2063 4732 sub-

475 4769 721 4841 jicimus,
764 4770 979 4824 alienos
1007 4783 1102 4823 eos
1124 4784 1247 4824 esse
1279 4785 1307 4822 a
1337 4782 1526 4825 sancta
1572 4769 1664 4824 Dei
1710 4770 1982 4824 catholica
2005 4781 2062 4825 et

479 4861 784 4931 apostolica
816 4859 1066 4915 Ecclesia
1101 4859 1438 4929 iudicantes.
1503 4859 1691 4930 Itaque
1728 4875 1855 4916 cum
1908 4871 2058 4916 recta

479 4960 536 5005 et
565 4965 594 5004 a
630 4950 835 5004 sanctis
869 4949 1125 5004 Patribus
1175 4949 1337 5004 nobis
1387 4949 1610 5020 prodita
1664 4949 1919 5020 dogmata
1981 4953 2061 5006 sic

479 5045 870 5114 praedicentur,
901 5042 1194 5097 universos
1226 5056 1324 5096 vos
1358 5050 1418 5095 ut
1445 5041 1498 5094 in
1529 5052 1776 5096 unam-et
1809 5046 2058 5098 eamdem

480 5138 806 5210 catholicam
849 5145 905 5190 et
934 5134 1290 5206 apostolicam
1352 5132 1655 5188 Ecclesiam
1694 5133 2058 5198 conveniatis,

551 5321 627 5383 (2)
681 5319 843 5374 Salus
883 5317 1225 5373 credentium
1264 5317 1580 5387 mysterium
1623 5316 1912 5372 Trinitatis
1951 5326 2056 5373 est.

481 5390 759 5458 (Ilieron.)
782 5420 850 5430 ——
871 5389 1040 5443 Deum
1073 5404 1195 5441 esse
1221 5389 1408 5441 multis
1438 5397 1624 5458 notum
1650 5401 1757 5442 est.
1782 5387 1885 5442 Sed
1910 5389 2055 5455 quod

479 5461 644 5516 Pater
666 5457 816 5514 sitet
839 5459 1038 5514 Filium
1063 5459 1281 5518 habeat,
1317 5458 1507 5527 paucis
1533 5457 1745 5527 (Aug.).
1771 5485 1841 5497 -——
1864 5458 2054 5527 Pater,

481 5531 818 5600 manifestavi
877 5544 1072 5600 nomen
1132 5526 1821 5600 tuumIliominibusietc.
1870 5526 2053 5597 (Joan.

481 5597 639 5669 mi.)
679 5628 742 5639 --
772 5600 840 5654 Et
875 5598 1122 5669 crteditur
1152 5614 1181 5649 a
1224 5598 1381 5669 nobis
1420 5613 1538 5650 sine
1565 5597 1892 5669 confusione
1926 5613 2055 5650 con-

479 5659 668 5740 juncia
703 5679 892 5740 sancta
921 5659 1191 5740 Trinitas,
1223 5667 1340 5720 sine
1363 5667 1711 5740 separatione
1761 5666 2049 5740 distincta.

485 5736 669 5811 iAug.)
703 5771 769 5781 ——
801 5736 890 5801 Εἷς
923 5739 1055 5799 Θεὸς
1085 5741 1142 5788 ἐν
1174 5739 1344 5811 τρισὶ,
1376 5740 1470 5790 καὶ
1491 5736 1736 5811 τὰητρία
1762 5736 1828 5811 ἓν
1859 5751 1871 5764 ’
1905 5736 2055 5811 Unus

484 5805 626 5865 Deus
651 5805 704 5864 iu
739 5811 937 5872 tribus,
966 5815 1021 5863 ct
1047 5811 1148 5860 tria
1182 5807 1296 5859 Ilil‘c
1329 5821 1521 5870 unum,
1557 5805 1707 5860 Unus
1762 5805 1905 5859 Deus
1955 5806 2054 5859 Pa-

484 5894 588 5947 ter,
623 5899 690 5938 ex
723 5897 834 5952 quo
862 5880 1045 5934 omnia
1093 5896 1107 5936 ;
1138 5891 1192 5932 et
1222 5891 1365 5931 unus
1401 5875 1667 5930 Dominus
1700 5874 1860 5931 Jcsus
1884 5876 2049 5930 Citri-

2165 4675 2243 4735 είς
2269 4673 2396 4742 μίαν
2424 4675 2517 4726 καὶ
2552 4673 2651 4742 τὴν
2678 4672 2854 4743 αὐτὴν
2899 4671 3200 4742 καθολικὴν
3250 4673 3345 4725 καὶ
3375 4667 3729 4737 ἀποστολικὴν

2176 4763 2508 4832 Ἐκκλησίαν
2533 4765 2872 4833 συντρέχειν.
2935 4764 3156 4817 Μᾶλλον
3187 4763 3248 4816 δὲ
3279 4761 3725 4835 παρακαλοῦμεν·

2163 4855 2227 4907 ού
2272 4858 2381 4926 γὰρ
2421 4854 2759 4925 ὀκνήσαιμεν
2811 4855 2917 4908 κᾶν
2949 4855 3010 4907 ὲν
3041 4855 3281 4925 ὑπεροχῇ
3329 4854 3608 4925 βασιλείας
3644 4853 3729 4903 έσ-

2167 4948 2294 5018 μὲν,
2352 4947 2618 5011 τοιούτοις
2673 4949 2989 5019 χρήσασθαι
3053 4951 3320 5020 ῥήμασιν,
3363 4951 3468 5004 ὑπὸ
3502 4950 3598 5019 τῆς
3628 4945 3728 4999 τῶν

2163 5039 2509 5110 Χριστιανῶν
2541 5039 2802 5094 ἁπάντων
2842 5042 3224 5111 ὁμοφροσύνης
3251 5059 3312 5095 τε
3345 5043 3437 5096 καὶ
3468 5040 3727 5097 ένὼσεως.

2163 5133 2229 5184 ὲκ
2258 5129 2354 5185 τοῦ
2395 5130 2527 5201 μίαν
2549 5131 2804 5186 ἁπάντων
2843 5132 3158 5199 δοξολογίαν
3182 5132 3609 5204 ἀναπέμπεσθαι
3655 5125 3726 5195 τῷ

2161 5322 2302 5378 stus,
2338 5328 2438 5382 per
2463 5327 2626 5383 quem
2663 5312 2846 5366 omnia
2885 5329 2898 5366 :
2930 5320 2987 5367 et
3033 5328 3176 5367 unus
3212 5310 3456 5382 Spiritus
3486 5314 3722 5383 sanctus.

2161 5385 2216 5436 in
2241 5380 2353 5453 quo
2378 5380 2718 5458 omnia._Eo,
2759 5398 2955 5458 aqua
2985 5392 3042 5437 et
3069 5400 3162 5450 per
3190 5380 3347 5458 quem.
3386 5390 3443 5435 et
3499 5380 3551 5458 iit
3607 5388 3722 5444 quo.

2159 5469 2269 5506 non
2304 5464 2528 5507 naturas
2560 5453 2990 5518 dissecautihus,
3031 5469 3228 5505 verum
3259 5453 3420 5505 unius
3450 5458 3504 5521 et
3536 5453 3726 5521 incon:

2163 5524 2302 5577 fusa:
2334 5533 2542 5576 natum
2572 5524 2942 5590 prOprietates
2975 5512 3415 5591 designantihus.
3465 5512 3721 5591 Atquenid

2156 5609 2226 5647 ex
2263 5607 2328 5646 eo
2364 5593 2510 5647 clare
2561 5583 2732 5661 patet,
2778 5593 2926 5660 quod
2985 5595 3040 5646 iu
3097 5583 3275 5644 unum
3329 5603 3519 5642 rursus
3556 5583 3724 5638 colit-

2156 5662 2656 5735 gunlurrExipfo,
2701 5672 2756 5714 et
2787 5663 3126 5735 peripsum.
3174 5663 3343 5735 et_in
3389 5666 3564 5735 ipsum
3610 5667 3722 5735 om:

2158 5724 2289 5786 ina:
2313 5733 2412 5799 ipsi
2449 5724 2621 5801 gloria
2645 5724 2701 5785 diu
2739 5724 2958 5795 saecula,
2995 5736 3186 5784 Atreu.
3219 5724 3719 5801 (GrengazigttIl-l

2228 5803 2304 5868 (5)
2335 5794 2476 5854 ίὶυιιῖ
2502 5812 2709 5855 natura:
2731 5794 2950 5856 Christi
2972 5801 3023 5853 iu
3068 5794 3236 5853 unaui
3265 5794 3526 5854 coeuntes
3554 5794 3713 5848 dumt-

2159 5885 2438 5928 natmncm
2473 5881 2532 5927 et
2574 5873 2854 5929 deitatem.
2892 5872 3274 5937 ('l‘heologus.)
