4046 6458
256 388 337 455 313
1106 384 1712 462 ECCLESIASTICE
1751 400 2142 463 msronrs
2183 401 2332 464 Lm.
2370 405 2560 468 xm.

3383 413 3492 482 3η

255 502 602 598 μεγάλῳθεῷ
627 504 724 560 καὶ
755 505 971 579 Σωτῆρι
1003 507 1167 580 ⁴ἢμῶν
1204 510 1383 584 Ἰησοῦ
1420 512 1670 586 Χριστῷ.
1693 513 1803 567 Τοῦ

1921 515 2222 581 hortantur,
2247 531 2342 572 seu
2393 517 2579 586 potius
2610 533 2890 591 rogamus.
2944 522 3064 581 Non
3121 526 3274 582 enim
3323 543 3490 598 grave

249 596 294 651 δὲ
311 597 515 664 λοιποῦ,
544 599 752 670 μηδένα
788 603 1266 674 προφασιζόμενον
1293 623 1361 658 πε
1373 607 1427 677 pl.
1462 607 1728 678 πρόσωπα
1762 606 1797 677 ἢ

250 689 502 754 συλλαϐὰς
521 690 872 764 ζυγομαχεῑνο
901 694 984 748 ὅτι
1015 696 1156 765 πρὸς
1197 697 1335 767 μίαν
1363 698 1461 752 καὶ
1497 697 1596 770 τὴν
1627 697 1800 768 αὐτὴν

246 781 401 852 ὀρθὴν
430 782 614 837 πίστιν
635 801 696 838 τε
723 785 815 839 καὶ
843 787 1056 842 ἔννοιαν
1077 788 1133 840 αί
1157 788 1424 843 συλλαϐαὶ
1454 789 1683 859 φέρουσι
1705 789 1802 843 τοῦ

249 874 399 945 μέχρι
433 875 524 931 νῦν
545 877 876 949 κρατοῦντος
907 879 1064 944 εθους
1087 897 1148 935 τε
1198 882 1294 936 καὶ
1327 883 1611 954 σχήματος
1644 884 1704 938 ὲν
1731 884 1800 955 τῇ

247 966 369 1038 ἁγίᾳ
390 968 480 1021 τοῦ
514 969 651 1022 Θεοῦ
674 969 941 1044 καθολικῇ
972 973 1068 1026 καὶ
1097 973 1432 1045 άποστολικῇ
1476 974 1800 1048 Ἐκκλησία,

245 1057 325 1112 διὰ
351 1059 567 1114 πάντων
597 1061 822 1132 βεὸαίου
867 1081 928 1118 τε
962 1065 1056 1120 καὶ
1084 1064 1526 1136 ἁκαινοτομήτου
1578 1070 1676 1122 καὶ
1722 1069 1804 1132 είς

244 1149 332 1204 τὸν
375 1153 504 1222 ἑξῆς
532 1154 751 1211 ἅπαντα
804 1157 1066 1228 μένοντος
1092 1158 1312 1228 χρόνον.
1351 1176 1372 1212 ι
1424 1159 1517 1230 Τῷ
1549 1161 1650 1232 μὲν
1705 1160 1802 1216 οὖν

245 1243 424 1315 tam
457 1245 631 1317 τούτῳ
661 1249 860 1310 πάντες
904 1249 955 1303 oi
984 1250 1305 1322 ,ἑκασταχοῦ
1349 1253 1806 1320 συγκατετίθεντο

246 1335 428 1401 ἱερεῖς,
448 1337 624 1408 ὀρθῶς
662 1339 1049 1410 ἑκφωνηθῆναι
1079 1339 1356 1410 λέγοντεςο
1398 1342 1448 1396 oi
1499 1342 1547 1397 δ’
1577 1343 1806 1416 ἀποδιῃ-

243 1425 467 1494 ρημένοι
496 1428 590 1480 ἐπὶ
625 1429 718 1483 τοῦ
753 1430 1053 1501 σχίσματος
1087 1431 1301 1500 ἔμενον,
1330 1432 1516 1505 ἥκισθ’
1547 1433 1804 1490 ἑνοῦσθαι

240 1517 506 1589 θέλοντες,
555 1521 616 1574 ού
664 1521 735 1576 δι’
759 1522 888 1577 ἄλλο
919 1508 994 1590 τι,
1043 1524 1159 1580 ἄλλ’
1188 1526 1384 1596 ὅτιπερ
1437 1525 1615 1598 ῥητῶς
1661 1525 1806 1589 οὕτω

150 1631 157 1643 ι
238 1610 375 1680 πρὸς
399 1611 478 1682 τῷ
502 1613 645 1668 τέλει
679 1613 773 1669 τοῦ
816 1617 1142 1687 γράμματος
1190 1617 1407 1691 εἴρηκε,
1465 1617 1526 1672 τὸ
1582 1617 1806 1688 βέϐαιον

236 1706 332 1758 καὶ
395 1707 828 1780 ἁκαινοτόμητον
889 1711 1242 1782 πεφυλάχθαι
1301 1712 1425 1775 ταῖς
1483 1710 1805 1784 ἐκκλησίαις

233 1797 332 1850 καὶ
354 1799 494 1854 κατὰ
527 1801 620 1854 τὸν
642 1801 769 1873 ἑξῆς
792 1805 1056 1876 ἐσόμενον
1090 1804 1306 1875 χρόνον.

1906 607 2066 663 nobis
2100 617 2207 670 est.
2232 610 2486 678 quamvis
2511 610 2565 665 iu
2593 611 2812 685 fastigio
2844 615 3062 689 imperii
3111 620 3364 677 collocati
3410 621 3490 676 si-

1905 712 2050 761 mus,
2101 698 2544 756 Christianorum
2604 705 2852 760 omnium
2889 709 3275 766 consensionis
3323 721 3490 781 atque

1906 787 2128 844 unionis
2155 789 2350 859 gratia,
2407 792 2681 863 ejusmodi
2725 795 2912 852 verbis
2948 799 3024 853 uti
3063 815 3080 853 :
3151 809 3210 855 ut
3254 815 3361 854 una
3421 800 3491 854 ah

1903 881 2165 935 erunibus
2204 881 2325 937 laus
2366 894 2422 938 et
2459 884 2787 954 glorificatio
2822 890 3101 944 tribuatur
3146 891 3260 947 Deo
3293 907 3492 960 magno

1903 981 1958 1029 et
1987 974 2267 1031 Servatori
2295 987 2484 1033 nostro
2514 980 2643 1034 Jestt
2688 982 2940 1039 Christo.
2971 985 3136 1058 794
3167 988 3240 1042 De
3288 997 3491 1043 caetero

1903 1071 2114 1130 autem,
2153 1080 2222 1120 ne
2251 1066 2380 1134 quis
2416 1084 2638 1124 causam
2674 1081 2768 1124 aut
2810 1076 3165 1129 occasionem
3220 1077 3368 1130 illam
3422 1076 3492 1130 de

1906 1155 2167 1226 personis
2212 1167 2309 1212 aut
2335 1159 2566 1230 syllabis
2597 1163 2735 1233 (sive
2783 1163 2909 1220 ﬁdei
2968 1167 3243 1238 formulis)
3279 1183 3380 1239 per
3407 1167 3492 1222 iu-
3521 1182 3533 1191 ο
3577 1167 3586 1221 '-.

1921 1248 2123 1304 testim
2155 1249 2384 1307 dissidia
2423 1253 2794 1311 contendendi
2850 1267 3055 1327 captet,
3098 1259 3360 1330 quoniam
3423 1260 3492 1312 ait

1907 1358 2074 1399 unam
2121 1352 2180 1400 et
2212 1347 2460 1404 eamdem
2489 1360 2699 1406 rectam
2735 1351 2896 1408 fidem
2935 1362 2992 1409 et
3025 1356 3358 1409 sententiam
3388 1354 3498 1424 syl-

1904 1433 2042 1490 labre
2068 1435 2188 1510 (seu
2247 1439 2517 1509 formulae)
2581 1442 2899 1514 producunt
2951 1443 3384 1501 consuetudinis
3441 1453 3498 1496 ct

1906 1537 2085 1585 status
2122 1531 2266 1602 ejus,
2306 1533 2400 1602 qui
2431 1534 2720 1606 hucusque
2762 1537 2816 1591 in
2847 1549 3037 1592 sancta
3068 1537 3164 1593 Dei
3216 1537 3495 1594 catholica

1906 1630 1963 1675 et
1999 1624 2302 1692 apostolica
2328 1623 2573 1683 Ecclesia
2607 1628 2874 1692 obtinuit,
2904 1639 2960 1684 et
2995 1647 3096 1700 per
3136 1631 3324 1686 omnia
3353 1629 3492 1684 citra

1907 1716 2322 1772 innovationem
2357 1719 2600 1790 aliquam
2637 1723 2830 1778 firnms
2865 1724 3198 1794 stabilisque
3231 1722 3497 1786 deinceps

1908 1808 1963 1863 in
2007 1817 2226 1880 tempus
2255 1827 2418 1868 omne
2448 1817 2816 1883 permanebit.
2860 1834 2878 1868 ι
2926 1815 3183 1870 Edictum
3223 1814 3330 1870 hoc
3373 1828 3491 1865 om-

231 1907 333 1947 nes
363 1893 565 1966 ubique
599 1899 842 1971 episcOpi
878 1910 933 1956 et
983 1901 1303 1957 sacerdotes
1368 1899 1628 1956 catholici
1684 1905 2142 1972 comprobarunt.
2201 1918 2354 1964 recte
2427 1913 2833 1983 promulgatum
2867 1927 2990 1968 esse
3057 1912 3327 1968 dicentes.
3381 1907 3487 1976 Qui

233 2002 365 2042 vero
395 2007 456 2046 se
484 1991 552 2046 ab
568 1993 811 2051 Ecclesia
840 2006 1289 2069 segregaverant,
1323 1997 1379 2052 in
1411 1997 1711 2054 schismate
1773 2010 1831 2055 et
1868 2001 2098 2056 dissidio
2125 2004 2508 2072 persistentes,
2571 2007 3000 2080 haudquaquam
3071 2024 3196 2062 cum
3229 2022 3296 2062 ea
3345 2006 3493 2059 uuiri

232 2084 698 2144 volueruntznon
760 2090 920 2146 aliam
969 2091 1194 2162 quidem
1237 2092 1310 2148 ob
1359 2106 1611 2158 causam,
1667 2107 1832 2161 quam
1869 2097 2016 2162 quod
2049 2097 2116 2152 ad
2150 2098 2313 2155 finem
2338 2101 2528 2173 scripti
2564 2102 2791 2160 disertis
2822 2103 3004 2158 verbis
3027 2101 3339 2172 appositum
3404 2113 3499 2153 es-

237 2186 340 2245 set,
371 2182 530 2238 etiam
566 2186 907 2254 temporibus
954 2186 1152 2243 futuris
1202 2186 1598 2257 professionem
1645 2187 1772 2242 fidei
1803 2187 1965 2244 talem
2002 2192 2209 2264 absque
2247 2195 2413 2251 rebus
2461 2197 2619 2253 novis
2647 2197 2897 2253 stabilem
2948 2201 3334 2253 conservatum
3403 2189 3494 2246 iri.

816 2395 1065 2452 ΚΕΦΔΛ.
1101 2395 1244 2467 Λςν.

243 2479 381 2550 Περὶ
422 2480 885 2558 τῶνῌᾳτροέδρων
933 2487 1053 2541 τῶν
1084 2489 1369 2558 μεγάλων
1417 2488 1674 2548 πόλεων.
1709 2486 1810 2540 καὶ

539 2556 872 2625 Γρηγορίου
907 2558 1014 2613 τοῦ
1047 2556 1458 2626 Θεοὺπόλεως.

321 2661 602 2729 Ἰουστῖνος
630 2667 687 2720 δὲ
723 2665 970 2722 Ἰωάννου
995 2668 1090 2722 τοῦ
1117 2669 1183 2722 ἐκ
1214 2668 1308 2723 τοῦ
1336 2667 1590 2738 Σιρίμιος
1620 2667 1712 2721 τόν
1751 2684 1811 2721 τε

243 2755 358 2827 βίον
416 2757 550 2824 όμοῦ
588 2758 643 2812 δὲ
671 2759 766 2813 καὶ
807 2761 898 2815 τὸν
930 2760 1122 2831 θρόνον
1150 2761 1253 2831 τῆς
1283 2760 1556 2832 βασιλίδος
1596 2759 1812 2831 θανάτῳ

242 2846 674 2919 ὰπνοὸαλομινου,
710 2849 975 2923 Εύτύχιον
991 2855 1054 2904 ὲκ
1077 2853 1175 2924 τῆς
1209 2853 1513 2924 ὑπερορίας
1558 2851 1810 2921 ἀγαγὼν.

243 2941 429 3006 καθὼς
460 2943 838 3007 Ἰουστινιανὸς
882 2945 942 3000 ἐν
980 2944 1273 3016 διαθήκαις
1309 2945 1682 3012 ὲνεκελεύετο,
1734 2945 1814 3016 τῷ

244 3033 422 3103 θρόνῳ
440 3033 596 3098 αὖθις
629 3035 998 3106 ἐγκαθιδρύει·
1020 3037 1082 3091 δν
1121 3036 1218 3092 ἐπὶ
1245 3037 1327 3091 δύ’
1349 3037 1445 3110 ἐτη
1491 3037 1815 3108 διαγενόμε-

243 3142 336 3178 νον
399 3126 654 3198 Ἰωάννης
697 3129 726 3182 ό
767 3128 1095 3201 Νηστευτῂς
1146 3130 1440 3202 διεδέχετο.
1501 3129 1666 3184 Ἀλλὰ
1719 3129 1817 3183 καὶ

256 3217 506 3273 Ἰωάννου
534 3219 628 3273 τοῦ
670 3220 970 3276 Κατελίνου
992 3221 1086 3276 τὸν
1135 3221 1235 3293 τῆς
1271 3221 1648 3294 πρεσϐυτέρας
1680 3221 1819 3278 Ῥώ-

249 3327 357 3382 μης
388 3310 574 3388 θρόνον
599 3311 872 3378 λιπόντος,
904 3314 1001 3369 καὶ
1029 3311 1166 3385 πρὸς
1197 3313 1299 3386 τὴν
1327 3314 1510 3368 ὲκετσε
1529 3314 1819 3386 χωρήσαν-

244 3419 338 3465 ¹τος
392 3402 620 3470 δίαιταν,
657 3405 918 3469 Βόνοσσος
946 3406 1074 3470 τοὺς
1128 3406 1326 3470 οἴακας
1362 3407 1464 3477 τῆς
1509 3407 1818 3477 επισκοπῆς

247 3491 629 3563 ἐγχειρίζεται·
658 3493 720 3548 δν
753 3493 1010 3566 Ἰωάννης
1059 3495 1247 3568 ἕτερος
1299 3495 1588 3568 διεδέχετο,
1623 3497 1716 3552 τὸν
1771 3495 1819 3550 δ’

247 3582 406 3650 αὖθις
453 3587 736 3655 Πελάγιοςο
798 3588 937 3658 μετὰ
969 3587 1054 3643 -δὲ
1081 3588 1496 3660 ⁹Δπολλινάριον
1559 3589 1820 3659 Ἰωάννης

247 3680 341 3732 τὸν
393 3679 492 3750 τῆς
534 3680 884 3753 ’ᾼλεξάνδρου
941 3683 1118 3738 ἄνεισι
1181 3683 1395 3754 θρόνον,
1456 3682 1518 3737 δν
1557 3683 1820 3752 Εὒλόγιος

248 3771 538 3839 διεδέξατο.
599 3774 730 3830 Ἀνὰ
760 3775 818 3829 δὲ
847 3776 948 3848 τὴν
984 3773 1376 3848 Ἰεροσολύμων
1431 3778 1531 3850 τὴν
1585 3775 1819 3847 ἱερωσύ-

251 3880 349 3934 νην
375 3865 631 3931 οἰακίζων
673 3863 744 3939 ἦν
767 3863 920 3932 αὖθις
959 3869 1082 3939 μετ’
1120 3870 1414 3939 Εύστόχιον
1439 3871 1468 3924 ό
1509 3871 1820 3942 Μακάριοςο

250 3953 442 4010 ἔπειτα
460 3958 713 4029 Ἰωάννης
724 3959 824 4030 τὴν
854 3959 1176 4032 ίεραρχικὴν
1199 3959 1500 4032 ἐκληροῦτο
1525 3960 1818 4033 καθέδραν.

250 4052 320 4120 τῇ
354 4049 462 4104 τῶν
529 4050 872 4123 Ἀκοιμήτων
907 4056 1043 4124 μονῇ
1091 4051 1186 4108 τὸν
1239 4052 1385 4106 λιτὸν
1459 4054 1554 4107 καὶ
1584 4053 1822 4108 ἄσκευον

251 4142 371 4212 βίον
396 4144 593 4220 ἄριστα
626 4143 923 4213 μετελθών.
962 4144 1118 4199 Κατὰ
1150 4143 1210 4198 δὶ
1263 4143 1372 4216 τὴν
1403 4144 1702 4199 Θεούπολιν
1730 4145 1824 4198 τὸν

253 4233 394 4304 μετὰ
431 4235 684 4304 Δομνῖνον
742 4236 1092 4290 ’Δναστάσιον
1161 4233 1360 4300 ἐλάσας
1445 4237 1475 4290 ό
1504 4238 1820 4300 Ἰουστῖνος,

251 4326 552 4397 Γρηγόριον
615 4329 1008 4398 κατεστήσατο,
1069 4329 1300 4399 μηδενὸς
1351 4329 1658 4400 τηνικαῦτα
1694 4329 1823 4400 περὶ

250 4418 352 4488 τὴν
388 4418 715 4490 Ἐκκλησίαν
756 4419 1238 4492 νεωτερισθέντος·
1285 4420 1464 4474 αἰτίαν
1521 4421 1578 4474 δὲ
1610 4420 1825 4492 βασιλεῑ

250 4509 411 4577 ἔσχεν
440 4509 469 4560 ὁ
495 4509 874 4572 Ἀναστᾶσιος,
901 4510 1098 4579 ὅτιπερ
1155 4510 1226 4561 τὰ
1260 4507 1685 4580 ίερὰρχρήματα
1728 4509 1822 4563 δασ

252 4599 446 4670 παιιῴη
479 4600 553 4672 μὴ
583 4601 722 4654 κατὰ
759 4600 820 4653 τὸ
859 4600 1132 4671 προσῆκον
1160 4604 1429 4673 ἀρχιερεῖ,
1477 4603 1573 4656 καὶ
1624 4603 1708 4656 ὅτι
1744 4602 1826 4667 είς

252 4689 480 4761 βασιλέα
529 4691 834 4761 προσέκοψε
898 4693 1327 4764 βλασφημήσας.
1373 4693 1672 4765 Ἐρομένου
1715 4694 1826 4764 γάρ

251 4803 399 4849 τινος
429 4784 784 4841 ’Λναστάσιον
824 4786 878 4840 τί
903 4788 968 4858 δή
995 4805 1128 4841 ποτε
1179 4787 1326 4843 οὕτω
1355 4790 1524 4862 χύδην
1560 4790 1630 4844 τὰ
1701 4791 1826 4861 ίερὰ

252 4882 514 4951 χρήματα
542 4881 876 4952 διαρρίπτει,
909 4884 1003 4936 καὶ
1040 4882 1115 4952 μὴ
1151 4882 1227 4945 ὡς
1258 4883 1437 4954 χρεὼν
1488 4883 1826 4955 διασκορπί⁸

253 4975 340 5039 ζει
391 4973 472 5038 είς
517 4975 578 5026 τὸ
617 4974 736 5027 δέον
782 4973 1218 5041 καταναλίσκων,
1276 4974 1577 5045 διαρρήδην
1640 4975 1826 5028 εἰπεῖν

2440 2399 2523 2456 CA
2535 2400 2668 2458 PUT
2695 2399 2938 2456 XXXVI.

1989 2487 2064 2542 De
2107 2505 2427 2562 magnarum
2477 2495 2686 2546 urbium
2734 2495 3010 2562 episcopis,
3071 2502 3122 2547 et
3177 2493 3430 2562 Gregorio

2409 2563 2683 2632 Theopalis
2733 2566 2993 2618 antistite.

1983 2671 2260 2737 Justinus,
2293 2683 2586 2744 postquam
2619 2672 2862 2729 Joannes
2918 2673 3008 2729 cui
3073 2673 3294 2730 Sirimis
3321 2673 3501 2744 patria

1912 2761 2039 2827 fuit,
2108 2765 2275 2819 vitam
2334 2764 2498 2819 simul
2545 2773 2602 2820 et
2651 2765 2908 2821 thronum
2977 2765 3301 2835 imperantis
3349 2767 3502 2821 urbis

1916 2862 2092 2910 morte
2135 2854 2448 2926 abiecisset,
2475 2855 2807 2926 Eutyvhium
2842 2854 2910 2909 ab
2939 2855 3156 2922 exsilio,
3186 2856 3351 2909 sicuti
3405 2856 3503 2911 Ju-

1915 2945 2187 3002 stinianus
2215 2954 2543 3000 testamento
2571 2926 2835 3014 jussera’t,
2872 2953 3193 3001 revocatum
3230 2946 3284 3000 in
3322 2947 3503 3002 eccle-

1915 3039 2052 3090 siam
2083 3050 2238 3090 suam
2305 3035 2573 3090 restituit.
2617 3035 2723 3102 Qui
2757 3035 2977 3091 duobus
3031 3036 3239 3090 exactis
3294 3037 3455 3091 annis
3483 3077 3500 3103 ,

1913 3127 2179 3184 Joannem
2213 3127 2558 3197 Νηστευτήν,
2599 3128 2700 3182 hoc
2734 3137 2818 3182 est
2841 3127 3236 3198 jejunatorem,
3269 3144 3500 3184 succes-

1916 3233 2098 3275 sorem
2132 3219 2349 3274 habuit.
2383 3218 2482 3274 Ubi
2506 3233 2638 3274 vero
2667 3218 2909 3275 Joannes
2936 3220 3099 3274 etiam
3125 3219 3413 3275 Cateliuus
3446 3220 3503 3274 in

1915 3313 2093 3366 veteri
2131 3311 2300 3366 Roma
2337 3312 2523 3368 sedem
2556 3327 2784 3368 vacuam
2833 3313 3077 3383 reliquit,
3105 3322 3161 3369 et
3212 3313 3277 3368 ad
3330 3313 3502 3367 vitam

1916 3401 2066 3468 illam
2105 3404 2380 3474 migravit,
2410 3404 2625 3460 Bonoso
2655 3405 2731 3471 (Ι)
2761 3405 3111 3476 episcopatus
3132 3404 3504 3476 gubernacula

1920 3497 2175 3553 mandata
2205 3507 2334 3554 sunt
2367 3517 2382 3552 :
2419 3497 2508 3552 cui
2535 3480 2775 3554 Joannes
2802 3497 2964 3560 alius.
2998 3506 3162 3569 atque
3209 3498 3339 3552 huic
3373 3514 3503 3551 rur-

1918 3604 2016 3644 sus
2067 3589 2320 3659 Pelagius
2367 3588 2655 3645 successit.
2716 3589 2846 3643 Post
2897 3589 3268 3658 Apollinarem
3317 3598 3504 3642 autent

1922 3679 2163 3736 Joannes
2198 3679 2541 3736 Alexandriae
2559 3680 2611 3734 in
2639 3681 2970 3750 pastoralem
2996 3679 3324 3734 conscendit
3350 3680 3506 3733 thro—

1925 3789 2079 3839 num,
2107 3781 2164 3840 et
2215 3772 2344 3828 huic
2381 3771 2642 3840 deinceps
2691 3775 3022 3842 subrogatus
3071 3781 3153 3825 est
3198 3771 3491 3840 Eulogius.

1923 3864 2316 3936 Hierosolymis
2345 3864 2725 3934 episcopatum
2764 3864 2952 3919 denuo
2987 3872 3110 3934 post
3142 3863 3502 3918 Eustochium

1926 3954 2262 4028 gubernavit‘
2289 3957 2583 4012 Macarius.
2621 3957 2751 4011 Post
2777 3973 2904 4010 eunt
2976 3955 3378 4012 hierarchicam
3419 3971 3510 4010 ca-

1925 4050 2176 4106 thedram
2205 4053 2438 4104 sortitus
2466 4058 2553 4103 est
2573 4048 2838 4113 Joannes,
2886 4047 3047 4118 795
3086 4047 3180 4116 qui
3211 4063 3402 4117 puram
3450 4057 3511 4100 et

1925 4145 2143 4213 inopem
2185 4143 2350 4196 vitam
2411 4145 2465 4197 in
2517 4140 2856 4196 losomuium
2913 4141 3254 4196 monasterio
3299 4143 3511 4210 optime

1925 4247 2134 4306 egerat.
2169 4235 2328 4304 Apud
2359 4234 2682 4303 Thcopolim
2719 4243 2904 4287 autem
2932 4233 3185 4288 Justinus
3215 4235 3511 4287 Anastasio

1927 4330 2183 4386 Domnini
2223 4343 2547 4383 successore
2597 4328 2780 4397 pulso,
2815 4327 3144 4398 Gregorium
3199 4327 3508 4391 substituit,

1926 4422 2093 4476 nullis
2128 4430 2241 4474 tum
2275 4420 2329 4474 in
2380 4418 2624 4476 Ecclesia
2661 4419 2820 4472 novis
2858 4419 3028 4474 rebus
3085 4418 3272 4474 motis.
3333 4419 3514 4490 Impe-

1931 4523 2082 4568 rator
2115 4527 2248 4567 vero
2285 4512 2495 4566 crimen
2557 4510 2688 4564 illud
2754 4511 3044 4567 Anastasio
3077 4511 3314 4584 objecit,‘
3360 4515 3508 4582 quod

1928 4603 2142 4660 sacram
2172 4602 2465 4674 pecuniam
2515 4601 2570 4656 in
2605 4601 2765 4664 alios,
2796 4617 2961 4672 quam
2997 4602 3315 4672 episc0pum
3349 4603 3518 4658 dect--

1930 4705 2036 4761 rt-t,
2072 4695 2354 4751 conferret
2383 4704 2658 4764 sumptus,
2687 4694 2911 4764 etquod
2957 4696 3214 4752 convicio
3256 4707 3314 4752 et
3346 4697 3514 4750 male-

1931 4791 2082 4846 dicto
2115 4790 2504 4860 imperatorem
2563 4791 2738 4855 ipsum
2782 4789 3051 4860 petiissct.
3091 4788 3234 4845 Cum
3273 4806 3515 4859 namque

1933 4883 2307 4952 interrogatus
2335 4898 2362 4935 a
2401 4881 2639 4951 quodam
2706 4881 3032 4946 Anastasius
3075 4891 3244 4944 esset,
3302 4897 3404 4934 cur
3438 4881 3512 4934 ita

1934 4976 2154 5046 profuse
2182 4975 2468 5045 pecuniam
2502 4989 2714 5029 sacram
2765 4972 3115 5042 dilapidaret,
3154 4983 3213 5027 et
3260 4989 3368 5026 non
3417 4990 3518 5041 po-

252 5067 569 5136 σκώψαντα,
624 5067 743 5120 ἰνα
769 5067 866 5136 μὴ,
899 5067 1060 5136 φησὶ,
1098 5067 1253 5137 παρὰ
1277 5066 1380 5136 τῆς
1426 5064 1616 5136 κοινῆς
1647 5065 1816 5135 λύμης

1939 5074 2048 5121 tius
2078 5067 2132 5120 in
2166 5082 2298 5122 usus
2324 5066 2586 5120 decentes
2615 5081 2736 5119 eam
2762 5063 3108 5132 impendens,
3141 5065 3214 5119 ita
3249 5066 3330 5118 uti
3374 5081 3422 5128 oi
3447 5081 3516 5120 us

254 5139 352 5214 τού
385 5155 672 5210 Ἰουστίνου
707 5157 1077 5226 ἀφαιρεθεῖεν.
1138 5157 1465 5227 Πεφήμιστο
1499 5156 1556 5210 δὲ
1602 5157 1829 5228 μηνῖσαι

253 5250 350 5304 τὸν
394 5250 679 5304 ἰουστῐνον
731 5251 946 5321 ἐκείνῳ,
1003 5251 1199 5320 ὅτιπερ
1258 5248 1513 5340 ζητούντι
1567 5251 1832 5322 χρήματα

255 5346 320 5398 ού
351 5342 630 5415 προῄρητο
649 5343 857 5397 δοῦναι.
893 5342 1003 5398 Καί
1031 5360 1154 5397 τινα
1179 5343 1226 5397 δ’
1255 5343 1421 5413 ἕτερα
1445 5343 1642 5415 ἐκείνῳ
1661 5360 1833 5413 προσο

258 5438 494 5507 ήπτωιτο
516 5435 607 5489 τὸν
642 5434 929 5505 βασιλικὸν
953 5434 1157 5491 σκοπὸν
1198 5434 1529 5506 θεραπεύειν
1565 5435 1831 5506 βουλομέ-

260 5546 367 5581 νων
393 5527 568 5582 ὲνίων.
601 5527 805 5581 Τούτου
862 5526 908 5580 δ’
951 5525 1369 5592 ύπεξελθόντος,
1389 5525 1713 5596 Γρηγόριος,
1755 5525 1830 5588 ὡς

261 5617 501 5688 εἴρηται,
546 5617 638 5670 τὸν
659 5616 848 5688 θρόνον
870 5616 1197 5687 ἐλάμϐανεν*
1236 5612 1297 5671 οὗ
1323 5615 1482 5678 κλέος
1512 5615 1648 5685 εὐρὺ
1691 5614 1832 5670 κατὰ

263 5709 503 5781 ποίησινο
568 5709 635 5763 ἐκ
662 5708 772 5779 γὰρ
822 5705 1046 5779 πρώτης
1083 5708 1303 5780 τριχὸς,
1352 5707 1469 5771 τοῖς
1522 5705 1833 5776 μοναδικοϊς

348 5847 425 5910 ιι)
444 5847 549 5905 Pro
571 5847 784 5904 Bonoso
808 5845 1106 5918 legendum
1151 5854 1282 5916 puto
1312 5842 1613 5900 Benedicto.

1933 5167 2102 5226 esset,
2136 5157 2526 5232 dispergeret,
2575 5157 2786 5211 diserte
2835 5171 2934 5226 per
2985 5157 3393 5212 cavillationem
3429 5157 3514 5210 di-

1937 5253 2082 5309 xisse
2109 5251 2309 5314 fertur,
2343 5266 2413 5306 ne
2454 5265 2482 5302 a
2529 5247 2807 5304 communi
2865 5249 3108 5318 pernicie
3142 5247 3363 5303 Justino
3417 5264 3517 5302 au-

1937 5341 2202 5398 ferretur.
2241 5341 2404 5396 Fama
2443 5349 2629 5394 autem
2656 5337 2939 5408 vulgatum
2970 5348 3076 5403 est,
3105 5346 3398 5408 propterea
3433 5339 3520 5394 illi

1935 5433 2216 5490 Justinum
2251 5433 2526 5489 inlensum
2579 5431 2775 5496 fuisse,
2809 5432 2956 5502 quod
3007 5432 3272 5501 pecunias
3321 5434 3372 5486 ei
3413 5449 3514 5502 pe-

1937 5525 2078 5582 tenti
2117 5526 2210 5582 ille
2259 5525 2389 5581 dare
2421 5525 2681 5580 noluerit.
2717 5524 3067 5595 Aﬂinguntur
3111 5533 3372 5596 pmterea
3396 5525 3522 5580 viro

1934 5617 1987 5674 ei
2006 5619 2111 5673 alia
2133 5617 2381 5688 quaedam
2405 5633 2432 5672 ιι
2461 5616 2764 5682 nonnullis,
2783 5615 2874 5685 qui
2899 5615 3250 5687 imperatoris
3271 5627 3524 5685 carptum

1940 5721 2125 5783 tegere
2155 5722 2251 5767 aut
2274 5725 2540 5768 excusare
2572 5711 2893 5767 voluerunt.
2928 5709 3224 5781 Postquam
3289 5709 3524 5767 Masu-
