4046 6460
602 383 711 449 315

1824 385 2239 446 NlCEi’llORl
2279 387 2633 448 GALLISTI
3711 387 3792 447 316

602 503 720 554 sius
741 499 1058 570 episcopatu
1085 497 1245 563 abiit,
1281 499 1608 569 Gregorius,
1645 499 1807 556 sicuti
1838 501 2045 556 dictum
2079 511 2183 562 est.

2295 503 2706 570 ἀποδυσάμενος
2754 502 3071 572 σκάμμασι,
3135 501 3391 570 γεννικῶς
3439 501 3544 565 τοῖς
3576 504 3798 557 ανωτάτω

605 592 794 647 sedem
828 607 949 645 eam
983 592 1200 660 accepit
1243 611 1257 645 :
1292 593 1452 661 cujus
1478 593 1586 646 lata
1623 602 1712 647 est
1739 592 1933 661 gloria,
1965 603 2022 647 ut
2057 608 2186 661 poe-

605 692 673 740 lae
703 682 884 736 verbis
919 692 1060 736 utar.
1099 684 1144 736 Α
1171 683 1372 751 primis
1412 683 1560 738 enim
1594 685 1838 753 capillis,
1875 684 1928 738 in
1988 701 2181 740 mona-

606 773 761 828 sticis
799 775 1138 829 exercitatus
1169 775 1390 841 studiis,
1425 785 1652 832 strenue
1678 778 1745 833 ad
1783 794 2028 834 summos
2065 796 2188 850 gra-

605 865 729 926 dus.
771 882 894 920 cum
931 883 1109 935 nuper
1144 867 1443 922 admodum
1480 885 1540 924 se
1572 871 1627 925 in
1666 886 1734 925 eo
1780 872 1980 940 lanugo
2012 877 2186 942 prima

606 957 973 1021 exhibuisset,
1009 959 1314 1014 contendit.
1356 961 1600 1016 Primum
1624 979 1752 1018 vero
1783 966 2030 1034 Byzantii
2070 983 2186 1023 mo-

608 1050 849 1102 nasterio
882 1050 1122 1121 praefuit,
1157 1051 1247 1105 ubi
1275 1053 1442 1106 etiam
1478 1055 1546 1108 ab
1582 1057 1741 1111 initio
1780 1059 1948 1114 vitam
1997 1075 2183 1114 rerum

607 1139 857 1190 omnium
889 1148 1175 1206 expertem
1211 1140 1412 1210 degere
1473 1144 1666 1214 coapit.
1725 1146 1919 1202 Postea
1965 1149 2186 1206 Justino

602 1226 856 1292 jubente,
900 1231 1174 1296 pastorale
1199 1247 1398 1286 munus
1436 1235 1489 1287 in
1554 1247 1738 1290 monte
1769 1239 1950 1294 Sinteo
2002 1257 2186 1296 susce-

611 1322 690 1386 pit
719 1338 732 1372 :
769 1320 820 1374 in
847 1337 958 1390 quo
987 1338 1015 1375 a
1045 1325 1284 1378 Scenitis
1313 1325 1572 1383 barbaris
1627 1331 1906 1398 obsessus,
1941 1350 2048 1394 non
2083 1336 2187 1389 mi-

613 1414 778 1468 nimis
807 1415 1217 1471 circumventus
1241 1428 1326 1474 cst
1353 1419 1632 1489 periculis.
1665 1423 1877 1488 Quibus
1905 1427 2091 1491 etiam,
2126 1437 2186 1482 ut

615 1503 1046 1568 paciﬁcationem
1113 1509 1334 1576 inirent,
1404 1528 1597 1566 suasor
1670 1525 1975 1584 auctorque
2057 1519 2183 1574 fuit.

614 1597 769 1664 Apud
797 1597 899 1651 hos
943 1615 1066 1653 cum
1101 1616 1189 1655 res
1217 1618 1443 1671 magnas
1479 1607 1805 1673 peregisset,
1857 1608 1910 1661 in
1971 1625 2182 1664 sacram

611 1689 810 1742 deinde
841 1700 1135 1758 provectus
1165 1702 1250 1747 est
1269 1695 1612 1748 cathedram.
1641 1698 1838 1752 Animo
1866 1711 1922 1753 et
1952 1701 2184 1756 consilio

614 1780 666 1833 iu
700 1781 866 1836 rebus
899 1784 1159 1839 omnibus
1197 1786 1405 1855 optimo
1445 1787 1549 1842 fuit
1583 1809 1595 1843 :
1629 1800 1682 1844 et
1711 1789 1776 1843 a'd
1815 1794 2182 1862 quodcunque

612 1875 890 1942 negotium
927 1890 984 1928 se
1012 1887 1382 1942 converteret,
1419 1879 1470 1933 id
1502 1896 1666 1949 quam
1704 1883 1964 1937 facillime
2013 1887 2184 1938 conli-

603 1953 807 2019 ciebat.
856 1966 1002 2021 Metu
1038 1969 1264 2024 minimc
1297 1973 1752 2040 perturbabatur.
1811 1975 2188 2032 Potestatibus

609 2067 814 2118 autem,
861 2067 916 2111 ut
963 2058 1124 2114 facile
1167 2060 1275 2114 illis
1307 2063 1532 2118 territus
1573 2065 1814 2132 cederet,
1853 2065 2183 2122 ﬂectendum

602 2161 665 2198 se
695 2146 1115 2218 haudquaquam
1177 2153 1432 2220 praebuit.
1487 2153 1760 2210 Liberalis
1817 2173 2062 2225 quoque,
2129 2171 2185 2212 et

606 2238 902 2292 admodum
932 2243 1246 2304 munificus,
1283 2245 1568 2313 magnifice
1598 2248 1860 2314 pecunias
1900 2249 2178 2319 largieba-

610 2340 698 2382 tur
729 2348 742 2383 :
778 2347 952 2400 usque
976 2335 1135 2394 adeo.
1165 2344 1599 2406 ut-quocunque,
1635 2354 1737 2406 pro
1759 2356 1826 2393 eo
1847 2349 2012 2409 atque
2043 2357 2185 2410 opus

602 2429 775 2482 esset,
807 2421 1257 2490 progrederetur,
1287 2440 1448 2494 quam
1507 2428 1728 2496 plurimi
1773 2430 2024 2484 homines
2056 2448 2181 2485 eum

594 2510 880 2579 vltipareut
911 2522 1075 2582 atque
1107 2527 1497 2585 sequerentur,
1527 2534 1723 2573 eorum
1756 2523 1922 2575 etiam
1980 2523 2184 2591 quibus

608 2601 746 2654 nihil
793 2617 918 2657 cum
969 2619 1036 2658 co
1082 2605 1455 2665 intercederet
1504 2612 1946 2677 consuetudinis,
1994 2623 2050 2668 et
2086 2615 2181 2683 qui

608 2691 745 2745 nihil
781 2693 845 2746 ad
885 2709 1011 2748 eum
1047 2697 1413 2763 pertinerent.
1467 2699 1572 2754 Alii
1624 2701 1852 2770 insuper
1904 2703 1997 2771 qui
2055 2719 2181 2759 cum

607 2785 881 2851 prodiisse
911 2787 1237 2854 audiissent,
1265 2791 1350 2845 vel
1381 2791 1664 2858 vidissent,
1690 2794 1755 2847 ad
1783 2810 1909 2848 eum
1941 2795 2184 2852 conﬂuc-

604 2876 760 2944 bant,
794 2887 850 2932 et
891 2879 1157 2936 honorem
1201 2883 1495 2939 mundanis
1523 2883 1882 2955 dignitatibus
1906 2887 2179 2954 debitum,

601 2984 717 3036 pra:
757 2971 861 3025 viri
895 2973 1018 3040 ejus
1055 2974 1430 3044 observantia,
1463 2979 1709 3033 secundo
1731 2979 1854 3034 loco
1879 2981 2180 3048 habebant,

601 3060 770 3131 796
792 3063 950 3118 avide
1000 3079 1100 3119 sua
1131 3075 1327 3135 sponte
1375 3075 1431 3120 et
1467 3068 1654 3123 videre
1703 3080 1759 3124 et
1815 3061 2008 3126 audire
2053 3089 2179 3127 cum

2291 593 2518 661 βαθμοῖς
2543 593 2797 663 ἦλαυνεν,
2827 594 2953 664 ἄρτι
2977 593 3072 647 τοῦ
3111 593 3285 646 ἰούλου
3333 592 3474 661 αὖτῷ
3506 593 3798 662 καταρῤἑονο

2286 703 2401 748 τος.
2439 687 2547 754 Τῆς
2568 685 2625 738 δὲ
2662 685 2770 738 τῶν
2801 685 3112 750 Βυζαντίων
3151 685 3366 754 πρῶτον
3394 683 3548 753 μονῆς
3579 683 3799 754 καθηγή-

2289 793 2438 829 σατο·
2475 777 2602 829 ἔνθα
2629 776 2690 830 τὸ
2727 777 3006 847 καταρχὰς
3057 778 3151 829 καὶ
3190 776 3280 828 τὸν
3311 777 3531 827 ἄσκευον
3565 774 3669 844 βίον
3698 792 3802 842 μετ·

2285 868 2393 939 ﬂat.
2426 870 2736 923 Mnémtra
2787 869 2843 921 δὲ
2894 868 3186 922 Ίουστίνου
3221 867 3546 931 κελεύοντος,
3583 866 3672 934 τὴν
3708 885 3804 920 ποι-

2289 960 2554 1031 μαντικὴν
2583 961 2678 1013 τοῦ
2729 961 2858 1012 Σινὶ
2887 958 3252 1030 ἐγχειρίζεται
3283 961 3459 1028 ὅρων
3516 960 3570 1010 ὲν
3635 950 3674 1025 ᾧ
3729 977 3807 1010 πο-

2283 1053 2674 1122 λιορκούμενος
2718 1052 2826 1104 ὑπὸ
2877 1053 2986 1104 τῶν
3048 1051 3344 1120 Σκηντ,τῶν
3399 1050 3692 1120 βαρϐάρων,
3730 1049 3809 1100 οὐκ

2286 1144 2590 1213 ἐλαχίστοις
2649 1143 2958 1212 περιεπάρη
3029 1142 3310 1205 κινδὶνοις,
3365 1143 3436 1203 ὡς
3488 1142 3578 1194 καὶ
3622 1141 3810 1209 εἰρήνης

2286 1239 2522 1300 ἐκείνοις
2549 1236 2809 1303 γενέσθαι
2841 1236 3132 1304 πρύτανιν·
3167 1237 3224 1287 ἐν
3251 1228 3331 1296 οἷς
3355 1235 3446 1287 καὶ
3477 1233 3657 1302 μεγάλ’
3701 1237 3810 1285 ἄττα

2285 1328 2809 1397 καταπραξάμενος.
2855 1325 3066 1380 ἐκεῖθεν
3127 1327 3261 1394 πρὸς
3307 1325 3400 1395 τὴν
3450 1324 3592 1392 ἱερὰν
3634 1321 3812 1391 ἀνήχθη

2285 1420 2572 1491 καθέδραν.
2596 1420 2789 1488 Ψυχῆς
2820 1419 2874 1470 δὲ
2909 1420 3003 1470 καὶ
3033 1419 3261 1486 γνώμης
3322 1415 3498 1484 τυχὼν
3553 1415 3810 1485 κρατίστης

2285 1512 2371 1580 ἐφ’
2401 1514 2597 1576 ἅπασι,
2632 1513 2767 1581 πρὸς
2801 1514 2934 1580 ὅπερ
2980 1511 3044 1563 ἂν
3076 1510 3318 1580 ῥέψειεν,
3376 1504 3809 1576 ὲξεργαστικὼτα-

2282 1621 2374 1667 τος
2407 1600 2495 1675 ἧν·
2543 1604 2744 1674 ἥκιστα
2789 1605 2888 1669 μὲν
2934 1601 3041 1654 δέει
3084 1597 3468 1669 κατεπτηχὼς,
3516 1594 3813 1656 δυναστείαις

2283 1700 2327 1752 δ’
2365 1699 2696 1769 εὐγείρωτος
2758 1694 2900 1749 εἶναι
2963 1695 3315 1756 ὥστἐίκειν,
3371 1693 3601 1761 ἄληπτον
3655 1690 3816 1742 ἑαυτὸν

2288 1795 2567 1860 παρεῖχεν.
2615 1790 2956 1856 Ἐλευθέριος
3005 1787 3061 1839 δέ
3088 1804 3172 1848 τις
3203 1787 3348 1857 μάλα
3383 1787 3476 1839 καὶ
3511 1781 3714 1852 ἀφειδὴς
3742 1776 3812 1850 ἦν.

2294 1882 2730 1954 μεγαλοπρεπῶς
2755 1885 2852 1942 τὰς
2884 1881 3152 1945 διαδόσεις
3193 1882 3304 1932 τῶν
3335 1877 3631 1950 χρημάτωνι
3659 1872 3814 1925 ποιού-

2289 1991 2472 2045 μενος·
2507 1977 2599 2026 καὶ
2628 1975 2686 2036 ἐς
2718 1973 2897 2035 τόσον,
2923 1973 2997 2035 ὼς
3030 1974 3125 2024 καὶ
3147 1973 3350 2042 δεῆσαν
3366 1972 3485 2022 ὅποι
3518 1966 3638 2019 ποτὶ
3661 1981 3726 2032 πρ
3753 1965 3817 2013 ῐέ-

2287 2065 2751 2136 ναιπαμπληθεῖς
2775 2065 3145 2134 περιείποντο,
3181 2070 3277 2116 καὶ
3313 2063 3420 2114 τῶν
3455 2057 3700 2130 μηδαμῶς
3738 2055 3816 2106 αὐ-

2285 2160 2362 2229 τῷ
2430 2159 2842 2227 προσηκόντων,
2902 2160 2999 2210 καὶ
3045 2158 3168 2229 μηδ’
3209 2157 3501 2209 εἰωθότων.
3557 2153 3656 2206 Καὶ
3692 2149 3815 2204 ἄλλοι

2284 2248 2332 2302 δ’
2359 2247 2746 2317 ὲπισυνέρῤεον
2786 2245 3188 2313 πυνθανόμενοι
3246 2245 3454 2303 suam
3495 2243 3526 2312 ἢ
3562 2242 3646 2292 καὶ
3677 2239 3818 2309 ὀρῶν-

2282 2355 2396 2400 τες·
2427 2339 2519 2392 καὶ
2551 2337 2618 2390 τὰ
2639 2339 2694 2400 ἐς
2724 2337 2821 2406 τὴν
2841 2335 3112 2406 κοσμικὴν
3142 2336 3320 2404 ἀρχὴν
3353 2337 3409 2386 ὲν
3431 2333 3664 2401 δευτέρῳ
3691 2330 3820 2381 ἐτάτ-

2284 2446 2440 2480 τοντο
2464 2428 2558 2498 τῆς
2582 2427 2661 2490 εἰς
2685 2427 2776 2479 τὸν
2805 2426 2972 2496 ἄνδρα
3028 2425 3221 2492 τιμῆς·
3277 2423 3597 2483 ἐθελουσίως
3650 2419 3818 2486 τροθυ-

2287 2521 2571 2592 μουμένων
2602 2520 2697 2574 καὶ
2725 2521 2856 2590 ὁρᾷν
2887 2519 2981 2571 καὶ
3007 2517 3249 2581 ἀκούειν,
3296 2517 3392 2569 καὶ
3420 2517 3488 2568 τὰ
3519 2513 3732 2582 τυχόντα
3761 2509 3821 2568 ὡς

2285 2612 2456 2665 πολλὰ
2492 2610 2927 2679 διομιλουμένου.
2968 2609 3076 2662 Καὶ
3110 2609 3217 2677 γὰρ
3271 2603 3344 2678 ἦν
3378 2605 3689 2662 ἱκανώτατος
3720 2599 3820 2658 ταῖς

2284 2701 2564 2772 ἀληθείαις
2587 2702 2819 2770 ἀόρατον
2861 2701 3151 2769 ἐνσπεῖραι
3184 2699 3355 2752 πόοον
3392 2701 3505 2757 τ’,ἰς
3561 2697 3696 2753 ὅπως
3748 2689 3824 2756 δή·

2285 2798 2414 2849 πότε
2435 2797 2847 2864 ἐντυγχάνουσι.
2906 2794 3018 2864 Τήν
3077 2810 3136 2846 τε
3192 2792 3329 2845 Θέαν
3382 2787 3696 2857 ἁξιάγαστᾶς
3737 2797 3824 2841 τις,

2281 2889 2499 2960 ἥδιστός
2559 2905 2620 2940 τε
2673 2887 2795 2939 λίαν
2847 2885 3366 2956 προσφθέγξασοαι·
3427 2883 3516 2936 καὶ
3568 2882 3715 2946 εἴπερ
3759 2889 3828 2934 τις

2283 2980 2475 3048 νοῆσαί
2495 2996 2552 3032 τε
2573 2978 2634 3032 τὸ
2656 2978 2773 3032 δέον
2801 2977 3086 3050 ὀξύτατος,
3153 2976 3368 3048 πρᾶξαί
3419 2991 3477 3026 τε
3510 2974 3565 3035 ὲς
3593 2970 3656 3022 τὰ
3697 2963 3830 3034 pum.

2285 3088 2384 3126 στα
2416 3071 2866 3140 προχειρότατοςο
2900 3067 3192 3140 βουλεῦσαι
3240 3067 3298 3120 δὲ
3335 3065 3533 3136 βουλὴν
3575 3063 3663 3115 καὶ
3693 3059 3828 3112 ἄλλου

602 3154 909 3220 cupientes,
942 3155 1104 3208 etiam
1127 3156 1195 3211 de
1223 3157 1391 3213 rebus
1419 3173 1529 3212 non
1562 3161 1744 3231 magni
1771 3164 2035 3218 momenti
2061 3165 2177 3233 ple-

2284 3161 2589 3234 πράξαντος
2605 3162 2902 3231 διαγνῶναι
2939 3162 2996 3215 ἐν
3025 3178 3086 3214 τε
3130 3161 3241 3222 τοῖς
3265 3161 3492 3221 οἰκείοις
3535 3157 3625 3209 καὶ
3683 3152 3830 3222 θύρα-

602 3257 839 3312 rumque
866 3245 1035 3299 verba
1067 3245 1379 3303 facientem.
1422 3247 1554 3303 Erat
1578 3249 1850 3320 siquidem
1919 3252 1987 3306 ad
2031 3269 2183 3310 arca-

605 3349 738 3386 num
771 3333 1112 3390 desiderium
1143 3352 1336 3391 eorum
1364 3339 1586 3402 animis,
1625 3341 1720 3410 qui
1756 3342 1910 3396 illum
1950 3357 2185 3412 quomo-

598 3424 900 3495 doc-nque
923 3428 1347 3493 conveniebant,
1380 3429 1738 3486 inserendum
1793 3448 1957 3503 quam
2013 3434 2188 3488 maxi«

607 3533 697 3573 me
747 3519 1001 3582 idoneus,
1056 3529 1282 3590 aspectu
1333 3521 1632 3577 admodum
1687 3525 2066 3592 admirandus,
2127 3525 2181 3580 in

599 3610 902 3680 colloquiis
925 3612 1083 3668 valde
1110 3615 1415 3683 jucundus,
1442 3624 1500 3671 et
1535 3615 1581 3671 si
1619 3617 1742 3684 quis
1777 3618 1951 3681 alius,
1984 3629 2038 3674 et
2069 3620 2185 3690 ipse

603 3704 674 3756 ad
699 3703 750 3757 id
790 3703 938 3774 quod
967 3705 1193 3762 deceret
1220 3708 1670 3777 cognoscendum
1721 3706 2102 3778 acutissimus,
2128 3723 2185 3768 et

604 3796 672 3850 ad
711 3796 1022 3852 faciendum
1053 3813 1218 3870 quam
1255 3799 1569 3856 facillimus.
1601 3801 1683 3856 Ad
1719 3805 2010 3859 consilium
2061 3805 2186 3860 aliis

599 3889 869 3956 dandum,
897 3900 1061 3960 atque
1089 3891 1156 3946 ad
1192 3907 1279 3947 res
1319 3893 1650 3948 domesticas
1703 3905 1758 3950 et
1803 3906 2063 3951 externas
2102 3896 2187 3952 di-

597 3981 950 4051 judicandas,
1027 3983 1497 4055 promptissimus.
1549 3985 1900 4057 Quapropter
1984 3989 2186 4044 multas

602 4087 697 4126 res
732 4073 937 4142 Optime
973 4075 1163 4144 gessit,
1223 4078 1436 4146 negotia
1494 4077 1548 4131 in
1599 4079 1899 4133 crastinum
1963 4078 2184 4135 diﬂ‘crre

603 4180 714 4218 non
750 4167 969 4222 solitus.
999 4166 1225 4222 Terrori
1257 4184 1386 4224 vero
1417 4178 1538 4225 erat
1593 4187 1705 4226 non
1735 4179 1950 4226 tantum
1980 4171 2184 4228 Roma-

600 4255 693 4309 nis
717 4256 1170 4326 imperatoribus,
1198 4274 1324 4314 cum
1377 4261 1600 4329 publica
1639 4271 1902 4317 tractaret
1938 4264 2181 4332 negotia,

599 4355 868 4416 quantum
908 4351 1217 4405 neceSsitas
1267 4352 1579 4419 postularet
1608 4359 1665 4406 et
1697 4361 1917 4429 tempus
1969 4354 2184 4422 ﬂagita-

602 4449 712 4499 ret.
765 4453 956 4493 verum
993 4441 1159 4495 etiam
1223 4441 1517 4497 Persarum
1564 4441 1824 4510 ducibus,
1881 4443 2046 4498 sicuti
2083 4459 2185 4498 suo

2245 3281 2252 3284 -
2285 3247 2378 3301 θεν
2404 3248 2726 3318 ἐπιτήδειος.
2757 3249 2858 3302 Διά
2882 3266 2966 3302 τοι
3004 3245 3163 3303 τοῦτο
3195 3249 3296 3301 καὶ
3343 3248 3516 3302 πολλὰ
3551 3245 3643 3298 καὶ
3659 3243 3832 3313 ἄριστα

2281 3339 2634 3410 διεπράξατο,
2665 3341 2828 3410 ἀφεὶς
2847 3342 2908 3396 τὸ
2937 3341 3197 3414 ισαύριον
3223 3338 3652 3397 ἀναϐάλλεσθαι.
3681 3331 3836 3388 Κατέ-

2283 3434 2458 3503 πληξε
2484 3434 2541 3488 δὲ
2577 3436 2637 3488 οὐ
2675 3435 2836 3506 μόνον
2870 3437 3000 3499 τοὺς
3070 3435 3368 3505 Ῥωμαίων
3439 3431 3677 3503 βασιλεῖς
3738 3425 3835 3481 τοῖς

2283 3528 2485 3590 κοινοῖς
2511 3525 2797 3598 χρώμενος
2835 3529 3182 3598 πράγμασιν,
3241 3527 3324 3590 είς
3363 3527 3504 3597 ὅπερ
3530 3527 3594 3578 ἂν
3642 3518 3838 3594 ήχρεία

2284 3617 2477 3689 καλοίη
2511 3620 2606 3672 καὶ
2636 3619 2664 3672 ὁ
2694 3619 2887 3691 καιρὸς
2916 3621 3146 3688 ἀπαιτῇ·
3176 3619 3317 3673 ἀλλὰ
3345 3621 3442 3672 καὶ
3479 3616 3605 3680 τοὺς
3637 3609 3839 3682 Περσῶν

2283 3708 2580 3778 ἡγεμόνας.
2608 3708 2684 3771 ὡς
2719 3711 2778 3762 ὲν
2817 3709 2994 3780 καιρῷ
3025 3725 3116 3778 μοι
3160 3707 3469 3773 λελέξεται.
3525 3702 3766 3763 Ποικίλος
3791 3695 3842 3750 δί

2281 3819 2366 3864 τις
2392 3801 2696 3872 ιτύγχανεο
2732 3804 2810 3871 πῆ
2844 3803 2943 3872 μὲν
2973 3802 3142 3872 πολλῇ
3197 3801 3496 3871 χρώμενος
3544 3801 3609 3869 τῇ
3641 3793 3844 3866 690696-

2283 3910 2442 3966 τητι·
2473 3895 2648 3947 ἐνίοτε
2683 3895 2738 3946 δὲ
2774 3896 2867 3948 καὶ
2901 3894 2958 3947 τὸ
3011 3894 3262 3964 Θυμῶδες
3328 3889 3746 3964 ἐσχηματίζετοο
3790 3885 3847 3936 ὲκ

2285 3988 2608 4058 περιουσίας
2632 3986 2677 4041 δ’
2711 3985 2781 4058 ἦν
2816 3988 2966 4058 αὐτῷ
2991 3989 3156 4058 ἡνίκα
3190 3987 3298 4040 δέοι
3356 3987 3419 4039 τὸ
3454 3987 3630 4056 πρᾶον
3662 3993 3826 4044 κεκρα

2285 4079 2450 4148 μόνον
2483 4082 2548 4150 τῇ
2580 4080 2905 4150 ἡμερότητι·
2937 4079 3014 4142 ὡς
3042 4079 3128 4132 ἐπ’
3160 4079 3308 4148 αὐτῴ
3334 4076 3667 4150 συνδραμεῖν
3691 4085 3847 4140 προσ-

2283 4171 2468 4243 φόρως
2500 4171 2649 4240 μάλα
2682 4170 2719 4225 ἃ.
2752 4171 2834 4242 τῷ
2869 4171 3120 4242 Θεολόγῳ
3152 4169 3451 4242 Γρηγορίῳ
3495 4163 3848 4236 πεφιλοσόφη·

2282 4279 2394 4329 ται,
2421 4263 2481 4316 τὸ
2503 4262 2774 4333 αὐστηρὸν
2807 4263 2946 4315 αἰδοῖ
2985 4262 3328 4333 σύγκρατον,
3387 4263 3466 4325 ὡς
3527 4257 3652 4330 μηδ’
3676 4254 3848 4322 ἕτερον

2285 4355 2393 4409 ὑπὸ
2423 4354 2519 4407 τοῦ
2547 4354 2741 4424 ἑτέρου
2771 4353 3282 4422 καταϐλάπτεσθαι,
3327 4353 3454 4406 ἀλλ’
3474 4353 3761 4422 ἀμφότερα
3788 4341 3850 4396 δι’

2284 4444 2535 4514 ἀλλήλων
2579 4444 2915 4513 εὐδοκιμεῖν.

601 4535 726 4587 loco
751 4549 780 4588 a
805 4548 892 4589 me
915 4536 1158 4591 dicetur.
1188 4535 1385 4592 Varius
1408 4537 1574 4592 etiam
1599 4535 1725 4592 fuit.
1749 4537 2061 4608 Aliquando
2089 4553 2324 4608 namque
2351 4538 2522 4592 multa
2548 4537 2807 4591 utebatur
2832 4535 3210 4592 vehementia:
3239 4551 3643 4607 nonnunquam
3668 4531 3848 4588 iratum

597 4642 661 4681 se
698 4640 821 4681 esse
853 4643 964 4697 prae
994 4643 1055 4702 se
1092 4627 1326 4683 ferebat.
1377 4629 1434 4683 ln
1469 4629 1666 4700 primis
1694 4641 1904 4695 autem,
1945 4646 2070 4686 cum
2123 4646 2264 4702 opus
2300 4640 2466 4696 esset,
2493 4631 2728 4684 maxime
2761 4629 2816 4684 in
2846 4643 2914 4684 eo
2952 4629 3236 4684 eminebat
3267 4629 3476 4685 lenitas
3508 4638 3565 4685 et
3595 4637 3839 4692 mansue-

600 4718 760 4784 tudo,
792 4719 930 4773 adeo
964 4700 1214 4790 utquam
1241 4721 1690 4775 commodissime
1712 4721 1768 4776 in
1802 4737 1930 4778 eum
1955 4700 2174 4777 dictum:
2200 4723 2332 4777 illud
2367 4720 2614 4790 prudens
2638 4719 2895 4793 Gregorii
2917 4720 3182 4792 Theologi
3211 4721 3563 4786 conveniret,
3593 4716 3842 4774 severitas

599 4811 914 4868 reverentia
943 4821 1250 4884 temperata
1281 4813 1361 4869 sic
1379 4812 1486 4870 fuit
1507 4815 1609 4885 (2),
1636 4824 1696 4870 ut
1725 4815 1898 4872 altera
1915 4817 1984 4873 ab
2013 4819 2186 4874 altera
2211 4833 2322 4872 non
2346 4817 2664 4882 laederetur,
2689 4814 2786 4872 sed
2817 4825 3051 4884 utraque
3077 4829 3174 4884 per
3195 4813 3431 4868 alteram
3461 4814 3847 4869 illustraretur.

1127 4929 1351 4988 CAPUT
1375 4931 1641 4990 XXXVII.

2871 4927 3124 4985 ΚΕΦΑΔ.
3157 4932 3279 4984 ΛΖ’.

601 5019 672 5076 Ut
701 5030 862 5094 pacta
897 5034 1151 5077 conventa
1188 5024 1326 5077 inter
1368 5023 1561 5080 Persas
1605 5036 1656 5080 et
1695 5025 1963 5082 Romanos
2001 5027 2177 5082 soluta

1323 5099 1452 5149 sint.

2333 5023 2426 5090 Ὠς
2457 5026 2518 5078 αἱ
2540 5023 2769 5094 μεταξὺ
2797 5023 3180 5148 Περὲῶένκιιὶ
3228 5022 3539 5094 Ῥωμαίων
3567 5015 3826 5076 σπονδαί

2947 5111 2996 5147 ιε
3043 5111 3241 5149 uarro.

670 5209 870 5265 Verum
925 5209 1208 5266 enimvero
1271 5211 1454 5280 primo
1516 5211 1764 5283 Gregorii
1825 5213 2178 5284 episcOpatus

2359 5209 2520 5272 Ἐτος
2561 5209 2618 5262 δὲ
2662 5207 2967 5278 Γρηγορίον
3014 5207 3206 5260 τούτου
3256 5206 3479 5277 πρῶτον
3524 5205 3752 5274 ἄγοντος
3797 5199 3860 5268 τῇ

597 5316 744 5355 anno
770 5302 1153 5367 Pcrsarmenii,
1177 5307 1268 5373 qui
1289 5305 1443 5372 prius
1465 5321 1671 5375 magna:
1693 5306 1966 5360 Armeniae
1989 5307 2181 5360 incohe

594 5388 869 5446 nominati
923 5392 1164 5457 fuerant.
1209 5405 1266 5450 et
1321 5397 1586 5451 Romanis
1631 5408 1946 5466 paruerant,
1985 5416 2014 5452 a
2046 5399 2178 5452 Phi—

602 5485 750 5554 lippo
813 5494 1017 5552 autem,
1049 5488 1140 5557 qui
1175 5497 1296 5556 post
1346 5488 1682 5544 Gordianum
1725 5490 1868 5558 apud
1905 5491 2180 5544 Romanos

603 5575 893 5644 imperium
908 5576 1166 5643 obtinuit,
1191 5577 1383 5646 Sapori
1415 5579 1700 5634 Persarum
1733 5579 1846 5649 regi
1880 5579 1949 5632 ita
1977 5579 2177 5647 proditi

601 5665 850 5731 fuerant,
907 5677 968 5722 ut
1017 5669 1274 5725 Armenia
1305 5670 1527 5741 quidem
1579 5687 1699 5742 qua:
1737 5671 1916 5727 minor
1949 5672 2174 5737 dic’tur,

677 5824 752 5892 (ἓ)
789 5826 980 5896 Evagr.
1021 5827 1117 5880 lib.
1160 5841 1210 5892 ν,
1241 5843 1357 5896 cap.
1397 5828 1447 5880 6.

2289 5303 2562 5375 ἰεραρχίᾳ,
2607 5302 3032 5370 Περσαρμένιοι,
3079 5300 3128 5354 οἳ
3176 5302 3445 5370 πρότερον
3468 5299 3570 5369 τῆς
3617 5295 3862 5367 μεγάλης

2299 5398 2590 5467 Ἀρμενίας
2632 5396 2918 5466 οἰκήτορες
2964 5393 3334 5461 ὠνομάζοντο,
3383 5391 3486 5444 καὶ
3579 5385 3862 5456 Ῥωμαίοις

2287 5484 2428 5560 ἦσαν
2473 5493 2759 5558 κατήκοοι,
2793 5487 2929 5557 πρίις
2963 5487 3235 5538 Φιλίππου
3281 5483 3339 5536 δὲ
3370 5481 3432 5543 ὃς
3470 5480 3613 5550 μετὰ
3644 5473 3863 5547 Γορδια-

2288 5582 2378 5633 νδν
2415 5578 2704 5649 Ῥωμαίων
2735 5574 2890 5648 ἦρξε,
2926 5577 3166 5648 Σαπώρῃ
3199 5576 3277 5645 τῷ
3333 5576 3562 5644 Περσῶν
3604 5583 3865 5635 κατεπρσι-

2287 5672 2524 5744 δόθησαν
2579 5671 2826 5742 βασιλεῖ·
2874 5671 2972 5727 καὶ
3019 5673 3052 5743 ἡ
3103 5671 3205 5741 μὲν
3247 5667 3546 5741 Ῥωμαίοις
3593 5658 3863 5736 ἐκρατήθη
