4046 6456
199 368 285 434 317

1065 371 1227 431 ECC'.
1254 370 1670 431 ESIASTICAE
1706 371 2094 434 ΙΙΙΞΤ<,1111ι·Ε
2125 375 2266 437 LIB.
2313 380 2505 444 XVII.

3345 383 3448 446 313

197 483 358 556 μικρᾶ
403 481 669 553 Ἀρμενία
712 483 1170 554 ὀνομασθεῖσαοή
1205 485 1259 538 δὲ
1291 484 1534 556 Πέρσαις
1576 473 1756 556 κεχεί-

1863 487 2123 546 Romanis
2157 492 2377 549 subdita
2406 505 2676 564 maneret,
2703 495 2876 569 major
2899 504 3082 552 autem
3103 495 3450 553 Christiano-

197 594 325 646 ρωτο
352 576 422 630 τὰ
468 574 818 644 Χριστιανῶν
849 573 926 639 ὡς
979 575 1097 636 ἐοος
1152 575 1572 645 πρεσϐεύουσαο
1608 576 1758 631 οὗτοι

192 665 359 719 τοίνυν
391 665 444 718 oi
492 665 899 735 Περσαρμένιοι
952 666 1138 730 κακῶς
1187 667 1321 738 πρὸς
1375 667 1606 735 Περσῶν
1654 668 1762 722 πάο
1819 676 1823 680 ”

192 777 421 827 σιοντες,
450 759 546 812 καὶ
593 759 795 828 μᾶλλον
842 761 1187 829 παρανομεῖν
1233 760 1362 831 περὶ
1406 761 1506 830 τὴν
1548 762 1760 817 οἰκείαν

190 851 565 922 ἐκϐιαζόμενοι
597 851 834 922 νόμισιν,
872 854 1058 921 κρύφα
1101 852 1374 924 ’Ῑουστίνῳ
1404 853 1761 925 διεπρεσϐεύ-

189 963 321 1004 οντο,
347 943 501 1009 αὖθις
548 946 814 1016 κατήκοοι
860 945 1159 1015 Ῥωμαίοις
1187 945 1446 1014 γενέσθαι
1478 946 1756 1016 δεόμενοι,

188 1039 257 1101 ὡς
283 1038 348 1092 ἂν
374 1038 461 1092 ἐπ’
491 1038 676 1101 ἀδείας
703 1036 790 1107 εἴη
839 1036 973 1107 δρᾷν
1029 1038 1377 1106 πραγμάτων
1413 1038 1540 1092 ἄνευ
1577 1039 1643 1090 τὰ
1678 1039 1760 1101 είς

189 1128 314 1181 Θεὸν
339 1128 403 1180 ἐκ
429 1127 528 1197 τῆς
570 1126 870 1199 θρησκείας
898 1127 1233 1197 νομιζόμενα
1261 1127 1400 1196 γέρα
1425 1143 1438 1158 ·
1471 1145 1758 1200 προσήκα-

191 1223 347 1289 μὲνου
375 1218 420 1272 δ’
457 1219 745 1272 Ἰουστίνου
787 1217 886 1288 τήν
927 1218 1116 1288 δέησιν
1148 1219 1240 1272 ἐπί
1289 1236 1402 1272 τισι
1456 1220 1760 1290 συνθήκαις

187 1314 318 1381 πρὶς
359 1311 453 1365 τοῦ
506 1311 772 1382 βασιλέως
807 1312 1152 1384 ἐγγυηθεῖσι,
1184 1313 1280 1366 κοιλ⁸
1315 1313 1499 1382 ’ὅρκοις
1551 1313 1758 1378 ταύτας

187 1406 427 1478 σροδρῶς
467 1407 910 1474 ἐμπεδιῢσαντος,
945 1407 994 1460 οἱ
1033 1406 1134 1476 μὲν
1168 1407 1578 1476 Περσαρμένιοι
1631 1408 1758 1471 τοὺς

185 1499 333 1568 σφῶν
380 1499 646 1569 ἄρχοντας
693 1499 1182 1570 διαχειρισάμενοι,
1212 1500 1273 1552 τὸ
1319 1499 1382 1569 δή
1432 1500 1754 1570 λεγόμενον,

183 1592 444 1645 πασσυδεὶ
481 1595 548 1663 τῇ
593 1592 885 1662 Ῥωμαίων
920 1592 1344 1662 προσχωροῦσιν
1389 1593 1754 1664 ἐπικρατείᾳ·

182 1683 276 1735 καὶ
317 1685 442 1746 τοὺς
485 1682 806 1754 περικύκλῳ
848 1683 1130 1748 ὁμοεθνεῖς
1175 1701 1233 1736 τε
1281 1687 1374 1737 καὶ
1422 1685 1758 1754 ἀλλοφύλους

183 1775 1090 1848 ἑταιρισάμενοι,Οὐαρδααμάνου
1147 1777 1484 1848 προῦχοντος
1543 1777 1756 1843 τούτοις

181 1868 275 1920 καὶ
303 1868 774 1937 ἄγοντος.εᾶνδρδ;
797 1869 946 1936 γένει
977 1871 1071 1924 καὶ
1104 1869 1382 1940 ἀξιώματι
1414 1871 1507 1924 καὶ
1534 1873 1598 1942 τῇ
1628 1871 1758 1941 περὶ

181 1957 246 2006 τὰ
292 1955 526 2025 πολέμια
587 1958 892 2028 ἐμπειρικῇ
942 1959 1249 2030 στρατηγίᾳ
1297 1959 1753 2028 ὐπερτεροῦντος.

181 2048 290 2101 Καὶ
318 2045 499 2100 τοίνυν
525 2047 613 2102 διὰ
657 2039 833 2124 ταῦτα
879 2051 1203 2114 ἐπεγκαλῶν
1234 2051 1447 2122 βασιλεῖ
1483 2051 1755 2123 Χοσρόης,

182 2138 537 2208 ἁπόπεμπτος
564 2136 652 2212 ἦν,
688 2141 1036 2210 πεπεράνθαι
1067 2141 1242 2210 λέγων
1265 2145 1334 2197 τὰ
1367 2145 1467 2214 τῆς
1491 2145 1716 2216 εἰρήνης
1736 2162 1752 2180 ο

188 2230 355 2291 dum;
385 2247 444 2284 τε
489 2233 586 2284 καὶ
630 2231 706 2304 μὴ
752 2228 862 2296 οἷός
895 2250 954 2286 τε
987 2230 1128 2287 εἶναι
1159 2236 1515 2304 Χριστιανῶν
1544 2237 1757 2306 ἀνθρὼ-

189 2339 305 2375 πων
353 2323 646 2396 ὑπερορᾷν,
701 2325 880 2396 καιρῴ
934 2327 1306 2394 περανθείσης
1359 2328 1586 2399 εἰρήνης
1639 2332 1754 2394 τοῖς

185 2414 468 2484 ὁμοφύλοις
520 2417 883 2485 προσιόντων.
921 2418 1031 2471 Καὶ
1058 2419 1086 2470 ὁ
1122 2418 1224 2487 μὲν
1272 2417 1528 2488 βασιλεὺς
1579 2420 1756 2475 ταῦτα

183 2507 278 2561 καὶ
320 2507 522 2561 τοιαῦθ’
559 2508 723 2580 ἕτερα
769 2509 1129 2582 παραπλήσια
1173 2510 1546 2582 ἁπεκρίνατο·
1601 2513 1754 2583 ὅμως

178 2599 382 2670 καίπερ
413 2599 634 2653 τοιαῦτα
667 2601 862 2668 λέγων,
905 2603 967 2655 οὐ
1000 2603 1136 2672 πρὸς
1181 2603 1366 2673 μάχην
1400 2607 1756 2672 παρεσκευά-

177 2693 300 2756 ζετο
327 2711 342 2724 ο
369 2697 444 2765 τῇ,
470 2693 690 2764 συνήθει
721 2695 778 2748 δὲ
829 2695 1106 2765 σχολάζων
1153 2699 1330 2767 τρυφῇ
1387 2696 1752 2766 περιείλκετο,

175 2786 404 2857 δεύτερα
441 2788 615 2841 πάντα
647 2787 757 2840 τῶν
794 2787 1075 2858 σφετέρων
1101 2787 1382 2858 λογισμῶν
1413 2806 1476 2842 τε
1501 2792 1596 2844 καὶ
1627 2791 1754 2862 ἡδο-

176 2877 282 2929 νῶν
316 2879 625 2947 τιθέμενος.
676 2879 884 2950 ’Ἄνδρα
918 2879 976 2931 δέ
1027 2895 1152 2932 τινα
1203 2879 1448 2949 συγγενῆ
1505 2880 1656 2950 αὖτῷ
1703 2881 1755 2934 οἱ

175 2971 516 3036 καθεστῶτα,
548 2973 867 3042 Μαρκιανὸν
892 2972 1085 3042 ὄνομα,
1118 2976 1428 3044 στρατηγὸν
1461 2973 1569 3034 τῶν
1598 2973 1752 3044 ἑῴων

174 3067 562 3138 χειροτονήσας
604 3066 912 3136 ταγμάτων
968 3064 1277 3136 ἐξέπεμπε,
1324 3065 1464 3136 μήτε
1517 3065 1756 3136 στρατὸν

172 3167 463 3232 ἀνήκοντα,
513 3162 652 3232 μήτε
701 3160 1060 3248 παρασκευήν
1108 3158 1394 3227 ἀξιόλογον
1435 3158 1752 3230 ἐγχειρίσας
1781 3197 1822 3256 C

172 3253 319 3323 αὖτῷ
341 3271 356 3286 ο
400 3253 459 3318 δς
487 3255 544 3316 ἐς
572 3253 827 3324 προφανῆ
872 3237 1145 3317 κίνδύνον,
1182 3252 1278 3306 καὶ
1313 3251 1375 3306 τδ
1421 3251 1488 3324 δή
1519 3251 1754 3322 λεγόμε-

172 3368 281 3410 νον,
307 3349 402 3400 ἐπὶ
432 3348 787 3416 καταστροφῇ
812 3344 912 3415 τῆς
936 3345 1034 3408 ἕω,
1064 3344 1282 3414 πρῶτον
1310 3343 1407 3398 ἐπὶ
1435 3345 1535 3415 τὴν
1557 3344 1752 3414 Μέσην

173 3441 419 3508 ἐγεγόνει
447 3437 556 3490 τῶν
591 3434 887 3508 Ποταμῶν,
919 3436 1144 3508 βραχεῖς
1175 3434 1376 3506 κομιδῇ
1409 3435 1751 3506 στρατιώτας

171 3535 267 3588 καὶ
295 3532 522 3594 τούτους
559 3531 742 3585 ὅπλων
776 3530 906 3584 ἄνευ
953 3528 1443 3600 προσεπαγόμενος
1470 3544 1486 3560 ο
1521 3527 1660 3600 πρὸς
1693 3528 1753 3583 δὲ

173 3623 467 3684 σκαπανεξ
503 3620 596 3673 κα)⁸
623 3621 820 3692 ῥαφεῖς
851 3635 917 3673 τε
951 3620 1051 3674 καὶ
1079 3617 1351 3690 βοηλάτας
1375 3616 1472 3682 οὒς
1506 3618 1628 3673 ὅθεν
1655 3617 1753 3686 δή·

174 3731 302 3768 ποτε
329 3713 651 3784 ὴρανίσατο.
681 3714 793 3768 Καὶ
820 3715 885 3786 δὴ
910 3713 1206 3784 συμϐαλὼν
1232 3714 1474 3784 Πέρσαις
1499 3715 1631 3785 περὶ
1651 3712 1752 3785 τήν

174 3808 410 3876 Νίσιϐιν,
437 3809 497 3862 τὸ
519 3808 682 3862 πλέον
708 3808 870 3878 δῆθεν
897 3808 1148 3879 ἐσχηκὼς
1199 3808 1367 3878 μήπω
1407 3823 1755 3876 παρεσκευα-

171 3903 388 3970 σμένων
443 3902 691 3974 Περσῶν,
734 3900 834 3971 τήν
907 3901 1064 3954 πόλιν
1111 3899 1506 3972 περιεκάθητο.
1557 3901 1623 3952 Οί
1691 3899 1750 3954 δέ

171 3995 386 4065 Πέρσαι
441 3993 502 4047 ἐν
555 3993 1016 4064 καταφρονήματι
1045 3993 1148 4061 τῆς
1195 3993 1359 4061 δῆθεν
1408 3991 1752 4062 περιφανοῦς

173 4089 513 4161 στρατηγίας
561 4087 672 4141 οὐδ’
703 4086 1033 4141 ἀποκλεῖσαι
1060 4085 1161 4148 τὰς
1196 4085 1377 4147 πύλας
1412 4085 1711 4155 ἠνέσχοντο
1733 4099 1748 4114 ·

170 4183 491 4253 αἰσχρότητι
517 4180 573 4234 δὲ
610 4180 758 4251 μάλα
789 4178 1126 4249 καθύϐριζον
1156 4178 1220 4232 τὸ
1257 4178 1554 4248 Ῥωμαίων
1587 4195 1751 4248 στρα-

168 4279 420 4348 τήγημα,
450 4276 727 4346 Τεράστια
750 4274 809 4328 δὲ
855 4273 1086 4326 πλεῖστα
1113 4271 1182 4326 τὰ
1229 4273 1465 4341 ἐσόμενα
1511 4270 1751 4340 δυσχερῆ

179 4370 471 4441 Ῥωμαίοις
522 4367 830 4441 τηνικαῦτα
887 4363 1116 4420 τεθέατο
1165 4362 1601 4436 προμηνύοντα·
1653 4361 1751 4414 καὶ

173 4461 300 4531 βοῦς
331 4460 376 4516 δ’
423 4461 812 4532 ἀρτιγέννητος
857 4457 1016 4529 ὤφθη
1045 4461 1113 4529 τῇ
1147 4456 1428 4529 προσϐολῇ
1461 4455 1557 4509 τοῦ
1586 4453 1749 4508 πολέ-

174 4570 300 4623 μου,
327 4546 370 4622 ᾧ
403 4551 496 4607 δύο
525 4551 758 4623 κεφαλαὶ
787 4551 882 4606 τοῦ
917 4551 1197 4622 τραχήλου
1222 4547 1528 4622 ᾑὼρηνται.

752 4783 932 4837 ΚΕΦΑ
945 4783 1006 4837 Λ.
1026 4780 1159 4837 ΛΗ’.

173 4900 692 4969 ὈπωςῌΧοονρόηςκ
716 4899 832 4964 τὴν·
867 4899 989 4952 Ἕω
1013 4896 1376 4969 ἐπιδραμὼκ,
1402 4895 1660 4965 φρούριά
1685 4913 1749 4952 τε

341 4965 488 5039 εἷλε,
520 4965 627 5024 irai
647 4970 890 5038 πολλὴν
916 4969 1092 5022 λείαν
1121 4965 1573 5036 περιεϐιὶιοῑλετο.

249 5104 408 5157 Ἐπεὶ
443 5103 485 5156 δ’
509 5103 540 5155 δ
570 5102 820 5174 Χοσρόης
869 5101 1058 5165 καλῶς
1108 5100 1178 5154 τὰ
1209 5099 1348 5170 πρὸς
1382 5098 1476 5153 τὸν
1506 5099 1750 5169 πόλεμον

167 5196 526 5266 ἐπηρτίσατο,
556 5196 647 5250 τὸν
679 5195 1119 5265 Οὐαρδααμάνην
1157 5195 1322 5264 μέχρι
1374 5192 1518 5256 τινὸς
1568 5192 1750 5246 διελά-

167 5306 293 5356 σας,
331 5290 542 5343 καὶτὸν
580 5290 872 5361 Εὐφράτην
901 5290 1005 5342 ἀνὰ
1047 5290 1146 5359 τὴν
1193 5286 1470 5357 σφετέραν
1502 5285 1752 5341 διαϐιϐά-

169 5398 267 5444 σας
325 5383 450 5452 γῆν,
497 5380 587 5435 διὰ
632 5381 725 5434 τοῦ
779 5380 1117 5449 καλουμένου
1176 5380 1487 5450 Κιρκησίου
1559 5378 1614 5442 ἐς
1650 5378 1750 5444 τὴν

177 5472 469 5542 Ῥωμαίων
520 5472 672 5544 ἠφίει
722 5473 848 5543 γῆν.
883 5472 1040 5526 Ἐστι
1069 5471 1126 5524 δὲ
1156 5473 1218 5524 τὸ
1250 5471 1557 5541 Κιρκήσιον
1592 5468 1751 5521 τοῦτο

168 5567 447 5637 πολίχνιόν
484 5586 537 5622 τι
569 5568 692 5621 λίαν
725 5567 1169 5636 ἐπικαιρόιατον,
1225 5566 1360 5636 πρὸς
1395 5565 1474 5635 τῷ
1511 5565 1750 5635 τέρματι

166 5663 268 5732 τῆς
299 5662 590 5736 Ῥωμαίων
634 5665 886 5734 κείμενον
920 5665 1020 5733 γῆς
1047 5680 1061 5696 ο
1095 5663 1291 5734 ὀχυρδν
1325 5662 1382 5714 δὲ
1415 5664 1482 5715 τὰ
1512 5657 1751 5731 [addidici

170 5759 313 5824 ἐστι,
336 5759 492 5829 τείχη
519 5757 859 5829 στερρότατα
884 5754 1372 5826 περιϐεϐλημένον,
1405 5754 1498 5807 καὶ
1520 5755 1577 5816 ἐς
1612 5753 1748 5806 πολύ

171 5868 224 5903 τι
251 5850 383 5920 ὕψος
416 5852 707 5924 αἰρόμενα.
745 5850 910 5906 Ἀλλὰ
941 5850 1045 5922 μὴν
1079 5851 1224 5905 καὶό
1257 5850 1498 5920 ποταμὸς
1533 5848 1752 5919 Εὐφρά-

1864 596 1982 636 rum
2019 597 2172 638 sacra
2198 587 2450 643 moribus
2483 593 2671 645 colens
2705 591 2891 646 Persis
2917 591 2990 645 sit
3023 589 3256 645 tradita:
3287 591 3453 643 Pers-

1863 673 2123 738 armenii,
2183 677 2443 748 inquam,
2501 681 2616 745 isti,
2684 681 2832 752 quod
2893 682 3136 752 graviter
3187 697 3218 736 a
3265 681 3452 736 Persis

1861 769 2258 838 afﬂigerentur,
2284 771 2542 843 legesque
2569 789 2702 830 suas
2757 774 3066 846 transgredi
3123 775 3176 828 vi
3205 774 3451 843 compel-

1859 858 2124 928 lerentur,
2161 862 2298 918 clam
2353 864 2418 919 ad
2452 865 2732 922 Iustinum
2766 874 3017 923 oratores
3049 868 3345 932 miserunt,
3388 877 3447 922 ut

1862 950 1966 1005 sub
1992 951 2261 1008 ditionem
2313 954 2685 1011 Romanorum
2723 959 3104 1029 reciperentur
3132 972 3448 1029 precantes,

1861 1058 1973 1112 quo
2005 1045 2178 1101 libere
2205 1047 2414 1118 absque
2466 1051 2715 1105 molestia
2761 1065 2947 1106 sacros
2978 1051 3137 1113 ritus,
3178 1067 3276 1120 pro
3321 1052 3450 1105 reli-

1861 1137 2042 1204 gionis
2076 1141 2502 1207 consuetudine,
2549 1143 2659 1196 Deo
2705 1158 2966 1213 peragere
2995 1151 3241 1211 possent.
3276 1142 3468 1196 Justi-i

1861 1244 1969 1286 nus
2021 1247 2214 1300 preces
2240 1248 2434 1288 eorum
2469 1236 2866 1306 comprobavit,
2911 1236 3086 1306 pactis
3151 1237 3443 1290 conventis

1861 1323 2186 1391 quibusdam
2238 1324 2307 1379 ab
2341 1325 2460 1394 ipso
2512 1326 2876 1396 interpositis,
2941 1326 3103 1397 797
3142 1342 3261 1396 qua:
3284 1326 3448 1380 etiam

1857 1413 2219 1484 jurejurando
2253 1418 2624 1472 confirmavit.
2653 1419 2839 1488 Itaque
2877 1419 3245 1473 Persarmenii
3283 1418 3454 1488 magi—

1861 1508 2125 1563 stratibus
2147 1510 2261 1563 suis
2289 1511 2612 1575 interfectis,
2634 1511 2884 1578 omnino,
2904 1511 3046 1580 quod
3077 1511 3302 1574 dicitui',
3329 1511 3455 1563 uni-

1860 1604 2005 1656 versi
2043 1617 2164 1657 sese
2203 1589 2576 1657 Romanorum
2635 1605 2862 1674 imperio
2897 1605 3320 1668 commiserunt,
3397 1603 3450 1656 in

1860 1697 2177 1751 societatem
2202 1713 2355 1752 suam
2393 1697 2642 1752 ﬁnitimis
2695 1698 2942 1767 ejusdem
2981 1699 3162 1765 gentis
3201 1698 3451 1766 populis,

1861 1799 2026 1858 atque
2053 1789 2240 1843 itidem
2277 1791 2471 1846 alienis
2502 1791 2815 1860 pertractis.
2869 1789 3026 1858 Apud
3062 1805 3202 1859 quos
3243 1790 3453 1843 Ardaa-

1864 1896 2051 1935 manes
2081 1881 2384 1952 principem
2417 1883 2596 1937 locum
2629 1882 2839 1949 habuit,
2877 1881 2962 1936 vir
2991 1897 3195 1952 genere
3261 1891 3317 1934 et
3369 1881 3474 1936 di-i

1859 1974 2090 2043 gnitate‘,
2150 1991 2252 2028 nec
2307 1991 2415 2029 non
2468 1975 2687 2030 bellicis
2734 1984 2789 2030 et
2823 1975 3197 2045 imperatoriis
3224 1974 3444 2035 artibus

1859 2072 2145 2134 praestans.
2181 2064 2294 2118 Hac
2322 2079 2458 2118 vero
2489 2064 2556 2118 de
2587 2079 2754 2118 causa
2793 2079 2918 2118 cum
2951 2064 3229 2118 Chosroes
3269 2063 3446 2131 impe-

1859 2165 2099 2210 ratorem
2156 2157 2455 2223 incusaret,
2520 2158 2630 2212 tale
2689 2157 2756 2212 ab
2791 2172 2858 2212 eo
2916 2171 3242 2225 responsum
3283 2156 3463 2210 tulit:

1859 2249 2022 2304 ﬁnem
2059 2265 2220 2305 suum
2249 2251 2400 2319 pacis
2438 2261 2596 2321 pacta
2629 2260 2899 2305 conventa
2935 2250 3181 2305 habere:
3217 2251 3446 2319 insuper
3537 2316 3552 2337 I

1857 2354 2040 2396 autem
2073 2391 2075 2393 .
2104 2344 2222 2398 ﬁeri
2265 2344 2688 2414 haudquaquam
2748 2358 2931 2414 posse,
2976 2353 3036 2397 ut
3070 2342 3439 2408 Christianos,

1857 2433 2009 2500 pacis
2049 2432 2218 2487 liniue
2251 2441 2520 2502 tempore,
2543 2433 2609 2488 ad
2641 2435 2934 2504 populares
2953 2448 3082 2488 suos
3119 2433 3468 2502 confugien-

1857 2534 1939 2582 tes
1968 2527 2084 2597 ipse
2116 2544 2226 2582 non
2258 2527 2553 2598 reciperet.
2588 2526 2716 2582 ILec
2749 2527 2974 2598 quidem
3001 2527 3115 2589 ille,
3145 2536 3310 2596 atque
3357 2527 3448 2582 his

1855 2617 2059 2673 similia
2113 2617 2220 2671 alia
2275 2618 2607 2688 respondit:
2645 2627 2702 2674 et
2752 2617 3002 2689 quamvis
3036 2618 3161 2672 talia
3211 2618 3469 2684 diceret,

1857 2711 2084 2766 minime
2116 2719 2297 2766 tamen
2331 2727 2390 2768 se
2424 2711 2490 2766 ad
2523 2711 2725 2766 bellum
2767 2713 3051 2778 instruxit,
3085 2712 3180 2767 sed
3216 2712 3330 2766 otio
3359 2727 3450 2766 so-

1855 2801 1956 2857 lito
1988 2802 2232 2868 deditus,
2264 2803 2481 2858 deliciis
2531 2803 2789 2866 diﬂluxit,
2825 2814 2950 2872 post
2983 2804 3229 2858 rationes
3256 2813 3310 2858 et
3345 2817 3446 2858 vo-

1854 2895 2094 2964 luptates
2142 2909 2272 2950 suas
2303 2895 2489 2949 omnia
2523 2894 2748 2949 habens.
2783 2893 2974 2948 Virum
3027 2909 3210 2950 autem
3247 2911 3449 2964 quem-

1855 2985 1980 3041 dam
2009 3001 2212 3057 genere
2243 2986 2351 3041 sibi
2383 2987 2787 3056 pr0pinquum,
2839 2984 3145 3040 Marianum
3180 2986 3431 3048 nomine.

1855 3074 2218 3133 Orientalium
2241 3078 2525 3148 copiarum
2553 3078 2750 3133 ducem
2780 3077 3147 3149 designatum,
3182 3079 3462 3134 adversus

1856 3171 2053 3227 Persas
2085 3170 2255 3234 misit,
2283 3186 2463 3240 neque
2491 3170 2738 3226 exercitu
2763 3170 2936 3241 justo,
2973 3187 3152 3240 neque
3181 3181 3466 3242 apparatu

1857 3263 1989 3319 belli
2034 3263 2144 3320 alio
2164 3264 2299 3319 satis
2330 3263 2689 3320 instructum.
2740 3261 2840 3318 llic
2871 3278 2994 3317 cum
3026 3263 3317 3317 manifesto
3351 3277 3466 3333 pe--

1856 3357 2057 3424 ricqu,
2085 3366 2143 3413 et
2177 3356 2324 3427 quod
2361 3357 2591 3421 dicitur,
2623 3370 2750 3411 cum
2781 3355 2958 3426 ipsius
2990 3354 3242 3410 Orientis
3281 3371 3442 3409 ever-

1855 3450 2034 3515 sione,
2075 3449 2130 3505 in
2184 3449 2638 3520 Mesopotamiam
2688 3448 2934 3519 primum
2991 3456 3078 3504 est
3131 3447 3444 3518 profectus,

1853 3557 2061 3614 paucos
2100 3542 2398 3598 admodum
2453 3541 2661 3597 milites
2721 3555 2930 3611 eosque
2976 3540 3223 3594 inermes
3254 3553 3455 3593 secum

1854 3635 2097 3690 ducens:
2129 3637 2195 3690 ad
2245 3650 2388 3706 quos
2411 3634 2758 3690 accedebant
2787 3632 3032 3688 fossores
3062 3641 3118 3687 et
3141 3639 3456 3698 sarctores,

1851 3735 1912 3782 et
1969 3727 2138 3782 boum
2171 3737 2391 3784 actores
2421 3727 2795 3798 undequaque
2830 3725 3032 3782 coacti.
3062 3724 3274 3779 Etcum
3313 3724 3448 3778 Per-

1855 3820 1935 3874 sis
1955 3821 2097 3889 apud
2119 3819 2351 3875 Nisibim
2383 3819 2492 3875 levi
2527 3819 2837 3875 certamine
2888 3832 3251 3888 congressus,
3315 3831 3468 3871 cum~

1853 3911 2083 3967 meliore
2107 3911 2228 3966 loco
2281 3926 2373 3967 res
2398 3913 2520 3984 ejus
2544 3920 2764 3975 essent,
2796 3911 2984 3965 Persis
3035 3908 3284 3962 nondum
3309 3909 3474 3963 satis,

1854 4006 2081 4077 paratis,
2101 4005 2293 4061 urbem
2317 4021 2442 4061 eam
2475 4004 2730 4060 obsidere
2759 4019 2922 4074 quam
2957 4003 3146 4057 hostes
3177 4002 3453 4072 persequi

1854 4099 2072 4154 maluit.
2124 4097 2396 4169 Oppidani
2451 4111 2619 4168 porro
2678 4107 2904 4168 propter
2969 4105 3081 4150 tam
3168 4094 3468 4165 splendidi.-

1853 4191 2068 4247 scilicet
2103 4190 2235 4244 belli
2289 4198 2591 4260 apparatus
2639 4196 3021 4258 contemptum
3079 4197 3269 4256 portas
3336 4201 3472 4240 non.

1852 4284 2193 4347 clauserunt,
2219 4287 2313 4340 sed
2337 4281 2641 4337 foedissima
2666 4283 2833 4338 etiam
2867 4281 2923 4335 in
2944 4279 3256 4336 Romanum
3283 4294 3448 4334 exer-

1851 4377 2024 4430 citum
2079 4376 2330 4432 convicia
2375 4377 2650 4448 jecerunt.
2705 4374 2951 4431 Plurima
3001 4388 3136 4428 vero
3167 4373 3474 4444 prodigia,-

1852 4467 2227 4522 Romanorum
2263 4468 2476 4522 futuras
2501 4467 2688 4522 clades
2722 4464 3137 4536 portendentia,
3174 4473 3292 4520 tum
3321 4462 3469 4518 visae

1783 4550 1825 4604 Β
1855 4569 2018 4613 sunt:
2054 4572 2110 4613 et
2140 4558 2239 4614 bos
2270 4573 2466 4613 recens
2504 4558 2725 4630 genitus
2746 4558 2800 4612 in
2821 4556 3000 4644 .initio
3034 4555 3164 4612 belli
3212 4567 3474 4624 conspeo

1857 4662 1983 4707 ctus
2004 4659 2108 4718 est,
2141 4667 2210 4706 ex
2234 4652 2390 4718 cilius
2417 4653 2638 4707 cervice
2681 4650 2794 4706 duo
2821 4659 3003 4720 capita
3031 4650 3372 4706 eminebant.

2284 4787 2453 4858 798
2472 4785 2701 4842 CAPUT
2730 4783 2771 4838 Χ
2786 4784 3023 4840 XXVIII.

1863 4902 1926 4959 Ut
1948 4901 2226 4964 Chosroes,
2249 4902 2556 4956 incursione
2580 4901 2636 4953 in
2668 4897 2946 4955 Orientales
2977 4897 3255 4968 imperium
3281 4896 3475 4966 [αολαν

1917 4985 1965 5028 et
1990 4973 2215 5028 castella
2237 4976 2459 5043 ceperit,
2490 4981 2536 5024 et
2565 4972 2805 5040 prwdam
2831 4968 3056 5022 multam
3079 4969 3384 5024 abduxerit.

1929 5106 2292 5177 Posteaquam
2324 5113 2506 5159 autem
2536 5102 2813 5159 Chosroes
2840 5117 2899 5156 se
2925 5100 2993 5155 ad
3026 5100 3231 5155 bellum
3272 5099 3470 5170 probe'

1859 5197 2144 5264 instruxit,
2196 5198 2601 5253 Ardaamanem
2678 5197 3032 5264 aliquatenus
3091 5193 3476 5263 productum,

1857 5290 2198 5360 Euphratem
2234 5291 2287 5345 in
2323 5304 2496 5361 regno
2528 5304 2630 5344 suo
2660 5287 3063 5348 transmittere,
3096 5295 3154 5340 et
3193 5301 3292 5355 per
3321 5283 3474 5340 Cirv

1860 5385 2070 5438 cesium
2102 5383 2272 5454 (quod
2305 5383 2532 5452 dicitur)
2562 5381 2617 5436 in
2653 5381 3033 5436 Romanorum
3061 5375 3327 5432 ditionem
3352 5390 3450 5432 ex-

1859 5474 2283 5545 cnrrcrejussit.
2315 5475 2412 5529 Est
2445 5481 2628 5528 autem
2667 5470 2974 5527 Circesium
3000 5468 3264 5540 oppidum
3297 5483 3458 5522 como

1861 5568 2244 5623 modissimum
2281 5577 2338 5622 et
2367 5563 2820 5622 munitissimum.
2855 5562 2923 5616 ad
2982 5562 3119 5615 lines
3172 5559 3480 5614 Romano---

1860 5676 1978 5714 rum
2017 5659 2232 5729 imperii
2265 5659 2454 5714 situm.
2487 5657 2645 5712 Muro
2669 5669 2908 5725 namque
2934 5653 3254 5708 ﬁrmissimo
3279 5661 3452 5721 atque

1863 5753 2132 5808 altissimo
2168 5751 2578 5808 circumdatum
2610 5758 2714 5805 est.
2754 5748 2897 5816 Quin
2943 5758 2998 5803 et
3024 5747 3334 5816 Euphrates
3395 5752 3455 5798 ct

1861 5848 2074 5904 Aboras
2101 5846 2250 5902 ﬂuvii
2274 5845 2323 5900 id
2345 5844 2818 5909 circumﬂuentes,
2844 5852 2907 5897 ct-
2930 5844 2984 5898 in
3004 5841 3198 5898 insula:
3220 5839 3448 5895 formam
3469 5867 3481 5877 ι
