4046 6470
535 316 645 424 319

1765 369 2190 432 NlCEPIIORI
2235 371 2588 436 CALLISTI
3691 391 3788 455 $.20

540 474 876 545 redigentes,
903 474 1328 548 inexpugnabile
1349 477 1614 534 elliclunt.
1643 479 1764 550 Ipse
1778 489 1962 534 autem
1989 495 2114 534 cum

2237 498 2320 552 :q;
2374 483 2468 538 καὶ
2524 485 2753 570 ᾌϐόρας
2789 487 3109 562 περικύκλῳ
3162 491 3403 564 ῥέοντες,
3459 495 3554 549 καὶ
3601 495 3790 570 ῶσπερ

538 567 716 636 copiis
742 569 876 632 suis,
906 565 1054 636 Tigri
1089 586 1250 625 anme
1280 573 1529 641 trajecta,
1570 572 1782 642 magnis
1819 572 2113 628 itineribus

543 657 802 712 celeriter
823 660 890 712 ad
917 660 1145 715 Nisibim
1176 663 1327 716 venit
1352 681 1366 717 :
1391 680 1534 734 quae,
1561 664 1722 718 siculi
1769 665 1978 720 dictum
2005 673 2110 729 est,

547 765 576 800 a
619 748 899 806 Marciano
949 753 1328 809 obsidebatur.
1403 755 1529 812 ilzec
1593 757 1667 810 ita
1707 773 1736 812 a
1795 756 1981 812 Persis
2027 756 2112 824 agi

544 840 777 895 Romani
808 841 1135 913 ignorabant
1160 865 1172 900 :
1213 862 1387 917 usque
1417 848 1581 912 adeo,
1611 857 1671 902 ut
1697 847 1949 903 Justinus
1976 849 2118 902 mul-

545 936 728 982 torum
789 933 1139 987 sermonibus
1189 934 1472 1005 deceptus,
1506 937 1600 1007 qui
1642 937 1945 993 Cliosroem
2001 938 2116 1008 jam

545 1028 822 1074 mortuum
857 1036 1002 1088 esse,
1029 1034 1125 1079 aut
1151 1041 1260 1080 non
1291 1027 1452 1096 longe
1475 1043 1505 1082 a
1532 1038 1711 1084 morte
1736 1031 1931 1085 abesse
1966 1046 2113 1084 nun-

546 1108 778 1176 tiabant,
800 1112 1079 1170 Marciano
1108 1117 1264 1172 valde
1293 1129 1669 1185 succenseret,
1729 1123 1876 1191 quod
1912 1122 2118 1179 Nisibis

541 1205 1005 1272 expugnationem
1041 1209 1421 1276 protraheret:
1457 1212 1525 1266 ad
1554 1229 1718 1282 quem
1745 1214 1912 1269 etiam
1947 1230 2116 1284 quos-

543 1295 670 1349 dam
729 1297 900 1363 misit,
954 1301 1050 1370 qui
1110 1302 1265 1358 illum
1301 1305 1368 1360 ad
1422 1305 1604 1362 claves
1635 1319 1922 1378 portarum
1951 1325 2116 1378 quam

541 1388 835 1444 celerrime
865 1389 1173 1447 afferendas
1201 1395 1525 1461 excitarent.
1558 1396 1626 1452 Ut
1653 1407 1840 1452 autem
1874 1415 1963 1454 res
2013 1388 2118 1454 mi-

545 1497 652 1536 nus
710 1497 780 1536 ex
847 1486 1126 1537 sententia
1187 1489 1473 1549 successit,
1528 1496 1586 1542 et
1622 1488 1875 1544 Justinus
1916 1490 2032 1544 risu
2062 1505 2120 1548 et

543 1572 749 1640 probro
778 1589 836 1629 se
866 1574 1090 1644 dignum
1119 1577 1388 1640 exhibuit,
1421 1579 1513 1647 qui
1550 1582 1691 1648 apud
1716 1582 1878 1636 talem
1902 1590 1959 1636 et
1993 1590 2118 1636 tan-

555 1675 666 1717 tam
701 1665 922 1732 urbem,
979 1684 1101 1736 qna:
1158 1669 1384 1726 efliccre,
1402 1672 1677 1740 nequiret,
1709 1682 2021 1736 conaretur,
2049 1671 2118 1726 ad

543 1769 708 1823 quam
738 1755 953 1810 scilicet
987 1767 1093 1811 tam
1122 1757 1354 1828 exiguus
1377 1759 1658 1815 exercitus
1682 1761 2000 1816 assidebat:
2031 1776 2119 1816 res

547 1862 612 1900 ea
645 1848 880 1916 primum
905 1847 1170 1920 Gregorio
1185 1849 1482 1920 Theopolis
1500 1852 1730 1908 antistiti
1755 1854 1824 1908 ab
1856 1853 2120 1924 episcopo

547 1938 814 2012 Nisibeno
849 1943 1160 1997 renuntiata
1195 1951 1301 1997 est.
1337 1943 1470 1998 Erat
1509 1945 1658 1998 enim
1683 1946 1732 1999 is
1759 1945 2049 2015 Gregorio,
2086 1960 2118 1999 α

547 2045 660 2098 quo
731 2033 1024 2102 pecuniam
1068 2033 1346 2105 ingentem
1380 2044 1694 2106 acceperat,
1720 2037 1932 2091 amicus
1953 2051 2119 2106 quam

544 2123 805 2178 maxime.
839 2125 907 2178 Et
932 2126 1097 2181 dabat
1131 2138 1396 2196 praeterea
1449 2143 1701 2199 operam,
1758 2138 1817 2182 ut
1856 2129 1992 2184 urbs
2037 2143 2113 2197 _ea

542 2225 771 2285 prepter
806 2233 1104 2282 aerumnas,
1170 2234 1366 2288 quasa
1433 2221 1618 2277 Persis
1675 2221 2006 2292 patiebatur,
2065 2220 2121 2276 in

439 2381 446 2392 Ι
544 2317 870 2378 potestatem
907 2309 1282 2366 Romanorum
1306 2315 1533 2370 rediret.
1554 2314 1746 2384 Itaque
1780 2315 1826 2370 is
1856 2315 2124 2387 Gregorio

548 2417 674 2468 qua:
715 2402 768 2455 in
803 2403 1027 2457 Perside
1077 2415 1426 2473 gererentur,
1459 2421 1581 2476 _suo
1613 2422 1845 2476 quicque
1879 2417 2124 2476 tempore

552 2493 905 2559 insinuando,
968 2494 1327 2563 signiﬁcabat.
1419 2496 1490 2551 Ea
1536 2514 1701 2566 porro
1728 2500 1794 2552 ad
1849 2499 2124 2563 Justinutn

551 2587 852 2657 Gregorius
909 2589 1224 2656 scribebat,
1278 2591 1346 2648 de
1400 2592 1581 2648 subita
1645 2595 1808 2648 etiam
1865 2595 2128 2651 Cbosrote

553 2681 908 2751 expeditione
975 2685 1270 2740 certiorem
1326 2701 1454 2740 eum
1509 2686 1735 2742 faciens.
1798 2687 1977 2758 Atque
2037 2689 2127 2744 ille

557 2789 710 2829 more
762 2790 863 2829 suo
884 2775 1099 2830 deliciis
1133 2778 1432 2833 ctluxurize
1461 2779 1706 2843 deditus,
1727 2780 1890 2835 ﬁdem
1923 2781 2128 2836 habere

548 2866 794 2936 episcOpi
833 2869 1058 2937 scriptis
1087 2870 1427 2938 supersedit,
1457 2887 1522 2924 ea
1556 2888 1681 2940 quae
1720 2873 1984 2938 cupiebat
2014 2872 2130 2943 geri

548 2959 716 3012 etiam
741 2971 909 3014 ratus.
934 2962 988 3014 ει.
1015 2961 1329 3017 hominibus
1352 2980 1587 3033 namque
1611 2965 1852 3020 molliter
1872 2975 1928 3019 et
1949 2965 2129 3019 disso-

553 3051 668 3106 lnte
704 3052 1032 3112 viventibus.
1055 3054 1122 3108 ad
1155 3055 1427 3124 ignaviam
1462 3065 1519 3110 et
1548 3057 1862 3111 socordiam
1891 3058 2130 3126 gloriosa

2216 576 2378 630 τοῦτο
2423 567 2848 648 ἀ-πονησοῦντες,
2881 583 3096 653 ἄμαχον
3136 585 3568 656 ἀπεργάζονται.
3618 567 3788 656 Axi-rb;

2215 665 2271 719 δὲ
2308 666 2404 720 σὺν
2437 670 2550 731 τοῖς
2584 670 2724 739 ἀμφ’
2765 672 2927 725 αὑτὸν
2960 673 3051 726 τὸν
3085 675 3330 746 Τίγρητα
3368 678 3564 742 διαϐάς
3625 699 3790 735 ποτα-

2221 758 2344 827 μὸν,
2367 759 2491 812 ὅσον
2518 761 2684 830 τάχος
2715 762 2956 818 έλαύνων
3001 767 3094 821 ἐπὶ
3119 768 3218 838 τὴν
3245 770 3467 825 Νίσιϐιν
3496 769 3652 843 ἧκεν,
3689 775 3792 828 ὐπὸ

2217 849 2520 920 Μαρκιανῷ
2560 853 3050 927 πολιορκουμένην,
3099 860 3176 924 ῶς
3224 861 3464 932 εἴρηται.
3501 864 3793 920 Ἐλάνθανε

2216 939 2392 994 ταῦτα
2455 943 2770 1014 Ῥωμαίους
2833 948 3075 1018 Πέρσαις
3132 955 3504 1023 πραττόμενα,
3555 956 3632 1021 ῶς
3698 963 3796 1014 καὶ

2229 1032 2540 1101 ⁹1ουστῖνον,
2573 1039 2642 1108 τῇ
2693 1038 2804 1092 τῶν
2854 1041 3069 1094 πολλῶν
3123 1044 3490 1114 ἀπατώμενον
3525 1048 3684 1120 φήμῃ
3715 1049 3795 1114 ῶς

2217 1126 2317 1198 ἤδη
2381 1128 2535 1183 θάνοι
2597 1131 2889 1200 Χοσρᾶης,
2947 1134 2982 1206 ἢ
3037 1135 3202 1204 ἐγγὺς
3259 1132 3404 1191 εἶναι
3457 1139 3793 1205 ἀποθανεῖν,

2217 1219 2507 1290 ἀσχάλλειν
2536 1223 2744 1293 σφόδρα
2773 1226 2919 1279 κατὰ
2945 1224 3288 1298 Μαρκιανοῦ,
3319 1226 3398 1292 οἷς
3428 1231 3688 1301 ἐϐράδυνε
3717 1233 3799 1305 μὴ

2217 1312 2660 1383 ἐκπολιορκήσας
2691 1317 2792 1387 τὴν
2821 1318 3044 1372 Νίσιϐιν
3068 1335 3083 1352 '
3131 1321 3347 1392 πέμψαι
3375 1323 3432 1376 δέ
3462 1341 3614 1388 τινας
3646 1327 3798 1379 ἐκεῖ·

2218 1419 2308 1458 νον
2336 1405 2765 1474 διερεθίσοντας,
2808 1409 2952 1463 ῶστε
3002 1412 3100 1466 καὶ
3131 1413 3232 1476 τὰς
3282 1414 3396 1466 τῶν
3427 1415 3612 1469 πυλῶν
3647 1415 3802 1476 κλεῖς

2219 1492 2295 1556 ῶς
2320 1495 2554 1566 τάχιστα
2585 1499 2840 1567 ἀγαγεῖν.
2879 1500 2968 1563 Ὦς
2994 1501 3051 1554 δὲ
3079 1503 3142 1556 ού
3171 1504 3314 1557 κατὰ
3339 1505 3538 1558 σκοπὸν
3566 1506 3633 1559 τὰ
3657 1505 3806 1577 πρά·

2219 1598 2408 1651 γματα
2459 1584 2779 1653 προύϐαινε,
2815 1588 3020 1660 πολλὴν
3053 1590 3109 1644 δὲ
3161 1591 3257 1644 καὶ
3288 1591 3558 1662 αἰσχύνην
3591 1585 3802 1661 ὦφλεν,

2221 1675 2412 1746 ῶσπερ
2465 1677 2724 1748 ἀμήχανα
2777 1678 2962 1749 ζητῶν
3008 1683 3105 1735 ἐπὶ
3156 1682 3384 1755 τοιαύτῃ
3421 1686 3514 1737 καὶ
3556 1685 3806 1758 τοσαύτῃ

2225 1769 2404 1833 πόλει,
2457 1772 2550 1822 καὶ
2599 1771 2776 1825 ταῦτα
2833 1774 3048 1844 στρατῷ
3102 1776 3336 1844 πάμπαν
3392 1776 3806 1849 ἐξουθενημένῳ

2228 1862 2700 1932 παρακαθημένῳ,
2752 1863 3078 1929 ἀγγέλλεται
3108 1863 3178 1917 τὰ
3226 1867 3575 1935 πραττόμενα
3607 1865 3808 1934 πρῶτα

2229 1949 2328 2016 μὲν
2362 1951 2648 2022 Γρηγορίῳ
2673 1953 2752 2024 τῷ
2783 1954 3137 2017 Θεουπὸλεως
3175 1957 3330 2026 παρά
3369 1955 3464 2009 τοῦ
3493 1957 3804 2009 ἐπισκόπου

2225 2042 2574 2111 Νισιϐηνῶνο
2624 2040 2692 2114 ἦν
2741 2045 2854 2116 γάρ
2901 2046 2952 2098 οἱ
2987 2047 3144 2116 φίλος
3199 2049 3458 2116 μάλιστα,
3511 2049 3808 2118 Γρηγορίῳ

2232 2135 2492 2204 μεγάλοις
2537 2138 2788 2206 χρήμασι
2825 2137 3103 2202 δεξιωθείς
3128 2154 3141 2168 ⁶
3171 2140 3352 2202 ἄλλως
3395 2157 3452 2192 τε
3500 2143 3595 2194 καί
3635 2142 3807 2194 πάλιν

2229 2225 2338 2280 ὑπὸ
2381 2226 2674 2298 Ῥωμαίοις
2709 2230 2966 2296 γενέσθαι
2999 2230 3325 2292 σπεύδοντος
3351 2231 3450 2300 τὴν
3469 2233 3682 2285 οἰκείαν
3709 2234 3810 2286 rvi-

2230 2319 2314 2374 λιν
2337 2334 2352 2350 ⁸
2381 2314 2463 2383 οἷς
2493 2321 2682 2383 κακῶς
2708 2322 2846 2390 πρὸς
2870 2323 3097 2392 Περσῶν
3117 2323 3347 2392 ἔπασχε,
3372 2325 3471 2395 τὴν
3492 2325 3604 2376 τῶν
3631 2343 3813 2395 πρατο

2231 2411 2477 2482 τομένων
2507 2414 2572 2479 τῇ
2605 2413 2875 2484 ὑπερορίᾳ
2906 2413 3142 2483 δήλωσιν
3186 2415 3263 2484 τῷ
3290 2415 3579 2486 Γρηγορίῳ
3613 2417 3810 2486 παρείς

2232 2521 2378 2574 χετο,
2402 2504 2681 2574 ὲγκαίρως
2706 2514 2980 2575 παριστας
3021 2506 3234 2560 ἕκαστα
3259 2520 3276 2537 ⁸
3302 2506 3337 2561 ἃ
3363 2507 3426 2577 δὴ
3457 2509 3636 2562 πάντα
3672 2510 3816 2562 Ἰου-

2235 2594 2402 2666 στίνῳ
2425 2595 2636 2664 ἐδήλου,
2660 2599 2883 2666 μηνύων
2907 2597 3002 2651 καὶ
3033 2598 3130 2668 τὴν
3159 2598 3390 2663 ἐξάπινα
3417 2599 3660 2669 Χοσρόου
3685 2599 3816 2669 εφο-

2233 2685 2346 2740 δον.
2381 2685 2442 2738 Ὀ
2473 2686 2531 2739 δὲ
2559 2689 2624 2758 τῇ
2653 2687 2710 2754 ἐξ
2737 2687 2895 2750 ἔθους
2922 2692 3099 2758 τρυφῇ
3131 2691 3222 2741 καὶ
3268 2690 3570 2762 ἡδυπαθείᾳ
3607 2691 3778 2760 σχολά
3797 2721 3816 2731 -

2236 2776 2364 2842 ζων,
2397 2778 2602 2848 ἥκιστα
2633 2779 2912 2833 πιστεύειν
2949 2782 3134 2850 ᾑρεῖτο
3158 2784 3268 2844 τοῖς
3298 2783 3710 2852 γεγραμμένοις
3733 2783 3815 2852 τῷ

2241 2871 2399 2938 ἱερεῖ,
2452 2873 2630 2925 έκεῖνο
2681 2872 2950 2941 οἰόμενος,
2980 2874 3116 2944 ὅπερ
3174 2873 3460 2943 ἠϐούλετο.
3519 2876 3644 2937 Τοῖς
3703 2877 3816 2946 γάρ

2242 2963 2455 3031 σφόδρα
2506 2963 2987 3035 ὲκδεδιῃτημένοις
3035 2967 3143 3019 τῶν
3182 2968 3487 3037 ἀνθρώπων
3543 2968 3680 3037 πρὸς
3736 2969 3818 3038 τῷ

2240 3056 2459 3124 ἀγεννεῖ
2499 3056 2592 3109 καὶ
2621 3056 2682 3108 τὸ
2715 3057 2912 3126 θράσος
2951 3057 3098 3126 φιλεῖ
3146 3059 3405 3111 ἔπεσθαι·
3439 3061 3533 3112 καὶ
3577 3061 3677 3121 τὰς
3707 3061 3822 3112 τῶν

553 3143 786 3198 audacia
847 3146 1110 3200 acet-dere
1155 3148 1315 3202 solet.
1377 3147 1566 3216 Neque
1598 3149 1676 3202 illi
1702 3153 1913 3213 eventis
1948 3165 2131 3204 rerum

2243 3149 2586 3218 πραγμάτων
2618 3148 2877 3210 ἐκϐάσεις
2936 3150 3168 3218 πάμπαν
3198 3149 3528 3218 διαπιστεῖν,
3552 3151 3606 3202 εῐ
3632 3167 3696 3218 γε
3725 3152 3825 3203 τύ-

560 3234 724 3288 fidcm
755 3235 982 3301 habent,
1017 3237 1061 3290 si
1100 3237 1288 3300 aliutn,
1319 3254 1481 3306 quant
1518 3238 1620 3306 ipsi
1658 3239 1874 3303 volunt,
1922 3239 2132 3293 exitum

559 3340 995 3396 consequantur.
1037 3330 1201 3400 799
1256 3331 1508 3387 Justinus
1545 3349 1674 3404 ergo
1725 3333 1995 3403 Gregorio
2050 3349 2136 3389 re-

563 3418 834 3481 scribcns,
870 3436 932 3474 ea
974 3436 1096 3490 qua:
1140 3423 1184 3475 is
1230 3425 1620 3486 renuntiasset,
1681 3434 1941 3494 tanquam
2002 3425 2136 3482 falsa

559 3510 789 3564 omnino
845 3521 1054 3577 essent,
1112 3513 1417 3580 rejiciebat.
1485 3515 1663 3585 Atque
1717 3528 1776 3570 ut
1814 3519 1982 3571 etiam
2012 3534 2139 3572 vera

562 3614 774 3664 essent,
832 3603 1027 3658 Persas
1097 3616 1280 3660 tamen
1330 3607 1481 3662 urbis
1519 3609 1988 3678 expugnationem
2027 3626 2137 3664 non

563 3704 942 3764 prmventuros
995 3711 1138 3752 esse.
1164 3695 1309 3762 Quin
1349 3699 1568 3753 etiamsi
1608 3700 2003 3768 praevenirent,
2045 3716 2142 3755 eos

564 3796 750 3840 tamen
817 3787 944 3843 inde
1002 3787 1146 3845 fcede
1197 3799 1365 3860 atque
1430 3792 1666 3862 turpiter
1726 3793 2008 3864 repulsum
2071 3793 2138 3849 iri

560 3879 804 3933 dicebat.
852 3878 918 3934 Et
983 3880 1243 3937 Acacium
1279 3883 1571 3952 quemdam
1606 3884 1905 3952 delectum,
1958 3887 2139 3941 virum

563 3983 908 4040 protervum,
926 3973 1306 4030 confusionem
1329 3976 1488 4045 plane
1509 3977 1682 4042 dicas,
1711 3977 1779 4032 ad
1804 3975 2140 4033 Marcianum

563 4060 737 4124 misit,
770 4077 896 4116 cum
925 4063 1196 4131 ejusmodi
1232 4067 1515 4129 mandato,
1547 4077 1608 4121 ut
1645 4070 1863 4123 etiamsi
1910 4069 2141 4124 Marcia-

562 4169 670 4210 nus
720 4155 910 4210 urbem
968 4159 1226 4227 cepisset,
1255 4167 1310 4214 et
1335 4159 1532 4229 pedem
1569 4161 1802 4215 alterum
1837 4162 1892 4216 in
1922 4177 1986 4216 ea
2028 4177 2135 4230 po-

565 4249 790 4312 suisset,
821 4249 1140 4319 dignitatein
1174 4251 1364 4305 statim
1407 4251 1734 4321 deponeret,
1767 4269 1999 4323 eamque
2025 4257 2144 4322 ipse

566 4339 800 4393 Aeacius
864 4352 1122 4396 sumeret.
1189 4341 1346 4406 Quod
1383 4358 1516 4396 sane
1543 4343 1586 4396 is
1617 4343 1767 4407 fecit,
1797 4345 2146 4414 imperatoris

561 4429 710 4498 iussa
744 4444 852 4483 non
881 4446 946 4484 ex
978 4431 1127 4485 illius
1161 4432 1454 4487 commodo
1487 4443 1804 4488 exsecutus.
1847 4435 2141 4501 Postquam

2241 3258 2388 3311 χοιεν
2422 3241 2709 3295 κατέναντι
2735 3243 2845 3293 τῶν
2881 3242 3155 3312 θελήσεων
3187 3243 3476 3312 φέρεσθαι.
3515 3243 3624 3296 Καὶ
3665 3245 3824 3296 ἀντι-

2240 3335 2468 3402 γράφων
2516 3334 2809 3405 Γρηγορίῳ
2842 3334 2919 3396 ῶς
2952 3335 3055 3386 οὐκ
3091 3334 3265 3402 ἀληθῆ
3303 3335 3655 3387 παντάπασιν
3706 3331 3823 3384 εἶεν

2240 3428 2307 3478 τὰ
2339 3425 2633 3494 εἰρημένα,
2667 3425 2975 3478 ἀπεωθεῖτο
2998 3441 3012 3457 ο
3049 3427 3097 3477 εἰ
3125 3425 3182 3478 δέ
3214 3441 3277 3492 γε
3326 3425 3420 3476 καὶ
3465 3425 3662 3494 ἀληθῆ,
3698 3424 3821 3477 ἀλλ’

2239 3519 2300 3571 ού
2346 3519 2540 3586 φθαῖεν
2600 3519 2806 3589 Πέρσαι
2859 3521 2961 3586 τὴν
3016 3518 3370 3588 πολιορκίανο
3421 3518 3472 3568 εἰ
3509 3517 3564 3569 δέ
3620 3532 3680 3582 γε
3720 3521 3821 3570 καὶ

2241 3608 2449 3675 φθαῖεν,
2489 3607 2625 3659 ἀλλὰ
2662 3611 2847 3672 κακῶς
2896 3609 2992 3660 καὶ
3022 3606 3264 3677 αἰσχρῶς
3310 3607 3520 3660 ἐκεῖθεν
3571 3607 3818 3658 ἀπαλλα-

2245 3703 2420 3767 γεῖεν.
2484 3700 2594 3754 Καὶ
2631 3701 2696 3770 δή
2745 3717 2868 3760 τινα
2929 3699 3289 3769 ἐκλεξάμενος
3329 3700 3583 3753 Ἀκάκιον
3625 3700 3821 3767 ὄνομα,

2243 3793 2414 3864 ἄνδρα
2446 3793 2712 3864 ὑϐριστὴν
2765 3794 2863 3846 καὶ
2913 3794 3174 3863 ἄντικρυς
3225 3791 3512 3862 σύγχυσιν,
3538 3792 3634 3844 καὶ
3669 3794 3826 3859 παρα

2245 3885 2564 3957 Μαρκιανὸν
2615 3885 2862 3954 πέμψας,
2896 3885 3245 3938 ένεκελεύετο
3299 3884 3374 3947 ὡς
3405 3884 3501 3937 καὶ
3535 3882 3692 3952 εῐπερ
3730 3885 3826 3934 καὶ

2243 3980 2304 4032 τὸ
2333 3979 2468 4032 ἄστυ
2521 3974 2659 4043 εἷλε,
2690 3979 2786 4031 καὶ
2819 3978 3052 4048 θάτερον
3082 3979 3198 4031 τοῖν
3231 3977 3420 4030 ποδοῖν
3469 3975 3666 4046 ἐκείνῳ
3700 3977 3825 4028 ἐνέ-

2245 4071 2464 4136 ϐαλλεν,
2499 4069 2699 4122 αὐτίκα
2732 4086 2793 4122 τε
2827 4069 2926 4138 τῆς
2949 4070 3126 4140 ἀρχῆς
3159 4069 3324 4122 αὐτὸν
3356 4066 3696 4136 παραλῦσάι,
3728 4067 3831 4119 καὶ

2243 4159 2450 4229 ταύτην
2477 4159 2628 4229 αὐτῷ
2682 4159 3013 4229 περιθεῖναι.
3053 4160 3118 4210 Ὃ
3160 4158 3225 4229 δὴ
3263 4157 3359 4211 καὶ
3387 4159 3693 4227 πέπραχεν,
3722 4158 3829 4209 οὐκ

2246 4251 2341 4304 ἐπὶ
2373 4253 2431 4304 τὸ
2462 4253 2708 4305 συνοῖσον
2758 4251 2825 4304 τὰ
2871 4251 2948 4320 τῷ
2985 4249 3201 4320 βασιλεῖ
3238 4249 3638 4317 κεκελευσμένα
3672 4248 3827 4300 τελέ-

2249 4361 2369 4407 σας.
2408 4345 2562 4398 Ἐπεὶ
2608 4344 2720 4414 γὰρ
2753 4339 2877 4416 ἧκε,
2933 4343 3259 4414 Mszmva
3311 4341 3476 4404 εὐθὺς
3530 4341 3826 4410 ὑπερόριον

2252 4436 2510 4498 ἐποιεῖτο,
2537 4437 2610 4504 μή
2654 4435 2816 4505 τιτῷ
2867 4435 3084 4505 στρατῴ
3131 4433 3470 4500 διαγγείλας.
3502 4432 3565 4484 Οἱ
3617 4429 3674 4482 δὲ
3730 4430 3830 4481 τοῦ

565 4521 714 4573 enim
772 4537 840 4576 eo
880 4523 1053 4588 venit,
1107 4523 1436 4579 Marcianum
1472 4525 1619 4580 illico
1655 4525 1709 4580 in
1745 4527 1930 4582 hostili
1991 4539 2131 4586 terra

2248 4525 2479 4595 στρατοῦ
2504 4525 2572 4578 τά
2595 4524 2789 4595 πρῶτα
2811 4525 3130 4595 φερόμενοι,
3153 4524 3276 4574 ἐπεὶ
3300 4522 3523 4591 μάθοιεν
3547 4521 3636 4572 τὸν
3664 4536 3833 4589 στρα-

482 4658 507 4674 ν.
566 4612 838 4681 dignitate
867 4615 1124 4684 privavit,
1160 4630 1218 4670 re
1250 4631 1314 4670 ea
1349 4615 1620 4670 militibus
1654 4631 1765 4671 non
1797 4621 2139 4675 renuntiata.

564 4705 826 4759 Sedeuitn
872 4706 965 4775 qui
1020 4705 1077 4760 in
1127 4708 1376 4762 exercitu
1427 4709 1652 4764 ordines
1690 4709 1990 4778 ducebant,
2051 4714 2144 4768 ubi

568 4797 767 4850 ducem
842 4797 1221 4866 magistratum
1281 4799 1603 4870 deposuisse
1629 4813 2032 4873 cognoverunt,
2059 4805 2146 4859 ul-

566 4889 744 4943 terius
787 4903 1138 4958 perseverare
1173 4889 1454 4947 incastris
1509 4907 1850 4964 nequaquam
1891 4897 2145 4950 voluere:

567 4981 667 5036 sed
705 4981 966 5050 paulatim
987 4981 1113 5037 hinc
1138 4991 1193 5037 et
1227 4982 1353 5037 inde
1383 4985 1634 5054 palantes
1665 4985 1959 5053 diffugere,
1998 4989 2137 5042 ridi-

569 5072 698 5124 cula
726 5071 817 5124 illa
845 5070 1134 5126 obsidione
1167 5072 1366 5130 soluta.
1425 5075 1496 5128 At
1526 5075 1934 5132 Vadaarmancs
1969 5080 2152 5147 copias

570 5179 763 5218 secum
800 5173 1026 5219 martem
1050 5165 1348 5234 spirantes,
1376 5183 1486 5222 non
1515 5168 1693 5222 solum
1721 5185 1788 5223 ex
1819 5170 2026 5234 Persis,
2050 5171 2149 5226 sed

573 5259 742 5312 etiam
775 5258 1023 5313 barbaris
1051 5259 1145 5327 qui
1179 5259 1416 5315 Scenitas
1449 5261 1730 5326 dicuntur,
1762 5261 2004 5316 delectas
2050 5262 2154 5315 du-

569 5364 728 5416 cens,
763 5348 1006 5403 Circesio
1041 5351 1338 5417 praeterito,
1371 5367 1534 5420 quam
1557 5352 1854 5421 plurimum
1884 5353 2158 5407 Romano-

576 5458 700 5495 rum
753 5443 919 5497 rebus
971 5442 1151 5498 intulit
1181 5443 1521 5499 detrimenti.
1581 5443 1748 5500 Ferro
1800 5461 2038 5514 namque
2089 5457 2148 5501 et

577 5536 705 5606 igne
784 5536 1045 5606 pleraque
1091 5537 1207 5590 loca
1276 5547 1514 5599 vastans,
1569 5553 1748 5606 neque
1806 5539 2151 5593 moderatum

577 5627 904 5697 quidquam,
967 5637 1192 5698 propter
1242 5626 1594 5683 defensorum
1663 5629 2038 5694 solitudinem,
2073 5630 2157 5684 vel

2247 4616 2419 4686 τηγδν
2446 4615 2549 4685 τῆς
2578 4617 2756 4688 ἀρχῆς
2790 4618 3169 4686 πεπαυμένον,
3201 4616 3390 4683 πρόσω
3422 4613 3522 4683 μὲν
3561 4613 3699 4663 ἰέναι
3737 4611 3833 4664 ού-

2247 4707 2437 4778 δαμῶς
2468 4707 2700 4778 ἤθελονο
2750 4708 3042 4774 κατολίγον
3091 4705 3148 4759 δὲ
3205 4703 3477 4776 σποράδες
3528 4703 3829 4770 φεύγοντες

2248 4799 2591 4871 ἀνεχώρουν,
2617 4801 2721 4869 τὴν
2747 4801 3156 4868 καταγέλαστον
3189 4796 3511 4865 πολιορκίαν
3545 4794 3831 4853 λύσαντες.

2250 4889 2696 4960 Ούαδααρμάνης
2716 4891 2772 4943 δὲ
2800 4892 2940 4960 άρην
2965 4892 3195 4945 πνέοντα
3221 4891 3450 4962 στρατὸν
3471 4887 3835 4955 ἑπαγόμενος,

2251 4981 2316 5032 ού
2354 4982 2582 5049 Περσῶν
2615 4981 2801 5048 μόνον,
2838 4982 2976 5034 ἀλλὰ
3009 4983 3106 5033 καὶ
3146 4981 3440 5052 βαρϐάρων
3477 4978 3527 5032 οἳ
3559 4978 3840 5046 Σκηνῆται

2253 5073 2572 5138 καλοῦνται,
2599 5075 2661 5128 τὸ
2697 5076 3006 5144 Κιρκήσιον
3057 5074 3420 5143 παραμείϐων
3449 5071 3526 5135 ὡς
3558 5071 3840 5130 πλεῖστον,

2254 5167 2369 5228 τοῖς
2405 5165 2701 5235 Ῥωμαίων
2735 5167 3104 5237 διελυμήνατο
3135 5165 3451 5236 πράγμασι.
3488 5163 3598 5218 Καὶ
3628 5161 3692 5214 τὸ
3738 5162 3844 5229 μὲν

2255 5258 2450 5324 καίων,
2477 5259 2539 5311 τὺ
2568 5259 2626 5312 δὲ
2661 5260 2757 5312 καὶ
2787 5265 3029 5324 κτιννὺς.
3071 5261 3168 5314 καὶ
3222 5259 3390 5330 μηδὲν
3443 5256 3668 5326 μέτριον
3720 5254 3846 5306 δια-

2258 5350 2553 5420 νοούμενος
2584 5352 2617 5420 ἢ
2658 5352 2920 5422 πράττων
2957 5353 3102 5405 κατὰ
3159 5350 3368 5420 πολλὴν
3399 5351 3499 5421 ήδη
3534 5347 3628 5399 τοῦ
3662 5344 3847 5398 κωλύ-

2260 5460 2447 5506 σοντος
2481 5445 2746 5514 ἐρημίαν,
2779 5445 2880 5498 οὐκ
2911 5445 3172 5514 ἐλάχιστα
3204 5441 3443 5514 φρούρια
3474 5434 3584 5492 εἷλε
3611 5456 3625 5468 ·
3661 5439 3756 5490 καὶ
3785 5436 3848 5488 τὸ

2263 5537 2366 5608 μὲν
2394 5538 2477 5590 ὅτι
2510 5537 2686 5600 οὐδεὶς
2732 5532 2906 5608 ἦρχεν
2929 5554 2945 5571 ο
2978 5537 3176 5592 ἔπειτα
3209 5537 3304 5590 καὶ
3352 5534 3461 5588 τῶν
3515 5531 3850 5601 ὀφειλόντων

2267 5628 2544 5698 μάχεσθαι
2577 5628 2722 5682 κατὰ
2750 5627 2812 5681 τὸ
2856 5629 3042 5699 Δάρας
3089 5629 3358 5698 φρούριον
3401 5625 3851 5692 ἀποκεκλεισμέ-

579 5719 833 5788 cogitans
865 5719 949 5774 vel
982 5719 1213 5783 faciens.
1267 5735 1378 5775 non
1420 5735 1590 5790 pauca
1630 5721 1856 5775 castella
1886 5724 2052 5791 cepit.
2094 5722 2131 5776 E

2263 5737 2390 5784 νων,
2424 5721 2511 5773 ἐπ’
2537 5721 2723 5786 ἀδείας
2754 5724 2932 5776 ποιεῖν
2959 5722 2988 5775 ὃ
3033 5721 3286 5791 βούλεται
3315 5719 3632 5791 προῦκειτο.
3667 5718 3849 5770 Ἐκεῖο

590 5812 740 5884 quod
771 5812 843 5868 ibi
869 5826 1032 5868 nemo
1052 5827 1175 5868 cum
1207 5811 1439 5882 imperio
1467 5820 1636 5879 esset,
1665 5823 1776 5868 tum
1805 5822 1986 5869 autem
2012 5816 2156 5885 quod

2267 5815 2357 5868 θεν
2389 5815 2432 5867 δ’
2463 5816 2707 5886 ἀπάρας,
2762 5819 2828 5883 τῇ
2883 5816 3181 5871 Θεουπόλει
3241 5814 3570 5884 προσέϐαλε,
3623 5813 3851 5876 πέμψας
