4046 6456
209 354 303 416 3Ξ5

1094 352 1696 414 ΕΕΕΙᾸΞΒΙΛΞΤΙΕΈ
1737 354 2132 418 ΙΗΞΤΟΗΗΕ
2170 359 2315 423 LIB.
2365 361 2552 426 XVII.

3349 371 3452 435 926

207 471 297 536 τὴν
333 467 628 536 πορφυρᾶν
661 465 924 536 χλαῖναν
972 467 1070 518 καὶ
1115 466 1324 536 μέλλων
1353 466 1524 520 ταῦτα
1560 484 1765 537 περιτι-

1878 480 2085 532 essent,
2120 487 2232 539 quo
2289 475 2410 529 loco
2468 475 2584 529 hare
2643 477 2728 546 agi
2791 479 3174 555 celebrarique
3234 485 3316 540 t‘as
3347 499 3451 550 esr,

205 560 344 612 ῦέναι
374 557 450 626 τῷ
487 557 749 628 Τιὸερίῳ,
792 559 996 628 κόμητι
1036 558 1152 610 ὄντι
1191 559 1301 611 τῶν
1350 557 1682 623 ἐξκουὸίτων
1711 557 1772 611 τὸ

204 652 486 722 πρότερον,
538 651 715 705 τοιάδε
771 649 1064 722 παρρησίᾳ
1119 650 1338 717 ἐξεῖπε⁹
1397 668 1415 701 ι
1462 651 1554 719 Μή
1615 643 1774 715 σε,ὧ

204 745 457 814 βέλτιστε.
485 743 584 811 τῆς
617 742 923 809 φαντασίας
971 743 1005 812 ή
1053 741 1231 813 σκηνὴ
1269 741 1366 795 καὶ
1397 743 1429 809 ἡ
1479 741 1770 812 ἀμπεχόνη

203 835 452 888 πλανάτω
483 849 496 864 ”
529 829 610 898 οἷς
641 833 738 886 καὶ
775 834 938 897 αὐτὸς
970 835 1070 886 οὐκ
1105 834 1184 897 εἰς
1233 833 1354 886 δέον
1403 834 1768 904 παρασυρεὶς,

202 930 385 982 ἔλαθον
434 927 672 998 ἐμαυτὸν
710 929 831 989 ταῖς
885 926 1146 997 ἐσχάταις
1199 929 1413 989 ποιναῖς
1465 925 1771 979 ὑπεύθυνον

204 1023 565 1090 καταστήσας.
594 1021 684 1073 Σοὶ
721 1019 778 1074 δέ
818 1019 1048 1091 μελήσει
1081 1019 1177 1073 καὶ
1205 1019 1305 1082 τὰς
1344 1020 1482 1089 ἐμὰς
1515 1019 1770 1089 ἁμαρτά-

202 1113 290 1174 δας
339 1110 694 1181 ἐπανορθοῦν.
744 1109 1192 1180 Ἐπανορθώσεις
1223 1109 1302 1174 δέ,
1345 1109 1527 1176 καλῶς
1555 1126 1614 1161 τε
1650 1109 1768 1180 ἅμα

203 1205 292 1257 καὶ
322 1204 585 1265 εὐπειθῶς
619 1203 882 1269 διεξάγων
925 1201 1027 1273 τὴν
1080 1201 1383 1257 πολιτείαν.
1416 1201 1511 1272 Μὴ
1558 1203 1768 1256 παντά-

204 1315 334 1351 πασι
384 1299 442 1350 δὲ
477 1296 692 1360 τούτοις
741 1297 897 1366 αἱροῦ
949 1295 1240 1349 πείθεσθαι
1290 1295 1441 1368 (τοὺς
1494 1296 1768 1366 ἄρχοντας

203 1385 541 1456 ὑποδεικνύς)
575 1401 588 1415 ⁸
617 1386 841 1456 καὶγὰρ
872 1371 1026 1438 αὐτοί
1076 1401 1144 1454 με
1177 1377 1258 1448 οἷς
1289 1383 1421 1454 δρᾷς
1449 1383 1645 1446 δεινοῖς
1672 1399 1769 1434 πε-

202 1478 374 1549 9:6641.)
388 1495 466 1531 ον.
498 1495 518 1529 ι
559 1477 671 1530 Καὶ
697 1475 830 1532 ἄλλα
858 1476 916 1528 δὲ
945 1475 1171 1530 τοιαῦτα
1197 1474 1429 1545 ἐπῆγεν,
1469 1473 1504 1528 ἃ
1527 1473 1590 1544 δὴ
1627 1471 1768 1544 πρὸς

195 1575 528 1644 κατάπληξιν
581 1574 676 1628 καὶ
751 1571 1001 1643 δακρύων
1049 1572 1314 1644 κρουνοὺς
1363 1571 1762 1641 παρεκίνησεν.

197 1667 460 1733 Ὕστερον
489 1665 545 1719 δέ
574 1667 792 1720 πάντων
821 1665 1073 1736 ἐπήγαγε
1099 1681 1115 1698 ο
1159 1682 1178 1716 ι
1227 1663 1477 1733 Τίμησον
1509 1662 1601 1717 τὸν
1627 1661 1764 1715 Θεὸν

195 1762 286 1814 καὶ
315 1759 414 1831 τὴν
442 1758 773 1827 Ἐκκλησίαν
809 1756 996 1822 αὑτοῦ,
1027 1757 1122 1810 καὶ
1162 1755 1264 1828 τὴν
1320 1755 1490 1810 παλαι
1527 1754 1626 1824 μὲν
1663 1755 1764 1824 σήν

1876 560 2287 630 imperatoriam
2321 582 2579 620 coronam
2647 573 2964 641 sustollens,
3006 592 3452 649 purpureamque

1874 663 2107 717 vestem,
2133 665 2194 708 ut
2223 671 2288 710 ea
2325 656 2549 712 Tiberio
2582 660 2910 731 imponeret,
2940 668 3034 736 qui
3071 684 3260 724 comes
3289 682 3450 726 antea

1875 743 2260 800 excubitorum
2340 747 2541 814 fuerat,
2596 750 2671 807 ita
2725 757 3012 824 propalam
3052 760 3218 816 verba
3275 763 3450 818 fecit:

1879 854 1898 888 ι
1928 837 2002 891 Ne
2033 848 2104 902 te,
2138 837 2224 892 vir
2248 841 2477 909 optime,
2516 844 2709 899 umbra
2741 846 2842 900 ista
2877 848 3179 918 phantasize
3208 868 3306 907 seu
3358 871 3450 916 ap-

1873 938 2098 996 paratus
2152 929 2316 998 huius
2371 940 2428 985 et
2460 934 2630 989 vestis
2664 935 2782 991 haec
2816 937 3095 1008 decipiat:
3149 942 3355 1012 quibus
3395 954 3446 997 et

1879 1017 2016 1087 ipse,
2047 1031 2414 1090 praeterquam
2438 1022 2685 1091 deceret,
2719 1028 3074 1083 transversim
3101 1043 3309 1101 raptus,
3341 1050 3446 1088 non

1871 1111 2018 1164 sensi
2057 1112 2330 1181 meipsum
2357 1113 2630 1182 supremis
2659 1117 2841 1186 patriis
2866 1117 3164 1177 obnoxium
3196 1125 3443 1180 reddere.

1870 1199 1994 1256 Tibi
2017 1214 2152 1256 vero
2178 1217 2323 1257 cura:
2353 1203 2482 1268 erit,
2512 1211 2575 1260 ut
2609 1216 2832 1276 peccata
2865 1225 3085 1280 quoque
3125 1227 3248 1268 mea
3281 1191 3477 1296 coni-fr

1868 1305 1984 1390 βαρ.
2021 1290 2282 1390 Corriges
2310 1305 2518 1358 autem,
2552 1295 2598 1352 si
2651 1308 2802 1353 recte
2827 1309 2884 1354 et
2942 1301 3180 1372 benigne
3222 1290 3469 1390 rempu-E

1867 1377 2071 1436 blicam
2101 1379 2516 1441 administrabis
2546 1405 2560 1440 :
2596 1402 2700 1442 nec
2725 1389 2952 1444 omnino
2977 1390 3099 1446 istis
3125 1392 3220 1449 tibi
3247 1409 3421 1463 paren

1867 1470 1999 1524 dum
2027 1471 2134 1526 erit
2167 1471 2471 1545 (principes
2504 1475 2942 1544 demonstrans),
2985 1496 3110 1536 nam
3136 1491 3191 1538 et
3213 1484 3317 1553 ipsi
3365 1470 3501 1560 me’,

1869 1564 1925 1616 in
1961 1577 2058 1616 eas
2118 1579 2258 1634 quas
2310 1567 2497 1623 cernis
2532 1585 2808 1627 erumnas
2858 1573 3236 1644 coniecerunt.
3272 1595 3292 1629 ι
3332 1577 3448 1632 Alia

1866 1650 2097 1722 insuper
2119 1655 2241 1726 ejus
2269 1658 2490 1727 generis
2514 1659 2764 1729 adduxit,
2801 1677 2923 1732 quae
2946 1664 3014 1720 ad
3043 1669 3448 1723 consternatio-

1870 1759 1998 1799 nem
2035 1755 2097 1803 et
2128 1746 2397 1821 lacrymas
2431 1751 2670 1822 prolixas
2685 1752 2963 1823 auditores
3009 1771 3451 1821 commoverunt.

193 1823 388 1924 κυρίαν
424 1851 515 1906 κα)⁸
540 1823 852 1916 δέσποιναν,
885 1849 981 1902 νῦν
1013 1850 1068 1904 δέ
1098 1865 1193 1902 σου
1219 1823 1442 1921 μητέρα
1467 1882 1486 1904 .
1519 1823 1579 1903 Οί
1611 1849 1765 1921 ἔχον-

1866 1836 2150 1896 Postremo
2187 1856 2318 1898 vero
2343 1844 2590 1898 οιιιιιίιιῐιι
2621 1843 2841 1902 intulit:
2889 1866 2909 1900 ι
2934 1847 3155 1904 Honora
3189 1851 3361 1906 Deum
3393 1863 3450 1908 et

191 1962 278 2009 τες
310 1943 498 1997 οὐσίαν
546 1943 818 2014 ἐχέτωσαν
846 1957 862 1974 ⁸
897 1936 979 2006 οἷς
1031 1943 1108 2014 μὴ
1160 1944 1450 2012 πρόσεστι,
1485 1943 1758 2015 δὼρησαι.

194 2038 405 2108 Ὠσπερ
455 2036 511 2089 δέ
558 2033 762 2104 σαυτῷ,
799 2032 944 2087 οὕτω
983 2035 1078 2088 καὶ
1113 2036 1252 2087 πᾶσι
1289 2032 1550 2104 πρόσεχε.
1582 2032 1761 2086 Γνῶθι

193 2132 250 2185 δέ
275 2131 358 2194 τίς
383 2126 546 2202 ἦσθα,
571 2128 668 2181 καὶ
709 2127 794 2190 τίς
823 2127 920 2182 νῦν
965 2127 1210 2197 σήμερον
1233 2121 1304 2181 εἷ.
1337 2127 1400 2180 Εἰ
1429 2126 1475 2180 δ’
1502 2124 1762 2196 ἁμαρτά-

198 2234 304 2269 νειν
360 2218 417 2268 ού
474 2213 678 2284 βούλει,
714 2212 791 2283 μὴ
825 2213 1196 2284 ὑπερηφάνως
1247 2211 1512 2266 διάκεισο.
1546 2213 1618 2265 Σὺ
1650 2212 1761 2282 γὰρ

199 2309 324 2377 ὁρᾷς
355 2308 432 2370 τίς
463 2305 572 2375 ἐγὼ
604 2303 710 2375 πρὸ
742 2303 942 2375 μικροῦ
977 2304 1070 2356 καὶ
1107 2303 1160 2356 τί
1194 2302 1288 2357 νῦν
1337 2306 1456 2374 εἰμι
1493 2304 1760 2375 σήμερον.

197 2399 405 2467 ’Δγάπα
438 2400 541 2468 πρδ
569 2396 784 2450 πάντων
810 2395 934 2459 τοὺς
957 2393 1196 2464 πένητας
1223 2409 1238 2445 °.
1272 2396 1368 2450 καὶ
1393 2393 1760 2465 ἐλεημοσύναι

201 2493 276 2563 μὴ
316 2491 714 2546 ἐκλειπέτωσαν
745 2492 852 2543 ἀπὸ
885 2489 1002 2542 σοῦ.
1042 2507 1062 2540 ι
1106 2488 1491 2559 Γεγενημὲνης
1517 2487 1563 2540 δ’
1591 2487 1760 2559 εὐχῆς

195 2588 298 2640 ὑπὸ
328 2585 421 2640 τοῦ
456 2583 778 2656 ἀρχιερέως.
806 2585 834 2636 6
864 2582 1118 2653 Τιϐέριος
1175 2581 1280 2634 ὑπὸ
1304 2582 1430 2646 τοὺς
1468 2581 1634 2644 πόδας
1679 2580 1760 2652 τῷ

195 2679 402 2750 βασιλεί
447 2677 696 2750 ἔρριπτο.
751 2674 810 2728 '0
840 2675 897 2728 δέ
933 2673 1219 2728 ὑπολαϐὼν
1253 2673 1395 2742 ἔφη’
1432 2690 1451 2723 ι
1500 2670 1630 2725 Ἐὰν
1673 2670 1760 2724 θέ-

190 2775 311 2845 λῃς,
345 2771 459 2842 είμί
483 2787 498 2801 ’
535 2771 633 2824 ἐὰν
664 2768 846 2838 Θέλῃς.
894 2765 998 2820 οὒκ
1052 2769 1170 2836 εἰμι
1193 2781 1208 2795 ⁸
1241 2767 1268 2817 6
1303 2763 1436 2827 Θεὸς
1462 2765 1490 2817 6
1521 2763 1759 2833 ποιήσας

190 2868 283 2920 τὸν
312 2863 538 2935 οὐρανὸν
573 2862 670 2915 καὶ
713 2861 812 2931 τὴν
863 2862 990 2930 γῆν,
1035 2859 1212 2912 πάντα
1258 2858 1362 2912 ὅσα
1407 2855 1760 2926 ἐπελαθόμην

190 2961 367 3012 εἰπεῖν
394 2973 496 3019 σοι,
518 2954 680 3018 αὖτδς
730 2956 810 3016 εἰς
863 2953 961 3023 τὴν
1013 2951 1114 3021 σὴν
1163 2950 1396 3021 καρδίαν
1430 2947 1757 3020 ἐπεμϐαλετ,

191 3047 465 3122 στηρίζων
500 3046 592 3102 καὶ
632 3041 922 3115 στοιχειῶν
952 3061 1012 3097 σε
1060 3043 1137 3112 τῷ
1166 3041 1448 3113 ἁγνοτάτῳ
1479 3041 1628 3111 φόὸῳ
1656 3040 1760 3092 αὑ-

189 3143 307 3209 τοῦ,
337 3142 404 3194 δι’
427 3131 489 3193 οὑ
517 3141 740 3208 σύμπαν
781 3153 864 3189 σοι
898 3133 1274 3204 κατορθωθείη
1309 3132 1419 3185 τῶν
1442 3129 1693 3222 ὰγαθῷν.
1733 3147 1754 3183 ι
1787 3161 1834 3222 c

187 3237 308 3289 Ἐπ’
339 3234 432 3302 ἐτη
463 3232 517 3284 δὲ
550 3231 792 3300 τέσσαρα
842 3225 1217 3296 συνδιαγαγὼν
1266 3225 1505 3294 Τιόερίῳ
1533 3220 1760 3276 Ἰοὑστϊ-

187 3345 277 3390 νος
306 3329 333 3380 6
365 3327 481 3387 νέος
511 3322 756 3376 ἐκλείπει
789 3320 848 3373 τὸ
883 3321 1004 3391 ζῇν,
1039 3320 1104 3390 ιβ’
1134 3319 1234 3390 μὲν
1266 3317 1390 3372 καθ’
1433 3315 1626 3370 ἐαυτὸν
1660 3316 1760 3388 τὴν

187 3421 364 3492 ἀρχὴν
413 3418 686 3487 διοικήσας
741 3416 838 3468 σὺν
875 3414 1009 3485 μησὶ
1043 3412 1180 3466 δέκα
1229 3411 1364 3482 πρὸς
1417 3409 1493 3481 τῷ
1538 3410 1756 3480 ήμίσει,

189 3517 286 3567 καὶ
306 3515 468 3583 ἐτερα
497 3513 739 3581 τέσσαρα
776 3509 914 3579 μετὰ
952 3509 994 3560 Τ
1001 3507 1235 3578 ιϐερίου,
1285 3505 1456 3574 μηνὸς
1504 3504 1717 3567 δέοντος
1740 3516 1756 3532 ’

186 3609 260 3672 ὡς
284 3605 422 3660 εἶναι
453 3607 521 3659 τὰ
557 3606 735 3658 πάντα
787 3603 884 3674 ἐτη
939 3607 1017 3666 ις’
1065 3600 1204 3670 πρὸς
1259 3599 1427 3670 μησὶν
1478 3598 1634 3653 ἐννέα
1663 3596 1758 3649 καὶ

187 3699 380 3767 ἥμισυ.
407 3687 573 3755 Οὗτος
600 3693 627 3744 6
661 3692 971 3751 Ἰουστῖνος,
999 3689 1100 3740 ὅσα
1129 3688 1156 3739 ὁ
1197 3687 1520 3746 Ἰουστιανὸς
1553 3684 1759 3756 ᾠκοδό-

195 3805 333 3860 μησε
360 3786 659 3856 φιλοτίμως
704 3781 997 3846 διατεθεὶς,
1042 3779 1389 3850 προσθήκαις
1424 3778 1521 3831 καὶ
1548 3777 1755 3846 ἀναθή-

193 3899 324 3953 μασι
356 3879 741 3940 κατεκάλλυνε,
767 3878 869 3931 καὶ
891 3874 1200 3944 κειμηλίοις
1230 3871 1444 3933 πολλοῖς
1473 3869 1758 3924 ’πεσόντα

188 3977 244 4029 δὲ
272 3976 366 4028 καὶ
407 3973 495 4026 τὸν
539 3972 736 4043 ὄροφον
771 3966 864 4021 τοῦ
905 3966 1144 4037 μεγάλου
1177 3966 1302 4030 νεὼ,
1327 3966 1423 4017 ἐπὶ⁸
1455 3962 1518 4017 ιε’
1558 3965 1758 4033 πήχεις

189 4066 502 4136 ἁνυψώσας,
524 4063 659 4134 πρὸς
679 4061 740 4115 τὸ
771 4060 1213 4131 εὐπρεπέστερον
1248 4055 1673 4128 μετεσκεύασεν,
1697 4055 1760 4118 ἐς

192 4155 306 4212 οἷον
330 4160 522 4226 ὁρᾶται
550 4159 648 4227 τὴν
681 4157 944 4225 σήμερον.
997 4150 1405 4213 Εὑσεὸἐστατος
1431 4149 1488 4202 δέ
1516 4147 1615 4214 ὢν,
1637 4148 1759 4202 λίαν

195 4255 284 4304 τὶν
321 4251 434 4322 βίον
463 4247 912 4320 ἐκδεδιῃτημένη
945 4244 1264 4313 ἐτύγχανεν.
1292 4240 1547 4312 Περιέχει
1575 4240 1634 4293 δέ
1663 4239 1761 4294 καὶ

193 4349 226 4415 ή
261 4341 513 4415 παροῦσα
547 4337 990 4404 ἑπτακαιδεκάτη
1027 4353 1121 4406 μοι
1153 4334 1262 4388 τῶν
1290 4329 1544 4405 ἱστοριῶν
1567 4333 1760 4403 χρόνον

192 4438 326 4491 ἐτῶν
357 4437 630 4506 τεττάρων
661 4433 797 4505 πρὶς
823 4434 932 4493 τοῖς
969 4432 1240 4500 ἐξήκοντα
1267 4425 1367 4479 σὺν
1396 4427 1565 4496 μησὶν
1587 4423 1757 4478 ὀκτώ·

1864 1927 2168 1986 Ecclesiam
2224 1934 2368 2005 ejus,
2421 1944 2479 1991 et
2532 1938 2664 1992 olim
2692 1939 2917 2008 quidem
2965 1941 3154 1997 heram
3181 1946 3448 2001 etdomi-

1862 2033 2015 2085 nam,
2082 2038 2232 2078 nunc
2285 2039 2422 2081 vero
2470 2036 2702 2084 matrem
2731 2038 2900 2086 tuam.
2935 2029 3038 2096 Qui
3064 2033 3356 2089 facultates
3386 2044 3446 2090 et

1862 2112 2234 2179 possessiones
2263 2115 2487 2183 habent,
2521 2117 2755 2174 habeant
2785 2136 2800 2183 ;
2856 2121 3062 2190 quibus
3097 2137 3176 2176 ea:
3205 2123 3432 2188 desunt,

1860 2205 1942 2263 eis
1965 2206 2164 2263 tribue.
2197 2209 2434 2266 Perinde
2459 2220 2624 2281 atque
2652 2212 2705 2266 in
2739 2213 2996 2283 teipsum,
3025 2215 3100 2268 ita
3129 2215 3186 2269 in
3237 2231 3436 2272 omnes

1862 2295 2109 2351 animum
2173 2297 2420 2354 intende.
2485 2301 2662 2357 Nosce
2685 2317 2817 2357 vero
2839 2309 2897 2358 et
2922 2301 3048 2373 quis
3065 2315 3225 2360 antea
3248 2306 3440 2370 fueris.

1861 2388 2065 2460 etquis
2095 2389 2260 2446 hodie
2288 2391 2466 2452 factus
2481 2393 2581 2451 sis.
2610 2395 2668 2451 Si
2701 2412 2934 2466 peccare
2974 2414 3086 2454 non
3121 2400 3228 2464 vis,
3261 2416 3330 2454 ne
3359 2417 3446 2467 ar-

1862 2493 2062 2551 rogans
2091 2484 2436 2552 etsuperbus
2489 2485 2680 2542 fueris.
2707 2487 2827 2558 Ipse
2846 2505 3084 2560 namque
3113 2490 3289 2555 vides,
3318 2491 3449 2560 quis

1860 2585 1962 2641 ego
1983 2572 2150 2641 paulo
2179 2587 2307 2630 ante
2356 2574 2580 2641 fuerim,
2610 2585 2668 2634 et
2712 2578 2846 2649 Quid
2911 2596 3058 2636 nunc
3117 2584 3260 2637 sim..
3300 2581 3443 2636 Pau-

1865 2675 2027 2730 peres
2079 2661 2136 2716 in
2193 2665 2389 2734 primis
2473 2666 2662 2737 dilige,
2715 2680 2773 2723 et
2853 2669 3216 2742 eleemosynee
3297 2673 3441 2742 apud

1862 2761 1915 2808 te
1975 2769 2087 2809 non
2125 2755 2402 2812 deﬁciant.
2440 2775 2460 2811 ι
2518 2759 2734 2816 Etcum
2795 2749 3044 2832 precatio
3073 2763 3144 2818 ab
3175 2764 3440 2832 episcopo

1866 2846 2016 2902 facta
2043 2861 2210 2915 esset,
2245 2849 2505 2905 Tiberius
2537 2852 2603 2907 ad
2629 2852 2799 2923 pedes
2824 2854 3174 2924 imperatoris
3203 2871 3262 2910 se
3285 2855 3442 2925 ahje-

1860 2939 1960 2994 cit.
2002 2941 2178 3010 Atque
2203 2941 2292 2996 ille
2313 2942 2694 3011 subinierens,
2759 2964 2776 2997 ‹
2830 2945 2908 3011 Si,
2939 2948 3140 3016 inquit,
3174 2949 3444 3016 volueris,

1860 3047 2019 3100 sum;
2055 3035 2100 3088 si
2135 3033 2400 3098 nolueris,
2433 3051 2538 3089 non
2562 3051 2705 3091 sum.
2739 3036 2883 3093 Deus
2922 3040 3016 3108 qui
3069 3040 3200 3095 iecit
3240 3041 3440 3097 calum

1862 3135 1919 3181 ct
1973 3133 2199 3191 terram,
2245 3127 2429 3181 omnia
2474 3143 2819 3199 quaecunque
2879 3129 2976 3184 tibi
3003 3129 3190 3186 dicere
3224 3133 3440 3189 oblitus

1867 3233 2011 3285 sum,
2069 3220 2186 3290 ipse
2219 3218 2273 3274 in
2309 3221 2555 3274 animum
2588 3231 2742 3275 tuum
2777 3222 3057 3291 subjiciet,
3084 3224 3440 3289 conﬁrmans.

1866 3321 2030 3382 atque
2067 3312 2267 3382 abipso
2296 3313 2632 3384 8031mm
2660 3314 2821 3368 initio
2855 3315 3154 3371 instituens
3199 3326 3253 3372 te
3318 3297 3450 3374 san:

1867 3405 2127 3461 ctissimo
2160 3406 2358 3461 timore
2413 3420 2544 3474 suo;
2602 3421 2704 3476 per
2747 3422 2910 3478 quem
2951 3409 3134 3464 omnia
3165 3410 3263 3465 tibi
3296 3423 3447 3468 recte

1866 3508 2031 3567 atque
2055 3497 2292 3553 feliciter
2324 3498 2589 3553 evenient
2615 3500 2816 3554 bona.»
2849 3499 3102 3555 Justinus
3128 3502 3320 3572 junior
3347 3507 3441 3560 ubi

1867 3590 1920 3645 in
1943 3591 2171 3660 imperio
2184 3606 2306 3645 cum
2327 3587 2544 3646 Tiberio
2561 3607 2736 3646 annos
2757 3600 2997 3661 quatuor
3012 3597 3308 3663 exegisset,
3336 3599 3442 3650 vita

1863 3683 2124 3737 excessit.
2171 3682 2293 3752 lpse
2332 3683 2484 3736 solus
2525 3683 2688 3737 annis
2724 3685 3026 3738 duodecim
3073 3696 3129 3740 et
3157 3689 3446 3744 mensibus

1865 3773 2054 3828 decem
2089 3789 2214 3829 cum
2251 3775 2484 3830 dimidio
2525 3776 2818 3846 imperium
2880 3777 3240 3846 gubernavit:
3315 3795 3441 3834 eum

1866 3867 2089 3922 Tiberio
2121 3868 2278 3922 annis
2308 3879 2571 3937 quatuor,
2639 3885 2828 3923 mense
2883 3885 2991 3923 uno
3020 3869 3236 3936 minus,
3275 3872 3348 3926 ita
3383 3882 3444 3926 nt

1864 3958 2085 4026 imperii
2139 3959 2262 4026 ejus
2309 3958 2438 4012 anni
2464 3973 2656 4012 omnes
2717 3959 2957 4013 sedecim
3004 3960 3136 4024 sint,
3193 3969 3249 4015 et
3293 3978 3446 4017 men-

1865 4065 1954 4106 ses
2013 4065 2210 4105 norem
2262 4064 2389 4104 cum
2441 4051 2694 4105 dimidio.
2745 4051 3016 4117 Justinus,
3102 4068 3444 4126 quaecunque

1865 4143 2066 4212 templa
2093 4143 2437 4197 Justinianus
2462 4157 2656 4212 magna
2686 4157 2818 4197 usus
2855 4143 3186 4198 liberalitate
3223 4148 3442 4214 magni-

1865 4234 1967 4289 ﬁce
1987 4233 2320 4298 construxit,
2363 4249 2426 4288 ea
2459 4233 2892 4300 accessionibus,
2918 4234 3163 4290 donariis
3197 4244 3251 4290 et
3274 4237 3445 4293 sacris

1864 4325 2013 4380 vasis
2064 4325 2315 4395 pluribus
2350 4326 2465 4396 ipse
2489 4326 2801 4380 exornavit.
2836 4327 2902 4380 Et
2947 4341 3220 4382 summam
3260 4328 3441 4397 Magni

1867 4419 2056 4489 templi
2089 4419 2421 4474 testudinem
2479 4419 2795 4489 collapsam,
2856 4428 2912 4475 et
2940 4419 3445 4490 quindecim'cubi-

191 4532 427 4602 ὁπηνίκα
458 4529 667 4599 κόσμου
731 4526 832 4598 μέν
884 4525 1003 4588 ἔτος
1057 4527 1112 4587 ς’
1164 4518 1520 4590 ἐνενηκοστὸν
1551 4518 1758 4586 ὃγδοον,

1869 4521 1955 4566 tos
1977 4510 2221 4574 sustulit,
2253 4518 2309 4565 et
2337 4510 2746 4579 decentissime,
2782 4513 2855 4566 ita
2888 4520 2949 4565 ut
2981 4512 3145 4567 hodie
3173 4513 3444 4573 cernitur,

193 4625 299 4676 ἀπὸ
327 4624 384 4677 δέ
411 4623 508 4692 τῆς
558 4622 709 4684 θείας
761 4618 857 4672 τοῦ
905 4615 1110 4687 Κυρίου
1142 4611 1458 4684 γεννήσεως
1491 4615 1543 4680 φ’
1574 4609 1762 4680 τριτον

197 4717 287 4768 καὶ
315 4715 666 4785 ἐνενηκοστὸν
695 4717 791 4765 ἐπε
803 4711 1037 4782 ραίνετο.

1870 4603 2136 4657 restituit.
2189 4602 2257 4656 Et
2305 4617 2428 4657 cum
2459 4603 2682 4672 pietatis
2708 4611 2858 4658 esset
2881 4603 3349 4667 studiosissimus,
3387 4605 3443 4660 in

1881 4695 1992 4750 vita
2051 4696 2368 4764 quotidiana
2407 4706 2591 4751 tamen
2629 4713 2894 4766 prrqnam
2955 4697 3257 4751 dissolutus
3318 4696 3446 4751 fuit.

200 4808 354 4863 Liber
407 4808 497 4862 hic
557 4805 916 4861 historiarum
983 4802 1233 4858 decimus
1285 4799 1554 4870 septimus
1612 4804 1830 4863 tempus
1871 4788 2258 4857 complectitur
2319 4793 2598 4862 sexaginta
2648 4801 2702 4843 ct
2741 4803 2981 4860 quatuor
3009 4806 3276 4845 annorum
3329 4792 3443 4857 (t).

198 4916 321 4958 cum
372 4903 440 4957 ab
478 4900 614 4955 orbe
667 4897 893 4953 condito
948 4897 1130 4952 sexies
1173 4893 1498 4950 millesimus
1537 4885 1928 4957 nonagesimus
1967 4891 2215 4946 octavus,
2272 4895 2301 4935 a
2369 4883 2556 4938 divina
2603 4895 2787 4938 autem

195 4997 663 5072 quingentesimus
699 4993 1085 5064 nonagesimus
1131 4988 1328 5046 tertius
1364 4997 1618 5058 ageretur
1646 4997 1850 5038 annus.

252 5205 327 5277 (Ι)
351 5197 706 5277 Computatio
734 5207 1005 5251 annorum
1032 5190 1270 5277 istorum
1296 5204 1420 5277 eum
1439 5188 1561 5277 aliis
1589 5187 1754 5277 fni-(3.

186 5261 324 5334 uicis
345 5261 722 5344 scriptoribus
754 5281 866 5322 non
892 5266 1212 5322 concordat.
1238 5261 1555 5318 Secundum
1583 5273 1747 5329 quos-

2866 4881 3084 4936 Dmniui
3159 4880 3447 4935 nativitate

1858 5185 1982 5240 dam
2015 5184 2165 5240 enim
2200 5180 2387 5237 obitus
2441 5177 2640 5236 Justini
2691 5176 2745 5230 in
2794 5189 3000 5228 annum
3057 5161 3279 5228 Domini
3315 5168 3446 5237 583,

1863 5257 2168 5312 secundum
2204 5254 2343 5308 alios
2375 5255 2431 5306 in
2458 5251 2559 5306 576
2590 5248 2805 5302 incidit.
