4046 6468
362 393 465 461 331
1210 392 1814 458 ECCLESIASTICAE
1857 391 1931 451 HI

2037 390 2133 449 Oli
2151 390 2244 449 ΗΕ
2279 390 2427 452 LlB.
2475 391 2695 452 XVIII.

3513 394 3616 460 31

360 514 705 575 θεουπῶεωῖ
742 514 850 567 τῶν
880 514 1040 585 ἱερῶν
1087 515 1379 584 ἡγουμένῳ
1424 515 1641 581 ἐγένετο
1671 529 1682 540 ·
1712 511 1931 573 σῖτυκνῶς

2041 507 2334 578 pervenit..~
2366 507 2429 562 Et
2465 523 2590 563 cum
2620 524 2687 563 eo
2712 510 2934 564 nomine.
2976 508 3322 593 frequentips
3373 511 3438 566 ad
3486 528 3619 567 cum

362 626 419 662 τε
456 607 778 676 παράὐτδν
815 606 1034 676 φοιτῶν,
1069 607 1240 675 μείζω
1283 606 1510 674 δύναμιν
1543 607 1605 657 ἐκ
1640 604 1739 673 τῆς
1800 603 1935 670 πρδς

363 701 523 755 αὐτὸν
550 701 752 769 ἐμνᾶτο
780 699 995 771 σχολῆς.
1032 694 1204 763 Οὗτος
1248 699 1430 753 τοίνυν
1458 700 1487 750 ὁ
1515 698 1823 759 Ἀνατόλιος
1860 697 1938 749 εί·-

363 793 546 847 δὼλων
575 792 791 856 θυσίαις
842 793 1204 863 προσανέχειν
1245 792 1596 862 διελεγχθεὶς,
1653 787 1937 858 ἐξάγιστος

363 904 447 948 τις
470 887 569 940 σὺν
599 886 781 948 ἄλλοις
804 885 993 939 δεινῶν
1027 886 1349 956 ἁτοπήμασι
1399 887 1654 953 φωρᾶται
1679 901 1938 953 συνισχη-

273 996 295 1012 ο
368 979 542 1047 μένος.
571 977 853 1048 Δώροιςδέ
876 977 968 1032 τδν
1016 978 1117 1047 τῆς
1165 977 1241 1031 Em
1283 978 1590 1046 ἡγούμενον
1639 975 1936 1047 μετελθὼν,

366 1071 693 1140 παραδραχὺ
724 1070 822 1125 σὺν
855 1073 968 1133 τοῖς
998 1069 1139 1141 ἀμφ’
1167 1070 1334 1124 αὐτὸν
1358 1070 1564 1141 διέδρα.
1588 1068 1781 1143 Πολλοὶ
1829 1068 1939 1138 γὰρ

367 1162 465 1215 σὺν
486 1162 634 1230 αὐτῷ
658 1162 905 1216 ἑάλωσαν
937 1163 1014 1231 τῷ
1049 1150 1341 1232 μιάσματι,
1374 1163 1424 1215 εί
1482 1161 1556 1232 μὴ
1609 1161 1672 1214 τὸ
1733 1159 1938 1229 πλῆθος

364 1254 747 1325 διαταραχθέν,
781 1254 842 1307 τὸ
874 1254 1098 1324 σκέμμα
1137 1255 1404 1307 διέλυσεν.
1464 1250 1842 1316 Ἐπετὼθαζον
1879 1250 1938 1305 δὲ

364 1347 459 1399 καὶ
486 1346 577 1399 τὸν
606 1347 771 1415 ἱερέα,
798 1346 873 1407 ὡς
903 1346 1013 1415 ἄρα
1041 1346 1127 1412 είη
1163 1347 1257 1400 καὶ
1293 1348 1449 1409 αὐτὸς
1483 1349 1593 1409 τοῖς
1633 1345 1938 1411 ἁλιτηρίοις

366 1440 801 1510 κεκοινωνηκὼς.
833 1441 943 1493 Καί
968 1458 1053 1504 τις
1076 1440 1286 1510 δαίμων
1315 1441 1585 1511 ταραξίας
1628 1441 1721 1494 καὶ
1750 1439 1938 1509 ἁλιτή-

367 1548 483 1603 ριος
515 1532 690 1593 ἐνίους
717 1532 1024 1595 ἀνέπειθεν,
1053 1533 1129 1597 ὡς
1159 1534 1242 1604 εἴη
1279 1535 1375 1587 καὶ
1395 1533 1614 1595 θυσίαις
1640 1535 1740 1588 σὺν
1779 1533 1938 1586 Ἀνα-

363 1625 525 1695 τολίῳ
551 1625 915 1695 χρησάμενος.
949 1624 1055 1678 Καὶ
1087 1626 1287 1695 μικροῦ
1317 1626 1383 1680 ἂν
1413 1625 1680 1695 διεφθάρη
1726 1625 1938 1695 Γρηγό-

368 1732 483 1785 ριος
513 1716 726 1783 μεγάλα
756 1716 876 1769 κατ’
907 1715 1072 1769 αὐτοῦ
1118 1716 1393 1784 ὀργῶντας
1435 1715 1527 1769 τοῦ
1575 1715 1747 1786 δήμου
1781 1728 1795 1745 ⁸
1847 1716 1939 1768 καὶ

367 1808 459 1861 ἐπὶ
481 1809 639 1861 τόσον
664 1808 731 1861 τὰ
758 1810 857 1878 τῆς
886 1809 1076 1878 φήμης
1105 1809 1415 1878 διέδραμεν,
1449 1808 1526 1872 ὡς
1576 1808 1670 1861 καὶ
1694 1808 1784 1861 τὸν
1838 1806 1936 1875 βα-

366 1899 520 1954 σιλέα
549 1900 820 1970 Τιϐέριον,
854 1901 929 1971 μὴ
950 1900 1022 1954 δι’
1049 1900 1236 1962 ἄλλον.
1265 1901 1398 1954 ἀλλὰ
1417 1900 1486 1954 δι’
1505 1900 1681 1969 αὐτῆς
1718 1899 1939 1952 Ἀνατο-

365 1996 479 2048 λίου
507 1993 691 2063 φωνῆς
718 1994 951 2062 τάληθὲς
983 1995 1220 2065 θηρᾶσαι
1251 1994 1477 2064 θελῆσαι
1506 1997 1606 2062 τῆς
1629 1991 1896 2064 μέμψεως
1920 2008 1933 2024 ·

365 2088 457 2139 καὶ
476 2085 611 2155 δῆτα
641 2084 854 2138 κελεύει
882 2085 974 2140 τόν
1000 2103 1061 2139 τε
1099 2085 1409 2139 Ἀνατόλιον
1433 2085 1528 2138 καὶ
1557 2085 1607 2139 οἳ
1654 2084 1753 2138 σὺν
1783 2082 1935 2151 αὖτῷ

368 2179 606 2247 ἥλωσαν,
646 2178 751 2231 ἀνὰ
765 2178 866 2247 τὴν
894 2178 1158 2249 βασιλέως
1185 2177 1380 2232 ἐλθεῖν.
1415 2178 1480 2231 "A
1503 2176 1566 2246 δὴ
1599 2174 1940 2246 μεμαθηκὼς

378 2269 698 2335 Ἀνατόλιος,
732 2272 798 2340 τῇ
827 2270 926 2339 τῆς
988 2269 1335 2340 Θεομήτορος
1385 2267 1557 2322 εἰκόνι
1602 2268 1786 2321 ἐκεῖσέ
1836 2285 1939 2321 που

368 2365 426 2416 ἐν
460 2365 526 2433 τῇ
576 2364 767 2435 εἱρκτῇ
816 2363 1064 2432 καλωδίῳ
1109 2363 1407 2434 ᾐωρημένῃ
1464 2362 1712 2433 ἐκτρέχει
1765 2361 1940 2415 ὀπίσω

369 2455 606 2524 στρέψας
637 2456 715 2508 τὼ
741 2457 914 2524 χεῖρε.
943 2456 1017 2517 ὡς
1050 2455 1213 2524 δῆθεν
1241 2455 1504 2509 ἱκετεύων
1538 2473 1596 2509 τε
1626 2456 1717 2508 καὶ
1749 2455 1938 2524 δεόμε-

367 2562 474 2609 νος.
520 2546 585 2597 Ἢ
615 2545 672 2598 δέ
710 2546 828 2615 ἅμα
861 2545 962 2614 μὲν
991 2547 1084 2598 τὸν
1118 2548 1286 2617 ἐναγῆ
1324 2546 1423 2600 καὶ
1476 2547 1763 2613 ἐξάγιστον
1792 2548 1938 2599 ἐκεῖ·

366 2652 455 2689 νον
482 2634 891 2704 μυσαττομένη,
922 2634 1041 2702 ἅμα
1076 2633 1134 2688 δὲ
1163 2638 1259 2687 καὶ
1291 2635 1384 2688 τὸν
1412 2637 1693 2705 ἀλιτήριον
1722 2635 1939 2700 ἐξελέγο

366 2743 575 2794 χουσα,
645 2728 727 2788 εἰς
789 2726 1083 2779 τοῦπισθεν
1157 2729 1508 2780 παντάπασιν
1585 2727 1936 2795 ἀπεστράφη.

364 2818 559 2888 θαῦμα
621 2818 826 2888 φρίκης
899 2818 1099 2888 μεστὸν
1153 2821 1249 2872 καὶ
1298 2819 1452 2871 ἐσαεὶ
1501 2817 1938 2887 μνημονεύεσθαι

363 2913 542 2977 ἇξιονο
570 2911 598 2963 ὃ
625 2911 689 2978 δὴ
720 2913 921 2974 πάντες
953 2912 1005 2964 οἵ
1022 2910 1068 2964 τ’
1098 2910 1402 2979 ἐμφρουροι
1438 2912 1533 2962 καὶ
1567 2911 1615 2960 οἱ
1646 2910 1746 2978 τὴν
1774 2910 1943 2977 φυλα-

365 3006 465 3071 κὴν
524 3004 992 3071 ἐπιτετραμμένοι
1032 3003 1277 3055 κατεῖδόν
1353 3018 1411 3053 τε
1454 3004 1549 3053 καὶ
1611 3003 1725 3063 τοῖς
1772 3001 1939 3052 πᾶσιν

364 3093 717 3163 ἀνήγγειλαν.
756 3094 821 3147 Ἡ
844 3093 893 3145 δ’
929 3094 1095 3147 εἰκὼν
1119 3093 1215 3146 καί
1252 3108 1368 3145 τισι
1403 3092 1514 3144 τῶν
1572 3092 1780 3146 πιστῶν
1834 3093 1936 3143 ἐω-

1968 1855 2015 1912 Β

2041 598 2169 660 iret,
2200 607 2527 668 potestatem
2571 601 2835 670 majorem
2858 615 2923 656 ex
2947 602 3064 672 ejus
3095 603 3498 658 consuetudine
3532 614 3619 657 est

2039 702 2392 750 consecutus.
2443 693 2731 750 Anatolius
2780 695 2886 750 iste
2935 696 3169 752 crimine
3220 696 3615 753 sacrificiorum

2040 784 2148 839 (liis
2181 783 2488 840 oblatarum
2512 793 2826 849 accusatus,
2869 802 2977 841 una
3008 803 3133 841 cum
3168 786 3311 854 aliis,
3353 797 3412 842 ut
3463 802 3621 843 sacer

2040 886 2096 932 et
2124 878 2504 940 exsecrabilis,
2538 894 2626 934 res
2664 893 2857 949 graves
2895 890 2951 935 et
3005 880 3276 936 absurdas
3328 881 3619 937 admisisse

2041 978 2360 1041 compertus
2397 979 2503 1025 est.
2528 970 2799 1025 Craterum
2835 986 2959 1025 cum
3007 972 3253 1028 Orientis
3298 974 3617 1044 praefectum
3719 978 3721 981 ’

2041 1061 2204 1116 donis
2231 1070 2621 1132 expugnasset,
2674 1078 2870 1132 parum
2916 1063 3092 1120 abfuit
3145 1066 3280 1133 quin
3335 1081 3439 1119 una
3491 1082 3619 1119 cuiu

2043 1152 2411 1223 popularibus
2463 1152 2583 1207 suis
2631 1152 2812 1220 (multi
2845 1168 3082 1223 namque
3134 1168 3258 1208 cum
3308 1167 3375 1207 eo
3420 1154 3620 1222 piaculi

2041 1244 2160 1314 ejus
2200 1242 2499 1312 participes
2538 1242 2685 1312 capti
2738 1241 2977 1311 fuerant)
3019 1242 3278 1297 evaserit.
3330 1241 3623 1296 Multitudo

2043 1345 2253 1398 autem,
2285 1343 2439 1388 motu
2489 1334 3051 1399 concitato,consilio
3101 1333 3193 1388 tali
3250 1333 3468 1388 obviam
3537 1334 3621 1387 iit.

2046 1428 2222 1483 lllusit
2250 1442 2313 1482 ea
2351 1428 2588 1483 antistiti
2623 1442 2866 1497 quoque,
2905 1426 3061 1496 quasi
3088 1436 3144 1482 et
3188 1427 3305 1497 ipse
3343 1428 3623 1484 detestan-

2044 1522 2240 1573 dorum
2274 1520 2494 1574 illorum
2547 1519 2834 1574 hominum
2883 1520 3069 1575 socius
3114 1530 3281 1575 esset.
3328 1519 3495 1589 812
3559 1520 3625 1574 ιιίι

2042 1613 2257 1668 daemon
2306 1613 2530 1678 quidam
2579 1612 2883 1669 seditiosus
2921 1621 2976 1667 et
3026 1613 3293 1682 pestilens
3347 1613 3626 1667 nonnullis

2043 1714 2418 1772 persuaserat,
2457 1703 2603 1775 quod
2637 1703 2936 1773 Gregorius
2976 1704 3142 1758 etiam
3185 1719 3310 1758 cum
3371 1703 3626 1757 Anatolio

2044 1796 2432 1852 saeriticasset.
2458 1796 2637 1866 Atque
2677 1797 2722 1850 is
2753 1810 2923 1865 prope
2965 1810 2994 1849 a
3052 1795 3213 1864 plebe
3271 1794 3626 1851 vehementer

2046 1890 2241 1945 infesta
2269 1900 2322 1944 et
2366 1890 2509 1944 irata
2536 1889 2861 1943 interfectus
2890 1897 2994 1943 est.
3024 1888 3091 1943 Et
3128 1888 3181 1943 in
3228 1898 3441 1944 tantum
3479 1889 3622 1943 fama

2042 1980 2166 2049 ejus
2200 1982 2279 2054 rei
2322 1980 2618 2039 increbuit.
2650 1990 2710 2036 ut
2741 1979 2997 2035 Tiberius
3047 1994 3269 2049 quoque
3325 1980 3625 2050 imperator

2043 2087 2154 2126 non
2195 2074 2358 2129 aliter
2389 2083 2555 2143 atque
2584 2088 2683 2143 per
2715 2073 2888 2143 ipsius
2920 2071 3160 2127 Anatolii
3198 2086 3415 2137 vocem,
3438 2072 3626 2127 crimi-

2043 2165 2131 2219 nis
2186 2165 2307 2235 ejus
2358 2168 2649 2220 veritatem
2718 2166 3051 2232 invcstlgare
3108 2166 3366 2221 voluerit.
3437 2166 3626 2235 Itaque

2042 2258 2380 2322 Anatolium,
2416 2268 2471 2313 et
2505 2261 2752 2329 quicum
2798 2274 2867 2312 eo
2915 2259 3057 2330 capti
3093 2269 3275 2322 erant,
3319 2257 3629 2315 Constant'-
3702 2241 3707 2245 l

2045 2351 2286 2421 nopolim
2323 2351 2514 2405 venire
2538 2351 2712 2421 jubet.
2742 2349 2900 2418 Quod
2935 2352 3030 2407 ubi
3078 2351 3370 2420 Anatolius
3418 2365 3626 2421 cogno-

2044 2442 2144 2506 vit,
2172 2442 2239 2497 ad
2274 2441 2371 2497 Dei
2411 2441 2714 2498 Genitricis
2742 2443 3035 2515 imaginem
3073 2444 3127 2498 in
3159 2457 3381 2499 carcere
3420 2443 3624 2498 alicubi

2042 2550 2107 2589 ex
2128 2535 2373 2590 funiculo
2396 2535 3020 2606 dependentemgversis
3042 2537 3093 2590 in
3112 2546 3326 2608 tergum
3348 2537 3626 2600 manibus,

2044 2630 2344 2698 procurrit.
2389 2629 2753 2699 supplicantis
2804 2629 3014 2685 scilicet
3063 2640 3119 2684 et
3167 2630 3515 2699 deprecantis
3568 2631 3625 2684 iu

2046 2736 2279 2775 morem.
2324 2722 2391 2775 At
2425 2721 2513 2776 illa
2567 2720 2847 2791 impurum
2902 2732 2956 2777 et
3021 2721 3419 2777 exsecrandum
3473 2722 3626 2777 illum

2042 2815 2348 2879 detestans,
2391 2806 2640 2870 simulet
2670 2815 2921 2871 criminis
2971 2815 3106 2869 tanti
3161 2830 3420 2887 arguens,
3455 2823 3626 2869 tutam
3668 2854 3673 2861 .

2041 2923 2102 2962 se
2125 2906 2194 2963 ab
2224 2924 2292 2962 eo
2316 2910 2559 2962 avertit:
2590 2903 2857 2961 miraculo
2887 2908 3101 2963 medius
3132 2908 3293 2963 lidius
3327 2909 3626 2973 horrcndo,

2042 3012 2100 3055 et
2129 3002 2398 3056 memoria
2428 3002 2766 3071 sempiterna
2814 3000 2982 3072 digno
3025 3001 3214 3071 :quod
3268 3002 3470 3070 captivi
3506 3017 3627 3054 om-

2043 3110 2168 3159 nes,
2195 3095 2289 3166 qui
2342 3095 2397 3149 in
2426 3094 2674 3150 custodia
2708 3094 3099 3160 servabantur,
3132 3088 3189 3150 et
3243 3094 3445 3164 quibus
3496 3109 3627 3148 cura

366 3186 506 3254 ράθη
530 3186 667 3254 πρὸς
694 3186 793 3256 τὴν
816 3186 1017 3252 ἑαυτῆς
1043 3187 1331 3253 ἐκδίκησιν
1360 3186 1559 3248 αὐτοὺς
1587 3183 1931 3255 ἐρεθίζουσα,

2042 3188 2285 3242 carceris
2322 3188 2616 3241 commissa
2641 3185 2841 3250 literal,
2869 3186 3047 3240 oculis
3070 3186 3175 3256 ipsi
3204 3186 3319 3240 suis
3348 3187 3624 3248 viderunt,

363 3280 642 3347 φάσκουσα
684 3281 761 3343 ὠς
782 3279 891 3350 ἄρα
912 3280 1009 3350 εἴη
1041 3279 1331 3350 ἐνυδρίσας
1390 3279 1594 3351 σφόδρα
1621 3278 1699 3350 τῷ
1727 3278 1934 3346 ταύτης

365 3375 463 3443 υίῷ
510 3374 839 3436 Ἀνατόλιος.
878 3372 966 3435 Ὦς
995 3373 1053 3427 δὲ
1085 3374 1239 3427 κατὰ.
1262 3374 1361 3441 τὴν
1383 3372 1658 3437 Βύζαντος
1689 3371 1935 3440 ἐγεγόνει

364 3467 641 3534 μαστίγων
678 3482 739 3519 τε
791 3467 912 3530 ταῖς
962 3465 1291 3536 ὑπερϐολαῖς
1339 3463 1631 3527 αἰκισθεὶς,
1671 3465 1824 3516 οὐδέν
1883 3482 1932 3515 τι

362 3560 501 3612 κατὰ
527 3559 620 3612 τοῦ
657 3560 850 3630 ἱερέως
899 3558 1134 3624 ἐξεῖπεν.
1187 3558 1416 3628 Ἐπίσης
1447 3560 1505 3612 δὲ
1546 3562 1772 3613 κάκεῖσε
1817 3575 1935 3626 μει-

361 3653 529 3729 ζόνων
558 3651 744 3705 κακῶν
775 3652 870 3707 καὶ
918 3653 1162 3712 στάσεως
1192 3653 1365 3714 αἴτιος
1392 3652 1470 3722 τῷ
1500 3652 1656 3723 δήμῳ
1687 3652 1927 3719 ἐγένετο.

362 3746 471 3798 Καὶ
502 3746 614 3816 γὰρ
656 3744 853 3816 ψήφων
908 3744 1168 3798 δοθέντων
1220 3744 1396 3808 ἐνίους
1447 3743 1932 3814 ἐξοστρακίζεσθαι

360 3840 451 3890 καὶ
494 3840 568 3905 μὴ
602 3835 967 3906 ἀναιρεῖσθαι,
1014 3823 1075 3890 δ’
1107 3837 1281 3906 δῆμος
1327 3835 1406 3905 τῷ
1430 3835 1565 3907 θείῳ
1591 3834 1741 3907 ζήλῳ
1799 3837 1932 3888 ἁνα-

360 3929 575 3997 φῖο.εγεὶς
626 3927 686 3979 τὸ
733 3928 842 3979 πᾶν
894 3930 1147 3997 συνέχεεν
1194 3928 1555 3996 ἐκταράσσων
1583 3941 1599 3958 ⁸
1631 3923 1932 3996 ἀγριαίνων

357 4039 416 4074 τε
440 4024 531 4074 καὶ
559 4021 903 4090 χαλεπαίνων
942 4022 1068 4081 τοὺς
1102 4016 1628 4089 ἐξοστρακισθέντας
1678 4019 1930 4088 ἀναρπά-

358 4130 517 4175 στους
537 4114 768 4184 ποιήσας
791 4113 887 4165 καὶ
920 4111 1180 4173 ἁκατίους
1211 4110 1521 4179 ἐνθέμενος,
1558 4110 1768 4173 ζῶντας
1797 4110 1930 4179 πυρὶ

357 4203 734 4273 κατηκόντιζε.
768 4201 1040 4270 Τοιαύτην
1069 4203 1163 4256 τοῦ
1192 4203 1367 4275 δήμου
1394 4200 1577 4271 ψῆφον
1609 4200 1926 4268 ἐξενεγκόν-

357 4314 462 4361 τος,
488 4294 902 4365 διελοιδοροῦντό
938 4312 998 4346 τε
1034 4295 1151 4363 ἅμα
1209 4294 1441 4366 βασιλεῖ,
1474 4294 1569 4346 καὶ
1621 4293 1792 4346 πολλὰ
1832 4293 1926 4346 τοῦ

357 4389 507 4456 σφῶν
552 4388 742 4457 ἱερέως
792 4387 1052 4457 Εὐτυχίαν
1104 4387 1459 4454 κατεϐοῶντο,
1493 4387 1575 4449 ὡς
1602 4385 1704 4457 τὴν
1743 4385 1927 4438 πίστιν

355 4478 861 4546 καταπροῖεμένων,
882 4476 931 4528 οἶ
981 4480 1074 4529 καὶ
1107 4477 1201 4530 τὸν
1239 4477 1500 4548 Εὐτύχιον
1526 4474 1924 4546 διαχρήσασθαι

2046 3290 2097 3333 et
2133 3279 2397 3333 omnibus
2457 3278 2870 3334 renuntiarunt.
2939 3278 3121 3350 Imago
3185 3280 3298 3349 ipsa
3371 3278 3627 3333 lidelibus

2043 3372 2207 3426 etiam
2234 3371 2563 3441 quibusdam
2596 3380 2891 3441 conspecta
2931 3382 3015 3427 est
3066 3386 3162 3427 eos
3212 3370 3280 3425 ad
3340 3379 3628 3426 contume-

2044 3463 2173 3516 liam
2203 3478 2360 3519 suam
2396 3463 2784 3518 vindicandam
2848 3463 3149 3528 concitare,
3202 3460 3340 3517 Filio
3395 3477 3498 3517 suo
3557 3467 3626 3513 at.

2042 3555 2294 3611 Anatolio
2321 3555 2724 3610 contumeliose
2756 3553 3010 3626 injuriam
3037 3553 3236 3609 factam
3266 3569 3389 3609 esse
3409 3554 3623 3610 dicens.

2044 3647 2336 3718 Postquam
2368 3663 2500 3704 vero
2551 3646 2876 3719 Byzantium
2913 3647 3202 3701 Anatolius
3234 3647 3414 3709 venit,
3442 3655 3500 3701 et
3530 3645 3628 3700 lla-

2043 3742 2156 3811 gris
2192 3756 2356 3812 quam
2394 3742 2633 3796 maxime
2682 3749 2861 3795 tortus
2915 3750 3021 3802 est,
3082 3739 3222 3794 nihil
3285 3749 3374 3795 est
3430 3752 3623 3795 contra

2040 3836 2360 3903 episcopum
2399 3834 2743 3904 prolocutus.
2776 3832 2975 3885 verum
3006 3830 3082 3887 ibi
3123 3845 3343 3900 quoque
3402 3845 3628 3901 magno-

2042 3942 2163 3981 rum
2196 3926 2467 3980 malorum
2497 3935 2553 3980 et
2583 3924 2879 3981 seditionis
2903 3922 3106 3993 populo
3134 3924 3253 3992 ipse
3289 3938 3412 4001 cum
3444 3939 3624 3993 popu-

2038 4019 2248 4074 laribus
2294 4022 2412 4073 suis
2458 4034 2625 4073 causa
2674 4016 2799 4073 fuit.
2853 4016 2991 4071 Cum
3038 4031 3276 4085 namque
3329 4017 3621 4086 quosdam.

2038 4111 2325 4166 sententiis
2346 4109 2607 4169 ferendis,
2635 4124 2744 4164 non
2771 4108 3118 4178 jugulandos.
3153 4108 3247 4162 sed
3297 4110 3621 4163 our-scisma

2039 4203 2354 4257 multandos
2386 4217 2507 4257 esse
2558 4202 2862 4273 judicatum
2907 4209 3070 4265 esset,
3101 4200 3255 4269 plebs
3282 4200 3399 4254 ῑι·1.›
3429 4200 3620 4256 divino

2039 4311 2293 4359 accensa,
2324 4296 2636 4350 universam
2669 4293 2860 4348 urbem
2893 4292 3216 4347 turbulento
3247 4304 3399 4346 motu
3434 4293 3614 4363 reple—

2036 4389 2153 4443 vit:
2182 4388 2521 4456 s'eviensque
2550 4395 2607 4441 et
2647 4386 2913 4455 graviter‘
2938 4400 3059 4440 eam
3090 4400 3205 4439 rem
3265 4383 3471 4451 ferens,
3523 4401 3622 4441 θος

2034 4479 2128 4547 qui
2187 4477 2254 4531 ad
2343 4477 2602 4532 exsilium
2680 4476 2929 4531 damnati
2984 4476 3228 4541 lueraut,
3286 4486 3495 4546 raptos,
3567 4489 3625 4532 ιι

353 4568 615 4637 ἔμελλον·
663 4570 760 4622 καὶ
808 4568 934 4629 τοὺς
999 4570 1097 4639 τὴν
1147 4568 1377 4638 ζήτησιν
1420 4570 1929 4639 ἐπιτετραμμένους

2038 4570 2349 4637 piscatoriis
2403 4569 2636 4624 navibus
2686 4568 2995 4638 impositos,
3073 4569 3183 4637 igni
3246 4569 3404 4624 vivos
3473 4587 3621 4626 clun—

353 4663 526 4732 πάντη
585 4663 888 4732 περιιόντες
940 4663 1034 4715 καὶ
1078 4662 1299 4725 τούτους
1361 4661 1848 4732 ἀνερευνώμενοι·
1876 4662 1925 4713 εἰ

353 4754 428 4821 μὴ
454 4754 488 4823 ἡ
514 4752 574 4806 τὸ
603 4754 712 4807 πᾶν
739 4753 998 4807 διέπουσα
1020 4753 1141 4808 θεία
1188 4755 1419 4824 πρόνοια
1450 4755 1692 4818 ἐκείνους
1729 4754 1829 4824 μὲν
1859 4755 1924 4808 ἐκ

351 4844 518 4912 μέσου
544 4844 749 4897 τούτων
782 4845 1091 4916 ἀνήρπασε,
1126 4844 1188 4898 τὸ
1242 4844 1300 4897 δὲ
1351 4844 1474 4907 ζέον
1526 4845 1621 4898 τοῦ
1660 4845 1922 4898 τοσούτου

351 4937 587 5007 πλήθους
633 4936 955 5007 καταϐραχὺ
1016 4935 1231 5002 ἐσδεσε,
1292 4937 1520 5009 μηδενὸς
1568 4939 1921 5009 ἀτοπήματος

349 5027 661 5096 γενομένου.
695 5027 757 5079 'U
779 5026 825 5080 δ’
858 5027 1159 5090 Ἀνατόλιος
1198 5026 1408 5099 θηρίοις
1456 5030 1525 5082 τὰ
1554 5026 1747 5098 πρῶτα
1778 5029 1920 5081 κατὰ

347 5121 405 5198 sig
434 5121 806 5190 ἀμφιθέατρον
828 5117 1067 5181 ἐκδοθεὶς
1096 5121 1194 5174 καὶ
1214 5119 1415 5183 ἱκανῶς
1439 5119 1667 5181 ἐκείνοις
1687 5102 1941 5172 διασπα-’

346 5213 590 5282 ραχθεὶς,
635 5213 826 5264 ἔπειτα
883 5211 1337 5276 ἀνεσκολοπίζετο
1371 5250 1386 5275 ,
1447 5211 1570 5283 μηδ’
1615 5209 1760 5264 οὕτω
1810 5212 1919 5263 τῶν

342 5304 571 5354 ἀνοσίων
601 5302 777 5373 ἔργων
793 5302 946 5355 λύσιν
977 5303 1278 5373 εὑράμενος
1312 5320 1325 5333 ο
1362 5304 1423 5354 τὸ
1468 5304 1578 5373 γὰρ
1630 5301 1918 5368 ἐξάγιστον

343 5395 550 5447 ἐκείνου
585 5397 742 5466 σῶμα
775 5393 849 5467 [οί
883 5394 1057 5467 λύκοι]
1103 5397 1163 5447 τὸ
1211 5397 1284 5464 μή
1342 5412 1471 5448 ποτε
1507 5395 1715 5464 ἱστορίᾳ
1762 5393 1917 5446 δοθὲν

346 5488 740 5556 καταγαγόντες
773 5487 1007 5551 ἐκεῖθεν,
1056 5486 1242 5556 θοίνην
1283 5488 1497 5549 ἑαυτοῖς
1551 5485 1911 5559 διενείματο.

342 5580 447 5632 Καί
481 5596 565 5640 τις
593 5581 637 5632 δ’
667 5583 726 5633 ἐν
759 5581 1061 5652 Ἀντιοχείᾳ
1086 5580 1298 5650 παρὼν,
1332 5578 1696 5650 προεφοίδαζε
1733 5581 1800 5633 τὰ
1826 5578 1915 5632 ἐπ’

338 5666 482 5739 αύτῷ
503 5673 861 5743 γενησόμενα.
896 5676 1006 5728 Καὶ
1059 5675 1169 5743 γάρ
1196 5691 1313 5737 πως
1347 5673 1501 5743 ἔλεγε
1536 5674 1661 5726 καθ’
1711 5674 1914 5733 ὕπνους

343 5763 466 5816 ἰδεῖν
491 5764 564 5827 ὡς
598 5768 630 5834 ή
664 5767 807 5819 κατὰ
848 5766 1160 5820 ’Δνατολῐου
1191 5768 1374 5838 ψῆφος
1409 5768 1500 5820 καὶ
1530 5768 1641 5821 τῶν
1670 5768 1767 5821 σὺν
1816 5770 1914 5820 αύ-

337 5856 413 5925 τῷ
438 5857 693 5928 τῷδήμῳ
718 5859 1129 5930 διακριθήσεται
1163 5876 1177 5891 ·
1205 5861 1298 5915 καί
1319 5877 1403 5923 τις
1455 5860 1512 5914 δέ
1572 5862 1748 5931 μέγας
1800 5860 1911 5914 τῶν

2032 4661 2227 4717 bussit.
2286 4661 2353 4716 Et
2405 4675 2529 4729 cum
2610 4662 2850 4731 populus
2939 4660 3209 4731 ejusmodi
3287 4662 3616 4715 sententia...

2031 4755 2180 4818 tulit,
2218 4766 2335 4810 tum
2371 4753 2619 4809 convicia
2659 4753 2825 4807 etiam
2889 4753 2944 4806 in
3008 4753 3403 4822 imperatorem
3462 4754 3613 4824 jecit.

2025 4854 2083 4903 et
2111 4847 2378 4907 adversus
2413 4846 2739 4916 episcopum
2769 4860 2934 4899 suum
2977 4845 3314 4917 Eutychium
3344 4846 3616 4902 vocifera-

2028 4948 2115 4996 tus
2135 4947 2242 5005 est,
2274 4939 2504 5009 perinde
2543 4947 2708 5007 atque
2740 4936 2816 4989 illi
2845 4935 3008 4990 ﬁdem
3059 4936 3417 5005 abjeeissent.
3466 4938 3609 5004 Quin

2026 5030 2324 5087 multitudo
2399 5030 2729 5101 Eutychium
2813 5043 3056 5098 quoque,
3120 5044 3327 5098 eosque
3406 5030 3612 5099 quibus

2023 5127 2258 5195 quaestio
2288 5123 2546 5178 mandata
2575 5123 2776 5180 fuerat.
2807 5121 2862 5175 in
2890 5121 3028 5176 locis
3051 5121 3346 5186 omnibus,
3378 5120 3607 5179 investi-

2022 5225 2179 5287 gatus
2206 5215 2605 5280 interfecisset,
2635 5214 2740 5268 nisi
2772 5229 2894 5283 quas
2932 5212 3121 5268 omnia
3154 5213 3427 5284 gubernat
3459 5213 3604 5268 divi-

2022 5325 2091 5363 na
2128 5300 2501 5369 Providentia,
2532 5308 2658 5361 illos
2687 5307 2911 5375 quidem
2934 5321 2965 5359 e
2996 5305 3180 5360 medio
3212 5304 3603 5375 subripuisset.

2022 5399 2352 5453 ferocientis
2398 5407 2581 5451 autem
2632 5396 3008 5451 muititudiuis
3040 5397 3294 5451 ardorem
3339 5396 3602 5464 paulatim

2022 5491 2096 5545 ita
2140 5491 2507 5551 restinxisset,
2562 5498 2624 5542 ut
2679 5488 2816 5543 nihil
2869 5488 3095 5543 absurdi
3134 5486 3603 5542 committeretur.

2018 5582 2192 5636 Porro
2220 5580 2510 5635 Anatolius
2540 5580 2737 5636 bestiis
2786 5580 3021 5650 primum
3080 5580 3134 5632 in
3190 5577 3603 5648 amphitheatro

2016 5675 2290 5747 objectus,
2320 5682 2376 5729 et
2410 5673 2632 5727 abunde
2664 5673 2733 5728 ab
2764 5673 2872 5727 illis
2925 5671 3246 5737 dilaniatus,
3282 5673 3335 5726 in
3380 5687 3601 5727 crucem

2019 5778 2207 5839 po~tea
2239 5778 2324 5826 est
2347 5779 2525 5823 actus.
2569 5768 2773 5822 Verum
2822 5783 2891 5823 ne
2923 5772 3004 5823 sic
3051 5768 3272 5839 quidem
3307 5767 3600 5839 impiorum

2019 5862 2355 5932 flagitiorqu
2402 5876 2562 5932 pcena
2594 5871 2679 5916 est
2709 5860 3032 5915 defunctus.
3090 5859 3257 5930 813
3315 5859 3601 5930 Siquidem
