4046 6486
372 393 480 458 339

1594 400 2007 460 NlCEl‘lIOiii
2058 403 2394 464 CALLISTI

3521 401 3624 462 340

375 505 638 563 Sedenim
700 524 864 578 quam
897 509 966 564 de
1009 510 1239 581 imperio
1273 511 1500 581 concepi
1533 529 1745 576 curam,
1772 513 1956 567 acrius

2070 518 2265 586 ταύτην
2296 519 2371 581 ὡς
2401 518 2558 589 ἔτυχε
2588 518 2943 579 καταθέσθαι,
2968 517 3082 569 ἀλλ’
3113 517 3170 579 ὃς
3196 515 3263 569 ἂν
3314 517 3481 584 αὐτὴν
3531 535 3624 566 κα-

379 615 468 655 me
501 609 676 670 urget,
714 611 772 656 ut
813 601 1073 656 videlicet
1113 619 1223 657 non
1278 613 1486 658 temere
1517 605 1737 674 quidvis
1767 604 1835 658 de
1865 620 1950 658 re-

378 695 595 761 publica
648 694 970 758 decernam,
997 695 1090 750 sed
1122 697 1215 765 qui
1248 711 1368 751 eam
1400 705 1552 752 recte
1581 697 1947 762 administret,

379 786 736 841 substituam.
781 786 1238 857 Quandoquidem
1307 804 1409 844 nec
1459 790 1594 844 mihi
1659 790 1951 859 imperium

379 878 444 932 ad
512 879 847 946 voluptatem
878 889 935 934 et
982 879 1210 935 delicias
1256 881 1506 950 corporis
1557 881 1954 937 consectandas

379 968 742 1023 Commissum
778 967 904 1024 fuit.
936 969 1122 1038 Neque
1151 985 1279 1024 vero
1322 971 1542 1025 fortuna
1588 981 1800 1026 tantum
1830 973 1951 1025 ani-

381 1075 528 1113 mum
548 1076 728 1114 meum
753 1062 924 1130 angit,
950 1076 1140 1116 verum
1166 1065 1328 1117 etiam
1363 1074 1557 1118 natura
1590 1068 1726 1132 ipsa.
1749 1063 1951 1118 Eodem

378 1149 525 1202 enim
549 1159 604 1204 et
629 1151 921 1219 imperium
967 1162 1024 1208 et
1059 1154 1262 1223 conqu
1291 1161 1346 1208 et
1390 1153 1555 1208 liberi
1589 1164 1949 1215 concurrunt.

380 1241 516 1295 Nam
563 1242 857 1312 imperium
889 1244 1191 1314 sapientem
1236 1245 1659 1316 gubernatorem
1700 1247 1954 1314 requirit,

382 1335 583 1404 conqu
633 1336 920 1392 viduitatis
976 1348 1284 1394 curatorem
1335 1339 1749 1408 aequissimum,
1795 1339 1954 1393 liberi

385 1441 570 1493 porro,
603 1428 697 1496 qui
731 1443 824 1483 eos
854 1428 1018 1483 ducat
1056 1438 1113 1483 et
1135 1429 1415 1498 defendat,
1443 1441 1704 1497 tutorem,
1729 1440 1957 1502 propter

384 1520 560 1573 aetatis
598 1519 1054 1589 imbecillitatem,
1093 1532 1149 1578 et
1204 1534 1434 1587 naturae,
1479 1526 1718 1580 maxime
1765 1526 1959 1580 mulie-

387 1608 523 1674 bris,
555 1609 949 1665 infirmitatem.
982 1610 1256 1667 Caeterum
1309 1621 1523 1667 natura:
1574 1629 1957 1683 saepenumero

383 1709 679 1756 contemno
705 1703 1190 1769 necessitudinem,
1217 1706 1412 1760 morbo
1448 1707 1738 1776 ingruente
1761 1705 1960 1776 :816

383 1792 632 1860 despicio
679 1794 844 1848 etiam
893 1796 1118 1858 liberos,
1146 1807 1202 1851 et
1238 1797 1527 1866 coniugem
1581 1797 1735 1850 nihili
1787 1797 1951 1859 facio,

388 1882 634 1950 mihique
678 1885 791 1955 jam
855 1887 994 1940 mori
1028 1887 1237 1955 videor,
1281 1898 1336 1942 ct
1387 1887 1774 1944 sollicitudinis
1805 1889 1955 1957 ejus-

388 1973 536 2028 modi
588 1975 902 2032 libertatem
958 1993 1291 2048 consequor.
1335 1979 1436 2034 Vix
1500 1988 1680 2032 autem
1747 1979 1956 2047 cogita-

347 2065 350 2068 ’
388 2068 567 2123 tiones
597 2069 731 2123 tales
754 2069 988 2139 depono,
1009 2085 1134 2125 eum
1155 2071 1288 2124 mihi
1317 2071 1534 2140 imperii
1553 2086 1685 2125 cura
1707 2071 1956 2125 incessit.

387 2159 506 2214 Non
542 2162 718 2216 solum
747 2163 893 2216 enim
917 2165 1281 2218 certaminum
1301 2165 1548 2218 omnium
1581 2165 1756 2218 multo
1786 2165 1956 2216 maxi-

389 2268 537 2305 mum
578 2264 687 2317 est,
745 2255 1018 2309 creditum
1063 2255 1169 2309 sibi
1214 2268 1492 2324 sceptrum
1548 2271 1648 2324 pro
1680 2271 1743 2308 eo
1795 2264 1961 2322 atque

385 2360 487 2414 par
526 2358 612 2400 est
641 2362 992 2412 conservare,
1019 2363 1212 2402 verum
1240 2347 1407 2401 etiam
1441 2346 1819 2400 haereditatem
1853 2346 1959 2399 im-

387 2438 550 2503 perii,
595 2441 669 2491 ita
707 2450 765 2491 ut
792 2440 972 2503 decet,
1003 2439 1069 2493 ad
1099 2454 1194 2493 eos
1239 2453 1380 2508 quos
1408 2445 1646 2508 Oportet,
1683 2437 1959 2490 transmit-

388 2540 529 2584 tere.
581 2529 850 2598 Equidem
903 2546 1120 2599 :equum
1179 2545 1300 2585 esse
1342 2528 1639 2584 admodum
1696 2529 1959 2591 arbitror,

389 2621 771 2677 decessoribns
818 2624 1162 2692 principibus
1193 2636 1548 2677 successores
1595 2621 1797 2676 debere
1842 2637 1962 2675 esse

387 2717 825 2783 prtestantiores,
890 2723 949 2769 ιιι
1003 2717 1223 2769 illorum
1285 2723 1465 2770 errata
1507 2714 1600 2768 isti
1657 2713 1960 2782 corrigunt.

387 2807 545 2872 Quod
585 2808 687 2861 ι.ἰεί
749 2808 877 2869 fiat,
931 2807 1148 2876 imperii
1195 2805 1369 2876 ipsius
1419 2804 1684 2860 ditionem
1719 2820 1960 2867 onmem,

389 2907 679 2968 praptcrea
714 2899 858 2968 quod
912 2897 1284 2954 imbecillibus
1323 2896 1701 2953 fundamentis
1732 2896 1963 2960 nitatur,

387 2989 497 3043 labi
540 2998 590 3042 et
636 3005 896 3046 corruere
943 3007 1169 3049 necesse
1223 3002 1328 3046 est.
1365 2988 1591 3045 Talibus
1635 2989 1786 3044 curis
1837 3005 1962 3042 cum

386 3067 603 3134 :uiimns
637 3099 786 3139 mens
828 3083 1215 3147 conficeretur,
1251 3098 1314 3138 ea
1342 3099 1461 3153 qua:
1510 3098 1599 3138 res
1648 3097 1843 3137 omnes
1882 3099 1967 3136 re-

2055 609 2160 670 λώς
2189 609 2694 679 διακυϐερνήσειεν.
2756 609 2910 660 Ἐπεί
2941 605 3026 658 τοί
3053 622 3115 673 γε
3137 603 3246 658 οὐδ’
3275 596 3398 672 ὲμοῖ
3421 620 3625 670 κατηγο

2055 701 2257 769 γύηται
2285 702 2378 753 ὲπί
2408 719 2466 754 τε
2494 704 2558 771 τῇ
2591 704 2771 771 τρυφῇ
2803 702 2896 752 καὶ
2927 698 3186 768 κολακείᾳ
3215 695 3308 749 τοῦ
3353 696 3622 763 σώματος.

2056 792 2262 862 Τρύχει
2312 792 2367 845 δέ
2419 810 2488 862 με
2537 793 2695 862 οὐχή
2741 790 2878 861 τύχη
2932 791 3115 858 μόνον,
3160 788 3295 843 ἀλλὰ
3345 788 3439 840 καὶ
3469 787 3628 856 φύσις

2057 886 2219 952 αύτή.
2265 885 2355 937 Ἐν
2384 883 2565 953 ταυτῷ
2602 883 2714 952 γὰρ
2743 883 2777 952 ἦ
2807 900 2866 935 τε
2898 881 3148 951 βασιλεία
3175 883 3269 934 καὶ
3297 883 3332 951 ὴ
3369 882 3512 948 γυνὴ
3535 879 3631 930 καὶ

2057 975 2245 1036 παῖδες
2279 973 2630 1026 ἐπιτίθενται·
2680 975 2713 1042 ἡ
2752 974 2851 1042 μὲν
2887 971 3051 1040 σοφὸν
3084 971 3332 1041 ἡγεμόνα
3366 967 3628 1036 ζητοῦσα,

2059 1066 2197 1136 γυνὴ
2221 1065 2278 1118 δὲ
2304 1065 2536 1134 χηρείας
2567 1065 2844 1134 κηδεμόνα
2870 1065 3302 1118 ἐπιεικέστατον·
3337 1063 3388 1114 οἱ
3423 1061 3480 1112 δὲ
3508 1061 3630 1111 παῖ-

2057 1156 2168 1218 δες,
2201 1154 2550 1224 χειραγωγοῦ
2578 1155 2637 1207 τὺ
2663 1154 2849 1215 ἀτελὲς
2881 1155 2976 1222 τῆς
3008 1153 3225 1222 ἡλικίας
3252 1148 3633 1219 προὸεϐλημὲ-

2059 1265 2162 1311 νοι,
2191 1250 2285 1300 καὶ
2317 1251 2554 1317 μάλιστα
2579 1249 2639 1300 τὸ
2661 1249 2760 1313 τῆς
2799 1247 3015 1318 θηλείας
3058 1247 3273 1314 φύσεως
3305 1243 3633 1296 ἀσθενέστα-

2057 1357 2172 1392 τον.
2217 1341 2376 1393 Ἀλλὰ
2404 1347 2494 1393 τὶν
2529 1340 2627 1408 μὲν
2654 1341 2750 1411 τῆς
2780 1344 2995 1410 φύσεως
3030 1336 3346 1409 περιφρονῶ
3373 1335 3636 1393 πολλάκις

2057 1433 2278 1502 δεσμὸν,
2327 1434 2690 1500 ἐπικειμένης
2739 1433 2834 1500 τῆς
2881 1431 3075 1484 νόσου·
3127 1426 3382 1498 ὑπερορῶ
3431 1427 3488 1479 δὲ
3544 1425 3636 1476 καὶ

2061 1524 2288 1588 παίδων,
2325 1525 2418 1575 καὶ
2468 1523 2596 1592 παρ’
2625 1521 2780 1573 οὐδέν
2826 1538 2918 1590 μοι
2955 1520 3016 1573 τὸ
3049 1519 3292 1585 γύναιον,
3330 1517 3504 1570 δοκῶν
3537 1517 3636 1586 ἥδη

2059 1615 2338 1676 τεθνάναι,
2372 1618 2468 1666 καὶ
2498 1612 2786 1681 λαγχάνων
2814 1613 2910 1680 τῆς
2941 1613 3157 1664 τοιᾶσδε
3188 1610 3535 1679 προμηθείας
3580 1609 3639 1659 τὸ

2061 1706 2391 1776 ἐλευθέριον.
2439 1704 2607 1759 Οΰπω
2632 1705 2689 1758 δὲ
2716 1703 2870 1756 ταῦτ’
2919 1703 3277 1768 ἀποτίθεμαι.
3313 1703 3424 1755 Καὶ
3453 1703 3486 1770 ἡ
3515 1700 3639 1767 περὶ

2059 1800 2170 1851 τῶν
2195 1800 2494 1869 σκήπτρων
2524 1797 2796 1866 εἰστρέχει
2827 1796 3072 1865 φροντίς.
3101 1797 3176 1846 Ού
3207 1795 3320 1864 γάρ
3364 1810 3454 1870 τοι
3480 1793 3638 1860 μόνον

2062 1889 2290 1958 ἀγώνων
2321 1891 2468 1941 ἐστὶν
2493 1891 2520 1940 ὁ
2561 1889 2820 1959 μέγιστος
2853 1887 2913 1940 τὸ
2955 1880 3324 1955 ἐμπιστευθὲν
3359 1884 3637 1953 σκῆπτρον

2061 1980 2450 2050 προσηκόντως
2483 1977 2830 2046 διατηρῆσαι,
2859 1974 2996 2029 ἀλλὰ
3029 1975 3126 2027 καὶ
3168 1973 3230 2024 τὸ
3260 1973 3488 2034 δεόντως
3536 1988 3633 2022 πα-

2063 2070 2354 2138 ραπέμψαι
2377 2071 2470 2120 τὶν
2499 2069 2699 2139 κλῆρον
2737 2063 2816 2129 οἷς
2863 2067 2992 2137 χρὴ,
3025 2065 3213 2134 ἔμοιγε
3247 2064 3399 2131 μάλα
3432 2063 3637 2129 λελόγι-

2065 2180 2190 2215 σται
2214 2162 2421 2215 δίκαιον
2449 2161 2558 2213 τῶν
2581 2161 2866 2230 προτέρων
2890 2159 3170 2228 ἡγεμόνων
3197 2153 3344 2211 εἶναι
3371 2162 3497 2217 τοὺς
3525 2155 3636 2206 δευ-

2063 2254 2254 2322 τέρους
2278 2253 2560 2322 ἀμείνους,
2593 2252 2667 2313 ὡς
2695 2250 2762 2304 ἂν
2804 2244 2884 2312 οἷς
2919 2251 3152 2311 ἐκείνοις
3192 2249 3396 2318 συνέϐη
3432 2247 3640 2316 σφα,ὶῆ-

2064 2362 2174 2406 ναι,
2203 2338 2350 2396 οὗτοι
2378 2342 2479 2413 τὴν
2511 2344 2785 2412 σφετέραν
2835 2341 3126 2412 διόρθωσιν
3158 2342 3546 2408 ἀπαγάγωσιν.
3581 2339 3640 2390 EE

2064 2435 2106 2486 δ’
2126 2434 2237 2499 οὖν,
2256 2435 2394 2488 ἀλλὰ
2416 2435 2640 2503 σύμπαν
2672 2435 2731 2487 τὸ
2767 2435 3004 2502 ὑπήκοον
3026 2435 3239 2504 ἀνάγκη
3263 2433 3641 2486 διολισθαίνειν

2065 2527 2537 2596 ἀδρανεῐικρηπίδι
2564 2526 2663 2595 τὴν
2695 2525 2977 2596 βασιλείαν
3010 2526 3331 2595 ἑδράσαντι.
3357 2523 3641 2581 Τοιαύταις

2066 2622 2348 2689 φροντίσιν
2385 2617 2768 2672 ὲκδαπανὼντί
2826 2635 2918 2686 μοι
2965 2617 3064 2686 τὴν
3102 2617 3310 2687 ψυχὴν,
3343 2618 3377 2686 η
3427 2620 3642 2668 πάντων

2066 2713 2260 2783 ἔφορος
2294 2714 2526 2780 Πρόνοια
2566 2711 2858 2781 ἐπίκουρος
2892 2711 3026 2778 ἡμῖν
3055 2711 3163 2762 τῶν
3199 2710 3383 2762 πόνων
3412 2709 3637 2775 γίνεται,

2066 2805 2162 2856 καὶ
2187 2809 2306 2866 ταῖς
2344 2803 2499 2873 ἡμῶν
2529 2802 2743 2872 βουλαῖς
2773 2802 2946 2854 αἴσιον
2977 2802 3038 2852 τὸ
3073 2803 3234 2866 κῦρος
3265 2801 3506 2866 ἐπάγει·
3557 2798 3642 2850 mi

2067 2899 2177 2949 τῶν
2209 2896 2328 2965 μετ’
2373 2895 2474 2965 ἐμὲ
2513 2894 2904 2963 βασιλεύσοντα
2957 2892 3231 2963 λαμπρῶς
3271 2892 3639 2944 ἀναδείκνυσι·

2070 2991 2382 3060 Μαυρίκιον
2417 2989 2654 3052 τουτονὶ,
2688 2987 2860 3057 ἄνδρα
2908 2985 3167 3055 λυσιτελῆ
3207 2984 3312 3055 μὲν
3366 2965 3476 3043 τοῖς
3513 2982 3642 3034 Ἰθω-

2074 3083 2251 3153 μαίων
2276 3082 2568 3150 γενόμενον
2621 3081 2934 3150 πράγμασι,
2987 3078 3217 3138 πολλούς
3247 3094 3314 3131 τε
3359 3077 3452 3128 καὶ
3483 3073 3646 3142 μεγά-

385 3176 550 3240 5,.ici'.
595 3177 947 3232 Providentia
975 3216 991 3238 .
1037 3177 1326 3232 laboribus
1377 3179 1586 3232 nostris
1647 3177 1961 3239 succurrit,

2070 3175 2195 3236 λους
2219 3174 2439 3242 ἀγῶνας
2470 3172 2843 3241 διενεγκόντα·
2878 3171 2952 3233 ὡς
2986 3171 3051 3225 ἄν
3075 3187 3158 3232 τις
3193 3170 3367 3234 εἴποι,
3401 3165 3647 3237 ἀρραϐῶ-

388 3265 795 3334 ευιιδίἰὶιιειιιμιθ
835 3279 1085 3322 nostrum
1131 3268 1437 3336 auspicata,
1478 3269 1808 3321 auctoritate
1864 3281 1963 3320 sua

389 3355 736 3411 confirmavit
762 3399 777 3422 ,
809 3368 866 3411 et
909 3372 1036 3410 eum
1076 3360 1172 3421 qui
1202 3369 1324 3428 post
1356 3375 1442 3412 me
1476 3358 1760 3428 magnifice
1792 3360 1962 3424 impe-

392 3459 615 3500 raturus
641 3456 746 3511 est,
789 3447 1090 3504 declaravit
1123 3465 1140 3505 :
1193 3449 1519 3506 Mauricium
1557 3452 1748 3516 istum,
1783 3451 1964 3504 virum

392 3537 474 3590 rei
526 3537 785 3592 Romanae
846 3555 1109 3609 perquam
1146 3543 1334 3597 utilem
1375 3552 1429 3597 et
1470 3543 1845 3608 commodum,
1873 3544 1968 3613 qui

395 3628 551 3697 plura
583 3637 639 3683 et
667 3646 862 3700 magna
890 3633 1190 3687 certamina
1225 3634 1480 3704 pertulit,
1508 3647 1562 3689 et
1583 3636 1738 3705 quasi
1773 3652 1970 3705 quem-

394 3725 520 3777 dam
572 3725 965 3793 arrhabonem,
1023 3737 1082 3780 ut
1138 3728 1210 3782 ita
1251 3729 1454 3794 dicam,
1516 3731 1714 3783 futurae
1739 3744 1854 3784 suae
1903 3729 1970 3781 de

394 3819 612 3872 civibus
680 3819 1027 3890 subditisque
1081 3835 1229 3875 curae
1301 3830 1356 3876 et
1416 3822 1778 3892 providentiae
1826 3824 1969 3890 apud

398 3913 792 3984 rempublicam
822 3913 1102 3984 deposuit.
1138 3914 1294 3970 llunc
1328 3915 1507 3986 ipsum
1529 3915 1694 3969 hodie
1729 3915 1970 3984 impera-

399 4015 571 4061 torem
632 4007 1005 4078 conspicietis.
1041 4006 1214 4061 Tanta
1272 4018 1458 4065 autem
1501 4007 1859 4080 persuasione
1917 4018 1974 4060 et

398 4098 598 4152 tiducia
627 4099 780 4152 illum
830 4099 1076 4154 maxima
1107 4101 1352 4154 omnium
1387 4099 1854 4155 administrationi
1881 4098 1976 4152 ad-

400 4191 580 4254 hiheo,
607 4191 1033 4262 haudquaquam
1062 4204 1246 4248 mente
1269 4193 1607 4258 claudicans,
1636 4203 1735 4247 aut
1757 4207 1973 4255 errans,

408 4294 467 4338 ut
515 4301 623 4339 non
675 4287 837 4340 modo
875 4287 1165 4356 imperium
1200 4287 1274 4352 ei,
1311 4303 1503 4341 verum
1551 4287 1716 4340 etiam
1750 4284 1972 4338 filiolam

400 4382 644 4443 credam,
689 4378 914 4448 pignore
961 4387 1112 4433 tanto
1149 4389 1363 4433 natura:
1412 4379 1607 4448 ipsius,
1670 4380 1818 4433 bono
1877 4394 1976 4432 vos

401 4471 590 4524 animo
645 4485 765 4525 esse
808 4472 1030 4542 jubens.
1071 4471 1127 4529 id
1172 4471 1318 4541 quod
1371 4473 1521 4525 velut
1577 4470 1977 4525 consolationis

402 4563 685 4628 viaticum,
721 4580 934 4619 mecum
986 4565 1118 4618 mihi
1158 4567 1372 4619 laturus
1421 4565 1488 4618 ad
1533 4564 1750 4634 longam
1794 4565 1975 4628 istam,

403 4657 550 4713 unde
592 4657 793 4711 reverti
831 4673 938 4711 non
985 4657 1171 4722 liceat,
1201 4659 1578 4726 migrationem
1623 4655 1838 4710 videor.
1871 4657 1978 4711 Vos

309 4749 315 4762 ²
403 4753 511 4822 ipsi
539 4763 723 4807 autem
759 4751 946 4807 idonei
982 4760 1039 4807 el.
1075 4749 1183 4806 ﬁde
1211 4751 1359 4821 digiti
1397 4750 1779 4820 pulcherrimae
1814 4751 1979 4821 hujus

401 4848 769 4903 ordinationis
818 4857 987 4904 testes
1018 4847 1149 4900 mihi
1189 4847 1346 4910 estis,
1376 4862 1443 4900 ex
1474 4861 1540 4900 eo
1586 4843 1733 4914 quod
1779 4860 1974 4899 eorum

404 4940 500 5010 qui
535 4941 825 5011 imperium
857 4952 1106 4995 nostrum
1144 4939 1352 4993 dudum
1402 4937 1886 4999 administrarunt,
1920 4946 1976 4990 et

404 5033 569 5103 hujus
588 5033 859 5102 praecipue
883 5032 986 5085 viri
1007 5031 1312 5100 periculum
1341 5029 1572 5092 fecistis,
1603 5031 1695 5098 qui
1729 5031 1978 5096 pruden»

404 5126 616 5181 tissime
642 5141 743 5179 nos
765 5135 853 5181 est
879 5133 1253 5180 consectatus.
1275 5125 1359 5180 Tu
1387 5139 1543 5184 vero,
1579 5123 1827 5186 Maurici,
1856 5123 1977 5194 pul-

401 5216 739 5271 cherrimum
760 5217 894 5271 mihi
919 5218 1260 5288 epitaphium
1296 5219 1587 5289 imperium
1611 5229 1765 5272 tuum
1795 5219 1977 5271 laecre

403 5323 589 5377 perge,
623 5317 680 5363 et
735 5311 1047 5380 sepulcrum
1081 5325 1262 5365 meum
1297 5311 1471 5365 virtut
1497 5311 1601 5364 bus
1650 5313 1760 5364 tuis
1812 5325 1977 5368 exor-

403 5417 470 5455 na
502 5402 576 5474 (1)
608 5443 623 5466 ,
681 5418 860 5473 neque
904 5418 1058 5474 spem
1109 5419 1299 5459 eorum
1353 5406 1448 5474 qni
1511 5405 1608 5462 tibi
1671 5404 1975 5475 concrediti

403 5507 557 5562 sunt,
597 5512 694 5566 per
723 5499 960 5554 dedecus
985 5497 1201 5563 fallens,
1234 5515 1413 5569 neque
1439 5499 1675 5554 virtutes
1707 5497 1824 5567 ipse
1859 5509 1981 5552 tuas

403 5589 671 5643 oblivioni
730 5591 975 5653 tradens,
1028 5601 1082 5646 et
1133 5592 1299 5646 veluti
1347 5593 1638 5661 pristinam
1687 5593 1854 5644 animi
1901 5592 1979 5646 tui

403 5685 830 5751 generositatem
857 5685 1093 5756 fugiens.
1143 5686 1374 5740 Proinde
1425 5687 1710 5756 potestatis
1742 5687 1983 5738 insolen-

2069 3285 2166 3329 νας
2193 3263 2307 3319 οἷόν
2337 3283 2489 3328 τινας
2536 3263 3078 3334 προκατατιθέμενον
3110 3262 3209 3330 τῆς
3247 3261 3401 3331 ἀμφὶ
3428 3260 3488 3312 τὸ
3515 3259 3646 3326 ὑπή-

2069 3378 2196 3413 κοον
2219 3361 2371 3429 αὐτῷ
2400 3360 2662 3430 ἐσομένης
2702 3358 2984 3426 προνοίας.
3007 3358 3211 3411 Τοῦτον
3253 3358 3444 3409 τοίνυν
3490 3353 3646 3407 αὐτου

2071 3452 2315 3522 κράτορα
2346 3450 2589 3520 τήμερον
2614 3448 2830 3518 ὕφεσθε·
2875 3447 3018 3501 οὕτω
3064 3447 3120 3500 δὲ
3153 3445 3442 3509 πεποιθώς
3493 3445 3603 3510 εἰμι
3631 3481 3645 3504 ,

2072 3548 2165 3599 καὶ
2220 3544 2566 3617 θαρρούντως
2610 3541 2888 3597 ἐπιϐάλλω
2931 3544 2994 3611 τῇ
3034 3539 3272 3611 μεγίστῃ
3301 3539 3419 3592 τῶν
3450 3536 3648 3603 διοική-

2074 3657 2212 3691 σεων
2246 3638 2514 3708 μηξαμῶς
2545 3634 2801 3706 χωλεύων
2831 3633 2976 3688 κατὰ
3003 3634 3269 3696 διάνοιαν,
3291 3634 3374 3695 ὡς
3405 3632 3465 3685 ού
3495 3629 3649 3700 μόνον

2069 3735 2171 3802 τὴν
2201 3731 2506 3802 βασιλείαν,
2538 3729 2672 3782 ἀλλὰ
2702 3730 2799 3781 καὶ
2841 3725 2902 3780 τὸ
2935 3726 3230 3797 θυγάτριον
3279 3728 3464 3796 τούτῳ
3492 3739 3649 3776 κατα-

2076 3825 2338 3886 πιστεύω,
2357 3822 2662 3893 τηλικούτῳ
2682 3821 2894 3890 φύσεως
2915 3819 3154 3891 ἐνεχύρῳ
3173 3821 3469 3888 θαρρύνων
3490 3817 3647 3885 ὑμᾶς.

2080 3919 2144 3970 Ὃ
2169 3917 2233 3986 δή
2268 3935 2362 3986 μοι
2392 3915 2486 3968 καὶ⁵
2531 3915 2740 3984 ἐφόδιον
2787 3913 3147 3984 ψυχαγωγίλς
3180 3911 3511 3965 άποίσεσθαί
3566 3924 3650 3976 μοι

2073 4012 2217 4067 δοκῶ
2268 4011 2368 4080 τῆς
2431 4011 2654 4079 μακρᾶς
2728 4009 2824 4062 καὶ
2877 4009 3292 4077 ἁνυποστρὸφου
3353 4003 3648 4073 ἐκδημίας.

2088 4108 2281 4176 Ὑμεῖς
2311 4105 2369 4158 δέ
2412 4121 2500 4170 μοι
2554 4104 2831 4174 μάρτυρες
2879 4093 3146 4173 ἀξιόχρεῳ
3195 4105 3292 4170 τῆς
3367 4099 3650 4163 καλλίστης

2077 4201 2238 4271 τῆσδε
2269 4198 2594 4262 συντάξεως·
2626 4195 2684 4260 ἐξ
2739 4193 2815 4249 ὢν
2854 4213 2912 4248 τε
2955 4196 3113 4264 ἡμῶν
3150 4196 3318 4247 πάλαι
3353 4194 3482 4246 ποτὲ
3511 4195 3653 4243 ἐπει-

2081 4299 2283 4369 ράθητε
2335 4295 2432 4364 τὴν
2492 4292 2794 4362 ἠγεμονίαν
2853 4290 3238 4358 ἡελιοχούντων,
3295 4289 3396 4343 καὶ
3452 4285 3651 4340 τουτονὶ

2080 4387 2678 4460 συμπαρομαρτοῦντος
2707 4383 2828 4439 λίαν
2862 4386 2994 4454 ημῖν
3024 4382 3471 4454 ἐμφρονέστατα.
3503 4381 3572 4431 Σὺ
3601 4377 3652 4428 δέ

2085 4501 2197 4554 μοι,
2238 4483 2535 4552 Μαυρίκιε,
2567 4477 2856 4531 κάλλιστον
2910 4477 3043 4544 ἡμῖν
3098 4474 3394 4541 ἐπιτάφιον
3424 4474 3520 4542 τὴν
3561 4468 3653 4538 σὴν

2085 4573 2367 4646 βασιλείαν
2399 4571 2570 4624 ποιῶν
2600 4569 2856 4622 διατέλει·
2914 4567 3009 4619 καὶ
3043 4567 3134 4619 τὸν
3166 4567 3296 4634 ἐμὸν
3328 4566 3503 4633 τάφον
3538 4562 3650 4620 ταῖς

2085 4670 2207 4730 σαῖς
2237 4668 2460 4735 ἀρεταῖς
2490 4663 2801 4731 διακόσμει·
2833 4661 2973 4731 μήτε
3035 4662 3136 4720 τὰς
3191 4657 3301 4711 τῶν
3368 4673 3450 4709 σοι
3502 4669 3654 4707 πεπι-

2081 4761 2386 4812 στευκότων
2410 4755 2683 4826 αἰσχύνων
2731 4755 2974 4819 ἐλπίδας,
3009 4751 3134 4822 μήτ’
3167 4753 3382 4819 ἀρετῶν
3414 4747 3656 4813 ἐπιλελη-

2079 4853 2279 4922 σμένος
2309 4851 2418 4904 τών
2473 4850 2606 4915 σῶν,
2643 4850 2738 4901 καὶ
2786 4847 2882 4900 τοῦ
2935 4847 3064 4915 πρὶν
3124 4844 3382 4912 εὐγενοῦς
3434 4841 3533 4910 τῆς
3563 4838 3655 4904 σῆς

2077 4945 2259 5014 ψυχῆς
2313 4943 2388 5005 ὡς
2441 4943 2682 5013 μάλιστα
2709 4938 3088 5009 δραπετεύων·
3119 4936 3242 4990 ὅθεν
3291 4936 3388 4990 καὶ
3439 4931 3652 5004 χαλίνου

2083 5041 2229 5109 λόγῳ
2269 5038 2330 5090 τδ
2358 5037 2456 5105 τῆς
2511 5034 2761 5100 ἐξουσίας
2793 5031 3100 5102 ἀγέρωχον,
3146 5029 3240 5083 καὶ
3290 5023 3575 5096 φιλοσοφίᾳ
3599 5021 3654 5070 τὸ

2083 5131 2180 5184 τοῦ
2205 5131 2438 5201 κράτους
2472 5128 2675 5195 σκάφος
2699 5125 2933 5188 elatis.
2976 5122 3042 5179 Ἦ
3065 5121 3177 5194 γὰρ
3203 5119 3454 5192 βασιλεία
3470 5112 3654 5184 χρῆμά

2084 5243 2138 5278 τι
2168 5226 2278 5278 τῶν
2304 5221 2528 5292 ὑψηλῶν
2560 5221 2858 5288 μετέωρον,
2880 5219 2938 5280 ἐς
2973 5217 3113 5286 μέγα
3142 5217 3230 5268 τὸν
3254 5214 3457 5282 ταύτης
3487 5211 3650 5273 ὑπερ·

2085 5316 2398 5385 καθήμενον
2433 5314 2687 5382 αἴρουσα,
2735 5311 2826 5363 καὶ
2871 5311 2998 5372 τοὺς
3043 5308 3338 5376 λογισμοὺς
3369 5293 3654 5368 ἐκμοχλεύο

2084 5424 2222 5460 ουσα
2275 5404 2502 5458 Οίεσθαι
2523 5401 2579 5455 δέ
2639 5417 2697 5454 σε
2731 5401 2910 5471 χρεὼν
2964 5399 3039 5469 μὴ
3101 5399 3320 5450 πάντων
3375 5390 3656 5460 ὑπερέχειν

2083 5497 2368 5567 φρονήσει·
2416 5495 2466 5548 εἰ
2523 5493 2619 5546 καὶ
2663 5493 2732 5547 τὰ
2785 5494 2886 5560 τῆς
2937 5491 3109 5561 τύχης
3161 5483 3514 5555 ὑπερϐάλλει,
3567 5473 3655 5528 καὶ

2087 5590 2265 5658 ὑψηλὰ
2306 5587 2747 5641 κατεσκεύασται
2802 5584 2956 5657 παρὰ
3015 5587 3249 5646 πάντας.
3286 5581 3405 5632 Τῶν
3451 5591 3514 5641 γε
3551 5567 3654 5638 μὴν

2087 5683 2344 5752 faquin
2425 5681 2524 5748 τὴν
2599 5677 2838 5746 εὔνοιαν,
2910 5678 2942 5750 ἢ
3009 5677 3099 5730 τὸν
3181 5674 3348 5744 φόὸον
3408 5661 3653 5737 θηρεύιιν

477 5846 553 5916 (ι)
605 5846 1040 5905 Pulcherrimum
1112 5848 1431 5904 decedentis
1491 5846 1754 5918 principis
1799 5844 2158 5918 epitaphium,
2204 5840 2383 5896 bonus
2415 5854 2719 5898 successor.
