4084 6476
534 387 640 449 355

525 593 728 646 lcetulo
758 589 1032 644 sublatum
1066 587 1196 641 fune
1224 578 1593 648 demiserunt,
1633 596 1758 637 cum
1805 583 1948 636 alius
1992 594 2105 636 ter-

528 703 600 738 ra-
625 694 809 738 tnotus
838 683 1017 736 locum
1046 681 1213 734 alium
1243 679 1419 733 ruinis
1446 676 1511 729 ad
1536 676 1590 730 id
1619 675 1987 745 patefecisset.
2009 690 2107 744 per

524 791 690 844 quem
720 774 1027 845 periculum
1060 772 1361 826 imminens
1384 771 1718 839 eﬂ‘ugerunt.
1744 768 1861 821 Alia
1885 784 2104 837 quoque

526 883 616 920 res
663 865 923 919 Salutaris
958 862 1079 915 urbi
1119 860 1342 923 accidit,
1386 859 1625 926 benigno
1662 866 1720 910 et
1756 856 2101 910 misericmdi

526 962 638 1014 Deo
668 958 914 1013 bonitate
960 964 1017 1008 et
1047 954 1276 1008 lenitate
1304 966 1401 1006 sua
1456 951 1634 1003 minas
1673 951 2100 1019 comprimente,

524 1050 1011 1117 miser-alienisque
1066 1056 1123 1101 et
1182 1041 1573 1099 misericordiae
1626 1042 1777 1110 virga
1831 1041 2103 1109 castigare

527 1145 809 1199 hominum
853 1143 986 1195 vitia
1046 1146 1346 1192 statuente.
1395 1136 1531 1190 Nam
1588 1134 1799 1187 nullum
1848 1142 2099 1187 exortum

521 1246 608 1291 est
639 1235 981 1295 incendium,
1016 1248 1141 1285 cum
1169 1231 1391 1299 quidem
1420 1228 1626 1280 multus
1648 1226 1852 1294 ubique.
1885 1225 1938 1279 in
1967 1226 2102 1278 urbe

528 1337 673 1381 esset
708 1326 867 1396 ignis.
925 1324 979 1376 in
1017 1323 1153 1378 focis
1204 1322 1337 1390 ipsis
1393 1320 1627 1381 scilicet,
1671 1318 2010 1384 privatisque
2045 1323 2101 1368 et

524 1418 758 1486 publicis
812 1417 1078 1476 lucernis,
1125 1414 1470 1471 fornacibus,
1511 1412 1747 1475 balneis,
1783 1409 1988 1464 culinis
2044 1415 2101 1459 et

521 1510 756 1565 officinis
791 1508 934 1569 aliis,
990 1508 1042 1560 in
1081 1507 1284 1576 quibus
1317 1505 1542 1572 opiﬁces
1585 1516 1753 1577 artes,
1778 1517 1908 1556 suas
1942 1515 2100 1554 exer—

521 1609 668 1656 cent.
699 1600 849 1655 Multi
885 1609 1069 1654 autem
1115 1614 1183 1651 ex
1213 1598 1381 1651 claris
1421 1606 1474 1649 et
1521 1595 1829 1665 insignibus
1867 1591 2002 1646 viris
2033 1606 2100 1643 eo

1769 372 2191 438 NICEPllOlll
2236 376 2575 437 CALLlS'l'l

527 503 671 569 ipse,
706 488 751 551 et
783 496 873 567 qui
909 497 960 549 ei
1005 501 1204 567 ιιι-ωειο
1246 503 1405 548 erant
1441 511 1454 546 :
1489 491 1584 561 qui
1618 491 1798 560 ipsum
1832 508 1938 545 una
1986 506 2089 565 cun

2213 508 2320 545 των
2370 491 2805 557 ὑπεξαγαγόιτες

3685 369 3789 435 356

2866 483 3006 557 ἦσαν
3064 488 3340 541 κινῖύνιυν.
3398 487 3508 539 Καὶ
3554 486 3679 541 ἄλλο
3732 490 3789 540 δὲ

2216 587 2285 652 τῇ
2338 584 2490 635 πόλει
2552 584 2821 653 σωτήριον
2879 581 3193 649 ἐπεγένετο,
3244 579 3337 631 τοῦ
3397 579 3788 649 φιλανθρώπολ

2215 673 2353 725 Θεοῦ
2418 673 2591 740 φειδοῖ
2642 673 2740 743 τὴν
2791 672 3024 740 ἀπειλὴν
3080 669 3436 740 ἅναῑχόντος,
3491 668 3676 722 οἴκτου
3728 686 3791 722 τε

2213 767 2396 837 κλάδῳ
2420 767 2512 820 καὶ
2539 766 2695 819 ἐλέου
2736 766 3077 835 σωφρονίσαι
3109 766 3208 835 τὴν
3248 766 3446 817 κακίαν
3486 764 3792 833 προελομέ-

2214 876 2324 910 νου.
2362 857 2501 910 Οὐδὲ
2540 859 2651 926 γάρ
2670 874 2763 919 -τις
2809 858 3141 926 ὲμπρησμδς
3172 858 3439 923 ἐγεγόνει,
3484 858 3580 908 καὶ
3613 855 3791 908 ταῦτα

2212 970 2252 1002 π
2284 950 2410 1005 λλοῦ
2460 951 2633 1017 πυρὸς
2678 951 3110 1021 ἀπανταχοῦιτῇ
3157 949 3306 1002 πόλει
3357 940 3572 1013 ἐνόντος
3619 947 3684 1002 ἔκ
3728 967 3790 1000 τε

2208 1040 2318 1092 τῶν
2367 1040 2639 1111 ἐσχαρῶν,
2692 1041 2788 1093 καὶ
2831 1042 2944 1093 τῶν
2995 1041 3195 1093 κοινῶν
3248 1058 3309 1094 τε
3358 1041 3453 1093 καὶ
3500 1039 3791 1093 ἰδιωτικῶν

2209 1131 2439 1201 λύχνων,
2470 1133 2579 1183 τῶν
2606 1148 2663 1184 τε
2696 1133 2936 1199 πνιγὲων
2978 1133 3075 1185 καὶ
3128 1130 3450 1201 βαλανείων,
3480 1129 3787 1184 ὀπτανείων

2207 1241 2267 1275 τε
2314 1226 2408 1277 καὶ
2449 1225 2627 1277 ἄλλων
2671 1225 2773 1277 ὅσα
2832 1226 2963 1295 περὶ
3008 1226 3106 1295 τὴν
3161 1226 3432 1295 βάναυσον
3479 1225 3785 1294 ἡσχὸληται
3815 1280 3825 1295 _,

2205 1318 2422 1385 τέχνην.
2459 1317 2648 1369 Πολλοὶ
2673 1317 2729 1368 δὲ
2763 1319 2857 1369 καὶ
2890 1316 2997 1369 τῶν
3032 1320 3324 1387 ἐπισήμων
3358 1318 3453 1371 καὶ
3484 1317 3786 1384 ἀξιολόγων
3814 1293 3835 1380 ξ

2203 1409 2449 1462 ἑάλωσαν
2490 1412 2601 1472 τοῖς
2658 1413 2944 1476 σεισμοῖς·
2988 1404 3065 1463 ὧν
3114 1408 3188 1473 εἷς
3223 1407 3290 1481 ἦν
3341 1413 3432 1464 καὶ
3476 1413 3503 1463 ὁ
3551 1410 3786 1480 πρόσθεν

2204 1501 2335 1569 ἡμῖν
2404 1499 2695 1567 εἰρημένος
2774 1499 3071 1569 Ἀστέριος,
3136 1500 3296 1570 ἔργον
3362 1501 3472 1553 τῶν
3541 1488 3786 1567 σεισμῶν

2203 1588 2410 1657 γεγονώ
2422 1609 2459 1651 _:.

523 1706 684 1749 terrae
737 1705 886 1747 motu
928 1693 1277 1746 interierunt.
1312 1691 1558 1755 Quorum
1616 1704 1757 1743 unus
1807 1687 1973 1742 etiam
2009 1684 2132 1748 fuit,
2189 1699 2352 1754 quem
2396 1687 2560 1754 paulo
2619 1699 2746 1744 ante
2790 1689 3058 1750 diximus,
3095 1687 3368 1748 Asterius.
3399 1688 3785 1743 concussiuui-

522 1790 625 1843 bus
658 1786 921 1859 ejusmodi
953 1796 1007 1838 et
1038 1786 1197 1839 ruina
1225 1786 1593 1838 exanimatus.

1102 1901 1327 1957 CAPUT
1375 1901 1513 1955 Χιιτ.

525 1996 589 2051 Ut
628 1995 821 2050 milites
846 2020 857 2027 ο
887 1998 1175 2051 militarem
1227 1995 1561 2056 disciplinam
1611 1994 1918 2063 re’iqueriut
1950 2010 1967 2046 :
2029 1995 2099 2047 ad

588 2084 714 2132 quos
747 2074 1058 2136 imperator,
1084 2076 1139 2119 ut
1171 2082 1254 2119 eos
1286 2082 1351 2118 ac.
1396 2065 1617 2134 Oﬁlium
1646 2066 1893 2119 reducere
1920 2072 2098 2117 tenta-

592 2146 688 2198 ret.
711 2137 1021 2207 Gregorium
1052 2138 1211 2189 υιὶεὲι.
1814 2162 1823 2171 -

589 2253 770 2321 Atque
808 2253 961 2305 urbis
1008 2251 1181 2320 ipsius
1217 2249 1493 2320 publicam
1534 2249 1745 2302 cladem
1799 2248 2096 2318 imperator

519 2345 754 2413 pecunia
803 2344 926 2398 data
972 2344 1181 2397 solatus
1225 2354 1330 2397 est.
1377 2342 1432 2395 In
1471 2343 1716 2396 exercitu
1750 2357 1878 2395 vero
1901 2343 2093 2395 eadem

516 2448 636 2491 erat
669 2436 909 2491 defectio
940 2446 1107 2505 atque
1155 2435 1386 2488 rebellio
1420 2451 1433 2487 :
1462 2437 1600 2487 adeo
1633 2444 1691 2489 ut
1721 2434 1933 2488 finitimi
1964 2434 2095 2488 Bar-

518 2529 634 2583 bari
687 2527 977 2582 confertim
1028 2542 1324 2581 excurrere
1380 2528 1434 2580 in
1485 2526 1781 2580 Romanam
1828 2526 2092 2581 ditionem

517 2621 810 2674 auderent.
850 2620 1177 2673 Persuasum
1221 2635 1459 2688 namque
1494 2621 1792 2685 habebant,
1829 2636 1910 2684 se,
1946 2621 2092 2689 quod

520 2713 630 2766 illis
660 2726 821 2764 nemo
842 2710 1057 2763 obviam
1087 2720 1353 2765 venturus
1381 2722 1547 2777 esset,
1579 2729 1646 2766 ex
1678 2714 1948 2767 sententia
1972 2727 2094 2782 quae

518 2802 719 2856 vellent
751 2794 1013 2855 facturos.
1048 2799 1269 2855 Atenirn
1301 2801 1405 2855 hoc
1463 2803 1544 2856 sic
1575 2803 1686 2856 illis
1711 2802 2091 2871 epinantibus,

513 2892 828 2946 Germanus
876 2906 1001 2945 cum
1062 2894 1143 2944 eis
1200 2906 1339 2959 quas
1390 2907 1575 2947 secum
1632 2892 1875 2946 habebat
1921 2892 2095 2961 copiis

514 2986 782 3050 occurrit,
810 2991 866 3038 et
908 2991 1054 3037 tanta
1109 2982 1433 3037 fortitudine
1471 2985 1652 3038 victor
1701 3000 1798 3040 eos
1827 2987 2089 3049 concidit,

515 3087 577 3129 ut
618 3093 687 3129 ne
722 3076 950 3129 nuntius
978 3074 1199 3144 quidem
1248 3073 1423 3128 cladis
1465 3076 1587 3140 ejus
1632 3075 1817 3129 Persis
1869 3077 2091 3131 relictus

513 3167 702 3222 fuerit.
738 3167 1043 3236 Imperator
1070 3167 1160 3219 ubi
1200 3181 1319 3219 eam
1352 3180 1468 3218 rem
1501 3166 1781 3235 cngnnvit,
1809 3167 1971 3237 827
2003 3169 2089 3221 in-

2781 1896 3032 1951 ΚΕΦΑΑ.
3088 1895 3187 1951 ῙΝ.

2219 1987 2313 2053 Ὠς
2345 1988 2451 2040 τοῖ-
2479 1989 2748 2063 ςτρατοῦ
2778 1989 3253 2063 ἀφηνιάσαντοιτ.
3295 1993 3599 2058 βασιλεὺς
3639 1996 3787 2063 πέμ-

2277 2075 2430 2132 πωνΔ
2467 2060 2804 2125 Γρηγόριον
2828 2096 2843 2119 ,
2904 2061 3343 2128 μεταστρέφειν
3381 2063 3656 2132 ἐπειρᾶτο
3711 2060 3787 2119 τὸ

2278 2128 2641 2196 στράτευμα.

2287 2242 2445 2296 Ἀ).λά
2500 2244 2558 2295 τδ
2622 2242 2722 2312 μὲν
2779 2243 2880 2306 τῆς
2941 2242 3152 2308 πόλεως
3206 2246 3485 2318 πάνδημον
3526 2248 3698 2313 πάθος
3756 2253 3785 2304 ⁶

2205 2336 2462 2407 βασιλεὺς
2542 2335 2983 2405 παρεμυθήσατο
3060 2339 3347 2410 χρήμασι’
3424 2340 3491 2395 τὰ
3566 2343 3621 2395 δὲ
3686 2346 3781 2398 τοῦ

2204 2428 2437 2493 στρατοῦ
2521 2415 2717 2495 ἐπίσης
2790 2424 2936 2497 εἶχεν
3004 2430 3492 2500 ἁποστατήσαντα,
3542 2433 3617 2497 ὡς
3684 2438 3780 2489 καὶ

2202 2520 2328 2582 τοὺς
2414 2522 2658 2586 γείτονας
2739 2519 3052 2590 βαρϐάρους
3134 2510 3332 2590 ἀθρόον
3406 2525 3775 2580 ὲπεισπεσεῖν.

2220 2611 2532 2663 Ἐπείθοντο
2566 2613 2674 2681 γὰρ
2708 2615 2782 2683 μή
2809 2630 2931 2666 τινα
2958 2613 3210 2683 ἐμποδὼν
3241 2617 3579 2686 καταστῆναι
3606 2619 3780 2687 πράτ-

2201 2720 2315 2756 τειν
2370 2701 2406 2757 ἃ
2451 2701 2769 2773 βούλοιντο·
2801 2703 2922 2757 ἀλλ’
2966 2707 3348 2774 ἀντιμέτωπος
3401 2708 3557 2763 ταῦτ’
3591 2710 3775 2780 οἰομέ-

2201 2814 2313 2859 νοις
2340 2796 2550 2858 τούτοις
2588 2795 2765 2849 ἔπεισι
2813 2795 3092 2866 Γερμανὸς
3126 2797 3224 2851 σὺν
3272 2801 3386 2863 τοῖς
3429 2800 3774 2871 ἀμφάὐτόν.

2201 2888 2357 2942 Οὕτω
2404 2889 2457 2942 δὲ
2512 2888 2862 2957 κατακράτος
2904 2888 3077 2942 νικῶν
3124 2890 3473 2961 διέφθειρεν,
3525 2893 3599 2956 ὡς
3653 2895 3776 2964 μηδ’

2201 2979 2431 3046 ἄγγελον
2461 2979 2558 3049 τῆς
2591 2979 2878 3049 συμφορᾶς
2911 2978 3150 3051 Πέρσαις
3180 2981 3600 3051 ὑπολειφθῆναι.
3631 2985 3775 3037 Ἀλλ’

2201 3072 2228 3124 ὁ
2273 3069 2525 3140 βασιλεὺς
2567 3071 2740 3125 ταῦτα
2787 3070 2998 3141 μαθὼν,
3053 3073 3315 3142 μεγάλοις
3381 3077 3634 3146 χρήμασι
3684 3077 3776 3130 τὸν

2202 3162 2433 3230 στρατὸν
2483 3161 2763 3232 ἠμείϐετο.
2803 3162 3086 3216 Ἐντεῦθεν
3136 3162 3193 3215 δὲ
3238 3165 3520 3234 Γερμανὺν
3566 3166 3776 3234 ἀναγα-

512 3268 732 3328 gentem
762 3260 1055 3327 pecuniam
1091 3257 1362 3312 exercitui
1406 3257 1655 3319 donavit.
1695 3266 1753 3311 et
1781 3259 1974 3313 ducem
2011 3259 2089 3328 ip-

2197 3251 2330 3319 γὼν,
2382 3251 2477 3306 καί
2527 3269 2682 3315 τινας
2735 3253 2833 3306 σὺν
2880 3252 3033 3323 αὐτῷ
3065 3255 3145 3316 εἰς
3190 3256 3372 3321 κρίσιν
3403 3255 3633 3325 προῆγε.
3667 3257 3774 3310 Καὶ
3806 3309 3827 3325 _

515 3362 638 3400 sum
669 3347 799 3401 inde
825 3362 950 3399 cum
992 3346 1328 3415 quibusdam
1371 3347 1465 3416 qui
1510 3362 1638 3400 cum
1671 3362 1736 3403 eo
1782 3358 2096 3404 erantevoo

514 3448 722 3502 catum,
780 3439 835 3492 in
877 3422 1147 3507 judicium
1195 3437 1478 3506 produxit.
1515 3436 1594 3493 lbi
1640 3439 1856 3508 judices
1901 3455 2093 3495 omnes

512 3531 734 3600 capitali
795 3530 919 3583 illos
953 3530 1223 3598 supplicio
1273 3531 1733 3585 condemnarunt.
1782 3531 2093 3601 imperator

519 3638 649 3676 vero
684 3638 795 3677 non
831 3622 994 3676 modo
1026 3622 1081 3675 in
1118 3622 1240 3675 illos
1277 3638 1385 3675 non
1419 3620 1831 3687 animadvertit,
1861 3624 1954 3678 sed
1991 3624 2090 3677 ho-

513 3714 745 3768 noribus
773 3714 939 3768 etiam
985 3727 1042 3767 et
1089 3714 1333 3782 praemiis
1375 3729 1472 3768 eos
1516 3712 1794 3783 dignatus,
1841 3715 2094 3785 benigni-

512 3814 732 3875 tateque
788 3805 894 3859 alia
968 3804 1273 3860 liberaliter
1344 3816 1673 3874 prosecutus
1739 3814 1846 3861 est.
1914 3809 2091 3875 Atque

508 3912 636 3951 cun.
672 3897 774 3951 hoc
803 3895 859 3949 in
888 3903 1033 3949 statu
1068 3909 1158 3949 res
1187 3894 1432 3949 Orientis
1465 3903 1635 3959 esset,
1664 3894 1876 3950 Abares
1915 3895 2000 3949 bis
2031 3895 2087 3949 in

508 3990 564 4044 id
603 3988 753 4058 quod
782 3995 1010 4042 vocatur
1038 3987 1260 4056 Longus
1311 4001 1504 4042 murus
1544 3987 1895 4056 expeditione
1925 3990 2087 4052 facta,

507 4081 862 4151 Singidonem
913 4089 970 4135 et
1020 4079 1368 4141 Anchialum,
1419 4078 1795 4149 Graeciamque
1843 4095 2087 4145 onmem,

506 4184 674 4243 atque
723 4173 977 4228 urbes‘et
1023 4172 1245 4227 castella
1284 4171 1391 4244 alia
1434 4181 1825 4242 expugnarunt
1874 4172 2089 4227 hostili-

508 4274 704 4333 terque
740 4262 1112 4333 diripuerunt.
1142 4265 1270 4320 aliis
1301 4265 1527 4333 quidem
1562 4266 1688 4334 igne
1721 4266 2085 4334 consumptis,

505 4355 630 4409 aliis
669 4366 853 4410 autem
882 4356 1165 4411 crudelem
1191 4359 1247 4409 in
1283 4357 1507 4411 modum
1529 4359 1729 4413 excisis
1757 4376 1771 4412 :
1799 4368 2088 4428 propterea

503 4445 651 4513 quod
686 4444 798 4498 illis
829 4445 1116 4500 resisteret
1145 4461 1333 4512 nemo,
1383 4456 1441 4501 et
1480 4448 1715 4501 maxima
1748 4463 1875 4517 pars
1903 4448 2090 4517 copia—

2198 3342 2405 3407 πάντες
2465 3343 2566 3411 μὲν
2620 3344 2823 3413 ἀθρόον
2877 3345 3108 3400 θάνατον
3175 3347 3404 3400 ἐκείνων
3464 3349 3775 3418 κατεψηφί-

2197 3452 2359 3489 σαντο
2381 3453 2395 3467 ο
2427 3435 2683 3506 βασιλεὺς
2709 3438 2768 3490 δὲ
2797 3439 2954 3492 τόσον
2984 3441 3083 3492 οὐκ
3110 3441 3432 3507 ἐκολάσατο,
3465 3442 3546 3495 ὅτι
3578 3459 3641 3510 γε
3676 3444 3777 3496 καὶ
3840 3484 3851 3497 .

2197 3528 2376 3597 γερῶν
2415 3528 2568 3598 ἠξίου
2602 3529 2878 3598 μεγάλων,
2907 3532 3002 3585 καὶ
3052 3532 3231 3594 ἄλλως
3279 3533 3771 3603 φιλοφρονούμενος

2195 3621 2449 3675 διετέλει.
2480 3619 2571 3673 Ἐν
2600 3621 2814 3685 τούτοις
2850 3622 2959 3675 τῶν
3010 3622 3194 3694 Ἐᾠων
3225 3625 3417 3692 ὄντων,
3451 3627 3501 3678 oi
3535 3626 3773 3696 ’Λόαρες

2192 3711 2273 3773 δὶς
2319 3715 2411 3767 ἐπὶ
2456 3714 2517 3767 τὸ
2563 3714 2899 3785 καλούμενον
2946 3716 3178 3785 Μακρὸν
3224 3718 3406 3787 τεῖχος
3437 3715 3537 3787 τὴν
3583 3716 3772 3769 ἔλασιν

2194 3808 2578 3876 ποιησάμενοι,
2611 3808 2914 3876 Σιγγηδόνα
2945 3825 3004 3861 τε
3049 3809 3145 3862 καὶ
3183 3808 3493 3879 Ἀγχίαλον,
3541 3809 3772 3863 Ἐλλάδα

2191 3916 2251 3952 τε
2282 3901 2485 3963 πᾶσαν,
2522 3900 2618 3952 καὶ
2670 3899 2853 3962 πόλεις
2901 3898 3068 3963 ἄλλας
3118 3900 3212 3953 καὶ
3261 3900 3500 3970 φρούρια
3553 3900 3772 3971 πολιορ-

2192 3990 2415 4054 κοῦντες
2441 3991 2927 4061 ἠνδραποδίσαντο,
2958 3992 3029 4046 τὰ
3072 3993 3173 4063 μὲν
3221 3995 3358 4063 πυρὶ
3391 3994 3767 4059 δαπανῶντες,

2190 4083 2260 4137 τὰ
2299 4083 2355 4136 δὲ
2389 4083 2483 4137 καὶ
2516 4083 2752 4149 ἀφειδῶς
2798 4083 3232 4154 διαφθείροντες,
3267 4083 3478 4146 οὐδενὸς
3509 4085 3768 4139 ἀνθιστα-

2195 4174 2356 4242 μένου
2393 4172 2471 4243 τῷ
2507 4174 2578 4227 τὰ
2634 4174 2805 4227 πολλὰ
2840 4175 2949 4227 τῶν
3000 4176 3431 4245 στρατευμάτων
3459 4176 3763 4247 διατρίϐειν

2189 4265 2295 4318 ἀνὰ
2328 4266 2427 4336 τὴν
2457 4266 2533 4318 ἓω
2560 4282 2575 4297 ·
2628 4266 2717 4334 ἐφ’
2764 4266 2830 4337 ἦν
2876 4266 3131 4337 βασιλεὺς
3163 4265 3440 4337 Ἀνδρέαν,
3474 4268 3584 4322 τῶν
3612 4268 3771 4338 βασιυ

2188 4357 2358 4411 λικῶν
2387 4358 2753 4412 ὑπασπιστῶν
2804 4360 2874 4411 τὰ
2924 4359 3120 4428 πρῶτα
3176 4360 3493 4429 γενόμενον,
3546 4359 3766 4432 ἔπεμπε

2189 4449 2370 4502 πειθοῖ
2416 4466 2525 4503 τινι
2574 4450 2667 4504 τὸν
2721 4451 2954 4520 στρατὸν
3013 4449 3390 4520 μεθελκιῖσςιι⁹
3441 4451 3581 4505 ὥστε
3637 4454 3766 4523 toil;

505 4550 628 4589 rum
658 4535 983 4589 militarium
1012 4537 1068 4589 in
1103 4535 1329 4590 Oriente
1351 4546 1683 4592 moraretur.
1702 4539 1821 4604 Quo
1850 4539 2087 4609 impera-

2197 4540 2491 4611 προτέρους
2539 4539 2869 4612 ταξιάρχους
2920 4542 3016 4595 καὶ
3065 4544 3335 4611 λοχαγοὺς
3383 4542 3543 4606 αὖθις
3593 4543 3766 4595 είσδέ-

506 4635 592 4680 tor
628 4624 903 4679 Andream
949 4626 1301 4695 imper-alium
1343 4628 1645 4681 satellitum
1699 4630 1793 4699 qui
1820 4632 2081 4699 primum

504 4716 802 4787 praefectus
835 4717 963 4781 fuit,
998 4717 1170 4784 misit,
1203 4718 1298 4788 qui
1324 4718 1616 4783 exercitui,
1649 4728 1709 4774 ut
1747 4721 1962 4790 priores
1990 4737 2084 4776 or-

499 4813 693 4865 dinum
744 4810 1009 4866 ductores
1055 4818 1111 4866 et
1160 4812 1453 4881 pra-festos
1507 4828 1701 4867 rursus
1746 4813 2077 4882 reciperent,

497 4904 884 4972 persuaderet.
916 4902 1173 4959 Sedenim
1206 4919 1331 4958 eum
1387 4904 1592 4960 milites
1621 4907 1875 4961 mandata
1906 4922 1970 4961 ea
2012 4923 2081 4962 ne

493 4992 693 5051 audire
737 4997 961 5065 quidem
1015 4998 1376 5061 sustinerent,
1432 4996 1730 5070 Gregorius
1786 5016 1907 5054 eam
1964 5016 2077 5053 rem

492 5087 805 5155 expedivit.
843 5088 977 5143 Erat
1007 5090 1286 5159 siquidem
1317 5092 1398 5144 vir
1429 5091 1496 5144 ad
1532 5107 1618 5146 res
1652 5094 1918 5147 maximas
1948 5109 2080 5145 ron-

496 5181 765 5236 ficiendas
794 5181 1026 5237 idoneus
1053 5202 1072 5238 ε,
1119 5192 1175 5238 ct
1215 5184 1494 5239 exercitus
1530 5186 1852 5248 universus.
1903 5199 1964 5241 ut
2000 5187 2074 5240 ita

488 5274 701 5347 dicam,
734 5274 966 5329 multum
1003 5277 1053 5330 ei
1088 5277 1453 5332 observantia
1481 5280 1649 5333 simul
1681 5288 1737 5333 et
1764 5294 2075 5335 reverentia

492 5366 751 5420 exhibuit
781 5369 1069 5425 honorem.
1109 5369 1341 5435 Quidam
1377 5372 1525 5425 enim
1574 5373 1805 5442 pecunia
1851 5375 1971 5428 data
2006 5374 2075 5427 ab

495 5459 620 5527 ipso
651 5462 931 5518 conciliati
964 5461 1203 5526 fuerant,
1236 5464 1459 5533 quidam
1494 5475 1700 5519 vestem
1727 5478 2072 5533 acceperant.

496 5551 760 5608 Nonnulli
797 5565 926 5625 potu
963 5556 1217 5625 ciboque,
1243 5566 1297 5610 ct
1324 5558 1446 5611 aliis
1478 5558 1704 5627 insuper
1734 5559 1920 5617 rebus.
1954 5574 2076 5627 qice

498 5644 817 5701 hominibus
849 5650 902 5702 in
942 5659 1084 5703 terra
1128 5649 1307 5704 aliena
1360 5650 1691 5720 degentibus
1724 5650 1790 5703 ad
1830 5665 1988 5704 nsum
2020 5661 2073 5703 et

491 5747 881 5795 necessttatem
914 5740 1214 5794 commodae
1242 5748 1393 5803 sunt,
1446 5739 1664 5794 abunde
1688 5739 1758 5794 ab
1790 5754 1856 5791 eo
1883 5740 2070 5792 referti

493 5837 677 5883 erant.
709 5831 850 5887 Tum
883 5843 1091 5899 autem,
1117 5833 1433 5903 quicunque
1476 5833 1693 5888 delectu
1744 5831 1933 5886 habito
1974 5847 2071 5900 per

2190 4632 2412 4698 ξασθαι.
2474 4625 2573 4695 Οἷς
2622 4632 2741 4685 οὐδὲ
2799 4633 2992 4704 μέχρις
3047 4632 3203 4687 ὤτων
3261 4634 3660 4705 είσδεξαμένοις
3704 4638 3763 4688 τὸ

2189 4724 2516 4788 κελευσθὲν,
2572 4725 2858 4795 Γρηγορίῳ
2920 4714 2980 4778 τὸ
3044 4728 3279 4797 πρᾶγμα
3351 4726 3754 4788 διεσκευάζετο.

2188 4812 2313 4879 Οός
2367 4818 2477 4887 γάρ
2514 4835 2573 4869 τε
2615 4812 2685 4888 ἢν
2722 4819 2842 4881 ταῖς
2877 4816 3163 4889 ἀληθείαις
3212 4820 3281 4871 τά
3334 4818 3574 4889 μέγιστα
3611 4819 3761 4889 ἐξερ-

2187 4908 2463 4975 γάσασθαι
2487 4922 2502 4937 '
2552 4908 2691 4962 ἀλλὰ
2736 4909 2830 4961 καὶ
2864 4909 3110 4976 σύμπαν,
3151 4910 3228 4971 ὡς
3274 4910 3471 4975 εἰπεῖν,
3505 4910 3568 4962 τὸ
3601 4927 3764 4981 στρα-

2186 4997 2411 5049 τόπεδον
2444 4988 2870 5068 πολλὴνὲκείνῳ
2915 4999 3159 5068 ἀπένεμε
3189 4999 3291 5069 τὴν
3326 5000 3493 5071 τιμὴν
3537 5001 3679 5053 αίδοί
3700 5019 3760 5053 τε

2185 5086 2321 5157 ὁμοῦ
2349 5088 2442 5141 καὶ
2477 5089 2888 5158 σεϐασμιότητι.
2921 5091 2983 5141 Οί
3021 5091 3124 5158 μὲν
3160 5094 3269 5159 γάρ
3312 5094 3590 5163 χρήμασιν
3621 5087 3762 5163 ἦσαν

2185 5182 2316 5249 παρ’
2340 5182 2564 5237 ἐκείνου
2601 5181 2952 5246 δεξιωθὲντες
2977 5196 2994 5214 ο
3050 5185 3098 5235 oi
3150 5182 3196 5235 δ’
3251 5184 3480 5253 ἐσθῆτος
3513 5184 3764 5255 ἀπήλασα

2187 5290 2324 5325 σαν·
2363 5272 2513 5326 ἄλλοι
2573 5274 2631 5326 δὲ
2683 5274 2912 5344 βρωτοῖς
2963 5291 3024 5326 τε
3088 5278 3180 5328 καὶ
3243 5277 3452 5345 πόμασι
3503 5278 3597 5329 καὶ
3648 5280 3762 5337 τοῖς

2184 5365 2366 5427 ἄλλοις
2410 5365 2511 5417 ὅσα
2571 5365 2710 5432 πρὸς
2760 5365 2951 5432 χρείαν
3000 5365 3314 5436 ὑπερορίοις
3344 5367 3609 5436 ἀνδράσιν
3640 5368 3762 5419 ἐπι-

2182 5459 2389 5527 τὴδεια,
2445 5458 2697 5526 ἁφτόνως
2745 5457 2958 5510 ἐκεῖθεν
3003 5459 3258 5530 ἐτρύφων
3292 5475 3305 5488 '
3338 5457 3513 5520 ἄλλως
3557 5475 3618 5512 τε
3662 5461 3761 5511 καὶ

2182 5551 2295 5602 ὅποι
2325 5552 2389 5602 ὲκ
2428 5550 2733 5617 καταλόγου
2767 5549 3296 5620 στρατολογηοέντες
3332 5545 3496 5620 ἦσαν,
3522 5549 3591 5604 δι’
3620 5550 3764 5603 ὲκεί-

2181 5660 2273 5693 νσν
2309 5641 2614 5712 παρῄεσαν.
2653 5642 2760 5695 Καὶ
2817 5643 2883 5713 δὴ
2934 5643 3131 5713 πρῶτα
3163 5643 3600 5714 ἀγγελιαφόρους
3631 5645 3759 5696 ἑκα·

2184 5734 2381 5804 στοιχοῦ
2430 5734 2655 5804 πέμψας
2684 5738 2809 5800 τοὺς
2841 5735 2917 5804 τῷ
2967 5736 3183 5808 στρατῷ
3214 5738 3283 5791 τὰ
3318 5737 3511 5806 πρῶτα
3546 5735 3762 5788 τελοῦν-

2181 5846 2299 5894 τας,
2335 5828 2548 5896 ἀγείρει
2602 5831 2661 5881 ὲν
2711 5829 3003 5900 Λιτᾶρὸοις
3056 5830 3263 5902 χωρίῳ,
3320 5820 3554 5901 διέχοντι
3596 5828 3763 5881 85w-

2701 6074 2717 6103 \
