4084 6490
510 374 616 436 35‘)

1727 350 2144 424 mei-immiti
2180 349 2527 418 CALLISTI

3617 404 3621 407 .
3650 351 3755 419 360

511 493 614 544 tius
659 487 884 549 subditi,
929 488 1033 541 rite
1082 488 1352 556 imperata
1400 481 1675 547 iaciendo,
1719 491 1777 535 et
1821 494 1936 534 rem
1988 490 2085 543 iro

2190 492 2304 543 νης.
2336 474 2424 544 Μὴ
2454 476 2629 524 τοίνυν
2667 471 2756 525 τοῦ
2787 471 2972 525 λοιποῦ
3009 471 3203 541 μέλετε
3232 486 3244 501 ’
3279 469 3539 541 πείσθητε
3570 469 3627 525 δέ
3666 489 3756 541 μοι

511 582 672 636 insita
731 580 1056 634 fortitudine
1117 578 1377 648 praeclare
1431 574 1706 645 gerendo,
1764 572 2078 625 universum

512 684 785 727 terrarum
843 671 1033 725 orbem
1091 670 1340 724 Romano
1399 665 1631 734 imperio
1693 663 2077 733 subjugarunt.

512 761 747 816 Manlius
777 770 929 815 certe
968 759 1280 827 Torquatus
1314 771 1473 811 suum
1520 754 1634 823 ipse
1678 750 1849 806 mium
1881 764 2082 803 corona

509 863 840 909 exornatum
887 851 1069 908 securi
1115 849 1328 920 perculi
1370 847 1555 919 jussit,
1590 842 1917 899 fortitudine
1962 840 2085 910 qui-

511 943 637 997 dem
686 942 840 997 illum
882 942 1179 1011 plurimum
1219 946 1591 1009 prastantem,
1625 934 1857 1005 imperio
1899 940 2081 987 autem

511 1034 738 1088 minime
770 1046 964 1104 parere
1003 1032 1303 1086 volentem.
1333 1029 1503 1100 829
1533 1028 1684 1083 Bono
1717 1039 1954 1094 namque
1985 1023 2085 1076 du-

510 1140 636 1179 enm
685 1124 939 1186 consilio,
971 1131 1028 1176 et
1065 1131 1318 1191 prompta
1362 1120 1596 1173 militum
1641 1113 1935 1172 obediendi
1983 1128 2084 1166 vo-

513 1218 746 1280 luntate,
781 1213 1034 1284 plurima:
1072 1222 1129 1268 et
1184 1213 1432 1267 maxima:
1479 1226 1568 1265 res
1612 1224 1874 1280 prospere
1913 1205 2084 1262 conli-

510 1306 757 1359 eiuntur.
788 1306 858 1359 At
889 1304 932 1359 si
964 1304 1199 1357 alterum
1231 1302 1299 1356 ab
1331 1302 1503 1355 altero
1564 1300 1906 1370 sejungatur,
1938 1297 2092 1352 clau~

513 1396 698 1450 dicare
736 1403 947 1465 partem
978 1395 1230 1456 alteram,
1263 1401 1319 1448 et
1349 1391 1544 1447 collabi
1574 1402 1822 1446 eversam
1857 1400 2085 1444 necesse

511 1498 622 1550 est,
656 1489 864 1556 optimo
895 1486 1128 1541 duarum
1161 1484 1389 1539 istarum
1420 1482 1688 1539 virtutum
1730 1481 1847 1551 pari
1882 1476 2083 1534 diviso.

514 1575 750 1630 Proinde
773 1589 841 1630 ne
869 1573 1109 1644 amplius
1133 1571 1489 1635 cunctamini,
1512 1570 1759 1639 mihique
1783 1569 1875 1639 qui
1906 1584 2087 1624 sacer-

510 1668 612 1721 dos
646 1667 738 1721 Dei
775 1680 920 1732 sum,
951 1674 1008 1719 et
1038 1673 1221 1735 partes
1251 1677 1403 1718 meas
1436 1660 1649 1717 medius
1677 1665 1821 1716 inter
1851 1661 2089 1730 impera-

510 1758 687 1811 torem
708 1765 764 1810 et
788 1755 1091 1809 exercitum
1115 1754 1427 1823 interpono,
1453 1761 1666 1821 parete,
1694 1760 1858 1821 atque
1898 1761 2085 1817 osten-

2186 566 2321 630 ἱερεῖ
2379 581 2438 630 γε
2490 564 2605 618 ὄντι
2652 562 2811 626 Θεοῦ,
2870 562 3120 635 βασιλείᾳ
3175 561 3268 616 καὶ⁵
3329 560 3550 632 στρατῷ
3603 579 3759 630 μεσι-

2182 655 2390 707 τεύοντι
2417 671 2433 687 ο
2465 656 2558 707 καὶ
2613 655 2825 720 δείξατε
2870 656 2945 720 ὡς
2993 656 3056 709 ού
3110 654 3433 728 τυραννικὸς
3474 655 3504 707 ό
3533 654 3757 722 τρόπος,

2180 748 2300 807 ,ἀλλ’
2329 749 2706 819 ἀγανάκτησις
2739 749 2946 811 ἔνδικος
2979 750 3117 819 πρὸς
3147 748 3344 819 καιρὸν
3376 743 3444 815 ἦν
3473 746 3616 799 κατᾶ
3648 746 3757 797 τῶν

2183 841 2242 894 οὗ
2285 841 2674 911 προσηκόντως
2720 841 3175 913 στρατηγούντων
3221 841 3394 911 ὑμῶν.
3434 839 3495 892 Εἰ
3531 838 3638 906 γὰρ
3681 838 3757 903 μὴ

2184 935 2413 1002 τάχιστα
2440 934 2685 1004 πρόσιτε,
2714 934 2826 1002 ἐγὼ
2862 934 2964 1004 μὲν
2992 933 3376 1001 άφοσιώσομαι
3410 931 3506 983 καὶ
3537 931 3639 998 τὴν
3674 932 3755 990 εἰς

2185 1026 2245 1078 τὸ
2275 1025 2577 1095 πολίτευμα
2600 1024 2838 1092 εὔνοιαν,
2872 1026 2967 1080 καὶ
3005 1028 3103 1098 τὴν
3133 1027 3216 1090 είς
3264 1026 3411 1094 ὑμᾶς
3460 1022 3669 1093 φιλῖαν.
3697 1027 3759 1073 τὸ

2185 1115 2333 1179 εἰκὸς
2364 1115 2587 1169 διελθών
2611 1135 2624 1150 ·
2661 1118 2792 1186 ύμῖν
2816 1118 2874 1172 δὲ
2906 1119 3177 1189 προσήκει
3204 1119 3451 1181 σκοπεῖν,
3475 1117 3588 1176 τοῖς
3617 1113 3758 1167 οὕτω

2184 1207 2511 1275 τυραννοῦσι
2545 1208 2614 1261 τὰ
2656 1207 2902 1262 ἔπαθλα·
2948 1208 3025 1279 πῆ
3077 1208 3185 1279 γὰρ
3216 1208 3366 1276 λήξει
3415 1209 3475 1261 ὲν
3523 1208 3758 1279 ύμῖντὰ

2189 1299 2473 1367 παρόντα;
2506 1299 2603 1363 Ἐς
2632 1301 2797 1354 ταυτδ
2828 1301 2935 1369 γὰρ
2981 1301 3125 1371 ὑμᾶς
3177 1296 3319 1354 εἶναι
3357 1301 3467 1355 τῶν
3510 1302 3573 1354 ού
3614 1302 3758 1354 πάνυ

2187 1404 2239 1439 τι
2284 1387 2485 1458 ῥᾳδίων
2515 1390 2672 1442 ἐστί·
2714 1390 2881 1444 πόθεν
2917 1393 3028 1460 γάρ
3076 1395 3108 1463 ἡ
3160 1393 3271 1447 τῶν
3319 1394 3634 1463 ἀναγκαίων
3664 1396 3759 1447 καὶ

2186 1482 2407 1553 ὡραίων
2434 1485 2762 1557 συγκομιδὴ,
2796 1487 2827 1557 ἤ
2856 1480 2933 1542 ὧν
2969 1476 3210 1543 θάλαττα
3239 1492 3303 1561 τῇ
3336 1480 3554 1563 ἠπείρῳ
3587 1511 3760 1564 προσ-

2187 1572 2344 1641 νέμει
2379 1575 2439 1626 τὸ
2474 1574 2624 1639 εἶκδς
2653 1574 3064 1649 συνάρήγουσα,
3099 1581 3149 1633 εἰ
3178 1582 3253 1651 μή
3281 1597 3344 1649 γε
3379 1584 3494 1645 τοῖς
3544 1584 3759 1652 ὁμοφύέ

2188 1663 2303 1727 λοις
2356 1666 2451 1728 είς
2489 1668 2671 1738 μάχην
2727 1669 2918 1737 ἰόντες,
2964 1672 3061 1726 καὶ
3117 1675 3188 1727 τὰ
3235 1673 3457 1730 πάντων
3502 1674 3762 1746 αἴσχιστα

2188 1752 2423 1825 δράσητε
2474 1757 2591 1825 ἅμα
2650 1759 2744 1812 καὶ
2804 1759 3092 1831 πείσησθε,
3158 1763 3250 1817 καὶ
3300 1754 3412 1817 οἷον
3463 1759 3525 1818 τὸ
3581 1764 3759 1832 τέλος,

510 1848 658 1911 dite,
691 1862 800 1901 non
834 1847 1179 1917 tyrannicum
1211 1859 1445 1907 morem,
1476 1844 1569 1898 sed
1599 1844 1803 1913 justam
1841 1844 2087 1914 indigna-

2194 1844 2467 1914 σποράδες
2534 1848 2811 1917 γινόμενοι
2864 1852 3218 1923 βιοτεύσησθε
3291 1857 3385 1908 καὶ
3437 1859 3762 1929 παραπὲδας

513 1940 743 2005 tionem,
784 1938 853 1993 ad
898 1937 1075 1993 breve
1128 1946 1362 2006 tempus,
1404 1935 1549 2004 quod
1603 1934 1867 1989 adversus
1919 1937 2089 1991 duces

512 2038 728 2085 vestros
759 2031 941 2084 minus
978 2028 1224 2099 legitime
1269 2028 1605 2095 imperantes
1653 2027 1865 2097 egistis,
1896 2027 2087 2083 fuisse.

511 2123 627 2177 Nisi
663 2123 810 2176 enim
844 2136 1009 2192 quam
1041 2120 1281 2189 primum
1313 2119 1383 2175 ad
1416 2118 1807 2188 imperatorem
1838 2131 2084 2174 vestrum

506 2211 897 2275 accurreritis,
946 2222 1048 2280 ego
1099 2207 1324 2278 quidem
1379 2206 1546 2262 simul
1598 2216 1655 2260 et
1702 2210 1977 2278 egregiam
2031 2210 2086 2264 in

509 2302 911 2371 rempublicam
944 2302 1310 2363 voluntatem,
1342 2300 1399 2354 et
1436 2299 1771 2371 singularem
1817 2315 1946 2369 erga
1990 2317 2086 2357 sos

511 2404 783 2456 amorem,
818 2407 916 2461 pro
952 2390 1132 2446 oﬂicio
1162 2405 1309 2457 meo,
1340 2398 1530 2445 sancte
1568 2390 1944 2460 praestiterim.
1981 2391 2084 2447 Vo-

512 2487 599 2539 bis
634 2484 818 2538 autem
848 2485 1017 2539 etiam
1051 2494 1214 2554 atque
1241 2483 1409 2538 etiam
1440 2481 1738 2538 videndum
1771 2482 1958 2548 fuerit,
1987 2483 2083 2554 qui

2194 1935 2410 2019 πάντως
2440 1940 2473 2009 ἡ
2503 1940 2628 2010 δίκη
2660 1943 2952 2013 ἀνέχεσθαι
3000 1946 3203 2016 ἥκιστα
3236 1947 3538 2019 δυναμένη;
3571 1950 3763 2012 Δόντες

2192 2016 2299 2081 οὖν’
2340 2030 2554 2094 ἑαυτοῖς
2608 2033 2787 2098 δεξιὰς
2850 2036 2946 2090 καὶ
2996 2037 3077 2109 τῷ
3118 2016 3504 2111 πολιτεύματι..
3539 2044 3599 2094 τὸ
3644 2020 3765 2097 δεον

2196 2124 2562 2193 σκοπήσωμεν
2585 2141 2600 2156 ·
2630 2126 2725 2179 καὶ
2756 2127 2853 2180 νῦν
2883 2127 3142 2199 μάλιστα,
3179 2132 3266 2185 ὅτε
3313 2133 3407 2186 καὶ
3459 2135 3554 2188 τοῦ
3591 2152 3766 2204 σωτη-

2196 2214 2313 2284 ρίου
2368 2217 2576 2281 πάθους
2619 2219 2718 2283 τὰς
2772 2222 3006 2292 ἡμέρας,
3055 2223 3150 2276 καὶ
3194 2224 3295 2296 τῆς
3345 2230 3620 2296 παναγίας
3670 2228 3766 2285 sit?

2195 2306 2444 2377 Σωτῆρος
2475 2309 2634 2379 ἡμῶν
2669 2308 2844 2382 Ἰησοῦ
2874 2316 3111 2384 Χριστοῦ
3141 2319 3489 2382 ἀναστάσεως
3527 2338 3765 2392 συναρη-

2192 2397 2398 2466 γούσας
2429 2402 2523 2458 καὶ
2575 2405 3192 2478 συναπιλαμῦανομένας
3237 2408 3351 2475 τοῖς
3395 2412 3592 2483 λῲοσ.)
3626 2415 3767 2485 ἔχω-

2194 2506 2314 2559 μεν.
2358 2508 2377 2544 ο

509 2581 587 2634 ita
636 2579 978 2649 tyrannidem
1031 2579 1401 2645 exerceretis,
1452 2593 1576 2650 quae
1630 2579 1914 2649 proposita
1975 2582 2088 2637 sint
2125 2589 2369 2654 praemia.
2435 2592 2718 2658 Quorsum
2763 2596 2941 2653 .eniin
2980 2598 3138 2655 vobis
3178 2616 3266 2658 res
3307 2617 3605 2674 prmsentes
3642 2621 3766 2662 eva-

508 2671 680 2764 dent?
711 2671 847 2727 Nam
878 2681 939 2726 ut
964 2672 1019 2726 in
1046 2672 1153 2729 hoc
1182 2671 1300 2742 ipso
1327 2682 1689 2742 permaneant
1739 2681 1909 2738 statu,
1974 2674 2400 2750 haudquaquam
2465 2687 2625 2743 facile
2689 2687 2807 2744 fieri
2841 2700 3041 2763 potest.
3075 2683 3232 2750 Unde
3261 2671 3395 2751 vero
3427 2699 3537 2754 erit
3565 2699 3765 2764 victus,

510 2773 570 2862 et
619 2762 838 2862 frugum
887 2773 1228 2862 maturatum
1272 2780 1341 2821 ex
1390 2765 1556 2862 agris,
1596 2776 1694 2820 ant
1730 2781 1924 2862 earum
1967 2785 2091 2839 quae
2131 2785 2282 2829 mare
2323 2779 2632 2837 continenti
2683 2782 2811 2853 ipsi,
2852 2762 2980 2856 pro
3040 2802 3109 2844 eo
3137 2797 3302 2860 atque
3332 2805 3433 2861 par
3468 2799 3573 2857 est,
3604 2762 3765 2862 opem

514 2856 747 2951 ferendo
803 2855 1151 2951 suppeditat,
1208 2872 1394 2951 rerum
1463 2858 1820 2928 importatio?
1881 2860 2094 2917 Bellum
2163 2872 2295 2951 ergo
2346 2873 2705 2942 popularibus
2761 2855 2960 2934 vestris
3044 2855 3376 2938 Christianis
3427 2855 3766 2951 inferentes,

509 2958 571 3003 et
599 2948 802 3002 bellum
832 2949 901 3002 ab
930 2947 1141 3003 eisdem
1177 2949 1540 3018 excipientes,
1582 2965 1674 3006 res
1730 2952 1983 3006 omnium
2058 2947 2390 3015 foedissimas
2465 2974 2523 3019 et
2566 2960 2803 3036 facietis,
2837 2979 2897 3025 et
2960 2970 3271 3041 patiemini.
3314 2975 3385 3030 Ει
3410 2975 3503 3032 ubi
3547 2947 3766 3034 tandem

513 3053 815 3144 postremo,
847 3043 978 3139 hinc
1005 3052 1062 3100 et
1090 3043 1507 3144 inde-dispersi,
1535 3047 1706 3144 vitam
1736 3041 1996 3119 degetis"!
2024 3049 2091 3105 Et
2116 3067 2497 3126 consequetur
2559 3076 2590 3116 a
2664 3071 2818 3135 tergo
2855 3082 2951 3122 vos
2980 3069 3222 3125 vindicta
3255 3071 3464 3138 divina,
3494 3089 3616 3143 qua:
3646 3089 3765 3144 per;

516 3138 780 3239 sica-ciam
819 3143 1059 3239 vestram
1106 3139 1402 3239 sustinere,
1443 3150 1540 3239 aut
1576 3142 1793 3198 veniam
1859 3145 2019 3200 vobis
2088 3146 2157 3204 de
2195 3161 2395 3208 uetera
2439 3155 2570 3212 dare
2613 3160 2842 3217 minime
2890 3166 3114 3233 poterit.
3154 3138 3526 3239 Ουτοι-θρίω·-
3547 3138 3771 3230 dextras

512 3231 673 3328 nobis
723 3230 958 3328 invicem
1012 3239 1071 3287 et
1118 3230 1438 3328 reipublicae
1472 3232 1812 3303 jungamus,
1863 3248 1918 3292 et
1968 3254 2086 3295 rem
2126 3241 2322 3311 ipsam,
2386 3262 2487 3317 pro
2524 3256 2592 3305 eo
2637 3261 2802 3323 atque
2848 3230 3068 3326 aequum
3113 3230 3226 3323 esi,
3276 3230 3709 3320 .consideremus
3750 3283 3765 3319 ε

512 3322 681 3390 idque
732 3323 879 3414 nunc
913 3337 1089 3414 quam
1139 3322 1398 3388 malime.
1479 3340 1607 3380 cum
1694 3329 1991 3385 εθιυιίἷετω
2060 3335 2332 3401 passionis
2424 3350 2481 3396 et
2542 3322 2930 3403 sanctissima:-
2978 3322 3400 3410 resurrectionis
3462 3354 3767 3414 Servatoris

513 3416 688 3470 nostri
736 3413 868 3469 Jesu
908 3410 1113 3487 Christi
1157 3416 1273 3471 dies
1297 3414 1490 3485 festos,
1518 3419 1615 3488 qui
1653 3420 1813 3475 nobis
1852 3423 1916 3474 ad
1962 3437 2049 3477 res
2091 3427 2346 3486 meliores
2376 3438 2537 3505 opem
2569 3447 2625 3493 et
2659 3441 2925 3495 auxilium
2956 3442 3159 3510 ferunt,
3192 3463 3255 3518 ag

1039 3564 1049 3578 ι
1092 3551 1331 3634 caper
1369 3552 1509 3610 xvr.
1576 3571 1583 3579 -

517 3669 584 3726 Ut
624 3669 878 3724 exercitus
922 3666 1174 3737 Gregorio
1208 3662 1462 3737 parem,
1491 3683 1705 3722 rursum
1741 3644 2093 3739 Philippica»:

1075 3739 1258 3791 ducem
1289 3739 1492 3809 legerit.

582 3871 883 3951 Gregorius
935 3879 1049 3933 haec
1089 3887 1260 3947 atque
1309 3876 1417 3932 alia
1466 3878 1624 3949 plura
1664 3893 1791 3933 cum
1837 3878 2094 3951 lacrymis

486 3977 757 4038 ,incntns,
792 3970 981 4024 divino
1021 3966 1264 4039 quodam
1303 3972 1439 4024 nutu
1476 3967 1532 4023 in
1567 3972 1846 4026 memento
1880 3978 2093 4041 tempo-

509 4068 594 4119 ﬁs
631 4065 845 4118 animos
877 4061 1128 4117 omnium
1162 4062 1220 4115 in
1263 4061 1426 4114 aliam
1458 4060 1786 4116 sententiam
1825 4062 2107 4118 traduxit.-

509 4150 702 4225 ltaqne
747 4164 807 4210 ut
854 4154 936 4210 eis
984 4169 1054 4208 ex
1103 4162 1379 4209 conventu
1427 4153 1686 4208 secedere
1710 4154 1940 4234 .liecret.
1981 4162 2093 4223 quo

507 4248 746 4301 seo'rsim
780 4245 1085 4300 deliberare
1128 4245 1197 4299 dc
1238 4260 1303 4299 eo
1333 4244 1480 4314 quod
1521 4259 1739 4313 aequum
1784 4254 1933 4300 esset
1967 4260 2096 4314 pos-

508 4350 661 4405 sent,
701 4337 1006 4408 pe'tierunt,
1082 4352 1146 4391 ac
1193 4337 1356 4405 paulo
1408 4344 1533 4405 post
1580 4336 1790 4391 reversi
1838 4336 2094 4405 potestati

509 4429 787 4484 antistitis
829 4443 887 4484 se
929 4428 1329 4498 permiserunt.
1371 4422 1551 4495 Atque
1596 4426 1676 4481 illi
1721 4425 2092 4497 Philippieum

514 4519 868 4584 nominatim,
901 4526 962 4573 ut
996 4518 1149 4572 illum
1179 4516 1437 4572 videlicet
1468 4516 1652 4571 denuo
1683 4516 1882 4572 ducem
1914 4533 2097 4574 sume-

518 4621 665 4675 rent,
688 4602 855 4681 830
879 4608 1157 4679 alleganti,
1186 4622 1245 4662 se
1270 4614 1326 4662 et
1348 4607 1655 4662 exercitum
1684 4622 1903 4663 onmem
1930 4609 2097 4680 juris-

3263 3448 3423 3504 intus.
3459 3469 3478 3500 ι

2782 3583 3031 3636 ΚΕΦΑΛ.
3074 3587 3192 3652 ις’.

2207 3662 2302 3728 Ὠς
2336 3662 2595 3751 στρατός
2617 3674 2938 3751 -Γρηγορίῳ
2961 3680 3256 3751 πειθήνια
3288 3688 3621 3751 γεγονότες,
3657 3676 3767 3742 αὗ·

2337 3740 2430 3802 θις
2461 3740 2566 3792 τόν
2599 3740 2958 3800 Φιζῖιπὶπὶκῦν
2978 3740 3219 3803 εἷλοκτο
3244 3740 3611 3822 στρατηγόνί.

2278 3843 2337 3898 Ὀ
2369 3850 2469 3912 μὲν
2500 3849 2594 3907 οὖν
2641 3859 2877 3912 τοσαῦτα
2911 3861 3005 3913 καὶ
3040 3862 3176 3917 ἄλλα
3230 3865 3402 3920 πλείω
3448 3870 3641 3936 εἰπὼν,
3675 3877 3768 3925 καὶ

2194 3940 2588 4014 ἐπιδακρύσας,
2624 3950 2766 4021 ῥοπῇ
2812 3968 2919 4005 τινι
2955 3952 3078 4023 θεία
3114 3950 3219 4019 τὰς
3249 3958 3507 4013 ἁπάντων
3541 3965 3766 4032 γνώμας

2195 4038 2251 4089 ἐν
2276 4041 2474 4108 ἀκαρεῖ
2508 4047 2912 4117 μετερρύθμιζε
2933 4067 2946 4080 ·
2977 4053 3071 4105 καὶ
3104 4053 3337 4122 ἐζήτουν
3363 4056 3458 4109 τοῦ
3505 4058 3765 4126 συλλόγου

2193 4129 2542 4196 ὑπεξελθεῖν·
2583 4139 2660 4202 ὡς
2692 4137 2758 4191 ἃν
2790 4141 2911 4194 καθ’
2939 4143 3168 4206 ἑαυτοὺς
3198 4147 3505 4216 γενόμενοι,
3536 4152 3664 4219 περὶ
3694 4143 3771 4203 ὧν

2193 4222 2301 4277 δέοι
2338 4224 2757 4293 βουλεύσωνται.
2793 4234 2904 4286 Καὶ
2941 4235 3059 4303 μετ’
3089 4236 3153 4289 οὐ
3189 4238 3323 4292 πολὺ
3347 4239 3596 4308 ἥκοντες,
3630 4244 3771 4310 σφᾶς

2195 4317 2392 4378 αὐτοὺς
2434 4319 2513 4389 τῷ
2547 4321 2686 4390 ἱερεῖ
2724 4324 3132 4393 ἐγχειρίζουσι·
3168 4329 3264 4382 καὶ
3306 4331 3398 4382 τὸν
3442 4332 3771 4386 Φιλιππικὸν

2196 4408 2255 4474 ἐξ
2281 4408 2546 4479 ὀνόματος
2591 4414 2803 4467 εἰπόντι
2841 4416 2926 4470 ἵνα
2961 4414 3117 4481 αὖθις
3153 4419 3386 4475 ἕλωνται
3438 4425 3769 4492 στρατηγὸν,

2194 4502 2384 4572 ὅρκοις
2409 4503 2605 4568 δεινοῖς
2628 4505 2814 4574 ελεγον
2846 4509 3210 4580 διομόσασθαι
3239 4513 3335 4566 καὶ
3363 4514 3423 4566 τὸ
3454 4515 3774 4586 στράτευμα

2199 4594 2447 4665 σύμπαν,
2483 4592 2518 4667 ἧ
2546 4597 2654 4669 μὴν
2686 4599 2879 4654 τοῦτον
2913 4602 2987 4673 μὴ
3019 4603 3114 4657 τοῦ
3158 4604 3349 4658 λοιποῦ
3397 4606 3676 4669 δέξασθαι,
3713 4611 3772 4659 ’0

507 4702 740 4771 jurandi
799 4698 1064 4773 religione
1121 4697 1455 4753 obstrictum
1508 4712 1669 4762 esse,
1728 4699 2087 4770 Philippicnm

2196 4690 2254 4743 δὲ
2288 4691 2419 4761 μήτι
2464 4693 2603 4762 πρὸς
2647 4693 2808 4749 τοῦτο
2853 4698 3130 4769 μελλήσας
3171 4701 3200 4752 ὀ
3251 4702 3461 4772 ἱερεὺς,
3489 4702 3594 4772 ἔφη
3637 4702 3770 4771 πρὸς

519 4792 748 4862 posthac
788 4792 980 4845 ducem
1017 4803 1045 4842 a
1084 4804 1145 4843 se
1191 4788 1418 4842 minime
1462 4795 1778 4858 susceptum
1818 4790 1907 4853 iri,
1939 4791 2087 4845 dixe-

2197 4783 2445 4846 ὲξουσίας
2487 4783 2628 4838 εἶναι
2669 4786 2819 4840 λύειν
2867 4790 2962 4841 καὶ
3004 4790 3230 4859 δεσμεῖν
3273 4792 3367 4845 ἐπὶ
3411 4792 3516 4865 γῆς
3564 4809 3622 4844 τε
3675 4791 3772 4845 καὶ

518 4899 671 4939 runt.
703 4883 907 4939 Adhaec
954 4880 1254 4951 Gregorius
1293 4880 1430 4934 nihil
1492 4892 1805 4948 cunctatus,
1833 4884 2087 4939 sacerdo-

2196 4878 2428 4948 οὐρανοῦ
2448 4895 2462 4909 ο
2509 4883 2605 4933 καί
2628 4881 2725 4950 τὴν
2750 4881 2908 4936 θείαν
2935 4884 3025 4935 ἐπὶ
3046 4884 3223 4954 τούτῳ
3249 4884 3500 4940 κέλευσιν
3532 4888 3774 4959 προῆγεν

516 4988 631 5031 tem
680 4992 740 5031 se
779 4991 880 5045 per
927 4974 1168 5029 divinam
1215 4973 1447 5043 gratiam
1491 4989 1636 5042 esse,
1669 4985 1725 5030 et
1765 4986 2087 5047 potestatem

2196 4971 2278 5033 είς
2329 4971 2517 5039 μέσον.
2555 4973 2665 5026 Καὶ
2698 4972 2763 5043 δὴ
2809 4974 2908 5027 καὶ
2945 4976 3082 5042 πρὸς
3128 4974 3290 5030 τοῦτο
3335 4977 3597 5044 εἰξάντων
3636 4978 3781 5031 ἐκεῖ·

519 5068 771 5122 solvendi
793 5076 849 5120 et
868 5065 1073 5136 ligandi
1098 5066 1151 5119 in
1179 5066 1319 5121 cmlo
1343 5074 1399 5120 et
1428 5064 1483 5119 in
1507 5074 1651 5121 terra
1680 5066 1886 5123 habere
1916 5069 2053 5124 dixit
2077 5085 2087 5125 :

2198 5083 2327 5132 νων,
2348 5065 2523 5131 λιταῖς
2554 5066 2848 5131 ὲξωσιοῦτο
2873 5068 2935 5122 τὺ
2969 5070 3125 5124 Θεῖον
3145 5086 3158 5100 ·
3192 5069 3291 5124 καὶ
3322 5071 3423 5142 τὴν
3453 5070 3606 5125 θείαν
3627 5071 3780 5123 τελέ-

518 5162 873 5230 divinamque
925 5175 1094 5229 super
1150 5174 1215 5214 ea
1264 5175 1323 5213 re
1367 5159 1671 5229 iussionem
1731 5160 1787 5214 in
1850 5164 2087 5217 medium

2199 5175 2297 5221 σας
2346 5160 2763 5228 μυσταγωγίαν,
2810 5161 2902 5214 τοῦ
2952 5161 3227 5231 ἀχρὰντου
3287 5162 3542 5233 σώματος
3601 5162 3777 5216 ἅπασι

520 5252 804 5323 produxit.
850 5250 989 5309 Tum
1030 5266 1163 5307 vero
1205 5252 1474 5307 militibus
1515 5268 1725 5308 morem
1762 5253 1814 5309 ei
1856 5258 2087 5324 gerenti-

2204 5240 2515 5319 μετεδίδου·
2553 5252 2739 5323 ἡμέρα
2783 5251 2893 5323 γὰρ
2939 5253 3063 5324 ἧνὴ
3096 5255 3203 5326 πρὸ
3246 5255 3340 5308 τοῦ
3381 5252 3540 5323 ἁγίου
3571 5254 3782 5317 πάθους

521 5348 647 5408 hus,
680 5345 1095 5416 precationibus
1125 5345 1373 5399 divinum
1403 5345 1617 5401 Numen
1649 5346 1884 5416 placavit
1909 5365 1924 5401 :
1953 5358 2009 5402 ot
2040 5362 2087 5403 re

2200 5345 2462 5416 Χριστοῦ.
2494 5346 2726 5399 Ἔπειτα
2770 5349 2911 5415 σφᾶς
2961 5348 3246 5412 δειπνίσας
3294 5349 3443 5419 ἀμφὶ
3481 5348 3782 5419 δισχιλίους

519 5451 851 5508 arcanorum
893 5439 1279 5507 mysteriorum
1328 5438 1513 5492 divina
1550 5447 1795 5508 peracta,
1829 5439 2087 5495 immacu-

2199 5436 2381 5503 ὄντας,
2414 5435 2684 5490 στιϐάδων
2714 5438 2808 5490 ἐπὶ
2842 5438 2940 5508 τῆς
2975 5439 3114 5502 πόας
3147 5439 3599 5508 σχεδιασθέν-των,
3634 5440 3783 5493 κατὰ

516 5528 690 5581 intum
738 5542 941 5597 corpus
981 5529 1239 5584 omnibus
1282 5530 1733 5585 communicavit.
1775 5530 1902 5587 Dies
1947 5532 2087 5587 enim

2197 5529 2299 5599 τὴν
2347 5529 2477 5597 ἑξῆς
2525 5529 2837 5598 ὑπέστρεφε
2865 5546 2878 5561 ·
2918 5533 3012 5584 καὶ
3065 5531 3238 5585 ἐδόκει
3277 5529 3626 5602 ἀθροίζεσθαι
3657 5530 3784 5583 τού-

517 5620 617 5689 qui
646 5628 891 5675 sanctam
928 5622 1240 5691 passionem
1274 5622 1477 5678 Christi
1509 5623 1794 5693 praecedit,
1824 5632 1940 5678 tum
1972 5640 2087 5693 age-

2195 5639 2326 5686 τους
2351 5616 2408 5675 οἷ
2430 5622 2731 5692 βούλοιντο.
2770 5622 2861 5676 Ἐν
2895 5622 3100 5695 Ταρσῷ
3130 5624 3186 5676 δὲ
3217 5624 3316 5693 τῆς
3359 5623 3616 5686 Κιλικίας
3649 5622 3783 5677 ὄντα

512 5711 704 5766 batur.
759 5712 964 5770 Deinde
1010 5717 1266 5771 convivio
1306 5730 1439 5782 eos,
1481 5732 1609 5772 cum
1654 5717 1882 5773 circiter
1922 5717 2087 5772 duum

2195 5716 2529 5790 Φιλιππικὸν
2586 5716 2997 5787 μετεστέλλετο,
3054 5719 3260 5789 καίπερ
3320 5717 3456 5789 πρὸς
3487 5716 3587 5786 τὴν
3630 5715 3785 5787 βασι-

518 5803 760 5858 υιϋιὶυιιι
815 5821 1105 5863 numerum
1166 5806 1490 5879 explerent,
1544 5807 1684 5864 toris
1733 5809 1788 5864 in
1843 5809 2087 5880 gramine

2196 5807 2340 5872 λέως
2390 5810 2864 5880 κλτεπειῖιόμενον
2910 5810 3092 5864 πόλιν.
3134 5811 3348 5865 Ἐκεῖσε
3389 5803 3483 5864 οὗν
3525 5806 3777 5878 ἀγαγὼν,
