4084 6444
296 400 424 488 εδει,

1105 401 1711 463 ECCLESIASTICIE
1751 399 2136 462 HISTORi/E
2176 402 2318 463 LIB.
2355 400 2573 465 XVIII.

3465 392 3569 452 365i

297 541 436 588 κτος.
480 520 895 591 Ἐπεγγελῶντα
940 520 998 575 δὲ
1033 521 1100 575 τὰ
1140 520 1437 592 Ῥωμαίων
1469 521 1561 575 τὸν
1590 520 1872 592 Βάραμον,

1991 519 2233 575 miserat.
2274 518 2542 575 ‘i’aramus
2588 518 2766 588 copiis
2813 518 3193 573 Romanorum
3230 516 3424 573 illusit.
3458 516 3572 570 ιιη.

298 618 432 672 δέκα
468 615 718 686 χιλιάδας
775 615 946 684 μόνας
987 614 1097 693 τῶν
1129 616 1447 685 ἀριστίνδην
1478 614 1877 683 ἐξειλεγμένων

297 707 478 761 λαϐὼν
540 706 845 776 Ῥωμανὸς,
889 706 1104 760 ἔπεισιν
1142 705 1342 776 ἀθρόον
1384 707 1463 777 τῷ
1513 705 1723 778 Πέρσῃ.
1768 704 1881 757 Καὶ

302 798 511 853 πολλῶν
546 799 724 866 φόνων
754 797 1101 868 ἑκατέρωθεν
1128 799 1440 869 γενομένων
1476 797 1619 852 κατά
1651 799 1752 867 τὴν
1780 798 1880 868 τῆς

312 891 609 960 Ἀλμανίας
639 891 840 963 χῶρον,
865 891 1029 961 ἡνίκα
1069 891 1412 961 μυσαχθεῖσα
1443 889 1542 963 τὴν
1578 890 1875 963 βάρϐαρον,

302 985 608 1056 προσφοιτᾷ
641 986 755 1045 τοῖς
793 973 1110 1052 Ῥωμαίοις.
1147 981 1353 1036 Μαθὼν
1384 983 1452 1054 δὴ
1481 984 1575 1037 τὸν
1605 982 1882 1051 τοσαύτην

300 1073 470 1148 ἧτταν
507 1077 733 1148 Περσῶν
777 1076 1077 1148 Ὀρμίσδας
1125 1080 1152 1133 ὁ
1213 1078 1366 1148 σφῶν
1422 1077 1696 1148 βασιλεὺς,
1747 1078 1886 1131 ἀπο·

298 1173 597 1244 χειροτονεῖ
629 1172 730 1243 μὲν
774 1172 984 1226 ἐκεῖνον
1035 1171 1138 1242 τῆς
1197 1171 1520 1241 ἡγεμονίας,
1553 1171 1883 1239 γυναικείαν

300 1265 622 1336 ἐπιπέμψας
664 1263 840 1334 τούτῳ
888 1264 1105 1334 στολήν.
1147 1265 1204 1318 Ὀ
1235 1265 1292 1319 δὲ
1362 1265 1709 1331 νεωτερίζειν
1760 1266 1884 1318 ἐπι-ι

300 1357 507 1420 ϐάλλει,
560 1356 655 1410 καὶ
701 1360 985 1427 τυραννεῖν
1028 1358 1306 1429 ἐπεχείρει
1333 1374 1349 1389 ’
1389 1357 1488 1412 καὶ
1534 1356 1885 1425 ἀνθυϐρίζειν

302 1450 393 1502 τὸν
439 1446 746 1518 ὑϐρίσαντα
797 1448 1081 1517 ἐπειρᾶτο,
1110 1448 1292 1502 τοιάδε
1337 1451 1401 1519 τῇ
1449 1449 1711 1519 ἐπιστολῇ
1765 1450 1888 1504 ἐπι-

302 1540 529 1611 γράφων
549 1557 564 1574 ο
599 1523 879 1609 Ὀρμῐσδᾳ
907 1540 983 1610 τῇ
1012 1542 1256 1612 θυγατρὶ
1285 1542 1561 1610 Χοσρόου
1585 1545 1620 1597 ό
1645 1542 1852 1611 Βιιράμ
1869 1562 1885 1577 ο

303 1633 399 1686 καὶ
430 1632 519 1684 τὸν
553 1632 644 1685 ὑπ’
678 1633 888 1699 ἐκεῖνον
917 1632 1180 1704 ἀθροίσας
1226 1634 1480 1704 στρατὸν,
1529 1636 1611 1698 είς
1643 1636 1891 1689 ἀποσταο

284 1716 429 1782 ρίαν
480 1728 772 1798 ἠρέθιζεν,
827 1728 1144 1781 ἐπίπλαστα
1202 1728 1392 1799 σχεδον
1457 1729 1601 1783 κατὰ
1663 1730 1886 1783 πάντων

320 1825 583 1897 Ὀρμίσδα
612 1824 1055 1896 ἐπιδεικνύμενος
1086 1824 1415 1896 γράμματα,
1447 1825 1883 1895 ὑπομιμνήσκων

301 1933 362 1970 τε
398 1918 460 1970 τὸ
489 1917 699 1985 ἀπηνὲς
730 1916 897 1971 αὑτοῦ
932 1917 1027 1971 καὶ
1061 1916 1123 1970 τὸ
1156 1921 1213 1979 ἐς
1261 1918 1522 1987 χρήματα
1564 1917 1841 1986 ἄπληστον
1865 1935 1880 1949 ·

304 2012 405 2063 καῖ
446 2011 522 2074 ὡς
570 2010 697 2073 τοὺς
741 2010 1119 2081 ὑπερέχοντας
1170 2009 1402 2074 πάντας,
1439 2007 1568 2073 τοὺς
1602 2009 1702 2080 μὲν
1741 2008 1888 2079 ξίφει

301 2099 550 2170 διήλασε,
607 2102 722 2163 τοῖς
780 2099 836 2153 δὲ
886 2100 1061 2169 τάφον
1115 2099 1207 2153 τὸν
1265 2100 1519 2171 Τίγρητα
1580 2101 1884 2171 ἐσχεδίασε,

301 2194 476 2263 τούτῳ
527 2190 802 2262 κηδεύσας
850 2192 1067 2256 αὑτούς.
1107 2191 1221 2247 Καὶ
1270 2195 1486 2257 τούτοις
1539 2195 1655 2259 τοῖς
1704 2194 1888 2262 λόγοις

306 2285 606 2355 ὑπαγαγὼν
663 2285 757 2339 τὸν
811 2285 1066 2355 στρατὸν,
1118 2286 1200 2349 είς
1257 2287 1553 2355 τυραννίδα
1620 2286 1888 2360 μεγίστην

307 2380 594 2452 ἐῤῥίπισεσ
656 2381 752 2435 καὶ
808 2379 997 2450 ὅρκοις
1058 2380 1150 2433 τὸν
1212 2379 1410 2451 Βαράμ
1477 2378 1885 2449 ὀχυρώσαντες,

307 2475 555 2529 καθελεῖν
618 2473 921 2546 Ὀρμίσδαν
985 2472 1184 2545 βουλὴν
1242 2473 1452 2546 ἔθεντο.
1529 2474 1772 2537 Ἐκεῖνος
1829 2473 1888 2526 δὲ

303 2566 609 2636 Φεροχάνην
633 2545 898 2636 ἐπαφίησι
931 2565 1010 2634 τῷ
1045 2564 1289 2634 Βαρᾶμῳ
1315 2545 1413 2616 σῦν
1450 2564 1648 2636 πλήθει
1681 2564 1887 2635 πολλῷ.

318 2659 376 2713 Ὀ
413 2659 469 2711 δέ
495 2661 586 2711 καὶ
616 2657 807 2712 τοῦτον
844 2656 1117 2721 ὑπελθὼν,
1163 2646 1237 2718 ὥς
1267 2654 1330 2708 οὗ
1366 2654 1448 2710 δεῖ
1481 2656 1696 2727 Πέρσας
1726 2657 1889 2719 ὄντας

304 2749 427 2806 κατ’
457 2750 700 2822 ἀλλήλων
739 2748 1084 2821 στρατεύειν,
1120 2748 1236 2802 ἀλλ’
1267 2747 1471 2801 εἰδέναι
1505 2748 1567 2800 τὸ
1615 2746 1791 2821 τραχύ
1826 2766 1888 2802 τε

308 2849 403 2901 καὶ
430 2846 625 2918 βίαιον,
657 2844 795 2914 πρὸς
822 2841 879 2896 δὲ
902 2841 965 2895 τὸ
990 2840 1296 2912 αῖμοχαρὲς
1342 2841 1438 2893 καὶ
1485 2838 1766 2909 ἄπληστον
1792 2840 1889 2894 τοῦ

315 2937 606 3011 Ὀρμίᾶδου
632 2955 647 2968 ·
680 2936 776 2991 καί
819 2934 954 3006 φίλα
1005 2933 1146 3006 πρὸς
1195 2932 1467 3004 ἀλλήλους
1522 2934 1766 3003 φρονεῖν.
1821 2934 1891 2987 ’Δ

306 3032 420 3103 δῆτ’
461 3031 784 3101 αἰσθόμενος
832 3028 1010 3102 ἀληθῆ
1061 3031 1090 3083 ὁ
1142 3029 1374 3101 στρατὸς
1421 3024 1583 3093 εἶναι,
1641 3028 1736 3083 τὸν
1789 3028 1890 3099 μὲν

304 3123 613 3195 Φεροχάνην
640 3122 952 3192 ἀναιροῦσι,
988 3119 1067 3192 τῷ
1095 3120 1154 3176 δὲ
1189 3120 1441 3193 Βαράμῳ
1473 3122 1887 3190 προστίθενται.

1983 624 2182 666 manus
2211 621 2395 666 autem
2432 616 2628 667 decem
2665 621 2877 666 tantum
2920 610 3353 666 fortissimorum
3386 611 3573 664 lectis-

1981 703 2365 774 simorumque
2405 705 2653 761 millibus
2690 705 2958 775 acceptis,
2997 720 3121 760 cum
3173 704 3267 758 illo
3312 711 3397 759 est
3443 718 3577 757 eon-

1982 810 2224 866 gressus.
2277 798 2343 852 Et
2389 798 2581 854 multis
2631 799 2893 868 utrinque
2933 798 3180 853 caedibus
3221 797 3477 868 patratis,
3514 798 3571 850 in

1983 888 2233 943 Albanbe
2289 891 2551 959 regione,
2606 889 2842 945 victoria
2901 889 3204 945 barbarum
3264 888 3571 951 detestata,

1986 993 2160 1049 penes
2190 979 2471 1036 Romanos
2513 981 2639 1035 fuit.
2675 980 2847 1049 Quam
2882 993 3109 1036 suorum
3153 981 3387 1047 cladem,
3424 991 3579 1048 post-

1982 1084 2149 1140 quam
2207 1072 2497 1127 Persarum
2553 1091 2648 1129 rex
2695 1074 3017 1131 Ilormisdas
3066 1074 3371 1140 intellexit,
3408 1074 3575 1146 833

1983 1161 2328 1232 przrfecturaa
2368 1166 2696 1237 dignitatem
2730 1167 2970 1224 Varamo
3009 1167 3242 1232 ademit,
3283 1167 3576 1237 eidemque

1983 1255 2311 1312 muliebrem
2360 1259 2557 1314 stolam
2604 1260 2776 1317 misit.
2824 1260 2921 1316 llle
2957 1260 3022 1314 ad
3058 1275 3167 1314 res-
3184 1276 3356 1315 novas
3390 1260 3577 1315 animo

1982 1347 2223 1418 adjecto,
2261 1352 2613 1421 tyrannidem
2671 1353 2957 1417 aﬂectare,
2989 1360 3047 1408 et
3087 1353 3340 1410 convicia
3393 1353 3441 1407 ei
3468 1355 3573 1422 qui

1984 1422 2430 1513 prior'injuriam
2464 1445 2540 1499 illi
2575 1446 2875 1509 intulisset,
2909 1462 3010 1518 pro
3035 1447 3306 1504 conviciis
3340 1446 3577 1500 reddere

1983 1544 2039 1588 et
2063 1536 2315 1606 epistola;
2347 1541 2514 1594 verba
2544 1540 2661 1596 banc
2693 1541 3002 1598 inscribere
3031 1558 3047 1597 :
3076 1541 3372 1596 Hormisdw
3411 1541 3578 1596 Chas-

1984 1637 2092 1682 roa:
2123 1629 2257 1696 ﬁh'a:
2303 1629 2606 1699 Varamus;
2639 1649 2745 1690 nec
2779 1651 2890 1689 non
2927 1634 3235 1691 exercitum
3268 1635 3372 1691 sub
3400 1633 3575 1705 signis

1985 1722 2101 1777 suis
2132 1735 2435 1780 merentem
2470 1726 2536 1780 ad
2564 1727 2933 1784 defectionem
2971 1730 3274 1792 concitare,
3309 1733 3577 1783 coniicias

1989 1812 2104 1868 fere
2158 1816 2427 1874 adversus
2483 1834 2678 1876 omnes
2725 1821 3030 1878 llormisda:
3082 1824 3307 1879 nomine
3365 1824 3581 1879 litteras

1992 1908 2286 1973 exhibens,
2325 1911 2823 1984 crntlelitatemque
2869 1914 3021 1970 illius
3058 1925 3114 1969 et
3156 1916 3398 1986 pecunia:
3434 1921 3582 1973 insa-

1993 1999 2235 2056 tiabilem
2276 2003 2637 2073 capiditatcm
2688 2008 2741 2061 in
2789 2008 3113 2063 memoriam
3151 1992 3235 2065 eis
3270 2025 3578 2077 revocans;

1992 2102 2052 2148 ut
2096 2094 2314 2150 scilicet
2366 2097 2456 2153 ille
2509 2099 2804 2168 primarius
2847 2101 2997 2156 viros
3042 2117 3239 2157 onmes
3288 2102 3373 2158 vel
3433 2103 3581 2159 ferro

1989 2185 2280 2250 occiderit,
2326 2188 2408 2242 vel
2463 2189 2516 2241 in
2562 2189 2792 2261 Tigride
2842 2207 3004 2247 amne
3055 2193 3442 2263 submerserit,
3485 2195 3580 2250 tali

1988 2291 2087 2331 eos
2125 2287 2180 2331 et
2225 2281 2507 2349 sepultura
2558 2291 2615 2337 et
2653 2285 2935 2355 exsequiis
2981 2286 3257 2358 ejusmodi
3296 2287 3576 2359 dignatus.

1990 2367 2356 2428 Sermonibus
2416 2375 2536 2446 t'jllS
2594 2379 2815 2448 generis
2876 2380 3125 2435 exercitu
3190 2381 3455 2448 seducto,
3510 2383 3579 2436 ad

1990 2466 2287 2522 maximam
2325 2483 2453 2523 eum
2486 2473 2834 2542 tyrannidem
2871 2481 2928 2529 et
2970 2473 3334 2531 rebellionem
3371 2477 3581 2531 excita-

1993 2559 2089 2613 vit.
2122 2558 2316 2631 Itaque
2357 2563 2678 2634 juramento
2722 2564 2985 2632 Varamo,
3034 2584 3145 2639 quo
3191 2569 3363 2625 tutior
3410 2583 3582 2634 esset,

1991 2652 2280 2721 praestita,
2343 2655 2623 2710 adimendi
2686 2656 2992 2714 "Ormisda:
3061 2660 3213 2730 regni
3286 2661 3580 2716 consilium
3647 2646 3653 2651 ’

1991 2737 2257 2795 inierunt.
2300 2742 2623 2798 Hormisdas
2656 2743 2924 2801 adversus
2970 2746 3119 2801 buuc
3165 2762 3289 2802 cum
3323 2748 3585 2802 multituo

1990 2828 2122 2888 dine
2154 2850 2348 2907 magna
2385 2835 2798 2893 Pherocbanem
2846 2839 3037 2895 mittit.
3085 2840 3256 2907 Quem
3303 2849 3357 2895 et
3401 2842 3581 2911 ipsum

1994 2924 2260 2985 Varamus
2291 2931 2461 3001 subit,
2497 2933 2727 2989 minime
2758 2935 2957 2991 Persas
2995 2934 3145 2990 inter
3173 2950 3233 2991 se
3267 2935 3582 3005 belligcrari

1991 3032 2270 3090 oportere,
2304 3025 2399 3080 sed
2448 3041 2548 3082 eos
2590 3025 2794 3083 durum
2830 3036 2887 3084 et
2917 3028 3223 3084 violentum
3263 3032 3580 3100 nnperium,

1991 3129 2049 3172 et
2083 3129 2350 3188 pr.cterca
2389 3120 2807 3191 sanguinarium
2847 3121 3157 3194 ingenium,
3191 3132 3246 3178 et
3278 3122 3586 3194 incaplebi-

312 3213 595 3269 Ἐντεῦθεν
616 3215 743 3269 ὅσον
765 3214 1067 3285 ἀγυρτικὸν
1090 3213 1186 3268 καὶ
1206 3213 1270 3285 δη
1279 3213 1458 3284 μῶδες
1486 3212 1889 3286 ἀθροισθέντες,

1994 3209 2101 3264 lem
2141 3213 2430 3267 avaritiam
2479 3213 2786 3269 llormisdm
2824 3216 2992 3283 scire,
3034 3221 3094 3271 et
3135 3215 3578 3273 benevolentiam

311 3308 642 3361 ἐπιτίθενται
672 3307 751 3377 τῷ
793 3306 1064 3380 Ὁρμίσδα
1088 3322 1105 3342 ο
1132 3307 1229 3362 καὶ
1254 3307 1354 3378 τῆς
1401 3307 1647 3379 κεφαλῆς
1693 3307 1892 3378 ἀφελό-

316 3417 463 3470 μενοι
509 3401 571 3454 τὸ
612 3401 874 3470 διάδημα,
924 3399 1253 3453 κατασπῶσι
1295 3397 1391 3452 τοῦ
1437 3399 1660 3470 θρόνουο
1697 3399 1893 3452 ἔπειτα

310 3494 396 3547 ἐπ’
451 3492 643 3562 ὄψεσιν
691 3495 904 3547 ἐκείνου
937 3497 1040 3565 τήν
1086 3510 1147 3547 τε
1196 3496 1433 3563 γυναῖκα
1491 3493 1587 3547 καὶ
1635 3493 1729 3546 τὸν
1777 3494 1893 3547 υἱὸν

310 3586 646 3658 ἀναιροῦσιν.
689 3585 938 3640 Ἐκείνου
968 3585 1025 3640 δὲ
1063 3586 1190 3657 τοὺς
1223 3583 1547 3655 ὀφθαλμοὺς
1595 3585 1897 3657 ἀνορύξαν-

309 3693 422 3742 τες,
455 3674 911 3745 ἐξασφαλίζονται
947 3676 1013 3745 τῇ
1046 3675 1264 3747 φρουρᾷ
1286 3688 1303 3705 ·
1336 3674 1434 3728 καὶ
1468 3674 1562 3728 τὸν
1595 3674 1715 3728 υίὸν
1746 3675 1896 3728 ἐκεί-

312 3782 405 3819 νου
459 3767 682 3836 Περσῶν
713 3765 938 3837 βασιλέα
974 3763 1412 3837 ἀναγορεύουσιν
1442 3780 1456 3795 ⁸
1494 3765 1553 3829 ὂς
1589 3765 1756 3837 μέχρι
1790 3767 1892 3836 μέν

312 3875 453 3923 τινος
483 3859 562 3931 τῷ
590 3860 761 3931 πατρὶ
795 3859 1134 3930 φιλοφρόνως
1157 3859 1410 3923 διέκειτο,
1445 3861 1892 3931 παραιτούμενος

310 3954 384 4018 ὡς
417 3955 567 4009 ἄκων
622 3953 720 4023 τὴν
775 3952 949 4024 ἀρχὴν
995 3952 1199 4007 ὑπέδυο
1234 3953 1328 4007 καὶ
1372 3954 1443 4006 τὰ
1497 3953 1642 4023 πρὸς
1696 3952 1893 4024 χρείαν

313 4048 518 4115 ἄφθονα
543 4065 607 4117 γε
633 4048 713 4116 τῷ
756 4045 1028 4118 Ὀρμίσδᾳ
1058 4046 1410 4118 ἐπεχορήγει.
1462 4048 1526 4101 '0
1556 4047 1614 4101 δὲ
1650 4046 1894 4118 ὑϐρίζων

306 4145 412 4195 οὐκ
447 4141 584 4195 ἀνίει
620 4142 715 4195 τὸν
766 4142 955 4207 παῖδα,
986 4141 1328 4213 διαρρίπτων
1373 4144 1469 4195 καὶ
1501 4142 1604 4195 ὅσα
1637 4139 1703 4212 δὴ
1748 4140 1896 4211 πέμ-

313 4233 487 4302 ψειενσ
515 4233 829 4304 Ἀχθεσθεὶς
879 4233 925 4287 δ’
971 4234 1067 4287 ἐπὶ
1105 4232 1317 4297 τούτοις
1369 4235 1398 4287 ὁ
1444 4235 1594 4299 παῖς,
1632 4218 1890 4304 ῥοπάλοις

310 4327 524 4398 ἀγρίοις
563 4328 816 4381 ἐκέλευεν
850 4327 1099 4396 ἀναιρεῖν
1123 4340 1138 4358 ⁶
1174 4326 1203 4380 ὃ
1235 4326 1300 4396 δὴ
1352 4326 1598 4396 Πέρσαις
1652 4325 1754 4395 μὲν
1802 4324 1921 4379 διὰ“

310 4418 485 4488 λύπης
526 4418 849 4491 γενόμενον,
884 4423 1044 4490 μῖσος
1095 4417 1217 4473 κατ’
1266 4417 1480 4472 ἐκείνου
1524 4415 1737 4488 ἀνῆψεν
1789 4416 1894 4469 οὑκ

306 4508 431 4563 ἔλατ
442 4527 547 4565 τον.

1996 3303 2099 3357 sibi
2127 3304 2360 3359 invicem
2386 3315 2646 3377 praestare
2676 3306 2900 3376 debere,
2923 3308 3135 3366 dicens.
3165 3308 3296 3377 Qua:
3327 3310 3419 3365 ubi
3455 3328 3580 3367 vera

1994 3411 2116 3453 esse
2170 3399 2450 3454 exercitus
2503 3401 2888 3460 Pberocltanis
2937 3406 3131 3471 sensit,
3172 3404 3369 3460 ducem
3418 3421 3580 3460 suum

1995 3498 2175 3556 necat,
2216 3501 2273 3546 et
2313 3489 2382 3546 ad
2427 3490 2649 3549 Varami
2696 3503 2884 3565 partes
2919 3495 3155 3551 aet-edit.
3195 3496 3406 3552 Exinde
3447 3513 3584 3553 con-

1994 3581 2176 3637 fertim
2224 3591 2281 3641 et
2325 3585 2667 3656 pepnlariter
2711 3587 3049 3659 congregati,
3092 3589 3439 3645 llormisdam
3489 3606 3584 3660 ag-

1994 3676 2326 3751 grediuntur
2356 3695 2372 3733 :
2403 3689 2459 3734 et
2494 3679 2807 3737 diademate
2837 3681 2906 3736 de
2939 3682 3121 3753 capite
3158 3684 3277 3754 ejus
3309 3683 3580 3747 detracto.

1995 3786 2027 3825 e
2059 3771 2210 3841 regio
2244 3772 2446 3827 tbrono
2483 3772 2806 3830 deturbant.
2839 3773 2961 3830 Mox
2994 3776 3046 3829 in
3078 3775 3254 3845 ipsius
3278 3788 3580 3847 conspectu

1994 3863 2284 3933 conjugem
2315 3872 2373 3919 et
2405 3865 2576 3920 filium
2628 3882 2797 3921 unum
2826 3865 3102 3938 jugulant,
3135 3882 3374 3937 eumque
3405 3869 3582 3926 oculs

1994 3953 2214 4009 edessis
2248 3955 2303 4009 in
2336 3958 2646 4011 custodiam
2684 3959 3014 4028 conjiciunt,
3042 3972 3099 4014 et
3129 3961 3362 4015 alterum
3406 3963 3437 4014 Ιξ
3465 3960 3579 4014 ium

1996 4044 2114 4116 ejus
2149 4046 2439 4101 Persarum
2484 4063 2670 4115 regem
2712 4051 3085 4121 promulgant.
3129 4051 3227 4107 llic
3261 4053 3327 4105 ad
3363 4062 3582 4122 tempus

1995 4138 2243 4210 aliquod,
2271 4139 2573 4211 benignum
2602 4156 2660 4196 se
2691 4143 2832 4212 patri
2867 4142 3122 4213 praebuit,
3170 4153 3226 4199 et
3256 4143 3488 4198 imitum
3520 4158 3581 4198 se

1991 4240 2227 4296 regnum
2276 4227 2590 4296 suscepisse
2636 4228 2985 4296 deprecando
3031 4229 3305 4301 allegavit,
3342 4229 3551 4284 aﬂ’atim

1995 4332 2102 4390 que
2150 4318 2354 4374 victum
2404 4320 2455 4374 ei
2501 4320 2971 4377 subministravit.
3013 4322 3175 4377 Pater
3209 4338 3342 4379 vero
3381 4332 3581 4378 eontu-

1998 4411 2178 4467 meliis
2217 4412 2393 4468 [illum
2427 4411 2663 4479 allicere,
2697 4423 2754 4470 et
2784 4416 3058 4487 projicere
3088 4432 3119 4472 a
3148 4430 3208 4472 se
3236 4431 3585 4487 qu:‘ecunque

2000 4506 2094 4561 ille
2144 4506 2420 4569 mittebat,
2461 4523 2572 4562 non
2625 4509 2946 4565 intermisit.
2995 4511 3113 4578 Qua
3166 4525 3227 4567 re
3274 4521 3587 4568 commotas

308 4605 580 4662 Clmsroes
621 4604 790 4673 illius,
823 4606 1046 4661 rusticis
1096 4604 1339 4662 fustibus
1378 4613 1595 4676 patrem
1643 4599 1888 4658 interimi
1917 4598 2104 4672 jussit.
2177 4594 2424 4655 Ea‘vero
2495 4599 2797 4674 indignitas
2829 4604 3012 4660 Persis
3047 4605 3297 4662 dolorem
3331 4608 3585 4674 incussit,

308 4712 366 4760 et
389 4702 575 4758 o’dium
607 4703 874 4758 adversus
905 4702 1060 4757 illum
1088 4717 1198 4757 non
1231 4716 1463 4773 parvum
1493 4699 1779 4757 excitavit.

907 4819 1157 4875 ΚΕΦΔΛ.
1196 4818 1278 4875 K".

325 4912 421 4980 Ὠς
452 4915 485 4969 ὁ
512 4912 650 4981 νέος
687 4912 965 4980 Χοσρόης
1012 4911 1211 4983 φυγὰς
1249 4911 1325 4983 ἐς,
1358 4909 1687 4983 Ῥωμαίους
1708 4905 1884 4983 ἦλθε.

380 4986 477 5039 καὶ
511 4984 584 5053 τῇ
625 4980 919 5053 Ῥωμαϊκῇ
945 4980 1244 5052 Uva-(ipost
1269 4982 1387 5051 τὴν
1409 4981 1641 5035 οἰκείαν
1691 4980 1892 5049 ἀρχὴν

379 5055 725 5126 ἀπειλήφει.

380 5169 550 5235 Γνοὺς
580 5170 637 5224 δὲ
658 5209 662 5212 ι
682 5170 930 5241 Χοσρόης
961 5170 1224 5241 Βάραμον
1265 5166 1735 5240 ἐπιστρατεύοντα
1771 5162 1893 5218 κατ’

313 5261 502 5325 αὑτοῦ,
530 5260 649 5332 μετ’
683 5261 967 5331 ἀξιολόγου
998 5261 1120 5315 κατ’
1153 5260 1366 5316 ἐκείνου
1396 5261 1579 5316 ἔπεισι
1607 5260 1708 5331 τῆς
1730 5257 1896 5317 δυνά·

315 5371 461 5425 μεως
488 5354 546 5409 ἐν
590 5369 700 5409 τινι
741 5353 915 5425 πεδίῳ
963 5354 1054 5408 τοῦ
1090 5353 1244 5408 Ζαόᾶ
1296 5351 1570 5424 ποταμοῦ.
1611 5349 1789 5422 Ὀρῶν
1834 5350 1892 5405 δὲ

309 5449 440 5513 τοὺς
489 5449 727 5513 οἰκείους
776 5447 1282 5512 ἐθελεκακοῦντας,
1339 5446 1439 5501 καὶ
1492 5440 1742 5517 Βαράμιρ
1791 5442 1895 5514 μὲν

312 5541 770 5610 προσκειμένους,
793 5538 986 5611 ἐκείνῳ
1006 5539 1062 5592 δὲ
1093 5536 1427 5610 φρονοῦντας
1445 5535 1734 5598 ἐπίϐουλα,
1762 5534 1896 5589 πολ-

212 5668 239 5675 -π
311 5630 436 5695 λοὺς
456 5632 808 5703 διεχρήσατο*
845 5632 943 5685 καὶ
972 5629 1068 5684 τοῦ
1091 5629 1333 5700 πλήθους
1351 5627 1721 5702 ταραχθέντος
1754 5626 1889 5678 ἀνα-

314 5727 518 5794 κράτος
563 5727 656 5778 ἐπὶ
703 5726 767 5778 τὸ
788 5724 1092 5794 Κιρκήσιον
1142 5723 1345 5793 ἔφευγε
1402 5721 1623 5791 σύναμα
1671 5718 1898 5788 γυναικὶ

318 5815 413 5869 καὶ
440 5816 650 5879 τέκνοις
673 5815 796 5870 δυσὶ
822 5816 1085 5884 νεογνοῖς,
1116 5814 1213 5867 καί
1232 5829 1345 5867 τισι
1373 5812 1605 5885 Περσῶν
1639 5809 1897 5881 εὐγενείᾳ.

317 5906 427 5963 τῶν
454 5907 666 5964 πολλῶν
688 5907 1062 5980 διαφέρουσιν,
1084 5908 1133 5962 ei
1155 5904 1433 5963 ἐθελονταὶ
1453 5904 1626 5976 τούτῳ
1651 5903 1893 5974 εἵποντο,

2488 4808 2656 4882 334
2701 4806 2928 4865 CAPUT
2968 4807 3088 4863 xx.

2002 4904 2066 4961 Ut
2097 4903 2349 4962 Cltosroes
2366 4900 2550 4973 junior
2574 4904 2644 4956 ad
2676 4901 2941 4956 Romanos
2961 4900 3280 4970 profugerit,
3299 4917 3586 4973 eorumque

2271 4974 2488 5029 auxiliis
2516 4989 2734 5044 regnum
2763 4989 2921 5025 suum
2950 4974 3302 5041 recuperarit.

2069 5156 2246 5214 Porro
2286 5155 2583 5220 Cbosroes,
2635 5154 3091 5225 quandoquidem
3140 5154 3438 5211 Varamum
3486 5159 3586 5211 azi-

1998 5268 2196 5308 versus
2238 5265 2298 5307 se
2344 5248 2651 5305 exercitum
2681 5247 2889 5303 ducere
2921 5248 3213 5320 cognovit,
3243 5263 3368 5305 cum
3409 5251 3588 5321 copiis

1999 5364 2110 5404 non
2179 5344 2606 5403 contemnendis
2660 5341 2927 5398 adversus
2986 5358 3113 5398 eum
3172 5343 3229 5398 in
3301 5344 3582 5412 planitiem

2000 5439 2328 5511 quamdam,
2362 5438 2430 5494 ad
2464 5436 2668 5493 Zabant
2696 5434 2930 5501 ﬂumen,
2957 5444 3042 5491 est
3084 5444 3438 5507 progressus.
3476 5437 3586 5493 Sed

2000 5532 2150 5588 enim
2186 5547 2313 5588 cum
2358 5545 2491 5587 suos
2538 5537 2883 5601 sponte‘sua
2923 5527 3187 5585 cedentes
3231 5528 3465 5585 Varamo
3504 5530 3587 5584 fa-

2002 5641 2160 5693 vere,
2190 5637 2245 5681 et
2276 5625 2383 5680 sibi
2415 5623 2650 5681 insidias
2673 5620 2890 5678 struere
2919 5622 3077 5686 vidit,
3106 5624 3310 5678 multos
3338 5624 3544 5678 occidit
3572 5641 3587 5678 :

2001 5726 2059 5772 et
2088 5717 2329 5771 tumultu
2372 5716 2426 5770 in
2477 5715 2729 5770 exercitu
2766 5722 2939 5776 moto,
2984 5712 3249 5768 celeriter
3283 5710 3353 5768 ad
3394 5710 3590 5767 Circe-

2003 5806 2148 5858 sium
2211 5805 2481 5876 profugit,
2534 5820 2644 5861 una
2700 5817 2827 5859 cum
2885 5802 3235 5874 conjugibus,
3285 5813 3343 5860 et
3399 5802 3591 5857 liberis

2005 5900 2225 5959 duobus
2262 5902 2593 5972 infantibus,
2632 5912 2687 5960 et
2718 5901 2902 5961 Persis
2950 5911 3219 5975 praetcrea
3248 5901 3587 5977 quibusdam
