4084 6458
346 428 351 433 ο
425 400 529 463 567

1640 398 2055 459 NICEPHORI
2097 397 2439 459 CALLlSTl
3574 396 3673 456 3:13

424 496 713 574 nobilitate
769 517 987 588 generis
1042 516 1510 586 przecellentihns,
1561 518 1654 586 qui
1707 518 1994 571 voluntate

2112 515 2323 570 Ἐκεῖσε
2354 516 2410 570 δὲ
2443 514 2800 583 παρεγένετο,
2832 514 2904 576 ῶς
2944 530 3004 581 γε
3037 511 3199 576 αὐτὶς
3226 512 3546 582 διηγήσατο,
3585 514 3676 564 τὴν

424 627 520 663 sua
575 624 700 663 eum
751 607 923 663 seculi
978 608 1215 662 fuerant.
1246 606 1325 661 Ad
1375 622 1499 660 eum
1560 616 1742 661 autem
1790 607 1993 669 locum,

425 700 892 769 quemadmodum
945 700 1064 769 ipse
1112 699 1319 761 retulit,
1355 698 1626 768 pervenit,
1670 713 1793 752 cum
1837 696 2001 752 Chri-

425 797 734 848 stianorum
768 788 938 846 Deum
979 801 1317 847 servatorem
1350 800 1405 846 et
1440 790 1540 844 viae
1591 792 1785 844 «lucem
1837 789 1995 843 iuro-

424 894 604 939 casset
633 901 647 939 :
680 900 748 939 eo
786 900 843 939 se
870 898 1073 952 equum
1110 892 1257 938 recta
1295 883 1407 946 ire,
1440 898 1549 953 quo
1591 883 1660 937 ab
1698 883 1788 936 illo
1833 884 1999 937 duce-

427 991 603 1043 retur,
660 979 1059 1046 permissurum
1112 984 1369 1031 testatus.
1404 976 1535 1029 lmle
1568 974 1634 1029 ad
1672 974 1993 1029 Mauricium

424 1082 673 1126 oratores
723 1069 875 1124 misit
900 1109 913 1131 .
948 1069 1127 1123 Probo
1173 1066 1420 1138 insoper,
1455 1079 1514 1121 ut
1549 1083 1634 1122 res
1657 1076 1801 1128 .acta
1831 1076 1996 1128 esset,

424 1164 628 1218 litteris
659 1162 840 1217 eidem
875 1161 1179 1215 indicante.
1213 1159 1362 1215 Misit
1392 1176 1524 1214 sane
1552 1171 1607 1215 et
1637 1161 1901 1216 Varamus
1927 1161 1994 1215 ad

426 1256 815 1322 imperatorem
875 1249 1234 1321 legationem,
1274 1267 1394 1320 qure
1452 1253 1520 1305 ah
1572 1268 1658 1315 eo,
1718 1267 1787 1306 ne
1837 1267 1996 1323 opem

342 1339 354 1347 ’
423 1346 686 1399 Chosroa:
723 1343 915 1410 ferret,
958 1344 1199 1413 petebat.
1228 1345 1297 1398 At
1333 1345 1653 1408 Mauricius,
1685 1348 1777 1416 qui
1810 1346 2000 1402 Imma-

352 1489 357 1493 .
427 1452 620 1491 uarum
678 1452 861 1490 rerum
916 1444 1119 1491 statum
1166 1435 1500 1498 instabilem,
1552 1447 1607 1490 et
1662 1438 1997 1491 cothurnum

425 1544 654 1597 prorsus
687 1543 811 1584 esse
840 1526 1033 1594 sciret,
1061 1536 1117 1581 et
1156 1527 1574 1583 vicissitudines
1614 1528 1998 1598 volubilcsque

427 1622 764 1676 mutationes
823 1621 1079 1676 humanae
1136 1630 1193 1675 et
1259 1621 1593 1676 miserabilis
1658 1622 1821 1692 lmjus
1874 1621 2000 1675 vitae

428 1722 635 1777 nosset,
661 1721 826 1781 atque
860 1711 977 1766 hac
1010 1723 1161 1767 recte
1198 1712 1250 1766 in
1284 1712 1473 1765 animo
1504 1728 1606 1768 suo
1637 1712 1998 1768 deliberando

429 1804 817 1874 lzerpettderet,
856 1818 1041 1871 regem
1088 1804 1195 1858 sibi
1231 1804 1541 1875 supplicem
1580 1805 1999 1874 perhumaniter

426 1908 484 1951 et
509 1897 751 1951 libenter
778 1898 1012 1967 suscipit
1043 1897 1122 1967 (Ι)
1156 1915 1168 1952 :
1203 1906 1261 1952 et
1295 1913 1395 1967 pro
1438 1898 1629 1953 exsule
1661 1908 1826 1967 atque
1859 1900 1998 1970 lugi-
2033 1876 2073 1932 Β

431 1992 562 2054 tivo,
588 1988 829 2045 amicum
876 1989 981 2045 sibi
1019 1998 1074 2045 et
1106 1990 1275 2045 lilium
1311 2006 1407 2060 per
1447 1993 1851 2062 arrogationcm
1876 2007 1998 2061 ger-

429 2096 652 2135 manum
692 2080 821 2136 facit
854 2079 956 2151 (Ξ),
999 2081 1160 2135 donis
1191 2081 1357 2152 regiis
1397 2091 1454 2137 et
1480 2080 1815 2137 liberalitate
1845 2081 1999 2136 beni-

427 2174 747 2244 gnitateque
800 2173 1012 2244 reliqua
1069 2173 1281 2243 prolire
1330 2173 1652 2228 invitatum.
1713 2173 1827 2228 Nec
1883 2173 2000 2241 ipse

430 2264 594 2321 modo
627 2265 694 2321 ad
724 2281 850 2321 eum
882 2265 1152 2335 imperiali
1195 2264 1571 2319 muniﬁcentia
1612 2279 1735 2334 quae
1766 2263 2002 2319 decebat

430 2358 600 2422 misit,
659 2357 751 2412 sed
807 2366 864 2412 et
907 2358 1148 2427 Augusta
1202 2356 1319 2426 ipsa
1372 2357 1701 2427 conjrtgihus
1744 2355 1883 2426 ejus,
1945 2364 2002 2409 et

430 2450 590 2504 liberi
635 2449 830 2502 liberis
860 2447 1109 2504 eamdem
1147 2448 1532 2518 pra'stiteruut
1574 2448 1858 2518 pietatem.
1899 2446 1999 2502 Ne-

427 2558 537 2611 que
581 2540 774 2596 ofﬁciis
821 2540 888 2596 iis
931 2549 1246 2604 contentus,
1293 2538 1629 2611 Hierapolim
1666 2554 1889 2610 quoque
1933 2540 2002 2595 ad

428 2636 734 2690 exercitum
770 2633 1090 2688 universum
1141 2642 1197 2688 et
1245 2632 1445 2688 ducem
1476 2632 1599 2702 ejus
1628 2632 2004 2688 Commentio-

427 2731 540 2784 lum
572 2729 799 2799 scripsit
827 2729 922 2799 qui
957 2726 1241 2783 Chosroen
1291 2727 1441 2797 regio
1479 2743 1708 2797 prorsus
1738 2727 2002 2782 satellitio

427 2830 483 2873 et
528 2819 790 2875 comitatu
838 2817 1197 2889 produceret,
1246 2828 1303 2873 et
1349 2832 1685 2888 quocunque
1719 2819 1883 2873 vellet
1919 2834 2003 2874 se-

429 2923 716 2982 queretur.
751 2915 932 2982 Atque
970 2922 1029 2966 ut
1064 2915 1326 2982 majorem
1363 2912 1413 2967 ei
1458 2912 1723 2967 honorem
1752 2911 2000 2974 haberet,

430 3007 831 3061 lilelitinensem
876 3019 1094 3074 quoque
1125 3004 1427 3060 antistitem
1459 3001 1861 3069 Domitianum,
1905 3014 2001 3055 co-

426 3114 650 3171 gnatum
703 3117 886 3164 suum,
919 3098 988 3153 ad
1042 3114 1168 3153 eum
1210 3097 1437 3167 legavit,
1483 3098 1661 3151 virum
1707 3098 2001 3167 prudentia

2099 606 2207 659 τῶν
2242 605 2590 671 Χριστιανῶν
2637 604 2768 658 Θεὸν
2800 603 3024 672 σωτῆρα
3059 606 3154 657 καὶ
3193 604 3387 673 ὁδηγῦν
3419 605 3678 657 ἐπικαλε-

2102 695 2356 763 σάμενος
2388 691 2614 746 κάκεῖσέ
2638 708 2699 745 τε
2723 690 2814 744 τὸν
2834 692 3001 744 ίππον
3025 691 3235 744 ἀνεῖναι
3254 691 3420 761 ὁμόσε
3446 693 3673 760 χωρεῖν,

2099 785 2224 838 ἔνθα
2260 783 2324 837 ἂν
2356 784 2492 853 πρὸς
2521 783 2689 837 αὐτοῦ
2723 784 2990 852 ὁδηγοῖτο·
3019 783 3234 834 ὲκεϊῦἐν
3262 801 3322 835 τε
3352 783 3489 853 πρὸς
3524 783 3680 835 Μαυ-

2102 877 2275 943 ρίκιον
2302 874 2610 944 πρεσϐείαν
2639 875 2880 938 ἔστελλε,
2927 873 3137 943 [Ιρόόου
3167 873 3242 936 ὡς
3268 873 3391 944 ἔσχε
3435 875 3504 926 τὰ
3535 890 3676 941 συμο

2100 967 2273 1018 ϐάντα
2327 966 2647 1037 μηνύοντος.
2687 965 2904 1018 Στέλλει
2938 965 2995 1019 δὲ
3045 964 3138 1018 καὶ
3165 963 3365 1035 Βαρὰμ
3412 963 3678 1032 πρέσϐεις

2100 1060 2238 1131 πρὸς
2271 1060 2520 1129 βασιλέα.
2554 1061 2616 1112 Ἠ
2648 1060 2704 1113 δὲ
2724 1058 2993 1129 πρεσὸεία
3023 1057 3097 1128 μὴ
3121 1056 3338 1129 Χοσρόῃ
3367 1060 3681 1128 συμμαχεῖν

2100 1154 2376 1223 αἱρεῖσθαι
2404 1153 2594 1207 ἐδεῖτο.
2645 1152 2959 1220 Μαυρέκιος
2983 1150 3040 1204 δὲ
3076 1150 3170 1203 τὸν
3199 1149 3417 1220 ἀσταθῆ
3453 1151 3549 1202 καὶ
3590 1151 3681 1202 κό-

2100 1244 2290 1313 θορνον
2328 1242 2443 1313 βίον
2472 1243 2652 1307 εἰδὼς,
2682 1245 2782 1307 τάς
2812 1259 2870 1295 τε
2906 1242 3239 1314 παλιρροίας
3269 1244 3364 1296 καὶ
3397 1241 3495 1306 τὰς
3520 1242 3680 1311 ἀγχμ

2110 1335 2378 1405 στρόφους
2400 1334 2701 1406 μεταϐολὰς
2724 1335 2823 1401 τῆς
2841 1334 3188 1404 ἀνθρωπίνης
3207 1326 3303 1387 xii.
3324 1331 3679 1404 ταλαιπώρου

2101 1431 2269 1500 ζωῆςι
2311 1432 2405 1484 καὶ
2438 1429 2593 1483 ταῦτ’
2626 1431 2684 1480 ὲν
2714 1429 2789 1498 νῷ
2819 1428 3000 1491 καλῶς
3032 1427 3262 1496 Θέμενος
3301 1428 3396 1480 καὶ
3431 1426 3679 1496 σταθμή-

2104 1540 2224 1589 σας,
2248 1523 2465 1592 δέχεται
2489 1522 2579 1575 τὸν
2615 1522 2825 1591 ἱκέτην,
2860 1522 2956 1575 καὶ
2992 1520 3238 1591 γνησίως
3279 1519 3426 1589 μάλα
3456 1521 3679 1589 προσίε-

2103 1630 2215 1667 ται·
2250 1616 2344 1668 καὶ
2371 1616 2491 1668 ἀντὶ
2519 1614 2761 1683 φυγάδος
2796 1615 2894 1667 καὶ
2925 1613 3233 1691 αὐτομόλου
3274 1612 3426 1682 φίλον
3459 1628 3519 1665 τε
3547 1611 3681 1682 γνή-

2102 1724 2217 1760 σιον
2269 1709 2367 1760 καὶ
2418 1706 2587 1762 παῖδα
2642 1688 2937 1767 ποιεῖται,
2963 1688 3247 1773 ἀναλόγοις
3306 1706 3418 1767 τοῖς
3485 1702 3678 1770 δώροις

2100 1798 2522 1868 δεξιωσάμενος,
2556 1799 2652 1852 καὶ
2679 1800 2744 1868 τῇ
2772 1796 2935 1867 λοιπῇ
2973 1795 3368 1867 φιλοφροσύνῃ,
3424 1796 3482 1847 οὐ
3516 1803 3679 1862 μόνος

2102 1891 2267 1954 αὐτὸς
2322 1890 2618 1960 βασιλικῶς
2674 1891 3007 1953 ἀποστείλας
3062 1891 3131 1945 τὰ
3176 1889 3387 1951 δέοντα,
3417 1888 3677 1942 ἀλλὰκαὶ

2102 1984 2205 2053 τῆς
2228 1984 2498 2055 βασιλίδος
2528 1984 2726 2047 ἐπίσης
2769 1986 2886 2046 ταῖς
2935 1983 3153 2037 ἐκείνου
3178 1982 3394 2050 γυναιξὶ
3432 1983 3525 2033 καὶ
3566 1980 3680 2033 τῶν

2109 2079 2318 2132 παίδων
2370 2080 2506 2147 πρῦς
2547 2078 2674 2141 τοὺς
2735 2078 2929 2140 παῖδας
2959 2079 3348 2131 διατεθέντων.
3399 2077 3475 2130 Οὐ
3507 2073 3680 2129 ταῦτα

2103 2168 2159 2221 δὲ
2193 2169 2379 2239 μόνον,
2410 2170 2543 2222 ἀλλὰ
2573 2170 2717 2222 κατὰ
2744 2171 2844 2238 τὴν
2879 2168 3189 2238 Ἰεράπολιν
3221 2167 3311 2220 τόν
3345 2183 3405 2219 τε
3449 2167 3680 2237 στρατὸν

2106 2261 2402 2330 σύμπαντα
2432 2262 2529 2315 καὶ
2575 2263 2665 2314 τὸν
2697 2262 3007 2331 στρατηγὸν
3035 2258 3396 2328 Κομεντίολον
3438 2257 3677 2326 ἔπεμπε,

2106 2353 2204 2404 σὺν
2251 2351 2505 2424 βασιλικῇ
2535 2353 2833 2424 δορυφορίᾳ
2864 2353 3281 2424 προπέμψοντα,
3310 2351 3405 2404 καὶ
3449 2351 3598 2422 αὖτῷ
3628 2350 3679 2405 οἱ

2106 2444 2371 2516 ἑψόμενον
2402 2443 2455 2499 οἷ
2487 2449 2554 2500 ἂν
2589 2447 2785 2500 ἕλοιτο.
2809 2445 3051 2511 Μείζονα
3081 2445 3137 2500 δὲ
3169 2447 3269 2517 τὴν
3302 2446 3470 2517 τιμὴν
3499 2461 3679 2515 παρα-

2108 2537 2388 2602 σκευάζων
2419 2537 2585 2608 αὐτῷ,
2640 2538 2732 2592 καὶ
2779 2539 2870 2591 τὸν
2918 2539 3018 2609 τῆς
3065 2538 3360 2608 Μελιτινῆς
3407 2539 3678 2610 πρόεδρον

2107 2631 2242 2699 πρὸς
2298 2632 2456 2699 γένος
2499 2631 2628 2686 ὄντα
2679 2633 2757 2701 τῷ
2816 2633 3109 2703 Μαυρικίῳ
3163 2632 3454 2702 ἔπεμπεν.
3508 2631 3681 2702 ἄνδρα

2107 2722 2356 2792 φρενήρη
2405 2742 2463 2776 τε
2515 2725 2613 2776 καὶ
2655 2724 2907 2795 ἀγχινοίᾳ
2948 2723 3057 2777 τῶν
3086 2724 3297 2778 πολλῶν
3325 2724 3676 2796 διαφέροντα,

2107 2814 2247 2882 λόγῳ
2274 2832 2333 2868 τε
2368 2810 2461 2868 καὶ
2488 2815 2635 2887 ἔργῳ
2667 2817 2903 2887 μάλιστα
2927 2817 3285 2884 ἱκανώτατον,
3307 2818 3404 2871 καὶ
3431 2822 3541 2882 τοῖς
3566 2817 3687 2871 τῶν,

2108 2908 2453 2978 πραγμάτων
2487 2910 2768 2979 μεγίστοις
2796 2911 3232 2981 ἀνυσιμώτατον.
3260 2911 3680 2982 Παραζεὺγνυσι

2106 3001 2162 3054 δὲ
2206 3000 2355 3071 αὖτῷ
2407 3004 2499 3054 καὶ
2548 3002 2638 3053 τον
2683 3003 2782 3069 τῆς
2838 3002 3112 3073 Ἀντιόχου
3158 3002 3426 3073 ιπέχοντα
3483 3004 3669 3073 Θρόνον

2107 3094 2430 3165 Γρηγόριον.
2483 3093 2546 3147 Ol
2587 3094 2651 3164 δὴ
2696 3095 2793 3147 καὶ
2840 3095 3009 3164 ἄμφω
3035 3095 3283 3167 Χοσρόην
3333 3097 3679 3170 κατέπληξαν

429 3195 741 3263 mentisque
783 3190 1010 3247 solertia
1053 3191 1244 3245 multis
1275 3198 1662 3254 auteeuntem,
1706 3190 2002 3260 verbisque

2110 3187 2311 3253 λόγοις,
2348 3187 2569 3256 δώροις,
2596 3190 2715 3250 ταῖς
2744 3189 3074 3257 προσφόροις
3102 3188 3212 3242 τῶν
3237 3191 3467 3259 ὁμιλιῶν
3493 3208 3553 3245 τε
3588 3191 3682 3246 καὶ

430 3284 596 3338 simul
627 3297 682 3337 et
713 3282 874 3338 factis
905 3291 1285 3352 prastantem,
1317 3292 1373 3335 et
1403 3281 1468 3335 ad
1498 3282 1717 3350 negotia
1764 3282 1999 3335 maxima

428 3375 773 3431 conlii-ienda
794 3372 1167 3429 commodum.
1194 3371 1457 3443 Adjunxit
1481 3371 1611 3426 huic
1641 3370 2003 3425 Antiochense

430 3468 581 3522 sedis
623 3466 909 3536 prmsidem
956 3463 1305 3530 Gregorium.
1353 3462 1457 3529 Qui
1507 3462 1672 3515 ambo
1715 3461 2001 3515 Chosrocn

432 3560 639 3624 verbis,
690 3541 1039 3618 muneribus,
1090 3557 1546 3626 tempestivisque
1591 3553 1888 3623 colloquiis
1947 3562 2005 3608 ct

341 3684 349 3689 -
431 3648 792 3705 suasionibus
824 3645 892 3701 ad
917 3656 1200 3716 stuporem
1239 3654 1296 3701 et
1318 3645 1828 3700 consternationem
1855 3659 2006 3699 com-

432 3742 710 3811 pulerunt.
735 3738 1011 3795 Chosroes
1036 3737 1130 3792 ubi
1164 3737 1521 3807 Hierapolim,
1545 3753 1667 3807 quae
1697 3737 2002 3808 principem

433 3837 616 3887 locum
668 3831 722 3885 in
770 3828 1140 3897 Euphratesia
1192 3827 1432 3890 obtinet,
1488 3827 1776 3895 pervenit,
1821 3828 1872 3880 in
1922 3842 2009 3880 re-

428 3942 596 3996 gnum
623 3924 752 3978 inde
780 3922 967 3986 rediit,
992 3919 1157 3992 835
1175 3934 1298 3975 cum
1332 3920 1382 3974 id
1416 3935 1446 3974 e
1474 3921 1675 4008 re'ejus
1700 3918 2002 3973 Mauricius

428 4035 551 4074 esse
581 4026 872 4079 censeret,
906 4017 1001 4085 qui
1049 4015 1308 4085 majorem
1358 4013 1547 4085 gloria:
1577 4022 1634 4067 et
1679 4012 1861 4067 laudis
1893 4027 2007 4066 sua:

429 4098 666 4182 partem,
708 4125 775 4163 ex
824 4106 1117 4163 couunodo
1166 4114 1221 4159 ct
1269 4106 1506 4161 utilitate
1542 4105 1809 4174 supplicis
1860 4102 2009 4172 regis

430 4214 515 4259 est
553 4215 798 4257 mensus.
835 4198 1028 4268 Magna
1076 4205 1228 4253 certe
1265 4197 1515 4266 pecunia:
1551 4196 1622 4259 \i,
1673 4193 1820 4263 quod
1863 4210 2007 4246 nun-

431 4308 597 4363 quam
635 4307 664 4344 a
694 4289 952 4359 quapiam
989 4288 1041 4341 in
1074 4286 1292 4341 litteras
1322 4285 1559 4340 relatum
1600 4293 1704 4345 est,
1736 4284 2004 4337 «laniatum

431 4386 744 4446 Chosroen,
778 4379 1110 4450 quibusdam
1144 4379 1311 4433 etiam
1358 4376 1547 4431 Persis
1582 4375 1850 4445 impensis
1893 4376 2011 4430 suis

435 4478 488 4530 in
527 4475 779 4529 militiam
810 4474 931 4542 ejus
974 4469 1289 4533 conductis,
1329 4483 1465 4523 sane
1504 4482 1670 4537 quam
1719 4466 2009 4536 magniﬁce

2111 3281 2487 3351 εἰσηγήσεσιν.
2524 3281 2689 3351 Ἀχρι
2727 3281 2786 3334 δὲ
2831 3283 2940 3335 τῶν
2980 3283 3361 3351 Ἰεραπολιτῶν
3392 3286 3682 3354 γενόμενος

2110 3376 2138 3427 ὁ
2165 3373 2437 3443 Χοσρόης,
2468 3372 2502 3444 ἢ
2538 3373 2635 3441 τῆς
2671 3373 3059 3444 Εὐφρατησίας
3106 3376 3480 3446 προκάθηται,
3522 3374 3623 3431 will
3654 3395 3683 3442 ς

2109 3467 2391 3536 ἐπανῆκε·
2452 3465 2612 3519 τοῦτο
2671 3468 2767 3519 καὶ
2831 3466 3144 3537 Μαυρικίου
3201 3467 3486 3539 συμφέρον
3541 3468 3682 3524 εἶναι

2109 3557 2484 3626 διεγνωκότος,
2522 3557 2618 3611 καὶ
2661 3559 2721 3610 τό
2767 3575 2829 3627 γε
2882 3558 3045 3612 πλέον
3089 3559 3192 3628 τῆς
3225 3561 3493 3628 σφετέρας
3524 3562 3682 3631 δόξης

2112 3653 2166 3713 ἐς
2191 3651 2217 3704 ὅ
2242 3666 2315 3719 κγε
2351 3652 2596 3703 συνοῖσον
2628 3651 2805 3704 ἐδόκει
2837 3650 2916 3722 τῷ
2944 3653 3098 3724 ἱκέτῃ
3120 3653 3381 3716 ἐνδόντος.
3403 3654 3683 3724 Ἀφθόννιις

2111 3741 2167 3795 δὲ
2218 3742 2465 3812 χρήμασι
2497 3742 2894 3811 δεξιωσάμενος
2929 3744 3021 3796 τὸν
3070 3746 3358 3814 Χοσρόῃν,
3394 3745 3424 3799 ὃ
3474 3748 3682 3816 μήποτέ

2111 3851 2194 3897 τις
2228 3837 2507 3903 ἱστόρησε,
2538 3836 2632 3888 καί
2668 3853 2808 3898 τινας
2839 3837 3052 3901 Πέρσας
3073 3837 3535 3908 στρατολογήσας,
3564 3843 3684 3904 ταῖς

2110 3924 2343 3985 οἰκείαις
2369 3924 2646 3979 ἐπιδόσεσι.
2678 3927 3001 3996 περιφανῶς
3036 3927 3127 3980 τὸν
3158 3929 3374 3998 Πέρσην
3407 3930 3681 3999 ἐξέπεμπε

2114 4015 2233 4087 μεθ’
2265 4016 2530 4087 ἐκατέρου
2565 4016 2798 4087 στρατοῦ
2848 4017 3126 4086 Περσικοῦ
3159 4035 3219 4071 τε
3264 4019 3382 4089 ἅμα
3429 4022 3524 4074 καὶ
3555 4020 3684 4075 Ῥω-

2115 4106 2339 4177 μαῖκοῦο
2369 4107 2564 4178 Ναρσῆ
2598 4107 2707 4161 τῶν
2748 4106 3040 4178 Ῥωμαίων
3086 4110 3415 4179 ἡγουμένου,
3467 4112 3522 4176 ὃς
3559 4113 3684 4182 ἐξή-

2112 4212 2277 4249 κοντα
2315 4197 2472 4267 μόνον
2508 4195 2757 4267 χιλιάδας
2808 4198 3103 4266 συμὸαλὼν
3151 4201 3411 4271 Πέρσαις,
3446 4205 3687 4274 ζωγρῖας

2111 4282 2279 4341 εἷλεν*
2305 4287 2400 4352 οὓς
2424 4289 2640 4359 Χοσρόῃ
2669 4290 3039 4359 προσαγαγὼν
3059 4291 3248 4362 δόρατι
3274 4295 3683 4366 κατηκόντισεν

2113 4380 2228 4432 ὅσοι
2263 4379 2311 4433 δ’
2340 4380 2567 4432 ἐκείνων
2605 4382 2667 4433 ἐκ
2700 4381 2961 4451 Τούρκων
2991 4379 3157 4455 ἦσαν.
3185 4384 3400 4455 βασιλεῖ
3439 4388 3686 4460 Χοςρὸης

2112 4472 2256 4524 κατὰ
2282 4471 2344 4523 τὸ
2375 4471 2672 4536 Βυζάντιον
2702 4473 2974 4543 ἔπεμπεν.
3029 4476 3090 4531 Ὀ
3138 4477 3197 4531 δὲ
3246 4479 3354 4531 τῶν
3396 4480 3687 4548 Ῥωμαίων

436 4572 490 4623 in
525 4566 810 4624 Persidem
843 4564 1079 4629 remisit,
1121 4577 1245 4615 eum
1295 4570 1533 4631 utroque
1564 4559 1836 4625 exercitu,
1881 4558 2004 4613 l‘cr-

2114 4562 2351 4632 στρατὸς
2385 4561 2476 4615 τὸν
2529 4563 2726 4633 Βαράμ
2775 4567 3323 4636 καταγωνισάμενος,
3366 4569 3571 4632 ἀκλεῶς
3618 4573 3681 4641 τῇ

437 4664 556 4718 sieo
617 4659 781 4715 simul
837 4666 894 4713 et
942 4657 1212 4711 Romano.
1260 4652 1462 4706 Narses
1517 4649 1781 4705 Romanis
1833 4650 2009 4720 cepiis

437 4752 658 4824 ιιι-ιιυΐιιίι
698 4752 823 4822 (5);
868 4749 961 4820 qui
1002 4763 1129 4804 cum
1184 4746 1366 4801 Persis
1416 4744 1604 4814 prmlio
1654 4756 2006 4813 congressus,

437 4846 726 4918 sexaginta
762 4841 932 4898 millia
966 4844 1257 4898 Persarum
1296 4854 1461 4891 manu
1495 4835 1665 4907 cepit,
1693 4850 1900 4905 eosque
1940 4834 2006 4888 ad

437 4935 721 4988 Chosroen
776 4930 1046 4986 adductos
1096 4926 1391 4981 hastilibus
1440 4926 1688 4980 conlisit.
1740 4923 1815 4978 Ex
1858 4926 1922 4978 iis
1964 4925 2009 4979 si

435 5025 530 5094 qui
560 5022 726 5077 Turci
769 5030 953 5082 erant,
985 5035 1085 5075 eos
1118 5019 1389 5074 Chosroes
1424 5016 1745 5086 imperatori
1797 5016 2009 5086 Byzan~

438 5120 575 5170 tium
630 5113 799 5168 misit.
844 5112 1020 5167 Porro
1071 5110 1331 5164 Romanae
1378 5108 1575 5177 ςορίιιε,
1629 5106 1861 5159 Varamo
1914 5106 2008 5175 qui

440 5208 675 5276 turpiter
724 5220 789 5259 cx
833 5219 1014 5275 pugna
1064 5202 1217 5257 solus
1269 5200 1534 5270 profugit,
1587 5197 1889 5261 debellato,
1928 5213 2013 5251 re—

438 5314 605 5369 gnum
642 5313 802 5350 suum
831 5297 1090 5350 (lhosroae
1126 5295 1180 5348 in
1218 5308 1413 5347 manus
1455 5290 1827 5375 tradiderunt,
1855 5304 2013 5344 eum-

440 5406 547 5460 que
578 5391 632 5444 in
669 5390 869 5457 regiam
905 5402 1060 5442 suam
1100 5386 1474 5441 deduxerunt.
1509 5384 1559 5438 ls
1591 5384 1645 5438 in
1683 5382 1884 5437 throno
1912 5396 2013 5434 suo

440 5481 758 5543 considens,
798 5479 1059 5534 ltoruanis
1085 5464 1442 5550 audientibus
1473 5475 1644 5530 verba
1678 5475 1795 5527 haec
1830 5472 2013 5542 prolo-

441 5582 607 5626 cutus
649 5581 769 5625 est:
807 5571 919 5625 Rex
967 5571 1231 5635 Chosroe,
1268 5570 1377 5624 diei
1436 5569 1601 5640 hujus
1657 5575 1923 5637 perpetuo
1962 5573 2015 5617 te

513 5707 588 5773 ll)
614 5705 861 5777 Contigit
892 5716 1077 5760 autem
1112 5713 1169 5777 u_t
1199 5719 1325 5777 eum
1353 5702 1570 5758 Probus
1600 5701 1885 5772 patricius,
1918 5697 2012 5764 qui

442 5775 555 5830 ilhc
577 5787 716 5838 erat,
743 5774 1068 5845 susciperet.
1103 5774 1301 5845 (Diac.)

513 5847 588 5916 (ἢ)
617 5844 815 5902 Filium
844 5843 1003 5903 suum
1029 5847 1133 5902 sibi
1167 5844 1453 5901 Chosroeu
1485 5858 1672 5915 regem
1720 5843 2012 5902 Persarum

2113 4655 2407 4727 συμπλοκῇ
2433 4656 2595 4725 μόνον
2627 4661 2773 4729 φυγῇ
2801 4661 3170 4729 χρησάμενον,
3197 4661 3410 4732 Χοσρόῃ
3431 4665 3529 4731 τὴν
3550 4663 3682 4716 ἰδίαν

2112 4747 2286 4817 ἀρχὴν
2316 4748 2719 4819 ἐγχειρίζουσιν
2745 4764 2760 4779 ο
2812 4750 2973 4819 ἄχρις
3022 4750 3205 4803 αὐτῶν
3239 4753 3347 4803 τῶν
3394 4751 3677 4819 βασιλείων

2111 4842 2564 4913 προπέμψαντες,
2598 4841 2828 4896 ὕστατον
2863 4845 3082 4897 πάντων
3126 4845 3450 4910 ἐπειπόντος
3476 4847 3682 4901 ἐκείνου

2111 4929 2189 4998 τῷ
2228 4929 2341 5000 ἰδίῳ
2386 4931 2558 4999 Θρόνῳ
2619 4931 3020 5001 ἐνιδρυθέντος,
3078 4950 3097 4984 ι
3149 4932 3378 4988 Βασιλεῠ
3428 4937 3644 5006 Χοσρόη
3673 4980 3688 5000 ,

2113 5019 2292 5090 χρεών
2317 5032 2377 5072 σε
2398 5019 2499 5090 τῆς
2532 5021 2747 5092 ἡμέρας
2769 5022 2972 5092 ταύτης
2999 5025 3087 5077 ἀεί
3117 5040 3248 5077 ποτε
3281 5027 3472 5096 μνείαν
3495 5029 3692 5097 κεκτῆ-

2116 5112 2261 5169 σθαι.
2293 5112 2385 5164 καὶ
2412 5114 2469 5164 ὲν
2500 5112 2575 5181 νῷ
2598 5112 2767 5181 ἔχειν,
2792 5112 2986 5183 ὅτιπερ
3026 5114 3288 5183 Ῥωμαῖοι
3312 5119 3396 5169 σοὶ
3426 5117 3526 5186 τὴν
3550 5119 3590 5171 Π
3632 5135 3691 5189 ρο

2120 5205 2228 5256 σῶν
2264 5203 2550 5272 βασιλείαν
2574 5204 2778 5272 προῖκα
2808 5204 3151 5272 χαρίζονται.
3193 5223 3209 5256 ι
3251 5206 3361 5270 Τὰς
3384 5205 3430 5259 δ’
3461 5209 3525 5260 ὲκ
3552 5211 3693 5277 Περ..

2120 5295 2230 5348 σῶν
2263 5295 2559 5357 amcam;
2585 5294 2842 5357 δεδοικὼς
2867 5296 3115 5367 Χοσρόης
3147 5297 3353 5367 χιλίους
3383 5298 3692 5369 Ῥωμαίους

2117 5388 2238 5460 ᾔτει
2287 5387 2623 5457 Μαυρῐκιον.
2671 5386 2732 5438 '0
2781 5387 2838 5439 δὲ
2890 5388 3020 5456 φίλα
3077 5389 3316 5458 φρονῶν,
3366 5391 3428 5443 τὸ
3482 5392 3691 5457 αἴτημα

2117 5481 2278 5546 ἐξεπέ
2290 5497 2470 5549 ρανεν.
2511 5477 2988 5543 Ἀνεσκολοπίζετο
3009 5480 3066 5533 δὲ
3091 5483 3184 5532 καὶ
3206 5481 3398 5544 Σίττας
3425 5483 3563 5552 πρὸς
3585 5498 3616 5532 τ
3637 5511 3644 5525 ι
3665 5499 3695 5534 ν

2119 5573 2381 5643 Περσῶν
2442 5573 2537 5625 καὶ
2584 5574 2693 5625 τῶν
2742 5573 3051 5643 Μαρτύρων
3103 5575 3137 5645 ἡ
3194 5574 3350 5638 πόλις
3398 5572 3693 5643 Ῥωμαίοις

2119 5706 2419 5779 Mauricius
2448 5707 2677 5765 l‘aciens.
2711 5708 2913 5779 (Diac.)

2193 5778 2267 5846 (5)
2299 5778 2686 5860 Narsesollom.
2715 5777 2821 5835 dux
2862 5780 3125 5836 Chosroa:
3158 5794 3320 5851 opem
3352 5779 3561 5847 ferens,
3590 5777 3695 5835 Va—

2121 5862 2336 5903 ramum
2363 5859 2553 5906 vmctt.
