4084 6462
342 338 440 401 δτι

1565 355 1985 421 NICEPHORI
2029 364 2114 423 CA
2129 367 2369 431 LLISTI

3496 367 3604 432 372

340 471 520 530 perta,
555 460 610 515 in
644 461 817 518 a'dem
859 465 1167 522 venerandi
1205 467 1379 541 Sergii
1412 473 1690 534 misimus.
1728 496 1746 529 ι
1776 478 1913 533 Cum

2025 484 2295 555 βασιλέων
2323 490 2443 545 υίοῦ
2479 492 2731 547 Καϐάδου
2779 492 2871 549 τοῦ
2909 490 3184 564 ἡμετέρου
3226 488 3455 559 πατρὸς,
3506 491 3601 543 καὶ

340 555 446 607 hac
474 554 839 623 inscriptione
867 557 1147 615 Ch'osroes
1180 576 1378 618 cruces
1410 566 1555 620 misit
1582 584 1597 622 :
1623 584 1763 637 quas
1786 569 1921 625 Gre-

335 647 526 715 gorius
556 648 621 701 ad
659 663 719 704 se
753 650 969 715 allatas,
1002 661 1058 707 et
1080 653 1148 707 dc
1177 656 1424 712 Mauricii
1455 662 1729 716 sententia
1764 677 1920 721 acce-

339 748 484 805 ptas.
511 756 637 794 cum
669 756 871 813 pompa
898 754 954 799 et
1001 747 1267 801 comitatu
1315 750 1513 813 multo,
1557 751 1922 810 observanter

335 831 501 885 simul
540 841 596 886 et
639 834 898 905 religiose
954 837 1008 892 in
1056 842 1262 910 templo
1312 844 1575 914 martyris
1602 847 1836 902 sacravit
1863 858 1921 904 et

336 922 604 989 reposuit,
636 923 776 977 nihil
814 940 1040 994 prorsus
1072 931 1143 983 ab
1174 931 1416 988 ethnicis
1454 935 1703 993 donariis
1728 935 1920 993 Eccle—

335 1015 475 1069 siam
509 1015 828 1073 detrimenti
860 1034 1062 1089 capere
1087 1022 1416 1081 arbitratus.

805 1312 971 1384 337
1013 1313 1240 1373 CAPUT
1282 1317 1449 1374 xxu.

331 1400 412 1456 De
439 1402 589 1458 donis
620 1420 737 1474 quia
783 1406 922 1458 idem
949 1406 1199 1492 Chosrues
1230 1416 1460 1468 maximo
1484 1418 1712 1486 martyri
1735 1415 1919 1492 Sergio

1049 1482 1211 1536 misit.

400 1584 521 1640 Non
553 1587 718 1658 longe
749 1599 933 1647 autem
966 1603 1115 1663 post,
1151 1595 1428 1652 Chosroes
1461 1600 1627 1654 etiam
1658 1601 1765 1656 alia
1798 1618 1918 1659 mu-

331 1693 467 1733 nera
501 1680 830 1748 fabrefacta,
865 1695 922 1740 et
954 1685 1009 1739 in
1043 1700 1265 1741 sacrum
1304 1690 1485 1744 sancti
1536 1692 1796 1764 martyris
1825 1697 1916 1748 de-

329 1768 556 1824 lubrum
606 1773 797 1841 missa,
828 1785 997 1845 atque
1029 1777 1245 1833 discum
1274 1782 1442 1836 etiam
1469 1797 1581 1837 non
1613 1798 1913 1854 paucarum

331 1863 606 1918 minarum
658 1869 925 1936 ponderis
968 1886 1221 1939 aureum,
1272 1874 1363 1929 cui
1410 1889 1667 1932 sermone
1723 1876 1914 1934 Graeco

329 1954 668 2031 ejusccmodi
720 1959 1011 2033 inscripsit
1058 1963 1298 2027 litteras.
1345 1966 1581 2024 donavit
1635 1987 1649 2023 :
1707 1986 1728 2021 ι
1798 1969 1914 2041 Ego

328 2046 605 2106 Chosroes
653 2067 745 2108 rex
800 2068 1016 2125 regum,
1056 2054 1201 2110 illius
1246 2056 1572 2124 llormisdae,
1607 2058 1726 2115 haec
1759 2059 1915 2117 disco

330 2138 423 2194 isti
469 2140 775 2213 inscripsi:
807 2161 919 2202 non
972 2157 1036 2203 ut
1087 2148 1158 2203 ab
1206 2150 1531 2207 hominibus
1564 2160 1911 2222 spectentur,

328 2248 515 2303 neque
555 2246 616 2290 ut
654 2237 840 2293 verbis
872 2240 1012 2295 meis
1041 2240 1364 2311 magnitudo
1399 2244 1703 2301 venerandi
1734 2245 1914 2301 nomi-

329 2327 419 2385 nis
447 2328 526 2383 tui
561 2329 899 2395 innotescat,
935 2333 1031 2387 sed
1067 2343 1297 2403 propter
1325 2335 1522 2406 scripti
1560 2336 1735 2407 ipsius
1762 2338 1912 2393 veri-

240 2436 243 2439 ·
329 2427 522 2487 tatem,
553 2426 611 2475 et
643 2421 831 2490 plures
866 2424 1094 2493 gratias,
1142 2424 1415 2497 pluraque
1462 2428 1751 2484 benefacta
1795 2445 1825 2484 a
1857 2439 1912 2485 te

330 2512 386 2573 in
421 2527 508 2566 me
539 2513 793 2583 profecta
822 2514 922 2585 (1).
956 2514 1260 2573 Felicitatis
1290 2517 1441 2573 enim
1477 2518 1603 2578 loco
1630 2520 1766 2575 mihi
1803 2532 1909 2589 est,

298 2613 393 2658 ’nt
436 2620 640 2659 nomen
675 2621 860 2669 meum
899 2608 953 2662 in
988 2609 1165 2664 sacris
1213 2611 1323 2666 tuis
1361 2613 1514 2668 vasis
1554 2613 1912 2671 circumfera-

328 2699 419 2746 tur
460 2691 564 2761 (ἢ).
617 2690 757 2748 Cum
804 2710 985 2752 essem
1022 2697 1077 2752 in
1114 2697 1387 2765 Beramis,
1437 2701 1572 2770 petii
1621 2718 1651 2757 a
1697 2711 1772 2769 te,
1827 2704 1914 2759 vir

326 2791 642 2869 sancte,_ut
689 2784 745 2839 in
797 2787 1068 2843 auxilium
1123 2789 1259 2844 mihi
1305 2792 1551 2862 venires,
1587 2802 1642 2849 et
1680 2793 1801 2850 Sira
1854 2796 1909 2852 in

330 2883 493 2930 utero
549 2878 899 2949 conciperet.
943 2879 1011 2936 Et
1070 2883 1525 2956 quandoquidem
1574 2886 1697 2943 Sira
1743 2887 1911 2945 Chri-

329 2967 530 3034 stiana,
578 2985 682 3042 ego
723 2980 909 3029 autem
962 2972 1165 3031 Graeca:
1200 2978 1622 3049 superstitionis
1667 2990 1912 3037 sectator

330 3077 537 3128 essem,
578 3073 635 3119 et
681 3064 835 3135 leges
882 3079 1089 3133 nostra:
1131 3071 1294 3128 nobis
1323 3072 1636 3129 libertatem
1681 3092 1908 3133 uxorem

2022 580 2342 649 εὑρεθέντος
2371 585 2428 636 ἐν
2457 586 2569 649 τοῖς
2596 587 2891 657 ἡμετέροις
2923 585 3244 656 θησαυροῖς,
3268 582 3603 652 ἐπέμψαμεν

2021 674 2080 725 ὲν
2110 674 2187 744 τῷ
2222 676 2360 747 οἴκῳ
2379 677 2474 731 τοῦ
2504 680 2819 732 πανσὲπτου
2849 679 3136 749 Σεργίου.»
3169 676 3353 730 Ταῦτα
3384 675 3603 745 γράψας

2021 765 2295 837 Χοσρόης,
2324 767 2613 822 ἀπέστειλε
2666 772 2796 835 τοὺς
2831 769 3132 840 σταυρούςο
3179 757 3272 830 οὓς
3302 766 3604 837 Γρηγόριος

2022 859 2334 927 Μαυρικέου
2366 861 2563 933 γνώμῃ
2590 861 2792 928 λαϐὼν,
2819 864 2919 918 σὺν
2947 863 3141 932 πομπῇ
3172 861 3270 913 καὶ
3298 859 3603 929 δορυφορέᾳ

2023 950 2217 1020 πολλῇ,
2252 953 2310 1016 ἐς
2354 955 2417 1006 τὸ
2449 953 2592 1025 ίερδν
2621 954 2717 1010 τοῦ
2762 955 3044 1027 μάρτυρος
3083 952 3300 1024 σεμνῶς
3344 952 3461 1020 ἃμα
3504 953 3602 1004 καὶ

2020 1044 2268 1109 εὐλαϐῶς
2320 1046 2559 1101 ἀνετίθει
2604 1046 2781 1112 οὕτως
2833 1047 3082 1118 ἔχοντας,
3133 1045 3306 1118 μηδὲν
3350 1045 3603 1114 οἰόμενος

2020 1134 2278 1188 ἐντεῦθεν
2307 1138 2374 1207 τῇ
2403 1136 2504 1208 τῆς
2544 1138 2875 1210 Ἐκκλησίας
2903 1138 3030 1212 δόξῃ
3074 1136 3441 1212 λυμαίνεσθαι
3489 1137 3602 1197 τοῖς

2020 1227 2259 1292 ἐθνικαῖς
2288 1230 2659 1302 ἀναθήμασιν.

2568 1378 2579 1382 -
2606 1347 2859 1404 ΚΕΦΔΛ.
2896 1346 3026 1404 KB'.

2020 1436 2162 1507 Περὶ
2195 1435 2318 1492 τῶν
2345 1436 2550 1508 δώρων
2575 1428 2848 1507 Χοσρόου
2870 1437 2915 1509 νᾶ
2944 1439 3021 1505 τῷ
3041 1439 3310 1509 μεγίστῳ
3341 1435 3598 1508 μάρτυρι

2512 1509 2734 1578 Σεργίῳ
2762 1508 3107 1564 ἀπέστειλε.

2091 1620 2205 1674 Οὐκ
2231 1622 2313 1685 είς
2347 1620 2568 1693 μακράν
2592 1621 2650 1676 δὲ
2675 1622 2925 1694 Χοσρόης
2955 1623 3051 1677 xui
3084 1622 3249 1695 ἕτερα
3272 1622 3423 1696 δῶρα
3448 1621 3600 1694 ὲξερσ

2018 1713 2353 1783 γασάμενος,
2392 1715 2632 1784 πέμπων
2670 1715 2749 1783 τῷ
2780 1713 2910 1786 θείῳ
2942 1714 3097 1786 σηκῷ
3136 1714 3235 1801 τοῦ
3277 1714 3423 1786 ίεροῦ
3457 1715 3599 1785 μάρ-

1950 1837 1990 1892 B
2019 1823 2181 1874 τυρος
2238 1805 2547 1877 ἐχαρίζετο,
2590 1805 2685 1861 καί
2731 1824 2856 1861 τινα
2903 1807 3090 1892 δίσκον
3140 1800 3382 1880 χρυσοῦν
3436 1804 3599 1875 ὁλκὴν

2027 1893 2175 1964 μνῶν
2197 1893 2297 1949 οὐκ
2343 1894 2632 1966 ἐλαχίστην
2661 1895 2915 1951 ἓλκοντω
2951 1898 3010 1950 ἐν
3050 1889 3096 1964 ᾧ
3133 1895 3408 1964 Ἑλλήνων
3442 1895 3595 1963 φωνῇ

2021 1990 2087 2043 τὰ
2104 1990 2283 2045 τοιάδε
2299 1989 2410 2044 τῶν
2428 1990 2778 2062 γραμμάτων
2800 1988 3134 2060 ἐπέγραψεν·
3157 2008 3175 2041 σ
3187 1986 3330 2057 Ἐγὼ
3348 1987 3597 2057 Χοσράης

2025 2080 2280 2151 βασιλεὺς
2333 2079 2604 2150 βασιλέων
2653 2079 2769 2143 υίὸς
2808 2079 3106 2150 Ὀρμίσδου
3152 2077 3221 2130 τὰ
3267 2077 3325 2130 ὲν
3353 2075 3490 2145 τῷδε
3520 2074 3597 2142 τῷ

2020 2166 2193 2245 δίσκῳ
2246 2172 2613 2244 γεγραμμένα
2658 2171 2760 2225 οὐκ
2807 2172 2889 2235 είς
2937 2170 3067 2225 θέαν
3116 2168 3441 2237 ἀνθρώπων,
3475 2164 3599 2219 ούδδ

2020 2260 2113 2314 ῖνα
2146 2262 2213 2313 ὲκ
2241 2260 2350 2313 τῶν
2377 2260 2554 2328 λόγων
2587 2276 2693 2329 μου
2745 2260 2807 2313 τὸ
2856 2259 3089 2329 μέγεθος
3135 2257 3230 2312 τοῦ
3282 2257 3596 2310 πανσέπτου

2020 2350 2288 2421 ὀνόματός
2325 2367 2421 2404 σου
2469 2351 2716 2423 γνωσθῇ,
2766 2350 2905 2405 ἀλλὰ
2932 2350 3023 2404 διὰ
3051 2349 3148 2422 τὴν
3182 2347 3443 2417 ἀλήθειαν
3487 2347 3598 2399 τῶν

2019 2436 2450 2510 γεγραμμένων,
2485 2440 2580 2493 καὶ
2601 2440 2690 2494 διὰ
2715 2441 2814 2502 τὰς
2840 2440 3037 2505 πολλὰς
3063 2440 3294 2511 χάριτας
3312 2437 3408 2493 καὶ
3437 2437 3598 2506 εὐερο

2021 2532 2214 2601 γεσίας
2243 2531 2308 2595 ἃς
2336 2531 2495 2604 ἔσχον
2519 2533 2671 2603 παρὰ
2707 2533 2823 2586 σοῦ.
2859 2532 3102 2603 Εὐτυχία
3134 2531 3245 2602 γάρ
3294 2531 3387 2598 μοί
3427 2531 3598 2592 ἐστιν,

2019 2624 2108 2678 ἴνα
2126 2624 2188 2677 τὸ
2204 2625 2335 2695 ἐμὸν
2353 2624 2528 2695 ὄνομα
2548 2627 2860 2697 ἐμφέρηται
2888 2629 2997 2689 τοῖς
3018 2627 3183 2697 ἱεροῖς
3203 2642 3297 2678 σου
3322 2623 3593 2678 σκεύεσιν.

2030 2718 2122 2772 Ἐν
2151 2717 2230 2788 τῷ
2261 2711 2404 2772 εἶναί
2438 2736 2506 2789 με
2561 2722 2622 2774 ὲν
2658 2720 2738 2789 τῷ
2786 2721 3052 2791 Βεραμὶς,
3103 2720 3395 2791 ᾐτησάμην
3445 2716 3597 2785 παρὰ

2021 2809 2140 2877 σοῦ,
2166 2810 2314 2879 ἅγιε,
2336 2811 2512 2865 ἐλθεῖν
2539 2813 2617 2875 είς
2641 2812 2740 2883 τὴν
2765 2812 3019 2883 βοήθειάν
3044 2829 3168 2880 μου,
3195 2812 3289 2864 καὶ
3311 2812 3371 2863 ἐν
3395 2807 3597 2876 γαστρὶ

2022 2898 2310 2953 συλλαϐεῖν
2338 2899 2528 2970 Σιρήν.
2552 2900 2664 2954 Καὶ
2690 2898 2880 2971 ἐπειδὴ
2908 2900 2940 2970 ἡ
2965 2898 3098 2969 Σιρὴ
3124 2898 3427 2968 Χριστιανή
3453 2900 3594 2961 ἐστι,

2017 2991 2177 3063 κάγὼ
2216 2992 2441 3064 Ἕλλην,
2492 2994 2520 3046 ὁ
2557 2992 2831 3063 ἡμέτερος
2872 2991 2929 3045 δὲ
2959 2992 3123 3061 νόμος
3156 2991 3340 3045 ἄδειαν
3372 2990 3503 3061 ἡμῖν
3532 2991 3593 3044 οὐ

2018 3083 2252 3154 παρέχει
2302 3080 2640 3153 Χριστιανὴν
2683 3080 2830 3151 ἔχειν
2863 3082 3153 3150 γαμετήψ
3202 3080 3291 3134 διὰ
3336 3079 3467 3149 γοῦν
3492 3080 3593 3151 τὴν

329 3167 448 3209 eam
501 3155 742 3212 habendi
795 3175 907 3216 non
963 3163 1392 3237 permitterent,
1443 3174 1675 3236 propter
1731 3183 1907 3224 meam

2018 3175 2157 3245 ἐμὴν
2188 3174 2329 3245 πρὸς
2370 3174 2432 3227 σε
2475 3173 2903 3244 εὐγνωμοσύνην
2950 3166 3032 3235 είς
3062 3171 3269 3242 ταύτην
3296 3171 3389 3224 τὸν
3429 3176 3595 3241 νόμον

329 3260 457 3319 erga
488 3256 542 3304 te
572 3251 1042 3319 benevolentiam,
1073 3255 1193 3335 ejus
1231 3256 1407 3324 gratia
1441 3257 1591 3325 leges
1629 3258 1779 3328 ipsas
1809 3259 1909 3315 de-

330 3344 508 3413 spexi,
539 3359 776 3416 eamque
807 3348 876 3403 de
902 3347 995 3405 die
1026 3348 1083 3405 in
1114 3350 1257 3405 diem
1296 3350 1445 3407 inter
1472 3354 1737 3424 conjuges
1777 3369 1913 3410 vero

329 3433 665 3505 sineeroque
706 3454 895 3496 amore
939 3439 1109 3505 habui
1137 3451 1196 3497 et
1226 3442 1425 3498 habeo.
1458 3445 1638 3515 Atque
1669 3444 1742 3499 ita
1775 3444 1910 3500 mihi

330 3527 509 3582 visum
541 3537 649 3595 est,
679 3530 982 3587 bonitatem
1018 3544 1192 3599 tuam,
1227 3535 1312 3589 vir
1347 3548 1559 3601 sancte,
1589 3536 1910 3606 implorare,

331 3626 393 3674 ut
421 3620 537 3675 inec
574 3622 627 3675 in
663 3633 821 3677 utero
852 3626 1194 3696 conciperet.
1229 3627 1366 3683 Pelii
1402 3628 1509 3684 hoc
1541 3645 1570 3683 a
1603 3637 1677 3696 te,
1709 3639 1764 3685 et
1786 3639 1913 3685 voto

329 3714 598 3768 constitui
643 3732 658 3770 :
716 3717 760 3771 si
822 3725 1043 3776 uterum
1099 3727 1343 3786 gestaret
1379 3719 1524 3785 Sira,
1581 3731 1642 3776 ut
1686 3736 1909 3777 crucem

329 3818 495 3875 quam
529 3804 624 3859 illa
659 3805 1006 3871 circumfert,
1040 3807 1356 3863 venerando
1381 3809 1587 3879 templo
1617 3819 1714 3865 tuo
1742 3810 1914 3863 infer-

328 3909 468 3953 rem.
515 3893 714 3953 Verum
746 3898 867 3973 ejus
900 3898 979 3953 rei
1006 3900 1181 3971 gratia
1229 3915 1332 3971 ego
1356 3907 1412 3954 et
1442 3898 1566 3955 Sira
1615 3899 1912 3976 consilium

327 3989 601 4058 cepimus,
637 3999 697 4044 ut
721 4002 1144 4057 monumentum
1170 3992 1409 4052 nominis
1442 3991 1542 4058 tui,
1574 3990 1663 4046 vir
1696 4000 1910 4056 sancte,

328 4079 476 4148 apud
536 4096 641 4134 nos
685 4092 853 4147 esset,
900 4098 1125 4139 crucem
1191 4100 1312 4144 eam
1364 4084 1659 4140 retinere:
1714 4083 1914 4138 statui-

330 4187 562 4243 musque
588 4190 688 4244 pro
711 4190 796 4242 ea,
823 4184 877 4230 et
900 4182 1081 4244 pretio
1106 4177 1583 4246 mstimationeque
1607 4177 1751 4253 ejus.
1777 4191 1912 4245 qua-

329 4276 414 4323 ter
437 4267 588 4321 mille
623 4278 679 4320 et
709 4269 1146 4338 quadringentos
1173 4278 1411 4325 stateres
1443 4269 1770 4323 miliaresios
1801 4284 1912 4322 non

328 4360 659 4424 ext-edente,
716 4360 1018 4430 quinquies
1068 4362 1221 4416 mille
1277 4372 1514 4417 stateres
1561 4362 1805 4416 mittere.
1843 4360 1914 4416 Et

327 4467 397 4509 ex
430 4465 538 4521 quo
568 4450 715 4520 apud
745 4467 833 4525 me
867 4451 1047 4521 ipsum
1094 4460 1280 4506 votum
1319 4452 1426 4506 tale
1456 4450 1707 4520 concepi,
1745 4458 1913 4518 atque

2018 3267 2299 3337 παρεῖδον·
2331 3267 2425 3321 καὶ
2451 3265 2658 3335 ταύτην
2685 3267 2742 3319 ὲν
2774 3264 3025 3334 γυναιξὶν
3052 3264 3260 3334 ἡμέραν
3290 3263 3351 3328 ἐξ
3381 3264 3595 3334 ἡμέρας

2015 3356 2075 3408 ἑν
2109 3354 2432 3426 γνησιότητι
2480 3354 2641 3424 ἔσχον
2673 3355 2770 3407 καὶ
2803 3353 2935 3424 ἔχω.
2985 3354 3096 3406 Καὶ
3144 3351 3318 3414 οὕτως
3352 3352 3594 3404 συνεῖδον

2018 3447 2117 3502 νῦν
2143 3447 2404 3517 δεηθῆναι
2442 3445 2541 3515 τῆς
2578 3447 2677 3515 σῆς
2708 3446 3068 3515 ἀγαθότητος,
3101 3444 3251 3513 ἆγιε,
3298 3445 3356 3498 ἐν
3388 3444 3591 3515 γαστρὶ

2016 3535 2307 3590 συλλαϐεῖν
2326 3535 2553 3606 ταύτην.
2587 3535 2699 3589 Καὶ
2727 3534 3021 3607 ᾐτησάμην
3045 3535 3145 3587 καὶ
3182 3531 3588 3600 συνεταξάμην,

2018 3627 2129 3693 ἵνα,
2162 3626 2258 3681 ἐὰν
2283 3628 2342 3681 ὲν
2377 3625 2577 3697 γαστρὶ
2621 3624 2867 3697 συλλάϐῃ
2900 3623 3057 3696 Σιρὴ,
3086 3624 3179 3677 τὸν
3224 3623 3459 3693 σταυρὸν
3502 3621 3595 3674 τὸν

2017 3717 2358 3789 φορούμενον
2409 3718 2540 3788 παρ’
2573 3718 2744 3786 αὐτῆς
2779 3717 2981 3788 πέμψω
3022 3715 3102 3787 τῷ
3152 3715 3448 3783 πανσέπτῳ
3496 3730 3593 3766 σου

2016 3813 2172 3881 οἴκῳ.
2210 3811 2323 3864 Καὶ
2348 3809 2540 3864 τούτου
2578 3808 2746 3865 ἕνεκα
2778 3809 2933 3878 κάγὼ
2968 3810 3062 3863 καὶ
3095 3807 3227 3879 Σιρὴ
3258 3807 3350 3861 τὸν
3388 3806 3594 3860 σκοπὸν

2016 3902 2210 3957 τοῦτον
2263 3902 2479 3973 ἔχομεν,
2518 3902 2606 3955 ἴνα
2653 3903 2732 3964 είς
2787 3901 3136 3971 μνημόσυνον
3187 3899 3282 3953 τοῦ
3328 3899 3595 3969 ὀνόματός

2018 4012 2137 4061 σου,
2171 3996 2318 4066 ἆγιε,
2350 3994 2542 4048 τοῦτον
2564 3994 2656 4048 τὸν
2686 3992 2920 4063 σταυρὸν
2940 3993 3252 4063 κρατῶμεν.
3280 3993 3393 4046 Καὶ
3416 3991 3596 4043 συνεία

2015 4087 2183 4157 δομεν
2216 4084 2333 4140 ἀντ’
2366 4083 2531 4138 αὑτοῦ
2559 4083 2661 4154 τὴν
2683 4083 2855 4154 τιμὴν
2885 4082 3076 4149 αὐτοῦ,
3106 4083 3182 4154 μὴ
3214 4081 3595 4136 συντείνουσαν

2020 4177 2339 4249 περαιτέρω
2373 4178 2482 4229 τῶν
2509 4173 2969 4245 τετρακισχιλίων
2996 4173 3369 4245 τετρακοσίων
3401 4172 3597 4243 στατή-

2019 4289 2131 4342 ρων
2162 4267 2547 4340 μιλιαρησίων,
2579 4265 3053 4336 πεντακισχιλίους
3079 4265 3353 4337 στατῆρας
3387 4266 3596 4333 ἐκπέμι

2016 4365 2138 4434 ψαι.
2167 4364 2274 4417 Καὶ
2295 4364 2354 4430 ἐξ
2376 4357 2437 4416 οὗ
2466 4363 2562 4432 τὴν
2593 4361 2852 4429 τοιαύτην
2884 4362 2942 4414 ἐν
2963 4359 3142 4429 ἐαυτῷ
3166 4359 3326 4429 ἔσχον
3356 4358 3597 4428 αἴτησιν,

2019 4458 2115 4511 καὶ
2142 4456 2314 4511 ταῦτα
2343 4453 2760 4524 διελογισάμην,
2792 4452 2898 4516 ¹ἐως
2928 4450 2990 4508 οὗ
3018 4451 3336 4522 ἐφθάσαμεν
3378 4450 3440 4501 τὸ
3480 4450 3600 4502 Ῥο-

333 4549 450 4605 ha-c
486 4550 543 4603 in
584 4547 773 4606 animo
805 4548 1074 4615 volutavi,
1107 4546 1473 4624 quoadusque
1505 4545 1912 4611 Rosochosrum

2022 4546 2309 4619 σοχοσρὺν,
2358 4548 2492 4600 δέκα
2524 4546 2731 4617 ἡμέραι
2785 4545 2950 4599 πλέον
2993 4547 3054 4599 οὔ
3096 4545 3334 4617 διῆλθον·
3379 4547 3473 4601 καὶ
3504 4545 3593 4608 σῖ),

331 4638 711 4710 pervenimus,
754 4654 865 4701 non
900 4639 1090 4709 plures
1117 4653 1283 4708 quam
1314 4638 1506 4693 decem
1552 4638 1915 4693 intercessere

276 4742 285 4751 '
330 4734 474 4789 dies.
502 4731 573 4787 Et
612 4744 695 4801 tu,
727 4733 813 4786 vir
847 4742 1058 4799 sanete,
1091 4747 1199 4786 non
1235 4730 1381 4801 quod
1422 4747 1527 4811 ego
1556 4732 1756 4801 dignus
1789 4730 1913 4786 fue-

331 4827 462 4890 rim,
500 4827 597 4881 sed
650 4826 799 4897 quod
845 4841 910 4883 ea
959 4834 1052 4879 tua
1094 4825 1168 4889 sit
1209 4825 1547 4895 benignitas,
1604 4825 1658 4879 in
1706 4824 1915 4880 somnis

332 4917 472 4973 mihi
511 4928 682 4974 noctu
718 4919 1048 4990 apparuisti,
1089 4920 1429 4996 tertiumque
1481 4917 1548 4972 ad
1603 4932 1712 4982 me,
1765 4915 1913 4988 quod

232 5005 236 5009 ⁴
333 5014 461 5068 Sira
505 5023 756 5083 ventrem
807 5022 1089 5084 gestatum
1126 5023 1295 5076 esset,
1329 5010 1544 5067 dixisti.
1594 5011 1663 5065 Et
1713 5025 1815 5080 ego
1857 5008 1914 5063 in

331 5105 530 5159 eadem
559 5104 676 5174 ipsa
709 5104 927 5160 visione
960 5104 1182 5159 tertium
1228 5103 1327 5156 tibi
1362 5102 1645 5173 respondi,
1684 5099 1853 5166 Recte
1898 5116 1913 5155 :

333 5198 569 5269 proinde
616 5199 762 5268 quod
813 5208 1078 5270 praestare
1110 5206 1235 5251 vota
1268 5196 1679 5266 petitionesque
1709 5195 1914 5260 soleas,

334 5307 401 5345 ex
447 5307 516 5347 eo
543 5289 633 5346 die
659 5290 805 5357 Sira,
855 5290 911 5345 id
957 5290 1106 5360 quod
1138 5288 1361 5344 feminis
1391 5289 1645 5343 accidere
1682 5302 1916 5343 consue-

254 5374 261 5381 ’
332 5384 439 5447 vit,
490 5398 601 5438 non
636 5383 792 5438 vidit.
830 5383 943 5452 Ego
972 5398 1102 5437 vero
1135 5396 1348 5436 mecum
1402 5380 1523 5450 ipse
1559 5382 1628 5435 de
1663 5379 1767 5433 hoc
1800 5394 1917 5433 am-

336 5475 557 5548 bigens,
591 5475 640 5532 si
676 5476 866 5533 verbis
909 5475 1020 5530 tuis
1045 5474 1209 5529 (idem
1238 5488 1346 5528 non
1379 5473 1667 5537 haberem,
1699 5481 1756 5527 et
1789 5486 1917 5542 pro-

337 5577 532 5638 pterea
566 5567 717 5638 quod
748 5576 978 5624 sanctus
1022 5566 1124 5633 sis,
1166 5563 1438 5634 datorque
1488 5570 1766 5629 votorum,
1802 5575 1913 5615 non

409 5752 488 5820 (l)
532 5751 731 5823 Evagr.
760 5750 861 5808 lib.
890 5739 1119 5823 vt._'cap.
1155 5745 1250 5823 at.

413 5814 490 5892 (2)
524 5814 678 5891 Quae:
693 5823 783 5881 hic
806 5824 934 5882 divo
957 5814 1433 5917 SergioCltesroes
1457 5815 1680 5891 gentilis
1699 5814 1922 5918 tribuit,

2017 4640 2166 4708 ἆγιε,
2201 4640 2261 4692 οὐ
2292 4638 2381 4692 διὰ
2415 4640 2478 4692 τὸ
2527 4635 2671 4691 εῖναί
2704 4655 2775 4708 με
2817 4638 2988 4703 ἄξιον,
3027 4637 3164 4692 ἀλλὰ
3206 4637 3294 4690 διὰ
3344 4638 3443 4715 τὴν
3496 4634 3594 4705 σὴν

2021 4731 2359 4801 ἀγαθὸτητα,
2396 4731 2605 4802 ἐφάνης
2641 4749 2733 4802 μοι
2766 4733 2824 4785 ὲν
2856 4731 3095 4802 ὁράματι
3125 4730 3226 4801 τῆς
3255 4730 3468 4792 νυκτός·
3497 4730 3590 4780 καὶ

2015 4824 2205 4895 τρίτον
2239 4820 2400 4888 εἶπάς
2436 4842 2550 4894 μοι,
2584 4826 2666 4878 ὅτι
2697 4824 2833 4895 Σιρὴ
2895 4826 2955 4879 ὲν
2999 4823 3200 4894 γαστρὶ
3248 4821 3383 4888 ἕξει.
3423 4816 3590 4888 Κάγὼ

2017 4918 2075 4972 ὲν
2096 4917 2244 4987 αὐτῷ
2266 4919 2343 4987 τῷ
2369 4919 2610 4988 ὁράματι
2635 4918 2819 4988 τρίτον
2851 4916 3266 4988 ἀνταπεκρίθην
3289 4933 3371 4969 σοι
3396 4915 3591 4983 λέγων·

2018 5010 2237 5074 Καλῶςο
2274 5012 2371 5065 καὶ
2402 5012 2491 5066 διὰ
2531 5011 2592 5063 τὸ
2615 5008 2756 5064 εἷναί
2800 5028 2858 5064 σε
2892 5010 3095 5080 δοτῆρα
3146 5009 3256 5063 τῶν
3286 5011 3595 5079 αἰτήσεων,

2017 5102 2082 5155 ἐκ
2131 5102 2230 5172 τῆς
2261 5101 2475 5173 ἡμέρας
2504 5101 2723 5171 ἐκείνης
2761 5102 2795 5170 ἡ
2831 5100 2967 5172 Σιρὴ
3010 5101 3073 5154 τὸ
3114 5099 3428 5168 εἰθισμένον
3473 5100 3598 5162 ταῖς

2017 5193 2270 5264 γυναιξὶν
2304 5194 2406 5247 οὐκ
2439 5190 2602 5247 εἶδεν.
2651 5191 2793 5260 Ἐγὼ
2827 5191 2886 5245 δὲ
2918 5192 3179 5255 διστάσας
3223 5193 3305 5254 είς
3337 5190 3516 5258 τοῦτο,
3542 5189 3596 5242 εί

2023 5287 2100 5360 μὴ
2137 5289 2252 5351 τοῖς
2289 5287 2471 5356 λόγοις
2505 5302 2599 5339 σου
2631 5287 2954 5351 ἐπίστευσα,
2977 5286 3070 5340 καὶ
3100 5286 3184 5338 ὅτι
3220 5285 3375 5352 ἆγιος
3405 5279 3456 5337 εῐ
3500 5283 3598 5336 καὶ

2018 5379 2185 5447 δοτὴρ
2214 5379 2324 5432 τῶν
2354 5380 2651 5448 αἰτήσεων,
2706 5378 2844 5448 μετὰ
2889 5376 3061 5432 ταῦτα
3093 5376 3161 5430 τὰ
3203 5377 3490 5444 γυναικεῖα
3521 5374 3598 5447 μὴ

2022 5471 2340 5541 ὑπομεῖναι,
2368 5471 2433 5523 ἐκ
2465 5468 2659 5522 τούτου
2691 5468 2866 5537 ἔγνων
2895 5469 2996 5540 τὴν
3016 5467 3252 5539 δύναμιν
3270 5465 3365 5521 τοῦ
3383 5468 3599 5537 ὁράμα-

2017 5581 2133 5631 τος,
2197 5564 2292 5618 καὶ
2342 5561 2585 5635 τὴντῶν
2620 5566 2776 5632 παρὰ
2833 5561 2928 5616 σοῦ
2983 5560 3262 5633 ῥηθέντων
3311 5558 3598 5629 ἀλήθειαν.

2019 5761 2083 5803 ea
2115 5743 2413 5818 Christiani
2434 5742 2706 5818 UniDeo,
2725 5743 2780 5798 in
2809 5718 2916 5818 quo
2947 5759 3069 5818 spes
3094 5753 3145 5803 ct
3179 5758 3309 5817 apes
3336 5757 3462 5802 suas
3487 5757 3602 5801 om-

2022 5832 2121 5873 nes
2152 5816 2445 5886 coilocant,
2480 5815 2767 5907 tribuunt._
