4084 6458
388 386 492 448 38Ἰ

1588 380 2009 443 Ν1(.ΕΡῙΙΟΠ1
2059 377 2412 442 CALIJSTI

3565 367 3672 431 388

389 501 541 552 neris
579 506 705 554 ortu
741 495 927 562 divisi,
969 495 1171 568 partim
1203 495 1274 550 ab
1303 495 1431 560 Var,
1461 498 1662 566 partim
1695 513 1724 552 a
1756 498 1974 552 Clitumi

2096 494 2424 565 τωνόμαζον.
2485 491 2719 558 Λέγεται
2751 487 2860 558 γὰρ
2907 486 3020 550 τοῖς
3077 484 3188 538 τῶν
3221 483 3445 537 Σκυθῶν
3493 485 3674 538 ἔθνεσι

390 593 822 664 appellationem
848 591 1074 646 habent.
1100 591 1467 660 Posteaquam
1497 601 1686 645 autem
1719 591 1788 645 de
1809 591 1976 644 rebus

391 687 804 742 l’st-udabarum
836 684 1097 748 diximus,
1148 683 1216 738 ad
1251 683 1542 738 historiam
1573 684 1979 738 contexendam

391 783 707 835 redeamus.
745 779 965 850 Ogorlia
993 779 1420 850 igiturdevicto,
1452 787 1511 832 et
1536 778 1761 832 Tucoch
1796 779 1978 848 gentis

395 875 646 943 prinripe
682 889 777 928 ore
809 873 976 944 gladii
1027 888 1056 927 a
1093 871 1355 941 Cltagano
1419 871 1661 934 sublato,
1719 886 1824 924 una
1854 885 1978 924 cum

395 965 522 1025 ltoc,
559 963 796 1017 nationis
825 961 1072 1032 ejusdem
1112 975 1267 1014 casa:
1306 969 1435 1014 sunt
1489 958 1714 1028 triginta
1772 955 1984 1025 myrin-

393 1059 514 1122 des,
552 1059 625 1111 ita
687 1065 746 1110 ut
818 1055 1140 1110 continuata
1191 1053 1653 1122 interemptorum
1708 1051 1980 1104 cadavera

391 1151 610 1204 dlt'rlllll
647 1150 858 1224 aliquot
910 1147 1259 1202 iultibuerint
1302 1146 1432 1202 iter.
1481 1145 1618 1201 Cum
1672 1159 1805 1198 \‘CIO
1865 1142 1982 1196 lucc

393 1253 501 1294 tam
553 1243 814 1310 przrclara
869 1238 1448 1310 Cltaganoobtigissct
1509 1237 1764 1299 victoria,
1820 1236 1982 1292 civile

395 1329 540 1383 inter
562 1330 774 1384 Turcos
803 1340 1058 1384 coortum
1097 1329 1434 1384 estbellum.
1467 1326 1753 1398 Siquidem
1787 1327 1982 1381 Turun

392 1423 616 1492 quidam
650 1423 894 1494 Chagani
928 1432 1214 1494 cognatus,
1244 1439 1333 1478 res
1385 1439 1556 1477 novas
1585 1423 1832 1485 molitus,
1891 1437 1983 1476 co-

395 1516 515 1582 pias
567 1531 792 1586 magnas
821 1517 1119 1580 contraxit,
1164 1516 1368 1586 quibus
1421 1515 1684 1583 Cltagano
1721 1529 1985 1584 congres-

395 1625 490 1664 sus
525 1610 786 1679 superior
815 1609 918 1662 fuit
954 1609 1057 1678 (Ι).
1089 1612 1157 1661 At
1189 1608 1283 1663 ille
1318 1608 1444 1662 aliis
1475 1609 1656 1662 tribus
1709 1606 1985 1677 Citaganis

396 1705 451 1758 in
475 1703 793 1758 societatem
832 1701 960 1783 belli
1011 1703 1243 1768 vocalis,
1291 1713 1486 1759 contra
1525 1714 1818 1775 tyrannum
1854 1717 1986 1773 pro-

395 1811 617 1865 gressus
650 1804 734 1849 est
775 1813 788 1848 :
822 1805 879 1849 et
909 1810 1089 1866 pugna
1122 1795 1187 1849 ad
1238 1795 1526 1850 castellum
1564 1793 1682 1848 lear
1714 1793 1982 1849 commis-

397 1901 478 1954 sa,
515 1887 660 1940 inter
685 1885 862 1940 caules
892 1889 1092 1940 multas
1127 1891 1420 1954 tyrannum
1472 1884 1778 1951 interemit,
1811 1893 1868 1939 et
1897 1883 1984 1941 di-
2015 1867 2060 1928 Β

398 1977 602 2030 tioaent
635 1991 790 2030 suam
827 1977 1196 2047 recuperavit.
1230 1975 1489 2032 Victoria:
1533 1977 1656 2047 ejus
1685 1976 1984 2048 gratulatio

396 2083 520 2120 eum
551 2067 674 2122 aliis
699 2068 1069 2137 principibus,
1097 2077 1211 2121 tum
1245 2067 1511 2123 Mauricio
1541 2069 1644 2137 ipsi
1677 2079 1762 2123 est
1815 2070 1988 2139 signi-

398 2159 578 2214 ﬁcata.
639 2159 980 2215 Praemium
1039 2159 1426 2228 gratulationis
1460 2148 1604 2231 ejus
1661 2161 1768 2216 tale
1829 2161 1982 2215 fuit:

404 2271 423 2305 ι
445 2237 834 2308 Romanorum
869 2251 1188 2321 imperatori
1232 2267 1468 2322 magnus
1489 2251 1748 2322 despotes
1773 2261 1984 2322 septem

399 2345 668 2416 gentium,
714 2352 770 2397 et
804 2353 1018 2414 septem
1045 2345 1197 2398 Orbis
1258 2354 1422 2399 terrae
1468 2343 1752 2398 climatum
1803 2343 1986 2396 domi-

401 2453 527 2494 nus.
566 2457 585 2491 ι
621 2438 917 2492 Enimvero
950 2447 1193 2492 montem
1235 2437 1380 2502 lcar,
1422 2451 1652 2491 aureum
1684 2435 1865 2491 Persae
1897 2451 1990 2487 vo-

401 2540 532 2588 cant
553 2572 567 2598 ,
601 2531 870 2585 orientem
903 2545 1099 2585 versus
1132 2530 1321 2595 situm,
1352 2540 1645 2601 propterea
1675 2528 1822 2598 quod
1873 2528 1990 2582 [rtt-

400 2639 528 2696 gum
579 2633 664 2679 est
701 2623 1098 2703 feracissimos,
1160 2624 1564 2694 pecoribusque
1618 2631 1674 2676 et
1726 2621 1991 2694 jumentis

399 2715 906 2788 frequentissimus.
943 2716 1124 2770 Persis
1149 2723 1333 2770 autem
1372 2715 1459 2769 lex
1486 2727 1588 2778 est,
1617 2725 1676 2769 ut
1720 2715 1991 2784 potentis-

397 2815 541 2868 simo
569 2813 826 2882 Cltagano
861 2825 1092 2865 aureum
1145 2809 1294 2864 hunc
1358 2817 1602 2863 montem
1661 2808 1990 2864 concedant.

400 2908 571 2962 lidem
603 2907 820 2962 duabus
876 2907 1028 2962 hisce
1062 2905 1231 2960 rebus
1286 2919 1518 2975 prorsus
1572 2917 1632 2959 se
1689 2903 1991 2974 gloriantes

399 3001 678 3066 efferunt,
725 3000 874 3072 quod
928 3013 1214 3069 nunquam
1273 2997 1604 3068 epidemiatn
1664 2997 1994 3067 pestilentiae

401 3092 668 3160 viderint,
695 3103 752 3148 et
777 3091 923 3163 quod
958 3093 1065 3147 rari
1119 3091 1176 3146 in
1233 3090 1457 3161 regione
1502 3105 1696 3145 eorum
1730 3091 1843 3146 sint
1877 3099 1991 3146 ter-

2083 588 2248 640 τοῦτο
2279 586 2484 656 μᾶλλον
2515 583 2578 636 τὸ
2621 581 2791 651 φῦλον
2843 579 3273 650 ἐντρεχέστατον
3303 579 3396 630 καὶ
3445 576 3673 648 πολεμι-

2085 681 2332 732 κώτατον
2364 673 2530 731 εἶναι.
2587 674 2808 744 Ἀμέλει
2837 690 2920 726 τοι
2968 673 3059 725 καὶ
3093 673 3262 741 μέχρι
3302 668 3396 724 τοῦ
3432 669 3598 740 δεῦρο
3623 671 3672 722 οί

2083 770 2430 840 ψευδάύαρες
2467 760 2615 821 οὗτοι
2646 770 2712 836 τῇ
2745 764 2855 818 τῶν
2883 761 3059 830 γενῶν
3089 761 3231 831 ἀρχῇ
3266 758 3592 831 διῄρηνται·
3624 759 3673 810 οί

2089 865 2190 931 μὲν
2223 862 2331 933 γὰρ
2361 863 2423 913 ἐκ
2449 860 2544 914 τοῦ
2582 860 2754 928 Οὐάρ,
2798 858 2847 909 οί
2879 855 2923 908 δ’
2953 856 3015 907 ἐκ
3046 855 3141 908 τοῦ
3176 855 3343 907 Χουν’.
3375 849 3676 920 ὀνομάζον-

2083 971 2198 1008 ται.
2261 953 2413 1005 Ἐπεὶ
2463 953 2520 1006 δὲ
2579 952 2647 1004 τά
2691 950 2803 1003 τῶν
2837 947 3203 1018 ψευδασάρων
3244 946 3379 1017 ἡμῖν
3427 946 3670 1016 εἴρηται,

2086 1049 2176 1099 ἐπὶ
2205 1045 2266 1099 τὸ
2295 1045 2394 1115 τῆς
2428 1043 2673 1114 ἱστορίας
2707 1026 2930 1112 σύνεχὲς
2965 1038 3374 1106 ἐπανέλθωμεν.
3417 1035 3709 1108 Ὀγορλία.

2086 1139 2269 1192 τοίνυν
2305 1137 2690 1209 νενικημένον,
2727 1137 2821 1190 καὶ
2863 1134 2958 1187 τοῦ
3001 1133 3213 1202 Toube
3261 1132 3526 1202 ἐθνάρχου
3556 1130 3650 1184 στό

2091 1249 2226 1301 ματι
2261 1211 2538 1301 ῥομφαίας
2565 1229 2699 1298 πρὸς
2727 1229 2984 1297 Χαγάνου
3015 1226 3387 1296 ἐκδεδομένου,
3421 1228 3519 1278 σὺν
3546 1225 3674 1278 τού-

2086 1340 2200 1386 τοις
2235 1323 2598 1394 ἀναιροῦνται
2645 1323 2744 1391 τῆς
2776 1321 2958 1374 αὐτῶν
2988 1319 3167 1390 φυλῆς
3221 1318 3484 1389 μυριάδες
3523 1317 3675 1387 τριά-

2088 1435 2273 1483 κοντα,
2315 1416 2390 1477 ῶς
2421 1415 2538 1470 ΰδὸν
2584 1415 2816 1485 ἡμερῶν
2846 1414 3068 1483 ἐπέχειν
3115 1411 3214 1483 τὴν
3247 1412 3354 1466 τῶν
3387 1410 3673 1462 πεπτωκό-

2087 1523 2198 1562 των
2247 1510 2522 1579 στομάτων
2573 1509 2884 1577 συνέχειαν.
2931 1508 3043 1576 Τῆς
3089 1505 3146 1558 δὲ
3185 1505 3341 1573 νίκης
3388 1501 3673 1571 ἐπιφανῶς

2088 1602 2352 1672 τοιαύτης
2402 1602 2479 1671 τῷ
2512 1603 2752 1672 Χαγάνῳ
2809 1599 3215 1668 γεγενημένης,
3250 1596 3511 1666 ἐμφύλιος
3563 1598 3676 1656 τοῖς

2089 1698 2361 1768 Τούρκοις
2395 1696 2705 1764 ἐπιγίνεται
2735 1694 2996 1764 πόλεμος.
3029 1693 3274 1763 Τουροὶν
3313 1690 3424 1762 γάρ
3455 1706 3537 1749 τις
3563 1690 3678 1741 Χα-

2089 1792 2243 1860 γάνῳ
2290 1789 2368 1858 τῷ
2412 1789 2562 1858 γένει
2618 1788 2941 1858 προσήκων,
2999 1783 3346 1852 νεωτερίζειν
3400 1782 3676 1836 ἐπέϐαλεο

2089 1888 2186 1938 καὶ
2234 1885 2496 1952 δυνάμεις
2552 1883 2799 1952 μεγάλας
2843 1879 3132 1951 ἁθροίσας,
3164 1879 3422 1947 Χαγάνου
3452 1879 3682 1948 ἐπικρα-

2090 1976 2351 2048 τέστερος
2401 1971 2490 2046 ἦν.
2533 1976 2772 2038 Ἐκεῖνος
2822 1973 2870 2027 δ’
2915 1974 3139 2042 ἐτέρους
3187 1975 3336 2043 τρεῖς
3388 1972 3680 2039 Χαγάιους

2090 2071 2537 2141 ἑταιρισάμενος,
2585 2068 2769 2122 ἔπεισι
2828 2067 2908 2138 τῷ
2941 2068 3229 2137 τυράννῳο
3262 2065 3357 2119 καὶ
3411 2067 3548 2135 πρὸς
3601 2065 3680 2134 τῷ

2102 2163 2255 2235 Ἰκάρ
2286 2165 2477 2234 χωρίῳ
2507 2162 2824 2232 συμεαλὼν,
2851 2160 3058 2215 κτείνει
3090 2159 3180 2214 τὸν
3207 2157 3477 2230 τύραννον
3512 2157 3677 2226 φόνου

2091 2257 2293 2311 πολλοῦ
2323 2256 2714 2328 προελθόντος,
2746 2254 2844 2308 καὶ
2866 2253 2968 2323 τῆς
3009 2253 3145 2315 ίδίας
3171 2249 3329 2312 αὖθις
3364 2249 3550 2320 χώρας
3583 2265 3680 2302 κα-

2091 2346 2342 2399 θίσταται
2371 2345 2586 2416 κύριος.
2635 2344 2716 2398 Τά
2742 2343 2790 2396 δ’
2832 2343 3081 2397 ἐπινίκια
3114 2346 3228 2406 τοῖς
3261 2359 3321 2394 τε
3371 2342 3551 2403 ἄλλοις
3586 2339 3682 2393 καὶ

2092 2438 2394 2508 Μανρικίῳ
2417 2436 2774 2508 διεμηνύετο,
2805 2435 2981 2490 ταῦτα
3007 2437 3064 2488 ἐν
3095 2435 3406 2506 προοιμίοις
3439 2433 3679 2504 γράψας,

2099 2547 2117 2580 t
2161 2528 2251 2600 Τῷ
2314 2529 2526 2599 βασιλεῖ
2578 2530 2689 2581 τῶν
2739 2527 3032 2599 Ῥωμαίων
3077 2529 3105 2581 ό
3165 2529 3342 2600 μέγας
3389 2528 3677 2596 δεσπότης,

2095 2623 2237 2675 ἑπτὰ
2267 2622 2444 2691 γενῶν
2501 2623 2599 2676 καὶ
2628 2622 2819 2692 κύριος
2873 2623 3161 2693 κλιμάτων
3207 2625 3306 2692 τῆς
3353 2622 3680 2693 οἰκουμένης

2095 2717 2259 2770 ἑπτά.
2295 2735 2314 2770 ι
2353 2718 2426 2770 Τὸ
2455 2717 2510 2771 δὲ
2541 2718 2666 2789 ὅρος
2699 2717 2761 2770 τὸ
2803 2718 2957 2788 Ἰκάρ
2994 2716 3233 2787 χρυσοῦν
3264 2718 3312 2770 οί
3347 2717 3558 2789 Πέρσαι
3585 2733 3682 2768 κα·

2095 2807 2280 2860 λοῦσιν
2313 2809 2405 2860 ἐπὶ
2439 2808 2540 2872 τὰς
2583 2807 2856 2870 ἀνατολάς
2892 2809 3014 2878 ἔχον
3034 2807 3134 2879 τὴν
3167 2808 3404 2878 ἵδρυσιν.
3438 2807 3597 2859 υῦτω
3624 2807 3683 2858 δὲ

2096 2898 2346 2951 καλεῖται
2373 2899 2463 2953 διά
2492 2900 2553 2952 τὸ
2582 2899 2804 2970 δαψιλὲς
2836 2899 2946 2954 τῶν
2973 2903 3029 2953 ἐν
3049 2901 3199 2972 αύτῷ
3231 2901 3518 2970 φυομένων
3545 2915 3683 2968 καρ-

2096 2992 2240 3058 πῶν,
2275 2993 2370 3046 καὶ
2413 2993 2502 3046 διὰ
2544 2993 2604 3045 τὸ
2645 2995 2964 3063 κατάκομον
3002 2989 3145 3048 εἶναι
3196 2994 3534 3064 θρεμμάτων
3590 2994 3685 3046 καὶ

2097 3087 2425 3155 νωτοφὸρων
2481 3085 2638 3150 ζώων
2685 3087 2742 3150 ἐς
2802 3087 3064 3157 μάλιστα.
3118 3088 3304 3158 Νόμος
3336 3089 3392 3142 δὲ
3446 3089 3684 3157 Πέρσαις

402 3195 686 3242 ηειηοιιιε.
719 3183 948 3241 Terram
980 3195 1165 3240 autem
1196 3184 1368 3241 Caatlt
1404 3195 1460 3238 et
1491 3182 1839 3254 Sogdoanem
1855 3198 1990 3238 eon-

2099 3181 2176 3251 τῷ
2209 3179 2659 3250 ἐπικρατεστέρῳ
2686 3179 2926 3252 Χαχάνῳ
2955 3180 3051 3234 τοῦ
3081 3181 3289 3253 χρυσοῦ
3321 3182 3484 3252 ὄρους
3508 3194 3688 3252 παρα-

403 3279 690 3333 cussiones
707 3286 762 3333 et
790 3278 1132 3346 pestilentias
1156 3277 1394 3348 experiri
1425 3275 1638 3330 dicunt.
1667 3276 1832 3331 Turti
1859 3291 1993 3332 sane

404 3385 762 3440 summopere
791 3371 972 3441 ignem
1008 3371 1220 3434 colunt,
1251 3385 1436 3426 aerem
1493 3381 1547 3426 et
1579 3387 1778 3439 aquam
1821 3371 1998 3426 Itono-

404 3473 553 3528 rant,
588 3473 788 3518 terram
817 3464 1039 3535 hymnis
1068 3464 1372 3530 celebrant,
1401 3473 1456 3518 et
1499 3479 1620 3519 eam
1659 3465 1828 3518 solam
1861 3465 1996 3518 ado-

404 3566 554 3623 rant,
581 3556 890 3627 Deumque,
920 3556 1013 3624 qui
1039 3557 1240 3612 cmlum
1265 3565 1322 3612 et
1355 3568 1556 3612 terram
1581 3556 1848 3622 condidit,
1899 3573 2000 3612 no-

407 3654 623 3707 minant
659 3671 674 3707 :
709 3655 796 3708 cui
829 3653 996 3708 etiam
1029 3653 1212 3723 cquis,
1268 3653 1466 3721 bobus,
1505 3663 1559 3710 et
1587 3653 1786 3709 ovibus
1822 3654 1998 3708 sacri-

405 3748 597 3800 ticant.
645 3744 976 3800 Sacerdotes
1004 3760 1228 3817 quoque
1288 3746 1514 3813 habent,
1563 3747 1658 3818 qui
1700 3746 1769 3802 de
1833 3749 1998 3804 rebus

403 3841 608 3895 futuris
639 3839 889 3896 divinare
951 3841 1344 3896 existimantur
1409 3859 1422 3896 :
1458 3842 1602 3912 apud
1645 3841 1833 3898 Medos
1867 3857 2000 3898 vero

402 3942 614 4004 septem
647 3933 833 4004 populi
867 3933 1114 4000 ordines,
1170 3949 1262 3989 res
1295 3935 1621 4005 ‘praacipuas
1676 3935 1994 4006 expediunt.

403 4029 473 4084 Et
507 4029 590 4083 lex
619 4030 841 4099 antiqua
871 4028 1066 4100 partiri
1114 4027 1275 4082 aliter
1307 4029 1526 4100 negotia
1562 4045 1669 4085 non
1702 4029 1996 4101 permittit.

401 4121 575 4193 84.8
597 4121 699 4187 Qui
725 4125 875 4177 enim
905 4123 1297 4179 Arsacidarum
1334 4124 1472 4178 ordo
1497 4124 1724 4192 dicitur,
1764 4140 1996 4196 regnum

403 4217 549 4284 apud
588 4229 646 4268 se
681 4217 907 4280 retinet,
957 4222 1015 4268 et
1069 4216 1184 4286 regi
1231 4215 1485 4271 diadema
1545 4216 1802 4286 imponit.
1847 4215 1998 4271 Ordo

405 4307 551 4360 alius
590 4307 668 4360 rei
702 4307 930 4362 militari
967 4317 1168 4377 pratest
1229 4324 1245 4362 :
1287 4308 1382 4362 alii
1444 4307 1636 4377 politia
1699 4323 1845 4362 cura:
1891 4319 1996 4364 est.

404 4397 564 4450 Alius
615 4397 1028 4452 controversias
1088 4397 1158 4451 de
1217 4397 1482 4467 quopiam
1513 4439 1528 4464 ,
1578 4397 1726 4467 quod
1777 4398 1992 4453 arbitro

405 4491 590 4565 judice
625 4491 892 4560 indigeat,
939 4490 1086 4545 inter
1132 4491 1482 4560 ambigentes
1517 4502 1738 4546 cxortas
1765 4492 1992 4547 decidit.

405 4562 645 4650 Quintus
675 4583 862 4652 populi
900 4583 1037 4636 ordo
1068 4585 1289 4652 equites
1321 4583 1483 4652 regit.
1513 4581 1647 4648 Qui,
1679 4583 1826 4638 hunc
1861 4600 1995 4639 con-
2029 4562 2076 4623 ί)

407 4676 681 4746 sequitur,
717 4677 985 4731 tributum
1022 4691 1051 4728 a
1081 4675 1299 4731 civibus
1327 4685 1382 4730 ct
1435 4676 1676 4730 subditis
1710 4677 1904 4748 exigit,
1944 4689 1999 4734 et

357 4841 361 4844 _
409 4771 560 4840 regio
586 4769 1019 4837 aerariOpraeest.
1051 4767 1335 4839 Septimus
1359 4768 1504 4838 regis
1529 4783 1702 4838 equos
1733 4779 1913 4835 curat,
1945 4780 2000 4824 et

406 4871 616 4917 vestem
646 4862 941 4916 militarem
981 4871 1186 4916 servat.
1220 4859 1393 4915 liasce
1424 4861 1573 4930 leges
1599 4862 1653 4914 in
1699 4862 1822 4916 aula
1853 4863 1999 4931 regia

409 4955 633 5008 Darium
667 4955 762 5022 qui
797 4952 1091 5024 Hystaspis
1121 4953 1304 5007 dictus
1338 4963 1446 5018 est,
1490 4969 1740 5008 sacrasse
1788 4954 1996 5009 ferunt.

408 5048 680 5102 Cazterum
709 5062 772 5100 ea
806 5055 964 5102 mtate
993 5045 1159 5101 Turci
1194 5047 1274 5101 illi
1317 5061 1379 5102 ex
1413 5044 1522 5100 Var
1549 5057 1605 5102 et
1655 5047 1834 5102 Cltutti
1870 5064 2000 5118 pro-

415 5141 714 5210 fugientes,
752 5141 806 5194 in
867 5137 1146 5210 Europam
1182 5149 1474 5206 venerunt,
1507 5150 1563 5196 et
1597 5157 1656 5197 se
1705 5143 2000 5207 Abaribus,

409 5234 505 5302 qui
533 5242 636 5287 sub
676 5232 936 5299 Cltagano
967 5235 1221 5289 erantad
1277 5234 1468 5290 decem
1501 5235 1606 5303 ipsi
1636 5235 1872 5290 millium
1903 5253 2004 5290 nu-

415 5340 629 5379 merum
657 5327 1057 5394 pertittgentes,
1087 5327 1449 5397 conjunxerc.
1474 5326 1783 5382 Turcorttm
1816 5338 2002 5382 autem

409 5419 766 5472 orientalium
829 5419 1123 5488 Cliagattus
1164 5420 1307 5474 bello
1337 5421 1488 5474 civili
1543 5420 1819 5487 confecto,
1879 5439 2004 5492 pro-

409 5526 572 5581 spere
599 5526 689 5568 res
716 5512 1148 5579 administravit,
1190 5523 1246 5568 et
1278 5514 1464 5568 missis
1507 5513 1573 5567 ad
1623 5515 1832 5568 int-olas
1862 5515 2005 5568 Tau-

408 5614 526 5674 gast
548 5605 761 5674 legatis,
784 5607 1098 5661 fwdttscum
1121 5607 1231 5661 illis
1249 5607 1556 5678 legitimum
1584 5606 1728 5669 iniit,
1749 5623 2004 5676 regnum-

413 5710 522 5765 qne
571 5713 733 5752 suum
787 5702 1026 5772 pacavit.
1082 5700 1348 5771 Princeps
1409 5716 1539 5755 vero
1599 5701 1653 5754 in
1712 5699 2002 5770 Taugast,

2102 3275 2324 3344 χωρεῖν.
2359 3273 2491 3325 Δυσὶ
2537 3273 2594 3326 δὲ
2637 3275 2732 3326 καὶ
2756 3273 2970 3338 τούτοις
3003 3275 3079 3338 ὡς
3109 3275 3314 3328 ἐπίπαν
3343 3277 3551 3347 Πέρσαι
3586 3294 3687 3347 μεο

2100 3367 2458 3436 γαλαυχοῦσι,
2490 3366 2569 3436 τῷ
2625 3367 2899 3438 μηδέποτε
2949 3369 3162 3440 λοιμῶν
3215 3370 3518 3441 ἐπιδημίαν
3561 3373 3689 3426 θεᾶ-

2104 3460 2253 3526 σθαι,
2311 3461 2406 3513 καὶ
2460 3461 2539 3530 τῷ
2592 3463 2790 3516 σπάνιν
2841 3463 3088 3534 σεισμῶν
3138 3466 3278 3517 κατά
3318 3465 3417 3537 τὴν
3462 3468 3688 3520 ἐκείνων

2101 3549 2246 3607 εἶναι
2277 3556 2485 3626 χώραν.
2515 3557 2627 3627 ἰ’ήν
2675 3573 2738 3625 γε
2773 3555 2880 3628 μὴν
2913 3559 3070 3612 Καάο
3111 3561 3203 3614 καὶ
3252 3561 3558 3632 Σογδοανὴν
3586 3565 3684 3614 καὶ

2105 3648 2347 3718 σεισμῶν
2378 3649 2474 3702 καὶ
2508 3649 2715 3720 λοιμῶν
2745 3652 2801 3703 ἐν
2836 3651 3004 3722 πείρα
3029 3652 3288 3720 γενέσθαι
3321 3655 3508 3724 φασίν.
3545 3655 3608 3707 Ui
3632 3655 3688 3708 δὲ

2103 3742 2342 3815 Τοῦρκοι
2390 3743 2537 3813 μάλα
2585 3743 2833 3808 ἐκτόπως
2871 3745 3079 3815 τιμῶσι
3127 3746 3190 3799 τὸ
3238 3747 3371 3818 πῦρ.
3419 3750 3583 3820 ’Λέρα
3631 3752 3690 3804 δὲ

2102 3837 2197 3890 καὶ
2225 3835 2370 3910 ὕδωρ
2403 3840 2730 3908 γεραίρουσι
2758 3842 2895 3911 ’γῆν
2928 3841 2986 3894 δὲ
3022 3841 3279 3912 ὑμνοῦσι,
3317 3843 3693 3914 προσκυνοῦσι

2101 3928 2158 3981 δὲ
2197 3928 2338 4000 μόνη
2379 3929 2592 4002 ταύτῃο
2643 3931 2737 3983 καὶ
2793 3931 2926 3984 Θεὸν
2959 3932 3290 4003 ὀνομάζουσι
3319 3936 3411 3988 τὸν
3459 3937 3557 4007 τὴν
3586 3939 3692 4008 γῆν

2102 4021 2311 4074 καὶτὸν
2341 4023 2575 4093 ούρανδν
2610 4023 2950 4094 πεποιηκότα
2976 4042 2988 4056 ·
3022 4022 3066 4094 ᾧ
3091 4028 3184 4080 καὶ
3215 4027 3436 4081 θύουσιν
3467 4030 3690 4092 ἵππους,

2104 4117 2230 4188 βόας
2261 4116 2358 4170 καὶ
2411 4117 2665 4187 πρόὸατα
2694 4133 2708 4148 ⁸
2756 4122 2851 4171 καὶ
2887 4119 3054 4190 ἱερεῖς
3104 4123 3459 4192 κεκτημένοι,
3496 4123 3545 4176 οἳ
3601 4127 3694 4178 καὶ

2101 4212 2203 4280 τὴν
2234 4209 2344 4262 τῶν
2375 4209 2685 4280 μελλόντων
2719 4209 2973 4264 δοκοῦσιν
3001 4213 3318 4268 ἐκτίθεσθαι
3346 4217 3694 4288 προαγόρευ-

2105 4319 2191 4356 σιν
2214 4318 2230 4335 ·
2271 4303 2467 4373 δήμοις
2495 4304 2540 4356 δ’
2590 4303 2731 4358 ἑπτὰ
2765 4307 2919 4374 παρά
2950 4307 3158 4377 Μήδοις
3197 4311 3253 4362 al
3281 4310 3391 4362 τῶν
3430 4314 3692 4381 πράξεων

2104 4398 2285 4467 τίμιαι
2312 4397 2653 4450 διαλύονταιο
2675 4398 2828 4468 νόμῳ
2856 4399 3142 4472 πρεσϐύτῃ
3172 4404 3245 4471 μὴ
3276 4401 3450 4465 άλλως
3476 4404 3695 4459 εἰωθότι

2107 4489 2574 4560 κληρονομείσοαι
2613 4492 2682 4542 τά
2712 4492 3021 4564 πράγματα
3043 4509 3058 4524 ο
3097 4497 3188 4547 τὶν
3221 4497 3320 4566 μὲν
3364 4495 3457 4549 οὖν
3491 4499 3694 4566 Ἀρσα-

2105 4585 2260 4652 κίδην
2304 4585 2700 4655 ἐπιλεγόμενον
2730 4586 2905 4657 δῆμον
2953 4590 3053 4656 τὴν
3082 4587 3366 4657 βασιλείαν
3410 4595 3690 4662 κατέχειν,

2105 4677 2203 4730 καὶ
2235 4676 2428 4730 τοῦτον
2459 4677 2812 4750 περιϐάλλειν
2850 4680 3064 4748 βασιλεῖ
3107 4681 3167 4734 τὸ
3197 4683 3435 4756 διάδημα
3463 4701 3476 4714 ο
3529 4686 3688 4739 ἄικλον

2103 4767 2160 4821 δὲ
2184 4768 2358 4840 δῆμον
2389 4770 2490 4841 τῆς
2520 4771 2834 4842 πολεμικῆς
2864 4776 3198 4842 προεστάναι
3225 4776 3554 4842 συντάξεως.
3580 4778 3687 4830 Καὶ

2103 4863 2280 4933 ἑτέρῳ
2336 4863 2393 4916 al
2430 4864 2712 4918 πολιτικαὶ
2757 4867 3037 4934 φροντίδες
3087 4869 3428 4923 ἀνάκεινται.
3464 4871 3690 4941 Ἕτερος

2103 4952 2161 5005 δὲ
2209 4955 2311 5017 τάς
2361 4955 2628 5024 διαφοράς
2673 4956 2884 5011 διαλύει
2919 4957 3029 5011 τῶν
3082 4960 3211 5030 περί
3240 4978 3291 5013 τι
3325 4977 3694 5014 καταστασια-

2105 5044 2312 5111 ζόντων
2362 5049 2459 5101 καὶ
2518 5048 2800 5118 διαιτητοῦ
2867 5050 3162 5121 δεομένων.
3219 5053 3278 5106 '0
3327 5055 3385 5108 δὲ
3438 5056 3694 5124 πέμπτος

2105 5138 2323 5207 ἡγεῖται
2363 5139 2462 5209 τῆς
2494 5141 2666 5194 ἵππου
2696 5156 2713 5173 ⁸
2757 5142 2852 5195 τὸν
2883 5143 2939 5196 δὲ
2976 5146 3118 5213 μετὰ
3149 5144 3342 5199 τοῦτον
3374 5149 3696 5219 φορολογεῖν

2103 5231 2165 5282 τὸ
2200 5231 2461 5302 ὑπήκοον,
2497 5237 2587 5287 καὶ
2622 5234 2726 5287 τῶν
2761 5235 3063 5306 βασιλικῶν
3095 5242 3344 5309 ταμείων
3375 5244 3570 5313 ἕςορον
3600 5260 3699 5295 πε-

2105 5327 2342 5392 φυκέναι
2363 5341 2376 5355 ·
2414 5327 2507 5378 τὸν
2538 5327 2594 5378 δὲ
2623 5327 2878 5397 ἕϐδομον,
2911 5331 3189 5401 κηδεμόνα
3216 5335 3325 5387 τῶν
3359 5336 3568 5402 ἵππων,
3598 5337 3696 5389 καὶ

2106 5413 2413 5483 πολεμικῆς
2468 5417 2695 5486 ἐσθῆτος
2737 5421 3082 5486 ἐπιστατεῖν,
3127 5425 3378 5493 Δαρείου,
3415 5425 3490 5490 ὡς
3537 5443 3695 5495 φασι,

2103 5507 2199 5560 τοῦ
2251 5508 2564 5563 Ὑστάσπου
2595 5511 2809 5563 τουτονὶ
2836 5512 2927 5566 τὸν
2961 5515 3125 5583 νόμον
3158 5517 3223 5568 ἐν
3257 5521 3369 5581 τοῖς
3402 5518 3699 5588 βασιλείοις

2103 5601 2577 5671 ἐντεμενίσαντο;.
2621 5605 2779 5658 Κατὰ
2807 5605 2865 5658 δὲ
2899 5606 3090 5661 τοῦτον
3129 5609 3221 5662 τὸν
3249 5613 3466 5680 χρόνον.
3487 5609 3559 5668 ’ἐκ
3587 5615 3698 5669 τῶν

2104 5697 2256 5767 Ούάρ
2315 5697 2408 5750 καὶ
2441 5697 2606 5752 Χουνὶ
2656 5699 2836 5770 ἕτεροι
2874 5698 2985 5752 τῶν
3045 5702 3308 5776 Τούρκων
3361 5707 3701 5779 ἀποδράιτες

487 5879 563 5952 (Ι)
589 5879 862 5938 Cottl‘undi
888 5884 1148 5940 videntur
1171 5883 1264 5938 ltic
1289 5882 1579 5939 Persarum
1605 5892 1656 5942 et
1683 5884 1991 5940 Turcorum
2031 5882 2274 5940 nomina.
