4084 6444
289 362 384 430 393

1137 369 1742 434 ECCLESIASTIC:E
1785 364 2177 428 IIISTORIrE
2211 363 2360 426 LiB.
2405 364 2630 426 XVIII.

3441 353 3544 417 394

287 478 473 550 πρώην
526 479 754 552 χάλκεον
793 482 1150 538 ὑπαλλάττων
1203 484 1422 548 σκεῦος,
1462 485 1522 537 τδ
1583 481 1848 550 ἀργύρεοι

1964 475 2138 530 cultui
2166 475 2435 529 divinitus
2464 470 2744 526 manantis
2769 467 3034 538 unguenti
3067 465 3118 520 id
3150 463 3386 519 maxime
3410 473 3564 518 cond

285 571 602 640 ἀντιτίθησι,
636 575 701 644 τῇ
734 573 960 646 λατρεία
987 576 1092 628 τῶν
1133 575 1444 647 θεορρύτων
1479 573 1668 645 μύρων
1697 571 1856 624 τοῦτο

287 661 425 729 μάλα
484 664 549 733 δὴ
598 667 880 735 προσῆκον
937 667 1210 734 οἰόμενος.
1281 665 1388 717 Καὶ
1443 667 1470 715 6
1524 662 1624 733 μὲν
1683 661 1858 723 οὕτως

283 755 448 807 ἐποίει
470 771 486 786 ·
512 758 540 807 6
572 755 627 808 δὲ
667 757 912 824 ποταμὸς
946 759 1056 810 τῶν
1091 757 1280 828 μύρων
1308 756 1614 825 ἁνείργετο.
1657 753 1725 806 Ἦ
1747 754 1856 822 γάρ

283 845 489 915 μάρτυς
511 846 908 917 βδελυττομένη
935 848 998 902 τὺ
1041 841 1210 918 μῦσος
1239 848 1339 918 τὴν
1372 848 1535 918 χάριν
1568 846 1857 900 συνέστελ-

280 937 365 989 λε”
401 939 536 1009 μηδὲ
568 940 677 1006 γάρ
711 936 852 993 εἶναι
895 941 1116 1009 θεμιτὸν
1163 942 1422 1011 ἄντικρυς
1451 941 1604 1006 ἔλεγε
1654 940 1748 992 καὶ
1776 956 1860 992 σι-

278 1029 426 1096 γῶσα
487 1029 548 1082 τὸ
609 1032 852 1100 καθαρὸν
902 1031 996 1083 τοῦ
1057 1033 1131 1101 μὴ
1191 1029 1437 1100 καθαροῦ
1489 1030 1854 1097 ἐφάπτεσθαι.

279 1121 432 1174 Τοῦτ’
453 1123 541 1174 ἐπὶ
560 1122 759 1183 πολλάς
787 1124 1001 1194 ἡμέρας
1021 1126 1310 1194 γινόμενον
1327 1128 1354 1178 ὀ
1382 1125 1561 1194 ἱερεὺς
1579 1123 1852 1189 διαγνοὺς,

279 1215 331 1265 ὲν
363 1215 521 1285 δεινῷ
553 1218 827 1268 ἐποιεῖτοο
866 1217 958 1269 καὶ
1007 1217 1256 1285 φροντίσι
1293 1216 1566 1277 ποικίλαις
1601 1216 1854 1268 διεδονεῖ-

278 1320 351 1370 το,
392 1307 503 1374 είγε
532 1309 602 1359 δι’
624 1309 787 1361 αὐτοῦ
817 1310 848 1377 η
880 1310 1180 1378 Ἐκκλησία
1206 1308 1298 1362 τοῦ
1333 1306 1589 1360 τοσούτου
1625 1307 1853 1377 χηρεύει

277 1398 461 1451 καλοῦ.
496 1398 690 1452 Ἔνθεν
718 1417 800 1452 τοι
832 1401 928 1454 καὶ
959 1401 1096 1468 πρὸς
1146 1401 1358 1469 δάκρυα
1392 1401 1486 1453 καὶ
1507 1401 1721 1468 δεήσεις
1747 1418 1854 1470 χω-

283 1488 408 1556 ρῶν,
443 1490 804 1559 κατελιπάρει
831 1490 965 1543 Θεὸν
1001 1490 1163 1544 λῦσαι
1202 1491 1362 1543 τοῦτο
1387 1493 1448 1542 τὸ
1473 1489 1641 1560 ἄχθος
1665 1492 1760 1543 καὶ
1795 1490 1856 1543 τὸ

279 1583 572 1653 μυστήριον
623 1584 898 1649 ἀναδεῖξαι
927 1583 1021 1637 τοῦ
1058 1585 1424 1656 πράγματος’
1469 1585 1565 1638 καί
1615 1602 1678 1652 γε
1715 1583 1853 1638 Θεοῦ

276 1673 450 1734 καλῶς
504 1676 950 1744 ἀποστραφέντος
990 1677 1050 1730 τὸ
1113 1677 1306 1742 μῦσος,
1354 1677 1449 1730 καὶ⁵
1496 1676 1597 1748 τὴν
1629 1677 1854 1744 ἄγνοιαν

275 1763 495 1825 ἐνδίκως
528 1766 922 1834 οἰκτείραντος,
977 1769 1258 1837 κατάδηλα
1287 1767 1354 1821 δι’
1388 1768 1617 1838 ὀνείρων
1676 1769 1856 1840 τούτῳ

1965 569 2155 624 venire
2187 569 2508 624 arbitratus.
2539 567 2718 634 Atque
2756 563 2847 617 ille
2866 561 3089 631 quidem
3121 559 3226 612 hoc
3253 557 3334 611 sic
3389 554 3544 621 fecit.

1963 663 2138 718 Rivus
2171 670 2354 716 autem
2386 657 2655 729 unguenti
2688 654 2960 710 constitit.
2995 653 3199 722 Slartyr
3230 649 3379 704 enim
3427 648 3548 717 ipsa

1965 752 2240 821 piaculum
2280 760 2494 804 tantum
2529 749 2824 808 detestata,
2856 744 3088 814 gratiam
3120 752 3177 796 et
3229 739 3436 795 donum
3493 739 3548 792 id

1961 843 2232 898 cohibuit.
2293 840 2731 910 Haudquaquam
2781 837 2929 892 enim
3003 833 3084 888 fas
3135 848 3281 895 esse,
3356 839 3548 885 tacens

1961 935 2128 990 etiam
2162 934 2408 1004 dicebat,
2441 945 2501 987 ut
2531 931 2801 986 mundum
2862 928 3154 982 immundo
3186 923 3544 992 contingere-

1965 1036 2075 1080 tur.
2112 1023 2226 1078 Hoc
2260 1035 2554 1094 postquam
2591 1021 2789 1077 diebus
2822 1019 3077 1089 plurimis
3109 1016 3226 1070 ﬁeri
3289 1013 3550 1082 cognovit

1959 1118 2282 1186 episcopus,
2319 1117 2525 1185 oppido
2547 1131 2712 1184 quam
2749 1114 2990 1184 graviter
3040 1110 3186 1173 tulit,
3250 1109 3549 1172 variasque

1961 1210 2202 1263 curasin
2236 1211 2424 1262 animo
2448 1209 2565 1277 ipse
2607 1223 2731 1271 suo,
2766 1208 2913 1274 quod
2943 1204 3118 1273 ipsius
3163 1201 3322 1269 culpa
3361 1199 3550 1253 Eccle-

1959 1301 2040 1354 sia
2072 1301 2463 1356 commoditate
2512 1307 2661 1354 tanta
2697 1298 2884 1353 orbari
2943 1295 3195 1354 deberet.
3250 1293 3545 1348 vulutavit.

1961 1395 2203 1450 Proinde
2233 1395 2300 1450 ad
2334 1397 2609 1463 Iacrymas
2663 1401 2720 1447 et
2781 1406 2977 1462 preces
3048 1401 3375 1448 conversus,
3438 1385 3550 1438 Deo

1959 1489 2311 1556 supplicavit,
2345 1497 2405 1542 ut
2439 1487 2584 1541 hanc
2617 1501 2731 1539 rem
2777 1493 2883 1537 tam
2913 1498 3137 1552 gravem
3190 1479 3456 1538 auferret,
3491 1484 3550 1527 et

1960 1579 2090 1634 facti
2126 1581 2247 1650 ejus
2273 1595 2496 1634 causam
2530 1579 2796 1633 latentem
2832 1575 3177 1630 ostenderet.
3236 1573 3383 1626 Dens
3419 1585 3551 1623 vero

1959 1669 2065 1723 rite
2087 1669 2551 1723 abominationem
2581 1683 2700 1721 eam
2722 1668 2988 1721 amoliens
3011 1704 3028 1731 ,
3057 1675 3112 1719 et
3139 1664 3413 1718 inscitiam
3443 1661 3550 1714 mi-

1971 1761 2276 1817 sericordia
2301 1761 2548 1832 legitime
2577 1776 2944 1830 prosequens,
2975 1757 3212 1813 antistiti
3250 1759 3305 1811 in
3337 1754 3556 1810 somnia

273 1856 337 1908 τὰ
370 1857 466 1924 τῆς
496 1857 796 1928 δεξαμενῆς
849 1861 1087 1914 ἐποιεῖτο
1142 1859 1508 1930 βδελύγματα.
1545 1861 1650 1912 Καὶ
1685 1877 1848 1930 παρα

1966 1851 2140 1905 lancis
2170 1852 2449 1921 piaculum
2477 1852 2810 1907 manifestat.
2851 1852 2947 1905 Ille
2976 1851 3163 1905 statim
3229 1858 3544 1917 argenteam

273 1952 458 2018 χρῆμα
494 1951 594 2020 τὴν
627 1952 684 2017 ἐξ
730 1952 978 2022 ἀργύρου
1038 1952 1239 2022 φιάλην
1290 1952 1566 2023 ὑπεξῆγεν
1599 1955 1815 2023 ἐκείνην
1843 1969 1858 1986 ο

273 2042 366 2112 τὴν
384 2041 430 2095 δ’
454 2044 517 2096 ὲκ
545 2043 752 2116 χαλκοῦ
776 2045 1132 2113 πρεσϐύτιδα,
1164 2046 1354 2116 λάτριν
1384 2043 1539 2110 αὖθις
1572 2047 1645 2110 ὡς
1689 2048 1860 2118 ἀγνην

275 2135 597 2205 προστίθησι
640 2136 718 2206 τῷ
749 2137 1054 2206 σεϐάσματι
1085 2132 1174 2190 οἷα
1217 2138 1488 2207 παρθένον
1527 2141 1620 2192 καὶ
1658 2141 1859 2208 ἄχρανι

272 2242 383 2282 τον.
417 2228 526 2280 Καὶ
581 2227 721 2298 δῆτα
767 2227 951 2299 βλύζει
979 2230 1292 2298 παραυτίκα
1340 2230 1506 2285 πάλιν
1538 2233 1597 2284 τὸ
1634 2233 1814 2304 μύρον
1841 2273 1857 2299 ,

274 2319 495 2372 καὶτῶν
525 2318 830 2390 θαυμάτων
884 2321 919 2390 ή
961 2321 1118 2391 χύσις
1165 2317 1323 2386 αὖθις
1373 2322 1632 2392 πηγάζει.
1669 2325 1860 2391 Στηλι-

273 2411 490 2464 τεύεται
547 2413 603 2465 δὲ
635 2412 975 2481 διαπρυσίως
1025 2414 1085 2466 τὸ
1145 2414 1453 2484 βδέλυγμαο
1487 2417 1582 2468 καὶ
1631 2417 1664 2485 ἡ
1703 2416 1860 2480 πόλις

273 2505 370 2572 τὴν
404 2504 671 2572 σφετέραν
707 2504 862 2568 αὖθις
916 2505 1308 2573 περιϐάλλεται
1342 2507 1522 2573 δόξαν.
1557 2506 1730 2560 Τοῦτο
1777 2509 1858 2572 εἰς

272 2591 385 2650 ὦτα
418 2596 494 2667 τῷ
529 2599 819 2667 κρατοῦντι
875 2599 1166 2666 ἀνενεχθὲν
1219 2599 1308 2652 διὰ
1350 2599 1446 2655 τοῦ
1488 2600 1588 2662 τῆς
1628 2602 1854 2672 πρώτης

272 2689 675 2760 ἐπειλημμένον
709 2691 918 2761 ἀρχῆς·
968 2691 1224 2760 Ἰωάννης
1275 2691 1428 2756 οὗτος
1458 2695 1487 2746 6
1535 2693 1854 2764 Νηστευτὴς

271 2776 382 2850 ἦν’
419 2784 515 2835 καὶ
569 2782 659 2836 ὑπ’
708 2782 873 2836 αὐτοῦ
922 2786 1002 2848 εἰς
1056 2786 1148 2838 τὸν
1183 2785 1292 2839 τῶν
1347 2785 1656 2841 καταδίκων
1695 2789 1857 2856 φόνον

272 2877 524 2944 ἐξαφθεὶς
549 2879 575 2930 6
606 2877 845 2948 κρατῶν,
873 2878 968 2932 τοῦ
999 2879 1266 2949 βασιλέως
1302 2881 1598 2952 μεταμέλῳ
1633 2882 1727 2934 καὶ
1754 2899 1853 2950 με·

270 2965 458 3036 τανοίᾳ
490 2966 748 3019 ἰάσασθαι
797 2965 1128 3037 βουλομένου
1179 2968 1238 3021 τὸ
1283 2968 1561 3038 ἔγκλημα,
1593 2969 1854 3039 δικαστὴ-

276 3072 391 3124 ριον
447 3047 703 3126 μέγιστον
731 3059 1182 3127 συναθροίζεταιο
1238 3061 1333 3112 καὶ
1396 3062 1607 3131 γοήτων
1643 3061 1854 3131 πληθὺς

1965 1945 2208 2014 phialam
2238 1946 2522 2011 subducit,
2556 1956 2613 2000 et
2645 1947 2888 2015 priorem
2924 1945 3070 1998 illam
3098 1959 3320 2002 :cream,
3354 1941 3548 2010 perin-

1963 2038 2034 2093 de
2064 2049 2229 2109 atque
2248 2054 2443 2108 puram
2473 2049 2528 2094 et
2563 2041 2716 2107 quasi
2743 2040 3017 2109 virginem
3051 2051 3218 2107 atque
3277 2037 3548 2088 immacu-

1965 2131 2129 2185 Iatam
2155 2132 2462 2187 ministram
2487 2132 2658 2187 cultui
2689 2131 2952 2202 religioso
2987 2129 3255 2185 restituit.
3299 2129 3368 2182 Et
3415 2143 3547 2182 cccc

1965 2223 2062 2278 tibi
2091 2224 2395 2294 derepente
2419 2233 2760 2295 unguentum
2796 2238 3015 2278 rursum
3046 2221 3305 2286 scaturit,
3331 2232 3388 2275 et
3447 2223 3551 2273 mi-

1965 2317 2280 2370 raculorum
2306 2318 2451 2371 latex
2499 2317 2683 2372 denuo
2715 2317 2981 2371 exundat.
3023 2315 3302 2370 Piaculum
3360 2323 3545 2368 autem

1962 2414 2367 2465 exsecrandum
2401 2411 2696 2466 manifesto
2721 2411 2775 2465 in
2807 2421 3061 2480 apertum
3095 2409 3443 2478 producitur,
3490 2421 3548 2464 et

1961 2519 2072 2556 non
2099 2504 2259 2559 aliter
2293 2521 2458 2573 quam
2493 2503 2549 2558 in
2585 2505 2822 2574 publicis
2843 2503 3117 2559 columnis
3149 2503 3385 2557 incisum
3416 2519 3548 2572 pro-

1963 2597 2212 2664 ponitur,
2245 2597 2485 2667 urbique
2512 2598 2690 2668 gloria
2727 2613 2828 2652 sua
2867 2598 3142 2653 redditur.
3175 2595 3249 2650 Ea
3303 2611 3394 2650 res
3448 2596 3546 2650 ubi

1959 2685 2398 2755 adimperatoris
2423 2703 2605 2752 aures,
2661 2703 2759 2758 per
2808 2686 3086 2759 primariae
3139 2689 3287 2743 sedis
3335 2688 3547 2760 episco-

1962 2793 2090 2847 pum
2120 2777 2382 2848 (Joannes
2410 2780 2457 2833 is
2481 2779 2771 2850 Jejunatnr
2806 2783 2944 2850 erat)
2965 2781 3136 2834 relata
3157 2789 3260 2844 est,
3288 2783 3545 2850 princeps

1959 2870 2026 2922 ah
2054 2870 2247 2925 eodem
2286 2871 2551 2942 episcopo
2574 2872 2642 2926 ad
2682 2889 2807 2926 reos
2835 2873 3061 2940 capitali
3092 2872 3368 2942 supplicio
3421 2889 3545 2941 pcr-

1957 2963 2272 3030 sequendos
2297 2964 2572 3019 excitat-us
2598 2974 2682 3019 est
2709 2967 2862 3034 (nam
2893 2965 2939 3018 is
2961 2965 3342 3034 resipisccntia
3377 2977 3542 3034 atque

1958 3057 2283 3124 paenitentia
2312 3058 2520 3112 crimen
2545 3060 2824 3126 corrigere
2853 3059 3084 3128 voluit);
3119 3059 3390 3128 judicium
3443 3060 3542 3128 igi-

271 3150 665 3218 ἐμφανίξεται·
710 3150 760 3204 οἳ
805 3153 900 3206 καὶ
927 3152 1087 3221 δεινῴ
1140 3152 1568 3222 περιπλακέντες
1598 3152 1846 3224 ἀφύκτῳ,

1959 3147 2374 3200 turmaximum
2415 3148 2654 3217 cogitur,
2701 3157 2758 3202 et
2805 3149 3182 3204 maleficorum
3240 3149 3542 3205 multitudo

271 3240 467 3293 ἐκεῖνοι
501 3241 598 3310 μὲν
632 3242 768 3311 πρὸς
799 3243 1021 3296 κόλασιν
1057 3243 1371 3310 ἐξεδίδοντο.
1399 3245 1494 3306 τὰς
1541 3245 1854 3314 προσηκού-

273 3349 371 3395 σας
395 3333 583 3398 ποινὰς
624 3337 1077 3406 εἰσπραξόμενον
1113 3337 1141 3388 ὁ
1174 3338 1232 3389 δέ
1266 3352 1330 3403 γε
1372 3337 1660 3404 Παυλῖνος,
1707 3337 1852 3409 ξύλῳ

271 3429 405 3498 πρὸς
425 3426 485 3480 τὸ
517 3430 742 3492 ἄναντες
776 3431 1028 3502 κεχηνότι
1070 3433 1579 3500 ἀνασκολοπισθεὶς,
1609 3439 1851 3510 αἰσχρῶς

269 3521 328 3573 τὺ
393 3521 493 3592 ζῇν
555 3524 1005 3594 άπορῤήγνυσιν·
1056 3527 1326 3597 πρότερον
1369 3529 1467 3600 τὴν
1507 3529 1603 3583 τοῦ
1660 3535 1850 3597 παιδὸς

267 3614 591 3686 τεθεαμένος
624 3619 841 3688 σφαγήν
865 3634 881 3649 ·
913 3613 983 3690 ἦν
1015 3619 1124 3689 γὰρ
1161 3620 1226 3686 δὴ
1254 3621 1348 3673 καὶ
1399 3622 1548 3694 αὑτῷ
1583 3627 1849 3695 μεταδοὺς

266 3708 576 3775 ἀρκούντως
603 3711 700 3779 τῆς
727 3711 943 3765 ἀνοσίου
975 3716 1318 3784 μαγγανείας
1348 3718 1415 3769 τὰ
1432 3733 1489 3768 τε
1500 3719 1843 3788 ρατεύματα.

270 3800 440 3854 Τοῦτο
489 3804 586 3872 μὲν
633 3805 698 3874 δὴ
737 3807 1015 3860 τοιοῦτονο
1051 3808 1079 3860 ὅ
1128 3809 1185 3861 δὲ
1245 3810 1340 3864 καὶ
1370 3811 1502 3864 ἄλλο
1537 3814 1846 3883 παράδοξον

263 3893 564 3966 διεπράχθη
611 3895 732 3951 κατ’
765 3901 944 3954 ἐκεῖνο
991 3901 1185 3972 καιροῦ
1221 3907 1287 3974 τῇ
1315 3903 1410 3957 τοῦ
1448 3906 1626 3973 Λόγου
1663 3906 1845 3979 Μητρὶ

263 3985 613 4060 διηγήσομαι.

831 4105 1088 4163 ΚΕΦΛΛ.
1129 4108 1252 4161 AI".
1337 4154 1340 4157 .

263 4187 465 4274 Ὀἔξως
498 4193 662 4274 ἀξία.
689 4196 824 4274 δίκη
847 4199 1080 4274 ’μετῄει
1108 4200 1323 4274 ποινὰς
1357 4204 1841 4274 εἰσπραττομένη

333 4261 388 4314 οἳ
418 4266 566 4345 κατὰ
589 4261 909 4345 τῆς-’ᾠνῆς
937 4261 1312 4338 Θέομήτοροςῖ
1333 4261 1716 4345 βλὰοῖφημ-οὲο
1745 4261 1842 4330 κεῖ»

335 4334 617 4401 κινήκασι
654 4334 946 4405 γλῶτταν.

333 4439 588 4513 Ἔλληνές
639 4464 787 4512 τινες
836 4449 893 4504 ἒν
926 4469 1032 4505 τινι
1067 4455 1358 4523 συμποσίῳ
1395 4457 1484 4510 ἐπ’
1515 4460 1665 4513 οἴκου
1693 4461 1839 4525 τινὸς

1957 3238 2153 3307 ingens
2180 3239 2533 3309 producitur.
2563 3242 2664 3309 Qui
2694 3243 2748 3296 in
2781 3257 3001 3313 gravem
3039 3259 3324 3298 carcerem
3355 3245 3542 3316 conje-

1956 3331 2053 3392 eti,
2087 3330 2156 3384 ad
2185 3333 2479 3402 supplicia,
2509 3333 2729 3390 debitas
2764 3335 3100 3406 persoluturi
3153 3353 3364 3407 poenas,
3424 3346 3540 3393 tra-

1953 3423 2055 3478 diti
2077 3435 2228 3480 sunt.
2251 3427 2401 3482 Inter
2426 3444 2567 3498 quos
2586 3427 2852 3485 Paulinus
2875 3432 2929 3485 in
2955 3432 3142 3502 palum
3175 3450 3393 3488 summa
3419 3451 3542 3503 par-

1954 3527 2004 3571 te
2046 3520 2285 3574 hiantem
2310 3521 2385 3591 (I)
2415 3530 2593 3586 actus,
2643 3524 2881 3592 turpiter
2939 3525 3107 3580 vitam
3163 3527 3350 3583 finiit:
3408 3545 3565 3584 cum-

1950 3611 2112 3680 prius
2142 3613 2308 3668 caedis
2336 3613 2431 3669 filii
2461 3617 2544 3671 sui
2569 3627 2850 3687 spectator
2881 3617 3102 3674 fuisset.
3154 3620 3318 3690 8-52
3355 3622 3539 3691 Siqui-

1949 3705 2077 3760 dem
2120 3707 2350 3762 ethunc
2373 3707 2596 3763 abunde
2629 3710 2813 3781 impiae
2841 3710 3160 3780 imposturm
3199 3721 3256 3766 et
3278 3713 3538 3771 maleficii

1949 3801 2222 3869 portentis
2242 3801 2538 3858 imbuerat.
2564 3802 2744 3873 Atque
2764 3804 2872 3859 hoc
2904 3805 2978 3859 ita
3008 3817 3091 3860 est
3116 3817 3354 3876 gestum.
3377 3809 3535 3875 Quod

1946 3909 2076 3948 vero
2110 3905 2310 3964 praeter
2340 3895 2660 3964 opinionem
2688 3912 2908 3952 omnem
2942 3898 3090 3953 aliud
3111 3915 3141 3953 a
3169 3899 3331 3954 Verbi
3359 3909 3534 3955 matre

1945 3987 2412 4056 eodemtempore
2451 3998 2536 4044 est
2575 3998 2782 4052 actum,
2817 3991 2873 4044 id
2905 4007 3127 4060 quoque
3163 3990 3428 4046 referam.

2481 4101 2710 4160 CAPUT
2746 4103 2994 4159 XXXIII.

1948 4194 2011 4250 Ut
2041 4196 2230 4264 dignas
2259 4197 2492 4270 uindicta
2516 4199 2703 4270 divina
2731 4204 3171 4270 pwnas_exegerit
3212 4203 3276 4256 ab
3325 4204 3399 4256 eis
3441 4205 3533 4269 qui

2012 4275 2198 4344 contra
2267 4267 2675 4344 inmmcula_t_am
2727 4265 2826 4322 Dei
2879 4265 3107 4326 Matrém
3168 4265 3533 4344 blasphemum

2015 4337 2133 4389 ausi
2160 4347 2284 4390 sunt
2313 4355 2516 4392 movere
2548 4337 2810 4411 linguam.

2015 4449 2189 4503 (iunci
2233 4453 2458 4521 quidam
2485 4455 2602 4510 sive
2636 4456 2897 4526 gentiles,
2927 4458 2984 4512 in
3041 4460 3332 4530 cujusdam
3366 4463 3532 4518 domo

255 4533 388 4600 περί
415 4529 558 4588 οἶνον
605 4541 923 4610 ποιούμενοι
964 4543 1063 4613 τὴν
1096 4546 1402 4618 διατριϐὴν,
1453 4552 1594 4619 μετά
1624 4553 1685 4604 τὸ
1717 4553 1841 4615 ἄρι-

1955 4542 2328 4608 convivantes,
2361 4554 2416 4600 et
2468 4547 2600 4603 vino
2647 4564 2768 4604 sese
2826 4551 3146 4616 invitantes,
3181 4566 3312 4626 post
3363 4575 3530 4628 pran-

255 4639 380 4675 στον
427 4627 548 4680 ἐπεὶ
579 4635 672 4683 καὶ
705 4633 905 4697 ἱκανῶς
951 4636 1230 4708 διάϐροχοι
1273 4640 1349 4710 τῷ
1381 4644 1529 4713 πότῳ
1560 4646 1832 4713 ἐγένοντο,

1946 4634 2123 4698 dium,
2147 4637 2314 4692 simul
2340 4647 2506 4708 atque
2530 4641 2662 4695 satis
2689 4642 3040 4712 adbiberant,
3071 4646 3457 4717 blasphemarc
3476 4665 3534 4708 et

250 4713 439 4814 ἔπειτα
494 4719 837 4794 βλασφημεῖν
881 4729 1204 4798 ἐπεχείρουν
1241 4734 1333 4785 καὶ
1363 4733 1729 4806 λοιδορεῖσθαι
1766 4741 1833 4809 τῇ

1955 4724 2216 4782 conviciis
2243 4733 2606 4797 proscindere
2633 4734 2792 4790 Verbi
2823 4736 3051 4791 Matrem
3110 4754 3330 4810 coepere
3366 4757 3380 4795 :
3436 4761 3533 4814 po-

247 4806 346 4859 τοῦ
397 4811 570 4877 Λόγου
605 4816 818 4886 Μητρὶ,
851 4817 1164 4874 τελευταῖον
1204 4823 1283 4892 τῷ
1313 4826 1462 4895 πότῳ
1505 4828 1834 4899 σπούδασμα

248 4901 550 4969 ἐποιοῦντο,
580 4905 658 4958 ὄπ’
707 4909 774 4960 ἄν
805 4927 892 4972 τις
926 4914 1202 4984 ἐννοήσεις,
1248 4917 1358 4969 τῶν
1395 4921 1616 4974 ἀτόπων
1636 4924 1836 4978 διατωι

247 4993 527 5062 ϐάζοντες.
554 5003 647 5055 καὶ
671 5004 748 5072 τῷ
786 5005 887 5074 τῆς
914 5010 1229 5080 οἰκονομίας
1263 5017 1556 5087 μυστηρίῳ
1603 5020 1834 5088 ἐπεγγε,

245 5084 467 5150 λὼντες.
516 5091 667 5143 Ἐπεὶ
719 5094 774 5146 δὲ
818 5099 876 5148 τὸ
907 5099 1122 5151 ἀνόσιον
1176 5101 1441 5168 ἔγνωστο,
1478 5108 1675 5159 ἐκεῖνοι
1731 5110 1832 5177 μὲν

241 5176 344 5240 τῆς
377 5180 676 5237 ἀκολάστου
709 5186 964 5256 γλώσσης
991 5190 1149 5255 ἀξίας
1183 5194 1608 5264 είσεπράττοντο
1637 5199 1790 5262 δίκας
1815 5212 1826 5224 ’

241 5269 270 5320 ὁ
302 5270 478 5324 δὲ’-τοῦ
509 5274 658 5328 οἴκου
683 5277 947 5350 δεσπότης
981 5283 1111 5334 ἔνθα
1159 5285 1462 5355 καθήμενοι
1495 5289 1593 5358 τῆς
1624 5291 1827 5344 ἀτόπου

246 5362 597 5436 βλασφημίας
637 5372 1016 5442 ἐνεφοροῦντο,
1051 5377 1257 5448 καίπερ
1295 5381 1394 5433 οὐκ
1448 5381 1694 5453 ἀμύητος
1728 5383 1828 5450 ὢν,

240 5455 363 5508 τότε
403 5461 522 5528 μὲν,
545 5462 620 5525 ὡς
651 5467 934 5536 ἐγχωροῦν
966 5471 1181 5541 ἐκείνῳ,
1226 5473 1413 5544 διέδρα
1445 5475 1534 5528 τὸν
1558 5476 1824 5532 κίνδυνον.

243 5547 318 5598 Οὐ
351 5552 531 5621 πολλῷ
560 5555 617 5606 δὲ
647 5556 897 5628 ὕστερον,
919 5563 1108 5624 νυκτὸς
1141 5565 1288 5633 αὐτῷ
1317 5568 1671 5637 κοιμωμένῳ,
1694 5571 1828 5639 ὄναρ

240 5638 275 5706 ἡ
315 5640 615 5717 Θεομήτωρ
648 5650 976 5716 ἐφίσταται·
1011 5657 1077 5726 ἢν
1109 5658 1376 5727 ἐροίιένην
1414 5660 1658 5730 ἀκριϐῶς
1703 5663 1827 5729 ἥτις

317 5826 393 5897 (Ι)
431 5829 488 5882 In
522 5845 742 5885 erucem
792 5834 1024 5889 scilicet.

487 5926 756 5988 I'A'mOL.
793 5937 881 5993 (3n
942 5933 1224 5994 CXLVII.

1945 4825 2213 4872 stremum
2249 4820 2355 4876 hoc
2381 4826 2779 4893 compotationi
2806 4827 3135 4885 adhibentes
3170 4834 3435 4900 studium,
3473 4850 3533 4892 ut

1945 4925 2288 4982 quaecunque
2367 4916 2569 4985 aliquis
2649 4932 2842 4971 eorum
2917 4924 3240 4992 excogitare
3317 4938 3528 4994 posset,

1945 5003 2189 5058 absurda
2217 5014 2382 5075 atque
2406 5007 2653 5076 indigna,
2683 5025 2780 5078 per
2801 5026 2864 5064 ea
2896 5012 3084 5067 ridens
3119 5019 3444 5071 oeconomia:
3471 5031 3530 5075 et

1943 5096 2380 5165 dispensationis
2417 5100 2612 5154 salutis
2671 5114 2874 5156 nostra:
2931 5108 3198 5176 mysterio
3245 5109 3524 5168 illudcret.

1945 5188 2202 5258 Impietas
2238 5206 2300 5244 ea
2322 5200 2612 5262 postquam
2648 5195 2910 5263 innotuit,
2948 5198 3028 5252 illi
3066 5199 3293 5268 quidem
3326 5205 3525 5258 condi-

1941 5298 2078 5351 gnas
2105 5285 2407 5352 petulantis
2443 5287 2644 5353 linguae
2670 5303 2860 5356 pinnas
2898 5291 3124 5346 dedere.
3157 5293 3381 5350 Aidium
3426 5314 3525 5352 au-

1942 5387 2074 5442 tem,
2107 5381 2162 5432 in
2185 5377 2386 5448 quibus
2435 5383 2777 5438 confidentes
2829 5389 2980 5451 gravi
3031 5389 3387 5459 blaSphcmiae
3443 5393 3526 5448 in-

1937 5470 2247 5537 dulscrant,
2275 5473 2556 5530 dominus.
2592 5492 2620 5530 a
2657 5479 2832 5532 sacris
2861 5481 3069 5536 nostris
3122 5498 3232 5537 non
3283 5485 3520 5550 alienus,

1942 5571 2056 5615 tum
2088 5566 2338 5632 quidem.
2365 5570 2512 5637 quod
2552 5586 2643 5626 res
2667 5572 2740 5626 ita
2767 5573 2976 5640 tulerit,
3009 5575 3320 5644 periculum
3383 5578 3522 5633 effu-

1937 5657 2038 5725 git.
2072 5657 2188 5712 Non
2215 5661 2390 5716 multo
2417 5678 2550 5718 vero
2579 5675 2723 5734 post,
2785 5677 2950 5722 noctu
3010 5669 3058 5722 ci
3112 5671 3406 5724 dormienti
3463 5671 3519 5725 in

3008 5944 3076 6005 13
