4084 6456
473 441 578 509 395

1708 435 2134 497 NlCEPllORI
2173 435 2526 496 CALLISTI

3630 433 3738 498 396

477 560 683 616 somnis
715 558 807 613 Dei
844 556 1094 611 Genitrix
1115 555 1309 621 astitit,
1341 553 1431 609 cui
1464 551 1801 623 diligentius,
1837 549 2052 620 Ecquid

2190 552 2271 619 τη,
2326 550 2447 603 ἐπεὶ
2494 548 2783 617 γνωρίζειν
2850 547 3199 618 διωμολόγει,
3265 549 3450 620 ἐκείνη
3513 550 3573 603 τὸ
3629 550 3740 603 τῶν

477 668 558 714 se,
583 665 833 720 quasnam
878 655 1048 713 esset,
1076 657 1282 707 nosset.
1311 644 1691 715 percunctanti
1718 660 1732 697 :
1767 651 2057 712 postquam

481 742 620 810 ipse,
658 755 821 793 nosse
843 753 907 792 se
923 753 1044 792 eam
1069 737 1351 807 professus
1373 746 1461 791 est
1492 754 1504 788 :
1534 735 1625 789 illa
1672 737 1725 791 ei
1770 743 2059 789 contume-

477 832 674 885 liarum
699 830 1078 897 indignitatem
1114 829 1167 882 in
1203 827 1529 882 memoriam
1558 824 1861 880 revocavit.
1917 824 2061 878 Tum

482 923 572 977 ille
604 922 769 975 miser
806 920 1038 990 supplex
1067 920 1146 973 illi
1176 933 1324 981 esse,
1352 917 1683 984 veniamque
1714 915 1901 971 delicti
1963 930 2062 984 pe-

487 1023 604 1068 tere
641 1031 654 1068 :
692 1022 751 1067 et
780 1027 848 1066 ne
881 1021 988 1066 tam
1024 1013 1133 1066 cito
1170 1020 1344 1064 morte
1388 1010 1732 1073 multaretur,
1781 1008 1878 1063 sed
1925 1017 2066 1063 tem-

489 1122 592 1176 pus
623 1106 675 1160 ei
703 1105 1039 1173 paenitentia
1075 1103 1506 1172 relinqueretur,
1545 1117 1732 1156 orare.
1792 1100 1910 1165 llla,
1972 1098 2067 1154 da-

489 1211 667 1253 turam
692 1212 751 1250 se
787 1198 893 1253 hoc
945 1196 1021 1258 ei,
1077 1211 1256 1264 neque
1299 1194 1352 1247 in
1412 1195 1707 1264 praasentia
1755 1193 1935 1263 ipsum
1986 1193 2063 1246 ita

493 1296 668 1342 morte
684 1303 875 1357 poenas
905 1289 1196 1349 luiturum,
1224 1288 1547 1354 promittere
1579 1302 1594 1338 :
1624 1285 1828 1341 vimine
1854 1293 2064 1348 autem,

489 1384 637 1452 quod
669 1398 833 1435 manu
862 1389 1078 1449 gestare
1113 1381 1424 1442 videbatur,
1453 1395 1627 1449 genua
1667 1379 1787 1448 ejus
1831 1379 2070 1432 circum-

491 1474 634 1529 circa
710 1473 879 1527 veluti
938 1487 1191 1534 exarans,
1283 1469 1763 1526 circumscribere.
1855 1467 1912 1522 ιιι
1974 1467 2067 1521 ubi

494 1566 725 1629 factum,
765 1565 1013 1626 avolans,
1040 1564 1090 1618 ei
1123 1571 1315 1631 postea
1364 1578 1475 1617 non
1530 1561 1802 1630 apparuit.
1842 1560 1914 1614 At
1958 1559 2069 1621 ille,

2164 641 2376 712 ὕϐρεων
2425 641 2627 695 ἄτοπον
2671 642 3109 710 ὑπεμίμνησκεν.
3165 640 3226 695 Ὀ
3254 641 3296 694 δ’
3332 643 3519 713 ἱκέτης
3553 643 3740 707 ἄθλιος

2161 731 2230 806 ἦν
2261 735 2355 787 καὶ
2384 736 2690 804 συγχωρεῖν
2746 733 2935 799 ἐδεῖτο,
2974 735 3068 787 καὶ
3113 735 3188 803 μὴ
3220 735 3284 787 ἐκ
3316 736 3410 789 τοῦ
3447 737 3741 806 προχείρου

2163 828 2409 897 ἀναιρεῖν
2474 827 2793 898 πειρᾶσθαι,
2852 826 2969 880 ἀλλ’
3022 827 3407 881 ὑπολιπέσθαιτ
3449 831 3742 897 μετανοίας

2166 919 2378 989 καιρόν.
2419 919 2486 970 Ἡ
2518 920 2563 970 δ’
2586 918 2957 987 ἐπηγγέλλετο
2985 918 3130 972 τοῦτ’
3160 919 3311 988 αὐτῷ
3335 924 3617 990 χορηγεῖν,
3646 923 3743 972 καὶ

2168 1012 2247 1082 μὴ
2273 1010 2368 1065 νῦν
2395 1010 2594 1065 διδόναι
2627 1013 2729 1075 τὰς
2755 1011 2933 1073 δίκας.
2963 1002 3127 1080 Λύγῳ
3157 1012 3212 1065 δὲ
3253 1012 3313 1065 ὃν
3362 1017 3429 1083 τῇ
3461 1016 3608 1084 χειρὶ
3642 1031 3741 1066 πε-

2170 1102 2416 1174 ριφέρειν
2462 1101 2648 1172 ἐῴκει,
2700 1101 3020 1172 περικύκλῳ
3048 1106 3115 1154 τέι
3168 1104 3377 1157 ἐκείνου
3411 1106 3615 1170 γόνατα
3650 1123 3748 1157 πε-

2171 1192 2470 1264 ριέγραφεν
2501 1192 2690 1263 ὥσπερ
2721 1193 3162 1263 διαχαράττουσα
3183 1210 3196 1223 ⁸
3232 1196 3327 1248 καὶ
3351 1195 3492 1249 οὕτω
3518 1197 3752 1267 διαπρα-

2170 1284 2402 1354 ξαμένη,
2424 1285 2641 1353 ἀπέπτη
2674 1284 2885 1355 ἀφανὴς
2934 1285 3028 1338 τοῦ
3055 1285 3239 1339 λοιποῦ
3277 1289 3568 1356 γενομένη.
3613 1288 3672 1341 '0
3694 1289 3750 1340 δὲ

2170 1377 2261 1429 τὸν
2319 1376 2485 1430 ὕπνον
2522 1376 2972 1446 ἐκτιναξάμενος,
3012 1377 3384 1449 διαρραγέντα
3440 1380 3605 1444 εὐθὺς
3649 1382 3751 1450 τῆς

2170 1467 2487 1536 ὁλομελείας
2516 1467 2762 1537 εὑρίσκει
2785 1470 2852 1520 τὰ
2881 1468 3038 1538 μέλη,
3071 1467 3107 1523 ἃ
3131 1470 3208 1537 τῷ
3251 1470 3398 1541 λύγῳ
3433 1471 3750 1542 διέγραψεν,

2173 1561 2401 1629 αἵματος
2426 1560 2622 1623 νεαροῦ
2645 1561 3011 1632 ἀπορρέοντος
3033 1577 3044 1589 ·
3071 1563 3167 1615 καὶ
3195 1563 3476 1633 προτεοεὶς
3498 1564 3747 1635 δημοσίᾳ,

493 1671 689 1712 somno
718 1656 990 1717 discusso.
1067 1655 1316 1710 membra
1344 1669 1409 1709 ea
1456 1669 1578 1723 quae
1624 1652 1832 1706 vimine
1888 1661 2072 1706 notata

495 1749 742 1815 fuerant,
776 1750 960 1803 statim
992 1748 1061 1802 ab
1087 1748 1299 1816 reliquo
1318 1761 1549 1815 corpore
1568 1745 1817 1814 disrupta
1839 1744 2071 1808 invenit,

2174 1653 2309 1705 πᾶσι
2340 1651 2436 1723 τὴν
2466 1651 2676 1705 ἔνδικον
2707 1652 2890 1721 κρίσιν
2910 1653 3248 1724 ὲξήγγελλεν.
3270 1656 3334 1708 Οί
3363 1655 3409 1708 δ’
3436 1656 3750 1723 ἀκούοντες,

2176 1743 2327 1800 α’ίνον
2349 1746 2549 1814 ἀνῆγον
2579 1745 2656 1813 τῷ
2694 1746 2990 1816 παραδόξῳ
3026 1747 3148 1818 Θεῷ
3171 1788 3186 1811 ,
3222 1749 3315 1802 καὶ⁹
3354 1753 3421 1821 τῇ
3448 1749 3627 1822 Μητρὶ
3653 1751 3751 1805 τοῦ

494 1842 705 1896 recenti
756 1840 1023 1907 sanguine
1056 1838 1381 1908 proﬂuente.
1428 1837 1495 1891 Et
1524 1838 1576 1891 in
1619 1837 1897 1905 publicum
1943 1850 2074 1904 pro-

2184 1836 2316 1890 Βεοῦ
2349 1836 2493 1891 οὕτω
2551 1837 2644 1889 τοῦ
2686 1839 2795 1892 τῶν
2824 1840 3169 1911 Χριστιανῶν
3212 1842 3401 1910 γένους
3451 1843 3757 1912 ὑπερασπι-

494 1931 714 1994 ductus,
760 1929 969 1996 jnstmn
1031 1929 1291 1982 omnibus
1344 1927 1615 1998 judicium
1676 1926 2072 1996 promulgavit.

2184 1928 2349 2001 ζούσῃ
2380 1931 2487 1998 ἀεὶ,
2521 1933 2616 1983 καὶ
2646 1930 2850 2001 τρόπον
2881 1932 3067 2003 ἕτερον
3114 1934 3172 1985 τὸ
3227 1933 3515 2003 συμπαθὲς
3549 1936 3755 1991 mea.

493 2023 597 2089 Qui
626 2038 757 2077 vero
778 2021 829 2075 id
880 2022 1197 2086 audierunt,
1259 2021 1450 2075 laudes
1504 2020 1633 2085 Deo,
1676 2029 1904 2089 propter
1961 2027 2072 2073 tam

2184 2022 2452 2093 κνυμένῃ,
2505 2024 2609 2079 κᾶν
2650 2024 2745 2078 καὶ
2794 2024 2945 2094 παρὰ
3002 2026 3165 2095 φύσιν
3193 2026 3333 2096 αὐτῇ
3373 2027 3436 2081 τὸ
3479 2028 3755 2096 κολάζειν,

498 2114 842 2184 inopinatum
866 2115 1221 2179 miraculum,
1254 2122 1572 2166 cantarunt.
1608 2113 1835 2165 Matrem
1882 2111 2074 2167 itidem

2184 2111 2505 2186 βιαζομένῃ,
2561 2115 2638 2182 ὡς
2687 2116 2752 2170 ἄν
2803 2134 2866 2184 γε
2920 2116 2989 2170 τὰ
3042 2118 3136 2188 τῆς
3189 2118 3487 2190 θρησκείας
3545 2120 3756 2190 ἔμπεδα

499 2206 596 2261 Dei
637 2207 1008 2272 celebrarunt,
1065 2222 1188 2276 qua:
1237 2206 1313 2261 ita
1363 2222 1582 2274 semper
1632 2205 2074 2261 Christianorum
2183 2206 2292 2278 ετη.

497 2313 671 2367 genus
702 2309 1230 2368 tueretur,qu:eque
1265 2314 1409 2353 novo
1457 2297 1699 2367 quodam
1758 2296 1921 2352 modo
1974 2296 2324 2355 alfectionem
2392 2316 2520 2370 erga
2578 2302 2681 2356 nos
2749 2316 2905 2357 suam
2942 2305 3191 2373 quamvis
3240 2313 3441 2374 praeter
3500 2315 3755 2362 naturam

496 2392 619 2460 ejus
647 2391 738 2456 sit,
779 2400 837 2446 ut
861 2407 1190 2462 quemquam
1246 2391 1458 2460 puniat,
1499 2392 1550 2444 vi
1605 2390 1844 2461 quadam
1889 2390 2082 2447 adacta
2122 2394 2477 2462 ostenderet,
2527 2404 2586 2451 ut
2611 2397 2824 2454 scilicet
2880 2398 3071 2470 religio
3100 2400 3261 2458 nobis
3279 2400 3496 2463 stabilis
3523 2401 3756 2460 et-firnta

499 2493 669 2539 esset.

921 2618 1082 2691 853
1128 2618 1356 2675 CAPUT
1410 2618 1649 2677 XXXW.

502 2730 583 2787 De
610 2740 789 2789 sancto
826 2731 1372 2805 Joanne_Jejunatore
1393 2774 1408 2798 ,
1440 2732 1883 2805 archiepiscopali
1908 2734 2082 2805 digni-

527 2808 533 2812 ’
854 2812 964 2856 tate
1010 2803 1468 2873 Constantinopoli
1516 2811 1727 2858 ornato.

574 2982 712 3036 Tum
742 2997 875 3038 vero
903 2984 1068 3038 etiam
1099 2984 1389 3039 hierarcha
1421 2984 1578 3040 urbis
1612 2984 2082 3058 Constantinopo-

502 3077 688 3130 litante
733 3075 973 3130 Joannes
1004 3079 1102 3145 (l),
1169 3086 1297 3146 post
1345 3078 1703 3149 episcopatus
1759 3082 1845 3135 sui
1904 3096 2078 3137 annos

506 3154 906 3232 tredecint,'ex
936 3167 1041 3221 bac
1069 3168 1177 3221 vita
1203 3168 1462 3225 decessit.
1498 3171 1599 3251 Qui
1629 3173 1776 3241 quod
1825 3174 2078 3242 volupta-

2750 2625 2976 2679 ΚΕΦΔΛ
2988 2666 3000 2680 .
3040 2627 3162 2681 ΛΔ’.
3220 2635 3230 2644 ⁸

2185 2738 2320 2805 Περὶ
2358 2738 2467 2792 τοῦ
2515 2738 2691 2807 ἁγίου
2744 2741 3028 2796 Ἰωάννου
3074 2741 3184 2796 τοῦ
3250 2743 3598 2809 Νηστευτοῦ
3649 2743 3757 2798 τοῦ

2254 2809 2370 2883 τὴν
2405 2809 2834 2883 ἀρχιερατικὴν
2862 2814 3559 2881 Κωνσταντινουπόλεως
3593 2826 3758 2883 περι-

2254 2881 2636 2949 ϐαλλομένων
2664 2882 2866 2945 ἀξίαν.

2256 2994 2572 3063 Τηνικαύτα
2600 2994 2653 3049 δὲ
2702 2998 2799 3050 καὶ
2847 2998 2875 3050 ὁ
2905 2999 3006 3066 τὴν
3038 2999 3325 3070 ίεραρχίαν
3359 3000 3612 3055 διιθύνων
3657 3001 3758 3070 τῆς

2185 3086 2390 3149 πόλεως
2427 3089 2681 3158 Ἰωάννης
2738 3089 2875 3158 μετὰ
2905 3088 2999 3157 ἔτη
3042 3092 3305 3165 δεκατρία
3350 3091 3442 3145 τὸν
3489 3092 3615 3162 τῇδε
3646 3092 3761 3160 βίον

2184 3179 2453 3231 ἀπέλιπεν
2478 3196 2494 3212 ο
2525 3179 2584 3243 ὃς
2615 3181 2703 3233 διὰ
2738 3181 2797 3233 τδ
2829 3182 3342 3254 καταφιλοσοφῆσαι
3371 3184 3482 3238 τῶν
3531 3184 3758 3254 ἡδονῶν,

508 3269 591 3314 tes
619 3260 971 3328 espugnarit,
1007 3260 1286 3329 animique
1320 3263 1775 3330 perturbationes
1822 3279 2080 3320 ecercue-

2193 3272 2532 3342 τυραννῆσαί
2580 3289 2640 3324 τε
2688 3272 2798 3326 τῶν
2848 3274 3057 3340 παθῶν,
3088 3277 3184 3329 καὶ¹
3236 3277 3616 3349 αὐτοκράτορα
3660 3276 3763 3345 τῆς

507 3349 600 3412 rit,
625 3360 679 3405 et
703 3350 994 3419 imperium
1022 3350 1078 3405 in
1115 3361 1361 3408 ventrem
1394 3358 1730 3423 exercuerit,
1789 3357 2082 3427 Jejunator

507 3439 843 3509 aByzantiis
865 3441 1285 3510 cognominatus
1337 3454 1469 3499 est.:
1513 3448 1598 3500 vir
1649 3463 1718 3502 ex
1778 3447 2080 3503 idiotarum

480 3532 737 3601 ‘quidcm
766 3533 857 3587 ille
892 3541 948 3588 et
983 3534 1185 3603 opificii
1211 3552 1322 3591 non
1377 3538 1660 3594 inhonesti
1707 3540 1902 3594 ordine
1953 3557 2084 3610 pro-

508 3641 751 3697 gressus,
785 3627 879 3682 sed
906 3627 999 3696 qui
1037 3638 1263 3698 propter
1288 3639 1642 3699 praistantem
1698 3633 1958 3688 virtutem
2012 3633 2081 3688 ad

508 3720 861 3789 episcopatus
886 3720 1164 3790 fastigium
1196 3722 1450 3777 sublatus
1498 3725 1589 3778 sit.
1649 3724 1723 3780 De
1786 3741 1898 3795 quo
1956 3741 2080 3782 cum

507 3813 677 3866 multa
708 3812 814 3868 alia
850 3823 1159 3869 memoratu
1189 3814 1351 3884 digna
1384 3817 1775 3885 praedicantur,
1810 3828 1922 3873 tum
1947 3820 2081 3876 illud

508 3905 744 3960 maxime
772 3907 1116 3971 celebratur,
1156 3910 1305 3976 quod
1337 3919 1562 3979 propter
1587 3925 1742 3965 suam
1775 3927 1905 3983 erga
1953 3930 2085 3983 pau-

508 4013 669 4067 peres
691 3998 1037 4056 all‘ectionem
1069 4012 1126 4055 et
1182 4003 1619 4058 misericordiam
1669 4006 1768 4077 (2),
1822 4007 2080 4077 pluribus

508 4093 576 4145 ab
616 4093 948 4162 imperatore
1001 4093 1226 4150 talentis
1290 4106 1481 4151 mutuo
1538 4099 1795 4167 sumptis,
1853 4116 2083 4169 syngra-

507 4186 672 4255 pham
701 4186 780 4239 illi
811 4185 1054 4249 dederit,
1081 4201 1190 4257 qua
1247 4188 1616 4245 substantiam
1670 4205 1827 4244 suam
1886 4201 2088 4245 mutuae

510 4279 757 4346 pecunia:
782 4288 1042 4347 tanquam
1073 4280 1434 4349 ltypotltecam
1464 4282 1725 4351 opposuit
1779 4291 1944 4352 atque
1977 4283 2085 4335 im-

510 4370 837 4439 pignoravit.
869 4370 939 4422 At
965 4378 1251 4439 postquam
1284 4372 1349 4423 is
1378 4387 1408 4426 e
1442 4372 1551 4425 vita
1580 4371 1856 4440 migravit,
1884 4373 2086 4426 Mauri-

514 4461 663 4527 cius,
700 4461 962 4515 antistitis
996 4460 1289 4514 facultates
1345 4461 1651 4528 inquirens,
1711 4472 2090 4530 paupertatem

513 4568 640 4609 eum
689 4568 1022 4623 magnopere
1082 4561 1460 4608 consectatum
1542 4552 1716 4607 fuisse
1771 4558 2086 4624 comperit:

511 4660 751 4714 cumque
781 4645 848 4700 de
882 4646 1083 4700 virtute
1138 4653 1291 4699 tanta
1343 4645 1669 4711 admiratus,
1718 4647 2085 4719 syngrapham

511 4739 694 4793 statim
721 4737 1062 4806 discerpsit:
1115 4745 1174 4791 et
1228 4736 1491 4790 lectulum
1553 4745 1761 4791 tantum
1816 4740 2109 4811 ligneum,”

512 4830 607 4899 qui
633 4830 686 4883 in
716 4830 879 4885 bonis
903 4830 1026 4900 ejus
1060 4837 1314 4899 repertus
1336 4839 1440 4891 est,
1473 4830 1841 4899 etjamiculum
1862 4833 2085 4888 laneum

515 4936 681 4976 tenue
708 4921 1024 4987 admodum,
1062 4936 1164 4975 nec
1190 4936 1299 4977 non
1336 4922 1591 4991 penulam
1640 4925 1932 4993 quamdam
1995 4926 2091 4980 de-

512 5015 746 5067 formem
781 5013 983 5085 (fuerat
1028 5027 1265 5083 namque
1319 5012 1559 5069 Joannes
1629 5017 1772 5069 male
1829 5017 2087 5082 vestitus,

517 5111 831 5181 frugalitate
864 5111 987 5165 vita:
1011 5112 1373 5182 conspicuus)
1402 5112 1456 5165 in
1498 5113 1681 5167 aulam
1742 5114 2086 5183 imperialem

516 5204 706 5257 inferri
752 5203 939 5273 jussit,
974 5209 1153 5273 eaque
1198 5204 1364 5260 rebus
1402 5207 1660 5261 omnibus
1702 5207 1966 5276 praetulit.
2021 5208 2089 5262 Et

512 5296 850 5364 jejuniorum
899 5296 1134 5350 solemni
1171 5306 1419 5367 tempore
1464 5299 1747 5369 deinceps,
1808 5299 1968 5354 lectis
2022 5315 2092 5356 ex

515 5402 657 5441 auro
709 5397 767 5442 et
796 5388 1001 5458 lapillis
1057 5390 1317 5459 pretiosis
1368 5392 1739 5459 concinnatis,
1788 5393 2093 5463 sericisque

517 5478 788 5544 vestibus,
810 5491 872 5535 et
904 5481 1029 5535 aliis
1088 5483 1467 5552 imperialibus
1530 5484 1744 5539 deliciis
1795 5485 2088 5554 valedicto,

593 5662 669 5729 (ll
720 5661 867 5735 Inter
932 5663 1198 5719 Joannem
1258 5666 1421 5719 istum
1484 5674 1540 5719 et
1587 5666 1916 5735 Gregorium
1971 5666 2092 5735 epi-

521 5733 1081 5797 seoputnliomanntn
1110 5736 1394 5790 contentio
1464 5736 1587 5798 fuit;
1648 5733 1792 5805 quod
1853 5733 2096 5791 Joannes

522 5805 892 5857 {conmunith
942 5806 1233 5874 episcopus
1316 5806 1584 5859 nominari
1681 5808 1955 5869 Vulucril,
2006 5807 2093 5859 cui

528 5881 814 5941 propterea
840 5874 1136 5944 Gregorius
1163 5877 1387 5930 restitit.
1422 5876 1636 5940 Blontl.,
1669 5876 1895 5943 Gregor.
1929 5878 2092 5941 Epist.

2189 3359 2396 3422 κοιλίας
2440 3361 2718 3428 γενέσθαι,
2782 3363 3101 3436 Νηστευτὴς
3150 3367 3256 3420 ὑπὸ
3310 3367 3418 3420 τῶν
3452 3366 3759 3432 Βυζαντὶων

2189 3453 2607 3522 κατωνομάζετο
2629 3470 2642 3484 ’
2705 3455 2844 3526 ἀνὴρ
2875 3458 2932 3523 ἐξ
2963 3458 3172 3511 ἰδιώτου
3229 3460 3321 3512 καὶ
3353 3461 3546 3530 τέχνης
3591 3459 3763 3529 καρά-

2189 3560 2363 3613 γμασι
2411 3545 2593 3609 δεξιᾶς
2640 3544 2728 3599 διὰ
2756 3548 2817 3600 τὸ
2846 3548 2945 3618 τῆς
2997 3549 3201 3619 ἀρετῆς
3232 3550 3545 3620 ὑπερφέρον
3597 3555 3676 3615 εἰς
3700 3553 3762 3605 τὸ

2187 3636 2289 3703 τῆς
2318 3636 2733 3708 ἀρχιερωσύνης
2785 3638 2919 3709 ὕψος
2974 3639 3186 3711 ἀρθείς.
3229 3642 3363 3711 Περὶ
3394 3642 3454 3695 οὖ
3488 3644 3581 3695 καὶ
3627 3643 3761 3696 ἄλλα

2194 3727 2294 3798 μὲν
2324 3728 2524 3781 πολλοῦ
2551 3729 2713 3794 λόγου
2760 3728 2886 3794 ἄξια
2920 3732 3180 3800 φέρεται·
3228 3731 3448 3801 λέγεται
3472 3734 3517 3788 δ’
3544 3731 3657 3799 οὖν,
3686 3735 3760 3798 ὡς

2193 3820 2534 3889 συμπαθείας
2566 3821 2736 3893 οίκτῳ
2766 3822 2842 3892 τῷ
2869 3824 3003 3892 πρὸς
3030 3825 3154 3888 τοὺς
3187 3826 3422 3896 πένητας
3449 3829 3608 3882 ίκανέι
3631 3827 3763 3897 πρὸς

2190 3914 2286 3968 τοῦ
2337 3916 2740 3987 αὐτοκράτορος
2769 3917 3117 3972 δανείσασθαι
3146 3920 3404 3984 τάλαντα,
3456 3922 3549 3973 καὶ
3580 3936 3761 3990 γραμ-

2195 4008 2414 4076 ματεῖον
2467 4006 2617 4076 αὑτῷ
2670 4008 3003 4077 ἐγχειρίσαι,
3042 4010 3142 4079 τὴν
3193 4010 3404 4063 οἰκείαν
3439 4012 3778 4080 περιουσίαν

2190 4098 2314 4158 ταῖς
2345 4095 2440 4149 τοῦ
2471 4095 2663 4159 δάνους
2693 4097 2878 4161 ὁλκαίς
2901 4100 3218 4155 ὑποθέσθαι.
3257 4102 3407 4154 Ἐπεὶ
3431 4102 3487 4154 δὲ
3525 4101 3764 4171 μετῆρεν

2194 4187 2467 4254 ἐντεῦθεν,
2522 4190 2550 4241 ὁ
2601 4190 2910 4259 Μανρίκιος
2947 4191 3047 4260 τὴν
3092 4192 3185 4244 τοῦ
3214 4192 3407 4262 ἱερέως
3441 4190 3772 4261 περιουσίαν

2191 4280 2706 4351 διερευνησάμενος,
2733 4280 2982 4352 εὑρίσκει
3006 4280 3194 4335 τοῦτον
3223 4283 3286 4335 τὸ
3316 4282 3763 4354 ἀφιλοχρήματον

2193 4373 2249 4434 ὲς
2280 4373 2450 4441 ἄκρον
2476 4372 2915 4443 φιλοσοφήσαντα
2934 4388 2948 4403 ·
2980 4376 3072 4425 καὶ
3100 4373 3216 4441 δῆτ’
3236 4374 3510 4443 ἀγάμενος
3551 4374 3644 4426 τὸν
3670 4372 3763 4426 ἄν·

2193 4464 2295 4534 δρα
2321 4467 2416 4533 τῆς
2471 4467 2713 4535 ἀρετῆς,
2758 4465 3081 4536 διαρῥήσσει
3116 4467 3215 4535 μὲν
3267 4467 3327 4521 τὸ
3376 4467 3760 4537 γραμματεῖον

2197 4557 2357 4622 εὐθύς
2378 4574 2393 4589 ·
2429 4559 2589 4628 μόνον
2616 4559 2670 4611 δὲ
2695 4559 2785 4610 τὸν
2816 4559 3224 4628 πσρευρεθέντα
3254 4560 3648 4630 σκιμποδίσκον
3674 4556 3763 4622 ξύ-

2193 4650 2356 4715 λινον,
2406 4652 2501 4703 καὶ
2522 4651 2622 4721 τὴν
2652 4650 2709 4715 ἐξ
2738 4651 2889 4721 ἐρίου
2931 4652 3161 4722 σισύραν
3194 4655 3248 4715 ἐς
3285 4654 3354 4705 τὰ
3405 4652 3639 4720 μάλιστα
3672 4649 3764 4701 sbv-

2193 4741 2344 4811 τελῆ,
2400 4744 2631 4815 φενόλην
2664 4745 2724 4796 τέ
2753 4760 2877 4797 τινα
2909 4746 3120 4812 ἀκαλλῆ
3155 4744 3452 4814 (δυσείμων
3482 4744 3590 4812 γὰρ
3617 4736 3684 4811 ἦν
3735 4740 3764 4792 ὁ

2195 4836 2331 4906 ἀνὴρ
2374 4836 2613 4906 λιτότητι
2663 4835 2779 4904 βίου
2814 4834 3216 4906 λαμπόμενος).
3264 4836 3447 4887 Ταῦτα
3491 4833 3555 4902 δὴ
3591 4832 3764 4885 ταῦτα

2192 4930 2312 4982 ἀντὶ
2347 4930 2562 4982 πάντων
2592 4929 2619 4980 ὁ
2642 4928 2947 4998 Μαυρίκιο.;
2977 4930 3375 4998 τιμησάμενος,
3410 4931 3468 4991 ἐς
3509 4930 3579 4980 τὰ
3606 4927 3764 4997 βασί-

2193 5023 2313 5075 λεια
2347 5022 2709 5091 μετηγάγετο.
2763 5021 2853 5091 Τῷ
2906 5021 3082 5090 καιρῷ
3129 5022 3309 5075 τοίνυν
3340 5020 3450 5073 τῶν
3496 5018 3763 5091 νηστειῶν

2192 5118 2309 5177 ταῖς
2355 5118 2584 5185 χρυσαῖς
2616 5116 2708 5167 καὶ
2728 5113 3124 5184 λιθοκολλήτοις
3152 5115 3259 5167 τῶν
3287 5114 3515 5180 κλινῶν,
3552 5114 3663 5176 τοῖς
3703 5128 3767 5164 τε

2197 5207 2398 5270 νήμασι
2425 5203 2534 5257 τῶν
2556 5203 2759 5273 σηρῶν,
2783 5205 2877 5255 καὶ
2898 5207 2963 5275 τῇ
2992 5204 3127 5276 ἄλλῃ
3155 5204 3407 5274 βασιλικῇ
3441 5205 3616 5274 τρυφῇ
3648 5201 3770 5289 χαί-

2197 5311 2313 5364 ρειν
2344 5294 2541 5363 λέγων,
2575 5297 2640 5364 τῇ
2668 5294 2855 5365 ξυλίνῃ
2889 5295 3100 5349 πιὸἁδι
3141 5294 3234 5349 τοῦ
3284 5298 3471 5366 ἱερέως
3507 5293 3771 5363 παννυχί-

2196 5385 2304 5451 ζων
2330 5387 2530 5456 ἐχρῆτο
2568 5387 2721 5450 θείας
2752 5389 2896 5450 τινὸς
2945 5387 3198 5441 ἐντεῦθεν
3243 5388 3466 5459 χάριτος
3522 5388 3769 5454 οἰόμενος

2199 5479 2780 5549 μεταλήψεσθαι.Τότε
2811 5482 2905 5534 καὶ
2927 5483 2987 5533 τδ
3014 5480 3256 5549 Μαύρων
3286 5479 3438 5544 ἔθνος
3472 5482 3527 5542 ἐς
3558 5476 3767 5547 Λιὸύην

2197 5660 2235 5714 1.
2272 5679 2344 5721 ιν.
2380 5677 2426 5715 c.
2455 5660 2547 5716 9.9.

2272 5736 2347 5805 (‘2)
2382 5735 2484 5786 Alii
2519 5733 2783 5788 Joannem
2813 5733 3636 5859 Eleemosg'nariumnominant.
3660 5727 3771 5783 Cu-

2272 5823 2280 5857 i
2306 5807 2447 5858 sacri
2481 5804 2696 5859 cineres
2726 5806 2779 5858 in
2805 5821 2931 5859 arce
2967 5806 3065 5859 Βυι
3086 5807 3203 5859 ensi
3246 5805 3418 5859 fut-re.

2195 5804 2288 5874 jus
2306 5807 2447 5858 sacri
2481 5804 2696 5860 cineres
2726 5806 2779 5858 in
2805 5821 2931 5861 arce
2967 5804 3203 5860 Budcnsi
3246 5805 3418 5859 fut-re.
