4084 6488
2056 236 2096 267 8

497 402 607 461 9.99

1716 404 2136 466 NICEPIIORI
2186 407 2272 465 CA
2286 406 2373 464 LL
2386 404 2532 498 EST!

3651 402 3757 466 4C0

494 530 603 582 ret,
632 523 712 573 sic
741 531 939 572 arcana
996 532 1208 573 natura:
1258 517 1578 574 occultavit.
1621 518 1757 573 Eum
1811 518 1905 572 ubi
1961 518 2071 572 dux

2178 518 2223 569 δ’
2254 517 2391 571 ἄλλα
2430 518 2462 587 ὴ
2501 515 2596 570 τοῦ
2624 515 2813 578 ὕδατος
2843 513 3006 584 φύσις
3034 514 3365 569 ὶκάλυπτεν.
3412 515 3628 571 Ὢσανεὶ
3647 515 3758 585 γάρ

490 609 802 681 conspexit,
853 610 1180 664 solenmiter
1241 625 1368 664 eum
1419 610 1720 675 identidem
1771 609 2069 681 adjuravit,

494 700 769 770 siquidem
797 698 1132 754 daamonium
1157 707 1332 763 esset,
1364 708 1425 755 ut
1451 716 1482 755 e
1522 709 1819 770 conspectu
1872 699 2070 766 abiret,

489 790 623 844 etin
661 790 1015 846 solitudinem
1058 806 1117 846 se
1151 792 1465 862 reciperet:
1490 793 1572 847 sin
1596 792 1835 847 creatrix
1886 793 2073 862 aliqua

490 881 575 936 vis
600 882 650 936 id
682 882 1027 950 protulisset,
1060 892 1122 937 ut
1145 898 1214 938 ne
1245 884 1405 955 prius
1440 883 1803 953 spectandum
1849 900 1909 939 se
1943 885 2078 939 sub-

490 972 750 1037 duceret,
806 989 970 1043 quam
1017 989 1212 1029 omnes
1268 975 1552 1044 inopinato
1609 982 1835 1044 aspectu
1890 976 2072 1029 satiati

489 1072 706 1119 essent.
750 1064 942 1134 Itaque
963 1066 1214 1119 animans
1234 1066 1287 1119 i'd
1337 1066 1642 1136 (hominem
1700 1067 1845 1121 enim
1886 1066 2073 1120 dicere

491 1170 601 1208 non
645 1155 847 1224 ausim)
882 1156 1095 1209 diutius
1140 1156 1391 1212 constitit
1444 1156 1795 1227 adjurationc
1835 1157 2075 1211 constri-

491 1256 666 1310 ctum,
696 1262 869 1316 seque
888 1248 1146 1301 omnibus
1169 1247 1624 1316 conspiciendum
1654 1247 1911 1317 praebuit.
1943 1247 2075 1303 Ter-

494 1341 571 1394 tio
603 1340 805 1394 deinde
834 1341 950 1404 die,
977 1334 1081 1395 Sub
1115 1356 1395 1406 auroram,
1424 1341 1571 1395 aliud
1599 1343 1766 1395 etiam
1823 1342 2075 1396 animans

497 1433 757 1487 muliebri
793 1434 968 1488 forma
999 1436 1143 1503 (nam
1174 1435 1225 1488 id
1258 1444 1455 1489 natura
1501 1435 1634 1489 satis
1671 1434 1972 1505 indicabat)
2004 1448 2074 1489 ex

495 1525 662 1578 undis
706 1526 953 1579 emersit.
1006 1525 1138 1578 Nam
1169 1525 1357 1579 vultus
1393 1524 1566 1593 ipsius
1623 1525 1854 1586 iazvitas,
1903 1540 2073 1579 comic

495 1615 801 1683 prolixitas,
843 1632 944 1670 nec
1000 1632 1108 1671 non
1165 1616 1376 1686 reliqua
1435 1618 1687 1685 corporis
1725 1618 2072 1684 constitutio,

493 1712 550 1757 et
588 1705 766 1773 capilli
797 1706 993 1773 partim
1024 1706 1364 1775 complicati,
1397 1706 1594 1775 partim
1627 1705 1820 1772 soluti,
1857 1706 2071 1760 forma--

492 1811 600 1862 que
624 1796 912 1865 splendor,
968 1797 1227 1851 feminam
1284 1812 1406 1850 esse
1470 1798 1919 1850 denuntiabant:
1975 1797 2071 1853 sed

2176 607 2551 677 αἰσχυνομένῳ
2596 606 2781 675 ιῴκει,
2831 605 2973 660 ὥστε
3029 607 3095 676 δὴ
3152 609 3249 660 καὶ
3303 608 3371 661 τὰ
3402 610 3503 678 τῆς
3539 607 3758 677 φύσεως

2177 699 2465 770 άπόρῤητα
2488 698 2878 753 ἐκκαλύπτειν.
2919 698 2987 751 Ὀ
3016 697 3153 769 δῆτα
3176 700 3205 751 ὁ
3230 696 3460 769 ἡγεμὼν
3483 698 3759 768 θεασάμε-

2176 808 2287 857 νος,
2319 791 2504 858 ὅρκοις
2562 793 2787 853 πυκνοῖς
2842 788 3092 857 ἔϐαλλεν,
3116 792 3165 842 si
3205 790 3303 859 μὲν
3330 789 3417 860 τίη
3450 790 3757 859 δαιμόνιον,

2176 881 2469 935 καταλύειν
2495 881 2555 935 τδ
2584 880 2817 951 θέατρον
2851 881 2947 934 καί
2968 885 3068 952 τὴν
3100 881 3340 953 ἠρεμίαν
3372 880 3719 946 ἀσπάζεσθαι
3742 898 3758 914 ο

2179 976 2226 1027 εἰ
2253 973 2309 1026 δὲ
2343 972 2406 1043 δη
2417 974 2713 1044 μιουργική
2741 989 2825 1037 τις
2860 973 2952 1026 καὶ
2974 956 3135 1025 τοῦτο
3162 973 3386 1043 φροντὶς
3410 974 3759 1043 προηνέγκα-

2177 1083 2258 1129 το,
2300 1063 2377 1135 μὴ
2412 1063 2573 1118 λῦσαι
2607 1063 2706 1134 τὴν
2737 1063 2976 1135 θεωρίαν
3033 1066 3164 1135 πρὶν
3203 1067 3413 1128 πάντας
3443 1065 3547 1134 τῆς
3578 1082 3761 1136 παρα-

2176 1156 2329 1221 δόξου
2363 1156 2489 1219 θέας
2509 1155 2912 1226 ἐμφορηθῆναι.
2940 1152 3012 1210 Τὸ
3042 1156 3144 1227 μὲν
3170 1156 3262 1210 οὖν
3287 1155 3429 1221 ζῶον
3457 1158 3634 1210 ἐκεῖνο
3661 1158 3761 1228 (εί-

2178 1250 2300 1302 πείν
2334 1248 2443 1318 γὰρ
2497 1246 2788 1316 ἄνθρωπον
2845 1247 2909 1301 ού
2958 1248 3170 1320 (lappa)
3217 1249 3310 1301 ἐπὶ
3346 1248 3481 1301 πολὺ
3538 1248 3754 1320 διήρκει

2174 1344 2286 1404 τοῖς
2309 1342 2495 1410 ὅρκοις
2522 1340 3053 1411 κατεμπεδούμενον,
3087 1340 3401 1411 καταφανὲς
3431 1342 3542 1403 τοῖς
3579 1339 3757 1396 ἅπασι

2176 1434 2589 1506 καθορώμενον.
2623 1434 2795 1507 Τρίτῃ
2815 1434 2859 1485 δ’
2888 1436 2967 1507 ἕῳ
2989 1440 3052 1489 ἐκ
3079 1439 3174 1507 τῆς
3200 1436 3409 1497 κοιλίας
3440 1434 3534 1487 τού
3566 1434 3755 1497 ὕδατος

2176 1528 2268 1579 καὶ
2294 1526 2646 1597 θηλύμορφον
2674 1527 2867 1598 ἕτερον
2923 1526 3198 1580 ἀνεδίδοτο
3218 1542 3234 1558 ⁸
3267 1527 3428 1580 τοῦτο
3464 1528 3626 1598 γάρὴ
3659 1528 3759 1593 φύ-

2177 1637 2262 1683 σις
2301 1620 2588 1689 ἐσήμαινε.
2612 1618 2686 1672 Τό
2739 1636 2799 1672 τε
2839 1618 2949 1690 γὰρ
2984 1619 3079 1673 τοῦ
3116 1618 3412 1689 προσώπου
3461 1620 3626 1684 λεῖον,
3664 1621 3758 1673 καὶ

2175 1712 2235 1765 τὸ
2264 1712 2362 1780 τῆς
2394 1710 2573 1782 κόμης
2603 1711 2962 1782 σχοινοτενὲς,
2996 1713 3089 1766 καὶ
3126 1714 3159 1782 ἡ
3192 1712 3352 1783 λοιπὴ
3374 1711 3471 1765 τοῦ
3508 1712 3761 1780 σώματος

2180 1800 2465 1866 σύνταξις,
2496 1803 2557 1856 αἶ
2603 1820 2661 1854 τε
2689 1803 3043 1879 περιπλοκαὶ,
3077 1804 3170 1855 καὶ
3196 1805 3263 1857 τὰ
3298 1802 3520 1869 ἔκλυτα,
3571 1807 3666 1858 καὶ
3697 1806 3760 1857 τὸ

495 1901 651 1941 coma
686 1889 736 1942 ei
788 1888 1078 1953 subnigra,
1118 1889 1287 1943 iacies
1340 1887 1594 1951 candida,
1633 1902 1797 1942 nasus
1869 1889 2071 1943 medio-

2189 1893 2549 1963 neptldpmv
2583 1896 2681 1965 τῆς
2715 1896 2887 1964 ὥρας,
2948 1896 3011 1949 τὸ
3040 1894 3263 1964 γύναιον
3304 1897 3756 1967 καθυπέγραφεν.

494 1978 629 2045 eris,
664 1987 720 2032 et
750 1979 904 2049 digiti
961 1981 1015 2033 in
1052 1980 1308 2034 manibus
1337 1979 1597 2034 decentes
1651 1988 1833 2034 erant.
1892 1980 1946 2033 In
1979 1996 2075 2036 ore.

496 2078 684 2124 tenera
707 2070 973 2126 ﬂorebant
997 2072 1162 2136 labia,
1185 2073 1357 2126 ubera
1384 2072 1583 2126 leniter
1611 2072 2075 2136 intumescebant,

495 2168 552 2215 et
580 2163 795 2231 papilla:
818 2179 846 2216 a
884 2164 1175 2232 pubertate
1208 2165 1418 2219 recenti
1448 2164 1735 2233 paululum
1755 2165 2074 2234 prominere

496 2255 866 2323 conspicienti
894 2256 1244 2311 videbantur.
1281 2255 1545 2325 Reliquas
1585 2257 1835 2311 mulieris
1894 2265 2076 2326 partes

496 2345 701 2406 ﬂamen
740 2349 1081 2416 cccultahat,
1118 2366 1320 2404 arcana
1348 2351 1570 2407 thalami
1610 2350 1914 2422 conjugalis
1962 2364 2077 2421 my-

495 2438 661 2492 steria
679 2440 1103 2507 spectatoribus.
1150 2442 1377 2511 perinde
1408 2451 1573 2511 atque
1632 2442 1715 2497 eis
1760 2442 1854 2512 qui
1905 2442 2077 2497 sacris

495 2531 901 2586 secretioribus
938 2533 1138 2588 initiati
1166 2549 1275 2588 non
1310 2542 1518 2606 essent,
1556 2533 1898 2588 subduccns.
1955 2532 2073 2586 Dux

496 2622 665 2692 igitur
701 2624 818 2692 ipse
849 2633 906 2679 ct
935 2626 1140 2681 cohors
1170 2627 1293 2697 ejus
1329 2642 1507 2696 usque
1536 2627 1604 2680 ad
1635 2639 1892 2681 occasum
1937 2623 2075 2678 solis

495 2716 809 2784 spectaculo
835 2732 900 2771 eo
925 2718 1111 2773 oculos
1143 2734 1363 2787 pavere,
1390 2733 1498 2788 quo
1529 2727 1773 2788 tempore
1788 2726 1844 2772 et
1865 2716 2076 2771 anima-

494 2811 568 2865 lia
596 2824 659 2865 ea
685 2811 909 2866 intimos
932 2812 1112 2867 amnis
1144 2828 1397 2869 recessus
1432 2812 1682 2877 subiere,
1719 2810 1888 2883 856
1945 2824 2073 2865 cum

494 2904 716 2959 silentio
744 2920 868 2959 sese
904 2904 1139 2960 videnda
1186 2905 1595 2961 exhibuissent.
1643 2904 1791 2962 Muta
1837 2917 2074 2972 namque

496 2998 870 3052 taciturnitate
891 3006 1250 3067 conspectum
1270 2994 1371 3053 ‘sui
1433 2998 1779 3054 amatoribus
1821 2996 2075 3066 prazbue-

495 3096 645 3143 runt.
678 3088 756 3141 Ex
781 3089 1041 3143 omnibus
1067 3105 1198 3145 vero
1224 3090 1479 3146 infaustis
1512 3091 1668 3147 hisce
1693 3087 1935 3151 iudiciis,
1954 3086 2076 3139 im-

494 3190 718 3248 perator
754 3197 974 3251 gravem
1005 3196 1189 3236 rerum
1219 3183 1426 3238 exitum
1472 3184 1836 3254 conjectando
1857 3187 2077 3259 collige-

496 3274 608 3328 bat.
635 3274 701 3327 Et
727 3274 836 3343 jam
873 3283 985 3327 tum
1020 3274 1192 3329 futuri
1219 3291 1381 3331 casus
1414 3287 1563 3332 metu
1607 3278 2070 3347 perturbabatur:

496 3378 788 3437 propterea
821 3368 995 3439 quod,
1035 3370 1132 3440 qui
1163 3370 1460 3440 diligenter
1516 3372 1783 3428 historias
1820 3373 2072 3428 conseri-

495 3469 763 3530 psernnt,
821 3462 1248 3534 haudquaquam
1324 3464 1615 3520 commoda
1663 3464 2121 3537 rebuspublicis_

489 3553 827 3624 ejuscemodi
884 3557 1263 3626 prodigiorum
1318 3565 1533 3614 ostenta
1587 3570 1735 3622 esse,
1791 3557 2074 3613 memorie

494 3646 876 3716 prodiderant.

997 3857 1222 3915 CAPUT
1295 3852 1557 3914 XXXVII.

491 3974 763 4046 Quomodo
795 3973 1210 4031 Commentiolus
1242 3985 1291 4029 et
1333 3972 1575 4038 Priscus,
1607 3977 1760 4031 duces
1794 3979 2070 4046 regionum

561 4044 823 4132 Ειςηορις,
863 4061 980 4128 dum
1020 4045 1281 4132 Abaribus
1317 4047 1615 4132 congressi,
1646 4064 1812 4118 supra
1846 4044 2071 4132 triginta

559 4116 739 4242 aqua
768 4116 995 4170 hostium
1043 4117 1346 4172 ceciderint.
1381 4116 1453 4172 Et
1495 4133 1682 4171 rursus
1714 4116 1972 4188 quadam
2005 4118 2071 4170 de

619 4202 808 4241 ωσι-οε.
1131 4220 1146 4235 .

561 4297 682 4356 Non
718 4299 951 4355 multum
989 4301 1307 4357 intercessit
1342 4300 1635 4369 temporis,
1664 4313 1790 4352 eum
1845 4298 2069 4354 Priscus

488 4404 544 4447 et
576 4393 1038 4461 Commentiolus,
1079 4393 1366 4463 regionum
1396 4393 1632 4461 Europa:
1670 4390 1938 4460 przelecti,
1980 4405 2069 4446 so-

489 4483 604 4537 luta
632 4497 718 4548 ea,
756 4497 922 4551 quam
953 4489 1072 4535 arte
1093 4479 1332 4551 quadam
1396 4494 1522 4533 cum
1568 4478 1829 4549 Chagano
1882 4480 2067 4536 Abare

2189 1984 2328 2038 Ἀλλ’
2354 1987 2385 2055 ἡ
2415 1986 2512 2055 μὲν
2547 1987 2692 2056 κόμη
2723 1988 2800 2056 τῷ
2838 1987 2991 2058 θήλει
3018 1987 3393 2057 διεμελαίνετο
3417 2003 3429 2015 ·
3462 1987 3585 2039 λίαν
3614 1987 3670 2039 δὲ
3695 1985 3756 2038 τὸ

2181 2077 2467 2147 πρόσωπον
2496 2078 2840 2132 ἐλευκαίνετο
2860 2096 2874 2111 ο
2908 2078 3122 2148 εὑρινον
3150 2079 3195 2132 δ’
3220 2076 3285 2150 ἦν
3310 2079 3404 2132 καὶ
3438 2080 3539 2141 τὰς
3564 2080 3754 2149 χεῖρας

2175 2168 2526 2236 εὑδάκτυλον,
2563 2171 2791 2233 ἁπαλοῖς
2843 2170 3298 2242 περιηνθισμένον
3348 2173 3462 2232 τοῖς
3489 2169 3748 2239 χείλεσιν.

2188 2261 2455 2331 Ἐσφρίγα
2504 2262 2561 2315 δὲ
2598 2262 2676 2331 τῷ
2711 2262 2890 2334 μαζῷ,
2927 2265 3025 2317 καὶ
3065 2267 3131 2334 τῇ
3172 2264 3444 2335 φαντασίᾳ
3486 2262 3657 2315 ἐδόκει
3691 2262 3752 2314 τὸ

2174 2348 2376 2402 τιτθίον
2412 2349 2537 2418 ἄρτι
2562 2351 2669 2404 ὑπὸ
2700 2352 2799 2417 τῆς
2843 2352 2984 2421 ἥϐης
3015 2353 3358 2423 προκύπτειν
3395 2356 3613 2424 μικρόν.
3669 2354 3749 2408 Τά

2174 2442 2220 2496 δ’
2255 2443 2455 2512 ἐφεξῆς
2486 2444 2581 2498 τοῦ
2621 2446 2844 2513 γυναίου
2876 2448 2908 2516 ἠ
2938 2447 3046 2502 τῶν
3079 2448 3288 2503 ὑδάτων
3320 2449 3481 2519 φύσις
3513 2450 3746 2518 ἐφύλατ-

2174 2550 2255 2600 τε,
2296 2535 2396 2604 τῆς
2419 2537 2579 2607 εύνῆς
2612 2538 2681 2591 τὰ
2715 2540 3018 2610 μυστήρια,
3052 2541 3243 2611 ὥσπερ
3277 2542 3559 2612 ἀμυήτους
3596 2545 3749 2604 τινας

2174 2622 2280 2678 τῶν
2306 2625 2637 2697 άπορρήτων
2681 2630 2806 2692 τοὺς
2840 2630 3037 2705 θεατὰς
3075 2632 3520 2703 ἀποκρύπτουσα.
3558 2634 3621 2685 Ἡ
3648 2633 3747 2702 μὲν

2174 2716 2267 2770 οὖν
2293 2719 2423 2789 περὶ⁵
2437 2720 2527 2773 τὸν
2552 2721 2803 2790 ἡγεμόνα
2828 2723 2980 2789 τάξις
3005 2723 3132 2794 ἄχρι
3162 2724 3253 2778 τού
3279 2725 3456 2779 κλῖναι
3480 2726 3572 2778 τὸν
3596 2726 3746 2795 ἥλιον

2148 2875 2153 2881 ι
2176 2806 2270 2860 καὶ
2302 2808 2329 2859 ὁ
2353 2806 2574 2879 ἡγεμὼν
2602 2808 3061 2879 ψυχαγωγοῦντες
3090 2813 3362 2867 διετέλουν
3390 2816 3458 2867 τὰ.
3484 2814 3709 2884 ὄμματα
3730 2830 3745 2845 ’

2176 2899 2456 2962 κλίναντος
2478 2900 2522 2953 δ’
2552 2902 2786 2967 ἐκείνου,
2816 2906 2906 2957 καὶ
2944 2905 3013 2956 τα
3034 2904 3287 2975 ὁρώμενα
3316 2907 3633 2961 κατεδύοντο
3668 2907 3750 2969 είς⁵

2177 2990 2302 3052 τοὺς
2352 2990 2588 3062 ἑξαρχῆς
2648 2993 2760 3048 τῶν
2814 2995 3029 3050 ὑδάτων
3073 2997 3377 3069 πυθμένας,
3408 2999 3619 3068 ἀφωνία
3650 2999 3750 3065 τὴν

2178 3080 2441 3148 ἐπίδειξιν
2504 3086 2919 3155 συστησάμενα·
2978 3087 3241 3159 ἀφθόγγῳ
3271 3090 3378 3160 γάρ
3433 3092 3613 3162 σιωπῇ
3648 3092 3750 3160 τὴν

2181 3171 2424 3242 ἱστορίαν
2470 3176 2585 3238 τοῖς
2652 3177 2908 3247 ἐρασταῖς
2968 3178 3333 3245 ἐπεδείξαντο.
3376 3181 3669 3245 υίωνίζετο
3701 3180 3750 3235 δ’

2180 3265 2275 3320 ἐπὶ
2304 3268 2441 3320 πᾶσι
2490 3268 2701 3332 τούτοις
2725 3271 2836 3332 τοῖς
2882 3271 3160 3336 ἀπαισίοις
3196 3273 3489 3341 συμϐόλοις
3519 3276 3549 3327 ὁ
3589 3274 3749 3344 βασι-

2175 3357 2301 3422 λεὺς
2331 3359 2518 3423 δεινῶς
2546 3362 2820 3432 ἐσομένων
2846 3368 3191 3434 πραγμάτων
3209 3362 3349 3420 εἶναι
3377 3367 3473 3439 τὴν
3497 3353 3761 3423 ἔκϐασιν..

2176 3454 2274 3507 καὶ
2300 3453 2393 3507 ἐπὶ
2421 3456 2535 3518 τοῖς
2557 3456 2796 3525 παροῦσι
2820 3455 2928 3509 δέει
2963 3454 3057 3509 τοῦ
3085 3456 3369 3527 μέλλοντος
3403 3459 3748 3530 ἑταράττετω

2175 3545 2259 3599 ὅτι
2285 3548 2377 3600 καὶ
2411 3548 2461 3599 oi
2499 3548 2598 3611 τὰς
2629 3548 2870 3618 ἱστορίας
2900 3549 3176 3620 ἐπιμελῶς
3199 3550 3645 3621 συγγραψάμενοι
3670 3550 3750 3622 μὴ

2175 3636 2255 3701 είς
2282 3637 2486 3706 ἀγαθὸν
2527 3642 2647 3702 ταῖς
2679 3641 2898 3694 πόλεσιν
2931 3636 3072 3695 εἶναι
3101 3643 3200 3712 τὴν
3231 3642 3341 3695 τῶν
3361 3642 3619 3697 τοιούτων
3661 3660 3752 3697 τε-

2177 3729 2354 3799 ράτων
2377 3731 2700 3801 ἐπιφάνειαν
2730 3733 3058 3805 ίστοροῦσιν.

2745 3848 2997 3904 ΚΕΦΑΛ.
3040 3849 3162 3906 ΔΖ⁹.

2186 3958 2292 4037 Ὠς
2308 3964 2713 4037 Κομεντίολος
2755 3965 2854 4037 καὶ
2896 3966 3160 4037 "plagac-
3203 3969 3256 4021 οἱ
3282 3968 3605 4037 στρατηγοὶ
3629 3964 3751 4023 τῶν

2248 4034 2610 4106 Εὐρωπαίων
2654 4034 2957 4106 κλιμάτων
2986 4036 3113 4101 τοῖς
3167 4034 3435 4106 Ἀὄάρὸις
3468 4034 3751 4105 σὺιιπλαο

2243 4102 2473 4176 acer-rec,
2501 4104 2655 4176 ὑπὲρ
2676 4105 2728 4159 λ’
2754 4102 3031 4174 χιλιάδας
3053 4102 3336 4162 dreller"
3359 4102 3458 4163 κὰὶ
3480 4102 3616 4176 πέρι
3636 4109 3746 4162 τοῦ

2242 4174 2515 4240 Χοσρόου
2536 4171 2733 4242 αὖθις.

2240 4288 2318 4344 Οὑ
2348 4278 2527 4362 πολλῷ
2576 4292 2633 4345 δὲ
2674 4292 2902 4364 ὕστερον
2947 4296 3188 4367 Πρίσκος
3236 4303 3330 4351 καὶ
3378 4294 3744 4365 Κομεντίολος

2168 4379 2279 4433 τῶν
2316 4382 2653 4454 Εὐρωπαίων
2685 4385 2965 4457 κλιμάτων
2987 4389 3036 4440 οί
3073 4389 3391 4460 στρατηγοὶ,
3417 4387 3515 4458 τὴν
3548 4402 3743 4455 τεχνη-

2170 4472 2268 4544 τὴν
2305 4475 2443 4543 μετὰ
2478 4474 2728 4544 Χαγάνου
2766 4478 2858 4531 τοῦ
2881 4479 3124 4549 Ἀϐαρος
3155 4481 3378 4550 εἰρήνην
3407 4479 3742 4546 διαλυσάμε.

492 4576 835 4646 pepigerant,
868 4588 1029 4644 pace,
1051 4572 1191 4627 clam
1224 4571 1279 4626 id
1304 4570 1533 4641 jubente
1558 4571 1831 4642 principe,
1852 4575 2065 4629 ratibus

2172 4579 2274 4629 νοι,
2307 4563 2506 4635 κρύφα
2547 4566 2885 4638 ὑποθεμένου
2938 4570 3033 4624 τοῦ
3077 4572 3315 4634 ἄνακτος
3381 4570 3620 4640 σχεδίαις
3657 4584 3742 4620 τι·

491 4668 693 4722 lstrum
749 4667 1105 4737 trajecerunt.
1137 4663 1315 4734 Atque
1343 4662 1437 4718 ubi
1494 4678 1735 4733 primum
1798 4664 1855 4720 in
1899 4666 2069 4722 Vimi-

491 4776 720 4815 naceum
754 4759 954 4831 (insula
985 4772 1049 4812 ea
1083 4756 1249 4811 estin
1284 4756 1428 4811 Istro
1456 4757 1685 4813 ﬂumine
1719 4757 1845 4828 sita)
1869 4757 2062 4827 delati,

488 4864 544 4907 ct
570 4852 773 4907 deinde
807 4850 996 4905 subito
1034 4864 1158 4903 cum
1189 4847 1447 4904 Barbaris
1475 4858 1533 4903 et
1554 4850 1884 4920 quibusdam
1940 4850 2065 4906 aliis

486 4945 765 5015 congressi
790 4954 941 5009 sunt,
979 4942 1144 4997 unius
1172 4941 1375 4997 mensis
1407 4943 1586 5013 spatio
1632 4944 1885 5013 plurimis
1911 4959 2064 5015 prte-

490 5036 603 5094 liis.
628 5050 793 5105 supra
824 5034 1049 5103 triginta
1074 5034 1243 5088 millia
1270 5035 1533 5099 Abarum,
1589 5032 1947 5104 Gepidarum,
2006 5044 2063 5092 et

488 5127 834 5181 Slavinorum
904 5126 1346 5180 interemerunt:
1406 5124 1842 5196 eorumdemque
1923 5126 2063 5180 ultra

487 5216 804 5285 quindecim
828 5217 997 5271 millia
1035 5225 1302 5287 ceperunt
1334 5235 1348 5272 :
1383 5227 1437 5272 et
1463 5217 1690 5273 victoria
1728 5218 1819 5272 tali
1878 5217 2060 5288 potiti,

486 5309 704 5374 qualem
746 5312 836 5363 vix
870 5324 1108 5379 unquam
1136 5310 1334 5379 aliquis
1368 5309 1438 5363 ab
1477 5308 1728 5363 hostibus
1751 5317 2062 5379 reportasse

483 5399 738 5469 cognitus
770 5408 875 5460 est.
909 5410 1372 5457 retrocesserunt.
1408 5398 1668 5469 Captivos
1703 5410 1868 5470 porro
1918 5399 2063 5454 Cha-

484 5504 625 5554 gano
653 5505 750 5560 per
786 5492 1113 5563 legationem
1168 5491 1397 5562 petenti,
1430 5489 1729 5544 Mauricius
1794 5489 2057 5543 restituit.

486 5571 729 5636 lliberno
755 5593 939 5638 autem
969 5593 1231 5654 tempore,
1264 5598 1433 5654 quum
1464 5581 1836 5636 Romanorum
1862 5582 2055 5650 copim,

486 5672 538 5724 vi
592 5683 824 5743 cogente
841 5675 1264 5741 Commentiolo,
1304 5682 1534 5729 stratam
1564 5670 1840 5741 lapidibus
1872 5671 2059 5743 Traja-

2171 4655 2256 4708 σὶν
2285 4658 2344 4719 ἐς
2377 4658 2438 4711 τὸ
2485 4659 2662 4727 πέραν
2694 4661 2911 4732 Ἴστρου
2941 4662 3374 4730 διαϐιϐάζονται,
3432 4663 3528 4715 ἐπὶ
3559 4661 3619 4714 τὸ
3650 4661 3740 4713 Βι-

2171 4748 2421 4815 μινάκιον
2473 4749 2828 4816 διασωθέντες
2866 4754 2928 4806 τὸ
2960 4754 3229 4826 πρότερον
3249 4772 3263 4786 ·
3318 4756 3479 4825 νῆσος
3508 4754 3565 4807 δὲ
3596 4752 3737 4823 αὕτη

2166 4842 2298 4911 περὶ
2325 4841 2393 4894 τὰ
2429 4844 2624 4914 ῥεῖθρα
2648 4844 2742 4898 τοῦ
2774 4847 2991 4917 Ἴστρου
3023 4847 3375 4919 διακειμένη.
3413 4847 3519 4902 Καὶ
3550 4847 3743 4914 ἐξαπι-

2165 4933 2330 4997 ναίως
2350 4936 2464 4999 τοῖς
2498 4935 2797 5008 βαρϐάροις
2827 4940 2924 4993 καὶ
2956 4943 3165 5002 λοιποῖς
3216 4939 3398 5003 anet:
3422 4938 3739 5009 συμϐεϐλη-

2163 5024 2343 5092 κότες,
2370 5030 2469 5083 καὶ
2496 5030 2666 5100 μηνὸς
2697 5031 2819 5095 ἑνὸς
2851 5033 3185 5107 διαστήματι
3218 5034 3496 5096 πλείστοις
3531 5034 3738 5103 συρῤα-

2164 5119 2354 5186 γέντες
2396 5121 2627 5186 ἐκείνοις
2658 5121 2936 5193 πολέμοις,
2971 5125 3241 5178 κτείνουσι
3280 5127 3382 5195 μὲν
3414 5125 3554 5195 ὑπὲρ
3586 5125 3744 5194 τριά-

2163 5228 2327 5264 κοντα
2356 5212 2600 5282 χιλιάδας
2638 5212 2884 5285 Ἀϐάρων
2915 5217 3008 5268 καὶ
3060 5216 3319 5285 ιἠπέδων
3362 5218 3455 5269 καὶ
3484 5216 3739 5286 Σκλαϐη-

2160 5302 2289 5357 νῶν.
2315 5304 2594 5375 Ζωγροῦσι
2625 5305 2673 5359 δ’
2711 5296 2777 5360 ἐκ
2828 5310 3039 5362 τούτων
3079 5310 3221 5378 ὑπὲρ
3276 5312 3432 5363 πέντε
3465 5311 3559 5363 καὶ
3603 5311 3737 5362 δέκα

2160 5396 2405 5465 χιλιάδας
2425 5415 2440 5430 ο
2470 5396 2613 5452 οὕτω
2631 5416 2689 5451 τε
2716 5400 2871 5471 νίκην
2900 5401 3017 5456 οἵαν
3046 5402 3198 5456 οὔπω
3222 5419 3306 5466 τις
3331 5402 3474 5472 ἔγνω
3496 5403 3734 5471 διαπρα-

2162 5488 2404 5559 ξάμενοι,
2451 5490 2627 5544 ὀπίσω
2656 5492 2812 5556 αὖθις
2865 5494 3131 5565 ἐχώρουν.
3179 5497 3319 5560 Τοὺς
3361 5496 3420 5550 δὲ
3470 5496 3735 5565 (corpus.

2159 5581 2415 5651 Χαγάνου
2454 5584 2918 5654 πρεσϐεύσαντος,
2953 5588 3263 5660 Μαυρίκιος
3285 5589 3561 5642 ἀπεδίδου.
3607 5587 3732 5639 Χει-

2161 5674 2339 5745 μῶνος
2372 5674 2417 5728 δ’
2445 5675 2566 5746 ὥρα
2595 5678 2696 5746 τὴν
2733 5677 3004 5747 Τραϊανοῦ
3041 5679 3401 5750 λιθόστρωτον
3443 5677 3536 5731 τοῦ
3571 5693 3737 5745 στρα-

483 5764 739 5834 niviam,
796 5766 1058 5823 Gerontio
1110 5776 1341 5822 vetustae
1406 5764 1713 5820 nobilitatis
1769 5761 1911 5829 viro,
1962 5766 2053 5833 qui

2172 5765 2251 5820 τοῦ
2293 5766 2604 5838 Ῥωμαίων,
2653 5770 2745 5841 βίᾳ
2784 5772 3147 5841 Κομεντιόλου
3176 5773 3545 5845 διερχομένων
3592 5771 3731 5837 ὁδὸν,

485 5864 706 5912 centum
735 5867 792 5913 et
812 5859 1103 5917 duodecim
1146 5874 1321 5913 annos
1342 5869 1503 5912 natus
1525 5868 1666 5926 erat,
1693 5861 1833 5917 duce
1853 5856 2055 5914 transi-

2158 5859 2442 5930 Γεροντίου
2476 5861 2838 5931 παλαιγενοῦς
2889 5865 3218 5934 ἡγουμένου,
3277 5866 3482 5936 χρόνων
3511 5862 3729 5919 δυοκαί-
