4084 6456
242 334 316 400 IOl

1082 333 1688 399 ECCLESIASTIC/E
1724 334 2114 397 HISTORIA!
2152 337 2300 401 LIB.
2342 338 2567 403 XVIII.

3400 338 3518 403 ι]θὲ

241 451 351 506 δεκα
379 448 516 521 πρὸς
544 449 661 514 τοῖς
697 448 896 503 ἑκατὸν
931 447 1261 518 πεφυκότος,
1294 447 1503 520 ψύχους
1540 447 1810 518 δριμυτά-
1842 501 1845 510 ,

1946 458 2134 507 ssent:
2185 453 2459 508 acerrimo
2511 453 2717 525 frigore
2764 463 2983 519 exorto,
3032 455 3191 510 multi
3232 454 3517 511 interiere.

241 562 314 599 του
339 542 767 613 έπισυμϐάντος,
803 540 992 595 πολλοὶ
1018 540 1415 613 διεφθείροντο.
1446 540 1812 611 Κομεντίολος

245 638 322 709 μὶν
359 635 453 689 οὖν
483 636 575 689 ἐπὶ
603 635 665 688 τὸ
720 634 1019 700 Βυζάντιον
1062 633 1227 705 ἥκει·
1300 632 1543 703 Πρίσκος
1591 632 1651 686 δὲ
1698 635 1815 696 τοῖς

245 728 363 782 κατὰ
399 727 626 799 Θρᾴκην
681 726 1082 799 έπεχωρίαζεν,
1115 724 1170 779 εί
1200 724 1305 780 πού
1356 741 1503 789 τινες
1543 723 1816 795 ἐκδρομαὶ

244 820 468 889 γένοιντο
521 818 829 889 άνακόψων.
868 818 1075 888 Ἔαρος
1129 815 1175 871 δ’
1210 815 1655 888 ὑπολάμποντος,
1693 818 1818 870 ἐπεὶ

244 913 292 977 ις
313 911 606 977 Βυζάντιον
632 912 896 981 ἐγεγόνει,
953 910 1116 966 πάλιν
1155 908 1465 980 στρατηγὸς
1496 902 1818 965 άναδείκνυυ

244 1026 339 1062 ται.
363 1007 455 1078 Τῷ
482 1006 539 1062 δὲ
565 1008 631 1062 ιθ⁹
659 1006 772 1062 έτει
810 1006 909 1062 τοῦ
950 1004 1361 1078 αὐτοκράτορος
1389 1004 1547 1060 οὐδέν
1575 1021 1629 1058 τι
1667 1005 1816 1075 μέγα

259 1098 542 1170 Ῥωμαίοις
573 1100 669 1153 καὶ
686 1099 1001 1170 Βαρϐάροις
1037 1097 1313 1170 ἐπράχθη.
1336 1097 1486 1153 ,Τότε
1515 1096 1575 1151 δὲ
1602 1096 1820 1169 Μαυρί-

181 1254 193 1265 .
251 1206 351 1254 κιος
382 1188 666 1245 Θεοδόσιον
713 1190 807 1246 τὸν
864 1189 983 1243 υίδν
1032 1190 1270 1261 νυμφίον
1317 1189 1629 1259 ἐπόμπευε,
1682 1190 1821 1260 πρὸς

250 1281 455 1352 ἔννομον
478 1282 659 1353 γάμον
689 1282 841 1353 αύτῷ
880 1281 1163 1352 Γερμανοῦ
1198 1281 1262 1336 τὸ
1308 1282 1613 1354 θυγάτριον
1644 1283 1823 1352 άρμο-

252 1374 491 1445 σάμενος,
519 1376 715 1448 ἀνδρὸς
743 1377 865 1432 λίαν
904 1377 1117 1447 έξόχου,
1159 1377 1253 1430 καὶ
1279 1375 1388 1430 τῶν
1420 1377 1477 1441 ές
1509 1375 1822 1446 συγκλήτου

252 1466 432 1538 βουλὴν
464 1470 744 1537 ἀνιόντων,
779 1470 926 1541 μάλα
960 1471 1285 1539 ἐπιφανοῦς.
1350 1469 1513 1524 Ἀλλὰ
1546 1469 1644 1524 καὶ
1675 1470 1823 1523 X00-

253 1559 366 1627 ρόης
386 1561 483 1622 τὰς
507 1558 791 1630 διατριϐὰς
812 1563 870 1615 ὲν
889 1560 1180 1616 Βαϐυλῶνι
1206 1560 1555 1633 ποιούμενος,
1588 1562 1696 1616 ὑπὸ
1715 1563 1826 1615 τῶν

249 1649 516 1721 ἡμετέρων
544 1653 870 1724 συμμάχων,
906 1655 1072 1726 Σύροι
1097 1656 1169 1708 δὲ’
1190 1654 1360 1721 οὗτοι,
1413 1654 1509 1709 καὶ
1538 1654 1607 1707 τὰ
1648 1654 1825 1724 πρόσ-

1924 541 1994 599 Ει
2024 543 2464 601 Commentiolus
2486 546 2711 615 quidem
2748 547 3069 619 Byzantium
3096 555 3184 604 est
3213 563 3470 603 reversus
3500 561 3516 601 :

1920 637 2143 693 Priscus
2174 654 2303 693 vero
2358 639 2418 694 in
2461 639 2696 695 Thracia
2750 642 3038 704 remansit,
3093 642 3523 697 excursionibus

1922 728 2187 795 hostium,
2210 730 2255 785 si
2289 746 2411 799 qua:
2428 729 2649 798 tierent,
2722 731 2947 788 obviam
3002 734 3201 788 iturus.
3234 733 3341 787 Sed
3370 735 3517 788 enim

1924 820 2106 891 primo
2137 838 2265 877 vere
2295 837 2420 877 cum
2459 822 3000 895 Constantinopolim
3031 827 3296 889 venisset,
3327 828 3518 881 denuo

1924 912 2036 967 dux
2067 904 2383 969 declaratus
2412 925 2522 971 est.
2549 916 2927 972 Decimonono
2981 918 3202 988 imperii
3263 917 3519 973 Mauricii
3568 900 3574 906 ’

1923 1021 2071 1061 anno
2100 1007 2237 1062 nihil
2264 1023 2522 1079 magnum
2563 1026 2590 1063 a
2621 1009 2883 1067 Romanis
2908 1019 2965 1064 et
2998 1011 3248 1066 barbaris
3275 1024 3517 1083 gestant.

1923 1100 2090 1172 857
2148 1100 2287 1157 Tum
2350 1118 2483 1159 vero
2559 1102 2857 1159 Mauricius
2913 1103 3289 1160 Theodosium
3350 1105 3521 1160 lilium

1925 1208 2187 1263 sponsum
2207 1193 2417 1264 ingenti
2441 1212 2568 1249 cum
2596 1203 2869 1266 apparatu
2892 1195 3046 1259 lecit,
3087 1195 3340 1267 legitimo
3397 1212 3518 1249 ma-

1928 1288 2194 1343 trimonio
2229 1290 2276 1342 ei
2310 1288 2572 1345 Germani
2602 1289 2715 1344 ﬁlia
2742 1290 3065 1363 conjuncta,
3101 1290 3205 1344 viri
3255 1298 3525 1359 praestan-

1926 1377 2126 1434 tissimi
2163 1388 2219 1434 et
2253 1380 2528 1436 senatoris
2560 1379 2999 1450 praecIarissimi.
3041 1379 3149 1435 Sed
3172 1388 3228 1435 et
3251 1378 3528 1435 Chosroes

1931 1470 2206 1542 Babylone
2237 1481 2351 1526 tum
2388 1473 2676 1543 degens,a
2739 1472 2909 1528 sociis
2967 1472 3174 1528 nostris
3231 1472 3405 1545 Syris,
3472 1482 3530 1526 et

1931 1561 2293 1617 ﬁnitimarum
2324 1563 2406 1618 eis
2435 1563 2726 1632 regionum
2761 1564 2980 1633 populis
3035 1563 3324 1629 incitatus,
3374 1578 3529 1616 rum-

1930 1670 2061 1725 pere
2088 1666 2247 1724 pacta
2279 1671 2405 1710 cum
2438 1656 2703 1711 Romanis
2736 1658 2942 1713 I'cetlera
2966 1657 3279 1729 cogitabat.
3324 1654 3529 1709 Verum

249 1761 364 1799 οικα
422 1747 634 1811 τούτοις
687 1748 884 1819 χωρία,
912 1750 1260 1818 νυττόμενος,
1283 1748 1522 1802 διαλύειν
1547 1748 1827 1818 ἐπεχείρει

1946 1747 2024 1801 ιιή
2059 1747 2706 1819 irruperatorlegationem
2738 1750 2806 1803 ad
2839 1764 2964 1805 cum
2996 1750 3168 1814 misit,
3198 1756 3358 1819 pacta
3389 1748 3519 1819 qui-

250 1836 337 1896 τάς
371 1835 509 1904 μετά
551 1816 840 1907 Ῥωμαίων
897 1816 1158 1902 σπονδάς.
1224 1816 1830 1910 Πρεσϐευσαμένουήδὲ

1946 1837 2057 1893 ictu
2082 1816 2278 1893 rursus
2305 1816 2632 1895 (mitirmata
2695 1848 2845 1893 sunt.
2900 1838 3101 1894 Orator
3160 1816 3343 1894 autem
3407 1816 3532 1908 ipse

252 1925 341 1980 τοῦ
374 1927 728 1999 κρατοῦντος,
767 1931 824 1983 αί
855 1930 958 1999 μὲν
1009 1931 1238 1984 σπονδαὶ
1287 1932 1381 1985 καὶ
1420 1931 1587 1985 πάλιν
1619 1927 1830 1999 κρατύ-

251 2037 421 2074 νονται
439 2035 456 2052 ’
487 2022 514 2074 ὁ
544 2021 600 2075 δὲ
628 2022 870 2093 πρέσϐυς
902 2023 1087 2086 κακῶς
1110 2023 1338 2089 ἔπαθεν,
1362 2023 1534 2079 είπὼν
1562 2023 1700 2094 πρὸς
1742 2022 1834 2076 τὸν
1860 2084 1896 2093 η

250 2113 642 2184 αὖτοκράτορα,
667 2113 745 2178 ὡς
781 2112 841 2169 'O
892 2115 1123 2186 Περσῶν
1155 2115 1418 2185 βασιλεὺς
1443 2116 1564 2171 τάδ’
1590 2116 1672 2178 είς
1695 2116 1836 2186 ἐπή-
1874 2098 1883 2105 4

251 2221 366 2258 κοον
392 2204 500 2258 τῶν
540 2205 842 2276 σατραπῶν
889 2207 947 2270 ές
997 2209 1163 2277 μέσον
1201 2208 1535 2263 διείλεκται’
1584 2206 1687 2262 Διὰ
1734 2208 1835 2277 τὴν

251 2297 339 2351 τοῦ
368 2294 652 2368 πρέσϐεως
684 2298 891 2370 ἀρετὴν
911 2299 1107 2370 δίδωμι
1149 2301 1227 2372 τῷ
1254 2301 1479 2373 πολέμῳ
1525 2303 1628 2373 τὴν
1653 2299 1833 2357 λύσιν.

251 2394 573 2449 Χαλεπαίνει
615 2393 768 2447 ταῦτ’
801 2395 1202 2466 ἑνωτισάμενος
1247 2394 1507 2467 βασιλεύς
1527 2410 1542 2426 ·
1577 2393 1838 2464 καὶγίνε-

251 2503 337 2541 ται
366 2484 444 2558 τῷ
477 2486 740 2560 Γεωργίῳ
775 2486 1026 2559 σφαλερὰ
1067 2490 1101 2559 ἠ
1135 2491 1236 2559 τῆς
1276 2487 1582 2559 πρεσϐείας
1612 2487 1833 2540 ἐπίτευ-

252 2578 333 2644 Et;
352 2598 366 2613 -
395 2577 536 2634 οὕτω
557 2582 669 2652 γὰρ
701 2580 992 2651 ὁπρέσϐυς
1027 2580 1340 2652 ὠνόμαστο.
1378 2579 1516 2644 Ταῖς
1546 2578 1659 2649 γάρ
1704 2578 1839 2648 άλη-

248 2671 422 2736 θείαις
452 2673 611 2742 λόγος
640 2673 717 2746 μὴ
749 2674 977 2744 μέτροις
1005 2671 1081 2736 ὡς
1103 2672 1285 2743 χρεὼν
1313 2672 1698 2744 διοικούμενος
1738 2689 1840 2744 με-

252 2765 421 2835 γάλας
454 2766 742 2838 συμφορὰς
770 2763 883 2821 οἶδε
910 2766 1026 2830 τοίς
1056 2765 1431 2838 χρησαμένοις
1462 2764 1838 2837 παρέχεσθαι.

254 2859 368 2915 Καὶ
390 2861 521 2932 περὶ
552 2860 653 2932 μὲν
668 2861 875 2917 τούτων
899 2859 1099 2925 οὕτως.

818 3002 1075 3057 ΚΕΦΑΛ.
1144 3001 1272 3057 AII'.

253 3122 457 3189 Ὅπως
486 3120 553 3176 τὸ
588 3120 659 3175 ἐν
712 3117 1012 3184 Βυζαντίῳ
1049 3118 1290 3189 πλῆθος
1328 3119 1667 3187 Μαυρικίου
1701 3134 1841 3189 κατ-

1934 1931 2210 2002 legatione
2238 1930 2408 1996 obita,
2439 1931 2578 1986 maIe
2609 1941 2692 1986 est
2715 1940 2980 2002 acceptus
3011 1949 3025 1984 :
3062 1938 3354 2000 propterea
3380 1930 3529 2001 quod

1937 2024 2258 2094 imperatori
2287 2023 2512 2090 dixerit,
2570 2023 2861 2079 Persarum
2917 2039 3103 2094 regem
3176 2022 3344 2077 verba
3412 2022 3533 2078 haec

1936 2117 2298 2174 audientibus
2326 2118 2564 2188 satrapis
2601 2122 2657 2172 in
2691 2117 2935 2174 medium
2985 2118 3276 2187 protulisse
3311 2132 3325 2170 :
3392 2115 3532 2171 Pro-

1937 2221 2062 2282 pter
2104 2213 2345 2270 oratoris
2402 2213 2582 2283 ipsius
2621 2213 2884 2269 virtutem
2940 2211 3144 2265 bellum
3196 2211 3531 2266 intermitto.

1938 2306 2072 2361 Eam
2096 2306 2243 2362 enim
2272 2322 2386 2363 rem
2407 2307 2503 2362 ubi
2527 2305 2854 2378 imperatori
2875 2306 3110 2368 audivit,
3143 2303 3532 2376 indignetulit,

1938 2406 1995 2453 et
2016 2397 2254 2470 Georgio
2285 2398 2363 2468 (id
2397 2413 2635 2469 namque
2663 2397 2908 2454 oratoris
2938 2411 3142 2451 nomen
3194 2398 3336 2467 erat)
3386 2396 3537 2465 peri-

1942 2490 2171 2548 culosus
2199 2492 2495 2563 legationis
2527 2493 2648 2563 ejus
2673 2506 2970 2547 successus
3005 2489 3129 2545 fuit.
3154 2480 3240 2545 Ita
3292 2503 3534 2559 namque

1941 2598 2029 2641 res
2057 2586 2188 2652 l'ert,
2232 2595 2292 2640 ut
2320 2585 2501 2641 oratio
2521 2585 2699 2640 sinon
2725 2599 2791 2640 ea
2814 2598 2925 2656 qua
2955 2599 3096 2654 opus
3154 2591 3261 2650 est,
3316 2582 3536 2637 ratione

1941 2679 2316 2751 dispensetur,
2340 2695 2564 2751 magnas
2584 2681 2666 2735 eis
2688 2678 3052 2743 calamitates,
3070 2678 3167 2751 qui
3188 2677 3275 2732 illa
3295 2677 3540 2733 abutun—

1945 2782 2054 2838 tur,
2083 2775 2283 2851 pariat.
2319 2774 2393 2833 De
2424 2775 2507 2832 IIIS
2548 2774 2837 2838 hactenus,

2463 3000 2692 3059 CAPUT
2724 2999 3013 3056 XXXVIII.

1946 3115 2219 3184 Quomodo
2258 3117 2507 3189 Byzantii
2551 3117 2693 3187 plebs
2728 3104 2914 3170 contra
2955 3112 3277 3189 Mattricium
3318 3114 3536 3168 seditio-

320 3182 697 3263 εστᾶσίασερ
752 3189 873 3263 καί
908 3182 989 3263 ὡς
1025 3192 1108 3259 μὴ
1162 3182 1533 3263 ᾓὴινξῌλείίιὶν·Δ
1561 3188 1841 3263 Χαγάνου

1968 3182 1985 3184 ⁷
2020 3206 2140 3243 nem
2166 3198 2215 3242 et
2252 3182 2815 3263 tu'inultumiexcitarit
2856 3201 2875 3240 :
2914 3196 3054 3263 et_ut
3086 3186 3534 3263 Chagmws‘cap-

324 3258 817 3347 ἐξωνησαμένου,
850 3258 1103 3326 ἐκεῖνος
1132 3260 1214 3326 τῷ
1253 3259 1417 3329 ξίφει
1450 3258 1686 3325 πάντας
1728 3261 1844 3315 ὐπ-

324 3352 499 3406 ηγενο
1736 3366 1743 3371 ·

332 3446 472 3514 Ἤδη
506 3446 563 3499 δὲ
598 3446 848 3499 εἰκοστὸν
879 3446 907 3497 ὁ
937 3443 1304 3519 αὐτοκράτωρ
1355 3442 1664 3514 Μαυρίκιος
1694 3443 1847 3511 ἄγων

253 3541 506 3597 ἐνιαυτὸν
531 3542 600 3612 τῇ
629 3541 796 3610 ἀρχῇ,
830 3538 1020 3609 Πέτρῳ
1048 3537 1128 3608 τῷ
1158 3537 1376 3608 ἀδελφῷ
1416 3538 1517 3609 τὴν
1572 3537 1675 3609 τῆς
1739 3538 1846 3590 Εὐ-

255 3634 449 3705 ρώπης
475 3632 773 3704 ἐγχειρίζει
800 3633 1120 3703 ἡγεμονίαν.
1175 3630 1285 3684 Καὶ
1314 3631 1507 3702 λοιμὸς
1532 3629 1734 3702 ἁθρόον
1759 3632 1849 3684 έν-

256 3729 476 3800 σκήψας
501 3727 601 3798 τὴν
634 3726 887 3798 βασιλίδα
952 3724 1255 3796 έξέτριϐεν.
1302 3723 1463 3779 Ἐπεὶ
1496 3723 1545 3779 δ’
1571 3727 1599 3779 ό
1656 3725 1849 3796 καιρὸς

255 3821 368 3873 τῶν
398 3808 637 3891 Χριστοῦ
670 3817 968 3888 γενεθλίων
992 3820 1187 3886 ἐνέστη
1214 3817 1422 3888 (είώθει
1445 3817 1503 3870 δὲ
1534 3820 1562 3872 ό
1589 3817 1852 3888 βασιλεὺς

258 3914 649 3985 συνεορτάςειν
678 3916 791 3978 τοῖς
836 3913 1054 3984 δήμοις,
1087 3912 1189 3984 τὴν
1222 3911 1280 3979 ἐξ
1327 3911 1485 3975 ἔθους
1514 3896 1598 3983 τῷ
1652 3910 1852 3983 πλήθει

256 4009 491 4077 ἄγοντος
531 4009 843 4078 Μαυρικίου
898 4006 1114 4078 τιμὴν),
1150 4005 1260 4059 τῶν
1298 4021 1445 4069 τινες
1465 4003 1561 4058 τοῦ
1609 4004 1854 4076 πλήθους

258 4100 716 4172 νεωτερίσαντες,
755 4097 877 4152 κατ’
915 4097 1084 4151 αὐτοῦ
1139 4094 1490 4165 ἐστασίαζον,
1517 4094 1611 4150 καὶ
1670 4095 1855 4165 λίθους

262 4191 554 4261 βάλλοντες
583 4190 997 4261 ἐϐλασφήμουν.
1058 4188 1172 4244 Καὶ
1201 4188 1230 4243 ό
1263 4192 1366 4259 μὲν
1428 4189 1584 4258 μόλις
1629 4190 1857 4262 διαδρὰς

258 4285 359 4337 τὸν
393 4285 661 4350 κίνδυνον,
698 4287 756 4348 ἐς
790 4284 854 4336 τὸ
882 4282 983 4354 τῆς
1042 4270 1327 4336 Θεοτόκου
1372 4281 1624 4351 τέμενος,
1658 4281 1688 4334 ὃ
1715 4283 1855 4335 Βλα-

260 4376 465 4445 χέρνας
514 4373 954 4446 προσαγορεύειν
1004 4371 1216 4444 ἔθιμον,
1279 4373 1611 4439 διασώζεται
1642 4389 1658 4405 ⁸
1695 4373 1859 4429 σεϐά-

261 4469 453 4533 ζονται
478 4471 538 4523 δὲ
564 4469 726 4523 τοῦτο
751 4471 807 4531 ες
843 4468 1087 4541 μάλιστα
1121 4464 1530 4537 θρησκεύοντες
1558 4467 1608 4519 οί
1648 4466 1858 4532 Βυζάν-

2019 3262 2150 3315 tiuos
2172 3277 2371 3326 ontnes,
2396 3275 2526 3330 quos
2542 3256 2839 3312 Mauricius
2873 3257 3130 3312 redimere
3143 3256 3539 3327 super-sederat,

2018 3332 2158 3403 ferro
2182 3332 2466 3386 necaverit.

1942 3456 1960 3479 ο
2024 3446 2361 3502 Vicesimum
2396 3447 2511 3517 jam
2548 3445 2601 3501 in
2645 3445 2883 3515 imperio
2924 3444 3228 3500 Mauricius
3284 3442 3546 3514 princeps

1949 3540 2149 3612 agebat
2198 3556 2449 3604 annum,
2498 3556 2671 3610 qttum
2722 3541 2890 3601 Petro
2944 3538 3103 3594 fratri
3159 3538 3544 3608 pra'ferturarn

1951 3634 2191 3704 Europae
2223 3632 2602 3688 demandavit.
2648 3631 2715 3685 Et
2749 3632 3062 3705 pcstilentia
3090 3630 3279 3685 subito
3334 3641 3546 3693 coorta,

1954 3727 2316 3783 vehementer
2347 3727 2715 3798 imperantem
2755 3726 2948 3781 urbem
2980 3724 3217 3799 afﬂixit.
3250 3725 3547 3792 Postquam

1954 3832 2090 3872 vero
2135 3825 2353 3887 tempus
2377 3817 2579 3873 natalis
2623 3815 2832 3872 Christi
2882 3814 3111 3870 advenit
3155 3815 3550 3879 (consueverat

1955 3907 2163 3979 quippe
2190 3907 2448 3978 princeps
2477 3923 2586 3962 una
2616 3922 2742 3962 cum
2778 3906 2986 3977 p0pulo
3018 3905 3220 3960 festum
3246 3919 3373 3957 cum
3401 3902 3546 3956 diem

1957 3999 2011 4053 in
2051 4000 2255 4068 templo
2296 3997 2482 4070 agere)
2539 4012 2596 4054 et
2624 4007 2759 4066 tum,
2813 4014 2913 4067 pro
2960 3995 3372 4053 consuetudine
3422 4009 3546 4057 sua,

1957 4090 2262 4147 Mauricius
2292 4092 2641 4147 multitudini
2684 4092 2953 4147 honorem
2997 4106 3124 4146 eum
3158 4089 3377 4155 habuit,
3409 4103 3522 4144 non

1959 4185 2099 4240 nulli
2130 4201 2196 4241 ex
2225 4185 2385 4256 plebe
2437 4185 2608 4240 rebus
2646 4183 2808 4240 novis
2854 4183 3161 4248 sollicitati,
3217 4183 3549 4239 seditionem

1959 4277 2228 4333 adversus
2294 4292 2422 4332 eum
2501 4285 2797 4332 moverunt
2862 4293 2878 4332 :
2961 4275 3336 4347 eamdemque
3402 4278 3552 4333 saxis

1961 4379 2239 4441 petentes,
2272 4369 2540 4425 conviciis
2566 4370 2796 4439 insuper
2842 4371 3255 4440 prosciderunt.
3308 4369 3386 4424 lbi
3435 4381 3551 4424 tum

1962 4463 2058 4518 ille
2085 4478 2229 4534 aegre
2261 4463 2515 4534 periculo
2554 4463 2753 4529 vitato,
2798 4464 2853 4518 in
2901 4463 2999 4519 Dei
3053 4462 3361 4525 Genitricis
3412 4473 3554 4519 tem—

260 4579 396 4617 τιοι.
449 4562 679 4632 Λέγεται
741 4560 849 4631 γὰρ
905 4562 1001 4614 καὶ
1047 4557 1368 4613 πιστεύεται
1418 4560 1488 4613 τὰ
1540 4559 1845 4632 περιστόλιι

1966 4556 2140 4627 plum,
2183 4556 2333 4627 quod
2368 4556 2708 4613 Blachcrnas
2738 4558 2978 4629 populus
2999 4558 3292 4613 nominare
3320 4574 3559 4615 consuc—

260 4657 368 4725 τῆς
401 4656 678 4728 παρθένου
712 4653 938 4725 Μαρίας
961 4651 1109 4723 σορῷ
1146 4669 1257 4706 τινι
1281 4652 1659 4724 χρυσοπάστῳ
1683 4669 1853 4706 καιτοι⁴

262 4751 485 4806 κεῖσθαι
514 4748 770 4815 ἐνταῦθα,
798 4748 892 4802 καὶ
925 4747 1093 4817 μέρος
1118 4764 1171 4800 τι
1194 4743 1294 4816 τῆς
1313 4745 1487 4816 αὐτῆς
1517 4745 1854 4813 ἀξιαγέωτου

266 4845 472 4915 ζώνης,
505 4845 599 4899 καὶ
655 4843 718 4898 τὸ
770 4844 872 4913 τῆς
925 4840 1172 4920 κεφαλῆς
1224 4839 1610 4912 ἐπικάλυμμα,
1667 4839 1858 4912 ὥσπερ

267 4959 368 5012 μοι
395 4938 741 5010 διηγουμένῳ
778 4938 835 4991 ὲν
871 4920 984 5001 τοῖς
1014 4936 1207 4989 ἀνόπιν
1233 4935 1417 5002 λόγοις
1451 4933 1760 5005 ἱστόρηται.
1796 4933 1857 4986 '0

262 5035 327 5089 δὲ
360 5034 611 5103 βασιλεὺς
650 5033 913 5105 βραχεῖαν
958 5035 1087 5094 ,τοῖς
1140 5028 1499 5093 στασιάζουσι
1551 5029 1652 5098 τὴν
1686 5046 1862 5096 τιμω-

264 5127 396 5199 ρίαν
427 5126 827 5195 ἐπιμετρήσας,
877 5122 954 5185 ὡς
986 5121 1077 5174 καὶ⁹
1107 5120 1237 5184 τοὺς
1270 5120 1719 5190 ὲπισημοτέρους
1758 5136 1863 5173 σω-

264 5219 527 5292 φρονίσαι
553 5217 663 5272 τῶν
718 5213 1122 5287 νεωτεριστῶν,
1156 5216 1271 5279 τοῖς
1322 5213 1381 5268 δὲ
1427 5213 1639 5278 λοιποῖς
1697 5213 1862 5287 μέχρι

263 5314 371 5385 τῆς
410 5312 754 5386 ὑποκρίσεως
786 5309 883 5383 τὴν
911 5310 1136 5365 κόλασιν
1183 5309 1659 5381 σχηματίσασθαι,
1684 5309 1861 5367 διέλυε

266 5408 374 5481 τὴν
396 5407 591 5479 ὀργὴν,
635 5403 794 5470 αὖθις
824 5403 1092 5468 κελεύσας
1119 5401 1434 5459 ’ἐπιϐαίνειν
1491 5402 1588 5458 τοῦ
1642 5402 1859 5467 ἄστεος.

267 5503 347 5556 Ὃ
376 5519 441 5571 γε
474 5502 581 5574 μὴν
610 5488 821 5571 Πέτρος
859 5499 959 5562 τὰς
997 5497 1315 5568 Ῥωμαϊκὰς
1343 5497 1604 5568 δυνάμεις
1658 5496 1863 5551 ἀναλα-

269 5593 410 5662 ϐὼν,
445 5597 529 5658 είς
561 5593 908 5649 Παλάστολον
935 5593 1252 5662 ἀφικνεῖται
1291 5606 1307 5621 ο
1337 5591 1435 5646 καὶ
1463 5590 1694 5662 θερίσας
1719 5590 1865 5643 έκεῖ-

272 5702 365 5753 σε,
421 5683 733 5755 ἀρχομένου
787 5684 1138 5754 μετοπώρου,
1176 5684 1235 5746 ἐς
1293 5682 1357 5737 τὸ
1415 5667 1518 5752 τῆς
1562 5680 1866 5752 Δαρδανίας

276 5779 582 5851 μετεχώρει
606 5778 808 5842 κλίτος,
848 5775 1060 5829 Ἐκεῖσε
1092 5778 1200 5845 γὰρ
1243 5776 1476 5845 ἠκηκόει
1506 5777 1565 5832 τὸ
1612 5773 1865 5845 Ἀϐάρων

266 5871 642 5944 ἀθροισθῆναι
672 5871 898 5943 πλῆθος,
934 5872 1510 5945 στρατοπεδευόμενον
1567 5869 1645 5943 τῷ
1676 5854 1873 5942 Ἀψίθ.

1960 4647 2060 4714 vit,
2093 4649 2280 4704 salvus
2311 4649 2582 4721 confugit.
2612 4649 2805 4719 Magna
2837 4661 3022 4705 autem
3074 4651 3342 4722 religione
3395 4651 3559 4706 delu-

1960 4745 2125 4801 brum
2168 4744 2224 4802 id
2263 4744 2514 4818 Byzantii
2544 4746 2758 4801 colunt.
2796 4745 3009 4800 Dicitur
3048 4761 3309 4817 namque,
3350 4756 3408 4802 et
3440 4763 3561 4802 cre-

1963 4837 2138 4902 ditur,
2158 4842 2352 4892 ‘vestes
2383 4836 2569 4891 Maria:
2599 4833 2868 4906 lVirginis,
2894 4843 2952 4890 et
2990 4847 3204 4908 partem
3254 4837 3555 4906 quamdam

1964 4928 2310 4984 admiranda:
2361 4929 2485 5000 ejus
2552 4944 2728 4993 zonae,
2782 4928 2955 4999 858
3011 4930 3322 5000 capitisque
3386 4931 3556 4986 etiam
3653 4982 3657 4987 .

1962 5019 2266 5075 amiculum
2296 5019 2354 5074 in
2386 5035 2525 5074 auro
2586 5019 2864 5090 variegata
2931 5036 3069 5076 urna
3122 5020 3200 5075 ibi
3257 5025 3558 5089 asservari,

1964 5117 2132 5173 sicuti
2168 5134 2199 5172 a
2256 5133 2344 5173 me
2394 5132 2564 5186 supra
2618 5100 2980 5172 dictumest.
3033 5118 3345 5188 Imperator
3387 5134 3556 5187 porro

1961 5210 2108 5267 adeo
2138 5211 2343 5267 leniter
2370 5213 2427 5266 in
2453 5209 2753 5267 εεάίιίοευε
2782 5210 3198 5276 animadvertit,
3235 5221 3297 5267 ut
3322 5213 3560 5282 praecla-
3638 5200 3639 5203 I

1970 5303 2153 5359 riores
2187 5319 2254 5359 ex
2308 5303 2613 5360 rebellibus
2661 5304 3018 5374 resipiscere,
3068 5304 3558 5374 moderatioraque

1962 5398 2203 5454 consilia
2250 5399 2413 5470 sequi
2446 5399 2680 5470 jusserit
2716 5413 2729 5451 :
2783 5398 3025 5469 reliquos
3060 5405 3245 5460 autem
3295 5412 3355 5453 se
3390 5397 3558 5467 puni-

1951 5500 2155 5548 .turum
2184 5507 2307 5549 esse
2337 5492 2771 5549 assimulaverit.
2808 5491 2995 5563 Itaque
3027 5491 3109 5546 ira
3140 5492 3341 5556 soluta,
3375 5506 3562 5546 rever-

1971 5582 2123 5638 tendi
2178 5582 2261 5639 eis
2300 5584 2355 5639 in
2386 5584 2584 5639 urbem
2654 5595 2989 5653 potestatem
3033 5583 3186 5639 fecit.
3238 5583 3412 5639 Porro
3460 5584 3563 5637 I’e-

1971 5686 2091 5737 lrus
2121 5695 2247 5734 cum
2297 5681 2564 5738 Romanis
2617 5682 2796 5752 c0piis
2849 5680 3187 5735 Palastolum
3248 5679 3560 5750 profectus,

1970 5783 2140 5846 atque
2192 5773 2271 5830 ibi
2312 5783 2507 5831 testate
2565 5784 2838 5839 moratus,
2892 5776 3126 5834 ineunte
3182 5784 3453 5834 autumno
3504 5773 3562 5829 in

1972 5851 2262 5926 Dardania:
2287 5869 2555 5942 angulum
2609 5871 2907 5927 concessit.
2935 5871 3015 5928 lbi
3052 5886 3291 5943 namque
3333 5882 3563 5939 congre-
