4084 6454
489 311 596 380 tos
1676 329 2087 397 NICEPIIQBI
2127 333 2470 394 CALLISTI
3152 322 3154 324 ’
3629 335 3736 398 tos

483 421 600 490 gari
632 419 872 476 Abarum
904 426 1335 496 multitudinem,
1379 441 1433 485 et
1493 443 1672 490 castra
1731 437 1798 490 ad
1858 441 2044 508 Apsitlt

2160 442 2397 512 Παρῄνει
2424 443 2481 496 δὲ
2510 442 2699 512 Πέτρῳ
2725 442 3030 512 Μαυρίκιος
3054 444 3165 497 πᾶν
3191 443 3245 496 εῐ
3270 460 3324 495 τι
3351 441 3569 498 δύναιτο
3592 450 3736 500 κατὰ

483 511 693 568 habere
735 515 1011 572 audierat.
1047 516 1387 578 llortabatur
1424 538 1607 580 autem
1648 528 1871 583 Petrum
1902 531 2055 587 Mau-

481 603 677 669 ricius,
714 615 772 660 ut
805 608 1077 678 quidquid
1111 615 1331 668 tandem
1366 627 1551 686 posset
1600 619 1869 676 adversus
1913 623 2058 680 Cha-

480 713 682 766 ganum
712 699 943 765 laceret,
983 719 1162 774 neque
1204 710 1506 766 exercitum
1539 714 1666 767 inde
1702 715 1854 770 exire
1904 727 2059 786 pate-

481 798 658 854 retur,
689 791 784 845 sed
817 804 934 847 arte
969 797 1206 864 quadam
1255 811 1311 853 et
1352 803 1548 858 callida
1578 807 2058 865 administratione

479 883 762 950 proderet.
801 887 1196 957 Indignabatur
1246 895 1414 962 enim,
1455 901 1861 966 praaleritarum
1911 902 2057 972 inju-

478 976 686 1030 riarum
729 994 966 1045 memor,
1017 984 1288 1041 militibus
1340 989 1610 1046 seditione
1658 1002 1826 1064 atque
1872 994 2054 1050 rebel-

477 1066 627 1156 Iione
658 1071 1050 1138 gaudentibus.
1091 1077 1157 1130 At
1183 1076 1500 1149 Cliaganus,
1540 1085 1680 1138 clam
1703 1101 2052 1156 progressus,

477 1155 855 1215 Macedoniam
896 1167 1174 1233 percurrit
1211 1185 1224 1222 :
1258 1183 1313 1225 et
1343 1171 1613 1227 inﬁnitam
1645 1155 2052 1234 multitudinem

479 1248 769 1306 hominum
801 1271 990 1312 secum
1026 1261 1258 1326 ducens,
1290 1280 1460 1334 prope
1498 1267 1566 1320 ad
1591 1267 2054 1338 Constantinopo-

475 1343 574 1397 lim
605 1351 862 1416 accessit,
887 1352 1216 1425 duobusque
1247 1358 1431 1413 aureis
1471 1360 1554 1428 (l)
1572 1359 1750 1414 virum
1775 1376 2052 1430 quemque

478 1436 861 1497 redimendum
893 1444 1118 1501 obtulit.
1142 1449 1281 1503 Cum
1313 1461 1494 1505 autem
1529 1467 1594 1506 ea
1621 1453 1868 1507 conditio
1898 1453 2051 1508 Mau-

477 1528 618 1585 ricio
643 1533 826 1602 gravis
856 1537 1161 1602 videretur,
1194 1551 1249 1596 et
1277 1550 1386 1595 tam
1415 1543 1577 1598 vilem
1614 1545 2048 1614 redemptionem

474 1623 707 1678 avaritia
736 1629 913 1684 victus
954 1631 1229 1700 rejiceret,
1257 1635 1447 1690 furore
1475 1637 1720 1706 percitus
1758 1646 2046 1709 tyrannus,

472 1714 718 1780 captivos
746 1719 1043 1774 multorum
1104 1723 1338 1778 millium
1370 1721 1564 1781 annuos
1608 1743 1740 1782 ense
1787 1728 2046 1783 concidit.

471 1803 643 1874 Cujus
676 1809 754 1863 rei
787 1812 958 1879 gratia
993 1815 1162 1869 Deum
1215 1816 1488 1872 infensum
1535 1820 1585 1874 ei
1637 1819 1847 1874 factum
1894 1835 2042 1885 esse,

469 1899 735 1955 creditur.
778 1903 834 1956 In
863 1906 1073 1962 somnis
1098 1912 1302 1964 etenim
1350 1911 1402 1965 ei
1447 1928 1724 1982 apparens
1767 1914 2040 1979 Christus,

469 1987 666 2044 Phoca:
694 2008 820 2047 eum
849 1998 1066 2055 ordinis
1093 2001 1349 2057 militaris
1378 2003 1593 2059 ductori
1625 2005 1890 2062 traditum
1922 2021 2044 2062 esse

471 2078 634 2138 dixit.
675 2084 740 2138 Et
783 2085 1108 2155 Mauricius,
1140 2108 1169 2146 a
1201 2108 1397 2160 somno
1431 2095 1728 2163 excitatus,
1776 2097 2047 2167 Philippi-

468 2186 594 2226 cum
627 2178 907 2234 sororium
943 2195 1105 2236 suum
1143 2185 1310 2239 acciri
1343 2201 1374 2240 e
1431 2189 1669 2244 vinculis
1697 2190 1884 2260 jussit.
1917 2191 2042 2248 Pri-

467 2277 569 2318 mae
590 2269 741 2321 t-mim
768 2273 1014 2326 nominis
1054 2276 1176 2344 ejus
1205 2276 1405 2331 littera:
1434 2281 1846 2336 successionem
1875 2298 2041 2351 quam

466 2357 703 2412 maxime
727 2375 1038 2430 suspeetam
1069 2366 1326 2422 habebat.
1355 2368 1534 2438 Atque
1565 2371 1636 2424 ob
1663 2388 1783 2426 eam
1818 2388 2042 2428 causam

465 2449 714 2503 vinctum
741 2465 867 2505 eum
904 2455 1148 2521 tenebat,
1182 2459 1475 2528 imperium
1509 2463 1576 2516 ad
1607 2462 1761 2518 illum
1811 2466 2057 2520 devqu-'

469 2549 584 2592 tum
629 2543 694 2598 iri
764 2545 1112 2605 existimans.
1177 2553 1543 2623 Pliilippicum
1593 2572 1729 2627 ergo
1783 2574 1935 2627 eum,
1989 2559 2039 2614 si

466 2647 630 2700 quem
663 2634 894 2690 militem
933 2638 1167 2694 I’bocam
1200 2655 1406 2710 nosset,
1445 2647 1822 2718 interrogavit.
1856 2651 2037 2720 Atque

467 2740 593 2777 eum
631 2725 722 2781 ille
755 2730 1152 2799 respondisset,
1182 2735 1419 2790 Phocam
1460 2754 1586 2792 eum
1625 2755 1769 2806 esse,
1807 2743 1900 2813 qui
1925 2759 2038 2799 non

465 2819 538 2871 ita
573 2819 783 2887 pridem
844 2823 1077 2895 imperio
1133 2829 1255 2898 ejus
1312 2829 1667 2899 impudenter
1720 2836 2036 2902 resutissct,

2163 537 2421 602 Χαγάνου
2450 537 2604 606 δρᾷν,
2631 536 2728 589 καὶ
2765 537 2840 605 μὴ
2870 537 2965 605 ἐᾷν
3007 535 3217 589 ἐκεῖθεν
3248 535 3450 600 ἐξιέναι
3482 538 3542 590 τὸ
3577 544 3742 609 στρὰ-

2161 644 2361 696 τευμα,
2395 629 2560 702 τέχνῃ
2591 628 2644 681 δέ
2663 645 2768 681 τινι
2794 631 2886 682 καὶ
2915 631 3200 700 οἰκονομίᾳ
3248 629 3380 682 αὐτὸ
3408 632 3742 700 καταπροδι-

2161 721 2311 773 δόναι
2338 737 2354 752 ·
2381 721 2706 789 ἐχαλέπαινε
2738 721 2847 790 γὰρ
2871 722 3105 782 ἐκείνοις
3155 722 3516 790 μνησικακῶν
3549 723 3736 775 στάσει

2161 812 2256 865 καὶ
2314 816 2705 882 νεωτερισμοῖς
2765 813 3133 884 ἐπιχαίρουσι.
3192 813 3445 880 Χαγᾶνός
3504 831 3565 866 τε
3629 814 3738 884 μὴν

2160 903 2321 968 ἐξιὼν
2357 903 2630 972 λαθραίως
2675 907 2770 958 καὶ
2795 907 2894 975 τὴν
2940 906 3037 957 τοῦ
3089 904 3401 966 Μακεδόνος
3458 905 3736 975 καταδρα-

2161 996 2300 1066 μὼν,
2338 995 2545 1066 πλῆθός
2570 1013 2630 1049 τε
2655 996 2958 1067 ἀνθρώπων
2989 997 3452 1068 περιϐαλλόμενος
3479 999 3729 1068 ἄπειρον,

2159 1088 2386 1158 πλησίον
2433 1089 2530 1158 τῆς
2563 1088 2886 1154 Βυζαντίδος
2920 1091 3132 1157 ἐγίνετο
3163 1107 3178 1122 ·
3207 1090 3304 1142 καὶ
3355 1090 3596 1159 χρυσίνω
3622 1091 3735 1143 δύω

2155 1179 2390 1232 ἕκαστον
2457 1178 2775 1248 ἀπημπόλει
2836 1179 2963 1242 τοὺς
3026 1178 3247 1248 ἄνδρας.
3306 1180 3618 1249 Μαυρικίου
3671 1181 3731 1234 δὲ

2155 1270 2484 1340 ἀχθομένου,
2509 1271 2604 1322 καὶ
2635 1269 2712 1340 μὴ
2745 1269 2888 1322 οὕτω
2916 1270 3012 1337 τὴν
3032 1269 3236 1324 εὔωνον
3255 1271 3468 1323 ἐκείνου
3500 1272 3730 1337 ἐξωνου-

2158 1365 2324 1432 μένου
2349 1361 2516 1433 ὠνὴν,
2551 1361 2651 1415 ἆτι
2671 1362 2951 1432 χρήμασιν
2975 1361 3322 1432 ἡττηθέντος,
3355 1362 3518 1432 θυμῷ
3564 1361 3730 1426 ζέσας

2152 1459 2180 1510 ό
2207 1455 2492 1525 τύραννος,
2517 1455 2734 1518 πάντας
2757 1455 2956 1522 ὑπάγει
2981 1455 3058 1524 τῷ
3086 1455 3252 1524 ξίφει,
3274 1457 3331 1518 ἐς
3380 1455 3588 1517 πολλὰς
3644 1471 3732 1523 χι-

2152 1549 2342 1612 λιάδας
2379 1547 2772 1619 μετρούμενον.
2820 1543 2894 1602 Οὐ
2931 1549 3094 1617 χάριν
3145 1546 3241 1599 καὶ
3277 1545 3501 1615 μηνίσαι
3550 1545 3726 1615 τούτῳ

2151 1643 2214 1696 τὸ
2261 1642 2418 1696 Θεῑον
2449 1641 2772 1696 πιστεύεται
2805 1657 2821 1673 ·
2872 1641 2994 1694 κατ’
3056 1640 3191 1709 ὄναρ
3235 1639 3344 1710 γὰρ
3394 1639 3727 1708 ἐπιφανέντα

2151 1736 2344 1803 ἐκείνῳ
2367 1733 2606 1803 Χριστὸν
2643 1735 2835 1804 φάναι,
2867 1735 3033 1802 Φωκᾷ
3061 1731 3144 1792 τῷ
3175 1733 3520 1803 στρατηλάτῃ
3552 1749 3734 1802 παραυ

2149 1827 2373 1898 δοθῆναι
2399 1845 2414 1860 ·
2433 1829 2529 1881 καὶ
2553 1827 2956 1892 διυπνισθέντα,
2996 1827 3326 1878 Φιλιππικὸν
3360 1825 3452 1877 τὸν
3472 1824 3724 1893 γαμϐρὸν

2148 1921 2257 1975 τῶν
2275 1920 2492 1990 δεσμῶν
2522 1917 2977 1990 μεταστείλασθαι
3010 1933 3025 1948 ⁸
3057 1920 3157 1985 τὴν
3197 1917 3303 1986 γὰρ
3328 1915 3422 1969 τοῦ
3454 1915 3726 1984 στοιχείου

2162 2012 2410 2082 διεδοχὴν
2436 2012 2688 2065 ὑπείδετο
2724 2010 2984 2080 μάλιστα.
3012 2008 3102 2060 Διὸ
3136 2009 3232 2062 καὶ
3261 2009 3483 2076 κατεῖχε
3515 2005 3724 2069 τοῦτον,

2147 2107 2395 2174 οἰόμενος
2427 2105 2621 2174 ἐκείνῳ
2656 2102 3130 2172 μετακυόευθῆναι
3154 2101 3256 2170 τὴν
3281 2098 3577 2169 βασιλείαν.
3613 2097 3726 2149 Καὶ

2154 2197 2543 2251 διεπυνθάνετο
2568 2197 2623 2250 εῐ
2644 2197 2768 2250 τινά
2816 2211 2919 2248 που
2953 2193 3296 2264 στρατιώτην
3353 2190 3723 2258 διαγινώσκοι,

2149 2289 2344 2342 Φωκᾶν
2373 2287 2567 2358 ὄνομα.
2616 2287 2856 2340 Ἐκεὶνου
2883 2285 2928 2338 δ’
2957 2287 3205 2346 εἰπόντος
3234 2285 3440 2340 ἐκεῖνον
3465 2279 3604 2334 εἶναι
3634 2281 3728 2331 τὸν

2149 2381 2257 2450 πρὸ
2293 2380 2526 2451 βραχέος
2556 2379 2782 2450 ἀναίδην
2807 2379 2886 2448 τῷ
2922 2377 3004 2448 σῷ
3057 2377 3253 2446 κράτει
3287 2374 3724 2444 διομιλούμενον,

2143 2476 2171 2527 ὁ
2199 2473 2567 2543 αὐτοκράτωρ
2606 2471 2862 2541 ἀνηρώτα
2893 2471 2952 2523 τὸ
2978 2466 3112 2541 ἦθος
3163 2467 3360 2538 ἐκείνῳ
3405 2467 3586 2519 ὁποῖον
3636 2463 3723 2532 εἴη

2141 2567 2590 2638 διερευνώμενος.
2607 2565 2695 2630 Ὦς
2719 2566 2762 2618 δ’
2781 2565 3053 2635 ἐμάνθανε
3088 2560 3264 2616 δειλὸν
3281 2559 3632 2623 καθεστάναι,
3659 2556 3722 2609 Ei

2141 2660 2314 2724 δειλὸς
2341 2661 2531 2725 ὅντως,
2566 2661 2662 2713 καὶ
2691 2659 2886 2728 φονεύς
2924 2659 3098 2720 ἐστιν,
3147 2653 3504 2724 ἀπεκρίνατο.
3551 2650 3728 2718 ’Δπή-

2143 2749 2314 2820 χθητο
2377 2751 2559 2804 τοίνυν
2609 2752 2725 2812 τοῖς
2772 2750 2908 2803 πᾶσι
2939 2747 3026 2802 διὰ
3051 2746 3142 2800 τὸν
3170 2744 3265 2798 τοῦ
3302 2743 3540 2812 πλήθους
3567 2741 3728 2809 φόνον

2141 2839 2470 2910 Μαυρίκιος,
2501 2841 2594 2892 καὶ
2622 2839 2920 2908 σκώμμασι
2949 2836 3063 2898 τοῖς
3107 2835 3365 2889 ἁπάντων
3394 2831 3668 2885 ἐϐάλλετο.

463 2916 785 2987 imperator,
818 2923 1150 2992 quibusnam
1175 2927 1222 2982 is
1249 2928 1494 2983 moribus
1559 2941 1726 2994 esset,
1773 2943 2139 3003 percontatus
2197 2946 2306 2992 est.
2369 2937 2438 2992 Et
2472 2937 2567 2991 ubi
2596 2936 2848 2990 timidum
2875 2948 2997 2989 esse
3031 2932 3290 3002 cognovit
3325 2947 3341 2985 :
3374 2928 3432 2984 Si
3496 2926 3724 2982 timidus

463 3026 679 3076 revera,
711 3013 912 3084 inquit,
945 3018 1196 3086 profecto
1237 3029 1292 3075 et
1329 3037 1624 3090 percussor
1660 3033 1764 3080 est.
1825 3026 2024 3080 Verum
2065 3027 2215 3083 enim
2286 3044 2421 3084 vero
2481 3028 2782 3085 Mauricius
2811 3026 2882 3082 ob
2913 3033 3078 3081 tanta:
3103 3021 3474 3079 multitudinis
3493 3019 3720 3082 eadem,

461 3101 656 3157 odium
685 3107 932 3162 omnium
995 3110 1259 3176 incurrit,
1312 3116 1683 3186 conviciisque
1731 3117 1801 3171 ab
1838 3119 2096 3175 omnibus
2130 3131 2216 3178 est
2255 3123 2584 3192 proscissus.

871 3243 1040 3314 859
1111 3241 1337 3299 CAPUT
1381 3241 1626 3299 XXXIX.

463 3340 735 3407 Quomodo
761 3341 1021 3410 exercitus
1050 3339 1107 3392 in
1127 3338 1374 3410 Europa,
1417 3339 1669 3394 seditione
1699 3341 1841 3410 facta
1863 3381 1877 3405 ,
1913 3356 2036 3394 cen-

533 3412 798 3464 turionem
838 3408 1068 3464 Phocam
1117 3408 1480 3466 Romanorum
1513 3408 1910 3481 ‘imperatorent
1947 3412 2038 3464 de-

534 3482 838 3534 clararunt.

530 3597 670 3653 Cum
699 3599 972 3653 exercitus
1005 3596 1217 3654 diutius
1249 3598 1305 3653 in
1335 3598 1504 3670 Mysia
1547 3606 1715 3664 esset,
1743 3605 1800 3653 et
1834 3596 2038 3652 milites

463 3703 494 3744 a
519 3689 682 3745 Petro
710 3689 910 3758 quietis
926 3691 1124 3760 gratia,
1157 3691 1286 3746 belli
1309 3689 1476 3745 linem
1498 3698 1663 3760 atque
1689 3690 2036 3755 missionem,

463 3783 813 3852 reditumque
840 3782 910 3837 ad
939 3785 1101 3839 sedes
1116 3797 1246 3838 suas
1277 3791 1532 3852 peterent
1564 3799 1582 3839 :
1609 3783 1810 3838 Petrus
1848 3791 2035 3836 autem

463 3888 619 3932 muto
654 3876 971 3946 persimilis,
1003 3875 1272 3945 principis
1325 3876 1554 3943 imperio
1601 3875 1784 3943 potius
1841 3889 2039 3944 parcn-

463 3972 620 4032 dum,
672 3967 964 4037 copiasque
1015 3967 1155 4021 ultra
1227 3966 1427 4020 Istrum
1486 3968 1851 4024 continendas
1916 3981 2039 4021 esse

464 4069 737 4126 censeret,
787 4060 988 4116 mirum
1047 4067 1133 4114 est
1186 4074 1348 4130 quam
1402 4061 1454 4114 id
1507 4061 1828 4125 multitudo,
1865 4061 2042 4128 impe-

465 4155 610 4210 rium
663 4152 997 4219 detrectans,
1047 4165 1190 4222 aegre
1248 4152 1459 4212 tulerit.
1510 4151 1577 4208 Et
1614 4150 1812 4206 Petrus
1848 4149 2040 4221 viginti

467 4247 726 4306 milliaria
754 4247 822 4302 ab
846 4245 1094 4301 exercitu
1116 4246 1365 4300 secessit.
1395 4244 1477 4298 Ad
1493 4259 1656 4313 quem
1685 4245 1888 4297 milites
1917 4251 2044 4296 octo

467 4343 618 4397 viros
674 4341 936 4401 delectos,
993 4337 1134 4390 inter
1162 4350 1302 4404 quos
1321 4337 1486 4390 etiam
1519 4334 1734 4397 Phoeas
1766 4333 2044 4405 pernicio-

467 4434 777 4490 sissimmus
837 4440 1108 4502 tyrannus
1179 4438 1322 4493 erat,
1389 4427 1682 4482 miserunt.
1744 4424 2044 4492 Postquam

469 4525 560 4580 ille
596 4525 649 4577 in
689 4523 966 4580 sententia
1000 4537 1098 4576 sua
1129 4519 1390 4591 perstitit,
1422 4525 1477 4572 et
1509 4517 1855 4583 imperatoris
1887 4529 2044 4567 man-

2711 3243 2939 3300 ΚΕΦΛΛ
2952 3283 2969 3297 .
3033 3239 3158 3296 ΛΘ’.

2143 3342 2336 3406 Ὅπως
2363 3341 2435 3396 τὰ
2454 3341 2523 3395 ἐν
2549 3339 2805 3407 Εὐρώπῃ
2831 3337 3244 3407 στρατεύματα
3273 3332 3716 3407 στασιάσειν-τα,

2211 3402 2326 3466 tor-
2340 3402 2798 3479 ἑκατοντάρχηκ
2819 3402 3056 3470 φωκάν,
3089 3402 3365 3469 βασιλέα
3411 3402 3725 3472 Ῥωμαίων

2211 3482 2482 3537 ἀνεῖπον.

2214 3595 2322 3650 Τοῦ
2353 3595 2410 3648 δὲ
2443 3596 2584 3650 κατὰ
2614 3594 2713 3666 τὴν
2741 3593 2960 3650 Μυσίαν
2991 3590 3406 3664 στρατεύματος
3441 3587 3534 3642 ἐπὶ
3572 3585 3723 3638 πλεῖ-

2142 3689 2569 3760 στονδιατριὸὴν
2588 3691 2768 3744 ἐκεῖσε
2809 3689 3220 3759 πεποιημένων,
3273 3686 3613 3754 αἰτουμένων
3659 3697 3722 3732 τε

2140 3779 2506 3840 ἀναπαύσεως
2525 3778 2688 3849 χάριν
2721 3777 2812 3830 τὸν
2843 3777 3052 3847 Πέτρον
3073 3773 3324 3828 διαλῦσαι
3379 3773 3480 3842 τὴν
3517 3769 3719 3840 μάχην,

2141 3875 2234 3928 καὶ
2258 3876 2348 3927 ἐπ’
2379 3873 2534 3927 οἴκου
2555 3872 2837 3942 γενέσθαι,
2857 3873 2884 3922 ὁ
2911 3871 2968 3924 δὲ
3025 3869 3197 3940 κωφῷ
3230 3870 3488 3938 ἄντικρυς
3522 3863 3721 3926 ἐδόκει,

2143 3967 2262 4028 ταῖς
2304 3963 2400 4018 τοῦ
2465 3965 2701 4024 ἄνακτος
2745 3963 3085 4037 προσταγαῖς
3155 3957 3356 4029 μᾶλλον
3400 3952 3722 4021 πειθαρχεῖν

2141 4059 2387 4129 οίόμενος
2413 4056 2546 4121 δεῖν,
2583 4057 2674 4108 καὶ
2703 4054 2786 4108 ἐτι
2811 4053 2988 4124 πέραν
3031 4053 3253 4121 Ἴστρου
3301 4045 3716 4118 παρακατέχειν

2143 4154 2420 4226 ᾑρημένος
2451 4150 2512 4204 τὸ
2553 4149 2889 4220 στράτευμα.
2920 4146 3029 4200 Καὶ
3075 4144 3136 4198 τὸ
3163 4144 3366 4211 πλῆθος
3425 4137 3722 4209 ὑπερφυῶς

2145 4241 2494 4314 ἐδυσχέραινὲ
2519 4258 2578 4295 τε
2609 4241 2702 4295 καὶ
2739 4238 3059 4308 ἁφηνίαζεν.
3105 4237 3165 4290 '0
3190 4237 3246 4289 δὲ
3289 4234 3515 4301 Πέτρος,
3547 4231 3722 4282 εἴκοσι

2145 4337 2398 4406 σημείοις
2436 4332 2530 4388 τοῦ
2590 4331 3004 4404 στρατεύματος
3045 4327 3323 4400 ἀπεχώρει
3356 4341 3370 4356 ο
3409 4322 3536 4376 ἔνθα
3583 4319 3646 4389 δὴ
3694 4319 3724 4370 δ

2148 4432 2378 4503 στρατὸς
2407 4429 2552 4484 ὀκτώ
2579 4445 2731 4492 τινας
2756 4425 3159 4494 ἐπιλεξάμενοι,
3189 4415 3262 4477 ὧν
3297 4414 3455 4488 εἷςῆν
3484 4417 3578 4468 καὶ
3601 4414 3721 4467 Φω-

2149 4522 2252 4584 κᾶς
2281 4524 2307 4574 ὁ
2328 4518 2716 4590 χαλεπώτατος
2739 4515 3030 4586 τύραννος,
3069 4511 3207 4582 προς
3241 4510 3450 4563 ἐκεῖνον
3501 4505 3720 4570 διεπρε-

469 4621 660 4674 datum
697 4632 840 4682 esse,
881 4625 943 4670 ut
983 4612 1260 4668 exercitus
1305 4613 1447 4664 ultra
1491 4609 1693 4663 Istrum
1746 4623 2035 4678 permane—

2150 4612 2402 4665 σόεὐοντο
2433 4627 2447 4642 ο
2480 4610 2573 4664 τὸν
2603 4609 2660 4662 δὲ
2687 4611 2782 4664 καὶ
2816 4608 2978 4660 πάλιν
3008 4607 3121 4665 τοῖς
3154 4603 3336 4676 αὐτοῖς
3371 4596 3722 4666 ἐπιμένοντα,

471 4723 578 4775 ret,
606 4707 943 4766 asseveravit
972 4722 986 4758 :
1019 4705 1316 4760 multitudo
1359 4703 1492 4772 ipsa,
1531 4701 1611 4754 ira
1646 4699 1884 4766 fervens,
1921 4715 2042 4753 ccu—

472 4804 742 4860 turionem
770 4802 1008 4856 Phocam
1045 4798 1150 4854 sibi
1207 4797 1308 4864 ipsi
1341 4794 1602 4865 praefecit,
1656 4793 1814 4849 Petro
1872 4808 2040 4862 repu-

471 4896 643 4952 diato.
703 4893 900 4948 Postea
956 4892 1124 4946 etiam
1193 4889 1378 4943 Plioca
1420 4887 1476 4942 in
1540 4889 1732 4958 clypeo
1799 4885 2040 4946 sublato.

467 4989 796 5043 electionem
817 4985 936 5051 ejus
950 4997 1074 5040 cum
1095 4981 1330 5051 plurima
1346 4980 1740 5037 acclamatione
1761 4976 2043 5031 renuntia-

468 5083 568 5136 \it.
605 5078 762 5147 Quod
797 5077 885 5130 ubi
916 5077 1113 5132 Petrus
1139 5075 1383 5135 rescivit,
1417 5072 1676 5144 profugit,
1709 5081 1765 5124 et
1818 5071 1883 5123 ad
1941 5069 2042 5121 im-

467 5180 778 5244 peratorem
817 5184 930 5225 rem
957 5181 1177 5222 omnem
1206 5166 1415 5220 retulit.
1441 5164 1762 5229 Mauricius,
1797 5161 2040 5217 tribunis

467 5263 647 5336 plebis
695 5261 977 5327 evocatis,
1039 5260 1226 5331 populi
1272 5273 1563 5314 numerum
1622 5255 1971 5325 investigavit
2025 5271 2038 5307 :

466 5355 609 5410 nihil
637 5369 868 5425 prorsus
897 5354 966 5410 de
996 5369 1087 5420 eo,
1115 5351 1260 5422 quod
1287 5351 1538 5406 desertor
1583 5349 1795 5403 l’hoeas
1849 5347 2040 5417 prtere-

466 5461 592 5503 Ctus
646 5447 995 5503 renuntiatus
1051 5454 1218 5513 esset,
1277 5445 1566 5500 sollicitus.
1628 5440 1772 5497 Idem
1846 5440 2037 5494 urbem

468 5540 644 5612 ipsam
671 5543 1029 5612 imperantem
1063 5547 1120 5595 et
1148 5539 1494 5595 suburbanos
1535 5536 1654 5605 ejus
1695 5534 1844 5588 vicos
1864 5534 2046 5600 dispo-

545 5723 623 5791 (l)
647 5722 803 5792 Apud
833 5723 1126 5777 Diaconum
1147 5729 1252 5784 est,
1275 5732 1383 5792 uno
1413 5718 1575 5772 etiam
1612 5729 2041 5792 aurco__mun_rm)

472 5785 787 5859 Cbaéan'um
833 5794 1173 5863 singulorum
1207 5791 1547 5857 captive-rum
1584 5797 1745 5853 caput
1782 5785 2041 5838 Mauricio

2150 4703 2247 4756 καὶ
2281 4703 2548 4770 ἐπιταγὴν
2579 4696 2718 4754 εἶναι
2768 4699 2864 4751 τοῦ
2916 4696 3345 4765 αὐτοκράτορος,
3377 4692 3579 4764 χρῆναι
3628 4687 3727 4738 πέ-

2153 4815 2252 4868 ραν
2277 4796 2492 4866 Ἴστρου
2520 4792 2821 4864 διατρίϐειν
2849 4790 2947 4861 τὴν
2994 4788 3252 4860 στρατιὰν
3292 4782 3722 4851 διατεινομένου,

2150 4887 2308 4958 θυμῷ
2327 4887 2395 4940 τὰ
2427 4886 2604 4956 πλήθη
2664 4883 3147 4954 ἁνακαχλάσαντα,
3182 4881 3274 4933 τὸν
3316 4874 3727 4945 ἑκατοντάρχην

2147 4979 2344 5033 Φωκᾶν
2371 4977 2552 5030 αὐτῶν
2586 4977 3012 5045 προεστήσαντο,
3060 4970 3453 5034 καταλιπόντες
3482 4965 3572 5019 τὸν
3624 4963 3726 5015 [Ιέ-

2148 5086 2299 5142 τρον.
2339 5067 2574 5123 Ἔπειτα
2608 5070 2701 5122 καὶ
2721 5067 2812 5120 ἐπ’
2837 5065 3064 5128 ἀσπίδος
3093 5064 3175 5127 είς
3223 5061 3356 5131 ὕψος
3402 5059 3722 5129 ἐξάραντες.

2149 5162 2437 5232 εὐφήμουν
2459 5159 2705 5222 ἐκτόπως
2728 5157 2829 5229 τὴν
2855 5157 3237 5227 ἀναγόρευσιν.
3276 5156 3342 5207 Ἀ
3364 5153 3499 5222 δῆτα
3533 5147 3723 5221 μαθὼν

2147 5258 2178 5310 δ
2211 5255 2436 5322 Πέτρος,
2494 5253 2671 5321 φυγὰς
2730 5249 2902 5322 ᾤχετο
2938 5267 2951 5282 ·
2981 5251 3076 5304 καὶ
3110 5247 3301 5312 ἐλθὼν,
3356 5246 3490 5317 δῆλα
3545 5244 3724 5298 πάντα

2149 5347 2324 5400 ἐποίει
2346 5346 2424 5416 τῷ
2442 5343 2828 5416 αὐτοκράτορι.
2871 5343 2931 5396 Ὀ
2957 5343 3012 5397 δὲ
3035 5340 3161 5404 τοὺς
3188 5341 3502 5411 δημάρχους
3557 5351 3724 5412 μετα-

2153 5439 2526 5510 στειλάμενος,
2556 5439 2618 5492 eo
2647 5436 2850 5508 πλῆθος
2876 5436 3225 5507 διηρευνόὶτο,
3260 5433 3358 5488 καὶ
3411 5433 3468 5484 ἐν
3498 5427 3725 5498 οὐδεμιᾷ

2150 5535 2392 5586 ἐποιεῖτο
2447 5530 2691 5602 φροντίδι
2743 5529 2845 5600 τὴν
2894 5529 2989 5584 τοῦ
3033 5528 3342 5583 ἁποστάτου
3396 5523 3724 5594 ἀνάρρησιν.

2150 5713 2532 5794 redimendum
2561 5714 2849 5786 obtulisse,
2910 5714 3177 5787 illumque
3201 5710 3571 5769 conditionem
3601 5717 3722 5760 cam

2151 5799 2258 5839 non
2307 5798 2604 5854 accepisse.
3091 5825 3096 5836 .

4041 4352 4070 4395 εξ

4042 4443 4065 4486 '4:

4042 4543 4065 4579 ζετ
