4084 6470
302 298 387 360 405
1139 290 1736 353 ECCLESIASTlC/E
1770 288 2157 350 HISTORle
2186 289 2334 353 LIB.
2381 287 2604 351 XVIII.
3286 331 3314 349 .
3435 282 3540 344 4‘36

214 433 222 436 ‘
301 412 501 484 Φρουρᾷ
532 410 588 464 δὲ
625 408 696 462 τά
729 406 835 476 πρὸ
863 405 961 473 τῆς
1023 404 1234 466 πόλεως
1286 406 1459 461 ἄστεα
1514 404 1827 474 διελάμϐανε

1935 457 1940 470 _
1971 403 2093 460 sitis
2124 403 2389 464 custodiis
2417 401 2672 456 munivit.
2710 397 2918 454 Deinde
2948 397 3115 453 etiam
3139 395 3206 450 ad
3236 395 3548 450 multitudi-

303 482 382 559 καὶ
409 505 580 573 αὐτὴν
609 500 749 570 δῆτα
776 498 879 570 τὴν
929 495 1350 568 βασιλεύουσαν.
1411 492 1548 551 Εἶτα
1579 498 1673 549 καὶ
1723 512 1866 567 πρε-

1997 512 2093 553 ιειι]
2120 496 2267 552 illam
2291 495 2551 551 rebellem
2589 493 2920 563 legationem
2962 489 3136 545 misit.
3174 489 3246 543 At
3278 496 3549 559 tyrannus
3596 484 3610 493 ’

293 595 481 650 »σϐείαν
510 597 566 657 ἐς
602 595 665 646 τὸ
726 588 1117 661 ἅποᾱατῆσαν
1149 588 1355 659 πλῆθος
1408 589 1745 657 ἀνέπεμπεν.
1805 587 1866 640 '0

1970 592 2192 647 minime
2228 588 2492 666 mandata
2548 588 2665 656 ejus
2723 585 2957 647 curavit,
3014 583 3231 637 ratione
3291 581 3441 636 omni
3494 589 3547 633 et

306 689 349 743 δέ
375 703 438 756 γε
461 686 723 755 τύραννος
744 684 944 752 ἥκιστα
980 682 1238 753 προσεῖχε
1267 680 1381 743 τοῖς
1404 678 1586 749 λόγοις
1610 694 1625 708 ⁸
1661 677 1776 733 ἀλλ’
1806 678 1866 731 ἐν

1969 684 2217 737 oratione
2261 682 2484 746 reiecta.
2531 680 2599 733 Et
2637 676 2914 732 exercitus
2934 675 3237 739 Romanus,
3273 671 3549 726 seditione

313 778 659 849 μετεωρισμῷ
695 776 935 829 ἐποιεῖτο
964 774 1057 827 τὸν
1078 773 1254 842 λόγον.
1279 771 1388 826 Τοῦ
1417 770 1475 824 δὲ
1504 768 1695 832 παιδὸς
1715 769 1870 825 Μαυ-

1971 787 2140 840 mota,
2172 776 2240 830 ad
2291 773 2663 829 Theodosium
2719 770 2965 826 Mauricii
3012 769 3208 832 lilium,
3260 768 3330 822 ad
3382 764 3553 819 Calli-

313 872 475 942 ρικίου
539 868 823 923 Θεοδοσίου
876 869 934 931 ἐς
1003 865 1445 936 Καλλικράτειαν
1520 860 1871 932 κυνηγεσίοις

1973 866 2197 923 cratiam
2231 864 2632 944 venationibus.
2673 878 2794 918 sese
2832 861 3225 924 obiectantem,
3257 858 3546 927 epistolam

316 961 679 1031 σχολάζοντος,
715 960 776 1013 τὸ
829 959 1136 1012 στασιάσαν
1185 953 1501 1025 Ῥωμαϊκὸν
1532 952 1724 1021 ἐκείνῳ
1754 951 1873 1003 ἑπι-

1975 958 2148 1025 dedit,
2188 964 2249 1011 ut
2274 957 2356 1011 vel
2388 956 2675 1026 imperium
2710 953 3035 1023 susciperet,
3070 952 3155 1006 vel
3187 967 3253 1007 eo
3279 950 3554 1006 Germano

315 1052 495 1121 στολὴν
520 1051 871 1121 διεπέμπετο.
905 1048 939 1118 ἢ
991 1048 1154 1102 αὐτὸν
1202 1044 1609 1116 ἀναλαμϐάνειν
1638 1043 1739 1115 τὴν
1767 1042 1876 1097 τῶν

1975 1065 2168 1112 socero
2236 1048 2478 1104 cederet.
2535 1046 2816 1102 Decaetero
2890 1060 3130 1113 namque
3211 1042 3442 1096 minime
3494 1055 3553 1094 se

315 1145 437 1198 ὅλων
457 1144 757 1213 ἡγεμονίαν
786 1141 1212 1212 είσηγουμένην,
1242 1139 1275 1211 ἦ
1325 1136 1404 1208 τῷ
1447 1137 1682 1208 κηδεστῇ
1744 1135 1880 1204 Γερ-

1978 1151 2235 1208 passuros
2271 1153 2391 1192 esse
2420 1135 2846 1200 denuntiarunt,
2893 1145 2952 1189 ut
3001 1135 3278 1189 Romanas
3304 1132 3493 1201 c0pias
3525 1146 3556 1184 a

320 1236 462 1307 μανῷ
486 1235 693 1303 ταύτης
729 1235 1085 1303 παραχωρεῖν
1114 1246 1127 1261 ο
1162 1228 1258 1283 τοῦ
1289 1229 1400 1300 γὰρ
1430 1226 1622 1280 λοιποῦ
1658 1223 1734 1295 μὴ
1759 1224 1880 1277 ἁνέ-
1930 1222 1933 1227 ’

1979 1226 2242 1283 Mauricio
2295 1227 2592 1298 gubernari
2676 1235 2995 1282 cernerent.
3065 1224 3192 1279 Haec
3266 1232 3558 1293 postquam

320 1328 495 1397 χεσθαι
522 1325 761 1396 ἔφασκον
791 1325 899 1379 ὐπὸ
929 1321 1223 1393 Μαυρικίῳ
1261 1322 1361 1383 τάς
1391 1317 1683 1388 Ῥωμαίων
1725 1315 1883 1369 δυνά-

1982 1321 2300 1390 imperatori
2339 1329 2468 1376 sunt
2493 1320 2822 1391 signiﬁcata,
2850 1318 3183 1381 Germanus,
3218 1315 3392 1372 veluti
3442 1328 3564 1368 sus-

325 1435 431 1497 μεις
462 1418 593 1488 ὁρᾷν
626 1415 983 1471 διιθύνεσθαι.
1024 1415 1178 1468 Ἐπεὶ
1206 1414 1264 1467 δὲ
1291 1410 1570 1482 κατάδηλα
1604 1409 1779 1463 ταῦτα
1804 1406 1883 1478 τῷ

1982 1416 2258 1487 picionem
2288 1415 2354 1471 de
2382 1431 2442 1471 se
2474 1415 2789 1485 praebuerit,
2824 1423 3116 1484 propterea
3147 1411 3452 1466 exercitum
3478 1423 3565 1463 res

322 1510 675 1580 αὐτοκράτορι
738 1508 1002 1576 ἐγεγόνει,
1033 1505 1316 1579 Γερμανὸς
1357 1506 1457 1575 μὲν
1521 1504 1598 1566 ὡς
1649 1500 1885 1570 ὑποψίαν

1984 1525 2151 1565 noi'as
2193 1509 2443 1564 molitum
2492 1522 2633 1573 esse,
2693 1515 2754 1562 ut
2809 1508 2988 1578 ipsum
3040 1505 3109 1560 ad
3179 1503 3260 1559 rei
3309 1502 3568 1557 Romana:

322 1602 432 1664 δοὺς
452 1602 848 1671 νεωτερίσαιτὸ
891 1599 1230 1670 στράτευμα,
1259 1597 1335 1661 ὡς
1385 1595 1596 1649 ἐκεῖνον
1642 1591 1739 1645 ἐπὶ
1766 1590 1879 1643 τῶν

1988 1614 2258 1655 summam
2285 1599 2772 1654 administrandam
2800 1599 3071 1668 legerent,
3107 1596 3340 1665 supplex
3382 1594 3441 1648 in
3468 1591 3569 1647 Dei

322 1695 447 1748 ὅλων
485 1694 826 1765 αἱρούμενον,
883 1694 940 1756 ές
987 1691 1078 1744 τὸν
1136 1690 1233 1758 τῆς
1290 1689 1637 1759 Θεομὴτορος
1692 1685 1879 1755 ίκέτης
1923 1758 1935 1765 _

1990 1690 2568 1763 Genitricisternplum
2598 1691 2845 1762 confugit
2870 1708 2884 1744 :
2909 1690 3061 1760 quod
3092 1688 3295 1759 Cyrum
3320 1694 3574 1743 constru-

325 1758 805 1857 προστρέχει-νεών
833 1802 847 1817 ·
882 1785 941 1839 ὃν
972 1783 1157 1855 Κῦρον
1193 1783 1285 1835 τὸν
1309 1782 1401 1835 ἐπὶ
1431 1758 1719 1834 Θεοδοσίου
1750 1777 1889 1831 ὐπα-
1923 1758 1938 1813 Ῑ

1959 1764 2140 1839 Luisse
2172 1783 2314 1838 fama
2349 1792 2450 1847 est,
2506 1783 2599 1853 qui
2654 1783 2847 1838 consul
2906 1782 3007 1836 sub
3071 1779 3387 1835 Theodosio
3445 1777 3572 1842 fuit,

323 1893 409 1931 τον
432 1872 717 1946 γεγονότα,
749 1876 1040 1947 δείμασθαι
1068 1873 1224 1942 λόγος
1262 1890 1277 1906 ⁸
1327 1875 1423 1927 καὶ
1457 1874 1511 1936 ἐς
1543 1872 1611 1925 τά
1655 1869 1893 1940 μάλιστα

1995 1876 2175 1931 bonus
2225 1874 2522 1930 admodum
2570 1874 2673 1939 vir,
2710 1885 2767 1929 ct
2821 1872 3148 1943 eloquentia:
3198 1869 3577 1938 doctrinaeque

324 1967 485 2036 ἀνδρα
511 1965 715 2035 ἀγαθόν
741 1982 877 2035 φασι
917 1964 1229 2033 γεγονέναι,
1262 1962 1358 2017 καὶ
1402 1961 1532 2032 περὶ
1560 1961 1736 2028 λόγων
1760 1957 1896 2028 ἔρω-

1997 1967 2175 2022 omnis
2202 1980 2468 2036 perquam
2520 1964 2835 2029 studiosus,
2895 1978 3034 2034 quas
3080 1959 3345 2031 singulari
3392 1972 3579 2012 amore

323 2074 416 2122 τας
441 2056 678 2127 σώφρονι
710 2073 814 2110 τινι
848 2055 1015 2126 μανίᾳ
1043 2054 1520 2127 προσπεφυκέναι.
1559 2053 1647 2116 Ἐς
1670 2051 1897 2121 ὕστερον

1997 2067 2052 2114 et
2108 2072 2240 2112 sana
2289 2057 2527 2126 quadam
2585 2055 2806 2111 insania
2860 2063 2944 2110 est
3006 2061 3352 2123 prosecutus.
3413 2049 3583 2119 860

326 2147 380 2202 δὲ
419 2145 694 2218 Γερμανὸς
720 2147 816 2200 καὶ
861 2146 999 2217 πρὸς
1031 2145 1091 2198 τὸ
1126 2145 1388 2215 μέγιστον
1414 2142 1660 2213 τέμενος,
1692 2138 1722 2193 ὃ
1765 2141 1897 2192 Ἰου-

1998 2148 2195 2205 Postea
2226 2163 2357 2202 vero
2402 2147 2712 2202 Germanus
2751 2147 2916 2202 etiam
2969 2146 3039 2202 ad
3092 2145 3356 2216 templum
3408 2144 3585 2198 maxi-

332 2238 593 2300 στινιανὶς
631 2235 754 2289 λίαν
814 2235 1109 2307 φιλοτίμως
1159 2238 1255 2289 καὶ
1312 2234 1624 2297 πολυτελῶς
1670 2232 1747 2303 τῷ
1790 2231 1900 2286 τῶν

2001 2256 2175 2305 mum,
2235 2239 2381 2310 quod
2436 2236 2781 2296 Justinianus
2856 2240 3158 2296 ambitione
3237 2253 3450 2294 summa
3529 2246 3585 2291 et

328 2328 460 2382 ὅλων
504 2327 623 2391 Θεῷ
658 2326 1000 2398 ἀνιδρύσατο,
1030 2327 1399 2398 μεταφέρεται
1429 2344 1442 2360 ·
1482 2326 1574 2381 διά
1618 2343 1702 2379 τοι
1743 2324 1902 2379 τοῦτο

2004 2331 2437 2402 magniﬁcentia,
2467 2332 2685 2404 magnis
2736 2333 3049 2404 sumptibus
3081 2347 3269 2386 rerum
3300 2331 3586 2386 universa-

331 2417 421 2472 καὶ
452 2417 733 2471 Θεοδόσιον
761 2418 854 2472 τὸν
881 2417 997 2472 υἱὸν
1026 2419 1055 2471 ὁ
1101 2418 1325 2488 κρατῶν
1361 2417 1577 2489 pasam;
1629 2416 1860 2488 ᾐκίσατο
1883 2427 1897 2444 '

2004 2441 2125 2480 rum
2160 2424 2271 2480 Deo
2297 2426 2627 2488 construxit,
2665 2425 2900 2481 transiit.
2930 2425 3062 2479 Eam
3090 2440 3223 2479 sane
3257 2423 3327 2477 ob
3362 2437 3584 2479 causam

332 2509 673 2580 ὑποτοπήσας
703 2510 760 2561 έν
785 2509 1088 2582 ἀπορρήτῳ
1114 2509 1215 2577 τὴν
1271 2511 1352 2574 είς
1401 2509 1462 2562 τὸ
1495 2508 1653 2564 Θεϊον
1709 2523 1907 2578 προσε⁴

2003 2518 2265 2590 princeps
2292 2518 2459 2572 tilium
2490 2518 2868 2573 Theodosium
2926 2518 3166 2573 fustibus
3212 2516 3347 2573 credi
3396 2517 3584 2588 jussit,

332 2599 512 2670 δρείαν
544 2601 622 2669 τῷ
654 2600 887 2671 κηδεστῇ
922 2599 1191 2671 Γερμανῷ
1225 2600 1523 2654 ὑποθέσθαι
1557 2616 1573 2633 ο
1616 2600 1712 2653 καὶ
1767 2600 1909 2670 πέμ-

2007 2621 2327 2681 suspectmn
2351 2626 2479 2665 eum
2508 2611 2742 2677 habens,
2772 2610 2921 2681 quod
2951 2625 3157 2666 arcano
3183 2608 3417 2664 consilio
3448 2606 3585 2663 Ger-

331 2691 434 2761 ψας
463 2692 670 2745 ἐκεῖθεν
704 2692 965 2760 ἀφέλκειν
997 2695 1267 2763 ἔπειρᾶτο
1293 2692 1386 2747 τὸν
1417 2692 1724 2765 Γερμανόν.
1754 2692 1827 2749 Τὸ
1851 2692 1908 2745 δὲ

2009 2718 2171 2758 mano
2229 2717 2442 2770 socero,
2496 2713 2556 2757 ut
2598 2702 2662 2756 ad
2731 2716 2891 2772 opem
2960 2701 3202 2756 divinam
3238 2703 3591 2769 confugeret,

330 2781 428 2851 τῆς
454 2781 661 2845 πόλεως
707 2782 912 2852 πλῆθος
950 2783 1143 2854 μαθὸν,
1171 2783 1464 2847 ἐστασίαζε
1525 2784 1636 2837 τῶν
1684 2783 1911 2837 δικαίων

2011 2793 2328 2865 subjecerit.
2366 2795 2433 2848 Et
2463 2793 2649 2848 missis
2680 2792 3002 2847 hominibus
3028 2792 3218 2854 certis,
3253 2790 3590 2857 Germanum

329 2872 425 2926 τοῦ
447 2873 553 2927 νεὼ
587 2876 989 2945 προϊστάμενον
1023 2891 1035 2902 ι
1073 2876 1169 2930 καὶ
1201 2876 1455 2947 κατέχειν
1507 2875 1657 2929 ἔνδον
1689 2873 1908 2928 ἔπειθον

2013 2884 2143 2939 inde
2178 2884 2468 2938 extrahere
2497 2882 2751 2939 tentavit.
2805 2882 2964 2938 Plebs
2993 2893 3179 2938 autem
3223 2884 3458 2947 urbana,
3495 2882 3591 2937 ubi

330 2963 426 3019 τὸν
450 2965 665 3033 φυγάδα
697 2965 933 3037 ’καὶτῷ
967 2965 1124 3038 θυμῷ
1176 2965 1667 3039 στρατηγούμενοι,
1726 2965 1912 3036 σκώμ-

2014 2974 2070 3031 id
2095 2975 2337 3038 rescivit,
2373 2976 2667 3029 tumultum
2701 2974 2892 3041 movit,
2923 2974 3015 3040 jus
3049 2973 3241 3044 templi
3266 2972 3590 3029 defendens:

333 3068 469 3121 μασι
507 3052 781 3115 πλείστοις
828 3053 921 3107 τὸν
959 3052 1171 3108 ἄνακτα
1228 3053 1476 3119 ἔόαλλον,
1532 3059 1630 3108 καὶ
1691 3053 1946 3136 φρονεϊνλ

2015 3065 2419 3136 Germanoque,
2458 3065 2642 3136 quieo
2673 3060 3018 3135 confugerat,
3051 3076 3108 3119 ut
3140 3080 3198 3119 sc
3227 3064 3305 3119 ibi
3345 3064 3598 3123 contine-

330 3111 492 3198 αὐτὸν
525 3144 592 3198 τά
620 3111 948 3217 Μαρκίωνος
990 3145 1364 3210 ἐπετώθαζον.
1396 3111 1621 3218 Αίρεσις
1655 3111 1715 3200 δέ
1736 3111 1748 3123 Ι
1770 3143 1910 3213 αὕτη
1939 3130 1943 3161 ¹

2019 3111 2419 3136 unum-"1w.
2461 3111 2553 3136 -ιη-
2579 3111 2638 3119 υ
2676 3111 3018 3135 νν---υον---ι
3053 3111 3108 3119 --
3140 3111 3196 3119 --
3349 3111 3565 3123 vum-—

2016 3168 2120 3225 ret,
2161 3158 2458 3230 persuasit.
2507 3160 2689 3228 Atque
2742 3158 2931 3213 furore
2997 3166 3255 3228 tanquam
3323 3156 3462 3213 duce
3518 3156 3600 3212 eis

335 3237 475 3307 μετά
503 3253 649 3297 τινος
682 3235 895 3309 ’μωρᾶς
939 3238 1226 3301 εὐλαϐείας
1272 3238 1474 3310 εὐήθης
1504 3254 1563 3292 τε
1606 3239 1703 3292 καὶ
1745 3238 1914 3293 κατά-

2015 3259 2634 3320 praeeunte,scommata
2662 3249 2901 3319 plurima
2928 3248 3180 3320 plerique
3209 3249 3262 3303 in
3295 3248 3600 3318 principem

331 3343 587 3391 πτυστος.
624 3330 979 3401 Σφριγῶντος
1004 3330 1302 3402 τοιγαροῦν
1330 3329 1426 3385 τοῦ
1456 3331 1721 3402 ταράχου,
1751 3333 1800 3384 oi
1842 3331 1915 3385 τά

2016 3346 2425 3402 contorserunt,
2467 3336 2630 3407 eique
2661 3336 2809 3407 quod
2857 3352 2982 3393 cum
3023 3337 3305 3392 Marcione
3339 3336 3598 3399 sentiret,

329 3420 487 3490 τείχη
518 3420 973 3493 διαφρουροῦντες
1006 3422 1105 3492 τῆς
1138 3422 1348 3486 πόλεως
1373 3420 1527 3474 ταῦτ’
1549 3421 1914 3491 ὴνωτισμὲνοι

2019 3446 2145 3487 cum
2201 3430 2454 3485 convicio
2516 3430 2846 3501 obiecerunt
2902 3446 2917 3483 :
2981 3429 3137 3502 cujus
3195 3428 3421 3482 haeresis
3475 3442 3599 3478 cum

332 3510 413 3581 τῷ
441 3511 614 3584 λοιπῷ
642 3513 925 3569 στασιώδει
947 3513 1144 3586 πλήθει
1175 3516 1269 3569 καὶ
1300 3509 1445 3568 οὗτοι
1478 3513 1908 3583 συμμίγνυνται·

2017 3522 2183 3579 stulta
2218 3521 2452 3592 quadam
2511 3522 2796 3594 religione,
2848 3520 2997 3576 fatua
3037 3531 3094 3576 et
3170 3516 3606 3586 contemptibilis

334 3605 431 3657 καὶ
458 3606 792 3677 πανταχόθεν
821 3608 871 3660 οἱ
898 3607 1060 3678 δῆμοι
1084 3606 1164 3677 τῷ
1196 3607 1344 3678 σάλῳ
1371 3605 1466 3660 τοῦ
1513 3605 1684 3660 κακοῦ
1717 3620 1919 3675 κυμαι-

2020 3623 2127 3671 est.
2170 3614 2306 3669 Cum
2339 3613 2509 3685 igitur
2543 3614 2738 3685 ingens
2764 3614 3032 3669 tumultus
3077 3612 3317 3666 maxime
3367 3610 3603 3674 διττὴ-ει,

332 3697 573 3763 νόμενοι,
604 3701 670 3768 τῇ
716 3698 808 3752 τοῦ
841 3698 1024 3770 Λάρδυ
1053 3700 1473 3754 Κωνσταντίνου
1505 3698 1653 3770 οἰκίᾳ
1676 3697 1919 3767 προσρή-

2021 3706 2116 3776 qui
2156 3704 2314 3761 urbis
2351 3705 2555 3760 mrenia
2589 3705 2890 3761 servabant
2943 3704 3222 3770 custodes,
3256 3703 3409 3757 hisce
3443 3703 3608 3755 rebus

335 3805 559 3858 γνυνται
593 3806 608 3822 ο
647 3789 708 3844 ὃν
743 3790 1117 3865 διαφερόντως
1141 3793 1197 3845 ὲν
1224 3794 1337 3854 τοῖς
1380 3789 1616 3860 μάλιστα
1650 3785 1762 3859 εἶχε
1814 3803 1921 3841 πα-

2023 3795 2246 3861 auditis,
2277 3797 2505 3867 reliquas
2546 3811 2620 3856 se
2684 3795 3041 3851 tumultuanti
3103 3792 3443 3850 multitudini
3500 3791 3601 3861 ipsi

332 3881 565 3951 τρίκιον.
604 3881 906 3953 Ἐπιφανής
931 3898 991 3938 τε
1022 3885 1130 3954 γὰρ
1160 3878 1229 3955 ἦν
1278 3883 1307 3934 δ
1352 3881 1495 3952 ἀνὴρ
1554 3880 1651 3935 καὶ
1692 3880 1803 3934 τῶν
1860 3879 1919 3942 ἐς

2022 3902 2247 3960 quoque
2271 3886 2606 3944 immiscent.
2641 3886 2707 3942 Et
2742 3888 2900 3959 plebs
2951 3887 3318 3956 undequaque
3367 3899 3604 3939 concur-

340 3973 649 4044 συγκλήτου
677 3973 978 4029 τελούντων
996 3974 1196 4046 βουλὴν
1218 4018 1233 4041 ,
1261 3975 1359 4028 καὶ
1409 3976 1467 4036 ἐς
1503 3973 1564 4026 τδ
1610 3971 1920 4042 πατρικίων

2022 3996 2172 4046 rens,
2201 3988 2258 4036 et
2287 3981 2413 4035 mali
2455 3983 2578 4051 ejus
2627 3989 2955 4051 tempestate
3000 3979 3299 4042 ﬂuctuans,
3360 3977 3413 4029 in
3460 3975 3607 4029 mdes

340 4067 643 4131 autpecunia;
676 4066 814 4140 ὕψος
846 4085 862 4102 ο
901 4071 990 4123 xa‘t
1025 4070 1137 4122 τῶν
1175 4066 1329 4139 ἑῴων
1363 4066 1647 4134 κλιμάτων
1677 4065 1775 4119 τοῦ
1827 4064 1921 4135 φό-

2022 4070 2398 4136 Constantini,
2432 4071 2521 4126 cui
2547 4070 2729 4141 Lardy
2789 4085 3098 4141 cognomen
3148 4077 3287 4131 erat,
3340 4066 3607 4136 impetum

340 4174 440 4229 pou
475 4160 725 4230 ἡγήσατο
758 4175 773 4192 ο
802 4159 866 4214 ὃν
913 4160 1155 4232 ἔπαρχον
1212 4161 1322 4213 τῶν
1380 4157 1734 4230 πραιτωρίων
1800 4156 1921 4221 ἔθος

2024 4159 2201 4215 facit:
2234 4175 2397 4231 quem
2430 4161 2610 4216 virum
2642 4159 2947 4214 Mauricius
2979 4161 3126 4215 inter
3166 4153 3413 4228 reliquos
3440 4156 3632 4227 patria

353 4248 646 4319 Ῥωμαίοις
678 4250 891 4306 καλεῖν.
946 4253 1050 4307 Ἦν
1105 4252 1244 4322 δῆτα
1286 4251 1468 4306 οἰκίαν
1504 4250 1582 4320 τῷ
1638 4251 1923 4320 παμφάγῳ

2025 4253 2143 4309 cios
2174 4254 2403 4310 charum
2434 4254 2671 4311 maxime
2698 4253 2936 4309 habebat
2964 4269 2978 4307 :
3031 4254 3262 4308 illustris
3286 4251 3434 4305 enim
3469 4257 3610 4314 erat,

342 4341 677 4409 παραδόντες
707 4344 872 4414 πυρὶ,
902 4346 998 4399 καὶ
1049 4344 1326 4416 ἀλογίστῳ
1363 4344 1562 4415 θράσει
1605 4343 1924 4415 περιμανῶς

2026 4355 2085 4402 et
2135 4361 2203 4402 ex
2252 4346 2532 4416 primariis
2563 4345 2916 4402 senatoribus
2975 4360 3121 4401 unus
3164 4343 3232 4398 ad
3291 4341 3614 4413 patriciatus

341 4428 819 4504 διαπεπραγμένοι
844 4435 905 4489 τὸ
936 4435 1120 4506 ἔργού,
1149 4435 1354 4511 ᾤχοντο
1383 4432 1562 4499 αὖθις.

2034 4437 2325 4509 dignitatis
2388 4437 2791 4493 sublimitatem
2838 4446 3087 4503 evectus,
3153 4435 3377 4491 tributis
3448 4432 3611 4489 etiam

345 4527 704 4584 orientalium
736 4529 1024 4602 regionum
1058 4533 1391 4602 praepositus
1420 4544 1436 4585 :
1483 4545 1612 4589 eum
1648 4529 1918 4589 Romanis
1955 4534 2279 4604 praefectum
2310 4534 2571 4606 praetorio
2600 4535 2876 4605 appellare
2911 4550 3034 4590 mos
3071 4542 3179 4590 est.
3251 4532 3423 4604 liujus
3479 4530 3614 4604 aedi-

345 4618 453 4680 bus
517 4628 806 4684 omniroro
867 4629 979 4701 igni
1036 4629 1277 4699 traditis,
1336 4617 1633 4703 coeptoque
1700 4646 1770 4689 eo
1822 4647 1923 4703 per
1963 4633 2253 4690 audaciam
2320 4634 2538 4690 ratione
2599 4634 2749 4690 omni
2801 4643 3081 4692 carentem
3101 4631 3443 4689 lfuribunde
3491 4644 3611 4700 per-

348 4728 492 4787 acto,
533 4721 662 4779 inde
692 4726 899 4783 abiere.

1444 4802 1473 4819 -

940 4842 1194 4901 ΚΕΦΑΛ.
1225 4843 1319 4900 M'.
1871 4871 1877 4876 -
1957 4847 2011 4909 ι)

1871 4871 1877 4876 ’
1957 4847 2011 4909 D
2622 4842 2847 4900 CAPUT
2907 4840 3021 4897 XL.

348 4930 515 5009 Φυπὴ
531 4933 905 5009 μαυρικίους
939 4937 1038 4990 καί
1077 4937 1322 5009 εἴσοδος
1348 4937 1456 5009 τοῦ
1500 4938 1807 5008 τυράννου
1838 4935 1927 5004 εις

2071 4938 2325 4994 Mauricii
2361 4939 2524 5009 fuge;
2568 4937 2822 5009 aduentus
2869 4935 3087 5007 tyranni
3124 4937 3180 4989 in
3223 4935 3585 5009 imperantem

421 5003 490 5054 τὸ
506 5002 1018 5078 ⁵βιτςίαιειοείᾶσντυ
1040 5023 1055 5039 ’
1116 5008 1213 5078 καὶ
1249 5002 1924 5078 ἀναίρεσιξΜαυρικιοὺ

1896 5002 1924 5063 υ
2143 5002 2441 5078 ατὸεηι,ἐῐ
2466 5002 2720 5062 Mauricii
2761 5002 3153 5076 liberorumque
3185 5002 3509 5075 ejus’cwdes.

423 5071 525 5125 καὶ
551 5071 670 5126 τῶν
711 5074 945 5129 παίδων
966 5076 1183 5134 αὐτοῦ.

432 5186 494 5239 '0
540 5186 722 5241 τοίνυν
740 5188 1048 5259 Μαυρίκιος
1076 5189 1330 5245 ἀπειπὼν
1356 5193 1469 5255 τοῖς
1527 5190 1693 5255 ὅλοις,
1724 5190 1816 5242 καὶ
1860 5188 1933 5243 τά

2108 5191 2304 5262 Itaque
2332 5189 2654 5256 Mauricius,
2696 5188 2764 5245 de
2808 5203 3000 5244 rerum
3035 5203 3248 5255 summa
3298 5187 3616 5257 desperans,

354 5277 534 5348 πλήθη
564 5277 780 5349 βλέπων
810 5282 959 5349 μίσει
987 5282 1081 5336 τοῦ
1120 5283 1284 5353 φόνου
1335 5282 1473 5355 πρὸς
1516 5282 1610 5336 τὸν
1663 5280 1930 5350 τύραννον

2040 5292 2098 5340 et
2127 5283 2537 5339 multitudinem
2571 5282 2738 5338 cmdis
2766 5281 2895 5336 odio
2920 5281 2988 5335 ad
3033 5292 3325 5352 tyrannum
3360 5277 3623 5333 deiicien-

357 5367 759 5436 ὀλισθαίνοντα,
788 5372 954 5425 αὐτόν
982 5390 1041 5426 τε
1068 5374 1347 5444 Κυριακὸν
1375 5374 1468 5429 τὸν
1498 5375 1641 5446 μετά
1683 5374 1938 5444 Ἰωάννην

2043 5386 2177 5440 tem,
2203 5377 2494 5447 ipsumque
2521 5372 2687 5430 etiam
2710 5372 2999 5445 Cyriacum
3030 5373 3051 5443 (
3075 5373 3167 5444 qui
3202 5383 3323 5443 post
3353 5371 3620 5428 Joannem

350 5460 454 5532 τὴν
489 5461 815 5535 ίεραρχικὴν
840 5464 1000 5530 ἀξίαν
1026 5467 1432 5537 ἠμφιεσμένον,
1467 5466 1845 5540 πρεσϐύτερος
1881 5466 1941 5519 δὲ

2045 5467 2370 5537 dignitatem
2421 5467 2823 5523 hierarchicam
2879 5473 3235 5537 susceperat,
3291 5478 3415 5519 cum
3470 5460 3624 5532 prius

354 5555 450 5608 καὶ
478 5555 760 5627 οίκονόμος
784 5556 876 5610 τοῦ
929 5559 1164 5647 μεγάλου
1197 5558 1303 5612 νεὼ
1359 5559 1700 5630 ἐχρημάτιζε
1747 5561 1946 5628 πρότε-

2048 5560 2345 5634 presbyter
2383 5567 2437 5613 et
2472 5573 2793 5614 mconomus
2840 5556 3097 5612 Ecclesiae
3152 5556 3355 5626 Magnae
3410 5552 3623 5621 fuisset)

368 5664 485 5717 ρον,
517 5651 821 5720 σκώμμασι
854 5641 1138 5721 βάλλοντα,
1193 5651 1469 5721 μεσούσης
1502 5653 1694 5715 νυκτὸς
1727 5652 1824 5722 τὴν
1857 5652 1950 5722 βα-

2051 5650 2320 5708 conviciis
2352 5646 2800 5716 proscindentem
2851 5647 3068 5711 videns,
3099 5643 3166 5700 de
3228 5641 3406 5697 media
3464 5647 3627 5693 nocte

364 5739 560 5797 σίλειου
590 5743 782 5813 στολὴν
802 5744 1157 5816 ἀποθέμενος,
1182 5744 1273 5798 καὶ
1295 5743 1564 5798 ἰδιωτικὸν
1591 5744 1950 5814 περιθέμενος

2053 5739 2326 5812 imperiali
2378 5745 2641 5808 praetexta
2677 5735 2876 5807 posita,
2914 5734 3237 5807 privataque
3292 5745 3444 5789 veste
3478 5744 3629 5786 sum-
