4084 6466
500 278 608 341 407

1724 307 1773 366 Ν
1780 308 1900 369 ICE
1912 309 2146 371 PHORI
2188 314 2532 381 CALLISTI

3646 332 3757 407 £08

496 415 615 476 pta,
655 405 819 463 simul
869 426 995 467 cum
1037 416 1269 488 conjuge
1303 428 1361 475 et
1386 420 1597 490 liberis,
1652 425 1921 483 dromone
1952 445 2042 484 cor

2150 474 2156 488 ι
2187 432 2410 503 ἔνδυμα,
2433 440 2651 512 σύναμα
2675 442 2893 510 γυναικὶ
2920 444 3014 499 καὶ
3040 446 3248 513 τέκνοις
3267 448 3503 520 δρόμωνι
3532 454 3749 522 ἐπιϐὰς,

496 517 720 570 scenso,
750 507 804 560 in
848 508 1130 566 Orientem
1168 514 1459 586 profugere
1488 529 1741 586 conatur,
1795 537 1904 578 non
1959 524 2070 577 exi-

493 612 656 666 guam
694 615 881 655 secum
934 606 1184 672 pecuniae
1222 607 1331 662 vim
1378 618 1631 678 portans.
1670 608 1740 667 Et
1775 622 2067 685 postquam

491 688 552 741 in
575 690 756 743 sinum
788 692 1145 761 Nicomediae,
1172 698 1240 751 ad
1260 702 1521 769 templum
1551 704 1844 759 Autonomi
1868 716 2070 777 marty-

491 778 570 871 ris
594 780 871 852 (Samum
912 789 1211 844 vernacula
1241 791 1443 862 lingua
1505 796 1845 861 nominatur,
1903 800 2062 871 86],

487 866 974 944 ConstantinOpoli
1000 888 1184 935 autem
1213 881 1517 950 plurimum
1557 896 1778 955 centum
1805 898 1861 942 et
1904 866 2065 959 quit;

489 963 976 1047 quagintastadiis
1017 969 1194 1033 abest)
1232 975 1497 1042 venisset,
1547 987 1870 1048 tempestate
1923 995 2061 1035 saeva

466 1050 923 1112 circumvenitur
957 1075 970 1110 :
1005 1070 1061 1115 ct
1088 1072 1352 1130 praeterea
1393 1079 1657 1125 consueta
1686 1071 1793 1125 sibi
1825 1071 2060 1143 podagra

480 1145 786 1216 derepente
813 1163 1105 1221 correptus
1132 1155 1453 1224 impeditur.
1503 1159 1672 1232 Cujus
1721 1164 1897 1217 morbi
1931 1180 2060 1219 sane

479 1252 645 1305 quam
676 1239 862 1294 infelix
909 1254 1211 1311 proventus
1271 1257 1330 1302 et
1387 1250 1610 1307 ubertas
1665 1255 1928 1310 obvenire
1978 1258 2060 1312 eis

478 1327 641 1391 solet,
689 1330 782 1398 qui
836 1334 1098 1389 continue
1143 1336 1483 1407 imperialem
1542 1341 1735 1396 urbem
1787 1345 2054 1403 incolunt.

476 1417 555 1472 Ex
586 1432 654 1473 eo
686 1420 805 1476 loco
830 1421 1207 1480 Theodosium
1243 1429 1415 1483 illium
1465 1430 1531 1485 ad
1556 1431 1865 1489 Cbosr‘oem'
1891 1437 2054 1507 legat,

476 1511 573 1578 qui
624 1526 782 1580 opem
833 1514 903 1569 ab
959 1530 1026 1572 eo
1075 1528 1337 1586 peteret:
1393 1523 1556 1593 eique
1618 1525 1674 1579 in
1732 1528 2053 1583 memoriam

472 1612 782 1670 revocaret,
821 1607 971 1677 quod
994 1609 1180 1684 etipsi
1205 1611 1274 1667 de
1305 1629 1516 1670 summa
1541 1619 1692 1687 regni
1720 1620 2053 1687 periclitanti

2174 524 2400 593 φεύγειν
2430 530 2570 599 πρὸς
2600 531 2701 602 τὴν
2732 532 2858 587 Ἐω
2884 535 3224 607 διεπειρᾶτο,
3253 543 3356 594 οὐκ
3381 542 3637 614 ἐλάχιστα
3660 550 3752 600 καὶ

2169 616 2280 669 τῶν
2305 621 2607 689 χρημάτων
2634 627 3123 698 προσεΜγόμενος
3145 646 3163 665 ο
3193 633 3287 684 καὶ
3308 634 3402 686 ἐπὶ
3436 636 3522 688 τὸν
3545 636 3751 690 κόλπον

2169 704 2545 777 Νικομηδείας
2570 713 2864 782 γενόμενος
2888 719 3026 788 πρὸς
3046 720 3131 791 τῷ
3149 721 3259 791 νεῷ
3283 723 3603 794 Αύτονόμου-
3649 729 3745 781 τοῦ

2173 796 2454 886 μάρτυρος
2477 803 2705 874 (Σωρεεὶ
2731 806 2775 859 δ’
2800 810 3093 879 ἐγχωρίως.
3119 810 3468 882 ὠνόμασται,
3491 817 3661 886 διέχει
3690 820 3748 871 δὲ

2167 884 2270 950 τῆς
2297 887 2716 946 Κωνσταντίνου
2754 897 2989 961 σταδίοις
3018 900 3254 968 μάλιστα
3281 901 3474 956 ἑκατὸν
3500 884 3747 958 καῖ-πεν-

2164 977 2448 1048 τήκοντα),
2472 981 2700 1036 κλύδωνι
2729 986 2908 1057 ἀγρίῳ
2934 991 3272 1059 περιπεσὼν,
3305 992 3402 1046 καὶ
3431 995 3494 1064 τῇ
3523 994 3744 1065 συνήθει

2164 1068 2415 1143 ποδάγρα
2435 1074 2818 1148 προσϐαλούσῃ
2847 1080 3047 1151 ἁθρόον
3077 1083 3407 1153 πεδούμενος
3430 1100 3446 1116 °
3469 1082 3535 1157 ἦς
3562 1086 3625 1157 δὴ
3655 1089 3744 1140 νό-

2165 1173 2260 1209 σου
2296 1159 2523 1230 εὐθηνία
2557 1164 2867 1238 καθέστηκε
2913 1171 3184 1244 δυστυχὴς
3213 1176 3329 1238 τοίς
3374 1176 3437 1229 τὸ
3470 1176 3746 1246 βασίλειον

2163 1254 2297 1307 ἄστυ
2335 1260 2652 1314 κατοικοῦσι
2704 1261 3007 1332 διαπαντός
3042 1284 3060 1303 ο
3097 1271 3309 1323 ἐκεῖθεν
3343 1271 3627 1325 Θεοδόσιον
3654 1273 3745 1324 τὸν

2162 1347 2278 1398 υἱὸν
2309 1349 2366 1413 ἐς
2413 1351 2662 1424 Χοσρὸην
2685 1355 2969 1426 ἐξέπεμπε
3021 1362 3343 1431 συμμαχίαν
3390 1361 3557 1414 αίτῶν
3585 1377 3600 1393 ο
3650 1364 3745 1415 καὶ

2162 1440 2605 1512 ὑπομιμνήσκων
2635 1446 2709 1509 ὡς
2739 1448 2833 1501 καὶ
2863 1450 3013 1521 αὐτῷ
3035 1452 3143 1522 τὴν
3162 1452 3338 1523 ἀρχὴν
3368 1453 3741 1508 κινδυνεύοντι

2160 1533 2467 1604 Μαυρίκιος
2513 1537 2816 1592 διεσώσατο
2848 1556 2861 1569 ⁸
2893 1545 2987 1595 καὶ
3033 1544 3182 1597 ὅσιον
3218 1541 3364 1599 εῖναι
3420 1546 3741 1600 άντιταλαν-

2158 1622 2344 1678 τεύειν
2375 1626 2467 1696 τὴν
2499 1629 2681 1700 χάριν,
2723 1632 2904 1701 πάσης
2938 1634 3075 1704 ὁμοῦ
3108 1636 3212 1705 τῆς
3262 1638 3443 1702 οίκίας
3476 1640 3536 1692 ὲν
3583 1638 3743 1708 μεγί-

475 1693 770 1753 Μοιιτίοίιιε
801 1700 855 1754 id
886 1704 1251 1759 conservarit.
1286 1706 1529 1777 Aﬁquum
1560 1709 1763 1779 quippe
1789 1711 2042 1782 piumque

475 1801 593 1813 Mn
769 1792 854 1813 ε..-
912 1809 1089 1813 _-_-,-_
1388 1798 1410 1813 ρ
1538 1809 1548 1813 -
1712 1801 1747 1813 γ.

2161 1725 2271 1813 atq:
2295 1693 2649 1783 καθε-στιθσσγς
2671 1693 2674 1694 ν
2698 1693 2950 1788 masne.
2973 1693 3328 1796 ’Ἃλλὰμγᾶρ
3375 1693 3679 1798 Γερμαύδέ
3712 1730 3743 1781 ὁ

468 1801 614 1852 esse,
656 1799 715 1843 ut
769 1792 859 1845 ille
911 1809 1096 1862 parem
1159 1796 1263 1852 sibi
1324 1798 1555 1854 referret
1606 1801 1859 1871 gratiam,
1921 1819 2046 1859 cum

466 1879 591 1944 ejus
624 1879 824 1937 domus
856 1884 1022 1939 simul
1064 1890 1244 1943 omnis
1282 1888 1338 1943 in
1377 1889 1677 1945 maximum
1708 1901 1853 1947 esset
1877 1893 2051 1947 addu-

468 1978 555 2023 cta
621 1970 944 2031 discrimen.
1019 1977 1125 2033 Sed
1183 1981 1329 2035 enim
1390 1980 1715 2049 Germanus,
1746 1983 2044 2042 Theodosii

465 2061 717 2121 Mauricii
751 2067 847 2122 ﬁlii
896 2084 1077 2138 socer,
1113 2087 1240 2130 cum
1296 2074 1448 2132 velut
1498 2075 1569 2133 in.
1609 2076 1907 2148 navigium,
1967 2080 2048 2134 sic

469 2158 527 2211 in
564 2157 853 2231 imperium
884 2164 1219 2232 Romanum.
1271 2169 1439 2224 nullis
1474 2170 1666 2226 fulcris
1701 2177 1798 2226 aut
1846 2170 2047 2227 funda-

464 2253 669 2308 mentis
690 2254 903 2321 nixum,
940 2257 1247 2324 incidisset,
1280 2261 1652 2331 gubernacula
1692 2265 1812 2333 ejus
1852 2280 2043 2335 regere

465 2353 551 2397 est
586 2360 897 2416 aggressus.
924 2349 1126 2405 Verum
1172 2352 1383 2408 Prasini
1425 2354 1583 2425 (ordo
1631 2355 1723 2410 hic
1772 2366 1828 2410 et
1875 2357 2042 2414 factio

460 2435 722 2491 Romanae
752 2439 928 2506 plebis
958 2443 1076 2510 est)
1107 2458 1235 2513 spes
1264 2446 1384 2515 ejus
1437 2446 1769 2501 inciderunt.
1801 2448 2041 2505 Proinde

458 2539 517 2583 et
550 2530 667 2599 ipse
694 2547 794 2601 per
817 2532 1256 2604 desperationem
1292 2552 1496 2605 rerum,
1520 2553 1578 2593 se
1607 2539 1676 2592 ad
1707 2539 2040 2594 benevolen-

457 2624 588 2676 tiam
618 2624 833 2695 tyranni
870 2625 1106 2680 contulit
1141 2643 1156 2680 :
1201 2640 1460 2697 eumque,
1514 2628 1580 2682 ad
1633 2643 1822 2698 quem,
1869 2640 1931 2684 ut
1964 2630 2036 2684 ita

456 2712 665 2781 dicam,
698 2716 918 2770 fortuna
951 2716 1544 2782 inclinavit,adoravit.
1572 2718 1765 2775 Statim
1801 2738 2038 2793 namque

454 2808 805 2862 Prasinorum
861 2808 1026 2865 factio
1074 2809 1414 2881 imperialem
1467 2812 1672 2883 regiam
1721 2814 2034 2884 occupavit,

453 2909 516 2955 et
538 2910 775 2974 tyranno
800 2902 1173 2972 imperatoriis
1196 2903 1686 2958 acclamationibus
1736 2904 2032 2974 applausit.

455 2993 691 3060 Phocas,
715 2994 1007 3050 Theodoro
1028 2994 1266 3063 quodam
1285 2994 1408 3048 viro
1439 2993 1634 3062 insigni
1665 2996 1852 3056 misso,
1878 2994 2035 3049 urbis

2165 1801 2436 1872 κηδεστὴς
2463 1804 2748 1860 Θειδοσίου
2775 1807 2870 1862 τοῦ
2920 1813 3113 1876 παιδὸς
3147 1816 3465 1886 Μαυρικίου
3502 1819 3745 1889 ἀνερμα-

2164 1894 2336 1965 τίστῳ
2360 1896 2531 1967 πλοίῳ
2583 1900 2649 1968 τῇ
2692 1897 2941 1973 βασιλείᾳ
2986 1901 3279 1973 Ῥωμαίων
3341 1909 3739 1979 ἐντετυχηκὼς,

2160 1986 2371 2056 ταύτην
2416 1990 2767 2044 οίακίσασθαι
2815 1992 3114 2064 ἐπεχείρει.
3181 1997 3329 2051 Ἀλλ’
3373 2000 3424 2051 οἱ
3483 2001 3741 2070 Πράσινοι

2163 2075 2374 2145 (τάγμα
2402 2076 2460 2131 δὲ
2484 2079 2642 2132 τοῦτο
2679 2079 2742 2149 δή
2753 2098 2854 2150 μου
2897 2083 3211 2157 Ῥωμαίων)
3230 2088 3330 2151 τὰς
3355 2088 3577 2152 ἐλπίδας
3610 2089 3741 2144 τούν-

2160 2182 2256 2217 του
2290 2167 2579 2225 ὠῦἐλισαν.
2616 2171 2784 2227 Ὅθεν
2828 2175 3084 2229 ἀπειπὼν
3111 2178 3208 2231 καὶ
3249 2171 3425 2245 οὗτος,
3455 2182 3596 2250 πρὸς
3637 2180 3749 2252 τὴν

2159 2257 2254 2311 τοῦ
2276 2261 2543 2329 τυράννου
2573 2263 2964 2335 μετεχώρησεν
2995 2264 3213 2319 εὔνοιαν
3248 2281 3265 2298 ο
3297 2268 3395 2321 καὶ
3440 2271 3741 2337 προσκυνεῖ

2161 2349 2297 2420 πρὸς
2319 2350 2438 2423 ὃνή
2468 2353 2608 2423 τύχη
2636 2355 2713 2417 ὡς
2733 2355 2865 2419 ἔπος
2917 2358 3098 2411 εἰπεῖν
3150 2359 3546 2430 μεταϐέϐηκεν.
3575 2360 3739 2414 Λύτί-

2158 2458 2230 2497 κα
2266 2444 2376 2515 γὰρ
2404 2444 2562 2498 ὁτῶν
2617 2447 2905 2515 Πρασίνων.
2934 2448 3103 2519 δῆμος
3139 2451 3219 2513 είς
3267 2452 3459 2521 ρήγιον
3503 2452 3733 2518 γίνεται,

2156 2537 2249 2592 καὶ
2278 2538 2398 2598 ταῖς
2431 2536 2739 2606 βασιλικαῖς
2765 2540 3195 2612 κατακροτοῦσιν
3216 2544 3514 2612 εὐφημίαις
3531 2543 3622 2596 τὸν
3639 2545 3736 2598 τύ-

2156 2629 2589 2700 ραννονιΦωκᾶς
2617 2628 2662 2682 δ’
2692 2631 2748 2692 ἐς
2780 2628 2940 2693 αὖθις
2975 2632 3255 2702 Θεόδωρόν
3288 2651 3410 2686 τινα
3453 2634 3561 2689 τῶν
3614 2636 3734 2691 ἔπι·-

2156 2721 2350 2791 σήμων
2373 2718 2631 2788 πέμψας,
2656 2720 2749 2774 τόν
2781 2737 2839 2773 τε
2867 2720 2967 2792 τῆς
2998 2722 3207 2788 πόλεως
3241 2727 3395 2795 ἱερέα
3443 2727 3734 2797 (πατριάρ-

2152 2829 2255 2883 χην
2286 2810 2341 2865 δὲ
2363 2810 2554 2865 τοῦτον
2577 2811 2836 2868 είιῦθασιν
2878 2814 3216 2885 ὀνομάζειν),
3239 2820 3338 2869 καὶ
3374 2818 3437 2870 τὸ
3460 2819 3555 2871 τοῦ
3594 2820 3727 2874 λαοῦ

2151 2904 2424 2974 ἔκκριτον,
2460 2905 2883 2974 μεταστέλλεται
2921 2921 2937 2937 ·
2970 2907 3021 2960 οἳ
3046 2906 3112 2978 δὴ
3155 2909 3252 2962 καὶ
3273 2912 3333 2962 ὲν
3365 2910 3442 2980 τῷ
3486 2910 3732 2982 Ἑϐδόμῳ

2149 2996 2432 3066 λεγομένῳ
2455 2996 2548 3051 τοῦ
2570 2997 2892 3050 Βαπτιστοῦ.
2926 2998 3177 3053 Ἰωάννου
3206 3001 3333 3070 νεῷ.
3355 3002 3416 3054 τὸ
3435 3003 3531 3067 τῆς
3564 3004 3728 3055 αὐτοι-

452 3087 767 3142 antistitem
812 3085 1210 3156 (patriarcbam
1258 3085 1408 3140 hunc
1460 3086 1740 3155 appellare
1785 3086 2035 3139 homines

2150 3091 2443 3159 xparopia,
2468 3090 2707 3159 διάδημα
2734 3089 3171 3161 τῷπαλαμναίῳ
3210 3092 3339 3163 θηρὶ
3374 3095 3730 3162 περιϐάλλους-

452 3178 602 3234 soliti
637 3179 789 3248 sunt)
820 3190 876 3234 et
913 3180 1103 3249 populi
1134 3175 1382 3235 delectos
1415 3179 1636 3234 accivit.
1675 3177 1780 3246 Qui
1816 3193 1942 3233 cum
1973 3179 2027 3233 in

453 3272 663 3341 templo
690 3272 921 3327 Joannis
956 3271 1231 3340 Baptistae,
1264 3272 1316 3326 in
1347 3287 1413 3327 ea
1452 3271 1767 3327 suburbana
1797 3270 2038 3326 civitatis

455 3373 613 3437 parte
642 3380 764 3434 quae
796 3364 1104 3433 Septimum
1151 3365 1377 3430 dicitur,
1408 3366 1824 3431 convenissent,
1877 3380 2039 3419 coro-

452 3471 582 3512 nam
623 3456 1036 3526 imperatoriam
1071 3457 1347 3525 pestiferae
1381 3456 1580 3512 bellum
1625 3455 2032 3524 imposuerunt.

453 3555 631 3623 Atque
671 3551 762 3605 ille
791 3568 822 3604 e
849 3550 1080 3621 vestigio
1106 3559 1369 3621 apparatu
1418 3548 1681 3617 praeclaro
1709 3549 2032 3619 Byzantium

452 3642 799 3713 ingreditur,
828 3657 1025 3695 aurum
1067 3640 1134 3694 ad
1173 3641 1351 3695 instar
1382 3638 1578 3719 imbris
1624 3639 1834 3709 ubique
1876 3654 2036 3707 Spar-

452 3751 607 3807 gens,
637 3743 693 3791 et
710 3734 1001 3807 Byzantios
1019 3736 1175 3790 cives
1196 3749 1261 3789 ea
1294 3731 1677 3786 muniﬁcentia
1716 3731 1771 3784 in
1805 3731 2034 3785 introitu

451 3845 553 3883 suo
604 3829 945 3885 exhilarans.
1006 3829 1202 3883 Postea
1263 3841 1408 3881 vero.
1457 3814 1745 3879 L'eontiam
1813 3839 2035 3894 quoque

453 3937 678 3977 uxorem
707 3925 1005 3995 Augusmm
1034 3918 1416 3985 renuntiat,et
1440 3916 1729 3987 splendido
1754 3916 2035 3985 triumpho

452 4013 507 4068 in
547 4012 728 4067 aulam
764 4012 1101 4081 impcrialem
1140 4010 1387 4065 deducit.
1453 4009 1626 4063 Porro
1665 4023 1790 4061 cum
1846 4007 2035 4079 populi

451 4105 723 4159 factiones
760 4103 998 4172 graviter
1021 4103 1166 4158 odiis
1197 4103 1342 4158 inter
1377 4116 1438 4159 se
1464 4100 1834 4168 decertarent,
1863 4101 2035 4158 altera

448 4209 641 4247 earum
683 4195 769 4263 (l)'
803 4194 964 4264 vu'go
994 4180 1198 4247 dixisse
1228 4194 1404 4248 fertur
1437 4209 1450 4245 :
1500 4210 1520 4241 ε
1575 4191 1745 4256 Vade,
1794 4206 2035 4260 praesen-

452 4296 561 4337 tem
597 4299 782 4340 rerum
812 4294 1013 4337 statum
1048 4298 1361 4351 cognosce:
1389 4282 1684 4336 Mauricius
1722 4281 1870 4334 enim
1896 4297 2035 4335 non-

448 4378 581 4430 dum
608 4387 862 4432 mortuus
886 4384 991 4431 est.
1029 4393 1046 4425 ι
1082 4376 1295 4441 Quibus
1325 4375 1508 4431 verbis
1542 4382 1811 4442 tyrannus
1862 4389 2034 4428 exaur-

2140 3196 2216 3235 σι·
2256 3183 2349 3235 καὶ
2374 3180 2437 3244 ὃς.
2465 3182 2667 3234 αὖτίκα
2697 3186 2973 3251 περιφανῆ
2994 3183 3093 3255 τὴν
3106 3184 3310 3238 εἴσοδον
3339 3187 3398 3248 ἐς
3433 3186 3726 3249 Βυζάντιον

2139 3271 2347 3339 τίθησι,
2383 3271 2587 3341 χρυσὸν
2633 3271 2903 3324 πάντοθεν
2932 3273 3184 3339 ὐετίζων,
3240 3274 3492 3341 ἀγάλλων
3527 3274 3728 3339 Βυζαν-

2140 3347 2290 3427 τίους
2318 3364 2610 3434 ὲπεισοδίῳ
2647 3367 2711 3434 τῇ
2751 3366 2961 3435 χάριτι.
2996 3367 3227 3420 Ἔπειτα
3264 3367 3323 3420 δὲ
3355 3370 3444 3421 καὶ
3472 3368 3573 3436 τὴν
3624 3384 3726 3435 γα.-

2145 3459 2317 3530 μετὴν
2347 3458 2607 3512 Λεοντίαν
2650 3461 2910 3527 ἐπιφανεῖ
2957 3460 3216 3531 θριάμϐῳ
3246 3460 3594 3529 ἀναγορεύει,
3635 3461 3729 3514 καὶ

2144 3555 2376 3625 μετάγει
2398 3554 2533 3622 πρὸς
2554 3552 2622 3604 τὰ
2653 3552 2926 3621 βασίλεια.
2995 3552 3453 3607 Χαλεπαινὸντων
3493 3555 3550 3607 δὲ
3589 3556 3726 3625 πρὸς

2137 3644 2402 3716 ἀλλήλους
2425 3644 2533 3696 τῶν
2560 3643 2771 3714 δήμων,
2807 3645 3096 3708 ἰδιωτικῶς
3117 3643 3300 3709 οὕτως.
3320 3647 3500 3699 εἰπεῖν
3531 3647 3727 3717 ἅτερος

2138 3736 2358 3804 λέγεται
2388 3751 2405 3765 ο
2440 3753 2459 3786 ι
2492 3736 2735 3805 Ὕπαγε,
2766 3736 2904 3807 μάθε
2952 3735 3053 3808 τὴν
3097 3739 3438 3791 κατάστασιν
3471 3753 3486 3769 ο
3521 3738 3729 3809 Meropi-

2142 3847 2261 3892 κιος
2297 3827 2407 3898 γὰρ
2467 3829 2567 3880 οὐκ
2607 3829 2899 3882 ἀπέθανεν.
2942 3847 2961 3881 ›
2999 3823 3102 3881 Ὧν
3153 3829 3447 3893 διακούσας
3475 3832 3503 3883 ὀ
3531 3830 3727 3900 τύρανν-

2138 3939 2249 3984 νος,
2282 3921 2417 3974 τότε.
2439 3921 2537 3989 μὲν
2566 3921 2737 3973 ἔπαυε
2798 3920 3243 3975 καθυλακτοῦντα
3294 3923 3361 3976 τὰ
3393 3923 3571 3993 πλήθη
3610 3936 3624 3951 ⁶
3656 3925 3724 3993 τῇ

2138 4015 2194 4069 δὲ
2236 4013 2628 4084 ὲπιούσῃπρδς
2654 4014 2748 4068 τὸν
2778 4013 3094 4085 Μαυρικίου
3116 4015 3276 4084 φόνον
3310 4013 3724 4086 ἐξεϐακχεύετο.

2157 4106 2402 4160 Ἐκεῖθεν
2424 4106 2610 4160 τοίνυν
2641 4105 2805 4161 αὐτὸν
2848 4106 3068 4177 σύναμα
3100 4109 3325 4176 γυναικὶ
3372 4107 3466 4161 καὶ
3512 4106 3725 4169 τέκνοις

2141 4199 2464 4266 ἀναγαγὼν,
2500 4200 2597 4252 καὶ
2627 4198 2914 4267 Θεοδοσίου
2957 4203 3231 4266 συνόντος,
3256 4202 3374 4263 ταῖς
3415 4200 3517 4268 τῆς
3560 4198 3728 4252 ποδά-

2140 4307 2283 4361 γρας
2316 4293 2410 4344 καὶ
2438 4293 2745 4362 χειράγρας
2776 4292 3155 4362 περιωδινίαις
3189 4291 3540 4362 βαλλόμενον,
3579 4291 3727 4344 ἀντι-

2139 4385 2318 4455 πέραν
2348 4384 2448 4453 τῆς
2499 4384 2937 4450 Κωνσταντίνου,
2972 4383 3104 4438 ἔνθα
3131 4383 3475 4454 Χαλιυηδὸνος
3501 4382 3618 4435 ἔστι
3665 4380 3728 4433 τὸ

448 4470 600 4533 ditis,
629 4479 742 4524 tum
780 4470 1002 4539 quidem
1040 4468 1458 4523 multitudinem
1481 4466 1854 4520 oblatrantem
1879 4482 2000 4521 com

2150 4477 2407 4547 πόλισμα,
2443 4476 2526 4538 είς
2556 4475 2645 4529 τὸν
2669 4475 2976 4546 Εὐτροπίου
3003 4474 3221 4545 λιμένα,
3252 4474 3447 4545 πρῶτα
3482 4472 3583 4542 μὲν
3602 4471 3729 4535 τοὺς

450 4565 664 4633 poscuit
695 4581 707 4616 :
739 4572 959 4633 postera
999 4572 1183 4617 autem
1211 4561 1302 4615 die
1355 4568 1502 4614 totus
1533 4557 1601 4610 ad
1634 4557 1835 4611 aedem
1873 4556 2030 4613 Mau-

453 4657 594 4719 ricii,
629 4634 989 4710 veluti‘furiis
1038 4650 1372 4724 quibusdam
1429 4655 1629 4718 raptus
1684 4657 1788 4702 est.
1842 4648 2031 4718 Itaque

449 4748 601 4805 illum
623 4764 747 4802 cum
771 4748 1027 4817 podagrae
1049 4756 1104 4800 et
1124 4730 1391 4813 chiragraa
1415 4741 1700 4795 doloribus
1716 4738 2032 4795 conflictan-

453 4854 584 4905 tcm,
611 4859 679 4897 ex
704 4857 771 4898 eo
799 4858 962 4913 quem
998 4842 1245 4895 diximus
1275 4840 1425 4901 sinu,
1480 4852 1587 4890 una
1615 4851 1740 4891 cum
1799 4836 2033 4907 conjuge

446 4945 503 4988 et
530 4935 740 4995 liberis,
781 4935 926 4986 inter
959 4947 1100 5001 quos
1126 4931 1292 4985 etiam
1339 4928 1683 4984 Theodosius
1713 4942 1778 4982 ex
1832 4927 2033 4980 itinere

449 5026 745 5095 legationis
774 5034 1045 5078 retractus
1069 5031 1207 5087 erat,
1237 5036 1270 5076 e
1301 5026 1524 5093 regione
1553 5019 2030 5089 Constantinopoli

451 5119 546 5175 ubi
589 5116 1062 5170 Chalcedonensis
1086 5116 1281 5172 civitas
1321 5125 1427 5181 est,
1464 5115 1629 5191 862
1666 5114 1719 5173 iu
1776 5112 2029 5182 Eutropii

450 5220 677 5279 portum
747 5209 1048 5263 traduxit:
1100 5218 1162 5263 et
1202 5209 1441 5279 primum
1502 5208 1705 5261 liberos
1765 5205 1920 5274 ipsos
1976 5206 2045 5257 iu.

448 5309 758 5371 conspectu
811 5301 984 5373 patris
1042 5302 1271 5366 occidit,
1350 5292 1415 5354 in'
1465 5314 1702 5369 quorum
1761 5299 2034 5371 cujusque

450 5396 603 5449 caede
632 5396 799 5449 verba
837 5394 929 5448 illa
963 5403 1118 5465 pater
1144 5394 1375 5467 protulit
1400 5409 1415 5446 :
1444 5393 1628 5447 Justus
1656 5408 1732 5453 es,
1787 5389 2034 5454 Domine,

449 5499 500 5542 et
523 5490 733 5561 justum
766 5489 1031 5560 judicium
1052 5501 1221 5547 tuum.
1254 5488 1465 5544 Deinde
1492 5502 1625 5542 vero
1648 5495 1705 5540 et
1736 5486 1852 5555 ipse
1878 5483 2035 5538 Mau-

452 5582 623 5640 ricius
650 5582 1021 5638 resectionem
1062 5585 1261 5653 capitis
1307 5582 1611 5645 sustinens,
1663 5581 1810 5635 ferro
1857 5591 2035 5633 caesus

514 5758 591 5824 ιιι
625 5759 808 5817 Factio
854 5761 984 5827 lucc
1019 5764 1355 5820 Venetorum
1405 5763 1542 5819 fuit..

2140 4568 2339 4628 παῖδας
2374 4567 2464 4621 ἐπ’
2503 4567 2673 4638 ὕψεσι.
2703 4567 2800 4623 τοῦ
2855 4567 3062 4639 πατρὸς
3090 4567 3455 4635 ἀποσφάττει,
3511 4564 3596 4631 ἐφ’
3648 4564 3729 4617 ἑνὶ

2137 4658 2354 4729 ἑκάστῳ
2382 4656 2476 4711 τοῦ
2498 4658 2704 4729 πατρὸς
2734 4642 3079 4726 ἐπιλέγοντος
3103 4674 3117 4690 ·
3150 4657 3390 4722 Δίκαιος
3417 4655 3492 4718 εἴ,
3519 4654 3726 4722 Κύριε,

2139 4752 2235 4803 καὶ
2255 4750 2461 4804 δικαία
2487 4753 2526 4821 ἡ
2553 4753 2751 4819 κρίσις
2775 4767 2906 4813 ,σου
2940 4767 2955 4783 ο
2985 4754 3042 4815 ές
3066 4751 3292 4821 ὕστερον
3332 4751 3389 4804 δὲ
3423 4749 3520 4803 καὶ
3565 4747 3729 4811 αὐτὸς

2140 4842 2331 4911 ξίφους
2370 4844 2626 4912 ἐντάφιον
2680 4844 2860 4898 εἶτουν
2925 4843 3306 4915 παρανάλωμα
3355 4842 3588 4911 γίνεται,
3627 4840 3728 4910 τὴν

2136 4931 2380 5003 ἐκτομὴν
2410 4931 2509 5001 τῆς
2562 4932 2811 5003 κεφαλῆς
2853 4934 3118 5000 ὑποστάς,
3174 4930 3728 5004 προσεπιδειξάμενος

2138 5024 2238 5094 τὴν
2265 5023 2463 5096 ἀρετὴν
2487 5026 2547 5077 ὲν
2577 5025 2657 5097 τῷ
2705 5027 2930 5097 μεγέθει
2959 5025 3061 5096 τῆς
3105 5025 3413 5096 συμφορᾶς.
3449 5023 3564 5092 Τῆς
3611 5022 3725 5092 γὰρ

2118 5117 2372 5197 ¹τιθήνης
2401 5118 2509 5170 τῶν
2531 5119 2742 5172 παίδων
2770 5117 2829 5175 ἓν
2867 5117 3253 5189 ὑποκλεψάσης
3286 5116 3398 5170 τῶν
3429 5113 3727 5185 βασιλικῶν

2144 5210 2470 5281 μειρακίων,
2500 5210 2595 5264 καὶ
2628 5212 2689 5263 τὸ
2720 5212 2919 5280 εαυτῆς
2949 5209 3258 5279 ὑπομάζιον
3296 5209 3431 5277 πρδς
3454 5207 3555 5276 τὴν
3585 5222 3728 5274 σφω’

2140 5304 2245 5373 γὴν
2298 5303 2657 5374 ἐκδιδούσης,
2719 5303 2814 5358 τὸν
2867 5301 3176 5372 Μαυρίκιον
3233 5298 3594 5371 παρεστῶτα,
3660 5297 3725 5348 τὸ

2140 5395 2458 5466 ἀπόρρητον
2477 5395 2577 5465 τῆς
2606 5393 2930 5466 άποκρυϐἧς
2965 5394 3124 5462 λόγος
3182 5392 3568 5460 καταμηνύσαι
3608 5388 3725 5451 τοῖς

2141 5486 2452 5554 φοιθευταῖς,
2480 5485 2554 5556 μὴ
2587 5485 2796 5539 δίκαιον
2815 5485 3175 5553 λογισάμενον
3204 5478 3346 5536 εἶναι
3371 5481 3528 5534 ἄλλον
3565 5476 3729 5530 κολά·

2141 5578 2543 5646 ζεσθαι,αὐτὺν
2566 5579 2673 5632 ὑπὸ
2712 5578 2848 5633 Θεοῦ
2890 5577 3328 5650 τιμωρούμενον.
3380 5567 3455 5627 Οὗ
3513 5571 3580 5642 δὴ
3629 5569 3726 5625 καὶ
