  <div class='ocr_page' id='page_1' title='image "/cluster/home/n/w/nwhite01/storage/ocr_20150623/147:no.3/coo.31924054870526/212.png"; bbox 0 0 4084 6452; ppageno 0'>
   <div class='ocr_carea' id='block_1_1' title="bbox 340 301 3609 390">
    <p class='ocr_par' dir='ltr' id='par_1_1' title="bbox 340 301 3609 390">
     <span class='ocr_line' id='line_1_1' title="bbox 340 301 3609 390; baseline 0.007 -26"><span class='ocrx_word' id='word_1_1' title='bbox 340 301 442 364; x_wconf 72' lang='grc' dir='ltr'><strong>ιιιο</strong></span> <span class='ocrx_word' id='word_1_2' title='bbox 1192 309 1792 369; x_wconf 60' lang='lat' dir='ltr'><strong>ECCLESIAS’FICAE</strong></span> <span class='ocrx_word' id='word_1_3' title='bbox 1838 311 2228 373; x_wconf 73' lang='lat' dir='ltr'><strong>HISTORle</strong></span> <span class='ocrx_word' id='word_1_4' title='bbox 2271 317 2419 379; x_wconf 84' lang='lat' dir='ltr'><strong>LIB.</strong></span> <span class='ocrx_word' id='word_1_5' title='bbox 2455 321 2676 381; x_wconf 75' lang='lat' dir='ltr'><strong>XVIII.</strong></span> <span class='ocrx_word' id='word_1_6' title='bbox 3498 326 3609 390; x_wconf 55' lang='lat' dir='ltr'><strong>“ff</strong></span> 
     </span>
    </p>
   </div>
   <div class='ocr_carea' id='block_1_2' title="bbox 346 417 1951 500">
    <p class='ocr_par' dir='ltr' id='par_1_2' title="bbox 346 417 1951 494">
     <span class='ocr_line' id='line_1_2' title="bbox 346 417 1951 494; baseline 0.002 -24"><span class='ocrx_word' id='word_1_7' title='bbox 346 420 738 487; x_wconf 70' lang='grc' dir='ltr'><strong>σφαττομένου,</strong></span> <span class='ocrx_word' id='word_1_8' title='bbox 761 417 882 474; x_wconf 76' lang='grc' dir='ltr'><strong>ἀντὶ</strong></span> <span class='ocrx_word' id='word_1_9' title='bbox 913 419 1199 490; x_wconf 71' lang='grc' dir='ltr'><strong>αἵματοςή</strong></span> <span class='ocrx_word' id='word_1_10' title='bbox 1254 419 1436 489; x_wconf 85' lang='grc' dir='ltr'><strong>σφαγὴ</strong></span> <span class='ocrx_word' id='word_1_11' title='bbox 1471 420 1614 487; x_wconf 62' lang='grc' dir='ltr'><strong>γάλα</strong></span> <span class='ocrx_word' id='word_1_12' title='bbox 1650 422 1918 489; x_wconf 77' lang='grc' dir='ltr'><strong>προήνεγ-</strong></span> <span class='ocrx_word' id='word_1_13' title='bbox 1949 488 1951 494; x_wconf 19' lang='grc' dir='ltr'><em>Α</em></span> 
     </span>
    </p>
   </div>
   <div class='ocr_carea' id='block_1_3' title="bbox 2055 417 3609 500">
    <p class='ocr_par' dir='ltr' id='par_1_3' title="bbox 2059 429 3609 500">
     <span class='ocr_line' id='line_1_3' title="bbox 2059 429 3609 500; baseline 0.006 -20"><span class='ocrx_word' id='word_1_14' title='bbox 2059 429 2304 490; x_wconf 85' lang='lat' dir='ltr'><strong>ccnbuit,</strong></span> <span class='ocrx_word' id='word_1_15' title='bbox 2340 436 2561 500; x_wconf 62' lang='lat' dir='ltr'><strong>egregia</strong></span> <span class='ocrx_word' id='word_1_16' title='bbox 2595 433 2760 486; x_wconf 88' lang='lat' dir='ltr'><strong>animi</strong></span> <span class='ocrx_word' id='word_1_17' title='bbox 2799 434 3002 488; x_wconf 81' lang='lat' dir='ltr'><strong>virtute</strong></span> <span class='ocrx_word' id='word_1_18' title='bbox 3039 435 3090 488; x_wconf 85' lang='lat' dir='ltr'><strong>in</strong></span> <span class='ocrx_word' id='word_1_19' title='bbox 3127 452 3342 490; x_wconf 76' lang='lat' dir='ltr'><strong>summa</strong></span> <span class='ocrx_word' id='word_1_20' title='bbox 3365 453 3429 490; x_wconf 82' lang='lat' dir='ltr'><strong>ea</strong></span> <span class='ocrx_word' id='word_1_21' title='bbox 3458 439 3609 490; x_wconf 59' lang='lat' dir='ltr'><strong>calav</strong></span> 
     </span>
    </p>
   </div>
   <div class='ocr_carea' id='block_1_4' title="bbox 343 509 1951 596">
    <p class='ocr_par' dir='ltr' id='par_1_4' title="bbox 343 509 1919 588">
     <span class='ocr_line' id='line_1_4' title="bbox 343 509 1919 588; baseline 0.003 -28"><span class='ocrx_word' id='word_1_22' title='bbox 343 525 428 588; x_wconf 77' lang='grc' dir='ltr'><strong>κε.</strong></span> <span class='ocrx_word' id='word_1_23' title='bbox 470 511 579 563; x_wconf 75' lang='grc' dir='ltr'><strong>Καὶ</strong></span> <span class='ocrx_word' id='word_1_24' title='bbox 599 509 742 564; x_wconf 80' lang='grc' dir='ltr'><strong>οὕτω</strong></span> <span class='ocrx_word' id='word_1_25' title='bbox 772 511 872 580; x_wconf 79' lang='grc' dir='ltr'><strong>μὲν</strong></span> <span class='ocrx_word' id='word_1_26' title='bbox 901 515 928 564; x_wconf 94' lang='lat'><strong>6</strong></span> <span class='ocrx_word' id='word_1_27' title='bbox 960 513 1212 580; x_wconf 81' lang='grc' dir='ltr'><strong>βασιλεὺς</strong></span> <span class='ocrx_word' id='word_1_28' title='bbox 1237 512 1418 580; x_wconf 86' lang='grc' dir='ltr'><strong>νόμων</strong></span> <span class='ocrx_word' id='word_1_29' title='bbox 1467 511 1685 578; x_wconf 79' lang='grc' dir='ltr'><strong>φύσεως</strong></span> <span class='ocrx_word' id='word_1_30' title='bbox 1730 515 1919 580; x_wconf 78' lang='grc' dir='ltr'><strong>φανεὶς</strong></span> 
     </span>
    </p>
   </div>
   <div class='ocr_carea' id='block_1_5' title="bbox 2055 509 3614 596">
    <p class='ocr_par' dir='ltr' id='par_1_5' title="bbox 2055 520 3614 596">
     <span class='ocr_line' id='line_1_5' title="bbox 2055 520 3614 596; baseline 0.008 -26"><span class='ocrx_word' id='word_1_31' title='bbox 2055 520 2218 573; x_wconf 85' lang='lat' dir='ltr'><strong>nitate</strong></span> <span class='ocrx_word' id='word_1_32' title='bbox 2253 524 2522 579; x_wconf 76' lang='lat' dir='ltr'><strong>exhibita.</strong></span> <span class='ocrx_word' id='word_1_33' title='bbox 2569 525 2704 580; x_wconf 90' lang='lat' dir='ltr'><strong>Cum</strong></span> <span class='ocrx_word' id='word_1_34' title='bbox 2740 541 2977 596; x_wconf 88' lang='lat' dir='ltr'><strong>namque</strong></span> <span class='ocrx_word' id='word_1_35' title='bbox 3038 529 3340 582; x_wconf 87' lang='lat' dir='ltr'><strong>liberorum</strong></span> <span class='ocrx_word' id='word_1_36' title='bbox 3398 529 3614 594; x_wconf 75' lang='lat' dir='ltr'><strong>nutrix,</strong></span> 
     </span>
    </p>
   </div>
   <div class='ocr_carea' id='block_1_6' title="bbox 343 599 1951 690">
    <p class='ocr_par' dir='ltr' id='par_1_6' title="bbox 343 599 1920 680">
     <span class='ocr_line' id='line_1_6' title="bbox 343 599 1920 680; baseline 0.004 -30"><span class='ocrx_word' id='word_1_37' title='bbox 343 599 776 672; x_wconf 75' lang='grc' dir='ltr'><strong>καθυπέρτερος,</strong></span> <span class='ocrx_word' id='word_1_38' title='bbox 800 603 891 655; x_wconf 83' lang='grc' dir='ltr'><strong>τὸν</strong></span> <span class='ocrx_word' id='word_1_39' title='bbox 923 603 1039 671; x_wconf 81' lang='grc' dir='ltr'><strong>βίον</strong></span> <span class='ocrx_word' id='word_1_40' title='bbox 1101 602 1458 680; x_wconf 78' lang='grc' dir='ltr'><strong>μετῄλλαττε,</strong></span> <span class='ocrx_word' id='word_1_41' title='bbox 1486 603 1658 673; x_wconf 83' lang='grc' dir='ltr'><strong>ζήσας</strong></span> <span class='ocrx_word' id='word_1_42' title='bbox 1696 604 1796 670; x_wconf 75' lang='grc' dir='ltr'><strong>μὲν</strong></span> <span class='ocrx_word' id='word_1_43' title='bbox 1849 604 1920 656; x_wconf 85' lang='grc' dir='ltr'><strong>τὰ</strong></span> 
     </span>
    </p>
   </div>
   <div class='ocr_carea' id='block_1_7' title="bbox 2055 599 3607 690">
    <p class='ocr_par' dir='ltr' id='par_1_7' title="bbox 2055 610 3607 690">
     <span class='ocr_line' id='line_1_7' title="bbox 2055 610 3607 690; baseline 0.008 -28"><span class='ocrx_word' id='word_1_44' title='bbox 2055 610 2237 666; x_wconf 78' lang='lat' dir='ltr'><strong>nfante</strong></span> <span class='ocrx_word' id='word_1_45' title='bbox 2303 631 2411 678; x_wconf 85' lang='lat' dir='ltr'><strong>uno</strong></span> <span class='ocrx_word' id='word_1_46' title='bbox 2479 617 2750 686; x_wconf 74' lang='lat' dir='ltr'><strong>imperiali</strong></span> <span class='ocrx_word' id='word_1_47' title='bbox 2820 622 3138 688; x_wconf 89' lang='lat' dir='ltr'><strong>subtracto,</strong></span> <span class='ocrx_word' id='word_1_48' title='bbox 3203 638 3434 689; x_wconf 89' lang='lat' dir='ltr'><strong>puerum</strong></span> <span class='ocrx_word' id='word_1_49' title='bbox 3491 622 3607 690; x_wconf 83' lang='lat' dir='ltr'><strong>ipsa</strong></span> 
     </span>
    </p>
   </div>
   <div class='ocr_carea' id='block_1_8' title="bbox 344 691 1951 781">
    <p class='ocr_par' dir='ltr' id='par_1_8' title="bbox 344 691 1922 765">
     <span class='ocr_line' id='line_1_8' title="bbox 344 691 1922 765; baseline 0.005 -23"><span class='ocrx_word' id='word_1_50' title='bbox 344 691 524 745; x_wconf 77' lang='grc' dir='ltr'><strong>πάντα</strong></span> <span class='ocrx_word' id='word_1_51' title='bbox 560 692 654 764; x_wconf 78' lang='grc' dir='ltr'><strong>ἔτη</strong></span> <span class='ocrx_word' id='word_1_52' title='bbox 690 696 814 763; x_wconf 83' lang='grc' dir='ltr'><strong>τρία</strong></span> <span class='ocrx_word' id='word_1_53' title='bbox 845 696 980 765; x_wconf 71' lang='grc' dir='ltr'><strong>πρδς</strong></span> <span class='ocrx_word' id='word_1_54' title='bbox 1040 699 1153 759; x_wconf 81' lang='grc' dir='ltr'><strong>τοῖς</strong></span> <span class='ocrx_word' id='word_1_55' title='bbox 1189 695 1492 764; x_wconf 77' lang='grc' dir='ltr'><strong>ἑξήκοντα·</strong></span> <span class='ocrx_word' id='word_1_56' title='bbox 1518 693 1722 748; x_wconf 87' lang='grc' dir='ltr'><strong>τούτων</strong></span> <span class='ocrx_word' id='word_1_57' title='bbox 1748 695 1807 748; x_wconf 80' lang='grc' dir='ltr'><strong>δὲ</strong></span> <span class='ocrx_word' id='word_1_58' title='bbox 1852 698 1922 750; x_wconf 82' lang='grc' dir='ltr'><strong>τὰ</strong></span> 
     </span>
    </p>
   </div>
   <div class='ocr_carea' id='block_1_9' title="bbox 2055 691 3607 781">
    <p class='ocr_par' dir='ltr' id='par_1_9' title="bbox 2061 703 3607 781">
     <span class='ocr_line' id='line_1_9' title="bbox 2061 703 3607 781; baseline 0.008 -29"><span class='ocrx_word' id='word_1_59' title='bbox 2061 717 2190 756; x_wconf 91' lang='lat' dir='ltr'><strong>num</strong></span> <span class='ocrx_word' id='word_1_60' title='bbox 2220 703 2402 761; x_wconf 84' lang='lat' dir='ltr'><strong>Iaclen</strong></span> <span class='ocrx_word' id='word_1_61' title='bbox 2430 722 2516 761; x_wconf 89' lang='lat' dir='ltr'><strong>em</strong></span> <span class='ocrx_word' id='word_1_62' title='bbox 2551 709 2616 762; x_wconf 85' lang='lat' dir='ltr'><strong>ad</strong></span> <span class='ocrx_word' id='word_1_63' title='bbox 2662 712 2862 765; x_wconf 74' lang='lat' dir='ltr'><strong>eaedem</strong></span> <span class='ocrx_word' id='word_1_64' title='bbox 2915 715 3254 781; x_wconf 81' lang='lat' dir='ltr'><strong>protulisset,</strong></span> <span class='ocrx_word' id='word_1_65' title='bbox 3285 713 3607 768; x_wconf 80' lang='lat' dir='ltr'><strong>Mauricium</strong></span> 
     </span>
    </p>
   </div>
   <div class='ocr_carea' id='block_1_10' title="bbox 344 781 1951 876">
    <p class='ocr_par' dir='ltr' id='par_1_10' title="bbox 344 781 1289 856">
     <span class='ocr_line' id='line_1_10' title="bbox 344 781 1289 856; baseline 0.01 -24"><span class='ocrx_word' id='word_1_66' title='bbox 344 781 514 836; x_wconf 69' lang='grc' dir='ltr'><strong>εἴκοσι</strong></span> <span class='ocrx_word' id='word_1_67' title='bbox 557 783 861 854; x_wconf 81' lang='grc' dir='ltr'><strong>διαπρέψας</strong></span> <span class='ocrx_word' id='word_1_68' title='bbox 892 787 950 839; x_wconf 84' lang='grc' dir='ltr'><strong>ὲν</strong></span> <span class='ocrx_word' id='word_1_69' title='bbox 994 788 1061 856; x_wconf 84' lang='grc' dir='ltr'><strong>τῇ</strong></span> <span class='ocrx_word' id='word_1_70' title='bbox 1111 789 1289 856; x_wconf 80' lang='grc' dir='ltr'><strong>ἀρχῇ.</strong></span> 
     </span>
    </p>
   </div>
   <div class='ocr_carea' id='block_1_11' title="bbox 2055 781 3610 876">
    <p class='ocr_par' dir='ltr' id='par_1_11' title="bbox 2055 803 3610 876">
     <span class='ocr_line' id='line_1_11' title="bbox 2055 803 3610 876; baseline 0.008 -31"><span class='ocrx_word' id='word_1_71' title='bbox 2055 805 2304 850; x_wconf 43' lang='lat' dir='ltr'><strong>{stantem</strong></span> <span class='ocrx_word' id='word_1_72' title='bbox 2357 803 2775 867; x_wconf 85' lang='lat' dir='ltr'><strong>percussoribus</strong></span> <span class='ocrx_word' id='word_1_73' title='bbox 2807 819 3067 858; x_wconf 90' lang='lat' dir='ltr'><strong>arcanum</strong></span> <span class='ocrx_word' id='word_1_74' title='bbox 3128 807 3405 876; x_wconf 81' lang='lat' dir='ltr'><strong>suppressi</strong></span> <span class='ocrx_word' id='word_1_75' title='bbox 3455 806 3610 872; x_wconf 87' lang='lat' dir='ltr'><strong>pueri</strong></span> 
     </span>
    </p>
   </div>
   <div class='ocr_carea' id='block_1_12' title="bbox 344 874 3615 969">
    <p class='ocr_par' dir='ltr' id='par_1_12' title="bbox 344 874 3615 969">
     <span class='ocr_line' id='line_1_12' title="bbox 344 874 3615 969; baseline 0.007 -43"><span class='ocrx_word' id='word_1_76' title='bbox 344 874 429 927; x_wconf 84' lang='lat' dir='ltr'><strong>sui</strong></span> <span class='ocrx_word' id='word_1_77' title='bbox 482 876 778 932; x_wconf 81' lang='lat' dir='ltr'><strong>consilium</strong></span> <span class='ocrx_word' id='word_1_78' title='bbox 832 877 1104 934; x_wconf 79' lang='lat' dir='ltr'><strong>indicasse</strong></span> <span class='ocrx_word' id='word_1_79' title='bbox 1158 879 1346 936; x_wconf 83' lang='lat' dir='ltr'><strong>ferunt</strong></span> <span class='ocrx_word' id='word_1_80' title='bbox 1403 898 1419 935; x_wconf 90' lang='lat'><strong>:</strong></span> <span class='ocrx_word' id='word_1_81' title='bbox 1467 880 1616 949; x_wconf 90' lang='lat' dir='ltr'><strong>quod</strong></span> <span class='ocrx_word' id='word_1_82' title='bbox 1682 881 1909 936; x_wconf 86' lang='lat' dir='ltr'><strong>minime</strong></span> <span class='ocrx_word' id='word_1_83' title='bbox 1949 899 2165 948; x_wconf 67' lang='lat' dir='ltr'><strong>aequum</strong></span> <span class='ocrx_word' id='word_1_84' title='bbox 2203 903 2324 943; x_wconf 88' lang='lat' dir='ltr'><strong>esse</strong></span> <span class='ocrx_word' id='word_1_85' title='bbox 2364 891 2604 956; x_wconf 82' lang='lat' dir='ltr'><strong>duceret,</strong></span> <span class='ocrx_word' id='word_1_86' title='bbox 2673 894 2814 949; x_wconf 86' lang='lat' dir='ltr'><strong>utin</strong></span> <span class='ocrx_word' id='word_1_87' title='bbox 2843 897 3037 960; x_wconf 87' lang='lat' dir='ltr'><strong>alium,</strong></span> <span class='ocrx_word' id='word_1_88' title='bbox 3067 874 3285 953; x_wconf 41' lang='lat' dir='ltr'><strong>eum—ab</strong></span> <span class='ocrx_word' id='word_1_89' title='bbox 3317 900 3434 969; x_wconf 91' lang='lat' dir='ltr'><strong>ipso</strong></span> <span class='ocrx_word' id='word_1_90' title='bbox 3463 899 3615 952; x_wconf 87' lang='lat' dir='ltr'><strong>Deus</strong></span> 
     </span>
    </p>
   </div>
   <div class='ocr_carea' id='block_1_13' title="bbox 346 971 3612 1060">
    <p class='ocr_par' dir='ltr' id='par_1_13' title="bbox 346 971 3612 1060">
     <span class='ocr_line' id='line_1_13' title="bbox 346 971 3612 1060; baseline 0.007 -41"><span class='ocrx_word' id='word_1_91' title='bbox 346 979 538 1060; x_wconf 77' lang='lat' dir='ltr'><strong>pcenas</strong></span> <span class='ocrx_word' id='word_1_92' title='bbox 572 977 871 1037; x_wconf 67' lang='lat' dir='ltr'><strong>espeteret,</strong></span> <span class='ocrx_word' id='word_1_93' title='bbox 901 971 1472 1029; x_wconf 74' lang='lat' dir='ltr'><strong>animadverteretur.</strong></span> <span class='ocrx_word' id='word_1_94' title='bbox 1500 973 1682 1044; x_wconf 81' lang='lat' dir='ltr'><strong>Atque</strong></span> <span class='ocrx_word' id='word_1_95' title='bbox 1723 991 1794 1029; x_wconf 88' lang='lat' dir='ltr'><strong>eo</strong></span> <span class='ocrx_word' id='word_1_96' title='bbox 1821 975 2026 1030; x_wconf 87' lang='lat' dir='ltr'><strong>infante</strong></span> <span class='ocrx_word' id='word_1_97' title='bbox 2063 978 2333 1048; x_wconf 84' lang='lat' dir='ltr'><strong>jugulatn,</strong></span> <span class='ocrx_word' id='word_1_98' title='bbox 2376 984 2554 1040; x_wconf 78' lang='lat' dir='ltr'><strong>caedes</strong></span> <span class='ocrx_word' id='word_1_99' title='bbox 2584 987 2857 1057; x_wconf 87' lang='lat' dir='ltr'><strong>ejusmodi</strong></span> <span class='ocrx_word' id='word_1_100' title='bbox 2895 1005 2996 1058; x_wconf 88' lang='lat' dir='ltr'><strong>pro</strong></span> <span class='ocrx_word' id='word_1_101' title='bbox 3053 993 3324 1060; x_wconf 81' lang='lat' dir='ltr'><strong>sanguine</strong></span> <span class='ocrx_word' id='word_1_102' title='bbox 3374 992 3612 1045; x_wconf 80' lang='lat' dir='ltr'><strong>lacteum</strong></span> 
     </span>
    </p>
   </div>
   <div class='ocr_carea' id='block_1_14' title="bbox 348 1059 3621 1150">
    <p class='ocr_par' dir='ltr' id='par_1_14' title="bbox 348 1059 3621 1150">
     <span class='ocr_line' id='line_1_14' title="bbox 348 1059 3621 1150; baseline 0.008 -40"><span class='ocrx_word' id='word_1_103' title='bbox 348 1059 620 1126; x_wconf 86' lang='lat' dir='ltr'><strong>liquorem</strong></span> <span class='ocrx_word' id='word_1_104' title='bbox 664 1062 930 1132; x_wconf 80' lang='lat' dir='ltr'><strong>profudit.</strong></span> <span class='ocrx_word' id='word_1_105' title='bbox 988 1066 1070 1120; x_wconf 85' lang='lat' dir='ltr'><strong>Ad</strong></span> <span class='ocrx_word' id='word_1_106' title='bbox 1120 1065 1271 1120; x_wconf 85' lang='lat' dir='ltr'><strong>hunc</strong></span> <span class='ocrx_word' id='word_1_107' title='bbox 1314 1067 1540 1121; x_wconf 87' lang='lat' dir='ltr'><strong>modum</strong></span> <span class='ocrx_word' id='word_1_108' title='bbox 1593 1060 1914 1138; x_wconf 85' lang='lat' dir='ltr'><strong>imperator.</strong></span> <span class='ocrx_word' id='word_1_109' title='bbox 1953 1070 2047 1139; x_wconf 88' lang='lat' dir='ltr'><strong>qui</strong></span> <span class='ocrx_word' id='word_1_110' title='bbox 2077 1082 2290 1129; x_wconf 62' lang='lat' dir='ltr'><strong>naturae</strong></span> <span class='ocrx_word' id='word_1_111' title='bbox 2348 1076 2562 1146; x_wconf 80' lang='lat' dir='ltr'><strong>legibus</strong></span> <span class='ocrx_word' id='word_1_112' title='bbox 2619 1082 2875 1150; x_wconf 80' lang='lat' dir='ltr'><strong>superior</strong></span> <span class='ocrx_word' id='word_1_113' title='bbox 2901 1097 3022 1136; x_wconf 85' lang='lat' dir='ltr'><strong>esse</strong></span> <span class='ocrx_word' id='word_1_114' title='bbox 3050 1059 3201 1138; x_wconf 85' lang='lat' dir='ltr'><strong>visus</strong></span> <span class='ocrx_word' id='word_1_115' title='bbox 3224 1083 3419 1148; x_wconf 80' lang='lat' dir='ltr'><strong>fuerat,</strong></span> <span class='ocrx_word' id='word_1_116' title='bbox 3443 1084 3621 1136; x_wconf 90' lang='lat' dir='ltr'><strong>vitam-</strong></span> 
     </span>
    </p>
   </div>
   <div class='ocr_carea' id='block_1_15' title="bbox 351 1151 3607 1246">
    <p class='ocr_par' dir='ltr' id='par_1_15' title="bbox 351 1151 3607 1246">
     <span class='ocr_line' id='line_1_15' title="bbox 351 1151 3607 1246; baseline 0.008 -43"><span class='ocrx_word' id='word_1_117' title='bbox 351 1151 546 1217; x_wconf 83' lang='lat' dir='ltr'><strong>ﬁnivit,</strong></span> <span class='ocrx_word' id='word_1_118' title='bbox 579 1164 868 1226; x_wconf 80' lang='lat' dir='ltr'><strong>postquam</strong></span> <span class='ocrx_word' id='word_1_119' title='bbox 906 1157 1188 1228; x_wconf 81' lang='lat' dir='ltr'><strong>sexaginta</strong></span> <span class='ocrx_word' id='word_1_120' title='bbox 1222 1167 1334 1213; x_wconf 89' lang='lat' dir='ltr'><strong>tres</strong></span> <span class='ocrx_word' id='word_1_121' title='bbox 1365 1159 1542 1230; x_wconf 83' lang='lat' dir='ltr'><strong>aetatis</strong></span> <span class='ocrx_word' id='word_1_122' title='bbox 1565 1174 1739 1215; x_wconf 89' lang='lat' dir='ltr'><strong>annos</strong></span> <span class='ocrx_word' id='word_1_123' title='bbox 1805 1163 2184 1233; x_wconf 80' lang='lat' dir='ltr'><strong>transegisset,</strong></span> <span class='ocrx_word' id='word_1_124' title='bbox 2251 1169 2447 1240; x_wconf 79' lang='lat' dir='ltr'><strong>viginti</strong></span> <span class='ocrx_word' id='word_1_125' title='bbox 2515 1180 2702 1228; x_wconf 90' lang='lat' dir='ltr'><strong>autem</strong></span> <span class='ocrx_word' id='word_1_126' title='bbox 2760 1189 2826 1229; x_wconf 81' lang='lat' dir='ltr'><strong>ex</strong></span> <span class='ocrx_word' id='word_1_127' title='bbox 2857 1173 2937 1229; x_wconf 83' lang='lat' dir='ltr'><strong>eis</strong></span> <span class='ocrx_word' id='word_1_128' title='bbox 2999 1175 3053 1229; x_wconf 91' lang='lat' dir='ltr'><strong>in</strong></span> <span class='ocrx_word' id='word_1_129' title='bbox 3088 1175 3320 1246; x_wconf 86' lang='lat' dir='ltr'><strong>imperio</strong></span> <span class='ocrx_word' id='word_1_130' title='bbox 3369 1176 3607 1230; x_wconf 86' lang='lat' dir='ltr'><strong>enituis-</strong></span> 
     </span>
    </p>
   </div>
   <div class='ocr_carea' id='block_1_16' title="bbox 347 1255 446 1300">
    <p class='ocr_par' dir='ltr' id='par_1_16' title="bbox 347 1255 446 1300">
     <span class='ocr_line' id='line_1_16' title="bbox 347 1255 446 1300; baseline 0.04 -4"><span class='ocrx_word' id='word_1_131' title='bbox 347 1255 446 1300; x_wconf 73' lang='grc' dir='ltr'><strong>εει.</strong></span> 
     </span>
    </p>
   </div>
   <div class='ocr_carea' id='block_1_17' title="bbox 913 1395 1358 1452">
    <p class='ocr_par' dir='ltr' id='par_1_17' title="bbox 913 1395 1358 1452">
     <span class='ocr_line' id='line_1_17' title="bbox 913 1395 1358 1452; baseline 0.011 -5"><span class='ocrx_word' id='word_1_132' title='bbox 913 1395 955 1447; x_wconf 88' lang='grc' dir='ltr'>Κ</span> <span class='ocrx_word' id='word_1_133' title='bbox 968 1396 1165 1450; x_wconf 78' lang='grc' dir='ltr'><strong>ΕΦΛΛ.</strong></span> <span class='ocrx_word' id='word_1_134' title='bbox 1223 1399 1358 1452; x_wconf 76' lang='lat' dir='ltr'><strong>MA&#39;.</strong></span> 
     </span>
    </p>
   </div>
   <div class='ocr_carea' id='block_1_18' title="bbox 2608 1405 3010 1462">
    <p class='ocr_par' dir='ltr' id='par_1_18' title="bbox 2608 1405 3010 1462">
     <span class='ocr_line' id='line_1_18' title="bbox 2608 1405 3010 1462; baseline 0 0"><span class='ocrx_word' id='word_1_135' title='bbox 2608 1405 2837 1462; x_wconf 84' lang='lat' dir='ltr'><strong>CAPUT</strong></span> <span class='ocrx_word' id='word_1_136' title='bbox 2877 1408 3010 1462; x_wconf 73' lang='lat' dir='ltr'><strong>XLI.</strong></span> 
     </span>
    </p>
   </div>
   <div class='ocr_carea' id='block_1_19' title="bbox 355 1485 1951 1566">
    <p class='ocr_par' dir='ltr' id='par_1_19' title="bbox 355 1485 1930 1566">
     <span class='ocr_line' id='line_1_19' title="bbox 355 1485 1930 1566; baseline 0.008 -30"><span class='ocrx_word' id='word_1_137' title='bbox 355 1486 492 1553; x_wconf 76' lang='grc' dir='ltr'><strong>Περὶ</strong></span> <span class='ocrx_word' id='word_1_138' title='bbox 521 1485 632 1554; x_wconf 81' lang='grc' dir='ltr'><strong>τῆς</strong></span> <span class='ocrx_word' id='word_1_139' title='bbox 666 1487 1136 1566; x_wconf 60' lang='grc' dir='ltr'><strong>ἐκπομπειξσεως</strong></span> <span class='ocrx_word' id='word_1_140' title='bbox 1170 1493 1289 1566; x_wconf 62' lang='grc' dir='ltr'><strong>τῶνξ</strong></span> <span class='ocrx_word' id='word_1_141' title='bbox 1321 1492 1672 1566; x_wconf 57' lang='grc' dir='ltr'><strong>,βασιλικῶν</strong></span> <span class='ocrx_word' id='word_1_142' title='bbox 1722 1495 1930 1566; x_wconf 14' lang='grc' dir='ltr'><strong>ίσωμὰ-</strong></span> 
     </span>
    </p>
   </div>
   <div class='ocr_carea' id='block_1_20' title="bbox 2055 1485 3618 1566">
    <p class='ocr_par' dir='ltr' id='par_1_20' title="bbox 2055 1493 3618 1566">
     <span class='ocr_line' id='line_1_20' title="bbox 2055 1493 3618 1566; baseline 0.001 -19"><span class='ocrx_word' id='word_1_143' title='bbox 2055 1493 2105 1547; x_wconf 74' lang='grc' dir='ltr'><strong>ὶε</strong></span> <span class='ocrx_word' id='word_1_144' title='bbox 2155 1496 2445 1552; x_wconf 84' lang='lat' dir='ltr'><strong>nudatione</strong></span> <span class='ocrx_word' id='word_1_145' title='bbox 2489 1499 2856 1566; x_wconf 82' lang='lat' dir='ltr'><strong>imperialium</strong></span> <span class='ocrx_word' id='word_1_146' title='bbox 2902 1502 3258 1562; x_wconf 81' lang='lat' dir='ltr'><strong>cadaverum,</strong></span> <span class='ocrx_word' id='word_1_147' title='bbox 3310 1506 3359 1550; x_wconf 84' lang='lat' dir='ltr'><strong>et</strong></span> <span class='ocrx_word' id='word_1_148' title='bbox 3394 1497 3468 1551; x_wconf 76' lang='lat' dir='ltr'><strong>de</strong></span> <span class='ocrx_word' id='word_1_149' title='bbox 3494 1497 3618 1551; x_wconf 80' lang='lat' dir='ltr'><strong>aliis</strong></span> 
     </span>
    </p>
   </div>
   <div class='ocr_carea' id='block_1_21' title="bbox 419 1557 1927 1632">
    <p class='ocr_par' dir='ltr' id='par_1_21' title="bbox 419 1557 1927 1632">
     <span class='ocr_line' id='line_1_21' title="bbox 419 1557 1927 1632; baseline 0.01 -26"><span class='ocrx_word' id='word_1_150' title='bbox 419 1573 536 1632; x_wconf 55' lang='grc' dir='ltr'><strong>των</strong></span> <span class='ocrx_word' id='word_1_151' title='bbox 557 1575 572 1588; x_wconf 87' lang='grc'><strong>·</strong></span> <span class='ocrx_word' id='word_1_152' title='bbox 600 1557 724 1632; x_wconf 30' lang='grc' dir='ltr'><strong>ᾳκίιζ</strong></span> <span class='ocrx_word' id='word_1_153' title='bbox 769 1557 890 1611; x_wconf 79' lang='grc' dir='ltr'><strong>τῶν</strong></span> <span class='ocrx_word' id='word_1_154' title='bbox 942 1560 1159 1632; x_wconf 57' lang='grc' dir='ltr'><strong>ἐτέρων</strong></span> <span class='ocrx_word' id='word_1_155' title='bbox 1209 1563 1412 1630; x_wconf 73' lang='grc' dir='ltr'><strong>φόνων</strong></span> <span class='ocrx_word' id='word_1_156' title='bbox 1445 1563 1553 1616; x_wconf 77' lang='grc' dir='ltr'><strong>τοῦ</strong></span> <span class='ocrx_word' id='word_1_157' title='bbox 1584 1557 1891 1632; x_wconf 63' lang='grc' dir='ltr'><strong>τυράννου</strong></span> <span class='ocrx_word' id='word_1_158' title='bbox 1915 1585 1927 1598; x_wconf 78' lang='grc'><strong><em>⁸</em></strong></span> 
     </span>
    </p>
   </div>
   <div class='ocr_carea' id='block_1_22' title="bbox 420 1625 1928 1705">
    <p class='ocr_par' dir='ltr' id='par_1_22' title="bbox 420 1625 1928 1705">
     <span class='ocr_line' id='line_1_22' title="bbox 420 1625 1928 1705; baseline 0.009 -28"><span class='ocrx_word' id='word_1_159' title='bbox 420 1626 518 1678; x_wconf 79' lang='grc' dir='ltr'><strong>καὶ</strong></span> <span class='ocrx_word' id='word_1_160' title='bbox 551 1625 664 1692; x_wconf 78' lang='grc' dir='ltr'><strong>τῆς</strong></span> <span class='ocrx_word' id='word_1_161' title='bbox 694 1625 1128 1705; x_wconf 37' lang='grc' dir='ltr'><strong>δαιμοντιώδοξυς</strong></span> <span class='ocrx_word' id='word_1_162' title='bbox 1155 1625 1928 1705; x_wconf 63' lang='grc' dir='ltr'><strong>προαγορεύσεωξγενομέ·</strong></span> 
     </span>
    </p>
   </div>
   <div class='ocr_carea' id='block_1_23' title="bbox 422 1699 1371 1769">
    <p class='ocr_par' dir='ltr' id='par_1_23' title="bbox 422 1699 1371 1769">
     <span class='ocr_line' id='line_1_23' title="bbox 422 1699 1371 1769; baseline 0.011 -23"><span class='ocrx_word' id='word_1_163' title='bbox 422 1711 532 1761; x_wconf 70' lang='grc' dir='ltr'><strong>γης</strong></span> <span class='ocrx_word' id='word_1_164' title='bbox 564 1699 716 1749; x_wconf 80' lang='grc' dir='ltr'><strong>κατὰ</strong></span> <span class='ocrx_word' id='word_1_165' title='bbox 742 1699 859 1766; x_wconf 81' lang='grc' dir='ltr'><strong>τὴν</strong></span> <span class='ocrx_word' id='word_1_166' title='bbox 898 1699 1371 1769; x_wconf 62' lang='grc' dir='ltr'><strong>Ἀλεξάνδρειαν.</strong></span> 
     </span>
    </p>
   </div>
   <div class='ocr_carea' id='block_1_24' title="bbox 2098 1567 3616 1636">
    <p class='ocr_par' dir='ltr' id='par_1_24' title="bbox 2098 1567 3616 1636">
     <span class='ocr_line' id='line_1_24' title="bbox 2098 1567 3616 1636; baseline 0.003 -20"><span class='ocrx_word' id='word_1_167' title='bbox 2098 1569 2314 1635; x_wconf 76' lang='lat' dir='ltr'><strong>tyranni</strong></span> <span class='ocrx_word' id='word_1_168' title='bbox 2354 1567 2606 1622; x_wconf 71' lang='lat' dir='ltr'><strong>caedibus.</strong></span> <span class='ocrx_word' id='word_1_169' title='bbox 2667 1569 2734 1622; x_wconf 78' lang='lat' dir='ltr'><strong>Et</strong></span> <span class='ocrx_word' id='word_1_170' title='bbox 2793 1572 2856 1623; x_wconf 85' lang='lat' dir='ltr'><strong>de</strong></span> <span class='ocrx_word' id='word_1_171' title='bbox 2905 1571 3248 1636; x_wconf 52' lang='lat' dir='ltr'><strong>praedictione</strong></span> <span class='ocrx_word' id='word_1_172' title='bbox 3284 1569 3616 1623; x_wconf 77' lang='lat' dir='ltr'><strong>dwmoniaca</strong></span> 
     </span>
    </p>
   </div>
   <div class='ocr_carea' id='block_1_25' title="bbox 2097 1636 3150 1709">
    <p class='ocr_par' dir='ltr' id='par_1_25' title="bbox 2097 1636 3150 1709">
     <span class='ocr_line' id='line_1_25' title="bbox 2097 1636 3150 1709; baseline 0.006 -21"><span class='ocrx_word' id='word_1_173' title='bbox 2097 1636 2392 1705; x_wconf 69' lang='lat' dir='ltr'><strong>imperiali:</strong></span> <span class='ocrx_word' id='word_1_174' title='bbox 2416 1639 2574 1692; x_wconf 66' lang='lat' dir='ltr'><strong>credis</strong></span> <span class='ocrx_word' id='word_1_175' title='bbox 2606 1637 2950 1694; x_wconf 69' lang='lat' dir='ltr'><strong>Alexandricz</strong></span> <span class='ocrx_word' id='word_1_176' title='bbox 2981 1640 3150 1709; x_wconf 80' lang='lat' dir='ltr'><strong>facta.</strong></span> 
     </span>
    </p>
   </div>
   <div class='ocr_carea' id='block_1_26' title="bbox 423 1799 1951 1886">
    <p class='ocr_par' dir='ltr' id='par_1_26' title="bbox 423 1809 1928 1886">
     <span class='ocr_line' id='line_1_26' title="bbox 423 1809 1928 1886; baseline 0.006 -25"><span class='ocrx_word' id='word_1_177' title='bbox 423 1809 590 1862; x_wconf 70' lang='grc' dir='ltr'><strong>Τά-δδ</strong></span> <span class='ocrx_word' id='word_1_178' title='bbox 619 1811 730 1864; x_wconf 89' lang='grc' dir='ltr'><strong>τῶν</strong></span> <span class='ocrx_word' id='word_1_179' title='bbox 781 1810 1048 1881; x_wconf 87' lang='grc' dir='ltr'><strong>βασιλέων</strong></span> <span class='ocrx_word' id='word_1_180' title='bbox 1081 1814 1313 1882; x_wconf 83' lang='grc' dir='ltr'><strong>σώματα</strong></span> <span class='ocrx_word' id='word_1_181' title='bbox 1355 1818 1608 1885; x_wconf 74' lang='grc' dir='ltr'><strong>παίγνιον</strong></span> <span class='ocrx_word' id='word_1_182' title='bbox 1662 1817 1928 1886; x_wconf 77' lang='grc' dir='ltr'><strong>ἑπίδακρυ</strong></span> 
     </span>
    </p>
   </div>
   <div class='ocr_carea' id='block_1_27' title="bbox 2055 1799 3622 1886">
    <p class='ocr_par' dir='ltr' id='par_1_27' title="bbox 2104 1812 3622 1885">
     <span class='ocr_line' id='line_1_27' title="bbox 2104 1812 3622 1885; baseline -0.003 -15"><span class='ocrx_word' id='word_1_183' title='bbox 2104 1812 2378 1870; x_wconf 86' lang='lat' dir='ltr'><strong>Cadavera</strong></span> <span class='ocrx_word' id='word_1_184' title='bbox 2415 1827 2598 1870; x_wconf 83' lang='lat' dir='ltr'><strong>autem</strong></span> <span class='ocrx_word' id='word_1_185' title='bbox 2623 1815 2950 1885; x_wconf 83' lang='lat' dir='ltr'><strong>imperiaiia,</strong></span> <span class='ocrx_word' id='word_1_186' title='bbox 2987 1815 3192 1884; x_wconf 85' lang='lat' dir='ltr'><strong>oppido</strong></span> <span class='ocrx_word' id='word_1_187' title='bbox 3241 1829 3406 1884; x_wconf 89' lang='lat' dir='ltr'><strong>quam</strong></span> <span class='ocrx_word' id='word_1_188' title='bbox 3442 1813 3622 1883; x_wconf 82' lang='lat' dir='ltr'><strong>lacry-</strong></span> 
     </span>
    </p>
   </div>
   <div class='ocr_carea' id='block_1_28' title="bbox 355 1904 1934 1978">
    <p class='ocr_par' dir='ltr' id='par_1_28' title="bbox 355 1904 1934 1978">
     <span class='ocr_line' id='line_1_28' title="bbox 355 1904 1934 1978; baseline 0.008 -25"><span class='ocrx_word' id='word_1_189' title='bbox 355 1904 465 1965; x_wconf 77' lang='grc' dir='ltr'><strong>τοῖς</strong></span> <span class='ocrx_word' id='word_1_190' title='bbox 488 1904 667 1956; x_wconf 77' lang='grc' dir='ltr'>ἐκεῖσε</span> <span class='ocrx_word' id='word_1_191' title='bbox 693 1905 790 1971; x_wconf 83' lang='grc' dir='ltr'><strong>τῆς</strong></span> <span class='ocrx_word' id='word_1_192' title='bbox 821 1904 1097 1976; x_wconf 79' lang='grc' dir='ltr'><strong>θαλάττης</strong></span> <span class='ocrx_word' id='word_1_193' title='bbox 1125 1909 1396 1976; x_wconf 75' lang='grc' dir='ltr'>αἰγιαλοῖς</span> <span class='ocrx_word' id='word_1_194' title='bbox 1413 1911 1777 1978; x_wconf 71' lang='grc' dir='ltr'><strong>ἠκοντίζοντο,</strong></span> <span class='ocrx_word' id='word_1_195' title='bbox 1802 1912 1934 1966; x_wconf 86' lang='grc' dir='ltr'><strong>ταύ-</strong></span> 
     </span>
    </p>
   </div>
   <div class='ocr_carea' id='block_1_29' title="bbox 355 1997 1934 2075">
    <p class='ocr_par' dir='ltr' id='par_1_29' title="bbox 355 1997 1934 2075">
     <span class='ocr_line' id='line_1_29' title="bbox 355 1997 1934 2075; baseline 0.011 -30"><span class='ocrx_word' id='word_1_196' title='bbox 355 2012 455 2065; x_wconf 76' lang='grc' dir='ltr'><strong>την</strong></span> <span class='ocrx_word' id='word_1_197' title='bbox 478 1997 591 2060; x_wconf 86' lang='grc' dir='ltr'><strong>τοῖς</strong></span> <span class='ocrx_word' id='word_1_198' title='bbox 621 1997 850 2066; x_wconf 75' lang='grc' dir='ltr'><strong>αἴμασιν</strong></span> <span class='ocrx_word' id='word_1_199' title='bbox 893 2000 1312 2068; x_wconf 82' lang='grc' dir='ltr'><strong>ὲκφοινίσσοντα</strong></span> <span class='ocrx_word' id='word_1_200' title='bbox 1342 2017 1358 2033; x_wconf 74' lang='grc' dir='ltr'><strong>ο</strong></span> <span class='ocrx_word' id='word_1_201' title='bbox 1406 2004 1502 2056; x_wconf 82' lang='grc' dir='ltr'><strong>καὶ</strong></span> <span class='ocrx_word' id='word_1_202' title='bbox 1553 2005 1681 2057; x_wconf 82' lang='grc' dir='ltr'><strong>ποτὲ</strong></span> <span class='ocrx_word' id='word_1_203' title='bbox 1723 2005 1824 2074; x_wconf 88' lang='grc' dir='ltr'><strong>μὲν</strong></span> <span class='ocrx_word' id='word_1_204' title='bbox 1869 2007 1934 2075; x_wconf 83' lang='grc' dir='ltr'><strong>τῇ</strong></span> 
     </span>
    </p>
   </div>
   <div class='ocr_carea' id='block_1_30' title="bbox 357 2085 1934 2163">
    <p class='ocr_par' dir='ltr' id='par_1_30' title="bbox 357 2085 1934 2163">
     <span class='ocr_line' id='line_1_30' title="bbox 357 2085 1934 2163; baseline 0.005 -25"><span class='ocrx_word' id='word_1_205' title='bbox 357 2085 534 2154; x_wconf 80' lang='grc' dir='ltr'>χέρσῳ</span> <span class='ocrx_word' id='word_1_206' title='bbox 562 2086 857 2153; x_wconf 74' lang='grc' dir='ltr'><strong>φιλοτίμως</strong></span> <span class='ocrx_word' id='word_1_207' title='bbox 896 2089 975 2159; x_wconf 85' lang='grc' dir='ltr'><strong>τῷ</strong></span> <span class='ocrx_word' id='word_1_208' title='bbox 1021 2091 1184 2160; x_wconf 74' lang='grc' dir='ltr'><strong>ῥοθίῳ</strong></span> <span class='ocrx_word' id='word_1_209' title='bbox 1215 2093 1656 2163; x_wconf 73' lang='grc' dir='ltr'><strong>ἀναπεμπόμενα</strong></span> <span class='ocrx_word' id='word_1_210' title='bbox 1689 2136 1704 2162; x_wconf 92' lang='grc'><em>,</em></span> <span class='ocrx_word' id='word_1_211' title='bbox 1747 2095 1934 2148; x_wconf 66' lang='grc' dir='ltr'><strong>ἄλλοτε</strong></span> 
     </span>
    </p>
   </div>
   <div class='ocr_carea' id='block_1_31' title="bbox 358 2179 1936 2256">
    <p class='ocr_par' dir='ltr' id='par_1_31' title="bbox 358 2179 1936 2256">
     <span class='ocr_line' id='line_1_31' title="bbox 358 2179 1936 2256; baseline 0.006 -25"><span class='ocrx_word' id='word_1_212' title='bbox 358 2179 414 2232; x_wconf 80' lang='grc' dir='ltr'><strong>δὲ</strong></span> <span class='ocrx_word' id='word_1_213' title='bbox 441 2180 889 2251; x_wconf 86' lang='grc' dir='ltr'><strong>φιλυποστρόφως</strong></span> <span class='ocrx_word' id='word_1_214' title='bbox 937 2183 1016 2252; x_wconf 84' lang='grc' dir='ltr'><strong>τῷ</strong></span> <span class='ocrx_word' id='word_1_215' title='bbox 1055 2184 1254 2256; x_wconf 79' lang='grc' dir='ltr'><strong>ῥείθρῳ</strong></span> <span class='ocrx_word' id='word_1_216' title='bbox 1299 2185 1700 2256; x_wconf 79' lang='grc' dir='ltr'><strong>ἀγκαλιζόμενα</strong></span> <span class='ocrx_word' id='word_1_217' title='bbox 1745 2203 1760 2220; x_wconf 77' lang='grc' dir='ltr'><strong>ο</strong></span> <span class='ocrx_word' id='word_1_218' title='bbox 1794 2189 1936 2240; x_wconf 76' lang='grc' dir='ltr'><strong>ἐκεῖ-</strong></span> 
     </span>
    </p>
   </div>
   <div class='ocr_carea' id='block_1_32' title="bbox 361 2271 1937 2350">
    <p class='ocr_par' dir='ltr' id='par_1_32' title="bbox 361 2271 1937 2350">
     <span class='ocr_line' id='line_1_32' title="bbox 361 2271 1937 2350; baseline 0.004 -25"><span class='ocrx_word' id='word_1_219' title='bbox 361 2271 450 2325; x_wconf 80' lang='grc' dir='ltr'><strong>θεν</strong></span> <span class='ocrx_word' id='word_1_220' title='bbox 465 2273 508 2326; x_wconf 87' lang='grc' dir='ltr'><strong>δ’</strong></span> <span class='ocrx_word' id='word_1_221' title='bbox 527 2275 584 2336; x_wconf 69' lang='grc' dir='ltr'><strong>ις</strong></span> <span class='ocrx_word' id='word_1_222' title='bbox 609 2274 836 2346; x_wconf 78' lang='grc' dir='ltr'><strong>ὕστερον</strong></span> <span class='ocrx_word' id='word_1_223' title='bbox 860 2277 1370 2346; x_wconf 77' lang='grc' dir='ltr'><strong>μετακομισθέντα,</strong></span> <span class='ocrx_word' id='word_1_224' title='bbox 1404 2279 1664 2348; x_wconf 72' lang='grc' dir='ltr'><strong>συμφορὰ</strong></span> <span class='ocrx_word' id='word_1_225' title='bbox 1683 2278 1937 2350; x_wconf 81' lang='grc' dir='ltr'><strong>δακρύων</strong></span> 
     </span>
    </p>
   </div>
   <div class='ocr_carea' id='block_1_33' title="bbox 357 2363 1939 2439">
    <p class='ocr_par' dir='ltr' id='par_1_33' title="bbox 357 2363 1939 2439">
     <span class='ocr_line' id='line_1_33' title="bbox 357 2363 1939 2439; baseline 0.005 -24"><span class='ocrx_word' id='word_1_226' title='bbox 357 2363 470 2427; x_wconf 76' lang='grc' dir='ltr'><strong>τοῖς</strong></span> <span class='ocrx_word' id='word_1_227' title='bbox 521 2365 720 2433; x_wconf 80' lang='grc' dir='ltr'><strong>ὁρῶσιν</strong></span> <span class='ocrx_word' id='word_1_228' title='bbox 778 2365 1027 2435; x_wconf 72' lang='grc' dir='ltr'><strong>ἐγένοντο</strong></span> <span class='ocrx_word' id='word_1_229' title='bbox 1101 2367 1174 2420; x_wconf 75' lang='grc' dir='ltr'><strong>τὰ</strong></span> <span class='ocrx_word' id='word_1_230' title='bbox 1238 2369 1351 2420; x_wconf 88' lang='grc' dir='ltr'><strong>τῶν</strong></span> <span class='ocrx_word' id='word_1_231' title='bbox 1407 2369 1676 2439; x_wconf 81' lang='grc' dir='ltr'><strong>βασιλέων</strong></span> <span class='ocrx_word' id='word_1_232' title='bbox 1750 2371 1939 2439; x_wconf 83' lang='grc' dir='ltr'><strong>γυμνὰ</strong></span> 
     </span>
    </p>
   </div>
   <div class='ocr_carea' id='block_1_34' title="bbox 364 2455 1940 2531">
    <p class='ocr_par' dir='ltr' id='par_1_34' title="bbox 364 2455 1940 2531">
     <span class='ocr_line' id='line_1_34' title="bbox 364 2455 1940 2531; baseline 0.005 -22"><span class='ocrx_word' id='word_1_233' title='bbox 364 2455 752 2528; x_wconf 78' lang='grc' dir='ltr'><strong>θεατριζόμενα</strong></span> <span class='ocrx_word' id='word_1_234' title='bbox 809 2459 1038 2527; x_wconf 87' lang='grc' dir='ltr'><strong>σώματα</strong></span> <span class='ocrx_word' id='word_1_235' title='bbox 1067 2476 1082 2492; x_wconf 76' lang='grc' dir='ltr'><strong>ο</strong></span> <span class='ocrx_word' id='word_1_236' title='bbox 1132 2461 1228 2514; x_wconf 66' lang='grc' dir='ltr'><strong>καὶ</strong></span> <span class='ocrx_word' id='word_1_237' title='bbox 1277 2460 1423 2515; x_wconf 76' lang='grc' dir='ltr'><strong>οὕτω</strong></span> <span class='ocrx_word' id='word_1_238' title='bbox 1484 2465 1597 2525; x_wconf 84' lang='grc' dir='ltr'><strong>τοῖς</strong></span> <span class='ocrx_word' id='word_1_239' title='bbox 1653 2463 1940 2531; x_wconf 74' lang='grc' dir='ltr'><strong>τυράννοις</strong></span> 
     </span>
    </p>
   </div>
   <div class='ocr_carea' id='block_1_35' title="bbox 365 2549 1942 2625">
    <p class='ocr_par' dir='ltr' id='par_1_35' title="bbox 365 2549 1942 2625">
     <span class='ocr_line' id='line_1_35' title="bbox 365 2549 1942 2625; baseline 0.005 -25"><span class='ocrx_word' id='word_1_240' title='bbox 365 2549 730 2620; x_wconf 77' lang='grc' dir='ltr'><strong>στρατεύμασι</strong></span> <span class='ocrx_word' id='word_1_241' title='bbox 765 2549 1048 2614; x_wconf 74' lang='grc' dir='ltr'><strong>θεαθέντα,</strong></span> <span class='ocrx_word' id='word_1_242' title='bbox 1083 2551 1143 2604; x_wconf 80' lang='grc' dir='ltr'><strong>ἐν</strong></span> <span class='ocrx_word' id='word_1_243' title='bbox 1204 2551 1282 2621; x_wconf 83' lang='grc' dir='ltr'><strong>τῷ</strong></span> <span class='ocrx_word' id='word_1_244' title='bbox 1337 2551 1630 2624; x_wconf 71' lang='grc' dir='ltr'><strong>λεγομένῳ</strong></span> <span class='ocrx_word' id='word_1_245' title='bbox 1665 2553 1761 2608; x_wconf 88' lang='grc' dir='ltr'><strong>τοῦ</strong></span> <span class='ocrx_word' id='word_1_246' title='bbox 1811 2555 1942 2625; x_wconf 83' lang='grc' dir='ltr'><strong>Τρι-</strong></span> 
     </span>
    </p>
   </div>
   <div class='ocr_carea' id='block_1_36' title="bbox 366 2641 1942 2717">
    <p class='ocr_par' dir='ltr' id='par_1_36' title="bbox 366 2641 1942 2717">
     <span class='ocr_line' id='line_1_36' title="bbox 366 2641 1942 2717; baseline 0.005 -25"><span class='ocrx_word' id='word_1_247' title='bbox 366 2641 642 2696; x_wconf 71' lang='lat' dir='ltr'><strong>Saeva-MOU</strong></span> <span class='ocrx_word' id='word_1_248' title='bbox 672 2642 883 2714; x_wconf 79' lang='grc' dir='ltr'><strong>κάμπῳ</strong></span> <span class='ocrx_word' id='word_1_249' title='bbox 904 2642 1252 2715; x_wconf 69' lang='grc' dir='ltr'><strong>ὲρρίπτοντο,</strong></span> <span class='ocrx_word' id='word_1_250' title='bbox 1286 2643 1346 2707; x_wconf 79' lang='grc' dir='ltr'><strong>ὃς</strong></span> <span class='ocrx_word' id='word_1_251' title='bbox 1404 2645 1544 2714; x_wconf 81' lang='grc' dir='ltr'><strong>πρδς</strong></span> <span class='ocrx_word' id='word_1_252' title='bbox 1568 2645 1647 2715; x_wconf 89' lang='grc' dir='ltr'>τῷ</span> <span class='ocrx_word' id='word_1_253' title='bbox 1692 2646 1942 2717; x_wconf 78' lang='grc' dir='ltr'><strong>⁹Εϐδόμῳ</strong></span> 
     </span>
    </p>
   </div>
   <div class='ocr_carea' id='block_1_37' title="bbox 363 2736 1941 2815">
    <p class='ocr_par' dir='ltr' id='par_1_37' title="bbox 363 2736 1941 2815">
     <span class='ocr_line' id='line_1_37' title="bbox 363 2736 1941 2815; baseline 0.002 -27"><span class='ocrx_word' id='word_1_254' title='bbox 363 2737 540 2794; x_wconf 64' lang='lat' dir='ltr'><strong>tactv.</strong></span> <span class='ocrx_word' id='word_1_255' title='bbox 575 2739 773 2809; x_wconf 83' lang='grc' dir='ltr'><strong>Ἐχρῆν</strong></span> <span class='ocrx_word' id='word_1_256' title='bbox 802 2739 900 2791; x_wconf 73' lang='grc' dir='ltr'><strong>καὶ</strong></span> <span class='ocrx_word' id='word_1_257' title='bbox 929 2739 1035 2809; x_wconf 85' lang='grc' dir='ltr'><strong>γὰρ</strong></span> <span class='ocrx_word' id='word_1_258' title='bbox 1063 2737 1155 2815; x_wconf 65' lang='grc' dir='ltr'><strong>διά</strong></span> <span class='ocrx_word' id='word_1_259' title='bbox 1206 2738 1309 2808; x_wconf 85' lang='grc' dir='ltr'><strong>τῆς</strong></span> <span class='ocrx_word' id='word_1_260' title='bbox 1371 2736 1610 2807; x_wconf 79' lang='grc' dir='ltr'><strong>θεωρίας</strong></span> <span class='ocrx_word' id='word_1_261' title='bbox 1653 2744 1715 2792; x_wconf 78' lang='grc' dir='ltr'><strong>τὸ</strong></span> <span class='ocrx_word' id='word_1_262' title='bbox 1767 2739 1941 2792; x_wconf 84' lang='grc' dir='ltr'><strong>ἀπάν-</strong></span> 
     </span>
    </p>
   </div>
   <div class='ocr_carea' id='block_1_38' title="bbox 365 2824 1942 2896">
    <p class='ocr_par' dir='ltr' id='par_1_38' title="bbox 365 2824 1942 2896">
     <span class='ocr_line' id='line_1_38' title="bbox 365 2824 1942 2896; baseline 0.003 -21"><span class='ocrx_word' id='word_1_263' title='bbox 365 2825 580 2894; x_wconf 85' lang='grc' dir='ltr'><strong>θρωπον</strong></span> <span class='ocrx_word' id='word_1_264' title='bbox 600 2824 922 2896; x_wconf 83' lang='grc' dir='ltr'><strong>στράτευμα</strong></span> <span class='ocrx_word' id='word_1_265' title='bbox 947 2825 1239 2894; x_wconf 73' lang='grc' dir='ltr'><strong>μετασχεῖν</strong></span> <span class='ocrx_word' id='word_1_266' title='bbox 1287 2825 1505 2879; x_wconf 78' lang='grc' dir='ltr'><strong>καὶτοῦ</strong></span> <span class='ocrx_word' id='word_1_267' title='bbox 1570 2825 1774 2895; x_wconf 83' lang='grc' dir='ltr'><strong>μύσους</strong></span> <span class='ocrx_word' id='word_1_268' title='bbox 1807 2839 1822 2854; x_wconf 90' lang='grc'><strong>·</strong></span> <span class='ocrx_word' id='word_1_269' title='bbox 1866 2827 1942 2890; x_wconf 85' lang='grc' dir='ltr'><strong>ῶς</strong></span> 
     </span>
    </p>
   </div>
   <div class='ocr_carea' id='block_1_39' title="bbox 363 2915 1942 2988">
    <p class='ocr_par' dir='ltr' id='par_1_39' title="bbox 363 2915 1942 2988">
     <span class='ocr_line' id='line_1_39' title="bbox 363 2915 1942 2988; baseline 0.001 -19"><span class='ocrx_word' id='word_1_270' title='bbox 363 2915 492 2987; x_wconf 80' lang='grc' dir='ltr'><strong>ἂνῆ</strong></span> <span class='ocrx_word' id='word_1_271' title='bbox 529 2917 892 2987; x_wconf 71' lang='grc' dir='ltr'><strong>μισοπόνηρος</strong></span> <span class='ocrx_word' id='word_1_272' title='bbox 920 2915 1016 2971; x_wconf 88' lang='grc' dir='ltr'><strong>τοῦ</strong></span> <span class='ocrx_word' id='word_1_273' title='bbox 1056 2916 1194 2970; x_wconf 87' lang='grc' dir='ltr'><strong>Θεοῦ</strong></span> <span class='ocrx_word' id='word_1_274' title='bbox 1249 2916 1348 2970; x_wconf 76' lang='grc' dir='ltr'><strong>καὶ</strong></span> <span class='ocrx_word' id='word_1_275' title='bbox 1408 2915 1709 2981; x_wconf 82' lang='grc' dir='ltr'><strong>ἀδέκαστος</strong></span> <span class='ocrx_word' id='word_1_276' title='bbox 1759 2918 1942 2988; x_wconf 81' lang='grc' dir='ltr'><strong>κρξσις</strong></span> 
     </span>
    </p>
   </div>
   <div class='ocr_carea' id='block_1_40' title="bbox 367 3005 1944 3079">
    <p class='ocr_par' dir='ltr' id='par_1_40' title="bbox 367 3005 1944 3079">
     <span class='ocr_line' id='line_1_40' title="bbox 367 3005 1944 3079; baseline 0.001 -20"><span class='ocrx_word' id='word_1_277' title='bbox 367 3007 575 3069; x_wconf 80' lang='grc' dir='ltr'><strong>πάντας</strong></span> <span class='ocrx_word' id='word_1_278' title='bbox 612 3009 726 3072; x_wconf 77' lang='grc' dir='ltr'><strong>τοῖς</strong></span> <span class='ocrx_word' id='word_1_279' title='bbox 756 3010 856 3078; x_wconf 84' lang='grc' dir='ltr'><strong>τῆς</strong></span> <span class='ocrx_word' id='word_1_280' title='bbox 881 3005 1206 3070; x_wconf 80' lang='grc' dir='ltr'><strong>ἀντιδόσεως</strong></span> <span class='ocrx_word' id='word_1_281' title='bbox 1234 3006 1554 3079; x_wconf 84' lang='grc' dir='ltr'><strong>σαγηνεύσῃ</strong></span> <span class='ocrx_word' id='word_1_282' title='bbox 1581 3006 1841 3073; x_wconf 79' lang='grc' dir='ltr'><strong>δικτύοις.</strong></span> <span class='ocrx_word' id='word_1_283' title='bbox 1869 3009 1944 3061; x_wconf 83' lang='grc' dir='ltr'>Τὸ</span> 
     </span>
    </p>
   </div>
   <div class='ocr_carea' id='block_1_41' title="bbox 367 3099 1944 3171">
    <p class='ocr_par' dir='ltr' id='par_1_41' title="bbox 367 3099 1944 3171">
     <span class='ocr_line' id='line_1_41' title="bbox 367 3099 1944 3171; baseline 0.003 -21"><span class='ocrx_word' id='word_1_284' title='bbox 367 3099 477 3168; x_wconf 79' lang='grc' dir='ltr'><strong>γάρ</strong></span> <span class='ocrx_word' id='word_1_285' title='bbox 504 3099 845 3169; x_wconf 79' lang='grc' dir='ltr'>παλαμναῖον</span> <span class='ocrx_word' id='word_1_286' title='bbox 868 3101 1048 3154; x_wconf 76' lang='grc' dir='ltr'><strong>έκεῖνο</strong></span> <span class='ocrx_word' id='word_1_287' title='bbox 1077 3101 1464 3171; x_wconf 84' lang='grc' dir='ltr'><strong>στρατόπεδον,</strong></span> <span class='ocrx_word' id='word_1_288' title='bbox 1493 3101 1689 3164; x_wconf 82' lang='grc' dir='ltr'><strong>δεινοῖς</strong></span> <span class='ocrx_word' id='word_1_289' title='bbox 1716 3119 1828 3154; x_wconf 89' lang='grc' dir='ltr'><strong>τισι</strong></span> <span class='ocrx_word' id='word_1_290' title='bbox 1849 3102 1944 3154; x_wconf 71' lang='grc' dir='ltr'><strong>καὶ</strong></span> 
     </span>
    </p>
   </div>
   <div class='ocr_carea' id='block_1_42' title="bbox 369 3191 1942 3262">
    <p class='ocr_par' dir='ltr' id='par_1_42' title="bbox 369 3191 1942 3262">
     <span class='ocr_line' id='line_1_42' title="bbox 369 3191 1942 3262; baseline 0.005 -21"><span class='ocrx_word' id='word_1_291' title='bbox 369 3191 649 3259; x_wconf 77' lang='grc' dir='ltr'><strong>μεγίστοις</strong></span> <span class='ocrx_word' id='word_1_292' title='bbox 687 3192 1106 3260; x_wconf 85' lang='grc' dir='ltr'><strong>περιπεπτωκὸς</strong></span> <span class='ocrx_word' id='word_1_293' title='bbox 1131 3197 1245 3258; x_wconf 81' lang='grc' dir='ltr'><strong>τοῖς</strong></span> <span class='ocrx_word' id='word_1_294' title='bbox 1281 3194 1492 3260; x_wconf 81' lang='grc' dir='ltr'><strong>κακοῖς,</strong></span> <span class='ocrx_word' id='word_1_295' title='bbox 1521 3193 1801 3262; x_wconf 78' lang='grc' dir='ltr'><strong>διαφόροις</strong></span> <span class='ocrx_word' id='word_1_296' title='bbox 1833 3195 1942 3250; x_wconf 80' lang='grc' dir='ltr'><strong>πά-</strong></span> 
     </span>
    </p>
   </div>
   <div class='ocr_carea' id='block_1_43' title="bbox 369 3285 1940 3356">
    <p class='ocr_par' dir='ltr' id='par_1_43' title="bbox 369 3285 1940 3356">
     <span class='ocr_line' id='line_1_43' title="bbox 369 3285 1940 3356; baseline 0.002 -21"><span class='ocrx_word' id='word_1_297' title='bbox 369 3286 486 3336; x_wconf 81' lang='grc' dir='ltr'><strong>θεσι</strong></span> <span class='ocrx_word' id='word_1_298' title='bbox 514 3285 604 3336; x_wconf 84' lang='grc' dir='ltr'><strong>τὸν</strong></span> <span class='ocrx_word' id='word_1_299' title='bbox 633 3285 759 3354; x_wconf 76' lang='grc' dir='ltr'><strong>τῇδε</strong></span> <span class='ocrx_word' id='word_1_300' title='bbox 792 3285 907 3354; x_wconf 83' lang='grc' dir='ltr'><strong>βίον</strong></span> <span class='ocrx_word' id='word_1_301' title='bbox 937 3285 1329 3356; x_wconf 75' lang='grc' dir='ltr'><strong>κατέστρεψεν.</strong></span> <span class='ocrx_word' id='word_1_302' title='bbox 1363 3285 1470 3340; x_wconf 84' lang='grc' dir='ltr'><strong>Τοῦ</strong></span> <span class='ocrx_word' id='word_1_303' title='bbox 1521 3287 1630 3356; x_wconf 83' lang='grc' dir='ltr'><strong>γὰρ</strong></span> <span class='ocrx_word' id='word_1_304' title='bbox 1666 3285 1940 3356; x_wconf 82' lang='grc' dir='ltr'><strong>Περσικοῦ</strong></span> 
     </span>
    </p>
   </div>
   <div class='ocr_carea' id='block_1_44' title="bbox 368 3373 1946 3448">
    <p class='ocr_par' dir='ltr' id='par_1_44' title="bbox 368 3373 1946 3448">
     <span class='ocr_line' id='line_1_44' title="bbox 368 3373 1946 3448; baseline 0.003 -22"><span class='ocrx_word' id='word_1_305' title='bbox 368 3373 606 3444; x_wconf 70' lang='grc' dir='ltr'><strong>⁴πολέμου</strong></span> <span class='ocrx_word' id='word_1_306' title='bbox 637 3376 952 3446; x_wconf 75' lang='grc' dir='ltr'><strong>παρῤησίαν</strong></span> <span class='ocrx_word' id='word_1_307' title='bbox 990 3375 1147 3440; x_wconf 73' lang='grc' dir='ltr'><strong>αὖθις</strong></span> <span class='ocrx_word' id='word_1_308' title='bbox 1179 3376 1560 3447; x_wconf 81' lang='grc' dir='ltr'><strong>ἀνειληφότος,</strong></span> <span class='ocrx_word' id='word_1_309' title='bbox 1595 3377 1946 3448; x_wconf 85' lang='grc' dir='ltr'><strong>χαλεπήναν-</strong></span> 
     </span>
    </p>
   </div>
   <div class='ocr_carea' id='block_1_45' title="bbox 369 3469 1946 3541">
    <p class='ocr_par' dir='ltr' id='par_1_45' title="bbox 369 3469 1946 3541">
     <span class='ocr_line' id='line_1_45' title="bbox 369 3469 1946 3541; baseline 0.003 -21"><span class='ocrx_word' id='word_1_310' title='bbox 369 3484 460 3530; x_wconf 88' lang='grc' dir='ltr'><strong>τος</strong></span> <span class='ocrx_word' id='word_1_311' title='bbox 489 3470 726 3539; x_wconf 67' lang='grc' dir='ltr'><strong>Χοσρόου</strong></span> <span class='ocrx_word' id='word_1_312' title='bbox 756 3469 916 3538; x_wconf 72' lang='grc' dir='ltr'><strong>δῆθεν</strong></span> <span class='ocrx_word' id='word_1_313' title='bbox 949 3469 1038 3523; x_wconf 81' lang='grc' dir='ltr'><strong>διὰ</strong></span> <span class='ocrx_word' id='word_1_314' title='bbox 1064 3471 1124 3522; x_wconf 79' lang='grc' dir='ltr'><strong>τὸ</strong></span> <span class='ocrx_word' id='word_1_315' title='bbox 1169 3471 1305 3540; x_wconf 63' lang='grc' dir='ltr'><strong>πρὸς</strong></span> <span class='ocrx_word' id='word_1_316' title='bbox 1340 3470 1653 3541; x_wconf 86' lang='grc' dir='ltr'><strong>Μαυρίκιον</strong></span> <span class='ocrx_word' id='word_1_317' title='bbox 1693 3471 1886 3540; x_wconf 83' lang='grc' dir='ltr'><strong>μύσος,</strong></span> <span class='ocrx_word' id='word_1_318' title='bbox 1917 3473 1946 3524; x_wconf 91' lang='lat'><strong>6</strong></span> 
     </span>
    </p>
   </div>
   <div class='ocr_carea' id='block_1_46' title="bbox 371 3561 1948 3634">
    <p class='ocr_par' dir='ltr' id='par_1_46' title="bbox 371 3561 1948 3634">
     <span class='ocr_line' id='line_1_46' title="bbox 371 3561 1948 3634; baseline 0.001 -22"><span class='ocrx_word' id='word_1_319' title='bbox 371 3561 597 3631; x_wconf 74' lang='grc' dir='ltr'><strong>πόλεμος</strong></span> <span class='ocrx_word' id='word_1_320' title='bbox 631 3563 1020 3634; x_wconf 76' lang='grc' dir='ltr'><strong>ἀνερρήγνυτο.</strong></span> <span class='ocrx_word' id='word_1_321' title='bbox 1061 3561 1138 3615; x_wconf 83' lang='grc' dir='ltr'>Τὸ</span> <span class='ocrx_word' id='word_1_322' title='bbox 1167 3562 1224 3614; x_wconf 74' lang='grc' dir='ltr'><strong>δὲ</strong></span> <span class='ocrx_word' id='word_1_323' title='bbox 1288 3563 1608 3634; x_wconf 83' lang='grc' dir='ltr'><strong>στράτευμα</strong></span> <span class='ocrx_word' id='word_1_324' title='bbox 1662 3563 1948 3632; x_wconf 84' lang='grc' dir='ltr'><strong>θεηλάτοις</strong></span> 
     </span>
    </p>
   </div>
   <div class='ocr_carea' id='block_1_47' title="bbox 371 3654 1948 3726">
    <p class='ocr_par' dir='ltr' id='par_1_47' title="bbox 371 3654 1948 3726">
     <span class='ocr_line' id='line_1_47' title="bbox 371 3654 1948 3726; baseline 0.002 -20"><span class='ocrx_word' id='word_1_325' title='bbox 371 3655 466 3706; x_wconf 78' lang='grc' dir='ltr'><strong>καὶ</strong></span> <span class='ocrx_word' id='word_1_326' title='bbox 487 3655 608 3716; x_wconf 89' lang='grc' dir='ltr'><strong>ταῖς</strong></span> <span class='ocrx_word' id='word_1_327' title='bbox 643 3655 706 3708; x_wconf 81' lang='grc' dir='ltr'><strong>ὲκ</strong></span> <span class='ocrx_word' id='word_1_328' title='bbox 743 3655 923 3725; x_wconf 88' lang='grc' dir='ltr'><strong>μάχης</strong></span> <span class='ocrx_word' id='word_1_329' title='bbox 954 3657 1166 3720; x_wconf 83' lang='grc' dir='ltr'><strong>ποιναῖς</strong></span> <span class='ocrx_word' id='word_1_330' title='bbox 1199 3654 1472 3726; x_wconf 80' lang='grc' dir='ltr'><strong>διαφόρως</strong></span> <span class='ocrx_word' id='word_1_331' title='bbox 1523 3656 1790 3726; x_wconf 80' lang='grc' dir='ltr'><strong>ὑπήγετο,</strong></span> <span class='ocrx_word' id='word_1_332' title='bbox 1816 3657 1948 3709; x_wconf 82' lang='grc' dir='ltr'><strong>ποτὲ</strong></span> 
     </span>
    </p>
   </div>
   <div class='ocr_carea' id='block_1_48' title="bbox 378 3747 1951 3818">
    <p class='ocr_par' dir='ltr' id='par_1_48' title="bbox 378 3747 1951 3818">
     <span class='ocr_line' id='line_1_48' title="bbox 378 3747 1951 3818; baseline 0.001 -19"><span class='ocrx_word' id='word_1_333' title='bbox 378 3747 476 3817; x_wconf 79' lang='grc' dir='ltr'><strong>μὲν</strong></span> <span class='ocrx_word' id='word_1_334' title='bbox 502 3747 636 3816; x_wconf 82' lang='grc' dir='ltr'><strong>πυρὶ</strong></span> <span class='ocrx_word' id='word_1_335' title='bbox 661 3747 898 3818; x_wconf 79' lang='grc' dir='ltr'><strong>οὐρανίῳ</strong></span> <span class='ocrx_word' id='word_1_336' title='bbox 929 3748 1072 3801; x_wconf 86' lang='grc' dir='ltr'><strong>κατὰ</strong></span> <span class='ocrx_word' id='word_1_337' title='bbox 1099 3747 1198 3818; x_wconf 82' lang='grc' dir='ltr'><strong>τὴν</strong></span> <span class='ocrx_word' id='word_1_338' title='bbox 1244 3747 1396 3817; x_wconf 84' lang='grc' dir='ltr'><strong>ὥραν</strong></span> <span class='ocrx_word' id='word_1_339' title='bbox 1435 3749 1537 3817; x_wconf 81' lang='grc' dir='ltr'><strong>τῆς</strong></span> <span class='ocrx_word' id='word_1_340' title='bbox 1586 3748 1951 3817; x_wconf 78' lang='grc' dir='ltr'><strong>παρατάξεως</strong></span> 
     </span>
    </p>
   </div>
   <div class='ocr_carea' id='block_1_49' title="bbox 374 3835 1949 3914">
    <p class='ocr_par' dir='ltr' id='par_1_49' title="bbox 374 3835 1949 3914">
     <span class='ocr_line' id='line_1_49' title="bbox 374 3835 1949 3914; baseline 0.001 -20"><span class='ocrx_word' id='word_1_341' title='bbox 374 3843 576 3912; x_wconf 81' lang='grc' dir='ltr'><strong>ἀγρίως</strong></span> <span class='ocrx_word' id='word_1_342' title='bbox 607 3841 955 3913; x_wconf 73' lang='grc' dir='ltr'><strong>βαλλόμενον,</strong></span> <span class='ocrx_word' id='word_1_343' title='bbox 998 3841 1188 3896; x_wconf 80' lang='grc' dir='ltr'><strong>ἄλλοτε</strong></span> <span class='ocrx_word' id='word_1_344' title='bbox 1232 3835 1290 3896; x_wconf 67' lang='grc' dir='ltr'><strong>δὲ</strong></span> <span class='ocrx_word' id='word_1_345' title='bbox 1329 3842 1513 3912; x_wconf 89' lang='grc' dir='ltr'><strong>λιμοϊς</strong></span> <span class='ocrx_word' id='word_1_346' title='bbox 1562 3844 1659 3897; x_wconf 74' lang='grc' dir='ltr'><strong>καὶ</strong></span> <span class='ocrx_word' id='word_1_347' title='bbox 1697 3845 1949 3914; x_wconf 80' lang='grc' dir='ltr'><strong>προνομῇ</strong></span> 
     </span>
    </p>
   </div>
   <div class='ocr_carea' id='block_1_50' title="bbox 377 3937 1946 4009">
    <p class='ocr_par' dir='ltr' id='par_1_50' title="bbox 377 3937 1946 4009">
     <span class='ocr_line' id='line_1_50' title="bbox 377 3937 1946 4009; baseline 0 -19"><span class='ocrx_word' id='word_1_348' title='bbox 377 3937 607 4008; x_wconf 75' lang='grc' dir='ltr'><strong>παντοίᾳ</strong></span> <span class='ocrx_word' id='word_1_349' title='bbox 641 3953 655 3967; x_wconf 89' lang='grc'><strong>·</strong></span> <span class='ocrx_word' id='word_1_350' title='bbox 688 3937 749 3990; x_wconf 87' lang='grc' dir='ltr'><strong>τὸ</strong></span> <span class='ocrx_word' id='word_1_351' title='bbox 779 3938 834 3990; x_wconf 82' lang='grc' dir='ltr'><strong>δὲ</strong></span> <span class='ocrx_word' id='word_1_352' title='bbox 871 3937 1126 3991; x_wconf 84' lang='grc' dir='ltr'><strong>πλεῖστον</strong></span> <span class='ocrx_word' id='word_1_353' title='bbox 1167 3937 1397 4007; x_wconf 89' lang='grc' dir='ltr'><strong>στόματι</strong></span> <span class='ocrx_word' id='word_1_354' title='bbox 1432 3938 1715 4009; x_wconf 78' lang='grc' dir='ltr'><strong>ῥομφαίας</strong></span> <span class='ocrx_word' id='word_1_355' title='bbox 1766 3938 1946 4006; x_wconf 79' lang='grc' dir='ltr'><strong>ἐδόθη,</strong></span> 
     </span>
    </p>
   </div>
   <div class='ocr_carea' id='block_1_51' title="bbox 377 4029 1952 4100">
    <p class='ocr_par' dir='ltr' id='par_1_51' title="bbox 377 4029 1952 4100">
     <span class='ocr_line' id='line_1_51' title="bbox 377 4029 1952 4100; baseline -0.003 -16"><span class='ocrx_word' id='word_1_356' title='bbox 377 4030 471 4084; x_wconf 73' lang='grc' dir='ltr'><strong>καὶ</strong></span> <span class='ocrx_word' id='word_1_357' title='bbox 509 4029 696 4099; x_wconf 80' lang='grc' dir='ltr'><strong>ξίφους</strong></span> <span class='ocrx_word' id='word_1_358' title='bbox 752 4031 1030 4100; x_wconf 83' lang='grc' dir='ltr'><strong>πάρεργον</strong></span> <span class='ocrx_word' id='word_1_359' title='bbox 1089 4030 1331 4098; x_wconf 74' lang='grc' dir='ltr'><strong>ἐγεγόνει</strong></span> <span class='ocrx_word' id='word_1_360' title='bbox 1359 4046 1374 4061; x_wconf 76' lang='grc' dir='ltr'><strong><em>ο</em></strong></span> <span class='ocrx_word' id='word_1_361' title='bbox 1423 4030 1518 4082; x_wconf 81' lang='grc' dir='ltr'><strong>καὶ</strong></span> <span class='ocrx_word' id='word_1_362' title='bbox 1552 4030 1613 4083; x_wconf 80' lang='grc' dir='ltr'><strong>οὐ</strong></span> <span class='ocrx_word' id='word_1_363' title='bbox 1685 4029 1952 4100; x_wconf 80' lang='grc' dir='ltr'><strong>πρότερον</strong></span> 
     </span>
    </p>
   </div>
   <div class='ocr_carea' id='block_1_52' title="bbox 378 4122 1953 4194">
    <p class='ocr_par' dir='ltr' id='par_1_52' title="bbox 378 4122 1953 4194">
     <span class='ocr_line' id='line_1_52' title="bbox 378 4122 1953 4194; baseline -0.002 -17"><span class='ocrx_word' id='word_1_364' title='bbox 378 4123 592 4192; x_wconf 81' lang='grc' dir='ltr'><strong>Πέρσας</strong></span> <span class='ocrx_word' id='word_1_365' title='bbox 617 4123 685 4176; x_wconf 87' lang='grc' dir='ltr'><strong>τὰ</strong></span> <span class='ocrx_word' id='word_1_366' title='bbox 712 4123 815 4194; x_wconf 80' lang='grc' dir='ltr'><strong>τῆς</strong></span> <span class='ocrx_word' id='word_1_367' title='bbox 842 4123 999 4194; x_wconf 82' lang='grc' dir='ltr'><strong>νίκης</strong></span> <span class='ocrx_word' id='word_1_368' title='bbox 1037 4122 1334 4186; x_wconf 68' lang='grc' dir='ltr'><strong>ἀπέλιπεν,</strong></span> <span class='ocrx_word' id='word_1_369' title='bbox 1355 4122 1525 4192; x_wconf 81' lang='grc' dir='ltr'><strong>ἄχρις.</strong></span> <span class='ocrx_word' id='word_1_370' title='bbox 1553 4122 1620 4176; x_wconf 84' lang='grc' dir='ltr'><strong>ἂν</strong></span> <span class='ocrx_word' id='word_1_371' title='bbox 1650 4127 1708 4186; x_wconf 76' lang='grc' dir='ltr'><strong>ἐς</strong></span> <span class='ocrx_word' id='word_1_372' title='bbox 1728 4123 1789 4175; x_wconf 84' lang='grc' dir='ltr'><strong>τὸ</strong></span> <span class='ocrx_word' id='word_1_373' title='bbox 1817 4139 1953 4176; x_wconf 81' lang='grc' dir='ltr'><strong>πανο</strong></span> 
     </span>
    </p>
   </div>
   <div class='ocr_carea' id='block_1_53' title="bbox 379 4215 1951 4286">
    <p class='ocr_par' dir='ltr' id='par_1_53' title="bbox 379 4215 1951 4286">
     <span class='ocr_line' id='line_1_53' title="bbox 379 4215 1951 4286; baseline -0.002 -17"><span class='ocrx_word' id='word_1_374' title='bbox 379 4215 530 4280; x_wconf 78' lang='grc' dir='ltr'><strong>τελὲς</strong></span> <span class='ocrx_word' id='word_1_375' title='bbox 561 4218 588 4268; x_wconf 96' lang='lat'><strong>6</strong></span> <span class='ocrx_word' id='word_1_376' title='bbox 641 4215 1032 4286; x_wconf 70' lang='grc' dir='ltr'><strong>φιλοτύραννος</strong></span> <span class='ocrx_word' id='word_1_377' title='bbox 1093 4217 1186 4270; x_wconf 67' lang='grc' dir='ltr'><strong>καὶ</strong></span> <span class='ocrx_word' id='word_1_378' title='bbox 1249 4216 1598 4286; x_wconf 66' lang='grc' dir='ltr'><strong>ἀνοσιουργὸς</strong></span> <span class='ocrx_word' id='word_1_379' title='bbox 1685 4215 1951 4285; x_wconf 83' lang='grc' dir='ltr'><strong>διεφθάρη</strong></span> 
     </span>
    </p>
   </div>
   <div class='ocr_carea' id='block_1_54' title="bbox 381 4299 1955 4376">
    <p class='ocr_par' dir='ltr' id='par_1_54' title="bbox 381 4299 1955 4376">
     <span class='ocr_line' id='line_1_54' title="bbox 381 4299 1955 4376; baseline -0.001 -18"><span class='ocrx_word' id='word_1_380' title='bbox 381 4306 608 4376; x_wconf 87' lang='grc' dir='ltr'><strong>στρατός</strong></span> <span class='ocrx_word' id='word_1_381' title='bbox 643 4323 656 4336; x_wconf 92' lang='grc'><strong>·</strong></span> <span class='ocrx_word' id='word_1_382' title='bbox 690 4305 764 4367; x_wconf 86' lang='grc' dir='ltr'><strong>ὡς</strong></span> <span class='ocrx_word' id='word_1_383' title='bbox 799 4304 983 4359; x_wconf 78' lang='grc' dir='ltr'><strong>ἱκανὸν</strong></span> <span class='ocrx_word' id='word_1_384' title='bbox 1011 4299 1154 4358; x_wconf 77' lang='grc' dir='ltr'><strong>εἶναι</strong></span> <span class='ocrx_word' id='word_1_385' title='bbox 1182 4304 1567 4376; x_wconf 83' lang='grc' dir='ltr'><strong>τεκμηριῶσαι</strong></span> <span class='ocrx_word' id='word_1_386' title='bbox 1591 4303 1651 4357; x_wconf 78' lang='grc' dir='ltr'><strong>τὸ</strong></span> <span class='ocrx_word' id='word_1_387' title='bbox 1688 4303 1955 4374; x_wconf 84' lang='grc' dir='ltr'><strong>λεχθησό-</strong></span> 
     </span>
    </p>
   </div>
   <div class='ocr_carea' id='block_1_55' title="bbox 385 4395 1959 4469">
    <p class='ocr_par' dir='ltr' id='par_1_55' title="bbox 385 4395 1959 4469">
     <span class='ocr_line' id='line_1_55' title="bbox 385 4395 1959 4469; baseline -0.003 -18"><span class='ocrx_word' id='word_1_388' title='bbox 385 4417 542 4468; x_wconf 81' lang='grc' dir='ltr'><strong>μενον</strong></span> <span class='ocrx_word' id='word_1_389' title='bbox 567 4415 583 4431; x_wconf 77' lang='grc' dir='ltr'><strong>ο</strong></span> <span class='ocrx_word' id='word_1_390' title='bbox 617 4399 811 4469; x_wconf 74' lang='grc' dir='ltr'><strong>μικρὸν</strong></span> <span class='ocrx_word' id='word_1_391' title='bbox 850 4397 968 4468; x_wconf 69' lang='grc' dir='ltr'><strong>γάρ.</strong></span> <span class='ocrx_word' id='word_1_392' title='bbox 991 4396 1220 4467; x_wconf 78' lang='grc' dir='ltr'><strong>ὕστερον</strong></span> <span class='ocrx_word' id='word_1_393' title='bbox 1252 4395 1408 4449; x_wconf 71' lang='grc' dir='ltr'><strong>οὔπω</strong></span> <span class='ocrx_word' id='word_1_394' title='bbox 1445 4397 1658 4468; x_wconf 83' lang='grc' dir='ltr'><strong>χρόνων</strong></span> <span class='ocrx_word' id='word_1_395' title='bbox 1694 4412 1959 4466; x_wconf 76' lang='grc' dir='ltr'><strong>παρῳχη-</strong></span> 
     </span>
    </p>
   </div>
   <div class='ocr_carea' id='block_1_56' title="bbox 2038 1898 3623 1976">
    <p class='ocr_par' dir='ltr' id='par_1_56' title="bbox 2038 1898 3623 1976">
     <span class='ocr_line' id='line_1_56' title="bbox 2038 1898 3623 1976; baseline 0.001 -15"><span class='ocrx_word' id='word_1_396' title='bbox 2038 1923 2253 1962; x_wconf 90' lang='lat' dir='ltr'><strong>mosum</strong></span> <span class='ocrx_word' id='word_1_397' title='bbox 2293 1908 2595 1972; x_wconf 87' lang='lat' dir='ltr'><strong>ludicrum,</strong></span> <span class='ocrx_word' id='word_1_398' title='bbox 2623 1909 2699 1963; x_wconf 87' lang='lat' dir='ltr'><strong>ibi</strong></span> <span class='ocrx_word' id='word_1_399' title='bbox 2739 1909 2793 1962; x_wconf 92' lang='lat' dir='ltr'><strong>in</strong></span> <span class='ocrx_word' id='word_1_400' title='bbox 2832 1898 3018 1962; x_wconf 87' lang='lat' dir='ltr'><strong>littore</strong></span> <span class='ocrx_word' id='word_1_401' title='bbox 3042 1907 3208 1962; x_wconf 85' lang='lat' dir='ltr'><strong>maris</strong></span> <span class='ocrx_word' id='word_1_402' title='bbox 3236 1908 3441 1976; x_wconf 83' lang='lat' dir='ltr'><strong>jactata</strong></span> <span class='ocrx_word' id='word_1_403' title='bbox 3468 1914 3623 1963; x_wconf 83' lang='lat' dir='ltr'><strong>sunt.</strong></span> 
     </span>
    </p>
   </div>
   <div class='ocr_carea' id='block_1_57' title="bbox 2038 1999 3635 2071">
    <p class='ocr_par' dir='ltr' id='par_1_57' title="bbox 2038 1999 3635 2071">
     <span class='ocr_line' id='line_1_57' title="bbox 2038 1999 3635 2071; baseline -0.005 -15"><span class='ocrx_word' id='word_1_404' title='bbox 2038 2002 2113 2056; x_wconf 85' lang='lat' dir='ltr'><strong>ita</strong></span> <span class='ocrx_word' id='word_1_405' title='bbox 2185 2011 2244 2056; x_wconf 85' lang='lat' dir='ltr'><strong>ut</strong></span> <span class='ocrx_word' id='word_1_406' title='bbox 2281 2002 2431 2057; x_wconf 89' lang='lat' dir='ltr'><strong>illius</strong></span> <span class='ocrx_word' id='word_1_407' title='bbox 2483 2002 2686 2057; x_wconf 91' lang='lat' dir='ltr'><strong>undam</strong></span> <span class='ocrx_word' id='word_1_408' title='bbox 2741 2017 3023 2071; x_wconf 88' lang='lat' dir='ltr'><strong>purpureo</strong></span> <span class='ocrx_word' id='word_1_409' title='bbox 3077 1999 3366 2070; x_wconf 81' lang='lat' dir='ltr'><strong>sanguinis</strong></span> <span class='ocrx_word' id='word_1_410' title='bbox 3422 2013 3635 2052; x_wconf 82' lang='lat' dir='ltr'><strong>cruore</strong></span> 
     </span>
    </p>
   </div>
   <div class='ocr_carea' id='block_1_58' title="bbox 2039 2091 3631 2164">
    <p class='ocr_par' dir='ltr' id='par_1_58' title="bbox 2039 2091 3631 2164">
     <span class='ocr_line' id='line_1_58' title="bbox 2039 2091 3631 2164; baseline -0.004 -17"><span class='ocrx_word' id='word_1_411' title='bbox 2039 2093 2340 2148; x_wconf 77' lang='lat' dir='ltr'><strong>infecerint</strong></span> <span class='ocrx_word' id='word_1_412' title='bbox 2373 2115 2385 2148; x_wconf 91' lang='lat'><strong>:</strong></span> <span class='ocrx_word' id='word_1_413' title='bbox 2423 2111 2572 2150; x_wconf 87' lang='lat' dir='ltr'><strong>nunc</strong></span> <span class='ocrx_word' id='word_1_414' title='bbox 2613 2094 2838 2164; x_wconf 79' lang='lat' dir='ltr'><strong>quidem</strong></span> <span class='ocrx_word' id='word_1_415' title='bbox 2877 2091 3140 2148; x_wconf 81' lang='lat' dir='ltr'><strong>[luctibus</strong></span> <span class='ocrx_word' id='word_1_416' title='bbox 3161 2091 3305 2161; x_wconf 81' lang='lat' dir='ltr'><strong>ipsis</strong></span> <span class='ocrx_word' id='word_1_417' title='bbox 3331 2092 3386 2144; x_wconf 89' lang='lat' dir='ltr'><strong>in</strong></span> <span class='ocrx_word' id='word_1_418' title='bbox 3416 2097 3631 2144; x_wconf 81' lang='lat' dir='ltr'><strong>terram-</strong></span> 
     </span>
    </p>
   </div>
   <div class='ocr_carea' id='block_1_59' title="bbox 2038 2183 3626 2257">
    <p class='ocr_par' dir='ltr' id='par_1_59' title="bbox 2038 2183 3626 2257">
     <span class='ocr_line' id='line_1_59' title="bbox 2038 2183 3626 2257; baseline -0.005 -15"><span class='ocrx_word' id='word_1_419' title='bbox 2038 2187 2242 2242; x_wconf 89' lang='lat' dir='ltr'><strong>leniter</strong></span> <span class='ocrx_word' id='word_1_420' title='bbox 2267 2187 2519 2257; x_wconf 82' lang='lat' dir='ltr'><strong>appulsa.</strong></span> <span class='ocrx_word' id='word_1_421' title='bbox 2548 2203 2699 2241; x_wconf 90' lang='lat' dir='ltr'><strong>nunc</strong></span> <span class='ocrx_word' id='word_1_422' title='bbox 2728 2202 2860 2241; x_wconf 86' lang='lat' dir='ltr'><strong>vero</strong></span> <span class='ocrx_word' id='word_1_423' title='bbox 2898 2187 3283 2255; x_wconf 88' lang='lat' dir='ltr'><strong>reciprocante</strong></span> <span class='ocrx_word' id='word_1_424' title='bbox 3323 2183 3494 2238; x_wconf 80' lang='lat' dir='ltr'><strong>maris</strong></span> <span class='ocrx_word' id='word_1_425' title='bbox 3523 2183 3626 2236; x_wconf 79' lang='lat' dir='ltr'><strong>im-</strong></span> 
     </span>
    </p>
   </div>
   <div class='ocr_carea' id='block_1_60' title="bbox 2037 2276 3626 2349">
    <p class='ocr_par' dir='ltr' id='par_1_60' title="bbox 2037 2276 3626 2349">
     <span class='ocr_line' id='line_1_60' title="bbox 2037 2276 3626 2349; baseline -0.004 -17"><span class='ocrx_word' id='word_1_426' title='bbox 2037 2286 2173 2349; x_wconf 90' lang='lat' dir='ltr'><strong>petu</strong></span> <span class='ocrx_word' id='word_1_427' title='bbox 2203 2277 2453 2333; x_wconf 90' lang='lat' dir='ltr'><strong>reducta.</strong></span> <span class='ocrx_word' id='word_1_428' title='bbox 2504 2277 2582 2332; x_wconf 84' lang='lat' dir='ltr'><strong>Ex</strong></span> <span class='ocrx_word' id='word_1_429' title='bbox 2630 2293 2699 2333; x_wconf 89' lang='lat' dir='ltr'><strong>eo</strong></span> <span class='ocrx_word' id='word_1_430' title='bbox 2734 2277 2939 2332; x_wconf 86' lang='lat' dir='ltr'><strong>deinde</strong></span> <span class='ocrx_word' id='word_1_431' title='bbox 2989 2277 3113 2331; x_wconf 87' lang='lat' dir='ltr'><strong>loco</strong></span> <span class='ocrx_word' id='word_1_432' title='bbox 3153 2276 3455 2342; x_wconf 68' lang='lat' dir='ltr'><strong>translata,</strong></span> <span class='ocrx_word' id='word_1_433' title='bbox 3493 2287 3626 2342; x_wconf 80' lang='lat' dir='ltr'><strong>pro-</strong></span> 
     </span>
    </p>
   </div>
   <div class='ocr_carea' id='block_1_61' title="bbox 2041 2364 3628 2442">
    <p class='ocr_par' dir='ltr' id='par_1_61' title="bbox 2041 2364 3628 2442">
     <span class='ocr_line' id='line_1_61' title="bbox 2041 2364 3628 2442; baseline -0.004 -18"><span class='ocrx_word' id='word_1_434' title='bbox 2041 2379 2266 2425; x_wconf 85' lang='lat' dir='ltr'><strong>ventum</strong></span> <span class='ocrx_word' id='word_1_435' title='bbox 2306 2370 2679 2442; x_wconf 85' lang='lat' dir='ltr'><strong>lacrymarum</strong></span> <span class='ocrx_word' id='word_1_436' title='bbox 2707 2370 2790 2426; x_wconf 87' lang='lat' dir='ltr'><strong>eis</strong></span> <span class='ocrx_word' id='word_1_437' title='bbox 2838 2369 3106 2434; x_wconf 84' lang='lat' dir='ltr'><strong>tulerunt,</strong></span> <span class='ocrx_word' id='word_1_438' title='bbox 3134 2366 3238 2439; x_wconf 80' lang='lat' dir='ltr'><strong>qui</strong></span> <span class='ocrx_word' id='word_1_439' title='bbox 3264 2365 3356 2422; x_wconf 89' lang='lat' dir='ltr'><strong>illa</strong></span> <span class='ocrx_word' id='word_1_440' title='bbox 3396 2364 3628 2428; x_wconf 74' lang='lat' dir='ltr'><strong>nudata,</strong></span> 
     </span>
    </p>
   </div>
   <div class='ocr_carea' id='block_1_62' title="bbox 2040 2457 3636 2532">
    <p class='ocr_par' dir='ltr' id='par_1_62' title="bbox 2040 2457 3636 2532">
     <span class='ocr_line' id='line_1_62' title="bbox 2040 2457 3636 2532; baseline -0.005 -16"><span class='ocrx_word' id='word_1_441' title='bbox 2040 2470 2099 2516; x_wconf 91' lang='lat' dir='ltr'><strong>et</strong></span> <span class='ocrx_word' id='word_1_442' title='bbox 2126 2461 2196 2516; x_wconf 85' lang='lat' dir='ltr'><strong>ad</strong></span> <span class='ocrx_word' id='word_1_443' title='bbox 2223 2462 2603 2532; x_wconf 90' lang='lat' dir='ltr'><strong>spectaculum</strong></span> <span class='ocrx_word' id='word_1_444' title='bbox 2631 2462 2880 2532; x_wconf 85' lang='lat' dir='ltr'><strong>exposita</strong></span> <span class='ocrx_word' id='word_1_445' title='bbox 2912 2469 3346 2531; x_wconf 78' lang='lat' dir='ltr'><strong>conspexerunt.</strong></span> <span class='ocrx_word' id='word_1_446' title='bbox 3369 2457 3450 2512; x_wconf 82' lang='lat' dir='ltr'><strong>Ad</strong></span> <span class='ocrx_word' id='word_1_447' title='bbox 3470 2473 3636 2511; x_wconf 52' lang='lat' dir='ltr'><strong>eumw</strong></span> 
     </span>
    </p>
   </div>
   <div class='ocr_carea' id='block_1_63' title="bbox 2042 2551 3637 2625">
    <p class='ocr_par' dir='ltr' id='par_1_63' title="bbox 2042 2551 3637 2625">
     <span class='ocr_line' id='line_1_63' title="bbox 2042 2551 3637 2625; baseline -0.005 -18"><span class='ocrx_word' id='word_1_448' title='bbox 2042 2567 2152 2623; x_wconf 89' lang='lat' dir='ltr'><strong>que</strong></span> <span class='ocrx_word' id='word_1_449' title='bbox 2185 2553 2366 2608; x_wconf 87' lang='lat' dir='ltr'><strong>etiam</strong></span> <span class='ocrx_word' id='word_1_450' title='bbox 2390 2553 2618 2608; x_wconf 91' lang='lat' dir='ltr'><strong>modum</strong></span> <span class='ocrx_word' id='word_1_451' title='bbox 2653 2569 2683 2607; x_wconf 90' lang='lat' dir='ltr'><strong>a</strong></span> <span class='ocrx_word' id='word_1_452' title='bbox 2717 2552 3021 2625; x_wconf 87' lang='lat' dir='ltr'><strong>tyrannicis</strong></span> <span class='ocrx_word' id='word_1_453' title='bbox 3053 2551 3324 2606; x_wconf 75' lang='lat' dir='ltr'><strong>militibus</strong></span> <span class='ocrx_word' id='word_1_454' title='bbox 3362 2556 3637 2620; x_wconf 74' lang='lat' dir='ltr'><strong>spectata,</strong></span> 
     </span>
    </p>
   </div>
   <div class='ocr_carea' id='block_1_64' title="bbox 2044 2640 3631 2716">
    <p class='ocr_par' dir='ltr' id='par_1_64' title="bbox 2044 2640 3631 2716">
     <span class='ocr_line' id='line_1_64' title="bbox 2044 2640 3631 2716; baseline -0.004 -16"><span class='ocrx_word' id='word_1_455' title='bbox 2044 2646 2099 2700; x_wconf 90' lang='lat' dir='ltr'><strong>in</strong></span> <span class='ocrx_word' id='word_1_456' title='bbox 2135 2645 2431 2701; x_wconf 87' lang='lat' dir='ltr'><strong>tribunalis</strong></span> <span class='ocrx_word' id='word_1_457' title='bbox 2459 2661 2653 2716; x_wconf 90' lang='lat' dir='ltr'><strong>campo</strong></span> <span class='ocrx_word' id='word_1_458' title='bbox 2696 2646 2792 2708; x_wconf 85' lang='lat' dir='ltr'><strong>(ita</strong></span> <span class='ocrx_word' id='word_1_459' title='bbox 2841 2646 2990 2701; x_wconf 89' lang='lat' dir='ltr'><strong>enim</strong></span> <span class='ocrx_word' id='word_1_460' title='bbox 3025 2645 3230 2700; x_wconf 85' lang='lat' dir='ltr'><strong>dicitur</strong></span> <span class='ocrx_word' id='word_1_461' title='bbox 3263 2642 3358 2712; x_wconf 93' lang='lat' dir='ltr'><strong>qui</strong></span> <span class='ocrx_word' id='word_1_462' title='bbox 3393 2641 3458 2696; x_wconf 86' lang='lat' dir='ltr'><strong>ad</strong></span> <span class='ocrx_word' id='word_1_463' title='bbox 3493 2640 3631 2710; x_wconf 87' lang='lat' dir='ltr'><strong>Sep-</strong></span> 
     </span>
    </p>
   </div>
   <div class='ocr_carea' id='block_1_65' title="bbox 2045 2734 3636 2815">
    <p class='ocr_par' dir='ltr' id='par_1_65' title="bbox 2045 2734 3636 2815">
     <span class='ocr_line' id='line_1_65' title="bbox 2045 2734 3636 2815; baseline -0.003 -24"><span class='ocrx_word' id='word_1_464' title='bbox 2045 2736 2239 2792; x_wconf 89' lang='lat' dir='ltr'><strong>timum</strong></span> <span class='ocrx_word' id='word_1_465' title='bbox 2283 2738 2390 2805; x_wconf 88' lang='lat' dir='ltr'><strong>est)</strong></span> <span class='ocrx_word' id='word_1_466' title='bbox 2420 2747 2627 2815; x_wconf 81' lang='lat' dir='ltr'><strong>temere</strong></span> <span class='ocrx_word' id='word_1_467' title='bbox 2688 2740 2930 2809; x_wconf 87' lang='lat' dir='ltr'><strong>projecta</strong></span> <span class='ocrx_word' id='word_1_468' title='bbox 2979 2745 3130 2793; x_wconf 88' lang='lat' dir='ltr'><strong>sunt.</strong></span> <span class='ocrx_word' id='word_1_469' title='bbox 3175 2735 3267 2791; x_wconf 91' lang='lat' dir='ltr'><strong>Sic</strong></span> <span class='ocrx_word' id='word_1_470' title='bbox 3327 2734 3477 2790; x_wconf 91' lang='lat' dir='ltr'><strong>enim</strong></span> <span class='ocrx_word' id='word_1_471' title='bbox 3532 2748 3636 2804; x_wconf 87' lang='lat' dir='ltr'><strong>per</strong></span> 
     </span>
    </p>
   </div>
   <div class='ocr_carea' id='block_1_66' title="bbox 2043 2827 3642 2900">
    <p class='ocr_par' dir='ltr' id='par_1_66' title="bbox 2043 2827 3642 2900">
     <span class='ocr_line' id='line_1_66' title="bbox 2043 2827 3642 2900; baseline -0.002 -18"><span class='ocrx_word' id='word_1_472' title='bbox 2043 2828 2321 2898; x_wconf 86' lang='lat' dir='ltr'><strong>ejusmodi</strong></span> <span class='ocrx_word' id='word_1_473' title='bbox 2356 2832 2738 2900; x_wconf 85' lang='lat' dir='ltr'><strong>spectaculum</strong></span> <span class='ocrx_word' id='word_1_474' title='bbox 2771 2831 3082 2886; x_wconf 89' lang='lat' dir='ltr'><strong>exercitum</strong></span> <span class='ocrx_word' id='word_1_475' title='bbox 3132 2831 3203 2884; x_wconf 89' lang='lat' dir='ltr'><strong>ab</strong></span> <span class='ocrx_word' id='word_1_476' title='bbox 3246 2827 3399 2884; x_wconf 91' lang='lat' dir='ltr'><strong>omni</strong></span> <span class='ocrx_word' id='word_1_477' title='bbox 3436 2827 3642 2880; x_wconf 52' lang='lat' dir='ltr'><strong>humas-</strong></span> 
     </span>
    </p>
   </div>
   <div class='ocr_carea' id='block_1_67' title="bbox 2045 2920 3632 2996">
    <p class='ocr_par' dir='ltr' id='par_1_67' title="bbox 2045 2920 3632 2996">
     <span class='ocr_line' id='line_1_67' title="bbox 2045 2920 3632 2996; baseline -0.001 -22"><span class='ocrx_word' id='word_1_478' title='bbox 2045 2920 2220 2975; x_wconf 85' lang='lat' dir='ltr'><strong>nitate</strong></span> <span class='ocrx_word' id='word_1_479' title='bbox 2273 2921 2704 2990; x_wconf 85' lang='lat' dir='ltr'><strong>alienissimum,</strong></span> <span class='ocrx_word' id='word_1_480' title='bbox 2754 2925 2957 2994; x_wconf 84' lang='lat' dir='ltr'><strong>piaculi</strong></span> <span class='ocrx_word' id='word_1_481' title='bbox 3015 2938 3241 2996; x_wconf 89' lang='lat' dir='ltr'><strong>quoque</strong></span> <span class='ocrx_word' id='word_1_482' title='bbox 3302 2920 3632 2991; x_wconf 89' lang='lat' dir='ltr'><strong>participem</strong></span> 
     </span>
    </p>
   </div>
   <div class='ocr_carea' id='block_1_68' title="bbox 2047 3012 3635 3086">
    <p class='ocr_par' dir='ltr' id='par_1_68' title="bbox 2047 3012 3635 3086">
     <span class='ocr_line' id='line_1_68' title="bbox 2047 3012 3635 3086; baseline -0.001 -20"><span class='ocrx_word' id='word_1_483' title='bbox 2047 3012 2168 3068; x_wconf 83' lang='lat' dir='ltr'><strong>ﬁeri</strong></span> <span class='ocrx_word' id='word_1_484' title='bbox 2200 3015 2534 3085; x_wconf 84' lang='lat' dir='ltr'><strong>Oportebat:</strong></span> <span class='ocrx_word' id='word_1_485' title='bbox 2572 3026 2630 3071; x_wconf 91' lang='lat' dir='ltr'><strong>ut</strong></span> <span class='ocrx_word' id='word_1_486' title='bbox 2680 3016 2894 3072; x_wconf 87' lang='lat' dir='ltr'><strong>scilicet</strong></span> <span class='ocrx_word' id='word_1_487' title='bbox 2943 3016 3092 3086; x_wconf 87' lang='lat' dir='ltr'><strong>quod</strong></span> <span class='ocrx_word' id='word_1_488' title='bbox 3131 3014 3381 3069; x_wconf 85' lang='lat' dir='ltr'><strong>fraudem</strong></span> <span class='ocrx_word' id='word_1_489' title='bbox 3412 3021 3470 3066; x_wconf 91' lang='lat' dir='ltr'><strong>et</strong></span> <span class='ocrx_word' id='word_1_490' title='bbox 3517 3025 3635 3064; x_wconf 84' lang='lat' dir='ltr'><strong>ma-</strong></span> 
     </span>
    </p>
   </div>
   <div class='ocr_carea' id='block_1_69' title="bbox 2048 3103 3633 3178">
    <p class='ocr_par' dir='ltr' id='par_1_69' title="bbox 2048 3103 3633 3178">
     <span class='ocr_line' id='line_1_69' title="bbox 2048 3103 3633 3178; baseline -0.002 -18"><span class='ocrx_word' id='word_1_491' title='bbox 2048 3105 2224 3160; x_wconf 91' lang='lat' dir='ltr'><strong>litiam</strong></span> <span class='ocrx_word' id='word_1_492' title='bbox 2265 3107 2406 3174; x_wconf 87' lang='lat' dir='ltr'><strong>odit,</strong></span> <span class='ocrx_word' id='word_1_493' title='bbox 2447 3108 2729 3178; x_wconf 80' lang='lat' dir='ltr'><strong>nullisque</strong></span> <span class='ocrx_word' id='word_1_494' title='bbox 2774 3108 3158 3178; x_wconf 82' lang='lat' dir='ltr'><strong>corrumpitur</strong></span> <span class='ocrx_word' id='word_1_495' title='bbox 3190 3106 3354 3160; x_wconf 90' lang='lat' dir='ltr'><strong>donis</strong></span> <span class='ocrx_word' id='word_1_496' title='bbox 3390 3104 3487 3158; x_wconf 89' lang='lat' dir='ltr'><strong>Dei</strong></span> <span class='ocrx_word' id='word_1_497' title='bbox 3543 3103 3633 3172; x_wconf 49' lang='lat' dir='ltr'><strong>in-</strong></span> 
     </span>
    </p>
   </div>
   <div class='ocr_carea' id='block_1_70' title="bbox 2049 3193 3639 3266">
    <p class='ocr_par' dir='ltr' id='par_1_70' title="bbox 2049 3193 3639 3266">
     <span class='ocr_line' id='line_1_70' title="bbox 2049 3193 3639 3266; baseline 0.002 -14"><span class='ocrx_word' id='word_1_498' title='bbox 2049 3198 2280 3264; x_wconf 89' lang='lat' dir='ltr'><strong>dicium,</strong></span> <span class='ocrx_word' id='word_1_499' title='bbox 2319 3214 2523 3255; x_wconf 84' lang='lat' dir='ltr'><strong>omnes</strong></span> <span class='ocrx_word' id='word_1_500' title='bbox 2545 3215 2642 3254; x_wconf 90' lang='lat' dir='ltr'><strong>eos</strong></span> <span class='ocrx_word' id='word_1_501' title='bbox 2699 3200 3089 3255; x_wconf 82' lang='lat' dir='ltr'><strong>retributionis</strong></span> <span class='ocrx_word' id='word_1_502' title='bbox 3144 3198 3396 3254; x_wconf 87' lang='lat' dir='ltr'><strong>irretiret</strong></span> <span class='ocrx_word' id='word_1_503' title='bbox 3435 3193 3639 3266; x_wconf 60' lang='lat' dir='ltr'><strong>plagis.</strong></span> 
     </span>
    </p>
   </div>
   <div class='ocr_carea' id='block_1_71' title="bbox 2051 3287 3640 3364">
    <p class='ocr_par' dir='ltr' id='par_1_71' title="bbox 2051 3287 3640 3364">
     <span class='ocr_line' id='line_1_71' title="bbox 2051 3287 3640 3364; baseline -0.003 -19"><span class='ocrx_word' id='word_1_504' title='bbox 2051 3291 2405 3350; x_wconf 89' lang='lat' dir='ltr'><strong>Perniciosus</strong></span> <span class='ocrx_word' id='word_1_505' title='bbox 2435 3308 2672 3364; x_wconf 88' lang='lat' dir='ltr'><strong>namque</strong></span> <span class='ocrx_word' id='word_1_506' title='bbox 2718 3304 2776 3350; x_wconf 87' lang='lat' dir='ltr'><strong>et</strong></span> <span class='ocrx_word' id='word_1_507' title='bbox 2810 3293 3174 3349; x_wconf 83' lang='lat' dir='ltr'><strong>exsecrabilis</strong></span> <span class='ocrx_word' id='word_1_508' title='bbox 3201 3291 3484 3347; x_wconf 85' lang='lat' dir='ltr'><strong>exercitus</strong></span> <span class='ocrx_word' id='word_1_509' title='bbox 3521 3287 3640 3350; x_wconf 80' lang='lat' dir='ltr'><strong>ille,</strong></span> 
     </span>
    </p>
   </div>
   <div class='ocr_carea' id='block_1_72' title="bbox 2049 3380 3635 3457">
    <p class='ocr_par' dir='ltr' id='par_1_72' title="bbox 2049 3380 3635 3457">
     <span class='ocr_line' id='line_1_72' title="bbox 2049 3380 3635 3457; baseline -0.003 -19"><span class='ocrx_word' id='word_1_510' title='bbox 2049 3386 2404 3454; x_wconf 73' lang='lat' dir='ltr'><strong>gravissimis</strong></span> <span class='ocrx_word' id='word_1_511' title='bbox 2442 3388 2812 3457; x_wconf 81' lang='lat' dir='ltr'><strong>maximisque</strong></span> <span class='ocrx_word' id='word_1_512' title='bbox 2880 3387 3297 3441; x_wconf 88' lang='lat' dir='ltr'><strong>circumventus</strong></span> <span class='ocrx_word' id='word_1_513' title='bbox 3351 3380 3635 3444; x_wconf 72' lang='lat' dir='ltr'><strong>:vrumnis,</strong></span> 
     </span>
    </p>
   </div>
   <div class='ocr_carea' id='block_1_73' title="bbox 2053 3475 3635 3549">
    <p class='ocr_par' dir='ltr' id='par_1_73' title="bbox 2053 3475 3635 3549">
     <span class='ocr_line' id='line_1_73' title="bbox 2053 3475 3635 3549; baseline -0.002 -16"><span class='ocrx_word' id='word_1_514' title='bbox 2053 3495 2153 3549; x_wconf 86' lang='lat' dir='ltr'><strong>per</strong></span> <span class='ocrx_word' id='word_1_515' title='bbox 2199 3483 2380 3534; x_wconf 89' lang='lat' dir='ltr'><strong>varias</strong></span> <span class='ocrx_word' id='word_1_516' title='bbox 2407 3480 2594 3536; x_wconf 90' lang='lat' dir='ltr'><strong>clades</strong></span> <span class='ocrx_word' id='word_1_517' title='bbox 2621 3481 2790 3535; x_wconf 90' lang='lat' dir='ltr'><strong>vitam</strong></span> <span class='ocrx_word' id='word_1_518' title='bbox 2843 3479 2989 3535; x_wconf 87' lang='lat' dir='ltr'><strong>hanc</strong></span> <span class='ocrx_word' id='word_1_519' title='bbox 3037 3487 3217 3533; x_wconf 89' lang='lat' dir='ltr'><strong>morte</strong></span> <span class='ocrx_word' id='word_1_520' title='bbox 3248 3475 3635 3532; x_wconf 81' lang='lat' dir='ltr'><strong>commutavit.</strong></span> 
     </span>
    </p>
   </div>
   <div class='ocr_carea' id='block_1_74' title="bbox 2053 3570 3638 3644">
    <p class='ocr_par' dir='ltr' id='par_1_74' title="bbox 2053 3570 3638 3644">
     <span class='ocr_line' id='line_1_74' title="bbox 2053 3570 3638 3644; baseline -0.006 -15"><span class='ocrx_word' id='word_1_521' title='bbox 2053 3574 2354 3644; x_wconf 87' lang='lat' dir='ltr'><strong>Postquam</strong></span> <span class='ocrx_word' id='word_1_522' title='bbox 2387 3574 2536 3629; x_wconf 91' lang='lat' dir='ltr'><strong>enim</strong></span> <span class='ocrx_word' id='word_1_523' title='bbox 2566 3574 2796 3629; x_wconf 69' lang='lat' dir='ltr'><strong>Persica</strong></span> <span class='ocrx_word' id='word_1_524' title='bbox 2822 3589 3044 3628; x_wconf 88' lang='lat' dir='ltr'><strong>rursum</strong></span> <span class='ocrx_word' id='word_1_525' title='bbox 3079 3570 3362 3641; x_wconf 80' lang='lat' dir='ltr'><strong>expeditio</strong></span> <span class='ocrx_word' id='word_1_526' title='bbox 3407 3583 3638 3623; x_wconf 79' lang='lat' dir='ltr'><strong>sumen-</strong></span> 
     </span>
    </p>
   </div>
   <div class='ocr_carea' id='block_1_75' title="bbox 2053 3660 3640 3736">
    <p class='ocr_par' dir='ltr' id='par_1_75' title="bbox 2053 3660 3640 3736">
     <span class='ocr_line' id='line_1_75' title="bbox 2053 3660 3640 3736; baseline -0.008 -12"><span class='ocrx_word' id='word_1_527' title='bbox 2053 3669 2254 3724; x_wconf 88' lang='lat' dir='ltr'><strong>dorum</strong></span> <span class='ocrx_word' id='word_1_528' title='bbox 2292 3683 2572 3723; x_wconf 80' lang='lat' dir='ltr'><strong>armorum</strong></span> <span class='ocrx_word' id='word_1_529' title='bbox 2604 3668 2922 3723; x_wconf 81' lang='lat' dir='ltr'><strong>libertatem</strong></span> <span class='ocrx_word' id='word_1_530' title='bbox 2959 3667 3194 3736; x_wconf 81' lang='lat' dir='ltr'><strong>accepit,</strong></span> <span class='ocrx_word' id='word_1_531' title='bbox 3237 3664 3484 3736; x_wconf 79' lang='lat' dir='ltr'><strong>Cliosroe</strong></span> <span class='ocrx_word' id='word_1_532' title='bbox 3543 3660 3640 3713; x_wconf 84' lang='lat' dir='ltr'><strong>ad-</strong></span> 
     </span>
    </p>
   </div>
   <div class='ocr_carea' id='block_1_76' title="bbox 2054 3752 3639 3828">
    <p class='ocr_par' dir='ltr' id='par_1_76' title="bbox 2054 3752 3639 3828">
     <span class='ocr_line' id='line_1_76' title="bbox 2054 3752 3639 3828; baseline -0.007 -14"><span class='ocrx_word' id='word_1_533' title='bbox 2054 3762 2285 3814; x_wconf 89' lang='lat' dir='ltr'><strong>missum</strong></span> <span class='ocrx_word' id='word_1_534' title='bbox 2347 3759 2401 3813; x_wconf 91' lang='lat' dir='ltr'><strong>in</strong></span> <span class='ocrx_word' id='word_1_535' title='bbox 2452 3759 2719 3814; x_wconf 76' lang='lat' dir='ltr'><strong>Mauricio</strong></span> <span class='ocrx_word' id='word_1_536' title='bbox 2771 3758 3050 3828; x_wconf 88' lang='lat' dir='ltr'><strong>piaculum</strong></span> <span class='ocrx_word' id='word_1_537' title='bbox 3110 3755 3337 3824; x_wconf 83' lang='lat' dir='ltr'><strong>indigne</strong></span> <span class='ocrx_word' id='word_1_538' title='bbox 3397 3752 3639 3808; x_wconf 81' lang='lat' dir='ltr'><strong>ferente.</strong></span> 
     </span>
    </p>
   </div>
   <div class='ocr_carea' id='block_1_77' title="bbox 2056 3842 3643 3919">
    <p class='ocr_par' dir='ltr' id='par_1_77' title="bbox 2056 3842 3643 3919">
     <span class='ocr_line' id='line_1_77' title="bbox 2056 3842 3643 3919; baseline -0.009 -11"><span class='ocrx_word' id='word_1_539' title='bbox 2056 3853 2260 3908; x_wconf 90' lang='lat' dir='ltr'><strong>bellum</strong></span> <span class='ocrx_word' id='word_1_540' title='bbox 2286 3851 2501 3906; x_wconf 89' lang='lat' dir='ltr'><strong>scilicet</strong></span> <span class='ocrx_word' id='word_1_541' title='bbox 2539 3860 2747 3905; x_wconf 92' lang='lat' dir='ltr'><strong>motum</strong></span> <span class='ocrx_word' id='word_1_542' title='bbox 2772 3858 2888 3904; x_wconf 91' lang='lat' dir='ltr'><strong>est:</strong></span> <span class='ocrx_word' id='word_1_543' title='bbox 2909 3848 3074 3919; x_wconf 78' lang='lat'><strong>863</strong></span> <span class='ocrx_word' id='word_1_544' title='bbox 3089 3858 3144 3902; x_wconf 90' lang='lat' dir='ltr'><strong>et</strong></span> <span class='ocrx_word' id='word_1_545' title='bbox 3176 3845 3457 3901; x_wconf 70' lang='lat' dir='ltr'><strong>exercitus</strong></span> <span class='ocrx_word' id='word_1_546' title='bbox 3471 3842 3643 3896; x_wconf 87' lang='lat' dir='ltr'><strong>variis</strong></span> 
     </span>
    </p>
   </div>
   <div class='ocr_carea' id='block_1_78' title="bbox 2057 3936 3639 4008">
    <p class='ocr_par' dir='ltr' id='par_1_78' title="bbox 2057 3936 3639 4008">
     <span class='ocr_line' id='line_1_78' title="bbox 2057 3936 3639 4008; baseline -0.008 -10"><span class='ocrx_word' id='word_1_547' title='bbox 2057 3943 2246 3998; x_wconf 88' lang='lat' dir='ltr'><strong>modis-</strong></span> <span class='ocrx_word' id='word_1_548' title='bbox 2273 3942 2437 3997; x_wconf 89' lang='lat' dir='ltr'><strong>simul</strong></span> <span class='ocrx_word' id='word_1_549' title='bbox 2459 3951 2516 3998; x_wconf 90' lang='lat' dir='ltr'><strong>et</strong></span> <span class='ocrx_word' id='word_1_550' title='bbox 2551 3943 2754 3996; x_wconf 81' lang='lat' dir='ltr'><strong>divinae</strong></span> <span class='ocrx_word' id='word_1_551' title='bbox 2778 3941 3039 3995; x_wconf 70' lang='lat' dir='ltr'><strong>vindictae</strong></span> <span class='ocrx_word' id='word_1_552' title='bbox 3071 3953 3282 4008; x_wconf 68' lang='grc' dir='ltr'><strong>ρωπος,</strong></span> <span class='ocrx_word' id='word_1_553' title='bbox 3311 3944 3367 3989; x_wconf 89' lang='lat' dir='ltr'><strong>et</strong></span> <span class='ocrx_word' id='word_1_554' title='bbox 3392 3936 3639 4004; x_wconf 88' lang='lat' dir='ltr'><strong>ipsorum</strong></span> 
     </span>
    </p>
   </div>
   <div class='ocr_carea' id='block_1_79' title="bbox 2055 4025 3640 4106">
    <p class='ocr_par' dir='ltr' id='par_1_79' title="bbox 2055 4025 3640 4106">
     <span class='ocr_line' id='line_1_79' title="bbox 2055 4025 3640 4106; baseline -0.011 -15"><span class='ocrx_word' id='word_1_555' title='bbox 2055 4035 2376 4106; x_wconf 66' lang='lat' dir='ltr'><strong>proeliorum</strong></span> <span class='ocrx_word' id='word_1_556' title='bbox 2433 4049 2594 4090; x_wconf 88' lang='lat' dir='ltr'><strong>casus</strong></span> <span class='ocrx_word' id='word_1_557' title='bbox 2657 4033 2882 4088; x_wconf 69' lang='lat' dir='ltr'><strong>subiit:</strong></span> <span class='ocrx_word' id='word_1_558' title='bbox 2932 4047 3057 4086; x_wconf 92' lang='lat' dir='ltr'><strong>cum</strong></span> <span class='ocrx_word' id='word_1_559' title='bbox 3116 4027 3454 4099; x_wconf 87' lang='lat' dir='ltr'><strong>quandoque</strong></span> <span class='ocrx_word' id='word_1_560' title='bbox 3516 4025 3640 4093; x_wconf 84' lang='lat' dir='ltr'><strong>ipso</strong></span> 
     </span>
    </p>
   </div>
   <div class='ocr_carea' id='block_1_80' title="bbox 2057 4113 3708 4194">
    <p class='ocr_par' dir='ltr' id='par_1_80' title="bbox 2057 4113 3708 4194">
     <span class='ocr_line' id='line_1_80' title="bbox 2057 4113 3708 4194; baseline -0.01 -14"><span class='ocrx_word' id='word_1_561' title='bbox 2057 4125 2350 4181; x_wconf 78' lang='lat' dir='ltr'><strong>conflictus</strong></span> <span class='ocrx_word' id='word_1_562' title='bbox 2381 4135 2648 4194; x_wconf 89' lang='lat' dir='ltr'><strong>tempore,</strong></span> <span class='ocrx_word' id='word_1_563' title='bbox 2684 4137 2887 4177; x_wconf 72' lang='lat' dir='ltr'><strong>sawum</strong></span> <span class='ocrx_word' id='word_1_564' title='bbox 2921 4126 2977 4175; x_wconf 91' lang='lat' dir='ltr'><strong>in</strong></span> <span class='ocrx_word' id='word_1_565' title='bbox 3019 4120 3244 4174; x_wconf 89' lang='lat' dir='ltr'><strong>modum</strong></span> <span class='ocrx_word' id='word_1_566' title='bbox 3283 4114 3494 4171; x_wconf 76' lang='lat' dir='ltr'><strong>caelesti</strong></span> <span class='ocrx_word' id='word_1_567' title='bbox 3519 4113 3645 4182; x_wconf 82' lang='lat' dir='ltr'><strong>igne</strong></span> <span class='ocrx_word' id='word_1_568' title='bbox 3703 4173 3708 4177; x_wconf 91' lang='lat'>_</span> 
     </span>
    </p>
   </div>
   <div class='ocr_carea' id='block_1_81' title="bbox 2059 4207 3646 4288">
    <p class='ocr_par' dir='ltr' id='par_1_81' title="bbox 2059 4207 3646 4288">
     <span class='ocr_line' id='line_1_81' title="bbox 2059 4207 3646 4288; baseline -0.008 -19"><span class='ocrx_word' id='word_1_569' title='bbox 2059 4225 2390 4288; x_wconf 84' lang='lat' dir='ltr'><strong>peteretur:</strong></span> <span class='ocrx_word' id='word_1_570' title='bbox 2440 4216 2780 4286; x_wconf 87' lang='lat' dir='ltr'><strong>quandoque</strong></span> <span class='ocrx_word' id='word_1_571' title='bbox 2806 4223 2994 4268; x_wconf 90' lang='lat' dir='ltr'><strong>autem</strong></span> <span class='ocrx_word' id='word_1_572' title='bbox 3026 4211 3170 4265; x_wconf 87' lang='lat' dir='ltr'><strong>fame</strong></span> <span class='ocrx_word' id='word_1_573' title='bbox 3222 4221 3277 4264; x_wconf 89' lang='lat' dir='ltr'><strong>et</strong></span> <span class='ocrx_word' id='word_1_574' title='bbox 3329 4207 3646 4275; x_wconf 86' lang='lat' dir='ltr'><strong>direptione</strong></span> 
     </span>
    </p>
   </div>
   <div class='ocr_carea' id='block_1_82' title="bbox 2061 4298 3646 4376">
    <p class='ocr_par' dir='ltr' id='par_1_82' title="bbox 2061 4298 3646 4376">
     <span class='ocr_line' id='line_1_82' title="bbox 2061 4298 3646 4376; baseline -0.011 -11"><span class='ocrx_word' id='word_1_575' title='bbox 2061 4307 2404 4374; x_wconf 87' lang='lat' dir='ltr'><strong>multimoda,</strong></span> <span class='ocrx_word' id='word_1_576' title='bbox 2446 4307 2874 4376; x_wconf 86' lang='lat' dir='ltr'><strong>captivitateque</strong></span> <span class='ocrx_word' id='word_1_577' title='bbox 2910 4315 3031 4374; x_wconf 88' lang='lat' dir='ltr'><strong>post</strong></span> <span class='ocrx_word' id='word_1_578' title='bbox 3061 4301 3350 4357; x_wconf 78' lang='lat' dir='ltr'><strong>victoriam</strong></span> <span class='ocrx_word' id='word_1_579' title='bbox 3387 4298 3646 4353; x_wconf 88' lang='lat' dir='ltr'><strong>amissam</strong></span> 
     </span>
    </p>
   </div>
   <div class='ocr_carea' id='block_1_83' title="bbox 2060 4391 3652 4470">
    <p class='ocr_par' dir='ltr' id='par_1_83' title="bbox 2060 4391 3652 4470">
     <span class='ocr_line' id='line_1_83' title="bbox 2060 4391 3652 4470; baseline -0.009 -16"><span class='ocrx_word' id='word_1_580' title='bbox 2060 4401 2416 4470; x_wconf 79' lang='lat' dir='ltr'><strong>allligeretur.</strong></span> <span class='ocrx_word' id='word_1_581' title='bbox 2449 4398 2683 4452; x_wconf 78' lang='lat' dir='ltr'><strong>Maxima</strong></span> <span class='ocrx_word' id='word_1_582' title='bbox 2704 4412 2838 4452; x_wconf 87' lang='lat' dir='ltr'><strong>vero</strong></span> <span class='ocrx_word' id='word_1_583' title='bbox 2869 4397 2990 4466; x_wconf 85' lang='lat' dir='ltr'><strong>ejus</strong></span> <span class='ocrx_word' id='word_1_584' title='bbox 3022 4409 3151 4465; x_wconf 87' lang='lat' dir='ltr'><strong>pars</strong></span> <span class='ocrx_word' id='word_1_585' title='bbox 3191 4409 3287 4447; x_wconf 84' lang='lat' dir='ltr'><strong>ore</strong></span> <span class='ocrx_word' id='word_1_586' title='bbox 3319 4391 3487 4462; x_wconf 80' lang='lat' dir='ltr'><strong>gladii</strong></span> <span class='ocrx_word' id='word_1_587' title='bbox 3517 4405 3652 4443; x_wconf 86' lang='lat' dir='ltr'><strong>eon-</strong></span> 
     </span>
    </p>
   </div>
   <div class='ocr_carea' id='block_1_84' title="bbox 383 4482 1951 4560">
    <p class='ocr_par' dir='ltr' id='par_1_84' title="bbox 383 4487 1951 4559">
     <span class='ocr_line' id='line_1_84' title="bbox 383 4487 1951 4559; baseline -0.001 -15"><span class='ocrx_word' id='word_1_588' title='bbox 383 4491 553 4544; x_wconf 87' lang='grc' dir='ltr'><strong>κότων</strong></span> <span class='ocrx_word' id='word_1_589' title='bbox 615 4489 1062 4559; x_wconf 84' lang='grc' dir='ltr'><strong>δεκατεσσάρων,.</strong></span> <span class='ocrx_word' id='word_1_590' title='bbox 1086 4488 1410 4556; x_wconf 85' lang='grc' dir='ltr'><strong>Ἡρακλείου</strong></span> <span class='ocrx_word' id='word_1_591' title='bbox 1461 4489 1602 4558; x_wconf 73' lang='grc' dir='ltr'><strong>πρὸς</strong></span> <span class='ocrx_word' id='word_1_592' title='bbox 1633 4487 1724 4541; x_wconf 70' lang='grc' dir='ltr'><strong>τὸν</strong></span> <span class='ocrx_word' id='word_1_593' title='bbox 1761 4487 1951 4552; x_wconf 81' lang='grc' dir='ltr'><strong>Ῥαζά-</strong></span> 
     </span>
    </p>
   </div>
   <div class='ocr_carea' id='block_1_85' title="bbox 2055 4482 3649 4560">
    <p class='ocr_par' dir='ltr' id='par_1_85' title="bbox 2066 4482 3649 4560">
     <span class='ocr_line' id='line_1_85' title="bbox 2066 4482 3649 4560; baseline -0.004 -16"><span class='ocrx_word' id='word_1_594' title='bbox 2066 4493 2221 4557; x_wconf 87' lang='lat' dir='ltr'><strong>cidit,</strong></span> <span class='ocrx_word' id='word_1_595' title='bbox 2255 4499 2310 4546; x_wconf 90' lang='lat' dir='ltr'><strong>et</strong></span> <span class='ocrx_word' id='word_1_596' title='bbox 2354 4491 2488 4546; x_wconf 83' lang='lat' dir='ltr'><strong>ferri</strong></span> <span class='ocrx_word' id='word_1_597' title='bbox 2538 4491 2694 4560; x_wconf 89' lang='lat' dir='ltr'><strong>quasi</strong></span> <span class='ocrx_word' id='word_1_598' title='bbox 2739 4490 2886 4544; x_wconf 82' lang='lat' dir='ltr'><strong>aliud</strong></span> <span class='ocrx_word' id='word_1_599' title='bbox 2939 4487 3158 4558; x_wconf 84' lang='lat' dir='ltr'><strong>agentis</strong></span> <span class='ocrx_word' id='word_1_600' title='bbox 3194 4500 3335 4556; x_wconf 84' lang='lat' dir='ltr'><strong>opus</strong></span> <span class='ocrx_word' id='word_1_601' title='bbox 3366 4482 3508 4537; x_wconf 84' lang='lat' dir='ltr'><strong>faeta</strong></span> <span class='ocrx_word' id='word_1_602' title='bbox 3542 4492 3649 4538; x_wconf 89' lang='lat' dir='ltr'><strong>est.</strong></span> 
     </span>
    </p>
   </div>
   <div class='ocr_carea' id='block_1_86' title="bbox 383 4579 1964 4653">
    <p class='ocr_par' dir='ltr' id='par_1_86' title="bbox 383 4579 1964 4653">
     <span class='ocr_line' id='line_1_86' title="bbox 383 4579 1964 4653; baseline -0.001 -18"><span class='ocrx_word' id='word_1_603' title='bbox 383 4599 479 4653; x_wconf 86' lang='grc' dir='ltr'><strong>την</strong></span> <span class='ocrx_word' id='word_1_604' title='bbox 513 4583 833 4652; x_wconf 73' lang='grc' dir='ltr'><strong>ποιουμένου</strong></span> <span class='ocrx_word' id='word_1_605' title='bbox 868 4583 974 4636; x_wconf 61' lang='grc' dir='ltr'><strong>τὸνκ</strong></span> <span class='ocrx_word' id='word_1_606' title='bbox 991 4582 1252 4648; x_wconf 82' lang='grc' dir='ltr'><strong>πόλεμον,</strong></span> <span class='ocrx_word' id='word_1_607' title='bbox 1287 4581 1406 4634; x_wconf 72' lang='grc' dir='ltr'><strong>ἐπεὶ</strong></span> <span class='ocrx_word' id='word_1_608' title='bbox 1427 4579 1489 4633; x_wconf 83' lang='grc' dir='ltr'><strong>τὺ</strong></span> <span class='ocrx_word' id='word_1_609' title='bbox 1523 4580 1805 4634; x_wconf 81' lang='grc' dir='ltr'><strong>ὁπλιτικὸν</strong></span> <span class='ocrx_word' id='word_1_610' title='bbox 1831 4581 1964 4634; x_wconf 75' lang='grc' dir='ltr'><strong>ἁνα-</strong></span> 
     </span>
    </p>
   </div>
   <div class='ocr_carea' id='block_1_87' title="bbox 385 4670 1965 4742">
    <p class='ocr_par' dir='ltr' id='par_1_87' title="bbox 385 4670 1965 4742">
     <span class='ocr_line' id='line_1_87' title="bbox 385 4670 1965 4742; baseline 0 -18"><span class='ocrx_word' id='word_1_611' title='bbox 385 4671 584 4739; x_wconf 77' lang='grc' dir='ltr'><strong>κρίνων</strong></span> <span class='ocrx_word' id='word_1_612' title='bbox 640 4671 1006 4741; x_wconf 81' lang='grc' dir='ltr'><strong>ὲφυλοκρίνει,</strong></span> <span class='ocrx_word' id='word_1_613' title='bbox 1059 4671 1169 4724; x_wconf 63' lang='grc' dir='ltr'><strong>δύο»</strong></span> <span class='ocrx_word' id='word_1_614' title='bbox 1205 4670 1303 4725; x_wconf 77' lang='grc' dir='ltr'><strong>καὶ</strong></span> <span class='ocrx_word' id='word_1_615' title='bbox 1353 4672 1550 4740; x_wconf 85' lang='grc' dir='ltr'><strong>μόνους</strong></span> <span class='ocrx_word' id='word_1_616' title='bbox 1618 4672 1965 4742; x_wconf 81' lang='grc' dir='ltr'><strong>στρατιώτας</strong></span> 
     </span>
    </p>
   </div>
   <div class='ocr_carea' id='block_1_88' title="bbox 385 4763 1966 4835">
    <p class='ocr_par' dir='ltr' id='par_1_88' title="bbox 385 4763 1966 4835">
     <span class='ocr_line' id='line_1_88' title="bbox 385 4763 1966 4835; baseline 0.002 -21"><span class='ocrx_word' id='word_1_617' title='bbox 385 4763 486 4833; x_wconf 82' lang='grc' dir='ltr'><strong>τῆς</strong></span> <span class='ocrx_word' id='word_1_618' title='bbox 512 4763 900 4832; x_wconf 78' lang='grc' dir='ltr'><strong>φιλοτυράννου</strong></span> <span class='ocrx_word' id='word_1_619' title='bbox 923 4764 1167 4835; x_wconf 82' lang='grc' dir='ltr'><strong>πληθύος</strong></span> <span class='ocrx_word' id='word_1_620' title='bbox 1190 4763 1410 4834; x_wconf 76' lang='grc' dir='ltr'><strong>ἐκείνης</strong></span> <span class='ocrx_word' id='word_1_621' title='bbox 1456 4764 1966 4834; x_wconf 78' lang='grc' dir='ltr'><strong>ὑπολελειμμένους</strong></span> 
     </span>
    </p>
   </div>
   <div class='ocr_carea' id='block_1_89' title="bbox 387 4856 1965 4928">
    <p class='ocr_par' dir='ltr' id='par_1_89' title="bbox 387 4856 1965 4928">
     <span class='ocr_line' id='line_1_89' title="bbox 387 4856 1965 4928; baseline 0.003 -20"><span class='ocrx_word' id='word_1_622' title='bbox 387 4857 648 4926; x_wconf 75' lang='grc' dir='ltr'><strong>εὑρίσκει.</strong></span> <span class='ocrx_word' id='word_1_623' title='bbox 695 4856 848 4910; x_wconf 79' lang='grc' dir='ltr'><strong>Ἐπεὶ</strong></span> <span class='ocrx_word' id='word_1_624' title='bbox 873 4857 919 4910; x_wconf 80' lang='grc' dir='ltr'><strong>δ’</strong></span> <span class='ocrx_word' id='word_1_625' title='bbox 941 4857 969 4910; x_wconf 90' lang='lat'><strong>6</strong></span> <span class='ocrx_word' id='word_1_626' title='bbox 994 4859 1184 4927; x_wconf 81' lang='grc' dir='ltr'><strong>χρόνος</strong></span> <span class='ocrx_word' id='word_1_627' title='bbox 1232 4857 1507 4928; x_wconf 85' lang='grc' dir='ltr'><strong>νεωτέρας</strong></span> <span class='ocrx_word' id='word_1_628' title='bbox 1535 4859 1636 4918; x_wconf 74' lang='grc' dir='ltr'><strong>τὰς</strong></span> <span class='ocrx_word' id='word_1_629' title='bbox 1699 4857 1965 4928; x_wconf 80' lang='grc' dir='ltr'><strong>δυνάμεις</strong></span> 
     </span>
    </p>
   </div>
   <div class='ocr_carea' id='block_1_90' title="bbox 388 4953 1966 5026">
    <p class='ocr_par' dir='ltr' id='par_1_90' title="bbox 388 4953 1966 5026">
     <span class='ocr_line' id='line_1_90' title="bbox 388 4953 1966 5026; baseline 0.001 -21"><span class='ocrx_word' id='word_1_630' title='bbox 388 4953 715 5024; x_wconf 72' lang='grc' dir='ltr'><strong>ὲνεὼχμῳσει</strong></span> <span class='ocrx_word' id='word_1_631' title='bbox 740 4957 854 5018; x_wconf 76' lang='grc' dir='ltr'><strong>τοῖς</strong></span> <span class='ocrx_word' id='word_1_632' title='bbox 897 4955 1211 5026; x_wconf 82' lang='grc' dir='ltr'><strong>Ῥωμαίοις,</strong></span> <span class='ocrx_word' id='word_1_633' title='bbox 1239 4954 1336 5008; x_wconf 76' lang='grc' dir='ltr'><strong>καὶ</strong></span> <span class='ocrx_word' id='word_1_634' title='bbox 1375 4955 1438 5006; x_wconf 84' lang='grc' dir='ltr'><strong>τδ</strong></span> <span class='ocrx_word' id='word_1_635' title='bbox 1493 4953 1666 5008; x_wconf 77' lang='grc' dir='ltr'><strong>κακὸν</strong></span> <span class='ocrx_word' id='word_1_636' title='bbox 1707 4953 1966 5023; x_wconf 80' lang='grc' dir='ltr'><strong>διέρῤευ-</strong></span> 
     </span>
    </p>
   </div>
   <div class='ocr_carea' id='block_1_91' title="bbox 392 5047 1964 5120">
    <p class='ocr_par' dir='ltr' id='par_1_91' title="bbox 392 5047 1964 5120">
     <span class='ocr_line' id='line_1_91' title="bbox 392 5047 1964 5120; baseline 0 -20"><span class='ocrx_word' id='word_1_637' title='bbox 392 5063 481 5102; x_wconf 82' lang='grc' dir='ltr'><strong>σεν</strong></span> <span class='ocrx_word' id='word_1_638' title='bbox 511 5049 678 5112; x_wconf 81' lang='grc' dir='ltr'><strong>ἆπαν,</strong></span> <span class='ocrx_word' id='word_1_639' title='bbox 711 5049 778 5102; x_wconf 82' lang='grc' dir='ltr'><strong>τὰ</strong></span> <span class='ocrx_word' id='word_1_640' title='bbox 826 5049 924 5118; x_wconf 83' lang='grc' dir='ltr'><strong>τῆς</strong></span> <span class='ocrx_word' id='word_1_641' title='bbox 963 5049 1279 5120; x_wconf 78' lang='grc' dir='ltr'><strong>εὐπραγίας</strong></span> <span class='ocrx_word' id='word_1_642' title='bbox 1316 5047 1648 5119; x_wconf 88' lang='grc' dir='ltr'><strong>μεταπίπτει</strong></span> <span class='ocrx_word' id='word_1_643' title='bbox 1679 5049 1790 5110; x_wconf 76' lang='grc' dir='ltr'><strong>τοῖς</strong></span> <span class='ocrx_word' id='word_1_644' title='bbox 1822 5048 1964 5116; x_wconf 86' lang='grc' dir='ltr'><strong>Πέρ-</strong></span> 
     </span>
    </p>
   </div>
   <div class='ocr_carea' id='block_1_92' title="bbox 391 5138 1964 5210">
    <p class='ocr_par' dir='ltr' id='par_1_92' title="bbox 391 5138 1964 5210">
     <span class='ocr_line' id='line_1_92' title="bbox 391 5138 1964 5210; baseline 0 -19"><span class='ocrx_word' id='word_1_645' title='bbox 391 5154 533 5202; x_wconf 91' lang='grc' dir='ltr'><strong>σαις.</strong></span> <span class='ocrx_word' id='word_1_646' title='bbox 566 5141 674 5193; x_wconf 72' lang='grc' dir='ltr'><strong>Καὶ</strong></span> <span class='ocrx_word' id='word_1_647' title='bbox 693 5141 721 5192; x_wconf 91' lang='lat'><strong>6</strong></span> <span class='ocrx_word' id='word_1_648' title='bbox 756 5138 856 5208; x_wconf 80' lang='grc' dir='ltr'><strong>μὲν</strong></span> <span class='ocrx_word' id='word_1_649' title='bbox 876 5139 1449 5203; x_wconf 80' lang='grc' dir='ltr'><strong>Βαϐυλώνιοςέκεῖνος</strong></span> <span class='ocrx_word' id='word_1_650' title='bbox 1476 5139 1694 5210; x_wconf 88' lang='grc' dir='ltr'><strong>δράκων</strong></span> <span class='ocrx_word' id='word_1_651' title='bbox 1718 5139 1964 5208; x_wconf 81' lang='grc' dir='ltr'><strong>Χοσρόης</strong></span> 
     </span>
    </p>
   </div>
   <div class='ocr_carea' id='block_1_93' title="bbox 391 5231 1966 5302">
    <p class='ocr_par' dir='ltr' id='par_1_93' title="bbox 391 5231 1966 5302">
     <span class='ocr_line' id='line_1_93' title="bbox 391 5231 1966 5302; baseline -0.001 -18"><span class='ocrx_word' id='word_1_652' title='bbox 391 5234 419 5284; x_wconf 91' lang='lat'><strong>6</strong></span> <span class='ocrx_word' id='word_1_653' title='bbox 441 5231 534 5284; x_wconf 86' lang='grc' dir='ltr'><strong>τοῦ</strong></span> <span class='ocrx_word' id='word_1_654' title='bbox 597 5231 900 5302; x_wconf 41' lang='grc' dir='ltr'><strong>Ὀρμίσδου.</strong></span> <span class='ocrx_word' id='word_1_655' title='bbox 937 5232 1174 5301; x_wconf 81' lang='grc' dir='ltr'><strong>ἀφειδῶς</strong></span> <span class='ocrx_word' id='word_1_656' title='bbox 1215 5233 1543 5302; x_wconf 67' lang='grc' dir='ltr'><strong>ἀναιρεῖται,</strong></span> <span class='ocrx_word' id='word_1_657' title='bbox 1579 5235 1676 5288; x_wconf 74' lang='grc' dir='ltr'><strong>καὶ</strong></span> <span class='ocrx_word' id='word_1_658' title='bbox 1717 5232 1908 5286; x_wconf 85' lang='grc' dir='ltr'><strong>στάσιν</strong></span> <span class='ocrx_word' id='word_1_659' title='bbox 1938 5231 1966 5282; x_wconf 92' lang='lat'><strong>6</strong></span> 
     </span>
    </p>
   </div>
   <div class='ocr_carea' id='block_1_94' title="bbox 393 5324 1966 5396">
    <p class='ocr_par' dir='ltr' id='par_1_94' title="bbox 393 5324 1966 5396">
     <span class='ocr_line' id='line_1_94' title="bbox 393 5324 1966 5396; baseline 0.001 -19"><span class='ocrx_word' id='word_1_660' title='bbox 393 5324 660 5394; x_wconf 76' lang='grc' dir='ltr'><strong>Περσικὸς</strong></span> <span class='ocrx_word' id='word_1_661' title='bbox 699 5325 972 5394; x_wconf 74' lang='grc' dir='ltr'><strong>ἐλάμϐανε</strong></span> <span class='ocrx_word' id='word_1_662' title='bbox 1029 5326 1266 5396; x_wconf 89' lang='grc' dir='ltr'><strong>πόλεμος</strong></span> <span class='ocrx_word' id='word_1_663' title='bbox 1301 5342 1315 5357; x_wconf 80' lang='grc'><strong><em>⁸</em></strong></span> <span class='ocrx_word' id='word_1_664' title='bbox 1351 5328 1379 5379; x_wconf 86' lang='grc' dir='ltr'><strong>ὅ</strong></span> <span class='ocrx_word' id='word_1_665' title='bbox 1413 5342 1478 5394; x_wconf 80' lang='grc' dir='ltr'><strong>γε</strong></span> <span class='ocrx_word' id='word_1_666' title='bbox 1543 5327 1651 5396; x_wconf 84' lang='grc' dir='ltr'><strong>μὴν</strong></span> <span class='ocrx_word' id='word_1_667' title='bbox 1701 5325 1966 5395; x_wconf 85' lang='grc' dir='ltr'><strong>τύραννος</strong></span> 
     </span>
    </p>
   </div>
   <div class='ocr_carea' id='block_1_95' title="bbox 393 5417 1966 5488">
    <p class='ocr_par' dir='ltr' id='par_1_95' title="bbox 393 5417 1966 5488">
     <span class='ocr_line' id='line_1_95' title="bbox 393 5417 1966 5488; baseline 0 -20"><span class='ocrx_word' id='word_1_668' title='bbox 393 5419 502 5479; x_wconf 84' lang='grc' dir='ltr'><strong>τοῖς</strong></span> <span class='ocrx_word' id='word_1_669' title='bbox 538 5417 852 5487; x_wconf 77' lang='grc' dir='ltr'><strong>ἀσεϐήμασι</strong></span> <span class='ocrx_word' id='word_1_670' title='bbox 885 5418 1354 5487; x_wconf 76' lang='grc' dir='ltr'><strong>καταμεθυσθεὶς,</strong></span> <span class='ocrx_word' id='word_1_671' title='bbox 1384 5418 1478 5472; x_wconf 76' lang='grc' dir='ltr'><strong>καὶ</strong></span> <span class='ocrx_word' id='word_1_672' title='bbox 1510 5419 1648 5488; x_wconf 80' lang='grc' dir='ltr'><strong>πρὸς</strong></span> <span class='ocrx_word' id='word_1_673' title='bbox 1707 5418 1807 5478; x_wconf 87' lang='grc' dir='ltr'><strong>τάς</strong></span> <span class='ocrx_word' id='word_1_674' title='bbox 1855 5421 1966 5469; x_wconf 86' lang='grc' dir='ltr'><strong>τῶν</strong></span> 
     </span>
    </p>
   </div>
   <div class='ocr_carea' id='block_1_96' title="bbox 387 5507 1967 5580">
    <p class='ocr_par' dir='ltr' id='par_1_96' title="bbox 387 5507 1967 5580">
     <span class='ocr_line' id='line_1_96' title="bbox 387 5507 1967 5580; baseline 0.002 -20"><span class='ocrx_word' id='word_1_675' title='bbox 387 5507 565 5560; x_wconf 73' lang='grc' dir='ltr'><strong>ἄλλων</strong></span> <span class='ocrx_word' id='word_1_676' title='bbox 597 5510 810 5577; x_wconf 81' lang='grc' dir='ltr'><strong>σφαγὰς</strong></span> <span class='ocrx_word' id='word_1_677' title='bbox 833 5509 1231 5574; x_wconf 79' lang='grc' dir='ltr'><strong>καθωπλίζετο.</strong></span> <span class='ocrx_word' id='word_1_678' title='bbox 1276 5509 1497 5580; x_wconf 82' lang='grc' dir='ltr'><strong>Ἀμέλει</strong></span> <span class='ocrx_word' id='word_1_679' title='bbox 1517 5527 1599 5563; x_wconf 82' lang='grc' dir='ltr'><strong>τοι</strong></span> <span class='ocrx_word' id='word_1_680' title='bbox 1635 5509 1728 5562; x_wconf 61' lang='grc' dir='ltr'><strong>καὶ⁵</strong></span> <span class='ocrx_word' id='word_1_681' title='bbox 1760 5510 1967 5579; x_wconf 85' lang='grc' dir='ltr'><strong>Πέτρον</strong></span> 
     </span>
    </p>
   </div>
   <div class='ocr_carea' id='block_1_97' title="bbox 400 5599 1970 5672">
    <p class='ocr_par' dir='ltr' id='par_1_97' title="bbox 400 5599 1970 5672">
     <span class='ocr_line' id='line_1_97' title="bbox 400 5599 1970 5672; baseline -0.001 -18"><span class='ocrx_word' id='word_1_682' title='bbox 400 5599 497 5668; x_wconf 73' lang='grc' dir='ltr'><strong>μὲν</strong></span> <span class='ocrx_word' id='word_1_683' title='bbox 521 5601 612 5653; x_wconf 76' lang='grc' dir='ltr'><strong>τὸν</strong></span> <span class='ocrx_word' id='word_1_684' title='bbox 642 5601 874 5670; x_wconf 70' lang='grc' dir='ltr'><strong>ἀδελφὸν</strong></span> <span class='ocrx_word' id='word_1_685' title='bbox 907 5604 1220 5672; x_wconf 88' lang='grc' dir='ltr'><strong>Μαυρικίου</strong></span> <span class='ocrx_word' id='word_1_686' title='bbox 1251 5603 1426 5656; x_wconf 75' lang='grc' dir='ltr'><strong>ἐδίδου</strong></span> <span class='ocrx_word' id='word_1_687' title='bbox 1471 5600 1550 5671; x_wconf 77' lang='grc' dir='ltr'><strong>τῷ</strong></span> <span class='ocrx_word' id='word_1_688' title='bbox 1593 5601 1738 5670; x_wconf 77' lang='grc' dir='ltr'><strong>ξίφει</strong></span> <span class='ocrx_word' id='word_1_689' title='bbox 1775 5605 1970 5654; x_wconf 84' lang='grc' dir='ltr'><strong>··άναι-</strong></span> 
     </span>
    </p>
   </div>
   <div class='ocr_carea' id='block_1_98' title="bbox 400 5693 1970 5766">
    <p class='ocr_par' dir='ltr' id='par_1_98' title="bbox 400 5693 1970 5766">
     <span class='ocr_line' id='line_1_98' title="bbox 400 5693 1970 5766; baseline 0.001 -22"><span class='ocrx_word' id='word_1_690' title='bbox 400 5695 567 5761; x_wconf 84' lang='grc' dir='ltr'><strong>ρετται</strong></span> <span class='ocrx_word' id='word_1_691' title='bbox 595 5693 652 5746; x_wconf 81' lang='grc' dir='ltr'><strong>δὲ</strong></span> <span class='ocrx_word' id='word_1_692' title='bbox 674 5695 768 5747; x_wconf 68' lang='grc' dir='ltr'><strong>καὶ.</strong></span> <span class='ocrx_word' id='word_1_693' title='bbox 825 5696 853 5748; x_wconf 87' lang='lat'><strong>6</strong></span> <span class='ocrx_word' id='word_1_694' title='bbox 881 5695 1138 5760; x_wconf 81' lang='grc' dir='ltr'><strong>πολλάκις</strong></span> <span class='ocrx_word' id='word_1_695' title='bbox 1201 5714 1307 5766; x_wconf 88' lang='grc' dir='ltr'><strong>μνη</strong></span> <span class='ocrx_word' id='word_1_696' title='bbox 1318 5694 1596 5765; x_wconf 74' lang='grc' dir='ltr'><strong>μονευθεὶς</strong></span> <span class='ocrx_word' id='word_1_697' title='bbox 1666 5695 1970 5766; x_wconf 67' lang='grc' dir='ltr'><strong>στρατηγὸς</strong></span> 
     </span>
    </p>
   </div>
   <div class='ocr_carea' id='block_1_99' title="bbox 399 5785 1973 5859">
    <p class='ocr_par' dir='ltr' id='par_1_99' title="bbox 399 5785 1973 5859">
     <span class='ocr_line' id='line_1_99' title="bbox 399 5785 1973 5859; baseline -0.002 -18"><span class='ocrx_word' id='word_1_698' title='bbox 399 5785 754 5856; x_wconf 74' lang='grc' dir='ltr'><strong>Κομεντίολος</strong></span> <span class='ocrx_word' id='word_1_699' title='bbox 776 5801 790 5819; x_wconf 80' lang='grc'><strong><em>⁸</em></strong></span> <span class='ocrx_word' id='word_1_700' title='bbox 820 5789 956 5859; x_wconf 65' lang='grc' dir='ltr'><strong>πρδς</strong></span> <span class='ocrx_word' id='word_1_701' title='bbox 987 5789 1042 5842; x_wconf 71' lang='grc' dir='ltr'><strong>δὲ</strong></span> <span class='ocrx_word' id='word_1_702' title='bbox 1067 5788 1168 5847; x_wconf 70' lang='grc' dir='ltr'><strong>καὶ,</strong></span> <span class='ocrx_word' id='word_1_703' title='bbox 1203 5791 1232 5842; x_wconf 88' lang='lat'><strong>6</strong></span> <span class='ocrx_word' id='word_1_704' title='bbox 1265 5787 1360 5842; x_wconf 91' lang='grc' dir='ltr'><strong>τοῦ</strong></span> <span class='ocrx_word' id='word_1_705' title='bbox 1418 5787 1750 5841; x_wconf 80' lang='grc' dir='ltr'><strong>Φιλιππικοῦ</strong></span> <span class='ocrx_word' id='word_1_706' title='bbox 1793 5787 1973 5859; x_wconf 84' lang='grc' dir='ltr'><strong>Γεώρ-</strong></span> 
     </span>
    </p>
   </div>
   <div class='ocr_carea' id='block_1_100' title="bbox 2065 4573 3653 4654">
    <p class='ocr_par' dir='ltr' id='par_1_100' title="bbox 2065 4573 3653 4654">
     <span class='ocr_line' id='line_1_100' title="bbox 2065 4573 3653 4654; baseline -0.009 -15"><span class='ocrx_word' id='word_1_707' title='bbox 2065 4585 2257 4654; x_wconf 86' lang='lat' dir='ltr'><strong>Neque</strong></span> <span class='ocrx_word' id='word_1_708' title='bbox 2291 4583 2444 4653; x_wconf 90' lang='lat' dir='ltr'><strong>prius</strong></span> <span class='ocrx_word' id='word_1_709' title='bbox 2473 4599 2502 4637; x_wconf 90' lang='lat' dir='ltr'><strong>a</strong></span> <span class='ocrx_word' id='word_1_710' title='bbox 2533 4583 2714 4638; x_wconf 86' lang='lat' dir='ltr'><strong>Persis</strong></span> <span class='ocrx_word' id='word_1_711' title='bbox 2744 4582 2980 4636; x_wconf 90' lang='lat' dir='ltr'><strong>victoria</strong></span> <span class='ocrx_word' id='word_1_712' title='bbox 3018 4578 3298 4641; x_wconf 85' lang='lat' dir='ltr'><strong>discessit,</strong></span> <span class='ocrx_word' id='word_1_713' title='bbox 3325 4590 3490 4645; x_wconf 90' lang='lat' dir='ltr'><strong>quam</strong></span> <span class='ocrx_word' id='word_1_714' title='bbox 3543 4573 3653 4626; x_wconf 88' lang='lat' dir='ltr'><strong>im-</strong></span> 
     </span>
    </p>
   </div>
   <div class='ocr_carea' id='block_1_101' title="bbox 2068 4667 3654 4741">
    <p class='ocr_par' dir='ltr' id='par_1_101' title="bbox 2068 4667 3654 4741">
     <span class='ocr_line' id='line_1_101' title="bbox 2068 4667 3654 4741; baseline -0.005 -17"><span class='ocrx_word' id='word_1_715' title='bbox 2068 4672 2192 4741; x_wconf 90' lang='lat' dir='ltr'><strong>pius</strong></span> <span class='ocrx_word' id='word_1_716' title='bbox 2247 4671 2352 4726; x_wconf 84' lang='lat' dir='ltr'><strong>iste</strong></span> <span class='ocrx_word' id='word_1_717' title='bbox 2413 4680 2470 4725; x_wconf 93' lang='lat' dir='ltr'><strong>et</strong></span> <span class='ocrx_word' id='word_1_718' title='bbox 2525 4672 2742 4741; x_wconf 84' lang='lat' dir='ltr'><strong>tyranni</strong></span> <span class='ocrx_word' id='word_1_719' title='bbox 2779 4678 3136 4725; x_wconf 77' lang='lat' dir='ltr'><strong>consectator</strong></span> <span class='ocrx_word' id='word_1_720' title='bbox 3186 4667 3464 4721; x_wconf 86' lang='lat' dir='ltr'><strong>exercitus</strong></span> <span class='ocrx_word' id='word_1_721' title='bbox 3504 4673 3654 4718; x_wconf 87' lang='lat' dir='ltr'><strong>totus</strong></span> 
     </span>
    </p>
   </div>
   <div class='ocr_carea' id='block_1_102' title="bbox 2069 4759 3650 4830">
    <p class='ocr_par' dir='ltr' id='par_1_102' title="bbox 2069 4759 3650 4830">
     <span class='ocr_line' id='line_1_102' title="bbox 2069 4759 3650 4830; baseline -0.004 -14"><span class='ocrx_word' id='word_1_722' title='bbox 2069 4764 2302 4819; x_wconf 83' lang='lat' dir='ltr'><strong>interiit.</strong></span> <span class='ocrx_word' id='word_1_723' title='bbox 2344 4763 2503 4830; x_wconf 83' lang='lat' dir='ltr'><strong>Quod</strong></span> <span class='ocrx_word' id='word_1_724' title='bbox 2531 4780 2662 4818; x_wconf 85' lang='lat' dir='ltr'><strong>sane</strong></span> <span class='ocrx_word' id='word_1_725' title='bbox 2698 4763 2832 4818; x_wconf 82' lang='lat' dir='ltr'><strong>satis</strong></span> <span class='ocrx_word' id='word_1_726' title='bbox 2865 4778 2931 4817; x_wconf 87' lang='lat' dir='ltr'><strong>ex</strong></span> <span class='ocrx_word' id='word_1_727' title='bbox 2955 4777 3024 4816; x_wconf 91' lang='lat' dir='ltr'><strong>eo</strong></span> <span class='ocrx_word' id='word_1_728' title='bbox 3046 4761 3208 4830; x_wconf 84' lang='lat' dir='ltr'><strong>quod</strong></span> <span class='ocrx_word' id='word_1_729' title='bbox 3231 4759 3394 4814; x_wconf 91' lang='lat' dir='ltr'><strong>modo</strong></span> <span class='ocrx_word' id='word_1_730' title='bbox 3425 4759 3650 4819; x_wconf 88' lang='lat' dir='ltr'><strong>dicitur,</strong></span> 
     </span>
    </p>
   </div>
   <div class='ocr_carea' id='block_1_103' title="bbox 2068 4853 3652 4924">
    <p class='ocr_par' dir='ltr' id='par_1_103' title="bbox 2068 4853 3652 4924">
     <span class='ocr_line' id='line_1_103' title="bbox 2068 4853 3652 4924; baseline -0.004 -13"><span class='ocrx_word' id='word_1_731' title='bbox 2068 4857 2344 4924; x_wconf 88' lang='lat' dir='ltr'><strong>conjicere</strong></span> <span class='ocrx_word' id='word_1_732' title='bbox 2400 4857 2549 4911; x_wconf 84' lang='lat' dir='ltr'><strong>licet.</strong></span> <span class='ocrx_word' id='word_1_733' title='bbox 2608 4857 2730 4911; x_wconf 85' lang='lat' dir='ltr'><strong>Non</strong></span> <span class='ocrx_word' id='word_1_734' title='bbox 2775 4855 2924 4909; x_wconf 85' lang='lat' dir='ltr'><strong>enim</strong></span> <span class='ocrx_word' id='word_1_735' title='bbox 2982 4855 3158 4908; x_wconf 86' lang='lat' dir='ltr'><strong>multo</strong></span> <span class='ocrx_word' id='word_1_736' title='bbox 3206 4861 3363 4922; x_wconf 90' lang='lat' dir='ltr'><strong>post,</strong></span> <span class='ocrx_word' id='word_1_737' title='bbox 3407 4853 3652 4906; x_wconf 89' lang='lat' dir='ltr'><strong>nondum</strong></span> 
     </span>
    </p>
   </div>
   <div class='ocr_carea' id='block_1_104' title="bbox 2067 4943 3660 5022">
    <p class='ocr_par' dir='ltr' id='par_1_104' title="bbox 2067 4943 3660 5022">
     <span class='ocr_line' id='line_1_104' title="bbox 2067 4943 3660 5022; baseline -0.003 -20"><span class='ocrx_word' id='word_1_738' title='bbox 2067 4950 2693 5022; x_wconf 82' lang='lat' dir='ltr'><strong>quatuordecimannis</strong></span> <span class='ocrx_word' id='word_1_739' title='bbox 2752 4948 2976 5019; x_wconf 88' lang='lat' dir='ltr'><strong>elapsis,</strong></span> <span class='ocrx_word' id='word_1_740' title='bbox 3024 4962 3152 5003; x_wconf 90' lang='lat' dir='ltr'><strong>cum</strong></span> <span class='ocrx_word' id='word_1_741' title='bbox 3207 4945 3496 4999; x_wconf 86' lang='lat' dir='ltr'><strong>Heraclius</strong></span> <span class='ocrx_word' id='word_1_742' title='bbox 3559 4943 3660 4998; x_wconf 84' lang='lat' dir='ltr'><strong>ad-</strong></span> 
     </span>
    </p>
   </div>
   <div class='ocr_carea' id='block_1_105' title="bbox 2069 5037 3658 5112">
    <p class='ocr_par' dir='ltr' id='par_1_105' title="bbox 2069 5037 3658 5112">
     <span class='ocr_line' id='line_1_105' title="bbox 2069 5037 3658 5112; baseline -0.004 -16"><span class='ocrx_word' id='word_1_743' title='bbox 2069 5059 2262 5098; x_wconf 86' lang='lat' dir='ltr'><strong>versus</strong></span> <span class='ocrx_word' id='word_1_744' title='bbox 2291 5045 2552 5100; x_wconf 84' lang='lat' dir='ltr'><strong>Razatem</strong></span> <span class='ocrx_word' id='word_1_745' title='bbox 2587 5043 2794 5098; x_wconf 88' lang='lat' dir='ltr'><strong>bellum</strong></span> <span class='ocrx_word' id='word_1_746' title='bbox 2825 5049 3066 5112; x_wconf 82' lang='lat' dir='ltr'><strong>gereret,</strong></span> <span class='ocrx_word' id='word_1_747' title='bbox 3099 5049 3156 5095; x_wconf 90' lang='lat' dir='ltr'><strong>et</strong></span> <span class='ocrx_word' id='word_1_748' title='bbox 3201 5039 3479 5093; x_wconf 86' lang='lat' dir='ltr'><strong>delectum</strong></span> <span class='ocrx_word' id='word_1_749' title='bbox 3508 5037 3658 5090; x_wconf 85' lang='lat' dir='ltr'><strong>mili-</strong></span> 
     </span>
    </p>
   </div>
   <div class='ocr_carea' id='block_1_106' title="bbox 2069 5131 3657 5201">
    <p class='ocr_par' dir='ltr' id='par_1_106' title="bbox 2069 5131 3657 5201">
     <span class='ocr_line' id='line_1_106' title="bbox 2069 5131 3657 5201; baseline -0.008 -8"><span class='ocrx_word' id='word_1_750' title='bbox 2069 5149 2184 5193; x_wconf 88' lang='lat' dir='ltr'><strong>tum</strong></span> <span class='ocrx_word' id='word_1_751' title='bbox 2219 5139 2472 5201; x_wconf 84' lang='lat' dir='ltr'><strong>haberet,</strong></span> <span class='ocrx_word' id='word_1_752' title='bbox 2506 5137 2648 5191; x_wconf 88' lang='lat' dir='ltr'><strong>duos</strong></span> <span class='ocrx_word' id='word_1_753' title='bbox 2684 5145 2899 5191; x_wconf 88' lang='lat' dir='ltr'><strong>tantum</strong></span> <span class='ocrx_word' id='word_1_754' title='bbox 2929 5151 2998 5189; x_wconf 82' lang='lat' dir='ltr'><strong>ex</strong></span> <span class='ocrx_word' id='word_1_755' title='bbox 3025 5149 3101 5188; x_wconf 91' lang='lat' dir='ltr'><strong>ea-</strong></span> <span class='ocrx_word' id='word_1_756' title='bbox 3138 5131 3657 5199; x_wconf 73' lang='lat' dir='ltr'><strong>multitudine,quae</strong></span> 
     </span>
    </p>
   </div>
   <div class='ocr_carea' id='block_1_107' title="bbox 2069 5221 3654 5301">
    <p class='ocr_par' dir='ltr' id='par_1_107' title="bbox 2069 5221 3654 5301">
     <span class='ocr_line' id='line_1_107' title="bbox 2069 5221 3654 5301; baseline -0.006 -18"><span class='ocrx_word' id='word_1_757' title='bbox 2069 5240 2304 5301; x_wconf 84' lang='lat' dir='ltr'><strong>tyranno</strong></span> <span class='ocrx_word' id='word_1_758' title='bbox 2343 5231 2578 5294; x_wconf 85' lang='lat' dir='ltr'><strong>faverat,</strong></span> <span class='ocrx_word' id='word_1_759' title='bbox 2605 5229 2854 5297; x_wconf 85' lang='lat' dir='ltr'><strong>reliquos</strong></span> <span class='ocrx_word' id='word_1_760' title='bbox 2892 5227 2939 5281; x_wconf 89' lang='lat' dir='ltr'><strong>is</strong></span> <span class='ocrx_word' id='word_1_761' title='bbox 2975 5226 3212 5281; x_wconf 82' lang='lat' dir='ltr'><strong>invenit.</strong></span> <span class='ocrx_word' id='word_1_762' title='bbox 3237 5223 3346 5279; x_wconf 90' lang='lat' dir='ltr'><strong>Sed</strong></span> <span class='ocrx_word' id='word_1_763' title='bbox 3371 5223 3520 5277; x_wconf 88' lang='lat' dir='ltr'><strong>enim</strong></span> <span class='ocrx_word' id='word_1_764' title='bbox 3559 5221 3654 5275; x_wconf 90' lang='lat' dir='ltr'><strong>ubi</strong></span> 
     </span>
    </p>
   </div>
   <div class='ocr_carea' id='block_1_108' title="bbox 2069 5314 3658 5392">
    <p class='ocr_par' dir='ltr' id='par_1_108' title="bbox 2069 5314 3658 5392">
     <span class='ocr_line' id='line_1_108' title="bbox 2069 5314 3658 5392; baseline -0.007 -16"><span class='ocrx_word' id='word_1_765' title='bbox 2069 5323 2489 5392; x_wconf 83' lang='lat' dir='ltr'><strong>tempusipsum</strong></span> <span class='ocrx_word' id='word_1_766' title='bbox 2517 5336 2691 5377; x_wconf 88' lang='lat' dir='ltr'><strong>novas</strong></span> <span class='ocrx_word' id='word_1_767' title='bbox 2731 5319 2970 5374; x_wconf 88' lang='lat' dir='ltr'><strong>militum</strong></span> <span class='ocrx_word' id='word_1_768' title='bbox 3000 5319 3188 5389; x_wconf 90' lang='lat' dir='ltr'><strong>copias</strong></span> <span class='ocrx_word' id='word_1_769' title='bbox 3241 5314 3505 5370; x_wconf 80' lang='lat' dir='ltr'><strong>Romanis</strong></span> <span class='ocrx_word' id='word_1_770' title='bbox 3552 5314 3658 5367; x_wconf 84' lang='lat' dir='ltr'><strong>tri-</strong></span> 
     </span>
    </p>
   </div>
   <div class='ocr_carea' id='block_1_109' title="bbox 2067 5408 3662 5480">
    <p class='ocr_par' dir='ltr' id='par_1_109' title="bbox 2067 5408 3662 5480">
     <span class='ocr_line' id='line_1_109' title="bbox 2067 5408 3662 5480; baseline -0.007 -9"><span class='ocrx_word' id='word_1_771' title='bbox 2067 5416 2207 5476; x_wconf 88' lang='lat' dir='ltr'><strong>buit.</strong></span> <span class='ocrx_word' id='word_1_772' title='bbox 2240 5424 2297 5470; x_wconf 89' lang='lat' dir='ltr'><strong>et</strong></span> <span class='ocrx_word' id='word_1_773' title='bbox 2327 5417 2607 5470; x_wconf 86' lang='lat' dir='ltr'><strong>exercitus</strong></span> <span class='ocrx_word' id='word_1_774' title='bbox 2630 5414 2724 5470; x_wconf 91' lang='lat' dir='ltr'><strong>ille</strong></span> <span class='ocrx_word' id='word_1_775' title='bbox 2743 5413 2980 5469; x_wconf 89' lang='lat' dir='ltr'><strong>vitiosus</strong></span> <span class='ocrx_word' id='word_1_776' title='bbox 3012 5412 3196 5466; x_wconf 90' lang='lat' dir='ltr'><strong>omnis</strong></span> <span class='ocrx_word' id='word_1_777' title='bbox 3228 5408 3542 5480; x_wconf 85' lang='lat' dir='ltr'><strong>pessumiit,</strong></span> <span class='ocrx_word' id='word_1_778' title='bbox 3567 5421 3662 5461; x_wconf 84' lang='lat' dir='ltr'><strong>res</strong></span> 
     </span>
    </p>
   </div>
   <div class='ocr_carea' id='block_1_110' title="bbox 2069 5509 3666 5578">
    <p class='ocr_par' dir='ltr' id='par_1_110' title="bbox 2069 5509 3666 5578">
     <span class='ocr_line' id='line_1_110' title="bbox 2069 5509 3666 5578; baseline -0.006 -14"><span class='ocrx_word' id='word_1_779' title='bbox 2069 5509 2330 5565; x_wconf 72' lang='lat' dir='ltr'><strong>secundae</strong></span> <span class='ocrx_word' id='word_1_780' title='bbox 2393 5509 2539 5578; x_wconf 87' lang='lat' dir='ltr'><strong>apud</strong></span> <span class='ocrx_word' id='word_1_781' title='bbox 2577 5509 2773 5562; x_wconf 85' lang='lat' dir='ltr'><strong>Persas</strong></span> <span class='ocrx_word' id='word_1_782' title='bbox 2808 5517 3034 5562; x_wconf 75' lang='lat' dir='ltr'><strong>mutata:</strong></span> <span class='ocrx_word' id='word_1_783' title='bbox 3073 5515 3221 5561; x_wconf 88' lang='lat' dir='ltr'><strong>sunt.</strong></span> <span class='ocrx_word' id='word_1_784' title='bbox 3270 5512 3325 5557; x_wconf 89' lang='lat' dir='ltr'><strong>et</strong></span> <span class='ocrx_word' id='word_1_785' title='bbox 3363 5509 3666 5572; x_wconf 78' lang='lat' dir='ltr'><strong>postquam</strong></span> 
     </span>
    </p>
   </div>
   <div class='ocr_carea' id='block_1_111' title="bbox 2071 5595 3668 5672">
    <p class='ocr_par' dir='ltr' id='par_1_111' title="bbox 2071 5595 3668 5672">
     <span class='ocr_line' id='line_1_111' title="bbox 2071 5595 3668 5672; baseline -0.005 -16"><span class='ocrx_word' id='word_1_786' title='bbox 2071 5602 2400 5672; x_wconf 85' lang='lat' dir='ltr'><strong>Babylonius</strong></span> <span class='ocrx_word' id='word_1_787' title='bbox 2436 5602 2526 5656; x_wconf 88' lang='lat' dir='ltr'><strong>ille</strong></span> <span class='ocrx_word' id='word_1_788' title='bbox 2572 5601 2739 5654; x_wconf 90' lang='lat' dir='ltr'><strong>draco</strong></span> <span class='ocrx_word' id='word_1_789' title='bbox 2785 5600 3068 5655; x_wconf 88' lang='lat' dir='ltr'><strong>Chosroes</strong></span> <span class='ocrx_word' id='word_1_790' title='bbox 3122 5597 3428 5651; x_wconf 74' lang='lat' dir='ltr'><strong>Hormisda:</strong></span> <span class='ocrx_word' id='word_1_791' title='bbox 3486 5595 3668 5658; x_wconf 73' lang='lat' dir='ltr'><strong>tilius,</strong></span> 
     </span>
    </p>
   </div>
   <div class='ocr_carea' id='block_1_112' title="bbox 2072 5686 3756 5761">
    <p class='ocr_par' dir='ltr' id='par_1_112' title="bbox 2072 5686 3756 5761">
     <span class='ocr_line' id='line_1_112' title="bbox 2072 5686 3756 5761; baseline -0.005 -13"><span class='ocrx_word' id='word_1_792' title='bbox 2072 5695 2222 5748; x_wconf 88' lang='lat' dir='ltr'><strong>nulla</strong></span> <span class='ocrx_word' id='word_1_793' title='bbox 2289 5692 2670 5749; x_wconf 84' lang='lat' dir='ltr'><strong>misericordia</strong></span> <span class='ocrx_word' id='word_1_794' title='bbox 2750 5692 3117 5761; x_wconf 89' lang='lat' dir='ltr'><strong>interemptus</strong></span> <span class='ocrx_word' id='word_1_795' title='bbox 3179 5699 3300 5755; x_wconf 81' lang='lat' dir='ltr'><strong>est,</strong></span> <span class='ocrx_word' id='word_1_796' title='bbox 3370 5686 3668 5742; x_wconf 55' lang='lat' dir='ltr'><strong>Persicum</strong></span> <span class='ocrx_word' id='word_1_797' title='bbox 3743 5695 3756 5705; x_wconf 88' lang='lat'><strong><em>’</em></strong></span> 
     </span>
    </p>
   </div>
   <div class='ocr_carea' id='block_1_113' title="bbox 2074 5783 3666 5844">
    <p class='ocr_par' dir='ltr' id='par_1_113' title="bbox 2074 5783 3666 5844">
     <span class='ocr_line' id='line_1_113' title="bbox 2074 5783 3666 5844; baseline -0.004 -2"><span class='ocrx_word' id='word_1_798' title='bbox 2074 5787 2279 5842; x_wconf 86' lang='lat' dir='ltr'><strong>bellum</strong></span> <span class='ocrx_word' id='word_1_799' title='bbox 2315 5787 2476 5842; x_wconf 85' lang='lat' dir='ltr'><strong>ﬁnem</strong></span> <span class='ocrx_word' id='word_1_800' title='bbox 2501 5802 2659 5841; x_wconf 87' lang='lat' dir='ltr'><strong>suum</strong></span> <span class='ocrx_word' id='word_1_801' title='bbox 2689 5784 2900 5841; x_wconf 85' lang='lat' dir='ltr'><strong>habuit.</strong></span> <span class='ocrx_word' id='word_1_802' title='bbox 2928 5785 3130 5840; x_wconf 77' lang='lat' dir='ltr'><strong>Verum</strong></span> <span class='ocrx_word' id='word_1_803' title='bbox 3164 5783 3445 5837; x_wconf 73' lang='lat' dir='ltr'><strong>enimvero</strong></span> <span class='ocrx_word' id='word_1_804' title='bbox 3478 5790 3666 5844; x_wconf 64' lang='lat' dir='ltr'><strong>lyra!)-</strong></span> 
     </span>
    </p>
   </div>
  </div>
