4084 6466
441 344 546 406 415

1011 457 1241 516 CAPUT
1283 459 1467 516 XLIII.

447 573 509 626 Ut
534 571 788 644 (Iliosroes
844 583 1057 644 prapter
1107 572 1356 626 Mauricii
1381 574 1596 636 caulem,
1631 591 1758 644 pace
1817 574 2011 639 soluta,

519 641 788 695 Orientem
833 643 1092 695 hostiliter
1133 659 1459 711 peragrans,
1521 645 1590 696 ad
1631 641 2016 697 ’Clmlcedonem

513 727 676 778 usque
701 713 1011 764 excurrerit.
1040 712 1106 764 Et
1131 713 1195 764 de
1225 711 1367 772 aliis,
1394 729 1511 780 qua:
1534 713 1892 766 Romanorum
1918 715 2015 766 im-

512 782 718 847 perium
749 790 1116 850 pervaserunt,
1147 780 1566 837 calamitatibus.

517 949 617 1005 Ubi
650 959 830 1005 autem
858 953 1065 1006 Phocas
1099 953 1389 1023 imperium
1419 955 1682 1025 suscepit,
1719 956 2016 1009 multorum

441 1042 629 1095 statim
655 1058 918 1111 generum
966 1044 1104 1096 mala
1143 1045 1516 1098 Romanorum
1583 1046 1816 1114 imperio
1863 1047 2020 1100 ineu-

441 1135 631 1188 buere.
679 1133 882 1200 Quinto
941 1152 1178 1206 namque
1207 1137 1276 1191 ab
1330 1138 1470 1192 inito
1527 1139 1760 1208 imperio
1805 1153 2015 1206 mense,

442 1225 658 1280 litteras
678 1228 743 1280 ad
784 1227 1109 1295 Chosroem,
1147 1229 1293 1298 quod
1337 1231 1676 1284 consuetudo
1700 1229 2016 1300 hujusmodi

439 1331 470 1368 a
504 1315 676 1370 multo
714 1327 959 1386 tempore
1017 1321 1280 1374 Romanis
1340 1331 1397 1374 et
1443 1321 1625 1375 Per-sis
1681 1321 1869 1386 fuerit,
1919 1337 2018 1391 per

442 1404 640 1460 Lilium
672 1408 996 1463 familiarem
1028 1425 1212 1472 suum,
1235 1412 1328 1479 qui
1357 1411 1521 1464 etiam
1543 1410 1789 1465 Mauricii
1811 1411 2015 1470 caedem

441 1500 700 1567 patravit,
746 1502 918 1562 misit,
966 1504 1169 1571 quibus
1201 1504 1401 1558 litteris
1448 1504 1515 1557 ad
1566 1505 1902 1572 imperialem
1935 1505 2019 1560 di-

438 1591 701 1659 gnitatem
723 1595 1108 1649 conscendisse
1137 1610 1196 1649 se
1223 1595 1582 1664 significabat.
1611 1597 1704 1650 Ille
1729 1612 1888 1662 vero,
1920 1596 2016 1652 ira;

441 1680 784 1750 iutemperiis
815 1695 988 1748 actus,
1039 1685 1334 1753 legitimam
1390 1686 1657 1740 Mauricio
1715 1686 2015 1741 vindictam

1664 343 2080 404 NICEPHORI
2124 341 2468 403 CALLISTI

3589 336 3695 401 “6

2680 458 2933 512 ΚΕΦΑΛ.
2974 454 3110 510 Ml".

2131 573 2228 638 Ὠς
2263 575 2537 639 Χοσρόης
2552 572 2648 626 διὰ
2681 572 2790 624 τὸν
2809 571 3146 638 Μαυρικίου
3172 571 3367 639 φόνον
3391 571 3496 635 τὰς
3516 585 3702 624 σπον-

2187 645 2299 707 δὰς
2327 645 2544 705 λύσας,
2571 643 2708 709 ἄχρι
2731 640 2806 707 δὴ
2829 642 2925 693 καί
2951 643 3016 705 ἐς
3039 639 3418 706 Χαλκηδόνα,
3443 639 3557 707 τὴν
3581 641 3700 695 Ἕω

2189 713 2602 778 καταδραμὼν,
2623 713 2741 774 τὴν
2766 712 2982 764 ἔλασιν
3006 711 3337 774 ἐποιήσατο
3359 724 3373 737 ·
3435 710 3533 763 καί
3565 712 3697 776 περὶ

2191 781 2310 834 τῶν
2338 777 2806 848 είσφρησάντων
2836 781 3042 833 ἄλλων
3067 779 3142 847 τῇ
3184 777 3492 848 Ῥωμαίων
3530 785 3700 834 πολι-

2190 853 2318 917 τείᾳ
2338 851 2572 905 δεινῶν.

2187 963 2353 1015 Φωκᾶ
2386 963 2442 1015 δὲ
2477 963 2576 1033 τὴν
2614 963 2790 1033 ἀρχὴν
2826 961 3319 1032 περιϐαλλομένου,
3363 961 3564 1016 αὐτίκα
3602 978 3701 1014 πο·

2117 1051 2305 1121 λυειδῆ
2342 1053 2488 1107 κακὰ
2538 1055 2606 1122 τῇ
2656 1053 2956 1121 Ῥωμαίων
3011 1055 3330 1122 ἐνσκήπτει.
3383 1052 3540 1106 Μετὰ
3590 1053 3702 1122 γὰρ

2119 1141 2370 1210 πέμπτον
2403 1140 2506 1207 τῆς
2535 1141 2716 1210 ἀρχῆς
2752 1140 2900 1209 μῆνα
2939 1141 3248 1222 γράμματα
3281 1142 3419 1210 πρὸς
3448 1141 3702 1222 Χοσρόην

2120 1230 2454 1300 ἐξέπεμπεν,
2475 1231 2630 1294 ἔθους
2661 1233 2725 1284 ὲκ
2748 1232 2969 1301 μακροῦ
3012 1231 3304 1300 Ῥωμαίοις
3332 1234 3426 1284 καὶ
3460 1233 3701 1300 Πέρσαις

2119 1323 2520 1392 κρατήσαντος,
2554 1325 2643 1376 διὰ
2689 1325 2878 1377 Λιλίου
2906 1323 3002 1376 τοῦ
3056 1325 3265 1377 οίκείου
3301 1323 3468 1394 αὐτῷ,
3515 1324 3574 1385 ὃς
3604 1324 3698 1376 καὶ

2119 1411 2211 1466 τὸν
2243 1414 2403 1482 φόνον
2450 1414 2746 1483 Μαυρικίῳ
2778 1415 3020 1483 ἐνήργει,
3069 1413 3335 1481 δηλοῦντα
3381 1413 3480 1483 τὴν
3511 1415 3593 1475 είς
3629 1413 3698 1466 τὰ

2121 1505 2371 1574 βασίλεια
2397 1505 2607 1560 ἄνοδον.
2649 1506 2708 1559 '0
2739 1506 2784 1558 δ’
2812 1507 3075 1575 ἐκμανεὶς
3104 1505 3182 1574 τῷ
3207 1505 3389 1575 θυμῷ,
3417 1506 3515 1575 τὴν
3543 1506 3697 1558 ὁσίαν

2119 1594 2283 1662 δῆθεν
2314 1595 2625 1663 Μαυρικίου
2673 1594 2960 1647 διεκδικεῖν
3013 1594 3204 1659 θέλων,
3247 1596 3347 1658 τὰς
3383 1593 3523 1661 μετὰ
3565 1595 3699 1647 Ῥω·

2123 1683 2300 1753 μαίων
2332 1682 2541 1736 διαλύει
2591 1683 2849 1748 σπονδὰς,
2881 1683 2978 1736 καὶ
3009 1684 3110 1750 τὴν
3145 1683 3522 1752 κοσμοφθόρον
3554 1683 3699 1736 ἐκεί-

437 1782 700 1839 ρι-αιειοτε
736 1775 948 1836 volens,
983 1786 1136 1844 pacta
1167 1793 1288 1830 cum
1324 1778 1586 1832 Romanis
1615 1777 1818 1833 foedera
1846 1781 2013 1850 rupit,

2121 1792 2219 1845 νην
2249 1779 2557 1850 περιήχησε
2593 1780 2904 1846 σάλπιγγαο
2957 1778 3098 1847 αὕτη
3147 1779 3257 1846 γὰρ
3296 1778 3559 1848 λυτήριος
3609 1777 3698 1844 γέ-

439 1872 497 1915 ct
545 1851 910 1930 perniciosum
967 1866 1099 1920 illud
1153 1869 1272 1920 orbi
1322 1868 1612 1921 classicum
1667 1870 1887 1923 cecinit.
1955 1871 2012 1925 ld

443 1970 680 2024 namque
730 1957 1021 2011 Persarum
1068 1961 1230 2014 simul
1268 1971 1324 2014 et
1377 1961 1756 2015 Romanorum
1800 1963 2014 2017 felicem

439 2047 910 2114 tranquillumque
961 2058 1162 2104 statum
1201 2053 1388 2105 solvit.
1429 2052 1615 2121 quue
1645 2054 1806 2109 initio
1836 2055 2017 2110 Persi-

437 2150 564 2189 cum
596 2137 797 2191 bellum
830 2148 914 2192 est
950 2149 1155 2193 ortum.
1188 2142 1256 2195 Et
1302 2142 1480 2196 Persa:
1509 2143 1742 2213 Syriam,
1775 2145 2017 2200 Palaesti-

436 2241 588 2291 nam,
635 2229 935 2284 Phoenicen
971 2248 1193 2301 quoque
1255 2234 1408 2288 brevi
1459 2237 1748 2306 subegere.
1812 2238 2015 2294 Ditioni

440 2333 662 2387 quoque
702 2335 814 2373 suae
852 2323 1188 2386 Armeniam,
1229 2340 1354 2379 mox
1404 2324 1824 2395 Cappadociam,
1858 2329 2017 2385 Gala-

437 2410 614 2473 tiam,
678 2419 734 2465 et
789 2412 1212 2482 Paphlagoniam
1282 2416 1546 2486 adiecere.
1591 2419 1730 2484 Quin
1783 2422 2010 2490 impetu,

437 2517 602 2569 quem
662 2503 923 2557 cohibere
979 2519 1087 2558 non
1118 2515 1284 2571 esset,
1317 2507 1491 2568 ducti.
1522 2509 1588 2562 ad
1632 2511 1806 2578 ipsam
1840 2528 2012 2582 usque

439 2592 864 2670 Chalcedonam,
892 2611 1014 2664 quae
1063 2612 1128 2650 ex
1176 2597 1406 2652 adverso
1444 2599 1708 2670 Byzantio
1751 2604 1854 2656 sita
1903 2614 2010 2671 est,

441 2683 732 2738 advenere.
768 2686 925 2740 Parte
956 2702 1086 2740 vero
1123 2688 1248 2752 alia,
1285 2689 1495 2744 Abares
1527 2691 1799 2760 Europam
1829 2693 2010 2748 omnia

441 2770 717 2830 vastantes
740 2789 1158 2847 percurrerunt,
1179 2793 1234 2831 et
1257 2780 1434 2835 ca:ch
1460 2781 1742 2836 hominum
1776 2785 2010 2853 plurima

431 2876 679 2937 grassata
709 2880 813 2932 est,
839 2870 1055 2938 qualem
1082 2871 1229 2924 haud
1251 2872 1542 2941 quisquam
1571 2889 1811 2942 unquam
1839 2875 2010 2929 vidit:

434 2969 545 3008 non
579 2963 787 3009 tantum
820 2957 1032 3011 civibus
1061 2959 1286 3026 passim,
1320 2961 1414 3014 sed
1454 2961 1588 3029 ipsis
1617 2964 1784 3017 etiam
1810 2964 2014 3018 milita-

437 3042 592 3097 ribus
624 3045 798 3114 copiis
827 3047 1517 3117 interemptis.Animantia
1542 3052 1670 3108 item
1699 3055 2009 3111 accidentia

2117 1885 2242 1935 γονε
2269 1869 2368 1935 τῆς
2399 1871 2626 1941 Περσῶν
2655 1889 2715 1924 τε
2743 1871 2838 1924 καὶ
2878 1870 3170 1938 Ῥωμαίων
3195 1868 3503 1938 εὐπραγίας
3523 1885 3539 1901 ο
3567 1868 3700 1922 κὰν-

2118 1961 2310 2014 τεῦθεν
2341 1964 2368 2014 6
2403 1963 2676 2032 Περσικὸς
2701 1962 2936 2032 πόλεμος
2956 1962 3056 2031 τὴν
3085 1961 3304 2030 γένεσιν
3323 1961 3695 2032 ἐκληρώσατο.

2115 2054 2226 2106 Kal.
2251 2055 2422 2123 Συρία
2469 2055 2567 2124 μὲν
2615 2056 2708 2107 καὶ
2744 2054 3102 2121 Παλαιστίνη,
3155 2053 3300 2124 πρὸς
3343 2052 3401 2105 δὲ
3433 2052 3528 2105 καὶ
3571 2053 3696 2104 Φοι-

2113 2145 2264 2214 νίκη,
2299 2146 2404 2198 ὑπὸ
2437 2147 2674 2216 Πέρσαις
2706 2145 2869 2208 εὐθὺς
2902 2142 3179 2213 ἐγίνοντοο
3213 2143 3345 2197 εἴσω
3393 2143 3453 2197 δὲ
3493 2143 3694 2213 χειρῶν

2115 2236 2213 2289 καὶ
2255 2236 2580 2306 Ἀρμενίαν,
2615 2238 2695 2290 ἔτι
2741 2237 2797 2290 δὲ
2845 2235 3268 2300 Καππαδοκίαν,
3316 2235 3587 2288 Γαλατίαν
3633 2250 3694 2286 τε

2113 2325 2209 2380 καὶ
2232 2326 2616 2393 Παφλαγονίαν
2639 2327 2957 2396 πεποίηντο.
2976 2326 3214 2396 Ἀσχέτῳ
3239 2326 3294 2378 δὲ
3322 2328 3388 2394 τῇ
3421 2323 3568 2398 ῥύμῃ
3593 2341 3692 2394 φε-

2115 2411 2360 2481 ρόμενοι,
2397 2414 2526 2483 ἄχρι
2568 2414 2632 2482 δὴ
2664 2412 2762 2466 καὶ
2792 2416 2846 2474 ἐς
2888 2413 3059 2483 αὐτὴν
3095 2413 3413 2482 Χαλκηδόνα
3440 2415 3539 2482 τὴν
3567 2431 3696 2466 κατ-

2113 2506 2343 2572 αντικρὺ
2383 2504 2710 2568 Βυζαντίδος
2744 2505 3103 2572 διακειμένην
3132 2504 3193 2557 τὸ
3225 2505 3452 2574 ὅρμημα
3489 2505 3690 2559 ἔθεντο.

2115 2595 2225 2648 Kal.
2271 2595 2514 2666 ’Δῦαρες
2567 2597 2625 2650 δὲ
2675 2596 2773 2666 τὴν
2822 2595 3096 2665 Εὐρώπην
3142 2596 3486 2664 κατέδραμον
3517 2594 3693 2647 πάντα

2111 2685 2393 2758 δῃοῦντες·
2433 2688 2544 2740 Καὶ
2597 2687 2759 2756 φόνος
2793 2687 3048 2750 πλεῖστος
3086 2686 3390 2757 ἀνθρώπων
3434 2684 3692 2757 προύχώ-

2118 2795 2221 2848 ρει,
2257 2772 2370 2831 οἷον
2405 2777 2558 2832 οὔπω
2591 2796 2674 2842 τις
2711 2779 2963 2848 ἱστόρησε
2995 2777 3240 2843 πώποτε,
3269 2779 3327 2830 ού
3351 2777 3460 2830 τῶν
3499 2777 3693 2829 κοινῶν

2118 2869 2303 2940 μόνον,
2349 2870 2489 2923 ἀλλὰ
2523 2871 2617 2926 καὶ
2651 2872 2834 2924 αὐτῶν
2869 2870 2978 2922 τῶν
3027 2869 3413 2938 στρατοπέδων
3461 2867 3691 2936 διαφθα-

2115 2961 2342 3031 ρέντων.
2387 2961 2572 3031 Φθορά
2621 2979 2679 3015 τε
2713 2958 2869 3025 ζώων
2917 2960 2993 3022 ῶς
3041 2961 3271 3030 πλείστη
3323 2959 3559 3026 ἐγένετο,
3598 2958 3692 3010 καὶ

2113 3054 2385 3107 παντοίων
2432 3054 2632 3125 ἀφορία
2667 3053 2929 3123 καρπῶνο
2980 3056 3076 3107 le.
3105 3053 3276 3122 λιμοὶ,
3333 3050 3692 3121 προσεπιτού-

430 3134 647 3188 cladem
699 3137 988 3205 plurimam
1045 3154 1328 3208 accepere,
1382 3152 1436 3196 et
1481 3155 1778 3212 proventus
1827 3148 2007 3202 omnis

2117 3159 2226 3205 τοις
2255 3142 2312 3196 δὲ
2340 3144 2435 3196 καὶ
2465 3142 2679 3211 λοιμοί·
2716 3141 2811 3194 καὶ
2858 3139 3128 3211 χειμῶνες
3158 3156 3302 3193 τινες
3348 3139 3574 3204 ἐξαίσιοι
3602 3136 3691 3190 καὶ

437 3228 657 3295 generis
715 3229 929 3298 frugum
985 3230 1172 3284 nullus
1207 3232 1330 3286 fuit.
1373 3233 1670 3289 Accessere
1729 3237 1899 3292 fames
1955 3251 2012 3292 et

438 3317 789 3384 pestilentia),
828 3319 1042 3374 hiemes
1095 3320 1222 3374 item
1273 3321 1542 3392 ingentes,
1578 3334 1835 3379 naturam
1882 3327 2012 3396 ipsa!

434 3424 590 3462 suam
634 3425 979 3480 superantes,
1017 3413 1090 3467 ita
1127 3425 1186 3467 ut
1215 3431 1365 3470 mare
1395 3416 1602 3486 frigere
1663 3419 2011 3488 congelatum

436 3501 618 3569 pisces
671 3512 858 3571 postea
905 3515 1151 3560 mortuos
1179 3507 1430 3574 eiecerit.
1478 3508 1630 3564 Etas
1657 3525 1878 3580 quoque
1909 3510 2012 3564 hoc

443 3591 648 3645 minum
708 3596 922 3660 generis
971 3597 1149 3651 omnis
1173 3613 1330 3664 cmsa,
1355 3610 1410 3654 et
1459 3602 1658 3669 templa
1704 3611 1866 3672 atque
1906 3603 2010 3657 alia

437 3695 778 3750 quaecunque
791 3684 1018 3739 aedificia
1036 3700 1258 3743 venuste
1273 3691 1662 3761 splendideque
1679 3701 2013 3760 constructa,

438 3769 822 3840 frequentibus
849 3778 1138 3833 Persarum
1169 3781 1580 3852 incursionibus
1616 3786 1965 3852 pessumdata
1996 3803 2010 3839 :

437 3864 582 3930 quod
616 3865 910 3934 Chosroes,
956 3871 1121 3925 sicuti
1158 3873 1368 3926 dictum
1419 3882 1537 3937 est,
1575 3891 1762 3943 pacem
1789 3889 2014 3946 pr0pter

438 3955 760 4012 Mauricium
796 3961 1056 4018 videlicet
1079 3965 1484 4020 rescidcrit.Ac
1514 3968 1602 4020 ille
1636 3968 1857 4037 quidem
1881 3969 2014 4022 foris

434 4051 620 4103 anima
649 4052 772 4122 igne
801 4064 1021 4108 vastans
1044 4095 1058 4120 ,
1085 4058 1484 4126 rempublicam
1517 4059 1816 4130 :‘ﬂligcbat:
1847 4060 2011 4131 867

435 4140 647 4196 Phocas
675 4159 806 4198 vero
835 4145 980 4200 domi
1013 4147 1208 4202 urbem
1248 4151 1401 4220 pejus
1431 4151 1760 4220 accipiebat.
1779 4151 2013 4206 Proinde

435 4233 493 4286 in
541 4236 783 4302 equestri
822 4239 1061 4305 quodam
1118 4241 1330 4295 ludicro
1380 4242 1684 4296 certamine
1724 4244 1826 4314 (1),
1867 4245 2014 4312 quod

433 4336 562 4374 eum
617 4324 864 4378 nonnulli
925 4336 1226 4381 scommate
1264 4327 1732 4396 perstrinxissent,
1793 4326 2010 4380 ebrium

2115 3233 2212 3303 τὴν
2235 3231 2399 3301 φύσιν
2429 3231 2798 3298 ἐκϐαίνοντες,
2830 3231 2904 3292 ὡς
2943 3233 3042 3284 καὶ
3083 3231 3182 3298 τὴν
3209 3229 3486 3282 θάλασσαν
3521 3226 3690 3298 αὐτὴν

2113 3325 2190 3394 τῷ
2224 3325 2381 3396 κρύει
2411 3325 2660 3378 δεθεῖσαν
2686 3324 2913 3391 νεκροὺς
2944 3323 3070 3386 τοὺς
3099 3321 3288 3391 ἰχθύας
3315 3321 3420 3386 ἔξω
3455 3321 3692 3389 προϐαλ-

2113 3415 2252 3469 λειν.
2296 3413 2513 3466 Ἦλικία
2544 3414 2603 3467 δὲ
2642 3415 2793 3466 πᾶσα
2829 3411 3138 3482 ἀνθρώπων
3164 3411 3258 3463 καὶ
3279 3409 3418 3472 νεὼς
3450 3409 3544 3461 καὶ
3574 3409 3687 3462 ἄλλ’

2113 3505 2251 3559 ἄττα
2299 3504 2408 3557 τῶν
2460 3503 2939 3574 οἰκοδομημάτων,
2972 3503 3157 3573 ἁϐρῶς
3205 3503 3562 3572 ὲξησκημένα
3598 3503 3691 3555 καὶ

2115 3591 2410 3663 περιττῶς,
2467 3595 2589 3655 ταῖς
2649 3594 2881 3653 πυκναῖς
2934 3591 3256 3660 ἐπιδρομαῖς
3308 3589 3419 3642 τῶν
3469 3586 3691 3658 Περσῶν

2113 3684 2402 3753 διεφθάρη,
2429 3683 2696 3753 Χοσρόου,
2728 3683 2802 3746 ὡς
2851 3683 3091 3753 εἴρηται,
3138 3683 3233 3752 τὴν
3263 3682 3488 3752 εἰρήνην
3531 3682 3690 3734 ἀπει-

2115 3777 2308 3839 πόντος
2339 3776 2501 3846 δῆθεν
2532 3776 2622 3828 διὰ
2673 3775 3001 3843 Μαυρίκιον.
3053 3775 3113 3827 '0
3164 3774 3262 3844 μὲν
3292 3769 3386 3826 οὖν
3424 3772 3690 3834 πάνταοτὸ

2116 3869 2316 3932 ἔξωθεν
2349 3867 2667 3937 πυρπολῶν,
2693 3868 2881 3930 κακῶς
2916 3867 3139 3919 διετίθει
3159 3880 3174 3895 ⁸
3212 3866 3410 3926 Φωκᾶς
3434 3864 3488 3915 δὲ
3517 3863 3576 3914 τὸ
3597 3862 3691 3930 τῆς

2117 3960 2326 4022 πόλεως
2357 3959 2506 4012 ἔνδον
2540 3959 2801 4029 χειρόνως
2840 3959 3034 4011 ἐποίει.
3072 3957 3239 4028 Ὅθεν
3277 3956 3370 4009 καὶ
3401 3954 3484 4022 ἐφ’
3513 3955 3691 4006 ἳππων

2117 4053 2322 4124 ἁμίλλῃ
2356 4051 2631 4112 τινῶν.ὲς
2689 4052 2900 4102 ἐκεῖνον
2952 4049 3290 4118 σκωψὰντων
3337 4048 3420 4100 ὃτι
3471 4043 3688 4114 μεθύω,

2117 4142 2274 4212 θυμῷ
2303 4142 2465 4206 ζέσας
2495 4142 2594 4194 οὐκ
2630 4139 2844 4207 ὀλίγους
2876 4140 2986 4191 τῶν
3011 4138 3299 4206 ἐπισήμων
3333 4133 3568 4204 συσχὼν,
3601 4129 3691 4194 οὓς

2118 4233 2220 4303 μὲν
2250 4231 2451 4302 ἀφῄρει
2475 4231 2544 4284 τὰ
2577 4229 2737 4300 μέλη,
2765 4227 2958 4289 ἄλλους
2983 4228 3025 4280 δ’
3057 4228 3394 4297 ὲπεκήδευσε
3419 4225 3494 4294 τῷ
3527 4221 3693 4293 βυθῷ,

2116 4323 2211 4377 καί
2244 4339 2354 4376 τισι
2386 4322 2444 4375 δὲ
2473 4321 2774 4391 περιετίθει
2803 4320 3074 4388 φρουράν.
3603 4351 3606 4354 ~

434 4431 555 4472 csse
589 4419 856 4486 dicentes,
891 4422 1078 4476 furore
1108 4420 1366 4493 ﬂagrans,
1405 4439 1516 4477 non
1552 4422 1744 4492 paucis
1793 4438 1861 4476 ex
1899 4420 2229 4477 clarioribus
2289 4418 2507 4474 civibus
2567 4417 2766 4487 captis,
2794 4414 3125 4485 quibusdam
3192 4415 3436 4470 membra
3496 4424 3689 4481 anpu-

439 4509 593 4574 tavit,
630 4513 924 4567 nonnullos
947 4513 1002 4567 in
1034 4513 1203 4566 altum
1235 4528 1386 4568 mare
1423 4513 1679 4583 conjecit,
1710 4513 1850 4568 alios
1874 4529 2005 4569 vero
2044 4514 2100 4569 in
2130 4526 2354 4568 carcere
2382 4511 2625 4566 inclusit.

1002 4629 1227 4686 CAPUT
1273 4631 1458 4688 XLIV.

435 4717 516 4772 De
545 4719 800 4773 seditione
825 4718 966 4773 inter
1011 4721 1227 4775 Judwos
1275 4731 1323 4774 et
1355 4723 1683 4777 Christianos
1716 4724 2009 4779 Antiochia:

507 4801 627 4843 orta
663 4807 680 4846 :
717 4801 771 4842 ut
803 4792 855 4844 in
889 4806 946 4843 eo
979 4791 1207 4843 tumultu
1239 4795 1399 4845 etiam
1441 4796 1754 4847 Anastasius
1783 4794 2012 4848 Sinaites

511 4861 783 4931 episwpus
840 4877 1002 4912 cwsus
1051 4862 1138 4913 sit.
1174 4861 1243 4931 Et
1294 4863 1356 4914 de
1386 4859 1633 4931 Cyriacn,
1689 4863 1911 4928 Thema,
1962 4874 2010 4919 et

506 4929 713 4999 Sergio,
745 4929 1344 4997 Constantinopolitauis
1368 4929 1647 5003 episcopis.

509 5105 816 5163 Antiochize
845 5124 976 5162 vero
1004 5110 1186 5179 gravis
1240 5111 1512 5166 tumultus
1551 5111 1675 5179 fuit,
1710 5112 1856 5182 quod
1899 5111 2008 5168 lle-

434 5198 567 5252 braai
599 5212 821 5251 rursum
856 5197 1123 5252 adversus
1171 5197 1516 5254 Christianos
1536 5237 1551 5262 ,
1582 5213 1681 5263 per
1713 5214 1802 5253 res
1838 5214 2010 5254 novas

439 5288 868 5343 insurrexerint.
916 5289 983 5342 in
1030 5305 1096 5344 ea
1134 5290 1413 5346 seditione
1467 5291 1641 5346 ,ἰυθεὶ
1696 5292 2012 5362 superiores

445 5381 620 5435 fuere.
658 5381 934 5450 lugentem
978 5398 1216 5453 namque
1242 5383 1679 5438 Christianorum
1709 5384 2014 5438 multitudi-

438 5491 566 5528 iicm
594 5485 690 5527 aut
715 5476 858 5528 ferro
881 5476 1264 5543 conciderunt;
1293 5485 1386 5530 aut
1424 5477 1559 5546 igni,
1592 5492 1753 5545 quem
1785 5477 1838 5530 in
1870 5476 2017 5531 aedes

433 5581 632 5621 corum
661 5566 1044 5634 coniecerant,
1079 5576 1430 5625 exusserunt.
1474 5567 1581 5622 Eos
1609 5567 1836 5633 Phocas,
1864 5567 2016 5638 impii

2048 4653 2097 4712 D

2701 4628 2956 4683 ΚΕΦΑΛ.
2993 4623 3124 4679 MA'.

2118 4722 2257 4790 Περὶ
2279 4721 2390 4788 τῆς
2423 4721 2492 4775 ἐν
2531 4720 2859 4788 Ἀντιοχείᾳ
2887 4717 3224 4792 γενομένης.
3245 4713 3691 4792 στᾴσεως-Ἰοιξ

2191 4783 2381 4846 δαίων
2404 4808 2466 4844 τε
2499 4792 2596 4844 καί
2625 4783 3037 4858 Χοίὸτιάιὲῶιὴὅ
3067 4789 3162 4840 καὶ
3193 4785 3273 4858 ὡς
3321 4783 3585 4858 ἀνῃρέθη
3617 4783 3688 4858 τῇ

2192 4861 2408 4916 στάσει
2443 4861 2542 4913 καί
2575 4864 2606 4913 o'
2633 4854 2968 4922 ἐπίσκοπος
3005 4855 3406 4919 Ἀναστάσιος
3433 4858 3464 4907 ό
3494 4854 3693 4905 Σινατ-

2191 4950 2300 5004 της
2323 4931 2470 5004 σίκαὶ
2494 4930 2626 4996 περὶ
2653 4929 2978 5004 Κυριακοῦ,
2998 4925 3190 5004 -Θωμᾶ
3224 4939 3286 4976 τε
3316 4925 3416 4977 καὶ
3446 4923 3694 4991 Σεργίου

2190 5001 2309 5055 τῶν
2338 5001 3090 5053 Κωνσταντινουπολιτῶν.

2190 5113 2299 5166 Καὶ
2330 5111 2520 5173 στάσις
2556 5110 2612 5163 δὲ
2643 5110 2792 5180 δεινή
2827 5128 2910 5174 τις
2955 5108 3057 5163 ἀνὰ
3090 5108 3190 5178 τὴν
3232 5106 3507 5175 Ἀντιόχου
3545 5101 3693 5156 κεκί-

2119 5221 2270 5274 νητο,
2325 5202 2599 5270 Ἐὅραίων
2655 5201 2814 5266 αὖθις
2865 5205 3011 5256 κατὰ
3053 5199 3395 5270 Χριστιανῶν
3442 5212 3691 5263 νεωτερι-

2119 5296 2363 5349 σάντων·
2421 5289 2455 5369 ᾖ
2509 5294 2571 5362 δὴ
2637 5293 2822 5346 στάσει
2881 5293 3318 5363 ἐπικρατέστερα
3375 5288 3576 5357 μᾶλλον
3627 5285 3692 5338 τὰ

2127 5387 2406 5440 Ἰουδαίων
2433 5389 2676 5456 ἐγένετο.
2708 5386 2849 5438 Πολύ
2878 5405 2929 5440 τι
2957 5389 3050 5438 καὶ
3080 5385 3191 5454 γὰρ
3225 5385 3413 5450 στῖφος
3435 5381 3691 5450 Χριστια-

2121 5479 2250 5544 νῶν,
2291 5480 2352 5532 τὸ
2416 5480 2514 5550 μὲν
2573 5483 2848 5549 μαχαίρας
2891 5481 3050 5550 ἔργον
3097 5478 3338 5544 ἐγένετο,
3391 5473 3452 5526 τὸ
3504 5472 3560 5523 δὲ
3598 5469 3692 5521 καὶ

2125 5574 2258 5642 πυρὶ
2283 5573 2643 5641 δεδαπάνητο,
2683 5572 2795 5640 πῦρ
2825 5575 2942 5634 ταῖς
2976 5571 3180 5624 οίκίαιε
3203 5569 3312 5620 τῶν
3353 5561 3692 5619 στασιαστῶν

509 5706 978 5776 (|)Circcusibus
1021 5705 1457 5784 ⁸ίιι-(ιίεΑιζιςιείηιί
1523 5703 1786 5761 conviciis
1842 5719 1967 5761 eum
2015 5705 2371 5776 lacessentes,
2430 5711 2767 5784 clamaruntq:
2833 5709 3038 5764 [rerum
3093 5705 3391 5776 Ingabasta
3476 5698 3692 5757 bibisti?

437 5776 641 5832 {rerum
665 5794 872 5834 sensum
901 5779 1217 5849 perdidisti?
1247 5776 1449 5848 (Diae)
