4084 6446
358 339 461 406 417

1200 342 1797 405 ECCLESIASTIC£
1840 340 2224 405 HISTORUE
2264 342 2408 407 LIB.
2456 342 2668 408 XVIII.

3504 345 3608 410 418

354 462 643 516 ἐνιέντωνο
698 459 794 525 οὓς
823 461 1021 525 limati;
1080 461 1551 532 εἰσπραττόμενος
1585 461 1682 523 τὰς
1736 461 1925 525 ποινὰς

2038 468 2094 513 et
2151 457 2401 531 llagitiosi
2459 462 2722 518 facinoris
2785 477 2977 533 pinnas
3038 477 3304 528 sumens,
3369 472 3612 521 tormen‘

354 553 465 607 τῶν
512 553 748 608 ἀνοσίων
799 554 978 621 ἔργων
1008 554 1105 607 καὶ
1147 554 1423 624 πράξεων,
1456 553 1679 607 κολάσει
1724 554 1926 623 ὑπῆγε,

354 645 449 700 καὶ
479 645 580 714 τῆς
619 645 830 710 πόλεως
857 645 1111 716 ἡλαυνεν.
1147 649 1223 701 Οὐ
1257 644 1365 717 μὴν
1389 646 1446 699 δὲ
1481 645 1620 700 ἀλλὰ
1645 644 1742 699 καὶ
1764 645 1930 699 αὑτὸν

353 732 493 807 δῆτα
519 736 611 788 τὸν
644 736 798 807 ίερία
835 737 938 807 τῆς
966 737 1180 801 πόλεως
1221 736 1602 797 ’Λναστάσιον.
1633 736 1692 799 δς
1723 737 1932 807 Γρηγο-

358 828 477 896 ρίου
507 827 755 898 διάδοχος
779 822 870 898 ἦν,
909 828 1235 892 καθελόντες
1263 828 1359 883 τοῦ
1390 828 1605 898 θρόνου,
1636 830 1845 898 σχοῖνόν
1868 845 1929 907 τι

352 914 464 966 τῶν
516 912 697 966 ποδῶν
747 911 1104 985 ἆξαψάμενοι.
1139 916 1229 970 διὰ
1264 917 1366 985 τῆς
1420 917 1628 980 πόλεως
1673 916 1928 987 σύροντες

355 1003 575 1074 θανάτῳ
628 1005 903 1075 ἀσχήμονι
952 1006 1241 1061 ἐκδιδοῦσι.
1286 998 1398 1077 Τὴν
1443 1008 1553 1076 γὰρ
1597 1009 1696 1078 τῆς
1746 1008 1928 1070 αἰδοῦς

355 1094 521 1161 φύσιν
582 1098 833 1168 μαχαίρᾳ
884 1098 1238 1167 διατεμόντες
1291 1101 1615 1170 συρομένῳ,
1658 1101 1801 1153 κατὰ
1833 1100 1930 1153 τοῦ

357 1189 628 1256 στόματος
679 1190 1081 1245 ἐπιϐάλλουσιν.
1123 1192 1211 1254 Ἐς
1245 1192 1474 1260 ὕστερον
1521 1193 1600 1255 δὲ,
1652 1192 1845 1263 ὥσπερ
1875 1212 1928 1248 τι

354 1281 463 1333 τῶν
487 1280 964 1350 ὁλοκαυτωμάτων
1012 1283 1380 1352 παρεδίδοσαν
1409 1284 1489 1353 τῷ
1538 1286 1706 1356 πυρί·
1758 1286 1928 1357 ἄνδρα

360 1372 525 1442 σοφία
569 1374 664 1427 καὶ
707 1374 875 1443 ἀρετῇ
926 1375 1319 1444 διαπρέποντα,
1354 1376 1573 1445 πρῶτόν
1607 1395 1665 1429 τε
1695 1378 1802 1430 τῶν
1826 1378 1930 1446 τῆς

368 1462 698 1532 Ἐκκλησίας
720 1464 1010 1533 δογμάτων
1037 1467 1393 1537 στοιχειωτήν
1413 1482 1430 1499 ο
1456 1468 1628 1523 πολλά
1657 1487 1716 1523 τε
1742 1470 1926 1539 βιϐλία

355 1555 424 1623 τῇ
464 1553 765 1624 Ἐκκλησία
801 1554 1251 1610 καταλελοιπότα.
1298 1555 1501 1610 Τούτου
1550 1559 1643 1612 καὶ
1677 1561 1709 1629 ή
1745 1560 1931 1628 βίϐλος

353 1645 388 1715 ἢ
429 1644 680 1713 Ὀδηγὸς
729 1645 903 1716 ὄνομα
939 1646 1118 1716 ἔσχεν,
1169 1647 1224 1700 οἰ
1268 1665 1330 1701 τε
1367 1649 1485 1718 ὅροι
1515 1650 1623 1704 τῶν
1665 1654 1765 1720 τῆς
1807 1654 1929 1707 Ἐκ-

352 1736 577 1807 κλησίας
617 1736 925 1804 δογμάτων,
968 1739 1062 1792 καὶ
1100 1738 1237 1793 ἄλλα
1266 1740 1476 1795 πολλά⁸
1512 1742 1608 1796 καὶ
1652 1745 1681 1798 ὁ
1718 1746 1797 1805 είς
1829 1745 1922 1799 τὸν

351 1805 512 1882 ἕκτον
542 1828 769 1898 Ψαλμὸν
821 1830 979 1898 λόγος
1009 1834 1131 1893 ταῖς
1180 1832 1458 1887 είσϐάσεσι
1501 1836 1610 1888 τῶν
1660 1836 1928 1905 νηστειῶν
1959 1805 2000 1861 Β

355 1919 627 1982 ὲκδοθείςο
673 1922 797 1990 ἐμοὶ
831 1916 875 1972 δ’
907 1924 1151 1991 ἐντυχεῖν
1185 1923 1398 1989 ἐγένετο
1445 1925 1537 1978 καὶ
1581 1925 1726 1995 λόγῳ
1759 1926 1929 1981 αὐτοῦ

353 2012 413 2063 δν
441 2012 575 2082 πρὸς
617 2013 909 2084 Ἀντιοχεῖς
928 2013 1171 2085 ἔγραψεν
1193 2016 1513 2086 είσιτήριον,
1544 2018 1637 2070 καὶ
1656 2019 1931 2089 εἰρηνικὸν

353 2102 562 2173 ἕτερον,
598 2104 686 2156 διὰ
714 2105 882 2173 τριῶν
923 2104 1017 2157 καὶ
1054 2104 1225 2158 είκοσι
1250 2105 1393 2160 ἐτῶν
1453 2106 1610 2171 αὖθις
1640 2110 1930 2179 ἐπανήκων

355 2196 450 2248 ἐπὶ
477 2197 567 2249 τὸν
597 2196 809 2266 θρόνον,
842 2197 1152 2267 Μαυρικίου
1183 2198 1278 2268 τὴν
1304 2197 1604 2270 ἠγεμονίαν
1634 2198 1926 2264 ίθύνοντοςο

355 2285 414 2339 δν
437 2286 500 2355 δὴ
531 2287 625 2340 καὶ
654 2288 712 2340 ἐν
741 2288 819 2357 τῷ
844 2287 988 2358 λόγῳ
1013 2287 1220 2361 ἐξαίρει
1239 2306 1252 2319 ·
1289 2292 1385 2342 καὶ
1406 2290 1479 2354 ὡς
1509 2289 1608 2357 τῆς
1633 2290 1928 2361 ὑπερορίου

362 2379 638 2450 ἀνεκλήθη
679 2381 882 2451 φυγῆς.
911 2381 1100 2454 Τούτῳ
1130 2383 1194 2452 δὴ
1237 2382 1318 2452 τῷ
1359 2382 1719 2453 ’Λναστασίῳ,
1752 2383 1840 2436 διὰ
1867 2386 1928 2437 τὸ

357 2473 415 2526 ὲν
442 2474 644 2544 Σιναίῳ
689 2475 1094 2545 φιλοσοφῆσαι,
1137 2477 1236 2529 καὶ
1270 2458 1366 2530 τοῦ
1420 2477 1772 2546 φρονήματος
1825 2476 1928 2545 τῆς

358 2569 554 2637 σαρκὸς
603 2569 782 2622 ἐκεῖσε
836 2570 1283 2639 κατακρατῆσαι,
1333 2570 1432 2623 καὶ
1480 2570 1738 2639 Σιναττης
1780 2570 1927 2624 ἐστιν

357 2658 667 2729 ἐπώνυμον.
697 2660 807 2712 Καὶ
836 2660 865 2711 ὁ
900 2659 999 2729 μὲν
1027 2660 1201 2729 δήμου
1229 2658 1519 2727 γενόμενος
1544 2658 1928 2729 παρανάλωμα

358 2750 600 2804 ἀπεϐίω·
639 2751 779 2820 μετά
820 2752 878 2805 δὲ
929 2751 1117 2805 τοῦτον
1162 2752 1259 2820 ετη
1299 2750 1356 2815 ς’
1391 2750 1793 2821 διαπρέψαντα,
1826 2751 1928 2821 τὴν

357 2843 453 2911 τῆς
503 2841 777 2912 Ἀντιόχου
814 2844 1178 2914 ποιμαντικὴν
1223 2842 1576 2906 Ἀναστάσιος
1605 2844 1791 2912 ἕτερος
1818 2843 1928 2896 διε-

356 2933 557 3005 δέχετο.
593 2935 703 3004 Πρὸ
729 2935 788 2990 δὲ
820 2935 1015 2989 τούτου
1057 2935 1152 2989 καὶ
1199 2935 1477 3004 Κυριακὸς
1508 2935 1535 2985 ό
1574 2937 1675 3003 τῆς
1721 2933 1929 3003 βασιλί-

353 3025 439 3089 δος
458 3028 756 3089 ἐπίσκοπος
797 3027 1079 3080 ἑνδέκατον
1112 3025 1229 3089 ἔτος
1257 3029 1322 3096 τῇ
1363 3025 1606 3094 ἱερατείᾳ
1635 3024 1926 3095 ἑνδιαπρέσ

2037 550 2107 605 tis
2155 551 2442 618 subdidit,
2504 562 2667 623 atquc
2724 554 2864 609 urbe
2929 555 3131 625 exegit.
3192 555 3275 610 Ilii
3350 572 3479 611 vero
3552 567 3610 613 et

2032 641 2275 698 civitatis
2301 645 2423 716 ejus
2457 645 2758 701 antistitem
2796 647 3170 713 Anastasium,
3202 646 3454 717 Gregorii
3486 664 3594 705 suo

2031 749 2333 801 cessorem,
2378 753 2409 792 e
2445 738 2648 793 throno
2691 753 2792 792 suo
2822 738 3197 804 deturbatum,
3240 739 3480 811 {tuncque
3514 757 3612 811 pe-

2032 825 2200 880 dibus
2251 827 2497 896 alligato,
2553 844 2652 897 per
2681 828 2871 883 urbem
2925 838 3179 897 tractum,
3231 829 3373 887 imda
3434 844 3614 889 morte

2031 915 2354 972 aﬂecerunt.
2390 918 2678 973 Pudendas
2702 935 2935 988 namque
2975 930 3187 976 naturae
3237 933 3419 993 partes
3467 925 3614 980 inter

2033 1007 2359 1061 trahendum
2381 1022 2514 1063 ense
2540 1008 2777 1073 excisas,
2804 1010 2856 1063 in
2889 1026 2951 1065 os
2971 1012 3093 1080 ejus
3121 1012 3384 1083 injeccre.
3406 1015 3609 1071 Postea

2031 1112 2163 1151 vero
2198 1098 2351 1153 illum
2410 1101 2641 1170 perinde
2673 1110 2838 1171 atque
2891 1103 3268 1158 holocaustum
3303 1106 3608 1175 quoddam,

2032 1188 2144 1258 igni
2182 1191 2459 1247 tradidere
2487 1209 2502 1247 :
2534 1193 2711 1247 virum
2743 1194 3015 1267 sapientia
3045 1203 3102 1249 et
3131 1195 3338 1251 virtute
3366 1197 3612 1267 prmcla—

2030 1257 2175 1342 rum,
2203 1281 2637 1351 primariumque
2665 1257 3263 1353 dogmatum‘Ecclesite
3290 1284 3572 1340 doctorem
3596 1303 3611 1340 :

2030 1372 2232 1439 quippe
2262 1371 2358 1441 qui
2395 1373 2811 1429 lucubrationes
2845 1375 3045 1430 multas
3072 1375 3253 1430 eidem
3306 1378 3612 1446 reliquerit.

2032 1462 2207 1531 Hujus
2250 1464 2390 1518 liber
2433 1475 2520 1520 est
2568 1467 2657 1521 cui
2689 1481 2889 1521 nomen
2927 1468 3183 1538 Ὀδηγδς,
3215 1468 3322 1523 hoc
3359 1476 3464 1532 est,
3502 1469 3613 1524 Viae

2033 1552 2168 1615 dux,
2205 1562 2259 1608 et
2306 1554 2568 1612 Ecclesiae
2611 1558 2928 1628 dogmatum
2963 1545 3332 1624 deﬁnitiones,
3394 1561 3616 1630 aliaque

2031 1655 2293 1713 praetcrea
2324 1648 2519 1703 multa.
2573 1650 2708 1704 Item
2750 1650 2805 1704 in
2856 1660 3073 1706 sextum
3120 1653 3398 1706 Psalmum
3446 1653 3612 1721 liber,

2034 1738 2089 1793 in
2128 1738 2378 1810 ingressu
2401 1742 2735 1813 jejuniorum
2769 1744 2973 1799 editus.
3006 1745 3116 1815 Ego
3138 1760 3270 1799 vero
3301 1745 3614 1799 orationem

2029 1830 2194 1884 etiam
2228 1832 2358 1901 .ejus
2409 1833 2700 1901 quamdam
2736 1835 2876 1904 legi,
2910 1836 2978 1889 ad
3002 1835 3385 1890 Antiocheuos
3417 1836 3472 1889 in
3529 1836 3616 1889 in-

2033 1922 2200 1976 troitu
2241 1938 2343 1977 suo
2372 1925 2658 1994 scriptam,
2692 1935 2747 1980 et
2776 1926 3204 1996 paciﬁcatoriam
3240 1928 3425 1990 aliam,
3446 1942 3611 1995 quam

2027 2014 2289 2070 vicesimo
2317 2017 2478 2071 tertio
2504 2032 2649 2071 anno
2685 2019 2740 2071 in
2778 2020 3035 2072 thronum
3076 2034 3237 2073 suum
3271 2018 3612 2087 postliminio

2031 2121 2287 2163 reversus
2317 2109 2650 2179 composuit,
2671 2110 2937 2165 Mauricio
2973 2110 3267 2180 imperium
3286 2110 3610 2165 obtinente:

2028 2215 2190 2267 quem
2231 2201 2399 2255 etiam
2448 2202 2503 2257 in
2558 2218 2627 2257 eo
2674 2204 2906 2272 scripto.
2938 2203 3082 2273 quod
3122 2203 3193 2257 ab
3226 2203 3425 2259 exsilio
3453 2216 3613 2257 revoo

2026 2300 2182 2344 catus
2204 2292 2296 2355 sit,
2331 2290 2591 2349 laudibus
2613 2293 2791 2347 eil‘ert.
2818 2291 2956 2347 Huic
2990 2293 3297 2357 Anastasio,
3322 2301 3612 2362 propterea

2026 2380 2175 2450 quod
2204 2382 2260 2437 in
2292 2380 2472 2437 Sinteo
2503 2393 2688 2439 monte
2724 2384 3146 2457 philosophatus
3179 2385 3270 2451 sit,
3296 2394 3353 2441 et
3383 2400 3605 2441 sensum

2027 2474 2103 2527 ibi
2163 2477 2346 2531 carnis
2392 2475 2691 2539 domuerit,
2740 2476 2967 2532 Sinaitze
3013 2481 3315 2547 cognomen
3372 2477 3609 2531 inditum

2023 2576 2129 2620 est.
2172 2568 2352 2636 Atque
2392 2568 2482 2622 illc
2529 2568 2754 2638 quidem
2806 2569 2862 2623 in
2896 2570 3087 2640 populi
3121 2571 3359 2625 tumultu
3390 2585 3613 2641 perem-

2026 2665 2173 2723 pius,
2196 2656 2361 2710 vitam
2392 2656 2555 2712 (iniit.
2581 2659 2711 2714 Post
2746 2673 2875 2713 cum
2898 2671 3082 2714 autem
3115 2675 3239 2715 cum
3267 2675 3363 2714 sex
3393 2660 3555 2714 annis
3579 2674 3612 2713 a

2027 2745 2209 2800 reditu
2247 2746 2301 2800 in
2340 2749 2664 2818 episcopatu
2704 2752 3039 2817 enituisset,
3077 2752 3352 2821 pastorale
3405 2767 3611 2807 munus

2026 2836 2332 2892 Antiochia:
2364 2839 2689 2895 Anastasius
2716 2841 2858 2895 alter
2881 2842 3145 2911 suscepit.
3181 2843 3351 2912 868
3382 2843 3448 2897 Et
3478 2855 3607 2897 ante

2028 2928 2177 2983 hunc
2225 2927 2490 3000 Cyriacus
2538 2932 2728 2995 etiam,
2769 2932 3396 3005 Constantinopolitana:
3451 2936 3608 2990 urbis
3692 2974 3697 2980 .

2026 3021 2342 3090 episcopus,
2368 3024 2625 3079 undecim
2657 3025 2819 3080 annis
2842 3026 2898 3081 in
2930 3041 3084 3081 sacra
3114 3027 3398 3081 iunctione
3428 3036 3611 3084 trans-

354 3119 483 3186 φας.
512 3118 687 3190 Θωμᾷ
719 3120 809 3173 τὸν
846 3121 1033 3191 θρόνον
1064 3102 1497 3187 καταλιμπάνει.
1548 3119 1643 3182 Ὃς
1677 3119 1925 3181 διάκονος

2029 3111 2183 3175 actis,
2220 3114 2406 3168 sedem
2435 3130 2555 3168 eam
2610 3116 2836 3170 Thomas
2876 3117 3095 3185 reliquit
3140 3135 3154 3171 :
3186 3119 3277 3188 qui
3312 3120 3528 3174 diaconi
3555 3129 3612 3175 ct

358 3208 451 3261 καὶ
482 3210 839 3280 σακελλάριος
885 3213 984 3280 τῆς
1048 3209 1379 3280 Ἐκκλησίας
1426 3207 1803 3279 καθεστηκὼς,
1833 3209 1925 3261 ἐπὶ

2033 3202 2309 3257 sacellarii
2332 3204 2385 3258 in
2408 3205 2649 3260 Ecclesia
2682 3221 2887 3263 munus
2911 3208 3131 3275 obiens,
3161 3208 3230 3263 ad
3265 3210 3608 3278 pontiﬁcium

358 3298 450 3354 τὸν
488 3301 677 3372 θρόνον
706 3300 885 3373 ἀνῄει.
920 3302 995 3354 Ού
1027 3301 1193 3354 πλέον
1215 3302 1272 3354 δὲ
1295 3303 1328 3371 ἢ
1354 3302 1481 3371 τρία
1500 3301 1596 3368 ἔτη
1628 3301 1764 3371 πρὸς
1795 3301 1925 3370 μησὶ

2034 3290 2292 3346 thronum
2310 3293 2655 3348 conscendit.
2676 3295 2774 3350 Hic
2800 3311 2934 3351 vero
2968 3299 3146 3353 tribus
3179 3304 3360 3364 annis,
3386 3310 3441 3354 ιι
3464 3303 3607 3355 duo-

357 3391 478 3446 δυσὶ
510 3393 606 3446 καὶ
655 3388 810 3456 οὗτος
863 3393 1240 3464 ίερασάμενος,
1281 3393 1363 3463 τῷ
1420 3392 1673 3445 δυσσεϐεῖ
1718 3392 1925 3464 Σεργίῳ

2033 3385 2136 3440 bus
2164 3402 2274 3443 non
2310 3388 2548 3458 amplius
2575 3390 2860 3446 mensibus
2912 3406 3069 3447 sacro
3102 3408 3334 3449 munere
3364 3396 3606 3460 functus,

360 3484 451 3538 τοῦ
477 3485 667 3557 θρόνου
727 3487 1070 3556 παραχωρεῖ,
1115 3486 1206 3537 τὸν
1251 3484 1509 3554 μέγιστον
1565 3480 1712 3538 οἷκον
1742 3484 1925 3554 δειμὼ

2031 3478 2201 3547 impio
2259 3479 2451 3552 Sergio
2498 3483 2632 3537 sede
2696 3484 2887 3540 cessit.
2924 3484 3166 3542 Thomas
3229 3488 3330 3542 iste
3382 3489 3607 3542 domum

363 3594 520 3644 μενος
554 3577 631 3648 τῷ
658 3578 992 3648 ὲπισκοπείῳ
1011 3593 1024 3607 ·
1052 3577 1112 3640 ὃς
1144 3576 1207 3629 τὸ
1245 3578 1341 3629 τοῦ
1381 3576 1760 3646 δομησαμένου
1793 3576 1925 3646 κλη-

2031 3565 2322 3621 ntaximatn
2345 3571 2400 3621 in
2467 3568 2680 3625 aedibus
2713 3573 3122 3652 episcopalibus
3148 3577 3457 3632 exstruxit:
3484 3592 3608 3647 qua:

366 3670 680 3739 ρωσάμενος
708 3669 904 3739 ὅνομα,
935 3668 1225 3739 Θωμαῖτης
1255 3669 1312 3731 ἐς
1348 3669 1508 3738 δεῦρο
1539 3667 1599 3721 τὸ
1637 3668 1925 3737 ἐπώνυμον

2028 3656 2245 3725 domus,
2274 3674 2474 3715 nomen
2506 3677 2538 3717 a
2569 3662 2858 3720 conditore
2880 3680 2982 3720 suo
3030 3678 3340 3736 acceptum,
3391 3669 3446 3722 in
3495 3669 3603 3721 ho-

359 3764 536 3833 ἔσχεν.
584 3764 643 3817 ’0
671 3764 729 3816 δὲ
760 3739 983 3833 Σέργιος
1016 3762 1263 3822 διάκονος
1309 3759 1429 3831 μὲν
1456 3760 1558 3830 τῆς
1599 3761 1925 3831 Ἐκκλησίας

2028 3749 2281 3805 dieruum
2313 3767 2487 3822 usque
2518 3754 2663 3811 diem
2696 3757 2933 3812 ‘rctinet
2957 3798 2973 3819 ,
3007 3767 3064 3814 et
3099 3759 3406 3815 Thomaitis
3446 3776 3610 3816 voca-

360 3856 729 3925 καθειστήκει,
787 3856 851 3908 ἐκ
891 3853 1079 3922 Σύρων
1129 3853 1225 3905 καὶ
1288 3851 1615 3907 Ἰακωϐι-ςῶν
1671 3853 1772 3922 τὴν
1827 3851 1924 3907 τοῦ

2029 3850 2138 3895 tur.
2183 3843 2254 3896 At
2296 3841 2524 3913 Sergius
2571 3846 2836 3905 diaconus
2874 3849 3097 3920 quidem
3153 3852 3412 3907 Ecclesiae
3445 3852 3603 3910 fuit:
3672 3921 3686 3931 _

360 3946 547 4012 γένους
578 3946 753 4001 ἕλκων
779 3946 987 4017 σειρὰν.

2028 3935 2122 3990 sed
2147 3950 2181 3992 α
2213 3935 2369 4008 Syris
2397 3950 2453 3995 et
2482 3939 2748 3999 Jacobitis
2773 3945 2991 4015 generis
3015 3944 3284 4027 originem
3310 3949 3494 4002 traxit.

925 4102 1175 4157 ΚΕΦΛΑ.
1209 4102 1344 4157 ME'.

352 4220 492 4290 Περὶ
539 4220 658 4275 τῶν
682 4217 831 4289 μετὰ
862 4219 978 4290 tm:
1003 4219 1180 4284 ἁγίαν
1207 4216 1257 4269 δ’
1280 4220 1386 4290 ,καί
1419 4214 1463 4270 ε’
1502 4216 1773 4290 σύνοδον
1831 4235 1923 4290 τε·

522 4286 875 4360 τενηλιένων
904 4286 978 4358 τῇ
1020 4287 1352 4355 Ἐκκλησία
1386 4287 1766 4358 σχισμάτων.

420 4405 516 4468 Τίς
562 4404 622 4459 δὶ
665 4403 822 4468 οὗτος
889 4401 1173 4467 Ἰάκωϐος,
1229 4400 1292 4466 ἐξ
1327 4400 1389 4455 οὗ
1449 4402 1546 4457 καὶ
1613 4402 1921 4457 Ἰακωϐῖται

2545 4166 2551 4171 .
2607 4116 2830 4176 CAPUT
2879 4118 3042 4176 XLV.

2029 4224 2101 4303 De
2150 4226 2518 4308 schisntatibus
2582 4248 2739 4308 _quw_
2775 4245 2889 4308 post
2931 4246 3193 4308 quartam
3252 4244 3303 4291 et
3360 4232 3601 4308 quintam

2154 4307 2396 4353 sanctam
2425 4302 2685 4371 synodum
2722 4304 2778 4357 in
2817 4302 3464 4379 Ecclésiamirrepserunt.

2095 4410 2232 4476 Quis
2260 4426 2394 4468 vero
2437 4413 2675 4471 Iacobus
2726 4417 2829 4473 iste
2891 4417 3077 4488 fuerit,
3128 4420 3275 4477 unde
3337 4422 3603 4481 Jacobitte

352 4502 702 4569 παρωνύμως
731 4495 1060 4566 ἐκλήθησαν,
1087 4493 1299 4550 δίκαιον
1328 4493 1408 4564 τῷ
1444 4494 1589 4566 λόγῳ
1615 4494 1919 4585 διαλαϐεῖν,

2028 4518 2226 4558 nomen
2257 4516 2611 4576 acceperunt,
2637 4518 2692 4563 et
2716 4510 2823 4565 alia
2842 4500 3108 4583 praeterea
3132 4530 3254 4585 qua:
3280 4516 3336 4570 in
3370 4516 3604 4574 historia

351 4590 444 4642 καὶ
462 4590 561 4643 ὅσα
578 4588 746 4657 ἔτερα
762 4588 829 4658 τῇ
866 4582 1153 4657 συγγραφῇ
1184 4586 1637 4656 παραλέλειπται.
1677 4584 1919 4640 Ἀνωθεν

352 4682 408 4736 δὲ
444 4682 748 4752 ἀρξάμενος
792 4679 1146 4750 διηγήσομαι.
1186 4677 1458 4748 Εὐτυχοῦς
1484 4678 1578 4733 καὶ
1616 4678 1916 4749 Διοσκόρου

354 4774 456 4828 ὑπὸ
482 4775 582 4844 τῆς
606 4776 664 4827 ἐν
690 4771 994 4842 Χαλκηδόνι
1035 4770 1200 4839 ἁγίας
1230 4770 1273 4824 δ’
1302 4770 1744 4843 καθαιρεθέντων
1787 4787 1920 4823 συν-

350 4866 492 4930 όδου,
512 4867 562 4919 οἱ
596 4866 694 4935 τῆς
724 4864 944 4918 ἐκείνων
966 4862 1233 4932 δόγμασιν
1259 4862 1614 4933 ἀντεχόμενοι
1636 4861 1734 4931 τῆς
1754 4861 1921 4916 καθο-

351 4958 504 5029 λικῆς
546 4955 877 5024 Ἐκκλησίας
914 4953 1141 5016 ἑαυτοὺς
1184 4953 1603 5024 ἀποστήσαντες
1634 4954 1914 5025 διακρινο-

359 5051 548 5120 μένους
578 5048 801 5111 ἑαυτοὺς
825 5046 1241 5115 κατωνόμασαν,
1281 5045 1547 5115 μηδαμῶς
1571 5045 1915 5100 συντίθεσθαι

350 5145 460 5206 τοῖς
479 5141 653 5212 ὀρθῶς
683 5140 1091 5209 δογματισθεῖσι
1112 5140 1176 5209 τῇ
1212 5137 1345 5207 ἁγίᾳ
1378 5138 1645 5208 ᾑρημένοι
1667 5137 1873 5208 συνόδῳ
1896 5152 1912 5168 ·

349 5234 520 5289 οἱκαὶ
558 5236 640 5297 είς
678 5230 1000 5286 δυοκαίδεκα
1029 5231 1298 5300 τμήματα
1343 5228 1704 5301 διῃρέθησανο
1734 5229 1797 5295 ἐξ
1838 5224 1917 5284 ὧν

348 5326 443 5380 καὶ
475 5306 669 5395 μυρίαι
704 5323 946 5394 αἱρέσεις
995 5321 1340 5399 ἐϐλάστησαν
1361 5333 1376 5350 '
1412 5313 1487 5373 ὧν
1520 5321 1571 5372 οἱ
1604 5320 1706 5391 μὶν
1743 5321 1917 5375 Εὐτυ-

343 5417 617 5489 χιανισταὶ
672 5414 1105 5484 ὠνομάσθησαν,
1155 5413 1449 5483 Διόσκορον
1504 5414 1600 5467 καὶ
1648 5412 1914 5485 Εὑτύχιον

350 5508 507 5578 μόνον
531 5507 811 5576 δεχόμενοι
831 5521 847 5537 ο
862 5568 865 5569 ν
882 5505 934 5558 οῖ
955 5506 1046 5558 τὸν
1076 5505 1121 5558 Χ
1130 5506 1311 5575 ριστὸν
1337 5505 1695 5575 ὲδογμάτιζον
1721 5506 1918 5575 ὀμοού-

347 5617 459 5654 σιον
494 5601 593 5671 μὲν
622 5599 700 5669 τῷ
732 5600 926 5669 Πατρὶ,
959 5597 1020 5650 οὐ
1049 5598 1159 5670 μὴν
1183 5598 1239 5651 δὲ
1259 5598 1357 5651 καὶ
1378 5600 1515 5669 ἡμῖν
1537 5614 1552 5629 ’
1585 5594 1670 5662 οἷς
1693 5599 1770 5669 μὴ
1792 5616 1917 5653 συν-

345 5692 583 5748 τίθενται
618 5691 891 5757 σώζεσθαι
922 5692 980 5744 ἐν
1010 5690 1234 5762 Χριστῷ
1277 5691 1379 5761 τὴν
1421 5694 1521 5761 τῆς
1561 5692 1913 5763 ἀνθρωπίνης

348 5784 602 5854 ἀλήθειαν
630 5784 865 5853 φύσεως.
894 5781 1001 5836 Τοῦ
1027 5782 1084 5836 δὲ
1114 5781 1381 5853 βασιλέως
1419 5783 1650 5849 Λέοντος
1682 5784 1739 5836 τὸ
1763 5784 1916 5855 βιοῦν

2025 4593 2129 4649 hac
2153 4595 2354 4650 omissa
2390 4609 2536 4663 sunt,
2576 4615 2795 4670 aequum
2823 4618 2945 4658 esse
2973 4613 3108 4674 pulo
3129 4614 3189 4660 ut
3218 4605 3313 4662 hic
3343 4607 3600 4664 referam.

2025 4686 2204 4744 Altius
2226 4699 2410 4744 autem
2454 4693 2828 4748 narrationem
2872 4704 3074 4766 petam.
3107 4699 3402 4769 Postun
3439 4701 3607 4774 Eutyo

2025 4778 2172 4832 cheti
2219 4787 2275 4833 et
2328 4779 2591 4836 Dioscoro
2624 4798 2656 4836 a
2698 4794 2884 4839 sancta
2918 4796 3114 4856 quarta
3165 4789 3603 4848 Chalcedoncnsi

2026 4870 2237 4940 synodo
2266 4871 2506 4941 dignitas
2534 4875 2795 4944 abrogata
2838 4887 2944 4940 est,
2974 4877 3069 4946 qui
3104 4879 3323 4934 illorum
3348 4881 3602 4953 dogmata

2023 4961 2415 5027 defenderunt,
2438 4964 2579 5021 facta
2605 4967 2675 5021 ab
2696 4961 3234 5026 Ecclesia'catholica
3266 4971 3598 5042 defectione,

2026 5054 2499 5125 διακρινομένους,
2521 5058 2624 5111 hoc
2647 5070 2751 5123 cst,
2769 5069 3083 5130 segregatos
3101 5064 3216 5117 sive
3240 5064 3601 5135 ambigentes,

2024 5147 2238 5216 seipsos
2269 5149 2613 5218 appellarunt
2637 5166 2651 5204 :
2672 5166 2851 5221 neque
2888 5152 3000 5206 ullo
3023 5155 3210 5219 modo,
3232 5166 3430 5224 utquae
3455 5167 3606 5212 recte

2019 5238 2081 5293 in
2097 5239 2333 5295 concilio
2358 5250 2549 5296 sancto
2582 5250 2784 5297 statuta
2808 5252 3017 5312 essent,
3041 5246 3484 5315 comprobarent,
3507 5247 3606 5302 ad-

2024 5331 2152 5386 duci
2169 5341 2423 5402 potuere.
2448 5333 2488 5387 li
2516 5334 2572 5388 in
2591 5334 2884 5390 duodecim
2908 5347 3087 5392 sectas
3110 5338 3333 5392 dissecti
3352 5349 3480 5393 sunt
3500 5358 3514 5403 ;
3537 5355 3607 5393 ex

2025 5423 2233 5492 quibus
2257 5425 2428 5480 multa
2457 5426 2625 5481 millia
2660 5427 2933 5483 iueresum
2972 5431 3338 5500 pullularunt.
3363 5431 3442 5485 Ex
3468 5446 3607 5500 qua-

2028 5530 2148 5568 rum
2163 5516 2531 5571 sectatoribus
2547 5519 2770 5588 quidam
2791 5520 3220 5590 Eutychianistae
3243 5523 3441 5589 vocati,
3458 5521 3605 5593 quod

2031 5607 2351 5662 Dioscorum
2385 5619 2596 5663 tantum
2619 5622 2675 5665 et
2719 5612 3073 5684 Eutychetem
3123 5614 3472 5684 reciperent:
3511 5613 3607 5685 qui

2026 5697 2303 5751 Christum
2361 5697 2673 5756 docuerunt
2720 5703 2866 5757 Patri
2906 5705 3130 5774 quidem
3163 5706 3610 5760 consubstantia-

2027 5789 2134 5843 Icm
2167 5804 2313 5857 esse,
2348 5788 2513 5847 nobis
2550 5802 2733 5848 autem
2793 5795 3021 5851 minime
3063 5813 3077 5849 :
3112 5806 3403 5869 propterea
3456 5794 3609 5871 quod
3718 5860 3721 5865 _
