4084 6476
389 384 493 448 419

1607 371 2018 436 ΝΙΟΕΡΠΟΒῘ
2068 367 2408 429 CALLIS‘FI

3529 366 3637 430 420

389 497 552 552 nobis
603 510 714 551 non
765 491 1183 552 assentiuntur,
1219 501 1406 542 veram
1463 498 1585 540 esse
1633 485 1687 538 in
1736 481 1956 538 Christo

2093 477 2530 541 ιεταλλάξαντος,
2583 473 2828 544 Ζήνωνός
2874 489 2934 526 τε
2991 474 3083 527 καὶ
3126 474 3484 529 Ἀναστασίου
3539 476 3640 546 τὴν

391 590 687 644 humanam
750 596 1002 638 naturam
1058 577 1464 651 proﬁtentibus.
1519 578 1816 644 Postquam
1862 587 1960 625 au-

389 691 500 737 tem
530 683 834 748 imperator
872 685 982 728 Leo
1035 673 1180 727 diem
1235 685 1394 724 suum
1423 669 1582 731 obiit,
1613 677 1778 736 atque
1809 664 1958 717 Zeno

388 779 447 826 et
502 767 818 823 Anastasius
867 763 1084 833 imperii
1130 760 1662 815 administrationem
1705 769 1963 824 suscepe-

391 870 540 925 runt,
558 873 720 927 quam
742 855 1030 909 maximam
1049 855 1356 907 libertatem
1387 850 1490 905 sibi
1523 851 1618 919 qui
1644 857 1853 916 quarta:
1877 845 1964 915 sy-

389 949 536 1001 nodo
573 946 916 1006 restiterunt,
956 955 1316 1011 usurpavcre.
1372 939 1576 992 Eodem
1635 945 1879 1001 tempore
1907 941 1965 988 et

391 1037 670 1106 Acephali,
707 1049 941 1104 quorum
986 1033 1095 1086 dux
1145 1031 1386 1086 Severus
1430 1029 1808 1084 Antiorhenus
1838 1025 1963 1086 fuit.

393 1142 554 1178 unam
587 1125 746 1180 Verbi
785 1133 840 1178 et
866 1123 1046 1176 carnis
1077 1131 1328 1175 naturam
1378 1120 1518 1172 male
1549 1118 1909 1186 praedicantes
1946 1129 1959 1164 :

393 1223 448 1265 et
481 1222 750 1281 praeterea
791 1210 1188 1281 Jacobitarum,
1226 1207 1759 1268 Theodosianorum,
1797 1205 1968 1260 Julia-

395 1303 686 1361 nistarum,
706 1309 758 1353 et
778 1273 1144 1369 plurimor‘um
1163 1299 1396 1352 aliorum
1429 1306 1686 1360 catervae,
1704 1295 1968 1350 Ecclesiae

389 1393 750 1452 insultarunt,
787 1391 882 1459 qui
915 1389 1310 1460 MonOphysita:
1343 1389 1601 1458 appellati
1644 1395 1796 1448 sunt,
1820 1385 1965 1454 quod

389 1497 562 1534 unam
593 1479 756 1534 Verbi
773 1481 1027 1535 etcarnis
1052 1490 1298 1534 naturam
1321 1489 1444 1548 post
1461 1477 1787 1534 ineli'abilem
1813 1478 1970 1531 unio-

397 1589 522 1628 nem
559 1575 611 1625 in
647 1573 868 1626 Christo
903 1588 1025 1627 esse
1060 1574 1300 1626 sentiant
1329 1579 1384 1626 et
1413 1571 1665 1626 doceant.
1706 1570 1873 1640 869
1903 1568 1968 1622 lii

399 1682 531 1720 vero
562 1665 816 1732 Accphali
851 1675 982 1718 sunt
1012 1664 1299 1723 nominati.
1328 1664 1418 1731 qui
1449 1664 1765 1718 henoticum
1791 1663 1970 1717 Zeno-

401 1760 492 1816 nis
530 1757 880 1827 imperatoris
915 1757 1204 1826 scriptum,
1239 1772 1346 1825 quo
1367 1758 1578 1811 scilicet
1605 1756 1670 1810 ad
1710 1757 1969 1810 unionem

306 1894 329 1913 ,
400 1848 670 1902 ecclesias
689 1847 990 1914 perducere
1014 1846 1213 1910 uoluit,
1239 1854 1525 1915 pmpterea
1553 1846 1701 1915 quod
1733 1846 1824 1900 ille
1853 1862 1979 1901 san-

403 1947 550 1991 ctam
577 1946 826 2006 quartam
845 1936 1112 2006 synodum
1131 1937 1465 1990 anathemati
1499 1952 1606 1991 non
1630 1937 1979 2007 subjecisset,

403 2029 631 2083 minime
655 2037 1004 2097 receperunt.
1025 2029 1287 2097 Acephali
1315 2037 1500 2082 autem
1522 2028 1594 2082 ob
1613 2043 1733 2082 eam
1758 2043 1980 2082 causam

403 2119 538 2173 dicti
571 2127 720 2183 sunt,
747 2118 892 2187 quod
923 2119 1025 2172 sub
1045 2122 1320 2188 episcopis
1344 2135 1452 2173 non
1486 2120 1710 2174 iuerint.
1742 2119 1983 2174 Proinde

402 2215 676 2284 episcopis
704 2223 760 2267 et
783 2215 1162 2269 sacerdotibus
1187 2215 1330 2283 apud
1359 2231 1457 2270 eos
1484 2215 1782 2277 defunctis,
1806 2230 1984 2285 neque

405 2307 714 2375 baptismus
768 2307 924 2375 juxta
966 2306 1269 2360 solemnem
1312 2315 1368 2360 ct
1406 2317 1689 2375 receptura
1730 2306 1987 2360 Ecclesia:

407 2415 617 2452 morem
635 2400 777 2466 apud
797 2411 894 2451 eos
909 2397 1350 2462 adntinistratus,
1364 2413 1546 2467 neque
1565 2398 1766 2453 oblatio
1784 2409 1879 2452 aut
1899 2413 1988 2453 res

407 2493 589 2559 aliqua
626 2491 813 2543 divina
848 2489 1013 2552 facta,
1059 2489 1494 2543 minister-iniure
1527 2489 1986 2553 ecclesiasticum,

409 2582 572 2635 sicuti
629 2595 747 2634 mos
807 2587 927 2643 est,
979 2578 1316 2632 celebratum
1372 2589 1477 2632 est.
1531 2577 1986 2633 Communionem

409 2687 543 2725 νει-ο
579 2671 656 2724 illi
691 2686 718 2723 a
755 2671 992 2738 plurimo
1031 2678 1280 2738 tempore
1325 2679 1660 2723 asservatam
1698 2669 1986 2735 habentes,

409 2763 568 2818 feriis
596 2763 946 2831 paschalibus
978 2763 1032 2816 in
1065 2763 1468 2816 minutissimas
1513 2763 1739 2816 incisam
1783 2774 1987 2832 partes,

409 2855 867 2909 convenientibus
918 2854 986 2907 ad
1046 2868 1106 2908 se
1164 2853 1485 2908 hominibus
1533 2854 1822 2906 dederunt.
1870 2851 1991 2918 Quo

412 2951 658 3010 tempore
715 2957 878 3010 quam
930 2941 1161 3010 quisque
1215 2941 1515 3006 voluisset,
1572 2943 1825 3010 placitam
1887 2942 1992 2997 sibi

411 3030 662 3084 sumebat
696 3039 1049 3097 potestatem.
1095 3033 1158 3085 Et
1197 3041 1488 3101 propterea
1536 3033 1680 3101 quod
1734 3034 1990 3102 quilibet,

2068 567 2342 638 βασίλειον
2397 566 2572 635 ἀρχὴν
2644 565 3118 634 ὑποζωσαμένων,
3182 567 3500 636 παρρησίαν
3555 568 3640 620 ὅτι

2068 659 2332 729 πλείστην
2357 660 2408 710 oi
2435 658 2502 709 δι’
2534 657 2785 719 ἐναντίας
2834 656 2980 709 οῦτοι
3012 661 3077 727 τῇ
3123 657 3164 710 δ’
3219 658 3423 727 συνόδῳ
3471 658 3640 720 ἰόντες

2067 753 2398 823 ἐλάμϐανον.
2446 749 2766 820 Τηνικαῦτα
2800 749 2858 802 δὲ
2908 750 3003 802 καὶ
3048 750 3108 801 τὸ
3138 747 3247 800 τῶν
3302 749 3639 818 ’Δκεφόιλων,

2067 838 2142 896 ὧν
2179 841 2495 912 προστάτης
2545 841 2571 890 ὁ
2624 838 2724 906 τῆς
2786 839 3059 906 Ἀντιόχου
3109 837 3351 909 Σευῆρος
3402 839 3642 905 ἐγένετο,

2072 933 2201 1001 μίαν
2234 929 2396 999 φύσιν
2420 927 2514 980 τοῦ
2545 928 2725 996 Λόγου
2749 928 2844 980 καὶ
2868 931 2968 998 τῆς
2991 929 3192 997 σαρκὸς
3227 929 3414 990 κακῶς
3433 929 3643 998 δογμαο

2070 1023 2259 1086 τίζων,
2297 1022 2390 1073 καὶ
2420 1020 2479 1072 τὸ
2503 1019 2612 1070 τῶν
2654 1019 3011 1083 Ἰακωϐιτῶν,
3045 1019 3414 1073 Θεοδοσιανῶν
3447 1037 3505 1072 τε
3549 1020 3645 1072 καὶ

2085 1112 2502 1177 Ἰουλιανιστῶν,
2535 1112 2629 1163 καὶ
2657 1112 2864 1182 ἑτέρων
2897 1112 3168 1164 πλείστων
3195 1114 3383 1179 στῖφος
3408 1114 3474 1181 τῇ
3520 1111 3646 1163 Ἐκ-

2074 1208 2277 1278 κλησίᾳ
2309 1207 2600 1275 είσέιρρησε
2626 1221 2640 1236 ο
2691 1205 2742 1258 οἶ
2788 1206 2880 1258 καὶ
2910 1207 3284 1272 Μονοφυσῖται
3311 1206 3644 1274 ἐκλήθησαν,

2076 1301 2170 1354 ἆτε
2187 1300 2250 1370 δὴ
2279 1300 2406 1369 μίαν
2427 1298 2594 1368 φύσιν
2623 1297 2717 1350 τοῦ
2744 1298 2917 1364 Λόγου
2934 1298 3148 1367 καὶτῆς
3173 1300 3372 1368 σαρκὸς
3395 1298 3534 1366 μετὰ
3548 1297 3647 1366 τὴν

2076 1392 2312 1462 ἇρῤητον
2343 1391 2538 1443 ἕνωσιν
2569 1389 2965 1458 πρεσϐεύοντες
2984 1406 3045 1441 τε
3087 1389 3182 1442 καὶ
3204 1389 3645 1457 δογματίζοντες·

2076 1482 2125 1532 οι
2159 1481 2216 1531 δὲ
2249 1479 2540 1546 ’Δκέφαλοι
2570 1477 2915 1544 ὠνομάζοντο
2935 1493 2949 1507 ο
2975 1476 3024 1528 οἳ
3059 1476 3120 1528 τὸ
3147 1475 3404 1529 ἐνωτικὸν
3429 1477 3522 1528 τοῦ
3551 1475 3651 1544 βα-

2081 1573 2274 1636 σιλέως
2294 1572 2538 1639 Ζήνωνος
2572 1570 2634 1622 οὐ
2660 1568 2970 1635 προσίεντο,
2999 1565 3080 1628 οἷς
3112 1566 3185 1638 μὴ
3213 1568 3295 1636 τῷ
3341 1567 3648 1636 ἀναοέματι

2081 1665 2174 1717 καὶ
2219 1663 2318 1733 τὴν
2352 1663 2517 1729 ἁγίαν
2568 1661 2612 1713 δ’
2662 1658 3012 1712 καθυπέϐαλε
3075 1661 3316 1714 σύνοδον.
3368 1661 3466 1713 Διὰ
3499 1660 3649 1712 δὲτὸ

2013 1792 2053 1844 Β
2083 1758 2184 1809 ὑπὸ
2219 1756 2540 1816 ἐπισκόποις
2573 1754 2651 1823 μὴ
2684 1751 2939 1820 ἄγεσθαι,
2980 1751 3271 1821 ’Δκέφαλοι
3320 1751 3650 1820 ὠνομάσθη-

2086 1864 2206 1900 σαν.
2252 1845 2447 1898 ’Ἔνθεν
2477 1861 2561 1897 τοι
2593 1845 2688 1896 καὶ
2713 1843 2824 1897 τῶν
2852 1843 2982 1912 παρ’
3013 1845 3196 1907 αὐτοῖς
3222 1843 3537 1897 ἐπισκόπων
3558 1843 3652 1893 καὶ

2087 1940 2281 2007 ίερέων
2310 1937 2724 2000 ἐκλελοιπότων,
2755 1936 2874 1990 οὐδὲ
2923 1935 3206 2007 βάπτισμα
3241 1937 3379 1990 κατὰ
3409 1937 3500 1989 τὸν
3527 1935 3652 1988 Ἑκ-

2085 2025 2312 2095 κλησίας
2343 2025 2558 2078 ἐποίουν
2591 2025 2815 2094 θεσμόν.
2855 2025 3002 2078 Ἀλλ’
3047 2011 3168 2080 οὐδὲ
3196 2026 3534 2097 προσκομιδή
3565 2041 3652 2087 τις

2084 2117 2446 2186 ἢλειτουργία
2476 2117 2609 2187 παρ’
2635 2116 2821 2181 αὐτοῖς
2849 2113 2940 2171 οἷα
2965 2117 3084 2183 ἔθος
3113 2119 3416 2175 τετέλεστο.
3442 2119 3653 2170 Κοινω-

2087 2211 2205 2262 νίαν
2233 2208 2289 2261 δὲ
2316 2209 2744 2278 πεφυλαγμένην
2785 2211 2851 2262 ἐκ
2895 2210 3244 2282 παλαιτέρων
3270 2211 3488 2281 ἔχοντες
3523 2209 3652 2280 χρόα

2087 2317 2216 2362 νων,
2245 2300 2304 2364 ἐξ
2325 2301 2494 2370 αὐτῆς
2521 2301 2699 2371 καιρῷ
2738 2301 2832 2354 τοῦ
2868 2302 3060 2373 Πάσχα
3094 2305 3465 2374 σμικροτάτας
3493 2305 3653 2374 μερί·

2087 2391 2184 2455 δας
2217 2392 2492 2455 κνίζοντες
2528 2395 2638 2454 τοῖς
2671 2392 2946 2447 συνιοῦσιν
2974 2395 3221 2468 ἐδίδοσαν
3239 2410 3275 2430 ’⁸
3294 2398 3533 2465 ὁπηνίκα
3559 2398 3656 2450 καὶ

2091 2487 2198 2547 πᾶς
2227 2503 2310 2547 τις
2333 2486 2432 2556 τὴν
2467 2486 2660 2556 ἐκείνῳ
2696 2487 2918 2558 θυμήρη
2964 2487 3214 2541 ἐντεῦθεν
3242 2489 3522 2544 ἐπεσπᾶτο
3557 2491 3656 2559 ἁρ-

2090 2579 2214 2647 χήν.
2268 2579 2385 2631 Κάν
2434 2578 2511 2646 τῷ
2541 2578 2716 2630 θέλειν
2749 2577 2981 2632 ἕκαστον
3023 2579 3083 2632 τὺ
3137 2580 3326 2634 δοκοῦν
3370 2584 3436 2652 τῇ
3477 2582 3659 2636 πίστει

2090 2671 2427 2736 ἐγγίνεσθαι,
2466 2670 2670 2739 πλῆθος
2713 2671 2795 2724 ὅτι
2859 2673 3114 2726 πλεῖστον
3157 2673 3506 2744 ἁποσχιστῶν
3562 2671 3660 2724 καὶ

2091 2764 2358 2833 αἱρέσεων
2383 2764 2592 2832 ἁνειρύη
2613 2779 2627 2793 ·
2659 2764 2943 2835 Τριθεῖται
2971 2769 3064 2818 καὶ
3094 2766 3390 2836 Ἀγνοῆται
3423 2768 3516 2820 καὶ.
3536 2766 3664 2819 Θεο-

2078 2860 2379 2926 ’πασχίται,
2414 2855 2724 2912 Ίακωϐῖταί
2753 2875 2833 2924 τε,
2884 2865 2980 2913 καὶ
3009 2859 3310 2930 Ἀρμένιοι,
3345 2861 3439 2914 καὶ
3489 2863 3660 2931 Σευηο

2097 2953 2264 3018 ρῖται,
2299 2950 2394 3002 καὶ
2429 2949 2927 3022 Ἀφθαρτοδοκῆται
2961 2953 3070 3005 ἀπὸ
3111 2952 3402 3006 Ἰουλιανοῦ
3436 2953 3530 3006 τοῦ
3570 2953 3658 3005 Ἀ-

2094 3041 2472 3108 λικαρνασέως
2495 3041 2795 3112 ἀρξάμενοι
2817 3059 2831 3072 ·
2855 3043 2921 3106 ὃς
2943 3045 3162 3096 κτιστδν
3190 3044 3289 3113 μέν
3315 3040 3453 3096 εἶναι
3485 3045 3542 3097 τὸ
3565 3043 3658 3098 τοῦ

411 3122 558 3189 quod
585 3121 691 3175 sibi
724 3124 899 3175 visum
928 3131 1099 3186 esset,
1130 3122 1254 3175 ﬁdei
1281 3123 1546 3178 insertum
1571 3124 1765 3188 voluit,
1800 3139 1989 3192 quam-

2099 3134 2310 3202 Κυρίου
2347 3135 2673 3202 ἐδογμάτιζε
2707 3136 2870 3206 σῶμα
2895 3153 2911 3169 ·
2946 3137 3006 3204 ἐξ
3043 3139 3212 3205 αὐτῆς
3245 3139 3301 3191 δὲ
3347 3139 3664 3209 συλλήψεως

411 3212 647 3280 plurima
693 3211 1032 3266 defectorum
1073 3220 1132 3266 et
1177 3213 1560 3268 haereticorum
1599 3217 1758 3271 turba
1795 3226 1986 3270 exorta

413 3312 498 3358 est
529 3319 545 3357 :
582 3303 1004 3367 Tritheitarum,
1050 3306 1444 3373 Agnoetarum,
1471 3307 1982 3376 Theopascitarum,

413 3395 818 3460 Jacobitarum,
844 3396 1255 3464 Armeniorum,
1308 3398 1704 3463 Sereritarum,
1741 3406 1796 3452 et
1838 3399 1988 3468 Aph-

416 3487 950 3552 thartodocitarum,
1006 3487 1165 3543 initio
1209 3505 1238 3543 a
1287 3488 1505 3544 Juliano
1559 3490 1989 3545 Halicarnassaeo

414 3589 637 3649 sumpto
668 3596 681 3632 :
715 3581 810 3642 qui
851 3589 1096 3634 creatum
1133 3581 1356 3650 quidem
1389 3583 1602 3636 Domini
1635 3598 1834 3653 corpus
1865 3597 1988 3638 esse

417 3670 676 3738 opinatus
713 3680 820 3735 est,
856 3671 950 3725 sed
990 3670 1134 3726 idem
1167 3672 1237 3726 ab
1269 3673 1388 3742 ipsa
1417 3674 1778 3743 conceptione
1811 3673 1992 3727 incor—

419 3763 682 3830 ruptibile
740 3779 862 3818 esse
915 3763 1122 3820 docuit.
1171 3765 1380 3820 Horum
1432 3765 1736 3830 cohortem,
1775 3766 1869 3834 qui
1911 3765 1993 3820 eis

419 3855 692 3909 adversati
729 3869 877 3919 sunt,
917 3857 1328 3912 Pbantasiastas
1363 3865 1420 3912 et
1460 3857 1789 3912 Manichaeos
1833 3873 1996 3912 voca-

420 3951 1064 4016 runt:quemadmodum
1098 3961 1155 4005 et
1177 3949 1253 4004 illi
1291 3965 1484 4004 rursus
1518 3951 1618 4006 hos
1648 3951 1995 4006 Phthartola-

424 4048 537 4092 tras
567 4048 622 4093 et
651 4039 997 4096 Scenolatras
1023 4044 1398 4097 nominarunt.
1427 4043 1559 4112 Ejus
1585 4043 1803 4113 generis
1827 4045 1997 4097 baere«

421 4130 600 4194 sibus,
649 4139 707 4184 et
761 4131 1027 4186 Severitis
1082 4135 1339 4199 maxime,
1389 4134 1648 4189 Ecclesia:
1700 4134 1995 4189 admodum

422 4221 833 4291 ingruentibus,
869 4222 1334 4280 Chalcedonensis
1381 4241 1603 4295 quoque
1653 4227 1846 4295 synodi
1895 4241 2024 4304 no-_

426 4311 578 4364 mine
629 4325 839 4378 presso.
878 4326 1141 4380 perquam
1195 4314 1359 4383 longo
1407 4327 1654 4383 tempore
1689 4317 1890 4383 jactata
1934 4329 1998 4368 ea

425 4411 531 4461 est,
569 4409 625 4453 et
664 4402 954 4469 exagitata.
991 4400 1146 4456 Unde
1190 4404 1380 4473 ingens
1415 4404 1506 4458 diu
1543 4405 1742 4458 seditio
1778 4415 1834 4458 et
1867 4420 2001 4459 con-

2092 3227 2368 3296 ἄφθαρτον
2389 3229 2694 3295 γεγονέναι.
2725 3219 2828 3280 Ὦν
2845 3230 2905 3281 τὸ
2924 3229 3212 3298 σύνταγμα
3241 3230 3290 3282 οί
3314 3230 3382 3282 δι’
3414 3232 3664 3293 ἐναντίας

2088 3317 2500 3379 Φαντασιαστὰς
2523 3318 2620 3370 καὶ
2647 3318 2985 3387 Μανιχαίους
3012 3318 3240 3371 ἐκάλουν
3260 3334 3276 3349 ο
3312 3315 3499 3387 ὥσπερ
3523 3318 3662 3370 ἐκεί-

2092 3426 2216 3472 νους
2240 3409 2385 3462 οὗτοι
2405 3409 2565 3463 πάλιν
2584 3410 3002 3479 Φθαρτολόιτρας
3023 3411 3118 3463 καὶ
3142 3409 3523 3479 Σκηνολόιτρας
3538 3407 3667 3462 ὠνό-

2100 3501 2290 3571 μαζον.
2309 3494 2408 3555 Ὧν
2430 3502 2564 3572 δῆτα
2590 3504 2856 3574 αἱρέσεων
2883 3506 2978 3557 καὶ
3009 3503 3246 3570 μάλιστα
3273 3505 3382 3556 τῶν
3409 3504 3535 3574 ἄχρι
3571 3504 3664 3557 καὶ

2099 3592 2264 3646 αὐτοῦ
2291 3594 2534 3662 Σευῆρον
2567 3595 2774 3664 σφόδρα
2816 3599 2882 3663 τῇ
2941 3591 3246 3666 Ἐκκλησία
3272 3596 3662 3663 ἐπικειμένων,

2099 3682 2193 3735 καὶ
2209 3683 2241 3746 ἡ
2267 3685 2323 3735 ἐν
2338 3684 2642 3754 Χαλκηδόνι
2661 3684 2874 3746 σύνοδος
2890 3684 3035 3753 ἀμνη
3047 3685 3300 3753 μόνευτος
3320 3685 3664 3737 ἐπιπλεῖστον

2098 3773 2294 3844 χρόνον
2315 3775 2554 3843 διέμεινε
2594 3775 2930 3844 κλονουμένη
2958 3775 3053 3827 καὶ
3088 3792 3290 3844 μεταφε
3302 3776 3501 3846 ρομένη
3527 3791 3543 3806 ο
3569 3777 3662 3828 καὶ

2103 3864 2269 3932 πολλή
2305 3881 2389 3926 τις
2422 3865 2671 3918 ἐντεῦθεν
2701 3866 2890 3928 στάσις
2926 3866 3020 3918 καὶ
3049 3866 3316 3935 σύγχυσις
3343 3867 3434 3918 ἐπὶ
3459 3865 3668 3936 μακρὸν

2100 3960 2167 4026 τῇ
2217 3956 2518 4026 Ἐκκλησία
2568 3956 2957 4028 ἁνερριπίσθη.
3013 3957 3094 4010 Τὰ
3141 3958 3251 4026 γὰρ
3303 3957 3480 4028 πλήθη
3532 3959 3670 4027 πρὸς

2105 4052 2224 4112 ταῖς
2257 4049 2501 4117 κιγκλίσι
2538 4047 2646 4101 τῶν
2699 4047 3106 4119 θυσιαστηρίων
3135 4049 3435 4118 ἱστάμενοι,
3486 4048 3669 4101 παίειν

2107 4141 2369 4210 ἠπείλουν
2409 4140 2504 4192 καὶ
2535 4138 2748 4207 ἀτίμως
2780 4140 2891 4192 τῶν
2917 4140 3078 4210 ἱερῶν
3103 4139 3407 4211 περιϐόλων
3433 4139 3558 4202 τοὺς
3593 4139 3670 4190 is-

2111 4233 2223 4302 ρεῖς
2275 4231 2518 4294 ἐξωθεῖν,
2572 4230 2688 4297 εἴγε
2748 4230 2945 4299 μνείαν
2993 4249 3097 4283 που
3131 4232 3228 4301 τῆς
3263 4232 3320 4283 ἐν
3371 4229 3674 4300 Χαλκηδόνι

2113 4323 2334 4376 συνόδου
2373 4323 2549 4375 ποιεῖν
2599 4323 2826 4387 ἕλοιντο,
2875 4324 2976 4376 κᾶν
3023 4325 3134 4386 τοῖς
3186 4325 3350 4393 ἱεροῖς
3397 4323 3678 4391 διπτύχοις

2112 4411 2314 4482 ταύτης
2349 4411 2712 4482 καταγραφὴν
2741 4411 2837 4464 καὶ
2872 4414 3185 4482 ἐκφών,ησιν
3219 4414 3326 4467 τῶν
3359 4413 3677 4482 ὲκθεμένων

426 4495 572 4549 fusio
613 4495 668 4547 in
715 4495 961 4553 Ecclesia
1013 4498 1243 4552 exstitit.
1297 4499 1415 4568 Ipsa
1463 4513 1699 4566 namque
1745 4499 1900 4567 plebs
1937 4515 1989 4554 at

2096 4503 2322 4571 .ταύτην’
2351 4502 2516 4556 θείων
2554 4498 2840 4573 nati-pom
2889 4507 2950 4558 Οἱ
2985 4506 3030 4558 δ’
3072 4506 3230 4558 αὐτοὶ
3280 4507 3375 4558 καὶ
3415 4505 3678 4570 πλείστην

428 4587 721 4641 sanctioris
778 4587 967 4642 altaris
1025 4590 1298 4644 cancellos
1359 4591 1664 4656 assistens,
1720 4591 1891 4660 plagis
1945 4606 2005 4646 se

427 4681 806 4762 multaturam,
843 4689 897 4734 et
938 4697 1063 4735 cum
1112 4682 1414 4751 ignominia
1457 4699 1521 4737 ex
1571 4683 1743 4738 sacris
1790 4685 2007 4754 templis

427 4773 744 4827 sacerdotes
794 4773 1096 4842 ejecturam
1147 4775 1479 4828 comminata
1525 4786 1631 4841 est,
1663 4776 1840 4830 sicubi
1889 4777 2007 4847 ejus

423 4865 620 4934 synodi
672 4866 1009 4919 mentionem
1060 4865 1286 4931 inferre,
1324 4877 1419 4922 aut
1467 4883 1586 4922 eam
1643 4869 2009 4924 sacrosanctis

423 4956 706 5028 diptycbis
756 4957 1087 5022 inscribere,
1123 4973 1386 5013 eorumve
1431 4960 1652 5014 nomina
1694 4961 2007 5016 divinorum

434 5049 679 5114 Patrum,
718 5050 810 5118 qui
853 5049 1073 5104 decreta
1117 5051 1238 5121 ejus
1281 5052 1719 5122 promulgarunt,
1760 5052 2011 5122 proferre

427 5141 552 5193 ausi
591 5140 846 5196 fuissent.
881 5141 976 5194 lsti
1010 5141 1114 5211 ipsi
1144 5142 1310 5196 etiam
1340 5143 1581 5197 maximo
1607 5144 2013 5198 contenderunt

428 5246 623 5301 opere,
675 5241 732 5284 nt
787 5249 1003 5288 sacrum
1054 5235 1193 5303 ejus,
1243 5237 1336 5303 qui
1390 5235 1446 5290 in
1497 5239 1697 5292 sanctis
1747 5246 1851 5300 est,
1899 5228 2012 5290 divi

434 5323 639 5379 Leonis
666 5327 870 5381 veteris
903 5327 1088 5382 Romae
1120 5328 1366 5398 episcopi
1411 5337 1641 5393 tomum,
1673 5344 1837 5398 quem
1869 5344 2013 5383 verat

434 5417 660 5484 pietatis
693 5418 926 5472 studiosi
963 5418 1066 5473 rite
1097 5419 1406 5474 columnam
1447 5419 1792 5474 orthodoxia:
1825 5431 2018 5475 recta:-

431 5523 546 5576 quc
571 5509 858 5563 sententiae
886 5510 1268 5575 nominarunt,
1297 5510 1576 5576 tollerent,
1604 5511 1750 5580 quod
1781 5511 1825 5566 is
1855 5528 2017 5583 syno-

431 5598 570 5652 dum
611 5586 730 5654 eam
781 5602 1008 5656 ﬁrmiter
1042 5603 1281 5657 fulcirct.
1314 5603 1548 5664 Tomum
1578 5619 1703 5657 cum
1733 5603 2014 5658 divinissi-

437 5705 566 5744 tnus
596 5692 997 5748 Alexandrinus
1031 5711 1164 5764 papa
1195 5689 1473 5766 Eulogius"
1488 5706 1676 5764 postea
1707 5712 1736 5749 a
1765 5712 1826 5751 se
1856 5712 2017 5750 enar-

449 5791 658 5852 ratum,
683 5785 911 5856 optime,
938 5795 1100 5856 atque
1135 5787 1205 5842 ita
1239 5803 1485 5856 prorsus,
1516 5798 1573 5841 ut
1601 5787 1844 5856 oportuit
1868 5804 2018 5844 Com-

2108 4594 2342 4662 πάμπαν
2373 4595 2596 4661 εἰσῆγον
2641 4594 2900 4664 σπουδὴν,
2936 4597 3034 4649 καὶ
3067 4596 3161 4649 τὸν
3204 4596 3348 4650 θεῖον
3376 4597 3554 4664 Τόμον
3583 4592 3678 4646 τοῦ

2109 4687 2164 4738 ἐν
2188 4686 2366 4754 ἁγίοις
2395 4685 2544 4754 ἱεροῦ
2568 4685 2798 4750 Λέοντος
2831 4688 2924 4740 τοῦ
2946 4688 3046 4756 τῆς
3071 4686 3444 4757 πρεσϐυτέρας
3458 4683 3681 4755 Ῥώμης

2110 4779 2435 4848 ἀρχιερέως,
2471 4779 2538 4847 ἢν
2567 4778 2774 4848 στήλην
2799 4777 3116 4848 ὀρθοδοξίας
3139 4780 3189 4832 oi
3212 4777 3566 4839 εὐσεϐοῦντες
3595 4779 3683 4828 ἐν-

2111 4870 2277 4932 δίκως
2329 4869 2643 4938 ὠνόμασαν,
2681 4870 3013 4939 ἀνατρέπειν
3059 4869 3121 4922 εὖ
3173 4869 3338 4938 μάλα,
3367 4870 3442 4930 ὡς
3473 4867 3683 4937 σφόδρα

2111 4962 2210 5032 τὴν
2239 4961 2456 5014 σύνοδον
2505 4962 2877 5030 ὲπερείδοντα.
2915 4962 3016 5013 Ὃν
3046 4961 3180 5029 δῆτα
3211 4963 3306 5013 καὶ
3351 4963 3378 5014 ό
3408 4961 3683 5022 θειότατος

2115 5057 2348 5117 πάππας
2383 5053 2790 5123 Ἀλεξανδρείας
2814 5055 3069 5122 Εύλόγιος
3088 5054 3502 5125 ἐξηγησάμενος
3525 5053 3687 5106 ὓστε-

2117 5158 2231 5216 ρον,
2260 5149 2458 5216 ἄριστα
2493 5148 2588 5201 καὶ
2611 5147 2688 5209 ὡς
2719 5145 2900 5215 χρεὼν
2927 5145 3252 5212 συγκεῖσθαι
3279 5143 3465 5198 τοῦτον
3499 5143 3686 5212 σαφῶς

2119 5242 2480 5308 ἀπεφήνατοο
2535 5239 2595 5311 ξς
2645 5241 2740 5290 καὶ
2783 5237 2948 5308 ἕτερα
2997 5239 3225 5292 πλεῖστα
3275 5237 3690 5308 συγγράμματα

2115 5335 2278 5399 λόγου
2312 5333 2407 5384 καὶ
2442 5332 2550 5400 μνή
2564 5337 2688 5400 μης
2715 5332 2839 5396 ἄξια
2871 5335 2936 5402 τῇ
2982 5332 3283 5402 Ἐκκλησία
3314 5329 3550 5399 Χριστοῦ
3589 5344 3691 5380 κα-

2116 5423 2456 5477 ταλέλοιπεν.
2510 5424 2667 5476 Μετὰ
2705 5422 2762 5475 δὲ
2795 5422 2984 5475 τοῦτον
3021 5423 3198 5493 χρόνῳ
3234 5422 3414 5493 πολλῷ
3459 5420 3686 5490 ὕστερον

2121 5519 2217 5570 καὶ
2251 5519 2280 5568 ὁ
2311 5517 2408 5585 τῆς
2443 5517 2722 5585 Ἀντιόχου
2776 5518 3039 5585 προέδρος
3078 5519 3106 5569 ὁ
3139 5519 3202 5570 ἐκ
3247 5517 3460 5570 Σιναίου
3485 5511 3687 5584 δηλαδὴ

2134 5608 2508 5673 Ἀναστάσιος,
2551 5610 2804 5661 πλεῖστον
2849 5612 2944 5662 καὶ
2983 5606 3135 5673 οὗτος
3172 5611 3312 5680 ὑπὲρ
3335 5611 3432 5680 τῆς
3462 5611 3625 5676 ἁγίας
3649 5608 3691 5659 δ’

2124 5698 2342 5750 συνόδου
2371 5697 2794 5768 διαμαχόμενος,
2827 5700 2922 5752 καὶ
2965 5701 3137 5762 πολὺς
3167 5704 3305 5754 κατὰ
3338 5700 3405 5753 τὰ
3431 5700 3540 5753 τῶν
3585 5698 3695 5751 Μο-

2125 5790 2429 5859 νοφυσιτῶν
2476 5793 2566 5843 καὶ
2619 5791 2938 5860 Ἀκεφάλων
2999 5793 3160 5862 ῥέπων,
3217 5793 3348 5845 “5‘4"—
3405 5791 3582 5859 MT“;
3635 5785 3692 5837 τὸ
