4084 6446
240 372 369 472 ‘42:

1148 398 1759 465 ECCLESIASTICJE
1794 396 2189 459 IliSTURI/E
2232 398 2383 459 LIB.
2428 396 2650 459 XVIII.

3461 392 3572 457 42?.

276 522 509 595 στερρὸν
550 521 757 594 ἔχουσι,
809 520 1205 593 ἀδαμαντίνως
1257 521 1450 582 πέδαις
1505 517 1877 591 παρίστησιν.

1984 516 2221 587 positum
2261 530 2404 583 esse,
2441 514 2666 570 disertis
2708 511 2896 568 verbis
2935 510 3318 583 pronuntiavit
3354 529 3367 566 :
3405 510 3578 583 87o

272 615 346 677 th;
381 617 587 688 ἄριστά
620 634 686 686 γε
736 618 833 671 καὶ
886 614 1201 689 ὀρθοδοξίας
1254 614 1481 685 ἕμπλεω
1528 613 1736 682 ταύτην
1776 612 1871 666 ἐπὶ

277 709 447 762 πᾶσιν
478 710 685 779 ὁρίσαι,
713 710 901 781 πλήρη
943 726 1003 762 τε
1038 708 1354 769 θεοσεϐείας
1399 703 1541 761 εἶναι
1564 706 1636 758 τὰ
1661 705 1869 777 ταύτης

279 794 568 873 συνίστησι
621 804 893 871 δόγματα.
926 801 995 857 Οἵ
1033 818 1098 870 γε
1151 801 1259 871 μὴν
1306 802 1437 867 περὶ
1478 800 1778 870 Διόσκορόν
1811 817 1871 853 τε

278 896 374 949 καὶ
408 895 592 960 Γάϊον,
618 898 714 950 καὶ
746 895 839 947 τὸν
874 897 973 963 τῆς
1012 895 1297 965 Ἀντιόχου
1334 893 1598 964 Σευῆρον,
1644 891 1781 965 πρὸς
1814 891 1872 946 δὲ

279 989 373 1041 καὶ
427 987 709 1052 Ἰάκωϐον,
765 989 862 1041 καὶ
910 988 999 1040 τὸν
1049 985 1444 1057 γραμματικὸν
1494 986 1773 1056 Ἰωάννην,
1813 985 1873 1049 ὃς

284 1079 562 1150 ἐπεκλήθη
596 1080 912 1146 Φιλόπονος,
945 1081 1037 1132 τὸν
1067 1080 1163 1133 καὶ⁸
1197 1080 1426 1134 πλεῖστα
1454 1078 1870 1150 συγγράμματα

274 1171 522 1243 δυσχερῆ
560 1188 622 1225 τε
660 1173 757 1225 καὶ
822 1171 1225 1239 δυσεξέλεγκτα
1269 1172 1411 1224 κατὰ
1458 1172 1558 1242 τῆς
1611 1170 1873 1241 τοιαύτης

283 1264 639 1334 ἐξενηνοχότα
672 1263 914 1329 συνόδου,
951 1264 1360 1334 ἐναντιούμενοι
1381 1266 1445 1334 τῇ
1484 1262 1710 1330 συνόδῳ,
1740 1266 1873 1327 μίαν

290 1362 387 1430 μὲν
410 1360 597 1429 φύσιν,
624 1359 719 1412 δύο
740 1358 795 1413 δὲ
821 1358 1152 1421 ὑποστάσεις
1182 1357 1528 1410 ἀσεϐέστατα
1565 1356 1873 1423 γράφοντες

284 1450 640 1521 ὲδογμάτιζον
663 1468 677 1483 ·
718 1452 816 1503 καὶ
859 1451 1065 1518 μᾶλλον
1092 1450 1337 1519 Σευῆρος
1374 1449 1556 1519 βίϐλον
1583 1451 1715 1519 ὃλην
1758 1449 1877 1503 ἐνέ-

286 1562 503 1597 ταττεν.
533 1545 680 1614 Πλὴν
719 1544 814 1598 καλ⁹
841 1535 989 1597 οὗτοι
1017 1544 1127 1596 τῶν
1158 1543 1377 1596 οἰκείων
1411 1542 1612 1611 βίϐλων
1645 1539 1871 1613 ἐνιαχοῦ

280 1637 375 1691 δύο
430 1638 623 1705 φύσεις
674 1634 1102 1705 ἁνομολογοῦσιν
1146 1636 1241 1687 ἐπὶ
1292 1633 1578 1705 Χριστοῦ·
1632 1634 1769 1704 ὅπερ
1822 1634 1873 1688 οἱ

285 1730 473 1783 πολλοὶ
502 1730 579 1800 μὴ
622 1728 984 1800 ἀκριϐοῦντες
1014 1728 1237 1790 εὐσεϐὲς
1262 1728 1422 1796 δῆθεν
1453 1727 1738 1798 ᾠήθησαν,
1774 1726 1871 1780 καὶ

286 1822 485 1891 τρόπον
519 1822 704 1892 ἕτερον
736 1823 817 1884 εἰς
850 1820 952 1891 τὴν
978 1820 1210 1876 ἐκείνων
1241 1820 1498 1873 ἀσέϐειαν
1530 1818 1871 1890 κατηνέχθη-

1975 607 2068 677 qui
2108 606 2212 661 alia
2244 622 2462 677 quoque
2493 606 2666 660 multa
2703 606 2913 675 scripta
2942 604 3088 660 lectu
3123 604 3286 675 digna
3315 604 3577 661 Ecclesiae

1972 698 2184 755 Christi
2226 698 2475 767 reliquit.
2513 697 2648 752 Post
2689 697 2842 752 hunc
2879 696 3072 751 itidem
3114 696 3400 764 aliquanto
3436 706 3578 751 tem-

1974 805 2110 860 pore
2155 798 2284 861 post
2330 789 2718 844 Antiochenus
2766 789 2997 843 antistes
3032 788 3361 842 Anastasius
3397 788 3579 842 Sinni-

1976 892 2082 947 tes,
2122 883 2217 953 qui
2272 891 2329 937 et
2374 884 2493 951 ipse
2541 891 2791 936 sanctam
2836 890 3089 951 quartam
3134 880 3403 952 synodum
3454 895 3580 949 pro-
3664 936 3673 941 ,

1976 992 2248 1046 pugnans,
2292 975 2775 1032 lucubrationibus
2830 976 2947 1028 suis
2998 973 3335 1028 ﬁrmissimis
3383 972 3576 1028 Mono-

1976 1069 2228 1140 physitas
2281 1079 2339 1123 et
2398 1067 2710 1137 Acepltalos
2766 1067 3069 1132 refutavit,
3124 1074 3174 1120 et
3235 1064 3578 1136 argumentis

1975 1162 2305 1219 certissimis
2362 1161 2657 1231 probavit,
2718 1176 2847 1215 eum
2906 1160 3111 1215 librum
3178 1159 3574 1214 orthodoxiam

1976 1253 2287 1308 rectissime
2338 1253 2773 1321 plcuissimcque
2814 1252 2869 1305 in
2906 1251 3168 1305 omnibus
3211 1250 3436 1315 docere,
3470 1251 3574 1305 d0-

1975 1359 2268 1418 gmataque
2292 1348 2411 1417 ejus
2436 1362 2563 1402 vera
2592 1347 2797 1416 pietate
2818 1345 3181 1400 relertissima
3209 1360 3353 1399 esse.
3390 1344 3577 1398 Enim-

1976 1455 2110 1493 vero
2143 1439 2462 1502 Dioscorus,
2495 1448 2549 1493 et
2587 1437 2778 1496 Caius.
2813 1446 2867 1491 et
2899 1437 3277 1491 Antiocltenus
3313 1435 3576 1498 Severus,

1976 1530 2218 1586 Jacohus
2251 1531 2407 1596 item,
2439 1539 2496 1585 et
2522 1530 2767 1585 Joannes
2798 1529 3205 1583 Grammaticus
3236 1527 3578 1595 Pliiloponns

1977 1622 2409 1691 cognominatus
2439 1621 2554 1691 (qui
2585 1620 2756 1674 libros
2789 1619 2978 1688 plures
3018 1617 3287 1678 diIliciles,
3321 1631 3463 1685 quos
3493 1628 3579 1669 re-

1977 1712 2171 1768 fellere
2223 1728 2333 1766 non
2385 1712 2460 1767 ita
2514 1720 2833 1781 promptum
2888 1713 2998 1775 sit,
3049 1720 3242 1764 contra
3298 1709 3573 1780 synodum

1978 1816 2237 1876 quartam
2270 1804 2466 1872 edidit)
2522 1819 2645 1859 eam
2703 1804 2875 1873 ipsam
2937 1802 3205 1874 synodum
3257 1816 3581 1872 oppugnan-

290 1877 411 1970 σαν.
432 1915 557 1969 ’Καὶ
571 1877 745 1968 ταῦτα
770 1877 877 1985 ιίὲν
901 1877 1201 1985 ἐπεκράτει
1224 1914 1353 1985 ἄχρι
1392 1915 1486 1967 καὶ
1516 1912 1618 1980 τῆς
1648 1877 1875 1965 ’ίουῧστί-

1985 1907 2095 1964 tes,
2142 1912 2308 1951 nnam
2354 1895 2581 1966 quidem
2632 1904 2923 1958 naturam,
2975 1895 3115 1950 duas
3165 1904 3349 1949 autem
3399 1890 3582 1948 subsi-

291 2006 478 2063 νιανοῦ
502 2009 861 2079 ἀναρρήσεως
883 2020 902 2039 ο
920 2006 1132 2059 ἐκείνου
1152 2005 1208 2058 δὲ
1231 2006 1300 2059 τὰ
1324 2006 1582 2074 σκῆπτρα
1612 2005 1878 2071 γενναίως

285 2094 665 2165 ἀνειληφότος,
700 2086 749 2148 οἱ
797 2094 907 2148 τῶν
951 2094 1219 2165 αἱρέσεων
1278 2094 1489 2149 τούτων
1542 2095 1872 2166 προστάται,

282 2185 411 2256 ἄχρι
442 2183 508 2256 δὴ
544 2186 638 2239 καὶ
670 2186 944 2257 Σευῆρον,
978 2187 1079 2240 δσα
1109 2186 1173 2257 δὴ
1207 2187 1303 2240 καὶ
1339 2185 1589 2241 κνώδαλα
1638 2189 1717 2250 εἰς
1771 2204 1876 2257 χη-

288 2280 498 2348 ραμοῦς
526 2281 621 2333 καὶ
640 2280 971 2344 καταδύσεις
993 2280 1093 2345 τὰς
1115 2282 1327 2335 ἑαυτῶν
1356 2281 1640 2353 διατριϐὰς
1665 2280 1873 2344 ἔθεντο,

282 2371 380 2433 τῆς
414 2367 577 2436 ἁγίας
606 2374 645 2420 ε’
678 2368 901 2421 συνόδου
933 2369 1045 2423 τῶν
1091 2370 1200 2439 ρξε’
1242 2369 1416 2437 ἁγίων
1467 2370 1730 2438 Πατέρων
1780 2367 1875 2422 ὑπ’

288 2461 498 2514 ἐκείνου
531 2461 1037 2533 συγκροτηθείσης·
1088 2463 1196 2517 κᾶν
1241 2464 1339 2515 καὶ
1365 2456 1521 2525 οὗτος
1559 2463 1617 2525 ἐς
1645 2460 1876 2531 ὕστερον

289 2550 536 2620 Τελχῖνος
568 2552 845 2622 βασκανίᾳ
893 2553 1039 2617 τινος
1087 2556 1152 2623 τῇ
1200 2552 1309 2606 τῶν
1342 2550 1874 2622 Ἀφοαρτοδοκητῶν

285 2636 566 2707 κατάκρας
623 2639 768 2692 ἑάλω
798 2639 1013 2711 αἱρέσει
1062 2641 1156 2694 τοῦ
1211 2640 1400 2704 εὐθέος
1442 2639 1871 2711 παρατραπείς·

285 2729 473 2800 ὥσπερ
505 2746 596 2799 μοι
628 2731 685 2783 ἐν
716 2728 794 2800 τῷ
834 2729 940 2800 πρὸ
966 2731 1161 2785 τούτου
1193 2731 1347 2802 τόμῳ
1398 2730 1735 2799 διείληπται.
1770 2722 1873 2782 Ὧν

285 2821 349 2892 δὴ
390 2821 594 2876 τούτων
648 2823 922 2878 πλείστων
968 2825 1241 2895 αἱρέσεων
1285 2824 1386 2888 τὰς
1439 2822 1580 2894 πρὸς
1633 2820 1875 2893 ἀλλήλας

288 2900 567 2980 ἐπιμιξίας
595 2917 686 2969 καὶ
713 2917 1012 2987 διαιρέσεις
1038 2917 1272 2988 καθεξῆς
1298 2916 1659 2987 διαλήψομαι.

1983 1990 2235 2054 stentias,
2267 2006 2365 2059 per
2396 1984 2668 2044 summam
2710 1988 3073 2058 impietatem,
3109 1988 3163 2042 in
3194 1986 3417 2043 Christo
3456 1999 3580 2041 esse

1984 2083 2336 2153 scripserunt
2377 2092 2433 2136 et
2462 2081 2778 2136 docuerunt
2811 2100 2825 2136 :
2860 2083 3209 2151 potissimum
3240 2097 3376 2135 vero
3409 2080 3580 2136 Seve-

1986 2190 2104 2241 rus,
2148 2175 2243 2245 qui
2297 2174 2501 2230 librum
2557 2175 2833 2244 integrum
2887 2175 2955 2228 de
3006 2190 3069 2229 ea
3125 2188 3184 2229 re
3240 2175 3574 2246 composuit.

1982 2269 2188 2326 Verum
2236 2278 2294 2325 et
2338 2269 2441 2340 ipsi
2484 2269 2541 2324 in
2575 2269 2739 2324 libris
2786 2269 2903 2324 suis
2944 2270 3150 2324 alicubi
3186 2282 3413 2326 naturas
3440 2271 3580 2326 duas

1985 2362 2040 2417 in
2077 2362 2302 2418 Christo
2350 2363 2710 2432 proﬁtentur:
2754 2364 2900 2432 quod
2947 2379 3078 2418 sane
3131 2364 3287 2418 multi
3340 2380 3449 2419 non
3506 2363 3580 2420 ita

1983 2464 2243 2511 accurate
2273 2454 2658 2520 observantes,
2688 2466 2901 2510 rectum
2936 2456 3200 2525 piumque
3228 2471 3351 2511 esse
3382 2458 3583 2512 existi-

1985 2556 2302 2614 maverunt,
2332 2556 2390 2602 et
2418 2546 2529 2602 alio
2557 2546 2761 2602 deinde
2794 2547 2958 2602 modo
2985 2548 3038 2602 in
3077 2547 3295 2603 illorum
3327 2550 3582 2619 impieta-

1985 2650 2095 2695 tem
2138 2648 2271 2694 suut
2312 2638 2560 2693 adducti.
2594 2639 2774 2708 Atque
2807 2639 2924 2693 lta'c
2953 2637 3174 2708 quidem
3207 2638 3289 2694 sic
3316 2641 3581 2695 obtinue-

1984 2740 2149 2796 runt,
2192 2730 2559 2802 quoadusque
2604 2730 2954 2786 Justinianus
3000 2740 3087 2786 est
3138 2731 3444 2802 imperator
3494 2747 3580 2786 re-

1983 2824 2297 2879 nuntiatus.
2357 2825 2658 2893 Postquam
2712 2839 2845 2880 vero
2899 2821 2946 2878 is
2997 2832 3216 2893 sceptra
3269 2824 3582 2894 imperialia

1983 2916 2221 2987 accepit,
2252 2930 2599 2986 quaecunque
2637 2916 2903 2969 exstitere
2948 2915 3166 2981 bellum,
3201 2916 3255 2970 in
3292 2930 3493 2984 specus
3523 2924 3579 2970 et

286 3009 510 3066 latibula
546 3028 642 3067 sna
682 3015 969 3071 contulere
1006 3016 1394 3071 conventicula
1433 3033 1446 3069 :
1480 3030 1607 3070 eum
1645 3013 1735 3069 ille
1779 3026 1994 3068 sacram
2062 3013 2311 3083 quintam
2379 3014 2649 3081 synodum
2721 3021 2944 3067 centum
3013 3013 3307 3083 sexaginta,
3332 3013 3580 3084 quinque

289 3114 604 3160 sanctorum
672 3106 895 3164 Patrum
960 3110 1255 3179 coegisset.
1314 3108 1580 3176 Quamvis
1639 3117 1697 3164 et
1755 3107 1879 3179 ipse
1917 3106 2267 3163 Justinianus
2338 3118 2527 3176 postea
2574 3107 2923 3177 intemperiis
2974 3105 3329 3163 fascinatoris
3394 3110 3581 3178 cujus-

287 3203 433 3272 piam
468 3203 525 3259 in
559 3203 1178 3275 Aphtltartodoeitarnm
1221 3206 1471 3263 lmresim
1513 3206 1870 3262 transversim
1936 3216 2151 3277 raptus,
2180 3222 2212 3261 a
2256 3218 2406 3262 recta
2456 3205 2733 3259 aberrarit
2767 3206 2852 3260 via
2882 3221 2897 3260 :
2934 3204 3099 3262 sicuti
3129 3220 3158 3260 a
3191 3222 3277 3262 me
3309 3206 3365 3261 in
3394 3206 3583 3277 proxi-

292 3311 381 3349 nto
423 3295 566 3352 libro
622 3307 707 3352 est
743 3300 972 3354 dictum.
1031 3301 1307 3356 Caeterum
1353 3299 1723 3372 plurimarum
1762 3300 1994 3357 istarum
2058 3299 2333 3355 luerosum
2393 3298 2841 3355 commistionem
2912 3298 3079 3354 simul
3136 3308 3194 3355 et
3251 3299 3582 3355 divisionem

289 3391 551 3464 deinceps
581 3409 873 3466 exponam.

856 3515 1106 3569 non.
1154 3516 1305 3586 Μετ’.

292 3603 422 3683 ἰνξτι
447 3605 730 3683 περί-τῶς
759 3593 1221 3683 Μοὶίοέαυσιτῶν,
1258 3610 1349 3664 ὅτι
1386 3610 1715 3683 σφαλερῶς
1740 3614 1876 3680 περὶ

290 3678 398 3743 τῆς
429 3678 535 3731 τοῦ
581 3678 731 3732 Θεοῦ
762 3681 958 3748 Λόγου
991 3681 1357 3749 σαρκώσεως
1413 3678 1873 3754 δογματίζουσι.

374 3836 536 3892 Ἀλλὰ
565 3837 620 3891 τί
648 3837 781 3893 ποτέ
835 3838 954 3894 ἐστι
1001 3839 1063 3894 τὸ
1098 3841 1250 3912 παρὰ
1300 3843 1412 3899 τῶν
1472 3844 1878 3915 Μονοφυσιτῶν

292 3928 676 4001 δοξαζόμενον,
699 3925 775 3985 ὧν
799 3932 875 3996 ὡς
921 3934 1030 3987 ἀπὸ
1058 3936 1326 4007 κακίστης
1359 3935 1521 4008 ῥίζης
1550 3940 1611 3993 αί
1649 3938 1881 4008 είρημέ-

290 4014 382 4076 ναι
437 4024 677 4095 αἱρέσεις
728 4024 1069 4098 ἐϐλάστησαν
1121 4025 1311 4099 ὥσπερ
1361 4029 1556 4099 κρίκος
1618 4029 1879 4100 ἀλλήλοις

296 4116 575 4186 ἐχόμεναι,
607 4119 711 4190 ἤδη
744 4119 874 4191 ἐρῶ.
906 4118 1078 4173 ’Ὅταν
1116 4120 1217 4190 μὲν
1248 4121 1355 4190 γὰρ
1385 4121 1484 4185 τὰς
1517 4121 1878 4185 συνελθούσας

294 4210 371 4280 τῷ
400 4210 517 4281 Θεῷ
547 4211 740 4281 φύσεις
771 4211 1013 4283 ἑκάστην
1034 4211 1159 4267 καθ’
1184 4212 1383 4277 ἑαυτὰς
1406 4214 1766 4285 διαστήσωσι,
1786 4215 1882 4269 δύο

295 4301 495 4367 ταύτας
515 4303 942 4374 ἁνομολογοῦσιν
971 4306 1442 4377 ἀναγκαζόμενοι,
1461 4308 1592 4363 ὅταν
1613 4308 1670 4362 δὲ
1694 4309 1878 4378 ἀμφο-

294 4400 458 4470 τέρας
491 4399 571 4464 είς
600 4399 700 4471 τὴν
748 4400 842 4453 τοῦ
881 4401 1056 4470 Λόγου
1089 4402 1335 4455 ἐνώσωσι
1363 4402 1663 4474 σάρκωσιν,
1696 4403 1757 4456 οὐ
1787 4402 1882 4458 δύο

296 4493 636 4563 ἀσυγχύτους
669 4493 1032 4559 συνελθούσας
1061 4494 1256 4564 φύσεις
1284 4494 1552 4564 τιθέασιν,
1586 4496 1722 4551 ἀλλὰ
1750 4496 1881 4567 μίαν

298 4583 460 4651 φύσιν
505 4584 792 4638 σύνθετον.
846 4585 958 4640 Καὶ
1015 4586 1124 4657 γὰρ
1174 4587 1335 4657 ἡμῶν
1392 4592 1524 4659 μίαν
1578 4589 1881 4644 ὑπόστασιν

300 4676 553 4729 σύνθετον
602 4677 895 4744 λεγόντων,
936 4677 1139 4733 ἐκεῖνοι
1190 4679 1397 4749 μᾶλλον
1443 4681 1576 4750 μίαν
1620 4680 1881 4735 σύνθετον

299 4768 462 4838 φύσιν
493 4769 859 4823 ἁντιτιθέασι.
895 4768 1002 4823 Καὶ
1049 4771 1141 4823 τὸν
1170 4769 1332 4838 λόγον
1364 4772 1464 4841 τῆς
1495 4769 1702 4837 θέσεως
1727 4775 1882 4844 σφῶν

297 4862 495 4915 οὑτωσὶ
538 4862 1099 4932 παραδειγματίζουσι
1152 4862 1430 4931 λέγοντες,
1476 4865 1561 4918 ὅτι
1613 4866 1807 4938 ὥσπερ
1855 4868 1884 4921 6

297 4955 583 5026 ἄνθρωπος
631 4953 809 5026 ψυχὴν
839 4955 953 5025 ἔχει
983 4956 1076 5009 καὶ
1109 4956 1290 5027 σῶμα,
1330 4959 1425 5011 καὶ
1455 4960 1592 5030 ἄλλη
1637 4960 1736 5029 μὲν
1765 4960 1884 5014 ἔστι

300 5047 463 5114 φύσις
490 5047 693 5119 ψυχῆς,
728 5048 868 5115 ἄλλη
896 5047 954 5102 δὲ
984 5049 1263 5120 σώματος,
1296 5053 1349 5105 εί
1381 5068 1465 5117 τις
1498 5053 1736 5121 ἑκάστην
1758 5053 1886 5109 καθ’

300 5142 502 5218 ἑαυτὴν
534 5141 767 5212 θεωροίη
791 5156 807 5171 ’
836 5142 1057 5197 ἐπειδάν
1108 5143 1165 5195 δὲ
1199 5143 1555 5215 συνέλθωσιν,
1592 5147 1886 5218 ἄνθρωπον

304 5235 545 5300 ποιοῦσι,
580 5235 712 5304 μίαν
746 5232 908 5302 φύσιν
960 5234 1151 5305 ἔχοντα
1203 5235 1460 5290 σύνθετον
1482 5255 1496 5269 ο
1551 5240 1611 5291 οὐ
1648 5240 1758 5309 γὰρ
1783 5242 1887 5308 δεῖ,

304 5330 441 5400 φασὶ
487 5328 580 5382 δύο
612 5328 803 5398 φύσεις
846 5326 1027 5398 λέγειν
1058 5329 1150 5381 τὸν
1194 5326 1510 5398 ἄνθρωπον,
1543 5331 1682 5386 ἀλλὰ
1751 5334 1885 5404 μίαν

303 5422 587 5477 σύνθετον·
622 5420 766 5474 οὕτω
803 5420 869 5489 δὴ
921 5421 1014 5474 καὶ
1063 5422 1155 5472 ἐπὶ
1199 5421 1292 5473 τοῦ
1334 5421 1591 5493 Σωτῆρος
1639 5424 1883 5495 Χριστοῦ

301 5516 523 5579 οἴονται,
558 5516 620 5567 ἐκ
649 5514 741 5567 δύο
774 5513 872 5583 μὲν
920 5514 1317 5584 συνεστηκέναι
1358 5513 1610 5583 φύσεων·
1656 5518 1795 5586 μετὰ
1825 5519 1884 5573 δὲ

240 5658 248 5666 ,
301 5606 400 5677 τὴν
428 5606 625 5659 ἕνωσιν
680 5607 809 5675 μίαν
838 5605 939 5666 τὰς
986 5604 1079 5657 δύο
1117 5606 1309 5674 φύσεις
1352 5606 1559 5672 ταύτας
1599 5611 1888 5677 γεγοηένςιι

307 5698 583 5752 σύνθετον.
608 5699 789 5767 Ὅπερ
826 5700 887 5766 τῇ
936 5694 1237 5767 Ἐκκλησία
1271 5698 1620 5750 παντάπασιν
1651 5700 1890 5768 ἀποτρό-

309 5809 489 5847 παιον.
517 5793 618 5844 Διά
641 5808 724 5843 τοι
764 5790 920 5844 τοῦτο
959 5793 1051 5844 καὶ
1090 5791 1117 5842 ὁ
1154 5794 1326 5859 μέγας
1360 5792 1417 5843 ἐν
1466 5792 1716 5864 θεολογίᾳ
1749 5794 1890 5863 Γρη-

313 5901 491 5956 γοςοιος
540 5884 608 5936 τὰ
658 5881 720 5946 ὲξ
750 5873 845 5950 ὧν,
880 5883 976 5935 καὶ
1008 5884 1064 5935 ἐν
1094 5872 1196 5959 οἷς,
1257 5879 1353 5933 καὶ
1391 5880 1555 5951 ᾇπερ,
1593 5882 1749 5951 φησὶ,
1790 5882 1889 5935 σώ-

1905 3518 1952 3574 ο

2449 3508 2614 3580 371
2657 3506 2888 3565 CAPUT
2923 3506 3112 3565 xm.

1984 3603 2255 3661 Pratterea
2282 3604 2346 3659 de
2376 3576 3300 3677 liceresiiﬂonophysitarnm_;quod
3325 3576 3581 3665 insidiose

2058 3677 2349 3730 admodum
2392 3688 2461 3728 σει
2517 3675 2811 3744 periculose
2854 3676 2920 3729 de
2968 3676 3065 3730 Dei
3101 3675 3255 3732 Verbi
3321 3682 3579 3736 incarna-

2054 3750 2195 3802 tione
2233 3748 2540 3816 opinantur.
3210 3757 3219 3765 ‘

2052 3838 2211 3907 Quod
2255 3854 2390 3895 vero
2437 3840 2661 3893 tandem
2710 3837 3228 3913 Menophysitarum
3278 3844 3449 3900 fuerit
3484 3847 3582 3903 do.

1984 3950 2128 4005 gnta,
2173 3948 2203 3987 a
2241 3933 2447 4003 quibus
2494 3942 2759 4002 tanquam
2817 3948 2846 3987 a
2899 3935 3089 3990 radice
3141 3938 3405 4006 pessima,
3441 3955 3581 4010 quas

1985 4028 2266 4091 diximus,
2325 4024 2566 4080 barreses
2627 4025 2973 4095 pullularunt
3027 4042 3132 4083 ceu
3191 4031 3433 4087 circulus
3484 4044 3581 4088 ant

1985 4128 2179 4173 catena
2224 4132 2291 4171 ex
2338 4131 2459 4171 sese
2505 4115 2923 4185 dependentes,
2976 4119 3141 4174 modo
3191 4120 3394 4176 dicam.
3440 4121 3578 4178 Cum

1983 4208 2191 4264 etenim
2225 4206 2626 4261 convenientes
2658 4207 2713 4259 in
2739 4205 2963 4262 Christo
2992 4219 3243 4277 naturas,
3273 4214 3617 4283 quamlibet.

1987 4317 2088 4372 per
2118 4299 2363 4369 seipsatn
2405 4297 2760 4365 discernunt,
2790 4300 2931 4355 duas
2960 4315 3055 4357 eas
3088 4319 3211 4361 esse
3245 4309 3582 4366 necessitate

1984 4394 2212 4449 adducti
2261 4390 2620 4449 conﬁtentur.
2661 4391 2799 4447 Cum
2830 4408 2965 4449 vero
2998 4405 3293 4470 utramque
3329 4401 3385 4457 in
3418 4403 3583 4460 Verbi

1985 4488 2369 4567 incarnatione
2414 4487 2653 4552 uniunt,
2719 4503 2832 4542 non
2861 4488 3023 4567 idttas
3071 4492 3150 4546 illi
3200 4493 3584 4554 inconlusibili

1987 4580 2153 4636 modo
2192 4566 2591 4636 convenientes
2644 4566 2895 4647 naturas,
2938 4583 3032 4638 sed
3087 4601 3252 4639 unam
3306 4589 3587 4659 composi-

1990 4686 2099 4729 tam
2147 4682 2407 4728 naturam
2455 4683 2731 4732 statuunt.
2768 4675 2942 4731 Nobis
2985 4678 3133 4732 enim
3189 4696 3353 4735 unam
3402 4685 3587 4739 subsi-

1989 4768 2250 4823 stentiam
2294 4767 2656 4837 compositam
2700 4767 3045 4837 dicentibus,
3081 4772 3157 4825 illi
3198 4790 3363 4827 uuam
3399 4776 3587 4845 potius

1990 4868 2246 4914 naturam
2294 4859 2660 4929 compositam
2707 4860 2979 4916 inferunt.
3032 4862 3099 4915 Et
3140 4867 3415 4921 rationem
3464 4885 3590 4924 sm-

1994 4949 2182 5004 tentia:
2231 4965 2345 5004 sua:
2387 4950 2645 5020 exemplo
2681 4954 3098 5020 continuantes,
3144 4957 3356 5023 dicunt,
3405 4961 3589 5017 homi-

1993 5058 2120 5098 nem
2150 5043 2392 5098 animam
2426 5044 2688 5099 obtinere
2721 5055 2777 5099 et
2810 5061 3015 5117 corpus
3052 5069 3062 5100 :
3099 5059 3149 5103 et
3187 5051 3353 5106 aliam
3391 5058 3589 5112 animae

1992 5147 2247 5191 naturam
2302 5153 2448 5201 esse.
2501 5138 2776 5207 aliamque
2834 5140 2965 5194 item
3026 5146 3299 5213 corporis,
3354 5150 3398 5202 si
3461 5154 3590 5220 quis

1993 5232 2304 5301 quamlibet
2354 5247 2452 5301 per
2498 5232 2743 5302 seipsam
2794 5236 3244 5305 contempletur;
3283 5256 3408 5293 cum
3454 5258 3591 5298 vero

1994 5321 2103 5377 illa:
2148 5321 2411 5386 coierint.
2471 5322 2754 5378 hominem
2805 5323 3058 5389 efficere,
3113 5345 3275 5383 unam
3331 5345 3585 5389 naturam

1994 5414 2357 5483 compositam
2388 5417 2762 5470 obtinentem.
2794 5415 2913 5471 Non
2942 5419 3113 5485 enim,
3140 5419 3420 5491 inquiunt,
3446 5425 3594 5482 duas

1994 5517 2225 5564 naturas
2245 5508 2524 5564 hominem
2545 5510 2731 5566 dicere
2748 5523 2987 5583 oportet,
3011 5518 3106 5568 sed
3133 5532 3295 5571 uuam
3316 5522 3593 5588 cutnposi-

1996 5609 2126 5657 tam.
2146 5603 2329 5673 Atque
2348 5603 2415 5658 ad
2435 5605 2692 5659 eumdem
2717 5610 2939 5661 modum
2960 5606 3028 5663 de
3051 5607 3346 5666 Scrt‘atore
3364 5611 3597 5671 Christo

1996 5695 2298 5765 opinantur
2326 5714 2340 5753 :
2373 5696 2529 5752 illum
2562 5698 2825 5755 .videlicet
2853 5716 2920 5756 ex
2956 5702 3174 5759 duabus
3205 5687 3429 5775 quidem
3456 5726 3594 5765 cou-

1995 5788 2204 5843 stitisse
2231 5789 2472 5855 naturis,
2498 5800 2621 5861 post
2649 5792 2910 5849 unionem
2941 5807 3125 5850 autem
3144 5795 3282 5853 duas
3310 5814 3404 5853 Cas
3431 5814 3597 5854 ttztttt-

2001 5898 2089 5938 ras
2118 5881 2170 5937 in
2206 5899 2369 5939 unam
2397 5884 2637 5943 c'tasisse
2667 5888 3052 5958 compositam,
3076 5890 3222 5954 quod
3246 5908 3378 5949 sane
3413 5892 3593 5949 Eccle-
