4084 6452
447 342 556 409 423

1656 346 2086 411 ΝΙΟΕΡΠΟΒΙ
2120 352 2465 413 CALLlSTl

3616 358 3719 422 424

447 460 532 516 sia
549 469 809 531 tanquam
825 459 1101 532 piaculum
1119 475 1351 532 prorsus
1366 464 1800 530 aversatur.Qua
1807 480 1906 534 pro
1914 474 2030 535 pter

2139 467 2321 535 ζοντα,
2356 471 2486 538 περὶ
2519 469 2626 523 τῶν
2678 469 2775 525 δύο
2805 467 3025 538 φύσεων
3056 467 3215 525 τοῦτο
3259 467 3604 539 δογματίζων
3631 490 3721 524 σο-

447 563 505 608 et
538 567 770 624 magnus
799 551 1093 624 theologus
1116 554 1438 623 Gregorius,
1470 558 1537 610 de
1563 555 1782 611 duabus
1816 559 2033 613 naturis

446 646 775 700 sententiam
809 662 962 700 suam
996 662 1304 715 exponens,
1339 648 1749 719 sapientiSsinie
1777 651 1940 705 simul
1975 661 2033 705 et

447 734 809 793 subtilissime
827 738 983 804 dicit,
1003 749 1259 793 naturam
1282 755 1438 793 suam
1458 756 1552 795 eas
1568 757 1810 804 servare,
1824 758 1889 797 ex
1909 742 2033 811 qui-

449 830 553 885 bus
578 831 806 897 scilicet,
824 841 881 885 et
902 831 957 885 in
979 830 1202 901 quibus,
1222 840 1275 884 et
1291 847 1413 900 quae
1431 833 1561 886 sint.
1585 832 1721 887 Nam
1748 850 1813 886 ea:
1841 836 2039 906 quibus

449 932 744 992 propterea
767 924 973 991 posuit,
995 931 1056 977 ut
1077 939 1146 977 ex
1169 922 1460 978 divinitate
1481 933 1536 978 et
1559 924 1905 982 humanitate
1932 945 2032 982 na-

450 1024 628 1066 turam
662 1014 970 1068 declararet
1002 1030 1018 1067 :
1048 1015 1103 1068 in
1133 1014 1321 1082 quibus
1357 1031 1508 1081 vero,
1559 1028 1619 1072 ut
1651 1025 1878 1071 naturas
1906 1028 2034 1088 post

451 1106 719 1160 unionem
738 1118 1009 1170 servaret,
1032 1123 1213 1174 neque
1235 1124 1330 1162 eas
1353 1119 1583 1178 propter
1604 1119 1850 1165 mutuam
1875 1112 2036 1165 unio-

444 1210 572 1249 nem
619 1192 1023 1264 confunderet;
1055 1215 1172 1273 ιιιιω
1222 1201 1328 1253 sint
1372 1209 1578 1263 autem,
1625 1217 1694 1255 ne
1728 1202 1850 1272 quis
1883 1204 2031 1259 aliud

448 1284 735 1341 Christum
793 1297 918 1356 post
970 1297 1295 1342 naturarum
1346 1290 1607 1345 unionem
1649 1292 1858 1348 factum
1911 1309 2035 1349 esse

452 1378 820 1434 existimaret.
861 1380 1143 1450 Dogmatis
1185 1379 1345 1436 istius
1380 1384 1713 1439 exactiorem
1760 1385 2030 1441 rationem

456 1469 587 1523 inde
621 1471 1125 1528 considerabimus.
1158 1474 1372 1544 Corpus
1403 1485 1658 1530 nostrum
1696 1494 1761 1532 ex
1797 1490 2034 1548 quatuor

446 1561 759 1628 clementis,
797 1562 942 1633 igne,
986 1580 1137 1627 aere,
1172 1582 1314 1636 aqua
1361 1575 1418 1622 et
1465 1576 1636 1635 terra,
1669 1571 2029 1626 constitutum

448 1668 593 1718 esse,
632 1655 686 1708 in
732 1656 989 1711 confesso
1042 1667 1147 1724 est,
1191 1658 1248 1711 in
1300 1656 1503 1727 quibus
1548 1661 1715 1714 etiam
1761 1663 2028 1717 constitit.

449 1748 632 1815 Atque
679 1748 732 1801 in
778 1762 1011 1817 corpore
1041 1764 1104 1803 ea
1138 1765 1207 1804 ex
1242 1749 1465 1820 quibus,
1497 1762 1555 1806 et
1588 1748 1884 1823 inquibus
1922 1767 2029 1820 est,

362 1843 366 1846 ‘
446 1848 892 1906 conservantur;
930 1857 1051 1910 quae
1080 1852 1264 1896 autem
1300 1845 1429 1908 sint,
1458 1860 1568 1899 non
1604 1846 1817 1901 itidem.
1853 1847 2034 1917 Siqui-

448 1929 574 1984 dem
624 1940 750 2000 post
795 1931 1196 1987 elementorqu
1245 1936 1746 2007 unionem-corpus
1779 1948 2028 1995 nostrum

450 2038 562 2076 non
596 2039 735 2093 pure
768 2025 911 2095 ignis
943 2034 1047 2091 est,
1084 2039 1267 2095 neque
1314 2026 1529 2083 sincere
1576 2044 1692 2095 aer,
1726 2044 1905 2099 neque
1946 2031 2032 2085 in-

449 2126 926 2193 corrupteoaqua,
959 2133 1142 2186 neque
1196 2133 1460 2187 germane
1507 2128 1654 2175 terra
1690 2138 1705 2176 :
1739 2122 1835 2177 sed
1878 2123 2030 2178 aliud

447 2205 753 2274 quiddam,
801 2224 966 2277 quam
1014 2221 1252 2279 quatuor
1297 2210 1422 2265 ista.
1475 2212 1642 2282 8'72
1686 2214 1745 2269 ld
1791 2215 1926 2271 satis
1963 2231 2029 2271 ex

447 2310 614 2350 sensu
647 2294 769 2366 ipso
802 2308 975 2367 patet.
1006 2298 1362 2369 Unaquaeque
1401 2303 1553 2357 enim
1583 2306 1832 2374 corporis
1857 2308 2029 2362 nostri

449 2404 579 2458 pars
610 2390 757 2445 aliud
788 2391 1052 2459 quiddam
1078 2408 1249 2462 quam
1280 2394 1556 2450 elementa
1598 2408 1700 2451 est.
1736 2395 1936 2453 Verum
1970 2400 2028 2454 in

449 2480 639 2533 divina
682 2483 913 2547 unione,
951 2500 1059 2538 non
1104 2485 1260 2541 aiiud
1311 2485 1603 2556 quiddam,
1634 2499 1759 2558 post
1794 2488 2028 2545 duarum

446 2579 772 2625 naturarum
832 2588 1206 2642 concursum,
1264 2575 1472 2631 factum
1529 2588 1677 2636 est:
1730 2581 1824 2635 sed
1884 2580 2029 2638 idem

450 2662 629 2730 ipsum
657 2663 1046 2725 est,Christus
1076 2666 1353 2731 videlicet,
1386 2668 1532 2724 Deus
1556 2681 1612 2725 et
1642 2670 1826 2726 homo.
1860 2671 2033 2730 Porro

449 2753 680 2809 haeresis
733 2757 837 2811 ista
890 2758 1221 2827 exquisitior
1276 2761 1647 2832 subtiliorque
1706 2764 1829 2819 aliis
1887 2767 2028 2832 fuit,

451 2845 600 2913 quod
647 2857 905 2903 auctores
953 2848 1386 2921 defensoresque
1430 2851 1691 2908 habuerit
1756 2857 1906 2911 viros
1944 2873 2034 2912 sa-

450 2934 712 3003 pientes:
745 2950 797 2994 et
830 2941 1181 3009 potissimum
1216 2958 1343 2998 eum
1376 2959 1541 3012 quem
1573 2945 1835 3012 diximus,
1866 2949 2033 3004 Joan-

449 3042 577 3082 nem
611 3027 1001 3102 I’hiloponum,
1032 3034 1126 3104 qui
1182 3035 1285 3090 sub
1331 3038 1611 3106 praesenti,
1641 3038 1713 3093 de
1748 3041 1907 3111 cujus
1943 3059 2032 3098 re-

2135 556 2359 628 φῶτατά
2407 578 2467 614 τε
2505 562 2597 614 καὶ
2644 562 3034 631 ἀκριϐέστατα.
3087 564 3161 615 Τὸ
3210 564 3309 630 μὲν
3349 564 3481 632 γὰρ,
3509 561 3577 624 ἐξ
3606 557 3717 622 ὧν.

2135 651 2402 717 τέθεικεν,
2463 651 2549 707 ἴνα
2592 655 2691 724 τὴν
2728 658 2791 707 ἐκ
2837 655 3092 725 θεότητος
3139 659 3234 709 καὶ
3295 654 3718 726 ἀνθρωπότητος

2135 745 2439 816 δογματίσῃ
2490 742 2686 814 φύσιν·
2721 747 2783 800 τὸ
2816 745 2894 813 δὲ,
2927 749 2999 801 ἐν
3031 740 3143 813 οἷς,
3208 747 3295 801 ἵνα
3349 752 3570 820 τηρήσῃ
3619 750 3718 811 τὰς

2136 835 2331 907 φύσεις
2388 841 2527 909 μετὰ
2555 840 2652 908 τὴν
2699 840 2928 894 ἕνωσιν
2969 843 3063 896 καὶ
3122 830 3197 910 μὴ
3257 843 3462 911 συγχέῃ
3498 840 3706 904 ταύτας

2134 929 2223 985 διὰ
2253 930 2351 1002 τὴν
2407 933 2545 1003 πρὸς
2608 933 2847 1001 ἀλλήλας
2899 932 3227 998 ἓνωσιν,τδ
3284 935 3364 998 δὲ,
3415 934 3589 1001 ἅπερ,
3629 934 3718 987 ἵνα

2137 1024 2213 1094 μὴ
2258 1023 2415 1095 οἰηθῇ
2449 1043 2528 1088 τις
2564 1026 2645 1078 ὃτι
2676 1026 2803 1079 ἄλλο
2825 1027 3053 1095 γέγονεν
3100 1030 3128 1081 ὁ
3163 1028 3400 1097 Χριστὸς
3446 1026 3586 1096 μετά
3616 1027 3718 1096 τὴν

2135 1115 2243 1167 τῶν
2296 1119 2514 1182 φύσεων
2563 1115 2788 1171 ἕνωσιν.
2856 1117 2966 1171 Καὶ
3018 1118 3083 1190 δὴ
3143 1120 3242 1186 τὴν
3307 1115 3399 1171 τοῦ
3442 1113 3715 1187 δόγματος

2135 1209 2421 1277 ἀκρίϐειαν
2452 1209 2704 1261 ἐντεῦθεν
2732 1204 3090 1279 σκεψώμεθα.
3140 1208 3235 1263 Ἐκ
3263 1211 3716 1297 τεσσάρωνρτοι-

2135 1296 2300 1365 χείων
2350 1297 2411 1348 τὸ
2462 1298 2731 1368 ἡμέτερον
2788 1300 2948 1369 σῶμα
3000 1299 3452 1369 ἀνωμολόγηται,
3515 1296 3711 1367 πυρὸς,

2135 1388 2320 1455 ἀέρος,
2359 1386 2578 1452 ὕδατος,
2638 1393 2777 1458 γῆς*
2811 1390 2869 1442 ὲν
2909 1382 2991 1454 οἷς
3022 1389 3116 1445 καὶ
3145 1389 3244 1461 τὴν
3291 1391 3551 1444 σύστασιν
3575 1391 3710 1460 ἔχει.

2134 1476 2379 1541 Σώζεται
2408 1479 2537 1546 γοῦν
2571 1482 2628 1533 ἐν
2658 1482 2738 1549 τῷ
2768 1482 2982 1549 σώματι
3014 1483 3109 1536 καὶ
3143 1482 3204 1537 τὸ
3231 1481 3303 1547 ἐξ
3332 1476 3420 1536 ὧν
3445 1483 3537 1536 καὶ
3563 1484 3623 1534 τὸ
3643 1483 3715 1536 ἐν

2134 1562 2219 1632 οἷς
2248 1584 2259 1597 ο
2287 1569 2349 1621 οὐ
2408 1571 2514 1639 μὴν
2561 1571 2622 1623 τὸ
2677 1570 2849 1639 ἅπερ.
2888 1572 3044 1625 Μετά
3085 1575 3192 1643 γὰρ
3224 1576 3322 1645 τὴν
3359 1574 3554 1627 ἕνωσιν
3601 1575 3713 1629 τῶν

2137 1661 2419 1731 στοιχείων
2467 1663 2525 1714 τὸ
2558 1664 2828 1732 ἡμέτερον
2886 1664 3049 1733 σῶμα
3106 1663 3231 1718 οὔτε
3290 1667 3544 1736 καθαρῶς
3593 1669 3712 1721 ἔστι

2138 1750 2268 1819 πῦρ,
2316 1750 2429 1805 οὔτ’
2462 1755 2773 1824 εἰλικρινῶς
2799 1756 2908 1826 ἀήρ
2932 1773 2946 1786 ·
2984 1755 3110 1809 οὔτε
3166 1758 3275 1829 μὴν
3306 1757 3452 1827 ὕδωρ
3505 1758 3711 1812 ἀθόλωο

2139 1860 2228 1895 τον
2252 1863 2265 1875 ·
2298 1843 2418 1897 ἀλλ’
2449 1844 2562 1898 οὐδ’
2609 1846 2899 1911 ἀνόθευτος
2945 1848 3019 1918 γῆ
3041 1864 3055 1881 ⁸
3095 1846 3210 1903 ἀλλ’
3237 1852 3425 1921 ἕτερόν
3454 1868 3506 1903 τι
3561 1853 3713 1922 παρὰ

2134 1938 2203 1992 τὰ
2232 1939 2294 1993 δ’.
2328 1941 2441 1993 Kal.
2465 1942 2626 2010 δῆλον
2653 1943 2759 1998 ἀπὸ
2806 1948 2904 2015 τῆς
2937 1947 3243 2014 αἰσθήσεως
3269 1962 3283 1977 ·
3314 1946 3549 2001 ἕκαστον
3605 1949 3715 2018 γὰρ

2131 2029 2242 2082 τῶν
2280 2032 2464 2101 μερῶν
2495 2034 2588 2088 τοῦ
2617 2036 2890 2105 ἡμετέρου
2922 2036 3174 2108 σώματος
3204 2040 3335 2093 ἄλλο
3367 2057 3422 2093 τι
3462 2042 3610 2111 παρὰ
3643 2041 3715 2094 τὰ

2136 2126 2382 2191 στοιχεῖά
2412 2126 2582 2183 ἐστιν.
2621 2127 2751 2182 Ἐπὶ
2777 2129 2834 2182 δὲ
2857 2130 2957 2200 τῆς
2998 2131 3151 2195 θείας
3182 2132 3433 2196 ὲνώσεως
3457 2132 3557 2186 οὐκ
3586 2131 3716 2189 ἄλλο

2134 2230 2187 2263 τι
2224 2218 2361 2282 μετὰ
2395 2218 2496 2286 τὴν
2547 2219 2859 2290 συνδρομὴν
2911 2222 3021 2276 τῶν
3049 2222 3143 2276 δύο
3189 2225 3408 2292 φύσεων
3453 2226 3709 2291 γέγονεν·

2139 2304 2255 2356 ἀλλ’
2283 2307 2415 2360 αὐτὸ
2442 2310 2599 2363 τοῦτό
2624 2313 2771 2365 ἐστιν
2802 2316 2830 2366 ὀ
2861 2314 3096 2383 Χριστὸς
3125 2315 3258 2379 Θεὸς
3286 2318 3379 2369 καὶ
3404 2316 3712 2389 ἄνθρωπος.

2136 2399 2332 2466 Γέγονε
2363 2401 2419 2455 δὲ
2447 2405 2674 2476 τοιαύτη
2710 2406 2922 2476 αἵρεσις
2954 2407 3157 2462 ὡσανεὶ
3204 2409 3573 2482 ἀκριϐεστέρα
3605 2413 3700 2464 καὶ⁵

2134 2494 2443 2575 λεπτοτέρα
2486 2498 2593 2553 τῶν
2634 2499 2833 2560 ἄλλων.
2880 2502 2970 2556 διὰ
2999 2504 3059 2556 τὸ
3107 2507 3422 2574 προστάτας
3472 2508 3708 2575 αὐχῆσαι

2136 2566 2589 2657 ἄνδραςθσοφοὺς,
2632 2593 2725 2645 καὶ
2763 2595 3003 2663 μάλιστα
3044 2566 3164 2649 τὸν.
3189 2566 3711 2668 προειρημένον-Φι-

2134 2675 2359 2732 λὸπονον
2412 2681 2692 2751 Ἰωάννην,
2744 2686 2840 2738 ἐπὶ
2894 2682 2994 2754 τῆς
3056 2688 3346 2758 παρούσης
3411 2691 3711 2759 ἡγεμονίας

2134 2771 2485 2838 ἀκμάσαντα,
2537 2779 2631 2828 καὶ
2682 2776 2915 2832 πλεῖστα
2963 2782 3080 2845 ταῖς
3121 2782 3527 2848 Ἀριστοτέλους
3576 2784 3714 2835 1:20-

2137 2865 2262 2926 καίς
2298 2865 2674 2937 ἐνιδρώσαντα
2696 2884 2712 2900 ⁸
2749 2869 2807 2929 ὃς
2836 2872 2930 2924 καὶ
2963 2872 3061 2940 τῆς
3093 2872 3204 2925 τῶν
3234 2874 3532 2944 Τριθεῖτῶν
3559 2874 3714 2943 λεγο-

2136 2958 2320 3025 μένων
2345 2961 2613 3027 αἱρέσεως
2639 2963 2886 3034 ἀρχηγὸς
2913 2965 3181 3036 ἐγεγόνει.
3212 2966 3309 3031 Τίς
3353 2966 3411 3023 δέ
3436 2968 3586 3023 ἐστιν
3622 2962 3710 3023 οὗ·

2136 3065 2250 3113 τος,
2278 3051 2498 3119 ῥητέον.

455 3119 562 3175 bus
594 3138 739 3179 nunc
773 3125 1008 3194 agimus,
1043 3127 1278 3197 imperio
1308 3130 1498 3199 viguit,
1533 3141 1590 3186 et
1625 3135 1677 3186 in
1718 3132 2040 3192 Aristotelis
2073 3142 2532 3212 perplexitatihus
2573 3151 2809 3206 maxime
2882 3151 3175 3209 desudavit
3197 3193 3214 3222 ,
3283 3165 3342 3210 et
3371 3155 3592 3212 haeresis
3628 3154 3716 3209 in.

454 3224 623 3282 super
649 3212 1080 3284 Tritheitarum,
1108 3219 1205 3287 qui
1236 3218 1520 3284 dicuntur,
1548 3222 1662 3278 dux
1695 3222 1818 3279 fuit.
1858 3226 1932 3280 De
1964 3243 2032 3283 eo
2070 3232 2196 3300 quis
2225 3232 2418 3302 fuerit,
2450 3236 2769 3298 dicendum.

1001 3353 1229 3411 CAPUT
1269 3355 1479 3415 XLVII.

562 3470 643 3524 De
675 3469 988 3540 philosopho
1032 3470 1243 3531 Joanne
1288 3474 1588 3547 Philapom
1639 3476 1921 3538 Tritlm'ta.

517 3690 735 3752 Genere
768 3678 1344 3768 fuit'Alexandrinus,
1379 3711 1434 3756 et
1469 3700 1836 3774 philosophus
1873 3721 2029 3762 sum-

452 3804 574 3843 mus
607 3807 621 3844 :
659 3789 915 3859 quamvis
959 3802 1142 3846 autem
1191 3791 1335 3863 ston
1373 3791 1729 3864 dictioneque
1775 3811 1874 3850 sua
1920 3814 2031 3853 non

450 3880 749 3937 admodum
795 3883 867 3938 sit
909 3883 1189 3949 laudatus,
1230 3884 1283 3938 in
1332 3884 1805 3956 disputationibus
1849 3900 2032 3945 tamen

448 3985 1013 4044 argumentorumque
1059 3983 1115 4028 et
1161 3974 1702 4033 demonstrationum
1753 3982 2033 4049 probatio-

452 4065 637 4131 nibus,
671 4082 806 4121 sane
834 4082 1000 4136 quam
1033 4067 1136 4122 fuit
1165 4067 1524 4128 admirandus
1546 4111 1562 4139 ,
1604 4072 1659 4125 itt
1697 4070 1944 4129 Platonis
1977 4084 2033 4129 et

446 4158 766 4214 Aristotelis
814 4158 1071 4214 doctrina
1134 4160 1512 4232 maximopere
1564 4172 1834 4219 versatus.
1884 4164 2032 4231 Qua-

451 4261 678 4318 propter
722 4263 940 4315 eorum,
991 4249 1340 4318 potissimum
1387 4269 1518 4309 vero
1565 4253 1903 4319 Aristotelis,
1937 4256 2034 4311 ob-

448 4355 610 4394 scure
661 4338 937 4394 dictorum
993 4339 1470 4398 luculentissitnas
1522 4343 1750 4413 reliquit
1802 4359 2033 4399 enarra-

449 4428 668 4496 tiones,
696 4447 820 4499 qua:
852 4431 1018 4487 hodie
1062 4448 1282 4502 quoque
1312 4444 1553 4489 exstant.
1592 4435 1692 4491 Hic
1725 4435 1894 4490 etiam
1933 4437 2033 4492 im-

447 4520 539 4590 pio
572 4520 764 4591 Sergio
792 4519 1420 4591 Constantinopolitanm
1454 4536 1567 4580 tum
1596 4527 1856 4585 Ecclesiae
1883 4529 2033 4585 hier—

445 4612 680 4677 arcbi‘ae,
746 4613 1064 4670 admonitus
1110 4615 1179 4670 ab
1221 4631 1310 4679 eo,
1350 4627 1411 4672 ιιι
1456 4617 1708 4674 haeresim
1758 4621 2026 4690 ejusmodi

2057 3379 2104 3438 C

2737 3384 2995 3441 ΚΕΦΑΛ.
3037 3385 3171 3443 ΜΖ¹.

2134 3489 2281 3558 Περὶ
2318 3491 2427 3546 τοῦ
2465 3496 2816 3565 φιλοσόφου
2864 3499 3149 3556 Ἰωάννου
3208 3502 3317 3558 τοῦ
3368 3506 3713 3565 Φιλοπόνου

2700 3569 2802 3624 καὶ
2834 3573 3146 3638 Τριθεΐτου.

2208 3675 2284 3729 Τὸ
2330 3677 2431 3746 μὲν
2462 3681 2627 3748 γένος
2673 3683 3062 3757 Ἀλεξανδρεὺς
3102 3686 3172 3761 ἦν
3221 3692 3250 3744 ὁ
3299 3694 3472 3765 ἀνήρ’
3505 3696 3622 3750 λίαν
3654 3699 3710 3751 δέ

2137 3771 2257 3824 ἐστι
2290 3773 2584 3843 φιλόσοφος
2638 3778 3069 3847 ἀκριὸέστατος·
3102 3781 3209 3838 κᾶν
3258 3785 3355 3837 καὶ
3407 3787 3509 3856 τὴν
3567 3789 3711 3843 ἰδέαν

2135 3862 2242 3916 τῶν
2264 3864 2440 3934 λόγων
2467 3868 2529 3921 οὐ
2565 3870 2708 3923 πάνυ
2738 3868 2845 3922 τῶν
2879 3870 3297 3944 ἐπαινουμένων
3335 3877 3477 3949 ἔχων
3515 3883 3710 3952 γνωρί-

2136 3955 2290 4019 ζεται
2317 3971 2332 3986 ⁸
2367 3960 2498 4030 περὶ
2522 3961 2580 4013 δὲ
2611 3962 2708 4026 τὰς
2744 3964 3048 4032 ἀποδείξεις
3080 3968 3190 4022 τῶν
3222 3966 3400 4038 λόγων
3426 3976 3566 4029 πάνυ
3594 3976 3711 4030 ἐστὶ

2139 4047 2598 4118 θαυμασιώτατος
2619 4069 2634 4085 ⁸
2669 4056 2838 4125 ἄκρος
2871 4053 2916 4108 δ’
2947 4060 3178 4128 είσάγαν
3199 4063 3342 4118 κατὰ
3367 4067 3466 4136 τὴν
3491 4068 3711 4122 Πλάτω-

2137 4155 2228 4204 νος
2286 4144 2382 4196 καὶ
2426 4144 2835 4212 Ἀριστοτέλους
2894 4154 3176 4207 παιδείαν
3233 4149 3315 4220 οἷς
3365 4158 3461 4213 καὶ
3516 4162 3707 4227 πλείω,

2140 4233 2375 4301 μάλιστα
2402 4236 2459 4290 δὲ
2488 4236 2598 4292 τῶν
2639 4239 3053 4311 Ἀριστοτέλους
3076 4246 3410 4319 ἀπορρήτων
3458 4250 3709 4323 λαμπρο-

2133 4325 2301 4414 τάτας
2337 4327 2632 4396 ἐξηγήσεις
2664 4333 2987 4403 κατέλιπεν,
3014 4338 3070 4391 αἲ
3102 4339 3200 4394 καὶ
3240 4343 3295 4405 ἐς
3324 4341 3485 4414 δεῦρο
3506 4343 3570 4413 δὴ
3597 4345 3711 4400 δια-

2138 4413 2440 4482 σώζονται·
2495 4421 2554 4486 δς
2594 4427 2690 4480 καὶ
2718 4425 2794 4496 τῷ
2845 4429 3100 4485 δυσσεϐεῖ
3156 4434 3368 4506 Σεργίῳ
3414 4413 3711 4507 τηνικαῦτα

2133 4510 2236 4575 τῆς
2297 4514 2714 4573 Κωνσταντίνου
2774 4524 3122 4593 ίεραρχοῦντι
3176 4532 3560 4601 παρακληθεὶς
3610 4535 3711 4607 τὴν

2133 4607 2392 4679 τοιαύτην
2453 4613 2830 4682 συστήσασθαι
2883 4618 3136 4690 αἵρεσιν,
3192 4621 3352 4690 λόγον
3403 4625 3710 4682 δεινότατον

445 4702 837 4769 constitueret,
872 4706 1075 4760 librum
1124 4708 1507 4764 aClIllSSllllllm
1558 4716 1896 4783 composuit,
1930 4717 2022 4787 qui

2134 4700 2537 4771 συνεγράψαντο,
2563 4700 2622 4769 ὃς
2670 4706 3005 4776 Διαιτητὴς,
3043 4710 3075 4781 ἢ
3111 4712 3252 4781 Περὶ
3285 4714 3556 4783 ἐνώσεως
3588 4721 3703 4772 ἑπι-

442 4794 757 4868 Διαιτητξλς,
772 4798 878 4853 hoc
894 4809 999 4865 est,
1013 4800 1246 4866 Arbiter,
1266 4801 1381 4856 sive
1398 4801 1474 4857 De
1493 4805 1683 4859 unione
1702 4806 2023 4879 inscriptus,

443 4880 633 4940 decem
660 4888 921 4958 capitulis
960 4905 1182 4944 omnem
1212 4906 1334 4945 eam
1368 4892 1621 4947 haeresim
1647 4900 1912 4952 contexit.
1940 4899 2023 4955 Ad

442 4978 916 5046 comprobandum
980 4990 1165 5035 autem
1223 4980 1507 5051 piaculare
1564 5000 1728 5040 suum
1786 4987 2025 5059 dogma,

444 5081 667 5123 omnem
743 5085 972 5139 prorsus
1046 5073 1467 5128 accuratissime
1532 5077 1705 5158 mpvit
1784 5078 2030 5147 philoso-

447 5160 656 5229 phiatn.
711 5162 880 5217 Multa
938 5173 1206 5233 praeterea
1260 5164 1366 5220 alia
1422 5167 1630 5239 scripta
1686 5168 2027 5241 Philoponus

447 5250 554 5307 iste
595 5251 792 5319 edidit,
832 5254 900 5308 ad
944 5255 1163 5313 Graecos
1204 5267 1262 5312 et
1303 5256 1545 5316 haereses
1577 5261 1837 5331 reliquas,
1868 5273 1925 5318 et
1954 5265 2024 5319 ad

445 5342 586 5397 alios
639 5345 942 5413 quosdam;
1000 5339 1055 5401 in
1111 5347 1317 5418 quibus
1374 5347 1490 5404 haec
1544 5350 1744 5417 etiam,
1796 5352 2022 5423 impium

444 5429 644 5501 dogma
700 5433 1034 5501 instituens,
1090 5438 1306 5495 refert:
1362 5457 1381 5490 ‹
1423 5438 1621 5495 Omnia
1672 5441 1793 5496 haec
1838 5444 2026 5499 sensui

444 5531 612 5592 atque
654 5526 832 5581 oculis
876 5528 1126 5599 subjecta
1161 5546 1415 5602 corpora,
1446 5533 1602 5602 juxta
1638 5536 1927 5589 materiam
1971 5548 2027 5590 et

448 5611 711 5682 fortnam,
739 5633 804 5671 ex
839 5635 905 5673 eo
939 5623 1084 5690 quod
1120 5639 1228 5677 non
1258 5634 1361 5689 est,
1399 5625 1453 5678 in
1487 5626 1540 5679 id
1574 5627 1720 5695 quod
1752 5636 1860 5689 est,
1896 5644 2027 5696 pro-

449 5706 615 5760 ducta
646 5726 675 5762 a
711 5709 823 5765 Deo
856 5723 1027 5772 sunt:
1061 5718 1573 5788 corruptabiliaque
1621 5731 1773 5785 sunt,
1804 5729 1859 5773 et
1904 5738 2018 5774 cor-

447 5809 798 5871 rumpuntur,
832 5808 1134 5864 secundum
1183 5810 1470 5865 materiam
1518 5819 1575 5866 et
1621 5808 1878 5866 formant.
1919 5811 2025 5868 l’ro

2130 4792 2471 4862 γέγραπται.
2508 4794 2601 4852 Ἐν
2646 4801 2966 4868 κεφαλαίοις
3015 4804 3073 4858 δὲ
3106 4805 3235 4859 δέκα
3278 4809 3378 4879 τὴν
3418 4810 3518 4880 τῆς
3568 4812 3712 4880 αἱρέ-

2133 4900 2274 4948 σεως
2298 4885 2477 4940 πᾶσαν
2506 4888 2681 4961 τομὴν
2714 4891 3044 4964 ὲξυφήνατο.
3077 4897 3223 4966 Πρός
3251 4915 3314 4967 γε
3356 4900 3463 4969 μὴν
3493 4898 3710 4958 ἀπόδει-

2134 4974 2218 5039 ξιν
2248 4976 2342 5030 τοῦ
2373 4981 2621 5051 μυσαροῦ
2649 4983 2815 5037 αὐτοῦ
2844 4985 3137 5069 δογματος,
3166 4992 3350 5043 πᾶσαν
3393 4993 3713 5061 φιλοσοφίαν

2136 5068 2432 5141 κεκίνηκεν
2481 5068 3027 5150 ὲξακριδωσάμενος.
3084 5081 3267 5139 Πολλά
3316 5085 3375 5139 δὲ
3428 5090 3522 5140 καὶ
3580 5089 3713 5142 ἄλλα

2134 5164 2551 5233 συγγράμματα
2597 5170 2624 5220 ὀ
2692 5169 2883 5240 ῥηθεὶς
2954 5173 3242 5238 Φιλόπονος
3302 5179 3705 5244 καταλέλοιπε,

2134 5257 2271 5324 πρός
2320 5255 2689 5327 θ’Ἔλληνας,
2728 5265 2823 5318 καὶ
2879 5266 3072 5332 λοιπὰς
3109 5269 3221 5323 τῶν
3272 5273 3562 5341 αἱρέσεων,
3616 5276 3710 5328 καὶ

2133 5349 2390 5421 ἑτέρους-⁸
2422 5353 2482 5407 ὲν
2534 5348 2614 5416 οἷς
2651 5358 2747 5411 καὶ
2799 5359 2976 5415 ταῦτα
3030 5362 3317 5435 συντίθησι
3365 5364 3713 5437 δογματίζων

2130 5442 2342 5505 ἀθέως’
2384 5461 2404 5514 ε
2453 5445 2534 5499 Τὰ
2587 5448 2826 5521 αίσθητά
2857 5453 3036 5508 πάντα
3090 5455 3267 5509 ταῦτα
3310 5459 3411 5512 καὶ
3457 5461 3714 5530 ὁρώμενα

2134 5533 2382 5605 σώματα,
2413 5537 2615 5608 λέγων,
2654 5546 2797 5596 κατά
2828 5561 2886 5597 τε
2922 5543 3057 5616 ὓλην
3086 5548 3180 5601 καὶ
3200 5544 3372 5614 ηἐἷδος
3417 5551 3481 5604 ἐκ
3510 5551 3604 5626 τοῦ
3636 5552 3713 5621 μὴ

2129 5627 2282 5692 ὄντος
2315 5631 2396 5693 είς
2426 5634 2489 5684 τὸ
2538 5630 2682 5688 εἶναι
2735 5639 2994 5709 παρήχθη
3036 5642 3149 5707 ἀπὸ
3176 5641 3312 5695 Θεοῦ
3337 5660 3350 5674 ·
3408 5644 3624 5712 φθαρτά
3651 5659 3714 5699 τε
3792 5646 3801 5653 ’

2131 5718 2303 5773 ταῦτα
2359 5723 2612 5789 γενέσθαι
2651 5727 2747 5779 καὶ
2801 5731 3124 5800 φθείρεσθαι
3162 5736 3306 5785 κατά
3330 5751 3388 5786 τε
3441 5733 3575 5805 ὓλην
3618 5738 3714 5789 και

2130 5809 2267 5878 ετόοέ
2290 5830 2305 5844 ⁸
2336 5816 2429 5867 καὶ
2464 5816 2584 5872 ἀντὶ
2617 5821 2824 5876 τούτων
2859 5822 3023 5895 ἓεερα
3064 5825 3290 5897 stirpem
3334 5827 3566 5896 κρείττω
3594 5843 3715 5880 του⁴
