4084 6448
332 351 439 416 425

1183 346 1788 407 ECCLESIASTICIE
1828 341 2219 406 IIISTOR'l/E
2248 343 2393 402 LIB.
2428 341 2651 404 XVIII.

3478 342 3583 404 4’25

328 479 436 516 των
460 461 569 514 τῶν
598 459 891 530 ὁρωμένων
942 456 1194 528 ἄφθαρτα
1252 458 1347 511 καὶ
1385 456 1581 510 αίὼνια
1638 456 1904 529 δημιουρ-

2015 453 2164 509 hisce
2196 468 2327 506 vero
2351 452 2684 522 corporibus
2715 465 2946 520 corpora
2978 452 3085 506 alia
3119 453 3432 509 visibilibus
3462 458 3585 511 istis

332 550 549 620 γεῖσθαι
605 551 709 602 ὑπὸ
762 548 922 604 Θεοῦ,
963 567 981 600 ι
1018 548 1160 619 Πρὸς
1213 548 1393 617 τούτῳ
1448 547 1763 602 συντέλειαν
1799 548 1904 617 μέν

336 656 472 710 φησι
500 639 597 693 τοῦ
625 639 904 711 ὁρωμένου
943 639 1133 692 τούτου
1165 639 1399 709 κόσμου,
1432 639 1605 710 ἤγουν
1634 640 1905 710 παρέλευ-

333 750 438 797 σιν,
474 732 569 786 καὶ
610 728 767 794 αὖθις
796 730 988 785 καινοῦ
1020 731 1225 796 κόσμου
1256 732 1453 802 ἑτέραν
1479 731 1716 799 γένεσιν.
1753 729 1903 802 Ὀρε-

333 824 490 890 {erat
524 825 583 878 δὲ
610 822 702 877 καὶ
731 822 942 895 νεκρῶν
970 824 1270 876 ἀνάστασιν
1299 816 1462 889 εἶναι,
1491 822 1589 894 τὴν
1615 824 1722 875 τῶν
1752 824 1904 892 λογι-

336 917 451 970 κῶν
477 917 666 986 ψυχῶν
690 916 825 989 πρὸς
844 916 907 969 τὸ
935 913 1173 986 φθαρτὸν
1199 915 1358 986 σῶμα
1383 916 1578 970 ἕνωσιν
1597 916 1902 971 ἀδιάλυτον.

271 1039 275 1042 ν
335 1004 428 1074 Οἷς
456 1009 505 1060 οι
534 1009 664 1078 περὶ
698 1007 914 1062 Κόνωνα
950 1006 1380 1077 ἐναντιούμενοι,
1412 1007 1574 1060 αὐτόν
1604 1024 1662 1060 τε
1696 1009 1791 1062 καὶ
1837 1009 1906 1063 τὰ

335 1101 526 1154 τούτου
553 1101 961 1171 συγγράμματα
1021 1098 1366 1162 ἀπεώσαντο,
1413 1098 1490 1161 ῶς
1525 1116 1618 1168 μοι
1669 1099 1909 1170 ῥηθήσε-

336 1206 467 1246 ται’
516 1191 623 1244 κᾶν
666 1190 761 1244 καὶ
811 1190 1078 1262 πρότερον
1138 1188 1305 1242 αὐτὸν
1365 1189 1723 1258 ἀπεδέχοντο⁹
1767 1207 1787 1241 ι
1826 1189 1908 1243 ra

337 1284 591 1352 σώματα,
621 1284 895 1351 λέγοντες,
929 1283 1073 1337 κατὰ
1109 1282 1209 1350 μὲν
1236 1282 1336 1348 τὴν
1367 1280 1500 1352 ὓλην
1544 1281 1607 1336 οὐ
1658 1282 1905 1351 φθείρονο

332 1399 448 1443 ται,
478 1379 615 1434 ἀλλά
638 1380 779 1433 κατά
818 1379 979 1448 μόνον
1007 1379 1070 1432 τὸ
1110 1373 1248 1442 εἶδος
1273 1392 1289 1408 ⁸
1324 1378 1417 1431 καὶ
1455 1377 1621 1431 πάλιν
1662 1378 1905 1445 ἀναμορ-

340 1471 593 1541 ιροῦνται,
623 1472 869 1542 κρεῖττον
900 1465 1040 1533 εἶδος
1072 1468 1442 1541 προσιεμένης
1475 1468 1574 1533 τῆς
1619 1469 1677 1521 ὲν
1723 1468 1907 1530 αὐτοῖς

336 1562 491 1635 ὕλης.
531 1583 551 1617 ι
591 1564 701 1617 Καὶ
762 1562 978 1632 γένεσιν
1036 1561 1135 1634 μὲν
1182 1563 1391 1631 κόσμου
1444 1562 1540 1614 καὶ
1594 1560 1740 1615 οὗτοί
1776 1576 1907 1629 φασι

338 1657 480 1712 κατά
502 1673 562 1710 τε
612 1656 744 1725 ῦλην
790 1659 882 1708 καὶ
920 1650 1080 1717 εἶδος,
1117 1654 1322 1723 φοοράν
1373 1653 1430 1708 δὲ
1461 1653 1626 1707 αὑτοῦ
1677 1652 1819 1715 κατά
1848 1653 1909 1706 τὺ

337 1747 475 1811 εἶδος
520 1748 701 1818 μόνον,
733 1747 794 1801 οὐ
846 1745 953 1818 μὴν
1005 1747 1101 1801 καὶ
1135 1746 1276 1800 κατὰ
1322 1747 1422 1816 τὴν
1467 1746 1599 1811 ὓλην
1651 1747 1903 1817 πάσχειν.

2009 544 2169 613 longe
2210 545 2613 613 praestantiora,
2653 542 3104 611 incorruptibilia
3143 552 3199 598 et
3228 544 3588 614 sempiterna,

2010 648 2042 686 a
2098 633 2207 687 Deo
2284 634 2620 687 conduntur.
2670 651 2689 684 ι
2752 631 2833 686 Ad
2886 631 3004 687 ltarc
3059 637 3590 692 consummationem

2010 725 2128 780 sive
2181 723 2469 779 interitum
2511 723 2751 778 visibilis
2799 724 2964 795 hujus
3012 726 3225 787 mundi,
3257 741 3323 780 ac
3367 742 3590 781 rursum

2011 816 2138 871 novi
2197 815 2390 870 mundi
2442 816 2780 871 creationem
2836 816 3103 882 alteram,
3148 821 3366 875 asserit.
3423 820 3589 891 873

2011 906 2215 963 Statuit
2266 908 2433 962 etiam
2493 917 2836 962 mortuorum
2902 908 3367 963 resurrectionem
3433 926 3589 970 esse.

2014 997 2364 1053 rationalium
2413 998 2670 1053 videlicet
2717 998 3025 1052 animarum
3064 1015 3191 1055 cum
3239 1001 3589 1071 corruptibili

2010 1101 2247 1156 corpore
2274 1085 2716 1142 indissolubilem
2748 1086 3031 1142 unionem.
3061 1087 3273 1154 Quibus
3301 1091 3591 1145 sententiis

2012 1179 2260 1234 renitens
2286 1178 2503 1243 Conon,
2530 1178 2708 1246 ipsum
2730 1179 2886 1249 juxta
2908 1191 2966 1235 et
2994 1180 3408 1237 lucubrationes
3448 1183 3587 1253 ejus,

2010 1270 2174 1325 sicuti
2223 1287 2252 1325 a
2306 1270 2680 1337 me.dicetur,
2740 1272 2961 1343 rejeeit;
2994 1274 3249 1342 quamvis
3296 1290 3390 1330 eas
3430 1286 3590 1329 antea

2011 1365 2305 1432 receperit.
2341 1382 2360 1416 ι
2396 1364 2587 1419 Conon
2637 1365 2756 1434 ipse
2804 1379 3039 1435 corpora
3074 1367 3214 1422 dixit
3255 1382 3365 1422 non
3398 1382 3593 1423 secun-

2009 1453 2141 1509 dum
2173 1456 2480 1521 materiam,
2508 1455 2604 1511 sed
2634 1464 2844 1511 tantum
2867 1459 3024 1528 juxta
3054 1458 3290 1514 formam
3315 1459 3591 1526 occidere,

2009 1562 2186 1617 caque
2225 1548 2408 1602 denuo
2450 1547 2810 1612 conformari,
2845 1551 3302 1619 praestabiliorem
3351 1554 3592 1622 speciem

2012 1639 2241 1694 materia
2281 1640 2399 1709 ipsa
2437 1641 2758 1711 recipiente.
2797 1641 2987 1699 Mundi
3034 1643 3129 1700 ille
3161 1661 3384 1716 quoque
3426 1662 3586 1701 creao

2013 1731 2218 1787 tionem
2247 1733 2402 1804 juxta
2454 1734 2741 1789 materiam
2784 1746 2840 1790 et
2884 1736 3138 1797 fortnam.
3174 1739 3458 1793 interitum
3493 1754 3593 1792 au-

346 1810 653 1911 Ὀρίζόνται
678 1810 734 1893 δὲ
765 1810 860 1892 καί
886 1810 1186 1893 ἀνάστασιν
1221 1810 1634 1908 εῖναι-νεκρῶν,
1663 1810 1905 1907 τὴν1Ἷτοῦ

2015 1835 2121 1882 tem
2165 1826 2416 1895 ejusdem
2458 1826 2607 1894 iuxta
2658 1830 2889 1883 formam
2930 1830 3310 1896 solummodo,
3347 1849 3454 1885 non
3498 1848 3594 1886 ους
3654 1870 3659 1879 .

340 1932 592 2002 σώματος
622 1931 813 1984 τούτου
853 1930 990 2001 πρὸς
1014 1929 1114 2001 τὴν
1148 1929 1374 2001 λογικὴν
1407 1929 1587 2002 ψυχὴν
1620 1929 1812 1984 ἕνωσιν
1843 1932 1908 1985 ἁ-

335 2021 608 2076 διάλυτον.
650 2020 710 2073 Ὀ
730 2018 788 2072 δὲ
808 2019 1102 2082 Φιλόπονος
1131 2018 1272 2088 πρὸς
1318 2022 1433 2082 τοῖς
1479 2019 1791 2090 εἰρημένοις
1812 2024 1909 2073 καὶ

337 2112 513 2167 ταῦτα
532 2113 829 2182 φιλοσοφεῖ,
868 2111 900 2182 ἢ
926 2109 987 2163 τό
1016 2126 1080 2178 γε
1128 2109 1497 2182 ἀληθέστερον
1545 2111 1745 2177 εἰπεῖν,
1772 2111 1910 2182 φλη-

342 2209 538 2276 ναφεϊ·
577 2225 597 2259 ι
636 2205 847 2262 Οὐκοῦν
881 2204 1087 2275 ἑκάστη
1113 2205 1278 2273 φύσις
1304 2205 1366 2257 ού
1403 2203 1655 2275 μοναχῶς
1686 2204 1908 2273 λέγεται

341 2300 484 2355 τοῦθ’
511 2301 650 2372 ὅπερ
677 2300 849 2365 ἐστὶν,
877 2299 1015 2353 ἀλλά
1039 2298 1202 2370 διχῶς
1225 2315 1241 2329 ο
1270 2296 1396 2352 καθ’
1430 2298 1527 2351 ἕνα
1557 2298 1661 2367 μὲν
1685 2299 1908 2369 τρόπον,

337 2394 463 2449 ὃταν
517 2394 609 2448 τὸν
641 2392 825 2447 κοινὸν
858 2393 1098 2464 ἑκάστης
1150 2393 1368 2461 φύσεως
1413 2390 1576 2458 λόγον
1633 2391 1795 2445 αὐτὸν
1822 2393 1909 2463 ἐφ’

341 2484 535 2539 ἑαυτοῦ
561 2484 880 2555 θεωρῶμεν,
915 2473 1028 2538 οἷον
1059 2484 1156 2555 τὴν
1188 2483 1482 2554 ἀνθρώπου
1521 2486 1706 2553 φύσιν,
1746 2485 1778 2556 ἢ
1809 2486 1909 2555 τὴν

339 2577 505 2631 limo
532 2577 591 2630 ὲν
616 2576 793 2630 οὖδενὶ
845 2575 953 2630 τῶν
1010 2576 1230 2647 ἀτόμων
1277 2578 1573 2649 γινομένην
1600 2594 1614 2608 ·
1662 2599 1681 2633 ι
1717 2580 1910 2650 ἑτέραν

338 2671 395 2727 δὲ
419 2672 548 2727 ὅταν
578 2669 753 2742 αὐτὴν
796 2669 862 2740 δὴ
909 2668 1116 2739 ταύτην
1142 2668 1241 2740 τὴν
1287 2670 1475 2738 κοινὴν
1503 2670 1670 2740 φύσιν
1711 2673 1771 2726 ἐν
1797 2674 1909 2735 τοῖς

339 2764 562 2833 ἀτόμοις
599 2761 894 2833 γινομένην
939 2761 1269 2832 κατίδωμεν,
1306 2762 1400 2814 καὶ
1434 2764 1821 2834 μερικωτάτην
1851 2766 1911 2819 ἐν

340 2858 553 2928 ἑκάστῳ
583 2855 768 2910 αὐτῶν
810 2853 1198 2924 λαμϐάνουσαν
1250 2852 1528 2924 ὕπαρξιν·
1579 2856 1675 2908 καὶ
1733 2856 1910 2909 οὐδενὶ

341 2953 485 3024 amp
526 2950 665 3022 πλὴν
699 2948 890 3020 ἐκείνῳ
919 2949 1014 3002 καὶ
1053 2948 1201 3018 μόνῳ
1227 2947 1414 3000 λοιπὸν
1460 2947 1905 3017 ὲφαρμόζουσαν.

343 3046 416 3099 Τδ
446 3044 554 3116 γὰρ
582 3046 641 3098 ὲν
670 3042 792 3113 ἐμοὶ
819 3040 959 3107 ζῶον
985 3040 1203 3109 λογικὸν
1229 3038 1427 3110 θνητδν
1459 3040 1640 3095 οὐδενὶ
1686 3041 1794 3094 τῶν
1817 3039 1910 3094 άλ-

344 3139 450 3193 λων
475 3136 780 3206 ἀνθρώπων
807 3135 925 3189 ἐστὶ
954 3134 1156 3200 κοινὸν,
1183 3131 1304 3186 οὐδὲ
1334 3134 1365 3202 ή
1409 3134 1464 3186 ἐν
1490 3132 1625 3203 τῷδε
1651 3132 1745 3187 τοῦ
1770 3132 1910 3199 ζῶου

344 3231 503 3300 φύσις
529 3231 588 3282 ὲν
618 3228 766 3299 ἄλλῳ
798 3228 904 3281 τινὶ
958 3224 1156 3294 γένοιτ’
1203 3228 1289 3280 ἄν.
1320 3225 1443 3279 Ὅτι
1485 3226 1545 3279 δὲ
1575 3225 1780 3291 ταύτας
1813 3229 1909 3295 τὰς

345 3321 548 3383 ἑννοίας
581 3319 713 3390 περί
752 3335 812 3371 τε
849 3317 1066 3386 φύσεων
1097 3316 1212 3386 ἔχει
1240 3319 1336 3371 καὶ
1362 3316 1721 3371 ύποστάσεων
1749 3321 1782 3388 ἡ
1813 3321 1911 3389 τῆς

356 3411 673 3481 Ἑκκλησῐας
711 3408 1052 3470 διδασκαλία,
1080 3407 1242 3477 δῆλον
1274 3410 1332 3475 ἐξ
1355 3401 1431 3462 ὧν
1464 3408 1565 3478 μὲν
1608 3408 1773 3477 φύσιν
1807 3410 1915 3463 Πα-

340 3500 466 3571 τρός
486 3517 544 3552 τε
564 3498 660 3551 καὶ
682 3495 814 3551 Υῑοῦ
842 3499 937 3550 καὶ
962 3497 1120 3565 ἁγίου
1146 3495 1465 3565 Πνεύμχτος
1493 3495 1875 3566 ὁμολογοῦμεν
1893 3511 1907 3525 ’

338 3591 569 3662 τρεῖςδὲ
600 3592 696 3653 τὰς
751 3589 959 3643 τούτων
1014 3589 1346 3650 ὑποστάσεις
1400 3588 1583 3643 εἴτουν
1644 3589 1912 3660 πρόσωπα

338 3684 740 3754 δογματίζομεν
762 3699 779 3716 ·
813 3680 936 3735 καθ’
970 3680 1036 3743 ἀς
1061 3679 1294 3733 ἕκαστον
1322 3679 1549 3749 ίδιότητί
1573 3698 1681 3734 τινι
1713 3684 1776 3736 ὲκ
1804 3682 1914 3736 τῶν

341 3775 539 3829 λοιπῶν
566 3772 924 3844 διακρίνεται.
957 3772 1054 3836 Τίς
1084 3773 1195 3841 γὰρ
1231 3771 1295 3827 ἀν
1328 3772 1415 3843 είη
1467 3772 1630 3840 φύσις
1658 3773 1759 3843 μία
1796 3773 1915 3826 θεὸρ

340 3886 499 3941 τητος
544 3868 632 3940 ἢὸ
679 3866 858 3930 κοινὸς
915 3864 1017 3929 τῆς
1076 3865 1229 3927 θείας
1283 3863 1503 3934 φύσεως
1549 3865 1708 3933 λόγος
1747 3867 1913 3930 αὐτὸς

341 3961 463 4017 καθ’
496 3961 688 4018 ἑαυτὸν
720 3959 1120 4030 θεωρούμενος,
1149 3960 1247 4011 κιὶ
1280 3959 1347 4027 τῇ
1396 3957 1527 4028 ψιλῇ
1556 3957 1775 4030 ἐπινοίᾳ
1814 3961 1914 4028 τῆς

341 4055 569 4109 ἑκάστου
602 4053 860 4123 ἰδιότητος
889 4051 1291 4121 κεχωρισμένος
1314 4069 1333 4121 ;
1360 4050 1483 4105 Ὅτι
1510 4068 1568 4103 τε
1602 4051 1914 4121 ἰδικώτερον

340 4149 502 4203 πάλιν
529 4147 590 4201 τὸ
624 4147 725 4216 τῆς
751 4144 965 4214 φύσεως
1002 4148 1354 4212 γινώσκομεν
1382 4131 1578 4213 ὅνομοί,
1610 4147 1702 4198 τὸν
1734 4147 1913 4198 κοινὸν

339 4242 497 4311 λόγον
520 4241 616 4311 τῆς
651 4239 867 4309 φύσεως
913 4239 1000 4305 ἐφ’
1032 4238 1267 4290 ἑκάστου
1316 4239 1425 4290 τῶν
1461 4240 1705 4307 ἀτόμων,
1743 4239 1913 4308 ἤγουν

340 4334 450 4389 τῶν
473 4332 848 4398 ὑποστάσεων,
877 4331 1117 4401 ἑκάστης
1154 4331 1285 4384 ἴδιον
1316 4332 1603 4403 γινόμενον
1644 4332 1915 4405 θεωροῦν-

341 4442 471 4495 τες·
522 4430 618 4481 κα)⁵
671 4425 848 4479 οὐδενὶ
904 4424 1094 4478 λοιπὸν
1141 4425 1315 4495 ἑτέρῳ
1352 4424 1458 4482 τῶν
1486 4425 1593 4480 ὑπὸ
1643 4427 1705 4481 τὸ
1736 4427 1915 4480 κοινὸν

2014 1927 2122 1974 tem
2156 1919 2463 1974 secundum
2498 1920 2814 1985 materiam,
2848 1920 2989 1976 ferre
3024 1922 3181 1978 dicit.
3215 1923 3595 1980 Resurrectio-

2011 2024 2136 2064 nem
2187 2025 2320 2065 vero
2371 2019 2718 2065 mortuorum
2772 2027 2895 2069 esse
2947 2014 3200 2085 corporis
3253 2013 3415 2071 istius
3466 2029 3592 2069 cum

2011 2101 2195 2155 anima
2225 2100 2481 2156 rationali
2506 2101 2769 2157 unionem
2797 2102 3239 2159 iudissoluhilem
3266 2104 3538 2160 decernit.
3567 2124 3585 2156 ι

2011 2194 2311 2251 Enimvero
2362 2194 2727 2265 Philoponus,
2783 2206 2983 2267 praeter
3036 2213 3100 2252 ea
3148 2213 3272 2267 qua:
3317 2197 3590 2263 diximus,

2013 2290 2129 2344 haec
2162 2303 2383 2359 quoque
2430 2289 2854 2361 philosophatur
2887 2309 2901 2346 :
2936 2308 3031 2348 seu
3072 2293 3277 2362 potius,
3317 2303 3378 2349 ut
3408 2297 3594 2350 verius

2012 2381 2229 2445 dicam,
2280 2392 2565 2453 nugatur:
2613 2402 2633 2436 ι
2675 2385 2865 2454 Itaque
2922 2396 3117 2441 natura
3170 2388 3430 2456 quaelibet
3484 2406 3593 2444 non

2012 2474 2362 2544 simpliciter,
2404 2475 2459 2530 id
2505 2477 2652 2546 quod
2697 2488 2819 2545 est,
2860 2477 3085 2542 dicitur,
3127 2478 3223 2535 sed
3276 2481 3592 2552 duplicitrr.

2013 2565 2134 2622 Uno
2168 2565 2316 2620 enim
2361 2566 2546 2632 modo,
2583 2582 2710 2622 cum
2754 2583 3102 2641 communem
3155 2572 3453 2641 cujuslibet
3500 2591 3597 2628 na-

2016 2668 2151 2712 turae
2189 2658 2459 2712 rationem
2495 2658 2669 2729 ipsam
2701 2674 2801 2730 per
2830 2662 3068 2731 seipsatn
3101 2665 3543 2734 contemplatnur
3578 2685 3592 2720 :

2014 2754 2184 2809 veluti
2227 2755 2471 2811 hominis
2511 2766 2605 2811 aut
2640 2756 2768 2826 equi
2804 2768 3081 2824 naturam,
3116 2763 3173 2816 in
3207 2763 3359 2818 nullo
3394 2764 3595 2819 indivi.

2014 2847 2251 2901 duorum
2300 2857 2633 2905 exstantem.
2669 2868 2688 2902 ι
2726 2849 2852 2904 Alio
2902 2867 3032 2907 vero
3077 2853 3262 2919 modo,
3299 2869 3424 2909 eum
3473 2871 3594 2910 eam

2014 2937 2192 3009 ipsam
2229 2953 2580 2995 communem
2614 2950 2867 2996 naturam
2904 2943 2959 2997 in
2994 2944 3295 2999 individuis
3323 2945 3597 3002 exsisten-

2018 3043 2152 3094 tem.
2189 3041 2247 3087 et
2292 3034 2684 3103 particularem
2731 3037 2971 3090 maxime
3020 3036 3075 3091 in
3121 3040 3371 3108 quolibet
3405 3057 3593 3098 eorum

2016 3126 2436 3207 subsiste’ntiam
2492 3129 2888 3198 recipientem,
2939 3146 3119 3202 neque
3172 3135 3411 3205 cuipiam
3463 3137 3594 3201 alii,

2014 3227 2383 3291 praeterquam
2419 3219 2494 3275 illi
2536 3220 2637 3291 ipsi
2675 3222 2777 3276 soli
2814 3224 2883 3278 de
2918 3233 3121 3279 cretcro
3145 3229 3593 3293 convenientem,

2015 3311 2454 3367 consideramus.
2491 3312 2650 3379 Quod
2686 3330 2922 3386 namque
2954 3317 3007 3371 in
3040 3332 3127 3372 me
3156 3326 3240 3373 est
3269 3320 3473 3375 animal
3506 3337 3598 3376 ra-

2018 3405 2221 3460 tionale
2263 3415 2319 3460 et
2365 3407 2619 3472 mortale,
2654 3406 2804 3461 nulli
2830 3409 3172 3481 reliquorum
3209 3412 3420 3469 homini
3451 3430 3599 3469 com-

2016 3511 2182 3550 mune
2220 3508 2323 3552 est.
2362 3497 2553 3567 Neque
2600 3513 2723 3568 qua:
2768 3499 2824 3554 itt
2874 3500 2979 3555 hoc
3022 3501 3141 3571 ipso
3189 3504 3471 3560 animante
3516 3518 3598 3561 est

2014 3598 2248 3653 natura,
2305 3589 2358 3642 in
2408 3589 2517 3644 alio
2565 3591 2827 3661 quopiam
2878 3592 3068 3647 fuerit.
3111 3593 3267 3660 Quod
3314 3612 3446 3651 vero
3500 3598 3598 3653 has

2016 3678 2162 3752 ipsas
2196 3684 2457 3738 notiones
2489 3684 2559 3740 de
2592 3684 2805 3739 naturis
2833 3694 2891 3739 et
2924 3687 3303 3744 subsistentiis
3335 3689 3598 3745 Ecclesiae

2016 3776 2266 3832 doctrina
2312 3777 2541 3842 habeat,
2595 3793 2663 3833 ex
2713 3794 2780 3833 eo
2828 3787 3089 3847 constat,
3142 3780 3289 3850 quod
3342 3793 3596 3837 naturam

2015 3867 2240 3937 quidem
2288 3868 2468 3923 Patris
2505 3877 2560 3922 et
2604 3868 2727 3923 Filii
2776 3878 2835 3924 et
2882 3869 3124 3939 Spiritus
3158 3872 3335 3927 sancti
3374 3874 3598 3943 proﬁte—

2020 3975 2166 4025 mur,
2193 3969 2306 4015 tres
2326 3969 2509 4014 autetn
2537 3960 2737 4014 horum
2763 3960 3152 4017 subsistentias
3183 3964 3299 4018 sive
3331 3980 3598 4034 personas

2015 4049 2404 4120 praedicamus,
2429 4066 2526 4120 per
2545 4064 2683 4120 quas
2703 4051 2964 4121 qumlibet
2990 4054 3329 4123 proprietate
3355 4056 3593 4126 quadam

2016 4157 2047 4195 a
2086 4142 2312 4213 reliquis
2344 4142 2708 4199 discernitur.
2744 4144 3007 4210 Qutenam
3049 4147 3257 4201 etenim
3295 4151 3366 4203 sit
3397 4159 3596 4204 natura

2019 4250 2126 4289 una
2174 4235 2518 4300 divinitatis,
2564 4253 2728 4305 quam
2776 4239 3093 4294 communis
3138 4240 3339 4295 divina:
3387 4246 3601 4299 naturae

2017 4326 2335 4397 ratio,’ipsa
2376 4342 2473 4397 per
2506 4328 2742 4399 seipsant
2777 4332 3146 4399 considerata,
3179 4342 3236 4387 et
3277 4335 3425 4390 nuda
3461 4352 3602 4391 con-

2021 4418 2377 4487 templatione
2433 4436 2462 4473 a
2509 4423 2850 4491 proprietate
2894 4423 3165 4494 cujusque
3213 4426 3492 4483 discreta?
3539 4430 3605 4485 Et

342 4517 485 4585 εἶδος
534 4520 874 4590 ἐφαρμόζειν
927 4517 1249 4588 δυνάμενον,
1282 4518 1488 4590 δηλαδὴ
1547 4519 1711 4573 πάλιν
1742 4519 1802 4587 ἐξ
1838 4516 1911 4573 ὦν

2020 4508 2170 4580 quod
2223 4510 2447 4583 proprie
2484 4523 2543 4567 et
2574 4512 2934 4583 peculiariter
2976 4532 3197 4571 rursum
3248 4528 3462 4574 natura:
3506 4536 3606 4575 no-

341 4616 436 4669 ὲπὶ
466 4610 705 4684 Χριστοῦ
733 4610 826 4665 δύο
881 4608 1098 4677 φύσεων
1128 4608 1323 4662 ἕνωσιν
1358 4608 1739 4681 πρεσϐεύομεν
1761 4627 1775 4641 ο
1813 4613 1914 4682 τῆς

343 4707 614 4778 θεότητος,
650 4703 818 4774 φημὶ,
855 4703 1075 4773 καὶτῆς
1119 4702 1572 4774 ἀνθρωπότητος.
1607 4703 1683 4757 Οὐ
1715 4705 1825 4775 γὰρ
1851 4703 1915 4774 δὴ

340 4795 439 4865 τὴν
467 4793 648 4865 κοινὴν
682 4792 776 4844 ἐπὶ
816 4789 916 4860 τῆς
951 4789 1116 4859 ἁγίας
1164 4789 1399 4859 Τριάδος
1450 4791 1755 4863 νοουμένην
1798 4791 1915 4845 θεό-

340 4901 479 4956 τητα
516 4880 903 4954 σεσαρκῶσθαί
938 4898 1123 4953 φαμεν
1147 4897 1161 4913 ·
1216 4880 1362 4934 οὕτω
1396 4882 1506 4952 γάρ
1543 4882 1610 4936 ἂν
1661 4882 1761 4937 καὶ
1817 4882 1919 4952 τὴν

344 4976 754 5048 ὲνανθρώπησιν
778 4973 871 5027 τοῦ
903 4973 1059 5042 ἁγίου
1093 4973 1415 5044 Πνεύματος
1440 4975 1915 5044 κατηγοροίημεν.

358 5071 496 5126 Ἀλλ’
521 5069 643 5124 οὐδὲ
668 5072 761 5122 τὸν
788 5066 970 5125 κοινὸν
994 5067 1091 5138 τῆς
1125 5066 1479 5137 ἀνθρωπίνης
1512 5065 1730 5136 φύσεως
1756 5066 1918 5135 λόγον

342 5164 585 5241 ἡνῶσθαι
614 5160 693 5232 τῷ
738 5160 858 5231 Θεῷ
890 5161 1051 5231 Λόγῳ
1084 5159 1402 5230 διξάςομεν.
1460 5156 1622 5214 Οὕτω
1682 5162 1793 5231 γάρ
1849 5160 1917 5212 ἂν

346 5254 507 5308 πάλιν
528 5249 627 5306 καὶ
649 5249 765 5310 τοῖς
795 5247 901 5317 πρὸ
925 5248 1021 5302 τοῦ
1044 5247 1222 5316 Λόγου
1256 5248 1553 5319 ἐπιδημίας
1597 5247 1918 5317 γενομένοις

342 5345 674 5417 ἀνθρώποις,
707 5339 948 5398 καὶτοῖς
1002 5340 1119 5411 μετ’
1164 5340 1338 5405 αὐτὴν
1381 5341 1668 5408 ἐσομένοις
1709 5339 1919 5393 ἆπασιν

342 5437 582 5509 ἡνῶσθαι
612 5437 680 5490 ἂν
699 5436 728 5487 ό
750 5432 843 5486 τοῦ
879 5431 1015 5486 Θεοῦ
1039 5433 1206 5501 Λόγος
1239 5432 1464 5498 δικαίως
1493 5433 1737 5502 ἐλέγετο.
1756 5433 1920 5490 una:

340 5532 498 5600 δῆλον
540 5530 625 5583 ὅτι
655 5526 816 5596 φύσιν
851 5526 1104 5595 θεότητος
1136 5525 1373 5580 ἐνταῦθὰ
1404 5542 1588 5597 φαμεν
1617 5524 1718 5598 τὴν
1761 5527 1824 5580 ἐν
1850 5530 1918 5599 τῇ

344 5623 642 5676 ὑποστάσει
684 5618 779 5673 τοῦ
823 5618 999 5686 Λόγου
1047 5620 1142 5688 τῆς
1199 5618 1391 5688 κοινῆς
1424 5616 1683 5690 θεότητος
1730 5618 1917 5688 φύσιν.

344 5716 510 5771 Ὀθεν
545 5714 641 5767 καὶ
668 5713 800 5783 μίαν
834 5710 997 5779 φύσιν
1026 5709 1119 5763 τοῦ
1148 5711 1284 5763 Θεοῦ
1332 5712 1512 5781 Λόγρυ
1551 5711 1920 5782 σεσαρκωμέ-

344 5829 441 5883 νην
479 5806 877 5880 όμο).ο;οῦμεν,
932 5805 1118 5875 σαφῶς
1175 5807 1566 5874 ἀποκρίνοντες
1616 5809 1786 5878 αὐτὴν
1822 5808 1916 5863 τοῦ

699 5903 948 5965 ΡΑτιιοι,
1000 5901 1109 5961 G'a.
1166 5900 1444 5963 CXLVII.

2023 4618 2150 4679 men
2178 4603 2617 4671 consideremus,
2650 4605 2782 4660 dum
2819 4608 3091 4663 rationem
3134 4621 3346 4666 natura:
3378 4611 3432 4666 itt
3468 4628 3607 4682 quo-

2018 4696 2155 4751 libet
2190 4696 2605 4754 individuorum
2649 4700 2766 4755 sive
2811 4700 3300 4757 subsistentiarum
3350 4718 3605 4759 commu-

2022 4804 2171 4855 nem,
2195 4792 2475 4859 pr0priam
2500 4800 2666 4862 atque
2689 4793 3023 4862 peculiarem
3049 4795 3348 4865 cujuslibet
3380 4796 3602 4863 factam,

2019 4896 2144 4949 qua:
2173 4881 2313 4936 nulli
2342 4881 2605 4952 deinceps
2637 4883 2752 4948 alii,
2781 4884 2927 4952 quod
2960 4884 3064 4939 sub
3094 4898 3448 4939 communem
3482 4901 3607 4954 spe»-

2022 4975 2165 5029 ciem
2204 4975 2389 5039 cadat,
2430 4979 2675 5045 coaptari
2717 4975 2912 5045 possit,
2943 4976 3408 5045 contemplamur,
3439 4991 3504 5032 ex
3537 4994 3605 5033 eo

2023 5075 2195 5136 patet,
2243 5068 2392 5137 quod
2447 5068 2501 5122 in
2545 5067 2762 5122 duabus
2802 5066 3006 5122 Christi
3059 5062 3296 5133 nal'uris,
3340 5069 3605 5124 unionem

2021 5160 2355 5226 divinitatis,
2380 5160 2627 5231 inquam,
2653 5172 2711 5215 et
2740 5160 3101 5215 humanitatis
3128 5162 3416 5215 docemus.
3441 5161 3633 5233 874-

2022 5254 2142 5308 Non
2187 5254 2336 5307 enim
2383 5268 2760 5316 communem,
2802 5268 2965 5322 quam
3015 5253 3071 5309 in
3114 5261 3300 5309 sancta
3339 5254 3609 5310 Trinitate

2021 5344 2440 5400 consideramus
2493 5344 2869 5407 divinitatem,
2909 5346 3250 5401 incarnatam
3294 5363 3423 5402 esse
3470 5349 3610 5402 dit-i-

2023 5450 2147 5490 mus
2174 5451 2187 5488 ;
2219 5433 2302 5490 sic
2331 5432 2538 5489 etenim
2573 5442 2629 5487 et
2657 5432 2837 5489 Patris
2865 5444 2923 5488 et
2952 5433 3193 5503 Spiritus
3216 5435 3391 5492 sancti
3422 5437 3606 5492 incar-

2022 5527 2302 5584 nationem
2337 5526 2863 5597 praedicaveritnus;
2900 5527 2996 5582 sed
3035 5543 3215 5597 neque
3258 5544 3607 5586 communem

2022 5620 2278 5674 humanae
2310 5630 2519 5674 natura:
2559 5619 2831 5674 ra'ionetn
2874 5621 3082 5675 unitam
3122 5634 3245 5676 esse
3278 5621 3390 5676 Deo
3427 5622 3609 5677 Verbo

2022 5713 2341 5784 opinamur.
2397 5712 2477 5767 Eo
2528 5728 2763 5782 namque
2808 5722 2991 5783 pacto,
3036 5721 3092 5768 et
3139 5714 3235 5783 qui
3276 5722 3402 5767 ante
3445 5713 3609 5767 Verbi

2023 5807 2327 5862 adventum
2369 5806 2726 5873 exstiterunt,
2760 5812 2816 5860 et
2850 5806 2942 5875 qui
2988 5814 3173 5875 postea
3224 5805 3394 5857 futuri
3430 5814 3609 5871 erant.

3237 5898 3308 5958 1's
