4084 6508
445 367 543 429 427

1686 361 2112 426 NlCEPlIORI
2153 359 2500 422 CALLISTI

3626 348 3731 414 423

446 482 767 540 hominibus
831 481 1128 548 omnibus,
1189 482 1406 535 unitum
1465 496 1590 539 esse
1645 482 1743 536 Dei
1798 481 2037 536 Verbum

2168 493 2205 528 :e
2264 475 2480 545 Πατρὸς
2539 473 2636 528 καὶ
2672 469 2770 526 τοῦ
2802 472 2960 542 ἁγίου
3003 471 3365 540 Πνεύματος·
3395 470 3538 526 ὥστε
3593 471 3728 523 καν-

448 591 600 632 reete
631 576 868 631 dicatur.
902 574 1174 630 Czeterum
1204 573 1338 628 satis
1367 573 1563 644 liquet,
1589 589 1690 630 nos
1720 573 1812 629 hic
1834 568 2037 628 divini-

453 669 584 724 tatis
617 679 869 722 naturam
905 667 1092 722 dicere
1131 683 1252 721 eam
1288 682 1410 736 qua:
1454 678 1541 722 est
1579 667 1632 721 in
1681 663 2039 721 subsistentia

437 762 644 826 Verbi,
688 778 796 815 non
832 761 1146 815 communis
1177 759 1485 815 divinitatis
1519 768 1798 813 naturam.
1849 756 2040 825 Itaque

448 854 615 910 etiam
664 869 831 907 unam
877 861 1129 906 naturam
1174 849 1266 906 Dei
1317 849 1484 905 Verbi
1531 851 1870 904 incarnatam
1915 861 2039 901 esse

448 949 798 1017 proﬁtemur,
835 944 1043 999 diserte
1088 959 1210 997 eam
1244 959 1273 997 a
1313 943 1474 997 Patre
1506 950 1562 996 et
1595 939 1804 1009 Spiritu
1848 945 2043 994 sancto

434 1051 852 1094 secerncntes:
893 1039 967 1092 ita
1023 1047 1083 1092 ut
1134 1036 1226 1090 hic
1268 1049 1491 1106 quoque
1535 1048 1889 1088 communem
1938 1047 2042 1085 na-

2147 566 2328 622 ταῦθα
2370 565 2463 620 τὸν
2507 566 2691 620 κοινὸν
2716 566 2816 638 τῆς
2861 566 3080 633 φύσεως
3107 566 3268 633 λόγον
3302 564 3432 618 ἴδιον
3463 564 3559 617 τοῦ
3591 563 3728 619 Θεοῦ

2146 662 2324 726 Λόγου
2376 659 2720 728 νενοηκότες.
2770 658 3160 730 σεσαρκῶσθαί
3191 673 3377 728 φαμεν
3402 656 3500 711 τοῦ
3549 659 3729 728 Λόγου

2145 752 2244 824 τὴν
2275 750 2439 821 φύσιν
2463 766 2479 781 ⁸
2511 753 2609 806 καὶ
2640 751 2803 820 φύσιν
2829 751 2992 805 πάλιν
3019 750 3448 822 ἀνθρωπότητος
3476 749 3735 816 λέγοντες

2147 846 2394 918 ήνῶσθαι
2421 843 2500 916 τῷ
2531 845 2714 915 Λόγῳ,
2744 843 2844 914 τὴν
2882 845 3274 914 μερικωτάτην
3301 843 3522 913 ἐκείνην
3553 839 3734 910 ὕπαρ-

2150 938 2256 1004 ξιν,
2289 939 2355 1008 ἢν
2388 938 2560 1008 μόνην
2605 937 2672 990 ὲκ
2718 935 2911 991 πασῶν
2941 939 2970 992 6
2998 936 3174 1004 Λόγος
3210 935 3576 1005 προσείληφε,
3616 934 3740 1002 δογ-

2154 1032 2477 1102 ματίζομεν.

453 1146 590 1188 tune
662 1135 958 1199 rationem,
1022 1132 1304 1203 propriam
1350 1133 1461 1203 jam
1512 1129 1607 1185 Dei
1682 1129 1847 1185 Verbi
1923 1142 2044 1183 esse
2101 1129 2493 1200 intelligentes,
2550 1126 2718 1184 Verbi
2768 1138 3021 1182 naturam
3077 1125 3414 1181 incarnatam
3466 1123 3736 1178 dicamus.

450 1227 520 1284 Et
557 1237 812 1282 naturam
851 1226 1043 1281 itidem
1088 1225 1456 1279 humanitatis
1489 1225 1699 1279 unitam
1733 1221 1914 1276 Verbo
1990 1221 2267 1291 dicentes,
2338 1223 2734 1294 particularem
2779 1220 3018 1276 maxime
3090 1219 3238 1274 illam
3303 1216 3738 1284 subsistentiam,

455 1337 623 1390 quam
661 1323 832 1376 solam
870 1337 934 1376 ex
973 1321 1247 1374 omnibus.
1271 1317 1513 1372 Verbum
1551 1318 1872 1387 assumpsit,
1909 1315 2198 1391 sentimus.

1006 1461 1237 1517 CAPUT
1278 1459 1514 1516 XLVIII.

460 1581 732 1637 l’rwlerea
766 1580 829 1632 de
865 1577 1051 1633 haeresi
1100 1574 1150 1630 Μ
1163 1575 1804 1646 οιιορΙιῃδὶιατιιγηκᾳαοᾴ
1821 1589 1884 1626 ea
1918 1575 2046 1628 insi-

533 1655 675 1706 diose
693 1655 980 1704 admoalum
1021 1657 1068 1701 et
1087 1644 1378 1717 periculose
1394 1648 1458 1699 de
1494 1644 1588 1698 Dei
1613 1645 1759 1699 Verbi
1789 1644 2015 1699 incarna

529 1725 671 1776 tione
701 1725 979 1790 opinatur.

536 1838 641 1893 Sed
679 1837 1020 1906 I’hiloponus
1053 1848 1178 1890 cum
1212 1833 1586 1889 sectatoribus
1629 1833 1766 1900 suis,
1799 1846 2051 1887 commu-
2082 1867 2129 1928 Β

460 1946 588 1984 nem
621 1930 919 1984 humanam
952 1935 1235 1991 naturam,
1267 1925 1556 1996 ipsamque
1583 1925 1748 1979 etiam
1781 1923 2053 1986 divinam,

459 2039 626 2092 quam
677 2019 1075 2075 indivisibilem
1119 2018 1379 2084 dicimus,
1416 2017 1471 2071 in
1516 2016 1788 2087 plurimas
1822 2016 2058 2086 partitur

461 2129 753 2185 personas,
776 2114 1106 2167 discernens
1140 2125 1285 2176 eam,
1311 2117 1368 2164 et
1400 2109 1722 2178 singulatim
1755 2108 2059 2164 individuis

465 2206 737 2271 tribuens,
775 2213 829 2258 et
865 2203 1044 2258 tribus
1083 2200 1641 2272 supersubstantialis
1674 2209 1889 2256 natura:
1923 2199 2059 2256 sub-

463 2298 739 2355 sistentiis
784 2296 1143 2363 dispertiens.
1190 2292 1250 2348 Id
1288 2309 1422 2347 vero
1459 2293 1643 2363 ipsum
1680 2308 1709 2346 a
1745 2303 1897 2348 recte
1928 2308 2056 2347 seu»

467 2390 738 2446 tientilms
797 2403 1030 2457 prorsus
1089 2394 1177 2440 est
1225 2384 1470 2440 alienum
1524 2404 1538 2439 :
1593 2382 2061 2454 quemadmodum

423 2551 426 2554 ξ
467 2483 573 2535 hoc
606 2495 836 2548 magnus
873 2478 927 2532 in
965 2478 1240 2548 theologia
1275 2477 1361 2530 vir
1390 2476 1696 2547 Gregorius
1753 2461 2064 2531 clarissime

469 2575 525 2628 in
579 2573 726 2626 libro
782 2570 850 2624 ad
909 2568 1204 2638 Evagrium
1258 2567 1593 2621 monachum
1648 2568 1715 2621 de
1770 2565 2064 2620 divinitate

469 2662 715 2731 scripto,
771 2659 991 2713 astruit.
1048 2658 1194 2724 Quin
1245 2658 1414 2713 etiam
1470 2666 1596 2728 post
1651 2655 1808 2710 illum
1858 2655 2062 2709 eruditi

467 2754 697 2824 quidam
744 2752 1021 2815 homines,
1063 2765 1130 2805 ea
1171 2765 1294 2819 quae
1337 2762 1628 2820 perperam
1678 2763 1708 2801 a
1754 2745 2066 2816 PhiIOpono

469 2844 685 2917 prolata
733 2853 900 2906 sunt.
955 2842 1302 2897 refellerent.
1367 2839 1433 2895 Et
1487 2855 1612 2894 cum
1665 2839 1919 2908 plerique
1971 2835 2065 2891 alii

469 2939 696 3010 scriptis
731 2939 849 2992 suis
879 2952 944 2992 ea
979 2943 1396 3006 oppugnarunt,
1433 2943 1546 2988 tum
1580 2931 1846 2986 Leontius
1877 2944 2068 2985 mona-

471 3035 614 3088 chus
665 3032 916 3086 onmimn
973 3029 1211 3083 maxime
1264 3027 1547 3098 egregium
1598 3026 1802 3080 lzhrmn
1845 3024 2068 3094 triginta

472 3125 718 3194 capitum
768 3134 960 3177 contra
1012 3122 1162 3175 illum
1220 3119 1586 3188 conscripsit,
1633 3135 1744 3187 quo
1797 3117 1959 3171 simul
2013 3125 2069 3169 ct

2719 1457 2971 1512 ΚΕΦΑΔ.
3023 1455 3166 1512 MII'.

2156 1577 2284 1630 Ἔτι
2315 1575 2448 1642 περὶ
2487 1571 2606 1627 τῶν
2629 1572 3096 1642 Μονοςρυσιτῶν,
3123 1573 3215 1627 ὅτι
3247 1573 3572 1643 σφαλερῶς
3603 1574 3740 1644 περὶ

2183 1646 2434 1730 τῆς-τοῦ
2461 1645 2613 1700 Θεοῦ
2643 1645 2845 1714 Λόγου
2871 1645 3237 1715 σαρκώσεως
3268 1644 3706 1715 δογματίζουσι.

2239 1825 2381 1879 Ἀλλ’
2411 1826 2439 1878 ό
2471 1824 2573 1894 μὲν
2605 1821 2902 1886 Φιλόπονος
2935 1821 3032 1874 καὶ
3065 1822 3182 1876 ὅσοι
3227 1820 3440 1876 ἐκείνου
3482 1821 3741 1895 σύμφρο-

2158 1937 2269 1984 νες,
2294 1918 2402 1989 τὴν,
2419 1917 2609 1981 κοινὴν
2639 1915 2993 1986 ἀνθρωπείαν
3022 1915 3209 1984 φύσιν,
3236 1918 3328 1969 καὶ
3351 1917 3523 1988 αὐτὴν
3554 1918 3613 1972 δὲ
3642 1917 3745 1990 τὴν

2159 2012 2314 2074 θείαν
2366 2011 2434 2082 ἥν
2484 2027 2666 2081 φαμεν
2709 2011 3046 2081 ἀδιαίρετον,
3077 2012 3160 2073 είς
3215 2011 3450 2068 πλεῖστα
3503 2013 3744 2082 διίστησι

2160 2107 2452 2174 πρόσωπα,
2483 2104 2820 2173 ἀποδιαιρῶν
2870 2104 3041 2176 αὐτὴν
3094 2105 3236 2157 κατὰ
3294 2107 3470 2175 μόνην
3519 2108 3742 2160 ὲνιστῶν

2161 2199 2275 2260 τοῖς
2306 2198 2555 2264 ἀτόμοις,
2583 2197 2679 2250 καὶ
2699 2198 2818 2260 ταῖς
2844 2197 2997 2268 τρισὶ
3025 2197 3271 2266 μερίζων
3292 2197 3391 2267 τῆς
3417 2197 3743 2268 ὑπερουσίου

2163 2291 2380 2359 φύσεως
2411 2290 2768 2346 ὑποστάσεσι.
2805 2289 2980 2344 Τοῦτο
3005 2291 3061 2344 δὲ
3089 2290 3268 2361 πάντη
3308 2289 3595 2362 ἀλλότριον
3634 2292 3748 2354 τοῖς

2163 2384 2524 2456 όρθόφροσινο
2557 2386 2632 2447 ὡς
2661 2383 2727 2455 δὴ
2759 2384 2855 2440 καὶ
2885 2387 2913 2438 ό
2946 2385 3122 2456 μέγας
3157 2386 3217 2439 ἐν
3259 2384 3510 2456 θεολογίᾳ
3537 2385 3751 2456 Γρηγό-

2167 2493 2283 2546 ριος
2312 2475 2474 2529 τοῦτο
2524 2477 2898 2548 ἀριδηλότατα
2951 2477 3197 2548 παριστᾷ
3237 2477 3295 2532 ἐν
3321 2476 3401 2548 τῷ
3450 2476 3585 2548 πρὸς
3614 2477 3752 2531 Εὐά-

2167 2586 2326 2639 γριον
2359 2570 2593 2640 μοναχὸν
2635 2569 2784 2642 λόγῳ
2814 2572 2945 2642 περὶ
2998 2571 3280 2642 θεότητος.
3323 2572 3396 2625 οὐ
3427 2571 3536 2641 μὴν
3566 2571 3623 2626 δὲ
3657 2571 3753 2625 καί

2167 2679 2312 2724 τινες
2344 2664 2453 2717 τῶν
2514 2664 2816 2733 μετέπειτα
2848 2663 3048 2732 λογίων
3095 2663 3464 2733 ἀνεξέλεγκτα
3497 2665 3754 2735 παρῆκαν

2168 2756 2238 2808 τὰ
2275 2753 2356 2826 τῷ
2385 2755 2670 2825 Φιλοπόνῳ
2701 2755 2890 2820 κακῶς
2921 2756 3347 2828 ἐξενηνεγμένα.
3375 2756 3538 2812 Ἀλλά
3569 2757 3755 2810 πολλοὶ

2174 2848 2274 2918 μὲν
2301 2849 2396 2901 καὶ
2424 2847 2576 2902 ἄλλοι
2601 2848 2818 2913 τούτοις
2842 2849 3162 2904 ἀντέθεντοο
3193 2849 3432 2919 μάλιστα
3457 2851 3512 2904 δὲ
3534 2851 3753 2905 πάντων

2171 2943 2197 2992 ὁ
2233 2942 2471 3012 μοναχδς
2507 2942 2764 3005 Λεόντιος
2817 2943 3084 3010 γενναίως
3115 2943 3176 2996 ἐν
3209 2943 3254 2997 λ’
3309 2943 3630 3013 κεφαλαίοις
3667 2942 3751 3013 βί-

2173 3033 2302 3087 ϐλον
2336 3035 2469 3103 ὃλην
2516 3034 2732 3098 τούτοις
2775 3035 3139 3105 ἀντέστησεν,
3179 3035 3350 3106 ἄρδην
3386 3036 3484 3105 μὲν
3517 3035 3616 3107 τὴν
3643 3052 3759 3088 τοι-

2174 3126 2349 3196 αύτην
2377 3127 2593 3198 αἵρεσιν
2613 3127 3058 3197 ἀνατρέπουσαν,
3095 3127 3306 3197 σφόδρα
3333 3128 3390 3181 δὲ
3416 3128 3509 3182 καὶ
3545 3129 3606 3180 τὸ
3632 3129 3758 3182 καθ’

474 3217 729 3272 haeresim
776 3231 898 3270 eam
948 3228 1179 3284 prorsus
1231 3214 1464 3276 everzit,
1511 3221 1568 3266 et
1619 3209 1764 3280 piam
1817 3218 2062 3264 nostram

2170 3220 2320 3289 ἡμᾶς
2355 3218 2580 3283 εὐσεὸὲς
2633 3220 2814 3290 δόγμα
2856 3221 3262 3291 κρατύνουσαν.
3306 3223 3434 3276 Ἐπὶ
3477 3221 3534 3275 δὲ
3581 3220 3757 3292 τούτῳ

472 3307 808 3361 sententiam
853 3305 1011 3357 valde
1059 3302 1374 3357 confirmat.
1420 3301 1549 3355 Post
1598 3300 1745 3355 hunc
1787 3308 1845 3353 et
1889 3297 2067 3353 admi-

474 3399 682 3451 randus
752 3396 840 3449 ille
890 3397 1160 3449 diaconus
1214 3403 1380 3461 atque
1427 3391 1840 3446 referendarius
1895 3389 2070 3445 Geor-

473 3505 599 3560 gzns
632 3489 870 3552 Pisides,
903 3487 1134 3556 aequalis
1169 3487 1286 3540 sive
1323 3495 1635 3540 coaetaneus
1671 3483 1844 3549 illius,
1877 3497 2071 3552 quam-

475 3587 561 3638 vis
609 3593 769 3636 a-tate
822 3581 1110 3650 aliquanto
1149 3579 1362 3650 junior,
1405 3577 1602 3631 iambis
1654 3573 2067 3646 pulcherrimis,

475 3690 619 3744 quos
655 3673 900 3728 scribere
938 3679 1332 3732 consueverat,
1364 3683 1494 3723 cum
1529 3665 1902 3722 dicta-haeresi
1935 3680 2068 3719 con-

472 3772 724 3840 gressus,
772 3763 940 3837 875
999 3779 1114 3818 rem
1166 3762 1367 3817 seriam
1418 3760 1636 3815 ludicro
1687 3758 2066 3829 temperando,

472 3863 542 3918 ad
586 3862 734 3918 hunc
771 3861 1001 3915 modum
1047 3856 1238 3922 refert,
1280 3853 1679 3910 absurditatem
1719 3852 1870 3908 illius
1915 3850 2064 3907 refu-

475 3970 602 4012 tans
633 3973 647 4009 ἒ

551 4087 716 4143 Unam
754 4095 913 4156 atque
940 4099 1060 4138 mox
1107 4099 1277 4136 unum
1312 4081 1510 4156 lapillo
1534 4087 1845 4156 computat:

550 4166 615 4213 At
649 4153 885 4210 uimm'el
921 4172 1084 4208 unum
1117 4157 1250 4221 forte
1272 4155 1318 4206 si
1358 4169 1521 4206 unum
1547 4153 1770 4214 dixeris,

547 4228 811 4282 Pueri-rel
846 4229 940 4295 ipsi
972 4226 1078 4278 (ulc
1105 4227 1303 4277 dictum
1329 4226 1561 4277 riserint.

477 4369 635 4438 Quod
672 4376 857 4421 autem
922 4366 1210 4419 versiculis
1267 4365 1356 4417 hic
1403 4361 1702 4431 expressit,
1739 4361 1819 4415 sic
1854 4359 2020 4414 habet
2051 4376 2064 4412 :

478 4462 787 4524 I’roliteris,
821 4458 1024 4526 inquit,
1081 4457 1414 4525 Philopone,
1448 4454 1912 4525 philosophorum
1946 4468 2068 4507 om-

479 4557 633 4610 nium
656 4549 1094 4606 laboriosissime
1110 4556 1167 4602 et
1203 4546 1642 4616 sapientissime,
1675 4549 1813 4600 duas
1839 4553 2068 4600 naturas

481 4649 537 4700 in
575 4644 754 4702 Verbo
807 4643 992 4697 unitas
1045 4655 1201 4695 esse:
1261 4653 1428 4692 unam
1455 4637 1779 4704 divinitatis,
1829 4646 2069 4692 etnnam

482 4737 866 4794 humanitatis.
893 4735 950 4790 Si
980 4749 1113 4805 ergo
1134 4733 1274 4787 duas
1303 4741 1524 4786 naturas
1551 4731 1693 4784 dicis
1721 4735 1776 4784 in
1809 4746 1877 4786 eo
1932 4746 2069 4786 con-

483 4825 1018 4895 venissc,quomedo
1045 4823 1182 4878 duas
1221 4821 1275 4875 in
1302 4836 1466 4875 unam
1502 4836 1695 4875 rursus
1726 4819 2014 4876 contrahis
2043 4820 2068 4874 ?

482 4908 600 4976 Una
631 4927 872 4988 nauaque
912 4929 970 4972 et
992 4931 1099 4970 una
1148 4915 1272 4969 duae
1303 4922 1454 4980 sunt,
1482 4929 1592 4967 non
1628 4929 1757 4967 una.
1796 4913 1987 4984 Itaque
2018 4913 2064 4970 si

483 5017 616 5083 quis
641 5017 697 5070 in
731 5013 926 5068 eadem
971 5011 1221 5081 subjecta
1277 5026 1336 5064 re
1376 5009 1487 5063 duo
1549 5010 1801 5079 quaedam
1846 5007 2072 5077 praedi-

488 5107 668 5161 cando
697 5106 923 5167 indicet,
953 5119 1131 5174 eaque
1169 5103 1284 5173 ipsa
1299 5119 1519 5159 rursum
1549 5103 1604 5157 in
1643 5118 1816 5158 unum
1838 5103 2072 5174 redigat,

487 5198 782 5254 ridendum
827 5213 886 5252 se
928 5196 1127 5251 merito
1190 5196 1450 5266 praebeat.
1489 5195 1640 5251 Talis
1661 5196 2076 5267 Monophysita-

487 5309 605 5346 rum
653 5291 758 5347 fuit
812 5292 1066 5357 haeresis,
1120 5291 1274 5361 impii
1305 5290 1544 5347 Nestorii
1611 5291 1810 5346 heresi
1844 5305 2074 5362 prorsus

487 5385 790 5440 contraria.
844 5385 1133 5441 Nestorius
1159 5385 1330 5450 enim,
1381 5395 1611 5456 propter
1641 5385 1780 5440 duas
1825 5395 2074 5451 naturas,

485 5478 626 5530 duas
671 5475 837 5531 etiam
897 5477 1284 5532 subsistentias
1337 5485 1630 5552 numerat,
1665 5475 1758 5532 isti
1791 5491 1920 5530 vero
1945 5488 2071 5546 pro-

484 5579 606 5636 pter
647 5583 810 5622 unam
876 5569 1292 5624 subsistentiam
1323 5583 1486 5622 unam
1549 5584 1771 5637 quoque
1809 5567 2068 5623 subsuan-

488 5659 619 5711 tiam
642 5671 698 5711 et
723 5672 1000 5714 naturam.
1022 5659 1222 5716 Verum
1243 5660 1482 5716 Nestorii
1513 5661 1759 5726 haeresis,
1785 5669 1845 5715 ut
1871 5661 1938 5713 de
1968 5661 2070 5714 hac

485 5765 679 5806 rursus
726 5768 971 5823 agamus,
1032 5768 1143 5808 non
1171 5752 1307 5807 dicit
1361 5751 1532 5807 Deum
1561 5753 1837 5807 hominem
1865 5752 2067 5807 factum

483 5860 628 5909 esse,
664 5861 840 5916 neque
889 5849 957 5904 de
989 5849 1129 5905 cmlo
1158 5849 1533 5913 descendisse,
1563 5857 1618 5903 et
1673 5846 1929 5902 humanae
1970 5865 2069 5902 na-

2172 3313 2268 3366 καὶ
2295 3315 2322 3365 ό
2353 3312 2664 3383 θαυμάσιος
2687 3313 2934 3377 διάκονος
2961 3316 3058 3368 καὶ
3092 3315 3548 3386 ραιφερενδάριος
3575 3312 3759 3384 Γεώρ-

2171 3423 2290 3474 γιος
2323 3407 2350 3459 ὁ
2395 3405 2685 3475 Πισσίδης,
2720 3405 3025 3478 ηλικιώτης
3066 3406 3146 3460 ὣν
3191 3409 3414 3478 ἐκείνῳ,
3458 3409 3508 3460 εί
3543 3407 3638 3460 καὶ
3681 3406 3761 3477 τῷ

2172 3503 2353 3574 χρόνῳ
2382 3500 2506 3554 λίαν
2529 3499 2820 3572 νεώτερος,
2871 3503 2931 3556 ἐν
2963 3503 3176 3572 ἰάμϐων
3209 3505 3437 3574 μέτροις
3486 3502 3760 3574 ἀρίστοις,

2173 3594 2366 3666 ὥσπερ
2391 3592 2596 3648 εἴθιστο
2627 3595 2887 3666 γράφειν,
2923 3595 3059 3666 πρὸς
3089 3597 3188 3668 τὴν
3217 3597 3522 3669 εἰρημένην
3543 3597 3759 3668 αἵρεσιν

2177 3687 2428 3756 ἀντιὸἁς,
2471 3689 2568 3742 καὶ
2599 3688 2825 3742 παιδιὰν
2849 3689 3053 3761 σπουδῇ
3099 3692 3387 3760 κεραννὺς,
3437 3689 3581 3744 οὕτω
3629 3706 3748 3752 πως

2172 3781 2544 3853 διεξέρχεται,
2583 3781 2794 3854 σφόδρα
2823 3781 3120 3854 διελέγχων
3143 3785 3205 3837 τὸ
3235 3785 3439 3839 ἄτοπον
3458 3800 3474 3816 ο

2321 4089 2645 4158 Ψηφίζεται
2674 4087 2893 4145 θᾶττον
2918 4091 3066 4158 μίαν
3094 4107 3159 4144 τε
3188 4091 3286 4143 καὶ
3315 4091 3464 4159 μίαν
3491 4107 3508 4124 ο

2316 4160 2386 4215 El
2419 4161 2529 4230 γὰρ
2553 4162 2702 4230 μίαν
2734 4161 2927 4230 τεκαὶ
2951 4162 3104 4228 μίαν
3125 4161 3328 4230 λέγεις
3352 4163 3518 4229 μίαν,

2313 4230 2520 4298 Γέλως
2548 4231 2616 4285 τὸ
2639 4229 2863 4299 λεχθὲν
2901 4232 3165 4301 γίγνεται
3191 4229 3286 4285 καὶ
3318 4232 3603 4300 παιδίοις.

2178 4367 2243 4419 Ὀ
2269 4367 2326 4418 δέ
2351 4383 2486 4436 φησι
2509 4364 2752 4419 τοιοῦτόν
2784 4365 2934 4418 ἐστιν
2957 4379 2973 4395 ⁸
3035 4366 3353 4436 ὐμολογεῖς
3375 4410 3390 4434 ,
3425 4368 3582 4440 φησὶ,
3616 4372 3766 4440 φιλο-

2173 4460 2451 4513 πονώτατε
2479 4458 2576 4511 καὶ
2606 4456 3035 4526 φιλοσοφώτατε,
3066 4459 3160 4512 δύο
3188 4459 3378 4530 φύςεις
3414 4463 3657 4532 ἡνῶσθαι
3685 4465 3763 4534 τῷ

2174 4550 2332 4618 Λόγῳ
2362 4566 2377 4580 ο
2413 4549 2540 4618 μίαν
2565 4548 2666 4617 τῆς
2692 4548 2946 4620 θεότητος
3000 4551 3092 4603 καὶ
3125 4551 3254 4619 μίαν
3280 4552 3380 4622 τῆς
3406 4553 3767 4626 ἀνθρωπότη-

2182 4661 2297 4705 τος.
2333 4643 2399 4695 EI
2425 4642 2605 4695 τοίνυν
2631 4641 2726 4695 δύο
2757 4643 2950 4711 φύσεις
2995 4643 3176 4712 λέγεις
3213 4644 3637 4716 συνεληλυθέναι
3671 4650 3768 4703 αὐ-

2178 4735 2280 4806 τῷ,
2307 4734 2424 4798 πῶς
2453 4737 2533 4797 είς
2586 4735 2716 4804 μίαν
2747 4730 2903 4797 αὖθις
2931 4735 3028 4798 τὰς
3060 4737 3156 4789 δύο
3185 4738 3530 4806 συστέλλεις;
3592 4741 3729 4809 φησί
3751 4757 3765 4772 ·

2183 4831 2285 4898 μία
2314 4829 2423 4898 γὰρ
2465 4829 2560 4882 καὶ
2589 4829 2688 4898 μία
2734 4828 2850 4896 δύο,
2869 4828 2998 4882 ’ἀλλ’
3029 4830 3151 4900 οὐχὶ
3193 4831 3314 4898 μία.
3345 4831 3524 4894 Γέλως
3555 4834 3686 4900 γοῦν
3719 4835 3773 4888 ετ

2179 4940 2262 4986 τις
2320 4923 2463 4975 κατά
2525 4921 2621 4975 τοῦ
2680 4924 2846 4976 αὑτοῦ
2888 4924 3250 4992 ὑποκειμένου
3309 4925 3403 4978 δύο
3434 4929 3765 4998 κατηγοροίη

2171 5014 2317 5078 τινὰ,
2353 5014 2446 5068 καὶ
2483 5009 2639 5077 αὖθις
2670 5013 2729 5067 ἓν
2755 5015 2920 5068 πάλιν
2975 5019 3044 5069 τὰ
3069 5014 3298 5070 τοιαῦτα
3327 5020 3562 5073 ποιοῖτο.
3609 5020 3770 5073 Ἀλλὰ

2173 5105 2400 5176 τοιαύτη
2444 5106 2544 5174 μὲν
2577 5107 2607 5176 ἡ
2657 5106 2768 5160 τῶν
2813 5109 3210 5176 Μονοφυσιτῶν
3244 5109 3476 5180 αἵρεσις,
3509 5111 3769 5166 ἐναντιω-

2173 5195 2309 5263 τάτη
2338 5197 2574 5265 πάμπαν
2599 5197 2666 5266 τῇ
2717 5195 2812 5248 τοῦ
2857 5196 3156 5260 δυσσεϐοῦς
3207 5199 3511 5272 Νεστορεου
3551 5203 3769 5271 αἱρέσει

2175 5288 2577 5356 καθεστηκυῖα.
2621 5287 2682 5338 ὐ
2729 5287 2830 5355 μὲν
2877 5288 2988 5356 γὰρ
3018 5286 3321 5359 Νεστόριος
3377 5291 3469 5344 διὰ
3499 5291 3559 5343 τὸ
3591 5292 3768 5344 διττὸν

2173 5379 2280 5432 τῶν
2330 5379 2550 5446 φύσεων
2581 5378 2674 5431 καὶ
2720 5379 2816 5431 δύο
2857 5379 3187 5443 ὑποστάσεις
3220 5363 3595 5452 καταριθμεῖ·
3633 5386 3684 5437 oi
3713 5384 3772 5437 δὲ

2176 5472 2265 5526 διὰ
2299 5474 2399 5540 τὴν
2431 5472 2562 5542 μίαν
2594 5471 2896 5526 ὑπόστασιν
2939 5474 3034 5526 καὶ
3069 5476 3202 5543 μίαν
3236 5476 3426 5530 οὐσίαν
3471 5478 3567 5531 καὶ
3605 5479 3770 5546 φύσιν

2176 5567 2418 5621 τίθενται
2464 5563 2620 5622 εἶναι.
2683 5567 2831 5636 Πλὴν
2877 5568 2910 5638 ἡ
2955 5569 3048 5620 τοῦ
3081 5569 3382 5642 Νεστορίου
3410 5571 3646 5642 αἵρεσις,
3679 5575 3771 5628 ἵνα

2179 5660 2308 5728 περὶ
2337 5658 2541 5730 ταύτης
2595 5659 2690 5711 καὶ
2725 5656 2880 5722 ruet;
2913 5647 3331 5730 διαληῷὡμεθα,
3377 5662 3440 5716 οὗ
3489 5680 3626 5735 φησι
3677 5667 3774 5720 τὸν

2174 5753 2308 5805 Θεὸν
2344 5752 2634 5823 ἄνθρωπον
2679 5751 2958 5820 γενέσθαι,
2993 5753 3108 5805 οὐδ’
3145 5754 3206 5818 ἐξ
3233 5755 3466 5826 οὐρανοῦ
3521 5759 3765 5830 καταϐῇ-

2173 5869 2280 5917 ναι,
2333 5851 2424 5918 καὶ
2457 5854 2522 5922 τῇ
2563 5849 2880 5922 ἀνθρωπίνῃ
2933 5851 3204 5922 ἐνωθῆναι
3251 5855 3412 5922 φύςει
3454 5855 3761 5922 οὐσιωδῶς’
