4084 6448
320 413 426 477 ίΞθ

1203 412 1796 475 ECCLESIASTICJZ
1835 412 2220 472 llISTORlﬂE
2263 410 2401 471 LlB.
2452 411 2666 473 XVIII.

3470 405 3575 469 4'0

320 532 459 585 ἀλλά
505 549 629 584 τινα
663 531 920 602 σχετικὴν
964 530 1227 586 διάθεσιν.
1284 532 1421 599 Φησὶ
1473 533 1582 602 γὰρ
1627 532 1894 600 ἑνωῦἦναι

2002 537 2137 582 turze
2167 525 2474 584 substantia
2529 525 2643 594 ipsa
2677 522 2890 577 unitum
2913 536 3056 583 esse,
3096 519 3190 574 sed
3219 518 3410 574 habitu
3444 535 3578 588 quo-

320 625 410 676 τὸν
435 625 571 677 Θεὸν
625 625 797 692 Λόγον
838 625 917 694 τῷ
944 626 1006 676 ὲκ
1038 625 1257 692 Μαρίας
1282 623 1578 695 ἀνθρώπῳ,
1627 623 1816 693 ὥσπερ
1846 621 1898 675 εἴ

323 700 404 779 τις
459 716 613 784 φίλος
643 715 781 786 φίλῳ
833 715 1030 768 ἕνωσιν
1079 716 1169 769 διὰ
1223 715 1460 784 σχέσεως
1505 717 1733 768 ποιοῖτο.
1787 715 1897 766 Καὶ

323 807 578 861 λανθάνει
637 807 734 878 μὲν
783 808 1012 870 πολλοὺς
1061 808 1258 862 ἕνωσιν
1309 807 1594 876 ὀνομάζων
1623 805 1762 860 Θεοῦ
1803 806 1898 860 καὶ

321 902 612 972 ἀνθρώπου
635 917 649 931 ·
689 901 751 955 τὸ
792 901 836 956 δ’
861 901 1061 971 ἀληθὲς
1093 901 1378 958 διάστασιν
1427 903 1521 954 καὶ
1572 901 1672 970 οὐχ
1701 901 1896 961 ἕνωσιν

325 995 634 1062 σαφέστατα
657 993 973 1062 δογματίζει
1000 1011 1013 1026 ·
1060 995 1118 1047 τὸ
1151 994 1259 1063 γὰρ
1299 993 1481 1061 λέγειν
1509 993 1586 1064 μὴ
1618 993 1898 1056 οὐσιωδῶς

321 1083 587 1154 ἑνωθῆναι
612 1083 690 1154 τῷ
725 1084 1000 1156 ἀνθρώπῳ
1032 1082 1123 1138 τόν
1157 1083 1292 1137 Θεὸν
1323 1085 1518 1151 Λόγον,
1570 1084 1709 1138 ἀλλὰ
1755 1084 1897 1138 κατὰ

324 1174 544 1244 φιλικὴν
570 1193 689 1228 τινα
722 1175 924 1246 σχέσιν,
952 1176 1051 1245 οὐχ
1084 1176 1277 1238 ἓνωσις
1306 1174 1562 1245 ἀκριϐὴς,
1608 1175 1745 1228 ἀλλὰ
1771 1175 1895 1228 διὰ·

321 1268 505 1333 ζευξις
525 1267 752 1338 ἀληθής.
787 1266 952 1323 Ὅθεν
987 1269 1076 1321 τὸν
1109 1269 1272 1322 αὐτόν
1303 1271 1398 1322 καὶ
1417 1267 1574 1338 ψιλὸν
1605 1269 1896 1339 ἄνθρωπον

323 1361 415 1412 καὶ
446 1359 646 1430 ὑψηλὸν
673 1360 860 1428 ἔλεγεν
891 1363 918 1415 ὁ
949 1361 1276 1429 Νεστόριος·
1304 1360 1461 1431 ψιλὸν
1488 1361 1612 1430 μὲν,
1641 1362 1714 1423 ὡς
1745 1363 1895 1415 ἐστε-

324 1453 559 1522 ρημένον
613 1453 712 1520 τῆς
739 1453 1028 1518 οὑσιὼδους
1061 1452 1156 1508 τοῦ
1204 1454 1341 1512 Θεοῦ
1385 1452 1657 1518 ένὼσεως,
1691 1453 1895 1523 ὑψηλὸν

322 1545 399 1608 δὲ,
429 1545 504 1608 ὠς
530 1547 593 1599 ὲκ
614 1547 838 1616 πρώτης
864 1548 1132 1616 γενέσεως
1159 1547 1579 1616 τετελειωμένον
1605 1552 1724 1612 ταῖς
1766 1549 1894 1616 ἀρε-

318 1635 459 1695 ταῖς.
515 1634 708 1686 Ἔνθεν
761 1651 845 1688 τοι
885 1635 980 1688 καὶ
1024 1634 1123 1706 τὴν
1154 1635 1230 1695 ὡς
1273 1635 1490 1705 ἀληθῶς
1518 1636 1780 1689 Θεοτόκον
1829 1636 1892 1688 οὐ

320 1724 580 1778 Θεοτόκον
597 1725 624 1777 ὁ
645 1726 922 1796 ἀλιτήριος
944 1727 1154 1780 κατωνὸ
1163 1727 1353 1794 μαζεν,
1375 1727 1514 1782 ἀλλὰ
1531 1727 1894 1798 Χριστοτόκον

319 1817 524 1880 ἐκάλει,
545 1820 622 1882 ὡς
645 1818 932 1888 ἄνθρωπον
963 1819 1105 1872 θεῖον
1128 1818 1287 1889 δῆθεν
1319 1821 1413 1872 καὶ
1438 1819 1574 1876 Θεοῦ
1599 1820 1754 1889 φίλον
1775 1837 1895 1888 γεν-

1999 618 2123 672 dam
2163 627 2218 673 et
2247 616 2561 672 affectione.
2603 613 2829 670 Unitum
2852 628 3090 681 namque
3121 612 3290 666 Deum
3332 610 3572 666 Verbum

2000 712 2080 768 sic
2100 710 2312 765 homini
2347 724 2414 763 ex
2441 708 2610 762 Maria
2656 713 2924 776 prognalo
2959 704 3151 766 refert,
3177 705 3254 757 nti
3283 718 3342 758 se
3365 703 3580 758 anticus

1998 803 2182 856 amico
2248 816 2346 870 per
2380 799 2733 869 aﬂ‘ectioncm
2764 797 2906 850 unit.
2937 796 3003 850 Et
3038 796 3242 848 multos
3265 793 3576 856 Nestorius,

2001 895 2262 949 unionem
2290 893 2386 948 Dei
2419 901 2474 946 et
2491 889 2732 945 hominis
2763 889 3080 951 nominans,
3111 887 3301 941 latenti
3333 884 3572 955 quadam

2000 983 2194 1040 fraude
2231 982 2366 1037 fallit
2394 999 2406 1036 :
2440 982 2620 1050 reipsa
2674 987 2858 1034 autem
2889 978 3240 1037 divisionem,
3272 991 3382 1030 non
3417 973 3577 1028 unio-

2003 1089 2130 1130 nem
2193 1072 2539 1142 apertissime
2579 1069 2761 1124 docet.
2829 1067 2886 1122 Si
2943 1081 3180 1132 natnque
3238 1063 3411 1127 dicas,
3471 1076 3576 1116 non

2001 1165 2312 1222 substantia
2337 1165 2454 1234 ipsa
2485 1163 2654 1217 Deum
2695 1160 2935 1215 Verbum
2971 1157 3206 1222 homini,
3263 1156 3356 1211 sed
3403 1156 3579 1210 amica

2002 1257 2238 1328 quadam
2274 1256 2567 1314 affectione
2597 1254 2816 1310 unitum
2863 1267 3006 1317 esse,
3059 1266 3169 1305 non
3218 1249 3351 1304 unio
3401 1258 3577 1312 certa,

2000 1351 2096 1406 sed
2162 1349 2464 1420 disiunctio
2515 1364 2647 1403 vera
2693 1347 2883 1403 fuerit.
2939 1345 3284 1414 Quapmpter
3319 1340 3576 1394 eumdem

1999 1451 2055 1498 et.
2112 1451 2335 1498 tenuem
2377 1451 2435 1497 et
2471 1439 2765 1495 sublimem
2795 1438 3076 1493 hominem
3109 1437 3253 1492 idem
3293 1435 3581 1492 Nestorins

1999 1537 2177 1592 dixit:
2231 1546 2452 1590 tenuem
2537 1533 2786 1603 quidem,
2847 1532 3017 1588 veluti
3078 1527 3428 1584 substantiali
3484 1524 3576 1578 Dei

2001 1629 2205 1683 unione
2265 1626 2636 1691 destitutum;
2707 1625 2999 1680 sublimem
3045 1639 3200 1685 vero,
3251 1632 3512 1690 tanquam
3543 1633 3574 1672 a

1999 1720 2178 1792 prima
2232 1718 2522 1774 nativitate
2581 1718 2884 1776 virtutibus
2946 1717 3271 1788 perfectum.
3335 1707 3578 1769 Proinde

1997 1817 2168 1872 etiam
2211 1827 2406 1868 revera
2438 1812 2534 1867 Dei
2561 1810 2918 1876 Genitricem,
2957 1826 3067 1865 non
3111 1809 3206 1864 Dei
3239 1805 3578 1862 Genitricent

321 1911 584 1978 νήσασαν·
606 1911 694 1964 καὶ
725 1911 802 1975 ὡς
826 1913 1033 1983 χρίσμα
1067 1931 1119 1966 τι
1148 1912 1381 1966 λαὸόντα
1412 1913 1562 1982 παρὰ
1581 1913 1740 1973 Θεοῦ,
1765 1929 1896 1982 προ-

2004 1911 2171 1965 homo
2209 1907 2457 1962 nefarius
2489 1905 2819 1970 nominavit,
2858 1904 2952 1960 sed
2989 1901 3196 1958 Christi
3241 1899 3580 1954 Genitricetn

321 2001 543 2070 φητικὺν
577 2002 609 2073 ἢ
643 2002 922 2071 βασιλικὸν
971 2005 1066 2058 καὶ
1099 2006 1490 2075 ἀρχιερατικὸν
1523 2005 1742 2077 ἀξίωμα
1765 2023 1780 2042 ο
1820 2008 1897 2079 μὴ

323 2093 505 2162 μέντοι
530 2110 593 2162 γε
637 2095 702 2166 δὴ
731 2097 821 2148 καὶ
846 2096 1120 2163 οὺσιωδῶς
1162 2097 1282 2168 Θεῷ
1311 2097 1658 2170 ὁμιλήσαντα
1679 2099 1767 2154 διὰ
1796 2099 1897 2168 τῆς

320 2186 802 2259 ὲνανθριιητήσεως.
860 2191 970 2244 Καὶ
1017 2190 1192 2246 ταῦτα
1216 2191 1320 2260 μὲν
1345 2191 1373 2245 ὁ
1397 2192 1696 2262 Νεστόριος
1717 2207 1731 2223 ο
1773 2194 1803 2246 ὁ
1839 2192 1896 2246 δὲ

321 2277 680 2348 ἀτυχέστατος
696 2279 765 2334 τὰ
800 2281 1084 2350 κρείττονα
1114 2282 1363 2354 Εὑτυχὴς
1394 2284 1528 2336 Θεὸν
1557 2283 1656 2351 μὲν
1685 2283 1896 2352 ὡμολό-

319 2385 409 2435 γει
436 2370 685 2440 τεχθῆναι
717 2372 826 2425 ἀπὸ
859 2373 954 2441 τῆς
975 2373 1250 2445 ἀχράντον
1282 2375 1558 2442 παρθένου
1589 2376 1686 2429 καὶ
1706 2375 1896 2429 Θεοτό-

321 2475 440 2525 κου,
466 2459 735 2515 καὶτοῦτο
765 2460 924 2529 μόνον
947 2463 1155 2516 ἐτίθετο
1189 2464 1458 2527 εὐσεσῶς’
1499 2465 1897 2535 πεπλασμένην

321 2551 375 2606 δὲ
404 2553 502 2622 τὴν
533 2554 708 2624 σάρκα
738 2554 980 2622 ἐδόξαζε,
1033 2557 1124 2610 καὶ
1150 2557 1250 2609 ὅσα
1286 2557 1437 2626 ἑξῆς.
1485 2555 1590 2611 Τὸν
1623 2558 1728 2627 γὰρ
1757 2558 1893 2612 Θεὸν

320 2643 486 2697 αὐτὸν
513 2645 687 2712 Λόγον
734 2648 1016 2716 τραπέντα
1065 2648 1372 2718 ἀτρέπτως,
1407 2650 1498 2703 καὶ
1533 2651 1716 2718 σάρκα
1746 2652 1897 2720 γενό-

321 2753 506 2805 μενον,
546 2738 818 2806 φαντάσαι
847 2740 945 2810 τὴν
969 2740 1284 2809 οἰκονομίαν
1303 2757 1319 2774 ⁶
1365 2743 1445 2795 διὸ
1496 2746 1591 2798 καὶ
1622 2745 1802 2798 πάντα
1829 2749 1896 2799 τὰ

322 2829 609 2892 σωματικὰ
654 2826 747 2880 τοῦ
791 2829 923 2882 Θεοῦ
975 2830 1324 2900 φαντασιώδη
1372 2826 1561 2900 ἔλεγεν
1591 2829 1768 2887 εἶναι·
1801 2837 1897 2888 καὶ

320 2919 453 2970 αὐτὸ
490 2919 546 2974 δὲ
568 2920 627 2972 τὸ
659 2921 881 2992 σταυρῷ
911 2923 1152 2992 παγῆναι
1175 2921 1338 2992 φύσιν
1368 2925 1584 2995 ἐκείνην
1611 2926 1708 2995 τὴν
1743 2926 1896 2979 θείαν

321 3009 416 3060 καὶ
448 3009 886 3078 ἀπερίγραπτον.
910 3013 1303 3082 φαντασιωδῶς
1354 3013 1610 3082 γενέσθαι
1643 3013 1894 3086 ὡρίζετο.

321 3101 433 3152 Καὶ
463 3100 530 3153 τὰ
557 3100 655 3172 μὲν
688 3102 798 3157 τῶν
831 3104 924 3157 δύο
944 3105 1149 3159 τούτων
1180 3106 1470 3174 αἱρέσεων,
1497 3107 1606 3161 τῶν
1636 3108 1896 3180 ἀλλήλαις

1998 2002 2220 2059 vocavit
2255 2017 2270 2056 :
2300 1999 2538 2070 perinde
2589 2008 2752 2068 atque
2791 1997 3044 2051 divinum
3082 1993 3363 2049 hominem
3389 1997 3446 2044 et
3474 1989 3581 2040 Deo

1998 2094 2240 2162 amicum
2271 2078 2542 2163 genuerit,
2568 2091 2661 2161 qui
2695 2087 3018 2145 unctionem
3043 2083 3358 2156 quampiam
3382 2095 3412 2134 a
3443 2079 3577 2141 Deo,

2005 2185 2386 2255 propheticum
2421 2182 2682 2239 videlicet
2712 2191 2808 2237 ant
2848 2180 3085 2250 regalem
3111 2185 3170 2232 et
3191 2171 3572 2246 pontificalem

1996 2278 2327 2348 dignitatem
2360 2276 2660 2346 acceperit,
2695 2289 2806 2330 non
2830 2284 3013 2329 autem
3065 2268 3374 2328 substantia
3409 2265 3576 2324 etiam

2000 2370 2117 2441 ipsa
2151 2370 2267 2425 Deo
2300 2369 2490 2424 unitus
2532 2383 2632 2438 per
2666 2367 3102 2422 incarnationem
3157 2363 3347 2418 fuerit.
3397 2361 3581 2431 Atque

1997 2463 2115 2517 haec
2135 2461 2357 2532 quidem
2384 2459 2696 2516 Nestorius.
2727 2457 3147 2516 lnfelicissimus
3170 2464 3354 2510 autem
3378 2453 3579 2508 melio-

1998 2553 2155 2608 ribus
2186 2553 2353 2608 etiam
2391 2553 2564 2609 rebus
2595 2553 2714 2611 suis
2739 2550 3227 2622 Eutyches,876
3258 2549 3433 2603 Deum
3460 2545 3584 2616 qni-

1997 2644 2122 2700 dem
2158 2653 2345 2702 natum
2376 2660 2497 2702 esse
2524 2661 2594 2700 ex
2620 2645 2972 2705 immaculata
3002 2644 3226 2714 Virgine
3277 2652 3334 2697 et
3355 2641 3452 2695 Dei
3477 2638 3584 2695 Ge-

1998 2735 2194 2792 nitrice
2225 2737 2536 2803 profitetur,
2576 2737 2744 2807 idque
2781 2737 2962 2806 ipsum
2994 2737 3172 2790 solum
3200 2744 3350 2789 recte
3383 2735 3582 2803 pieque

1998 2830 2205 2898 pOsuit,
2245 2829 2425 2886 fictam
2467 2845 2602 2886 vero
2655 2845 2882 2886 carnem
2930 2830 3052 2901 ejus
3101 2829 3272 2884 fuisse
3321 2828 3584 2897 opinatus

1997 2931 2103 2986 est,
2134 2931 2190 2977 et
2214 2939 2338 2992 quae
2361 2932 2627 2993 praeterea
2652 2923 2761 2978 illis
2789 2922 2893 2978 alia
2923 2937 3213 2992 perperam
3258 2920 3468 2976 docuit.
3499 2920 3584 2988 lp-

1998 3029 2116 3068 sutn
2158 3030 2394 3084 namque
2418 3015 2592 3071 Deum
2633 3015 2862 3071 verbum
2893 3015 3030 3070 dixit
3055 3015 3384 3070 immutabili
3417 3015 3583 3070 modo

1999 3116 2271 3164 mutatum
2319 3117 2376 3166 et
2441 3125 2663 3166 carnem
2696 3109 2920 3172 factum,
2951 3108 3004 3162 in
3055 3110 3296 3179 speciem
3357 3108 3581 3162 finxisse

322 3194 668 3249 παντάπασιν
692 3197 968 3268 ἐναντίων,
997 3197 1072 3264 ὡς
1099 3198 1341 3270 εἴρηται,
1373 3200 1482 3254 τῶν
1511 3217 1570 3254 τε
1599 3199 1896 3273 Νεστοριαο

2002 3211 2168 3272 atque
2227 3203 2576 3259 assimulasse
2635 3204 2830 3259 salutis
2874 3213 3077 3259 nostrze
3105 3201 3472 3259 oeconomiam
3520 3211 3582 3256 et.

321 3285 453 3350 νῶν,
486 3287 652 3357 φημὶ,
706 3289 802 3342 καὶ
848 3289 1258 3372 Μονοφυσιτῶν,
1293 3285 1381 3368 ,ἦς
1436 3292 1464 3345 ὁ
1511 3291 1898 3363 Ἀλεξανδρεὺς

333 3376 605 3447 Ἰωάννης,
630 3379 658 3430 ό
687 3381 782 3435 καὶ
806 3381 1093 3446 Φιλόπονος
1129 3381 1377 3454 προῦστη
1421 3384 1484 3449 ἐς
1515 3383 1768 3456 ὕστερον,
1802 3387 1896 3440 ἐπὶ

317 3469 482 3523 τόσον
517 3471 778 3543 είρήσθω.

2005 3297 2499 3366 dispensationem.
2559 3296 2750 3365 Itaque
2778 3297 3088 3366 corporalia
3120 3297 3305 3350 omnia
3357 3296 3414 3351 in
3457 3311 3586 3365 spe-

2003 3390 2148 3445 ciem
2217 3388 2505 3459 phantasia
2535 3389 2775 3458 qnadam
2831 3389 3089 3444 simulata
3141 3398 3308 3458 atque
3362 3388 3487 3443 Iieta
3530 3386 3586 3443 ei

1999 3480 2224 3536 affuisse
2267 3483 2526 3537 asseruit.
2585 3480 2656 3536 Et
2687 3481 2791 3535 hoc
2815 3481 3019 3552 ipsum,
3046 3483 3192 3551 quod
3240 3493 3434 3536 natura
3486 3481 3586 3536 illa

322 3564 531 3632 δίνίηεν
568 3583 690 3637 qua:
725 3569 1108 3626 circumscribi
1164 3580 1221 3628 et
1267 3574 1662 3644 comprehendi
1691 3576 1908 3647 nequit,
1948 3579 2101 3632 cruci
2158 3577 2317 3632 aﬂixa
2348 3579 2440 3644 sit,
2514 3579 2569 3632 in
2599 3579 2841 3650 speciem
2869 3595 2968 3650 per
3003 3579 3345 3650 phantasiam
3370 3587 3586 3649 gestum

321 3673 444 3714 esse
487 3661 697 3716 statuit.
735 3663 811 3716 De
847 3662 1061 3720 duabus
1087 3665 1238 3721 hisce
1275 3665 1581 3724 hatresihus
1638 3667 1791 3724 inter
1840 3685 1903 3728 se
1942 3686 2193 3740 prorsus,
2254 3672 2419 3728 sicuti
2484 3672 2726 3728 diximus
2751 3673 3069 3736 contrariis,
3105 3671 3585 3733 Nestorianorum,

323 3752 571 3824 inquam,
613 3767 672 3813 et
719 3757 1247 3832 Honophysitarum,
1287 3765 1492 3834 quibus
1550 3775 1741 3835 postea
1797 3767 2038 3824 Joannes
2099 3769 2436 3840 Philoponus
2473 3769 2876 3826 Alexandrinus
2935 3769 3131 3838 prmiit,
3194 3771 3460 3834 hactenus
3513 3768 3588 3823 sit

321 3846 553 3906 dictum.

886 3995 934 4047 ’Κ
942 3994 1114 4048 ΕΦΛΛ
1125 4037 1138 4052 .
1197 3995 1330 4053 MU.

324 4107 466 4176 Περὶ
500 4107 605 4162 τοῦ
639 4109 980 4178 φιλοσόφου
1049 4111 1353 4181 Ἰωάννου,
1407 4114 1514 4170 τοῦ
1556 4118 1896 4174 Φιλοπόνου

874 4183 974 4235 καὶ
1016 4181 1342 4250 Τριθεΐτου.

394 4296 629 4364 Λέγεται
677 4296 866 4366 μέντοι
910 4294 1008 4349 καὶ
1062 4296 1267 4367 ταύτης
1336 4296 1402 4370 δὴ
1472 4299 1571 4371 τῆς
1628 4302 1896 4373 αίρέσεως

323 4384 416 4440 τὸν
492 4385 732 4455 Σευῆρον
801 4387 1068 4467 πρότερον
1122 4386 1540 4460 καθηγήσασθαι
1575 4431 1591 4457 ,
1659 4395 1897 4463 προστῆ-

322 4495 410 4532 ναι
451 4476 498 4534 δ’
527 4479 584 4541 ις
610 4477 836 4549 ὕστερον
883 4479 975 4533 τὸν
1026 4478 1314 4534 Φιλόπονον
1346 4498 1361 4514 ο
1395 4482 1536 4553 μετὰ
1573 4483 1629 4536 δὲ
1655 4483 1896 4555 Σευῆρον

2569 4001 2794 4058 CAPUT
2835 3999 2996 4055 XLIX
3011 4041 3025 4054 .

2149 4115 2224 4169 De
2249 4113 2554 4188 philosopho
2581 4113 2789 4168 Joanne
2830 4113 3122 4184 Pliilopono
3160 4112 3434 4169 Tritheita.

2075 4294 2272 4351 Fertur
2301 4310 2456 4360 sane,
2487 4302 2652 4351 sectae
2713 4293 2878 4350 istius
2912 4294 3108 4349 ducem
3135 4295 3374 4364 primum
3407 4293 3580 4351 Seve-

2003 4405 2125 4446 rum
2166 4389 2358 4453 fuisse,
2408 4396 2596 4458 postea
2649 4395 2832 4442 autem
2890 4384 3161 4441 Joannem
3214 4385 3580 4458 Philoponum

2001 4497 2123 4538 eam
2153 4479 2486 4536 defendisse.
2521 4477 2697 4533 Porro
2728 4486 2912 4533 autem
2965 4485 3090 4548 post
3153 4478 3417 4534 Severum
3469 4479 3580 4535 ha:-

320 4570 666 4637 διαδέξασθαι
737 4571 952 4642 πρῶτον
1033 4571 1134 4644 τὴν
1193 4572 1406 4644 αἰρεσιν
1453 4575 1660 4646 ταύτην
1714 4575 1896 4630 Θεοδό-

2003 4573 2172 4631 resim
2228 4571 2370 4626 hanc
2415 4570 2657 4641 primum
2717 4570 2990 4639 recepisse
3042 4571 3439 4637 Theodosium,
3486 4573 3585 4642 qui

323 4679 438 4716 σιον
467 4662 559 4716 τὸν
588 4665 718 4734 παρ’
771 4662 1000 4726 ἐκείνοις
1046 4665 1279 4719 πάππαν
1331 4665 1746 4737 Ἀλεξανδρείας
1799 4683 1896 4735 γε-

321 4758 548 4828 νόμενον
568 4795 584 4822 ,
632 4753 751 4812 εἶτα
780 4761 878 4811 καὶ
907 4750 1097 4822 ἄλλους
1119 4772 1136 4790 ⁶
1181 4759 1240 4826 ἐξ
1266 4751 1342 4813 ὧν
1372 4759 1467 4812 καὶ
1521 4760 1572 4814 oi
1609 4760 1898 4831 Ἀγνοῆται

318 4851 608 4919 λεγόμενοι
641 4850 736 4902 καὶ
785 4849 836 4904 οἱ
891 4850 1340 4918 Κοντοδαϐδῖται,
1392 4851 1500 4906 ἀπό
1545 4868 1692 4916 τινος
1728 4853 1895 4906 τόπου

318 4943 740 5014 κληρωσάμενοι
784 4941 847 4996 τὸ
871 4942 1194 5013 ἐπώνυμονο
1240 4942 1289 4996 οἳ
1323 4943 1388 5014 δὴ
1414 4944 1506 4997 καὶ
1531 4944 1894 5010 Θεοδοσιανοὶ,

319 5037 398 5099 ὡς
424 5036 516 5090 τὸν
563 5034 964 5107 προειρημένον
1015 5035 1219 5106 μᾶλλον
1266 5037 1548 5106 δεχόμενοι
1597 5037 1897 5103 Θεοδόσιον,

317 5126 753 5197 ὠνομάσθησαν·
796 5125 1022 5196 ὕστερον
1049 5116 1093 5178 δ’
1119 5127 1212 5180 ὑπ’
1242 5129 1451 5183 ἐκείνου
1473 5129 1899 5201 παραπεμφθέν-

317 5235 410 5280 τες
436 5217 514 5291 τῷ
539 5219 864 5290 ἀναθέματι,
895 5217 970 5283 ὡς
994 5219 1054 5272 τὸ
1079 5220 1177 5290 τῆς
1199 5220 1422 5288 ἀγνοίας
1454 5221 1764 5291 ἀγνοήματι
1794 5237 1898 5276 πα-

323 5309 777 5378 ραπεπτωκότες.
826 5311 889 5362 Oi
942 5311 1128 5380 μέντοι
1188 5310 1364 5379 ἄλλοι,
1423 5311 1500 5375 ὡς
1529 5312 1605 5382 μὴ
1645 5312 1735 5366 τὸν
1767 5313 1897 5383 παρ’

317 5401 534 5455 ἐκείνου
563 5399 856 5456 ἐκτεθέντα
887 5403 1016 5474 περὶ
1036 5402 1268 5470 Τριάδος
1294 5401 1454 5471 λόγον
1471 5403 1896 5474 είσδεδεγμένοι,

315 5491 755 5546 Κοποὸαὸδίται
789 5493 896 5549 ἀπὸ
932 5494 1028 5548 τοῦ
1060 5495 1225 5549 τόπου
1253 5496 1565 5570 ἐκλήθησαν
1590 5502 1604 5516 ⁹
1653 5495 1703 5550 οἶ
1734 5496 1798 5564 δὴ
1823 5496 1900 5561 ὡς

315 5583 410 5636 τόν
437 5582 680 5652 Σευῆρον
711 5586 873 5650 μόνον
909 5583 1213 5657 δεχόμενοι,
1244 5589 1536 5660 Σευηρϊται
1568 5588 1895 5660 ἐκλήθησαν.

319 5675 484 5730 Ἔστι
509 5676 566 5728 δὲ
598 5676 692 5728 καὶ
719 5676 847 5731 ἄλλο
871 5677 1182 5748 Σευηριτῶν
1211 5681 1497 5751 σύνταγμα
1519 5684 1627 5734 τῶν
1647 5682 1743 5736 καὶ
1773 5682 1902 5736 Θεο-

313 5767 609 5833 δοσιανῶν,
642 5767 692 5822 οἳ
723 5769 819 5822 καὶ
867 5769 1035 5840 ἄμφω
1061 5773 1286 5836 τούτους
1336 5775 1652 5846 προσίεντοο
1685 5777 1820 5847 πρξς
1842 5775 1900 5827 δὲ

321 5861 417 5912 καὶ
447 5859 661 5912 Παῦλον
697 5860 790 5912 τὸν
823 5861 1050 5948 ἐπίκλην
1079 5865 1347 5921 Μελανόν.
1374 5869 1483 5920 Καὶ
1511 5868 1683 5934 τρίτοι
1711 5868 1768 5920 δέ
1798 5869 1902 5919 εἰσι

2001 4663 2146 4734 apud
2191 4677 2289 4718 eos
2337 4661 2684 4718 Alexandriae
2728 4675 2869 4730 papa
2922 4662 3103 4718 factus
3140 4672 3242 4718 est.
3272 4663 3479 4720 Deinde
3527 4675 3585 4721 et

1999 4757 2168 4820 alios,
2218 4755 2474 4825 aquibus
2497 4764 2554 4810 et
2580 4754 2675 4825 qui
2713 4755 2971 4824 Agnoeta:
3011 4754 3299 4820 dicuntur,
3325 4765 3382 4811 et
3432 4758 3586 4814 Con-

1955 4897 1961 4906 ,
2002 4844 2318 4908 tobabditae,
2360 4861 2390 4899 a
2441 4844 2564 4899 loco
2625 4845 2866 4914 quodam
2907 4845 3132 4900 nomine
3185 4847 3288 4900 hoc
3334 4833 3578 4918 snrnpto,

1999 4939 2352 5010 prodierunt:
2391 4940 2486 5010 qui
2523 4947 2581 4994 et
2606 4938 3001 5002 TheodOsiani,
3039 4939 3186 5009 quod
3217 4940 3431 4996 scilicet
3452 4957 3581 5013 eum

1999 5049 2163 5105 quem
2195 5033 2456 5099 diximus,
2485 5032 2855 5087 Theodosium
2896 5031 3242 5101 potissimum
3277 5035 3581 5089 consectati

1999 5127 2135 5194 sint,
2162 5135 2294 5184 sunt
2319 5125 2612 5197 appellati:
2639 5125 2736 5180 sed
2773 5135 2962 5194 postea
3014 5126 3083 5181 ab
3118 5127 3208 5182 illo
3239 5126 3580 5182 anathemati

2001 5219 2234 5291 subjecti
2301 5229 2453 5275 sunt.
2506 5217 2584 5273 Ita
2635 5228 2693 5271 ut
2718 5218 3042 5288 ignorantia:
3075 5217 3579 5274 hzeresisinterci-

2000 5312 2159 5377 dens,
2225 5308 2552 5381 ignorantiae
2605 5307 2863 5364 mandata
2898 5309 2992 5363 sit.
3054 5308 3162 5364 Alii
3185 5318 3394 5376 autem,
3428 5308 3579 5379 quod

2001 5406 2272 5474 scriptum
2334 5403 2457 5473 ejus
2504 5402 2573 5458 de
2599 5400 2872 5457 Trinitate
2898 5401 3263 5471 compositum
3288 5417 3399 5457 non
3426 5416 3579 5456 rece-

2001 5500 2208 5568 perint,
2257 5495 2673 5552 Contobabditze
2705 5510 2736 5550 a
2782 5495 2928 5554 loco,
2993 5494 3157 5549 sicuti
3187 5493 3447 5558 diximus,
3484 5509 3584 5549 no-

2003 5592 2195 5644 minati
2257 5600 2406 5644 sunt.
2460 5589 2502 5644 li
2539 5603 2782 5658 quoque,
2852 5588 2998 5658 quod
3052 5587 3318 5644 Severum
3365 5595 3582 5641 tantum

2006 5683 2339 5751 receperint,
2374 5681 2748 5737 Severitarum
2775 5695 2978 5736 nomen
3033 5681 3297 5736 habuere.
3330 5679 3428 5734 Est
3473 5679 3583 5734 alia

2005 5775 2171 5829 etiam
2228 5773 2604 5829 Severitarum
2665 5773 2888 5839 cohors,
2948 5772 3044 5842 qui
3105 5780 3162 5827 et
3211 5771 3586 5827 Theodosiani

2009 5871 2275 5939 vocantur
2297 5879 2312 5918 :
2342 5871 2638 5938 propterea
2661 5864 2805 5933 quod
2829 5863 3024 5918 ambos
3050 5863 3214 5919 hosce
3237 5862 3589 5926 admiserint,
