4084 6452
517 397 638 461 εει

1765 402 2195 464 NICEPHORI
2235 383 2588 464 CALLISTI

3702 409 3808 472 432

544 524 882 591 tertiumque
917 520 1146 592 insuper
1198 520 1429 576 Paulum
1475 531 1843 591 cognomento
1876 521 2127 592 Nigrum.

2233 520 2541 593 Σευηρῖται,
2569 520 2621 575 οἶ
2673 521 2770 575 καὶ
2801 521 3146 578 Θεοδοσιανοὶ
3181 525 3277 579 καὶ
3333 523 3661 594 ’Δγγελῖται,
3713 529 3811 578 καὶ

545 613 719 668 Tertii
752 621 1020 684 praeterea
1056 613 1319 667 Severitze
1352 622 1503 672 sunt.
1537 611 1631 682 qui
1687 622 1742 666 et
1797 613 1901 682 ipsi
1938 612 2120 666 Theo-

542 707 753 761 ilosiani
790 707 1077 767 dicuntur.
1129 717 1184 760 et
1247 706 1532 775 Angelitze,
1566 715 1622 761 et
1677 704 2118 770 Damianistzeﬁi

542 799 838 866 episcopos
865 813 995 853 suos
1035 813 1257 868 quoque
1293 798 1518 861 habent,
1559 813 1590 852 a
1641 797 1846 868 quibus
1877 813 2119 864 congru-

540 896 688 948 entia
725 891 951 945 nomina
1001 891 1316 958 accipiunt;
1343 891 1634 960 episcopos
1669 889 1770 944 soli
1799 889 2116 944 Contobab-

543 987 675 1040 dita:
700 1002 804 1040 non
860 986 1156 1054 recipiunt.
1182 985 1353 1038 Porro
1387 983 1652 1038 Severitw
1688 981 1802 1044 isti,
1827 982 1919 1050 qui
1955 981 2120 1035 iidem

546 1088 603 1130 et
626 1076 996 1132 Theodosiani
1033 1084 1085 1128 et
1114 1075 1398 1144 Angelius,
1434 1088 1649 1128 necnon
1683 1083 1740 1128 et
1767 1072 2123 1127 Damianista:

548 1180 698 1231 sunt,
727 1169 892 1240 877
924 1168 1093 1222 alium
1140 1181 1262 1220 esse
1318 1166 1512 1220 dicunt
1543 1167 1780 1229 Patrem,
1813 1164 1980 1218 alium
2005 1178 2124 1217 esse

550 1261 774 1323 Filium,
828 1269 881 1313 et
921 1259 1088 1312 alium
1141 1256 1509 1313 Paracletum,
1569 1253 1837 1324 Spiritum
1866 1254 2126 1308 videlicet

551 1363 980 1417 sanctum;non
1041 1366 1164 1404 esse
1216 1359 1400 1402 autem
1456 1347 1656 1402 horum
1689 1361 1969 1416 quemque
2024 1361 2126 1416 per

474 1451 484 1460 '
549 1444 792 1511 seipsum
843 1453 1115 1503 naturam,
1164 1441 1258 1495 sed
1323 1440 1529 1494 habere
1560 1453 1912 1494 communem
1951 1439 2121 1493 Deum

549 1539 663 1592 sive
698 1537 957 1591 deitatem
989 1536 1043 1589 in
1073 1535 1157 1589 eis
1193 1533 1552 1588 exsistentem
1579 1549 1594 1590 :
1632 1539 1796 1601 atque
1817 1533 1884 1586 de
1913 1547 1976 1586 ea
2004 1531 2121 1585 dci-

551 1641 662 1684 tate
720 1627 1042 1683 indivisibili
1105 1625 1266 1680 modo
1325 1624 1748 1694 participantes,
1810 1623 2120 1694 quemlibet

552 1736 678 1776 esse
733 1721 927 1774 Deum.
967 1719 1144 1774 Unam
1171 1728 1356 1774 autem
1378 1717 1794 1773 subsistentiam
1819 1718 2120 1787 opinantur

549 1831 693 1879 esse,
747 1815 987 1876 Patrem,
1035 1823 1090 1866 et
1142 1811 1449 1874 Filium,et
1503 1810 1774 1878 Spiritum
1829 1818 2122 1864 sanctum:

547 1921 894 1962 communem
955 1920 1088 1958 vero
1113 1904 1290 1972 ipsum
1331 1903 1526 1965 Deum,
1551 1902 1914 1955 substantiam
1938 1911 1992 1955 et
2027 1918 2118 1956 na-

547 2005 748 2052 turam.
781 1994 1052 2050 Ca-tcrum
1078 1992 1342 2062 Angelita:
1379 1991 1468 2045 isti
1530 1991 1600 2045 ab
1639 1990 1985 2048 adversariis,
2038 1992 2117 2045 ita

545 2089 805 2160 appellati
834 2097 982 2152 sunt,
1013 2102 1040 2139 a
1088 2085 1325 2156 quodam
1359 2082 1705 2139 Alexandriae
1736 2082 1879 2146 loco,
1905 2082 2122 2148 Angelii

545 2199 748 2240 nomen
777 2181 1055 2236 habente:
1086 2180 1142 2234 in
1172 2194 1282 2249 quo
1307 2178 1545 2241 scilicet,
1581 2177 1677 2246 qui
1713 2176 1920 2246 primas
1975 2174 2122 2244 apud

547 2291 647 2332 eos
671 2276 875 2338 ferunt,
903 2281 1210 2329 conventus
1241 2269 1536 2339 cogebant.
1593 2268 1706 2323 Hos
1733 2269 1897 2323 iidem
1929 2267 2125 2321 adver-

547 2368 682 2426 sarii
712 2364 1125 2422 Sabellianistas
1179 2360 1371 2423 etiam,
1422 2369 1479 2413 et
1505 2357 1818 2413 Tetraditas
1873 2359 2128 2412 nomina-

550 2470 704 2516 runt.
757 2458 897 2513 Sunt
956 2468 1175 2509 rursum
1220 2452 1316 2508 alii
1371 2452 1538 2506 etiam
1589 2451 1772 2520 quarti
1830 2451 2119 2515 Severita,

552 2553 833 2621 iidemque
888 2546 1131 2612 l’etritze,
1162 2559 1362 2600 nomen
1406 2543 1459 2598 id
1496 2542 1567 2597 ab
1597 2544 1860 2612 episcopo
1887 2541 2127 2610 quodam

551 2662 654 2702 suo
707 2645 870 2700 Petro
917 2640 1248 2697 consecuti:
1309 2640 1403 2709 qni
1469 2639 1672 2692 Severo
1707 2645 1762 2691 et
1815 2635 2129 2690 Theodosio

543 2748 795 2808 recepto,
861 2735 1092 2791 Paulum
1148 2742 1204 2788 et
1266 2731 1720 2786 Damiannmnon
1759 2729 2124 2791 admiserunt,

537 2832 755 2902 quippe
777 2828 1094 2899 opinionem
1127 2825 1416 2893 utriusque
1441 2823 1813 2892 improbantes
1842 2839 1856 2877 :
1898 2833 1952 2874 et
1981 2819 2127 2890 quod

540 2940 680 2978 tcum
708 2921 958 2976 Ecclesia
1023 2915 1300 2972 catholica
1329 2911 1831 2975 communit-antes,-
1857 2908 2128 2980 synodum

534 3024 803 3085 quartam
863 3026 972 3064 non
1031 3007 1429 3079 approbarunt.
1482 3001 1817 3059 Proﬁtentur
1854 2998 2128 3069 siquidem

531 3107 629 3163 ~i|li
683 3107 877 3168 Deum,
919 3101 1226 3157 secundum
1288 3097 1580 3152 veritatem
1617 3103 1674 3149 et
1721 3094 2018 3150 essentiam
2072 3100 2131 3146 et

2223 613 2584 683 Δαμιανισταί
2601 629 2616 645 ⁶
2661 613 2712 667 οἳ
2742 614 2840 666 καὶ
2864 615 3202 680 ἐπισκόπους
3233 616 3385 686 σφῶν
3415 617 3688 688 δέχονται,
3713 619 3807 687 ἀφ’

2221 695 2298 756 ὧν
2326 701 2674 772 παρωνύμως
2708 703 3108 773 κικλήσκονται
3129 719 3144 736 ο
3170 702 3264 766 οὓς
3299 705 3347 757 οί
3382 704 3808 759 Κοντοὸαόδῖται

2227 795 2378 866 μόνοι
2426 795 2487 848 ού
2530 795 2811 865 δέχονταιο
2849 796 2898 849 οἳ
2927 795 2993 865 δὴ
3045 797 3340 865 Σευηρῖται
3374 795 3546 860 οὗτοι,
3609 799 3657 850 oi
3713 800 3809 851 καὶ

2223 889 2562 943 Θεοδοσιανοὶ
2591 891 2686 944 καὶ
2715 893 3100 960 Δαμιανισταὶ,
3134 892 3294 945 ἄλλον
3325 895 3426 962 μὲν
3453 887 3596 946 εἶναι
3618 892 3809 960 λέγου-

2228 997 2281 1034 σι
2311 981 2404 1034 τὸν
2433 981 2672 1053 Πατέρα,
2701 983 2861 1038 ἄλλον
2899 984 2957 1038 δὲ
2984 987 3076 1038 τὸν
3107 985 3253 1049 ΥΞὸν,
3289 986 3382 1039 καὶ
3411 986 3570 1040 ἄλλον
3588 986 3680 1039 τὸν
3704 989 3812 1039 Πα-

2227 1073 2518 1144 ράκλητον,
2556 1073 2616 1126 τὸ
2640 1076 2796 1139 ἆγιον
2818 1075 3020 1146 δηλαδὴ
3056 1076 3300 1147 Πνεῦμα.
3328 1078 3417 1147 Μὴ
3445 1073 3586 1130 εῖναι
3607 1077 3665 1130 δέ
3688 1077 3812 1131 τού-

2226 1183 2335 1219 των
2365 1165 2598 1220 ἕκαστον
2641 1167 2766 1220 καθ’
2794 1168 2988 1220 ἐαυτὸν
3046 1168 3231 1235 φύσιν,
3285 1167 3402 1220 ἀλλ’
3430 1167 3576 1236 ἔχειν
3632 1167 3814 1220 κοινὸν

2226 1259 2384 1326 Θεὸν,
2416 1261 2584 1329 ἤγουν
2616 1259 2847 1331 θεότητα
2903 1259 3246 1328 ἐνύπαρκτον
3287 1260 3379 1312 καὶ
3423 1259 3628 1329 ταύτης
3661 1258 3816 1330 μετέο

2227 1369 2423 1422 χοντας
2448 1353 2780 1424 ἁμερίστως,
2806 1348 2950 1406 εἶναι
2979 1353 3114 1406 Θεὸν
3142 1353 3398 1406 ἕκαστον.
3423 1351 3570 1405 Μίαν
3595 1350 3650 1404 δέ
3684 1351 3815 1403 ὑπό-

2231 1463 2421 1500 στασιν
2470 1445 2757 1512 δοξάζουσι
2802 1446 2892 1498 τὸν
2924 1447 3145 1516 Πατέρα
3195 1447 3290 1500 καὶ
3333 1445 3424 1502 τὸν
3463 1446 3590 1498 Υίὸν
3621 1445 3714 1499 καὶ
3753 1446 3814 1497 τὸ

2230 1540 2456 1608 Πνεῦμα
2501 1539 2562 1592 τὸ
2611 1539 2769 1606 διγιον
2790 1580 2804 1603 ,
2855 1539 2946 1592 τὸν
2970 1540 3027 1593 δέ
3059 1539 3238 1594 κοινὸν
3276 1540 3440 1593 αὐτὸν
3469 1539 3603 1591 Θεὸν
3624 1539 3814 1591 οὐσίαν

2229 1632 2324 1684 καὶ
2352 1630 2536 1700 φύσιν.
2573 1631 2888 1699 Ἀγγελῖται
2919 1631 2975 1684 δέ
3015 1633 3248 1684 τοιοῦτοι
3279 1631 3386 1685 ἀπὸ
3417 1631 3530 1684 τῶν
3563 1631 3629 1684 δι’
3663 1633 3814 1683 ἐναν-

2228 1724 2351 1785 τίας
2405 1723 2737 1794 ἐκλήθησαν,
2793 1723 2856 1777 ἐκ
2901 1740 3048 1788 τινος
3081 1727 3139 1777 ἐν
3187 1723 3574 1795 Ἀλεξανδρείᾳ
3621 1725 3812 1786 τόπου,

2242 1813 2528 1883 Ἀγγελίου
2560 1805 2920 1884 καλουμένου,
2979 1817 3036 1868 ἐν
3063 1809 3108 1884 ᾦ
3137 1816 3230 1869 καὶ
3278 1817 3379 1882 τὴν
3413 1813 3744 1884 συναγωγὴν
3763 1815 3813 1865 οἱ

2224 1909 2294 1962 τὰ
2347 1908 2542 1978 πρῶτα
2594 1908 2726 1978 παρ’
2770 1909 2955 1972 αὐτοῖς
2993 1909 3256 1979 φέροντες
3316 1904 3504 1978 εἶχον·
3537 1907 3631 1972 οὓς
3675 1908 3726 1960 οἱ
3756 1907 3824 1972 ἐξ

2225 2001 2472 2063 ἐναντίας
2499 2002 2593 2054 καὶ
2618 2001 3075 2064 Σαδελλιανιστὰς
3123 2001 3217 2053 καὶ
3239 1999 3568 2067 Τετραδίτας
3599 1998 3816 2066 ὡνόμα-

2227 2095 2617 2162 σαν.Τέταρτοι
2636 2093 2802 2146 πάλιν
2826 2093 3006 2162 ἕτεροι
3026 2089 3399 2162 Σευηρῖται,οἳ
3429 2091 3524 2144 καὶ
3549 2091 3810 2161 Πετρῖται

2225 2185 2401 2256 δνομα
2426 2185 2584 2254 ἔσχον
2615 2185 2724 2238 ἀπό
2753 2201 2898 2248 τινος
2928 2184 3231 2238 ἐπισκόπου
3261 2184 3440 2237 αὐτῶν
3480 2183 3690 2252 Πέτρου
3713 2183 3814 2251 τὴν

2227 2280 2459 2348 κλῆσινο
2518 2279 2568 2331 οἳ
2623 2277 2862 2347 Σευῆρον
2905 2277 3000 2329 καὶ
3052 2275 3333 2330 Θεοδόσιον
3392 2274 3809 2345 ἀποδεχόμενοι,

2233 2371 2446 2424 Παῦλον
2471 2371 2564 2423 καὶ
2581 2369 2856 2435 Δαμιανὸν
2881 2369 2940 2420 ού
2967 2368 3274 2439 προσίεντο,
3300 2367 3386 2421 ἅθ’
3413 2369 3692 2438 ἑκατέρων
3711 2367 3812 2438 τὴν

2229 2461 2388 2526 δόξαν
2419 2460 2816 2530 ἐπαιτιώμενοι
2839 2475 2852 2490 ’
2910 2461 3006 2514 καὶ
3036 2460 3118 2513 ὅτι
3149 2462 3214 2531 τῇ
3268 2459 3500 2512 καθόλου
3548 2460 3814 2528 κοινωνή-

2232 2569 2428 2616 σαντες
2495 2551 2792 2623 Ἐκκλησίᾳ
2846 2549 2945 2622 τὴν
2987 2547 3028 2603 δ’
3062 2551 3124 2603 οῦ
3159 2552 3505 2621 προσήκαντο
3566 2549 3809 2603 σύνοδον.

2243 2641 2604 2714 Ὀμολογοῦσι
2625 2642 2733 2713 γὰρ
2755 2641 2891 2694 Θεὸν
2911 2639 3055 2693 κατὰ
3081 2639 3346 2710 ἀλήθειαν
3376 2640 3472 2692 καὶ
3501 2638 3693 2692 οὐσίαν
3717 2636 3812 2690 καὶ

2233 2737 2398 2808 φύσιν
2461 2737 2697 2788 ἕκαστον
2758 2733 2881 2786 καθ’
2937 2733 3164 2804 ἑαυτὴν,
3188 2733 3280 2785 τὸν
3314 2731 3558 2800 Πατέρα,
3587 2733 3681 2782 καὶ
3718 2729 3813 2780 τὸν

2233 2832 2384 2898 Υἰὸν,
2413 2831 2508 2884 καὶ
2561 2828 2619 2881 τὸ
2647 2827 2803 2896 ἅγιον
2857 2827 3080 2897 Πνεῦμα
3135 2827 3387 2894 λέγοντες
3437 2825 3534 2877 οὐκ
3567 2823 3810 2892 ἀριθμῷ,

2231 2923 2364 2980 ἀλλὰ
2393 2925 2464 2993 τῇ
2486 2920 2899 2993 ἁπαραλλάκτῳ
2935 2919 3116 2990 οὐσίᾳ.
3148 2917 3255 2981 Οὓς
3277 2917 3568 2986 Τριθεΐτας
3598 2915 3648 2967 ot
3681 2914 3813 2985 περὶ

2232 3023 2445 3078 Παῦλον
2469 3019 2564 3074 καὶ
2595 3017 2869 3086 Δαμιανὸν
2895 3012 3287 3084 κατωνόμαζον
3311 3029 3327 3046 ο
3359 3012 3434 3074 ὡς
3463 3013 3662 3064 ἐκεῖνοι
3688 3009 3814 3062 τού-

2229 3127 2358 3174 τους
2386 3108 2518 3162 ποτὲ
2556 3108 2656 3178 μὲν
2684 3105 3041 3175 Τετραδίτας,
3083 3103 3216 3156 ποτέ
3245 3103 3300 3155 δέ
3346 3104 3441 3155 καὶ
3469 3101 3815 3155 Σαδελλιανι-

532 3208 807 3254 maturant
839 3207 1113 3264 qnamque
1154 3207 1252 3261 per
1282 3189 1555 3259 seipsam:
1583 3187 1801 3242 Patrem
1829 3195 1894 3240 et
1919 3185 2123 3240 Filium

2233 3204 2388 3268 στὰς,
2420 3201 2496 3265 ὥς
2552 3217 2644 3270 μοι
2699 3199 3064 3270 προείρηταιο
3118 3196 3176 3248 ἐν
3221 3193 3432 3256 τούτοις
3472 3193 3599 3248 ἄλλο
3649 3191 3814 3246 πάλιν

529 3301 611 3346 ret
639 3289 906 3359 Spiritum
943 3289 1214 3340 sanctum
1258 3282 1526 3345 diwntes,
1572 3294 1682 3333 non
1711 3293 1968 3344 numero,
2029 3277 2127 3332 sed

535 3399 656 3453 --per
677 3381 862 3436 omnia
911 3377 1084 3433 simili
1149 3376 1414 3432 essentia.
1445 3375 1553 3429 Eos
1581 3373 1784 3428 Paulus
1807 3381 1868 3428 et
1915 3371 2132 3425 Damia-

525 3491 661 3530 ~nus
687 3471 986 3529 Tritheitas
1022 3471 1380 3524 nominarunt
1406 3485 1420 3522 :
1460 3467 1624 3523 sicuti
1655 3467 1734 3521 illi
1759 3466 1928 3520 hosce
1956 3480 2132 3534 quan-

553 3569 739 3636 doque
763 3566 930 3620 etiam
989 3560 1438 3624 Sabellionistas,‘
1466 3558 1631 3614 sicuti
1662 3557 1827 3611 modo
1860 3556 1997 3610 dixi.
2029 3555 2123 3609 ln-

535 3675 724 3731 ~super
769 3657 877 3712 alia
926 3668 1148 3726 quoque
1181 3653 1374 3724 quinta
1407 3651 1784 3708 Severitarum
1859 3659 1914 3704 et
1953 3648 2133 3704 Theo-

539 3753 906 3808 dosianorom
944 3756 1091 3805 secta
1139 3753 1243 3813 est,
1273 3743 1370 3815 qui
1405 3743 1688 3799 Cononitze
1709 3743 1841 3798 dicti
1875 3750 2042 3806 sunt,
2076 3748 2133 3796 et

550 3846 647 3916 qui
671 3842 934 3899 Severum
964 3848 1019 3896 et
1048 3836 1439 3900 Theodosium,
1471 3835 1862 3905 etepiscolium
1895 3844 2123 3904 prater-

553 3953 618 3992 ea
673 3933 816 4005 apud
881 3948 978 3987 eos
1023 3928 1317 4002 quemdam
1376 3927 1682 3988 Cononem,
1735 3941 1905 3996 aquo
1963 3926 2127 3981 etiam

553 4027 821 4084 nominati
873 4035 1022 4090 sunt,
1066 4023 1323 4094 probant.
1376 4020 1716 4076 Proﬁtentur
1754 4034 1885 4074 sane
1929 4026 1986 4072 et
2017 4017 2130 4081 isti,

553 4136 746 4176 revera
774 4119 942 4172 Deum
970 4116 1189 4186 quidem
1211 4129 1334 4168 esse
1369 4122 1425 4168 et
1460 4121 1714 4165 naturam
1740 4123 1796 4165 et
1817 4109 2126 4190 essentiam

555 4225 854 4280 quamque,
884 4208 1103 4262 Patrem
1160 4205 1421 4259 videlicet
1449 4214 1506 4258 et
1541 4201 1738 4256 Filium
1770 4209 1826 4255 et
1860 4199 2130 4275 Spiritum

556 4311 808 4355 sanctum
848 4297 960 4352 :ad
989 4297 1132 4354 lucc.
1168 4305 1279 4349 tres
1340 4308 1562 4364 quoque
1602 4305 1870 4361 personas
1915 4291 2130 4355 dicunt,

539 4395 730 4463 ipsam
763 4389 1024 4445 nimirum
1059 4398 1304 4441 sanctam
1332 4385 1685 4447 Trinitatem,
1721 4391 1778 4437 et
1832 4382 2136 4437 subsisten-

558 4486 665 4539 tias
701 4479 999 4536 tres.‘Tres
1050 4485 1235 4532 autem
1269 4491 1501 4530 numero
1531 4473 1866 4530 substantias
1896 4484 1952 4528 et
1976 4482 2135 4528 natu-

557 4589 650 4628 ras
687 4587 786 4642 per
812 4570 997 4625 omnia
1028 4567 1262 4627 similes.
1297 4565 1604 4622 secundum
1655 4565 1918 4620 deitatem
1944 4565 2133 4620 dicen-
2169 4559 2211 4614 D

455 4667 458 4670 ’
559 4677 664 4731 tes,
694 4677 970 4731 unamque
1000 4659 1392 4715 susbstantiam
1431 4657 1548 4711 sive
1579 4664 1852 4720 naturam,
1880 4667 1937 4711 et
1968 4672 2133 4711 unam

557 4758 817 4812 deitatem
878 4755 993 4808 sive
1021 4753 1215 4815 Deum,
1263 4759 1580 4806 sanctamet
1605 4750 2132 4805 consubstantialem

561 4847 888 4918 proﬁtentes
913 4844 1267 4907 Trinitatem,
1320 4858 1429 4897 non
1467 4856 1722 4906 numero,
1757 4843 1852 4898 sed
1888 4859 1984 4912 per
2007 4857 2132 4896 om-

463 4980 471 4987 .
557 4941 645 4994 nia
687 4940 858 4994 simili
897 4938 1121 4997 deitate,
1151 4945 1260 4990 tres
1306 4939 1437 4991 deos
1469 4943 1564 4990 aut
1596 4945 1708 4991 tres
1740 4937 1976 4990 deitatcs
2003 4949 2130 4988 om-

559 5033 693 5085 nino
739 5031 929 5084 dicere
991 5029 1446 5099 tcrgiversantur.
1477 5026 1570 5082 Isti
1603 5043 1741 5099 sane
1795 5041 1974 5097 neque
2025 5025 2134 5080 Da-

559 5123 828 5185 mianum,
881 5137 1062 5191 neque
1121 5120 1371 5184 Paulum,
1405 5134 1583 5191 neque
1622 5121 1762 5175 adeo
1789 5129 2133 5189 postremum

559 5212 704 5284 apud
744 5227 840 5267 eos
869 5215 1090 5268 Petrum
1133 5222 1486 5282 receperunt.
1537 5214 1688 5280 Quos
1738 5213 1889 5282 ipsos
1919 5214 2138 5268 Damia~

559 5305 719 5360 nisue
766 5313 822 5358 et
865 5304 1110 5360 Pauliani
1154 5315 1216 5380 et
1258 5306 1478 5360 Petritae
1507 5305 1804 5360 Tritheitas
1847 5305 2013 5374 primi
2042 5320 2138 5374 ap-

562 5393 858 5462 pellarunt.
883 5394 1054 5465 878
1083 5395 1675 5452 Discesserunt-aulem
1725 5398 1795 5452 ab
1825 5398 1930 5462 eis,
1969 5413 2136 5468 prop-

559 5496 713 5540 terea
753 5489 897 5556 quod
936 5489 1012 5541 illi
1042 5499 1149 5543 tres
1191 5490 1345 5554 deos,
1366 5492 1482 5545 sive
1507 5499 1622 5545 tres
1651 5491 1890 5546 deitates
1917 5491 2130 5558 dicere,

560 5577 778 5635 Patrem
805 5591 864 5634 et
892 5581 1089 5635 Filium
1123 5593 1179 5636 ct
1203 5583 1466 5652 Spiritum
1487 5594 1763 5648 sanctum,
1805 5597 2130 5650 renuentes,

564 5676 681 5724 tres
710 5686 933 5740 quoque
964 5674 1151 5727 dicere
1214 5691 1446 5730 numero
1487 5673 1825 5730 substantias
1869 5681 2129 5746 aequales,

558 5771 615 5814 et
646 5762 784 5816 nihil
831 5779 1058 5833 prorsus
1112 5769 1386 5824 variantes
1441 5768 1770 5824 detrectant.
1836 5769 1899 5823 Hi
1945 5780 2128 5824 autem

555 5857 671 5909 tres
725 5857 947 5926 quidem
989 5859 1122 5914 deos
1160 5874 1255 5914 seu
1308 5869 1419 5915 tres
1445 5862 1676 5916 deitates
1702 5861 1886 5917 dicere
1937 5877 2132 5926 snper-

2234 3297 2484 3366 πὲμπτον
2511 3293 2709 3364 τμῆμα
2731 3290 3044 3362 Σευηριτῶν
3077 3291 3170 3342 καὶ
3201 3287 3589 3351 Θεοδοσιανῶν,
3615 3287 3665 3339 οῖ
3699 3287 3812 3339 Κο-

2231 3389 2460 3443 νωνῖται
2498 3382 2845 3454 ἐκλήθησαν·
2901 3378 2952 3434 οἳ
3004 3378 3069 3450 δὴ
3119 3377 3360 3446 Σευῆρον
3401 3378 3498 3429 καὶ
3529 3375 3811 3428 Θεοδόσιον

2232 3481 2502 3550 δέχονται,
2533 3476 2670 3546 πρὸς
2722 3475 2780 3528 δὲ
2830 3474 2926 3528 καί
2957 3489 3081 3526 τινα
3130 3472 3432 3524 ἐπίσκοπον
3466 3469 3598 3540 παρ’
3628 3463 3814 3530 αὐτοῖς

2231 3570 2407 3641 ὕνομα
2437 3569 2686 3622 Κόνωναο
2717 3566 2767 3620 οἳ
2787 3565 2850 3636 δὴ
2877 3567 2973 3618 καὶ
2999 3564 3151 3616 αύτοὶ
3176 3561 3498 3632 ὁμολογοῦσι
3529 3561 3630 3630 μὲν
3667 3561 3814 3613 κατὰ

2233 3663 2494 3734 ἀλήθειαν
2520 3659 2653 3713 Θεὸν
2687 3659 2788 3730 μὲν
2835 3651 2974 3710 εἶναι
3004 3657 3098 3708 καὶ
3150 3655 3312 3725 φύσιν
3340 3655 3435 3708 καὶ
3468 3653 3656 3707 οὐσίαν
3685 3653 3815 3706 ἐκα-

2236 3775 2382 3822 στσν,
2413 3755 2506 3808 τὸν
2536 3753 2756 3823 Πατέρα
2782 3750 2876 3804 καὶ
2903 3750 2996 3803 τὸν
3026 3749 3154 3802 Υίὸν
3187 3750 3280 3801 καὶ
3307 3747 3368 3801 τὸ
3385 3749 3541 3816 ἅγιον
3567 3746 3812 3813 Πνεῦμα.

2239 3851 2360 3904 Ἔτι
2391 3865 2454 3916 γε
2489 3847 2595 3918 μὴν
2627 3845 2722 3898 καὶ
2765 3843 2892 3914 τρία
2937 3841 3208 3912 πρόσωπα
3262 3841 3437 3908 φασὶ,
3498 3837 3596 3908 τὴν
3651 3835 3816 3903 ἁγίαν

2235 3943 2466 4014 Τριάδα,
2501 3941 2599 3993 καὶ
2658 3938 2988 3998 ὑποστάσεις
3037 3937 3207 4002 τρεῖς.
3261 3934 3419 4004 Τρεῖς
3454 3931 3510 3984 δέ
3557 3928 3816 3996 τιναςτῷ

2233 4036 2454 4109 ἀριθμῷ
2484 4035 2671 4098 οὐσίας
2706 4033 2802 4086 καὶ
2829 4029 3018 4099 φύσεις
3043 4025 3506 4094 ἀπαραλλάκτους
3544 4023 3682 4075 κατὰ
3712 4021 3816 4090 τὴν

2233 4131 2468 4200 θεᾶτητα
2502 4128 2780 4196 λέγοντες,
2812 4121 2941 4194 μίαν
2965 4138 3025 4174 τε
3055 4119 3270 4184 οὐσίαν,
3297 4119 3464 4186 ἧγουν
3497 4112 3680 4183 φύσιν,
3713 4111 3815 4164 καὶ

2239 4225 2370 4294 μίαν
2398 4220 2652 4289 θεότητα,
2677 4217 2848 4286 ἡγουν
2881 4213 3036 4279 Θεὸν,
3078 4213 3178 4282 τὴν
3205 4211 3369 4279 ἁγίαν
3399 4208 3496 4261 καὶ
3523 4203 3816 4275 ὀμοούσιον

2235 4311 2627 4382 ὁμολογοῦντες
2648 4305 2872 4378 Τριάδα,
2898 4305 3000 4357 οὐκ
3039 4301 3280 4373 ἀριθμῷ,
3315 4300 3450 4353 ἀλλὰ
3479 4302 3543 4370 τῇ
3566 4296 3816 4367 ἀπαραλ-

2235 4403 2419 4471 λάκτῳ
2455 4397 2695 4468 θεότητι,
2722 4396 2870 4466 τρεῖς
2900 4392 3079 4456 θεοὺς,
3111 4391 3313 4462 ἢτρεῖς
3342 4389 3603 4460 θεότητας
3633 4387 3814 4451 λέγειν

2238 4489 2636 4563 παραιτοῦνται
2681 4486 3048 4540 παντάπασιν.
3077 4482 3242 4540 Οὗτοι
3263 4483 3320 4535 δὲ
3351 4481 3473 4534 ούδέ
3515 4481 3812 4550 Δαμιανὸν,

2236 4586 2356 4638 οὐδὲ
2381 4582 2614 4642 Παῦλον,
2644 4579 2765 4631 ούδέ
2805 4577 2896 4630 τὸν
2947 4577 3172 4646 ἔσχατον
3220 4576 3351 4644 παρ’
3385 4574 3570 4637 αὐτοῖς
3603 4574 3811 4640 Πέτρον

2236 4676 2609 4745 προσήκαντοο
2628 4671 2721 4731 οῦς
2741 4669 2790 4722 οἱ
2811 4669 2918 4723 ἀπὸ
2935 4666 3206 4738 Δαμιανοῦ
3234 4668 3327 4720 καὶ
3346 4668 3557 4720 Παύλου
3587 4667 3678 4718 καὶ
3717 4663 3818 4716 Πέο

2236 4785 2368 4838 τρου
2402 4764 2695 4836 Τριθεϊτας
2729 4764 2935 4833 πρῶτοι
2971 4760 3281 4828 ὠνόμασαν.
3305 4760 3587 4811 Διίσταντο
3613 4757 3668 4807 δέ
3695 4754 3815 4807 τού-

2235 4859 2566 4927 των,ὄτιπερ
2582 4858 2778 4909 ἐκεῖνοι
2797 4850 3231 4922 παραιτούμενοι
3261 4851 3411 4918 τρεῖς
3433 4848 3616 4916 λέγειν
3634 4847 3813 4910 θεοὺς,

2236 4949 2404 5019 ἤγουν
2421 4947 2682 5014 θεότητας
2703 4945 2875 5013 τρεῖς,
2904 4942 2995 4996 τὸν
3025 4941 3246 5011 Πατέρα
3269 4943 3362 4992 καὶ
3382 4939 3474 4992 τὸν
3503 4939 3627 4991 Υίὸν
3645 4937 3736 4988 καὶ
3754 4936 3814 4987 τὸ

2236 5040 2391 5106 ἅγιον
2419 5036 2670 5107 Πνεῦμα,
2700 5033 3098 5105 παραιτοῦνται
3124 5034 3221 5086 καὶ
3248 5033 3310 5084 τὸ
3357 5031 3534 5098 λέγειν
3563 5031 3714 5099 τρεῖς
3737 5026 3814 5098 τῷ

2237 5130 2457 5202 ἀριθμῷ
2501 5129 2710 5193 οὐσίας,
2747 5128 2868 5190 ίσῖς
2917 5129 3014 5180 καὶ
3041 5123 3515 5193 ἀπαραλλάκτους.
3543 5113 3705 5175 Οὗτοι
3754 5120 3812 5172 δὲ

2236 5224 2297 5277 τὸ
2330 5225 2428 5293 μὲν
2450 5222 2632 5290 λέγειν
2673 5221 2823 5290 τρεῖς
2877 5218 3032 5281 θεοὺς
3061 5219 3180 5288 ἢτοι
3230 5220 3385 5288 τρεῖς
3423 5215 3684 5286 θεότητας
3709 5233 3812 5267 πα-

2239 5314 2550 5386 ραιτοῦνται
2573 5329 2587 5343 ο
2642 5315 2794 5384 τρεῖς
2823 5315 2879 5366 δέ
2909 5315 2988 5385 τῷ
3015 5312 3472 5382 ἁριθμῷὀύσίας,
3515 5312 3682 5381 ἤγουν
3713 5309 3813 5378 φύ-

2239 5420 2354 5466 σεις
2383 5406 2535 5466 τινὰς
2568 5403 2708 5468 ίσας,
2740 5404 3118 5473 ὁμολογοῦσιν.
3149 5405 3210 5457 Oi
3240 5403 3295 5457 δὲ
3325 5403 3432 5456 ἀπὸ
3455 5405 3697 5462 Κόνωνος
3724 5399 3812 5452 δε-

2236 5497 2456 5564 χόμενοι
2488 5495 2757 5565 πρότερον
2785 5497 2853 5548 τὰ
2913 5495 3330 5565 συγγράμματα
3379 5494 3626 5548 Ἰωάννου
3661 5491 3814 5545 Ἀλε-

2237 5587 2510 5654 ξανδρέως
2543 5585 2937 5657 γραμματικοῦ
2965 5587 3060 5639 τοῦ
3109 5586 3430 5652 Φιλοπόνου,
3461 5588 3496 5640 ἃ
3526 5583 3649 5639 καθ’
3689 5583 3816 5636 Ἐλ-

2236 5679 2410 5751 λήνων
2460 5679 2610 5748 αύτῷ
2644 5679 2736 5733 καὶ
2787 5678 2965 5733 ἄλλων
2993 5680 3156 5733 τινῶν
3201 5679 3508 5732 ὑποθέσεων
3545 5677 3813 5748 ἐπονήθη,

2237 5772 2464 5840 ἔσλατον
2518 5773 2735 5824 πάντων
2796 5754 2960 5825 αὐτόν
3021 5787 3081 5822 τε
3137 5771 3230 5823 καὶ
3297 5769 3367 5822 τὰ
3399 5768 3815 5837 συγγράμματα

2235 5863 2400 5918 αὐτοῦ
2429 5863 2763 5918 ἀπεϐάλοντο
2790 5864 2886 5916 καὶ
2919 5862 3224 5920 ἀναθεματι
3247 5862 3632 5917 ἐκδεδώκασιν.
