4084 6468
451 376 588 438 κίῖἶξν

487 596 719 652 magnus
776 591 1009 636 testatur
1067 583 1318 650 Basilius,
1373 584 1560 648 sicuti,
1609 582 1791 638 Gloria
1839 583 1992 638 l’atri
2028 593 2078 637 et

492 674 635 728 Filio
661 684 710 727 et
743 675 974 744 Spiritui
1022 685 1230 738 sancto,
1295 692 1324 731 a
1383 677 1646 732 Flaviano
1706 677 2075 741 Atttiucbeno,

485 767 780 836 adjuvante
812 768 1236 838 Chrysostomo,
1268 779 1353 822 est
1383 770 1695 824 inventum.
1737 769 1852 823 Sub
1899 768 2078 824 Theo-

492 860 652 915 dosio
683 875 816 914 sane
862 863 1114 925 Junicre,
1174 865 1368 918 Proclo
1415 863 1783 933 patriarcltam
1827 874 2077 932 gerente,

485 967 613 1004 cum
643 953 869 1021 quidam
897 969 963 1008 eo
1016 963 1267 1025 tempore
1328 956 1744 1026 perpessionem
1799 955 2077 1010 divinitati

486 1046 661 1114 ipsius
697 1047 973 1116 Uuigcniti
1017 1047 1278 1112 alliugvre
1322 1048 1752 1112 contenderent,
1789 1057 1844 1104 et
1891 1047 2077 1118 ingen-

490 1135 626 1190 tium
663 1145 1081 1192 terrannotuutn
1123 1140 1302 1209 gratia
1340 1140 1560 1209 publice
1603 1156 1630 1194 a
1671 1141 1872 1211 populo
1924 1139 2077 1194 omni

486 1229 927 1299 supplicationes
982 1229 1222 1294 ﬁerent,
1288 1233 1589 1302 derepente
1653 1233 1706 1287 in
1780 1241 2076 1302 conspectu

487 1321 740 1376 omnium
781 1336 916 1391 puer
952 1322 1006 1376 in
1037 1339 1220 1378 acrem
1255 1323 1744 1394 (quemadmodum
1781 1325 1837 1379 in
1877 1325 2077 1380 decimi

487 1415 671 1490 quarti
731 1415 863 1470 torni
914 1417 1336 1488 quadragesimo
1384 1428 1542 1475 sexto
1605 1419 1786 1489 capite
1837 1418 2079 1475 dilucide

488 1506 755 1574 diximus)
789 1519 1003 1578 raptus,
1039 1510 1272 1565 auribus
1303 1511 1421 1581 ipse
1460 1513 1605 1576 suis,
1634 1511 1708 1567 ita
1736 1512 1904 1566 etiam
1947 1511 2080 1568 sim-

490 1597 730 1666 pliciter,
752 1608 838 1654 ter
861 1611 1116 1656 sanctum
1139 1618 1264 1656 eum
1296 1603 1558 1674 hymnum
1585 1604 1797 1674 absque
1819 1603 2077 1676 adjectio-

491 1706 584 1756 ne,
613 1691 682 1746 ab
707 1692 973 1762 angelicis
998 1695 1288 1751 ordinibus
1315 1695 1588 1750 concinne
1611 1712 1841 1768 prorsus
1862 1697 2076 1752 cantari

489 1785 727 1841 audivit.
761 1787 918 1844 Unde
951 1787 1196 1844 Ecclesia
1251 1791 1434 1845 omnis
1469 1791 1732 1861 hymnum
1797 1792 1956 1846 talem
2009 1792 2076 1846 ad

490 1877 746 1932 eumdem
780 1879 1005 1933 modum
1031 1882 1384 1936 continenter
1413 1883 1524 1937 Deo
1545 1898 1745 1938 canere
1769 1884 2078 1939 consuevit.

491 1965 634 2023 Sane
680 1971 908 2040 quidem
939 1974 1032 2043 qui
1073 1989 1300 2031 carmen
1346 1975 1452 2031 hoc
1495 1978 1710 2046 primus
1740 1980 2079 2048 composuit,

489 2061 559 2116 ah
597 2063 807 2133 angelis
835 2074 1121 2122 mutuatus
1139 2079 1220 2122 cst
1245 2085 1261 2122 :
1287 2069 1639 2135 canentibus,
1670 2070 1922 2134 Sanctus,
1952 2089 2084 2126 san-

489 2165 626 2218 ctus,
659 2165 899 2213 sanctus.
933 2159 1094 2226 Quod
1155 2176 1289 2217 vero
1346 2162 1624 2232 sequitur,
1683 2179 1713 2217 a
1765 2163 2081 2218 suavissimi

491 2262 801 2307 concentus
844 2253 966 2323 lyra
1018 2265 1073 2311 et
1117 2256 1330 2325 psalmo
1382 2257 1812 2328 quadragesimo
1859 2258 2084 2313 Davidis

490 2353 782 2413 acceptum
809 2381 834 2411 ,ς
889 2347 1283 2402 vmtustissime
1350 2348 1593 2419 adjecit,
1653 2350 1748 2404 ubi
1809 2350 2018 2406 dicitur
2066 2369 2080 2406 :

465 2439 674 2491 .Sitim’t
703 2438 889 2492 anima
921 2456 1038 2494 mea
1067 2442 1137 2492 ad
1195 2441 1363 2495 Deum
1421 2443 1632 2512 fortem,
1673 2445 1866 2498 vivum.
1915 2443 2086 2514 880

492 2529 561 2582 Et
591 2529 782 2602 hymni
817 2532 992 2602 ipsius
1019 2543 1216 2589 auctor
1269 2535 1387 2590 haec
1421 2537 1611 2601 verba,
1649 2536 1787 2591 Deus
1811 2546 1867 2592 et
1910 2537 2080 2601 fortis,

492 2623 731 2693 integra,
767 2640 949 2695 neque
978 2625 1087 2682 ulla
1115 2644 1184 2682 ex
1217 2639 1371 2698 parte
1402 2638 1636 2693 mutata,
1655 2631 1818 2685 sicuti
1842 2646 1906 2686 ea
1939 2631 2083 2697 apud

494 2717 840 2775 Psaltnistam
891 2721 1124 2788 invenit,
1186 2723 1539 2780 conservavit
1580 2742 1594 2779 :
1645 2734 1704 2781 et
1756 2725 2083 2790 dictionem,

490 2815 686 2880 vivum,
718 2812 990 2870 duntaxat
1028 2816 1083 2870 in
1117 2817 1366 2888 ejusdem
1423 2819 1847 2889 significationis
1879 2835 2082 2874 nomen

490 2903 814 2960 immortalis
863 2909 1245 2964 commutavit.
1314 2910 1408 2964 Ille
1460 2911 1626 2966 etiam
1703 2911 1825 2979 Deo.
1868 2910 2085 2965 addidit

490 3005 732 3063 sanctus,
761 3011 963 3053 nomen
989 2997 1044 3053 id
1088 2999 1250 3054 idolis
1273 3015 1582 3071 opponens,
1626 3018 1750 3073 qua:
1798 3003 2086 3057 abomina-

494 3089 666 3145 tionis
695 3091 876 3144 omnis
909 3091 1092 3161 plena,
1129 3101 1185 3146 et
1212 3092 1470 3148 humanae
1504 3109 1704 3150 manus
1733 3109 1900 3164 opera
1929 3102 2081 3150 sunt.

1640 416 1647 422 -
1731 377 2154 438 NICEPHORI
2190 379 2536 441 CALLISTI

487 488 972 560 .‘tmplailucl'jum,
1007 490 1060 543 in
1109 491 1335 561 triginta
1384 490 1643 562 capitulis
1708 490 1946 546 celebris
2013 499 2070 546 et

2190 492 2345 556 ιαίοις
2393 495 2421 547 ὁ
2459 491 2627 558 πολύς
2663 510 2798 564 φησι
2844 495 2939 552 καὶ
2986 493 3159 562 μέγας
3208 479 3492 552 Butam-to;
3525 505 3539 522 ⁸

2109 1841 2157 1902 Β

3671 377 3776 441 436

3579 507 3772 562 ωσπερ

2183 586 2276 638 καὶ
2311 583 2390 650 τὸ,
2439 585 2597 650 Δόξα
2633 583 2819 652 Harp!
2860 585 2962 638 καὶ
2999 582 3110 649 Υίῷ
3142 583 3242 638 καὶ
3271 583 3418 654 ἁγίῳ
3451 583 3776 650 "recludat.

2182 673 2322 745 πρὸς
2361 674 2666 730 Φλαὸιανοῦ
2697 675 2794 729 τοῦ
2839 675 3202 744 Ἀντιοχείας,
3236 673 3640 743 ὑπουργοῦντος
3683 674 3777 726 καὶ

2181 767 2278 820 τοῦ
2314 767 2517 838 χρυσοῦ
2547 767 2944 840 τῆν’γλῶτταν
2997 765 3385 836 ἐξευρημένον.
3431 764 3556 816 Ἐπὶ
3590 763 3776 833 μέντοι

2183 859 2469 913 Θεοδοσίου
2499 858 2592 912 τοῦ
2629 858 2774 921 νέου,
2801 857 3046 926 Πρόκλου
3079 855 3583 926 πατριαρχοῦντος,
3609 855 3778 908 τινῶν

2182 951 2492 1022 τηνικαῦτα
2523 950 2697 1014 πάθος
2727 953 2793 1022 τῇ
2832 950 3053 1020 θεότητι
3081 948 3176 1002 τοῦ
3199 947 3544 1017 Μονογενοῦς
3568 947 3776 1017 προσά-

2183 1061 2336 1098 πτειν
2358 1043 2808 1113 ἐπιχειρούντων,
2835 1042 3078 1112 σεισμῶν
3105 1041 3152 1094 τ’
3172 1040 3428 1105 ἐξαισίων
3451 1040 3613 1113 χάριν
3643 1058 3780 1093 πανο

2181 1138 2359 1209 δήμου
2411 1137 2744 1208 τελουμένης
2775 1136 2954 1206 λιτῆς,
2989 1138 3022 1207 ἡ
3079 1136 3174 1190 τοῦ
3212 1135 3404 1200 παιδὸς
3437 1135 3664 1206 ἁρπαγὴ
3695 1137 3778 1199 εἰς

2181 1231 2322 1300 ἀέρα
2348 1229 2570 1282 πάντων
2597 1227 2853 1300 ὁρώντων
2894 1227 3118 1296 ἐγένετο
3159 1226 3258 1298 (ὡς
3286 1230 3343 1281 ἐν
3379 1227 3438 1280 ιδ’
3469 1227 3646 1297 τόμῳ,
3678 1243 3773 1279 κε-

2183 1322 2400 1394 φαλαίῳ
2433 1319 2555 1392 μς¹,
2587 1321 2776 1398 σαφῶς
2808 1319 3181 1392 διελάὸομεν),
3207 1317 3298 1372 τοῦ
3324 1318 3516 1382 παιδὸς
3555 1319 3778 1381 οἰκείοις

2181 1417 2570 1480 ὲνωτισθέντος
2597 1416 2731 1469 ὠσὶν
2761 1415 2948 1478 ἁπλῶς
2978 1414 3124 1469 οὕτω
3151 1416 3246 1468 τὸν
3273 1415 3566 1484 τρισάγιον
3601 1412 3774 1482 ὕμνον

2183 1509 2502 1580 προσθήκης
2538 1511 2689 1575 ἄνευ,
2723 1509 2817 1562 καὶ
2869 1509 3023 1578 παρὰ
3071 1508 3181 1560 τῶν
3213 1507 3531 1576 ἀγγελικῶν
3560 1504 3776 1572 ταγμά-

2180 1620 2291 1658 των
2321 1601 2715 1673 παναρμονίως
2747 1600 3034 1673 ἐξᾴδεσθαι
3054 1617 3068 1630 '
3108 1601 3166 1664 ἐξ
3188 1596 3248 1653 οὗ
3275 1600 3367 1653 καὶ
3403 1600 3438 1670 ὴ
3471 1597 3777 1668 Ἐκκλησία

2183 1697 2334 1750 πᾶσα
2362 1696 2660 1766 ἐπιμᾶλλον
2708 1696 2804 1748 τὸν
2832 1695 3079 1748 τοιοῦτον
3124 1695 3294 1764 ὕμνον
3325 1693 3474 1766 ᾅδειν
3509 1690 3778 1760 διηνεκῶς

2186 1788 2502 1861 παρείληφε
2536 1788 2613 1860 τῷ
2658 1788 2782 1858 Θεῷ
2808 1804 2822 1819 ο
2862 1791 2929 1842 ἐκ
2959 1787 3060 1858 μὲν
3104 1788 3208 1840 τῶν
3237 1785 3487 1854 ἀγγέλων
3516 1782 3780 1844 λαϐόντος

2185 1883 2400 1937 τοῦτὸν
2451 1881 2624 1953 ὕμνον
2681 1880 2916 1950 πρώτως
2973 1879 3388 1942 συντεθεικότος
3447 1877 3510 1931 τὸ
3547 1877 3778 1945 Ἄγιος,

2186 1976 2373 2045 ἅγιος,
2403 1975 2593 2044 ἅγιος,
2617 1973 2680 2027 τὸ
2698 1973 2742 2026 δ’
2773 1973 2902 2043 ἑξῆς
2935 1973 3045 2026 ἀπὸ
3076 1971 3175 2041 τῆς
3208 1969 3586 2042 παναρμονίου
3607 1969 3780 2037 λύρας

2185 2071 2374 2131 Δα6“ιδ,
2402 2059 2635 2139 Ψαλμοῦ
2661 2067 2753 2140 μα’
2788 2067 3012 2137 εὐφυῶς
3039 2066 3532 2137 προσαρμόσαντος
3559 2079 3574 2094 °
3625 2062 3779 2116 Ἐδί-

2186 2166 2397 2230 ’φησεν
2424 2161 2463 2228 ἡ
2511 2160 2682 2230 ψυχή
2704 2177 2849 2230 μου.
2877 2159 3153 2228 λέγοντος.
3177 2158 3331 2226 πρὸς
3351 2162 3461 2210 τάν
3493 2158 3644 2210 Θεὸν
3670 2154 3780 2207 τὸν

2184 2255 2592 2324 ἰσχυρὸν-,τὸν
2613 2252 2822 2314 ζῶντα.
2847 2254 2921 2307 Τὸ
2957 2238 3177 2322 μένόὖν
3213 2251 3359 2318 Θεὸς
3394 2251 3573 2305 καὶτὸ
3604 2252 3780 2319 ἰσχυ-

2177 2349 2290 2416 ρὸς
2316 2347 2720 2418 ἀπαράλλακτα-
2747 2347 3161 2418 συντηρηθῆναι
3195 2346 3274 2416 τῷ
3307 2345 3644 2414 συνθεμένῳ,
3674 2361 3777 2396 κα·-
3827 2399 3832 2402 _

2187 2443 2256 2496 θὰ
2285 2443 2379 2496 καὶ
2435 2441 2514 2512 τῷ
2550 2440 2832 2512 ψαλμῳδῷ
2855 2457 2869 2474 ο
2911 2439 3076 2508 μόνον
3105 2455 3170 2507 γε
3209 2436 3650 2508 μεταμειφθῆναι
3678 2435 3778 2504 τὴν

2187 2535 2374 2597 ζῶντα
2405 2534 2552 2600 λέξιν
2584 2535 2666 2598 είς
2709 2533 3032 2602 ίσοδύναμον
3064 2533 3260 2602 ὄνομα,
3327 2532 3384 2582 τὸ
3425 2527 3728 2593 ἀθάνατος
3760 2543 3775 2558 ο

2187 2631 2282 2685 καὶ
2323 2628 2650 2699 συντεθῆναι
2682 2628 2782 2698 μέν
2814 2627 2892 2697 τῷ
2929 2626 3050 2694 Θεῷ
3080 2625 3141 2678 τὸ
3170 2625 3340 2694 ἅγιος
3369 2623 3504 2694 πρὸς
3533 2621 3777 2675 ἀντιδια-

2189 2724 2382 2794 στολὴν
2413 2723 2520 2776 τῶν
2571 2721 2836 2785 εἰδώλων,
2899 2721 2934 2775 ἆ
2963 2722 3072 2773 εἰσι
3119 2717 3406 2790 βδελυρίας
3445 2717 3626 2787 πάσης
3647 2714 3779 2770 ἀνά-

2190 2831 2387 2878 μεστα,
2429 2813 2524 2866 καὶ
2562 2810 2922 2881 ἀνθρωπίνης
2981 2810 3118 2880 ἔργα
3174 2808 3395 2878 χειρός*
3463 2807 3524 2858 τό
3563 2822 3625 2872 γε
3669 2805 3780 2875 μὴν

2187 2906 2436 2976 ἰσχυρὸς
2474 2901 2610 2977 πρὸς
2652 2904 2713 2957 τὸ
2736 2904 2962 2956 ἐκείνων
3002 2904 3237 2972 μάλιστα
3264 2900 3492 2972 ἀδρανὲς
3535 2901 3629 2951 καὶ
3665 2898 3782 2950 ἁνί-

2189 3001 2390 3072 σχυρόν
2422 3017 2480 3052 τε
2514 2999 2610 3052 καὶ
2647 2999 3002 3052 παντάπασιν
3052 2995 3397 3066 ἀμετάϐατον
3419 3009 3432 3023 ·
3471 2992 3533 3046 τὸ
3561 2990 3605 3044 δ’
3635 2991 3783 3046 ἀθά-

2187 3111 2372 3160 νατος
2396 3094 2531 3164 πρὸς
2563 3093 2622 3146 τὸ
2653 3092 2856 3146 ἄπνοον
2883 3091 3054 3160 σφῶν,
3099 3090 3194 3142 καὶ
3227 3087 3496 3158 μηδαμῶς
3524 3085 3781 3155 αἰσθήσει

495 3179 671 3234 Sicuti
699 3189 756 3235 et
813 3183 966 3250 [ortis
1010 3183 1215 3251 posuit,
1251 3195 1481 3255 propter
1511 3185 1938 3241 simulacrorum
1984 3187 2085 3240 im-

2192 3188 2286 3241 xa‘t
2316 3185 2392 3256 νῴ
2419 3184 2818 3255 διοικούμενον.
2851 3183 2916 3235 Οἱ
2950 3184 3132 3234 τοίνυν
3166 3179 3543 3248 Θεοπασχῖται
3574 3176 3626 3228 oi.
3671 3173 3782 3227 ἀπὸ

493 3272 848 3327 bccillitatem
874 3283 1041 3345 atque
1072 3275 1447 3332 infirmitatem
1483 3293 1778 3341 summam,
1803 3294 1926 3349 qua:
1957 3278 2081 3334 loco

495 3380 554 3418 se
585 3379 813 3420 movere
851 3383 1082 3436 prorsus
1122 3384 1231 3424 non
1260 3373 1454 3441 possit.
1483 3373 1665 3442 Atque
1733 3373 1925 3428 itidem
1981 3375 2082 3427 im-

498 3457 746 3512 mortalis
777 3473 796 3511 :
835 3468 894 3513 ut
945 3470 1255 3516 statuarum
1316 3473 1545 3520 truncos
1600 3464 1935 3532 traduceret,
1985 3464 2080 3536 qui

497 3552 610 3605 vita
637 3562 916 3616 carentes,
950 3568 1137 3624 neque
1162 3556 1376 3624 spirare
1406 3567 1660 3626 possunt,
1687 3574 1870 3628 neque
1913 3575 2083 3616 sensu

497 3651 596 3698 aut
623 3655 809 3700 mente
842 3645 1182 3718 diriguntur.
1221 3647 1426 3705 Verum
1455 3650 1609 3706 enim
1639 3667 1771 3707 vero
1797 3652 2086 3722 Theopas-

497 3737 684 3803 chitaa,
719 3738 816 3809 qui
851 3755 880 3796 a
903 3740 1069 3797 Petro
1111 3751 1168 3798 et
1198 3741 1408 3799 Severo
1463 3744 1732 3815 originem
1780 3745 2084 3812 duxerunt,

497 3830 888 3889 admirandum
934 3834 1085 3890 hunc
1121 3837 1358 3891 maxime
1409 3838 1676 3907 hymnum
1719 3855 1830 3895 non
1882 3839 2088 3896 divinae

497 3924 762 3980 Trinitati
818 3930 1240 3985 acconnnodare
1302 3932 1572 3999 volentes,
1639 3933 1736 3988 sed
1795 3935 2087 3990 incarnato

503 4015 686 4072 Verbo
714 4020 973 4076 accinere
1009 4032 1346 4093 satagentes.
1385 4025 1804 4082 accessionibus
1848 4028 2088 4097 quihus-

498 4108 625 4162 dam
657 4125 1016 4180 corrumpere
1055 4114 1177 4168 ausi
1203 4122 1355 4177 sunt,
1395 4115 1580 4169 verbis
1627 4115 1804 4180 hisce,
1849 4126 2085 4182 sanctus,

497 4204 844 4270 immortalis,
878 4205 1193 4260 clausulam
1225 4206 1372 4261 illam
1405 4205 1545 4272 :Qui
1581 4208 1866 4275 cruci/imus
1898 4225 1951 4263 es
1993 4227 2089 4280 pro

502 4295 686 4360 nobis,
715 4297 957 4367 maligne
1007 4299 1355 4368 adjicientcs.
1394 4299 1551 4366 Quod
1613 4303 1820 4356 malum
1879 4304 2091 4371 primus

503 4387 796 4442 instituere
846 4389 1016 4457 ccepit
1068 4389 1266 4444 Petrus
1309 4389 1631 4461 Cnapheus,
1687 4403 1742 4448 et
1795 4404 1922 4462 post
1962 4410 2089 4448 eum

503 4477 709 4533 deinde
749 4477 992 4534 Severus
1017 4480 1356 4548 Acephalns,
1387 4496 1486 4536 seu
1523 4482 1708 4552 potius
1741 4484 1912 4556 hydra
1947 4486 2092 4539 mul-

2194 3281 2404 3350 ιΙέτρου
2436 3280 2531 3334 καὶ
2563 3280 2808 3349 Σευήρου
2833 3277 3037 3346 δηλαδὴ
3065 3274 3452 3342 καταγόμενοι,
3483 3270 3576 3322 τὸν
3599 3266 3781 3321 τοιοῦ-

2189 3389 2283 3427 τον
2313 3370 2744 3441 πανθαύμαστον
2784 3369 2952 3439 ὕμνον
2980 3370 3054 3439 μὴ
3072 3370 3140 3438 τῇ
3188 3365 3311 3436 θείᾳ
3342 3362 3537 3433 Τριάδι
3570 3360 3783 3432 προσά-

2191 3481 2312 3534 γειν
2340 3465 2643 3528 ἐθέλοντες,
2699 3465 2836 3517 ἀλλὰ
2864 3462 2944 3534 τῷ
2990 3459 3335 3530 σαρκωθέντι
3356 3457 3529 3531 Λόγῳ
3559 3453 3782 3525 ἐπᾴδειν

2195 3558 2531 3628 βουλόμενοι,
2556 3543 2902 3628 προσθήκαις
2934 3557 3046 3608 τισὶ
3074 3553 3388 3624 διαφθεῖραι
3419 3550 3608 3604 τοῦτον
3637 3547 3784 3602 ἐτόλ-

2197 3667 2406 3718 μησαν·
2442 3650 2523 3720 τῷ
2552 3649 2740 3716 ἅγιος,
2775 3649 3077 3714 ἀθάνατος
3118 3646 3178 3701 τὸ
3220 3649 3254 3702 ό
3301 3645 3674 3713 σταυρωθεὶς
3703 3643 3783 3695 δι’

2192 3741 2353 3812 ἡμᾶς
2392 3742 2748 3812 κακοτρόπως
2784 3740 3173 3812 προσθέμενοι.
3219 3733 3294 3795 Οῦ
3355 3737 3531 3792 κακοῦ
3567 3737 3784 3805 πρῶτος

2194 3835 2507 3904 κατήρξατο
2542 3835 2748 3902 Πέτρος
2805 3835 2834 3886 ὁ
2888 3833 3179 3904 Κναφεύςο
3245 3831 3382 3900 μετὰ
3417 3832 3460 3884 δ’
3519 3831 3722 3882 ἐκεῖνον
3756 3829 3786 3878 ὁ

2207 3927 2502 3997 Ἀκέφαλος
2531 3927 2792 3996 Σευῆρος,
2847 3927 3048 3996 μᾶλλον
3072 3927 3116 3979 δ’
3152 3927 3331 3978 εἰπεῖν
3365 3923 3500 3994 ὕδρα
3526 3923 3560 3992 ὴ
3613 3919 3782 3974 πολυ-

2196 4019 2434 4088 κέφαλος
2455 4036 2468 4050 ο
2502 4021 2605 4073 κᾶν
2637 4019 2686 4072 οἱ
2718 4020 2825 4073 άπὸ
2854 4019 3053 4072 τούτου
3087 4018 3474 4077 διαϐάλλοντες
3499 4015 3592 4066 τὸν
3614 4015 3784 4095 ,Κων-

2198 4113 2705 4176 σταντινουπόλεως
2764 4114 2900 4180 φασὶ
2933 4112 3271 4166 Μακεδῦνιον
3304 4111 3401 4178 τῆς
3458 4106 3782 4178 προσθήκης

2196 4202 2401 4272 ταύτης
2442 4201 2740 4270 κατάρξαι.
2779 4196 2891 4252 Ἦν
2927 4200 3028 4268 μὲν
3077 4194 3196 4264 οὖν,
3247 4199 3324 4261 ὡς
3355 4198 3522 4262 ἔοικε,
3551 4197 3646 4249 καὶ
3680 4212 3784 4252 παπ

2197 4300 2328 4356 λαιά
2351 4317 2434 4362 τις
2459 4299 2602 4369 αὕτη
2629 4300 2662 4370 ἡ
2691 4298 2925 4369 αἰρεσις,
2957 4298 3032 4359 ὡς
3059 4297 3088 4348 ὁ
3119 4292 3422 4355 πολύαθλος
3460 4289 3784 4350 ’Δθανάσιος

2199 4395 2264 4446 ἐκ
2289 4393 2395 4445 τῶν
2420 4391 2729 4462 εἰρημένων
2758 4390 2909 4458 αύτῷ
2946 4389 3202 4459 ἐμφαίνει
3232 4385 3439 4454 σαφῶςο
3477 4385 3526 4436 εί
3562 4382 3636 4452 μή
3668 4399 3785 4442 πως

2200 4486 2620 4557 προϐλεπτικῶς
2647 4487 2743 4539 κα)⁸
2770 4483 2978 4552 ταύτην
3003 4482 3330 4552 ἀνατρέπων
3358 4479 3387 4531 ό
3412 4477 3604 4548 Πατὴρ
3624 4471 3784 4536 οὗτός

507 4572 705 4642 ticeps.
736 4572 1002 4639 Quamvis
1022 4581 1329 4628 sectatores
1356 4576 1478 4647 ejus
1507 4575 1788 4631 calumnia
1823 4577 2085 4634 Constan-

2199 4582 2370 4645 ἐστιν,
2410 4577 2602 4648 ὥσπερ
2656 4578 2792 4647 δῆτα
2830 4576 2926 4631 καὶ
2971 4576 3139 4638 ἄλλας
3175 4573 3438 4636 πλείστας
3496 4569 3782 4640 προανεῖλε

506 4665 936 4737 tinopolitannm
981 4665 1364 4722 Macedonium
1417 4678 1777 4738 appetentes,
1823 4672 2087 4743 adiectio-

505 4774 630 4814 nem
664 4759 832 4814 talem
863 4758 1018 4814 illum
1041 4775 1304 4815 exorsum
1345 4775 1468 4815 esse
1490 4761 1702 4817 dicant.
1741 4763 1868 4818 Fuit
1913 4775 2089 4832 certe,

503 4851 667 4906 sicuti
705 4850 945 4917 videtur,
978 4860 1140 4906 vetus
1167 4852 1285 4905 haec
1319 4852 1544 4908 haeresis
1579 4857 2087 4924 :qucmadmodum

504 4944 644 5000 satis
668 4945 838 5010 clare,
867 4944 962 5014 qui
997 4944 1170 4998 multa
1196 4945 1423 5014 pertulit
1474 4949 1781 5003 certamina
1841 4951 2086 5007 Athana-
2144 4945 2154 4949 ’

505 5038 644 5101 sius,
678 5037 844 5093 dictis
877 5037 995 5092 suis
1041 5037 1311 5093 declarat.
1367 5040 1486 5094 Nisi
1541 5042 1685 5097 forte
1724 5055 1947 5101 sanctus
2004 5047 2095 5103 ille

507 5133 667 5188 Pater
689 5145 811 5185 eam
842 5130 1163 5200 praeviderit
1184 5141 1349 5202 atque
1373 5135 1660 5199 everterit,
1686 5136 1853 5192 sicuti
1877 5138 2092 5196 scilicet

504 5235 562 5278 et
611 5224 750 5280 alias
806 5225 1079 5294 plurimas
1130 5226 1356 5295 scriptis
1403 5227 1521 5282 suis
1567 5229 1814 5297 sustulit,
1872 5235 2090 5288 tametsi

507 5327 630 5386 post
653 5317 864 5373 obitum
896 5319 1018 5389 ejus
1050 5320 1292 5388 primunt
1331 5332 1574 5376 exortas.
1611 5322 1738 5378 Haec
1787 5323 1904 5393 ipsa
1956 5341 2092 5397 ergo

507 5409 736 5466 hatresis
769 5427 800 5465 a
831 5409 1098 5481 Cnapheo
1149 5412 1392 5482 primum
1441 5415 1736 5484 producta,
1802 5415 2006 5471 deinde
2060 5433 2089 5471 a

513 5588 696 5662 Ἄξιος
726 5583 776 5662 ε]
801 5591 858 5662 ἐν
884 5591 1021 5643 πᾶσι
1050 5593 1264 5660 καιροῖς
1294 5590 1586 5658 ὑμνεῖσθαι
1618 5596 1825 5661 φωναῖς
1854 5596 2088 5662 αἰσίαις,

508 5659 606 5732 rte
633 5659 793 5732 Θεοῦ.
835 5661 984 5730 ζωὴν
1039 5659 1213 5723 διδούς
1241 5678 1253 5691 ο
1298 5662 1378 5714 διὸ
1426 5665 1453 5713 ὀ
1504 5659 1707 5732 κόσμος
1754 5681 1812 5716 σε
1847 5659 2087 5731 aggessi;

509 5729 625 5783 Luat
642 5730 833 5785 hilaris
861 5729 1061 5786 sancta:
1085 5732 1286 5798 gloria',
1319 5729 1643 5787 immortalis
1671 5734 1897 5788 cmlestis
1917 5729 2091 5792 sancti

511 5801 647 5855 limiti
699 5802 899 5866 Patris,
926 5803 1051 5858 Jcsu
1085 5803 1308 5858 Christe.
1348 5804 1480 5857 Cum
1534 5811 1604 5858 ad
1641 5806 1767 5859 solis
1848 5825 2092 5860 occasum

515 5878 920 5942 pervencrimus,
958 5874 1124 5929 lucem
1161 5885 1425 5930 cernentes
1469 5878 1837 5944 vespertinum,
1897 5878 2090 5934 laudu-

2192 4676 2303 4735 τοῖς
2340 4674 2624 4741 σφετέροις
2676 4672 2878 4738 λόγοις,
2907 4669 3117 4738 καίπερ
3169 4665 3438 4734 ἀναφύειν
3475 4661 3782 4734 μελλούσας

2199 4766 2348 4834 ματὰ
2374 4766 2472 4834 τὴν
2501 4765 2669 4819 αὑτοῦ
2697 4765 3022 4818 ἀποὸίωσιν.
3061 4761 3127 4815 'H
3158 4758 3288 4828 γοῦν
3317 4759 3544 4828 τοιαύτη
3570 4757 3779 4827 αἵρεσις

2195 4859 2304 4914 ἀπὸ
2329 4857 2420 4911 τοῦ
2460 4858 2727 4925 Κναφέως
2773 4857 3057 4927 ἀρξαμένη
3079 4894 3095 4918 ,
3121 4851 3181 4908 τὸ
3220 4853 3473 4920 δεύτερον
3502 4853 3600 4904 καὶ
3633 4848 3781 4918 παρὰ

2195 4951 2307 5005 τῶν
2332 4953 2426 5004 τοῦ
2460 4950 2702 5020 Σευήρου
2730 4948 3016 5002 θιασωτῶν
3089 4946 3324 5000 ἐπιπολὺ
3369 4945 3689 5012 caenam,
3719 4942 3782 4994 ού

2201 5045 2344 5112 μετὰ
2378 5041 2515 5097 πολὺ
2543 5043 2724 5096 τέλεον
2773 5041 2993 5110 ἀπέσόη
3023 5042 3090 5111 τῇ
3147 5039 3242 5092 τοῦ
3294 5037 3428 5092 Θεοῦ
3489 5035 3787 5105 Ἐκκλησία

2198 5133 2633 5206 καταργηθεῖσα,
2663 5135 2818 5203 παρὰ,
2841 5134 3026 5204 μόνοις
3065 5132 3380 5202 Ἀρμενίοις
3413 5129 3508 5184 ἰα’ι
3538 5127 3620 5181 ἔτι
3644 5134 3787 5194 ’κριυ

2196 5229 2494 5299 τυνομένη.
2538 5229 2613 5299 μὴ
2645 5228 2968 5298 πειθαρχεῖν
3025 5225 3380 5296 αἱρουμένοις
3407 5225 3528 5284 ταῖς
3565 5219 3787 5275 καθολι-

2199 5325 2325 5384 καῖς
2349 5320 2704 5392 παραδόσεσι,
2737 5323 2876 5390 μήτε
2911 5321 3020 5390 μὴν
3054 5319 3370 5390 δεχομένοις
3405 5317 3505 5388 τὴν
3535 5317 3616 5377 εἰς
3643 5313 3789 5382 ἀέρα

2197 5417 2294 5472 τοῦ
2331 5417 2522 5480 παιδὸς
2551 5396 2813 5486 ἁρπαγήν
2835 5431 2848 5446 ·
2881 5414 2940 5480 ὃς
2971 5413 3070 5484 τὴν
3103 5413 3388 5484 τρισάγιον
3419 5409 3573 5464 τοῦδε
3604 5408 3787 5480 ᾅσμα-

2203 5618 2319 5675 mus
2340 5603 2560 5655 Patrem
2584 5609 2634 5654 et
2697 5599 2888 5654 Filium
2931 5609 2981 5653 et
2999 5599 3276 5675 Spiritum
3309 5604 3562 5675 sanctum
3592 5591 3783 5670 Deum.

2203 5674 2406 5741 Dignus
2471 5689 2520 5724 es
2562 5683 2794 5740 tempore
2852 5668 3346 5740 quovis—celebrari
3397 5668 3586 5741 faustis
3645 5668 3788 5741 voct-

2199 5732 2310 5879 ὺιῗξ,
2349 5741 2450 5796 Fili
2483 5743 2576 5796 Dei
2605 5732 2723 5798 vita:
2753 5732 2946 5798 dator:
2973 5749 3299 5814 quapropter
3332 5732 3643 5792 te'muttdus
3672 5732 3790 5804 glo-

2197 5830 2240 5868 r:
2265 5825 2394 5868 teat.

2230 5832 2394 5868 ιιισαι.
