4084 6482
299 419 402 482 431

1191 414 1794 493 ECCLESlASTlC/E
1828 411 2219 472 mammas
2262 413 2409 475 Ltn.
2451 391 2672 472 xvnti.

3459 409 3491 471 4
3508 411 3564 470 ἷ8

295 555 389 600 τος
418 534 570 589 θείαν
592 532 773 604 φωνὴν
806 532 901 587 καὶ
920 533 1272 588 διδασκαλίαν
1301 533 1509 587 ἄνωθεν
1545 532 1639 584 ἰὼν
1667 533 1879 604 τρανῶς

2007 529 2179 582 Severi
2212 528 2507 584 sodalitate
2546 526 2840 582 admodum
2870 534 3032 581 aucta
3091 532 3147 579 et
3194 524 3566 597 frequentata.

294 630 659 699 διεσάφησεν·
692 627 870 699 ήνπερ
901 631 997 682 καὶ
1038 629 1072 698 ἡ
1098 629 1158 681 ὲν
1189 627 1496 699 Χαλκηδόνι
1532 627 1666 695 ἁγία
1717 627 1877 678 σύνο-

294 723 385 785 δος
417 720 774 791 παρεδέξατο,
808 719 951 773 οὕτω
980 720 1408 790 παραδεδωκυῐα
1448 720 1544 773 τὸν
1589 707 1878 790 τρισάγιον

299 815 473 885 ὕμνον
501 812 804 884 ἔξᾲδεσθαι.
831 812 1009 878 Γέλως
1029 811 1126 866 οὖν
1155 813 1324 876 ὅντως
1351 813 1445 867 καὶ
1469 813 1749 881 παίγνιον,
1775 814 1877 882 τὴν

299 904 369 958 δι’
400 904 647 973 ἀγγέλων
671 905 764 956 καὶ
789 905 968 957 αὐτῶν
993 903 1246 974 Σεραφὶμ
1277 904 1616 974 ὐμνηθεῖσαν
1647 906 1744 958 καὶ
1774 922 1879 974 κη-

305 998 597 1077 ρυχθεῐσαν
647 997 933 1066 τρισάγιον
968 997 1132 1069 ᾠδὴν,
1169 1000 1264 1050 καὶ⁵
1297 1002 1397 1068 τῆς
1433 1003 1878 1067 τρισυποστάτου

308 1094 437 1164 μιᾶς
469 1091 722 1160 θεότητος
757 1087 923 1144 οὖσαν
963 1092 1328 1161 ὲμφαντικὴν,
1363 1093 1459 1144 καὶ⁷
1514 1092 1620 1146 ὑπὸ
1657 1095 1879 1148 συνόδου

301 1185 574 1239 τοσούτων
599 1183 769 1250 άγίων
786 1181 1044 1251 Πατέρων
1069 1183 1412 1252 κυρωθετσάν
1434 1200 1493 1236 τε
1525 1185 1619 1236 καὶ
1651 1184 1882 1254 βεδαιω-

305 1282 515 1340 θεῖσαν,
545 1281 612 1349 τῇ
634 1276 728 1330 τοῦ
755 1277 1025 1344 Κναφέως
1069 1277 1334 1348 πρότερον
1367 1276 1461 1329 καὶ
1493 1277 1733 1346 Σευήρου
1769 1278 1884 1348 οίή-

304 1391 390 1427 σει
417 1376 469 1436 ἐς
491 1372 717 1442 ὕστερον
748 1371 1225 1442 καταπατηθῆναι,
1261 1373 1359 1425 καὶ
1389 1371 1550 1441 δῆθεν
1583 1372 1882 1442 διορθωθῆ-

303 1484 413 1530 ναι,
446 1465 521 1527 ὡς
568 1467 635 1518 τὰ
683 1465 969 1535 Χερουϐὶμ
1027 1465 1484 1534 ὑπερσάλλοντος.
1529 1465 1742 1519 ’Δλλ¹οί
1785 1465 1885 1536 μὲν

303 1554 446 1608 οὕτω
481 1553 806 1622 φρονοῦντες
829 1553 1202 1624 Θεοπασχϊται
1236 1553 1573 1623 ἐκλήθησαν,
1606 1556 1885 1624 ἀρχηγο⁷.ς

303 1648 394 1701 τὸν
416 1647 638 1714 Κναφέα
669 1631 892 1715 Πέτρον,
931 1647 1166 1716 Σευῆρόν
1196 1664 1256 1699 τε
1290 1647 1651 1700 καὶῚάκωῆον
1681 1643 1884 1717 ἑφεξῆς

305 1738 621 1807 ἐσχηκότες,
650 1739 726 1797 ὡς
756 1739 972 1808 είρηται
997 1753 1010 1768 ·
1043 1737 1092 1790 οἳ
1124 1736 1189 1806 δὴ
1218 1737 1312 1791 καὶ
1339 1738 1440 1804 τὴν
1476 1737 1606 1806 μίαν
1633 1737 1728 1790 ἐπὶ
1757 1737 1887 1804 Χρι-

307 1828 434 1881 στοῦ
468 1829 631 1898 φύσιν
658 1830 907 1882 ἐντεῦθεν
933 1831 1234 1900 πειρῶνται
1261 1828 1577 1898 κρατύνειν,
1607 1829 1884 1896 λέγοντες·

310 1921 371 1972 Et
419 1921 513 1975 δύο
561 1921 750 1990 φύσεις
800 1924 892 1975 ἐπὶ
950 1921 1191 1990 Χριστοῦ
1250 1921 1498 1992 δοίημεν,
1559 1923 1888 1991 συνέψονται

307 2015 524 2078 πάντως
568 2015 795 2078 ταύταις
854 2016 914 2080 ἐξ
947 2015 1196 2085 ἀνάγκης
1242 2015 1337 2069 δύο
1387 2016 1708 2086 θελήματαο
1739 2016 1788 2067 εί
1833 2013 1891 2066 δὲ

306 2107 484 2172 τοῦτο,
516 2110 611 2161 καὶ
641 2108 734 2161 δύο
761 2108 821 2176 ἐξ
870 2108 1119 2179 ἀνάγκης
1161 2108 1682 2180 συνεισαχθήσονται
1717 2108 1894 2178 πρόσ-

310 2215 469 2258 ωπα.
519 2202 612 2252 καὶ
667 2198 761 2252 δύο
815 2200 1084 2271 ἐνέργειαι
1141 2201 1384 2253 ἐναντίαι
1405 2199 1666 2271 ἀλλήλαις
1691 2199 1895 2254 παντά-

313 2309 499 2347 πασιν.

1983 611 2094 675 non
2123 623 2198 676 ita
2223 623 2396 677 multo
2427 631 2552 692 post
2577 625 2646 676 ab
2683 621 2929 675 Ecclesia
2958 618 3054 674 Dei
3084 618 3311 680 abolita,
3338 635 3570 688 prorsus

1982 715 2232 773 evanuit.
2289 713 2422 781 Quae
2465 714 2614 768 hunc
2665 728 2838 782 usque
2887 711 3030 781 apud
3083 711 3231 766 solos
3276 711 3570 765 Armenios

1984 809 2282 872 retinetur,
2329 806 2624 862 catholicis
2661 804 3058 860 traditionibus
3121 819 3318 874 parere
3382 805 3571 858 nolen-

1987 909 2091 965 tes,
2125 913 2307 967 neque
2333 897 2489 967 pueri
2525 897 2675 951 illius
2702 895 2756 950 in
2789 910 2975 950 aerem
3009 905 3224 963 raptum
3256 892 3574 962 approban-

1978 1001 2092 1052 ‘tes,
2127 989 2221 1058 qui
2256 997 2338 1044 ter
2372 987 2550 1042 sancti
2606 985 2765 1040 istius
2811 984 3074 1041 carminis
3109 984 3348 1038 divinam
3380 997 3570 1037 vocem

1988 1093 2044 1137 ct
2075 1081 2388 1137 doctrinam
2418 1094 2450 1134 e
2487 1078 2711 1134 sublimi
2745 1076 3024 1132 demissus
3055 1083 3244 1144 aperte
3280 1073 3571 1128 indicavit.

1987 1174 2057 1230 Et
2101 1174 2366 1245 hymnum
2410 1187 2538 1227 eum
2584 1169 3053 1228 Chalcedonensis
3102 1174 3292 1221 sancta
3333 1165 3574 1236 synodus

1989 1266 2220 1337 recepit,
2282 1263 2734 1333 sempliciterque
2801 1263 2876 1316 ita
2948 1258 3261 1316 canendum
3321 1258 3574 1313 tradidit.

1989 1362 2177 1430 Itaque
2205 1359 2350 1413 risus
2385 1358 2545 1427 plane
2567 1364 2624 1412 et
2653 1359 2818 1426 jocus
2852 1354 3041 1416 fuerit,
3082 1353 3127 1406 si
3159 1352 3229 1406 ab
3265 1351 3479 1420 angelis
3514 1359 3572 1404 et

1989 1452 2279 1523 Seraphim
2334 1450 2472 1521 ipsis
2521 1449 2806 1519 proditum
2847 1455 3013 1517 atque
3055 1446 3410 1500 decantatum
3456 1459 3579 1496 car-

1996 1561 2145 1610 men,
2178 1555 2346 1614 atque
2377 1559 2407 1598 a
2450 1549 2531 1598 tot
2583 1540 2792 1597 sanctis
2843 1554 3016 1595 sacrm
3069 1538 3267 1609 synodi
3321 1534 3581 1592 Palribus

1993 1637 2416 1708 comprobatum
2448 1643 2505 1689 et
2539 1634 2946 1714 conﬁrmatum,
2997 1630 3146 1701 quod
3179 1645 3344 1685 unam
3394 1628 3446 1682 in
3483 1627 3580 1681 tri-

1993 1736 2095 1787 bus
2125 1728 2507 1784 subsistentiis
2556 1726 2904 1782 divinitatem
2960 1725 3169 1779 diserte
3223 1719 3580 1790 dopraadicat,

1991 1825 2158 1896 881
2193 1821 2441 1892 Cnaphei
2485 1820 2747 1890 primum,
2781 1829 2836 1873 et
2860 1818 3048 1872 Severi
3090 1814 3292 1870 deinde
3319 1813 3585 1883 opinione

1996 1914 2367 1986 proculcetur,
2409 1921 2579 1982 atque
2644 1925 2840 1966 eorum
2893 1908 2962 1979 (si
3011 1909 3124 1962 Deo
3181 1907 3383 1976 placet)
3437 1905 3584 1957 arbi-

1996 2008 2124 2068 trio,
2151 2004 2388 2076 perinde
2415 2016 2582 2075 atque
2611 2003 2914 2060 Cherubim
2960 2007 3312 2070 superarent.
3342 1996 3584 2065 corriga-

1994 2110 2112 2156 tur.
2149 2099 2257 2154 Sed
2292 2099 2439 2153 enim
2473 2098 2569 2167 qui
2607 2097 2712 2151 hoc
2749 2096 2822 2150 ita
2854 2101 3170 2156 senserunt,
3209 2089 3584 2156 'l‘heOpaschi-

1999 2206 2065 2250 tae
2093 2193 2275 2250 vocati
2311 2200 2463 2257 sunt,
2491 2200 2749 2246 auctores
2782 2187 3080 2258 primarius
3127 2184 3450 2252 Cnaplienm
3486 2181 3583 2234 Pe-

1999 2302 2145 2346 trum
2183 2300 2238 2345 et
2269 2290 2562 2350 Severum,
2591 2284 3060 2357 quemadmodum
3114 2281 3325 2336 dictum
3373 2285 3478 2339 est,
3530 2283 3587 2327 et

312 2388 512 2444 deinde
540 2389 831 2458 Iacobum,
863 2389 1158 2450 habentes.
1191 2393 1369 2463 Atque
1417 2389 1456 2446 ii
1484 2406 1618 2447 sane
1685 2389 1887 2446 exinde
1928 2405 2093 2442 unam
2155 2389 2208 2442 in
2273 2385 2497 2443 Christo
2527 2396 2780 2438 naturam
2817 2391 3069 2436 astruere
3119 2376 3482 2437 contendunt,
3511 2373 3584 2425 ita

312 2481 557 2538 dicentes
588 2500 602 2538 :
642 2483 699 2538 Si
730 2485 870 2541 duas
907 2487 967 2541 in
998 2486 1219 2543 Christo
1259 2486 1456 2541 demus
1493 2501 1616 2541 esse
1657 2493 1906 2550 naturas,
1949 2492 2366 2552 consequentur
2431 2495 2526 2534 cas
2566 2479 2900 2534 necessitate
2941 2473 3178 2545 quadam
3208 2469 3437 2526 omnino
3464 2466 3590 2520 dlla’.

315 2575 480 2628 etiam
506 2576 842 2632 voluntates.
920 2577 977 2634 Si
1043 2595 1176 2634 vero
1244 2581 1350 2635 hoc
1395 2593 1723 2635 concessum
1781 2576 1972 2641 fuerit,
2012 2577 2207 2630 eadem
2281 2574 2613 2630 necessitate
2683 2573 2805 2626 dua:
2886 2569 3220 2624 inducentur
3299 2576 3585 2633 personae,

311 2678 369 2723 et
419 2670 540 2726 dote
593 2671 825 2730 virtutes
875 2677 1221 2746 operatrices
1271 2678 1416 2733 inter
1471 2691 1530 2733 se
1596 2675 1890 2732 contrariae
1932 2689 2181 2731 Drorsus.

893 2815 1146 2870 ΚΕΦΑΛ.
1193 2815 1322 2872 NB’.

563 2906 702 2974 Περὶ
737 2905 848 2974 τῆς
890 2906 1082 2974 δόξης
1113 2909 1234 2963 τῶν
1279 2909 1640 2981 Ἀγγοητῶν.

390 3020 461 3075 Ὅ
483 3038 546 3090 γε
577 3022 685 3093 μὴν
727 3023 1005 3102 Ἰάκωϐος,
1036 3023 1098 3090 ἐξ
1117 3016 1179 3078 οὗ
1205 3027 1301 3080 καὶ
1327 3027 1360 3096 ή
1382 3027 1492 3080 τῶν
1554 3023 1893 3079 Ἰακωδιτῶν

320 3113 527 3183 αἵρεσις
551 3113 630 3168 ἔτι
661 3117 761 3168 καὶ
788 3116 883 3168 νῦν
907 3117 1252 3190 περιᾲδεται,
1286 3119 1461 3190 Σύρος
1495 3119 1593 3188 μὲν
1625 3114 1694 3190 ἦν
1715 3118 1775 3172 τὸ
1805 3118 1896 3188 γέ-

321 3221 431 3268 νος,
460 3205 646 3272 ἄδοξος
674 3206 733 3258 δὲ
765 3207 942 3278 πάντη
971 3211 1066 3262 καὶ
1088 3209 1489 3276 άφανέστατος·
1524 3210 1582 3274 ὃς
1599 3210 1694 3264 καὶ
1721 3211 1916 3277 Τζάψ,

321 3296 478 3360 ζαλος
504 3299 706 3350 οὑτωσὶ
735 3300 1094 3367 ἐπωνόμαστο
1118 3300 1212 3355 διὰ
1233 3300 1332 3372 τὴν
1356 3301 1561 3372 ἄκραν,
1609 3301 1686 3368 ὥς
1721 3321 1786 3373 γε
1818 3298 1902 3359 οἷο

327 3407 444 3459 μαι.
478 3390 777 3446 εὐτέλειαν.
804 3385 974 3456 Οὗτος
1029 3394 1090 3447 τὸ
1127 3395 1405 3466 Εύτυχοῦς
1437 3399 1533 3450 καὶ
1580 3399 1898 3467 Διοσκόρου,

324 3483 479 3538 ἔτιδὲ
506 3485 601 3538 τοῦ
645 3487 917 3556 Κναφέως
980 3488 1188 3558 Πέτρου
1256 3489 1350 3543 καὶ
1418 3491 1664 3560 Σευήρου
1723 3492 1902 3563 δόγμα

324 3575 731 3644 δισδ-ξάμενος,
763 3578 842 3639 είς
877 3579 1020 3647 μέγα
1049 3580 1327 3635 ἐπιδοῦναι
1365 3582 1519 3652 παρὰ
1571 3583 1766 3655 Σύροις
1799 3604 1902 3638 πα·-

330 3669 724 3736 ρεσκευάσατοο
755 3671 885 3739 μίαν
917 3667 1013 3724 οὖν
1051 3672 1363 3727 ὑπόστασιν
1397 3675 1658 3730 σύνθετον
1699 3679 1766 3731 ὲκ
1809 3676 1905 3732 δύο

331 3764 548 3831 φύσεων
575 3765 677 3834 τῆς
728 3750 960 3819 καθόλου
1017 3765 1352 3838 Ἐκκλησίας
1394 3769 1772 3840 ὁμολογούσης
1817 3770 1906 3823 τὸν

334 3853 534 3924 Κύριον
578 3854 737 3925 ήμῶν
764 3856 974 3928 Ἰησοῦν
1009 3858 1270 3927 Χριστὸν,
1327 3859 1586 3929 θεότητος
1617 3862 1766 3930 λέγω
1811 3865 1910 3916 καὶ

332 3945 773 4016 ἀνθρωπότητος,
809 3950 905 4001 καὶ
938 3949 1213 4021 ἑκατέραν
1244 3951 1456 4006 τούτων
1481 3951 1622 4023 μετὰ
1648 3951 1748 4023 τήν
1776 3952 1911 4005 ’ἐνω-

334 4051 418 4089 σιν
441 4037 557 4089 σῶά
609 4055 667 4090 τε
695 4039 766 4092 τὰ
799 4039 906 4092 τῶν
935 4041 1153 4109 φύσεων
1181 4042 1560 4111 φυλάττουσαν
1614 4042 1908 4112 ἰδιώματαο

334 4127 408 4191 ὡς
438 4126 579 4183 είναι
608 4131 707 4201 τὴν
739 4130 848 4184 τῶν
881 4132 1100 4201 φύσεων
1130 4134 1327 4189 ’ἐνωσιν
1349 4136 1590 4208 ἄφυρτον
1622 4136 1716 4190 καὶ
1738 4135 1910 4203 ἀσύγ-

334 4237 514 4290 χυτον,
549 4221 816 4292 άτρεπτόν
841 4241 902 4275 τε
924 4229 1017 4277 καὶ
1039 4226 1420 4296 ἀναλλοίωτον,
1446 4229 1670 4284 διπλοῦν
1702 4231 1792 4284 τὸν
1814 4231 1912 4285 αύ-

334 4313 426 4365 τὸν
449 4312 580 4368 ὄντα
620 4314 752 4368 Θεὸν
816 4317 912 4369 καὶ
969 4319 1284 4388 ἄνθρωπον
1353 4321 1454 4374 καὶ
1502 4321 1599 4375 δύο
1658 4322 1913 4394 Θελήσεις

337 4407 430 4459 καὶ
464 4410 744 4479 ἐνεργείας
772 4408 963 4474 θεῖκὰς
991 4412 1129 4482 ὁμοῦ
1182 4415 1273 4465 καὶ
1305 4412 1664 4482 ἀνθρωπικὰς
1695 4415 1910 4484 ἔχοντα·

335 4501 364 4550 ό
398 4500 642 4571 Εὑτυχὴς
674 4501 768 4555 δύο
831 4504 932 4573 μὲν
991 4506 1089 4558 καὶ
1141 4488 1307 4568 αὐτὸς
1358 4507 1464 4575 πρὸ
1520 4509 1619 4577 τῆς
1669 4507 1916 4568 ἐνώσεω;

2606 2812 2832 2868 CAPUT
2872 2811 2980 2866 LII.

2411 2906 2489 2961 De
2519 2908 2766 2978 opinione
2796 2907 3176 2977 Agnoetarum.

2075 3024 2318 3082 Iacobus
2346 3039 2538 3094 porro,
2566 3039 2595 3078 a
2624 3038 2736 3094 qno
2771 3038 2920 3079 nunc
2950 3036 3172 3092 quoque
3205 3020 3587 3078 Jacobitarum

2007 3117 2235 3175 haeresis
2263 3117 2618 3173 denominata
2642 3116 2982 3178 celebratur,
3015 3116 3207 3187 Syrius
3230 3130 3431 3186 genere
3457 3115 3586 3177 fuit,

2004 3211 2284 3268 obscurus
2323 3225 2577 3282 prorsus,
2617 3218 2669 3265 et
2703 3211 2854 3266 nulla
2905 3209 3075 3281 gloria
3125 3209 3232 3278 vir,
3280 3208 3375 3278 qui
3420 3209 3590 3262 etiam

2005 3307 2276 3364 Zanzalus
2311 3314 2540 3375 propter
2569 3319 2841 3360 summam
2895 3304 3222 3359 tenuitatem
3255 3311 3342 3356 est
3379 3315 3592 3372 cogno-

2008 3401 2272 3456 minatus.
2299 3399 2400 3455 Hic
2438 3398 2783 3470 Eutychetis,
2814 3406 2870 3454 et
2901 3396 3152 3453 Dioscori
3198 3394 3582 3464 anipheique,

2009 3501 2274 3563 praaterea
2301 3491 2451 3548 Petri
2484 3501 2651 3559 atque
2679 3490 2870 3546 Severi
2910 3487 3168 3559 dogmate
3205 3495 3451 3555 recepto,
3477 3500 3596 3538 nia-

2007 3599 2249 3656 gnopere
2275 3584 2326 3638 id
2361 3583 2506 3654 apud
2539 3582 2708 3654 Syros
2733 3596 3042 3652 propagare
3076 3579 3309 3636 studuit.
3347 3576 3593 3632 Ecclesia

2009 3694 2144 3735 sane
2169 3678 2456 3734 Catholica
2482 3677 2777 3732 Dominum
2817 3684 3067 3731 nostrum
3091 3674 3276 3729 Jesum
3305 3672 3593 3727 Christum

2010 3770 2432 3828 subsistentiam
2483 3785 2646 3824 unam
2687 3785 2717 3824 e
2762 3768 2977 3823 duabus
3015 3766 3234 3820 naturis
3282 3766 3595 3818 consistun-

2015 3876 2148 3927 tem,
2180 3863 2448 3926 Deitatis,
2485 3861 2708 3930 inqunn
2731 3900 2744 3925 ,
2786 3868 2842 3915 ct
2870 3858 3250 3917 humanitatis.
3285 3856 3596 3926 profitetur,

2013 3955 2088 4010 ita
2131 3965 2189 4010 ut
2221 3961 2456 4022 utraque
2507 3952 2698 4006 harum
2745 3960 2870 4020 post
2919 3946 3182 4004 unionem
3228 3947 3599 4015 proprietates

2011 4062 2143 4102 snas
2179 4045 2361 4101 salvas
2389 4051 2706 4105 conservet,
2737 4050 2795 4096 ct
2830 4040 3064 4094 duarum
3092 4039 3328 4094 istarum
3371 4049 3598 4092 natura-

2015 4155 2140 4195 rum
2188 4137 2321 4192 nnio
2376 4134 2691 4190 mistionem
2749 4142 2808 4187 et
2856 4129 3282 4195 confusionem,
3339 4128 3602 4182 mutatio-

2016 4243 2258 4299 nemque
2282 4235 2340 4282 et
2371 4224 2759 4282 alterationem
2810 4223 3020 4278 nullam
3049 4221 3300 4276 admittat
3324 4239 3338 4286 ;
3367 4219 3598 4290 ipseque

2015 4323 2348 4380 idemoDeus
2380 4321 2453 4375 sit
2486 4327 2542 4374 et
2571 4319 2761 4382 homo,
2795 4325 2852 4372 et
2881 4315 3202 4370 voluntates
3256 4314 3602 4382 virtutesque

2016 4417 2358 4488 operatrices
2390 4416 2551 4479 duas,
2580 4411 2824 4470 divinam
2855 4408 3114 4465 videlicet
3137 4407 3303 4464 simul
3324 4416 3379 4462 et
3409 4406 3603 4461 huma-

2017 4529 2168 4578 nam,
2192 4509 2412 4565 habeat.
2455 4507 2730 4579 Eutyches
2760 4515 2946 4561 aulam
2978 4504 3118 4559 duas
3148 4503 3370 4573 quidem
3405 4512 3460 4556 et
3489 4501 3604 4570 ipse

337 4591 489 4660 ἔλεγε
515 4593 707 4662 φύσεις
737 4595 836 4656 τὰς
876 4595 1106 4666 ὕστερον
1168 4598 1488 4661 ὲνωθείσας·
1551 4599 1690 4668 μετὰ
1729 4598 1786 4651 δὲ
1816 4601 1903 4669 τήν

2023 4614 2150 4660 ante
2182 4604 2445 4658 unionem
2490 4610 2719 4656 naturas
2769 4598 2933 4664 dixit,
2969 4595 3170 4652 deinde
3222 4597 3428 4651 uni:as.
3476 4594 3610 4650 Post

338 4680 532 4735 ἕνωσιν
554 4684 632 4744 είς
666 4686 797 4753 μίαν
830 4687 1099 4757 κραθῆναι
1148 4689 1353 4750 ταύτας
1385 4693 1570 4757 φύσιν,
1595 4694 1689 4742 καὶ
1716 4705 1918 4759 συγχυ⁴

342 4774 502 4844 θῆναι
529 4779 624 4832 καὶ
653 4781 872 4850 φυρμὸν
895 4782 1094 4834 παθεῖν
1152 4781 1540 4852 ὲδογμάτιζεν.
1600 4783 1764 4836 Ὥστε
1822 4783 1918 4837 καὶ

340 4868 439 4936 τὴν
468 4869 700 4940 θεότητα
736 4873 805 4924 τὰ
830 4873 932 4942 τῆς
987 4873 1410 4946 ἀνθρωπότητος
1452 4875 1711 4946 πάσχειν,
1739 4875 1830 4928 καὶ
1861 4874 1921 4927 τὸ

341 4962 628 5016 ἀνάπαλιν.
665 4964 756 5016 Διὸ
793 4967 888 5019 καὶ
929 4966 1054 5029 τοὺς
1113 4966 1290 5021 ταῦτα
1341 4967 1774 5036 δογματίζοντας
1825 4967 1922 5019 καὶ

344 5053 728 5122 Μονοφυσέτας
783 5057 878 5111 καὶ
930 5058 1311 5128 Θεοπασχίτας
1385 5060 1435 5112 ot
1483 5059 1619 5112 θεῖοι
1677 5059 1920 5131 Πατέρες

344 5149 502 5218 ἡμῶν
534 5149 951 5218 κατωνόμασαν.
983 5152 1167 5224 Ταύτῃ
1216 5156 1281 5224 τῇ
1331 5152 1459 5222 δόξῃ
1487 5154 1515 5206 ὅ
1535 5169 1594 5205 τε
1629 5154 1924 5222 Διόσκορος

345 5243 691 5312 πατριάρχης
741 5243 1169 5315 Ἀλεξανδρείας,
1212 5246 1306 5298 καὶ
1360 5247 1569 5315 Πέτρος
1602 5248 1629 5299 ὁ
1666 5245 1924 5314 Κναφεὺς

347 5336 442 5389 καὶ
466 5338 495 5388 ὁ
521 5334 822 5404 ’Δκέφαλος
858 5339 1092 5408 Σευῆρος
1122 5341 1171 5392 οἱ
1206 5340 1306 5408 τῆς
1349 5338 1696 5410 Ἀντιοχείας
1731 5339 1922 5410 ἀρχιε-

347 5428 464 5495 ρεῖς
488 5427 582 5478 καὶ
616 5427 794 5495 ἕτεροι
838 5428 1301 5497 καθυπήχθησαν.
1336 5430 1444 5483 Τοῦ
1479 5429 1662 5482 τοίνυν
1695 5428 1925 5499 εἰρημέ-

348 5534 440 5570 νου
505 5517 764 5571 Ἰακώϐου
812 5524 911 5587 την
950 5521 1060 5572 τῶν
1107 5519 1501 5592 Μονοφυσιτῶν
1551 5522 1711 5587 δόξαν
1773 5521 1926 5591 παρὰ

349 5605 541 5678 Σύροις
599 5610 981 5680 κηρύττοντος,
1038 5614 1243 5682 σχίσμα
1298 5609 1800 5684 μέγαέγγίνεται.
1863 5614 1927 5667 Οἱ

357 5703 455 5772 μὲν
513 5702 606 5756 οὖν
640 5708 707 5774 τῇ
758 5704 894 5774 ὀρθῇ
951 5705 1078 5777 δόξῃ
1143 5709 1581 5776 προσμείναντες
1661 5707 1929 5777 Μελχῖται

355 5797 691 5867 ἐκλήθησαν,
734 5799 808 5859 ὡς
842 5802 908 5870 τῇ
954 5802 1086 5870 ἁγίᾳ.
1123 5801 1165 5853 δ’
1202 5803 1406 5872 συνόδῳ
1453 5806 1548 5856 καὶ
1603 5803 1681 5871 τῷ
1717 5803 1931 5870 βασιλεί

359 5889 907 5961 ἐξακολουθήσαντες·
960 5898 1137 5966 Μεὶχὶ
1171 5901 1276 5966 γὰρ
1309 5898 1460 5966 παρὰ
1489 5897 1680 5967 Σύροις
1715 5899 1740 5949 ό
1762 5872 1927 5966 13m;-

2021 4696 2278 4751 unionem
2306 4703 2488 4748 autem
2514 4693 2572 4747 in
2601 4706 2766 4746 unam
2792 4706 2888 4747 eas
2932 4699 3188 4744 naturam
3219 4687 3444 4750 abiisse,
3478 4701 3609 4742 con-

2024 4785 2282 4854 l‘usasque
2313 4800 2458 4848 esse,
2487 4793 2543 4839 et
2575 4782 2894 4838 mistionem
2923 4780 3163 4835 subiisse
3208 4780 3470 4849 Opinatus
3500 4789 3604 4837 est.

2023 4878 2164 4934 adeo
2181 4885 2250 4942 put
2271 4887 2326 4934 et
2353 4877 2621 4932 divinitas
2645 4891 2710 4930 ea
2735 4891 2858 4944 quae
2879 4873 3244 4929 humanitatis
3270 4872 3424 4926 fuere
3452 4886 3608 4940 passa

2025 4971 2117 5034 sit,
2150 4979 2205 5027 et
2232 4981 2448 5028 contra.
2485 4967 2724 5023 Proinde
2750 4967 2866 5022 hac
2890 4965 2963 5021 ita
2989 4969 3279 5036 Opinantes
3306 4963 3611 5034 Monolihy-

2026 5066 2160 5120 sitas
2185 5074 2238 5120 ct
2279 5061 2715 5132 Theopaschitas
2744 5060 2857 5114 divi
2899 5059 3089 5113 Patres
3117 5058 3293 5113 nostri
3323 5060 3610 5126 cognomi-

2026 5163 2254 5212 narunt.
2309 5155 2377 5210 Et
2434 5155 2552 5222 ipsa
2597 5152 2868 5223 'Opinione
2916 5151 3220 5208 Dioscorus
3263 5151 3613 5205 Alexandria:

2027 5247 2366 5320 patriarcha,
2395 5245 2564 5316 882
2597 5253 2654 5301 et
2682 5244 2880 5299 Petrus
2910 5243 3228 5311 Cnaphcus,
3265 5243 3615 5309 Severusquo

1995 5340 2366 5412 'Acephalus,
2419 5338 2669 5409 episcopi
2733 5337 3086 5399 Antiochrni,
3151 5345 3318 5406 atque
3386 5337 3616 5399 insuper

2029 5433 2121 5487 alii
2156 5431 2517 5486 transversim
2546 5431 2772 5486 abducti
2808 5436 2963 5485 Sunt.
3006 5429 3302 5485 Enimvero
3334 5445 3402 5484 co
3450 5446 3614 5498 quem

2031 5525 2271 5580 diximus
2302 5524 2510 5581 Jacoho
2553 5523 3063 5594 Monophysitarum
3101 5523 3425 5592 Opinionem
3463 5524 3614 5593 apud

2036 5617 2205 5690 Syros
2231 5618 2590 5689 prazdicante,
2620 5631 2875 5686 magnum
2912 5624 3162 5670 exortum
3190 5625 3274 5669 est
3299 5614 3615 5670 dissidinin.

2033 5709 2169 5764 Nam
2227 5709 2320 5777 qui
2385 5717 2550 5762 rectae
2613 5707 2863 5776 opinioni
2927 5705 3297 5770 adhznscrunt,
3350 5707 3620 5762 Mt-lchittt:

2037 5793 2292 5872 appellati
2329 5811 2479 5866 sunt,
2511 5798 2658 5870 quod
2705 5809 2950 5853 sanctam
3009 5807 3259 5868 quartam
3324 5799 3618 5869 synodum,

2035 5906 2089 5954 et
2120 5896 2510 5967 imperatorem
2539 5896 2717 5962 ipsum
2745 5891 2965 5962 (Mclchi
2999 5893 3144 5947 cnim
3177 5892 3330 5962 Syris
3383 5909 3475 5947 res
3510 5895 3620 5963 ρει)
