4084 6490
446 395 550 460 m
1628 389 2051 457 NtCEPnouI
2097 389 2445 462 CALLlS'l‘I
3610 406 3719 470 HO

445 521 933 570 mmsectarentur.
984 512 1089 579 Qui
1133 521 1320 568 autem
1374 514 1658 570 diversum
1711 515 2027 570 senserunt.

2154 518 2261 581 ιεύς
2304 520 2476 572 ἐστιν·
2543 522 2593 576 οῖ
2624 522 2681 576 δὲ
2735 504 3001 581 τάναντία
3068 527 3447 599 φρονήσαντες
3504 529 3722 595 πολλοῖς

448 608 614 662 multa
648 607 914 677 variaque
953 606 1206 663 habuere
1244 608 1498 664 nomina.
1535 607 1803 664 Jacohitae
1847 617 2033 663 tamen

2154 614 2238 666 ul
2272 613 2555 684 διαφόροις
2608 618 2877 688 ὀνόμασιν
2929 620 3340 691 ὲπεκλήθησαν·
3375 623 3446 676 τὰ
3480 622 3721 692 μάλιστα

449 700 686 754 maxime
717 708 849 755 sunt
877 700 1273 772 cognominati,
1304 710 1594 773 propterea
1616 701 1762 773 quod
1783 701 1834 756 ei
1869 716 2033 771 quem

449 793 562 847 dixi
615 793 1128 865 Monupbysitarum
1202 795 1433 849 haeresis
1505 793 1759 850 studioso
1826 793 2036 851 Iacobo

452 886 825 943 adbazrerent.
852 886 959 955 Qui
988 887 1154 943 etiam
1191 888 1532 943 anathemati
1575 888 1759 942 traditi
1787 897 1939 951 sunt,
1976 896 2035 941 ut

453 976 847 1051 Monophysita:
875 979 1109 1046 scilicet,
1140 989 1198 1035 et
1236 979 1719 1052 Theophaschitar.
1744 980 1874 1035 Post
1905 994 2037 1035 vero

384 1098 394 1107 -
451 1069 602 1125 aliud
647 1071 814 1125 etiam
852 1071 1125 1127 hatresum
1182 1087 1413 1137 examen
1458 1073 1526 1127 ad
1580 1087 1641 1128 se
1697 1082 2035 1143 pertraxere,

456 1178 581 1232 qua:
680 1163 1012 1219 Trinitatem
1070 1166 1621 1222 consubstantialem
1721 1168 2036 1231 credentes,

456 1269 625 1307 unam
698 1264 953 1310 naturam
1027 1266 1153 1327 post
1204 1260 1465 1313 unionem
1517 1258 1574 1313 in
1626 1258 1849 1315 Christo
1917 1273 2037 1315 esse

452 1344 784 1413 docui-runt,
813 1363 1026 1403 sacram
1055 1359 1309 1420 quartam
1339 1352 1612 1423 synodum
1649 1353 2038 1422 repudiantes.

454 1451 517 1491 ac
546 1436 814 1508 deinceps
853 1454 1049 1496 omnes
1087 1450 1310 1497 sanctos
1355 1443 1545 1498 Patres
1584 1445 1920 1515 rejicientes.
1972 1444 2039 1499 Et

453 1529 602 1597 quod
657 1533 958 1587 maximum
1019 1543 1124 1600 est,
1184 1535 1464 1591 divinitati
1516 1536 1693 1607 ipsius
1760 1537 2038 1608 Unigeuiti

456 1624 875 1693 perpessionem
929 1627 1286 1693 tribuerunt,
1333 1628 1443 1684 Ter
1475 1639 1670 1686 sancto
1699 1630 1776 1684 illi
1830 1629 2038 1699 hymno

453 1716 818 1787 appendicem
853 1721 994 1775 hanc
1020 1740 1036 1776 :
1078 1742 1092 1773 ι
1116 1721 1219 1789 Qui
1257 1724 1559 1778 cruciﬁxus
1581 1739 1644 1780 es
1668 1740 1769 1794 pro
1794 1723 1957 1779 nobis
1982 1744 2001 1776 ι
2018 1766 2033 1791 ,

453 1810 720 1867 adnecten
730 1820 831 1869 tes.

511 1924 514 1926 '
1047 1908 1273 1968 CAPUT
1304 1911 1438 1968 LliI.

804 2003 889 2057 De
933 2006 1123 2059 ‘Itwrest'
1159 2004 1678 2076 TlteOpaschitarum.

530 2095 681 2149 Talis
738 2095 1118 2151 Jacohitarum
1173 2098 1403 2155 baresis
1435 2102 1592 2155 radix
1617 2100 2041 2157 exstitit.Jaco-

457 2186 561 2242 bus
592 2196 776 2242 autem
802 2189 1191 2245 Armeniorum
1233 2206 1458 2261 quoque
1483 2200 1648 2247 sectae
1672 2191 1780 2247 dux
1804 2192 1929 2246 fuit.
1964 2192 2038 2246 Ea

458 2295 593 2335 sane
655 2281 884 2335 haeresis
928 2282 1216 2350 multiplex
1246 2292 1352 2347 est,
1386 2293 1525 2339 etut
1563 2285 1838 2355 quispiam
1869 2284 2037 2350 dicat,

461 2376 733 2429 lia-resum
761 2376 1010 2431 omnium
1051 2377 1338 2432 continens
1359 2381 1595 2433 sentina.
1633 2378 1769 2434 Nam
1802 2378 1880 2433 illi
1914 2394 2040 2435 cum

462 2467 600 2521 Ario
624 2468 885 2524 aberrant
913 2471 969 2525 in
1001 2485 1092 2533 eo,
1125 2471 1269 2536 quod
1307 2471 1477 2525 Deum
1515 2471 1753 2526 Verbum
1788 2482 2040 2527 naturam

461 2558 756 2613 mutationi
786 2559 1105 2624 obnoxiam,
1148 2562 1442 2618 habentem
1474 2578 1694 2618 carnem
1721 2562 1905 2618 anima
1944 2579 2039 2618 ca-

461 2663 698 2718 rentem,
752 2654 1119 2724 assumpsisse
1178 2654 1392 2711 dicunt.
1418 2654 1557 2711 Cum
1597 2654 1905 2727 Apollinari
1936 2672 2042 2711 au-

462 2751 595 2807 tem,
644 2744 791 2811 quod
843 2759 1046 2815 corpus
1107 2746 1327 2801 Domini
1369 2756 1606 2803 tuentem
1663 2764 1772 2803 non
1810 2749 2039 2813 habere,
2090 2752 2102 2762 '

459 2833 755 2905 eidemque
795 2834 1043 2892 divinam
1100 2847 1354 2894 naturam
1397 2839 1673 2905 sulllcere,
1725 2842 2041 2912 mentisque

459 2926 570 2980 vim
610 2928 979 2998 operatrieem
1029 2930 1293 2999 perﬁcere
1351 2932 1565 2988 dicunt.
1617 2934 1797 3003 Atque
1826 2934 2045 2990 haereti-

460 3022 542 3075 cis
574 3021 766 3077 multis
796 3022 1066 3090 laudatis,
1122 3026 1452 3095 depravalas
1483 3027 1728 3098 ipsorum
1753 3028 2043 3099 opiniones

459 3114 563 3168 sibi
594 3114 728 3183 ipsis
750 3126 1032 3189 arrogant.
1081 3116 1326 3188 Magistri
1372 3119 1568 3173 horum
1603 3120 1678 3174 illi
1736 3135 1876 3190 quos
1902 3121 2046 3175 dixi-

462 3221 588 3259 mus
641 3205 798 3262 fuere
844 3224 860 3261 :

462 3298 802 3369 quandoque
858 3299 935 3355 illi
992 3300 1167 3358 Deum
1215 3301 1484 3367 Verbum,
1516 3302 1964 3374 incorruptibile,
1990 3313 2048 3358 et

465 3391 796 3457 iucreatum,
859 3399 915 3445 et
971 3392 1221 3458 emleste,
1250 3405 1306 3448 et
1344 3410 1373 3447 a
1414 3396 1773 3465 perpessione
1802 3395 2045 3451 alienum

464 3488 631 3549 atque
663 3480 893 3546 subtile,
913 3481 1184 3552 nobisque
1210 3499 1317 3538 non
1355 3484 1827 3540 consubstantiale
1849 3500 2050 3554 corpus

466 3570 765 3643 recepisse,
798 3585 963 3645 atque
989 3590 1051 3630 ea
1085 3591 1207 3644 quae
1250 3577 1436 3631 carnis
1472 3586 1622 3645 sunt,
1651 3577 1811 3634 nobis
1843 3579 1898 3633 in
1929 3593 2053 3648 spe-

430 3656 604 3720 ‘t-iem
634 3678 846 3722 tantum
901 3669 1106 3737 spectri
1170 3685 1325 3724 more
1386 3670 1737 3736 exhibuisse,
1813 3686 2052 3727 exsecu-

468 3773 696 3832 tumque
729 3766 850 3816 eSse
879 3763 1202 3833 opinantur.
1232 3763 1578 3836 Quandoque
1604 3774 1788 3821 autem
1823 3780 2047 3821 carnem

466 3855 590 3923 ejus
641 3857 695 3910 in
739 3864 993 3911 naturam
1056 3857 1283 3933 Deitatis
1343 3874 1691 3926 conversam,
1753 3859 2050 3930 eidemque

466 3947 993 4006 consubstantialem
1056 3947 1255 4004 laetam
1311 3964 1435 4005 esse
1459 3949 1674 4005 dicunt.
1706 3948 1873 4020 883
1913 3949 2053 4003 Mul-

470 4041 637 4096 toties
687 4056 825 4097 vero
883 4042 1051 4098 etiam
1108 4042 1281 4098 Deum
1335 4040 1581 4098 Verbum
1640 4042 1946 4097 humanum
1985 4058 2053 4097 ex

412 4156 425 4169 -
466 4134 691 4205 Virgine
749 4148 951 4205 corpus
998 4135 1362 4205 assumpsisse
1424 4143 1666 4205 negant,
1718 4133 1815 4188 sed
1869 4134 2050 4204 ipsum

469 4227 799 4282 immutabili
848 4226 1015 4282 modo
1067 4237 1362 4293 mutatum,
1421 4237 1477 4280 ct
1543 4241 1768 4281 carnem
1821 4226 2049 4287 factum,

468 4321 764 4373 transitum
827 4326 1038 4372 tantum
1085 4333 1187 4388 per
1220 4318 1499 4389 Virginem
1540 4317 1739 4373 fecisse
1775 4334 1791 4371 :
1824 4326 1880 4372 et
1900 4318 2051 4373 cruci

466 4413 848 4474 divinitatem,
876 4427 1001 4482 qua;
1043 4412 1430 4467 circumscribi
1454 4423 1511 4466 et
1537 4409 1757 4465 deliniri
1789 4420 2051 4480 nequeat,

467 4503 748 4573 Unigeniti
780 4502 992 4557 allixam
1016 4544 1030 4566 ,
1095 4503 1458 4573 eamdemque
1505 4503 1767 4572 sepulcro
1794 4502 2050 4557 traditam

470 4605 811 4652 asseverant.
867 4597 1046 4665 Atque
1086 4596 1250 4650 [idem
1311 4596 1477 4650 etiam
1539 4593 2049 4652 nativitatiCbristi

470 4693 778 4746 secundum
835 4704 1060 4744 carnem
1103 4692 1453 4760 derogantes,
1494 4700 1550 4745 et
1578 4705 1699 4745 eam
1725 4690 1780 4745 in
1811 4689 2051 4761 speciem

472 4794 713 4849 tantum,
784 4784 1188 4854 phantasmatis
1247 4784 1440 4847 instar,
1472 4782 1674 4838 factam
1709 4798 1833 4838 esse
1860 4783 2054 4839 dicen-

475 4890 577 4933 tes.
627 4878 694 4933 Et
740 4892 852 4931 non
902 4874 1068 4931 sicuti
1098 4889 1219 4940 nos,
1279 4890 1377 4945 per
1416 4875 1723 4941 intervalla,
1757 4875 2059 4945 particula-

475 4972 593 5033 lim,
646 4969 742 5024 sed
804 4969 871 5023 ad
923 4968 1351 5039 quindecimum,
1387 4966 1639 5023 Januarii
1674 4967 1882 5025 mensis
1911 4967 2055 5023 diem

466 5064 665 5137 jejunii
694 5074 913 5134 tempus
932 5063 1314 5119 extendentes.
1355 5060 1848 5116 Anuuntiatiouem
1890 5060 2056 5115 simul

470 5171 527 5216 vt
575 5160 944 5223 nativitatem,
992 5166 1047 5212 et
1106 5157 1439 5227 baptismum
1477 5154 1684 5211 Christi
1747 5153 2067 5208 celebrant.-

473 5259 618 5325 Quin
685 5259 855 5313 multa
921 5256 1086 5312 etiam
1152 5252 1328 5308 divini
1375 5251 1661 5322 Evangelii
1700 5249 1872 5315 dicta,
1900 5265 2057 5305 suam

476 5353 579 5424 ipsi
649 5354 971 5423 opinionem
1034 5359 1293 5406 astruere
1319 5357 1613 5414 conantes,
1647 5345 1852 5401 tollunt
1890 5354 2059 5416 atque

476 5448 751 5502 inducunt
825 5462 840 5499 :
906 5460 969 5500 ac
1010 5444 1180 5499 veluti
1222 5426 1756 5513 Monophysitarum,
1784 5448 1839 5495 et
1874 5439 2061 5494 Theo-

476 5541 872 5609 paschitarum,
903 5551 955 5593 et
986 5535 1643 5607 Aphthartodocetarum,
1684 5543 1742 5588 et
1773 5531 2061 5588 Monothe-

474 5630 711 5687 letarum
780 5633 1034 5687 haeresim
1094 5629 1414 5687 haereditate
1462 5626 1763 5691 creverint,
1814 5626 2059 5696 Cnaphei

474 5723 624 5781 Petri
697 5729 1072 5781 accessionem
1145 5723 1446 5779 Tersancto
1524 5722 1732 5792 hymno
1791 5735 2059 5775 annexam

475 5820 635 5874 valde
676 5820 1143 5889 complectuntur.
1196 5816 1494 5872 Ecclesiam
1560 5815 1893 5870 catholicam
1947 5817 2061 5886 jam

2138 706 2195 760 δὲ
2235 706 2548 762 Ἰακωὸῖται
2597 710 3154 783 προσηγορεύθησαν,
3189 713 3264 776 ὡς
3311 712 3390 783 τῷ
3441 715 3720 786 εἰρημένῳ

2143 802 2457 874 σπουδαστῇ
2480 803 2580 874 τῆς
2606 805 2716 858 τῶν
2755 806 3151 874 Μονοφυσιτῶν
3181 806 3450 876 αἱρέσεως
3481 823 3724 860 κατακο-

2139 892 2508 966 λουθήσαντες
2555 897 2822 968 Ἰακὼ6ῳ’
2879 898 2929 951 οῖ
2964 900 3059 952 xal
3122 898 3432 970 ἁναθέματι
3481 899 3723 969 παραδέ-

2138 985 2343 1054 δονται,
2386 989 2482 1041 καὶ
2534 988 2608 1053 ὼς
2660 990 3034 1058 Μονοφυσῖται
3090 993 3184 1045 καὶ
3212 991 3607 1063 Θεοπασχῖται·
3662 992 3722 1054 ἐς

2143 1078 2372 1151 ’ὕστερον
2399 1079 2454 1133 δὲ
2485 1083 2580 1133 καὶ
2611 1080 2770 1136 ἄλλον
2797 1083 2969 1153 ἑσμὸν
2998 1084 3268 1155 αἱρέσεων
3313 1083 3723 1154 περιϐεϐλημέ-

2140 1189 2245 1236 νοι,
2273 1171 2322 1224 οἳ
2378 1172 2585 1243 Τριάδα
2628 1175 2982 1237 πιστεύοντες
3018 1177 3330 1243 όμοούσιον,
3391 1176 3523 1246 μίαν
3558 1176 3723 1245 φύσιν

2143 1264 2282 1331 μετὰ
2323 1265 2423 1332 τὴν
2453 1264 2649 1318 ἕνωσιν
2709 1268 2805 1320 ἐπὶ
2844 1267 3088 1334 Χριστοῦ
3152 1267 3567 1338 δογματίζουσι,
3625 1266 3724 1339 τὴν

2142 1359 2309 1425 ἁγίαν
2386 1355 2429 1411 δ’
2483 1358 2704 1412 σύνοδον
2771 1358 3101 1421 ἀθετοῦντες
3154 1361 3248 1413 καὶ
3297 1360 3424 1424 τοὺς
3482 1359 3725 1429 καθεξῆς

2140 1444 2388 1510 ἅπαντας
2422 1446 2613 1511 ἁγίους
2644 1447 2892 1518 Πατέρα;
2922 1449 3388 1521 ἁποόαλλόμενοι·
3438 1449 3536 1504 καὶ
3558 1450 3634 1504 ,τὸ
3659 1450 3725 1518 δὴ
3816 1506 3823 1521 ί

2144 1538 2428 1608 μέγιστον,
2478 1540 2575 1594 καὶ
2634 1542 2703 1611 τῇ
2743 1539 2964 1611 θεότητι
3020 1542 3118 1594 τοῦ
3160 1541 3503 1610 Μονογενοῢς
3554 1542 3728 1602 πάθος

2141 1631 2539 1701 προσάπτουσι,
2568 1631 2649 1703 τῷ
2677 1632 2945 1703 τρισαγίῳ
2976 1633 3132 1706 ὕμνῳ
3176 1634 3235 1689 τὸ
3269 1635 3333 1689 '0
3360 1635 3726 1705 σταυρωθείς

2141 1722 2219 1776 δι’
2244 1722 2404 1794 ἡμᾶς
2432 1725 2841 1796 προστιθέντες.

2713 1909 2964 1964 ΚΕΦΑΛ.
3010 1910 3136 1965 NI".

2323 2003 2464 2071 Περὶ
2493 2002 2606 2070 τῆς
2635 2001 2920 2072 αιρέσεως
2947 2002 3067 2058 τῶν
3095 2003 3546 2073 Θεοπασχιτῶν.

2215 2094 2380 2149 Ἀλλὰ
2403 2097 2624 2168 τοιαύτη
2654 2100 2757 2167 μὲν
2795 2101 2830 2169 η
2864 2098 2992 2169 ῥίζα
3025 2096 3138 2150 τῶν
3181 2096 3537 2151 Ἰακωδιτῶν·
3572 2095 3632 2157 ὃς
3661 2094 3730 2165 δὴ

2145 2188 2243 2241 καὶ
2274 2187 2373 2257 τῆς
2406 2186 2517 2241 τῶν
2568 2186 2879 2259 Ἀρμενίων
2916 2186 3193 2258 αἱρέσεως
3227 2186 3614 2255 καθηγήσατο.
3657 2186 3728 2240 ἰι

2143 2279 2207 2347 δὴ
2237 2278 2450 2349 αἵρεσις
2484 2279 2819 2350 πολυσχιδής
2842 2279 2906 2334 τέ
2936 2281 3077 2344 ἐστι,
3121 2280 3220 2333 καὶ¹
3246 2278 3323 2341 ὼς
3352 2279 3419 2332 ἄν
3439 2294 3528 2339 τις
3583 2277 3732 2330 εῐποι

2151 2372 2489 2442 μισγάγγεια
2518 2374 2701 2442 πάσης
2728 2372 3025 2443 αἱρέσεως.
3077 2373 3188 2425 Kal
3217 2371 3329 2441 γάρ
3367 2369 3565 2441 Ἀρείῳ
3591 2386 3733 2441 συμ-

2147 2465 2433 2537 φύρονται,
2481 2462 2564 2529 οἷς
2594 2483 2728 2535 φασι
2772 2465 3017 2536 τρεπτὴν
3074 2464 3221 2535 ἔχειν
3253 2463 3421 2534 φύσιν
3466 2463 3559 2516 τὸν
3596 2461 3732 2515 Θεὸν

2147 2559 2341 2628 Λόγον,
2375 2561 2471 2615 καὶ
2498 2561 2678 2630 σάρκα
2717 2559 3070 2630 ἀνειληφέναι
3094 2566 3098 2571 ‘
3123 2557 3330 2628 ἄψυχον
3368 2573 3385 2591 ο
3414 2555 3734 2610 Ἀπολλινα-

2150 2653 2252 2724 ρίῳ
2276 2652 2555 2725 δὲ,δτιπερ
2577 2653 2670 2706 καὶ
2693 2653 2854 2709 ἄνουν
2874 2654 3036 2723 σῶμα
3060 2654 3122 2706 τὺ
3138 2651 3232 2706 τοῦ
3261 2651 3464 2721 Κυρίου
3479 2650 3736 2715 δοξάζουο

2150 2763 2256 2799 σιν·
2294 2746 2527 2817 ἀρκέσαι
2557 2746 2668 2817 γάρ
2704 2764 2836 2814 φασι
2873 2748 2964 2816 τὴν
3002 2744 3154 2799 θείαν
3188 2743 3353 2814 φύσιν
3381 2743 3599 2798 τελέσαι
3639 2742 3736 2797 τοῦ

2149 2838 2244 2893 νοῦ
2287 2839 2387 2910 τὴν
2438 2841 2744 2912 ἐνέργειαν.
2808 2842 2919 2894 Kal
2980 2840 3218 2903 πολλοὺς
3272 2838 3381 2892 τῶν
3436 2836 3734 2908 αῖρετικῶν

2150 2937 2564 3002 ἐπαινέσαντες,
2620 2934 2717 2997 τὰς
2752 2934 3043 3004 κιϐδήλους
3093 2934 3251 2998 δόξας
3287 2930 3468 2986 αὐτῶν
3517 2929 3735 3001 ᾠκειώ-

2152 3046 2336 3084 σαντο.
2369 3027 2694 3082 Διδάσκαλοι
2719 3027 2774 3081 δὲ
2801 3027 2950 3094 σφῶν
2970 3028 3021 3080 οἱ
3041 3025 3431 3097 προειρημένοι
3450 3024 3733 3092 ἐγένοντο,

2152 3122 2251 3175 καὶ
2279 3121 2530 3193 Ἐχάνιος
2557 3123 2584 3174 ὁ
2608 3119 3030 3190 Μαντακούνης.
3060 3119 3171 3171 Kal
3208 3118 3285 3187 πῆ
3325 3117 3426 3188 μὲν
3453 3115 3737 3186 ἄφθαρτον

931 3215 989 3263 et
1014 3207 1292 3263 Echanius
1318 3210 1547 3280 insuper
1577 3210 1953 3266 Mantaeunes.
1983 3211 2048 3268 Et

2155 3212 2250 3265 καὶ
2278 3211 2535 3266 ἄκτιστον
2573 3214 2668 3265 καὶ
2694 3210 2952 3280 οὐράνιον
2997 3209 3092 3263 καὶ
3131 3208 3343 3271 ἀπαθὲς
3398 3207 3495 3260 καὶ
3540 3205 3737 3259 λεπτὸν

2155 3305 2319 3375 σῶμα
2378 3303 2676 3358 ἀναλαϐεῖν
2738 3304 2829 3356 τὸν
2882 3303 3017 3356 θεὸν
3067 3301 3262 3369 Λόγον,
3323 3301 3419 3354 καὶ
3475 3300 3551 3371 μὴ
3605 3300 3738 3369 ἡμῖν

2151 3393 2438 3465 όμοούσιον
2468 3380 2887 3463 δογματίζουσι,
2941 3393 3037 3445 καὶ
3066 3392 3135 3445 τὰ
3175 3392 3276 3461 τῆς
3338 3391 3545 3462 σαρκὸς
3590 3388 3738 3441 κατὰ

2152 3488 2456 3557 φαντασίαν
2484 3489 2618 3558 ἡμῖν
2665 3488 2930 3555 ἐνεργεῖν·
2973 3483 3051 3553 πῆ
3111 3484 3168 3537 δὲ
3219 3483 3350 3555 ὼςή
3402 3481 3541 3555 σὰρξ
3570 3481 3735 3538 αὑτοῦ

2153 3558 2234 3640 είς
2263 3577 2429 3646 φύσιν
2474 3576 2786 3647 μετεὸλήθη
2815 3575 3094 3645 θεότητος,
3130 3574 3225 3628 καὶ
3266 3573 3564 3644 ὁμοούσιος
3591 3573 3731 3642 αὐτῇ

2154 3671 2404 3740 γέγονεν’
2438 3671 2497 3724 ὲν
2535 3669 2759 3735 πολλοῖς
2787 3669 2844 3723 δὲ
2879 3668 3018 3739 μηδὲ
3047 3667 3139 3721 τὸν
3165 3667 3301 3720 Θεὸν
3326 3666 3502 3734 Λόγον
3524 3664 3736 3736 ἀνθρώ-

2158 3780 2312 3817 πειον
2339 3763 2402 3815 ὲκ
2436 3761 2538 3831 τῆς
2573 3761 2853 3831 Παρθένου
2885 3762 3046 3829 σῶμα
3081 3758 3395 3824 ἀναλαϐεῖν,
3424 3757 3542 3811 ἀλλ’
3571 3756 3734 3810 αὐτὸν

2154 3859 2443 3931 ἀτρέπτως
2474 3857 2751 3929 τραπέντα
2779 3855 2877 3910 καὶ
2901 3856 3082 3926 σάρκα
3105 3855 3426 3923 γενόμενον,
3459 3851 3562 3922 τὴν
3598 3850 3738 3918 πάρ-

2155 3953 2274 4007 οδον
2326 3953 2498 4022 μόνην
2564 3951 2652 4005 διὰ
2705 3950 2808 4020 τῆς
2870 3947 3154 4020 Παρθένου
3221 3944 3576 4015 ποιήσασθαι,
3640 3941 3735 3995 καὶ

2155 4047 2548 4117 προσπαγῆναι
2586 4043 2803 4115 σταυρῷ
2827 4042 2927 4113 τὴν
2947 4042 3373 4112 ἀπερίγραπτον
3393 4037 3486 4091 καὶ
3510 4035 3737 4104 ἀπεριό-

2159 4156 2345 4211 ριστον
2376 4138 2610 4209 θεότητα
2637 4135 2734 4190 τοῦ
2771 4135 3136 4204 Μονογενοῦς,
3194 4136 3291 4189 καὶ
3329 4131 3534 4199 ταύτην
3580 4128 3738 4199 τάφῳ

2158 4232 2553 4306 παραδοθῆναι.
2600 4228 2945 4294 Ἀθετοῦντες
2990 4228 3049 4282 δὲ
3092 4227 3185 4282 καὶ
3216 4227 3318 4298 τὴν
3362 4226 3507 4279 κατά
3562 4224 3740 4294 σάρκα

2158 4327 2414 4397 γέννησιν
2443 4325 2538 4378 τοῦ
2568 4322 2833 4394 Χριστοῦ,
2860 4329 2955 4376 καί.
2996 4320 3072 4384 ὡς
3096 4318 3482 4390 φαντασιωδῶς
3514 4318 3746 4388 γεγενῆ-

2163 4418 2287 4472 σθαι
2326 4417 2600 4488 λέγοντες,
2635 4415 2734 4486 οὐχ
2762 4415 2837 4479 ὡς
2871 4416 3030 4484 ἡμεῖς
3059 4416 3161 4469 ἀνὰ
3194 4413 3385 4484 μέρος,
3429 4412 3568 4466 ἀλλὰ
3607 4410 3746 4465 κατὰ

2160 4514 2259 4584 τὴν
2300 4518 2360 4568 ιε’
2395 4509 2491 4564 τοῦ
2538 4509 2878 4580 Ἰανουαρίου
2944 4507 3115 4579 μηνὸς
3172 4505 3601 4577 παρατείνοντες
3647 4504 3746 4573 τὴν

2165 4605 2446 4676 νηστείαν,
2498 4600 2591 4656 τὸν
2620 4599 3026 4670 εὐαγγελισμδν
3057 4597 3191 4668 ὁμοῦ
3227 4597 3318 4651 καὶ
3347 4596 3448 4667 τὴν
3486 4598 3747 4666 γέννησιν

2165 4697 2263 4750 καὶ
2298 4697 2359 4750 τὸ
2391 4695 2679 4765 βάπτισμα
2743 4690 3092 4763 ἑορτάζουσι.
3152 4689 3329 4744 Πολλὰ
3394 4687 3452 4742 δὲ
3507 4687 3605 4742 καὶ
3636 4687 3745 4739 τῶν

2162 4790 2256 4843 τοῦ
2308 4788 2458 4843 θείου
2520 4785 2857 4857 Εὐαγγελίου
2937 4784 3119 4857 ῥητῶν
3178 4782 3566 4853 διαγράφουσι,
3646 4778 3743 4848 τὴν

2164 4885 2441 4954 σφετέραν
2475 4881 2635 4947 δόξαν
2663 4879 3006 4951 πειρώμενοι
3050 4879 3336 4947 συνιστᾷνο
3370 4873 3743 4945 κληρούμενοι

2161 4976 2330 5033 δὲκαὶ
2358 4977 2460 5046 τὴν
2482 4976 2593 5030 τῶν
2618 4972 3015 5044 Μονοφυσιτῶν
3049 4971 3145 5025 καὶ
3197 4967 3589 5038 Θεοπασχιτῶν
3648 4966 3745 5019 καὶ

2174 5067 2705 5138 Ἀφθαρτοδοκητῶν
2746 5063 2842 5118 καὶ
2893 5062 3294 5128 Μονοθελητῶν
3358 5061 3598 5131 αἵρεσιν,
3646 5058 3749 5126 τὴν

2164 5160 2257 5212 τοῦ
2288 5160 2555 5228 Κναφέως
2584 5159 2796 5228 Πέτρου
2827 5156 3149 5229 προσθήκην
3178 5154 3255 5224 τῷ
3276 5148 3556 5226 τρισαγίῳ
3589 5151 3750 5221 ὕμνῳ

2163 5255 2286 5306 λίαν
2328 5252 2689 5317 ἀσπάζονταιο
2723 5251 2999 5320 λέγοντες,
3026 5249 3104 5313 ὡς
3159 5248 3370 5303 ἄνωθεν
3424 5247 3458 5317 ἡ
3512 5244 3749 5299 καθόλου

2179 5346 2480 5416 Ἐκκλησία
2529 5345 2671 5399 οὕτω
2720 5345 2813 5397 τὸν
2853 5344 3143 5416 τρισάγιον
3200 5341 3373 5409 ὕμνον
3422 5340 3750 5410 ἐκήρυττεν·

2169 5440 2309 5511 μετὰ
2333 5439 2391 5493 δὲ
2414 5440 2513 5510 τὴν
2546 5438 2641 5491 τοῦ
2676 5438 2867 5501 παιδος
2898 5436 3160 5506 ἁρπαγὴν
3218 5434 3394 5497 οὕτως
3426 5430 3753 5502 ἐνομοθέτηο

2168 5552 2284 5591 σεν.
2323 5536 2425 5587 Ἦν
2463 5533 2726 5605 ἁρπαγὴν
2760 5534 2855 5585 καὶ
2885 5532 2961 5594 ὡς
2991 5530 3161 5600 ψευδῆ
3208 5527 3376 5598 δῆθεν
3433 5525 3754 5582 παντάπασι

2166 5627 2559 5697 διαγράφουσι·
2604 5627 2742 5695 μηδὲ
2784 5624 2894 5694 γὰρ
2924 5626 2991 5693 τῇ
3032 5620 3459 5692 τρισυποστάτῳ
3509 5618 3754 5684 θεότητι,

2166 5722 2240 5784 ὡς
2273 5723 2321 5775 οί
2345 5723 2477 5774 θεῖοι
2529 5719 2775 5790 [lat-cepa;
2808 5718 3131 5771 διδάσκουσι
3207 5713 3419 5784 ταύτην
3472 5710 3757 5783 προσάγε-

2172 5817 2294 5868 σθαι
2331 5814 2662 5885 φάσκουσιν,
2690 5813 2829 5864 ἀλλὰ
2869 5811 2947 5881 τῷ
2974 5812 3258 5879 μονογενεί
3281 5808 3443 5877 Λόγῳ
3501 5804 3753 5877 Χριστῷ.

483 5914 611 5970 inde
656 5916 723 5972 ab
762 5913 921 5971 initio
963 5913 1231 5985 hymnum
1262 5926 1389 5967 eum
1431 5910 1504 5966 ita
1533 5907 1880 5979 decantasse,
1941 5925 2048 5981 posl

2172 5911 2233 5964 Ol
2264 5909 2309 5962 δ’
2338 5907 2490 5961 αὐτοὶ
2535 5909 2634 5961 καὶ
2667 5905 2877 5977 ἄζυμον
2926 5906 3029 5960 οὐκ
3069 5904 3234 5976 ἄρτον
3289 5902 3349 5956 ὲν
3398 5901 3518 5963 ταῖς
3578 5897 3756 5967 ἱεραῖς
