  <div class='ocr_page' id='page_1' title='image "/cluster/home/n/w/nwhite01/storage/ocr_20150623/147:no.3/coo.31924054870526/228.png"; bbox 0 0 4084 6484; ppageno 0'>
   <div class='ocr_carea' id='block_1_1' title="bbox 364 391 458 452">
    <p class='ocr_par' dir='ltr' id='par_1_1' title="bbox 364 391 458 452">
     <span class='ocr_line' id='line_1_1' title="bbox 364 391 458 452; baseline 0.011 -2"><span class='ocrx_word' id='word_1_1' title='bbox 364 391 458 452; x_wconf 70' lang='grc' dir='ltr'>-ίξί</span> 
     </span>
    </p>
   </div>
   <div class='ocr_carea' id='block_1_2' title="bbox 1235 393 2746 458">
    <p class='ocr_par' dir='ltr' id='par_1_2' title="bbox 1235 393 2746 458">
     <span class='ocr_line' id='line_1_2' title="bbox 1235 393 2746 458; baseline 0.003 -5"><span class='ocrx_word' id='word_1_2' title='bbox 1235 393 1842 456; x_wconf 72' lang='lat' dir='ltr'><strong>ECCLESIAS’I‘lC/E</strong></span> <span class='ocrx_word' id='word_1_3' title='bbox 1894 393 2283 455; x_wconf 70' lang='lat' dir='ltr'><strong>HISTOBIE</strong></span> <span class='ocrx_word' id='word_1_4' title='bbox 2328 395 2472 457; x_wconf 86' lang='lat' dir='ltr'><strong>LIB.</strong></span> <span class='ocrx_word' id='word_1_5' title='bbox 2520 397 2746 458; x_wconf 84' lang='lat' dir='ltr'><strong>XVIII.</strong></span> 
     </span>
    </p>
   </div>
   <div class='ocr_carea' id='block_1_3' title="bbox 3521 399 3628 460">
    <p class='ocr_par' dir='ltr' id='par_1_3' title="bbox 3521 399 3628 460">
     <span class='ocr_line' id='line_1_3' title="bbox 3521 399 3628 460; baseline 0 -1"><span class='ocrx_word' id='word_1_6' title='bbox 3521 399 3628 460; x_wconf 68' lang='grc'><strong>412</strong></span> 
     </span>
    </p>
   </div>
   <div class='ocr_carea' id='block_1_4' title="bbox 364 507 1939 586">
    <p class='ocr_par' dir='ltr' id='par_1_4' title="bbox 364 507 1932 582">
     <span class='ocr_line' id='line_1_4' title="bbox 364 507 1932 582; baseline 0.003 -23"><span class='ocrx_word' id='word_1_7' title='bbox 364 507 672 574; x_wconf 75' lang='grc' dir='ltr'>ἁγιστείαις</span> <span class='ocrx_word' id='word_1_8' title='bbox 703 510 1009 579; x_wconf 78' lang='grc' dir='ltr'>προσφέρου</span> <span class='ocrx_word' id='word_1_9' title='bbox 1023 527 1090 572; x_wconf 70' lang='grc' dir='ltr'><strong>τι,</strong></span> <span class='ocrx_word' id='word_1_10' title='bbox 1129 511 1222 563; x_wconf 73' lang='grc' dir='ltr'><strong>καὶ</strong></span> <span class='ocrx_word' id='word_1_11' title='bbox 1256 507 1401 564; x_wconf 79' lang='grc' dir='ltr'>οἶνον</span> <span class='ocrx_word' id='word_1_12' title='bbox 1422 513 1726 582; x_wconf 70' lang='grc' dir='ltr'>ἀκέραστον</span> <span class='ocrx_word' id='word_1_13' title='bbox 1755 513 1932 566; x_wconf 77' lang='grc' dir='ltr'>ὓδατιο</span> 
     </span>
    </p>
   </div>
   <div class='ocr_carea' id='block_1_5' title="bbox 2042 507 3626 586">
    <p class='ocr_par' dir='ltr' id='par_1_5' title="bbox 2042 513 3626 586">
     <span class='ocr_line' id='line_1_5' title="bbox 2042 513 3626 586; baseline 0.006 -22"><span class='ocrx_word' id='word_1_14' title='bbox 2042 513 2198 580; x_wconf 90' lang='lat' dir='ltr'><strong>pueri</strong></span> <span class='ocrx_word' id='word_1_15' title='bbox 2263 522 2450 569; x_wconf 90' lang='lat' dir='ltr'><strong>autem</strong></span> <span class='ocrx_word' id='word_1_16' title='bbox 2487 514 2640 570; x_wconf 89' lang='lat' dir='ltr'><strong>illius</strong></span> <span class='ocrx_word' id='word_1_17' title='bbox 2666 527 2905 586; x_wconf 87' lang='lat' dir='ltr'><strong>raptum,</strong></span> <span class='ocrx_word' id='word_1_18' title='bbox 2944 525 3006 573; x_wconf 92' lang='lat' dir='ltr'><strong>ut</strong></span> <span class='ocrx_word' id='word_1_19' title='bbox 3037 516 3083 571; x_wconf 90' lang='lat' dir='ltr'><strong>is</strong></span> <span class='ocrx_word' id='word_1_20' title='bbox 3114 516 3278 574; x_wconf 82' lang='lat' dir='ltr'><strong>aliter</strong></span> <span class='ocrx_word' id='word_1_21' title='bbox 3311 529 3626 579; x_wconf 78' lang='lat' dir='ltr'><strong>caneretur.</strong></span> 
     </span>
    </p>
   </div>
   <div class='ocr_carea' id='block_1_6' title="bbox 368 601 1938 673">
    <p class='ocr_par' dir='ltr' id='par_1_6' title="bbox 368 601 1938 673">
     <span class='ocr_line' id='line_1_6' title="bbox 368 601 1938 673; baseline 0.003 -22"><span class='ocrx_word' id='word_1_22' title='bbox 368 601 496 670; x_wconf 86' lang='grc' dir='ltr'>μίαν</span> <span class='ocrx_word' id='word_1_23' title='bbox 527 601 613 654; x_wconf 61' lang='grc' dir='ltr'><strong>διὰ</strong></span> <span class='ocrx_word' id='word_1_24' title='bbox 638 603 830 654; x_wconf 81' lang='grc' dir='ltr'>τούτου</span> <span class='ocrx_word' id='word_1_25' title='bbox 872 603 1036 668; x_wconf 82' lang='grc' dir='ltr'>φύσιν</span> <span class='ocrx_word' id='word_1_26' title='bbox 1060 604 1126 653; x_wconf 73' lang='grc' dir='ltr'>,ὲν</span> <span class='ocrx_word' id='word_1_27' title='bbox 1160 603 1238 673; x_wconf 85' lang='grc' dir='ltr'><strong>τῷ</strong></span> <span class='ocrx_word' id='word_1_28' title='bbox 1266 602 1488 672; x_wconf 82' lang='grc' dir='ltr'>Χριστῷ</span> <span class='ocrx_word' id='word_1_29' title='bbox 1533 603 1938 673; x_wconf 80' lang='grc' dir='ltr'>καταγγέλλον-</span> 
     </span>
    </p>
   </div>
   <div class='ocr_carea' id='block_1_7' title="bbox 367 697 1938 769">
    <p class='ocr_par' dir='ltr' id='par_1_7' title="bbox 367 697 1938 769">
     <span class='ocr_line' id='line_1_7' title="bbox 367 697 1938 769; baseline 0.003 -20"><span class='ocrx_word' id='word_1_30' title='bbox 367 713 476 759; x_wconf 85' lang='grc' dir='ltr'>τες,</span> <span class='ocrx_word' id='word_1_31' title='bbox 503 697 595 748; x_wconf 62' lang='grc' dir='ltr'>καὶ</span> <span class='ocrx_word' id='word_1_32' title='bbox 627 697 723 765; x_wconf 83' lang='grc' dir='ltr'>οὐχ</span> <span class='ocrx_word' id='word_1_33' title='bbox 751 697 826 759; x_wconf 86' lang='grc' dir='ltr'><strong>ὡς</strong></span> <span class='ocrx_word' id='word_1_34' title='bbox 858 699 1022 766; x_wconf 81' lang='grc' dir='ltr'><strong>ἡμεῖς</strong></span> <span class='ocrx_word' id='word_1_35' title='bbox 1055 698 1308 767; x_wconf 85' lang='grc' dir='ltr'>κιρνῶσι,</span> <span class='ocrx_word' id='word_1_36' title='bbox 1341 698 1439 769; x_wconf 81' lang='grc' dir='ltr'>τὴν</span> <span class='ocrx_word' id='word_1_37' title='bbox 1471 699 1669 754; x_wconf 74' lang='grc' dir='ltr'>ἕνωσιν</span> <span class='ocrx_word' id='word_1_38' title='bbox 1703 700 1814 752; x_wconf 90' lang='grc' dir='ltr'><strong>τῶν</strong></span> <span class='ocrx_word' id='word_1_39' title='bbox 1842 700 1938 754; x_wconf 78' lang='grc' dir='ltr'>δύο</span> 
     </span>
    </p>
   </div>
   <div class='ocr_carea' id='block_1_8' title="bbox 367 788 1936 856">
    <p class='ocr_par' dir='ltr' id='par_1_8' title="bbox 367 788 1936 856">
     <span class='ocr_line' id='line_1_8' title="bbox 367 788 1936 856; baseline 0.004 -17"><span class='ocrx_word' id='word_1_40' title='bbox 367 788 585 856; x_wconf 69' lang='grc' dir='ltr'>φύσεων</span> <span class='ocrx_word' id='word_1_41' title='bbox 641 789 1099 856; x_wconf 72' lang='grc' dir='ltr'>ὑπεμφαίνοντες.</span> <span class='ocrx_word' id='word_1_42' title='bbox 1143 789 1286 844; x_wconf 82' lang='grc' dir='ltr'>Ἀλλ’</span> <span class='ocrx_word' id='word_1_43' title='bbox 1309 793 1356 844; x_wconf 89' lang='grc' dir='ltr'><strong>οί</strong></span> <span class='ocrx_word' id='word_1_44' title='bbox 1389 790 1706 853; x_wconf 79' lang='grc' dir='ltr'>θεοϐλασεῖς</span> <span class='ocrx_word' id='word_1_45' title='bbox 1756 793 1851 846; x_wconf 73' lang='grc' dir='ltr'><strong>καὶ</strong></span> <span class='ocrx_word' id='word_1_46' title='bbox 1875 794 1936 847; x_wconf 83' lang='grc' dir='ltr'>τὺ</span> 
     </span>
    </p>
   </div>
   <div class='ocr_carea' id='block_1_9' title="bbox 369 879 1938 952">
    <p class='ocr_par' dir='ltr' id='par_1_9' title="bbox 369 879 1938 952">
     <span class='ocr_line' id='line_1_9' title="bbox 369 879 1938 952; baseline 0.005 -20"><span class='ocrx_word' id='word_1_47' title='bbox 369 879 559 948; x_wconf 79' lang='grc' dir='ltr'>Πάσχα</span> <span class='ocrx_word' id='word_1_48' title='bbox 590 879 903 943; x_wconf 78' lang='grc' dir='ltr'><strong>Ἰουδαϊκῶς</strong></span> <span class='ocrx_word' id='word_1_49' title='bbox 936 881 1174 945; x_wconf 74' lang='grc' dir='ltr'>τελοῦσι,</span> <span class='ocrx_word' id='word_1_50' title='bbox 1214 881 1341 952; x_wconf 83' lang='grc' dir='ltr'>βόας</span> <span class='ocrx_word' id='word_1_51' title='bbox 1387 883 1484 936; x_wconf 71' lang='grc' dir='ltr'>καὶ</span> <span class='ocrx_word' id='word_1_52' title='bbox 1517 885 1772 952; x_wconf 80' lang='grc' dir='ltr'>πρόϐατα</span> <span class='ocrx_word' id='word_1_53' title='bbox 1795 885 1938 940; x_wconf 72' lang='grc' dir='ltr'>κατὰ</span> 
     </span>
    </p>
   </div>
   <div class='ocr_carea' id='block_1_10' title="bbox 366 972 1938 1045">
    <p class='ocr_par' dir='ltr' id='par_1_10' title="bbox 366 972 1938 1045">
     <span class='ocr_line' id='line_1_10' title="bbox 366 972 1938 1045; baseline 0.003 -22"><span class='ocrx_word' id='word_1_54' title='bbox 366 974 463 1041; x_wconf 80' lang='grc' dir='ltr'>τὴν</span> <span class='ocrx_word' id='word_1_55' title='bbox 523 972 829 1041; x_wconf 25' lang='grc' dir='ltr'>Ἰουδμαῖκὴν</span> <span class='ocrx_word' id='word_1_56' title='bbox 878 973 1141 1041; x_wconf 77' lang='grc' dir='ltr'><strong>λατρείαν</strong></span> <span class='ocrx_word' id='word_1_57' title='bbox 1179 973 1422 1035; x_wconf 84' lang='grc' dir='ltr'>θύοντες’</span> <span class='ocrx_word' id='word_1_58' title='bbox 1479 976 1573 1028; x_wconf 79' lang='grc' dir='ltr'>καὶ</span> <span class='ocrx_word' id='word_1_59' title='bbox 1619 973 1697 1045; x_wconf 84' lang='grc' dir='ltr'>τῷ</span> <span class='ocrx_word' id='word_1_60' title='bbox 1742 976 1938 1044; x_wconf 76' lang='grc' dir='ltr'>αἵματι</span> 
     </span>
    </p>
   </div>
   <div class='ocr_carea' id='block_1_11' title="bbox 368 1064 1936 1138">
    <p class='ocr_par' dir='ltr' id='par_1_11' title="bbox 368 1064 1936 1138">
     <span class='ocr_line' id='line_1_11' title="bbox 368 1064 1936 1138; baseline 0.003 -22"><span class='ocrx_word' id='word_1_61' title='bbox 368 1065 459 1117; x_wconf 79' lang='grc' dir='ltr'>τοῦ</span> <span class='ocrx_word' id='word_1_62' title='bbox 490 1064 662 1132; x_wconf 82' lang='grc' dir='ltr'>ἀμνοῦ</span> <span class='ocrx_word' id='word_1_63' title='bbox 712 1065 808 1126; x_wconf 75' lang='grc' dir='ltr'>τὰς</span> <span class='ocrx_word' id='word_1_64' title='bbox 854 1065 963 1117; x_wconf 89' lang='grc' dir='ltr'><strong>τῶν</strong></span> <span class='ocrx_word' id='word_1_65' title='bbox 991 1067 1180 1119; x_wconf 79' lang='grc' dir='ltr'>οἰκιῶν</span> <span class='ocrx_word' id='word_1_66' title='bbox 1230 1066 1395 1136; x_wconf 73' lang='grc' dir='ltr'>φλιὰς</span> <span class='ocrx_word' id='word_1_67' title='bbox 1441 1066 1678 1138; x_wconf 77' lang='grc' dir='ltr'><strong>χρίουσι·</strong></span> <span class='ocrx_word' id='word_1_68' title='bbox 1735 1067 1811 1138; x_wconf 81' lang='grc' dir='ltr'>μὴ</span> <span class='ocrx_word' id='word_1_69' title='bbox 1841 1067 1936 1121; x_wconf 83' lang='grc' dir='ltr'>τοῦ</span> 
     </span>
    </p>
   </div>
   <div class='ocr_carea' id='block_1_12' title="bbox 369 1157 1937 1229">
    <p class='ocr_par' dir='ltr' id='par_1_12' title="bbox 369 1157 1937 1229">
     <span class='ocr_line' id='line_1_12' title="bbox 369 1157 1937 1229; baseline 0.001 -18"><span class='ocrx_word' id='word_1_70' title='bbox 369 1158 687 1212; x_wconf 66' lang='grc' dir='ltr'>δεσποτικοῦ</span> <span class='ocrx_word' id='word_1_71' title='bbox 725 1157 1242 1228; x_wconf 78' lang='grc' dir='ltr'>μεταλαμϐάνοντες</span> <span class='ocrx_word' id='word_1_72' title='bbox 1271 1159 1525 1229; x_wconf 86' lang='grc' dir='ltr'>σώματός</span> <span class='ocrx_word' id='word_1_73' title='bbox 1553 1178 1611 1212; x_wconf 86' lang='grc' dir='ltr'><strong>τε</strong></span> <span class='ocrx_word' id='word_1_74' title='bbox 1648 1161 1741 1212; x_wconf 72' lang='grc' dir='ltr'><strong>καὶ</strong></span> <span class='ocrx_word' id='word_1_75' title='bbox 1766 1159 1937 1227; x_wconf 78' lang='grc' dir='ltr'>αἵμα-</span> 
     </span>
    </p>
   </div>
   <div class='ocr_carea' id='block_1_13' title="bbox 369 1251 1938 1320">
    <p class='ocr_par' dir='ltr' id='par_1_13' title="bbox 369 1251 1938 1320">
     <span class='ocr_line' id='line_1_13' title="bbox 369 1251 1938 1320; baseline 0 -17"><span class='ocrx_word' id='word_1_76' title='bbox 369 1267 479 1315; x_wconf 85' lang='grc' dir='ltr'>τος,</span> <span class='ocrx_word' id='word_1_77' title='bbox 505 1251 640 1304; x_wconf 81' lang='grc' dir='ltr'>ἀλλὰ.</span> <span class='ocrx_word' id='word_1_78' title='bbox 671 1252 758 1302; x_wconf 69' lang='grc' dir='ltr'>τὸν</span> <span class='ocrx_word' id='word_1_79' title='bbox 793 1252 966 1320; x_wconf 62' lang='lat' dir='ltr'><strong>ap.va</strong></span> <span class='ocrx_word' id='word_1_80' title='bbox 999 1251 1313 1314; x_wconf 73' lang='grc' dir='ltr'><strong>Ἰουδαϊκῶς</strong></span> <span class='ocrx_word' id='word_1_81' title='bbox 1333 1253 1576 1314; x_wconf 67' lang='grc' dir='ltr'>θύοντες,</span> <span class='ocrx_word' id='word_1_82' title='bbox 1607 1253 1705 1306; x_wconf 68' lang='grc' dir='ltr'><strong>καὶ</strong></span> <span class='ocrx_word' id='word_1_83' title='bbox 1724 1252 1938 1304; x_wconf 55' lang='grc' dir='ltr'>ὀπτῶν-</span> 
     </span>
    </p>
   </div>
   <div class='ocr_carea' id='block_1_14' title="bbox 370 1342 1935 1413">
    <p class='ocr_par' dir='ltr' id='par_1_14' title="bbox 370 1342 1935 1413">
     <span class='ocr_line' id='line_1_14' title="bbox 370 1342 1935 1413; baseline 0.001 -19"><span class='ocrx_word' id='word_1_84' title='bbox 370 1358 459 1404; x_wconf 88' lang='grc' dir='ltr'><strong>τες</strong></span> <span class='ocrx_word' id='word_1_85' title='bbox 507 1343 660 1410; x_wconf 78' lang='grc' dir='ltr'>πυρὶ,</span> <span class='ocrx_word' id='word_1_86' title='bbox 687 1342 875 1395; x_wconf 84' lang='grc' dir='ltr'>τούτου</span> <span class='ocrx_word' id='word_1_87' title='bbox 923 1345 1229 1413; x_wconf 73' lang='grc' dir='ltr'>μετέχουσι.</span> <span class='ocrx_word' id='word_1_88' title='bbox 1262 1344 1372 1397; x_wconf 74' lang='grc' dir='ltr'><strong>Καὶ</strong></span> <span class='ocrx_word' id='word_1_89' title='bbox 1420 1343 1512 1396; x_wconf 79' lang='grc' dir='ltr'><strong>τὸν</strong></span> <span class='ocrx_word' id='word_1_90' title='bbox 1565 1344 1804 1412; x_wconf 72' lang='grc' dir='ltr'>σταυρὸν</span> <span class='ocrx_word' id='word_1_91' title='bbox 1873 1344 1935 1396; x_wconf 78' lang='grc' dir='ltr'><strong>οὐ</strong></span> 
     </span>
    </p>
   </div>
   <div class='ocr_carea' id='block_1_15' title="bbox 371 1428 1938 1503">
    <p class='ocr_par' dir='ltr' id='par_1_15' title="bbox 371 1428 1938 1503">
     <span class='ocr_line' id='line_1_15' title="bbox 371 1428 1938 1503; baseline 0.003 -22"><span class='ocrx_word' id='word_1_92' title='bbox 371 1431 634 1500; x_wconf 86' lang='grc' dir='ltr'>πρότερον</span> <span class='ocrx_word' id='word_1_93' title='bbox 667 1429 900 1496; x_wconf 75' lang='grc' dir='ltr'>τιμῶσιν</span> <span class='ocrx_word' id='word_1_94' title='bbox 923 1431 971 1482; x_wconf 83' lang='grc' dir='ltr'>εἰ</span> <span class='ocrx_word' id='word_1_95' title='bbox 1004 1432 1077 1499; x_wconf 79' lang='grc' dir='ltr'>μὴ</span> <span class='ocrx_word' id='word_1_96' title='bbox 1109 1428 1471 1500; x_wconf 85' lang='grc' dir='ltr'>βαπτίσουσιν</span> <span class='ocrx_word' id='word_1_97' title='bbox 1498 1429 1692 1502; x_wconf 84' lang='grc' dir='ltr'>ὥσπερ</span> <span class='ocrx_word' id='word_1_98' title='bbox 1719 1431 1938 1503; x_wconf 78' lang='grc' dir='ltr'>ἄνθρω-</span> 
     </span>
    </p>
   </div>
   <div class='ocr_carea' id='block_1_16' title="bbox 371 1517 1936 1594">
    <p class='ocr_par' dir='ltr' id='par_1_16' title="bbox 371 1517 1936 1594">
     <span class='ocr_line' id='line_1_16' title="bbox 371 1517 1936 1594; baseline 0.004 -23"><span class='ocrx_word' id='word_1_99' title='bbox 371 1537 490 1585; x_wconf 90' lang='grc' dir='ltr'>πον,</span> <span class='ocrx_word' id='word_1_100' title='bbox 541 1523 801 1589; x_wconf 71' lang='grc' dir='ltr'>καὶπερὶ</span> <span class='ocrx_word' id='word_1_101' title='bbox 855 1521 916 1573; x_wconf 77' lang='grc' dir='ltr'>τὸ</span> <span class='ocrx_word' id='word_1_102' title='bbox 974 1521 1139 1590; x_wconf 79' lang='grc' dir='ltr'>μέσον</span> <span class='ocrx_word' id='word_1_103' title='bbox 1174 1520 1342 1575; x_wconf 80' lang='grc' dir='ltr'>αὐτοῦ</span> <span class='ocrx_word' id='word_1_104' title='bbox 1404 1517 1534 1594; x_wconf 74' lang='grc' dir='ltr'>ἧλον</span> <span class='ocrx_word' id='word_1_105' title='bbox 1603 1524 1936 1594; x_wconf 79' lang='grc' dir='ltr'>ὲμπήξουσι,</span> 
     </span>
    </p>
   </div>
   <div class='ocr_carea' id='block_1_17' title="bbox 373 1613 1934 1686">
    <p class='ocr_par' dir='ltr' id='par_1_17' title="bbox 373 1613 1934 1686">
     <span class='ocr_line' id='line_1_17' title="bbox 373 1613 1934 1686; baseline 0.004 -21"><span class='ocrx_word' id='word_1_106' title='bbox 373 1613 467 1665; x_wconf 79' lang='grc' dir='ltr'>καὶ</span> <span class='ocrx_word' id='word_1_107' title='bbox 496 1617 785 1684; x_wconf 77' lang='grc' dir='ltr'>χρίσουσιν</span> <span class='ocrx_word' id='word_1_108' title='bbox 851 1613 1014 1667; x_wconf 78' lang='grc' dir='ltr'>αὐτὸν</span> <span class='ocrx_word' id='word_1_109' title='bbox 1067 1613 1145 1682; x_wconf 80' lang='grc' dir='ltr'>τῷ</span> <span class='ocrx_word' id='word_1_110' title='bbox 1191 1616 1256 1668; x_wconf 84' lang='grc' dir='ltr'>ὲκ</span> <span class='ocrx_word' id='word_1_111' title='bbox 1305 1614 1406 1682; x_wconf 82' lang='grc' dir='ltr'>τῆς</span> <span class='ocrx_word' id='word_1_112' title='bbox 1475 1616 1669 1680; x_wconf 80' lang='grc' dir='ltr'>θυσίας</span> <span class='ocrx_word' id='word_1_113' title='bbox 1719 1617 1934 1686; x_wconf 76' lang='grc' dir='ltr'>αἵματι.</span> 
     </span>
    </p>
   </div>
   <div class='ocr_carea' id='block_1_18' title="bbox 370 1705 1940 1777">
    <p class='ocr_par' dir='ltr' id='par_1_18' title="bbox 370 1705 1940 1777">
     <span class='ocr_line' id='line_1_18' title="bbox 370 1705 1940 1777; baseline 0.004 -19"><span class='ocrx_word' id='word_1_114' title='bbox 370 1705 539 1759; x_wconf 81' lang='grc' dir='ltr'>Τοῦτο</span> <span class='ocrx_word' id='word_1_115' title='bbox 569 1707 622 1758; x_wconf 84' lang='grc' dir='ltr'>δὲ</span> <span class='ocrx_word' id='word_1_116' title='bbox 661 1705 912 1760; x_wconf 84' lang='grc' dir='ltr'>ποιοῦσιν</span> <span class='ocrx_word' id='word_1_117' title='bbox 942 1708 1023 1769; x_wconf 86' lang='grc' dir='ltr'><strong>είς</strong></span> <span class='ocrx_word' id='word_1_118' title='bbox 1051 1707 1224 1775; x_wconf 79' lang='grc' dir='ltr'>ὄνομα</span> <span class='ocrx_word' id='word_1_119' title='bbox 1259 1708 1354 1760; x_wconf 83' lang='grc' dir='ltr'>τοῦ</span> <span class='ocrx_word' id='word_1_120' title='bbox 1399 1709 1640 1777; x_wconf 78' lang='grc' dir='ltr'>Χριστοῦ</span> <span class='ocrx_word' id='word_1_121' title='bbox 1692 1711 1940 1764; x_wconf 76' lang='grc' dir='ltr'>δεικνύν-</span> 
     </span>
    </p>
   </div>
   <div class='ocr_carea' id='block_1_19' title="bbox 368 1794 1938 1872">
    <p class='ocr_par' dir='ltr' id='par_1_19' title="bbox 368 1794 1938 1872">
     <span class='ocr_line' id='line_1_19' title="bbox 368 1794 1938 1872; baseline 0.004 -22"><span class='ocrx_word' id='word_1_122' title='bbox 368 1817 460 1862; x_wconf 84' lang='grc' dir='ltr'><strong>τες</strong></span> <span class='ocrx_word' id='word_1_123' title='bbox 483 1800 556 1861; x_wconf 85' lang='grc' dir='ltr'>ὡς</span> <span class='ocrx_word' id='word_1_124' title='bbox 579 1803 606 1853; x_wconf 90' lang='grc' dir='ltr'><strong>ό</strong></span> <span class='ocrx_word' id='word_1_125' title='bbox 631 1794 710 1862; x_wconf 76' lang='grc' dir='ltr'>εἷς</span> <span class='ocrx_word' id='word_1_126' title='bbox 764 1799 862 1868; x_wconf 83' lang='grc' dir='ltr'>τῆς</span> <span class='ocrx_word' id='word_1_127' title='bbox 893 1799 1122 1870; x_wconf 85' lang='grc' dir='ltr'>Τριάδος</span> <span class='ocrx_word' id='word_1_128' title='bbox 1153 1800 1518 1871; x_wconf 79' lang='grc' dir='ltr'>ἐσταύρωται·</span> <span class='ocrx_word' id='word_1_129' title='bbox 1553 1801 1628 1872; x_wconf 80' lang='grc' dir='ltr'>μὴ</span> <span class='ocrx_word' id='word_1_130' title='bbox 1661 1804 1938 1866; x_wconf 80' lang='grc' dir='ltr'>συνιέντες</span> 
     </span>
    </p>
   </div>
   <div class='ocr_carea' id='block_1_20' title="bbox 369 1889 1938 1963">
    <p class='ocr_par' dir='ltr' id='par_1_20' title="bbox 369 1889 1938 1963">
     <span class='ocr_line' id='line_1_20' title="bbox 369 1889 1938 1963; baseline 0.001 -21"><span class='ocrx_word' id='word_1_131' title='bbox 369 1890 443 1953; x_wconf 85' lang='grc' dir='ltr'>ὡς</span> <span class='ocrx_word' id='word_1_132' title='bbox 469 1890 864 1961; x_wconf 84' lang='grc' dir='ltr'>συσταυροῢσιν</span> <span class='ocrx_word' id='word_1_133' title='bbox 895 1889 1039 1942; x_wconf 84' lang='grc' dir='ltr'>οὕτω</span> <span class='ocrx_word' id='word_1_134' title='bbox 1079 1890 1174 1944; x_wconf 76' lang='grc' dir='ltr'><strong>καὶ</strong></span> <span class='ocrx_word' id='word_1_135' title='bbox 1203 1890 1302 1961; x_wconf 80' lang='grc' dir='ltr'>τὴν</span> <span class='ocrx_word' id='word_1_136' title='bbox 1331 1891 1425 1944; x_wconf 71' lang='grc' dir='ltr'>τοῦ</span> <span class='ocrx_word' id='word_1_137' title='bbox 1467 1891 1682 1960; x_wconf 80' lang='grc' dir='ltr'>Πατρδς</span> <span class='ocrx_word' id='word_1_138' title='bbox 1704 1892 1802 1945; x_wconf 73' lang='grc' dir='ltr'>καὶ</span> <span class='ocrx_word' id='word_1_139' title='bbox 1837 1893 1938 1963; x_wconf 83' lang='grc' dir='ltr'>τῆς</span> 
     </span>
    </p>
   </div>
   <div class='ocr_carea' id='block_1_21' title="bbox 369 1979 1936 2054">
    <p class='ocr_par' dir='ltr' id='par_1_21' title="bbox 369 1979 1936 2054">
     <span class='ocr_line' id='line_1_21' title="bbox 369 1979 1936 2054; baseline 0.002 -20"><span class='ocrx_word' id='word_1_140' title='bbox 369 1983 622 2051; x_wconf 76' lang='grc' dir='ltr'>θεότητος</span> <span class='ocrx_word' id='word_1_141' title='bbox 673 1983 853 2051; x_wconf 85' lang='grc' dir='ltr'>φύσιν,</span> <span class='ocrx_word' id='word_1_142' title='bbox 918 1983 1051 2053; x_wconf 90' lang='grc' dir='ltr'>μίαν</span> <span class='ocrx_word' id='word_1_143' title='bbox 1093 1979 1260 2037; x_wconf 73' lang='grc' dir='ltr'>οὖσαν</span> <span class='ocrx_word' id='word_1_144' title='bbox 1297 1986 1389 2037; x_wconf 69' lang='grc' dir='ltr'><strong>καὶ</strong></span> <span class='ocrx_word' id='word_1_145' title='bbox 1437 1983 1538 2054; x_wconf 85' lang='grc' dir='ltr'>τὴν</span> <span class='ocrx_word' id='word_1_146' title='bbox 1582 1985 1777 2053; x_wconf 83' lang='grc' dir='ltr'>αὐτήν.</span> <span class='ocrx_word' id='word_1_147' title='bbox 1827 1985 1936 2038; x_wconf 79' lang='grc' dir='ltr'><strong>Καὶ</strong></span> 
     </span>
    </p>
   </div>
   <div class='ocr_carea' id='block_1_22' title="bbox 367 2076 1938 2149">
    <p class='ocr_par' dir='ltr' id='par_1_22' title="bbox 367 2076 1938 2149">
     <span class='ocr_line' id='line_1_22' title="bbox 367 2076 1938 2149; baseline 0.003 -23"><span class='ocrx_word' id='word_1_148' title='bbox 367 2078 517 2146; x_wconf 84' lang='grc' dir='ltr'>τρεῖς</span> <span class='ocrx_word' id='word_1_149' title='bbox 537 2077 592 2128; x_wconf 70' lang='grc' dir='ltr'>δὲ</span> <span class='ocrx_word' id='word_1_150' title='bbox 623 2079 891 2145; x_wconf 76' lang='grc' dir='ltr'>σταυροὺς</span> <span class='ocrx_word' id='word_1_151' title='bbox 926 2076 1282 2146; x_wconf 70' lang='grc' dir='ltr'>συνάψαντες,</span> <span class='ocrx_word' id='word_1_152' title='bbox 1313 2077 1480 2146; x_wconf 84' lang='grc' dir='ltr'>ἁγίαν</span> <span class='ocrx_word' id='word_1_153' title='bbox 1509 2078 1719 2149; x_wconf 86' lang='grc' dir='ltr'>Τριάδα</span> <span class='ocrx_word' id='word_1_154' title='bbox 1776 2095 1938 2131; x_wconf 81' lang='grc' dir='ltr'>κατο-</span> 
     </span>
    </p>
   </div>
   <div class='ocr_carea' id='block_1_23' title="bbox 367 2169 1936 2241">
    <p class='ocr_par' dir='ltr' id='par_1_23' title="bbox 367 2169 1936 2241">
     <span class='ocr_line' id='line_1_23' title="bbox 367 2169 1936 2241; baseline 0.002 -20"><span class='ocrx_word' id='word_1_155' title='bbox 367 2169 683 2239; x_wconf 74' lang='grc' dir='ltr'>νομάζουσι·</span> <span class='ocrx_word' id='word_1_156' title='bbox 713 2170 799 2223; x_wconf 83' lang='grc' dir='ltr'>διὰ</span> <span class='ocrx_word' id='word_1_157' title='bbox 829 2170 1033 2224; x_wconf 76' lang='grc' dir='ltr'>τούτων</span> <span class='ocrx_word' id='word_1_158' title='bbox 1057 2171 1196 2241; x_wconf 76' lang='grc' dir='ltr'>τάχα</span> <span class='ocrx_word' id='word_1_159' title='bbox 1242 2171 1625 2240; x_wconf 76' lang='grc' dir='ltr'>ἐμφαίνοντες,</span> <span class='ocrx_word' id='word_1_160' title='bbox 1657 2171 1936 2238; x_wconf 66' lang='grc' dir='ltr'>τὴνῗὰγίαν</span> 
     </span>
    </p>
   </div>
   <div class='ocr_carea' id='block_1_24' title="bbox 367 2259 1936 2332">
    <p class='ocr_par' dir='ltr' id='par_1_24' title="bbox 367 2259 1936 2332">
     <span class='ocr_line' id='line_1_24' title="bbox 367 2259 1936 2332; baseline 0 -18"><span class='ocrx_word' id='word_1_161' title='bbox 367 2263 574 2331; x_wconf 82' lang='grc' dir='ltr'>Τριάδα</span> <span class='ocrx_word' id='word_1_162' title='bbox 626 2261 1110 2332; x_wconf 85' lang='grc' dir='ltr'>συσταυρωθῆναι.</span> <span class='ocrx_word' id='word_1_163' title='bbox 1175 2263 1286 2314; x_wconf 78' lang='grc' dir='ltr'><strong>Καὶ</strong></span> <span class='ocrx_word' id='word_1_164' title='bbox 1317 2261 1538 2324; x_wconf 75' lang='grc' dir='ltr'>εἰκόνας</span> <span class='ocrx_word' id='word_1_165' title='bbox 1595 2259 1691 2314; x_wconf 82' lang='grc' dir='ltr'>τοῦ</span> <span class='ocrx_word' id='word_1_166' title='bbox 1724 2262 1936 2332; x_wconf 83' lang='grc' dir='ltr'>Πατρὸς</span> 
     </span>
    </p>
   </div>
   <div class='ocr_carea' id='block_1_25' title="bbox 367 2353 1937 2426">
    <p class='ocr_par' dir='ltr' id='par_1_25' title="bbox 367 2353 1937 2426">
     <span class='ocr_line' id='line_1_25' title="bbox 367 2353 1937 2426; baseline 0.001 -19"><span class='ocrx_word' id='word_1_167' title='bbox 367 2353 581 2407; x_wconf 75' lang='grc' dir='ltr'>καὶτοῦ</span> <span class='ocrx_word' id='word_1_168' title='bbox 614 2355 771 2420; x_wconf 82' lang='grc' dir='ltr'>ἁγίου</span> <span class='ocrx_word' id='word_1_169' title='bbox 804 2353 1124 2424; x_wconf 86' lang='grc' dir='ltr'>[Ινεύματος</span> <span class='ocrx_word' id='word_1_170' title='bbox 1170 2353 1554 2419; x_wconf 79' lang='grc' dir='ltr'>είκονίξουσιν·</span> <span class='ocrx_word' id='word_1_171' title='bbox 1619 2355 1760 2426; x_wconf 84' lang='grc' dir='ltr'>ὅπερ</span> <span class='ocrx_word' id='word_1_172' title='bbox 1813 2355 1937 2408; x_wconf 78' lang='grc' dir='ltr'>ἆτο-</span> 
     </span>
    </p>
   </div>
   <div class='ocr_carea' id='block_1_26' title="bbox 367 2447 1937 2518">
    <p class='ocr_par' dir='ltr' id='par_1_26' title="bbox 367 2447 1937 2518">
     <span class='ocr_line' id='line_1_26' title="bbox 367 2447 1937 2518; baseline 0.001 -20"><span class='ocrx_word' id='word_1_173' title='bbox 367 2461 487 2499; x_wconf 84' lang='grc' dir='ltr'>πον·</span> <span class='ocrx_word' id='word_1_174' title='bbox 515 2447 570 2500; x_wconf 81' lang='lat' dir='ltr'><strong>al</strong></span> <span class='ocrx_word' id='word_1_175' title='bbox 597 2448 707 2518; x_wconf 79' lang='grc' dir='ltr'>γὰρ</span> <span class='ocrx_word' id='word_1_176' title='bbox 734 2449 946 2508; x_wconf 73' lang='grc' dir='ltr'>εἰκόνες</span> <span class='ocrx_word' id='word_1_177' title='bbox 983 2447 1196 2518; x_wconf 84' lang='grc' dir='ltr'>ὁρατῶν</span> <span class='ocrx_word' id='word_1_178' title='bbox 1247 2448 1336 2498; x_wconf 76' lang='grc' dir='ltr'><strong>καὶ</strong></span> <span class='ocrx_word' id='word_1_179' title='bbox 1394 2449 1793 2516; x_wconf 87' lang='grc' dir='ltr'>περιγράπτων</span> <span class='ocrx_word' id='word_1_180' title='bbox 1829 2464 1937 2500; x_wconf 89' lang='grc' dir='ltr'>σω-</span> 
     </span>
    </p>
   </div>
   <div class='ocr_carea' id='block_1_27' title="bbox 377 2538 1937 2610">
    <p class='ocr_par' dir='ltr' id='par_1_27' title="bbox 377 2538 1937 2610">
     <span class='ocr_line' id='line_1_27' title="bbox 377 2538 1937 2610; baseline 0.001 -18"><span class='ocrx_word' id='word_1_181' title='bbox 377 2540 558 2607; x_wconf 84' lang='grc' dir='ltr'>μάτων</span> <span class='ocrx_word' id='word_1_182' title='bbox 584 2539 742 2601; x_wconf 80' lang='grc' dir='ltr'>είσίν,</span> <span class='ocrx_word' id='word_1_183' title='bbox 780 2539 840 2591; x_wconf 84' lang='grc' dir='ltr'><strong>οὐ</strong></span> <span class='ocrx_word' id='word_1_184' title='bbox 880 2539 988 2609; x_wconf 81' lang='grc' dir='ltr'>μὴν</span> <span class='ocrx_word' id='word_1_185' title='bbox 1041 2540 1148 2591; x_wconf 88' lang='grc' dir='ltr'><strong>τῶν</strong></span> <span class='ocrx_word' id='word_1_186' title='bbox 1201 2539 1593 2610; x_wconf 79' lang='grc' dir='ltr'>ἀκατανοήτων</span> <span class='ocrx_word' id='word_1_187' title='bbox 1645 2538 1738 2592; x_wconf 79' lang='grc' dir='ltr'>καὶ</span> <span class='ocrx_word' id='word_1_188' title='bbox 1771 2539 1937 2606; x_wconf 80' lang='grc' dir='ltr'>ἀορά-</span> 
     </span>
    </p>
   </div>
   <div class='ocr_carea' id='block_1_28' title="bbox 367 2627 1936 2701">
    <p class='ocr_par' dir='ltr' id='par_1_28' title="bbox 367 2627 1936 2701">
     <span class='ocr_line' id='line_1_28' title="bbox 367 2627 1936 2701; baseline 0 -19"><span class='ocrx_word' id='word_1_189' title='bbox 367 2647 494 2683; x_wconf 89' lang='grc' dir='ltr'>των.</span> <span class='ocrx_word' id='word_1_190' title='bbox 525 2629 637 2693; x_wconf 74' lang='grc' dir='ltr'>Τὰς</span> <span class='ocrx_word' id='word_1_191' title='bbox 667 2630 722 2682; x_wconf 80' lang='grc' dir='ltr'><strong>δὲ</strong></span> <span class='ocrx_word' id='word_1_192' title='bbox 745 2630 898 2700; x_wconf 67' lang='grc' dir='ltr'>ἱερᾶς</span> <span class='ocrx_word' id='word_1_193' title='bbox 930 2629 1148 2691; x_wconf 77' lang='grc' dir='ltr'>εἰκόνας</span> <span class='ocrx_word' id='word_1_194' title='bbox 1180 2630 1343 2701; x_wconf 74' lang='grc' dir='ltr'>δῆθεν</span> <span class='ocrx_word' id='word_1_195' title='bbox 1399 2631 1602 2699; x_wconf 78' lang='grc' dir='ltr'>τιμῶσι</span> <span class='ocrx_word' id='word_1_196' title='bbox 1629 2627 1780 2699; x_wconf 70' lang='grc' dir='ltr'>μὲν,</span> <span class='ocrx_word' id='word_1_197' title='bbox 1833 2633 1936 2682; x_wconf 84' lang='grc' dir='ltr'><strong>οὐκ</strong></span> 
     </span>
    </p>
   </div>
   <div class='ocr_carea' id='block_1_29' title="bbox 366 2716 1930 2788">
    <p class='ocr_par' dir='ltr' id='par_1_29' title="bbox 366 2716 1930 2788">
     <span class='ocr_line' id='line_1_29' title="bbox 366 2716 1930 2788; baseline 0.001 -18"><span class='ocrx_word' id='word_1_198' title='bbox 366 2719 702 2782; x_wconf 76' lang='grc' dir='ltr'>ἀσπάζονται</span> <span class='ocrx_word' id='word_1_199' title='bbox 727 2718 804 2770; x_wconf 79' lang='grc' dir='ltr'><strong>δέ·</strong></span> <span class='ocrx_word' id='word_1_200' title='bbox 851 2718 928 2788; x_wconf 83' lang='grc' dir='ltr'>τῷ</span> <span class='ocrx_word' id='word_1_201' title='bbox 958 2719 1013 2770; x_wconf 81' lang='grc' dir='ltr'>δὲ</span> <span class='ocrx_word' id='word_1_202' title='bbox 1040 2716 1289 2788; x_wconf 80' lang='grc' dir='ltr'>δακτύλῳ</span> <span class='ocrx_word' id='word_1_203' title='bbox 1323 2717 1469 2788; x_wconf 83' lang='grc' dir='ltr'>μόνῳ</span> <span class='ocrx_word' id='word_1_204' title='bbox 1492 2716 1930 2788; x_wconf 76' lang='grc' dir='ltr'>προσψαύοντες,</span> 
     </span>
    </p>
   </div>
   <div class='ocr_carea' id='block_1_30' title="bbox 368 2807 1936 2878">
    <p class='ocr_par' dir='ltr' id='par_1_30' title="bbox 368 2807 1936 2878">
     <span class='ocr_line' id='line_1_30' title="bbox 368 2807 1936 2878; baseline 0.001 -19"><span class='ocrx_word' id='word_1_205' title='bbox 368 2807 556 2860; x_wconf 80' lang='grc' dir='ltr'>τοῦτον</span> <span class='ocrx_word' id='word_1_206' title='bbox 602 2807 965 2873; x_wconf 76' lang='grc' dir='ltr'>ἀσπάζονται.</span> <span class='ocrx_word' id='word_1_207' title='bbox 1017 2808 1129 2878; x_wconf 78' lang='grc' dir='ltr'><strong>Τὴν</strong></span> <span class='ocrx_word' id='word_1_208' title='bbox 1162 2808 1220 2860; x_wconf 82' lang='grc' dir='ltr'>δὲ</span> <span class='ocrx_word' id='word_1_209' title='bbox 1277 2809 1408 2877; x_wconf 85' lang='grc' dir='ltr'>παρ’</span> <span class='ocrx_word' id='word_1_210' title='bbox 1453 2809 1610 2878; x_wconf 83' lang='grc' dir='ltr'>ἡμῶν</span> <span class='ocrx_word' id='word_1_211' title='bbox 1648 2809 1936 2863; x_wconf 85' lang='grc' dir='ltr'>κοινωνίαν</span> 
     </span>
    </p>
   </div>
   <div class='ocr_carea' id='block_1_31' title="bbox 368 2899 1938 2973">
    <p class='ocr_par' dir='ltr' id='par_1_31' title="bbox 368 2899 1938 2973">
     <span class='ocr_line' id='line_1_31' title="bbox 368 2899 1938 2973; baseline -0.001 -21"><span class='ocrx_word' id='word_1_212' title='bbox 368 2899 520 2952; x_wconf 77' lang='grc' dir='ltr'>οὐδὲν</span> <span class='ocrx_word' id='word_1_213' title='bbox 549 2900 808 2970; x_wconf 76' lang='grc' dir='ltr'>ἥγηνται·</span> <span class='ocrx_word' id='word_1_214' title='bbox 843 2903 938 2957; x_wconf 78' lang='grc' dir='ltr'><strong>καὶ</strong></span> <span class='ocrx_word' id='word_1_215' title='bbox 971 2903 1070 2971; x_wconf 88' lang='grc' dir='ltr'><strong>τὴν</strong></span> <span class='ocrx_word' id='word_1_216' title='bbox 1097 2903 1424 2973; x_wconf 72' lang='grc' dir='ltr'>προσφορὰν</span> <span class='ocrx_word' id='word_1_217' title='bbox 1469 2901 1637 2972; x_wconf 81' lang='grc' dir='ltr'>ἐλαίῳ</span> <span class='ocrx_word' id='word_1_218' title='bbox 1686 2900 1938 2970; x_wconf 75' lang='grc' dir='ltr'>ἀναματ-</span> 
     </span>
    </p>
   </div>
   <div class='ocr_carea' id='block_1_32' title="bbox 301 2993 1937 3064">
    <p class='ocr_par' dir='ltr' id='par_1_32' title="bbox 301 2993 1937 3064">
     <span class='ocr_line' id='line_1_32' title="bbox 301 2993 1937 3064; baseline 0.001 -18"><span class='ocrx_word' id='word_1_219' title='bbox 301 3027 308 3032; x_wconf 71' lang='grc' dir='ltr'><em>ο</em></span> <span class='ocrx_word' id='word_1_220' title='bbox 369 3011 523 3047; x_wconf 83' lang='grc' dir='ltr'>τουσι</span> <span class='ocrx_word' id='word_1_221' title='bbox 561 2996 655 3047; x_wconf 80' lang='grc' dir='ltr'>καὶ</span> <span class='ocrx_word' id='word_1_222' title='bbox 680 2994 986 3062; x_wconf 81' lang='grc' dir='ltr'>ἀλείφουσι.</span> <span class='ocrx_word' id='word_1_223' title='bbox 1021 2995 1291 3062; x_wconf 82' lang='grc' dir='ltr'>Λέγονται</span> <span class='ocrx_word' id='word_1_224' title='bbox 1325 2994 1380 3048; x_wconf 85' lang='grc' dir='ltr'>δὲ</span> <span class='ocrx_word' id='word_1_225' title='bbox 1406 2994 1501 3047; x_wconf 81' lang='grc' dir='ltr'>καὶ</span> <span class='ocrx_word' id='word_1_226' title='bbox 1524 2994 1772 3056; x_wconf 77' lang='grc' dir='ltr'>ἐκθέσεις</span> <span class='ocrx_word' id='word_1_227' title='bbox 1791 2993 1937 3064; x_wconf 77' lang='grc' dir='ltr'>ἔχειν</span> 
     </span>
    </p>
   </div>
   <div class='ocr_carea' id='block_1_33' title="bbox 368 3086 1937 3158">
    <p class='ocr_par' dir='ltr' id='par_1_33' title="bbox 368 3086 1937 3158">
     <span class='ocr_line' id='line_1_33' title="bbox 368 3086 1937 3158; baseline -0.001 -18"><span class='ocrx_word' id='word_1_228' title='bbox 368 3087 640 3157; x_wconf 78' lang='grc' dir='ltr'>διαφόρων</span> <span class='ocrx_word' id='word_1_229' title='bbox 690 3087 1050 3158; x_wconf 83' lang='grc' dir='ltr'>λειτουργιῶν</span> <span class='ocrx_word' id='word_1_230' title='bbox 1091 3089 1245 3156; x_wconf 77' lang='grc' dir='ltr'>παρὰ</span> <span class='ocrx_word' id='word_1_231' title='bbox 1294 3088 1395 3157; x_wconf 79' lang='grc' dir='ltr'>τὴν</span> <span class='ocrx_word' id='word_1_232' title='bbox 1461 3086 1937 3158; x_wconf 80' lang='grc' dir='ltr'>ἑκκλησιαστικὴν</span> 
     </span>
    </p>
   </div>
   <div class='ocr_carea' id='block_1_34' title="bbox 2039 604 3622 680">
    <p class='ocr_par' dir='ltr' id='par_1_34' title="bbox 2039 604 3622 680">
     <span class='ocr_line' id='line_1_34' title="bbox 2039 604 3622 680; baseline 0.003 -20"><span class='ocrx_word' id='word_1_233' title='bbox 2039 604 2400 660; x_wconf 90' lang='lat' dir='ltr'><strong>constitutum</strong></span> <span class='ocrx_word' id='word_1_234' title='bbox 2431 621 2558 661; x_wconf 89' lang='lat' dir='ltr'><strong>esse</strong></span> <span class='ocrx_word' id='word_1_235' title='bbox 2592 608 2863 664; x_wconf 78' lang='lat' dir='ltr'><strong>dicentes.</strong></span> <span class='ocrx_word' id='word_1_236' title='bbox 2893 614 3068 676; x_wconf 73' lang='lat' dir='ltr'><strong>Quem</strong></span> <span class='ocrx_word' id='word_1_237' title='bbox 3101 609 3326 679; x_wconf 85' lang='lat' dir='ltr'><strong>quidem</strong></span> <span class='ocrx_word' id='word_1_238' title='bbox 3361 621 3580 680; x_wconf 84' lang='lat' dir='ltr'><strong>raptum</strong></span> <span class='ocrx_word' id='word_1_239' title='bbox 3607 652 3622 673; x_wconf 87' lang='lat'><strong>,</strong></span> 
     </span>
    </p>
   </div>
   <div class='ocr_carea' id='block_1_35' title="bbox 2041 697 3614 772">
    <p class='ocr_par' dir='ltr' id='par_1_35' title="bbox 2041 697 3614 772">
     <span class='ocr_line' id='line_1_35' title="bbox 2041 697 3614 772; baseline 0.005 -22"><span class='ocrx_word' id='word_1_240' title='bbox 2041 705 2298 767; x_wconf 89' lang='lat' dir='ltr'><strong>tanquam</strong></span> <span class='ocrx_word' id='word_1_241' title='bbox 2363 697 2560 752; x_wconf 83' lang='lat' dir='ltr'><strong>falsum</strong></span> <span class='ocrx_word' id='word_1_242' title='bbox 2620 700 2835 755; x_wconf 77' lang='lat' dir='ltr'><strong>scilicet</strong></span> <span class='ocrx_word' id='word_1_243' title='bbox 2863 700 3114 768; x_wconf 89' lang='lat' dir='ltr'><strong>omnino,</strong></span> <span class='ocrx_word' id='word_1_244' title='bbox 3158 709 3384 772; x_wconf 79' lang='lat' dir='ltr'><strong>negant.</strong></span> <span class='ocrx_word' id='word_1_245' title='bbox 3419 702 3614 772; x_wconf 83' lang='lat' dir='ltr'><strong>Neque</strong></span> 
     </span>
    </p>
   </div>
   <div class='ocr_carea' id='block_1_36' title="bbox 2041 787 3620 853">
    <p class='ocr_par' dir='ltr' id='par_1_36' title="bbox 2041 787 3620 853">
     <span class='ocr_line' id='line_1_36' title="bbox 2041 787 3620 853; baseline 0.003 -12"><span class='ocrx_word' id='word_1_246' title='bbox 2041 787 2214 841; x_wconf 91' lang='lat' dir='ltr'><strong>trium</strong></span> <span class='ocrx_word' id='word_1_247' title='bbox 2248 787 2733 843; x_wconf 87' lang='lat' dir='ltr'><strong>subsistentiarum</strong></span> <span class='ocrx_word' id='word_1_248' title='bbox 2793 790 3015 853; x_wconf 89' lang='lat' dir='ltr'><strong>Deitati,</strong></span> <span class='ocrx_word' id='word_1_249' title='bbox 3063 791 3230 846; x_wconf 90' lang='lat' dir='ltr'><strong>sicuti</strong></span> <span class='ocrx_word' id='word_1_250' title='bbox 3274 791 3387 846; x_wconf 91' lang='lat' dir='ltr'><strong>divi</strong></span> <span class='ocrx_word' id='word_1_251' title='bbox 3423 792 3620 846; x_wconf 89' lang='lat' dir='ltr'><strong>Patres</strong></span> 
     </span>
    </p>
   </div>
   <div class='ocr_carea' id='block_1_37' title="bbox 2039 878 3621 952">
    <p class='ocr_par' dir='ltr' id='par_1_37' title="bbox 2039 878 3621 952">
     <span class='ocr_line' id='line_1_37' title="bbox 2039 878 3621 952; baseline 0.003 -19"><span class='ocrx_word' id='word_1_252' title='bbox 2039 879 2263 941; x_wconf 87' lang='lat' dir='ltr'><strong>docent,</strong></span> <span class='ocrx_word' id='word_1_253' title='bbox 2297 878 2392 934; x_wconf 92' lang='lat' dir='ltr'><strong>sed</strong></span> <span class='ocrx_word' id='word_1_254' title='bbox 2426 880 2710 950; x_wconf 84' lang='lat' dir='ltr'><strong>unigenito</strong></span> <span class='ocrx_word' id='word_1_255' title='bbox 2742 883 2913 935; x_wconf 89' lang='lat' dir='ltr'><strong>verbo</strong></span> <span class='ocrx_word' id='word_1_256' title='bbox 2943 879 3164 937; x_wconf 77' lang='lat' dir='ltr'><strong>Christo</strong></span> <span class='ocrx_word' id='word_1_257' title='bbox 3193 897 3418 938; x_wconf 68' lang='lat' dir='ltr'><strong>carmen</strong></span> <span class='ocrx_word' id='word_1_258' title='bbox 3461 884 3621 952; x_wconf 86' lang='lat' dir='ltr'><strong>ejus-</strong></span> 
     </span>
    </p>
   </div>
   <div class='ocr_carea' id='block_1_38' title="bbox 2039 970 3626 1041">
    <p class='ocr_par' dir='ltr' id='par_1_38' title="bbox 2039 970 3626 1041">
     <span class='ocr_line' id='line_1_38' title="bbox 2039 970 3626 1041; baseline 0.003 -19"><span class='ocrx_word' id='word_1_259' title='bbox 2039 971 2187 1026; x_wconf 88' lang='lat' dir='ltr'><strong>modi</strong></span> <span class='ocrx_word' id='word_1_260' title='bbox 2241 970 2461 1026; x_wconf 89' lang='lat' dir='ltr'><strong>concini</strong></span> <span class='ocrx_word' id='word_1_261' title='bbox 2530 972 2744 1027; x_wconf 83' lang='lat' dir='ltr'><strong>dicunt.</strong></span> <span class='ocrx_word' id='word_1_262' title='bbox 2791 972 2960 1028; x_wconf 87' lang='lat' dir='ltr'><strong>Iidem</strong></span> <span class='ocrx_word' id='word_1_263' title='bbox 3015 973 3118 1041; x_wconf 90' lang='lat' dir='ltr'><strong>ipsi</strong></span> <span class='ocrx_word' id='word_1_264' title='bbox 3178 989 3236 1029; x_wconf 89' lang='lat' dir='ltr'><strong>re</strong></span> <span class='ocrx_word' id='word_1_265' title='bbox 3308 973 3493 1028; x_wconf 88' lang='lat' dir='ltr'><strong>divina</strong></span> <span class='ocrx_word' id='word_1_266' title='bbox 3547 973 3626 1027; x_wconf 81' lang='lat' dir='ltr'><strong>la-</strong></span> 
     </span>
    </p>
   </div>
   <div class='ocr_carea' id='block_1_39' title="bbox 2039 1064 3668 1137">
    <p class='ocr_par' dir='ltr' id='par_1_39' title="bbox 2039 1064 3668 1137">
     <span class='ocr_line' id='line_1_39' title="bbox 2039 1064 3668 1137; baseline 0.002 -18"><span class='ocrx_word' id='word_1_267' title='bbox 2039 1064 2234 1120; x_wconf 90' lang='lat' dir='ltr'><strong>cienda</strong></span> <span class='ocrx_word' id='word_1_268' title='bbox 2295 1081 2487 1137; x_wconf 80' lang='lat' dir='ltr'><strong>azymo</strong></span> <span class='ocrx_word' id='word_1_269' title='bbox 2543 1082 2654 1122; x_wconf 91' lang='lat' dir='ltr'><strong>non</strong></span> <span class='ocrx_word' id='word_1_270' title='bbox 2713 1082 2852 1137; x_wconf 90' lang='lat' dir='ltr'><strong>pane</strong></span> <span class='ocrx_word' id='word_1_271' title='bbox 2911 1076 3144 1121; x_wconf 91' lang='lat' dir='ltr'><strong>utuntur</strong></span> <span class='ocrx_word' id='word_1_272' title='bbox 3174 1067 3276 1136; x_wconf 92' lang='lat' dir='ltr'><strong>(l),</strong></span> <span class='ocrx_word' id='word_1_273' title='bbox 3308 1075 3364 1123; x_wconf 91' lang='lat' dir='ltr'><strong>et</strong></span> <span class='ocrx_word' id='word_1_274' title='bbox 3400 1066 3469 1122; x_wconf 89' lang='lat' dir='ltr'><strong>ad</strong></span> <span class='ocrx_word' id='word_1_275' title='bbox 3498 1082 3621 1122; x_wconf 83' lang='lat' dir='ltr'><strong>eam</strong></span> <span class='ocrx_word' id='word_1_276' title='bbox 3660 1100 3668 1106; x_wconf 96' lang='lat'><strong>-</strong></span> 
     </span>
    </p>
   </div>
   <div class='ocr_carea' id='block_1_40' title="bbox 2038 1155 3621 1227">
    <p class='ocr_par' dir='ltr' id='par_1_40' title="bbox 2038 1155 3621 1227">
     <span class='ocr_line' id='line_1_40' title="bbox 2038 1155 3621 1227; baseline 0.003 -19"><span class='ocrx_word' id='word_1_277' title='bbox 2038 1155 2228 1209; x_wconf 88' lang='lat' dir='ltr'><strong>viuum</strong></span> <span class='ocrx_word' id='word_1_278' title='bbox 2266 1171 2409 1226; x_wconf 90' lang='lat' dir='ltr'><strong>aqua</strong></span> <span class='ocrx_word' id='word_1_279' title='bbox 2443 1171 2550 1212; x_wconf 90' lang='lat' dir='ltr'><strong>non</strong></span> <span class='ocrx_word' id='word_1_280' title='bbox 2591 1165 2956 1227; x_wconf 88' lang='lat' dir='ltr'><strong>temperatum</strong></span> <span class='ocrx_word' id='word_1_281' title='bbox 3015 1157 3323 1212; x_wconf 88' lang='lat' dir='ltr'><strong>adhibent:</strong></span> <span class='ocrx_word' id='word_1_282' title='bbox 3367 1173 3530 1212; x_wconf 90' lang='lat' dir='ltr'><strong>unam</strong></span> <span class='ocrx_word' id='word_1_283' title='bbox 3557 1172 3621 1212; x_wconf 88' lang='lat' dir='ltr'><strong>ea</strong></span> 
     </span>
    </p>
   </div>
   <div class='ocr_carea' id='block_1_41' title="bbox 2039 1245 3621 1318">
    <p class='ocr_par' dir='ltr' id='par_1_41' title="bbox 2039 1245 3621 1318">
     <span class='ocr_line' id='line_1_41' title="bbox 2039 1245 3621 1318; baseline 0.003 -20"><span class='ocrx_word' id='word_1_284' title='bbox 2039 1261 2097 1301; x_wconf 88' lang='lat' dir='ltr'><strong>re</strong></span> <span class='ocrx_word' id='word_1_285' title='bbox 2122 1246 2177 1301; x_wconf 90' lang='lat' dir='ltr'><strong>in</strong></span> <span class='ocrx_word' id='word_1_286' title='bbox 2213 1245 2434 1302; x_wconf 87' lang='lat' dir='ltr'><strong>Christo</strong></span> <span class='ocrx_word' id='word_1_287' title='bbox 2465 1257 2718 1302; x_wconf 90' lang='lat' dir='ltr'><strong>naturam</strong></span> <span class='ocrx_word' id='word_1_288' title='bbox 2775 1247 3129 1318; x_wconf 81' lang='lat' dir='ltr'><strong>designantes</strong></span> <span class='ocrx_word' id='word_1_289' title='bbox 3157 1287 3173 1311; x_wconf 91' lang='lat'><strong>,</strong></span> <span class='ocrx_word' id='word_1_290' title='bbox 3241 1263 3422 1318; x_wconf 89' lang='lat' dir='ltr'><strong>neque</strong></span> <span class='ocrx_word' id='word_1_291' title='bbox 3452 1248 3621 1302; x_wconf 82' lang='lat' dir='ltr'><strong>sicuti</strong></span> 
     </span>
    </p>
   </div>
   <div class='ocr_carea' id='block_1_42' title="bbox 2041 1338 3627 1409">
    <p class='ocr_par' dir='ltr' id='par_1_42' title="bbox 2041 1338 3627 1409">
     <span class='ocr_line' id='line_1_42' title="bbox 2041 1338 3627 1409; baseline 0.003 -20"><span class='ocrx_word' id='word_1_292' title='bbox 2041 1347 2180 1402; x_wconf 87' lang='lat' dir='ltr'><strong>nos,’</strong></span> <span class='ocrx_word' id='word_1_293' title='bbox 2214 1338 2440 1393; x_wconf 88' lang='lat' dir='ltr'><strong>calicem</strong></span> <span class='ocrx_word' id='word_1_294' title='bbox 2509 1340 2763 1404; x_wconf 88' lang='lat' dir='ltr'><strong>miscent,</strong></span> <span class='ocrx_word' id='word_1_295' title='bbox 2796 1355 2892 1408; x_wconf 91' lang='lat' dir='ltr'><strong>per</strong></span> <span class='ocrx_word' id='word_1_296' title='bbox 2930 1355 3096 1409; x_wconf 84' lang='lat' dir='ltr'><strong>quam</strong></span> <span class='ocrx_word' id='word_1_297' title='bbox 3138 1338 3451 1394; x_wconf 90' lang='lat' dir='ltr'><strong>mistionem</strong></span> <span class='ocrx_word' id='word_1_298' title='bbox 3486 1339 3627 1394; x_wconf 56' lang='lat' dir='ltr'><strong>duae</strong></span> 
     </span>
    </p>
   </div>
   <div class='ocr_carea' id='block_1_43' title="bbox 2039 1430 3614 1501">
    <p class='ocr_par' dir='ltr' id='par_1_43' title="bbox 2039 1430 3614 1501">
     <span class='ocr_line' id='line_1_43' title="bbox 2039 1430 3614 1501; baseline 0.002 -20"><span class='ocrx_word' id='word_1_299' title='bbox 2039 1444 2162 1483; x_wconf 86' lang='lat' dir='ltr'><strong>rum</strong></span> <span class='ocrx_word' id='word_1_300' title='bbox 2223 1439 2544 1485; x_wconf 85' lang='lat' dir='ltr'><strong>naturarum</strong></span> <span class='ocrx_word' id='word_1_301' title='bbox 2612 1431 2874 1486; x_wconf 91' lang='lat' dir='ltr'><strong>unionem</strong></span> <span class='ocrx_word' id='word_1_302' title='bbox 2936 1431 3307 1486; x_wconf 85' lang='lat' dir='ltr'><strong>declaramus.</strong></span> <span class='ocrx_word' id='word_1_303' title='bbox 3361 1430 3432 1486; x_wconf 85' lang='lat' dir='ltr'><strong>At</strong></span> <span class='ocrx_word' id='word_1_304' title='bbox 3483 1445 3614 1501; x_wconf 83' lang='lat' dir='ltr'><strong>erga</strong></span> 
     </span>
    </p>
   </div>
   <div class='ocr_carea' id='block_1_44' title="bbox 2039 1520 3624 1593">
    <p class='ocr_par' dir='ltr' id='par_1_44' title="bbox 2039 1520 3624 1593">
     <span class='ocr_line' id='line_1_44' title="bbox 2039 1520 3624 1593; baseline 0.001 -19"><span class='ocrx_word' id='word_1_305' title='bbox 2039 1520 2212 1575; x_wconf 90' lang='lat' dir='ltr'><strong>Deum</strong></span> <span class='ocrx_word' id='word_1_306' title='bbox 2272 1521 2425 1592; x_wconf 86' lang='lat' dir='ltr'><strong>impii</strong></span> <span class='ocrx_word' id='word_1_307' title='bbox 2486 1522 2564 1576; x_wconf 87' lang='lat' dir='ltr'><strong>illi</strong></span> <span class='ocrx_word' id='word_1_308' title='bbox 2629 1522 2834 1578; x_wconf 86' lang='lat' dir='ltr'><strong>Pascha</strong></span> <span class='ocrx_word' id='word_1_309' title='bbox 2891 1538 3116 1593; x_wconf 86' lang='lat' dir='ltr'><strong>quoque</strong></span> <span class='ocrx_word' id='word_1_310' title='bbox 3175 1521 3405 1577; x_wconf 86' lang='lat' dir='ltr'><strong>Judaico</strong></span> <span class='ocrx_word' id='word_1_311' title='bbox 3468 1537 3624 1576; x_wconf 89' lang='lat' dir='ltr'><strong>more</strong></span> 
     </span>
    </p>
   </div>
   <div class='ocr_carea' id='block_1_45' title="bbox 2039 1613 3622 1687">
    <p class='ocr_par' dir='ltr' id='par_1_45' title="bbox 2039 1613 3622 1687">
     <span class='ocr_line' id='line_1_45' title="bbox 2039 1613 3622 1687; baseline 0.001 -21"><span class='ocrx_word' id='word_1_312' title='bbox 2039 1613 2348 1679; x_wconf 84' lang='lat' dir='ltr'><strong>celebrant,</strong></span> <span class='ocrx_word' id='word_1_313' title='bbox 2403 1615 2575 1670; x_wconf 86' lang='lat' dir='ltr'><strong>boves</strong></span> <span class='ocrx_word' id='word_1_314' title='bbox 2625 1624 2682 1670; x_wconf 89' lang='lat' dir='ltr'><strong>et</strong></span> <span class='ocrx_word' id='word_1_315' title='bbox 2708 1618 2880 1683; x_wconf 56' lang='lat' dir='ltr'><strong>:oves,</strong></span> <span class='ocrx_word' id='word_1_316' title='bbox 2909 1616 3066 1687; x_wconf 78' lang='lat' dir='ltr'><strong>juxta</strong></span> <span class='ocrx_word' id='word_1_317' title='bbox 3103 1614 3271 1668; x_wconf 90' lang='lat' dir='ltr'><strong>ritum</strong></span> <span class='ocrx_word' id='word_1_318' title='bbox 3303 1613 3622 1678; x_wconf 85' lang='lat' dir='ltr'><strong>Judaieum,</strong></span> 
     </span>
    </p>
   </div>
   <div class='ocr_carea' id='block_1_46' title="bbox 2039 1709 3620 1782">
    <p class='ocr_par' dir='ltr' id='par_1_46' title="bbox 2039 1709 3620 1782">
     <span class='ocr_line' id='line_1_46' title="bbox 2039 1709 3620 1782; baseline 0.001 -19"><span class='ocrx_word' id='word_1_319' title='bbox 2039 1709 2406 1775; x_wconf 89' lang='lat' dir='ltr'><strong>immolantes,</strong></span> <span class='ocrx_word' id='word_1_320' title='bbox 2449 1722 2505 1765; x_wconf 91' lang='lat' dir='ltr'><strong>et</strong></span> <span class='ocrx_word' id='word_1_321' title='bbox 2542 1713 2810 1782; x_wconf 84' lang='lat' dir='ltr'><strong>sanguine</strong></span> <span class='ocrx_word' id='word_1_322' title='bbox 2831 1713 2954 1782; x_wconf 88' lang='lat' dir='ltr'><strong>agni</strong></span> <span class='ocrx_word' id='word_1_323' title='bbox 2995 1712 3195 1767; x_wconf 62' lang='lat' dir='ltr'><strong>aedium</strong></span> <span class='ocrx_word' id='word_1_324' title='bbox 3231 1721 3414 1782; x_wconf 87' lang='lat' dir='ltr'><strong>postes</strong></span> <span class='ocrx_word' id='word_1_325' title='bbox 3456 1711 3620 1766; x_wconf 92' lang='lat' dir='ltr'><strong>inun-</strong></span> 
     </span>
    </p>
   </div>
   <div class='ocr_carea' id='block_1_47' title="bbox 2040 1798 3624 1872">
    <p class='ocr_par' dir='ltr' id='par_1_47' title="bbox 2040 1798 3624 1872">
     <span class='ocr_line' id='line_1_47' title="bbox 2040 1798 3624 1872; baseline 0.003 -21"><span class='ocrx_word' id='word_1_326' title='bbox 2040 1807 2195 1869; x_wconf 89' lang='lat' dir='ltr'><strong>gunt.</strong></span> <span class='ocrx_word' id='word_1_327' title='bbox 2260 1798 2381 1854; x_wconf 87' lang='lat' dir='ltr'><strong>Non</strong></span> <span class='ocrx_word' id='word_1_328' title='bbox 2430 1801 2507 1855; x_wconf 91' lang='lat' dir='ltr'><strong>illi</strong></span> <span class='ocrx_word' id='word_1_329' title='bbox 2539 1816 2743 1871; x_wconf 89' lang='lat' dir='ltr'><strong>corpus</strong></span> <span class='ocrx_word' id='word_1_330' title='bbox 2791 1811 2847 1856; x_wconf 90' lang='lat' dir='ltr'><strong>et</strong></span> <span class='ocrx_word' id='word_1_331' title='bbox 2877 1803 3203 1872; x_wconf 82' lang='lat' dir='ltr'><strong>sanguinem</strong></span> <span class='ocrx_word' id='word_1_332' title='bbox 3241 1801 3456 1857; x_wconf 91' lang='lat' dir='ltr'><strong>Domini</strong></span> <span class='ocrx_word' id='word_1_333' title='bbox 3495 1816 3624 1871; x_wconf 79' lang='lat' dir='ltr'><strong>per-</strong></span> 
     </span>
    </p>
   </div>
   <div class='ocr_carea' id='block_1_48' title="bbox 2040 1892 3611 1963">
    <p class='ocr_par' dir='ltr' id='par_1_48' title="bbox 2040 1892 3611 1963">
     <span class='ocr_line' id='line_1_48' title="bbox 2040 1892 3611 1963; baseline 0.002 -18"><span class='ocrx_word' id='word_1_334' title='bbox 2040 1892 2330 1960; x_wconf 86' lang='lat' dir='ltr'><strong>cipientes,</strong></span> <span class='ocrx_word' id='word_1_335' title='bbox 2363 1894 2457 1948; x_wconf 90' lang='lat' dir='ltr'><strong>sed</strong></span> <span class='ocrx_word' id='word_1_336' title='bbox 2490 1908 2690 1962; x_wconf 89' lang='lat' dir='ltr'><strong>agnum</strong></span> <span class='ocrx_word' id='word_1_337' title='bbox 2720 1893 2948 1948; x_wconf 85' lang='lat' dir='ltr'><strong>Judaice</strong></span> <span class='ocrx_word' id='word_1_338' title='bbox 3009 1894 3411 1955; x_wconf 78' lang='lat' dir='ltr'><strong>sacriﬁcantes.</strong></span> <span class='ocrx_word' id='word_1_339' title='bbox 3441 1903 3611 1963; x_wconf 88' lang='lat' dir='ltr'><strong>atque</strong></span> 
     </span>
    </p>
   </div>
   <div class='ocr_carea' id='block_1_49' title="bbox 2038 1983 3620 2054">
    <p class='ocr_par' dir='ltr' id='par_1_49' title="bbox 2038 1983 3620 2054">
     <span class='ocr_line' id='line_1_49' title="bbox 2038 1983 3620 2054; baseline 0.001 -18"><span class='ocrx_word' id='word_1_340' title='bbox 2038 1983 2148 2053; x_wconf 92' lang='lat' dir='ltr'><strong>igni</strong></span> <span class='ocrx_word' id='word_1_341' title='bbox 2207 1993 2499 2051; x_wconf 89' lang='lat' dir='ltr'><strong>torrentes,</strong></span> <span class='ocrx_word' id='word_1_342' title='bbox 2573 1986 2641 2041; x_wconf 90' lang='lat' dir='ltr'><strong>de</strong></span> <span class='ocrx_word' id='word_1_343' title='bbox 2709 2001 2776 2039; x_wconf 89' lang='lat' dir='ltr'><strong>co</strong></span> <span class='ocrx_word' id='word_1_344' title='bbox 2834 1985 3188 2054; x_wconf 86' lang='lat' dir='ltr'><strong>participant.</strong></span> <span class='ocrx_word' id='word_1_345' title='bbox 3225 1983 3463 2038; x_wconf 86' lang='lat' dir='ltr'><strong>Crucem</strong></span> <span class='ocrx_word' id='word_1_346' title='bbox 3507 1998 3620 2038; x_wconf 89' lang='lat' dir='ltr'><strong>non</strong></span> 
     </span>
    </p>
   </div>
   <div class='ocr_carea' id='block_1_50' title="bbox 2039 2075 3619 2150">
    <p class='ocr_par' dir='ltr' id='par_1_50' title="bbox 2039 2075 3619 2150">
     <span class='ocr_line' id='line_1_50' title="bbox 2039 2075 3619 2150; baseline -0.002 -17"><span class='ocrx_word' id='word_1_347' title='bbox 2039 2081 2192 2150; x_wconf 80' lang='lat' dir='ltr'><strong>prius</strong></span> <span class='ocrx_word' id='word_1_348' title='bbox 2233 2077 2446 2134; x_wconf 87' lang='lat' dir='ltr'><strong>honore</strong></span> <span class='ocrx_word' id='word_1_349' title='bbox 2486 2076 2678 2133; x_wconf 88' lang='lat' dir='ltr'><strong>debito</strong></span> <span class='ocrx_word' id='word_1_350' title='bbox 2709 2088 3159 2148; x_wconf 71' lang='lat' dir='ltr'><strong>prosequuntur,</strong></span> <span class='ocrx_word' id='word_1_351' title='bbox 3195 2092 3360 2147; x_wconf 81' lang='lat' dir='ltr'><strong>quam</strong></span> <span class='ocrx_word' id='word_1_352' title='bbox 3390 2075 3619 2146; x_wconf 85' lang='lat' dir='ltr'><strong>perinde</strong></span> 
     </span>
    </p>
   </div>
   <div class='ocr_carea' id='block_1_51' title="bbox 2036 2167 3620 2244">
    <p class='ocr_par' dir='ltr' id='par_1_51' title="bbox 2036 2167 3620 2244">
     <span class='ocr_line' id='line_1_51' title="bbox 2036 2167 3620 2244; baseline -0.004 -15"><span class='ocrx_word' id='word_1_353' title='bbox 2036 2184 2203 2244; x_wconf 87' lang='lat' dir='ltr'><strong>atque</strong></span> <span class='ocrx_word' id='word_1_354' title='bbox 2261 2171 2540 2227; x_wconf 91' lang='lat' dir='ltr'><strong>hominem</strong></span> <span class='ocrx_word' id='word_1_355' title='bbox 2599 2171 3020 2240; x_wconf 79' lang='lat' dir='ltr'><strong>baptizaverint,</strong></span> <span class='ocrx_word' id='word_1_356' title='bbox 3084 2178 3251 2240; x_wconf 88' lang='lat' dir='ltr'><strong>atque</strong></span> <span class='ocrx_word' id='word_1_357' title='bbox 3317 2169 3370 2223; x_wconf 93' lang='lat' dir='ltr'><strong>iu</strong></span> <span class='ocrx_word' id='word_1_358' title='bbox 3435 2167 3620 2223; x_wconf 88' lang='lat' dir='ltr'><strong>media</strong></span> 
     </span>
    </p>
   </div>
   <div class='ocr_carea' id='block_1_52' title="bbox 2037 2259 3621 2337">
    <p class='ocr_par' dir='ltr' id='par_1_52' title="bbox 2037 2259 3621 2337">
     <span class='ocr_line' id='line_1_52' title="bbox 2037 2259 3621 2337; baseline -0.005 -15"><span class='ocrx_word' id='word_1_359' title='bbox 2037 2268 2155 2337; x_wconf 84' lang='lat' dir='ltr'><strong>ipsa</strong></span> <span class='ocrx_word' id='word_1_360' title='bbox 2214 2279 2380 2321; x_wconf 87' lang='lat' dir='ltr'><strong>cruce</strong></span> <span class='ocrx_word' id='word_1_361' title='bbox 2438 2264 2653 2320; x_wconf 88' lang='lat' dir='ltr'><strong>clavum</strong></span> <span class='ocrx_word' id='word_1_362' title='bbox 2708 2261 2880 2332; x_wconf 78' lang='lat' dir='ltr'><strong>ﬁgunt</strong></span> <span class='ocrx_word' id='word_1_363' title='bbox 2934 2261 3302 2333; x_wconf 66' lang='lat' dir='ltr'><strong>(‘2),eumque</strong></span> <span class='ocrx_word' id='word_1_364' title='bbox 3350 2259 3621 2329; x_wconf 82' lang='lat' dir='ltr'><strong>sanguine</strong></span> 
     </span>
    </p>
   </div>
   <div class='ocr_carea' id='block_1_53' title="bbox 2038 2352 3624 2428">
    <p class='ocr_par' dir='ltr' id='par_1_53' title="bbox 2038 2352 3624 2428">
     <span class='ocr_line' id='line_1_53' title="bbox 2038 2352 3624 2428; baseline -0.005 -14"><span class='ocrx_word' id='word_1_365' title='bbox 2038 2359 2277 2414; x_wconf 60' lang='lat' dir='ltr'><strong>victima:</strong></span> <span class='ocrx_word' id='word_1_366' title='bbox 2319 2366 2554 2428; x_wconf 84' lang='lat' dir='ltr'><strong>ungunt.</strong></span> <span class='ocrx_word' id='word_1_367' title='bbox 2595 2354 2708 2411; x_wconf 88' lang='lat' dir='ltr'><strong>lloe</strong></span> <span class='ocrx_word' id='word_1_368' title='bbox 2749 2371 2883 2410; x_wconf 89' lang='lat' dir='ltr'><strong>vero</strong></span> <span class='ocrx_word' id='word_1_369' title='bbox 2918 2355 3133 2409; x_wconf 82' lang='lat' dir='ltr'><strong>iaciunt</strong></span> <span class='ocrx_word' id='word_1_370' title='bbox 3193 2354 3250 2408; x_wconf 92' lang='lat' dir='ltr'><strong>in</strong></span> <span class='ocrx_word' id='word_1_371' title='bbox 3287 2352 3498 2428; x_wconf 87' lang='lat' dir='ltr'><strong>Christi</strong></span> <span class='ocrx_word' id='word_1_372' title='bbox 3523 2365 3624 2406; x_wconf 84' lang='lat' dir='ltr'><strong>no-</strong></span> 
     </span>
    </p>
   </div>
   <div class='ocr_carea' id='block_1_54' title="bbox 2039 2441 3625 2516">
    <p class='ocr_par' dir='ltr' id='par_1_54' title="bbox 2039 2441 3625 2516">
     <span class='ocr_line' id='line_1_54' title="bbox 2039 2441 3625 2516; baseline -0.005 -12"><span class='ocrx_word' id='word_1_373' title='bbox 2039 2467 2186 2515; x_wconf 89' lang='lat' dir='ltr'><strong>men,</strong></span> <span class='ocrx_word' id='word_1_374' title='bbox 2247 2465 2413 2504; x_wconf 88' lang='lat' dir='ltr'><strong>unam</strong></span> <span class='ocrx_word' id='word_1_375' title='bbox 2473 2456 2681 2504; x_wconf 71' lang='lat' dir='ltr'><strong>sancta:</strong></span> <span class='ocrx_word' id='word_1_376' title='bbox 2731 2445 3028 2501; x_wconf 87' lang='lat' dir='ltr'><strong>Trinitatis</strong></span> <span class='ocrx_word' id='word_1_377' title='bbox 3064 2461 3359 2516; x_wconf 87' lang='lat' dir='ltr'><strong>personam</strong></span> <span class='ocrx_word' id='word_1_378' title='bbox 3395 2441 3625 2499; x_wconf 82' lang='lat' dir='ltr'><strong>crucifi-</strong></span> 
     </span>
    </p>
   </div>
   <div class='ocr_carea' id='block_1_55' title="bbox 2038 2536 3624 2608">
    <p class='ocr_par' dir='ltr' id='par_1_55' title="bbox 2038 2536 3624 2608">
     <span class='ocr_line' id='line_1_55' title="bbox 2038 2536 3624 2608; baseline -0.004 -10"><span class='ocrx_word' id='word_1_379' title='bbox 2038 2559 2161 2598; x_wconf 81' lang='lat' dir='ltr'><strong>xam</strong></span> <span class='ocrx_word' id='word_1_380' title='bbox 2190 2558 2313 2598; x_wconf 91' lang='lat' dir='ltr'><strong>esse</strong></span> <span class='ocrx_word' id='word_1_381' title='bbox 2348 2541 2747 2598; x_wconf 84' lang='lat' dir='ltr'><strong>ostendentes:</strong></span> <span class='ocrx_word' id='word_1_382' title='bbox 2781 2553 2884 2594; x_wconf 90' lang='lat' dir='ltr'><strong>nec</strong></span> <span class='ocrx_word' id='word_1_383' title='bbox 2934 2538 3155 2593; x_wconf 86' lang='lat' dir='ltr'><strong>interim</strong></span> <span class='ocrx_word' id='word_1_384' title='bbox 3233 2536 3624 2608; x_wconf 81' lang='lat' dir='ltr'><strong>intelligentes,</strong></span> 
     </span>
    </p>
   </div>
   <div class='ocr_carea' id='block_1_56' title="bbox 2037 2627 3625 2707">
    <p class='ocr_par' dir='ltr' id='par_1_56' title="bbox 2037 2627 3625 2707">
     <span class='ocr_line' id='line_1_56' title="bbox 2037 2627 3625 2707; baseline -0.005 -17"><span class='ocrx_word' id='word_1_385' title='bbox 2037 2635 2186 2707; x_wconf 91' lang='lat' dir='ltr'><strong>quod</strong></span> <span class='ocrx_word' id='word_1_386' title='bbox 2215 2650 2282 2690; x_wconf 89' lang='lat' dir='ltr'><strong>eo</strong></span> <span class='ocrx_word' id='word_1_387' title='bbox 2307 2635 2471 2688; x_wconf 90' lang='lat' dir='ltr'><strong>modo</strong></span> <span class='ocrx_word' id='word_1_388' title='bbox 2495 2633 2662 2688; x_wconf 88' lang='lat' dir='ltr'><strong>simul</strong></span> <span class='ocrx_word' id='word_1_389' title='bbox 2683 2631 2851 2688; x_wconf 90' lang='lat' dir='ltr'><strong>etiam</strong></span> <span class='ocrx_word' id='word_1_390' title='bbox 2905 2630 3086 2686; x_wconf 85' lang='lat' dir='ltr'><strong>Patris</strong></span> <span class='ocrx_word' id='word_1_391' title='bbox 3107 2638 3165 2684; x_wconf 90' lang='lat' dir='ltr'><strong>et</strong></span> <span class='ocrx_word' id='word_1_392' title='bbox 3196 2627 3428 2684; x_wconf 86' lang='lat' dir='ltr'><strong>Deitatis</strong></span> <span class='ocrx_word' id='word_1_393' title='bbox 3460 2637 3625 2682; x_wconf 84' lang='lat' dir='ltr'><strong>natu-</strong></span> 
     </span>
    </p>
   </div>
   <div class='ocr_carea' id='block_1_57' title="bbox 2039 2717 3629 2796">
    <p class='ocr_par' dir='ltr' id='par_1_57' title="bbox 2039 2717 3629 2796">
     <span class='ocr_line' id='line_1_57' title="bbox 2039 2717 3629 2796; baseline -0.008 -13"><span class='ocrx_word' id='word_1_394' title='bbox 2039 2744 2157 2784; x_wconf 84' lang='lat' dir='ltr'><strong>ram</strong></span> <span class='ocrx_word' id='word_1_395' title='bbox 2211 2725 2673 2796; x_wconf 79' lang='lat' dir='ltr'><strong>concruciﬁgunt,</strong></span> <span class='ocrx_word' id='word_1_396' title='bbox 2701 2739 2822 2794; x_wconf 69' lang='lat' dir='ltr'><strong>qua!</strong></span> <span class='ocrx_word' id='word_1_397' title='bbox 2850 2738 2959 2778; x_wconf 88' lang='lat' dir='ltr'><strong>una</strong></span> <span class='ocrx_word' id='word_1_398' title='bbox 2982 2732 3068 2777; x_wconf 83' lang='lat' dir='ltr'><strong>est</strong></span> <span class='ocrx_word' id='word_1_399' title='bbox 3116 2730 3172 2776; x_wconf 85' lang='lat' dir='ltr'><strong>et</strong></span> <span class='ocrx_word' id='word_1_400' title='bbox 3206 2722 3422 2776; x_wconf 89' lang='lat' dir='ltr'><strong>eadem.</strong></span> <span class='ocrx_word' id='word_1_401' title='bbox 3459 2717 3629 2792; x_wconf 63' lang='grc'><strong>884</strong></span> 
     </span>
    </p>
   </div>
   <div class='ocr_carea' id='block_1_58' title="bbox 2039 2812 3623 2878">
    <p class='ocr_par' dir='ltr' id='par_1_58' title="bbox 2039 2812 3623 2878">
     <span class='ocr_line' id='line_1_58' title="bbox 2039 2812 3623 2878; baseline -0.006 -1"><span class='ocrx_word' id='word_1_402' title='bbox 2039 2822 2178 2877; x_wconf 91' lang='lat' dir='ltr'><strong>Tres</strong></span> <span class='ocrx_word' id='word_1_403' title='bbox 2209 2835 2344 2875; x_wconf 89' lang='lat' dir='ltr'><strong>vero</strong></span> <span class='ocrx_word' id='word_1_404' title='bbox 2367 2833 2560 2874; x_wconf 87' lang='lat' dir='ltr'><strong>cruces</strong></span> <span class='ocrx_word' id='word_1_405' title='bbox 2588 2825 3004 2878; x_wconf 90' lang='lat' dir='ltr'><strong>connectentes,</strong></span> <span class='ocrx_word' id='word_1_406' title='bbox 3026 2823 3273 2868; x_wconf 87' lang='lat' dir='ltr'><strong>sanctam</strong></span> <span class='ocrx_word' id='word_1_407' title='bbox 3291 2812 3623 2867; x_wconf 84' lang='lat' dir='ltr'><strong>Trinitatem</strong></span> 
     </span>
    </p>
   </div>
   <div class='ocr_carea' id='block_1_59' title="bbox 2039 2907 3624 2983">
    <p class='ocr_par' dir='ltr' id='par_1_59' title="bbox 2039 2907 3624 2983">
     <span class='ocr_line' id='line_1_59' title="bbox 2039 2907 3624 2983; baseline -0.006 -16"><span class='ocrx_word' id='word_1_408' title='bbox 2039 2913 2429 2983; x_wconf 80' lang='lat' dir='ltr'><strong>cognominant</strong></span> <span class='ocrx_word' id='word_1_409' title='bbox 2463 2925 2566 2964; x_wconf 88' lang='lat' dir='ltr'><strong>:co</strong></span> <span class='ocrx_word' id='word_1_410' title='bbox 2599 2916 2760 2977; x_wconf 88' lang='lat' dir='ltr'><strong>pacto</strong></span> <span class='ocrx_word' id='word_1_411' title='bbox 2790 2908 2933 2962; x_wconf 80' lang='lat' dir='ltr'><strong>forte</strong></span> <span class='ocrx_word' id='word_1_412' title='bbox 2981 2907 3348 2970; x_wconf 82' lang='lat' dir='ltr'><strong>insinuantes,</strong></span> <span class='ocrx_word' id='word_1_413' title='bbox 3377 2915 3624 2977; x_wconf 82' lang='lat' dir='ltr'><strong>sanctam</strong></span> 
     </span>
    </p>
   </div>
   <div class='ocr_carea' id='block_1_60' title="bbox 2041 2995 3625 3068">
    <p class='ocr_par' dir='ltr' id='par_1_60' title="bbox 2041 2995 3625 3068">
     <span class='ocr_line' id='line_1_60' title="bbox 2041 2995 3625 3068; baseline -0.006 -9"><span class='ocrx_word' id='word_1_414' title='bbox 2041 3004 2371 3060; x_wconf 83' lang='lat' dir='ltr'><strong>Trinitatem</strong></span> <span class='ocrx_word' id='word_1_415' title='bbox 2407 3001 2571 3057; x_wconf 90' lang='lat' dir='ltr'><strong>simul</strong></span> <span class='ocrx_word' id='word_1_416' title='bbox 2611 2998 2931 3055; x_wconf 76' lang='lat' dir='ltr'><strong>crucifixam</strong></span> <span class='ocrx_word' id='word_1_417' title='bbox 2962 3013 3107 3054; x_wconf 87' lang='lat' dir='ltr'><strong>esse.</strong></span> <span class='ocrx_word' id='word_1_418' title='bbox 3154 2997 3427 3068; x_wconf 82' lang='lat' dir='ltr'><strong>Imagines</strong></span> <span class='ocrx_word' id='word_1_419' title='bbox 3459 2995 3625 3051; x_wconf 88' lang='lat' dir='ltr'><strong>etiam</strong></span> 
     </span>
    </p>
   </div>
   <div class='ocr_carea' id='block_1_61' title="bbox 2044 3088 3626 3165">
    <p class='ocr_par' dir='ltr' id='par_1_61' title="bbox 2044 3088 3626 3165">
     <span class='ocr_line' id='line_1_61' title="bbox 2044 3088 3626 3165; baseline -0.008 -12"><span class='ocrx_word' id='word_1_420' title='bbox 2044 3097 2222 3153; x_wconf 81' lang='lat' dir='ltr'><strong>Patris</strong></span> <span class='ocrx_word' id='word_1_421' title='bbox 2253 3106 2309 3151; x_wconf 89' lang='lat' dir='ltr'><strong>et</strong></span> <span class='ocrx_word' id='word_1_422' title='bbox 2332 3095 2575 3165; x_wconf 89' lang='lat' dir='ltr'><strong>Spiritus</strong></span> <span class='ocrx_word' id='word_1_423' title='bbox 2627 3090 2807 3146; x_wconf 88' lang='lat' dir='ltr'><strong>sancti</strong></span> <span class='ocrx_word' id='word_1_424' title='bbox 2851 3089 3113 3160; x_wconf 79' lang='lat' dir='ltr'><strong>elligiant,</strong></span> <span class='ocrx_word' id='word_1_425' title='bbox 3145 3088 3318 3159; x_wconf 68' lang='lat' dir='ltr'><strong>,quod</strong></span> <span class='ocrx_word' id='word_1_426' title='bbox 3355 3103 3626 3160; x_wconf 83' lang='lat' dir='ltr'><strong>perquam</strong></span> 
     </span>
    </p>
   </div>
   <div class='ocr_carea' id='block_1_62' title="bbox 370 3175 1939 3259">
    <p class='ocr_par' dir='ltr' id='par_1_62' title="bbox 370 3175 1934 3251">
     <span class='ocr_line' id='line_1_62' title="bbox 370 3175 1934 3251; baseline 0.001 -21"><span class='ocrx_word' id='word_1_427' title='bbox 370 3179 663 3251; x_wconf 78' lang='grc' dir='ltr'>παράδοσιν</span> <span class='ocrx_word' id='word_1_428' title='bbox 686 3180 778 3232; x_wconf 84' lang='grc' dir='ltr'>καὶ</span> <span class='ocrx_word' id='word_1_429' title='bbox 799 3180 1112 3250; x_wconf 83' lang='grc' dir='ltr'>συνήθειαν.</span> <span class='ocrx_word' id='word_1_430' title='bbox 1155 3179 1230 3232; x_wconf 85' lang='grc' dir='ltr'>Τὸ</span> <span class='ocrx_word' id='word_1_431' title='bbox 1260 3179 1316 3232; x_wconf 77' lang='grc' dir='ltr'>δὲ</span> <span class='ocrx_word' id='word_1_432' title='bbox 1357 3180 1732 3247; x_wconf 83' lang='grc' dir='ltr'>Μονοφυσῖται</span> <span class='ocrx_word' id='word_1_433' title='bbox 1791 3175 1934 3232; x_wconf 78' lang='grc' dir='ltr'>εἶναι</span> 
     </span>
    </p>
   </div>
   <div class='ocr_carea' id='block_1_63' title="bbox 2042 3175 3629 3259">
    <p class='ocr_par' dir='ltr' id='par_1_63' title="bbox 2042 3179 3629 3253">
     <span class='ocr_line' id='line_1_63' title="bbox 2042 3179 3629 3253; baseline -0.009 -8"><span class='ocrx_word' id='word_1_434' title='bbox 2042 3197 2124 3245; x_wconf 89' lang='lat' dir='ltr'><strong>est</strong></span> <span class='ocrx_word' id='word_1_435' title='bbox 2179 3185 2500 3242; x_wconf 91' lang='lat' dir='ltr'><strong>absurdum.</strong></span> <span class='ocrx_word' id='word_1_436' title='bbox 2556 3180 2834 3253; x_wconf 81' lang='lat' dir='ltr'><strong>Imagines</strong></span> <span class='ocrx_word' id='word_1_437' title='bbox 2877 3179 3028 3234; x_wconf 91' lang='lat' dir='ltr'><strong>enim</strong></span> <span class='ocrx_word' id='word_1_438' title='bbox 3081 3193 3378 3249; x_wconf 88' lang='lat' dir='ltr'><strong>corporum</strong></span> <span class='ocrx_word' id='word_1_439' title='bbox 3434 3191 3629 3233; x_wconf 91' lang='lat' dir='ltr'><strong>eorum</strong></span> 
     </span>
    </p>
   </div>
   <div class='ocr_carea' id='block_1_64' title="bbox 369 3271 1936 3344">
    <p class='ocr_par' dir='ltr' id='par_1_64' title="bbox 369 3271 1936 3344">
     <span class='ocr_line' id='line_1_64' title="bbox 369 3271 1936 3344; baseline 0.001 -20"><span class='ocrx_word' id='word_1_440' title='bbox 369 3273 490 3326; x_wconf 80' lang='grc' dir='ltr'>λίαν</span> <span class='ocrx_word' id='word_1_441' title='bbox 520 3272 851 3338; x_wconf 79' lang='grc' dir='ltr'>δεικνύντες,</span> <span class='ocrx_word' id='word_1_442' title='bbox 914 3273 996 3325; x_wconf 75' lang='grc' dir='ltr'>ἑνὶ</span> <span class='ocrx_word' id='word_1_443' title='bbox 1051 3272 1301 3342; x_wconf 80' lang='grc' dir='ltr'>δακτύλῳ</span> <span class='ocrx_word' id='word_1_444' title='bbox 1355 3273 1451 3326; x_wconf 60' lang='grc' dir='ltr'><strong>καὶ⁸</strong></span> <span class='ocrx_word' id='word_1_445' title='bbox 1513 3271 1575 3340; x_wconf 77' lang='grc' dir='ltr'><strong>ἐξ</strong></span> <span class='ocrx_word' id='word_1_446' title='bbox 1627 3271 1936 3344; x_wconf 84' lang='grc' dir='ltr'>ἀριστερῶν</span> 
     </span>
    </p>
   </div>
   <div class='ocr_carea' id='block_1_65' title="bbox 369 3363 1936 3434">
    <p class='ocr_par' dir='ltr' id='par_1_65' title="bbox 369 3363 1936 3434">
     <span class='ocr_line' id='line_1_65' title="bbox 369 3363 1936 3434; baseline 0 -18"><span class='ocrx_word' id='word_1_447' title='bbox 369 3366 459 3418; x_wconf 72' lang='grc' dir='ltr'><strong>ἐπὶ</strong></span> <span class='ocrx_word' id='word_1_448' title='bbox 482 3367 548 3420; x_wconf 87' lang='grc' dir='ltr'>τὰ</span> <span class='ocrx_word' id='word_1_449' title='bbox 573 3365 724 3430; x_wconf 72' lang='grc' dir='ltr'>δεξιὰ</span> <span class='ocrx_word' id='word_1_450' title='bbox 758 3367 1167 3434; x_wconf 72' lang='grc' dir='ltr'>σφραγίςουσιν-</span> <span class='ocrx_word' id='word_1_451' title='bbox 1193 3363 1448 3428; x_wconf 82' lang='grc' dir='ltr'>ἑαυτούς·</span> <span class='ocrx_word' id='word_1_452' title='bbox 1491 3365 1589 3418; x_wconf 78' lang='grc' dir='ltr'><strong>καὶ</strong></span> <span class='ocrx_word' id='word_1_453' title='bbox 1641 3364 1734 3418; x_wconf 86' lang='grc' dir='ltr'><strong>τὸν</strong></span> <span class='ocrx_word' id='word_1_454' title='bbox 1792 3363 1936 3418; x_wconf 83' lang='grc' dir='ltr'>θεῖον</span> 
     </span>
    </p>
   </div>
   <div class='ocr_carea' id='block_1_66' title="bbox 372 3457 1942 3530">
    <p class='ocr_par' dir='ltr' id='par_1_66' title="bbox 372 3457 1942 3530">
     <span class='ocr_line' id='line_1_66' title="bbox 372 3457 1942 3530; baseline -0.001 -20"><span class='ocrx_word' id='word_1_455' title='bbox 372 3460 603 3530; x_wconf 71' lang='grc' dir='ltr'>σταυρὸν</span> <span class='ocrx_word' id='word_1_456' title='bbox 634 3461 699 3527; x_wconf 80' lang='grc' dir='ltr'>τῇ</span> <span class='ocrx_word' id='word_1_457' title='bbox 729 3459 936 3528; x_wconf 75' lang='grc' dir='ltr'>μεγάλῃ</span> <span class='ocrx_word' id='word_1_458' title='bbox 971 3458 1301 3528; x_wconf 74' lang='grc' dir='ltr'>Παρασκευῇ</span> <span class='ocrx_word' id='word_1_459' title='bbox 1337 3457 1442 3510; x_wconf 72' lang='grc' dir='ltr'>ὑπὸ</span> <span class='ocrx_word' id='word_1_460' title='bbox 1497 3457 1602 3529; x_wconf 85' lang='grc' dir='ltr'>γῆν</span> <span class='ocrx_word' id='word_1_461' title='bbox 1662 3457 1942 3526; x_wconf 80' lang='grc' dir='ltr'>κατακρύ-</span> 
     </span>
    </p>
   </div>
   <div class='ocr_carea' id='block_1_67' title="bbox 371 3545 1940 3617">
    <p class='ocr_par' dir='ltr' id='par_1_67' title="bbox 371 3545 1940 3617">
     <span class='ocr_line' id='line_1_67' title="bbox 371 3545 1940 3617; baseline 0.001 -19"><span class='ocrx_word' id='word_1_462' title='bbox 371 3563 597 3598; x_wconf 79' lang='grc' dir='ltr'>πτουσιν</span> <span class='ocrx_word' id='word_1_463' title='bbox 642 3547 770 3617; x_wconf 54' lang='grc' dir='ltr'>ἄχρι</span> <span class='ocrx_word' id='word_1_464' title='bbox 817 3547 917 3616; x_wconf 84' lang='grc' dir='ltr'><strong>τῆς</strong></span> <span class='ocrx_word' id='word_1_465' title='bbox 971 3546 1215 3615; x_wconf 79' lang='grc' dir='ltr'>μεγάλης</span> <span class='ocrx_word' id='word_1_466' title='bbox 1265 3545 1718 3616; x_wconf 69' lang='grc' dir='ltr'>Κυριακῆςατότε</span> <span class='ocrx_word' id='word_1_467' title='bbox 1750 3545 1795 3598; x_wconf 81' lang='grc' dir='ltr'>δ’</span> <span class='ocrx_word' id='word_1_468' title='bbox 1823 3545 1940 3616; x_wconf 77' lang='grc' dir='ltr'><strong>ἅμα</strong></span> 
     </span>
    </p>
   </div>
   <div class='ocr_carea' id='block_1_68' title="bbox 372 3640 1945 3710">
    <p class='ocr_par' dir='ltr' id='par_1_68' title="bbox 372 3640 1945 3710">
     <span class='ocr_line' id='line_1_68' title="bbox 372 3640 1945 3710; baseline 0 -18"><span class='ocrx_word' id='word_1_469' title='bbox 372 3641 509 3706; x_wconf 76' lang='grc' dir='ltr'>φωτὶ</span> <span class='ocrx_word' id='word_1_470' title='bbox 542 3641 640 3702; x_wconf 84' lang='grc' dir='ltr'>τὰς</span> <span class='ocrx_word' id='word_1_471' title='bbox 671 3640 848 3708; x_wconf 75' lang='grc' dir='ltr'>ῥύμας</span> <span class='ocrx_word' id='word_1_472' title='bbox 879 3641 1188 3710; x_wconf 76' lang='grc' dir='ltr'>περιιόντες</span> <span class='ocrx_word' id='word_1_473' title='bbox 1218 3642 1315 3695; x_wconf 72' lang='grc' dir='ltr'>καὶ</span> <span class='ocrx_word' id='word_1_474' title='bbox 1342 3642 1441 3704; x_wconf 68' lang='grc' dir='ltr'>τὰς</span> <span class='ocrx_word' id='word_1_475' title='bbox 1467 3642 1691 3708; x_wconf 85' lang='grc' dir='ltr'>γωνίας,</span> <span class='ocrx_word' id='word_1_476' title='bbox 1739 3641 1834 3692; x_wconf 74' lang='grc' dir='ltr'><strong>καὶ</strong></span> <span class='ocrx_word' id='word_1_477' title='bbox 1858 3640 1945 3692; x_wconf 76' lang='grc' dir='ltr'><strong>ἒν-</strong></span> 
     </span>
    </p>
   </div>
   <div class='ocr_carea' id='block_1_69' title="bbox 374 3732 1943 3804">
    <p class='ocr_par' dir='ltr' id='par_1_69' title="bbox 374 3732 1943 3804">
     <span class='ocr_line' id='line_1_69' title="bbox 374 3732 1943 3804; baseline -0.001 -19"><span class='ocrx_word' id='word_1_478' title='bbox 374 3733 467 3786; x_wconf 84' lang='grc' dir='ltr'><strong>θεν</strong></span> <span class='ocrx_word' id='word_1_479' title='bbox 499 3733 756 3787; x_wconf 76' lang='grc' dir='ltr'>κάκεῖθεν</span> <span class='ocrx_word' id='word_1_480' title='bbox 790 3733 1082 3798; x_wconf 77' lang='grc' dir='ltr'>ζητοῦντες</span> <span class='ocrx_word' id='word_1_481' title='bbox 1122 3735 1215 3787; x_wconf 80' lang='grc' dir='ltr'><strong>καὶ</strong></span> <span class='ocrx_word' id='word_1_482' title='bbox 1244 3734 1688 3804; x_wconf 83' lang='grc' dir='ltr'>ἀνευρίσκοντες,</span> <span class='ocrx_word' id='word_1_483' title='bbox 1739 3732 1943 3785; x_wconf 73' lang='grc' dir='ltr'>ὡσανεὶ</span> 
     </span>
    </p>
   </div>
   <div class='ocr_carea' id='block_1_70' title="bbox 373 3825 1941 3898">
    <p class='ocr_par' dir='ltr' id='par_1_70' title="bbox 373 3825 1941 3898">
     <span class='ocr_line' id='line_1_70' title="bbox 373 3825 1941 3898; baseline -0.001 -18"><span class='ocrx_word' id='word_1_484' title='bbox 373 3825 688 3897; x_wconf 81' lang='grc' dir='ltr'>φανεροῦσι.</span> <span class='ocrx_word' id='word_1_485' title='bbox 716 3827 906 3896; x_wconf 83' lang='grc' dir='ltr'>Χρόνῳ</span> <span class='ocrx_word' id='word_1_486' title='bbox 935 3827 992 3880; x_wconf 82' lang='grc' dir='ltr'>δὲ</span> <span class='ocrx_word' id='word_1_487' title='bbox 1037 3827 1304 3898; x_wconf 87' lang='grc' dir='ltr'>προϊόντι,</span> <span class='ocrx_word' id='word_1_488' title='bbox 1357 3828 1452 3880; x_wconf 81' lang='grc' dir='ltr'>καὶ</span> <span class='ocrx_word' id='word_1_489' title='bbox 1501 3826 1670 3887; x_wconf 80' lang='grc' dir='ltr'>ἄλλας</span> <span class='ocrx_word' id='word_1_490' title='bbox 1716 3826 1941 3894; x_wconf 72' lang='grc' dir='ltr'>ἀδιαφο-</span> 
     </span>
    </p>
   </div>
   <div class='ocr_carea' id='block_1_71' title="bbox 376 3919 1936 3990">
    <p class='ocr_par' dir='ltr' id='par_1_71' title="bbox 376 3919 1936 3990">
     <span class='ocr_line' id='line_1_71' title="bbox 376 3919 1936 3990; baseline 0.001 -20"><span class='ocrx_word' id='word_1_491' title='bbox 376 3922 495 3990; x_wconf 83' lang='grc' dir='ltr'>ρίας</span> <span class='ocrx_word' id='word_1_492' title='bbox 556 3920 1068 3988; x_wconf 84' lang='grc' dir='ltr'>συνεπεσπάσαντο,</span> <span class='ocrx_word' id='word_1_493' title='bbox 1125 3921 1262 3983; x_wconf 86' lang='grc' dir='ltr'>ίδίας</span> <span class='ocrx_word' id='word_1_494' title='bbox 1314 3920 1573 3990; x_wconf 76' lang='grc' dir='ltr'>νηστείας</span> <span class='ocrx_word' id='word_1_495' title='bbox 1631 3919 1936 3981; x_wconf 81' lang='grc' dir='ltr'>ποιοῦντες.</span> 
     </span>
    </p>
   </div>
   <div class='ocr_carea' id='block_1_72' title="bbox 377 4013 1940 4084">
    <p class='ocr_par' dir='ltr' id='par_1_72' title="bbox 377 4013 1940 4084">
     <span class='ocr_line' id='line_1_72' title="bbox 377 4013 1940 4084; baseline 0 -20"><span class='ocrx_word' id='word_1_496' title='bbox 377 4014 483 4066; x_wconf 74' lang='grc' dir='ltr'><strong>Καὶ</strong></span> <span class='ocrx_word' id='word_1_497' title='bbox 509 4016 566 4066; x_wconf 83' lang='grc' dir='ltr'>ὲν</span> <span class='ocrx_word' id='word_1_498' title='bbox 599 4016 709 4076; x_wconf 80' lang='grc' dir='ltr'>τοῖς</span> <span class='ocrx_word' id='word_1_499' title='bbox 737 4013 979 4067; x_wconf 74' lang='grc' dir='ltr'>Σάϐὄασι</span> <span class='ocrx_word' id='word_1_500' title='bbox 1005 4019 1099 4068; x_wconf 82' lang='grc' dir='ltr'>καὶ</span> <span class='ocrx_word' id='word_1_501' title='bbox 1128 4017 1250 4078; x_wconf 88' lang='grc' dir='ltr'>ταῖς</span> <span class='ocrx_word' id='word_1_502' title='bbox 1288 4015 1592 4084; x_wconf 83' lang='grc' dir='ltr'>Κυριακαῖς</span> <span class='ocrx_word' id='word_1_503' title='bbox 1617 4017 1716 4081; x_wconf 80' lang='grc' dir='ltr'><strong>τῆς</strong></span> <span class='ocrx_word' id='word_1_504' title='bbox 1776 4014 1940 4080; x_wconf 79' lang='grc' dir='ltr'>ἁγίας</span> 
     </span>
    </p>
   </div>
   <div class='ocr_carea' id='block_1_73' title="bbox 378 4104 1944 4177">
    <p class='ocr_par' dir='ltr' id='par_1_73' title="bbox 378 4104 1944 4177">
     <span class='ocr_line' id='line_1_73' title="bbox 378 4104 1944 4177; baseline 0.001 -21"><span class='ocrx_word' id='word_1_505' title='bbox 378 4106 619 4174; x_wconf 82' lang='grc' dir='ltr'>μεγάλης</span> <span class='ocrx_word' id='word_1_506' title='bbox 660 4105 1119 4177; x_wconf 76' lang='grc' dir='ltr'>Τεσσαρακοστῆς</span> <span class='ocrx_word' id='word_1_507' title='bbox 1161 4106 1301 4174; x_wconf 79' lang='grc' dir='ltr'>γάλα</span> <span class='ocrx_word' id='word_1_508' title='bbox 1353 4108 1450 4159; x_wconf 82' lang='grc' dir='ltr'><strong>καὶ</strong></span> <span class='ocrx_word' id='word_1_509' title='bbox 1501 4104 1664 4174; x_wconf 79' lang='grc' dir='ltr'>τυρὸν</span> <span class='ocrx_word' id='word_1_510' title='bbox 1711 4106 1807 4159; x_wconf 71' lang='grc' dir='ltr'>καὶ</span> <span class='ocrx_word' id='word_1_511' title='bbox 1860 4104 1944 4157; x_wconf 57' lang='lat' dir='ltr'><strong>tbi</strong></span> 
     </span>
    </p>
   </div>
   <div class='ocr_carea' id='block_1_74' title="bbox 377 4195 1944 4268">
    <p class='ocr_par' dir='ltr' id='par_1_74' title="bbox 377 4195 1944 4268">
     <span class='ocr_line' id='line_1_74' title="bbox 377 4195 1944 4268; baseline -0.001 -21"><span class='ocrx_word' id='word_1_512' title='bbox 377 4198 631 4264; x_wconf 75' lang='grc' dir='ltr'>ἐσθίουσι,</span> <span class='ocrx_word' id='word_1_513' title='bbox 665 4199 761 4252; x_wconf 78' lang='grc' dir='ltr'><strong>καὶ</strong></span> <span class='ocrx_word' id='word_1_514' title='bbox 791 4199 858 4252; x_wconf 84' lang='grc' dir='ltr'>δι’</span> <span class='ocrx_word' id='word_1_515' title='bbox 901 4199 1130 4268; x_wconf 76' lang='grc' dir='ltr'>ἀζύμων</span> <span class='ocrx_word' id='word_1_516' title='bbox 1166 4199 1267 4266; x_wconf 82' lang='grc' dir='ltr'><strong>τὴν</strong></span> <span class='ocrx_word' id='word_1_517' title='bbox 1299 4197 1494 4250; x_wconf 88' lang='grc' dir='ltr'>θυσίαν</span> <span class='ocrx_word' id='word_1_518' title='bbox 1551 4195 1791 4249; x_wconf 76' lang='grc' dir='ltr'>ποιοῦσι·</span> <span class='ocrx_word' id='word_1_519' title='bbox 1849 4196 1944 4248; x_wconf 73' lang='grc' dir='ltr'><strong>καὶ</strong></span> 
     </span>
    </p>
   </div>
   <div class='ocr_carea' id='block_1_75' title="bbox 376 4288 1945 4362">
    <p class='ocr_par' dir='ltr' id='par_1_75' title="bbox 376 4288 1945 4362">
     <span class='ocr_line' id='line_1_75' title="bbox 376 4288 1945 4362; baseline -0.001 -23"><span class='ocrx_word' id='word_1_520' title='bbox 376 4289 470 4358; x_wconf 79' lang='grc' dir='ltr'><strong>τὴν</strong></span> <span class='ocrx_word' id='word_1_521' title='bbox 501 4289 594 4342; x_wconf 81' lang='grc' dir='ltr'>τοῦ</span> <span class='ocrx_word' id='word_1_522' title='bbox 634 4290 1021 4360; x_wconf 74' lang='grc' dir='ltr'>Ἀρτζιϐούρου</span> <span class='ocrx_word' id='word_1_523' title='bbox 1076 4291 1378 4362; x_wconf 80' lang='grc' dir='ltr'>λεγομένην</span> <span class='ocrx_word' id='word_1_524' title='bbox 1435 4288 1691 4358; x_wconf 87' lang='grc' dir='ltr'>νηστείαν</span> <span class='ocrx_word' id='word_1_525' title='bbox 1747 4289 1945 4358; x_wconf 76' lang='grc' dir='ltr'>μικρὸν</span> 
     </span>
    </p>
   </div>
   <div class='ocr_carea' id='block_1_76' title="bbox 376 4383 1346 4454">
    <p class='ocr_par' dir='ltr' id='par_1_76' title="bbox 376 4383 1346 4454">
     <span class='ocr_line' id='line_1_76' title="bbox 376 4383 1346 4454; baseline 0.001 -19"><span class='ocrx_word' id='word_1_526' title='bbox 376 4383 482 4453; x_wconf 77' lang='grc' dir='ltr'><strong>πρδ</strong></span> <span class='ocrx_word' id='word_1_527' title='bbox 510 4384 608 4454; x_wconf 87' lang='grc' dir='ltr'><strong>τῆς</strong></span> <span class='ocrx_word' id='word_1_528' title='bbox 638 4385 898 4453; x_wconf 82' lang='grc' dir='ltr'>ἁπόκρεω</span> <span class='ocrx_word' id='word_1_529' title='bbox 928 4385 1346 4454; x_wconf 85' lang='grc' dir='ltr'>συνεστήσαντο.</span> 
     </span>
    </p>
   </div>
   <div class='ocr_carea' id='block_1_77' title="bbox 2044 3265 3630 3346">
    <p class='ocr_par' dir='ltr' id='par_1_77' title="bbox 2044 3265 3630 3346">
     <span class='ocr_line' id='line_1_77' title="bbox 2044 3265 3630 3346; baseline -0.01 -12"><span class='ocrx_word' id='word_1_530' title='bbox 2044 3286 2194 3342; x_wconf 90' lang='lat' dir='ltr'><strong>sunt,</strong></span> <span class='ocrx_word' id='word_1_531' title='bbox 2262 3290 2388 3346; x_wconf 63' lang='lat' dir='ltr'><strong>qua:</strong></span> <span class='ocrx_word' id='word_1_532' title='bbox 2438 3270 2616 3328; x_wconf 88' lang='lat' dir='ltr'><strong>videri</strong></span> <span class='ocrx_word' id='word_1_533' title='bbox 2661 3278 2718 3325; x_wconf 90' lang='lat' dir='ltr'><strong>et</strong></span> <span class='ocrx_word' id='word_1_534' title='bbox 2762 3265 3146 3324; x_wconf 86' lang='lat' dir='ltr'><strong>circumscribi</strong></span> <span class='ocrx_word' id='word_1_535' title='bbox 3205 3271 3461 3336; x_wconf 83' lang='lat' dir='ltr'><strong>possunt,</strong></span> <span class='ocrx_word' id='word_1_536' title='bbox 3515 3279 3630 3318; x_wconf 92' lang='lat' dir='ltr'><strong>non</strong></span> 
     </span>
    </p>
   </div>
   <div class='ocr_carea' id='block_1_78' title="bbox 2045 3355 3633 3438">
    <p class='ocr_par' dir='ltr' id='par_1_78' title="bbox 2045 3355 3633 3438">
     <span class='ocr_line' id='line_1_78' title="bbox 2045 3355 3633 3438; baseline -0.011 -14"><span class='ocrx_word' id='word_1_537' title='bbox 2045 3383 2241 3424; x_wconf 90' lang='lat' dir='ltr'><strong>eorum</strong></span> <span class='ocrx_word' id='word_1_538' title='bbox 2299 3383 2421 3438; x_wconf 63' lang='lat' dir='ltr'><strong>quae</strong></span> <span class='ocrx_word' id='word_1_539' title='bbox 2473 3361 2770 3420; x_wconf 83' lang='lat' dir='ltr'><strong>invisibilia</strong></span> <span class='ocrx_word' id='word_1_540' title='bbox 2807 3367 2959 3422; x_wconf 88' lang='lat' dir='ltr'><strong>sunt,</strong></span> <span class='ocrx_word' id='word_1_541' title='bbox 2991 3365 3048 3413; x_wconf 91' lang='lat' dir='ltr'><strong>et</strong></span> <span class='ocrx_word' id='word_1_542' title='bbox 3081 3355 3445 3426; x_wconf 82' lang='lat' dir='ltr'><strong>intelligentia</strong></span> <span class='ocrx_word' id='word_1_543' title='bbox 3479 3369 3633 3408; x_wconf 86' lang='lat' dir='ltr'><strong>com-</strong></span> 
     </span>
    </p>
   </div>
   <div class='ocr_carea' id='block_1_79' title="bbox 2049 3446 3631 3530">
    <p class='ocr_par' dir='ltr' id='par_1_79' title="bbox 2049 3446 3631 3530">
     <span class='ocr_line' id='line_1_79' title="bbox 2049 3446 3631 3530; baseline -0.008 -15"><span class='ocrx_word' id='word_1_544' title='bbox 2049 3459 2317 3530; x_wconf 83' lang='lat' dir='ltr'><strong>prehendi</strong></span> <span class='ocrx_word' id='word_1_545' title='bbox 2374 3464 2683 3527; x_wconf 89' lang='lat' dir='ltr'><strong>nequeunt.</strong></span> <span class='ocrx_word' id='word_1_546' title='bbox 2737 3451 3008 3523; x_wconf 84' lang='lat' dir='ltr'><strong>Imagines</strong></span> <span class='ocrx_word' id='word_1_547' title='bbox 3031 3463 3220 3505; x_wconf 86' lang='lat' dir='ltr'><strong>sacras</strong></span> <span class='ocrx_word' id='word_1_548' title='bbox 3245 3453 3522 3503; x_wconf 87' lang='lat' dir='ltr'><strong>honorant</strong></span> <span class='ocrx_word' id='word_1_549' title='bbox 3548 3446 3631 3502; x_wconf 88' lang='lat' dir='ltr'><strong>illi</strong></span> 
     </span>
    </p>
   </div>
   <div class='ocr_carea' id='block_1_80' title="bbox 2050 3545 3634 3628">
    <p class='ocr_par' dir='ltr' id='par_1_80' title="bbox 2050 3545 3634 3628">
     <span class='ocr_line' id='line_1_80' title="bbox 2050 3545 3634 3628; baseline -0.01 -16"><span class='ocrx_word' id='word_1_550' title='bbox 2050 3558 2301 3628; x_wconf 89' lang='lat' dir='ltr'><strong>quidem,</strong></span> <span class='ocrx_word' id='word_1_551' title='bbox 2348 3553 2446 3610; x_wconf 88' lang='lat' dir='ltr'><strong>sed</strong></span> <span class='ocrx_word' id='word_1_552' title='bbox 2475 3569 2585 3608; x_wconf 93' lang='lat' dir='ltr'><strong>non</strong></span> <span class='ocrx_word' id='word_1_553' title='bbox 2603 3551 2950 3606; x_wconf 86' lang='lat' dir='ltr'><strong>osculantur.</strong></span> <span class='ocrx_word' id='word_1_554' title='bbox 2989 3547 3068 3603; x_wconf 86' lang='lat' dir='ltr'><strong>Ac</strong></span> <span class='ocrx_word' id='word_1_555' title='bbox 3089 3545 3263 3616; x_wconf 84' lang='lat' dir='ltr'><strong>digito</strong></span> <span class='ocrx_word' id='word_1_556' title='bbox 3294 3553 3505 3599; x_wconf 86' lang='lat' dir='ltr'><strong>tantum</strong></span> <span class='ocrx_word' id='word_1_557' title='bbox 3537 3556 3634 3620; x_wconf 88' lang='lat' dir='ltr'><strong>eas</strong></span> 
     </span>
    </p>
   </div>
   <div class='ocr_carea' id='block_1_81' title="bbox 2048 3634 3630 3716">
    <p class='ocr_par' dir='ltr' id='par_1_81' title="bbox 2048 3634 3630 3716">
     <span class='ocr_line' id='line_1_81' title="bbox 2048 3634 3630 3716; baseline -0.011 -13"><span class='ocrx_word' id='word_1_558' title='bbox 2048 3649 2452 3716; x_wconf 82' lang='lat' dir='ltr'><strong>contingentes,</strong></span> <span class='ocrx_word' id='word_1_559' title='bbox 2477 3643 2609 3698; x_wconf 87' lang='lat' dir='ltr'><strong>huic</strong></span> <span class='ocrx_word' id='word_1_560' title='bbox 2649 3640 2902 3697; x_wconf 88' lang='lat' dir='ltr'><strong>osculum</strong></span> <span class='ocrx_word' id='word_1_561' title='bbox 2946 3637 3138 3708; x_wconf 84' lang='lat' dir='ltr'><strong>ﬁgunt.</strong></span> <span class='ocrx_word' id='word_1_562' title='bbox 3167 3634 3630 3692; x_wconf 89' lang='lat' dir='ltr'><strong>Communionem</strong></span> 
     </span>
    </p>
   </div>
   <div class='ocr_carea' id='block_1_82' title="bbox 2051 3725 3633 3794">
    <p class='ocr_par' dir='ltr' id='par_1_82' title="bbox 2051 3725 3633 3794">
     <span class='ocr_line' id='line_1_82' title="bbox 2051 3725 3633 3794; baseline -0.011 0"><span class='ocrx_word' id='word_1_563' title='bbox 2051 3749 2293 3794; x_wconf 91' lang='lat' dir='ltr'><strong>nostram</strong></span> <span class='ocrx_word' id='word_1_564' title='bbox 2342 3735 2482 3791; x_wconf 88' lang='lat' dir='ltr'><strong>nihil</strong></span> <span class='ocrx_word' id='word_1_565' title='bbox 2534 3749 2659 3789; x_wconf 81' lang='lat' dir='ltr'><strong>esse</strong></span> <span class='ocrx_word' id='word_1_566' title='bbox 2717 3733 2934 3787; x_wconf 91' lang='lat' dir='ltr'><strong>dicunt.</strong></span> <span class='ocrx_word' id='word_1_567' title='bbox 3007 3729 3078 3784; x_wconf 89' lang='lat' dir='ltr'><strong>Et</strong></span> <span class='ocrx_word' id='word_1_568' title='bbox 3140 3727 3482 3782; x_wconf 89' lang='lat' dir='ltr'><strong>oblationem</strong></span> <span class='ocrx_word' id='word_1_569' title='bbox 3507 3725 3633 3778; x_wconf 88' lang='lat' dir='ltr'><strong>oleo</strong></span> 
     </span>
    </p>
   </div>
   <div class='ocr_carea' id='block_1_83' title="bbox 2042 3817 3634 3901">
    <p class='ocr_par' dir='ltr' id='par_1_83' title="bbox 2042 3817 3634 3901">
     <span class='ocr_line' id='line_1_83' title="bbox 2042 3817 3634 3901; baseline -0.011 -14"><span class='ocrx_word' id='word_1_570' title='bbox 2042 3832 2325 3901; x_wconf 87' lang='lat' dir='ltr'><strong>subigunt,</strong></span> <span class='ocrx_word' id='word_1_571' title='bbox 2355 3835 2410 3882; x_wconf 92' lang='lat' dir='ltr'><strong>et</strong></span> <span class='ocrx_word' id='word_1_572' title='bbox 2436 3835 2672 3894; x_wconf 87' lang='lat' dir='ltr'><strong>ungunt.</strong></span> <span class='ocrx_word' id='word_1_573' title='bbox 2707 3824 2979 3880; x_wconf 89' lang='lat' dir='ltr'><strong>Dicuntur</strong></span> <span class='ocrx_word' id='word_1_574' title='bbox 3029 3834 3160 3876; x_wconf 91' lang='lat' dir='ltr'><strong>vero</strong></span> <span class='ocrx_word' id='word_1_575' title='bbox 3195 3817 3634 3875; x_wconf 90' lang='lat' dir='ltr'><strong>constitutiones</strong></span> 
     </span>
    </p>
   </div>
   <div class='ocr_carea' id='block_1_84' title="bbox 2045 3911 3634 3980">
    <p class='ocr_par' dir='ltr' id='par_1_84' title="bbox 2045 3911 3634 3980">
     <span class='ocr_line' id='line_1_84' title="bbox 2045 3911 3634 3980; baseline -0.011 -1"><span class='ocrx_word' id='word_1_576' title='bbox 2045 3925 2245 3979; x_wconf 89' lang='lat' dir='ltr'><strong>habere</strong></span> <span class='ocrx_word' id='word_1_577' title='bbox 2281 3919 2638 3975; x_wconf 76' lang='lat' dir='ltr'><strong>multifariam</strong></span> <span class='ocrx_word' id='word_1_578' title='bbox 2683 3917 3002 3972; x_wconf 90' lang='lat' dir='ltr'><strong>divinorum</strong></span> <span class='ocrx_word' id='word_1_579' title='bbox 3055 3911 3387 3976; x_wconf 79' lang='lat' dir='ltr'><strong>omciorum,</strong></span> <span class='ocrx_word' id='word_1_580' title='bbox 3433 3921 3634 3980; x_wconf 68' lang='lat' dir='ltr'><strong>praeter</strong></span> 
     </span>
    </p>
   </div>
   <div class='ocr_carea' id='block_1_85' title="bbox 2045 3993 3634 4072">
    <p class='ocr_par' dir='ltr' id='par_1_85' title="bbox 2045 3993 3634 4072">
     <span class='ocr_line' id='line_1_85' title="bbox 2045 3993 3634 4072; baseline -0.01 -2"><span class='ocrx_word' id='word_1_581' title='bbox 2045 4015 2300 4071; x_wconf 77' lang='lat' dir='ltr'><strong>Ecclesiae</strong></span> <span class='ocrx_word' id='word_1_582' title='bbox 2332 4011 2687 4067; x_wconf 85' lang='lat' dir='ltr'><strong>traditionem</strong></span> <span class='ocrx_word' id='word_1_583' title='bbox 2743 4018 2802 4065; x_wconf 91' lang='lat' dir='ltr'><strong>et</strong></span> <span class='ocrx_word' id='word_1_584' title='bbox 2841 3993 3331 4063; x_wconf 84' lang='lat' dir='ltr'><strong>consuetudinem.</strong></span> <span class='ocrx_word' id='word_1_585' title='bbox 3362 4002 3545 4072; x_wconf 76' lang='lat' dir='ltr'><strong>Atque</strong></span> <span class='ocrx_word' id='word_1_586' title='bbox 3573 4010 3634 4055; x_wconf 85' lang='lat' dir='ltr'><strong>ut</strong></span> 
     </span>
    </p>
   </div>
   <div class='ocr_carea' id='block_1_86' title="bbox 2046 4093 3635 4174">
    <p class='ocr_par' dir='ltr' id='par_1_86' title="bbox 2046 4093 3635 4174">
     <span class='ocr_line' id='line_1_86' title="bbox 2046 4093 3635 4174; baseline -0.009 -15"><span class='ocrx_word' id='word_1_587' title='bbox 2046 4104 2456 4174; x_wconf 83' lang='lat' dir='ltr'><strong>Monophysitas</strong></span> <span class='ocrx_word' id='word_1_588' title='bbox 2505 4115 2565 4155; x_wconf 91' lang='lat' dir='ltr'><strong>se</strong></span> <span class='ocrx_word' id='word_1_589' title='bbox 2620 4115 2742 4154; x_wconf 91' lang='lat' dir='ltr'><strong>esse</strong></span> <span class='ocrx_word' id='word_1_590' title='bbox 2793 4098 2926 4152; x_wconf 90' lang='lat' dir='ltr'><strong>satis</strong></span> <span class='ocrx_word' id='word_1_591' title='bbox 2959 4094 3278 4158; x_wconf 88' lang='lat' dir='ltr'><strong>ostendant,</strong></span> <span class='ocrx_word' id='word_1_592' title='bbox 3311 4093 3488 4162; x_wconf 88' lang='lat' dir='ltr'><strong>digito</strong></span> <span class='ocrx_word' id='word_1_593' title='bbox 3523 4107 3635 4146; x_wconf 91' lang='lat' dir='ltr'><strong>uno</strong></span> 
     </span>
    </p>
   </div>
   <div class='ocr_carea' id='block_1_87' title="bbox 2045 4185 3631 4260">
    <p class='ocr_par' dir='ltr' id='par_1_87' title="bbox 2045 4185 3631 4260">
     <span class='ocr_line' id='line_1_87' title="bbox 2045 4185 3631 4260; baseline -0.011 -8"><span class='ocrx_word' id='word_1_594' title='bbox 2045 4213 2076 4252; x_wconf 88' lang='lat' dir='ltr'><strong>a</strong></span> <span class='ocrx_word' id='word_1_595' title='bbox 2142 4199 2276 4253; x_wconf 64' lang='lat' dir='ltr'><strong>laeva</strong></span> <span class='ocrx_word' id='word_1_596' title='bbox 2307 4196 2555 4251; x_wconf 78' lang='lat' dir='ltr'><strong>dextram</strong></span> <span class='ocrx_word' id='word_1_597' title='bbox 2598 4207 2789 4248; x_wconf 89' lang='lat' dir='ltr'><strong>versus</strong></span> <span class='ocrx_word' id='word_1_598' title='bbox 2820 4190 3031 4260; x_wconf 85' lang='lat' dir='ltr'><strong>seipsos</strong></span> <span class='ocrx_word' id='word_1_599' title='bbox 3065 4201 3232 4242; x_wconf 88' lang='lat' dir='ltr'><strong>cruce</strong></span> <span class='ocrx_word' id='word_1_600' title='bbox 3271 4185 3631 4252; x_wconf 82' lang='lat' dir='ltr'><strong>consignant.</strong></span> 
     </span>
    </p>
   </div>
   <div class='ocr_carea' id='block_1_88' title="bbox 2049 4273 3635 4352">
    <p class='ocr_par' dir='ltr' id='par_1_88' title="bbox 2049 4273 3635 4352">
     <span class='ocr_line' id='line_1_88' title="bbox 2049 4273 3635 4352; baseline -0.011 -7"><span class='ocrx_word' id='word_1_601' title='bbox 2049 4291 2113 4345; x_wconf 84' lang='lat' dir='ltr'><strong>Et</strong></span> <span class='ocrx_word' id='word_1_602' title='bbox 2166 4304 2390 4347; x_wconf 90' lang='lat' dir='ltr'><strong>crucem</strong></span> <span class='ocrx_word' id='word_1_603' title='bbox 2441 4295 2687 4342; x_wconf 90' lang='lat' dir='ltr'><strong>sanctam</strong></span> <span class='ocrx_word' id='word_1_604' title='bbox 2760 4298 2958 4352; x_wconf 84' lang='lat' dir='ltr'><strong>magno</strong></span> <span class='ocrx_word' id='word_1_605' title='bbox 3013 4281 3345 4335; x_wconf 84' lang='lat' dir='ltr'><strong>Parasceves</strong></span> <span class='ocrx_word' id='word_1_606' title='bbox 3392 4275 3484 4329; x_wconf 90' lang='lat' dir='ltr'><strong>die</strong></span> <span class='ocrx_word' id='word_1_607' title='bbox 3527 4273 3635 4329; x_wconf 84' lang='lat' dir='ltr'><strong>sub</strong></span> 
     </span>
    </p>
   </div>
   <div class='ocr_carea' id='block_1_89' title="bbox 2054 4367 3638 4446">
    <p class='ocr_par' dir='ltr' id='par_1_89' title="bbox 2054 4367 3638 4446">
     <span class='ocr_line' id='line_1_89' title="bbox 2054 4367 3638 4446; baseline -0.013 -8"><span class='ocrx_word' id='word_1_608' title='bbox 2054 4393 2201 4438; x_wconf 86' lang='lat' dir='ltr'><strong>terra</strong></span> <span class='ocrx_word' id='word_1_609' title='bbox 2244 4380 2618 4445; x_wconf 85' lang='lat' dir='ltr'><strong>abscondunt,</strong></span> <span class='ocrx_word' id='word_1_610' title='bbox 2658 4391 2834 4446; x_wconf 90' lang='lat' dir='ltr'><strong>usque</strong></span> <span class='ocrx_word' id='word_1_611' title='bbox 2895 4373 2965 4428; x_wconf 90' lang='lat' dir='ltr'><strong>ad</strong></span> <span class='ocrx_word' id='word_1_612' title='bbox 2995 4384 3256 4442; x_wconf 87' lang='lat' dir='ltr'><strong>magnum</strong></span> <span class='ocrx_word' id='word_1_613' title='bbox 3291 4367 3638 4424; x_wconf 85' lang='lat' dir='ltr'><strong>Dontinicum</strong></span> 
     </span>
    </p>
   </div>
   <div class='ocr_carea' id='block_1_90' title="bbox 376 4467 3639 4551">
    <p class='ocr_par' dir='ltr' id='par_1_90' title="bbox 376 4467 3639 4551">
     <span class='ocr_line' id='line_1_90' title="bbox 376 4467 3639 4551; baseline -0.006 -18"><span class='ocrx_word' id='word_1_614' title='bbox 376 4479 540 4536; x_wconf 88' lang='lat' dir='ltr'><strong>diem.</strong></span> <span class='ocrx_word' id='word_1_615' title='bbox 572 4479 712 4535; x_wconf 91' lang='lat' dir='ltr'><strong>Tum</strong></span> <span class='ocrx_word' id='word_1_616' title='bbox 743 4495 874 4535; x_wconf 89' lang='lat' dir='ltr'><strong>vero</strong></span> <span class='ocrx_word' id='word_1_617' title='bbox 903 4497 1027 4536; x_wconf 92' lang='lat' dir='ltr'><strong>cum</strong></span> <span class='ocrx_word' id='word_1_618' title='bbox 1075 4481 1284 4534; x_wconf 89' lang='lat' dir='ltr'><strong>lumine</strong></span> <span class='ocrx_word' id='word_1_619' title='bbox 1325 4496 1421 4551; x_wconf 87' lang='lat' dir='ltr'><strong>per</strong></span> <span class='ocrx_word' id='word_1_620' title='bbox 1449 4479 1656 4550; x_wconf 88' lang='lat' dir='ltr'><strong>plateas</strong></span> <span class='ocrx_word' id='word_1_621' title='bbox 1725 4488 1782 4535; x_wconf 89' lang='lat' dir='ltr'><strong>et</strong></span> <span class='ocrx_word' id='word_1_622' title='bbox 1847 4480 2074 4550; x_wconf 86' lang='lat' dir='ltr'><strong>angulos</strong></span> <span class='ocrx_word' id='word_1_623' title='bbox 2121 4481 2558 4541; x_wconf 87' lang='lat' dir='ltr'><strong>circumeuntes,</strong></span> <span class='ocrx_word' id='word_1_624' title='bbox 2622 4475 2752 4528; x_wconf 90' lang='lat' dir='ltr'><strong>hinc</strong></span> <span class='ocrx_word' id='word_1_625' title='bbox 2809 4481 2866 4526; x_wconf 91' lang='lat' dir='ltr'><strong>et</strong></span> <span class='ocrx_word' id='word_1_626' title='bbox 2936 4467 3063 4523; x_wconf 90' lang='lat' dir='ltr'><strong>inde</strong></span> <span class='ocrx_word' id='word_1_627' title='bbox 3098 4481 3220 4520; x_wconf 88' lang='lat' dir='ltr'><strong>eam</strong></span> <span class='ocrx_word' id='word_1_628' title='bbox 3261 4471 3538 4535; x_wconf 64' lang='lat' dir='ltr'><strong>quaerunt,</strong></span> <span class='ocrx_word' id='word_1_629' title='bbox 3583 4471 3639 4516; x_wconf 82' lang='lat' dir='ltr'><strong>ct</strong></span> 
     </span>
    </p>
   </div>
   <div class='ocr_carea' id='block_1_91' title="bbox 372 4562 3639 4648">
    <p class='ocr_par' dir='ltr' id='par_1_91' title="bbox 372 4562 3639 4648">
     <span class='ocr_line' id='line_1_91' title="bbox 372 4562 3639 4648; baseline -0.006 -15"><span class='ocrx_word' id='word_1_630' title='bbox 372 4582 654 4634; x_wconf 86' lang='lat' dir='ltr'><strong>inventam</strong></span> <span class='ocrx_word' id='word_1_631' title='bbox 702 4577 1010 4647; x_wconf 82' lang='lat' dir='ltr'><strong>proferunt.</strong></span> <span class='ocrx_word' id='word_1_632' title='bbox 1071 4579 1340 4648; x_wconf 90' lang='lat' dir='ltr'><strong>Tempore</strong></span> <span class='ocrx_word' id='word_1_633' title='bbox 1377 4589 1558 4631; x_wconf 89' lang='lat' dir='ltr'><strong>autem</strong></span> <span class='ocrx_word' id='word_1_634' title='bbox 1609 4567 1941 4647; x_wconf 82' lang='lat' dir='ltr'><strong>precedente</strong></span> <span class='ocrx_word' id='word_1_635' title='bbox 1995 4579 2132 4632; x_wconf 88' lang='lat' dir='ltr'><strong>alias</strong></span> <span class='ocrx_word' id='word_1_636' title='bbox 2197 4576 2363 4631; x_wconf 84' lang='lat' dir='ltr'><strong>etiam</strong></span> <span class='ocrx_word' id='word_1_637' title='bbox 2425 4570 2789 4641; x_wconf 77' lang='grc' dir='ltr'>ἀδιαφορίας,</span> <span class='ocrx_word' id='word_1_638' title='bbox 2849 4568 2953 4622; x_wconf 87' lang='lat' dir='ltr'><strong>hoc</strong></span> <span class='ocrx_word' id='word_1_639' title='bbox 2984 4573 3090 4639; x_wconf 79' lang='lat' dir='ltr'><strong>est,</strong></span> <span class='ocrx_word' id='word_1_640' title='bbox 3117 4562 3259 4616; x_wconf 89' lang='lat' dir='ltr'><strong>ritus</strong></span> <span class='ocrx_word' id='word_1_641' title='bbox 3291 4568 3348 4615; x_wconf 89' lang='lat' dir='ltr'><strong>et</strong></span> <span class='ocrx_word' id='word_1_642' title='bbox 3376 4574 3639 4615; x_wconf 64' lang='lat' dir='ltr'><strong>caeremoo</strong></span> 
     </span>
    </p>
   </div>
   <div class='ocr_carea' id='block_1_92' title="bbox 379 4655 3642 4746">
    <p class='ocr_par' dir='ltr' id='par_1_92' title="bbox 379 4655 3642 4746">
     <span class='ocr_line' id='line_1_92' title="bbox 379 4655 3642 4746; baseline -0.007 -18"><span class='ocrx_word' id='word_1_643' title='bbox 379 4678 515 4737; x_wconf 86' lang='lat' dir='ltr'><strong>nias,</strong></span> <span class='ocrx_word' id='word_1_644' title='bbox 556 4691 679 4746; x_wconf 74' lang='lat' dir='ltr'><strong>quae</strong></span> <span class='ocrx_word' id='word_1_645' title='bbox 739 4676 942 4745; x_wconf 88' lang='lat' dir='ltr'><strong>pietate</strong></span> <span class='ocrx_word' id='word_1_646' title='bbox 991 4677 1139 4730; x_wconf 85' lang='lat' dir='ltr'><strong>salva</strong></span> <span class='ocrx_word' id='word_1_647' title='bbox 1197 4677 1284 4732; x_wconf 85' lang='lat' dir='ltr'><strong>vel</strong></span> <span class='ocrx_word' id='word_1_648' title='bbox 1337 4678 1624 4733; x_wconf 85' lang='lat' dir='ltr'><strong>observari</strong></span> <span class='ocrx_word' id='word_1_649' title='bbox 1687 4678 1774 4732; x_wconf 92' lang='lat' dir='ltr'><strong>vel</strong></span> <span class='ocrx_word' id='word_1_650' title='bbox 1833 4675 2017 4732; x_wconf 90' lang='lat' dir='ltr'><strong>omitti</strong></span> <span class='ocrx_word' id='word_1_651' title='bbox 2061 4683 2316 4745; x_wconf 81' lang='lat' dir='ltr'><strong>possunt,</strong></span> <span class='ocrx_word' id='word_1_652' title='bbox 2375 4670 2648 4742; x_wconf 79' lang='lat' dir='ltr'><strong>complexi</strong></span> <span class='ocrx_word' id='word_1_653' title='bbox 2705 4677 2854 4729; x_wconf 84' lang='lat' dir='ltr'><strong>sunt,</strong></span> <span class='ocrx_word' id='word_1_654' title='bbox 2921 4664 3222 4736; x_wconf 89' lang='lat' dir='ltr'><strong>peculiaria</strong></span> <span class='ocrx_word' id='word_1_655' title='bbox 3245 4658 3450 4733; x_wconf 81' lang='lat' dir='ltr'><strong>jejunia</strong></span> <span class='ocrx_word' id='word_1_656' title='bbox 3482 4655 3642 4710; x_wconf 88' lang='lat' dir='ltr'><strong>insti-</strong></span> 
     </span>
    </p>
   </div>
   <div class='ocr_carea' id='block_1_93' title="bbox 379 4758 3639 4843">
    <p class='ocr_par' dir='ltr' id='par_1_93' title="bbox 379 4758 3639 4843">
     <span class='ocr_line' id='line_1_93' title="bbox 379 4758 3639 4843; baseline -0.006 -22"><span class='ocrx_word' id='word_1_657' title='bbox 379 4778 615 4834; x_wconf 84' lang='lat' dir='ltr'><strong>tuentes,</strong></span> <span class='ocrx_word' id='word_1_658' title='bbox 681 4779 738 4824; x_wconf 91' lang='lat' dir='ltr'><strong>et</strong></span> <span class='ocrx_word' id='word_1_659' title='bbox 789 4769 1044 4825; x_wconf 86' lang='lat' dir='ltr'><strong>Sabbatis</strong></span> <span class='ocrx_word' id='word_1_660' title='bbox 1084 4778 1249 4840; x_wconf 89' lang='lat' dir='ltr'><strong>atque</strong></span> <span class='ocrx_word' id='word_1_661' title='bbox 1324 4771 1520 4826; x_wconf 88' lang='lat' dir='ltr'><strong>diebus</strong></span> <span class='ocrx_word' id='word_1_662' title='bbox 1563 4769 1867 4826; x_wconf 88' lang='lat' dir='ltr'><strong>Dominicis</strong></span> <span class='ocrx_word' id='word_1_663' title='bbox 1938 4784 2145 4843; x_wconf 81' lang='lat' dir='ltr'><strong>magnae</strong></span> <span class='ocrx_word' id='word_1_664' title='bbox 2197 4776 2398 4824; x_wconf 59' lang='lat' dir='ltr'><strong>sancte</strong></span> <span class='ocrx_word' id='word_1_665' title='bbox 2451 4760 2896 4832; x_wconf 76' lang='lat' dir='ltr'><strong>Quadragesima:</strong></span> <span class='ocrx_word' id='word_1_666' title='bbox 2953 4759 3075 4822; x_wconf 91' lang='lat' dir='ltr'><strong>lac,</strong></span> <span class='ocrx_word' id='word_1_667' title='bbox 3141 4767 3360 4810; x_wconf 85' lang='lat' dir='ltr'><strong>caseum</strong></span> <span class='ocrx_word' id='word_1_668' title='bbox 3426 4758 3484 4804; x_wconf 91' lang='lat' dir='ltr'><strong>et</strong></span> <span class='ocrx_word' id='word_1_669' title='bbox 3537 4763 3639 4802; x_wconf 89' lang='lat' dir='ltr'><strong>ova</strong></span> 
     </span>
    </p>
   </div>
   <div class='ocr_carea' id='block_1_94' title="bbox 376 4845 3642 4938">
    <p class='ocr_par' dir='ltr' id='par_1_94' title="bbox 376 4845 3642 4938">
     <span class='ocr_line' id='line_1_94' title="bbox 376 4845 3642 4938; baseline -0.007 -20"><span class='ocrx_word' id='word_1_670' title='bbox 376 4865 752 4930; x_wconf 85' lang='lat' dir='ltr'><strong>comedentes,</strong></span> <span class='ocrx_word' id='word_1_671' title='bbox 810 4877 867 4921; x_wconf 91' lang='lat' dir='ltr'><strong>et</strong></span> <span class='ocrx_word' id='word_1_672' title='bbox 919 4883 1017 4938; x_wconf 86' lang='lat' dir='ltr'><strong>per</strong></span> <span class='ocrx_word' id='word_1_673' title='bbox 1067 4882 1263 4937; x_wconf 91' lang='lat' dir='ltr'><strong>panem</strong></span> <span class='ocrx_word' id='word_1_674' title='bbox 1323 4883 1575 4938; x_wconf 86' lang='lat' dir='ltr'><strong>azymum</strong></span> <span class='ocrx_word' id='word_1_675' title='bbox 1610 4867 1943 4922; x_wconf 76' lang='lat' dir='ltr'><strong>sacrificium</strong></span> <span class='ocrx_word' id='word_1_676' title='bbox 1985 4872 2357 4936; x_wconf 86' lang='lat' dir='ltr'><strong>peragentes:</strong></span> <span class='ocrx_word' id='word_1_677' title='bbox 2428 4869 2596 4932; x_wconf 89' lang='lat' dir='ltr'><strong>atque</strong></span> <span class='ocrx_word' id='word_1_678' title='bbox 2637 4858 2692 4912; x_wconf 91' lang='lat' dir='ltr'><strong>id</strong></span> <span class='ocrx_word' id='word_1_679' title='bbox 2765 4853 2914 4926; x_wconf 91' lang='lat' dir='ltr'><strong>quod</strong></span> <span class='ocrx_word' id='word_1_680' title='bbox 2965 4849 3222 4907; x_wconf 82' lang='lat' dir='ltr'><strong>Arziburi</strong></span> <span class='ocrx_word' id='word_1_681' title='bbox 3257 4847 3460 4903; x_wconf 89' lang='lat' dir='ltr'><strong>dicitur</strong></span> <span class='ocrx_word' id='word_1_682' title='bbox 3494 4845 3642 4917; x_wconf 76' lang='lat' dir='ltr'><strong>jeju-</strong></span> 
     </span>
    </p>
   </div>
   <div class='ocr_carea' id='block_1_95' title="bbox 328 4960 2690 5035">
    <p class='ocr_par' dir='ltr' id='par_1_95' title="bbox 328 4960 2690 5035">
     <span class='ocr_line' id='line_1_95' title="bbox 328 4960 2690 5035; baseline -0.003 -21"><span class='ocrx_word' id='word_1_683' title='bbox 328 4966 334 4972; x_wconf 87' lang='lat'><strong>‘</strong></span> <span class='ocrx_word' id='word_1_684' title='bbox 376 4963 554 5029; x_wconf 89' lang='lat' dir='ltr'><strong>nium,</strong></span> <span class='ocrx_word' id='word_1_685' title='bbox 603 4965 770 5035; x_wconf 89' lang='lat' dir='ltr'><strong>paulo</strong></span> <span class='ocrx_word' id='word_1_686' title='bbox 831 4974 959 5020; x_wconf 89' lang='lat' dir='ltr'><strong>ante</strong></span> <span class='ocrx_word' id='word_1_687' title='bbox 1015 4980 1142 5020; x_wconf 92' lang='lat' dir='ltr'><strong>eum</strong></span> <span class='ocrx_word' id='word_1_688' title='bbox 1189 4965 1357 5028; x_wconf 81' lang='lat' dir='ltr'><strong>diem,</strong></span> <span class='ocrx_word' id='word_1_689' title='bbox 1396 4981 1506 5034; x_wconf 90' lang='lat' dir='ltr'><strong>quo</strong></span> <span class='ocrx_word' id='word_1_690' title='bbox 1533 4963 1784 5020; x_wconf 87' lang='lat' dir='ltr'><strong>carnium</strong></span> <span class='ocrx_word' id='word_1_691' title='bbox 1815 4979 1945 5020; x_wconf 89' lang='lat' dir='ltr'><strong>esus</strong></span> <span class='ocrx_word' id='word_1_692' title='bbox 1979 4960 2352 5025; x_wconf 87' lang='lat' dir='ltr'><strong>interdicitur,</strong></span> <span class='ocrx_word' id='word_1_693' title='bbox 2385 4965 2690 5015; x_wconf 87' lang='lat' dir='ltr'><strong>servantes.</strong></span> 
     </span>
    </p>
   </div>
   <div class='ocr_carea' id='block_1_96' title="bbox 965 5069 1939 5143">
    <p class='ocr_par' dir='ltr' id='par_1_96' title="bbox 965 5083 1371 5140">
     <span class='ocr_line' id='line_1_96' title="bbox 965 5083 1371 5140; baseline 0.002 -1"><span class='ocrx_word' id='word_1_694' title='bbox 965 5084 1216 5139; x_wconf 80' lang='grc' dir='ltr'><strong>ΚΕΦΑΛ.</strong></span> <span class='ocrx_word' id='word_1_695' title='bbox 1244 5083 1371 5140; x_wconf 73' lang='lat' dir='ltr'><strong>NA&#39;.</strong></span> 
     </span>
    </p>
   </div>
   <div class='ocr_carea' id='block_1_97' title="bbox 2042 5069 3073 5143">
    <p class='ocr_par' dir='ltr' id='par_1_97' title="bbox 2649 5069 3073 5130">
     <span class='ocr_line' id='line_1_97' title="bbox 2649 5069 3073 5130; baseline -0.017 -1"><span class='ocrx_word' id='word_1_696' title='bbox 2649 5072 2876 5130; x_wconf 81' lang='lat' dir='ltr'><strong>CAPUT</strong></span> <span class='ocrx_word' id='word_1_697' title='bbox 2940 5069 3073 5126; x_wconf 85' lang='lat' dir='ltr'><strong>LIV.</strong></span> 
     </span>
    </p>
   </div>
   <div class='ocr_carea' id='block_1_98' title="bbox 415 5157 1939 5247">
    <p class='ocr_par' dir='ltr' id='par_1_98' title="bbox 415 5173 1915 5247">
     <span class='ocr_line' id='line_1_98' title="bbox 415 5173 1915 5247; baseline -0.002 -14"><span class='ocrx_word' id='word_1_698' title='bbox 415 5179 551 5247; x_wconf 77' lang='grc' dir='ltr'>Περὶ</span> <span class='ocrx_word' id='word_1_699' title='bbox 597 5177 866 5231; x_wconf 79' lang='grc' dir='ltr'>Ἰακώϐου</span> <span class='ocrx_word' id='word_1_700' title='bbox 893 5176 1000 5231; x_wconf 86' lang='grc' dir='ltr'>τοῦ</span> <span class='ocrx_word' id='word_1_701' title='bbox 1028 5178 1225 5244; x_wconf 84' lang='grc' dir='ltr'>Σύρου</span> <span class='ocrx_word' id='word_1_702' title='bbox 1256 5175 1354 5229; x_wconf 79' lang='grc' dir='ltr'><strong>καί</strong></span> <span class='ocrx_word' id='word_1_703' title='bbox 1387 5175 1507 5229; x_wconf 83' lang='grc' dir='ltr'>τῶν</span> <span class='ocrx_word' id='word_1_704' title='bbox 1545 5173 1915 5230; x_wconf 79' lang='grc' dir='ltr'>Ἰακωϐιτῶν.</span> 
     </span>
    </p>
   </div>
   <div class='ocr_carea' id='block_1_99' title="bbox 2042 5157 3293 5247">
    <p class='ocr_par' dir='ltr' id='par_1_99' title="bbox 2405 5157 3293 5238">
     <span class='ocr_line' id='line_1_99' title="bbox 2405 5157 3293 5238; baseline -0.015 -13"><span class='ocrx_word' id='word_1_705' title='bbox 2405 5171 2480 5225; x_wconf 83' lang='lat' dir='ltr'><strong>De</strong></span> <span class='ocrx_word' id='word_1_706' title='bbox 2507 5169 2705 5225; x_wconf 84' lang='lat' dir='ltr'><strong>Jacobo</strong></span> <span class='ocrx_word' id='word_1_707' title='bbox 2738 5165 2873 5238; x_wconf 86' lang='lat' dir='ltr'><strong>Syro</strong></span> <span class='ocrx_word' id='word_1_708' title='bbox 2893 5207 2908 5230; x_wconf 92' lang='lat'><strong>,</strong></span> <span class='ocrx_word' id='word_1_709' title='bbox 2940 5174 2989 5218; x_wconf 81' lang='lat' dir='ltr'><strong>et</strong></span> <span class='ocrx_word' id='word_1_710' title='bbox 3016 5157 3293 5216; x_wconf 73' lang='lat' dir='ltr'><strong>Jacobitt&#39;s.</strong></span> 
     </span>
    </p>
   </div>
   <div class='ocr_carea' id='block_1_100' title="bbox 2123 5267 3642 5345">
    <p class='ocr_par' dir='ltr' id='par_1_100' title="bbox 2123 5267 3642 5345">
     <span class='ocr_line' id='line_1_100' title="bbox 2123 5267 3642 5345; baseline -0.013 -3"><span class='ocrx_word' id='word_1_711' title='bbox 2123 5287 2354 5342; x_wconf 81' lang='lat' dir='ltr'><strong>Maxime</strong></span> <span class='ocrx_word' id='word_1_712' title='bbox 2377 5297 2561 5339; x_wconf 89' lang='lat' dir='ltr'><strong>autem</strong></span> <span class='ocrx_word' id='word_1_713' title='bbox 2589 5281 2706 5336; x_wconf 61' lang='lat' dir='ltr'><strong>haec</strong></span> <span class='ocrx_word' id='word_1_714' title='bbox 2759 5279 3021 5342; x_wconf 90' lang='lat' dir='ltr'><strong>retinent,</strong></span> <span class='ocrx_word' id='word_1_715' title='bbox 3054 5273 3150 5345; x_wconf 89' lang='lat' dir='ltr'><strong>qui</strong></span> <span class='ocrx_word' id='word_1_716' title='bbox 3177 5271 3322 5342; x_wconf 86' lang='lat' dir='ltr'><strong>apud</strong></span> <span class='ocrx_word' id='word_1_717' title='bbox 3361 5283 3461 5325; x_wconf 86' lang='lat' dir='ltr'><strong>eos</strong></span> <span class='ocrx_word' id='word_1_718' title='bbox 3499 5267 3642 5324; x_wconf 87' lang='lat' dir='ltr'><strong>Cha-</strong></span> 
     </span>
    </p>
   </div>
   <div class='ocr_carea' id='block_1_101' title="bbox 2051 5362 3643 5437">
    <p class='ocr_par' dir='ltr' id='par_1_101' title="bbox 2051 5362 3643 5437">
     <span class='ocr_line' id='line_1_101' title="bbox 2051 5362 3643 5437; baseline -0.014 0"><span class='ocrx_word' id='word_1_719' title='bbox 2051 5382 2276 5437; x_wconf 81' lang='lat' dir='ltr'><strong>zinzarii</strong></span> <span class='ocrx_word' id='word_1_720' title='bbox 2322 5379 2709 5435; x_wconf 87' lang='lat' dir='ltr'><strong>nominantur.</strong></span> <span class='ocrx_word' id='word_1_721' title='bbox 2758 5371 2949 5428; x_wconf 86' lang='lat' dir='ltr'><strong>Factio</strong></span> <span class='ocrx_word' id='word_1_722' title='bbox 3008 5379 3191 5424; x_wconf 86' lang='lat' dir='ltr'><strong>autem</strong></span> <span class='ocrx_word' id='word_1_723' title='bbox 3253 5380 3363 5420; x_wconf 91' lang='lat' dir='ltr'><strong>non</strong></span> <span class='ocrx_word' id='word_1_724' title='bbox 3415 5362 3643 5417; x_wconf 88' lang='lat' dir='ltr'><strong>minima</strong></span> 
     </span>
    </p>
   </div>
   <div class='ocr_carea' id='block_1_102' title="bbox 2054 5463 3638 5547">
    <p class='ocr_par' dir='ltr' id='par_1_102' title="bbox 2054 5463 3638 5547">
     <span class='ocr_line' id='line_1_102' title="bbox 2054 5463 3638 5547; baseline -0.009 -16"><span class='ocrx_word' id='word_1_725' title='bbox 2054 5479 2172 5532; x_wconf 68' lang='lat' dir='ltr'><strong>hrec</strong></span> <span class='ocrx_word' id='word_1_726' title='bbox 2225 5475 2499 5547; x_wconf 88' lang='lat' dir='ltr'><strong>dogmatis</strong></span> <span class='ocrx_word' id='word_1_727' title='bbox 2549 5489 2746 5530; x_wconf 90' lang='lat' dir='ltr'><strong>eorum</strong></span> <span class='ocrx_word' id='word_1_728' title='bbox 2813 5481 2924 5537; x_wconf 90' lang='lat' dir='ltr'><strong>est,</strong></span> <span class='ocrx_word' id='word_1_729' title='bbox 2989 5467 3354 5525; x_wconf 73' lang='lat' dir='ltr'><strong>Staurolatrzc</strong></span> <span class='ocrx_word' id='word_1_730' title='bbox 3404 5463 3638 5519; x_wconf 86' lang='lat' dir='ltr'><strong>scilicet.</strong></span> 
     </span>
    </p>
   </div>
   <div class='ocr_carea' id='block_1_103' title="bbox 2060 5560 3645 5640">
    <p class='ocr_par' dir='ltr' id='par_1_103' title="bbox 2060 5560 3645 5640">
     <span class='ocr_line' id='line_1_103' title="bbox 2060 5560 3645 5640; baseline -0.011 -15"><span class='ocrx_word' id='word_1_731' title='bbox 2060 5571 2278 5626; x_wconf 86' lang='lat' dir='ltr'><strong>Chazus</strong></span> <span class='ocrx_word' id='word_1_732' title='bbox 2333 5584 2574 5640; x_wconf 89' lang='lat' dir='ltr'><strong>namque</strong></span> <span class='ocrx_word' id='word_1_733' title='bbox 2627 5583 2763 5622; x_wconf 77' lang='lat' dir='ltr'><strong>crux</strong></span> <span class='ocrx_word' id='word_1_734' title='bbox 2813 5565 2884 5620; x_wconf 86' lang='lat' dir='ltr'><strong>ab</strong></span> <span class='ocrx_word' id='word_1_735' title='bbox 2937 5562 3018 5619; x_wconf 87' lang='lat' dir='ltr'><strong>eis</strong></span> <span class='ocrx_word' id='word_1_736' title='bbox 3077 5560 3303 5625; x_wconf 90' lang='lat' dir='ltr'><strong>dicitur,</strong></span> <span class='ocrx_word' id='word_1_737' title='bbox 3352 5564 3645 5627; x_wconf 84' lang='lat' dir='ltr'><strong>propterea</strong></span> 
     </span>
    </p>
   </div>
   <div class='ocr_carea' id='block_1_104' title="bbox 447 5289 1951 5363">
    <p class='ocr_par' dir='ltr' id='par_1_104' title="bbox 447 5289 1951 5363">
     <span class='ocr_line' id='line_1_104' title="bbox 447 5289 1951 5363; baseline -0.007 -12"><span class='ocrx_word' id='word_1_738' title='bbox 447 5297 699 5351; x_wconf 80' lang='grc' dir='ltr'>Μάλιστα</span> <span class='ocrx_word' id='word_1_739' title='bbox 729 5296 785 5346; x_wconf 85' lang='grc' dir='ltr'>δὲ</span> <span class='ocrx_word' id='word_1_740' title='bbox 813 5294 986 5348; x_wconf 81' lang='grc' dir='ltr'>ταῦτα</span> <span class='ocrx_word' id='word_1_741' title='bbox 1026 5293 1278 5348; x_wconf 80' lang='grc' dir='ltr'>τελοῦσιν</span> <span class='ocrx_word' id='word_1_742' title='bbox 1322 5295 1374 5346; x_wconf 82' lang='lat' dir='ltr'><strong>oi</strong></span> <span class='ocrx_word' id='word_1_743' title='bbox 1406 5291 1536 5363; x_wconf 89' lang='grc' dir='ltr'>παρ’</span> <span class='ocrx_word' id='word_1_744' title='bbox 1570 5292 1757 5353; x_wconf 72' lang='grc' dir='ltr'>αὐτοῖς</span> <span class='ocrx_word' id='word_1_745' title='bbox 1791 5289 1951 5358; x_wconf 86' lang='grc' dir='ltr'>λεγό-</span> 
     </span>
    </p>
   </div>
   <div class='ocr_carea' id='block_1_105' title="bbox 383 5383 1950 5460">
    <p class='ocr_par' dir='ltr' id='par_1_105' title="bbox 383 5383 1950 5460">
     <span class='ocr_line' id='line_1_105' title="bbox 383 5383 1950 5460; baseline -0.005 -17"><span class='ocrx_word' id='word_1_746' title='bbox 383 5408 532 5456; x_wconf 85' lang='grc' dir='ltr'>μενοι</span> <span class='ocrx_word' id='word_1_747' title='bbox 562 5387 1000 5460; x_wconf 76' lang='grc' dir='ltr'>Χατζιντζάριοιο</span> <span class='ocrx_word' id='word_1_748' title='bbox 1062 5387 1269 5458; x_wconf 87' lang='grc' dir='ltr'>σχίσμα</span> <span class='ocrx_word' id='word_1_749' title='bbox 1324 5387 1424 5440; x_wconf 79' lang='grc' dir='ltr'><strong>οὐκ</strong></span> <span class='ocrx_word' id='word_1_750' title='bbox 1475 5385 1760 5455; x_wconf 82' lang='grc' dir='ltr'>ἐλάχιστον</span> <span class='ocrx_word' id='word_1_751' title='bbox 1799 5383 1950 5446; x_wconf 77' lang='grc' dir='ltr'>ὄντες</span> 
     </span>
    </p>
   </div>
   <div class='ocr_carea' id='block_1_106' title="bbox 381 5477 1950 5552">
    <p class='ocr_par' dir='ltr' id='par_1_106' title="bbox 381 5477 1950 5552">
     <span class='ocr_line' id='line_1_106' title="bbox 381 5477 1950 5552; baseline -0.004 -17"><span class='ocrx_word' id='word_1_752' title='bbox 381 5482 472 5535; x_wconf 78' lang='grc' dir='ltr'>τοῦ</span> <span class='ocrx_word' id='word_1_753' title='bbox 529 5481 661 5552; x_wconf 90' lang='grc' dir='ltr'>παρ’</span> <span class='ocrx_word' id='word_1_754' title='bbox 694 5484 876 5538; x_wconf 78' lang='grc' dir='ltr'>αὐτοῖς</span> <span class='ocrx_word' id='word_1_755' title='bbox 929 5482 1225 5552; x_wconf 87' lang='grc' dir='ltr'>δόγματος,</span> <span class='ocrx_word' id='word_1_756' title='bbox 1269 5481 1436 5534; x_wconf 74' lang='grc' dir='ltr'>οἱονεὶ</span> <span class='ocrx_word' id='word_1_757' title='bbox 1524 5477 1950 5547; x_wconf 76' lang='grc' dir='ltr'>σταυρολάτραιο</span> 
     </span>
    </p>
   </div>
   <div class='ocr_carea' id='block_1_107' title="bbox 380 5573 1949 5646">
    <p class='ocr_par' dir='ltr' id='par_1_107' title="bbox 380 5573 1949 5646">
     <span class='ocr_line' id='line_1_107' title="bbox 380 5573 1949 5646; baseline -0.003 -17"><span class='ocrx_word' id='word_1_758' title='bbox 380 5574 623 5640; x_wconf 76' lang='grc' dir='ltr'>Χάτζους</span> <span class='ocrx_word' id='word_1_759' title='bbox 646 5575 757 5644; x_wconf 76' lang='grc' dir='ltr'><strong>γὰρ</strong></span> <span class='ocrx_word' id='word_1_760' title='bbox 786 5575 814 5628; x_wconf 86' lang='grc' dir='ltr'><strong>ό</strong></span> <span class='ocrx_word' id='word_1_761' title='bbox 844 5575 1078 5644; x_wconf 84' lang='grc' dir='ltr'>σταυρὸς</span> <span class='ocrx_word' id='word_1_762' title='bbox 1107 5573 1242 5646; x_wconf 83' lang='grc' dir='ltr'>παρ’</span> <span class='ocrx_word' id='word_1_763' title='bbox 1264 5576 1470 5639; x_wconf 80' lang='grc' dir='ltr'>αὐτοῖς’</span> <span class='ocrx_word' id='word_1_764' title='bbox 1503 5574 1594 5627; x_wconf 81' lang='grc' dir='ltr'><strong>τὸν</strong></span> <span class='ocrx_word' id='word_1_765' title='bbox 1635 5573 1747 5644; x_wconf 84' lang='grc' dir='ltr'>γὰρ</span> <span class='ocrx_word' id='word_1_766' title='bbox 1783 5589 1949 5626; x_wconf 87' lang='grc' dir='ltr'>σταυ-</span> 
     </span>
    </p>
   </div>
   <div class='ocr_carea' id='block_1_108' title="bbox 2139 5690 3646 5773">
    <p class='ocr_par' dir='ltr' id='par_1_108' title="bbox 2139 5690 3646 5773">
     <span class='ocr_line' id='line_1_108' title="bbox 2139 5690 3646 5773; baseline -0.015 -7"><span class='ocrx_word' id='word_1_767' title='bbox 2139 5705 2214 5766; x_wconf 70' lang='lat'><strong>(9.)</strong></span> <span class='ocrx_word' id='word_1_768' title='bbox 2243 5703 2469 5760; x_wconf 83' lang='lat' dir='ltr'><strong>Clavum</strong></span> <span class='ocrx_word' id='word_1_769' title='bbox 2501 5703 2757 5758; x_wconf 88' lang='lat' dir='ltr'><strong>videlicet</strong></span> <span class='ocrx_word' id='word_1_770' title='bbox 2787 5699 3014 5773; x_wconf 84' lang='lat' dir='ltr'><strong>ﬁgentes</strong></span> <span class='ocrx_word' id='word_1_771' title='bbox 3051 5696 3106 5753; x_wconf 91' lang='lat' dir='ltr'><strong>in</strong></span> <span class='ocrx_word' id='word_1_772' title='bbox 3131 5709 3298 5753; x_wconf 89' lang='lat' dir='ltr'><strong>cruce</strong></span> <span class='ocrx_word' id='word_1_773' title='bbox 3330 5695 3386 5750; x_wconf 93' lang='lat' dir='ltr'><strong>in</strong></span> <span class='ocrx_word' id='word_1_774' title='bbox 3419 5690 3646 5749; x_wconf 89' lang='lat' dir='ltr'><strong>nomine</strong></span> 
     </span>
    </p>
   </div>
   <div class='ocr_carea' id='block_1_109' title="bbox 452 5705 1952 5780">
    <p class='ocr_par' dir='ltr' id='par_1_109' title="bbox 452 5705 1952 5780">
     <span class='ocr_line' id='line_1_109' title="bbox 452 5705 1952 5780; baseline -0.003 -16"><span class='ocrx_word' id='word_1_775' title='bbox 452 5711 526 5780; x_wconf 90' lang='lat' dir='ltr'><strong>(l)</strong></span> <span class='ocrx_word' id='word_1_776' title='bbox 556 5710 672 5765; x_wconf 92' lang='lat' dir='ltr'><strong>lloc</strong></span> <span class='ocrx_word' id='word_1_777' title='bbox 703 5727 769 5765; x_wconf 77' lang='lat' dir='ltr'><strong>ex</strong></span> <span class='ocrx_word' id='word_1_778' title='bbox 803 5712 1118 5766; x_wconf 71' lang='lat' dir='ltr'><strong>Graecorum</strong></span> <span class='ocrx_word' id='word_1_779' title='bbox 1143 5720 1199 5764; x_wconf 86' lang='lat' dir='ltr'><strong>ct</strong></span> <span class='ocrx_word' id='word_1_780' title='bbox 1223 5707 1518 5780; x_wconf 69' lang='lat' dir='ltr'><strong>Orientalis</strong></span> <span class='ocrx_word' id='word_1_781' title='bbox 1555 5707 1814 5780; x_wconf 70' lang='lat' dir='ltr'><strong>Ecclesim</strong></span> <span class='ocrx_word' id='word_1_782' title='bbox 1843 5705 1952 5763; x_wconf 85' lang='lat' dir='ltr'><strong>ritu</strong></span> 
     </span>
    </p>
   </div>
   <div class='ocr_carea' id='block_1_110' title="bbox 2069 5773 2788 5844">
    <p class='ocr_par' dir='ltr' id='par_1_110' title="bbox 2069 5773 2788 5844">
     <span class='ocr_line' id='line_1_110' title="bbox 2069 5773 2788 5844; baseline -0.006 -13"><span class='ocrx_word' id='word_1_783' title='bbox 2069 5778 2127 5831; x_wconf 87' lang='lat' dir='ltr'><strong>S.</strong></span> <span class='ocrx_word' id='word_1_784' title='bbox 2161 5777 2445 5832; x_wconf 75' lang='lat' dir='ltr'><strong>Trinitatis</strong></span> <span class='ocrx_word' id='word_1_785' title='bbox 2498 5773 2788 5844; x_wconf 79' lang='lat' dir='ltr'><strong>baptizata.</strong></span> 
     </span>
    </p>
   </div>
   <div class='ocr_carea' id='block_1_111' title="bbox 382 5777 1956 5846">
    <p class='ocr_par' dir='ltr' id='par_1_111' title="bbox 382 5777 1956 5846">
     <span class='ocr_line' id='line_1_111' title="bbox 382 5777 1956 5846; baseline -0.004 -9"><span class='ocrx_word' id='word_1_786' title='bbox 382 5791 434 5837; x_wconf 84' lang='lat' dir='ltr'><strong>et</strong></span> <span class='ocrx_word' id='word_1_787' title='bbox 459 5777 725 5836; x_wconf 68' lang='lat' dir='ltr'><strong>sententia</strong></span> <span class='ocrx_word' id='word_1_788' title='bbox 759 5783 826 5835; x_wconf 58' lang='lat' dir='ltr'><strong>di.</strong></span> <span class='ocrx_word' id='word_1_789' title='bbox 852 5793 986 5835; x_wconf 89' lang='lat' dir='ltr'><strong>tum.</strong></span> <span class='ocrx_word' id='word_1_790' title='bbox 1038 5781 1176 5846; x_wconf 72' lang='lat' dir='ltr'><strong>Quid</strong></span> <span class='ocrx_word' id='word_1_791' title='bbox 1225 5780 1329 5833; x_wconf 89' lang='lat' dir='ltr'><strong>sibi</strong></span> <span class='ocrx_word' id='word_1_792' title='bbox 1384 5778 1517 5834; x_wconf 78' lang='lat' dir='ltr'><strong>velit</strong></span> <span class='ocrx_word' id='word_1_793' title='bbox 1573 5779 1626 5832; x_wconf 86' lang='lat' dir='ltr'><strong>in</strong></span> <span class='ocrx_word' id='word_1_794' title='bbox 1665 5777 1956 5832; x_wconf 87' lang='lat' dir='ltr'><strong>incruento</strong></span> 
     </span>
    </p>
   </div>
   <div class='ocr_carea' id='block_1_112' title="bbox 384 5851 1321 5922">
    <p class='ocr_par' dir='ltr' id='par_1_112' title="bbox 384 5851 1321 5922">
     <span class='ocr_line' id='line_1_112' title="bbox 384 5851 1321 5922; baseline -0.007 -13"><span class='ocrx_word' id='word_1_795' title='bbox 384 5852 668 5918; x_wconf 63' lang='lat' dir='ltr'><strong>sacrdicio,</strong></span> <span class='ocrx_word' id='word_1_796' title='bbox 704 5855 812 5908; x_wconf 77' lang='lat' dir='ltr'><strong>vini</strong></span> <span class='ocrx_word' id='word_1_797' title='bbox 837 5863 890 5908; x_wconf 93' lang='lat' dir='ltr'><strong>ct</strong></span> <span class='ocrx_word' id='word_1_798' title='bbox 921 5867 1074 5922; x_wconf 73' lang='lat' dir='ltr'><strong>aqua:</strong></span> <span class='ocrx_word' id='word_1_799' title='bbox 1119 5851 1321 5906; x_wconf 66' lang='lat' dir='ltr'><strong>mistio.</strong></span> 
     </span>
    </p>
   </div>
  </div>
