4084 6518
410 394 513 456 M3

1645 393 2059 455 NICEPHOBI
2102 391 2448 451 CALLIS'I‘I

3561 392 3668 456 4M

411 508 558 578 quod
610 522 830 564 crucem
883 515 1097 563 tantum
1150 505 1384 562 adorare
1411 516 1468 562 et
1495 507 1678 563 colere
1711 507 1988 562 dicantur.

2107 504 2190 569 ρδν
2225 504 2407 572 μόνον,
2445 503 2520 566 ὦς
2549 521 2709 572 φασι,
2739 504 2832 557 καὶ
2852 504 3222 570 προσκυνοῦσι
3263 503 3359 558 καὶ
3394 505 3662 563 σέϐονται.

413 601 515 667 Qui
556 615 687 655 sane
746 615 845 669 per
898 599 1085 655 omnia
1148 599 1257 654 illis
1305 599 1738 664 consentientes,
1773 615 1833 654 re
1867 601 1988 668 eju-

412 691 654 746 scemodi
701 693 938 746 maxime
1001 707 1032 746 a
1086 691 1253 746 sectis
1298 691 1518 756 talibus,
1545 702 1598 746 et
1636 690 1902 748 Jacobitis
1933 691 1988 744 in

335 811 340 815 -
413 785 628 854 primis,
665 784 961 840 dissentire
992 785 1270 839 videntur.
1311 784 1454 852 Quin
1483 793 1542 838 et
1568 784 1656 839 isti
1685 800 1790 838 non
1823 799 1988 838 unam

362 861 366 864 ’
415 877 646 933 confuse
705 887 980 939 naturam,
1031 879 1176 932 sicut
1230 879 1331 942 illi,
1377 878 1431 931 in
1460 876 1685 932 Christo
1717 891 1839 932 esse
1871 877 1990 945 opi-

416 975 641 1032 nantur,
691 966 786 1021 sed
840 966 1022 1024 duas:
1057 967 1519 1036 quemadmodum
1578 975 1635 1021 et
1662 981 1785 1020 nos.
1816 965 1990 1020 Caete—

414 1071 537 1110 rum
567 1055 730 1109 aliam
755 1056 1099 1125 peregrinam
1131 1054 1472 1124 impietatem
1513 1069 1798 1123 perperam
1827 1053 1990 1107 indu-

414 1161 570 1207 cunt.
631 1149 762 1217 quia
826 1147 966 1201 duas
1032 1163 1294 1217 personas
1342 1148 1396 1201 in
1458 1162 1569 1202 uno
1610 1146 1836 1202 Christo
1867 1161 1990 1201 esse

411 1233 578 1304 885
634 1234 996 1289 fabulantium
1082 1253 1235 1294 more
1313 1237 1820 1308 nuganturzjuxta
1880 1236 1993 1290 An-

420 1323 843 1393 thropolatram,
896 1325 944 1378 id
1005 1335 1110 1392 est,
1145 1327 1421 1382 hominem
1444 1329 1760 1384 adorantem
1794 1328 1993 1383 Nesto-

415 1415 594 1480 rium;
636 1417 707 1470 ita
741 1429 800 1472 ut
826 1419 1101 1487 passionis
1147 1431 1393 1489 tempore
1443 1418 1670 1476 alteram
1696 1422 1988 1491 personam

415 1503 471 1557 in
499 1520 662 1560 cruce
698 1522 941 1576 passam,
978 1508 1204 1562 alteram
1249 1520 1428 1564 autem
1452 1511 1520 1565 ab
1549 1526 1612 1564 ea
1647 1521 1989 1580 scgregatam

416 1596 647 1648 seorsim
683 1597 925 1661 stetisse,
961 1600 1342 1668 passionisque
1403 1602 1782 1670 spectatricem
1821 1600 1990 1654 fuisse

419 1683 627 1739 dicant.
676 1686 908 1757 Insuper
967 1689 1072 1742 alia
1153 1705 1373 1759 quoque
1443 1692 1661 1760 generis
1717 1693 1987 1761 ejusdem,

419 1777 702 1847 impietate
762 1780 910 1834 omni
969 1783 1170 1835 referta
1245 1784 1612 1838 deblaterant.
1678 1787 1858 1852 Atque
1910 1784 1987 1838 illi

417 1869 638 1938 quidem
701 1887 850 1926 nunc
906 1889 970 1926 cx
1024 1874 1342 1937 traditione,
1415 1892 1537 1945 quae
1591 1875 1805 1929 ratione
1838 1874 1988 1928 nulla
2026 1847 2066 1903 Β

417 1959 635 2027 nititur,
667 1962 782 2016 hac
839 1964 1070 2018 faciunt.
1131 1964 1353 2019 Veteres
1383 1976 1565 2019 autem
1595 1981 1789 2019 eorum
1823 1967 1990 2034 legis-

417 2050 624 2105 latores
671 2062 728 2104 et
770 2054 1046 2118 doctores,
1082 2071 1292 2126 magna:
1323 2059 1597 2111 Armenize
1659 2056 1989 2126 Gregorium

421 2142 573 2197 illum
621 2146 948 2210 antistitem,
1001 2150 1143 2204 ritus
1193 2151 1528 2216 ejuscemodi
1562 2151 1644 2204 eis
1672 2166 1770 2220 per
1799 2166 1993 2204 manus

421 2235 734 2299 tradidisse,
765 2239 1102 2294 calunmiose
1153 2241 1359 2310 jactant
1383 2259 1395 2294 :
1420 2242 1652 2294 maxime
1683 2258 1813 2295 vero
1843 2243 1996 2297 obla-

422 2325 630 2379 tionem
691 2344 962 2399 azymam,
1020 2332 1306 2402 etabsquc
1337 2349 1474 2402 aqua
1504 2335 1783 2402 poculum,
1824 2350 1992 2403 prop—

417 2426 572 2473 terea
635 2421 780 2488 quod
838 2423 893 2474 in
963 2424 1190 2493 mystica
1236 2425 1330 2478 illa
1360 2439 1516 2480 caena
1546 2442 1794 2496 azymum
1829 2427 1993 2479 etiam

422 2511 754 2566 sacriﬁcium
777 2523 834 2567 et
866 2513 1054 2567 vinum
1087 2515 1263 2568 solum
1307 2516 1495 2570 fuerit.
1535 2516 1778 2584 Quarum
1811 2533 1995 2572 rerum

419 2600 624 2655 nullam
675 2605 977 2672 apostolica
1043 2606 1283 2661 Ecclesia
1316 2609 1581 2671 admittit,
1611 2622 1852 2664 veterem
1882 2621 1996 2663 tra-

420 2692 686 2748 ditionem
724 2696 968 2766 legitime
996 2713 1260 2754 servans.
1297 2700 1470 2755 Porro
1502 2702 1569 2754 de
1593 2701 1808 2772 jejunio
1844 2702 1997 2754 Arzi-

419 2784 542 2840 buri
608 2787 953 2860 interrogati,
1011 2793 1345 2863 quandoque
1396 2803 1622 2863 propter
1648 2793 2000 2862 Adamipro-

421 2878 776 2947 scriptionem
833 2896 952 2936 eam
1010 2898 1069 2938 se
1129 2899 1380 2951 servare,
1415 2885 1748 2956 quandoque
1777 2894 2001 2955 propter

423 2969 718 3036 Ninivitas,
783 2971 996 3030 dicunt.
1050 2976 1460 3048 Nonnunquam
1520 2959 1653 3034 vero
1703 2993 1828 3033 eam
1877 2992 2001 3034 esse

423 3062 690 3128 referunt,
721 3082 828 3137 qua
853 3068 984 3124 olim
1008 3069 1327 3126 seArmenii
1358 3088 1386 3126 a
1417 3072 1558 3127 cibis
1581 3073 1998 3138 abstinuerunt,

423 3167 551 3208 cum
600 3156 864 3224 baptizari
897 3175 949 3219 ,a
998 3169 1187 3214 sancto
1225 3162 1493 3231 Gregorio
1517 3162 1849 3233 debuerunt.
1881 3161 1999 3215 Ali-

426 3247 648 3314 quando
707 3250 875 3303 etiam
923 3250 1195 3307 celebrari
1232 3253 1284 3306 id
1313 3260 1592 3318 asserunt,
1629 3260 1856 3322 propter
1882 3253 2010 3307 Ser-

426 3338 576 3405 gium
630 3339 944 3410 quemdam,
1009 3342 1104 3412 qui
1159 3343 1288 3397 olim
1347 3345 1492 3410 apud
1524 3359 1620 3400 eos
1642 3346 1908 3414 martyrio
1936 3346 2010 3401 sit

429 3429 762 3486 defunctus:
795 3448 976 3488 veram
1027 3435 1149 3507 ejus
1200 3435 1466 3508 originem
1516 3445 1571 3493 et
1597 3451 1817 3492 causam
1855 3453 2010 3491 eom-

430 3537 740 3579 memorare
779 3526 1169 3594 detrectantes,
1229 3543 1354 3599 quae
1408 3530 1684 3600 ejusmodi
1739 3539 1845 3585 est.
1879 3529 2012 3584 Ser-

430 3616 554 3681 gius
605 3617 827 3686 quidam
885 3621 1029 3690 apud
1094 3636 1190 3677 eos
1223 3622 1412 3678 doctor
1437 3638 1626 3678 canem
1658 3624 1872 3689 habuit,
1897 3636 2006 3692 quo

433 3708 525 3762 ille
553 3725 580 3761 a
620 3709 866 3766 daemone
895 3713 1121 3784 agitato,
1149 3715 1448 3786 plurimum
1471 3698 1747 3772 adventus
1787 3718 1873 3771 sui
1912 3718 2009 3770 de-

431 3799 709 3870 signatore
765 3812 933 3875 atque
991 3806 1172 3863 indice
1224 3824 1357 3864 usus
1409 3821 1518 3866 est.
1577 3810 1718 3865 Huic
1751 3809 2009 3864 Arziburi

433 3908 635 3948 nomen
686 3894 907 3965 indidit,
959 3899 1105 3970 quod
1138 3899 1528 3956 Armeniorum
1560 3902 1745 3973 lingua
1782 3903 2010 3955 Itial‘ltla-

437 3995 610 4043 torem
642 3990 932 4061 significat.
965 3992 1102 4049 Cum
1128 4009 1260 4065 ergo
1302 3995 1358 4048 in
1413 3995 1634 4066 oppidis
1664 4006 1720 4051 et
1750 3996 1888 4050 vicis
1917 3998 2012 4049 ha-

435 4081 675 4138 bitantes
697 4083 952 4155 discipuli
984 4094 1040 4141 et
1069 4096 1369 4142 sectatores
1417 4089 1538 4159 ejus
1574 4103 1766 4163 canem
1805 4103 2011 4157 praece-

414 4165 658 4236 dentem
723 4176 998 4244 viderent,
1052 4179 1269 4234 obviam
1301 4181 1378 4235 illi
1416 4181 1678 4251 magistro
1704 4196 1805 4236 suo
1835 4183 2008 4242 ibant,

435 4269 804 4338 cumdemque
846 4281 1154 4339 praeeuntes
1211 4272 1610 4341 producebant.
1673 4272 1874 4325 Evenit
1904 4288 2007 4325 au-

438 4369 570 4425 tem,
617 4371 679 4414 ut
742 4375 935 4415 canem
981 4361 1148 4430 lupus
1211 4363 1514 4417 devorarit.
1546 4363 1616 4416 Et
1642 4362 1870 4432 Sergius
1896 4373 2018 4432 post

438 4466 566 4504 eum
622 4451 792 4514 diem,
843 4467 955 4520 quo
1008 4467 1200 4506 canem
1257 4454 1617 4521 praemiserat,
1669 4455 1736 4510 ad
1787 4470 1883 4510 eos
1907 4471 2017 4525 quo

2093 596 2155 648 Οἳ
2181 595 2244 666 δὴ
2279 596 2535 662 καθάπαν
2569 599 2751 658 αὐτοῖς
2784 598 3214 666 συμφερόμενοι,
3281 598 3500 660 τούτοις
3558 600 3663 668 μά-

2091 685 2247 739 λιστα
2269 687 2553 785 διαφέρεὶν
2594 687 2834 751 δοκοῦσι,
2896 688 2991 741 καὶ
3051 687 3254 756 μᾶλλον
3304 689 3667 752 Ἰακωϐίταις.

2092 774 2166 828 Οὐ
2207 777 2317 846 γὰρ
2347 778 2476 846 μίαν
2509 773 2606 829 ἰαὶ
2643 773 2790 832 οὗτοι
2831 779 2996 847 φύσιν
3017 781 3364 849 συγχυτικῶς
3419 781 3494 842 ὡς
3525 783 3669 833 ἐκεῖ·

2093 883 2171 918 νοι
2204 866 2299 920 ἐπὶ
2332 868 2571 936 Χριστοῦ
2600 869 3047 936 δογματίζουσιν,
3093 869 3229 922 ἀλλὰ
3275 869 3387 930 δύο,
3417 869 3670 940 καθάπερ

2094 959 2277 1028 ἡμεῖς.
2309 959 2512 1028 Ἀλλην
2540 961 2596 1011 δὲ
2627 961 2786 1028 ξένην
2819 959 3074 1013 ἀσέϐειαν
3123 963 3541 1029 παρεισάγουσι,
3579 961 3670 1014 δύο

2093 1053 2362 1118 πρόσωπα
2395 1051 2824 1120 μυθολογοῦντες
2856 1053 2947 1104 ἐπὶ
2972 1051 3068 1104 τοῦ
3090 1054 3206 1113 ἐνὸς
3229 1051 3497 1121 Χριστοῦ.
3527 1053 3670 1105 κατὰ

2091 1143 2186 1195 τὸν
2218 1143 2667 1213 ἀνθρωπολάτριν
2729 1145 3045 1215 Νεστόριον·
3102 1145 3178 1208 ὼς
3224 1147 3331 1198 καὶ.⁴
3373 1146 3526 1214 παρά
3576 1147 3669 1198 τὸν

2093 1235 2286 1306 καιρὸν
2313 1235 2405 1289 τοῦ
2437 1236 2646 1298 πάθους
2695 1236 2884 1305 ἕτερον
2939 1238 3230 1306 πρόσωπον
3291 1237 3390 1305 μὲν
3417 1235 3555 1290 εἶναι
3612 1237 3670 1289 τὺ

2094 1328 2304 1396 πάσχον
2329 1328 2421 1380 ἐπὶ
2461 1327 2719 1394 σταυροῦ,
2747 1327 2938 1398 ἕτερον
2990 1329 3048 1382 δὲ
3086 1329 3148 1380 τδ
3196 1327 3396 1393 ἔξωθεν
3440 1345 3673 1397 κεχωρι-

2096 1419 2316 1486 σμένως
2352 1418 2640 1486 ἱστάμενον
2686 1421 2780 1471 καὶ
2829 1418 2893 1470 τὸ
2947 1417 3117 1478 πάθος
3167 1417 3331 1485 ὁρῶν.
3365 1419 3474 1470 Kal
3535 1418 3670 1471 ἀλλα

2092 1509 2324 1562 τοιαῦτα
2353 1508 2581 1578 ληροῦσι
2615 1509 2797 1578 πάσης
2820 1508 3142 1572 δυσσεϐείας
3191 1509 3500 1574 ἀνάμεστα.
3559 1511 3669 1562 Καὶ

2095 1603 2145 1654 οί
2185 1601 2288 1671 μὲν
2321 1600 2417 1654 νῦν
2448 1601 2508 1664 ἐξ
2530 1601 2726 1668 ἀλόγου
2754 1601 3104 1672 παραδόσεως
3136 1603 3202 1654 τὰ
3229 1601 3455 1654 τοιαῦτα
3489 1601 3670 1654 ποιοῦ-

2097 1709 2204 1746 σιν·
2243 1693 2294 1746 οἱ
2321 1693 2379 1746 δὲ
2407 1693 2626 1762 ἀρχαῖοι
2673 1692 2855 1745 αὐτῶν
2883 1692 3174 1762 νομοθέται
3203 1693 3300 1744 καὶ
3347 1693 3659 1760 καθηγηταὶ

2095 1785 2188 1840 τὸν
2219 1785 2320 1853 τῆς
2351 1786 2594 1854 μεγάλης
2623 1783 2913 1854 Ἀρμενίας
2943 1783 3340 1852 συκοφαντοῦσι
3365 1783 3669 1853 Γρηγόριον

2093 1877 2164 1929 τὰ
2187 1876 2414 1930 τοιαῦτα
2457 1875 2897 1942 παραδεδωκέναι
2932 1875 3142 1937 αὐτοῖς·
3175 1874 3273 1928 καὶ
3307 1873 3545 1942 μάλιστα
3567 1872 3670 1941 τὴν

2094 1974 2305 2042 ἄζυμον
2335 1970 2653 2042 προσφορὰν
2699 1971 2795 2023 καὶ
2841 1971 2900 2022 τὸ
2951 1972 3119 2040 χωρὶς
3171 1971 3317 2021 οἴνου
3373 1970 3665 2038 ποτήριον·

2093 2063 2182 2116 διὰ
2222 2062 2283 2116 τὸ
2316 2065 2408 2118 καὶ
2435 2063 2491 2115 ὲν
2518 2061 2610 2132 ,τῷ
2665 2061 2916 2132 μυστικῷ
2946 2062 3151 2131 δείπνῳ
3178 2049 3384 2130 ἄζυμον
3427 2062 3525 2131 τὴν
3579 2060 3673 2112 θυ-

2099 2158 2221 2209 σίαν
2247 2153 2415 2220 εἶναι,
2457 2157 2550 2210 καὶ
2595 2153 2740 2210 οἶνον
2775 2157 3183 2225 μεμονωμένον·
3208 2150 3280 2208 ὧν
3307 2155 3513 2224 οὐδὲνή
3541 2155 3676 2208 ἀπο-

2099 2249 2319 2318 στολικὴ
2365 2248 2666 2319 Ἐκκλησία
2706 2249 3014 2318 προσίεται,
3069 2248 3169 2315 τὴν
3223 2247 3457 2316 ἀρχαίαν
3498 2247 3675 2315 παρά-

2096 2340 2243 2394 δοσιν
2269 2341 2554 2410 ὲνθὲσμως
2604 2340 2974 2409 φυλάττουσα.
3027 2339 3411 2411 Ἐρωτώμενοι
3469 2337 3527 2392 δὲ
3580 2338 3675 2390 καὶ

2100 2433 2228 2498 περὶ
2259 2433 2358 2500 τῆς
2388 2432 2482 2484 τοῦ
2527 2431 2920 2502 Ἀρτζιϐούρου
2951 2433 3232 2500 νηστείας,
3266 2431 3489 2497 λέγουσι
3542 2429 3673 2480 ποτὲ

2102 2520 2201 2589 μὲν
2229 2520 2316 2572 διὰ
2345 2521 2444 2588 τὴν
2487 2521 2658 2589 Ἀδὰμ
2693 2521 2910 2591 ἐξορεαν
2949 2520 3154 2585 ταύτην
3195 2519 3510 2587 νηστεύειν·
3545 2516 3674 2568 ποτὲ

2102 2611 2202 2681 μὲν
2237 2612 2324 2664 διὰ
2357 2613 2486 2674 τοὺς
2511 2610 2799 2673 Νινευῖτας
2840 2611 2992 2679 φασί·
3048 2611 3177 2663 ποτὲ
3223 2611 3280 2662 δὲ
3332 2611 3538 2678 ταύτην
3599 2603 3679 2660 εῖ-

2100 2722 2210 2771 ναι,
2265 2705 2333 2776 ὴν
2365 2705 2532 2758 πάλαι
2560 2707 2682 2759 ποτ’
2721 2707 3057 2772 ἐνήστευσαν
3111 2705 3161 2756 οἱ
3189 2703 3494 2773 Ἀρμένιοι,
3550 2701 3679 2770 μέλ-

2099 2801 2284 2864 λοντες
2309 2801 2416 2854 ὑπὸ
2447 2799 2541 2853 τοῦ
2576 2801 2734 2868 ἀγίου
2785 2800 3092 2870 Γρηγορίου
3151 2796 3535 2868 βαπτίζεσθαι·
3585 2793 3678 2848 ἀλ-

2101 2891 2224 2945 λοτε
2247 2893 2303 2944 δὲ
2336 2893 2425 2946 διά
2451 2909 2572 2944 τινα
2601 2891 2833 2960 Σέργιον
2865 2893 3036 2944 πάλαι
3066 2890 3198 2942 ποτὲ
3224 2891 3282 2942 ὲν
3317 2889 3502 2950 αὐτοῖς
3534 2903 3678 2955 μαρ-

2101 2987 2419 3052 τυρήσαντα
2473 2984 2574 3054 τὴν
2645 2983 2819 3053 ἀληθῆ
2883 2983 3066 3036 αἰτίαν
3121 2981 3490 3042 ἐκκλίνοντες,
3560 2979 3680 3047 ἥτις

2103 3074 2253 3126 ἔστιν
2309 3073 2472 3143 αὕτη.
2510 3074 2739 3145 Σέργιός
2773 3090 2858 3136 τις
2922 3072 3245 3142 καθηγητὴς
3333 3069 3464 3140 παρ’
3495 3071 3677 3130 αὐτοῖς

2029 3187 2077 3251 C
2108 3164 2245 3218 κύνα
2275 3164 2399 3216 τινὰ
2427 3164 2751 3234 ἐπεφέρετο·
2790 3157 2834 3231 ᾦ
2863 3163 2968 3216 ὑπὸ
2995 3163 3250 3234 δαίμονος
3305 3161 3682 3231 ἐνεργουμένῳ

2112 3255 2180 3308 τὰ
2210 3253 2382 3307 πολλὰ
2411 3255 2438 3306 ὁ
2471 3254 2697 3324 Σέργιος
2738 3251 2836 3322 τῆς
2877 3253 3040 3305 αὑτοῦ
3104 3254 3412 3323 παρουσίας
3466 3253 3678 3320 μηνυτῇ
3715 3234 3728 3246 ’

2111 3345 2335 3414 ἐχρῆτο·
2381 3343 2441 3397 ὃν
2492 3343 2959 3414 Ἀρτζιϐούρτζην
2994 3344 3202 3403 ἐκάλει·
3240 3345 3330 3398 τὸν
3379 3343 3684 3414 μανδάτορα

2110 3435 2169 3488 δὲ
2203 3437 2354 3504 παρὰ
2395 3437 2762 3506 ’Δρμενίοιςὴ
2811 3435 2955 3500 λέξις
2984 3436 3157 3505 δηλοῖ.
3197 3435 3472 3505 Ὀπηνίκα
3507 3433 3684 3485 τοίνυν

2111 3530 2163 3582 οἱ
2193 3532 2250 3581 ὲν
2279 3528 2580 3598 πολιχνίοις
2609 3531 2703 3582 καὶ
2734 3528 2952 3599 κώμαις
2976 3528 3256 3591 οἰκοῦντες
3288 3527 3455 3581 αὑτοῦ
3509 3525 3686 3595 μαθη-

2112 3624 2206 3674 ταὶ
2238 3622 2327 3674 τὸν
2361 3621 2502 3674 κύνα
2559 3622 2826 3691 προϊόντα
2878 3621 3088 3692 ἑώρων,
3123 3623 3201 3683 εἰς
3249 3621 3551 3690 ἀπάντησιν
3591 3618 3683 3672 τοῦ

2117 3714 2267 3782 σφῶν
2293 3712 2617 3767 διδασκάλου
2666 3714 2915 3785 ἐξῄεσαν,
2969 3714 3432 3783 προῦπαντῶντες
3483 3711 3682 3765 αὐτόν·

2117 3805 2330 3870 συμϐάν
2358 3805 2415 3858 δὲ
2443 3805 2533 3858 τὸν
2569 3805 2707 3858 κύνα
2739 3804 2889 3873 λύκῳ
2917 3805 3218 3874 βρωθῆναι,
3265 3806 3294 3856 ὁ
3326 3804 3555 3875 Σέργιος
3588 3801 3686 3871 βα-

2114 3899 2268 3961 δίσας
2305 3899 2423 3968 μετ’
2461 3899 2679 3967 ἐκείνην
2722 3899 2821 3968 τὴν
2856 3898 3073 3968 ἡμέραν
3119 3896 3244 3949 καθ’
3282 3896 3347 3967 ἢν
3402 3895 3495 3947 τὸν
3550 3894 3703 3945 κύνα

2117 3977 2446 4061 προῦπεμψε
2511 3991 2648 4060 πρὸς
2725 3994 2818 4055 οὓς
2885 3989 3193 4058 ἀπεστάλη,
3257 3990 3351 4041 καὶ
3384 3987 3458 4058 μὴ
3511 3987 3688 4054 εὑρὼν

2117 4085 2560 4152 ὑπαντήσαντας,
2597 4084 2810 4154 βαρέως
2838 4082 2899 4136 τὸ
2971 4084 3185 4150 συμϐὰν
3225 4083 3478 4153 ἤνεγκεν.
3538 4080 3690 4132 Ἐπεὶ

2116 4178 2161 4231 δ’
2188 4178 2246 4240 ις
2274 4176 2503 4247 ὕστερον
2537 4176 2700 4245 μάθοι
2735 4176 2810 4237 ὡς
2830 4175 3178 4244 λυκόϐρωτος
3214 4177 3242 4228 ό
3266 4176 3414 4226 κύων
3447 4174 3688 4240 ἐγένετο,

2117 4266 2399 4332 διετάξατο
2435 4266 2742 4336 Ἀρμενίοις
2765 4264 2886 4318 καθ’
2914 4265 3147 4318 ἕκαστον
3209 4265 3454 4316 ἐνιαυτὸν
3477 4266 3533 4314 ἐν
3561 4263 3691 4332 ὼρις

2121 4356 2350 4425 σμέναις
2377 4357 2616 4426 ἡμέραις
2650 4356 2933 4425 νηστεύειν
2968 4356 3106 4426 ὑπὲρ
3131 4355 3231 4425 τῆς
3261 4355 3353 4406 τοῦ
3389 4355 3548 4415 κυνὸς
3596 4353 3692 4404 αὑ·-

2121 4447 2217 4500 τιλῦ
2247 4449 2521 4514 τελευτῆς·
2552 4449 2646 4500 καὶ
2681 4449 2977 4518 κατηφιᾷν,
3011 4448 3104 4501 καὶ
3137 4446 3582 4515 σκυθρωπάζειν,
3611 4446 3692 4496 ὅτι

443 4543 534 4594 ille
569 4541 788 4602 ,missus
839 4541 1038 4606 fuerat,
1091 4544 1370 4611 profectus
1420 4554 1523 4610 est,
1581 4555 1638 4600 et
1669 4561 1818 4610 cum,
1844 4547 1936 4616 qui
1964 4546 2005 4601 ei

2123 4540 2180 4592 τὸ
2208 4542 2462 4593 τοσοῦτον
2486 4539 2690 4607 ἀγαθὸν
2720 4541 2784 4593 ὲκ
2845 4541 3013 4609 μέσου
3051 4541 3291 4608 ἐγένετο.
3350 4539 3459 4591 Καὶ
3489 4538 3548 4589 τὸ
3601 4536 3693 4587 τοῦ

444 4633 658 4687 obviam
695 4634 963 4701 prodiret,
1007 4635 1281 4689 inveniret
1309 4639 1607 4702 neminem,
1641 4639 1884 4709 graviter
1901 4655 2018 4695 eam

446 4741 561 4780 rem
625 4726 772 4781 tulit.
799 4727 868 4781 At.
929 4737 1218 4798 postquam
1255 4730 1460 4784 certior
1492 4729 1668 4785 factus
1686 4739 1788 4794 est,
1817 4747 1846 4786 a
1890 4733 2021 4803 lupo

445 4834 636 4874 canem
689 4819 1012 4876 devoratum
1067 4835 1212 4885 esse,
1277 4821 1557 4877 Armeniis
1625 4824 1930 4891 mandavit,
1959 4833 2022 4881 ut

446 4913 762 4980 quotannis,
831 4913 1032 4968 diebus
1103 4915 1280 4980 statis,
1335 4915 1408 4970 ob
1463 4916 1618 4971 canis
1649 4917 1770 4988 ejus
1803 4919 2020 4973 obitum

442 5005 775 5075 jejunareut,
817 5005 1091 5075 lugerent,
1155 5015 1319 5075 atque
1372 5018 1677 5063 mtererent
1711 5025 1724 5063 :
1757 5011 1902 5079 quod
1937 5011 2022 5066 vi-

448 5099 651 5154 delicet
705 5107 912 5152 tantum
979 5098 1183 5153 bonum
1230 5115 1262 5154 e
1321 5101 1506 5155 medio
1549 5102 1825 5157 sublatum
1850 5113 2018 5159 esset.

449 5193 770 5261 Nomenque
828 5191 984 5246 canis
1027 5193 1238 5264 jejunio
1285 5194 1362 5259 ei,
1424 5194 1757 5250 Arziburum
1821 5211 2024 5266 cogno-

451 5287 747 5353 minantes,
799 5284 1202 5353 imposuerunt.
1267 5285 1374 5342 Sed
1428 5289 1700 5343 hactenus
1727 5289 1796 5342 de
1837 5289 2027 5344 Mono-

450 5377 710 5449 physitis,
763 5387 822 5432 et
876 5377 1189 5443 Tritheitis,
1230 5388 1284 5433 et
1345 5381 1630 5450 Agnoetis,
1683 5390 1739 5435 et
1774 5379 2026 5452 Tbeopa-

453 5470 670 5534 schitis,
697 5470 1430 5540 atqueApbthartodocetis,
1451 5472 1519 5527 de
1542 5473 1743 5542 quibus
1772 5478 2028 5542 proximo

453 5563 597 5620 libro
646 5563 824 5619 fusius
869 5564 1216 5633 scripsimus,
1257 5573 1422 5634 atque
1454 5565 1586 5619 item
1620 5568 1688 5619 de
1721 5565 2025 5634 Jacobitis,

456 5655 754 5720 Armeniis,
815 5667 870 5710 et
925 5654 1285 5720 Cltazizariis,
1313 5664 1368 5709 et
1398 5655 1546 5720 aliis,
1588 5657 1758 5726 886
1784 5673 2024 5726 quorum

459 5749 616 5803 multi
661 5749 1041 5818 superioribus
1083 5747 1424 5811 temporibus
1450 5748 1620 5802 duces
1645 5750 1798 5804 fuere
1838 5760 1894 5804 et
1926 5753 2027 5806 do-

461 5849 661 5905 ctores,
716 5839 953 5896 Nestorii
1028 5839 1275 5910 quidam,
1323 5838 1677 5909 Eutycbelcs,
1749 5840 2024 5906 Dioscuri,

2120 4633 2280 4696 κυνὸς
2304 4632 2476 4701 ὄνομα
2508 4634 2575 4702 τῇ
2612 4631 2842 4702 νηστείᾳ
2887 4634 3076 4702 ἐκείνῃ
3132 4631 3416 4694 ἐπέθεντο,
3476 4629 3692 4697 Ἀρτζι-

2122 4723 2394 4792 ϐούρτζην
2441 4723 2942 4792 κατονομάσαντες.
2991 4721 3130 4775 Ἀλλ’
3163 4727 3220 4773 ἐν
3265 4720 3475 4781 τούτοις
3505 4720 3602 4788 μὲν
3627 4720 3692 4770 τὰ

2123 4817 2228 4870 τῶν
2259 4815 2651 4886 Μονορυσιτῶν
2683 4817 2775 4869 καὶ
2802 4815 3101 4886 Τριθεῖτῶν
3137 4815 3233 4869 καὶ
3277 4813 3584 4882 Ἀγνοητῶν
3605 4811 3690 4862 καὶ

2123 4909 2529 4979 Θεοπασχιτῶν,
2555 4909 2652 4961 καὶ
2686 4907 3235 4979 Ἀιρθαρτοδοκητῶν,
3270 4906 3400 4976 περὶ
3452 4899 3527 4957 ὧν
3562 4904 3694 4955 πλα-

2124 5003 2347 5072 τύτερον
2375 5003 2433 5054 ὲν
2459 5004 2525 5071 τῇ
2549 4999 2658 5070 πρὸ
2715 4999 2920 5068 ταύτης
2955 4998 3282 5067 διελάϐομεν
3331 4995 3569 5066 ἱστορίᾳ·
3617 4993 3697 5046 ἑτι

2123 5098 2180 5149 δὲ
2205 5096 2333 5162 περί
2361 5111 2420 5148 τε
2457 5091 2809 5157 Ἰακωϐιτῶν,
2841 5091 3148 5160 Ἀρμενίων
3168 5089 3261 5143 καὶ
3287 5084 3699 5154 Χατζιτζαρίων

2125 5189 2221 5240 καὶ
2252 5186 2480 5255 ἐτέρων·
2514 5179 2588 5236 ὧν
2613 5183 2804 5236 πολλοὶ
2837 5185 2937 5252 μὲν
2963 5183 3204 5252 ἀρχηγοὶ
3252 5183 3347 5234 καὶ
3383 5173 3701 5247 καθηγηταὶ

2126 5279 2506 5344 διαγεγὸνασιν
2529 5276 2762 5330 ἀνωθεν·
2791 5275 3080 5344 Νεστὸριοί
3104 5291 3248 5335 τινες
3294 5273 3390 5324 καὶ
3443 5268 3703 5337 Εὑτυχεῖς

2129 5370 2225 5424 καὶ
2253 5372 2557 5440 Διόσκοροι,
2594 5370 2834 5436 Κναφεῖς
2858 5384 2920 5421 τε
2955 5368 3051 5421 καὶ
3079 5367 3334 5436 Σευῆροι,
3376 5365 3468 5417 καὶ
3514 5360 3704 5416 Θεοδόο

2129 5485 2259 5531 σιοι,
2296 5463 2576 5520 ἰουλιανοί
2606 5481 2667 5517 τε
2710 5465 3168 5534 Ἁλικαρνασσεῖς
3221 5463 3318 5515 καὶ
3347 5459 3552 5524 Γαῖνοὶ,
3607 5456 3705 5508 καὶ

2131 5561 2290 5621 ἄλλος
2318 5558 2559 5619 τοιοῦτος
2585 5557 2744 5626 χορὸς
2765 5554 3068 5624 δυστυχῶν·
3091 5548 3170 5608 ὧν
3192 5551 3476 5606 δυσσεϐῶν
3501 5547 3708 5616 δογμά·

2129 5670 2237 5706 των
2267 5653 2358 5704 καὶ
2391 5648 2730 5717 σπουδαστὴς
2778 5651 2875 5700 καὶ
2925 5647 3224 5716 έςρευρετὴς
3277 5645 3305 5696 ὁ
3366 5638 3709 5712 προρρηθεὶς

2142 5743 2398 5806 Ἰάκωϐος
2430 5744 2675 5810 γέγονεν.
2704 5740 2797 5804 Ἐξ
2825 5731 2885 5791 οὗ
2916 5744 3008 5792 καὶ
3031 5739 3347 5792 ’ίακωϐἰται
3376 5735 3435 5788 τὸ
3459 5735 3709 5786 πλεῖστον

2133 5839 2322 5906 Σύρων
2347 5835 2498 5897 ἔθνος
2536 5832 2663 5902 ἄχρι
2704 5833 2799 5886 καὶ
2852 5835 2920 5901 ἐς
2961 5832 3123 5903 δεῦρο
3175 5825 3706 5898 κατωνομάσοησαν.
