4084 6482
327 382 419 445 H5

1256 394 1858 460 ECCLESIAS’I‘IC/E
1900 399 2290 462 HISTORIE
2330 401 2478 462 LIB.
2517 402 2744 464 XVIII.

3502 398 3609 460 H6

334 498 406 553 tt’.
439 505 536 568 τῆς
579 513 738 560 νόσου
767 505 1072 576 ἐπιμᾶλλον
1114 508 1346 580 μετέσχε
1370 512 1467 564 καὶ
1490 511 1716 583 Σέργιος
1745 515 1774 566 ὁ
1802 513 1910 582 πρὸ

2037 514 2284 585 Inaphei,
2319 515 2533 581 Severi,
2560 514 2883 580 Theodosii,
2926 512 3142 571 Iuliani
3181 511 3610 576 llalicarnassei,
3669 575 3674 581 _

333 595 566 664 βραχέος
595 600 729 662 τοὺς
757 599 855 668 τῆς
878 601 1299 654 Κωνσταντίνου
1343 604 1499 672 ἁρχιε
1512 605 1769 672 ρατικοὺς
1820 606 1914 671 ἐγ-

333 688 631 757 χειρισἿεὶς
653 690 872 756 οἴακας*
895 691 990 762 ἀφ’
1012 687 1188 763 οὗπερ
1217 695 1252 764 ὴ
1271 692 1380 764 τῶν
1399 694 1791 764 Μονοθελητῶν
1829 696 1914 748 αῖ-

334 796 480 849 ρεσις
511 783 590 840 εἰς
633 783 830 847 πλάτος
873 786 1383 857 πεπαρῤησίασται.
1430 788 1556 847 έΚαὶ
1595 786 1769 840 ταῦτα
1816 788 1918 856 μὲν

331 871 526 934 οὕτως·
568 874 681 942 ἐγὼ
724 875 773 930 δ’
800 877 892 930 ἐπὶ
933 880 997 932 τὸ
1062 880 1285 950 συνεχὲς
1344 880 1460 950 τῆς
1505 879 1751 951 ιστορίας
1811 880 1915 953 ἤδη

334 965 656 1035 πορεύομαι,
693 969 846 1032 τέλος
875 973 968 1025 καὶ
1010 975 1077 1046 τῇ
1113 958 1371 1045 παρούσῃ
1397 990 1491 1044 μοι
1527 979 1598 1043 ιη’
1629 973 1740 1027 τῶν
1765 974 1914 1028 ιστο-

336 1057 469 1126 ριῶν
496 1060 802 1130 ἐπιθήσων.

2018 606 2203 671 Gaini,
2256 618 2313 664 et
2367 608 2512 663 alius
2573 608 2852 679 ejusmodi
2904 607 3213 662 infelicium
3293 605 3609 660 mortalium
3660 603 3672 619 ’

2020 700 2248 756 chorus.
2299 701 2545 768 Quorum
2598 701 2900 771 impiorum
2967 701 3289 771 dogmatum
3373 706 3614 752 sectator

2021 800 2192 861 atque
2255 801 2618 858 restaurator,
2668 809 2834 862 quem
2882 792 3150 857 diximus,
3185 789 3429 844 Jacobns
3464 788 3612 842 fuit:

2023 898 2062 938 a-
2110 899 2223 952 quo
2248 884 2488 939 maxima
2543 900 2612 940 ex
2647 896 2804 954 parte
2833 883 3100 956 Syrorum
3129 897 3265 956 gens
3289 880 3357 934 ad
3395 880 3615 935 hodier—

2022 989 2158 1030 num
2222 991 2401 1046 usque
2457 976 2606 1031 diem
2663 955 2926 1032 Jacobitae
2951 980 3082 1029 sunt
3113 955 3479 1026 deno'ntinati.
3506 968 3613 1024 Sed

2021 1065 2172 1120 cnim
2224 1067 2350 1137 ejus
2403 1066 2585 1122 morbi
2637 1067 2968 1138 contagione
3029 1063 3256 1134 Sergius
3299 1063 3490 1125 etiam,
3516 1059 3612 1128 qui

335 1165 444 1205 non
501 1158 577 1206 ita
639 1152 854 1224 pridem
921 1156 1436 1230 archiepiscopatus
1505 1158 2114 1228 Constantinopolitani
2181 1161 2556 1232 gubernacula
2633 1170 2980 1230 susceperat.
3061 1161 3303 1212 maxime
3379 1153 3616 1208 infectus

333 1257 436 1309 est,
496 1266 594 1318 per
631 1265 796 1320 quem
833 1252 1321 1309 Monothelitarum
1355 1256 1587 1312 haresis
1616 1255 1915 1311 admodum
1955 1268 2042 1312 est
2098 1268 2422 1330 propagata.
2475 1258 2558 1313 De
2611 1258 2700 1313 his
2749 1258 2886 1312 satis

2935 1271 3122 1311 :nam
3194 1253 3262 1309 ad
3325 1251 3618 1307 historiam

335 1343 766 1399 continuandam
827 1333 1108 1413 revertor,
1171 1348 1337 1403 ﬁnem
1412 1363 1664 1421 quoque_
1706 1349 1923 1404 decimo
1962 1362 2162 1407 octavo
2186 1352 2276 1408 hic
2307 1351 2667 1408 historiarum
2695 1350 2840 1406 libro
2871 1349 3258 1420 impositurus.

904 1457 1162 1512 ΚΕΦΑΛ.
1201 1457 1330 1513 NE'.

410 1549 549 1619 Περὶ
572 1548 682 1618 τῆς
701 1547 980 1621 μυσαρᾶς
1009 1551 1130 1604 τῶν
1174 1549 1489 1620 Ἀρμενίων
1520 1551 1621 1620 αίρ
1635 1550 1846 1618 ἐσεως.

409 1665 563 1718 Ἐπεὶ
605 1665 715 1735 γὰρ
744 1666 994 1739 στερρῶς
1021 1666 1186 1736 δῆθεν
1215 1667 1244 1718 ὁ
1272 1668 1468 1730 Φωκᾶς
1497 1671 1562 1739 τῇ
1610 1669 1755 1739 ἀρχῇ
1787 1670 1926 1736 ἐπη-

2627 1468 2854 1526 CAPUT
2893 1467 3010 1522 LV.

2267 1557 2346 1613 De
2369 1558 2730 1614 abominanda
2756 1559 3132 1614 Armeniorum
3169 1557 3381 1613 haeresi.

2096 1671 2235 1727 Cum
2264 1672 2476 1728 Phocas
2508 1674 2800 1745 imperium
2839 1689 3028 1740 suum,
3061 1672 3278 1729 sicutei
3300 1650 3622 1738 videbatur,

344 1762 558 1832 ρείσθη,
594 1762 690 1833 τὴν
722 1763 822 1834 μέν
854 1763 1140 1833 Θυγατέρα
1170 1765 1507 1833 Δομνεντίαν
1547 1764 1625 1834 τῷ
1686 1782 1923 1834 στρατη-

2037 1765 2430 1830 conﬁrmasset,
2463 1766 2630 1822 ﬁliam
2664 1769 3052 1822 Domnentiam
3091 1766 3280 1821 Prisco
3315 1764 3442 1819 duci
3491 1779 3579 1817 ma
3601 1797 3616 1806 -

339 1853 478 1924 λάτῃ
517 1854 741 1923 Πρίσκῳ
756 1854 844 1916 εἰς
877 1856 1170 1908 κοινωνίαν
1206 1856 1388 1924 γάμου
1446 1855 1828 1924 συζεύγνυσιν·
1861 1855 1925 1908 ἐκ

340 1961 484 2006 τινος
526 1945 982 2019 δ’ἐπισυμόἀσης
1043 1947 1222 2008 αἰτίας
1288 1949 1346 2000 ἐν
1408 1947 1615 2017 ὑποψία
1671 1947 1816 2016 σχὼν
1868 1949 1926 1999 ἐν

341 2037 574 2106 κινδύνῳ
602 2034 915 2110 εἷναιαὺτῴ
953 2041 1011 2094 τὸ
1061 2038 1356 2112 βιώσιμον,
1420 2043 1600 2110 μισῶν
1673 2058 1734 2093 τε
1784 2042 1925 2111 ὁμοῦ

342 2131 436 2184 τὸν
479 2131 746 2202 τύραννον
791 2133 892 2203 τῆς
933 2132 1243 2204 ὠμότητος,
1291 2134 1471 2186 πάντα
1524 2134 1707 2188 κάλων
1754 2135 1926 2187 ἐκίνει

344 2223 652 2294 παραλῦσαι
687 2226 854 2280 αὑτὸν
882 2225 979 2295 τῆς
1013 2227 1215 2298 ἀρχῆς.
1267 2226 1556 2291 Ἐκτόπως
1607 2226 1664 2279 δὲ
1695 2227 1793 2280 καὶ
1847 2225 1928 2295 τῷ

346 2316 539 2386 πλήθει
577 2317 669 2370 διὰ
706 2317 902 2386 μίσους
924 2319 1227 2392 ἐτύγχανεν
1251 2321 1280 2374 ὁ
1313 2320 1556 2389 κρατῶνο
1601 2319 1699 2374 ἇτε
1723 2320 1787 2390 δὴ
1827 2321 1928 2390 μέ-

343 2410 409 2484 Θῃ
440 2411 584 2474 ἀνεὶς
615 2410 805 2464 ἐαυτὸν
823 2412 916 2466 καὶ
944 2413 1213 2485 ὠμότητι,
1245 2415 1340 2468 καὶ
1379 2412 1696 2484 ἀνθρώπων
1723 2412 1928 2483 αἵμασι

343 2499 546 2570 χαίρων
577 2499 958 2570 διηνεκῶς’ὡς
989 2503 1054 2554 ἐκ
1100 2502 1274 2570 μέσου
1310 2502 1502 2556 Θείναιν
1537 2503 1640 2555 καὶ
1689 2501 1922 2571 σύμπαν

343 2590 748 2660 διανοούμενος,
797 2583 842 2660 ᾧ
895 2593 1180 2659 εὐγενείας
1234 2593 1270 2667 ἢ
1328 2594 1488 2664 δόξης
1533 2593 1565 2665 ἢ
1613 2596 1930 2665 φρονήσεως

343 2683 639 2752 τεκμήριόν
673 2701 726 2736 τι
775 2684 926 2753 ἐνῆν.
954 2684 1183 2755 Ναρσῆν
1204 2685 1261 2738 δὲ
1300 2687 1393 2738 τὸν
1426 2687 1649 2756 ἄριστον
1693 2703 1934 2758 στρατη-

343 2777 439 2846 γὸν
471 2779 564 2832 καὶ
594 2779 932 2848 ὑπέκκαυμα
969 2781 1146 2832 ἐποίει
1177 2780 1376 2848 πυρός.
1428 2778 1534 2832 Καὶ
1586 2779 1766 2832 τοίνυν
1800 2777 1934 2848 Πρί-

347 2875 522 2935 σκοςό
562 2872 828 2944 κηδεστὴς
886 2875 982 2926 καὶ
1017 2873 1146 2925 ὅσοι·
1198 2874 1300 2945 τῆς
1363 2873 1676 2944 συγκλήτου
1732 2871 1933 2942 βουλῆς

347 2965 677 3034 ἐνομίζοντο,
719 2967 777 3029 ἐς
805 2966 972 3019 ταυτὺ
1001 2966 1281 3029 συνιόντες
1323 2967 1383 3019 ἐν
1419 2965 1725 3037 ἀπορρήτῳ
1765 2961 1932 3032 Ἥρα.-

349 3059 513 3129 κλείῳ
537 3059 614 3130 τῷ
648 3061 818 3130 πατρὶ
862 3061 1193 3130 Ἡρακλείου
1226 3060 1322 3113 τοῦ
1363 3062 1504 3130 μετὰ
1536 3058 1737 3112 Φωκᾶν
1775 3073 1934 3128 περι-

2032 1857 2294 1913 trimonio
2345 1858 2550 1931 junxit.
2615 1859 2666 1914 Is
2727 1859 2894 1914 certis
2952 1858 3022 1913 de
3082 1858 3268 1914 causis
3293 1855 3612 1926 suspicione

2029 1958 2299 2018 concepta
2357 1950 2426 2002 de
2474 1951 2588 2004 vita
2639 1965 2700 2004 se
2732 1949 3060 2020 periclitari,
3115 1959 3351 2020 tyranno
3379 1947 3450 2002 ob
3487 1961 3621 2001 cru-

2028 2041 2312 2096 delitatem
2361 2041 2651 2108 infensus,
2707 2058 2928 2098 omnem
2984 2041 3199 2108 funem,
3254 2050 3313 2093 ut
3341 2039 3496 2094 illum
3519 2039 3622 2093 im-
3677 2104 3684 2112 _

2030 2136 2189 2205 perio
2229 2135 2518 2206 dejiceret,
2579 2136 2776 2191 movit.
2826 2137 3021 2191 Mirum
3053 2150 3186 2190 vero
3211 2142 3419 2204 quanto
3450 2131 3618 2188 etiam

2030 2227 2085 2281 in
2119 2228 2270 2283 illum
2331 2229 2462 2284 odio
2495 2231 2797 2284 multitudo
2855 2229 3104 2301 ﬁagrarit
3138 2245 3152 2282 :
3192 2229 3334 2283 adeo
3357 2225 3618 2283 ebrietati

2028 2331 2087 2378 ct
2140 2322 2366 2378 saevitia:
2411 2322 2689 2389 deditum,
2727 2331 2787 2378 ut
2813 2321 2991 2379 eﬂ’uso
3023 2321 3316 2378 hominum
3349 2318 3620 2388 sanguine

2030 2414 2294 2470 continue
2352 2415 2644 2482 gauderet,
2688 2426 2746 2471 et
2793 2415 2987 2471 tollere
3049 2430 3083 2470 e
3115 2413 3299 2469 medio
3325 2427 3522 2467 omnes
3560 2411 3620 2465 in

2032 2510 2220 2563 animo
2267 2507 2533 2573 haberet,
2589 2509 2646 2562 in
2703 2511 2908 2578 quibus
2956 2507 3264 2576 nobilitatis
3313 2504 3624 2584 antgloriae

2032 2613 2130 2658 aut
2191 2591 2507 2673 prudentia:
2553 2601 2822 2659 indicium
2889 2601 3116 2672 aliquod
3157 2602 3380 2655 inesset.
3408 2599 3623 2654 Narsen

2033 2696 2316 2766 equidem,
2377 2696 2578 2752 ducem
2612 2695 2909 2766 optimum,
2949 2693 3063 2764 igni
3088 2692 3423 2764 combussit.
3451 2691 3625 2762 Igitur

2034 2789 2267 2844 Priscus
2289 2803 2462 2859 gener
2496 2787 2640 2857 ejus,
2677 2796 2734 2842 et
2789 2786 3106 2857 quicunque
3128 2782 3393 2840 senatorii
3411 2783 3626 2838 ordinis

2035 2885 2219 2944 erant,
2275 2878 2514 2933 consilio
2569 2877 2730 2940 inito,
2774 2887 2992 2932 secreto
3024 2875 3282 2930 Heraclio
3318 2875 3418 2944 (1),
3456 2874 3629 2929 Ilera-

2036 2969 2127 3024 clii
2164 2970 2257 3040 qui
2302 2982 2426 3039 post
2450 2970 2688 3024 Phocatn
2712 2968 3030 3042 imperavit,
3064 2967 3231 3037 patri,
3269 2968 3322 3021 in
3352 2965 3627 3023 Occiden-

2041 3063 2132 3117 tali
2171 3061 2358 3117 Africa
2397 3072 2454 3117 et
2480 3061 2652 3134 Libya
2684 3077 2811 3116 cum
2859 3061 3204 3115 militaribus
3229 3059 3407 3129 copiis
3435 3057 3630 3113 multis

351 3129 657 3224 ϐαλομένου
719 3155 818 3226 τὴν
869 3155 1193 3226 ἁλουργίδα,
1243 3157 1301 3207 ἐν
1356 3157 1423 3225 τῇ
1482 3154 1624 3224 πρὸς
1689 3153 1933 3222 ἑσπέραν

2039 3155 2444 3226 rempublicam
2495 3129 2909 3208 administranti
2981 3155 3254 3218 scribunt,
3321 3159 3382 3207 ut
3451 3151 3630 3207 modis

297 3253 312 3269 '
361 3248 594 3318 Ἀφρικῇ
625 3247 716 3300 καὶ
749 3247 923 3319 Λιϐύῃ
957 3251 1057 3302 σὺν
1114 3248 1345 3316 δυνάμει
1392 3247 1562 3318 πολλῇ
1621 3246 1690 3300 τὰ
1748 3247 1935 3300 ἐκεῖσε

347 3339 604 3405 διέποντι,
635 3338 940 3409 γράφουσιν
975 3339 1106 3392 ὥστ’
1127 3341 1438 3410 ἐπιχειρεῖν
1492 3338 1676 3392 πάντα
1722 3337 1932 3408 τρόπον

350 3433 448 3504 τῆς
480 3434 699 3488 ἀνοσίου
732 3434 1052 3504 τυραννίδος
1096 3434 1159 3488 τὸ
1193 3433 1509 3503 Ῥωμαῖκδιν
1567 3431 1940 3486 ἀπαλλάττειν

350 3526 536 3593 φῦλον,
577 3527 670 3580 καὶ
705 3525 780 3600 μὴ
806 3525 986 3590 οὕτως
1026 3525 1326 3595 ὀλλύμενον
1357 3525 1571 3596 διορᾷν.
1603 3520 1715 3578 Ἦν
1773 3523 1831 3578 δέ
1861 3523 1941 3597 τῷ

351 3620 625 3689 εἰρημένῳ
662 3617 958 3689 στρατηγῷ
1008 3617 1323 3690 Ἡρακλείῳ
1346 3618 1767 3689 ὑποστράτηγος
1792 3619 1940 3690 Γρη-

357 3711 538 3780 γορᾶς.
592 3710 798 3776 ’Ἄμφω
858 3708 1044 3762 τοίνυν
1115 3707 1570 3778 συμπνεύσαντες
1625 3711 1752 3773 τοὺς
1801 3713 1940 3774 υἱεῖς

353 3805 612 3873 ἑκάτερος
635 3804 730 3856 καὶ
764 3803 903 3874 πεζῇ
930 3804 1158 3873 στρατιᾷ
1185 3804 1276 3854 καὶ
1316 3804 1475 3874 νηΐτῃ
1537 3803 1775 3875 στρατῷ,
1843 3805 1943 3858 σὺν

353 3895 427 3964 τῷ
481 3896 589 3949 ὑπὸ
622 3895 774 3965 σφίσι
808 3896 1044 3966 γενναίῳ
1079 3895 1481 3972 στρατεύματι,
1519 3898 1663 3949 κατὰ
1712 3895 1808 3948 τοῦ
1851 3913 1944 3950 τυ-

355 3987 550 4058 ράννου
584 3987 904 4040 ἀνίσταντο.
945 3984 960 4000 ⁸
980 3985 1023 4041 Ο
1051 3986 1152 4055 μὲν
1182 3980 1276 4039 οὖν
1304 3985 1399 4039 τοῦ
1445 3985 1775 4057 Ἡρακλείου
1813 3988 1944 4050 παῖς

369 4077 688 4149 Ἡράκλειος
717 4077 812 4130 τοῦ
843 4078 985 4131 κατὰ
1016 4078 1301 4132 θάλατταν
1334 4079 1522 4146 ἡγεῖτο
1549 4077 1811 4148 στρατοῦ·
1845 4079 1892 4131 Ν
1901 4076 1966 4131 ι-¹

353 4173 524 4243 κήτας
558 4171 606 4225 δ’
641 4176 666 4226 ὁ
694 4171 788 4225 τοῦ
825 4172 1106 4243 Γρηγορᾶ,
1139 4173 1238 4242 τῆς
1269 4173 1519 4242 πεζικῆς
1549 4172 1751 4244 ἐξῆρχε
1780 4173 1946 4228 δυνά-

357 4284 523 4331 μεως.
569 4265 633 4318 Ὀ
687 4265 786 4332 μὲν
842 4263 935 4318 οὖν
980 4265 1321 4334 Ἡράκλειος
1359 4266 1643 4333 ἐπιφὸρων
1689 4266 1944 4336 πνευμά-

353 4377 460 4412 των
503 4357 686 4430 τυχὼν
711 4398 728 4424 ,
787 4358 1135 4430 διαπλώῖμος
1173 4359 1412 4428 φθάσας,
1455 4359 1532 4430 τῷ
1567 4363 1677 4412 τῶν
1735 4359 1948 4429 Σοφιῶν

2041 3247 2307 3303 omnibus
2363 3247 2631 3318 pepulum
2685 3247 2997 3301 Romanum
3034 3245 3201 3315 Impia
3241 3243 3534 3316 tyrannide
3565 3243 3630 3299 li-

2043 3342 2240 3397 berare
2284 3324 2678 3409 contenderet,
2732 3357 2913 3412 neque
2972 3341 3127 3396 illum
3181 3341 3260 3396 ita
3299 3348 3630 3411 pereuntem

2044 3434 2101 3489 in
2160 3446 2460 3505 conspecm
2526 3449 2630 3490 suo
2688 3433 3341 3506 negligeret.Eratdicto
3372 3431 3636 3488 ducilie-

2043 3527 2219 3582 raclio
2261 3528 2477 3599 legatus
2527 3527 2822 3599 Gregoras.
2859 3528 2927 3582 Hi
2952 3527 3188 3585 consilio
3223 3526 3374 3582 inter
3400 3541 3458 3582 se
3482 3541 3635 3581 com-

2044 3620 2350 3684 municato,
2409 3620 2584 3675 ﬁlium
2650 3629 2888 3690 uterque
2928 3635 3091 3676 suum
3144 3635 3273 3674 cum
3315 3617 3638 3674 fortissimis

2043 3713 2220 3784 copiis
2264 3713 2510 3784 pedestri
2568 3715 2864 3784 navalique
2928 3722 3198 3784 apparatu
3239 3713 3509 3768 adversus
3551 3721 3634 3784 ty-

2046 3823 2282 3861 rannum
2315 3807 2489 3862 misit.
2519 3807 2811 3861 lleraclius
2857 3805 3100 3861 lleractii
3125 3807 3272 3860 ﬁlius
3299 3806 3466 3876 classi
3497 3821 3642 3874 pra:-

2047 3898 2152 3952 fuit
2189 3917 2203 3953 :
2241 3897 2746 3968 NicetasGregoraa
2791 3896 2938 3952 ﬁlius
2970 3897 3140 3968 887
3174 3896 3460 3966 pedestres
3488 3897 3644 3951 ordi-

2046 4004 2149 4044 nes
2201 3987 2381 4042 duxit.
2420 3987 2724 4042 Enimvero
2784 3983 3405 4059 Heraclius,_secundis
3455 3981 3643 4038 ventis

2047 4095 2215 4136 cursu
2267 4078 2543 4142 Confecto,
2615 4079 2671 4132 in
2718 4085 2938 4147 portum
2975 4075 3314 4146 Sophiarutn
3345 4075 3422 4148 (‘2)
3449 4074 3643 4129 illatus

2048 4183 2154 4239 est,
2203 4172 2396 4229 Niceta
2450 4171 2655 4227 deinde
2700 4171 2954 4226 terrestri
3007 4171 3210 4226 itinere
3259 4171 3468 4226 lentius
3511 4170 3646 4224 sub-

2048 4276 2260 4322 secnto.
2298 4267 2477 4337 Atque
2511 4265 2801 4321 Heraclius
2841 4280 2969 4320 cum
3017 4264 3214 4321 Phocas
3239 4265 3417 4334 cepiis
3452 4263 3644 4333 praelio

2050 4360 2374 4426 commisso,
2428 4358 2653 4414 fortiter
2707 4358 2998 4412 victoriam
3031 4372 3100 4412 ex
3129 4372 3198 4412 eo
3219 4356 3418 4428 proelio
3453 4369 3648 4425 repor-

351 4453 530 4522 λιμένι
561 4453 854 4521 κατήγετο,
890 4451 1281 4523 σχολαιότερον
1302 4452 1400 4504 τοῦ
1465 4453 1728 4523 Γρηγορᾶ
1781 4455 1935 4507 ὑστε-

2053 4455 2211 4516 tavit,
2249 4453 2492 4508 maximo
2523 4453 2710 4507 animo
2725 4463 3018 4508 certamen
3054 4451 3107 4505 id
3141 4452 3446 4522 ingressus,
3497 4449 3646 4520 quod

357 4546 647 4613 ρήσαντος.
681 4543 789 4597 Καὶ
810 4543 874 4614 δὴ
913 4544 1097 4614 μάχης
1144 4545 1286 4614 μετᾶ
1317 4545 1428 4598 τῶν
1459 4545 1540 4615 τῷ
1569 4547 1738 4618 Φωκᾷ
1797 4564 1863 4599 συ
1874 4567 1940 4617 μ-

360 4637 680 4706 μαχούντων
715 4637 1214 4707 συγκροτηθείσης,
1252 4641 1604 4710 κατακράτος
1647 4640 1750 4710 τὴν
1780 4641 1941 4710 νίκην

369 4728 690 4796 Ἡράκλειος
743 4729 1152 4799 περιϐάλλεται.
1176 4731 1527 4800 Θυμομαχῶν
1560 4732 1670 4803 γὰρ
1698 4728 1788 4802 ἦν,
1829 4733 1945 4785 δια-

361 4825 558 4885 κούσας
584 4823 661 4886 ὡς
691 4824 725 4894 ἡ
761 4825 980 4892 γαμετὴ
1012 4813 1179 4876 αὑτοῦ
1204 4839 1206 4841 ’
1232 4825 1292 4891 ἐξ
1331 4825 1560 4893 ’Δςρρων
1613 4827 1943 4897 κατάγουσα

365 4920 455 4990 τὴν
489 4917 700 4987 σειρὰν,
758 4916 1110 4990 περιώριστο.
1148 4919 1262 4971 Οὐκ
1294 4905 1552 4992 ἐλάχιστα
1606 4921 1794 4990 μέντοι
1873 4922 1968 4976 καὶ

363 5010 705 5082 διαχειρίζων
751 5011 946 5081 τιμήν.

937 5130 1188 5184 ΚΕΦΑΛ.
1229 5129 1378 5198 Nq'.

365 5221 500 5290 Περὶ
535 5222 640 5278 τοῦ
674 5221 812 5292 παρ’
843 5223 1058 5289 αὐτοῖς
1099 5223 1446 5310 σχίσματος
1488 5219 1611 5275 τῶν
1644 5218 1950 5283 Χατζιτζὶι-

1061 5311 1234 5364 puer.

434 5404 655 5460 Τούτων
676 5403 822 5459 οὕτω
852 5409 1182 5476 γινομένων,
1215 5407 1312 5460 καὶ
1341 5406 1537 5460 πολλοῦ
1569 5406 1815 5476 ταράχου
1849 5406 1951 5478 τὴν

368 5501 525 5555 πόλιν
556 5499 924 5570 διειληφότος,
951 5499 1062 5552 τῶν
1094 5517 1178 5564 τις
1208 5500 1494 5569 ἐπιφανῶν
1523 5503 1618 5555 καὶ
1656 5501 1808 5568 γένει
1831 5499 1952 5553 διὰ-

369 5609 562 5662 σημος,
589 5591 856 5655 Φωτεινὸς
881 5590 1076 5662 ὄνομα,
1103 5593 1269 5665 Φωκᾷ
1322 5594 1389 5648 τὰ
1416 5593 1656 5662 μάλιστα
1682 5593 1954 5664 χαλεπαίο

2048 4548 2373 4614 audivisset,
2441 4563 2671 4602 uxorem
2730 4562 2887 4602 suam
2940 4561 3116 4616 genus
3136 4561 3203 4599 ex
3231 4545 3414 4598 Africa
3442 4541 3650 4597 ducen-

2050 4655 2160 4698 tem
2215 4641 2694 4711 circumscriptam
2749 4655 2895 4695 esse.
2952 4639 3077 4693 Non
3141 4651 3340 4707 parum
3401 4641 3555 4690 certe
3589 4641 3648 4687 et

2051 4733 2286 4802 Crispus
2338 4733 2488 4786 hunc
2529 4732 2763 4802 adjuvit,
2821 4729 3070 4802 praefecti
3129 4729 3457 4800 dignitatem
3499 4725 3649 4781 obti-

2055 4843 2218 4881 IICIIS.

2043 4924 2295 4992 Κρίσπος
2324 4921 2502 4994 τούτῳ
2538 4921 2726 4993 κρύφα
2767 4919 3067 4991 συνήρατο,
3123 4917 3223 4987 τὴν
3258 4914 3354 4969 τοῦ
3398 4915 3645 4985 ἐπάρχου

2645 5126 2876 5184 CAPUT
2920 5125 3060 5182 LVI.

2165 5225 2238 5278 De
2272 5224 2557 5279 srhismate
2601 5220 3085 5277 Cllatzitzariorum
3137 5217 3282 5288 apud
3310 5214 3542 5269 eosdem.

2131 5408 2321 5464 Rebus
2389 5405 2542 5460 hisce
2591 5405 2666 5459 ita
2732 5401 2896 5467 actis,
2936 5399 3425 5469 tumultusingens
3454 5397 3661 5452 urbem

2060 5501 2299 5567 invasit,
2361 5510 2418 5555 et
2479 5515 2544 5553 ex
2579 5495 2892 5552 illustribus
2913 5503 2965 5549 et
2997 5493 3282 5564 praeclaris
3341 5490 3474 5546 viris
3508 5490 3656 5545 Pho-

2064 5597 2213 5651 tinus
2267 5594 2465 5649 Phocze
2498 5607 2665 5663 quam
2704 5591 2940 5645 maxime
2975 5587 3211 5643 infestus
3247 5588 3395 5657 (nam
3423 5599 3659 5638 uxorem.

369 5705 497 5753 νων,
527 5679 587 5738 οὗ
620 5686 723 5757 τὴν
761 5685 1012 5756 γαμετὴν
1041 5686 1322 5752 ἐϐιάσατο,
1369 5689 1468 5740 σὺν
1511 5685 1711 5757 πλήθει
1771 5685 1935 5756 πολλᾷ

2061 5690 2185 5758 ejus
2251 5687 2344 5741 ille
2397 5685 2808 5754 constuprarat)
2867 5696 2995 5736 cum
3052 5676 3416 5734 multitudine
3451 5691 3655 5746 magna

369 5781 436 5834 τὰ
467 5779 714 5850 βασίλεια
765 5778 1104 5850 είσ“ραμὼν,
1148 5779 1244 5832 τοῦ
1283 5780 1480 5851 θρόνου
1533 5784 1626 5836 τὸν
1693 5779 1935 5852 τύραννσε

2063 5781 2410 5852 imperialetn
2471 5779 2678 5849 regiam
2735 5777 3042 5845 ingressus,
3107 5784 3403 5845 tyrannum
3451 5769 3672 5826 thronos

443 5897 519 5969 (ε)
555 5896 636 5950 Al.
677 5891 1056 5952 Ileracleonem
1088 5904 1309 5951 vocant.
2137 5898 2212 5968 (‘2)
2245 5896 2323 5953 Ad
2350 5908 2567 5968 portum
2591 5892 3044 5965 Sopltizchiac.)
