4084 6448
453 332 560 394 447

1693 351 2118 416 NICEPIIORI
2159 358 2248 418 CA
2261 358 2512 420 LLISTI

3617 369 3721 431 £38

454 457 558 499 suo
591 443 852 513 detraxit,
889 450 1055 522 eique
1097 455 1294 512 amicis
1346 459 1731 534 ministrisque
1768 465 1892 535 ejus
1923 466 2023 520 bur

2140 472 2421 543 κατασπᾷ.
2455 472 2518 525 Οί
2543 471 2603 525 δὲ
2637 473 2768 543 περὶ
2807 473 2974 528 αὑτὸν
3011 475 3314 545 δείσαντες,
3347 479 3507 544 ἄλλος
3559 481 3724 536 ἀλλα-

455 545 622 606 atque
674 539 806 596 illuc
844 541 1093 613 dilapsis,
1149 563 1488 620 purpuream
1547 565 1753 612 vestem
1803 557 2033 626 ademit,

453 637 512 681 et
563 630 771 700 pullam
825 632 1037 704 injecit,
1079 653 1145 694 ac
1179 655 1305 698 mox
1341 645 1587 700 vinctum
1614 648 1683 704 ad
1714 649 2031 706 Heraclium

448 718 698 778 adduxit.
752 724 848 781 ille
900 743 1070 798 porro
1128 748 1254 788 cum
1302 737 1648 805 perlibenter
1697 756 1826 796 eum
1871 743 2031 812 vidit,

450 821 568 864 tum
646 815 914 873 conviciis
981 821 1235 890 plurimis
1301 829 1598 898 conjectis,
1675 831 1921 888 calCibus
1978 835 2033 890 ei

447 899 753 963 instillavit.
811 909 878 964 Et
935 914 1123 970 statim
1184 926 1417 988 tyranno
1460 937 1658 979 manus
1725 935 1783 981 et
1849 927 2020 998 pedes

447 999 714 1066 resecari,
764 1001 967 1059 deinde
1027 1008 1366 1076 petulantem
1400 1013 1522 1083 ejus
1554 1015 1828 1074 luxuriant
1857 1022 2027 1078 veluti

447 1086 671 1156 publico
726 1094 1070 1154 monimento
1143 1101 1462 1172 traducens,
1527 1120 1822 1179 propterea
1879 1113 2032 1184 quod

446 1181 777 1255 conjugibus
828 1191 1017 1246 inultis
1065 1195 1175 1249 vim
1239 1197 1534 1266 intulisset,
1584 1181 1915 1271 pudibunda
1938 1220 2033 1260 ex-

445 1271 648 1340 scindi,
730 1288 1121 1352 postremoque
1193 1289 1443 1345 omnium
1525 1303 1693 1363 caput
1754 1298 2034 1367 amputari

440 1362 610 1432 jussit
641 1367 742 1438 (l).
773 1368 988 1439 Corpus
1015 1375 1253 1432 infelicis
1286 1381 1405 1451 ejus
1445 1362 1689 1440 hominis
1737 1385 1792 1441 in
1834 1362 2029 1444 bovem

445 1471 685 1522 .rneum.
739 1463 834 1531 qui
893 1464 1161 1538 Pergamo
1212 1471 1412 1529 allatus
1451 1473 1652 1541 iuerat,
1694 1481 2029 1551 conjectum,

445 1557 613 1619 atque
641 1551 695 1606 in
728 1554 970 1622 cineres,
1003 1576 1105 1630 pro
1133 1578 1200 1617 eo
1241 1577 1406 1636 atque
1432 1583 1531 1638 par
1565 1580 1705 1637 erat,
1745 1574 2030 1631 redactum

444 1653 797 1714 cst:genere
848 1650 969 1720 ejus
1023 1653 1240 1724 reliquo
1299 1676 1405 1713 una
1436 1677 1562 1716 cum
1605 1663 1701 1720 illo
1731 1667 2027 1724 exstincto.

446 1732 548 1789 llic
582 1740 889 1807 tyrannidis
907 1744 1181 1800 malorum
1232 1749 1431 1807 Phocae
1471 1756 1712 1824 pessimo
1769 1758 1894 1815 ﬁnis
1921 1761 2030 1817 iuit

442 1824 538 1887 qui
568 1828 728 1884 annis
754 1839 879 1885 octo
901 1831 1276 1894 Romanorum
1321 1840 1553 1913 imperio
1577 1845 1882 1905 insultavit.
1917 1851 2026 1907 Res
2060 1827 2102 1882 Β

441 1918 833 1978 ecclesiasticae
880 1928 984 1982 sub
1031 1929 1195 2002 hujus
1263 1933 1479 2003 imperii
1535 1937 2024 1999 administratione

439 2009 866 2086 haudquaquam
921 2021 1090 2077 rebus
1138 2025 1299 2081 novis
1343 2029 1599 2097 expetitae
1645 2042 1799 2094 sunt,
1859 2035 2024 2092 rebus

441 2104 688 2172 profanis
739 2109 796 2164 in
845 2110 1074 2170 Oriente
1126 2118 1291 2173 simul
1329 2129 1385 2175 et
1413 2107 1718 2181 Occidente
1747 2143 2024 2184 aerumna-

439 2211 562 2252 rum
612 2203 1026 2262 calamitatibus
1085 2210 1238 2265 omni
1293 2227 1362 2266 ex
1407 2223 1561 2282 parte
1597 2219 1830 2274 turbatis
1855 2231 2022 2291 atque

440 2289 710 2346 confusis.
761 2291 840 2349 Eo
899 2305 1146 2368 tempore
1194 2301 1503 2360 Romanam
1562 2309 1869 2366 Ecclesiam
1899 2289 2022 2383 post

436 2379 768 2452 Gregorium
818 2385 1076 2458 Magnum
1132 2391 1212 2460 (2;
1276 2393 1614 2464 gubernavit
1639 2379 2018 2459 innocentius.

437 2471 496 2524 In
527 2471 664 2528 urbe
711 2475 1045 2546 imperante,
1097 2491 1222 2551 post
1244 2483 1538 2554 Thomam,
1575 2491 2020 2550 ecclesiasticum

434 2565 651 2622 clavum
711 2569 955 2628 obtinuit
1017 2575 1260 2647 Sergius.
1313 2579 1374 2635 In
1436 2583 1805 2642 Alexandrina
1865 2590 2017 2656 sede,

434 2669 561 2726 post
592 2657 906 2733 Eulogium,
931 2667 1028 2737 qui
1071 2670 1122 2724 ei
1166 2686 1344 2728 annos
1387 2674 1583 2746 viginti
1615 2679 1862 2748 quinque
1887 2698 2022 2751 pra:-

434 2747 558 2814 luit,
589 2749 912 2811 Theodorus
936 2758 1132 2816 Scribe
1166 2761 1394 2820 biennio
1453 2747 1825 2839 episcopalem
1879 2747 2021 2831 obiit

433 2842 802 2902 I'unetioneiu.
844 2848 944 2905 Cui
979 2851 1224 2925 Joannes
1277 2856 1598 2918 Misericors
1627 2863 1862 2935 Cyprius
1889 2882 2016 2924 cuni

429 2932 596 2991 laude
642 2942 926 2997 successit.
949 2945 1120 3016 888
1148 2949 1218 3005 At
1259 2950 1564 3010 Antiochiae
1614 2932 1742 3026 post
1781 2959 2015 3017 Anasta-

428 3029 570 3083 sium
628 3032 952 3091 Anastasius
969 3038 1109 3094 alter
1135 3042 1514 3114 episcopatum
1529 3051 1722 3119 gessit.
1758 3051 2016 3129 Βᾶθι-οεοτ

385 3140 392 3147 ·
427 3121 590 3192 lymis
606 3136 792 3181 autem
844 3127 1076 3188 Joannis
1103 3149 1392 3192 successor
1420 3138 1525 3196 fuit
1549 3133 1810 3200 Neainus.
1842 3121 2017 3218 Hujus

428 3225 615 3272 autem
661 3219 830 3276 lsaac.
857 3223 1131 3295 Deinceps
1163 3243 1293 3286 vero
1325 3243 1454 3288 aute
1478 3237 2018 3308 captanidireptam-

426 3325 535 3378 que
577 3327 698 3366 eam
760 3316 955 3372 urbem
1015 3318 1314 3379 Zacharias
1373 3341 1593 3382 sacrum
1655 3328 1730 3383 ibi
1783 3331 2016 3387 antistes

425 3403 843 3462 administravit
885 3425 1111 3468 munus.
1162 3413 1335 3472 Porro
1361 3417 1612 3474 decimus
1648 3432 1878 3478 octavus
1901 3425 2012 3479 iste

425 3496 673 3553 historiae
725 3500 870 3558 liber
958 3506 1181 3577 triginta
1243 3509 1482 3567 duorum
1552 3529 1828 3570 annorum
1879 3525 2017 3573 tem-

2139 561 2236 630 χοῦ
2276 561 2666 631 διεδίδρασκον
2729 564 2825 617 καὶ
2855 564 2956 636 τὴν
3005 569 3316 639 πορφυρίδα
3349 573 3542 626 τοῦτον
3583 575 3722 628 ἀπο-

2137 652 2327 716 δύσας,
2365 655 2462 706 καὶ
2490 656 2688 724 στολὴν
2709 658 3140 730 ἀμφιασάμενος
3201 662 3433 731 μέλανα,
3493 664 3720 735 δέσμιον

2135 743 2215 816 τῷ
2265 747 2571 820 Ἡρακλείῳ
2607 749 2958 820 παρίστησιν.
3023 753 3081 805 ’0
3110 754 3166 808 δὲ
3218 756 3539 826 γηθοσῦνως
3571 759 3720 828 μάλα

2136 836 2330 891 τοῦτον
2363 838 2507 904 ἰδὼν,
2555 841 2651 893 καὶ
2685 842 2908 906 σκώψας
2949 844 3199 912 πλεῖστα,
3259 848 3356 916 λὰξ
3391 849 3572 920 τούτῳ
3595 852 3714 904 lvd-

2135 929 2280 997 θορε.
2310 931 2420 985 Καὶ
2473 932 2693 998 αὐτίκα,
2746 937 2940 1007 χεῖρας
3003 937 3104 1006 μὲν
3155 941 3249 993 καὶ
3291 941 3463 1003 πόδας
3510 942 3714 1013 ἁθρόον

2137 1025 2484 1078 ἐκκόπτεται·
2505 1024 2698 1080 ἔπειτα
2729 1028 2822 1081 καὶ
2848 1031 2908 1080 τὸ
2935 1029 3166 1097 ἀσελγὲς
3194 1032 3530 1102 στηλιτεύων
3569 1035 3715 1088 ἐκείο

2135 1132 2233 1188 νῳ,
2259 1118 2470 1172 πολλῶν
2505 1119 2834 1189 αἰσχύναντι
2863 1123 3135 1192 γαμετὰς,
3169 1127 3282 1186 τοῖς
3326 1126 3553 1190 αἰδοίοις
3585 1128 3721 1197 ἐπῆ-

2137 1225 2198 1276 γε
2221 1210 2573 1282 τομήν·τέλος
2598 1213 2655 1266 δὲ
2679 1213 2944 1284 δύστηνον
2993 1217 3205 1270 ἐκείνου
3238 1217 3399 1287 σῶμα
3457 1221 3597 1274 κατὰ
3625 1220 3718 1274 τὸν

2134 1300 2372 1370 χαλκοῦν
2399 1300 2550 1371 βοῦν,
2593 1302 2653 1368 δς
2681 1304 2747 1357 ικ
2775 1304 3079 1375 Περγάμου
3109 1307 3474 1379 ἀνεκομίσθη,
3506 1310 3718 1380 ὲμδάλ-

2133 1393 2306 1461 λεται·
2343 1395 2439 1449 καὶ
2461 1394 2538 1458 είς
2574 1395 2784 1467 τέφραν
2807 1397 2884 1460 ὥς
2918 1414 2983 1466 γε
3007 1393 3076 1468 ἦν
3114 1399 3266 1464 είκδς
3286 1399 3589 1462 διαλύεται,
3621 1402 3717 1456 καὶ

2133 1482 2228 1535 τοῦ
2256 1483 2446 1538 λοιποῦ
2480 1484 2675 1554 γένους
2706 1485 2857 1556 αὐτῷ
2889 1487 3402 1555 συναφανισθέντος.
3458 1489 3500 1541 Τ
3504 1489 3716 1543 οιοῦτον

2138 1576 2239 1644 μὲν
2262 1575 2328 1644 δὴ
2353 1575 2432 1647 τῷ
2465 1577 2657 1632 κακῶν
2723 1578 2972 1650 κακίστῳ
3029 1581 3195 1652 Φωκᾷ
3225 1580 3325 1650 τῆς
3398 1583 3716 1652 τυραννίδος

2136 1668 2354 1734 ἐγένετο
2375 1667 2554 1732 τέλος,
2580 1668 2678 1740 ἔτη
2702 1669 2848 1724 ὀκτὼ
2873 1670 2973 1742 τῆς
3017 1669 3314 1742 Ῥωμαίων
3355 1687 3716 1741 κατορχησα-

2141 1759 2287 1830 μένῳ
2331 1759 2637 1830 ἀρχῆς.Τὰ
2665 1762 2767 1832 μὲν
2797 1757 2892 1816 οῦν
2929 1764 3072 1817 κατὰ
3099 1762 3200 1832 τὴν
3269 1763 3602 1834 Ἐκκλησίαν
3655 1765 3714 1816 ἔν
3781 1845 3786 1850 ι

2130 1855 2250 1916 ταῖς
2280 1853 2521 1924 ἡμέραις
2587 1853 2782 1909 τούτου
2860 1855 3122 1926 οὐδαμῶς
3176 1857 3569 1927 ἐνεωτερίσθη,
3603 1857 3715 1910 τῶν

2131 1945 2419 2014 κοσμικῶν
2453 1943 2647 2016 ἄρδην,
2680 1946 2792 2000 τῶν
2831 1964 2890 2002 τε
2942 1948 3093 2020 ἑῴων
3119 1949 3213 2001 καὶ
3263 1949 3538 2019 ἑσπερίων
3589 1950 3711 2011 ταῖς

2129 2039 2238 2090 τῶν
2263 2037 2453 2092 δεινῶν
2478 2039 2908 2110 συγκεχυμένων
2943 2042 3265 2110 ἐπιφοραῖς.
3314 2039 3631 2110 Τηνικαῦτα
3655 2038 3714 2092 δὲ

2129 2127 2227 2199 τῆς
2262 2130 2361 2200 μὲν
2392 2130 2689 2200 Ῥωμαίων
2728 2131 3056 2202 Ἐκκλησίας
3084 2133 3271 2204 ἠγεῖτο
3315 2132 3454 2202 μετὰ
3505 2131 3713 2202 Γρηγό-

2133 2241 2250 2294 ριον
2274 2223 2645 2288 Ἰννοκέντιος’
2674 2227 2773 2296 τῆς
2809 2228 2866 2279 δὲ
2901 2227 3009 2280 τῶν
3040 2228 3248 2282 πόλεων
3281 2226 3550 2297 βασιλίδος
3576 2228 3715 2296 μετᾶ

2129 2318 2334 2386 θωμᾶν
2368 2318 2596 2387 Σέργιος
2643 2319 2744 2382 τὰς
2799 2321 3270 2387 ὲκκλησιαστικὰς
3295 2319 3454 2389 ἡνίας
3483 2318 3712 2373 διεῖπεν.

2141 2408 2266 2460 Ἐπὶ
2298 2409 2355 2461 δὲ
2385 2409 2476 2462 τὸν
2501 2409 2603 2477 τῆς
2628 2409 2987 2482 Ἀλεξάνδρου
3021 2410 3242 2481 θρόνον,
3275 2412 3417 2479 μετὰ
3456 2411 3714 2478 Εὐλόγιον

2127 2498 2223 2571 ἐτη
2253 2501 2394 2554 ἑπτὰ
2429 2501 2566 2570 πρὸς
2587 2504 2699 2565 τοῖς
2741 2501 2948 2556 εἴκοσιν
2998 2503 3383 2574 ίερασάμενον,
3437 2502 3712 2573 Θεόδωρος

2126 2597 2154 2648 ὁ
2183 2595 2430 2666 Σκρίὸων
2474 2597 2572 2667 ἐτη
2600 2597 2694 2651 δῦο
2729 2596 2980 2668 ίέρωταε,
3000 2597 3060 2650 δν
3100 2600 3128 2651 δ
3159 2600 3224 2651 ὲκ
3258 2597 3492 2668 Κύπρου
3522 2595 3710 2649 Ἰωάνα

2127 2706 2226 2760 νης
2259 2691 2285 2743 ὁ
2309 2689 2559 2760 ἐλεήμων
2611 2690 2883 2760 λαμπρῶς
2939 2691 3232 2762 διεδέχετο.
3291 2691 3448 2744 Μετὰ
3469 2689 3524 2742 δὲ
3545 2690 3711 2743 Ἀνα-

2128 2783 2350 2838 στάσιον
2406 2783 2505 2852 τὴν
2548 2783 2652 2852 τῆς
2694 2784 2970 2853 Ἀντιόχου
3011 2783 3310 2854 ικληροῦτο
3349 2783 3650 2854 ἱερωσύνην
3683 2782 3710 2834 ὁ

2126 2873 2317 2942 ἕτερος
2360 2875 2738 2939 ’Δναστάσιος.
2773 2874 2905 2929 Ἀνὰ.
2953 2876 3009 2929 δὲ
3033 2878 3102 2929 τὰ
3133 2874 3484 2945 Ἱεροσόλυμα
3539 2874 3707 2928 διάδο-

2125 2984 2218 3038 χος
2249 2968 2503 3023 Ἰωάννου
2540 2969 2780 3040 Νεαμὼς
2809 2965 2901 3041 ἦν·
2961 2969 3082 3038 μεθ’
3102 2969 3162 3022 ὃν
3199 2969 3414 3024 Ἰσαάκ.
3471 2970 3706 3022 Ἔπειτα

2122 3059 2181 3112 δὲ
2216 3061 2320 3132 πρὸ
2351 3061 2453 3132 τῆς
2475 3061 2854 3132 αἰχμαλωσίας
2877 3061 3158 3131 Ζαχαρίας
3182 3060 3502 3115 καθίστατο.
3519 3059 3706 3130 Περιέ-

2124 3170 2210 3223 χει
2241 3152 2298 3206 δὲ
2328 3155 2426 3207 καὶ
2456 3154 2489 3224 ἡ
2518 3153 2774 3222 παροῦσα
2796 3152 3247 3220 ὀκτωκαιδεκάτη
3285 3169 3378 3221 μοι
3428 3152 3537 3204 τῶν
3569 3151 3710 3244 iaso—
3757 3235 3764 3244 λ

2131 3245 2262 3314 ριῶν
2290 3247 2484 3316 χρόνον
2538 3245 2680 3300 ἐτῶν
2727 3246 2826 3300 δύο
2886 3245 3027 3316 πρὸς
3085 3245 3408 3315 τριάκονταο
3471 3242 3710 3312 ὁπηνίκα

2127 3338 2333 3408 κόσμου
2364 3337 2461 3406 μὲν
2489 3337 2606 3400 ἔτος
2627 3355 2682 3409 Ις
2707 3339 3000 3392 ἑκατοστὸν
3025 3338 3122 3392 καὶ
3150 3335 3493 3407 τριακοστὸν,
3520 3335 3626 3389 ἀπὸ
3652 3335 3709 3418 δὲ

2125 3429 2227 3498 τῆς
2280 3429 2434 3494 θείας
2463 3431 2560 3484 τοῦ
2622 3431 2836 3502 Κυρίου
2865 3431 3176 3501 γεννήσεως
3211 3427 3589 3494 ἑξακοσιοστὸν
3615 3429 3706 3480 καὶ

2126 3521 2381 3590 πέμπτον
2425 3523 2562 3593 πρὸς
2593 3523 2670 3594 τῷ
2698 3525 2935 3594 εἰκοστῷ
2969 3523 3316 3594 ἐπεραίνετο.

429 3610 530 3664 pus
561 3597 854 3654 continet:
885 3616 1010 3656 cum
1047 3604 1117 3659 ab
1146 3608 1282 3663 orbe
1313 3610 1538 3667 condito
1565 3616 1747 3671 sexies
1787 3615 1866 3686 (5)
1911 3616 2241 3674 millesimus
2289 3620 2630 3676 centesimus
2682 3631 2739 3676 et
2791 3621 3139 3689 tricesimus;
3204 3635 3235 3675 a
3268 3617 3451 3674 divina
3523 3624 3703 3671 amem

430 3691 642 3748 Domini
672 3697 959 3754 nativitate
991 3700 1067 3774 (4)
1099 3705 1600 3776 sexingentesimus
1625 3721 1682 3767 et
1709 3714 2006 3770 vicesimus
2047 3715 2276 3786 quintus
2306 3728 2560 3789 ageretur
2585 3734 2767 3775 annus
2791 3720 2892 3792 (ὅ).

497 3873 789 3957 (l)_Unum
821 3878 1005 3957 in_ho_c
1045 3881 1268 3939 homine
1295 3885 1487 3944 laudes
1515 3889 1661 3957 quod
1698 3890 2007 3948 Romanum

423 3946 738 4066 pgntiﬂcem
811 3951 1116 4022 principem
1177 3960 1424 4015 omnium
1503 3946 1629 4028 jure
1684 3946 1999 4020 declararit.

424 4024 438 4066 ί
495 4027 647 4066 nnat.

424 4013 671 4086 (Egnat.)

494 4085 573 4156 (2)
803 4099 928 4176 post
990 4093 1339 4176 Gregorium
1371 4100 1534 4159 Rom.
1579 4109 1775 4176 pontii.
1808 4109 1902 4176 qui
1939 4109 1994 4163 in

420 4153 587 4236 gives
617 4153 952 4236 relatusAest,
975 4153 1187 4232 ροιιιῖιιι
1216 4153 1596 4236 sabiniia'nu'm:

422 4225 684 4305 liomanie
709 4231 927 4305 praefuit
951 4225 1097 4305 a'nno
1125 4239 1177 4302 l,
1201 4225 2003 4305 mensibus—57ditali-usilji’ost

419 4293 818 4386 liunc'rlursunt
851 4293 2004 4386 ΒοηῇςεοὶυιὶιιοτιῖυἶιῖξᾸξιῖιῆίῶνιῖειῖιῖδί

324 4416 326 4418 ,
419 4378 544 4418 item
575 4365 789 4424 Pbocas
820 4372 1123 4429 antistitem
1179 4378 1341 4434 Rom.
1373 4365 2002 4458 prin-ciperjt'iwepiscopo-

2119 3916 2240 3957 rum
2271 3900 2518 3972 omnium
2549 3896 2714 3956 dixit.
2745 3901 2980 3970 (Blond.
3013 3901 3110 3956 lib.
3142 3901 3241 3972 ix.)

2188 3974 2266 4070 '(5)
2300 3971 2613 4070 iegundum
2651 3968 2964 4030 neotericos
2985 3968 3366 4070 Cbronologos
3393 3968 3554 4027 4688.

2286 4043 2606 4173 Ssullgi’boca
2642 4117 2916 4172 Cliosroes
2959 4116 3124 4173 Persa
3150 4115 3349 4171 multas
3382 4116 3433 4168 in
3469 4113 3690 4170 Orienie

1621 4179 1716 4279 9'.“
1738 4179 1999 4279 Είὲλοξείω
2112 4179 2280 4266 ml?“
2326 4194 2380 4238 ει
2420 4191 2671 4279 regio"?
2698 4189 3244 4279 "ccf‘PivihfffPS’l'l
3269 4185 3679 4279 ξίέιξφέξιέέἐξῖίε

2112 4255 2254 4324 puit,
2281 4265 2337 4310 et
2363 4255 2583 4313 crucem
2623 4256 2932 4335 Servatoris
2963 4259 3134 4338 nostri
3155 4258 3493 4338 indcseciim
3519 4258 3699 4338 abstu-

2111 4325 2192 4396 lit.
2225 4325 2340 4380 Sub
2366 4331 2558 4382 eodem
2608 4331 2676 4383 ab
2704 4331 2933 4396 imperio
2955 4329 3307 4383 desciverunt
3329 4327 3696 4396 Langobardi,

2115 4395 2365 4467 Hispani,
2393 4398 2555 4464 Galli,
2579 4395 2864 4463 Germani,
2913 4408 3021 4452 etc.
3082 4419 3084 4421 >

501 4792 916 4860 EXPLICIT
942 4797 1427 4866 NICEPHORI
1468 4805 1856 4874 CALLISTI
1893 4811 2023 4876 ΧΑΑ

2131 4817 2450 4880 IIOPULI
2493 4816 2899 4880 HISTORIA
2935 4817 3628 4881 ECCLESIASTICA.
