4084 6448
322 367 426 430 4ἥ3

1243 355 1698 422 ΕΝΑΒΡ-ΑἸἹΟ
1742 356 1840 418 DE
1879 355 2282 418 EPISCOPIS
2335 355 2630 417 CPOLlT.

3484 347 3591 415 454

322 482 592 556 Βηρυτοῦ,
646 477 767 535 εἶτα
830 476 1156 550 μετατεθεὶς
1218 479 1299 542 είς
1343 475 1748 547 Νικομήδειαν,
1809 473 1907 526 καὶ

2015 486 2147 527 vero
2179 471 2560 529 Nicomediam
2594 468 2917 534 translatus,
2951 469 3174 526 demum
3201 470 3592 530 Constantino‘

325 579 598 650 μετελθὼν
629 566 710 640 είς
751 570 1354 634 Κωνσταντινούπολιν,
1386 569 1481 622 καὶ
1509 566 1904 633 ἐπεσκόπησεν

320 676 418 743 ἐτη
443 672 534 742 ιβ’.

391 758 525 814 Εἶτα
557 757 696 828 μετὰ
754 754 845 808 τὸν
879 753 1112 806 θάνατον
1165 751 1361 805 τούτου
1415 748 1584 803 πάλιν
1631 749 1660 803 6
1691 747 1904 811 Παῦλος

321 851 759 910 ἀποκαθίσταται
783 848 877 900 καὶ
899 858 917 914 ί
938 843 1328 913 παραχρῆμα)
1359 841 1686 896 ἐκϐάλλεται
1721 841 1816 896 καὶ
1846 843 1904 896 ἐν

324 943 621 1013 Κουκουσῷ
653 939 987 1010 ἐξορίζεται,
1013 937 1192 990 ἐκείσέ
1215 952 1272 988 τε
1295 935 1401 988 ὑπὸ
1421 936 1528 988 τῶν
1557 924 1902 1006 (Ἀρειανῶν)

322 1035 652 1103 ἀναιρεῖται,
681 1030 774 1082 καὶ
797 1029 1193 1097 χειροτονεῖται
1225 1022 1341 1076 ἀντ’
1363 1023 1532 1078 αὑτοῦ
1565 1022 1904 1085 Μακεδόνιος

325 1123 690 1192 πρεσϐύτερος
765 1117 1094 1186 Ἐκκλησίας
1176 1115 1812 1178 Κωνσταντινουπὸλεως
1875 1117 1903 1168 6

327 1214 784 1285 [Ινευματομάχος
822 1211 915 1278 ἐτη
943 1209 1004 1262 ε’.

395 1308 598 1362 Τούτου
630 1305 686 1357 δὲ
716 1300 1249 1372 ἀναθεματισθέντος
1280 1304 1376 1354 καὶ
1409 1297 1772 1368 ἐκϐληθέντος
1798 1299 1903 1354 ὑπὸ

329 1399 704 1453 Κωνσταντίου
745 1395 994 1460 Εὑδὸξιος
1026 1396 1053 1447 6
1102 1395 1157 1446 Ἀ
1172 1393 1381 1464 ρείανὸς
1429 1396 1456 1445 ὁ
1489 1391 1760 1463 πρότερον
1793 1393 1902 1445 ἀπὸ

327 1491 718 1560 Γερμανικεῐας
743 1493 823 1552 εἰς
855 1489 1218 1559 Ἀντιόχειαν,
1251 1483 1409 1550 αὖθις
1434 1487 1515 1550 είς
1547 1486 1900 1540 Κωνσταντι-

325 1584 576 1637 νούπο).ιν
601 1581 990 1650 ἐπεσκόπησεν
1023 1581 1116 1648 ἐτη
1151 1581 1217 1644 ζ’.

391 1658 700 1745 Δημέφιλος
748 1674 804 1727 Ἀ
818 1676 1033 1744 ρειανὺς
1068 1671 1298 1744 Βεροίας
1329 1673 1432 1742 τῆς
1481 1673 1538 1726 ἐν
1570 1672 1762 1744 Θρᾴκῃ
1794 1670 1897 1724 πός

325 1767 458 1831 λεως
490 1767 786 1827 ἐπίσκοπος
815 1766 910 1818 καὶ
956 1764 1194 1818 ἐνταῦθα
1237 1764 1633 1835 (μετατεθεὶς)
1664 1763 1925 1820 ἐπεσκό--

329 1876 496 1930 πησεν
527 1858 622 1928 ἔτη
657 1855 745 1928 ιβ’,
775 1860 955 1926 μῆνας
988 1855 1053 1913 ε’.

395 1950 664 2020 Εὐάγριος
721 1947 1002 2018 ὀρθόδοξος
1053 1947 1157 2001 ὑπὸ
1207 1947 1514 2004 Εὐσταθίου
1564 1949 1902 2020 Ἀντιοχείας

326 2041 718 2114 χειροτονηθεὶς
754 2040 847 2112 ἐτη
879 2039 957 2109 ς’,
975 2079 977 2082 ι
995 2043 1092 2098 καὶ
1114 2043 1371 2116 ἐπέμφθη
1400 2045 1480 2107 εἰς
1506 2043 1730 2116 ἐξορὶαν
1754 2045 1904 2116 παρὰ

328 2135 649 2196 Οὐάλεντοςέ

397 2229 700 2300 Γρηγόριος
731 2229 758 2281 6
809 2225 1122 2291 Ναζιανζοῦ
1153 2228 1180 2280 ὁ
1212 2225 1481 2297 Θεολὸγος
1529 2227 1648 2302 (ὃς)
1669 2230 1904 2284 ἐπεσκό-

331 2338 502 2390 πησεν
533 2320 628 2391 ἔτη
661 2319 750 2391 ιβ’.

401 2414 508 2469 Καὶ
541 2413 936 2476 ἐπανελθόντος
967 2413 1049 2477 είς
1081 2413 1183 2484 τὴν
1219 2413 1358 2468 ἰδίαν
1395 2416 1654 2486 πατρίδα,
1690 2418 1907 2472 Νεκτά-

334 2522 444 2577 ριος
473 2504 843 2576 άξιωματικδς
865 2503 1132 2576 ὑπάρχων
1183 2505 1535 2575 Χριστιανῶν
1563 2509 1908 2580 κατηχούμε·

332 2617 438 2663 νος,
471 2600 693 2670 μηδέπω
722 2599 781 2652 δὲ
813 2597 984 2667 θιγὼν
1036 2595 1136 2650 τοῦ
1197 2599 1596 2670 βαπτίσματος,
1652 2601 1770 2670 ἅμα
1812 2602 1906 2655 κα)⁸

331 2691 722 2762 χειροτονεῖται
750 2689 846 2743 καὶ
866 2689 1194 2758 βαπτίζεται
1227 2689 1332 2742 ὑπὸ
1363 2691 1462 2760 τῆς
1492 2690 1656 2760 ἁγίας
1685 2693 1905 2745 συνόδου

333 2785 438 2839 τῶν
470 2791 567 2856 ρν’,
624 2783 721 2838 καὶ
767 2784 1172 2857 χειροτονηθεὶς
1221 2785 1605 2856 ἐπεσκόπησεν
1653 2785 1750 2855 ἐτη
1807 2784 1903 2852 ις’,

335 2885 509 2955 μῆνας
540 2881 610 2952 γ’·

414 2976 671 3046 Ἰωάννης
705 2975 1078 3048 πρεσϐύτερος
1105 2974 1438 3045 Ἀντιοχείας
1459 2976 1486 3027 ὁ
1522 2974 1909 3044 Χρυσὸστομος

333 3068 429 3138 ἔτη
463 3075 524 3131 ε’,
559 3072 736 3142 μῆνας
765 3073 825 3135 ς’
855 3107 873 3126 .
903 3109 919 3125 .
954 3107 970 3124 .
1002 3108 1019 3125 .
1054 3067 1359 3140 ἐξορισθεὶς
1409 3070 1467 3122 ἐν
1506 3067 1786 3137 Κουμάνῳ
1808 3066 1908 3134 τῆς

329 3159 586 3231 δευτέρας
621 3159 892 3232 ἐπαρχίας
923 3160 1035 3214 τῶν
1087 3159 1414 3231 Ἀρμενίων,
1453 3158 1781 3229 ἐτελεύτησε
1815 3159 1910 3210 καὶ

335 3253 490 3325 ἐτέθη
521 3254 659 3323 μετὰ
693 3253 789 3307 τοῦ
819 3253 1078 3324 λειψάνου
1106 3253 1202 3307 τοῦ
1239 3253 1398 3323 ἁγίου
1428 3253 1711 3326 μάρτυρος
1747 3251 1912 3304 Batti-

334 3349 542 3407 λίσκου.

433 3442 710 3514 Δρσάκιος
732 3443 1106 3514 πρεσϐύτερος
1126 3444 1226 3514 τῆς
1254 3443 1583 3516 Ἐκκλησίας
1615 3442 1912 3496 Κωνσταν-

338 3538 713 3602 τινουπόλεως,
759 3537 992 3606 ἀδελφὸς
1038 3537 1352 3608 Νεκταρίου
1392 3537 1488 3592 τοῦ
1513 3536 1912 3609 προλεχθέντος

339 3630 478 3699 μετὰ
499 3631 598 3701 τὴν
618 3631 1014 3701 Χρυσοστόμου
1037 3631 1296 3702 ἐκϐολὴν,
1314 3631 1700 3700 ἐπεσκόπησεν
1724 3628 1820 3698 ἐτη
1843 3628 1911 3698 β’.

417 3723 663 3787 ⁹Δττικὺς
711 3723 1087 3796 πρεσϐύτερος
1139 3724 1237 3796 τῆς
1286 3721 1916 3786 Κωνσταντινουπόλεως

340 3817 429 3888 ἐτη
461 3823 532 3873 κ’.

407 3911 674 3974 Σισίννιος
704 3907 1078 3980 πρεσϐύτερος
1119 3908 1759 3974 Κωνσταντινουπόλεως
1794 3908 1915 3973 ἔτος

341 4010 408 4066 α’,
437 4004 611 4074 μῆνας
651 3999 704 4056 ι’.

407 4096 703 4166 Νεστόριος
727 4095 1099 4166 πρεσϐύτερος
1120 4095 1216 4167 τῆς
1233 4095 1563 4168 Ἕκκλησίας
1580 4096 1914 4167 Ἀντιοχείας

342 4188 612 4260 αἱρετικὸς
645 4187 740 4258 ἐτη
791 4186 865 4255 γ’,
921 4189 1098 4259 μῆνας
1153 4188 1223 4258 β’.
1261 4183 1432 4252 Οὗτος
1479 4189 1786 4261 καθῃρέθη,
1820 4189 1916 4242 καὶ

344 4282 418 4344 είς
449 4280 662 4352 ἐξορίαν
687 4283 746 4334 ἐν
770 4280 957 4336 Ὀάσει
987 4281 1276 4352 ἐπέμφθη,
1305 4281 1391 4350 ἐφ’
1410 4283 1522 4353 ὅσῳ
1562 4283 1667 4354 ἣτ’
1697 4281 1916 4350 ἐγένετο

345 4376 579 4438 σύνοδος.

352 4448 364 4464 ⁶
413 4468 755 4538 Μαξιμιανὸς
790 4466 1162 4537 πρεσϐύτερος
1187 4468 1816 4532 Κωνσταντινουπόλεως
1839 4469 1916 4541 τῷ

347 4561 494 4632 γένει
526 4561 623 4628 ἐτη
679 4560 745 4629 β’,
778 4559 997 4629 ἡμέρας
1028 4565 1091 4616 ε’.

416 4651 657 4722 Πρόκλος
682 4654 710 4706 6
744 4650 840 4704 τοῦ
881 4649 1278 4721 Χρυσοστόμου
1321 4651 1575 4724 μαθητὴς
1621 4651 1774 4723 παρὰ
1824 4651 1919 4706 τοῦ

355 4745 742 4818 προλεχθέντος
797 4743 1068 4797 Σισιννίου
1147 4744 1556 4816 χειροτονηθεὶς
1623 4745 1920 4807 ἐπίσκοπος

351 4837 614 4902 Κυζίκου,
652 4836 754 4889 καὶ
805 4835 880 4908 μὴ
913 4835 1126 4906 δεχθεὶς
1173 4834 1383 4908 [παρὰ]
1440 4835 1552 4892 τῶν
1589 4838 1792 4903 ἐκεῖσε,
1827 4837 1922 4892 καὶ

347 4931 438 4985 τὸν
473 4929 676 5002 μεταξὺ
708 4928 982 4998 σχολάσας
1036 4929 1254 4999 χρόνον,
1312 4929 1718 5000 μετὰλθάνατον
1747 4928 1923 4994 Μάξι-

234 5086 239 5092 ι
353 5021 566 5092 μιανοῡ,
589 5023 671 5076 ὅτι
695 5021 788 5074 τοῦ
816 5020 1075 5090 λειψάνου
1103 5019 1269 5073 αὐτοῦ
1307 5021 1566 5092 κειμένου
1597 5023 1653 5075 ἐν
1674 5024 1742 5093 τῇ
1774 5024 1923 5092 ἱερα-

349 5113 479 5180 τείῳ
501 5129 516 5144 ’
560 5153 575 5168 .
607 5151 622 5168 .
651 5151 667 5167 .
704 5149 721 5167 .
759 5150 775 5167 .
807 5151 822 5166 .
849 5152 865 5169 .
897 5111 1268 5184 ἐνθρονίζεται
1313 5116 1381 5185 τῇ
1432 5115 1571 5186 αὐτῇ
1643 5115 1922 5188 ἁγιωτάτῃ

355 5205 566 5277 μεγάλῃ
623 5204 924 5277 Ἐκκλησία
961 5243 976 5260 .
1009 5243 1026 5260 .
1067 5243 1082 5259 .
1117 5243 1133 5262 .
1173 5243 1193 5261 .
1229 5243 1246 5260 .
1275 5207 1662 5279 ἐπεσκόπησεν
1699 5207 1797 5278 ἐτη
1833 5205 1920 5277 ιβ’,

357 5299 532 5368 μῆνας
566 5294 635 5365 γ’.

419 5389 717 5452 Φλαϐιανὸς
740 5388 1113 5464 πρεσϐύτερος
1142 5393 1778 5458 Κωνσταντινουπόλεως
1799 5394 1924 5460 έτος

353 5482 422 5548 α’,
467 5483 644 5554 μῆνας
687 5489 742 5537 ι’..

423 5576 623 5629 Τούτου
663 5576 1016 5644 φονευθέντος
1063 5580 1216 5649 παρὰ
1250 5580 1344 5634 τοῦ
1373 5581 1669 5646 δυσσεϐοῦς
1701 5585 1926 5638 Διοσκό-

358 5685 472 5736 ρου,
523 5667 828 5732 Ἀνατόλιος
897 5670 1275 5743 πρεσϐύτερος
1353 5677 1450 5730 καὶ
1507 5679 1926 5750 ἁποκρισιάριος

356 5760 453 5827 τῆς
506 5759 801 5827 ἐκκλησίας
862 5761 1283 5833 Ἀλεξανδρείας
1343 5775 1760 5839 χειροτονεῖται,
1829 5771 1925 5825 καὶ

362 5851 517 5921 ἄρχει
545 5849 644 5920 ἐτη
670 5848 746 5919 η’,
779 5852 956 5922 μῆνας
985 5852 1055 5925 η’.

2007 563 2176 632 polim
2211 562 2452 628 transiit,
2483 561 2739 630 seditque
2777 561 2938 616 annis
2970 561 3057 617 i9...

2081 744 2210 798 Post
2262 741 2384 812 ejus
2431 739 2645 795 obitum
2680 741 2883 796 Paulus
2917 743 3258 807 rrstituitur,
3292 744 3586 815 statimque

2006 836 2252 907 ejicitur,
2281 846 2338 890 et
2375 833 2656 890 Cucusum
2698 834 2994 904 relegatus,
3027 835 3102 892 ibi
3133 837 3202 892 ab
3229 837 3452 893 Ariauis
3485 852 3586 892 oc-

2007 928 2238 991 ciditur,
2271 927 2503 998 ejusque
2553 927 2678 981 loco
2727 927 3017 982 ordinatur
3065 928 3426 985 Mazedonius
3467 946 3586 1001 pre-

2007 1021 2197 1090 sbyter
2241 1018 2509 1074 Ecclesiae
2539 1017 3176 1088 Constantinopolimaae
3210 1021 3386 1078 sancti
3412 1021 3588 1092 Spiri-

2009 1121 2098 1168 tus
2129 1121 2500 1182 oppugnator,
2536 1109 2632 1180 qui
2669 1109 2818 1166 sedit
2847 1113 3012 1167 annis
3050 1113 3104 1168 5.

2077 1295 2194 1351 Hoc
2223 1306 2410 1350 autem
2444 1294 2801 1350 anathemate
2829 1311 3098 1366 percusso
3119 1304 3176 1352 et
3205 1310 3237 1352 a
3261 1296 3592 1354 Constantio

2003 1388 2188 1460 ejecto
2222 1387 2506 1443 Eutloxius
2545 1386 2788 1454 Arianus
2819 1387 2912 1456 qui
2947 1389 3184 1457 primum
3225 1387 3592 1446 Germanicis:

2005 1481 2211 1537 deinde
2264 1480 2577 1536 Antiochiae
2607 1481 2907 1551 episcopus
2955 1479 3160 1547 fuerat,
3192 1481 3591 1539 Constantium

2004 1573 2119 1645 poli
2158 1574 2305 1630 sedit
2335 1574 2499 1630 annis
2528 1573 2580 1628 7.

2077 1669 2444 1739 Demophilus
2474 1667 2719 1724 Arianus
2751 1666 2960 1722 Demea:
2996 1668 3049 1722 in
3099 1667 3336 1726 Thracia
3364 1668 3586 1738 episco-

2003 1777 2108 1833 pus
2139 1771 2197 1818 ct
2230 1763 2341 1818 huc
2371 1761 2692 1824 translatus,
2724 1760 2873 1816 sedit
2899 1759 3005 1814 sub
3029 1757 3261 1816 Valente
3295 1761 3462 1818 annis
3497 1760 3618 1825 12,.

1934 1861 1976 1915 Β
2005 1852 2291 1908 mensibus
2324 1853 2378 1906 5.

2080 1946 2354 2018 Evagrins
2408 1943 2756 2000 orthodoxus
2798 1944 2866 1998 ab
2898 1943 3194 2000 Eustathio
3236 1945 3588 2002 Antiocheno

2005 2042 2299 2111 ordinatus
2328 2039 2491 2095 anuis
2517 2038 2574 2102 6,
2606 2047 2665 2094 et
2697 2037 2752 2092 in
2784 2038 3042 2092 exsilium
3065 2053 3095 2092 a
3123 2037 3350 2095 Valente
3380 2038 3586 2095 missus

2005 2146 2110 2190 est.

2077 2225 2383 2298 Gregorius
2435 2223 2824 2285 Nazianzenus
2857 2227 3194 2300 Theologus,
3223 2226 3321 2297 qui
3366 2227 3586 2298 episeo-

1893 2347 1896 2353 ι
2007 2331 2194 2390 patum
2227 2321 2406 2376 tenuit
2435 2322 2597 2377 struis
2630 2322 2714 2377 i2.

2077 2415 2314 2486 Ipsoque
2349 2417 2405 2471 in
2443 2416 2679 2486 patriam
2707 2431 2937 2472 reverso
2975 2415 3271 2471 Nectarius
3292 2412 3376 2468 vir
3404 2410 3589 2483 digni-

2009 2518 2120 2564 tate
2171 2509 2547 2579 conspicuus,
2599 2513 3032 2566 catechumenus
3097 2507 3587 2572 Christianorum,

2007 2602 2254 2656 nondum
2287 2603 2622 2673 baptizatus,
2656 2605 2826 2659 simul
2867 2603 3163 2658 ordinatur
3189 2612 3243 2657 et
3272 2599 3590 2671 baptizatur

2007 2710 2038 2749 a
2069 2705 2258 2753 sancta
2283 2696 2507 2772 synodo.
2534 2707 2759 2751 centum
2787 2710 2842 2752 et
2870 2695 3273 2767 quinquaginta
3295 2693 3588 2763 episcopo-

2009 2804 2158 2845 rum.
2193 2787 2351 2846 Sedit
2382 2791 2544 2844 annis
2573 2792 2661 2856 16,
2701 2793 2988 2846 Iliensibus
3014 2790 3069 2845 5.

2085 2971 2328 3027 Joannes
2380 2970 2674 3040 presbyter
2724 2969 3104 3024 Antiochenus
3159 2967 3592 3040 Chrysostomus

2011 3067 2173 3122 annis
2237 3064 2291 3130 5,
2353 3064 2640 3118 mensibus
2692 3064 2746 3118 6.
2799 3061 3097 3132 Relegatus
3151 3063 3208 3117 in
3260 3060 3592 3123 Comanum,

2013 3160 2162 3232 quod
2196 3169 2280 3215 est
2314 3159 2369 3213 in
2415 3156 2659 3213 secunda
2695 3157 2979 3226 provincia
3013 3157 3400 3219 Armcnorum,
3427 3153 3589 3217 obiit,

2014 3263 2071 3310 et
2129 3253 2417 3322 depositus
2468 3259 2554 3306 est
2603 3265 2730 3306 cum
2793 3249 3049 3320 reliquiis
3101 3249 3279 3304 sancti
3329 3247 3593 3320 martyris

2013 3347 2284 3402 Basilisci.

2085 3437 2354 3495 Arsacius
2383 3438 2680 3509 presbyter
2714 3437 2974 3492 Ecclesiae
3021 3437 3594 3508 Constantinopolita-

2015 3547 2121 3597 nae,
2153 3532 2326 3586 frater
2373 3531 2486 3601 jam
2533 3530 2823 3585 memorati
2873 3529 3144 3595 Nectarii,
3186 3537 3311 3600 post
3355 3530 3594 3600 ejectum

2016 3627 2474 3697 Chrysostomum
2508 3624 2891 3694 episcopatum
2922 3623 3104 3678 tenuit
3131 3623 3294 3677 annis
3328 3622 3385 3676 2.

2084 3717 2304 3772 Atticus
2397 3715 2684 3788 presbyter
2768 3714 3422 3785 Constantinopolitanus
3502 3729 3594 3769 an-

2018 3809 2107 3864 nis
2133 3807 2228 3863 20.

2091 3900 2378 3957 Sisinnius
2430 3900 2721 3971 presbyter
2749 3895 3420 3968 Constantinopolitanus,
3450 3910 3595 3950 anno

2018 4009 2153 4060 uno,
2190 3992 2476 4047 mensibus
2509 3991 2598 4046 10.
3069 4053 3074 4058 ι

2089 4084 2386 4140 Nestorius
2422 4083 2714 4158 presbyter
2745 4081 3007 4138 Ecclesiae
3032 4080 3396 4137 Antiochcnm
3422 4079 3594 4136 hare-

2020 4181 2167 4236 ticus
2197 4178 2360 4233 annis
2385 4179 2441 4242 '5,
2470 4177 2758 4232 mensibus
2791 4178 2848 4232 2.
2880 4175 2983 4232 Hic
3013 4175 3298 4245 depositus
3323 4175 3377 4229 in
3409 4173 3595 4229 Oasim

2019 4274 2224 4328 missus
2271 4280 2357 4326 est
2389 4272 2444 4326 in
2477 4269 2762 4334 exsilium,
2795 4268 2930 4323 dum
2965 4269 3134 4324 tertia
3164 4267 3410 4339 synodus
3448 4265 3596 4322 cele-

2018 4365 2301 4421 hraretur.

2091 4459 2461 4514 Maximianus
2513 4458 2802 4529 presbyter
2845 4471 3049 4529 genere
3085 4454 3598 4526 Constantinopoli-

1948 4556 1994 4614 D
2023 4567 2184 4610 tanus
2212 4554 2372 4610 annis
2405 4554 2458 4619 2,
2482 4552 2678 4610 diebus
2701 4553 2755 4608 5.

2096 4645 2328 4701 Proclus
2361 4645 2746 4717 Chrysostomi
2779 4643 3109 4713 discipulus,
3145 4658 3175 4697 a
3218 4642 3484 4712 praedicto
3519 4642 3598 4698 Si-

2022 4739 2208 4795 sinnio
2272 4739 2560 4796 ordinatus
2603 4738 2903 4808 episcopus
2957 4736 3300 4806 Cyzicenus,
3352 4749 3458 4789 nec
3507 4734 3596 4788 ad-

2026 4830 2230 4886 missus
2262 4845 2293 4885 a
2323 4831 2570 4896 civibus,
2596 4845 2724 4885 cum
2755 4829 2968 4886 interea
2996 4837 3267 4895 vacasset,
3301 4837 3426 4899 post
3453 4844 3599 4885 mor-

2027 4931 2138 4978 tem
2171 4922 2516 4987 Maximiani,
2555 4937 2683 4976 cum
2720 4921 2903 4975 adhuc
2937 4923 3057 4991 ejus
3077 4922 3321 4976 cadaver
3340 4922 3395 4974 in
3429 4923 3599 4977 sacris

2026 5015 2212 5088 adytis
2257 5016 2496 5085 iaceret,
2532 5013 2594 5070 in
2624 5013 2819 5070 eadem
2855 5013 2975 5081 ipsa
3028 5013 3218 5084 Magna
3256 5012 3504 5069 Ecclesia
3534 5014 3599 5068 ad

2027 5107 2294 5164 thronum
2324 5106 2605 5164 evehitur.
2630 5146 2650 5163 .
2675 5143 2693 5162 .
2715 5144 2731 5160 .
2752 5144 2772 5164 .
2794 5145 2813 5164 .
2835 5143 2852 5162 .
2903 5107 3046 5162 sedit
3082 5105 3244 5160 annis
3274 5105 3363 5171 12,
3397 5105 3600 5161 mensi-

2024 5200 2131 5258 bus
2159 5201 2215 5256 5.

2101 5411 2398 5470 Flavianus
2446 5413 2740 5488 presbyter
2789 5406 3442 5482 Constantinopolitanus
3507 5424 3600 5465 an-

2027 5519 2102 5560 no
2135 5505 2187 5566 1.
2218 5506 2506 5562 mensibus
2537 5507 2626 5563 10.
3605 5580 3610 5586 ,

2099 5595 2240 5651 Cum
2287 5596 2336 5654 is
2385 5605 2456 5654 ab
2498 5599 2672 5671 impio
2723 5599 2985 5658 Dioscoro
3040 5600 3366 5657 interfectus
3415 5604 3602 5660 esset,

2028 5688 2319 5744 Anatolius
2350 5691 2644 5763 presbyter
2671 5702 2728 5750 et
2765 5693 3165 5764 apocrisiarius
3190 5694 3452 5751 Ecclesiae
3477 5693 3612 5763 Ale-q

2029 5777 2320 5836 xandrinte
2367 5782 2681 5852 ordinatur,
2726 5795 3037 5857 praeestque
3085 5788 3248 5842 annis
3297 5785 3352 5856 8,
3400 5787 3609 5844 mensi?

2032 5871 2132 5926 bus
2169 5872 2222 5927 8.
