4084 6494
425 394 532 459 455

1671 374 2093 438 ΝΙΟΕΡΗΟΒΙ
2133 372 2483 435 CALLISTI

3603 358 3706 420 416

499 509 828 567 Gennadius
875 505 1174 579 presbyter
1222 499 1877 572 Constantinopolitanus
1925 511 2021 552 an-

2194 493 2478 555 Γεννάδιος
2508 488 2884 562 πρεσϐύτερος
2931 479 3572 543 Κωνσταντινουπόλεως
3607 481 3704 550 ἕιη

430 604 541 660 nis.
563 641 577 656 .
599 645 613 659 .
657 601 940 656 mensibus
967 601 1022 656 5.

503 697 741 752 Acacins
795 695 1090 766 presbyter
1119 689 1772 760 Constantinopolitanus
1822 691 1879 738 et
1923 698 2016 738 or-

432 788 745 856 phanorum
791 797 1018 840 curator
1048 786 1230 840 annis.
1255 825 1268 838 .
1294 825 1310 840 .
1346 783 1652 838 mensibus.
1679 819 1694 834 .
1725 820 1738 834 .

393 907 397 910 λ
508 882 768 936 Phraitas
823 879 1119 949 presbyter
1177 886 1381 931 sancta!
1461 874 1681 928 Thecla:
1752 871 2019 945 Sycarum

435 972 726 1028 mensibus
761 971 816 1034 5,
853 969 1055 1022 diebus
1094 969 1180 1022 l7.
1213 967 1365 1021 Zeno
1395 966 1548 1020 illum
1579 964 1782 1020 erexit.

509 1066 748 1119 Aeacius
785 1063 1078 1133 presbyter
1113 1059 1409 1114 haereticus
1448 1057 1551 1113 sub
1594 1055 1894 1111 Anastasio
1933 1053 2024 1108 Di-

435 1174 569 1212 Coro
625 1155 790 1210 annis
818 1157 905 1217 l7,
935 1153 1222 1208 mensibus
1249 1152 1302 1207 9.
1333 1151 1432 1206 llic
1460 1156 1582 1203 erat
1610 1149 1779 1204 etiam
1822 1147 2024 1216 orpha-

438 1267 576 1305 nuru
587 1267 637 1303 In
671 1258 918 1303 curator.

508 1343 856 1412 Euphemius
911 1339 1206 1410 presbyter
1259 1333 1920 1404 Constantinopolitanus
1969 1341 2027 1386 et

441 1451 752 1506 pauperum
803 1442 1031 1487 curator
1081 1430 1392 1500 Neapoleos
1431 1427 1593 1482 annis
1625 1441 1722 1481 sex
1768 1441 1895 1482 cum
1944 1425 2028 1480 di-

442 1529 638 1583 midio.
1407 1592 1410 1598 ι

516 1620 595 1676 Eo
621 1619 690 1674 ah
719 1618 1010 1673 Anastasio
1054 1618 1393 1687 imperatore
1421 1615 1627 1686 ejecto,
1661 1622 1886 1669 creatur
1919 1613 2032 1667 Ma-

444 1709 716 1765 cedonius
740 1711 1029 1778 presisyter
1058 1705 1717 1775 Constantinopolitanus
1745 1747 1758 1768 ,
1789 1713 1843 1758 et
1871 1720 2033 1759 vaso-

447 1817 571 1856 rum
630 1811 845 1864 custos.
893 1801 988 1870 qui
1041 1799 1188 1856 sedit
1238 1799 1403 1853 annis
1438 1797 1526 1862 16,
1571 1795 1860 1851 mensibus
1887 1796 1942 1859 7,
1974 1804 2032 1851 et

445 1891 710 1960 expulsus
738 1901 825 1945 est
858 1890 928 1945 ah
960 1891 1275 1945 Anastasio.

520 1979 850 2035 Timotheus
903 1980 1195 2050 presbyter
1249 1975 1935 2046 Constantinopolitanus,
1975 1985 2032 2031 et

444 2087 709 2128 vasorum
744 2083 953 2138 custos,
980 2071 1140 2125 annis
1171 2071 1225 2136 6,
1255 2084 1382 2124 cutn
1431 2067 1690 2135 dimidio,
1715 2067 1823 2122 sub
1867 2065 2037 2121 Justi-

447 2166 618 2220 niano
653 2163 876 2234 Magno.

519 2258 765 2313 Joannes
795 2255 1095 2326 Cappadox
1131 2256 1423 2325 presbyter
1465 2263 1523 2308 et
1570 2252 1851 2326 syncellus
1887 2251 2036 2306 Con-

449 2351 850 2422 stantinopolas
905 2351 1010 2404 sub
1071 2349 1391 2404 Justiniano
1446 2362 1594 2402 anno
1647 2360 1782 2409 uno,
1823 2343 2033 2399 mensi.

451 2445 558 2498 bus
589 2441 677 2502 10.

529 2531 876 2604 Epiphanius
938 2531 1230 2603 presbyter
1283 2530 1935 2601 Constantinopolitanus
1979 2536 2038 2584 et

452 2627 734 2698 syncellus
763 2625 925 2681 annis
958 2627 1047 2691 16,
1081 2623 1366 2679 mensibus
1395 2624 1451 2678 5.
1744 2675 1748 2678 η

526 2718 829 2773 Anthimus
884 2719 1065 2787 primo
1113 2714 1590 2786 Trapezuntinus,
1637 2715 1840 2772 deinde
1889 2715 2038 2772 Con-

454 2810 996 2881 stantinopolitanus
1054 2824 1276 2879 praeses,
1323 2809 1614 2864 mensibus
1661 2807 1880 2865 decem.
1933 2809 2038 2866 llic

455 2903 744 2975 depositus
781 2911 867 2958 est.
909 2917 940 2957 a
973 2903 1184 2972 synodo
1212 2912 1410 2958 contra
1451 2901 1719 2957 Severum
1757 2911 1814 2956 et
1843 2912 2039 2957 contra

455 2998 636 3069 ipsum
664 2996 991 3052 Anthimum
1021 3005 1236 3049 coacta.

526 3088 717 3145 Menas
765 3088 1052 3158 presbyter
1079 3085 1758 3156 Constantinopolitanus,
1793 3096 1847 3140 et
1901 3101 2039 3156 prae.

2127 627 2144 643 .
2181 630 2196 643 .
2228 626 2242 640 .
2279 625 2295 641 .
2333 588 2512 656 μῆνας
2540 581 2612 652 γ’.

2207 679 2464 740 Ἀκάκιος
2502 674 2881 746 πρεσϐύτερος
2943 669 3578 731 Κωνσταντινουπόλεως
3612 669 3709 720 καὶ

2123 770 2532 842 ὀρφανοτρόφος
2564 767 2658 838 ἔτη
2704 807 2718 821 .
2751 803 2767 819 .
2804 805 2819 819 .
2855 804 2870 820 .
2904 765 3084 834 μῆνας
3118 801 3132 815 .
3165 805 3178 817 ,
3212 802 3226 815 .
3265 802 3278 816 .

2195 864 2435 932 Φραῖτας
2493 860 2873 929 πρεσϐύτερος
2899 857 2999 926 τῆς
3054 854 3219 922 ἁγίας
3271 852 3482 921 Θέκλης
3518 849 3708 903 Συκῶν

2131 956 2308 1026 μῆναὶ
2333 952 2402 1023 γ’.
2433 953 2650 1025 ἡμέρας
2685 952 2772 1016 ιζ’.
2825 952 2882 1004 Ὀ
2907 952 3095 1020 Ζήνων
3123 948 3407 1014 ὲποῖησεν.

2211 1047 2468 1108 Ἀκάκιος
2523 1045 2898 1115 πρεσϐύτερος
2927 1039 3202 1111 αἱρετικὸς
3235 1040 3328 1092 ἐπὶ
3357 1036 3714 1089 Ἀναστασίου

2128 1140 2223 1193 τοῦ
2289 1139 2522 1209 Δικόρου
2562 1137 2660 1208 ἔτη
2697 1134 2786 1203 ιζ’,
2822 1135 2999 1205 μῆνας
3027 1131 3094 1186 0'.
3123 1126 3293 1191 Οὗτος
3317 1126 3384 1201 ἦν
3423 1129 3516 1182 καὶ
3540 1128 3715 1196 ὀρφα-

2131 1249 2223 1287 νοτ
2233 1233 2414 1302 ρόφος.
3257 1293 3259 1295 ι

2203 1325 2494 1399 Εὑφήμιος
2547 1322 2928 1394 πρεσϐύτερος
2956 1319 3589 1381 Κωνσταντινουπὸλεως
3628 1317 3717 1370 καὶ

2131 1421 2523 1492 πτωχοτρόφος
2556 1416 2882 1478 Νεαπόλεως
2910 1413 3008 1482 ἐτη
3041 1413 3095 1478 ς’
3129 1414 3329 1484 ἥμισυ.

2205 1601 2411 1655 Τούτου
2468 1597 2834 1669 ἐκϐληθέντος
2891 1596 2998 1649 ὑπὸ
3059 1595 3441 1659 Ἀναστασέου,
3507 1593 3722 1660 γίνεται

2134 1692 2474 1756 Μακεδόνιος
2503 1692 2884 1762 πρεσϐύτερος
2916 1688 3568 1750 Κωνσταντινουπόὶεως,
3628 1689 3723 1736 καὶ

2137 1785 2502 1855 σκευοςρύλαξ,
2569 1783 2666 1852 ἐτη
2717 1780 2822 1850 ις’,
2886 1785 3062 1852 μῆνας
3088 1778 3168 1846 ζ’·
3221 1781 3279 1844 ὂς
3323 1779 3594 1848 ἐξεϐλήθη
3619 1778 3726 1830 ὑπὸ

2147 1879 2535 1935 Ἀναστασίου.

2203 1972 2468 2043 Τιμόθεος
2485 1969 2763 2041 πρεσϐύτε
2773 1986 2861 2041 ρος
2885 1966 3518 2030 Κωνσταντινουπόλεως
3534 1981 3725 2016 σκευο-

2140 2065 2320 2134 φύλαξ
2339 2065 2437 2134 ἐτη
2476 2062 2530 2129 ς’
2551 2063 2748 2134 ἥμισυ,
2802 2063 2898 2115 ἐπὶ
2949 2057 3338 2115 Ἰουστινιανοῦ
3389 2057 3482 2110 τοῦ
3537 2057 3726 2124 Μεγά-

2132 2162 2248 2216 λου.

2227 2251 2482 2321 Ἰωάννης
2514 2253 2543 2306 ὁ
2592 2249 2974 2320 Καππαδόκης
3021 2245 3404 2318 πρεσϐύτερος
3452 2246 3547 2298 καὶ
3599 2245 3732 2313 σὶγο

2141 2343 2334 2405 κελλος
2380 2341 3022 2404 Κωνσταντινουπόλεως
3064 2340 3160 2394 ἐπὶ
3194 2333 3572 2393 Ἰουστινιανοῦ
3608 2337 3723 2400 ἔτος

2145 2432 2217 2499 α’,
2250 2437 2426 2505 μῆνας
2465 2433 2518 2489 ι’.

2228 2528 2549 2596 Ἐπιφάνιος
2577 2527 2953 2598 πρεσϐύτερος
2977 2526 3610 2589 Κωνσταντινουπόλεως
3637 2527 3734 2578 καὶ

2144 2621 2444 2691 σύγκελλος
2472 2621 2568 2693 ἐτη
2605 2627 2706 2687 ις’,
2746 2622 2926 2693 μῆνας
2955 2619 3025 2689 γ’.

2220 2717 2486 2784 ἈνΘιμος
2538 2715 3014 2785 ὁΤραπεζοῦντος
3066 2715 3358 2785 πρότερον,
3408 2707 3528 2765 εἷτα
3581 2713 3737 2764 Κων-

2144 2808 2649 2872 σταντινουπόλεως
2711 2810 2888 2879 μῆνας
2949 2806 3000 2861 ι’.
3064 2806 3235 2868 Οὗτος
3290 2805 3569 2878 καθῃρέθη
3628 2805 3736 2856 ὑπὸ

2148 2905 2248 2972 τῆς
2284 2903 2428 2956 κατὰ
2462 2900 2557 2956 τοῦ
2595 2903 2839 2972 Σευήρου
2877 2902 2973 2954 καὶ
3007 2899 3130 2954 κατ’
3165 2899 3334 2953 αὑτοῦ
3368 2898 3732 2970 συνελθούσης

2149 2998 2397 3052 συνόδου.

2219 3090 2414 3160 Μηνᾶς
2447 3087 2823 3159 πρεσϐύτερος
2859 3085 3496 3150 Κωνσταντινουπύλεως
3523 3084 3736 3150 ξενοδὸ-

457 3181 641 3235 lectus
695 3179 922 3248 hospitii
972 3178 1321 3247 Sampsonis,
1370 3176 1664 3232 ordinatus
1693 3177 1762 3232 ab
1794 3177 2041 3247 Agapeto

2154 3199 2240 3251 χος
2307 3181 2417 3234 τῶν
2468 3181 2732 3250 Σαμψὼν,
2790 3178 3199 3249 χειροτονηθεὶς
3246 3177 3355 3231 ὑπὸ
3424 3177 3733 3250 Ἀγαπητοῦ

461 3287 601 3344 papa
624 3271 836 3332 Boium,
864 3270 1025 3322 annis
1051 3270 1135 3334 16,
1167 3269 1454 3341 mensibus
1487 3267 1542 3322 6.

536 3366 614 3418 Eo
645 3374 830 3417 autem
858 3361 1122 3415 defuncto
1151 3369 1206 3414 et
1237 3359 1420 3414 adhuc
1453 3359 1506 3412 in
1543 3357 1829 3427 sandapila
1861 3357 1931 3412 ad
1960 3373 2045 3412 sa-

461 3456 706 3512 crarium
724 3455 970 3526 jacente,
991 3453 1282 3506 ordinatus
1303 3459 1390 3504 est
1416 3449 1724 3521 Eutychius
1755 3448 2046 3520 presbyter

461 3559 520 3606 et
554 3549 861 3604 monachus
892 3546 1214 3602 monasterii
1242 3546 1609 3610 Amasiensis,
1639 3545 1734 3615 qui
1777 3544 1918 3600 sedit
1946 3560 2047 3598 an-

464 3645 551 3698 nis
583 3643 668 3707 12,
702 3641 988 3696 mensibus
1021 3641 1076 3695 5.

537 3734 640 3790 Hic
681 3734 896 3805 eiectus
937 3741 1022 3790 est
1068 3749 1098 3788 a
1137 3732 1454 3790 Iustiniano
1501 3731 1859 3801 lmperatore,
1901 3744 2049 3784 anno

467 3827 688 3898 imperii
726 3827 904 3898 ipsius
937 3826 1028 3893 58,
1059 3834 1400 3896 creaturque
1435 3835 1561 3894 post
1596 3824 1841 3878 triduum
1879 3822 2051 3878 Joan-

467 3938 568 3979 nes
603 3921 980 3977 Scholasticus
1017 3921 1307 3991 presbyter
1338 3919 1746 3980 Antiochenus,
1778 3916 1874 3987 qui
1907 3916 2050 3971 sedit

467 4015 630 4070 annis
661 4013 743 4077 l2,
777 4015 1061 4070 mensibus
1089 4014 1143 4068 6.
1177 4012 1278 4067 11ἰε
1310 4021 1432 4066 erat
1462 4010 1566 4066 sub
1595 4009 1813 4065 Justino
1839 4007 2052 4064 sororis

463 4107 762 4166 Iustiniani
800 4109 912 4162 tilio
938 4127 953 4164 :
987 4124 1054 4163 ac
1084 4107 1189 4162 sub
1218 4104 1445 4160 Tiberio
1474 4113 1726 4158 mortuus
1756 4111 1862 4167 est,
1906 4101 2054 4173 ejus-

467 4218 576 4273 que
607 4201 732 4256 loco
764 4217 984 4255 rursum
1015 4208 1312 4270 cooptatur

538 4294 850 4364 Eutychius
894 4293 988 4363 qui
1039 4293 1182 4347 sedit
1209 4293 1371 4346 annis
1398 4292 1455 4353 4.
1489 4290 1780 4346 mensibus
1803 4288 1861 4352 6,
1892 4301 2055 4341 omne

473 4395 693 4454 tempus
720 4383 1242 4452 archiepiscopatus
1269 4383 1390 4452 ejus
1417 4390 1502 4436 est
1527 4396 1800 4435 annorum
1828 4379 1917 4445 l7,
1945 4392 2056 4432 uno

471 4476 703 4532 deﬁcien
713 4489 761 4530 te
789 4490 997 4530 mense.

550 4567 792 4623 Joannes
817 4569 1088 4623 diaconus
1111 4567 1321 4637 Magna:
1355 4566 1617 4622 Ecclesiae
1636 4573 1693 4620 et
1715 4565 2057 4631 sacellarius,

473 4662 758 4732 Jejunator
778 4661 981 4726 dictus,
999 4661 1100 4716 suh
1120 4660 1384 4716 Mauricio
1403 4661 1563 4714 annis
1588 4659 1675 4725 15,
1701 4659 1985 4714 mensibus
2002 4659 2056 4714 5.

477 4753 782 4810 Ordinatus
819 4763 904 4809 est
930 4764 1054 4824 post
1084 4755 1224 4809 dies.
1252 4791 1268 4806 .
1294 4793 1308 4808 .
1336 4789 1352 4807 .
1379 4790 1392 4806 .
1414 4791 1430 4807 .
1471 4751 1782 4821 imperante
1813 4750 2056 4807 Tiberio.

473 4847 626 4904 Obiit
654 4855 836 4902 autem
885 4863 1030 4900 anno
1056 4846 1272 4902 decimo
1299 4854 1500 4917 quarto
1532 4843 1780 4900 Mauricii
1822 4844 2061 4916 impera-

478 4944 638 4996 toris.

544 5034 814 5107 Cyriacus
857 5032 1142 5105 presbyter
1178 5041 1233 5088 et
1261 5047 1585 5088 oeconomus
1635 5047 1848 5103 magnae
1875 5031 2061 5087 Eccle-

476 5129 596 5192 siae,
625 5126 790 5181 annis
823 5127 912 5180 11.
943 5125 1043 5181 llic
1084 5135 1202 5182 erat
1233 5125 1337 5180 sub
1372 5123 1640 5180 Mauricio
1669 5131 1726 5179 et
1751 5123 1853 5179 sub
1878 5122 2059 5179 Phoca

479 5227 493 5272 1
502 5233 736 5290 yranno.

550 5311 793 5364 Thomas
815 5310 1082 5365 diaconus
1107 5319 1164 5365 et
1193 5309 1519 5366 sacellat-ius
1545 5307 1749 5380 Magna:
1773 5307 2058 5374 Ecclesiae,

475 5403 639 5456 annis
664 5403 718 5466 5,
753 5403 1035 5459 mensibus
1062 5404 1117 5458 2.

549 5494 778 5566 Sergius
813 5495 1082 5550 diaconus
1134 5494 1396 5551 Ecclesiae
1429 5493 2062 5564 ConstantinOpolitana:

475 5600 545 5642 ex
575 5588 643 5641 iis
675 5589 793 5657 qui.
827 5627 840 5640 .
869 5629 882 5641 .
914 5626 928 5642 .
957 5628 971 5642 .
997 5627 1012 5643 .
1063 5599 1120 5643 et
1151 5589 1204 5642 iu
1252 5589 1435 5658 phiala
1466 5599 1728 5658 portuum
1779 5588 2064 5658 hospitalis

477 5682 585 5734 Sub
615 5679 795 5735 Phoca
821 5689 878 5734 et
915 5681 1172 5736 Heraclio
1201 5681 1362 5736 annis
1387 5680 1480 5747 28,
1518 5679 1804 5735 mensibus
1831 5679 1882 5745 7,
1906 5694 2062 5734 crea-

482 5779 571 5827 tus
603 5788 799 5842 nntgno
833 5772 1097 5828 Sabbato.
1217 5765 1231 5780 ’

551 5863 796 5936 Pyrrhus
829 5868 1122 5940 presbyter
1157 5867 1364 5937 Magnae
1398 5867 1681 5934 Ecclesiae,
1718 5875 1774 5922 et
1799 5867 2061 5937 princeps

2147 3275 2350 3328 πάππα
2383 3271 2636 3344 Ῥώμης,
2669 3273 2768 3340 ἔτη
2799 3269 2896 3336 ις’,
2942 3271 3117 3340 μῆνας
3146 3275 3222 3334 ς’.

2217 3367 2486 3428 Θανὸντος
2513 3367 2570 3420 δὲ
2602 3364 2799 3418 τούτου
2828 3364 2922 3417 καὶ
2952 3364 3034 3416 ἔτι
3077 3361 3334 3432 κειμένου
3358 3363 3416 3415 ἐν
3438 3365 3504 3434 τῇ
3533 3362 3736 3434 λεκάνῃ

2150 3459 2320 3512 αὑτοῦ
2352 3461 2410 3512 ὲν
2443 3457 2519 3528 τῷ
2561 3455 2816 3528 ῑερατείῳ
2869 3455 3257 3526 ἐχειροτονήθη
3311 3455 3573 3526 Εὐτύχιος
3601 3473 3729 3526 πρε-

2152 3553 2418 3623 σϐύτερος
2472 3552 2569 3604 καὶ
2622 3550 2856 3620 μοναχδς
2907 3547 3001 3602 τοῦ
3059 3551 3120 3603 ὲν
3161 3551 3430 3622 ’Λμασεέᾳ
3461 3567 3738 3620 μοναστη-

2152 3645 2270 3717 ρίου
2297 3646 2390 3714 ἔτη
2422 3644 2510 3714 ιβ’,
2541 3645 2716 3714 μῆνας
2749 3642 2812 3696 ε’.

2226 3734 2398 3801 Οὗτος
2449 3737 2716 3808 ἐξεϐλήθη
2751 3736 2859 3788 ὑπὸ
2903 3735 3000 3789 τοῦ
3056 3735 3323 3806 βασιλέως
3352 3737 3737 3790 ἰουστινιανοῦ

2152 3831 2235 3904 τῷ
2273 3831 2355 3900 λη’
2395 3831 2509 3884 ἔτει
2556 3831 2653 3899 τῆς
2682 3828 2849 3882 αὐτοῦ
2877 3830 3180 3899 βασιλείας,
3211 3833 3306 3884 καὶ
3329 3831 3536 3898 γίνεται
3559 3831 3740 3884 Ἰωάν-

2104 3995 2111 4003 .
2152 3942 2250 3998 νης
2285 3924 2650 3995 Σχολαστικὸς
2679 3923 3060 3994 πρεσϐύτερος
3091 3925 3427 3995 Ἀντιοχείας
3451 3923 3570 3993 μεθ’
3604 3925 3740 3996 ἡμέ“

2158 4037 2256 4091 ρας
2285 4025 2334 4087 γ’
2370 4018 2463 4089 ἔτη
2512 4015 2600 4088 ιβ’,
2642 4018 2818 4086 μῆνας
2883 4015 2958 4081 ς’.
2993 4009 3166 4080 Οὗτος
3196 4012 3264 4087 ἦν
3315 4020 3410 4070 ἐπὶ
3445 4017 3740 4071 Ἰουστίνου

2153 4109 2379 4181 ἀνεψιοῦ
2407 4108 2815 4162 Ἰουστινιανοῦ.
2849 4106 3023 4171 Οὗτος
3058 4110 3153 4162 ἐπὶ
3209 4107 3469 4180 Τιϐερίου
3511 4109 3744 4181 τελευτᾷ

2154 4200 2272 4265 οὗν,
2308 4201 2402 4255 καὶ
2441 4200 2704 4268 ἀνάγεται
2738 4199 2899 4253 πάλιν

2229 4291 2494 4362 Εὐτύχιος
2547 4291 2643 4361 ἐτη
2693 4291 2756 4356 δ’,
2805 4290 2985 4360 μῆνας
3034 4289 3111 4357 ς’,
3159 4292 3298 4361 ὁμοῦ
3331 4294 3399 4346 τὰ
3433 4293 3611 4346 πάντα
3645 4295 3742 4365 ἐτη

2161 4389 2258 4451 τῆς
2289 4384 2707 4456 ἀρχιερωσύνης
2755 4385 2925 4439 αὐτοῦ
2980 4386 3194 4456 ἔτηιζ’,
3248 4387 3416 4458 χωρὶς
3452 4385 3570 4456 eve;
3633 4406 3746 4459 μη-

2163 4480 2276 4542 νός.

2243 4572 2502 4643 Ἰωάννης
2530 4571 2782 4636 διάκονος
2830 4575 2930 4642 τῆς
2959 4572 3225 4642 Μεγάλης
3277 4571 3616 4642 Ἐκκλησίας
3643 4571 3742 4625 καὶ

2163 4664 2526 4735 σακελλάριος
2568 4667 2596 4717 ὁ
2649 4665 2971 4736 Νηστευτὴς
3011 4666 3103 4718 ἐπὶ
3137 4665 3448 4736 Μαυρικιου
3504 4664 3597 4734 ἔτη
3651 4671 3734 4731 ιγ’,

2165 4763 2341 4830 μῆνας
2381 4766 2444 4812 ε’.
2485 4757 2904 4830 Ἐχειροτονήθη
2939 4757 3062 4827 μεθ’
3107 4761 3324 4829 ἡμέρας
3357 4798 3370 4812 .
3408 4797 3424 4812 .
3461 4796 3476 4812 .
3509 4758 3596 4809 ἐπὶ
3639 4757 3735 4822 τῆς

2165 4851 2444 4920 βασιλείας
2509 4849 2798 4919 Τιϐερίουο
2859 4848 3093 4920 τελευτᾷ
3145 4849 3204 4901 δὲ
3260 4849 3339 4920 τῷ
3391 4849 3450 4902 ιδ’
3481 4847 3587 4901 ετει
3633 4846 3734 4911 τῆς

2129 5005 2132 5008 ,
2162 4941 2479 5012 Μαυρικίου
2506 4939 2811 5010 βασιλείας.

2237 5031 2521 5103 Κυριακδς
2559 5033 2933 5104 πρεσϐύτερος
2974 5035 3069 5084 καὶ
3099 5031 3391 5101 οἰκονόμος
3439 5033 3534 5100 τῆς
3557 5031 3745 5099 Μεγά-

2163 5127 2262 5196 λης
2299 5124 2631 5194 Ἐκκλησίας
2688 5126 2785 5195 ἐτη
2820 5123 2908 5178 ια’.
2951 5123 3123 5186 Οὗτος
3171 5119 3242 5196 ἦν
3287 5123 3380 5176 ἐπὶ
3430 5124 3745 5192 Μαυρικίου

2163 5220 2258 5272 καὶ
2289 5219 2382 5270 ἐπὶ
2407 5218 2572 5270 Φωκᾶ.
2602 5216 2698 5270 τοῦ
2725 5217 3018 5285 τυράννου.
3056 5217 3060 5220 ’

2205 5309 2437 5379 «Empta;
2487 5308 2735 5372 διάκονος
2790 5311 2884 5362 καὶ
2941 5308 3306 5380 σακελλὰριος
3355 5313 3456 5380 τῆς
3486 5309 3748 5378 Μεγάλης

2175 5402 2507 5473 Ἐκκλησίας
2536 5403 2629 5472 ἐτη
2661 5399 2731 5470 γ’,
2765 5403 2944 5474 μῆνας
2980 5403 3044 5471 β’.

2217 5496 2465 5566 Σέργιος
2498 5496 2746 5560 διάκονος
2784 5497 2886 5565 τῆς
2948 5496 3278 5567 Ἐκκλησίας
3304 5497 3750 5550 Κωνσταντινου-

2165 5589 2378 5652 πῦλεως
2406 5588 2517 5643 τῶν
2545 5591 2603 5640 ὲν
2635 5627 2650 5642 .
2684 5627 2700 5643 .
2733 5625 2746 5640 .
2788 5629 2803 5644 .
2850 5589 2947 5641 καὶ
2991 5589 3165 5660 φιάλῃ
3190 5590 3300 5641 τῶν
3335 5590 3568 5658 λιμένωι
3603 5604 3751 5638 πτω-

2164 5682 2330 5752 χείων
2359 5681 2455 5735 ἐπὶ
2477 5682 2640 5734 Φωκᾶ
2663 5681 2756 5734 καὶ
2798 5681 3127 5748 Ἡρακλείου
3169 5680 3266 5750 ἐτη
3320 5686 3429 5750 κη’,
3468 5681 3643 5750 μῆνας
3677 5676 3745 5743 ζ’,

2166 5771 2410 5842 γεγονὼς
2440 5773 2518 5844 τῷ
2545 5773 2774 5844 μεγάλῳ
2806 5773 3099 5840 Σαϐϐάτῳ.

2239 5866 2456 5936 Πύρρος
2518 5864 2894 5936 πρεσϐύτερος
2950 5867 3050 5936 τῆς
3109 5867 3372 5938 Μεγάλης
3415 5864 3748 5936 Ἐκκλησίας
