4076 6440
366 277 456 342 5H

1241 277 1500 342 SERMO
1538 279 1621 340 IN
1664 279 1722 343 S.
1765 277 2078 339 MARIAM
2121 277 2677 344 MAGDALENAM.

3507 281 3628 345 542

361 393 518 463 χάριν
551 388 816 460 οὐμενοῦν
861 390 922 445 οὐ
957 392 1158 462 μικρὰν
1190 395 1302 455 τοῖς
1332 409 1396 460 γε
1445 392 1525 463 τῷ
1559 392 1686 463 περὶ
1719 390 1925 460 ταύτης
1953 394 1971 450 1

2074 390 2270 445 referre
2299 401 2656 462 prazsument.
2681 392 2787 461 Qui
2815 392 2961 449 cnim
2991 393 3163 450 labori
3189 391 3350 450 alicui
3375 351 3622 464 indulget

363 484 503 552 λόγῳ
533 483 875 554 θαρσήσασιν
913 479 1011 537 οἷδ’
1050 485 1132 538 ὅτι
1181 484 1494 557 παρέξειεν.
1541 487 1690 556 Ὅτῳ
1729 484 1832 554 γὰρ
1867 485 1933 538 ἀν

365 575 591 637 ἕκαστος
616 574 764 646 ἔργῳ
803 575 884 629 ἔτι
929 576 1007 647 τῷ
1038 577 1138 661 ζῇν
1165 579 1395 649 περιὼν,
1431 579 1627 633 ἑαυτὸν
1663 580 1934 649 ἐπιδιδοξη

363 669 456 722 καὶ
484 668 688 740 ἥδοιτο.
712 669 890 740 τούτῳ
917 670 982 742 δὴ
1010 673 1106 725 καὶ
1135 671 1246 725 τῶν
1268 671 1480 725 ἐνθένδε
1514 673 1936 744 μεταχωρήσας,

365 763 419 815 εἴ
448 779 554 816 τινι
605 765 714 817 τῶν
761 765 1024 819 ἁπάντων
1057 766 1232 835 ὁρῷτο
1285 765 1618 836 τιμώμενος,
1674 768 1939 834 γάννυται

367 855 457 907 ἐπὶ
495 855 716 923 μᾶλλον,
769 857 862 909 καὶ
906 857 1264 928 ἀνεκλαλήτῳ
1293 858 1477 929 χαίρει
1510 861 1676 930 χαρᾷ.
1729 860 1827 912 Διά
1856 876 1941 912 τοι.

368 947 536 1000 ταῦτα
570 949 848 1018 προσῆκον
883 950 976 1002 καὶ
1009 952 1214 1004 οἰκεῖον
1241 953 1308 1022 τῇ
1340 952 1432 1004 τοῦ
1457 953 1636 1020 Λόγου
1664 951 1944 1022 μαθητρίᾳ

369 1041 428 1092 τὸ
457 1043 518 1092 ἐκ
545 1041 716 1106 λόγων
746 1040 1046 1110 ἐγκώμιον.
1072 1042 1148 1095 Οὐ
1183 1043 1290 1114 μὴν
1313 1043 1450 1097 ἀλλά
1480 1046 1575 1096 καὶ
1600 1044 1724 1098 καθ’
1753 1045 1945 1114 ἕτερόν

370 1151 433 1201 γε
488 1137 689 1204 τρόπον
744 1138 1046 1206 ἀναγκαῖος
1083 1139 1217 1206 ἡμῖν
1271 1141 1300 1192 ὁ
1351 1142 1482 1210 περὶ
1530 1142 1733 1212 ταύτης
1785 1141 1946 1210 λόγος

372 1228 536 1328 ἐστίν’
572 1230 727 1328 ἀείδρὶ
893 1231 1039 1296 ἐξέτι
1083 1232 1205 1286 νέου
1242 1233 1438 1302 λόγους
1485 1235 1811 1299 ἀσκήσαντι.
1849 1234 1948 1287 καὶ

374 1317 586 1379 τούτοις
614 1317 689 1381 ὼς
717 1319 1372 1400 μάλισταθσυντραφέντι,
1401 1325 1632 1395 δεύτερά
1654 1339 1713 1378 τε
1742 1325 1949 1379 τούτων

375 1407 644 1480 τιθεμένῳ
667 1411 737 1464 τὰ
764 1413 962 1479 πάντα,
997 1416 1093 1468 καὶ
1119 1417 1297 1486 χρεών
1326 1435 1389 1486 γε
1417 1417 1476 1470 ὃν
1497 1418 1614 1486 Θεῷ
1639 1419 1950 1472 ἀνατιθέναι

375 1497 483 1550 τῶν
514 1499 690 1567 λόγων
717 1503 815 1567 τὰς
847 1505 1126 1576 ἀπαρχὰς,
1158 1507 1212 1560 τί
1253 1507 1374 1561 ποτ’
1421 1510 1487 1562 ἂν
1521 1510 1727 1579 μᾶλλον
1757 1511 1952 1577 ἐκείνῳ

376 1603 439 1655 γε
467 1589 619 1660 ἥδιον
648 1593 732 1663 εἵη
778 1593 810 1663 ῆ
838 1595 997 1662 λόγος
1033 1599 1062 1650 ὁ
1094 1597 1222 1667 περὶ
1262 1599 1462 1668 Λόγου,
1495 1601 1649 1671 καὶή
1680 1602 1809 1669 περὶ
1842 1601 1954 1654 τῶν

377 1682 520 1752 λόγῳ
548 1683 784 1748 πίστεως
815 1686 1231 1758 διαδραμόντων
1265 1691 1364 1762 τὴν
1396 1693 1729 1761 οἰκουμένην
1766 1694 1955 1762 διήγη-

2037 483 2224 538 laetitia
2250 482 2513 549 aﬂicitur,‘
2532 493 2588 538 et
2627 487 2671 541 si
2703 486 2966 540 honorem
3001 486 3126 542 inde
3153 487 3481 557 assequitur,
3510 502 3626 540 ma-

2040 576 2188 629 ximo
2215 575 2414 643 gaudio
2441 577 2814 646 perfunditur.
2849 579 3023 633 Nemo
3055 578 3224 649 igitur
3253 577 3459 631 inﬁtias
3496 577 3619 640 ibit,

2042 665 2204 722 Verbi
2229 669 2744 738 discipulaelaudem
2772 670 3156 741 particularem
3177 669 3384 724 deberi.
3412 667 3520 723 Sed
3551 669 3624 722 ob

2042 761 2205 816 aliam
2225 776 2442 831 quoque
2461 775 2679 815 causam
2701 760 2767 815 de
2787 761 3076 828 illajsertno
3100 760 3259 815 nobis
3279 768 3626 830 opportunus

2049 852 2302 907 videtur.
2325 851 2466 917 Quid
2503 852 2710 906 etenim
2737 851 2857 904 viro
2889 852 3192 916 rhetorico,
3229 851 3324 920 qui
3349 849 3622 921 ejusmodi

2047 943 2230 997 studia
2267 943 2530 997 omnibus
2573 942 2698 996 aliis
2742 941 3036 1011 prmponit,
3094 950 3151 994 et
3180 940 3279 1009 qui
3306 953 3624 994 sermonum

2047 1035 2324 1105 primitias
2378 1034 2445 1088 ad
2501 1034 2672 1089 Deum
2713 1033 2902 1096 refert,
2939 1031 3094 1102 quid,
3153 1031 3397 1100 inquam,
3453 1027 3627 1097 magis

2047 1126 2359 1196 jucundum
2400 1126 2511 1179 erit
2582 1140 2747 1195 quam
2779 1139 2966 1178 sermo
3017 1123 3084 1176 de
3130 1121 3310 1176 Verbo
3343 1135 3408 1174 ac
3464 1118 3532 1173 de
3560 1119 3628 1173 iis

2052 1222 2145 1289 qui
2182 1219 2415 1273 verbum
2476 1217 2600 1271 fidei
2633 1231 2731 1285 per
2771 1218 2961 1270 orbem
2992 1213 3311 1268 universum
3338 1209 3632 1266 circumfe-

2051 1312 2222 1366 runt?
2240 1313 2410 1364 Porro
2437 1308 2829 1380 imprudentiae
2862 1322 2928 1362 ac
2946 1305 3212 1360 socordia:
3273 1304 3489 1373 signum
3511 1317 3631 1356 esse

2046 1404 2257 1476 judico,
2324 1403 2628 1472 majoribus
2656 1416 2724 1455 ex
2775 1414 2964 1466 carne,
3000 1396 3258 1468 quamvis
3285 1394 3630 1466 potentibus,

2061 1497 2265 1567 gratias
2293 1495 2522 1563 referre,
2555 1495 2623 1549 iis
2647 1501 2832 1549 autem
2865 1491 2959 1562 qui
2986 1487 3427 1560 regenerationis
3463 1485 3631 1554 spiri-

2057 1591 2218 1644 tualis
2272 1589 2434 1643 nobis
2496 1596 2755 1642 auctores
2805 1585 3162 1650 exstiterunt,
3201 1589 3387 1651 grates
3419 1577 3635 1633 debitas

2063 1697 2173 1735 non
2207 1680 2432 1735 habere.
2477 1677 2610 1734 Sine
2638 1677 2810 1732 dubio
2860 1685 3045 1730 autem
3100 1675 3258 1729 beata
3319 1669 3634 1740 Magdalena

382 1793 502 1840 at;;
539 1778 649 1832 Καὶ
698 1779 886 1849 τρίτον
928 1741 1256 1852 ἀλογίστων,
1290 1741 1620 1852 μίόἰλλονμδιῖε⁷

2074 1789 2246 1827 :orum
2289 1771 2384 1840 qui
2425 1770 2791 1841 spiritualiter
2818 1767 3129 1839 regenerati
3161 1773 3310 1830 sunt,
3344 1760 3626 1832 praecipua

380 1870 589 1940 ἀνδρῶν
620 1871 798 1941 ἔγωγε
823 1873 1018 1943 κρίνω,
1041 1878 1334 1947 προγόνοις
1372 1878 1471 1947 μὲν
1492 1880 1604 1942 τοῖς
1635 1878 1695 1944 ἐξ
1723 1880 1955 1949 αἵματος

379 1963 538 2032 χάριν
586 1967 821 2019 ἐκτίνειν
850 1967 1057 2022 ἐθέλειν
1084 1972 1296 2042 ὃσηπερ
1329 1972 1447 2024 ἐστὶ
1475 1971 1814 2041 δυναμένοις,
1840 1976 1955 2036 τοῖς

379 2055 435 2109 δὲ
468 2056 560 2110 τοῦ
610 2057 922 2129 κρείττονος
977 2063 1111 2133 ἡμῖν
1165 2065 1431 2135 ἀρχηγοῖς
1480 2066 1577 2119 καὶ
1630 2067 1826 2130 αἰτίοις
1857 2067 1957 2136 τὴν

385 2152 766 2224 πνευματικὴν
794 2154 1160 2226 ἀναγέννησιν
1191 2158 1320 2228 μηδ’
1355 2158 1612 2212 ὁπωσοῦν
1655 2162 1960 2232 προθυμεῖ-

387 2240 504 2292 σθαι
539 2242 606 2295 τὰ
639 2237 824 2296 εἰκότα
861 2247 1208 2314 χαρίζεσθαι.
1268 2249 1384 2304 Οὐκ
1428 2250 1625 2320 ἄδηλον
1650 2251 1707 2304 δὲ
1740 2252 1958 2316 πάντως

382 2332 456 2393 ὡς
483 2333 724 2404 ἀρχηγὸς
749 2335 843 2389 καὶ
866 2336 1008 2408 αὕτη
1042 2339 1152 2392 τῶν
1172 2340 1650 2411 ἀναγεννωμένων
1679 2343 1758 2414 τῷ
1788 2342 1957 2396 πνεύ-

389 2441 518 2492 ματι
558 2428 590 2495 ἡ
640 2430 890 2498 μακαρία
932 2431 1273 2503 Μαγδαληνὴ
1312 2435 1701 2505 ἀναμφιϐόλως
1741 2436 1959 2504 λελόγι-

389 2532 529 2569 σται.
586 2518 646 2570 Ei
679 2519 786 2590 γὰρ
821 2521 890 2574 τὰ
922 2521 1032 2574 τῶν
1071 2524 1283 2578 παίδων
1313 2525 1391 2594 τῷ
1433 2528 1604 2597 πατρὶ
1641 2526 1962 2596 λογίζεσθαι

387 2609 493 2660 τῶν
523 2611 915 2680 ὲννομωτάτων
946 2631 1007 2668 τε
1049 2616 1144 2670 καὶ
1185 2617 1569 2682 δικαιοτάτων,
1621 2622 1806 2685 καθὼς
1854 2622 1964 2693 ἄρα

388 2700 523 2769 δῆτα
549 2707 644 2758 xvi.
673 2704 789 2757 ἔστι
819 2708 912 2759 καὶ
945 2707 1185 2776 λέγεται,
1222 2712 1444 2781 πάντως
1476 2712 1572 2765 καὶ
1605 2713 1674 2767 τὰ
1704 2713 1815 2766 τῶν
1854 2732 1964 2786 μα-

393 2794 571 2864 θητῶν
607 2796 683 2866 τῷ
714 2798 1021 2872 διδασκάλῳ
1050 2801 1166 2872 δοίη
1201 2820 1288 2867 τις
1322 2805 1409 2858 ἄν’
1446 2805 1770 2860 διδάσκαλον
1791 2808 1836 2859 δ’
1866 2811 1964 2862 ἄλο

392 2885 480 2937 λον
509 2887 616 2941 τῶν
651 2890 965 2945 ἀποστόλων
995 2895 1136 2959 μετά
1181 2913 1244 2964 γε
1276 2896 1512 2968 Χριστὸν
1564 2898 1619 2952 εί
1649 2917 1732 2962 τις
1777 2901 1966 2970 ἕτερον

392 2978 599 3034 τιθέναι
641 2981 817 3036 ἐθέλοι
853 2983 946 3037 τοῦ
1002 2985 1164 3054 λόγου
1199 2987 1300 3056 τὴν
1351 2989 1627 3060 μακαρίαν
1661 2990 1962 3058 ύπεξελὼν,

2057 1864 2370 1933 sospitatrix
2401 1861 2658 1916 habetur.
2687 1860 2746 1914 Si
2777 1859 2926 1914 enim
2955 1859 3192 1912 ﬁliorum
3226 1853 3634 1924 legitimitatem

2057 1955 2408 2026 acjustitiam
2431 1954 2574 2023 patri
2608 1952 2916 2007 attribuere
2949 1949 3032 2004 fas
3075 1955 3179 2014 est,
3212 1955 3364 2002 certe
3395 1942 3638 2011 discipu-

2057 2046 2237 2100 lorum
2288 2059 2508 2113 quoque
2565 2041 2764 2097 merita
2825 2039 2898 2095 ad
2962 2045 3360 2108 pratceptorem
3424 2031 3638 2087 referre

2059 2145 2303 2207 oportet.
2357 2134 2952 2205 Magdalenamtautcm
2992 2128 3300 2185 secundum
3349 2125 3635 2181 Christum

2061 2229 2330 2300 apostolis
2361 2229 2595 2298 primam
2623 2224 2877 2279 nuntiam
2919 2222 3094 2278 fuisse
3124 2218 3316 2291 negari
3343 2217 3464 2272 sine
3491 2215 3640 2284 inju-

2061 2323 2142 2378 ria
2179 2337 2288 2376 non
2324 2334 2485 2391 posse
2516 2326 2730 2374 constat
2779 2318 2922 2372 inter
2942 2314 3290 2370 Christianos
3320 2328 3335 2378 ;
3371 2322 3542 2379 quare
3571 2306 3640 2360 ab

2069 2414 2335 2485 apostolis
2356 2429 2477 2468 eam
2523 2425 2783 2482 separare
2804 2425 2913 2464 non
2937 2409 3090 2474 licet,
3121 2405 3455 2477 quibuscum
3479 2402 3639 2456 fidem

2065 2519 2409 2561 communem
2439 2503 2714 2569 habebat;
2771 2500 2818 2556 si
2852 2499 3013 2554 beato
3041 2496 3207 2551 Paulo
3243 2495 3404 2549 ﬁdem
3440 2490 3645 2545 l'abcre

2065 2598 2224 2654 decet
2261 2596 2326 2650 ad
2349 2596 2666 2652 Corinthios
2695 2590 3000 2648 scribenti:
3037 2588 3210 2644 «Nam
3237 2587 3279 2641 si
3299 2584 3498 2640 mortui
3538 2597 3643 2635 non

2066 2696 2380 2758 resurgunt,
2403 2702 2582 2755 neque
2605 2684 2857 2740 Christus
2873 2679 3192 2737 resurrexit.
3218 2677 3372 2744 Quod
3396 2677 3441 2732 si
3484 2674 3647 2730 Chri-

2067 2793 2185 2840 stus
2209 2796 2316 2838 non
2335 2779 2657 2842 resurrexit,
2679 2791 2821 2831 vana
2849 2782 2934 2830 est
2955 2772 3090 2826 fides
3104 2779 3285 2826 vestra
3313 2769 3352 2823 ί.
3378 2787 3398 2822 ι
3427 2767 3647 2836 Magda-

2068 2878 2206 2932 lenaa
2236 2886 2418 2930 autem
2449 2873 2641 2944 prima:
2691 2869 2908 2936 obtigit,
2941 2864 3230 2920 Christum
3255 2860 3648 2916 resuscitatutn

2071 2970 2280 3033 videre,
2300 2978 2351 3022 et
2367 2962 2830 3020 resurrectionem
2856 2958 2976 3028 ejus
2999 2953 3260 3025 apostolis
3286 2954 3645 3009 annuntiare,

394 3075 451 3134 ὲς
495 3075 858 3142 Χριστιανοὺς
893 3077 1066 3131 δοκῶν
1115 3080 1288 3132 τελεῖν
1337 3098 1397 3133 τε
1440 3084 1535 3134 καὶ
1575 3082 1962 3149 ὀνομάζεσθαι,

2075 3060 2325 3132 quamvis
2378 3057 2541 3112 verba
2571 3055 2717 3109 illius
2745 3067 2884 3107 vana
2946 3064 3069 3105 esse
3098 3047 3438 3101 viderentur.
3495 3041 3652 3107 Quod

395 3164 495 3218 οὐκ
529 3166 706 3232 ἔγωγε
737 3162 894 3237 οἶμαι
919 3171 984 3222 ἐκ
1011 3168 1103 3222 τοῦ
1132 3172 1334 3241 ῥᾴστου
1366 3173 1560 3225 τοῦτον
1594 3175 1800 3244 εὑρεῖν,
1831 3173 1972 3228 ὥστε

397 3257 494 3309 καὶ
546 3258 615 3310 τὰ
655 3258 762 3310 τῶν
793 3262 1110 3316 ἀποστόλων
1154 3263 1214 3316 ἐν
1246 3281 1310 3332 γε
1363 3265 1438 3334 τῷ
1487 3268 1720 3336 παρόντι
1771 3268 1976 3340 ταύτης

398 3342 729 3410 λογίζεσθαι,
780 3347 841 3400 οὗ
878 3367 969 3418 μοι
1016 3350 1126 3404 ἀπο
1169 3353 1378 3421 τρόπου
1424 3355 1732 3424 εἰρήσεται,
1776 3357 1976 3424 καὶτῷ

398 3437 541 3506 λόγῳ
590 3439 686 3510 τὴν
719 3440 903 3494 πίστιν
945 3441 1217 3506 ἐξαύτῶν
1261 3445 1397 3513 δῆτα
1432 3448 1828 3517 προσηκόντως
1875 3409 1980 3502 πα..

403 3533 720 3602 ράσχοιμεν.
775 3536 838 3589 Ei
905 3537 1014 3606 γὰρ
1063 3538 1173 3608 χρὴ
1240 3535 1318 3604 τῷ
1371 3537 1647 3608 θεσπεσίῳ
1693 3541 1979 3595 πείθεσθαι

403 3626 598 3696 Παύλῳ
630 3630 742 3692 τοῖς
777 3631 835 3682 ἐν
883 3633 1135 3704 Κορίνθῳ
1186 3635 1456 3705 γράφοντι
1481 3651 1496 3666 ·
1551 3651 1570 3685 ι
1604 3635 1666 3686 Ei
1709 3635 1765 3688 δὲ
1797 3635 1980 3703 νεκροὶ

404 3720 501 3770 οὐκ
527 3721 856 3790 ἐγείρονται,
887 3724 1008 3777 ούίὲ
1043 3727 1632 3798 Χριστὺςὲγήγερται·
1668 3728 1718 3780 εί
1765 3727 1820 3780 δὲ
1846 3728 1982 3797 Χρι-

406 3813 528 3872 στός
555 3814 654 3866 οὐκ
683 3816 1001 3885 ἐγήγερται,
1035 3817 1238 3887 ματαία
1269 3820 1301 3888 ἡ
1332 3820 1518 3881 πίστις
1539 3819 1754 3888 ἡμῶν.»
1795 3817 1983 3892 Ταύτῃ

407 3902 450 3954 δ’
489 3904 700 3976 ὑπῆρξε
731 3908 925 3980 πρώτῃ
961 3910 1279 3964 ἀναστάντα
1311 3912 1554 3964 κατιδεῖν
1599 3911 1693 3966 τον
1718 3913 1979 3982 Χριστὸν,

409 3996 624 4060 καῖτὴν
655 3999 953 4054 ἀνάστασιν
984 4002 1096 4063 τοῖς
1124 4002 1449 4066 ἀποστόλοις
1493 4003 1983 4072 εὖαγγελίσασθαι,

409 4088 511 4142 κᾶν
537 4091 700 4159 λῆρος
724 4093 792 4144 τὰ
818 4093 1024 4164 ταύτης
1055 4093 1317 4165 ὤφθησαν
1345 4098 1588 4166 ῥήματα·
1613 4096 1784 4166 ταύτῃ
1805 4096 1985 4148 δοτέον

412 4182 630 4244 πάντως
655 4183 753 4236 καὶ
790 4186 858 4238 τά
891 4185 1000 4238 τῶν
1050 4188 1368 4240 ἀποστόλων
1390 4225 1405 4250 ,
1440 4187 1601 4256 εἴπερ
1631 4187 1708 4255 τῷ
1753 4187 1988 4257 πρώτως

409 4275 624 4344 εὸρόντι
677 4277 748 4330 τά
781 4277 881 4346 τῆς
924 4278 1198 4348 εὑρέσεως
1247 4280 1401 4350 παρὰ
1455 4283 1567 4341 τοῖς
1619 4275 1678 4334 εὖ
1728 4279 1988 4350 φρονοῦσι

409 4365 742 4434 λελόγισται.
778 4371 852 4424 Τὸ
898 4369 942 4423 δ’
983 4371 1235 4426 ἐντεῦθεν
1291 4371 1369 4442 τῷ
1417 4373 1563 4440 λόγῳ
1614 4373 1989 4427 ἀναϐαλέσθαι

2079 3130 2252 3223 igitur
2283 3149 2550 3221 apostolis
2609 3143 2860 3204 obvenit.
2917 3140 2985 3195 ad
3017 3137 3393 3207 Magdaleuam
3457 3130 3653 3186 referri

2075 3247 2263 3310 debet,
2314 3243 2584 3314 siquidem
2645 3253 2809 3292 omne
2869 3235 3156 3290 inventum
3221 3229 3289 3284 ad
3359 3242 3486 3281 eum
3554 3226 3650 3294 qui

2078 3343 2287 3414 primus
2353 3336 2566 3392 invenit
2591 3333 2661 3389 ab
2682 3327 2943 3386 omnibus
2989 3326 3084 3396 qui
3112 3323 3313 3378 mentis
3344 3335 3491 3375 sanae
3526 3325 3660 3371 sunt

2079 3436 2340 3491 refertur.
2371 3431 2663 3499 Nunquam
2692 3426 2840 3482 enim
2876 3435 3068 3476 navem
3102 3417 3245 3472 male
3272 3422 3652 3470 consum-tam

2080 3528 2218 3581 mari
2265 3526 2375 3580 alto
2414 3517 2888 3579 committendam,
2916 3523 3010 3568 aut
3042 3511 3242 3565 undam
3290 3509 3659 3562 decumanum

2081 3622 2280 3688 exiguo
2307 3616 2526 3685 navigio
2557 3611 2872 3668 tentandum
2908 3620 3032 3662 esse
3077 3602 3282 3673 aliquis
3331 3597 3659 3654 asseruerit.

2085 3715 2176 3770 Sic
2223 3711 2386 3782 hujus
2436 3710 2606 3761 beata:
2640 3703 2860 3757 feminae
2915 3697 3176 3768 praeclare
3223 3693 3363 3747 facta
3395 3689 3551 3744 brevi
3606 3696 3662 3739 et

2083 3805 2282 3875 exiguo
2314 3796 2481 3855 verbo
2509 3810 2810 3850 memorare
2833 3792 3025 3844 aliisve
3045 3785 3375 3846 attribuere,
3407 3782 3660 3850 iniquum

2084 3899 2272 3959 fuerit,
2297 3895 2390 3964 qui
2421 3889 2753 3960 eloquentia:
2770 3885 2823 3939 vi
2851 3883 3061 3954 pollent
3083 3880 3150 3934 ad
3180 3875 3449 3945 ejusmodi
3483 3881 3666 3928 certa-

2085 4005 2212 4044 men
2251 3982 2705 4058 aggrediendum.
2733 3978 2854 4032 Non
2886 3975 3034 4030 enim
3069 3973 3202 4026 licet
3243 3982 3357 4022 rem
3395 3967 3663 4020 intactam

2088 4056 2420 4151 relinquere.
2449 4072 2740 4142 Quomodo
2778 4068 2922 4124 enim
2959 4062 3172 4119 homini
3228 4056 3496 4130 petulanti
3531 4056 3668 4108 resi-

2088 4149 2299 4228 stemus
2327 4167 2522 4240 puerili
2546 4179 2647 4218 nos
2663 4159 2926 4233 jactantia
2951 4154 3292 4228 aggredienti
3315 4152 3337 4204 ?
3363 4150 3500 4220 Ergo
3524 4149 3670 4202 sicut

2089 4265 2443 4335 Evangelium
2497 4259 2678 4330 jubet,
2740 4266 2962 4308 manum
3033 4256 3222 4302 aratro
3282 4247 3667 4313 imponamus,

2093 4332 2438 4417 contrarium
2491 4349 2770 4409 faciendo.
2803 4345 2998 4399 Melius
3057 4341 3209 4396 enim
3238 4336 3430 4393 eritet
3457 4332 3672 4393 utilius,

544 4419 556 4434 ο
606 4419 741 4422 ”""
790 4419 846 4424 _'
904 4419 920 4423 '
985 4419 1228 4426 """"
1301 4419 1365 4442 ’Τ
1418 4419 1560 4440 "'IT
1616 4419 1963 4426 ⁷“⁷““⁷“”’“”““”

410 4455 480 4505 τά
503 4454 596 4507 τοῦ
631 4456 842 4526 ἀγῶνος
869 4457 1097 4526 ἄμεινον
1125 4459 1417 4528 ξυμϐαίνει
1451 4457 1616 4526 εἶναι,
1654 4460 1858 4530 ἥκιστα
1900 4463 1971 4515 λο·

2094 4468 2211 4509 rem
2238 4448 2554 4504 inchoatam
2586 4442 2653 4496 ad
2684 4440 2849 4494 finem
2881 4432 3208 4506 perducere,
3243 4443 3409 4500 quam
3472 4440 3532 4479 re
3584 4424 3673 4477 in-

413 4545 686 4618 γιζομένῳ
716 4548 833 4602 δέον
877 4551 1255 4623 ἀπαρασκεύῳ
1287 4551 1378 4622 νηῒ
1435 4553 1580 4622 μέγα
1611 4553 1847 4622 πέλαγος
1878 4554 1994 4607 δια-

419 4644 594 4706 πλεῖν,
625 4644 920 4716 ὲλαχίστῳκ
948 4646 1006 4699 δὲ
1059 4646 1270 4718 ἀκατίῳ
1308 4647 1454 4717 μέγα
1509 4649 1661 4716 κῦμα
1705 4650 1992 4721 διαπερᾷν,

421 4737 582 4816 ταυτὸ
610 4738 653 4790 δ’
703 4740 882 4791 εἰπεῖν
919 4738 1114 4810 βραχεῖ
1154 4758 1214 4793 τε
1258 4740 1355 4793 καὶ
1391 4741 1718 4812 φαυλοτάτῳ
1752 4742 1898 4812 λόγῳ
1926 4744 1996 4797 τά

418 4831 517 4899 τῆς
564 4831 840 4901 μακαρίας
874 4833 1079 4904 ταύτης
1130 4833 1392 4898 διεξιέναι
1447 4835 1993 4906 μεγαλουργήματα,

419 4926 626 4995 ἑτέροις
663 4926 721 4981 δὲ
749 4926 845 4980 τοῦ
878 4927 1040 4998 ἔργου
1066 4927 1225 4981 τοῦδε
1249 4927 1344 4982 καὶ
1381 4931 1483 4999 τῆς
1520 4930 1771 4983 ἐντεῦθεν
1798 4929 2005 4998 φιλοτι-

425 5022 548 5086 μίας
581 5021 1008 5091 παραχωρῆσαι,
1037 5017 1120 5084 οἷς
1153 5021 1382 5092 δύναμίς
1425 5039 1484 5074 τε
1533 5022 1707 5090 λόγων
1755 5021 2004 5092 ἀρκοῦσα

421 5117 680 5188 τυγχάνει
705 5115 864 5184 οὖσα,
893 5121 987 5173 xui.
1018 5118 1224 5172 δυνατά
1263 5121 1412 5172 ἐστιν
1463 5117 1697 5178 ἐκείνοις
1747 5114 2006 5169 τοσοῦτον

425 5211 608 5280 ἀγῶνα
642 5211 1100 5282 διαχειρίσασθαι.
1133 5212 1282 5280 Πλὴν
1311 5209 1430 5263 ἀλλ’
1462 5211 1698 5274 ἐπείπερ
1741 5207 2006 5260 ἀναδῦναι

426 5302 526 5358 οὐκ
556 5301 659 5368 ἔνι,
691 5303 801 5357 οὐδ’
833 5303 1144 5373 ἀποφυγεῖν
1172 5304 1233 5356 τδ
1268 5303 1600 5372 ἐγχείρημα,
1632 5299 1833 5365 οὑτωρί
1883 5313 2000 5358 πως

427 5395 921 5464 κατατολμήσαντι·
955 5395 1073 5458 πῶς
1099 5397 1205 5466 γὰρ
1239 5392 1306 5446 ἂν
1334 5395 1395 5446 οὐ
1429 5393 1521 5444 καὶ
1554 5389 1632 5460 τῷ
1671 5387 1850 5458 μώμῳ
1878 5384 2004 5440 καθ’

429 5487 584 5555 ἡμῶν
606 5486 785 5539 αὐτῶν
809 5487 1186 5561 νεανιεύεσθαι
1222 5485 1472 5556 δοίημεν,
1501 5480 1880 5550 εὐαγγελικῶξ
1909 5478 2003 5532 οὔ·

429 5595 535 5640 τως
563 5576 651 5630 ἐπ’
687 5577 904 5647 ἀρότρῳ
927 5579 1084 5646 χεῖρα
1114 5575 1363 5642 pulo-Oct,
1394 5573 1491 5627 καὶ
1526 5571 1660 5644 πρὸς
1691 5568 2004 5620 τούναντίον

437 5671 930 5742 μεταχωρήσασιν;
979 5670 1124 5741 ἔργῳ
1173 5671 1330 5739 χεῖρα
1380 5664 1693 5722 ἐπιθαλόντι
1743 5662 1984 5714 συνοίσει

511 5763 524 5794 ¹
559 5763 576 5820 l
609 5761 738 5820 Cor.
773 5779 862 5833 xv,
899 5762 984 5818 l6.

2095 4546 2238 4601 fecta
2289 4538 2614 4595 abscedere.
2666 4530 2900 4601 Quando
2958 4535 3140 4582 autem
3187 4532 3379 4578 votum
3433 4517 3678 4573 debitum

2096 4650 2353 4694 sermone
2373 4631 2746 4690 absolvemus,
2786 4624 2889 4678 nisi
2925 4621 3182 4676 Patribus
3203 4617 3362 4670 .hisce
3393 4613 3684 4678 obtempe-

2097 4742 2306 4791 remus,
2333 4725 2424 4794 qui
2449 4721 2701 4792 quotidie
2727 4732 2827 4770 nos
2857 4714 3253 4773 adhortantur,
3293 4721 3395 4760 nec
3454 4703 3679 4773 patiun-

2099 4835 2192 4878 tur
2244 4829 2304 4874 ut
2346 4793 2698 4886 quiescamus
2767 4817 3065 4874 antequam
3120 4803 3297 4858 beata:
3348 4793 3684 4865 Magdaleua:

2103 4911 2362 4976 laudibus
2414 4902 2710 4962 etl‘erendaa
2753 4899 2993 4974 oﬂjcium
3049 4886 3526 4966 praestiterimus?
3569 4885 3685 4939 liae

2103 5021 2230 5062 cum
2264 5005 2338 5056 ita
2372 5016 2429 5056 se
2465 4997 2727 5057 habeant,
2765 4990 2973 5046 auxilio
3003 4989 3124 5061 ejus
3147 4987 3408 5040 invocato
3434 4996 3552 5036 rem
3590 4993 3685 5048 ag-

2104 5100 2422 5173 grediantur
2454 5105 2508 5149 et
2538 5105 2755 5146 omnem
2784 5095 2995 5142 metum
3057 5098 3122 5136 ac
3152 5079 3462 5136 socordiam
3514 5089 3688 5128 excu-

2107 5195 2334 5252 tiamus.
2415 5182 2704 5242 Sermonis
2777 5179 2948 5249 igitur
3040 5173 3464 5228 fundamentum
3521 5177 3688 5234 atque

2111 5287 2332 5344 initium
2394 5281 2463 5336 sit
2499 5277 2686 5332 dicere
2742 5285 2864 5342 quae
2928 5269 3051 5338 ejus
3113 5264 3288 5320 fuerit
3337 5260 3516 5330 origo,
3565 5253 3693 5326 qui-

2113 5380 2221 5434 bus
2312 5369 2641 5445 parentibus
2723 5364 2796 5419 sit
2868 5366 3154 5432 prognata.
3252 5352 3386 5407 Dein
3440 5349 3692 5403 dicemus

2112 5437 2396 5541 quomodo
2453 5460 2719 5517 ‘Christo
2806 5445 3308 5524 appropinquarit,
3370 5437 3692 5510 quomodo

2113 5535 2396 5629 Evangelii
2438 5552 2764 5627 participem
2819 5546 2938 5602 fieri
3004 5543 3055 5599 ei
3086 5535 3404 5608 contigerit,
3456 5539 3516 5586 et
3580 5543 3692 5600 qua

2112 5653 2324 5709 ratione
2354 5650 2419 5705 ad
2440 5625 2572 5720 ejus
2604 5638 3096 5716 promulgationem
3124 5625 3512 5688 contribuerit.
