4076 6440
373 381 476 445 545

1259 378 1523 439 SERMO
1575 378 1649 436 IN
1692 379 1752 438 5.
1800 377 2105 435 MARIAM
2155 381 2706 441 MAGI‘JALENANL

3520 398 3626 458 {46

368 491 504 560 αῦτη
540 489 640 560 μέν
665 484 760 543 οὖν
790 488 890 559 τῆς
926 489 1202 559 μακαρίας
1251 490 1619 559 Μαγδαληνῆς
1649 491 1680 558 ή
1717 489 1924 557 πατρίς.

2042 490 2287 542 rentibus
2311 507 2414 542 nou
2435 494 2614 546 minus
2642 495 2804 548 rlaris
2827 514 2918 551 usa
2937 509 3040 564 est,
3059 503 3263 570 quibus
3296 517 3392 558 emt
3434 523 3619 563 rerum

378 582 521 636 ⁹Αλλ⁹
552 580 695 635 οὕτω
733 583 997 652 πατρίδος
1029 581 1090 636 εὖ
1131 582 1353 653 ἔχουσα,
1407 583 1506 636 οὐκ
1555 583 1777 635 ἔλαττον
1807 581 1933 650 ἔσχε

365 673 434 727 τὰ
481 673 578 726 τοῦ
637 657 828 740 γένους
884 674 965 735 είς
1019 675 1424 743 περιφάνειανο
1455 674 1694 744 πατράσι
1727 673 1822 724 καὶ
1867 672 1936 724 τὰ

365 765 662 835 ἐχρήσατο,
697 765 797 834 οὐχ
823 761 928 818 οἷοι
959 764 1068 818 τῶν
1106 765 1283 821 ἄλλων
1309 766 1598 826 ἐνδεῖσθαι,
1635 766 1729 818 καὶ
1754 764 1936 828 ἄλλοις

363 855 472 910 τῶν
497 873 559 908 τε
592 858 693 925 τῆς
722 859 985 925 πατρίδος
1017 859 1329 926 πρωτείων,
1366 861 1460 912 καὶ
1491 859 1600 912 τῶν
1627 859 1726 910 ὅσα
1771 858 1934 910 πλοῦ-

360 961 455 1008 τος
484 945 667 1007 αὐτοῖς
694 946 1107 1009 ὑπεξίστασθαιο
1142 947 1351 1001 ἄνωθεν
1383 947 1479 1012 καὶ
1508 949 1615 1016 γὰρ
1647 948 1828 1008 αὐτοῖς
1859 946 1931 1009 ὡς

361 1041 424 1094 ἐκ
454 1042 642 1109 σειρᾶς
687 1040 750 1093 τὸ
776 1044 875 1109 τῆς
923 1041 1207 1108 εὐγενείας
1257 1041 1460 1094 καλόνο
1494 1041 1600 1094 τῶν
1639 1040 1732 1108 ἀφ’
1782 1039 1931 1108 ἡλίου

360 1133 634 1187 ἀνατολῶν
668 1134 762 1186 καὶ
795 1126 947 1185 οὗτοι
975 1133 1314 1203 ὁρμώμενοι,
1363 1133 1603 1200 εὐγενεῖς
1641 1133 1704 1184 τὸ
1737 1133 1929 1202 σῶμα,

359 1225 458 1294 τῆν
491 1225 670 1296 ψυχὴν
725 1227 1129 1296 εὐγενέστεροι.
1181 1226 1338 1297 Θύρα
1389 1227 1604 1288 τούτοις
1653 1227 1794 1279 κατά
1840 1226 1930 1278 τὸν

371 1319 490 1372 Ἰὼϐ
547 1321 713 1373 παντὶ
765 1321 1048 1390 πενομένῳ
1085 1320 1362 1391 ἀνέῳκτο,
1415 1320 1516 1373 οὐκ
1553 1318 1926 1390 ἐπιζυγομένη

359 1416 499 1470 κατά
551 1414 881 1486 προσώπων,
923 1416 1015 1468 καὶ
1057 1415 1247 1486 πόρρω
1307 1414 1535 1478 τούτους
1589 1413 1926 1466 ἐλαύνουσα·

357 1506 514 1567 πόδες
530 1501 670 1574 ἦσαν
700 1505 914 1574 χωλῶν·
951 1507 1054 1558 ὅσα
1077 1507 1172 1558 καὶ
1200 1505 1504 1575 ὀφθαλμοῖς
1526 1503 1770 1574 ἐχρῶντο
1804 1503 1928 1556 τού-

356 1617 489 1664 τοις,
508 1598 558 1652 οἶ
582 1600 961 1670 πεπηρωμένα
983 1600 1050 1653 τὰ
1077 1600 1302 1669 ὄμματα
1334 1600 1684 1668 περιέφερον.
1712 1597 1927 1667 Χηρείᾳ

355 1691 411 1743 δέ
436 1691 508 1744 τὰ
539 1691 775 1758 μάλιστα
803 1691 1148 1768 βοηθοῦντες,
1179 1692 1243 1743 ἐκ
1275 1690 1473 1743 πολλοῦ
1521 1688 1611 1742 τὸν
1645 1690 1760 1759 βίον
1792 1690 1926 1740 ἀπο-

359 1776 624 1830 λιπόντων
670 1779 944 1847 πατέρων,
995 1778 1191 1839 παῖδας
1227 1777 1646 1845 ἐξοικιζόμενοι,
1687 1776 1788 1845 τῆς
1836 1778 1926 1842 ὀρ-

2047 595 2153 631 non
2179 595 2317 648 opus
2344 593 2461 634 erat
2489 585 2738 652 auxilio;
2765 589 2855 654 qui
2891 590 3038 643 inter
3071 594 3324 647 civitates
3355 599 3622 664 primores

2043 679 2222 733 erant,
2257 671 2415 737 i-tqui
2447 674 2652 724 divitiis
2675 678 3046 741 abnmlabant,
3071 692 3126 733 et
3156 685 3358 750 quibus
3403 693 3621 753 generis

2043 760 2283 813 charitas
2335 762 2575 830 desuper
2614 777 2749 820 erat.
2796 767 2928 821 Nam
2964 771 3032 823 ab
3080 773 3320 828 Orientis
3367 781 3616 846 partibus

2042 854 2238 916 exorti,
2272 853 2314 904 si
2361 856 2536 920 quoad
2599 872 2802 924 corpus
2837 865 3111 926 generosi,
3151 874 3328 933 quoad
3377 871 3499 922 aniv
3529 889 3615 924 am

2041 944 2417 1008 generosiora
2469 959 2643 1000 erant.
2684 949 2882 1003 Domus
2910 968 3124 1011 eorum.
3158 963 3460 1013 secundum
3491 963 3610 1016 .Iobi

2039 1036 2370 1102 exemplum,
2410 1041 2745 1106 pauperibus
2783 1046 3042 1100 omnibus
3105 1063 3292 1118 aperta
3337 1067 3454 1105 erat
3489 1057 3610 1108 sine

2040 1139 2394 1190 personarum
2425 1131 2759 1198 acceptione.
2787 1133 2959 1187 Pedes
2987 1136 3150 1190 iidem
3206 1151 3362 1193 erant
3393 1140 3613 1196 claudo-

2039 1230 2197 1280 rum;
2228 1218 2356 1271 caeci
2389 1221 2453 1278 iis
2483 1231 2540 1272 nt
2567 1223 2742 1277 oculis
2771 1226 3086 1282 utebantur.
3131 1230 3360 1286 Maxime
3427 1245 3608 1290 autem

2037 1306 2220 1361 viduis
2276 1314 2698 1379 succurrebant,
2757 1329 2913 1370 natos
2993 1322 3318 1389 adoptantes
3375 1343 3612 1395 quorum

2035 1399 2316 1466 genitores
2347 1419 2410 1454 ex
2450 1405 2715 1458 diuturno
2748 1417 2994 1477 tempore
3020 1427 3050 1466 e
3084 1415 3190 1466 vita
3234 1432 3607 1482 excessvrant,

2035 1492 2226 1560 sicque
2246 1495 2499 1550 orbitatis
2527 1497 2788 1552 duritiem
2831 1502 3105 1557 lenientes
3134 1523 3264 1561 cura
3299 1525 3460 1577 quam
3491 1513 3609 1566 illo-

2035 1599 2156 1637 rum
2189 1591 2473 1654 gerebant.
2507 1590 2646 1655 Quid
2683 1593 2838 1644 tum?
2873 1610 3000 1646 num
3033 1607 3190 1665 putas
3228 1615 3322 1652 eos
3374 1605 3465 1670 qui
3501 1621 3610 1656 me.

2037 1678 2169 1730 teris
2225 1677 2366 1732 bene
2415 1681 2708 1742 faciebant,
2771 1684 2919 1737 domi
2955 1687 3185 1740 luxuria:
3253 1708 3314 1744 ac
3347 1696 3601 1748 Inollitiei

2037 1768 2374 1824 indulsisse?
2400 1771 2621 1826 Minime
2657 1791 2838 1829 rerum
2869 1794 2883 1841 ;
2919 1777 3026 1830 imo
3059 1781 3192 1848 legis
3225 1785 3479 1838 salutaris
3515 1805 3611 1840 ει-

356 1870 552 1940 φανίας
575 1868 880 1940 περιῄρουν
905 1871 966 1922 τὸ
993 1870 1273 1933 πλεῖστον,
1305 1870 1399 1924 au
1431 1871 1506 1939 μὴ
1537 1870 1644 1922 τῶν
1667 1867 1723 1934 ἐξ
1754 1868 1924 1936 αὐτῆς

2032 1861 2287 1914 ercitium
2320 1876 2647 1932 perpetuum
2679 1869 2764 1920 eis
2793 1870 3070 1937 negotium
3101 1885 3241 1938 erat,
3266 1877 3422 1944 cujus
3451 1879 3609 1942 vigor

355 1959 541 2012 κακῶν
570 1963 627 2023 ἐς
675 1964 874 2032 στεῖραν
916 1964 980 2032 τῇ
1030 1962 1254 2014 ἐκείνων
1292 1961 1586 2032 ἐπιμελείᾳ
1619 1961 1924 2028 γινόμενοι.

354 2054 421 2106 Τί
447 2055 574 2122 οὒνς
609 2051 718 2125 ἆρα
745 2055 820 2125 μὴ
849 2059 960 2114 τοῖς
1002 2054 1108 2120 ἔξω
1141 2053 1320 2116 καλῶς
1351 2055 1589 2125 ἔχοντες,
1620 2056 1732 2116 τοῖς
1778 2053 1927 2106 ἔνδον

353 2145 413 2198 ἐν
441 2145 695 2217 ῥᾳστώνῃ
735 2146 1022 2207 διέκειντο,
1061 2150 1294 2218 τρυφαῖς
1335 2147 1487 2200 αὐτοὶ
1521 2149 1616 2201 καὶ
1655 2149 1752 2220 ὅσῃ
1798 2148 1927 2218 βλα-

353 2238 478 2308 κείᾳ
513 2239 904 2308 σχολάζοντεςς
959 2239 1260 2308 Ούμενοῦνο
1295 2239 1414 2294 ἀλλ’
1443 2239 1606 2310 ἔργον
1644 2235 1712 2310 ἦν
1742 2242 1927 2298 αὐτοῖς

351 2333 630 2387 ἄπαυστον
659 2333 693 2401 ἡ
727 2330 821 2394 τοῦ
854 2332 1207 2400 παιδαγωγοῦ
1239 2333 1406 2402 νόμου
1439 2333 1640 2402 μελέτη
1662 2348 1677 2364 ο
1715 2332 1795 2386 ἐτι
1830 2335 1926 2386 καὶ

350 2423 458 2494 γὰρ
516 2423 703 2486 αὑτοῦ,
744 2424 851 2477 κᾶν
904 2426 999 2476 ἐπὶ
1057 2424 1222 2494 ξυροῦ
1281 2426 1464 2496 ἀκμῆς
1506 2426 1575 2479 τὰ
1618 2426 1720 2496 τῆς
1767 2429 1927 2490 σκιᾶς

352 2517 682 2587 ἐνειστήκει,
718 2517 810 2568 καὶ
840 2518 873 2585 ἠ
909 2517 1050 2585 πρὸς
1104 2518 1166 2570 τὸ
1225 2517 1367 2571 θεῖον
1413 2517 1481 2571 δι’
1529 2519 1780 2589 αἱμάτων
1830 2519 1926 2594 καὶ

351 2610 576 2680 κνίσσης
627 2611 922 2673 οἰκείωσις.
977 2603 1214 2664 Γεννῶσι
1257 2614 1444 2666 τοίνυν
1493 2614 1592 2683 τὴν
1645 2616 1926 2683 μακαρίαν

347 2704 551 2770 ταύτην
581 2704 804 2774 Μαρίαν
861 2703 990 2771 περὶ
1032 2703 1103 2756 τὰ
1141 2705 1283 2772 μέσα
1331 2720 1437 2756 που
1474 2705 1574 2772 τῆς
1622 2707 1925 2775 μοναρχίας

347 2797 442 2849 τοῦ
476 2796 758 2866 Καίσαρος
797 2795 1108 2862 Ὀκταϐίου,
1139 2789 1184 2862 ᾧ
1211 2797 1306 2849 καὶ
1331 2797 1606 2859 Σεϐαστὸς
1633 2798 1924 2865 ἐπίκλησίς

347 2889 496 2940 ἐστιν
526 2887 712 2956 ἕτερον
759 2887 956 2955 ὄνομα.
996 2888 1102 2939 Καὶ
1135 2888 1392 2956 ἀποχρῆν
1419 2889 1604 2945 αὐτοῖς
1640 2889 1720 2949 είς
1772 2889 1924 2956 φιλο-

347 2977 533 3045 τιμίαν
567 2975 812 3046 ἥγημαι,
861 2977 944 3028 ὅτι
978 2976 1219 3043 πατέρες
1246 2976 1505 3044 τοιαύτης
1553 2977 1794 3045 ἥκουσαν
1829 2977 1924 3028 θυ-

347 3069 566 3137 γατρός.
610 3070 782 3138 Εἴπερ
812 3070 920 3138 γάρ
955 3068 1064 3122 ἔδει
1104 3071 1205 3138 τὴν
1232 3069 1514 3134 τοιαύτην,
1563 3069 1658 3120 καὶ
1685 3069 1922 3120 τοσαῦτα

347 3162 410 3231 δὴ
436 3163 512 3231 τῷ
535 3162 632 3231 βίῳ
655 3165 1056 3232 χαρισαμένην,
1092 3163 1232 3232 ὑπὲρ
1255 3161 1383 3215 νοῦν
1413 3162 1509 3215 καὶ
1538 3161 1697 3230 λόγον
1720 3163 1921 3232 τυγχά-
1950 3207 1991 3232 ι,

346 3271 526 3318 νοντα,
564 3253 642 3324 τῷ
683 3255 785 3324 βίῳ
813 3255 1056 3325 δοθῆναι,
1084 3254 1276 3324 ῶσπερ
1306 3273 1356 3306 τι
1388 3255 1499 3308 τῶν
1538 3255 1708 3307 πάλαι
1761 3256 1919 3323 μέγι-

346 3365 471 3400 στον
497 3349 738 3416 ἀγαθῶν,
767 3350 840 3418 μὴ
869 3349 1053 3410 ἄλλοις
1073 3350 1269 3410 αἰτίοις
1295 3351 1407 3411 τοῖς
1434 3349 1515 3412 είς
1543 3349 1660 3417 φῶς
1688 3348 1920 3418 προόδου

345 3441 583 3509 πατράσι
619 3441 951 3510 χρήσασθαι,
987 3441 1020 3510 ἢ
1049 3439 1116 3494 δι’
1148 3434 1223 3494 ὧν
1249 3442 1467 3510 γέγονε,
1505 3441 1795 3502 κάκείνους
1845 3439 1920 3510 μὴ

345 3531 511 3602 ἄλλης
539 3533 571 3602 ἧ
604 3533 812 3602 ταύτης
838 3534 1083 3603 πατέρας
1114 3533 1371 3604 ὀφθῆναι.
1402 3533 1557 3586 Ἐπεὶ
1582 3534 1626 3586 δ’
1647 3535 1920 3602 ἀπέσχετο

343 3625 634 3690 γάλακτος,
687 3628 783 3677 καὶ
839 3627 1030 3696 πόρρω
1079 3626 1282 3678 τιτθῶν
1311 3622 1403 3696 ἦν,
1449 3626 1546 3678 καὶ
1591 3627 1720 3697 ἄρτι
1759 3627 1918 3678 ποσὶν

343 3717 562 3781 οἰκείοις
595 3719 899 3771 ἐπιϐαίνειν
933 3722 1031 3790 τῆς
1076 3719 1180 3787 γῆς
1221 3719 1464 3789 ἧρξατο,
1499 3719 1601 3771 οὐκ
1635 3717 1723 3771 ἐπ’
1749 3718 1916 3785 ἄτρα-

343 3826 468 3860 κτον
501 3812 733 3879 ἐρείδειν
763 3814 954 3881 πήχεις
985 3812 1127 3864 κατὰ
1151 3811 1241 3864 τὸν
1261 3811 1587 3880 Σολομῶντα
1619 3810 1916 3880 μανθάνειν

344 3894 635 3961 ἐκδίδοται,
653 3898 762 3951 οὐδ’
794 3901 916 3968 ἔρια
937 3899 1146 3970 νήθειν,
1172 3898 1203 3968 ἢ
1227 3902 1339 3962 τοῖς
1368 3901 1430 3951 ἐκ
1463 3900 1647 3967 σηρῶν
1673 3900 1914 3968 νήμασιν

340 3990 671 4057 ἐπικεῖσθαι,
705 3992 800 4045 καὶ
844 3993 924 4055 είς
977 3992 1174 4054 κάλλος
1241 3991 1550 4059 ἐξυφαίνειν
1601 3991 1696 4042 καὶ
1745 4007 1913 4042 κατα-

2029 1953 2348 2020 sanguinem
2371 1967 2427 2010 et
2463 1955 2802 2010 \ictitnarunt
2834 1961 3056 2013 odorem
3085 1965 3357 2032 exigebat.
3388 1965 3611 2019 Genue-

2031 2054 2161 2098 runt
2215 2044 2383 2114 igitur
2433 2047 2646 2101 beatam
2710 2050 2932 2102 Mariam
2993 2054 3137 2105 circa
3187 2057 3427 2108 medium
3473 2057 3606 2125 imp.

2029 2133 2239 2188 Octavii
2267 2153 2491 2206 regnum
2539 2139 2632 2207 qui
2665 2140 2770 2193 alio
2795 2143 3017 2196 nomine
3044 2149 3315 2212 Augustus
3349 2163 3483 2214 appe
3510 2154 3592 2202 la-

2029 2226 2210 2280 batur.
2248 2229 2320 2288 Ει,
2345 2242 2494 2282 certe
2549 2232 2744 2284 honori
2810 2233 2943 2302 ipsis
2972 2246 3092 2287 erat
3125 2237 3270 2303 quod
3324 2240 3596 2305 ejusmodi

2030 2316 2151 2368 tiliae
2186 2328 2438 2386 parentes
2473 2321 2747 2375 audin-nt.
2775 2321 2911 2376 Cum
2945 2325 3090 2377 enim
3125 2327 3285 2379 talem
3318 2329 3604 2393 feruidam,

2029 2420 2149 2473 qua:
2178 2406 2340 2459 vitam
2374 2408 2514 2461 adeo
2545 2409 2879 2473 honestavit,
2912 2415 3064 2480 Cujus
3102 2414 3332 2468 vimnes
3365 2426 3610 2470 mentem

2027 2507 2082 2550 et
2109 2512 2417 2550 sermonem
2446 2512 2798 2569 exsuperant,
2845 2501 2898 2555 in
2957 2504 3154 2565 lucum,
3184 2515 3241 2556 ut
3271 2509 3488 2574 generis
3512 2509 3610 2560 ho-

2027 2604 2147 2648 nos,
2183 2589 2272 2643 edi
2322 2604 2420 2656 par
2471 2604 2608 2649 erat.
2642 2609 2858 2661 acquum
2914 2610 3044 2647 sane
3084 2608 3201 2647 erat
3253 2615 3373 2650 eam
3411 2600 3609 2653 talibus

2029 2679 2372 2747 potiSsimum
2406 2682 2726 2748 parentibus
2754 2688 2923 2743 nasci,
2963 2689 3056 2753 qui
3105 2686 3294 2740 itideu'.
3321 2690 3421 2741 soli
3485 2694 3610 2743 tatis

2026 2769 2149 2822 {ilhc
2177 2784 2430 2838 parentes
2460 2788 2577 2825 esse
2611 2775 2980 2826 merebantur.
3056 2777 3349 2844 Postquam
3408 2783 3610 2834 deinde

2026 2877 2054 2913 a
2088 2863 2228 2915 lacte
2278 2875 2334 2916 et
2373 2865 2626 2916 mammis
2687 2877 2867 2917 amota
2915 2880 3060 2919 es'set
3113 2879 3167 2920 et
3216 2871 3325 2938 jam
3371 2874 3610 2939 propriis

2025 2965 2173 3008 stare
2199 2967 2254 3008 et
2281 2957 2565 3009 ambulare
2613 2959 2847 3026 pedibus
2879 2960 3158 3026 cmpisset,
3187 2978 3290 3013 non
3321 2965 3387 3013 ad
3441 2979 3608 3034 opera

2025 3048 2309 3111 feminina,
2338 3052 2640 3102 secundum
2671 3049 3038 3114 Salonium-in,
3063 3068 3169 3105 non
3193 3055 3258 3104 ad
3287 3055 3466 3106 lanam
3495 3065 3608 3108 tra-

2024 3144 2277 3194 ctandam
2309 3152 2401 3194 aut
2432 3142 2497 3194 ad
2530 3143 2734 3195 textilia
2801 3146 3013 3205 serica;
3047 3161 3152 3196 non
3183 3149 3250 3197 ad
3281 3149 3608 3202 vestimenta
3661 3203 3672 3223 ,

2033 3249 2170 3286 auro
2207 3234 2594 3303 distinguenda
2622 3236 3041 3297 admovebatur,
3071 3237 3179 3289 imo
3213 3239 3599 3307 magistrorum

2026 3327 2231 3380 scholis
2255 3327 2567 3381 concredita
2603 3337 2706 3381 est.
2736 3328 2888 3382 Sient
2949 3345 3074 3381 vero
3125 3331 3208 3383 fax
3241 3330 3292 3383 in
3332 3331 3529 3400 ignem.
3552 3345 3608 3386 et

2024 3421 2271 3488 eqitusin
2293 3435 2570 3489 campum,
2593 3431 2650 3473 ut
2672 3431 2755 3474 est
2781 3422 2832 3472 in
2855 3421 3169 3488 proverbio,
3198 3421 3276 3476 sic
3299 3423 3448 3476 brevi
3471 3433 3610 3476 tem-

2025 3527 2160 3582 pore
2190 3512 2346 3566 beata
2373 3523 2557 3567 nostra
2577 3512 2878 3566 docebatur
2905 3529 3027 3582 quae
3057 3513 3216 3566 divus
3239 3514 3450 3584 Moyses
3473 3517 3610 3568 seri-

2026 3603 2157 3672 psit,
2190 3604 2338 3673 quod
2375 3605 2427 3657 in
2455 3604 2753 3673 Scripturis
2776 3605 3029 3658 obscuris
3049 3605 3269 3674 legitur,
3297 3606 3440 3674 qqu
3474 3621 3572 3674 pro
3592 3635 3606 3646 -

2023 3695 2201 3763 pheta:
2229 3707 2283 3748 et
2324 3696 2514 3764 psalmi
2565 3696 2832 3750 referunt.
2865 3696 3094 3749 Psalmis
3125 3705 3308 3749 tamen
3369 3703 3606 3750 maxime

2023 3785 2376 3839 incumbebat
2400 3786 2576 3855 iisque
2608 3786 2705 3840 diu
2741 3797 3019 3854 noctuque
3053 3787 3300 3852 vacabat,
3356 3798 3415 3840 nt
3451 3787 3610 3842 etlo-

2020 3879 2098 3931 cis
2131 3878 2465 3947 propheticis
2487 3893 2710 3946 operam
2744 3879 2910 3932 dabat
2956 3893 3076 3946 qute
3105 3878 3173 3931 de
3199 3879 3419 3932 Christo
3449 3891 3504 3933 et
3532 3879 3603 3934 de

2019 3971 2213 4025 Messia
2237 3969 2441 4024 ibidem
2473 3969 2773 4025 clarissime
2799 3972 3175 4039 proferuntur.

339 4085 662 4152 ποικίλλειν,
693 4085 771 4154 τῷ
803 4086 870 4138 τὰ
902 4086 1079 4138 πάντα
1113 4084 1424 4154 βιαζομένῳ
1467 4083 1682 4154 χρυσῷ,
1715 4082 1831 4136 ἀλλ’
1857 4084 1915 4146 ἐς
1954 4083 2381 4154 γραμματιστοῦ
2442 4079 2648 4155 ,φοιτᾷν
2721 4086 3092 4154 ἐγκελεύεται.
3139 4088 3291 4142 Ἐπεὶ
3323 4093 3379 4144 δὲ
3414 4096 3474 4146 τὺ
3505 4097 3602 4149 τοῦ

338 4184 496 4250 λόγου
547 4183 705 4245 δαλὸς
751 4178 819 4254 ἦν
865 4185 946 4245 εἰς
999 4182 1137 4251 πῦρ,
1183 4183 1276 4234 καὶ
1313 4183 1502 4244 ἵππος,
1549 4182 1577 4234 ὅ
1642 4197 1833 4248 φασιν,
1901 4181 1983 4243 είς
2025 4182 2232 4246 πεδίον,
2280 4182 2460 4251 ὀλίγος
2487 4185 2517 4235 ὁ
2557 4183 2764 4254 μεταξὺ
2797 4185 3007 4253 χρόνος,
3058 4188 3154 4241 καὶ
3207 4188 3455 4241 ἀσκεῖται
3501 4193 3603 4260 μὲν

336 4281 496 4348 αὐτῇ,
535 4281 639 4332 ὃσα
671 4279 748 4346 τῷ
799 4280 1003 4350 θεόπτῃ
1036 4283 1350 4352 γέγραπται
1397 4279 1644 4341 Μωῦσεῑ,
1701 4280 1796 4331 καὶ
1850 4283 1918 4350 τῇ
1958 4279 2119 4350 λοιπῇ
2161 4278 2380 4334 σκιώδει
2447 4281 2664 4351 Γραφῇ,
2706 4281 2808 4334 ὅσα
2857 4298 2916 4333 τε
2955 4283 3234 4351 προφῆται
3267 4286 3360 4337 καὶ
3402 4285 3608 4356 ψαλμοὶ

334 4373 740 4442 διεξέρχονταιο
769 4375 881 4434 τοῖς
914 4376 1100 4444 μέντοι
1127 4374 1366 4442 ψαλμοῖς
1431 4373 1528 4426 καὶ
1595 4374 1995 4444 προσετετήκει
2031 4375 2101 4426 τὰ
2141 4373 2398 4446 μάλιστα,
2435 4375 2530 4427 καὶ
2561 4374 2770 4435 τούτοις
2802 4375 2994 4438 νυκτὸς
3028 4371 3096 4447 ἦν
3139 4379 3236 4430 καὶ
3263 4379 3476 4448 ἡμέρας
3507 4383 3608 4450 ἐμ-

341 4467 641 4536 μελετῶσα,
676 4467 773 4522 καὶ
800 4467 908 4518 τῶν
933 4465 1295 4536 προφητικῶν
1328 4466 1561 4527 ἐκείνοις
1614 4467 1907 4539 ἐγκειμένη
1947 4469 2218 4570 διηνεκὲς,
2285 4469 2387 4523 ὅσα
2412 4469 2544 4541 περὶ
2597 4467 2864 4540 Χριστοῦ,
2895 4469 2997 4522 εἶτ’
3020 4469 3114 4523 οὖν
3144 4471 3386 4542 περὶτοῦ
3409 4474 3607 4546 ἡλειμ-

341 4562 506 4632 μένου
538 4563 630 4612 καὶ
653 4561 892 4614 Μεσσίου
920 4562 1304 4630 ἐμφανέστατα
1329 4561 1766 4629 διαγγέλλουσιν.

409 4655 484 4712 Δ’.
518 4655 681 4725 Ἀρτι
703 4653 762 4706 δὲ
790 4653 900 4706 τῶν
931 4654 1144 4722 γονέων
1173 4653 1353 4726 ταύτῃ
1384 4654 1914 4725 διαμετρησαμένων
1946 4661 1992 4715 Ι)

335 4749 397 4802 τὸ
427 4749 551 4818 ζῇν,
591 4746 733 4812 αὓτη
761 4745 856 4798 καὶ
885 4745 1171 4818 παρούσης
1220 4747 1472 4812 ἐξουσίας
1512 4747 1593 4808 είς
1634 4745 1695 4799 τὺ
1747 4745 1913 4816 ρᾳθυ-

343 4844 483 4912 μεῖν,
513 4841 615 4894 οὐκ
653 4840 867 4908 ἔμεινεν
896 4841 954 4890 ἐν
987 4838 1339 4907 ἁπαιδευσίᾳ’
1375 4838 1437 4889 οὐ
1481 4837 1590 4908 γὰρ
1622 4835 1757 4905 πρὸς
1788 4851 1916 4905 τρυ-

338 4937 442 5000 φὰς
467 4932 678 4997 ἀπεῖδε,
699 4917 804 4983 καὶ
847 4929 1132 5000 βλακείαις
1179 4931 1350 4998 ἀνῆκε
1380 4931 1442 4982 τὸ
1480 4929 1659 4997 σῶμα,
1707 4928 1802 4980 καὶ
1845 4930 1912 4997 τῇ

338 5026 498 5094 λοιπῇ
531 5021 784 5095 ῥᾳστώνῃ
811 5023 1180 5094 ἐκδεδιῄτητοο
1218 5023 1314 5076 καὶ
1343 5021 1523 5075 ταῦτα
1571 5021 1914 5090 παρηϐῶσαν

337 5117 438 5188 ἤδη
472 5119 570 5186 τὴν
603 5117 822 5188 ἡλικίαν
853 5118 1195 5186 ἐπαγομένη,
1240 5115 1458 5185 πλούτῳ
1485 5132 1542 5168 τε
1591 5115 1908 5184 βριθομένη,

338 5215 431 5262 καὶ
467 5211 593 5278 ἄρτι
625 5208 812 5262 παθῶν
856 5209 967 5262 τῶν
1007 5211 1073 5262 ἐκ
1122 5209 1341 5277 φύσεως
1386 5208 1765 5261 ἐπιϐαίνουσα·
1797 5207 1911 5260 ἀλλ’

336 5290 572 5373 ἄσχολον
617 5303 780 5371 ἔργον
811 5302 988 5374 ταύτῃ
1015 5301 1243 5371 νηστεία
1277 5304 1373 5356 καὶ
1417 5301 1717 5370 προσευχὴ,
1758 5299 1912 5367 τῆξις

337 5399 563 5465 σαρκὸς,
598 5397 693 5450 καὶ
714 5396 748 5466 ἡ
773 5395 907 5464 πρὸς
931 5395 993 5448 τὸ
1021 5395 1164 5447 θεῖον
1195 5393 1377 5456 νεῦσίς
1399 5411 1458 5446 τε
1491 5398 1585 5444 καὶ
1612 5393 1913 5456 οἰκείωσις,

334 5489 500 5559 νόμου
534 5489 756 5558 μελέτη,
787 5487 1017 5557 Γραφῶν
1054 5487 1364 5556 ἀνάγνωσις
1386 5526 1400 5548 ,
1443 5487 1538 5538 καὶ
1569 5486 1658 5540 διὰ
1702 5484 1798 5537 τοῦ
1845 5487 1912 5538 τά

333 5581 462 5634 ὂντα
491 5582 603 5642 τοῖς
636 5578 934 5650 χρῄζουσιν
965 5580 1175 5634 ἀνιέναι
1200 5577 1350 5641 ὅλαις
1385 5579 1539 5648 χερσὶ
1567 5579 1662 5630 καὶ
1691 5577 1909 5647 γνώμῃ.

333 5673 428 5726 καὶ
451 5672 866 5742 προθυμότερόν
895 5689 958 5740 γε
992 5671 1025 5741 ἢ
1054 5672 1285 5735 ἐκείνοις
1333 5671 1637 5742 λαμϐάνειν
1669 5669 1818 5740 ἐξῆν,
1850 5667 1910 5720 τὸ

338 5766 555 5832 μέλλον,
582 5765 658 5828 ώς
686 5768 824 5831 ἐνὸν,
859 5765 1257 5830 κατακτᾶσθαι,
1287 5767 1382 5819 καὶ
1414 5767 1525 5828 τοῖς
1567 5764 1766 5816 ἑστῶσι
1815 5780 1910 5814 τα-

335 5859 534 5926 μιείοις
581 5857 671 5913 διὰ
723 5861 851 5928 τῶν,
887 5855 969 5922 οἷς
999 5858 1170 5913 ἐνδεῖν
1204 5861 1293 5912 τὸν
1349 5857 1464 5928 βίον
1499 5857 1808 5922 συνέϐαινε,
1838 5854 1908 5909 τὰ

2089 4649 2181 4706 IV.
2220 4651 2515 4722 Postquam
2547 4658 2804 4721 parentes
2851 4667 2882 4706 e
2919 4651 3026 4705 vita
3057 4651 3449 4710 decessissent.
3485 4655 3598 4708 ti;i-1

2021 4760 2145 4800 cum
2164 4745 2327 4799 otiari
2361 4757 2523 4814 atque
2554 4744 3016 4815 genioindulgere
3049 4755 3258 4813 posset.
3287 4747 3597 4800 lillt'rdl’ut't

2019 4837 2202 4891 studia
2239 4853 2350 4892 non
2397 4838 2664 4892 deseruit.
2719 4838 2838 4892 Non
2881 4841 3027 4892 enim
3083 4838 3320 4892 luxuriei
3353 4842 3601 4896 animum

2015 4927 2277 4996 applicuit
2329 4944 2432 4982 nec
2491 4928 2872 4997 voluptatibus
2940 4944 2999 4982 se
3053 4928 3310 4992 dedidit,
3364 4932 3602 5001 viteqne

2017 5021 2268 5074 mollitiei
2299 5037 2357 5076 se
2385 5020 2664 5075 dedicatit
2685 5061 2698 5082 ,
2733 5019 2896 5088 idque
2949 5036 3073 5072 cum
3103 5031 3235 5074 a'tas
3261 5061 3276 5082 ,
3311 5033 3502 5075 natura
3545 5037 3602 5078 et

2015 5114 2347 5181 cupiditates
2407 5114 2725 5167 imitarent.
2775 5111 2919 5166 Nihil
2967 5113 3115 5165 enim
3173 5113 3456 5180 antiquius
3507 5115 3604 5166 ba-

2017 5203 2183 5259 bebat
2208 5219 2369 5273 quam
2401 5203 2672 5273 jejunium
2696 5241 2710 5258 .
2747 5216 2977 5270 preces,
3013 5201 3266 5269 corporis
3298 5203 3602 5256 nmrtitica-
3690 5238 3696 5243 -

2011 5297 2260 5361 tiOnem,
2303 5313 2426 5350 cum
2479 5302 2645 5350 rebus-
2705 5295 3029 5350 cmlestibns
3090 5300 3596 5358 conversationem,

2011 5389 2149 5458 legis
2203 5388 2640 5453 meditationem,
2675 5389 3083 5458 Scripturarum
3141 5389 3449 5441 lectionem.
3500 5387 3590 5440 Li-

2013 5481 2162 5535 benti
2202 5481 2393 5534 eadem
2449 5481 2633 5533 animo
2683 5489 2739 5532 ct
2788 5494 2912 5532 cum
2963 5477 3279 5547 profusione
3323 5475 3508 5545 egenis
3544 5485 3603 5529 et

2015 5557 2208 5642 majori
2243 5574 2516 5628 hilaritate
2551 5573 2716 5628 dabat
2753 5589 2918 5643 quam
2954 5588 3058 5642 qua
3103 5571 3177 5624 illi
3223 5569 3592 5639 accipiebant.

2015 5666 2109 5720 Sic
2161 5666 2395 5720 aliorum
2427 5666 2554 5720 vitae
2581 5666 2978 5736 prospiciebat,
3017 5673 3074 5718 et
3104 5663 3308 5732 quibus
3362 5660 3598 5713 deerant

2016 5775 2138 5828 qua:
2200 5759 2266 5813 ad
2329 5761 2493 5814 vitam
2531 5766 2838 5814 necessaria
2871 5767 3019 5823 sunt,
3050 5757 3255 5812 divitiis
3299 5754 3415 5808 suis
3471 5767 3602 5806 cum

2018 5853 2214 5908 animae
2247 5855 2614 5924 generositate
2657 5853 3036 5908 sat-currebat.
3072 5852 3176 5909 Sed
3221 5865 3319 5905 nec
3355 5846 3602 5920 propriis
