4076 6472
264 380 356 442 -553

1137 376 1395 435 SERllO
1440 374 1527 433 ΙΝ
1566 374 1628 433 8ο
1670 369 1983 433 MARIAM
2024 364 2582 439 MAGDALENAM.

3391 348 3495 416 5'4

275 491 370 558 ρίόα
400 484 700 550 ἓξελέξατο,
726 485 761 555 ῆ
795 502 875 547 τις
905 484 1005 536 οὐκ
1036 484 1469 555 ἀφαιρεθήσεται
1494 482 1587 533 ἀπ’
1624 480 1815 547 αὐτῆς,

1944 486 2133 530 beatam
2162 474 2535 545 Magdalenam
2566 469 2734 524 fuisse
2766 468 2974 539 paginre
3005 481 3173 522 sacrm.
3190 465 3494 522 clarissime

272 582 467 644 ἐπάγει·
509 595 528 628 ι
550 575 834 646 Ἐπάρασα
861 573 919 628 δέ
950 591 1032 637 τις
1058 575 1199 643 γυνὴ
1233 572 1414 642 φωνὴν
1450 577 1508 624 ἐκ
1538 569 1632 622 τοῦ
1656 568 1815 639 ὖχλου

270 665 400 723 εἶπεν
426 667 576 738 αύτῷ
600 684 614 698 ⁸
642 668 906 737 Μακαρία
938 669 973 737 ἠ
1000 666 1179 720 κοιλία
1202 667 1238 735 ὴ
1272 663 1593 734 βαστάσασά
1617 679 1699 727 σε,
1723 660 1819 714 καὶ

273 762 472 833 μαστοὶ,
526 759 621 824 οὓς
678 759 973 829 ἐθήλασας.
1012 778 1034 811 θ
1073 757 1292 829 Ταύτην
1348 757 1394 810 δ’
1429 754 1821 827 ἀναμφιϐόλως

270 852 423 923 βίϐλοι
472 853 608 923 ἡμῖν
638 851 781 921 ἱεραὶ
808 852 906 922 τὴν
940 851 1221 920 μακαρίαν
1266 849 1405 901 εἶναι
1443 846 1818 917 Μαγδαληνὴν

269 944 627 1007 ἐκδεδώκασιν,
654 942 729 1007 ὡς
770 943 981 996 ἐκεῖθεν
1009 940 1237 1012 εὔδηλον
1269 940 1537 1008 γίνεσθαι.
1569 937 1677 991 Τοῦ
1709 937 1821 1007 γὰρ

270 1037 554 1104 θαυμασίου
582 1036 767 1090 Λουκᾶ
799 1037 868 1088 τά
897 1035 1041 1089 κατὰ
1078 1035 1179 1103 τὴν
1208 1033 1440 1102 Μάρῖαν
1471 1033 1564 1084 καὶ
1596 1029 1823 1096 Μαρίαν

270 1125 631 1193 διεξελθόντος,
680 1122 803 1180 εἶτα
853 1125 949 1179 καὶ⁸
996 1124 1067 1178 τὰ
1102 1124 1233 1194 περὶ
1264 1125 1364 1193 τῆς
1399 1122 1690 1190 ἐπάρσεως
1721 1120 1822 1187 τῆς

181 1262 191 1273 .
274 1218 441 1287 φωνῆς
470 1218 573 1287 τῆς
598 1216 880 1286 γυναικὸς,
916 1216 1215 1287 μετέπειτα
1243 1214 1301 1268 δὲ
1345 1214 1439 1267 καὶ
1469 1214 1603 1282 περὶ
1639 1211 1734 1263 τοῦ
1762 1209 1820 1262 τὸ

276 1308 439 1376 κωφὸν
465 1309 741 1377 δαιμόνιον
773 1306 988 1377 ἔχοντος
1015 1305 1449 1375 διαγγέλλοντος,
1483 1303 1592 1356 τῶν
1624 1318 1683 1354 τε
1711 1301 1822 1352 Qa.-

278 1398 486 1464 ρισαίων
520 1399 577 1449 ἐν
606 1395 938 1459 Βεελζεϐοὺλ
985 1393 1272 1447 ἐκϐάλλειν
1299 1390 1369 1445 τὰ
1415 1391 1670 1460 δαιμόνια
1705 1388 1824 1441 δια-

275 1487 563 1541 εαλλόντων
608 1488 865 1556 Χριστὸν,
907 1486 1069 1551 αὐτὸς
1112 1485 1213 1556 τὴν
1264 1466 1447 1539 αύτῶν
1500 1482 1827 1552 ἀνατρέπων

274 1578 439 1643 δόξαν,
474 1577 634 1647 φησί.
673 1595 692 1629 ι
733 1579 886 1631 Πᾶσα
925 1576 1176 1646 βασιλεία
1203 1575 1291 1646 ἐφ’
1345 1576 1547 1643 ἑαυτὴν
1578 1574 1828 1644 ﬁnitam-

276 1671 450 1722 σθεῖσα
484 1670 965 1739 ἐρημωθήσεταν»
1001 1670 1092 1722 καὶ
1123 1665 1515 1737 μετὰ.ταῦτα·ι
1545 1666 1607 1718 Ei
1634 1664 1691 1718 δὲ
1716 1663 1827 1732 ἐγὼ

275 1762 323 1812 ἐν
355 1761 677 1825 Βεελζεϐοὺλ
728 1761 978 1815 ἐκϐάλλω
1004 1762 1072 1814 τὰ
1099 1761 1375 1828 δαιμόνια,
1410 1761 1459 1811 οἱ
1514 1758 1620 1812 υἱοὶ
1671 1757 1828 1827 ὑμῶν

274 1857 325 1904 ἐν
343 1854 445 1906 τίνι
463 1854 784 1908 ἐκϐάλλουσι
807 1870 823 1920 ;
856 1871 874 1904 ι
894 1854 1013 1917 ,Καὶ
1035 1852 1151 1922 μετ’
1177 1851 1353 1920 ὀλίγα·
1385 1850 1586 1905 «Ὅταν
1614 1849 1675 1903 τὸ
1697 1848 1835 1903 ἀκά-

276 1946 463 2013 θαρτον
507 1946 723 2014 πνεῦμα
752 1945 981 2010 ἐξέλθοι,
1011 1942 1402 2016 διέρχεται-δι’
1437 1942 1686 2013 ἀνύδρων
1742 1942 1831 1995 τό·

277 2056 382 2090 πων
432 2038 627 2109 ζητοῦν
672 2039 1002 2103 ἀνάπαυσιν,
1058 2037 1266 2109 καὶμὴ
1327 2037 1585 2106 εὑρίσκον
1636 2035 1829 2103 λέγει’

286 2131 634 2203 Ὑποστρέψω
663 2125 865 2197 sl;th
899 2127 1048 2185 οἶκόν
1102 2149 1229 2200 μου,
1261 2129 1386 2184 ὅθεν
1441 2129 1665 2200 ἐξῆλθον
1687 2145 1701 2159 ·
1739 2130 1832 2182 καὶ

277 2225 423 2277 ὲλθδν
467 2225 712 2296 εὑρίσκει
781 2226 1167 2297 σεσαρωμένον
1231 2225 1328 2278 καὶ
1387 2224 1825 2293 κεκοσμημένον.

277 2316 395 2369 Τότε
425 2316 720 2387 πορεύεται
745 2318 842 2371 καὶ
869 2315 1141 2386 λαμϐάνει
1174 2316 1316 2368 ἑπτά
1341 2315 1510 2385 ἕτερα
1538 2314 1833 2385 πνεύματα

278 2408 606 2479 πονηρότερα
636 2407 826 2473 αὑτοῦ,
881 2410 975 2462 καὶ
1003 2408 1156 2463 ἐλθὸν
1194 2409 1461 2472 κατοικεῖ,
1502 2406 1836 2475 καὶγίνεται

275 2502 334 2552 τὰ
360 2501 563 2571 ἐσχατα
611 2501 704 2556 τοῦ
749 2502 1043 2574 ἀνθρώπου
1082 2502 1304 2572 χείρονα
1347 2500 1458 2554 τῶν
1506 2500 1764 2571 πρώτων.
1808 2518 1827 2552 ι

288 2596 504 2663 Ἐπάγει
566 2596 667 2668 μέν
710 2612 794 2649 τοι
843 2597 921 2667 τῷ
979 2575 1196 2666 συνεχεῖ
1248 2594 1344 2648 τοῦ
1390 2593 1553 2663 λόγου
1581 2613 1595 2626 ·
1629 2612 1650 2646 ι
1679 2593 1836 2662 Ἐγέ-

278 2705 389 2741 νετο
417 2688 474 2740 δέ
499 2690 555 2741 ἐν
582 2689 661 2758 τῷ
687 2689 870 2758 λέγειν
892 2689 1057 2743 αὐτὸν
1089 2687 1288 2750 ταῦτα,
1316 2689 1575 2757 ἐπάρασά
1593 2705 1677 2752 τις
1699 2687 1838 2759 γυνὴ
1864 2716 1869 2721 ·

1922 567 2239 623 ostendunt.
2265 565 2370 621 Ubi
2394 572 2574 618 autem
2599 562 2761 616 divus
2786 561 2962 614 Lucas
2990 558 3211 613 Martha:
3231 566 3287 610 et
3310 557 3497 611 Mam:

1925 659 2217 715 historiam
2250 656 2461 727 peregit
2483 667 2538 709 et
2566 654 2634 709 de
2656 653 2906 707 mulieris
2935 666 3070 706 voce
3101 650 3314 704 sublata
3340 664 3404 702 ae
3429 648 3496 700 de

1922 768 1990 808 eo
2020 752 2114 822 qui
2145 751 2450 806 daemonem
2475 756 2687 802 mutum
2714 745 2973 806 habebat.
2997 744 3175 814 deque
3205 740 3499 797 Pharisaeis

1923 844 2017 914 qui
2064 843 2346 897 Christum
2381 840 2605 893 nomine
2640 836 2950 893 Beelzebub
2994 836 3270 889 daemones
3297 834 3499 903 ejicere

1925 934 2408 990 calumniabantur
2468 933 2686 989 locutus
2737 940 2839 994 est,
2888 930 3002 998 ipse
3037 927 3232 982 falsam
3280 926 3503 979 illorum

1925 1027 2243 1097 opinionem
2276 1023 2588 1094 reprimens
2622 1022 2755 1077 dicit
2782 1038 2797 1075 :
2830 1039 2847 1072 ι
2882 1020 3059 1076 Omne
3091 1032 3319 1088 regnum
3354 1017 3412 1071 in
3444 1029 3506 1068 se

1926 1121 2109 1191 ipsum
2165 1119 2403 1174 divisum
2448 1117 2824 1181 desolabitur;
2867 1134 2885 1167 ι
2952 1122 3008 1168 ct
3040 1112 3355 1183 posthaec:
3400 1126 3418 1160 ι
3447 1107 3506 1163 Si

1930 1222 2112 1268 autem
2136 1227 2238 1280 ego
2267 1211 2323 1265 in
2358 1209 2667 1266 Beelzebub
2705 1209 2866 1280 ejicio
2892 1205 3182 1273 daemonia,
3216 1202 3310 1257 lilii
3335 1201 3504 1256 vestri

1929 1306 1983 1361 in
2008 1323 2118 1376 quo
2147 1305 2408 1377 ejiciunt?
2435 1323 2454 1357 ι
2493 1304 2558 1359 Ει
2587 1312 2714 1374 post
2746 1317 2956 1373 pauca:
2983 1318 3001 1352 ι
3023 1300 3158 1356 Cum
3185 1295 3505 1353 immundus

1931 1400 2162 1469 Spiritus
2191 1398 2388 1454 exierit
2412 1397 2481 1452 de
2525 1397 2769 1459 homine,
2813 1394 3058 1450 ambulat
3078 1408 3184 1464 per
3223 1391 3341 1445 loca
3387 1389 3504 1477 inav

1930 1508 2126 1563 quosa,
2161 1506 2416 1562 quaerens
2464 1491 2736 1562 requiem,
2769 1498 2966 1544 etnon
3000 1486 3292 1541 inveniens
3338 1483 3506 1537 dicit:

1933 1583 2201 1639 Revertar
2234 1585 2287 1637 in
2322 1583 2543 1639 domum
2570 1598 2745 1638 meam
2772 1580 2919 1637 unde
2956 1579 3123 1636 exivi.
3158 1580 3226 1634 Et
3258 1592 3384 1633 cum
3419 1591 3514 1630 ve-

1930 1673 2097 1735 nerit,
2147 1673 2358 1728 invenit
2391 1688 2513 1728 eam
2553 1672 2739 1743 scepis
2783 1672 3100 1728 mundatam
3154 1680 3206 1728 et
3234 1678 3509 1727 ornatam.

1932 1762 2089 1819 Tunc
2123 1764 2271 1818 vadit
2292 1773 2349 1819 et
2377 1765 2609 1820 assumit
2634 1773 2844 1835 septem
2874 1764 3011 1820 alios
3039 1765 3273 1834 spiritus
3297 1778 3510 1825 secum,

1869 1846 1911 1902 Β
1939 1859 2235 1927 nequiores
2262 1873 2345 1922 se,
2376 1866 2430 1914 et
2461 1858 2697 1928 ingressi
2730 1857 2979 1913 habitant
3018 1858 3117 1912 ibi.
3155 1857 3218 1912 Et
3247 1858 3381 1911 ﬁunt
3412 1873 3513 1912 no-

1941 1946 2164 2001 vissima
2214 1946 2456 2000 hominis
2511 1947 2661 2003 illius
2721 1948 2912 2015 pejora
2963 1944 3272 2014 prioribus.
3309 1960 3329 1994 ι
3381 1942 3515 1997 Post

1907 2050 1915 2059 ‘
1942 2039 2054 2095 hac
2078 2039 2232 2094 addit
2262 2057 2276 2095 :
2317 2058 2335 2092 ι
2378 2038 2603 2094 Factum
2635 2047 2720 2094 est
2743 2047 2949 2101 autem,
2975 2051 3101 2092 cum
3133 2036 3248 2091 haec
3282 2035 3514 2100 diceret,

1939 2132 2208 2189 extollens
2254 2146 2446 2188 vocem
2510 2130 2759 2208 quaedam
2815 2130 3017 2187 mulier
3061 2130 3133 2186 de
3182 2129 3341 2187 turba
3377 2127 3521 2183 dixit

1939 2220 2018 2275 illi
2054 2237 2068 2275 :
2096 2219 2296 2276 Beatus
2322 2228 2518 2277 venter
2554 2221 2649 2292 qui
2680 2231 2732 2277 te
2776 2220 3034 2293 portavit,
3068 2229 3125 2277 et
3173 2220 3367 2287 ubera,
3396 2233 3521 2288 quin

1941 2311 2141 2368 suxisti
2170 2313 2214 2366 ⁷.
2254 2331 2276 2366 ι
2323 2311 2479 2368 Hanc
2509 2322 2695 2368 autem
2731 2312 3018 2367 mulierem
3056 2327 3165 2367 non
3197 2311 3359 2367 aiiam
3411 2311 3519 2366 nisi

1939 2409 2314 2481 Magdalenam
2372 2409 2543 2467 fuisse
2581 2421 2754 2482 patet,
2806 2425 2949 2482 qu:e,
2987 2421 3201 2481 septem
3254 2408 3524 2466 daemoni-

1944 2502 2048 2558 bus
2084 2503 2332 2569 obsessa,
2384 2505 2599 2560 miserae
2641 2504 2981 2561 conditionis
3011 2503 3286 2569 meminit,
3325 2519 3360 2558 a
3411 2518 3525 2573 qna

1942 2593 2218 2660 Christus,
2253 2609 2380 2650 cum
2411 2595 2467 2649 in
2511 2596 2771 2667 Magdalm
2799 2596 2920 2651 vico
2958 2605 3136 2663 esset,
3169 2610 3290 2650 eam
3320 2593 3526 2671 libera-

1940 2694 2121 2753 verat,
2149 2699 2211 2745 ut
2263 2703 2483 2745 sacrum
2532 2689 2701 2744 refert
2749 2688 3132 2760 Evangelium.

279 2783 455 2855 φωνὴν
488 2787 552 2838 ἐκ
580 2784 673 2838 τοῦ
706 2784 888 2855 ιχλου,
925 2780 1081 2838 εἶπεν
1106 2783 1279 2854 αὐτῷ’
1332 2784 1600 2855 Μακαρία
1650 2785 1684 2855 ἠ
1738 2784 1919 2839 κοιλία
1956 2784 1990 2855 ἠ
2032 2784 2351 2864 βαστάσασά
2396 2802 2479 2852 σε,
2511 2786 2607 2839 καὶ
2642 2786 2862 2856 μαστοὶ,
2903 2784 2998 2849 οὓς
3026 2782 3322 2856 ἐθήλασας.
3371 2805 3391 2839 ι
3436 2786 3528 2851 Ὠς

281 2880 605 2948 συνάγεσθαι
675 2881 751 2952 μὴ
783 2882 973 2951 ἄλλην,
1000 2881 1035 2952 ἢ
1079 2880 1179 2951 τὴν
1222 2880 1592 2949 Μαγδαληνὴν
1658 2876 1801 2936 εῖναι
1855 2881 2083 2953 ταύτην,
2113 2880 2428 2938 ἀκούσασαν
2462 2882 2592 2952 περὶ
2641 2881 2750 2935 τῶν
2779 2880 2921 2936 ἐπτὰ
2963 2881 3278 2953 δαιμονίων,
3315 2885 3414 2937 καὶ
3445 2868 3559 2946 εἰς’

282 2978 463 3047 μνείαθ
503 2977 761 3033 ἐλθοῦσαν
791 2979 884 3034 τοῦ
918 2980 1148 3046 πάθους,
1181 2974 1256 3032 ὧν
1283 2977 1456 3049 αὐτὴν
1493 2978 1774 3050 ἀπήλλαξε
1800 2979 2039 3050 Χριστὸς
2085 2980 2144 3032 ἐν
2174 2980 2490 3050 Μαγδάλοις
2516 2979 2832 3051 γενόμενος,
2865 2980 2941 3045 ὡς
2970 2978 3031 3032 τὸ
3083 2979 3230 3052 ἱερὸν
3259 2981 3524 3046 διέξεισιν

281 3072 626 3140 Εὑαγγέλιον.

340 3129 608 3221 (θ’-..Ἐπεὶ
660 3165 715 3219 δὲ
742 3166 851 3218 ἔδει
882 3166 976 3220 και
1008 3166 1070 3220 τδ
1098 3167 1190 3222 διὰ
1223 3168 1461 3238 σταυροῦ
1510 3169 1653 3235 ὑπὲρ
1694 3170 1839 3241 mea

2030 3167 2122 3223 IX.
2168 3168 2272 3223 Per
2306 3182 2527 3223 erucem
2580 3183 2681 3237 pro
2720 3166 2879 3224 nobis
2909 3167 3231 3240 mysterium
3281 3168 3527 3225 eﬂicien-

276 3261 595 3330 τελεσθῆναι
629 3259 950 3331 μυστήριον,
983 3259 1093 3315 ἔδει
1129 3261 1174 3314 δ’
1199 3261 1301 3316 οὐκ
1333 3263 1530 3327 ἄλλως,
1563 3265 1598 3333 ἢ
1627 3262 1716 3316 διὰ
1745 3261 1841 3316 τοῦ

277 3354 417 3408 κατὰ
448 3354 540 3406 τὸν
573 3353 822 3424 Λάζαρον
853 3353 1130 3423 θαύματος
1156 3370 1172 3386 υ
1209 3355 1463 3408 ἐντεῦθεν
1492 3360 1599 3426 γὰρ
1630 3356 1841 3426 ὑπῆρξε

277 3448 370 3499 καὶ
411 3446 492 3517 τῷ
544 3445 645 3518 ᾅδῃ
671 3446 899 3516 γνῶναι,
935 3448 1062 3502 ὅσον
1109 3446 1263 3502 οὔπω
1305 3447 1404 3520 τὴν
1451 3449 1649 3503 ἑαυτοῦ
1680 3451 1845 3504 δυνα-

277 3537 459 3590 στείαν
479 3539 560 3601 είς
588 3538 739 3592 οὐδὲν
760 3537 1175 3609 ὠφελήσουσαν,
1202 3543 1298 3594 καὶ
1326 3541 1406 3610 τῷ
1433 3542 1542 3594 τῶν
1569 3542 1842 3614 Ἐϐραίων

276 3628 390 3699 λαῷ
413 3630 493 3692 είς
521 3629 711 3698 φθόνον
732 3629 1110 3701 διαναστῆναι,
1142 3632 1324 3686 καὶτὰ
1353 3633 1551 3693 παντὸς⁸
1583 3635 1846 3689 ἐπέκεινα

276 3724 437 3792 λόγου
467 3723 805 3794 ἐργάσασθαι
825 3740 839 3755 ’
876 3725 1058 3793 παρῆν
1112 3728 1209 3781 καὶ
1241 3726 1275 3795 ἡ
1308 3725 1590 3796 θαυμασία
1620 3730 1846 3796 Μαγδα-

276 3815 434 3888 ληνὴ,
465 3817 525 3870 τὸ
561 3818 658 3888 μέν
693 3804 938 3891 ἑπομένη
971 3814 1216 3890 Χριστῷ,
1243 3819 1305 3872 τὺ
1333 3820 1389 3872 δὲ
1418 3822 1512 3874 καὶ
1543 3823 1666 3883 ταῖς
1694 3822 1849 3875 ἁδελ-

276 3912 403 3979 φαϊς
431 3907 681 3980 Λαζάρου
708 3911 810 3964 ὅσα
839 3926 904 3980 γε
948 3913 1113 3981 νόμος
1144 3912 1228 3975 εἰς
1273 3913 1636 3983 παραμυθίαν
1665 3913 1844 3967 διατε-

271 4002 527 4057 λέσουσα.
565 4003 651 4066 Ὧς
686 4003 746 4057 δέ
782 4005 878 4058 καὶ
911 4004 993 4071 τὸ,
1025 4002 1136 4058 Ποῦ
1170 4004 1457 4059 τεθείκατε
1493 4006 1684 4072 αὑτὸν,
1708 4008 1849 4078 ἠκη-

272 4098 410 4160 κύει,
440 4097 534 4148 καὶ
555 4096 629 4155 ὡς
658 4096 960 4149 ἐπιστάντα
981 4098 1047 4168 τῇ
1068 4097 1163 4150 τοῦ
1184 4095 1338 4166 φίλον
1364 4097 1509 4169 σ)ρῷ
1538 4099 1847 4171 δακρύοντα

269 4185 400 4254 εἶδε,
433 4189 528 4241 καὶ
559 4189 745 4259 διᾶραι
787 4189 883 4242 τὸν
925 4189 1074 4244 λίθον
1104 4188 1420 4259 κελεύοντα,
1457 4190 1844 4262 ἐξεπλήττετο,

271 4282 371 4334 καὶ
404 4280 456 4333 τί
480 4281 545 4333 ἂν
575 4280 724 4352 αὐτῷ
757 4280 1069 4352 βουλομένῳ
1110 4279 1196 4352 εἴη
1250 4280 1311 4335 τὸ
1357 4282 1617 4351 ποιητέον
1653 4281 1850 4352 μαθεῖν

270 4372 656 4437 ἐϐούλετο.⁹Ως
680 4374 737 4426 δὲ
769 4376 865 4427 καὶ
891 4374 972 4439 τὸ,
1006 4374 1227 4445 Λάζαρε
1250 4373 1410 4445 δεῦρο
1440 4375 1565 4443 ἐξω,
1595 4375 1847 4445 διάτορον

269 4463 594 4535 ἢνωτίσατο,
641 4467 736 4517 καὶ
770 4463 864 4518 τὸν
905 4467 1227 4537 τεταρταῖον
1272 4464 1528 4538 θᾶττονῆ
1585 4464 1741 4535 λόγος
1769 4467 1849 4532 ὡς

1955 3262 2087 3316 dum
2125 3276 2250 3316 cum
2302 3270 2472 3325 esset,
2507 3260 2780 3315 miraculo
2820 3262 2967 3316 circa
3022 3262 3290 3317 Lazarum
3329 3278 3524 3333 perpe-

1958 3359 2103 3407 trato
2137 3367 2279 3421 opus
2327 3360 2471 3407 erat.
2506 3351 2648 3406 Hinc
2683 3353 2831 3407 enim
2867 3352 3032 3407 inferi
3076 3352 3179 3419 ipsi
3215 3352 3527 3422 intelligere

1959 3444 2236 3500 debebant
2272 3444 2420 3515 quod
2460 3444 2582 3500 sine
2630 3454 2901 3516 potestate
2932 3457 3121 3499 essent
3152 3457 3207 3500 et
3238 3447 3385 3516 quod
3427 3448 3531 3502 mi-

1956 3537 2205 3592 raculum
2259 3553 2289 3591 a
2335 3536 2524 3591 divina
2578 3546 2793 3591 tantum
2850 3554 3015 3591 tnanu
3069 3539 3268 3594 conliei
3317 3551 3565 3613 posseta

1958 3632 2164 3687 Aderat
2214 3641 2399 3684 autem
2442 3631 2599 3684 beata
2645 3630 2964 3700 Magdalena
3010 3642 3200 3701 utpote
3247 3633 3531 3688 Christum

1959 3735 2174 3788 secuta,
2205 3733 2263 3778 et
2294 3734 2354 3778 ut
2383 3723 2572 3778 Lazari
2595 3738 2839 3789 sorores,
2877 3734 2936 3779 ut
2966 3726 3135 3779 moris
3166 3739 3307 3787 erat.
3339 3743 3534 3782 conso-

1958 3816 2191 3870 laretur.
2252 3816 2552 3885 Postquam
2607 3826 2791 3869 autem
2856 3817 3048 3872 illud:
3106 3817 3208 3874 Ubi
3262 3822 3534 3888 posuistis

1959 3907 2127 3962 eum?
2152 3906 2478 3971 audivisset,
2510 3915 2565 3961 et
2590 3905 2879 3962 Christum
2915 3908 2980 3961 ad
3006 3909 3326 3976 sepulcrum
3365 3912 3535 3966 amici

1960 3999 2207 4054 defuncti
2259 3999 2530 4069 laerymas
2563 3998 2880 4052 fundentem
2914 4000 3167 4065 vidisset,
3197 4011 3255 4054 et
3291 4003 3529 4073 lapidem

1958 4093 2206 4147 amoveri
2250 4092 2537 4163 jubentem
2581 4092 2908 4157 audiviSSet,
2949 4093 3261 4163 obstupuit,
3308 4097 3535 4165 etquid

1962 4186 2068 4241 sibi
2110 4201 2211 4255 pro
2267 4194 2514 4252 tempore
2555 4183 2872 4239 faciendum
2919 4196 3066 4241 esset
3113 4189 3387 4258 quaesivit.
3429 4188 3532 4244 Ubi

1959 4293 2093 4333 vero
2116 4287 2238 4349 post
2266 4276 2402 4332 illud
2423 4277 2691 4344 :.Lazare,
2714 4279 2800 4333 cxi
2823 4279 2991 4344 foras,
3014 4295 3292 4336 mortuum
3317 4287 3535 4352 quatri-

1959 4371 2202 4426 duanum
2237 4384 2471 4428 mortem
2502 4372 2647 4428 sicut
2678 4386 2932 4427 somnum
2962 4375 3338 4430 excutientem
3371 4377 3536 4440 vidit.

1964 4466 2043 4520 rei
2074 4466 2346 4520 miraculo
2385 4465 2624 4521 attonita
2662 4474 2724 4521 ut
2771 4474 2951 4523 statua
2980 4468 3105 4523 sine
3134 4483 3269 4523 voce
3302 4484 3401 4539 per
3437 4466 3542 4526 alio

268 4554 445 4610 ὕπνον
475 4557 567 4611 τὸν
620 4557 859 4612 θάνατον
912 4558 1413 4630 άποτιναξάμενον,
1475 4560 1568 4614 ῐσα
1620 4561 1719 4615 καὶ
1761 4561 1839 4614 ὁιν⁴

1960 4558 2107 4630 quod
2135 4566 2350 4628 tempus
2372 4559 2583 4626 astitit;
2613 4570 2901 4630 postquam
2939 4572 3124 4615 autem
3155 4559 3221 4615 ad
3255 4576 3314 4617 se
3342 4562 3542 4619 rediis-

222 4650 231 4677 ‘
265 4649 486 4718 ὂριάντι
511 4648 589 4720 τῷ
629 4648 919 4721 παραδόξῳ
949 4649 1046 4703 τοῦ
1082 4650 1387 4722 θαύματος,
1417 4650 1635 4722 ἄφωνος
1660 4648 1852 4724 εἱστή-

267 4757 360 4793 κει
411 4741 499 4809 ἐφ’
535 4739 720 4794 ἱκανοῦ
746 4756 760 4770 ·
797 4740 950 4811 μόλις
1000 4739 1046 4794 δ’
1083 4743 1166 4806 είς
1208 4740 1413 4813 ἑαυτὴν
1462 4741 1717 4810 ἐλθοῦσα,
1757 4744 1855 4798 καὶ

268 4832 404 4886 καθ’
432 4831 631 4903 ἑαυτὴν
660 4833 1051 4904 συμϐάλλουσα
1080 4832 1142 4888 τὸ
1176 4834 1448 4906 πραχθὲν,
1480 4836 1550 4891 τὰ
1587 4835 1682 4890 τοῦ
1713 4835 1854 4890 Θεοῦ

269 4923 548 4994 μεγαλεῖα
583 4924 725 4980 καθά
752 4925 847 4979 καὶ
876 4925 1070 4997 πρῶτα
1099 4926 1326 4986 διετέλει
1359 4926 1743 4999 θαυμάζουσα.

343 5015 405 5070 l'.
449 5014 668 5086 Ἀμέλει
707 5017 805 5071 καὶ
833 5016 912 5086 τῷ
958 5017 1141 5088 φθόνῳ
1174 5017 1429 5075 ἐντεῦθεν
1460 5020 1561 5074 οὐκ
1610 5015 1680 5091 ἦν
1727 5021 1856 5074 ἁνε-

266 5110 387 5162 κτὰ.
411 5125 424 5140 ο
458 5107 574 5161 ἀλλ’
599 5111 674 5173 είς
722 5109 1017 5181 μετάρσιον
1050 5111 1334 5182 ἐξαφθεὶς,
1368 5112 1726 5183 Γραμματεῐς
1760 5112 1858 5167 καὶ

265 5200 609 5270 Φαρισαίους
638 5203 718 5265 είς
765 5201 966 5254 ταυτὸν
992 5202 1141 5271 άγει,
1171 5204 1268 5256 καὶ
1313 5202 1599 5275 συνέδριον
1642 5202 1859 5267 καθίζει

268 5295 425 5346 κατὰ
455 5292 715 5365 Χριστοῦ,
744 5296 841 5347 καὶ
875 5293 937 5348 τὸ
986 5293 1082 5348 τοῦ
1128 5295 1365 5350 θανάτου
1398 5295 1729 5367 συμϐούλιον
1761 5295 1860 5366 ῥά-

270 5400 481 5438 πτεται
500 5401 514 5416 ο
547 5384 723 5440 ἔπεισι
751 5386 828 5457 τῷ
859 5386 1122 5458 συνεδρίῳ
1151 5387 1330 5458 τούτῳ
1361 5390 1430 5460 τῇ
1465 5387 1709 5459 καθέδρα
1748 5387 1861 5441 τῶν

269 5476 489 5547 λοιμῶν
513 5472 667 5533 εἶπεν
695 5478 762 5533 ἄν
794 5484 1126 5553 προσφόρως
1164 5483 1194 5536 δ
1222 5482 1365 5546 θεῖος
1396 5482 1582 5544 Δαϐὶδ,
1617 5482 1715 5537 καὶ
1757 5499 1862 5552 μα-

269 5566 455 5639 θητὴς
510 5569 588 5641 τῷ
636 5571 788 5642 καλῷ
842 5571 1151 5644 διδασκάλῳ
1212 5573 1391 5644 τούτῳ
1457 5573 1858 5646 μαθητευθεὶς,

272 5658 622 5733 φιλαργυρίᾳ
652 5662 698 5716 δ’
731 5665 795 5718 ἐκ
823 5664 1202 5736 προαιρέσεως
1236 5664 1411 5720 συνὼν
1438 5665 1505 5720 τὰ
1539 5663 1731 5732 πολλὰ,
1765 5666 1860 5717 καὶ

356 5847 377 5878 ⁷
416 5844 555 5901 Luc.
620 5864 696 5909 si.
759 5849 945 5903 17-27.

528 5943 800 6006 ιίῐιιυι..
850 5950 941 6007 tiu
1009 5947 1117 6006 CX
1131 5946 1310 6006 l.\'ll.

1957 4660 2062 4718 set,
2096 4650 2388 4722 perpensis
2422 4665 2609 4706 secum
2632 4666 2756 4722 quae
2782 4651 2924 4708 facta
2951 4661 3160 4719 essent,
3192 4652 3289 4708 Dei
3313 4669 3539 4726 magna-

1957 4744 2029 4802 lia
2063 4744 2175 4829 alta
2211 4759 2348 4801 voce
2382 4744 2639 4817 protulit.

2033 5011 2102 5068 Χ.
2146 5010 2355 5068 Invidia
2403 5013 2511 5068 hoc
2553 5026 2697 5083 aegre
2733 5011 2879 5078 tulit,
2926 5011 3039 5069 imo
3082 5027 3187 5085 pro
3234 5017 3542 5077 acrimonia

1965 5121 2066 5163 sua
2097 5106 2313 5163 scribas
2341 5121 2408 5162 ac
2436 5105 2743 5161 Pharisaeos
2770 5104 2826 5160 in
2869 5122 3040 5163 unum
3088 5108 3271 5179 coegit
3293 5121 3349 5165 et
3378 5128 3542 5184 syne-
3594 5180 3598 5185 θ

1969 5198 2154 5254 drium
2183 5206 2378 5254 contra
2411 5197 2696 5256 Christum
2731 5208 3025 5263 convocat,
3048 5199 3142 5256 ubi
3175 5201 3244 5256 de
3279 5215 3459 5261 morte
3487 5208 3542 5262 ei

1966 5290 2257 5347 inferenda
2278 5306 2465 5347 sermo
2493 5291 2822 5347 habebatur.
2846 5289 3103 5348 Interfuit
3121 5294 3252 5351 huic
3277 5298 3535 5364 concilio,

1966 5386 2142 5454 pestis
2184 5382 2488 5451 cathedrae,
2520 5389 2587 5462 ut
2628 5382 2882 5453 apposite
2912 5383 3115 5439 dixerit
3144 5384 3309 5441 divus
3347 5387 3540 5449 David.

1967 5477 2274 5548 discipulus
2321 5478 2393 5532 ab
2444 5475 2738 5533 excellenti
2787 5479 3052 5547 magistro
3100 5478 3409 5546 institutus,
3440 5481 3539 5538 sed

1969 5568 2064 5636 qui
2116 5569 2349 5624 avaritia
2396 5566 2740 5638 instigatrice
2782 5569 2972 5624 omnia
3022 5570 3271 5640 pecunia:
3304 5572 3534 5642 postha-

1969 5662 2113 5729 buit,
2162 5675 2218 5719 et
2264 5678 2375 5720 non
2427 5663 2595 5719 alium
2660 5662 3026 5733 discipulatus
3076 5662 3320 5719 fructum
3375 5676 3543 5736 quam

1978 5855 2051 5878 tl!

3039 5923 3140 6006 ιδ’
