4076 6458
458 276 560 337 τίη
1685 280 2029 342 ΝΠΣΕΙἮΟΪ

2149 284 2234 341 CA
2247 283 2360 342 LLl
2375 282 2491 340 S'l‘l
3619 285 3724 346 560

458 401 649 439 θυι-υιιι
702 386 910 440 ossium
965 383 1445 455 Confringeretnr;
1507 397 1620 441 tum
1679 389 1864 443 clavos
1918 392 2029 460 ipsa

2139 390 2490 444 Δεσποτικῶν
2519 389 2744 456 όστέων,
2775 391 2852 460 τῷ
2888 390 3188 460 Νικοδήμῳ
3225 393 3516 464 προσθχειν
3565 397 3724 462 ἀγρι-

453 480 697 533 osenlata
747 488 854 540 est,
905 493 1211 548 eorumque
1250 479 1555 548 fragmenta
1607 482 1785 535 oculis
1833 482 2028 536 admo-

453 574 574 637 vit,
641 572 810 640 pedes
857 573 1141 640 speciosos
1197 572 1290 641 qui
1355 588 1544 642 pacem
1607 575 1871 630 omnibus
1939 593 2036 630 an-

453 667 821 724 nnntiarunt.
881 677 938 719 et
1007 680 1244 731 manus,
1291 681 1524 734 quarum
1595 681 1736 735 opus
1794 668 2038 722 mundus

453 767 537 812 est
591 769 736 813 totus
787 765 843 812 et
905 759 1186 826 praecipua
1245 768 1498 812 creatura
1553 757 1757 824 homo,
1815 771 2038 815 contre-

453 852 650 914 c-tavit,
707 859 761 904 et
809 857 984 903 totum
1050 865 1253 918 corpus
1313 851 1562 918 amplexa
1622 862 1748 916 est,
1805 863 2037 923 excepta

453 943 568 995 sola
602 942 757 1006 facie,
787 957 952 1011 quam
987 941 1058 995 ob
1089 941 1479 995 verecundiam
1527 942 1689 996 matri
1729 945 2037 1009 concessit,

451 1035 518 1087 ad
555 1051 720 1103 (inani
769 1035 822 1088 id
849 1034 994 1104 juris
1019 1045 1252 1104 pr0pter
1282 1035 1696 1089 maternitatem
1725 1037 2034 1104 spectabat.

453 1128 592 1181 'l‘nm
649 1127 999 1198 gemebunda
1053 1126 1242 1180 crines
1295 1127 1484 1191 solvit,
1539 1141 1708 1198 genas
1757 1129 2039 1196 unguibus

453 1219 706 1281 fiedavit',
751 1219 998 1274 extensis
1051 1219 1310 1273 manibus
1366 1229 1598 1274 matrem
1651 1219 1928 1274 elumbem
1980 1227 2039 1274 et

451 1313 634 1382 capite
662 1314 923 1382 resupino
948 1327 1212 1370 rerumne
1245 1311 1490 1366 ferendae
1519 1313 1666 1366 haud
1698 1327 1883 1381 parem
1911 1310 2038 1366 dul-

453 1405 613 1459 cibus
647 1403 836 1458 verbis
873 1404 1311 1458 consolata‘esl.
1365 1401 1447 1460 Ob
1493 1411 1914 1472 persecuturum
1956 1411 2037 1456 ta-

453 1514 580 1551 men
615 1506 826 1551 metum
871 1497 1121 1550 carmina
1169 1497 1429 1567 lugubria
1464 1506 1692 1552 cantare
1727 1513 1836 1552 non
1866 1495 2038 1550 aude-

454 1591 608 1644 bant.
660 1591 942 1658 Quidquid
1004 1590 1058 1643 id
1112 1599 1219 1651 est.
1255 1589 1533 1660 Iosephus
1588 1604 1652 1644 ac
1699 1589 2038 1644 Nicodemus

453 1699 661 1754 corpus
695 1684 932 1737 sindone
968 1683 1248 1737 involvere
1297 1698 1362 1736 ac
1409 1683 1633 1753 myrrha
1683 1681 1935 1748 condire,
1977 1691 2035 1737 et

2141 481 2250 544 ϐὦς
2284 481 2604 550 παρηγγύα,
2627 482 2753 540 τοὺς
2785 481 2950 550 ἥλους
2975 498 3032 533 τε
3061 483 3366 548 κατεφίλει,
3397 488 3492 540 καὶ.
3522 485 3591 538 τὰ
3629 488 3725 540 λα-

2139 575 2388 641 κίσματα
2417 572 2729 642 προσετίθει
2757 575 2868 636 τοῖς
2909 573 3144 642 ὄμμασι,
3187 575 3366 627 ποδῶν
3408 594 3463 629 τε
3500 579 3727 632 ἐκείνων

2137 667 2348 736 ἥπτετο
2404 665 2513 718 τῶν
2568 665 2738 727 ὅντως
2799 665 3040 735 ὡραίων,
3101 667 3195 719 καὶ
3247 669 3470 739 είρήνην
3519 672 3727 724 ἅπασιν

2140 757 2680 827 εὐαγγελισαμένων,
2735 757 2830 809 καὶ
2880 757 3105 827 χειρῶν,
3172 752 3248 812 ὧν
3296 759 3460 832 ἔργον
3521 749 3727 830 κόσμος

2142 851 2312 914 ἄπας,
2346 851 2441 902 καὶ
2476 850 2582 920 πρὸ
2615 851 2836 903 πάντων
2866 850 3095 919 πλάσμα
3127 853 3334 921 κυρίως
3362 856 3389 906 ό
3411 854 3723 924 ἄνθρωπος,

2138 945 2451 1015 περιεχείτό
2482 961 2539 996 τε
2567 943 2674 1013 ὅλῳ
2700 944 2780 1015 τῷ
2813 943 3048 1014 σώματι,
3089 947 3184 998 καὶ
3221 949 3564 1016 προσεφύετο
3615 951 3726 1013 τοῖς

2138 1038 2306 1090 ποσί·
2349 1036 2440 1090 τοῦ
2493 1038 2789 1106 προσώπου
2823 1054 2887 1106 γε
2927 1039 3035 1108 μὴν
3089 1038 3186 1091 καὶ
3245 1041 3438 1110 πόῤῥω
3495 1041 3726 1112 ἀπεῖχεν

2139 1127 2407 1196 ἅψασθαι,
2444 1127 2606 1180 τοῦτο
2645 1129 2744 1197 μὲν
2767 1128 3169 1201 εὐλαϐουμένη,
3202 1131 3264 1183 τὸ
3291 1131 3347 1184 δὲ
3377 1135 3472 1184 καὶ
3519 1136 3584 1202 τῇ
3622 1152 3726 1202 μη-

2137 1219 2230 1290 τρὶ
2267 1217 2700 1290 παραχωροῦσα,
2735 1220 2936 1292 ἐχούσῃ
2966 1222 3029 1273 ἐκ
3061 1221 3154 1274 τοῦ
3181 1223 3345 1276 τόκου
3385 1224 3446 1276 τὸ
3475 1225 3683 1277 δίκαιον
3711 1242 3724 1256 ·

2138 1310 2338 1380 ἐξῆρχε
2371 1311 2535 1378 γόων,
2559 1311 2840 1383 λυσαμένη
2868 1315 2968 1376 τὰς
2992 1314 3212 1383 τρίχας,
3240 1315 3337 1368 καὶ
3367 1315 3464 1378 τὰς
3487 1316 3725 1385 παρειὰς

2135 1406 2250 1466 τοῖς
2278 1403 2427 1468 ὄνυξι
2458 1403 2886 1472 καταξαίνουσα,
2925 1407 2990 1460 ἐκ
3031 1407 3235 1477 μέρους
3257 1407 3314 1460 δέ
3346 1409 3444 1461 καὶ
3481 1409 3581 1479 τήν
3615 1428 3722 1479 μη-

2135 1495 2276 1563 τέρα
2327 1496 2716 1566 ἀνακτωμένη,
2759 1497 3034 1567 ἐπέχουσα
3078 1501 3291 1568 χεῖρας,
3343 1499 3574 1552 καθόλου
3627 1499 3721 1552 τοῦ

2137 1586 2432 1655 προσώπου
2486 1586 2769 1655 όρμώσας,
2809 1588 2910 1657 τὴν
2939 1589 3182 1658 κεφαλήν
3205 1605 3266 1641 τε
3317 1590 3724 1659 παρεγκλίνον-

2139 1692 2261 1740 σαν,
2287 1678 2352 1746 τῇ
2379 1677 2476 1728 ἀνυ
2487 1676 2692 1747 ποίστῳ
2715 1677 2858 1748 λύπῃ
2883 1677 3404 1748 καταϐαρυνομένην
3427 1680 3720 1748 ἀνέχουσα,

457 1787 517 1830 ut
567 1776 891 1830 thesaurum
949 1776 1003 1828 in
1046 1775 1304 1844 sepulcro
1373 1775 1656 1844 deponere
1721 1783 2029 1844 ceperunt.

2137 1770 2232 1822 καὶ
2258 1770 2440 1836 λόγοις
2463 1769 2654 1839 ήπίοις
2684 1747 3016 1824 τὸπλεῖστον
3047 1747 3361 1842 ἀφαιροῦσα
3390 1772 3490 1841 τῆς
3513 1747 3720 1840 193m;-

451 1865 770 1936 Magdalena
796 1867 939 1921 enim
965 1866 1207 1935 Joscplio
1236 1866 1425 1920 instita
1453 1865 1740 1928 exhibens,
1762 1865 1908 1929 Tibi,
1933 1864 2031 1930 ait,

452 1961 601 2030 quod
633 1968 808 2016 restat
838 1975 987 2014 curm
1013 1959 1142 2024 erit,
1186 1969 1246 2014 ut
1273 1959 1571 2013 Dominum
1604 1957 1841 2013 sindone
1875 1957 2036 2011 invo-

451 2053 630 2109 lutum
664 2055 967 2123 sepultura:
1000 2053 1223 2116 tradas;
1270 2053 1357 2105 cui
1397 2051 1622 2122 quidem
1652 2049 1876 2120 negotio
1913 2048 2032 2118 ipsa

449 2163 651 2202 manus
685 2147 958 2202 afferebat
997 2157 1054 2200 nt
1086 2154 1142 2200 et
1180 2155 1357 2199 mater
1388 2144 1527 2215 ipsa,
1574 2145 1735 2214 cujus
1782 2141 2032 2196 dolorem

451 2255 517 2294 ac
540 2255 728 2294 curam
755 2237 1140 2309 participabat.
1165 2237 1272 2292 Ubi
1303 2251 1434 2290 vero
1457 2250 1663 2304 corpus
1689 2233 2034 2287 Dominicnm

449 2331 776 2400 resupinum
805 2330 952 2384 ineo
983 2339 1128 2384 esset
1154 2337 1213 2383 ut
1241 2327 1307 2381 ad
1342 2327 1681 2396 sepulturam
1717 2325 2033 2391 efferretur,

450 2425 576 2493 quis
609 2435 815 2476 sancta:
847 2422 1069 2476 femina:
1109 2420 1360 2474 dolorem
1394 2429 1452 2474 et
1498 2419 1708 2473 luctum
1736 2433 2036 2472 enarrave-

451 2517 566 2572 rit?
596 2516 791 2570 Melius
819 2530 954 2585 ergo
1005 2524 1140 2584 puto
1176 2514 1401 2568 silentio
1437 2511 1489 2566 id
1530 2509 1830 2581 prwterire'
1864 2526 2032 2580 quam

451 2623 712 2664 sermone
742 2625 852 2663 non
889 2608 1024 2662 satis
1057 2607 1222 2676 digno
1247 2619 1596 2676 percurrere.
1627 2601 1719 2657 Sic
1742 2601 1910 2670 igitur
1932 2603 2028 2672 qui

451 2700 714 2754 omnibus
747 2702 912 2754 vitam
950 2689 1205 2768 inspirat,
1247 2699 1303 2751 in
1350 2696 1607 2770 sepulcro
1652 2695 1819 2750 vitam
1885 2709 2024 2750 conc

451 2805 677 2849 tenturo
709 2796 1029 2864 deponitur.

2141 1860 2277 1913 ἀλλὰ
2302 1860 2380 1931 τῷ
2407 1861 2557 1931 φόϐῳ
2585 1860 2695 1914 τῶν
2737 1862 2983 1915 διωκτῶν
3017 1864 3116 1915 οὐκ
3146 1857 3214 1934 ἦν
3248 1865 3438 1925 αὑταῖς
3487 1865 3563 1925 ώς
3595 1863 3722 1932 βου-

2141 1952 2401 2024 λομέναις
2430 1953 2580 2024 ἐξῆν,
2604 1956 2718 2018 τοῖς
2753 1954 2976 2019 ἐξοδίοις
3021 1957 3115 2008 καὶ
3152 1938 3461 2026 ἐπιταφίοις
3514 1957 3722 2024 χρήσα-

2145 2047 2272 2102 σθαι
2317 2045 2562 2118 μέλεσὶν.
2598 2050 2820 2121 Ἀμέλει
2870 2054 2968 2116 καὶ
2999 2053 3065 2121 τῇ
3127 2053 3318 2122 μητρὶ,
3355 2051 3572 2105 Τούτων
3599 2053 3722 2115 οὐκ,

2145 2139 2405 2207 είς-τοῦσα,
2432 2139 2650 2210 καιρὸς,
2675 2139 2878 2212 Ἰωσὴφ
2901 2141 2995 2194 καὶ
3023 2142 3324 2212 Νικοδήμῳ
3354 2143 3720 2203 ἐνεκελεύετο,

2142 2224 2198 2284 οἵ
2223 2231 2426 2300 τάχους
2463 2229 2608 2302 εἶχον
2640 2231 2920 2304 ἐνειλῆσαι
2950 2233 3152 2287 σινδόνι
3186 2234 3249 2288 τὸ
3280 2234 3462 2304 σῶμα,
3495 2235 3724 2301 θεοπρε-

2140 2323 2259 2386 πῶς
2285 2341 2344 2376 τε
2396 2326 2714 2395 σμυρνίσιιι,
2757 2326 2851 2379 καὶ
2876 2327 2951 2390 ώς
2982 2326 3260 2397 θησαυρόν
3300 2345 3422 2380 τινα
3448 2327 3525 2396 τῷ
3564 2329 3722 2395 τάφῳ

2139 2417 2523 2482 ἐναποθὲσθαι,
2559 2420 2662 2489 τήν
2685 2436 2744 2472 τε
2789 2419 3006 2473 σινδόνα
3053 2420 3149 2473 καὶ
3202 2420 3300 2489 τὴν
3338 2421 3589 2490 σμύρναν
3643 2420 3722 2490 τῷ

2150 2511 2352 2580 Ἰωσήφ
2384 2510 2767 2581 ἐγχειρίσασα,
2802 2512 2914 2576 Σοὶ,
2939 2513 3100 2584 φησὶ,
3118 2512 3212 2567 τοῦ
3236 2514 3428 2567 λοιποῦ
3467 2515 3718 2584 μελήσει,

2138 2604 2284 2667 ὅπως
2309 2603 2498 2658 τοῦτον
2527 2605 2854 2675 ὲνειλήσαις,
2873 2606 2971 2660 καὶ
2991 2609 3054 2678 τῇ
3086 2601 3234 2678 ταφῇ
3257 2607 3534 2678 παραδῷς,
3559 2612 3650 2662 καὶ
3671 2607 3722 2658 τ’

2135 2696 2273 2750 ἄλλα
2323 2696 2388 2767 δὴ
2437 2697 2538 2751 ὅσα
2570 2698 2701 2767 περὶ
2731 2698 2824 2750 τὸν
2849 2699 3019 2768 τάφον
3053 2701 3451 2768 ἀμφεπονεῖτοο
3483 2702 3552 2752 τὰ
3597 2699 3719 2752 δεύ-

2129 2805 2265 2858 τερα
2299 2791 2438 2859 μετὰ
2464 2790 2562 2860 τὴν
2591 2791 2802 2862 μητέρα
2832 2791 2973 2844 κατά
3000 2808 3059 2844 τε
3080 2791 3258 2860 λύπην
3295 2795 3392 2844 καὶ
3409 2791 3506 2862 τὴν
3528 2791 3720 2862 λοιπὴν

443 2892 771 2962 διακειμένη
805 2889 1065 2959 σπουδήν.
1109 2885 1266 2940 Ἐπεὶ
1292 2885 1349 2939 δέ
1378 2886 1471 2939 καὶ
1515 2882 1912 2955 νεκροπρεπῶς
1941 2881 2282 2950 ἀνεκέκλιτο,
2325 2883 2468 2936 κατὰ
2501 2883 2671 2936 νώτου
2693 2899 2752 2936 τε
2774 2883 2970 2949 ἔκειτο,
3003 2883 3100 2938 καὶ
3123 2884 3221 2954 ήδη
3257 2884 3392 2954 πρὸς
3422 2885 3520 2955 τήν
3541 2886 3717 2955 ταφήν

447 2985 804 3058 ἐκφορείσθαι
858 2983 1075 3053 ἔμελλε,
1103 2981 1186 3044 τίς
1217 2982 1282 3035 ἂν
1311 2979 1512 3042 ἱκανῶς
1580 2980 1925 3047 διηγήσαιτο,
1962 2975 2160 3029 ὁπόσον
2199 2980 2265 3046 τῇ
2298 2976 2552 3048 μακαρίᾳ
2573 2977 2747 3048 ταύτῃ
2799 2977 2862 3030 τὸ
2908 2976 3126 3042 πένθος,
3163 2979 3260 3032 καὶ
3306 2977 3366 3032 es
3410 2980 3506 3048 τῆς
3537 2979 3717 3048 λύπης

446 3086 656 3148 δεινόν;
695 3083 804 3135 Καὶ
875 3081 1125 3151 κρεῖττον
1166 3075 1374 3146 ’ἔγωγε
1415 3071 1570 3146 οἶμαι
1615 3078 1742 3146 σιγῇ
1814 3075 1948 3130 αὐτὸ
1991 3075 2286 3146 παριστᾷν,
2321 3075 2354 3145 ἢ
2391 3073 2695 3142 διηγεῖσθαι
2737 3073 2976 3128 ἐθέλειν·
3016 3074 3119 3128 ποῦ
3159 3075 3266 3144 γὰρ
3298 3073 3365 3128 ἂν
3431 3075 3528 3129 καὶ
3557 3076 3714 3144 λόγος

445 3182 689 3248 τοσούτῳ
741 3177 928 3231 πένθει
977 3174 1266 3245 ἐξισωθείη
1291 3217 1306 3242 ,
1345 3169 1471 3244 Εἶχε
1505 3174 1604 3244 μὲν
1645 3172 1789 3226 οὕτω
1818 3171 2014 3237 ταῦτα,
2054 3171 2151 3226 καὶ
2216 3172 2246 3224 ό
2315 3172 2448 3226 πᾶσι
2483 3172 2544 3224 τὸ
2591 3172 2690 3242 ζῇν
2717 3171 2990 3242 ἐμπνέων,
3023 3170 3102 3243 τῷ
3170 3169 3439 3245 ζωηφόρῳ
3463 3172 3713 3226 ἐναποτί-

447 3275 601 3326 θεται
641 3272 908 3340 μνήματι.

519 3363 657 3418 XIV.
697 3365 842 3420 Deus
875 3360 1121 3415 omnium
1150 3360 1380 3416 Creator
1419 3368 1708 3429 postquam
1765 3359 2021 3412 incarna-
2049 3364 2094 3423 α

447 3457 615 3512 tionis
643 3471 784 3526 opus
815 3453 1156 3526 perfecisset,
1215 3454 1449 3522 septimo
1495 3452 1585 3505 die
1653 3452 1708 3505 in
1769 3450 2026 3520 sepulcro

447 3551 683 3618 quievit,
715 3549 796 3602 sic
831 3545 1125 3602 sabbatum
1163 3560 1259 3614 per
1299 3544 1666 3599 cessationem
1718 3559 1748 3597 a
1783 3543 2024 3597 creando

445 3644 679 3712 agendo.
713 3639 874 3694 Nunc
905 3648 1090 3692 autem
1129 3647 1334 3694 sanctze
1385 3636 1605 3691 femina:
1653 3637 1908 3690 ardorem
1962 3651 2025 3690 ac

445 3736 623 3789 zelum
655 3734 791 3788 mihi
827 3730 1141 3787 considera.
1193 3731 1330 3784 Dum
1360 3731 1506 3783 enim
1561 3729 1722 3783 amici
1761 3739 1817 3782 et
1850 3728 2018 3782 vieini

443 3841 662 3890 omnes,
687 3833 760 3879 ut
796 3825 1084 3895 prepheta:
1118 3821 1346 3892 quidem
1391 3821 1633 3882 videtur,
1666 3819 2021 3890 elonginquo

441 3919 679 3982 stabant,
723 3918 817 3972 alii
854 3925 1039 3971 autem
1075 3913 1256 3986 fugam
1308 3915 1697 3983 capessebant,
1730 3913 1846 3974 illa,
1871 3913 2020 3968 omni

441 4020 590 4064 metu
617 4009 890 4078 deposito,
951 4019 1008 4062 et
1038 4007 1226 4061 omnia
1289 4005 1684 4074 impedimenta
1744 4003 1898 4058 ﬂocci
1941 4003 2023 4055 fa-

440 4101 614 4166 ciens,
648 4099 793 4152 virili
858 4107 1079 4167 sumpto
1124 4095 1332 4159 animo,
1389 4094 1536 4163 quod
1591 4091 1869 4146 innumeri
1924 4091 2018 4146 alii

441 4193 624 4246 facere
657 4208 764 4244 non
795 4192 1095 4252 audebant,
1123 4188 1237 4242 sola
1271 4189 1456 4240 facere
1475 4196 1564 4240 est
1593 4201 1748 4239 ausa.
1777 4185 1899 4238 llaec
1923 4200 2020 4237 au-

443 4294 552 4337 tem
597 4283 877 4336 memoriae
908 4280 1174 4334 mandare
1214 4278 1423 4332 sanctis
1453 4277 1809 4346 evangelistis
1845 4290 2017 4346 nego-

442 4379 581 4430 tium
609 4375 800 4430 datum
829 4375 954 4428 luit.

510 4554 628 4609 XV.
656 4554 923 4620 Quantam
950 4560 1134 4606 autem
1166 4549 1346 4604 eidem
1380 4549 1508 4603 inde
1546 4547 1768 4604 laudem
1818 4547 2019 4603 redun-

438 4651 600 4704 dasse
628 4647 850 4702 credis?
897 4646 1016 4700 Neu
1035 4646 1181 4698 enim
1207 4642 1375 4697 semel
1404 4651 1499 4695 aut
1525 4641 1844 4712 singillatim
1866 4657 2019 4696 men-

441 4745 646 4796 tionem
679 4741 746 4794 de
781 4755 846 4794 ea
881 4740 1156 4802 fecerunt,
1200 4736 1296 4791 sed
1325 4744 1566 4805 quatuor
1592 4750 1789 4790 omnes
1805 4735 1872 4788 de
1902 4735 2016 4804 ipsa
2045 4719 2097 4780 D

438 4838 610 4894 locuti
653 4835 996 4902 sunt,idque
1032 4835 1365 4888 necessario.
1426 4831 1634 4898 Quater
1680 4846 1917 4900 namque
1945 4830 2014 4885 ad

436 4931 752 5001 sepulcrum
788 4927 1087 4980 accessisse
1115 4939 1258 4988 eam,
1316 4933 1374 4979 et
1429 4924 1747 4979 coelestibus
1787 4923 2018 4978 visioni-

437 5022 542 5077 bus
572 5022 792 5090 dignam
824 5018 1068 5070 habitam
1096 5031 1219 5071 esse
1266 5017 1520 5085 legimus.
1551 5015 1732 5069 Prima
1786 5015 2011 5084 quidem

432 5114 557 5167 vice
597 5111 710 5167 sola
741 5109 864 5173 fuit,
896 5107 1139 5163 secunda
1193 5117 1377 5159 autem
1405 5121 1532 5159 cum
1587 5105 1762 5158 altera
1821 5103 2012 5167 Maria,

432 5218 600 5273 quam
648 5202 863 5256 Marcus
890 5210 945 5254 et
994 5200 1281 5253 Matthwus
1311 5199 1437 5253 Jose
1466 5205 1521 5253 et
1557 5196 1745 5251 Jacobi
1784 5207 2013 5250 matrem

432 5297 758 5358 nominant;
793 5294 974 5357 tertia,
1027 5307 1152 5346 cuin
1193 5291 1358 5346 Petro
1384 5298 1440 5343 et
1491 5288 1705 5344 Joanne
1735 5301 2016 5342 convene-

433 5396 543 5450 rat,
583 5395 811 5440 auctore
843 5385 1054 5440 Joanne
1083 5385 1456 5452 evangelista;
1489 5394 1709 5453 quarta,
1735 5396 1860 5436 cum
1915 5381 2014 5435 Sa-

432 5476 580 5531 lome
609 5487 665 5532 et
694 5477 866 5531 altera
898 5475 1090 5541 Maria,
1129 5475 1248 5531 sole
1279 5477 1518 5538 oriente,
1548 5484 1607 5530 ut
1664 5474 1880 5528 Marcus
1931 5465 2014 5526 re?

434 5569 566 5624 fcrt.
604 5571 665 5622 Et
699 5578 845 5624 certe
871 5569 1054 5624 omnia
1082 5584 1203 5638 qua:
1229 5567 1297 5622 ad
1333 5583 1454 5622 eam
1495 5575 1770 5637 Spectant,
1805 5580 2012 5619 memo-

434 5669 561 5714 ratu
596 5661 751 5716 valde
791 5662 954 5732 digna
1013 5671 1163 5716 sunt.
1222 5662 1519 5729 Postquam
1583 5675 1749 5728 porro
1806 5671 2012 5726 corpus

429 5754 708 5824 sepultum
732 5755 930 5824 fuerat,
960 5754 1264 5813 secundum
1299 5755 1443 5824 quod
1499 5754 1634 5808 dicit
1666 5754 1824 5806 divus
1873 5750 2010 5805 Mat-

2199 3357 2296 3409 IA'.
2335 3353 2406 3406 Ὀ
2445 3370 2505 3423 γε
2540 3353 2646 3425 μὴν
2677 3353 2786 3408 τῶν
2817 3355 2954 3408 ὅλων
2983 3355 3116 3419 Θεὸς
3150 3356 3210 3410 τὸ
3257 3357 3353 3426 τῆς
3398 3360 3711 3430 οἰκονομίας

2135 3450 2296 3517 ἔργον
2324 3447 2728 3516 πεπληρωκὼς,
2755 3451 2820 3518 τῇ
2852 3447 3056 3520 ἐϐδόμῃ
3082 3451 3160 3520 τῷ
3183 3451 3338 3521 τάφῳ
3371 3455 3709 3522 κατέπαυσε,

2135 3543 2230 3594 καὶ
2263 3535 2329 3610 ἦν
2363 3538 2706 3603 σαϐϐατίζων
2756 3540 2930 3603 ὅντως
2964 3542 3064 3612 τὴν
3127 3542 3342 3598 τελείαν
3382 3545 3488 3596 τῶν
3533 3544 3713 3612 ἔργων

2133 3634 2504 3686 κατάπαυσιν.
2539 3631 2701 3684 Ἀλλ’
2747 3633 2982 3685 ἐνταῦθα
3024 3634 3125 3704 τῆς
3183 3635 3460 3704 μακαρίας
3509 3637 3713 3706 ταύτης

2131 3726 2391 3794 γυναικὸς
2458 3726 2520 3779 τὸ
2579 3727 3134 3796 κατεσπουδασμένον
3193 3730 3286 3782 καὶ
3351 3731 3708 3801 φιλόστοργον

2130 3820 2232 3888 ὅρα
2264 3837 2376 3890 μοι.
2413 3820 2534 3874 Τῶν
2564 3820 2672 3888 γὰρ
2708 3819 2880 3887 φίλων
2927 3821 3022 3872 καὶ
3053 3821 3284 3891 πλησίον
3316 3823 3593 3888 ἁπάντων,
3631 3825 3708 3887 ὡς

2129 3910 2208 3979 τῷ
2245 3911 2500 3981 προφήτῃ
2554 3909 2722 3974 δοκεῖ,
2760 3908 2871 3961 τῶν
2909 3911 3008 3978 μὲν
3055 3911 3209 3982 φόϐῳ
3249 3913 3522 3982 μακρόθεν
3561 3914 3710 3968 ίστα-

2131 4003 2333 4070 μένων,
2367 4000 2478 4054 τῶν
2513 3999 2569 4053 δὲ
2618 3999 2714 4053 καὶ
2765 4003 2912 4072 φυγῇ
2949 4002 3340 4070 χρησαμένων,
3373 4003 3482 4055 τῶν
3509 4003 3564 4057 δὲ
3604 4004 3702 4056 καὶ

2130 4095 2374 4147 στάντων
2408 4092 2740 4158 ἐξεναντίας,
2775 4091 2916 4162 αὕτη
2950 4095 3129 4148 πάντα
3173 4094 3360 4163 φόϐον,
3391 4094 3486 4148 καὶ
3535 4097 3706 4150 τᾶλὶα

2128 4183 2260 4256 παρ’
2291 4185 2444 4236 οὐδὲν
2475 4184 2702 4256 θεμένη,
2730 4185 3101 4257 ἀνδρισαμένη
3133 4203 3192 4238 τε
3229 4188 3410 4240 καὶτὸ
3445 4188 3703 4258 φρόνημα

2125 4276 2507 4346 ἀῤῥενώσασα,
2545 4279 2638 4330 καὶ
2667 4277 2748 4330 ὅσ’
2783 4278 2850 4331 ἂν
2884 4279 3007 4332 οὐδὲ
3044 4277 3250 4348 πλῆθος
3273 4280 3529 4350 ἔδρασαν,
3561 4281 3700 4350 αὕτη

2130 4368 2267 4436 μόνη
2297 4369 2647 4440 κατατολμᾷ·
2694 4370 2792 4423 καὶ
2823 4369 2962 4423 δοκῶ
2997 4388 3086 4439 μοι
3119 4361 3547 4442 παραχωρήσειν
3591 4378 3702 4438 τοῖς

2047 4487 2050 4489 λ
2130 4461 2294 4530 ἱεροῖς
2323 4461 2741 4528 εὐαγγελισταίς
2764 4461 2830 4514 τὰ
2847 4461 3049 4531 ταύτης
3069 4462 3142 4526 ὡς
3168 4459 3280 4516 οἷόν
3298 4481 3356 4516 τε
3385 4464 3698 4531 διεξελθεῖν.

2201 4554 2304 4608 IE'.
2341 4554 2510 4606 Πόσον
2541 4553 2586 4606 δ’
2621 4554 2863 4617 εἰκάζεις
2911 4554 2974 4608 ἐκ
3011 4555 3218 4608 τούτων
3250 4556 3384 4625 αὐτῇ
3423 4555 3483 4608 τὺ
3527 4556 3702 4624 ἐγκώ-

2131 4663 2290 4717 μιον;
2324 4648 2398 4700 Οὐ
2427 4646 2537 4714 γὰρ
2558 4645 2704 4710 όιπαξ
2736 4647 2986 4709 εἰπόντες
3011 4647 3080 4697 τὰ
3104 4648 3232 4716 περὶ
3263 4648 3431 4718 αὐτῆς
3461 4649 3704 4718 ἁπηλὶά-

2123 4755 2326 4808 γησαν,
2376 4737 2489 4790 οὐδ’
2519 4739 2548 4790 ό
2603 4738 2718 4807 μὲν,
2764 4739 2793 4790 ὁ
2821 4737 2867 4790 δ’
2917 4737 3016 4790 οῠο
3051 4737 3168 4793 ἀλλ’
3217 4741 3280 4791 ἐκ
3332 4739 3616 4809 τεσσάρων
3648 4741 3699 4792 of.

2121 4832 2390 4902 τέσσαρες
2435 4831 2606 4901 αὐτῆς
2656 4831 3114 4900 ἐμνημόνευσαν*
3153 4832 3212 4885 ἐν
3257 4831 3366 4902 γὰρ
3394 4834 3504 4894 τοῖς
3531 4833 3700 4899 ἀναγο

2123 4922 2437 4985 καιοτάτοις
2473 4920 2858 4990 ξυναραμένην
2903 4923 3224 4991 ἀναγκαίως
3266 4925 3360 4977 καὶ
3393 4923 3700 4993 μνημονεῦ-

2124 5032 2215 5068 σαι
2244 5016 2447 5083 ταύτης
2505 5014 2738 5082 ἐπῆλθεν
2769 5015 2974 5077 αὐτοῖς.
3013 5016 3286 5085 Τετρακις
3319 5020 3414 5069 καὶ
3447 5021 3554 5084 γαρ
3607 5018 3698 5068 εἰς

2124 5127 2284 5180 ρηται
2325 5112 2476 5180 παρὰ
2502 5110 2592 5161 τὸν
2619 5111 2790 5176 τάφον
2820 5109 3067 5171 ἐλθοῦσα,
3110 5111 3207 5164 καὶ
3247 5110 3409 5164 θείων
3453 5113 3701 5180 ἐμφορη-

2123 5204 2280 5254 θεῖσα
2327 5201 2606 5254 ὀπτασιῶν
2630 5217 2645 5233 ·
2679 5202 2738 5254 τὸ
2797 5202 2898 5270 μὲν
2933 5203 3176 5272 πρῶτον,
3231 5204 3366 5273 μόνη
3393 5219 3405 5232 ·
3439 5202 3694 5266 δεύτερον

2120 5292 2201 5357 δὲ,
2230 5294 2370 5362 μετὰ
2397 5294 2498 5361 τῆς
2526 5292 2691 5362 ἄλλης
2717 5293 2967 5362 Μαρίας,
2993 5295 3057 5364 ἣν
3083 5294 3308 5362 Μάρκος
3331 5311 3392 5346 τε
3417 5298 3512 5346 καὶ
3541 5296 3696 5348 Ματι-

2123 5385 2275 5448 θαίος
2321 5385 2481 5454 Ἰωσῆ
2511 5401 2569 5436 τε
2620 5387 2714 5436 καὶ
2747 5384 3006 5436 Ἰακώϐου
3039 5384 3265 5438 καλοῦσι
3317 5388 3560 5457 μητέρα’
3609 5389 3701 5440 καὶ

2118 5479 2326 5547 τρίτον,
2359 5478 2579 5546 σύναμα
2611 5478 2801 5547 Πέτρῳ
2834 5462 2931 5531 καὶ
2966 5478 3192 5550 Ἰωάννῃ
3223 5483 3366 5532 κατα
3397 5480 3497 5550 τὴν
3527 5479 3699 5549 αὐτὴν

2120 5568 2293 5636 ὥραν,
2341 5568 2415 5630 ὥς
2456 5585 2621 5636 φησιν
2659 5569 2917 5637 Ἰωάννης
2943 5585 2958 5604 ’
2992 5573 3279 5639 τέταρτον,
3309 5571 3426 5640 ἅμα
3463 5573 3701 5643 Σαλώμῃ

2119 5663 2213 5714 καὶ
2263 5664 2328 5729 τῇ
2374 5662 2539 5730 ἑτέρᾳ
2586 5661 2797 5730 Μαρίᾳ,
2857 5664 3238 5726 ἀνατείλαντος
3281 5666 3377 5716 τοῦ
3428 5665 3700 5734 ήλίου,ὦς

2119 5768 2254 5820 φησι
2285 5753 2534 5822 Μάρκος.
2564 5753 2672 5805 Καὶ
2707 5753 2770 5823 δὴ
2811 5755 3141 5828 προσεκτέον
3189 5755 3435 5824 ἀκριϐῶς
3471 5762 3534 5808 τὰ
3568 5763 3692 5830 περὶ
