4076 6452
424 445 535 511 563

1613 454 1793 518 NICE
1804 457 2037 525 PHORI
2076 459 2163 520 CA
2173 462 2422 524 LLISTI

3580 467 3685 531 5⁸4

496 559 657 615 X'v'll.
699 558 949 619 Forsitan
1009 564 1241 623 dubium
1289 567 1507 624 beatam
1550 568 1811 626 feminam
1854 576 2008 627 inva—

2182 573 2285 629 lZ'.
2323 576 2543 648 ’Δμέλει
2574 575 2672 632 καὶ
2718 577 2819 650 τὴν
2852 577 3172 650 θαυμασίαν
3224 578 3427 650 ταύτην
3458 584 3689 650 γυναῖκα

425 652 515 716 sit,
546 663 606 707 ut
634 653 735 709 ista
770 657 955 712 omnia
988 658 1315 729 phantasma
1346 678 1467 716 esse
1521 663 1794 730 crederet,
1837 664 1911 720 ita
1944 673 2005 722 ut

425 744 714 801 hominum
753 764 929 816 more,
968 750 1070 807 sibi
1093 752 1197 823 ipsi
1228 752 1520 821 difﬁderet,
1544 756 1848 825 praesertim
1878 773 2004 814 cum

424 840 567 894 fama
606 841 843 897 maxima
913 856 1040 909 cum
1096 845 1392 901 velocitate
1443 847 1787 918 promulgata
1833 857 2005 912 esset.

424 930 727 999 discipulos
767 942 934 990 noctu
966 951 1169 1006 corpus
1200 939 1320 1009 ejus
1350 937 1569 994 furatos
1588 954 1734 997 esse.
1773 938 1883 995 Sed
1907 955 2008 999 nec

425 1024 505 1078 sic
554 1041 582 1077 a
618 1027 876 1095 sepulcro
920 1029 1212 1097 abscessit,
1267 1032 1365 1087 sed
1413 1012 2007 1107 postquam‘discipuli

424 1116 718 1183 abiissent,
758 1138 777 1172 ι
818 1119 1012 1187 Maria,
1065 1131 1126 1179 ut
1157 1124 1395 1197 legimus
1420 1127 1477 1182 in
1513 1126 1838 1200 Scripturis,
1870 1129 2009 1185 foris

425 1211 607 1267 stabat
631 1214 878 1283 plorans,
929 1233 949 1279 ι
986 1231 1115 1272 cum
1143 1219 1273 1289 quia
1323 1219 1391 1276 de
1419 1219 1588 1276 rebus
1634 1220 2006 1292 desperasset,

429 1314 544 1359 tum
565 1307 692 1375 quia
713 1323 903 1368 revera
927 1311 1236 1381 ignorabat,
1252 1324 1438 1370 utrum
1465 1314 1630 1370 furati
1649 1324 1838 1371 essent
1854 1328 2007 1381 eum,

429 1407 489 1449 ut
521 1396 664 1453 fama
698 1409 839 1463 erat.
881 1417 949 1456 an
978 1403 1257 1460 sublatum
1282 1404 1451 1462 luerit
1487 1406 1597 1461 alio
1645 1406 1832 1464 modo.
1868 1406 2037 1462 Dum“

426 1502 559 1556 ergo
585 1486 760 1556 ﬂeret,
798 1508 818 1542 ι
848 1490 1136 1559 inclinavit
1163 1509 1247 1558 se.
1292 1503 1351 1552 et
1373 1505 1658 1568 prospexit
1686 1496 1745 1552 in
1806 1510 2006 1552 monu-

427 1591 700 1648 mentum,
740 1584 1012 1656 ambigua:
1053 1588 1281 1653 mentis,
1311 1598 1367 1643 et
1408 1587 1547 1644 vidit
1600 1576 1755 1651 duos
1782 1589 2009 1661 angelos

430 1673 486 1728 in
514 1673 654 1731 albis
678 1674 959 1743 sedentes,
1014 1693 1185 1734 unum
1211 1679 1279 1735 ad
1300 1688 1487 1750 caput,
1516 1690 1574 1737 et
1606 1697 1777 1737 unum
1809 1680 1878 1736 ad
1912 1696 2014 1753 pe-

429 1766 549 1830 des,
593 1767 684 1822 ubi
727 1767 972 1837 positum
1020 1768 1205 1827 fuerat
1228 1785 1434 1838 corpus
1485 1771 1639 1829 ἔθευ.
1693 1770 1900 1827 Dicunt
1955 1771 2009 1826 el

425 1861 504 1915 illi
532 1862 781 1925 :Mulier.
823 1863 955 1933 quid
981 1864 1273 1935 ploras"?
1301 1884 1321 1918 ι
1353 1881 1517 1937 quem
1545 1865 1787 1937 qumris?
1825 1863 2009 1922 Verba

427 1970 559 2009 sane
587 1954 980 2025 exprobrantia
1019 1957 1365 2013 dicentium:
1394 1957 1613 2026 Mulier,
1664 1965 1800 2029 post
1837 1956 2003 2013 talem
2038 1940 2083 2001 Β

426 2048 629 2110 visum,
678 2048 812 2118 quid
852 2048 1074 2119 ploras?
1101 2049 1450 2106 muliebriter
1484 2050 1751 2120 desperas
1789 2047 1863 2104 de
1921 2047 2011 2102 liis

425 2143 705 2204 munibus.
754 2151 817 2202 et;
857 2159 1113 2212 magnum
1173 2143 1303 2214 quid
1355 2143 1607 2215 judicare
1662 2158 1783 2198 non.
1836 2141 2011 2196 vales.

425 2239 598 2303 Quem
636 2238 883 2305 qumrisi.
910 2252 1072 2307 quem
1103 2237 1331 2294 vidisti?
1359 2238 1649 2308 cuiusnam
1677 2234 1848 2305 pedes
1882 2233 2011 2287 tcti-

429 2331 598 2400 gisti?
637 2333 766 2401 quis
801 2342 865 2387 te.
886 2331 1162 2387 allocutus
1197 2331 1327 2386 est?
1376 2330 1524 2385 hunc
1571 2329 1741 2399 igitur
1772 2325 2012 2398 qumris!

428 2427 571 2482 Dicit
604 2427 718 2481 iis:
766 2445 784 2478 ι
828 2424 1100 2480 'liulurunt
1124 2423 1420 2478 Dominum
1469 2436 1653 2477 meum
1705 2420 1775 2474 de
1811 2434 2011 2474 monu-

430 2531 637 2586 mento,
667 2531 723 2575 et
748 2520 934 2575 nescio
961 2518 1057 2574 ubi
1096 2526 1400 2586 posuerunt
1426 2530 1555 2569 eum
1581 2515 1646 2569 “.
1685 2531 1706 2564 ι
1737 2511 1877 2569 Tum
1916 2527 2013 2566 an-

428 2614 545 2684 geli
576 2615 766 2668 subito
800 2619 1183 2679 surrexenunt,
1219 2619 1277 2664 et
1333 2610 1475 2666 forte
1513 2607 1765 2664 Salvator
1797 2607 2010 2668 aderat,

425 2718 484 2763 et
506 2723 783 2763 con-versa
803 2717 887 2762 est
910 2718 1241 2769 retrorsum,
1272 2712 1330 2759 et
1358 2702 1497 2757 vidit
1525 2701 2011 2764 Jcsumstantcm,

425 2814 484 2858 et
513 2818 622 2857 non
662 2801 881 2859 sciebat.
908 2801 1038 2870 quia
1086 2799 1252 2857 Iesus
1276 2805 1386 2864 est,
1412 2811 1538 2852 cum
1566 2798 1696 2866 quia
1738 2801 1873 2865 post
1919 2807 2013 2847 το-

426 2896 835 2952 surrectionem
872 2896 926 2948 in
955 2907 1191 2963 corpore
1217 2887 1633 2960 incorruptibili
1658 2902 1762 2943 nec
1783 2886 2015 2957 prorsus

425 2992 664 3046 visibilis
694 3001 815 3045 erat
852 2988 971 3043 nisi.
998 2987 1090 3045 iis,
1116 2986 1377 3056 aquibus
1401 2982 1555 3040 cerni
1588 2981 1842 3046 volebat;
1892 2986 2015 3035 tum

429 3084 561 3152 quia
590 3082 745 3138 oculi
772 3081 1033 3151 lacrymis
1053 3075 1336 3133 obscurati
1368 3089 1478 3130 non
1518 3074 1666 3128 clare
1695 3070 1885 3126 videre
1906 3083 2017 3140 po-.

428 3184 651 3237 terant;
680 3182 796 3227 tum
824 3173 954 3242 quia
987 3171 1251 3226 Christus
1280 3168 1335 3223 id
1371 3167 1445 3223 ita
1479 3167 1821 3220 instituerat.
1864 3181 1885 3215 ι
1919 3161 2011 3216 Di-

429 3269 507 3323 cit
529 3268 579 3323 ei
612 3268 771 3323 Jcsus
802 3284 818 3321 :
849 3266 1066 3323 Mulier.
1095 3263 1229 3358 quid
1267 3260 1488 3358 ploras?
1536 3272 1705 3330 quem
1731 3255 1967 3358 ﬂuat-is
1983 3255 2017 3307 ?-
2036 3297 2082 3358 ε

429 3366 552 3426 Illa.
583 3361 909 3418 existimans
949 3357 1079 3428 quia
1125 3354 1455 3410 hortulanus
1490 3358 1660 3417 esset,
1714 3348 1854 3405 dicit
1901 3347 1955 3404 ei
1990 3365 2006 3403 :

435 3458 692 3523 Domine,
722 3456 771 3511 si
804 3464 865 3510 tu
899 3450 1177 3508 sustulisti
1205 3464 1360 3511 eum.
1388 3447 1559 3502 dicito
1592 3444 1753 3512 mihi,
1784 3442 1879 3499 ubi
1913 3457 2010 3514 po‘

433 3554 590 3608 suisti
618 3564 770 3610 eum.
810 3559 867 3604 et
888 3562 992 3618 ego
1025 3559 1156 3601 eum
1192 3543 1381 3598 tollam
1415 3540 1481 3594 ⁸⁷.
1514 3557 1534 3591 ι
1560 3536 1728 3605 Quasi
1758 3535 2007 3591 diceret:

432 3642 489 3710 _Si
529 3652 584 3695 tu
614 3654 682 3695 ex
712 3638 780 3693 iis
806 3653 868 3692 es
893 3636 988 3705 qui
1015 3649 1143 3689 eum
1174 3630 1541 3694 sustulerunt,
1588 3627 1678 3684 dic
1722 3625 1884 3689 mihi,
1955 3631 2015 3679 et

431 3735 617 3791 tollam
653 3747 802 3789 eum.
882 3731 929 3787 Ο
951 3729 1217 3800 philtrum
1253 3725 1567 3781 muliebrel'
1607 3739 1642 3780 ο
1673 3719 2014 3777 desiderium

433 3824 838 3884 ardensll‘lihil
888 3839 1020 3879 sane
1051 3835 1183 3877 vera
1230 3818 1504 3876 charitate
1557 3815 1824 3873 sanctius.
1861 3811 2014 3880 Quo-

434 3924 603 3980 modo
629 3930 811 3976 autem
857 3920 913 3973 in
969 3927 1216 3972 mentem
1278 3913 1329 3969 ei
1360 3911 1515 3967 venit
1561 3925 1663 3982 pro
1709 3906 2014 3964 bortulano

433 4036 561 4074 eum
592 4016 796 4070 habere
819 4012 840 4067 ἵ
861 4011 1027 4067 Certe
1052 4007 1373 4080 sepulcrum
1394 4006 1450 4060 in
1481 4003 1642 4059 horto
1666 4001 1833 4055 situm
1855 4009 2012 4062 erat;

435 4109 533 4166 scd
573 4109 714 4163 forte
764 4108 873 4160 n'on
928 4100 1231 4159 absurdum
1295 4104 1402 4162 est,
1465 4094 1785 4166 primumet
1822 4105 2013 4145 verum

438 4199 678 4272 paradisi
703 4198 974 4252 cultorem
1022 4208 1091 4248 eo
1118 4190 1344 4246 nomine
1379 4187 1690 4258 designare.

508 4289 699 4346 XVlll.
733 4287 871 4344 Cum
903 4286 1073 4356 igitur
1108 4283 1279 4337 Maria
1344 4279 1420 4335 ita
1452 4292 1677 4347 corpus,
1724 4276 1857 4332 hinc
1888 4275 2016 4331 inde

437 4403 692 4451 currens,
726 4384 1059 4455 requireret,
1082 4389 1139 4436 et
1189 4368 1450 4434 allocutio
1475 4374 1652 4447 ipsius
1670 4390 1767 4431 cor
1812 4390 1875 4429 ac
1902 4389 2019 4429 me—

439 4483 648 4538 dullant
673 4486 947 4548 tangeret,
985 4489 1093 4530 una
1119 4488 1223 4528 vox
1254 4471 1427 4526 beata:
1460 4468 1678 4524 feminte
1706 4466 1899 4523 oculus
1947 4466 2015 4521 ad

439 4574 810 4645 cognitionem
859 4567 1115 4623 veritatis
1146 4563 1419 4620 convertit
1446 4570 1504 4617 et
1532 4561 1862 4617 nominatim
1892 4576 2014 4616 eam

2108 663 2190 727 εις
2217 644 2541 737 ένδοιανσμδν
2570 644 2926 738 ἐμϐάλλουσι,
2965 644 3281 739 φαντασίαν
3321 644 3573 743 οἰηθῆναι
3625 673 3690 727 τδ

2106 757 2363 828 πρᾶγμα.
2388 758 2496 813 Καὶ
2517 755 2588 832 ἦν
2610 759 2756 823 εἰκὸς
2785 760 2881 815 καὶ
2908 762 3115 833 ταύτην
3133 761 3476 833 ἀνθρώπινόν
3503 781 3558 818 τι
3587 781 3691 818 πα-

2108 847 2243 915 θεῖν,
2281 851 2377 904 καὶ
2409 851 2719 909 διαπιστεῖν
2748 852 2941 923 ἑαυτῇ,
2979 853 3301 908 καὶ⁴ταῦτα
3350 855 3453 924 τῆς
3498 856 3692 926 φήμης

2105 942 2265 1012 ταχεί
2295 940 2375 1013 τῷ
2405 942 2594 1014 πτερῷ
2624 943 3005 1015 χρησαμένης,
3037 945 3122 999 ὅτι
3147 944 3342 1008 νυκτὸς
3371 947 3420 1000 οἱ
3449 947 3694 1017 μαθηταὶ

2107 1034 2275 1088 αὐτοῦ
2295 1034 2545 1101 έλθόντες
2572 1035 2810 1108 ἔκλεψαν
2842 1036 3031 1092 αὐτόν.
3072 1037 3216 1092 Ἀλλ’
3235 1036 3410 1103 οὕτως
3452 1040 3692 1109 ἀμφισό-

2108 1127 2217 1191 λως
2271 1126 2495 1201 ἔχουσα,
2529 1130 2684 1201 ὅμως
2738 1130 2840 1185 οὐκ
2912 1130 3183 1201 ἀφίστατο
3235 1130 3334 1186 τοῦ
3389 1133 3691 1204 μνημείου,

2106 1218 2247 1275 ἀλλὰ
2284 1222 2383 1274 καὶ
2409 1219 2520 1275 τῶν
2554 1220 2821 1293 μαθητῶν
2853 1221 3100 1276 ἐκποδὼν
3120 1223 3449 1293 γινομένων,
3480 1223 3691 1294 Μαρία,

2110 1313 2299 1381 φησὶν,
2330 1312 2580 1385 εἱστήκει
2613 1312 2878 1369 κλαίουσα
2906 1313 3036 1383 ἔξω,
3087 1313 3150 1368 τὸ
3184 1314 3286 1385 μὲν
3311 1313 3387 1379 ὡς
3418 1314 3519 1385 τῆς
3540 1313 3694 1367 ἑλπί-

2107 1407 2198 1472 δος
2224 1406 2584 1477 διαπεσοῦσα,
2636 1407 2705 1463 τὸ,
2743 1406 2792 1462 δ’
2817 1406 2901 1465 δτι
2956 1409 3053 1463 καὶ
3100 1407 3178 1480 μὴ
3231 1406 3433 1462 ειδέναι
3468 1406 3691 1477 ἔχουσα,

2110 1498 2214 1555 εἴτ’
2266 1499 2507 1570 έκλάπη,
2557 1499 2637 1565 ῶς
2692 1498 2876 1570 λόγος,
2903 1499 3003 1555 εἰτ’
3033 1499 3180 1573 ῆρθη
3202 1514 3221 1533 ο
3278 1499 3378 1555 καὶ
3423 1499 3692 1555 κλαίουσα

2115 1612 2134 1647 ι
2168 1591 2525 1665 παρακύπτει
2546 1592 2716 1649 πάλιν
2751 1594 2832 1658 είς
2859 1593 2922 1648 τδ
2939 1594 3216 1666 μνημεῖον
3232 1592 3314 1648 ἔτι
3333 1592 3695 1648 διπιστοῦσα

2134 1688 2239 1742 καὶ
2268 1686 2480 1758 θεωρεῖ
2512 1685 2610 1742 δύο
2634 1685 2905 1756 ἀγγέλους
2936 1689 2996 1741 ὲν
3023 1685 3244 1750 λευκοῖς
3269 1684 3693 1758 καθεζομένους,

2110 1778 2207 1834 ινα
2248 1778 2386 1851 πρὸς
2416 1780 2485 1850 τῇ
2515 1777 2755 1853 κεφαλῇ,
2789 1777 2885 1833 καὶ
2915 1776 3014 1833 ἕνα
3034 1777 3174 1850 πρὸς
3197 1779 3314 1843 τοῖς
3348 1778 3529 1845 ποσὶν,
3556 1777 3693 1831 ὅπου

2113 1871 2293 1927 ἔκειτο
2320 1870 2384 1927 τὸ
2421 1871 2589 1942 σῶμα·
2614 1870 2713 1927 τοῦ
2742 1870 2925 1944 Ἰησοῦ
2945 1888 2960 1904 ⁸
2992 1872 3091 1928 καὶ
3117 1872 3372 1939 λέγουσιν
3396 1871 3533 1942 αὐτῇ
3558 1870 3694 1924 έκεῖ-

2107 1977 2212 2031 νοι,
2240 1960 2428 2028 Γύναι,
2460 1960 2795 2029 τί“κλαίεις;
2819 1961 2941 2016 τινα
2968 1960 3188 2033 ζητεϊςς
3223 1979 3244 2013 ι
3285 1960 3487 2015 ὡσανεὶ
3516 1962 3696 2014 ἐπιτι-

2113 2052 2343 2123 μώντων
2367 2053 2478 2109 εἰσὶ
2500 2055 2572 2108 τά
2597 2054 2823 2126 ῥήματα
2847 2068 2863 2085 ’
2898 2053 3059 2109 Μετὰ
3086 2054 3197 2125 γὰρ
3221 2052 3492 2125 τοσαύτην
3540 2052 3692 2118 θέαν,

2087 2144 2293 2212 χύναι,
2326 2144 2382 2199 τί
2406 2144 2655 2213 κλαίειςς
2708 2143 2794 2199 έτι
2825 2144 3105 2216 ἀνάνδρως
3133 2143 3432 2208 διάκεισαι,
3480 2146 3577 2197 καὶ
3602 2144 3695 2196 οὒ-

2108 2237 2199 2289 ὂὲν
2226 2236 2371 2306 μέγα
2399 2237 2654 2307 ἐννοῆσαι
2687 2237 2860 2313 δύνῃς
2906 2236 3028 2293 τινα
3069 2237 3291 2310 ζητείςς
3321 2237 3382 2291 ὃν
3422 2232 3601 2302 εἷδεςς
3632 2229 3694 2290 οὗ

2108 2328 2221 2382 τῶν
2250 2328 2431 2383 ποδῶν
2452 2329 2615 2401 ῆψως
2646 2328 2708 2393 ὃς
2733 2331 2832 2385 καὶ
2848 2330 3036 2401 φωνῆς
3052 2345 3141 2383 σοι
3164 2330 3437 2401 μετέδωκε
3457 2346 3474 2398 ;
3497 2327 3693 2383 τοῦτον

2111 2422 2331 2492 ζητείςς
2391 2421 2453 2477 'll
2484 2423 2543 2478 δὲ
2571 2422 2747 2493 λέγει,
2783 2420 2997 2496 «Ἦραν
3019 2406 3116 2478 τὸν
3145 2423 3348 2495 Κύριόν
3379 2440 3482 2493 μου
3508 2423 3572 2476 ὲκ
3598 2419 3693 2475 τοῦ

2113 2516 2406 2585 μνημείου,
2438 2516 2535 2578 καὶ.
2564 2516 2668 2571 οὐκ
2701 2513 2824 2572 οῖδα
2852 2514 2958 2571 ποῦ
2980 2517 3190 2588 ἔθηκαν
3212 2516 3398 2571 αὐτόν.
3429 2532 3449 2567 ι
3485 2514 3619 2570 Ε’τα
3637 2517 3695 2568 ὲν

2109 2607 2187 2677 τῷ
2212 2609 2339 2671 τοὺς
2361 2609 2638 2679 ἀγγέλους
2670 2609 2974 2682 ἀναστῆναι
3028 2609 3259 2681 σπουδῇ,
3296 2607 3429 2672 ἷσως
3455 2607 3552 2662 τοῦ
3583 2608 3697 2660 Σω-

2109 2699 2177 2768 τῆ
2187 2716 2279 2770 ρος
2308 2701 2488 2755 ἐκεῖσε
2510 2701 2984 2773 παραγενομένου,
3010 2703 3317 2776 στραφεῖσα
3345 2700 3530 2771 εκείνη
3561 2700 3698 2754 θεω·

2112 2796 2200 2861 ρεῖ
2250 2792 2343 2848 τδν
2381 2793 2590 2865 Ἰησοῦν
2638 2794 2875 2863 ἑστῶτα,
2911 2793 3014 2850 καὶ
3058 2794 3161 2848 οὐκ
3212 2792 3332 2866 ¹ᾔδει
3360 2793 3446 2849 ὅτι
3484 2790 3697 2863 Ἰησοῦς

2111 2887 2253 2947 ἐστι.
2285 2887 2348 2940 τὸ
2380 2887 2503 2957 μὲν,
2539 2886 2623 2941 δτι
2688 2887 2751 2941 ὲν
2777 2887 3045 2960 ἀφθάρτῳ
3077 2881 3150 2959 ἦν
3179 2886 3398 2957 σώματι
3426 2884 3568 2955 μετὰ
3595 2883 3698 2953 τὴν

2109 2979 2429 3046 ἀνάστασιν,
2457 2980 2554 3034 καὶ
2583 2979 2646 3035 οὐ
2678 2979 3031 3036 παντάπασιν
3047 2977 3262 3052 ὁρατὸς,
3302 2978 3355 3032 εί
3386 2979 3463 3049 μὴ
3495 2973 3578 3040 οἷς
3602 2976 3698 3031 καὶ

2110 3073 2199 3127 ὅτε
2233 3073 2561 3143 βεϐούλοιτο,
2597 3072 2660 3127 τὸ
2692 3073 2741 3127 δ’
2767 3072 2852 3128 ὃτι
2882 3071 2978 3128 καὶ
3006 3073 3072 3143 τῇ
3117 3070 3233 3126 τῶν
3253 3070 3505 3143 δακρύων
3538 3068 3699 3139 ἀχλύῖ

2114 3170 2188 3237 μὴ
2216 3167 2494 3238 δυναμένη
2521 3166 2780 3239 καθαρῶς
2811 3167 3077 3239 καθορᾷν,
3105 3165 3141 3239 ἢ
3165 3164 3299 3229 ῐσως
3323 3164 3420 3220 καὶ
3445 3162 3540 3219 τοῦ
3561 3161 3700 3231 Χρι-

2116 3262 2242 3319 στοῦ
2278 3261 2438 3316 τοῦτο
2468 3263 2949 3334 οἰκονομήσαντος.
2982 3278 3005 3315 ι
3030 3261 3196 3330 Λέγει
3225 3259 3365 3331 αὐτῇ
3388 3261 3419 3313 δ
3463 3256 3695 3329 Ἰησοῦς,

2084 3342 2095 3359 ”
2117 3373 2139 3407 ι
2163 3354 2349 3417 Γύναι,
2372 3355 2426 3408 τί
2456 3354 2701 3422 κλαίεις;
2730 3354 2854 3410 τίνα
2888 3355 3111 3426 ζητεῐςς
3153 3352 3395 3425 Ἐκείνη,
3422 3352 3577 3423 φησὶ,
3611 3350 3699 3404 δο-

2112 3446 2306 3508 κοῦσα.
2333 3447 2417 3500 ὅτι
2439 3449 2468 3501 ὁ
2488 3447 2767 3518 κηπουρός
2792 3447 2934 3514 ἔστι,
2956 3444 3104 3516 λέγει
3127 3443 3298 3516 αὐτῷ,
3327 3442 3526 3515 Κύριε,
3551 3443 3600 3496 εί
3629 3442 3696 3496 σὺ

2114 3538 2423 3603 ὲόάστασας
2453 3537 2638 3607 αὐτὸν,
2674 3540 2799 3593 είπέ
2822 3554 2935 3610 μοι,
2968 3534 3125 3607 κάγὼ
3144 3535 3308 3590 αὐτὸν
3342 3533 3519 3604 ἀρῶοι
3552 3533 3697 3587 ὡσα-

2113 3633 2215 3699 νεὶ,
2236 3633 2299 3687 Et
2325 3634 2569 3705 συνῆρας
2590 3634 2686 3688 καὶ
2711 3632 2778 3687 σὺ
2805 3635 2922 3696 τοῖς
2950 3630 3261 3703 έπάρασιν,
3290 3627 3415 3682 είπέ
3449 3642 3564 3697 μοι,
3599 3625 3698 3677 κά-

2113 3725 2197 3795 γὼ
2223 3726 2386 3780 αὐτὸν
2413 3726 2553 3798 ἀρῶ.
2589 3725 2652 3779 Ὢ
2689 3724 3008 3794 γυναικείου
3042 3722 3292 3794 φίλτρου,
3339 3717 3386 3774 ὣ
3430 3717 3695 3787 διαπύρου

2115 3821 2285 3876 πόθου
2304 3835 2319 3850 ·
2359 3819 2529 3884 ὅντως
2559 3818 2719 3875 οῦδὲν
2755 3818 2855 3890 τῆς
2876 3815 3114 3889 ἀληθοῦς
3143 3814 3367 3884 ἀγάπης
3400 3808 3693 3884 μακαριω-

2114 3931 2274 3985 τερον
2301 3931 2316 3946 ·
2348 3913 2515 3969 πόθεν
2544 3913 2590 3967 δ’
2633 3911 2843 3983 ἐπῆλθε
2865 3910 2961 3966 καὶ
3003 3909 3284 3981 κηπουρὸν
3320 3906 3481 3961 αὑτὸν
3510 3903 3697 3975 οἰηθῆ-

2116 4025 2204 4062 ναι
2232 4024 2249 4074 ;
2279 4002 2316 4080 ἦ
2342 4006 2525 4076 δῆλον,
2554 4006 2638 4060 ὅτι
2667 4009 2727 4061 ιν
2752 4004 2831 4076 τῷ
2884 4006 3047 4077 κήπῳ
3080 4005 3142 4058 τὺ
3173 4002 3363 4074 μνῆμα
3384 4016 3401 4034 ο
3454 4000 3593 4070 τάχα
3635 3996 3695 4050 δὲ

2114 4102 2215 4153 οὐκ
2243 4098 2349 4181 ἔξω
2376 4098 2540 4168 λόγου
2568 4098 2663 4152 τὸν
2711 4094 2890 4167 ἀληθῆ
2925 4096 3023 4151 καὶ
3053 4095 3275 4169 πρῶτον
3302 4093 3399 4148 τοῦ
3434 4090 3702 4163 παραδείο

2116 4208 2213 4245 σου
2245 4190 2494 4260 γεωργὸν
2521 4188 2697 4254 οὕτως
2722 4188 3035 4244 ὑπολαϐεῖν.

2186 4282 2295 4340 1Η’.
2318 4283 2487 4338 Ἀλλά
2537 4284 2638 4353 τῆς
2668 4284 2907 4353 Μᾶρίαςλ
2946 4282 3091 4337 οὕτω
3145 4282 3277 4355 περὶ
3322 4280 3424 4352 τὴν
3468 4278 3699 4351 ἔρευναν

2116 4377 2466 4450 ἐπτοημένης
2523 4375 2619 4430 τοῦ
2674 4378 2953 4447 σώματος,
3003 4374 3157 4431 ἔνθεν
3185 4392 3246 4429 τε
3271 4373 3523 4430 κάκεῖθεν
3569 4371 3704 4426 ἀνα-

2116 4468 2445 4539 τρεχούσης,
2504 4470 2533 4522 ο
2583 4468 2965 4537 διῖκνούμενος
3008 4466 3170 4535 λόγος
3220 4464 3350 4537 ἀχρι
3379 4464 3476 4519 καὶ
3519 4461 3702 4517 αὐτῶν

2121 4560 2343 4632 σαρκῶν
2375 4562 2471 4616 καὶ
2496 4558 2711 4629 μυελῶν
2731 4558 2877 4612 οὓτω
2929 4557 3388 4629 βασανιζομένην,
3416 4560 3568 4626 φωνῇ
3600 4556 3703 4627 μιᾷ

440 4641 682 4739 appellat
714 4660 962 4719 :Marial
992 4660 1106 4715 llac
1138 4666 1321 4712 autem
1360 4669 1493 4710 voce
1533 4653 1688 4708 suavi
1720 4663 1779 4710 et
1799 4662 2016 4709 assueta

2124 4653 2185 4707 τὸ
2234 4653 2456 4723 βλέμμα
2488 4651 2700 4722 ταύτης
2749 4651 2930 4717 ὁξύνει
2982 4653 3123 4722 πρὸς
3177 4651 3277 4722 τὴν
3316 4651 3414 4721 τῆς
3442 4649 3702 4719 ἀληθείας

439 4762 625 4816 audita
674 4756 850 4811 verbo
877 4753 1035 4808 ocius
1069 4763 1343 4806 reversa:
1394 4746 1674 4807 Rabbuni.
1741 4744 1903 4812 dixit,
1962 4747 2017 4802 id

440 4864 549 4918 est,
582 4850 875 4918 Magister;
897 4854 954 4902 et
981 4844 1143 4901 simul
1175 4840 1342 4913 pedes
1367 4840 1650 4912 speciosos
1679 4849 1902 4910 tangere
1924 4853 2018 4910 ge-

440 4949 613 5004 stivit.

513 5218 658 5273 XIX.
686 5216 983 5282 Postquam
1026 5209 1175 5264 enim
1235 5207 1522 5263 oculorum
1570 5214 1738 5276 atque
1799 5205 2016 5260 aurium

441 5327 549 5383 0pc
586 5325 715 5365 cum
743 5305 1114 5375 cognovisset,
1146 5309 1201 5356 et
1227 5316 1294 5356 ex
1323 5309 1472 5355 tactu
1514 5300 1720 5355 certior
1752 5296 1867 5351 lieri
1902 5297 2019 5351 velo

444 5404 539 5472 let,
577 5402 722 5473 quod
752 5399 977 5471 quidem
1012 5398 1066 5451 in
1110 5393 1406 5465 Evangelia
1430 5393 1647 5459 siletur,
1687 5391 1865 5458 audit,
1896 5390 2020 5448 Noli

448 5515 536 5554 me
562 5509 806 5567 tangere.
826 5488 1114 5561 Quomodo
1144 5501 1276 5544 vero
1304 5486 1557 5553 dixisset,
1587 5486 1691 5541 nisi
1716 5498 2025 5542 contrectao

447 5599 630 5643 turam
672 5603 731 5643 se
756 5587 1011 5656 protinus
1033 5578 1559 5637 animadvertisset?
1589 5578 1716 5634 Noli
1778 5593 1866 5633 me
1896 5589 2025 5634 tan-

448 5695 601 5748 gere.
640 5679 936 5748 Postquam
987 5676 1135 5730 enim
1165 5688 1292 5729 cum
1350 5672 1524 5727 altera
1579 5671 1747 5726 Maria
1782 5686 1869 5725 me
1905 5671 2024 5726 teti-

448 5775 688 5846 gisti,ct
737 5776 890 5827 tanto
933 5782 1161 5823 munere
1215 5766 1380 5837 digna
1441 5764 1652 5832 habita,
1706 5762 1892 5834 magni
1942 5780 2030 5819 me

1192 5965 1231 5996 '°
1276 5960 1413 6018 ibid.
1460 5961 1542 6016 l5.
1624 5961 1666 5992 "

525 5965 565 5996 ⁸⁸
597 5964 757 6020 Juan.
798 5982 888 6030 xx,
928 5965 1109 6019 1115.
1192 5965 1231 5996 ⁸⁸
1276 5960 1413 6018 ibid.
1460 5961 1542 6016 l5.
1624 5961 1666 5992 "
1722 5957 1862 6016 ibid.
1924 5958 2011 6012 15.

2122 4747 2443 4813 ἐπίγνωσιν,
2474 4745 2571 4799 καὶ
2600 4744 2864 4814 ὀνομαστὶ
2888 4743 3096 4816 ταύτην
3116 4743 3293 4807 καλεῖ,
3322 4742 3512 4814 Μαρία
3534 4758 3550 4773 ο
3591 4742 3703 4813 ἡδὲ

2120 4838 2224 4908 τῆς
2252 4837 2512 4905 γλυκείας
2542 4837 2638 4890 καὶ
2663 4836 2931 4908 συνήθους
2960 4835 3260 4907 αἰσθομένη
3286 4835 3705 4904 φωνῆς,θᾶττον

2123 4930 2345 5001 ῆιλόγος
2379 4932 2804 4998 ὲπιστραφείσα,
2843 4928 3150 4995 Ῥαὸὕουνι,
3182 4929 3367 4999 φησιν,
3398 4927 3427 4982 δ
3460 4928 3703 4995 λέγεται,

2123 5025 2426 5079 Διδάσκαλε
2448 5040 2463 5056 ·
2497 5023 2603 5077 καὶ
2621 5021 2780 5086 αὖθις
2802 5020 2913 5075 τῶν
2942 5020 3166 5093 ὡραίων
3185 5019 3353 5075 αὐτοῦ
3387 5018 3705 5090 ἐφάψασθαι

2123 5118 2309 5188 έζήτει
2337 5116 2535 5171 ποδῶν.

2199 5210 2304 5264 ΙΘ’.
2345 5206 2502 5265 Ἐπεὶ
2523 5207 2635 5278 γὰρ
2682 5207 2753 5262 δι’
2779 5207 2956 5278 ὅψεως
3007 5208 3102 5262 καὶ
3131 5206 3306 5278 ἀκοῆς
3344 5207 3507 5261 αὐτὸν
3535 5205 3703 5275 ἔγνω,

2126 5306 2224 5360 καὶ
2248 5305 2315 5359 δι’
2340 5307 2483 5376 ἀφῇς
2506 5302 2919 5376 ἀκριϐώσασθαι
2941 5303 3125 5376 ῆθελε,
3149 5304 3245 5357 καὶ
3261 5304 3436 5374 ὁρμῆς
3456 5303 3537 5366 είς
3560 5301 3704 5355 τοῦτ’

2126 5399 2349 5469 ἔχουσα,
2417 5397 2577 5452 τοῦτο
2626 5397 2736 5467 γὰρ
2787 5397 2868 5467 τῷ
2928 5396 3290 5467 εὐαγγελιστῇ
3343 5409 3702 5464 σεσιωπηται,

2124 5490 2335 5554 ἀκούει,
2367 5488 2452 5559 Μή
2492 5505 2593 5558 μου
2622 5487 2821 5543 ἀπτου.
2857 5486 2981 5552 Πῶς
3012 5487 3119 5558 γὰρ
3151 5486 3219 5539 ἂν
3246 5485 3407 5539 τοῦτο
3440 5482 3617 5550 εἶπεν,
3650 5485 3725 5537 εἴ

2130 5583 2205 5653 μὴ
2229 5581 2556 5653 κινουμένην
2598 5582 2737 5652 πρὸς
2780 5578 2941 5634 τοῦτο
2974 5580 3163 5651 ἑώρας
3206 5578 3299 5647 Μή
3337 5594 3441 5647 μου
3485 5575 3660 5632 ἅπτου
3684 5590 3701 5605 ·

2127 5677 2251 5728 ἐπεὶ
2305 5675 2414 5744 γὰρ
2476 5673 2615 5744 μετά
2667 5673 2767 5743 τῆς
2824 5673 2989 5742 ἀλλης
3019 5673 3240 5742 Μαρίας
3280 5670 3408 5740 ἥψω
3438 5685 3564 5740 μου,
3608 5667 3707 5721 καὶ

2128 5767 2461 5839 τηλικαύτης
2496 5765 2791 5831 ἀξιωθεῖσα
2825 5763 2923 5834 τῆς
2957 5764 3190 5835 δωρεᾶς,
3225 5761 3380 5817 οὐδὲν
3419 5760 3563 5833 μέγα
3592 5758 3704 5813 διε-
