4076 6506
424 403 532 466 573
1651 414 2074 476 NlCEI—‘HORI
2114 416 2461 477 CALIJSTI

420 529 533 568 των
566 515 856 583 παντοίων,
884 520 990 582 rei,
1025 518 1206 585 αὐτοῖς
1239 520 1555 592 προσιοῦσιν
1578 524 1638 578 ὲν
1677 525 1849 599 πόθῳ,
1912 529 2005 582 καὶ
2043 526 2180 596 πρὸς
2241 528 2376 580 Θεὸν
2406 529 2625 597 μεσῖται
2689 526 3142 596 ἁνυστικώτατοι,
3165 528 3219 582 ετ
3237 544 3301 597 γε
3323 525 3570 599 μαθητοῦ
3602 531 3694 583 καὶ

425 607 589 675 φίλου
629 611 795 678 μηδὲν
827 611 1181 682 οἰκειότερον.

496 700 737 757 XXVIII.
768 703 925 761 Ilunc
959 722 1058 760 nos
1083 707 1306 777 quidem
1332 708 1562 765 honoris
1590 725 1755 767 causa
1783 726 1997 766 sermo-
2028 768 2029 771 η

2175 711 2309 764 KH'.
2347 708 2535 765 Ταῦτά
2581 727 2664 763 σοι
2710 710 2844 780 παρ’
2874 710 3052 781 ἡμῶν,
3086 705 3131 764 ὦ
3168 708 3341 780 σεμνὴ
3386 707 3481 762 τοῦ
3511 707 3690 776 Λόγου

424 807 551 847 nem
588 794 686 849 tibi
723 795 1101 862 destinamus,
1145 802 1458 855 veneranda
1493 802 1655 857 Verbi
1689 802 1997 872 discipula;

2136 802 2388 873 ιαθήτρια
2408 819 2422 834 -
2458 801 2601 873 αὕτη
2628 803 2738 855 τῶν
2769 803 2920 872 ἐμῶν
2943 804 3117 870 λόγων
3155 805 3187 872 ἡ
3221 802 3445 873 ἀπαρχὴ
3475 802 3569 854 καὶ
3592 803 3690 872 χά-

422 884 523 939 bas
553 901 655 941 nos
683 886 975 944 verborum
999 891 1273 960 primitias
1301 902 1358 947 et
1384 896 1614 962 gratiam
1663 896 1761 951 tibi
1812 906 2000 964 utpote

2136 914 2211 959 ηις,
2248 896 2281 964 ἦ
2324 912 2408 957 τις
2439 895 2534 948 καὶ
2568 895 2708 965 μόνη
2760 894 2954 965 ἔμοιγε
2995 895 3071 957 ὼς
3105 894 3324 963 ἀληθῶς
3355 894 3578 961 εὖλογός
3608 911 3693 948 σοι

425 977 626 1031 talibus
646 977 983 1047 dignissimae
1011 981 1368 1038 conferimus.
1400 984 1537 1039 Cum
1558 985 1707 1040 enim
1737 986 2003 1055 eloquen-

2136 989 2421 1057 qmaiwmt
2445 1004 2459 1018 '
2489 986 2650 1041 τοῦτό
2680 1004 2763 1039 σοι
2788 987 2898 1040 τῶν
2929 986 3080 1055 ἐμῶν
3122 987 3299 1055 λόγων
3348 988 3692 1056 σκιαγραφία

425 1071 498 1123 tia
535 1078 591 1123 tu
619 1071 736 1139 ipsa
776 1071 1074 1141 plurimum
1117 1075 1286 1139 vales,
1323 1091 1353 1129 e
1382 1092 1439 1131 re
1468 1085 1554 1132 est
1585 1088 1657 1135 .ut
1705 1095 1806 1150 pro
1856 1081 2002 1135 virili

2141 1098 2188 1143 ις
2224 1080 2317 1132 καὶ
2347 1081 2801 1152 προμνήστευμυι,
2831 1081 2925 1132 καὶ
2945 1078 3044 1148 τῆς
3074 1079 3215 1151 ὑπὲρ
3244 1079 3403 1148 λόγου
3438 1083 3537 1150 σῆς
3559 1097 3697 1147 καρ-

425 1174 579 1230 parte
621 1164 841 1233 loquela
877 1165 1070 1220 saltem
1106 1166 1342 1237 simplici
1374 1169 1427 1224 in
1472 1170 1549 1224 tui
1598 1170 1862 1226 honorem
1905 1171 2003 1226 ali-

2138 1173 2291 1243 ερίας
2321 1174 2602 1244 ἐλάχιστον
2629 1174 2884 1243 δώρημα,
2919 1173 3190 1243 μᾶλλονδὲ
3218 1174 3510 1243 χρέοξτοῖς
3531 1173 3690 1240 λόγον

424 1257 557 1324 quid
595 1257 895 1324 proferam.
929 1259 1139 1325 Quodsi
1167 1276 1308 1331 opus
1354 1262 1503 1332 quod
1559 1263 1753 1334 viginti
1799 1264 2005 1320 abhinc

2136 1265 2470 1335 ἐυσαμένοις
2498 1265 2574 1328 ὼς
2611 1266 2851 1333 μάλιστα
2878 1266 3254 1335 ἀπαραίτητον
3279 1280 3295 1297 ⁸
3328 1266 3378 1317 εί
3409 1264 3468 1317 δὲ
3491 1265 3695 1333 τολμη-

425 1347 587 1400 aunis
618 1347 901 1416 inchoavi,
928 1351 1139 1429 viribus
1165 1354 1304 1408 meis
1336 1369 1401 1408 ac
1444 1355 1633 1424 gloria:
1671 1365 1777 1411 tuae
1820 1359 2006 1414 minus

2136 1358 2204 1410 ιον
2234 1359 2358 1429 ἐμοὶ
2384 1359 2448 1411 τὸ
2480 1358 2811 1428 ἐγχείρημα,
2862 1357 3062 1425 διπλῆν
3090 1356 3295 1410 δεκάδα
3347 1356 3457 1409 τῶν
3485 1357 3696 1425 χρόνων

425 1441 701 1505 congruit,
730 1442 1056 1499 obliviscere
1085 1424 1271 1515 (ιύεοσο
1296 1446 1563 1516 simplicis
1587 1449 1687 1502 mei
1710 1451 2005 1516 sermonis,

2136 1466 2189 1501 τι
2224 1448 2461 1514 ἁνύοντι,
2492 1450 2587 1501 καὶ
2609 1448 2665 1509 ὲς
2694 1430 2952 1500 τοσοῦτον
2979 1447 3140 1516 ἔργον
3160 1446 3260 1516 τὴν
3288 1447 3388 1515 σὴν
3411 1445 3694 1513 εὐφημίαν

425 1539 484 1584 ct
538 1534 759 1601 ignosce
826 1537 1122 1591 temeritati
1191 1554 1322 1593 inea:
1374 1554 1438 1593 ea
1502 1540 1846 1610 indulgentia
1899 1559 2007 1612 qua

2136 1540 2186 1610 τῷ
2218 1541 2347 1609 περὶ
2381 1539 2441 1592 σέ
2472 1539 2623 1608 πόθῳ
2648 1539 3156 1609 κατατολμήσαντι,
3184 1537 3262 1598 ὡς
3294 1537 3512 1605 καὶτῆς
3541 1535 3697 1589 Evoti-

412 1623 690 1692 .Magister
730 1636 857 1681 tuus
900 1629 1207 1684 amicorum
1247 1646 1312 1685 ac
1363 1630 1720 1688 familiarium
1759 1634 1905 1690 dicta
1953 1642 2011 1690 et

2136 1648 2211 1700 ιης
2236 1630 2520 1700 ἀγροικίας
2556 1629 2936 1695 ἐπιλαθέσθαι,
2973 1628 3068 1682 καὶ
3109 1629 3184 1700 μὴ
3210 1627 3331 1682 κατ’
3379 1627 3543 1693 ἀξίαν
3585 1625 3694 1678 τῶν

431 1715 573 1770 facta
614 1718 905 1786 amplexus
926 1731 1033 1784 est,
1069 1730 1125 1776 et
1152 1724 1318 1777 verba
1350 1738 1472 1777 mea
1505 1724 2010 1793 supplicationibus

2136 1721 2222 1775 τῶν
2256 1724 2348 1774 καὶ
2377 1722 2550 1785 λόγων
2582 1722 2678 1774 καὶ
2700 1722 2879 1775 πόνων
2909 1721 3279 1791 προϐέϐληται
3299 1719 3363 1773 τὸ
3383 1717 3659 1787 ἐγκώμιον
3680 1733 3694 1748 ·

431 1807 541 1860 tuis
574 1823 929 1878 prosequere.
960 1811 1099 1866 Tum
1133 1813 1279 1867 enim
1306 1813 1537 1870 forsitan
1564 1817 1773 1886 aliquid
1803 1818 1871 1873 de
1902 1819 2014 1873 vir-

2136 1814 2251 1870 ιλλὰ
2283 1815 2576 1885 συγγνοίης
2598 1814 2701 1884 τῆς
2727 1814 2957 1883 τόλμης,
2988 1819 3082 1867 καὶ⁵
3112 1814 3174 1867 τὸ
3193 1813 3332 1867 κατὰ
3356 1811 3586 1879 δύναμιν
3611 1809 3701 1862 δέ.

430 1908 548 1954 tutc
588 1911 682 1955 tua
713 1903 941 1973 dignum
972 1905 1230 1976 proloqui
1257 1908 1606 1977 valebimus;
1631 1909 1687 1965 in
1714 1927 1847 1966 vero
1882 1911 2015 1966 \cr—

2136 1925 2250 1978 [οιο,
2285 1909 2407 1976 ἐπεὶ
2442 1911 2536 1961 καὶ
2564 1906 2640 1976 τῷ
2666 1907 2744 1977 σῷ
2781 1907 3103 1975 Διδασκάλῳ
3136 1905 3293 1959 τοῦτο
3327 1902 3697 1972 σπουδαζόμε-

430 1989 500 2044 ba
522 1992 739 2049 Christo
765 1995 874 2050 Deo
899 2007 1113 2064 nostro,
1137 2013 1302 2068 quem
1326 2000 1486 2056 decet
1503 2001 1699 2072 gloria,
1724 2002 2011 2069 fortitudo,

2136 2019 2206 2056 νον
2244 2003 2514 2071 ἔγνωμεν,
2569 2000 2725 2069 φίλον
2780 2001 2877 2052 καὶ
2909 2002 3111 2053 οἰκεῖον
3156 1998 3411 2069 ἡγεῖσθαι
3439 1995 3499 2048 τὺ
3554 1994 3699 2048 κατὰ

431 2083 627 2149 honor,
655 2087 929 2155 adoratio,
948 2090 1258 2156 veneratio,
1285 2106 1409 2147 cum
1440 2092 1602 2148 Patre
1627 2094 1747 2160 ejus
1772 2106 2007 2162 mterno,

2136 2061 2347 2166 ἱύναρίιν
2369 2061 2510 2149 ’.καί
2543 2061 2633 2167 μοι
2669 2095 2760 2148 τὸν
2803 2095 2963 2162 λόγον
3017 2097 3074 2146 ὲν
3106 2061 3227 2153 ταὲξ
3261 2090 3399 2159 πρδς
3436 2087 3528 2140 τὸν
3558 2085 3694 2137 Θεὸν

425 2186 482 2228 ct
525 2176 733 2245 Spiritu
767 2180 889 2251 ejus
920 2194 1132 2249 sancto,
1167 2199 1437 2254 generoso
1477 2195 1534 2241 et
1566 2187 1806 2255 vivilico,
1861 2199 2010 2243 nunc

2136 2190 2210 2242 ιαῖ
2242 2189 2414 2259 Λόγον
2440 2190 2560 2251 σαῖς
2590 2188 2853 2249 ἱκετείαις
2883 2184 3262 2257 εὐμαρηθείης
3308 2183 3405 2235 καὶ
3438 2178 3704 2247 ὑψηλότε-

427 2281 483 2322 et
514 2263 735 2342 semper
764 2285 819 2331 et
854 2276 908 2330 in
941 2278 1145 2332 sucula
1175 2279 1526 2334 saeculorum.
1560 2278 1756 2334 Amen.

2136 2300 2235 2340 ιον.
2258 2283 2397 2336 Τότε
2431 2283 2539 2354 γὰρ
2574 2282 2704 2345 ἴσως
2736 2283 2832 2335 καλ⁵
2872 2281 3068 2350 μικρόν
3092 2296 3146 2331 τι
3176 2277 3277 2344 τῆς
3314 2274 3416 2343 σῆς
3446 2271 3601 2336 ἀξίας
3626 2269 3705 2322 εί-

427 2369 552 2419 πεῖν
600 2366 1010 2441 ὲξισχύσαιμεν,
1059 2372 1155 2426 καὶ
1205 2375 1304 2427 οὐκ
1334 2374 1393 2436 ἐς
1440 2374 1715 2440 τοσοῦτον,
1748 2373 1873 2426 ὅσον
1906 2372 2000 2426 νῦν
2037 2375 2238 2441 ἐνδεεῖς
2302 2376 2582 2448 ὁρώμεοα,
2649 2375 3035 2446 ὑστερήσομεν
3058 2388 3072 2403 ο
3101 2373 3160 2425 ἐν
3188 2365 3433 2439 αὐτῷτῷ
3463 2364 3704 2435 ἀληθινῷ

430 2462 591 2532 Λόγῳ
614 2465 834 2536 Χριστῷ
862 2468 940 2538 τῷ
966 2467 1088 2541 Θεῷ
1114 2470 1147 2539 ὴ
1158 2468 1295 2538 μῶν,
1324 2462 1371 2538 ᾧ
1394 2469 1596 2541 πρέπει
1624 2469 1774 2537 δόξα,
1817 2469 2040 2539 κράτος,
2079 2472 2217 2544 τιμὴ
2283 2472 2380 2527 καὶ
2412 2472 2808 2543 προσκύνησις,
2857 2469 3203 2542 μεγαλοσύνη
3254 2482 3314 2519 τε
3344 2465 3439 2518 καὶ
3473 2460 3705 2532 μεγαλο-

431 2557 696 2625 πρέπεια,
729 2560 827 2615 σὺν
876 2563 956 2633 τῷ
986 2562 1210 2634 ἀνάρχῳ
1238 2563 1407 2619 αὐτοῦ
1436 2565 1640 2636 Πατρὶ,
1673 2565 1796 2618 xal.‘
1826 2566 1906 2638 τῷ
1944 2567 2199 2640 παναγίφ
2226 2569 2324 2623 καὶ
2385 2568 2580 2640 ἁγαθῷ
2609 2569 2707 2624 καὶ
2759 2565 3014 2638 ζωοποιῷ
3041 2564 3208 2619 αὑτοῦ
3243 2561 3545 2632 Πνεὺματι,
3603 2557 3699 2613 νῦν

430 2651 529 2703 καὶ
571 2652 681 2718 ἀεὶ,
713 2656 809 2711 καὶ
840 2659 921 2721 είς
951 2658 1078 2722 τοὺς
1112 2658 1317 2726 αἰῶνας
1339 2659 1451 2714 τῶν
1480 2659 1908 2734 αἰώνων,ἁμήν.

930 2952 2133 3287 NICEPHORI
2229 3021 3232 3206 CALLISTI

1582 3353 2572 3472 PRECATIONES

1492 3580 1665 3639 (Guar,
1688 3579 1973 3641 Eur/10309.,
2000 3580 2121 3631 edit.
2150 3581 2298 3629 Paris.
2328 3592 2372 3641 ρ.
2400 3580 2483 3632 8?!
2524 3582 2656 3644 sqq.)

452 3894 694 3951 Precatio
711 3890 1364 3966 sanctissimipatriam/nr
1398 3890 1611 3957 Callisti
1643 3894 1695 3947 in
1743 3890 2029 3963 colat-uitat

2160 3888 2331 3962 Εὺχὴ
2372 3888 2481 3945 τοῦ
2536 3887 2868 3966 ἀχιωτάτου
2916 3886 3285 3966 παςριᾴρχρυ
3363 3883 3715 3939 Καλλίστου

3584 420 3690 483 ιτθ
3800 492 3807 499 ,

1134 3963 1332 4033 populi.

446 4082 757 4143 Notandum
826 4090 1125 4148 prmsentes
1181 4081 1461 4137 orationes
1520 4095 1685 4152 posse
1747 4080 1912 4136 etiam
1972 4080 2028 4135 in

749 4174 1172 4243 pestilentialem
1212 4177 1467 4229 morbum
1504 4174 1746 4229 recitari.

519 4289 747 4360 Domine
770 4299 826 4343 et
859 4289 1022 4355 Deus,
1049 4288 1444 4344 misericordiae
1470 4298 1793 4358 cunctaeque
1816 4288 2031 4344 bonita-

449 4383 521 4437 tis
549 4393 760 4445 auctor,
789 4382 1188 4437 miserabilium
1218 4381 1384 4446 Deus,
1406 4383 1824 4436 miserationum
1851 4388 2031 4449 pater,

447 4472 847 4541 compassionis
885 4485 1099 4542 portus,
1151 4472 1275 4528 fons
1303 4473 1611 4551 clementia:
1641 4473 2032 4535 inexhaustus,

450 4565 543 4636 qui
596 4565 862 4635 sapientia
917 4576 1117 4622 cuncta
1163 4565 1541 4629 administras,
1593 4566 1688 4635 qui
1747 4566 1940 4635 alligas
1977 4574 2035 4621 ct

452 4672 672 4712 rursum
714 4654 942 4725 liberas,
974 4658 1067 4727 qui
1110 4658 1367 4726 ltumilias
1405 4666 1462 4715 et
1488 4675 1710 4714 rursum
1749 4661 2028 4726 sublevas,

448 4751 541 4819 qui
574 4751 827 4819 superbis
853 4751 1085 4814 resistis,
1111 4751 1419 4807 humilibus
1446 4760 1631 4807 autem
1651 4751 1751 4807 das
1773 4756 2028 4822 gratiam,

448 4842 611 4909 cujus
641 4852 913 4911 potestate
947 4852 1145 4899 cuncta
1184 4854 1549 4899 conservatur
1585 4855 1839 4900 creatura
1870 4846 2032 4901 intel-

449 4935 698 4990 lectualis
724 4944 781 4990 et
804 4935 1114 5000 sensibilis,
1148 4937 1307 5009 cujus
1333 4937 1544 5009 judicia
1570 4938 1802 5009 abyssu‘s
1835 4939 2029 5006 multa,

449 5036 507 5082 et
539 5028 640 5083 viae
664 5028 1095 5098 investigabiles,
1121 5032 1281 5101 cujus
1306 5030 1516 5102 Spiritu
1546 5042 1785 5102 aguntur
1811 5042 2030 5097 cuncta,

451 5119 506 5173 in
549 5122 710 5188 cujus
734 5135 898 5175 manu
935 5123 1182 5177 omnium
1211 5123 1516 5179 viventium
1544 5134 1629 5179 est
1654 5125 1901 5193 spiritus,
1944 5125 2031 5181 cui

2587 3957 2688 4013 ἐπὶ
2742 3957 3028 4030 συμφορᾷ
3080 3957 3257 4012 λαοῦ.

2144 4079 2342 4133 ’ἰστέον
2385 4074 2468 4127 ὅτι
2493 4070 2658 4126 αὗται
2688 4071 2745 4123 αἱ
2774 4070 2878 4141 ήδη
2915 4069 3279 4140 προκείμεναι
3314 4067 3492 4138 εὐχαὶ,
3517 4066 3711 4136 λέγον-

2415 4183 2506 4221 ται
2548 4165 2644 4219 καὶ
2679 4163 2782 4227 ἐίς
2829 4164 3089 4234 λοιμικὴν
3115 4161 3430 4245 ἀσθένειαν.

2203 4285 2378 4357 Κύριε
2414 4283 2442 4337 ὁ
2471 4283 2576 4338 Θεὲ
2604 4283 2700 4337 τοῦ
2728 4281 2937 4346 ἐλέους,
2965 4280 2995 4331 ὀ
3041 4278 3222 4348 πάσης
3253 4274 3594 4345 ἀγαθότητος
3622 4290 3714 4342 χο-

2137 4378 2327 4450 ρηγὸς,
2360 4380 2389 4432 ό
2425 4377 2534 4430 τῶν
2565 4374 2892 4446 Θαυμασίων
2942 4370 3114 4435 Θεὸς,
3170 4372 3200 4424 ό
3253 4369 3362 4423 τῶν
3405 4364 3712 4436 οἰκτιρμῶν

2135 4473 2351 4541 Πατὴρ,
2400 4466 2429 4523 ὅ
2479 4470 2580 4540 τῆς
2612 4467 2965 4538 συμπαθείας
2992 4464 3181 4535 λιμὴν,
3207 4463 3241 4534 ἡ
3265 4463 3368 4533 ’τῆς
3400 4459 3713 4529 φιλανθρωο

2136 4565 2266 4628 πίας
2297 4565 2577 4635 ἀκὲνωτος
2607 4561 2779 4632 πηγὴ,
2811 4562 2838 4613 ὁ
2861 4561 2929 4630 τῇ
2965 4558 3133 4628 σοφίᾳ
3165 4553 3384 4609 διοικῶν
3413 4553 3482 4605 τὰ
3511 4551 3713 4612 πάντα,

2133 4659 2161 4710 ὁ
2181 4655 2469 4722 δεσμεύων
2498 4655 2594 4708 καὶ
2626 4653 2794 4706 πάλιν
2837 4650 3072 4719 ἐξάγων,
3107 4647 3136 4699 ὁ
3163 4645 3458 4706 ταπεινῶν,
3489 4643 3585 4696 καὶ
3613 4636 3711 4694 αὖ-

2137 4750 2221 4814 Θις
2259 4749 2505 4817 ἀνυψῶν·
2535 4748 2564 4800 ὁ
2610 4748 2724 4809 τοῖς
2767 4744 2872 4815 μὲν
2897 4741 3277 4812 ὑπερηφάνοις
3313 4736 3713 4802 ἀντιτασσόμε-

2136 4860 2248 4909 νος,
2275 4841 2551 4903 ταπεινοῖς
2577 4838 2632 4890 δὲ
2663 4837 2841 4900 διδοὺς
2868 4834 3049 4904 χάριν,
3071 4825 3132 4885 οὗ
3162 4828 3236 4901 τῷ
3270 4829 3468 4898 κράτει
3492 4824 3716 4913 συνέχε-

2134 4953 2224 4991 ται
2264 4937 2415 4989 πᾶσα
2448 4934 2652 4997 κτίσις,
2693 4933 2793 5002 ὅση
2826 4948 2885 4985 τε
2911 4928 3100 4998 νοητὴ,
3128 4925 3224 4979 καὶ
3257 4921 3515 4992 αἰσθητὴ’
3556 4914 3620 4973 οὗ
3644 4917 3714 4972 τὰ

2135 5030 2386 5101 κρίματα
2426 5029 2665 5089 ἄϐυσσος
2699 5024 2894 5094 πολλὴ,
2932 5024 3027 5075 καὶ
3052 5023 3107 5076 αἱ
3153 5018 3263 5072 ὁδοὶ
3290 5014 3709 5085 ἀνεξιχνίαστοι,

2137 5122 2198 5177 οὗ
2254 5121 2333 5191 τῷ
2378 5118 2659 5189 [laetitiam
2711 5116 2893 5169 πάντα
2947 5115 3180 5182 ἄγεται,
3229 5102 3291 5162 οὗ
3343 5111 3400 5160 ὲν
3444 5108 3511 5177 τῇ
3559 5106 3707 5191 χειρὶ

449 5221 598 5266 astra
646 5213 938 5278 olietliunt,
990 5225 1185 5269 cuncta
1241 5217 1631 5285 subjiciuntur,
1669 5228 1727 5271 et
1773 5230 2025 5274 creatura

2136 5212 2275 5283 πνοὴ
2306 5188 2534 5266 πάντων
2562 5210 2674 5263 τῶν
2732 5207 2974 5273 ζώντων,
3007 5199 3053 5273 ᾧ
3110 5202 3403 5256 ὑπείκεται
3444 5198 3642 5268 ἄστρα,
3670 5188 3714 5261 ᾧ

450 5314 647 5358 cuncta
673 5304 1026 5374 obsequitur,
1050 5321 1214 5375 quem
1238 5307 1556 5378 spirituales
1585 5324 1777 5363 omnes
1801 5308 2029 5365 virtutes

2136 5308 2313 5360 πάντα
2346 5304 2737 5365 ὑποτέτακται,
2779 5292 2824 5368 ᾧ
2868 5300 3019 5353 πᾶσα
3060 5294 3302 5349 δουλεύει
3331 5293 3530 5356 κτίσις,
3569 5288 3628 5341 ὃν
3657 5286 3713 5340 αι

451 5398 889 5453 contremiscunt
926 5409 984 5454 et
1032 5400 1475 5457 indesinentibus
1521 5402 1807 5457 celebrant
1855 5403 2034 5458 laudi-

453 5490 578 5553 bus,
611 5505 774 5559 quem
806 5490 991 5547 omnia
1022 5493 1188 5548 mutis
1211 5496 1378 5549 etiam
1409 5493 1644 5549 vocibus
1666 5495 1980 5549 collaudant
2009 5511 2026 5560 ;

454 5590 511 5637 tu
576 5597 813 5651 namque
858 5585 1090 5653 justitire
1136 5585 1228 5641 Sol
1281 5588 1428 5643 Deus
1461 5603 1650 5652 verus,
1698 5587 1794 5657 qui
1843 5588 2029 5643 omnia

454 5677 668 5741 condis,
707 5685 765 5730 et
791 5678 906 5733 sola
939 5688 1031 5734 tua
1060 5679 1322 5736 clementi
1366 5683 1648 5736 voluntate
1680 5681 2028 5749 benignoque

458 5774 598 5823 nqu
634 5768 817 5822 omnia
864 5780 1198 5826 transmutas
1239 5790 1253 5826 :
1300 5775 1508 5843 respice
1554 5789 1722 5842 super
1764 5775 2028 5843 pOpulum

460 5868 805 5929 peceatorem
851 5875 908 5922 et
958 5864 1333 5937 desperatum,
1388 5878 1444 5924 ct
1500 5868 1833 5938 locupletem
1879 5876 2030 5921 tuam

2131 5398 2319 5468 νοεραὶ
2354 5400 2529 5451 πᾶσαι
2577 5395 2843 5464 δυνάμεις
2881 5390 3176 5462 τρέμουσι,
3211 5386 3307 5439 καὶ
3334 5383 3594 5453 ἀλήκτοις
3629 5379 3711 5433 δο-

2132 5493 2406 5561 εολογίαις
2432 5489 2816 5562 γεραίρουσιν·
2843 5486 2903 5539 ὃν
2936 5484 3004 5537 τὰ
3033 5482 3328 5550 σύμπαντα
3358 5477 3563 5545 φωναῖς
3585 5474 3716 5526 ἀλα-

2130 5588 2316 5657 λήτοις
2356 5586 2539 5655 ὑμνεῖ·
2595 5585 2661 5636 σὺ
2718 5579 2903 5633 τοίνυν
2960 5575 3122 5646 νοητὲ
3167 5569 3519 5637 δικαιοσύνης
3567 5567 3712 5635 ἧλιξ.

2134 5682 2235 5734 Θεὲ
2293 5678 2553 5749 ἀληθινὲ,
2606 5679 2634 5729 ὁ
2688 5676 2868 5730 πάντα
2916 5669 3089 5724 ποιῶν
3132 5667 3230 5721 καὶ
3286 5659 3714 5735 μετασκευὰζοιν

2144 5775 2290 5844 μόνῳ
2313 5772 2389 5843 τῷ
2443 5768 2755 5840 βούλεσθαι,
2786 5766 3030 5836 εὐμενεῖ,
3064 5761 3163 5815 καὶ
3192 5760 3321 5830 ἱλέῳ
3353 5756 3564 5828 ὄμματι
3593 5752 3712 5802 Em-

2143 5869 2199 5923 δε
2231 5867 2324 5921 ἐπὶ
2369 5864 2458 5921 τὸν
2493 5862 2622 5917 λαόν
2662 5879 2757 5916 σου
2786 5860 2880 5916 τὸν
2924 5852 3289 5931 ἡμαρτηκότα
3338 5850 3435 5904 καὶ
3464 5848 3714 5913 ἀπεγνωο
