4076 6438
318 326 411 390 577

1645 324 1741 383 PR
1756 286 2209 384 nctt'rtoxtlzs.

3460 321 3567 383 .578

326 445 530 514 σμένον,
553 438 650 493 καὶ
692 437 1052 507 κατάπεμψον
1079 436 1168 490 ἐπ’
1198 438 1399 499 αὐτοὺς
1425 438 1492 491 τὰ
1523 437 1648 508 ἐλέη
1683 455 1776 490 σου
1811 438 1878 491 τά

2012 406 2419 488 uisericdrdiaui
2444 429 2510 485 ad
2535 445 2662 486 eum
2693 431 2869 485 mitte.
2901 432 3068 486 Parce
3096 431 3407 488 haereditati
3439 451 3568 503 ιιιω,

327 537 570 591 πλούσια.
595 534 786 585 Φεῖσαι
818 531 916 601 τῆς
964 531 1347 600 κληρονομίας
1378 548 1496 597 σου,
1555 531 1740 600 φεῖσαι
1789 527 1885 583 τοῦ

328 629 448 683 λαοῦ
478 645 593 691 σου,
627 629 813 697 φεῖσαι
853 625 949 678 τοῦ
991 623 1316 694 ἀμπελῶνος
1344 661 1361 688 ,
1406 624 1465 675 ὃν
1505 624 1804 691 ἐφύτευσεν
1851 624 1886 694 ἡ
1924 610 1947 632 “

328 722 466 789 δεξιά
498 738 616 775 σου.
643 718 755 787 Τὴν
801 714 1045 788 ἔμφυτον
1097 715 1417 786 ἀγαθότητα
1467 715 1565 784 τὴν
1602 714 1702 784 σὴν
1748 714 1890 785 ὺπέρ

327 815 471 884 ἡμῶν
506 812 644 884 ἔχων
678 810 1055 875 ἱκετεύουσαν,
1084 809 1353 880 μνήσθητι
1390 808 1485 862 τοῦ
1516 809 1747 879 αἵματος
1784 808 1892 862 τῶν

327 909 514 961 δούλων
562 922 658 958 σου
708 902 802 957 τοῦ
833 900 1230 972 ἐκκεχυμένον,
1269 902 1540 971 μνήσθητι
1575 901 1684 954 τῶν
1719 902 1893 968 ἀγίων

331 1017 417 1052 σου
470 997 874 1067 θυσιαστηρίων
902 1035 916 1057 ,
952 994 989 1048 ἃ
1025 992 1272 1063 βεϐήλοις
1328 995 1488 1046 ποσὶν
1530 993 1890 1063 ἐπατήθησαν

323 1090 418 1143 ’καί
465 1106 523 1158 γε
554 1088 691 1158 πυρὶ
746 1086 1126 1157 παρεδόθησαν
1148 1100 1166 1119 ο
1208 1085 1479 1156 μνήσθητι
1512 1087 1613 1153 τῆς
1642 1085 1893 1154 ἐλεεινῆς

335 1182 561 1251 ἡλικίας,
581 1180 682 1251 τῆς
708 1181 791 1243 είς
818 1178 1202 1248 αἰχμαλωσίαν
1225 1177 1448 1231 ἀσεϐέσι
1468 1178 1893 1248 παραδοθείσης,

331 1277 418 1327 καὶ
452 1274 550 1343 τὴν
599 1273 700 1347 μὲν
767 1272 1029 1342 πατρῴαν
1100 1272 1362 1327 ἀσέϐειαν
1407 1274 1625 1344 ἀνοήτῳ
1684 1272 1883 1344 γνώμῃ

331 1365 769 1434 ἐξομωσαμένης,
812 1364 891 1434 τῷ
923 1364 982 1417 δὲ
1014 1365 1250 1435 διαϐόλῳ
1281 1365 1767 1435 ἐπιγραψαμένης,
1800 1366 1897 1420 καὶ

333 1459 518 1528 στῆσον
571 1458 676 1529 ήδη
724 1458 923 1527 ρἀδον
961 1457 1305 1526 ἁμαρτωλῶν
1370 1460 1518 1511 κατά
1569 1458 1775 1528 κλήρου
1818 1458 1899 1511 δι-

332 1553 490 1614 καίως
527 1549 834 1621 ἀφιεμένην
856 1567 871 1582 ο
917 1551 993 1620 μὴ
1027 1548 1282 1619 παραδῷς
1313 1550 1459 1621 ἡμᾶς
1508 1550 1586 1613 είς
1615 1550 1768 1614 τέλος
1809 1551 1899 1605 διὰ

330 1644 386 1699 τὸ
414 1643 587 1713 ὄνομά
611 1661 706 1697 σου
752 1643 814 1713 τδ
862 1644 1053 1713 ἅγιον,
1088 1646 1184 1697 καὶ
1227 1644 1317 1698 διὰ
1351 1645 1562 1712 ἄφατον
1604 1644 1755 1698 ἔλεον
1802 1645 1898 1697 τὸν

1991 541 2154 597 parce
2184 526 2389 621 populo
2423 534 2540 591 tuo,
2571 541 2733 595 parce
2759 525 2934 579 vineae
2969 542 2999 579 a
3026 525 3250 582 dextera
3293 536 3382 581 tua
3414 529 3571 598 plan-

1994 627 2158 674 tataa:
2206 629 2260 673 et
2307 608 2432 672 (uin
2483 619 2730 672 innatam
2783 618 2883 672 tibi
2919 619 3227 673 bonitatem
3278 635 3377 689 pro
3411 603 3599 676 nobis

1994 710 2386 780 deprecantem
2438 711 2664 776 habeas,
2717 711 3015 765 recordare
3062 712 3348 781 Sanguinis
3377 728 3570 766 servo-

1993 818 2116 856 rum
2170 813 2390 856 tuorum
2418 800 2425 805 ’
2453 806 2623 857 toties
2690 801 2875 868 eﬂusi;
2914 804 3204 858 recordare
3254 811 3571 857 sanctorum

1996 902 2218 948 tuorum
2266 894 2521 947 altarium
2548 892 2784 963 pedibus
2829 893 3074 963 profanis
3121 895 3570 949 conculcatorum

1995 996 2053 1043 et
2098 988 2208 1059 igni
2257 989 2700 1053 combustorutn;
2756 989 3051 1042 recordare
3084 987 3408 1042 miserandae
3445 1003 3579 1055 pue-

1995 1094 2186 1135 rerum
2224 1078 2404 1133 aetatis
2430 1078 2500 1132 ab
2530 1078 2716 1146 impiis
2764 1077 2820 1131 in
2851 1077 3226 1146 captivitatem
3260 1077 3493 1140 traditae,
3518 1087 3577 1128 et

1996 1170 2198 1226 stolida
2242 1170 2519 1225 sententia
2578 1181 2860 1239 paternam
2903 1168 3224 1237 religionem
3271 1166 3578 1237 alijurmtis

1961 1283 1971 1290 ·
1997 1271 2052 1317 et
2078 1260 2303 1316 diabolo
2331 1260 2605 1329 ascriptae,
2641 1268 2697 1313 et
2720 1258 2832 1329 jam
2867 1267 3217 1327 peccatorum
3244 1256 3445 1325 virgam
3482 1255 3578 1309 ad-

1996 1372 2193 1411 versus
2232 1354 2413 1425 justus
2447 1361 2649 1406 motam
2691 1349 2911 1405 cohibe.
2960 1350 3193 1419 Protiter
3220 1364 3424 1403 nomen
3453 1364 3580 1403 sau-

1999 1459 2150 1503 ctum
2190 1457 2368 1510 tuum,
2413 1457 2468 1500 et
2502 1454 2728 1514 propter
2761 1441 3097 1498 ineffabilem
3142 1439 3582 1495 misericordiam

2001 1557 2031 1595 a
2074 1552 2167 1595 tua
2198 1541 2446 1595 bonitate
2487 1538 2786 1608 profusam,
2836 1552 2906 1590 ne
2948 1535 3000 1588 in
3043 1533 3208 1587 linem
3241 1548 3340 1587 nos
3375 1531 3582 1585 tradas.

2001 1634 2281 1691 Christum
2319 1633 2527 1686 amanti
2574 1630 2688 1699 regi
2716 1639 2932 1690 nostro,
2974 1642 3004 1681 a
3040 1627 3311 1696 grassanti
3361 1624 3587 1679 calami~

332 1734 833 1812 ὑπερεκχυνόμενον
872 1737 937 1789 ἐκ
973 1735 1072 1805 τῆς
1116 1735 1216 1805 σῆς
1257 1736 1619 1806 ἀγαθότητος,
1669 1738 1763 1790 καὶ
1809 1736 1900 1799 δὸς

2012 1737 2116 1783 late
2147 1726 2417 1797 requiem,
2442 1734 2498 1779 et
2529 1739 2558 1779 a
2594 1724 2746 1778 civili
2787 1722 3049 1784 tumultu,
3083 1728 3139 1773 et
3166 1715 3462 1781 seditione,
3493 1731 3583 1769 se—

331 1825 391 1897 δὴ
434 1826 508 1897 τῷ
569 1826 902 1897 φιλοχρίστῳ
934 1825 1146 1896 βασιλεί
1183 1826 1341 1896 ἡμῶν
1372 1827 1559 1881 ἀνεσιν
1592 1827 1702 1880 τῶν
1739 1843 1900 1879 κατε-

333 1919 529 1986 χόντων
550 1917 756 1971 τούτων
784 1920 1049 1987 ἀνιαρῶν,
1084 1919 1181 1971 καὶ
1212 1918 1538 1987 ἀπαλλαγὴν
1570 1919 1678 1971 τῶν
1726 1919 1903 1987 ἐμφυ-

296 2004 456 2063 “λίων
499 2009 752 2077 θορύϐων
782 2009 877 2061 καὶ
926 2009 1192 2064 στάσεων.
1240 2009 1560 2079 ’Λνίσχυσον
1609 2008 1776 2063 αὐτοῦ
1808 2011 1902 2063 τὸν

333 2102 610 2175 βραχίονα,
644 2103 888 2165 καὶτοὺς
923 2103 1394 2171 ἐπανισταμένους
1423 2101 1574 2172 αὐτῴ
1603 2101 1898 2167 ὑπόταξον,

333 2196 420 2248 καὶ
447 2193 693 2259 σύναψον
723 2193 889 2248 αὐτοῦ
937 2195 1008 2247 τά
1054 2193 1452 2265 στρατεύματα
1486 2196 1567 2256 είς
1610 2193 1741 2264 μίαν
1778 2192 1907 2262 ὁμό-

336 2302 495 2353 νοιαν,
558 2285 657 2338 καὶ
698 2287 943 2357 εἰρήνην,
979 2286 1077 2339 καὶ
1126 2286 1307 2355 πάσης
1356 2284 1650 2354 ἐπιϐουλῆς
1687 2284 1905 2357 ὁρατῶν

332 2381 421 2432 καὶ
454 2379 709 2450 ἀοράτων
736 2376 951 2448 ἐχθρῶν
1004 2376 1282 2448 ἀνώτερον
1317 2379 1484 2432 αὐτὸν
1533 2376 1898 2449 διατήρησον.

336 2471 603 2541 ’Ἄγγελον
628 2468 777 2541 αύτῷ
817 2470 878 2536 ἐξ
908 2466 1064 2538 ἀγίου
1103 2470 1533 2541 κατοικητηρίου
1587 2487 1682 2522 σου
1736 2468 1908 2523 κατά-

333 2565 546 2637 πεμψον
579 2563 836 2633 φύλακα,
884 2562 1073 2632 σαφῶς
1135 2562 1594 2633 προπολεμοῦντα
1645 2561 1739 2616 τοῦ
1808 2561 1904 2617 σοῦ

335 2658 621 2728 βασιλέως,
655 2657 1021 2711 ἀστασίαστον
1050 2656 1109 2706 ἐν
1150 2656 1346 2726 βαθείᾳ
1380 2655 1588 2727 γαλήνῃ
1615 2656 1715 2726 τὴν
1749 2654 1908 2726 βασι-

332 2750 477 2809 λείαν
504 2750 659 2823 αὑτῷ
687 2751 933 2823 δώρησαι
958 2767 972 2781 ·
1007 2750 1082 2814 ὡς
1131 2751 1199 2805 ἂν
1241 2750 1304 2804 τὸ
1333 2752 1424 2804 σὺν
1458 2750 1614 2818 ἅγιον
1645 2750 1802 2812 ἔθνος
1848 2749 1908 2802 ἐν

332 2849 397 2916 τῇ
426 2847 646 2917 γαλήνῃ
667 2846 833 2900 αὐτοῦ
867 2848 1135 2918 ἠρεμαῖον
1174 2845 1271 2900 καὶ
1314 2844 1545 2915 ἡσύχιον
1574 2844 1689 2915 βίον
1720 2843 1909 2916 διάγῃ,

334 2941 427 2993 καὶ
474 2942 666 2995 πᾶσαν
719 2938 889 3011 ἀλλην
920 2938 1356 3010 ἐπεγειρομένην
1388 2936 1510 2991 κατ’
1546 2934 1713 2989 αὐτοῦ
1741 2952 1913 3002 ταρα-

335 3036 431 3105 χὴν
470 3035 575 3089 καὶ
630 3033 929 3104 ἐπιϐουλὴν
966 3032 1034 3105 τῇ
1087 3035 1288 3104 ἀμάχῳ
1329 3031 1483 3101 δεξιᾷ
1528 3029 1911 3095 διασκέόασον,

2004 1821 2294 1877 curitatem
2315 1818 2526 1889 praebe;
2548 1817 2830 1871 brachium
2854 1815 2974 1884 ejus
3002 1810 3320 1875 corrobora,
3346 1808 3585 1862 rebelles

2004 1914 2085 1971 illi
2121 1911 2354 1983 subiice,
2393 1919 2447 1965 et
2485 1909 2540 1963 in
2583 1924 2749 1961 unam
2785 1902 3140 1959 concordiam
3170 1910 3227 1956 et
3251 1913 3440 1969 pacem
3464 1898 3585 1963 ejus

2003 2021 2195 2063 omnes
2220 2005 2367 2060 acies
2406 2015 2720 2070 compone:
2769 2008 2826 2053 et
2857 1995 3158 2053 viaibilium
3192 1990 3584 2046 invisibilium-

2004 2094 2134 2173 que.
2168 2098 2411 2155 hostium
2477 2093 2694 2149 cunctis
2762 2091 2979 2147 insidiis
3026 2086 3368 2156 superiorem
3431 2082 3584 2135 illum

2005 2192 2196 2247 redde.
2233 2188 2389 2244 Mitte
2420 2186 2488 2242 de
2517 2193 2710 2240 saneto
2738 2178 3053 2237 habitaequ
3075 2186 3169 2232 tuo
3206 2173 3459 2240 angelum
3486 2186 3586 2224 eu-

2007 2279 2219 2337 stodem
2253 2293 2353 2348 pro
2402 2292 2529 2346 rege
2561 2282 2658 2328 tuo
2698 2278 3090 2343 pugnaturum,
3118 2262 3482 2332 compositum
3528 2268 3586 2314 et

2007 2372 2281 2446 profunda
2328 2368 2728 2439 tranquillitate
2782 2372 3031 2435 pacatum
3080 2359 3132 2415 ei
3195 2373 3425 2425 regnum
3475 2357 3588 2411 lar-

2008 2471 2165 2543 gire:
2200 2479 2262 2524 ut
2288 2468 2345 2522 in
2368 2467 2490 2538 ejus
2525 2478 2661 2534 pace
2692 2471 2879 2516 sancta
2916 2465 3006 2513 tua
3053 2469 3190 2528 gens
3232 2451 3587 2521 tranquillam

2010 2564 2367 2633 quietamque
2392 2559 2561 2613 vitam
2588 2556 2771 2626 degat,
2801 2563 2857 2609 et
2896 2555 3142 2614 demum,
3177 2546 3472 2606 tumultum
3505 2546 3590 2597 in-

2011 2655 2280 2723 sidiisque
2309 2651 2573 2705 omnibus
2590 2643 2863 2702 adversus
2887 2646 3276 2712 imperatonem
3303 2639 3593 2706 insurgen-

2015 2749 2171 2802 tibus
2217 2746 2531 2812 insuperata
2582 2750 2675 2794 tua
2727 2754 2891 2793 manu
2941 2733 3249 2804 dissipatis,
3289 2732 3504 2801 longam
3537 2727 3589 2781 ei

2013 2841 2179 2895 vitam
2195 2833 2688 2893 confer.Preeibus
2710 2832 2962 2901 gloriosa:
2992 2838 3049 2882 et
3077 2841 3244 2896 super
3270 2836 3464 2878 omnes
3495 2821 3593 2874 be-

2016 2934 2249 2989 nedictae
2282 2928 2528 2983 Dominae
2563 2936 2765 2980 nostra:
2796 2923 3063 2992 lJeiparte,
3110 2930 3167 2975 et
3212 2918 3589 2972 ministrorum

2018 3024 2260 3079 materia:
2299 3021 2631 3090 expet‘tium,
2680 3026 2737 3073 et
2779 3014 3028 3072 omnium
3068 3021 3409 3075 sanctorum,
3435 3006 3528 3078 qui
3562 3022 3593 3059 ει

334 3129 424 3179 καὶ
448 3125 917 3180 ἀνεπιϐούλευτον
947 3165 963 3193 ,
1005 3129 1100 3181 καὶ
1131 3124 1352 3195 μακρὰν
1403 3122 1557 3194 αὐτῷ
1609 3121 1709 3193 τὴν
1764 3120 1910 3191 ζωὴν

2016 3119 2218 3173 εωουιο
2254 3115 2353 3170 tibi
2382 3114 2726 3184 placuerunt.
2756 3111 2954 3163 Amen.

334 3222 587 3293 χάρισαι.
623 3221 955 3294 Πρεσϐείαις
1021 3221 1122 3289 τῆς
1190 3192 1661 3288 πανυπερενδόξου
1727 3211 2255 3285 ὑπερευλογημένης
2311 3207 2601 3276 δεσποίνης
2650 3204 2813 3275 ἡμῶν
2877 3201 3174 3263 Θεοτόκου,
3250 3195 3360 3249 τῶν
3414 3192 3595 3248 ἀΰλων

334 3315 703 3391 last-iapydis},
749 3317 846 3368 καὶ
881 3318 1100 3369 πάντων
1149 3314 1259 3367 τῶν
1297 3313 1470 3381 ἁγίων
1501 3312 1612 3367 τῶν
1637 3309 1732 3364 ἀπ’
1766 3309 1964 3374 αἰῶνός
1992 3326 2075 3363 σοι
2107 3303 2618 3377 εὐαρεστησάντων.
2643 3300 2843 3369 Ἀμήν.

401 3457 579 3529 eam
612 3456 784 3523 ἑτέρα
824 3456 931 3510 τοῦ
956 3453 1142 3509 αὑτοῦ
1168 3494 1183 3521 ,
1213 3453 1310 3508 ἐπὶ
1343 3449 1629 3522 συμφορᾷ
1661 3449 1839 3504 λαοῦ.

406 3575 544 3629 "Ave:
560 3588 658 3641 ρχε
694 3569 957 3634 Βασιλεῦ,
1001 3569 1227 3640 ἀόρατε,
1261 3568 1666 3637 ἀνεξιχνίαστε,
1702 3568 1915 3621 ἀκατά-

331 3668 528 3736 ληπτε,
568 3664 671 3718 xai.
725 3664 1076 3731 ἀνέκφραστε
1106 3701 1122 3727 ,
1154 3664 1182 3727 ὁ
1216 3663 1402 3715 πᾶσαν
1435 3641 1606 3730 δρακὶ
1638 3662 1914 3730 περιέχων

331 3760 429 3831 τὴν
478 3757 664 3812 κτίσιν
694 3758 789 3809 καὶ
814 3755 1110 3826 διατηρῶν·
1160 3756 1189 3808 ὁ
1234 3753 1575 3820 διακατέχων
1608 3753 1702 3804 καὶ
1726 3752 1919 3805 διακυ-

335 3852 548 3922 ϐερνῶν
585 3848 755 3917 αὐτὴν
786 3849 1013 3919 ἀρρήτῳ
1048 3848 1216 3917 λόγῳ,
1251 3849 1278 3900 ὀ
1329 3846 1438 3898 τῶν
1490 3843 1791 3917 Νινευῖτῶν
1820 3843 1917 3905 τὰς

334 3948 570 4016 ἀνομίας
607 3942 877 4013 πρότερον
912 3942 1012 4021 μὲν
1046 3939 1399 4008 ἀνεχόμενος,
1451 3937 1683 4006 ὕστερον
1723 3932 1778 3985 δὲ
1819 3935 1919 4001 τὴν

338 4040 637 4109 μετάνοιαν
691 4035 872 4089 αὐτῶν
906 4035 1003 4087 καὶ
1055 4033 1396 4103 ἐπιστροφὴν
1447 4029 1916 4101 προσδεξάμενος,

336 4134 434 4188 καὶ
462 4129 837 4204 χαρισάμενος
869 4129 1058 4190 αὐτοῖς
1102 4126 1171 4180 δι’
1216 4124 1663 4193 ὑπερϐάλλουσαν
1710 4120 1920 4190 ἀγαθό-

337 4243 480 4295 τητα
528 4224 629 4281 καὶ
676 4219 1065 4291 μακροθυμίαν
1096 4219 1279 4280 πάσας
1322 4219 1422 4281 τας
1460 4214 1696 4286 ἀνομίας
1731 4214 1824 4267 καὶ
1853 4213 1920 4266 τὰ

339 4318 830 4391 πλημμελήματα,
878 4316 946 4384 τῇ
984 4311 1206 4382 συνήθει
1247 4311 1340 4362 καὶ
1367 4311 1561 4379 ἀφάτῳ
1601 4324 1695 4361 σου
1730 4314 1922 4377 φιλαν-

338 4413 565 4485 θρωπία
594 4408 887 4476 δεξάμενος
913 4421 929 4439 ·
967 4405 1119 4469 δέξαι
1152 4403 1249 4457 καὶ
1278 4402 1437 4471 ἡμῶν
1474 4404 1575 4463 τὰς
1601 4399 1788 4469 εὐχὰς,
1821 4416 1925 4451 και

335 4509 521 4575 θάπερ
562 4503 639 4565 ὼς
674 4502 893 4570 εἴρηται
925 4499 1034 4552 τῶν
1066 4494 1372 4550 Νινευῖτῶν
1434 4494 1536 4564 τὴν
1586 4492 1923 4563 ὲπιστροερὴν

336 4604 434 4653 καὶ
469 4598 785 4670 μετάνοιαν*
821 4594 974 4658 δέξαι
1004 4594 1073 4645 τὰ
1114 4592 1330 4661 δάκρυα
1382 4588 1477 4641 καὶ
1532 4588 1659 4650 τοὺς
1693 4602 1923 4652 στεναγ-

2187 3446 2306 3502 Alia
2334 3444 2567 3515 ejusdem
2602 3449 2778 3496 aratro
2808 3440 2862 3494 iu
2885 3436 3070 3509 pepuli
3112 3433 3425 3505 afﬂictione.

2088 3560 2219 3617 Sine
2242 3556 2515 3629 principio
2545 3555 2682 3616 Rex,
2712 3551 3035 3615 invisibilis,
3063 3545 3480 3616 investigihilis,
3511 3543 3597 3598 in-

2019 3654 2419 3727 comprehense
2450 3659 2505 3703 et
2551 3646 2871 3709 ineffabilia»,
2899 3643 2990 3713 qui
3031 3642 3241 3712 pugillo
3283 3626 3597 3694 creaturam

2019 3760 2242 3800 omnem
2279 3742 2535 3797 contines
2558 3750 2612 3795 et
2640 3754 2965 3802 conservas,
3005 3742 3334 3806 secretaque
3365 3745 3483 3785 eam
3516 3746 3602 3781 ra-

2022 3841 2172 3894 tione
2206 3835 2534 3896 moderatis,
2589 3832 2684 3901 qui
2733 3817 2979 3884 toleratis
3028 3827 3183 3897 prius
3227 3825 3601 3880 Ninivitarum

2021 3927 2421 3999 iniquitatibus,
2450 3927 2672 3978 demum
2715 3936 2921 3975 eorum.
2951 3919 3335 3989 pamitentiam
3368 3926 3425 3971 et
3465 3932 3598 3968 euu-

2022 4025 2327 4080 versioneut
2363 4015 2678 4087 suscepisti,
2709 4022 2765 4068 et
2804 4013 3119 4068 inenarrata
3150 4010 3279 4064 licet
3315 4009 3471 4063 solita
3499 4007 3600 4060 tibi

2021 4116 2363 4174 humanitate
2400 4111 2586 4167 omnia
2637 4110 2856 4163 illorum
2913 4105 3113 4161 delicta
3157 4112 3214 4156 et
3269 4101 3596 4168 iniquitates

2026 4208 2355 4268 condonasti
2393 4227 2403 4261 :
2433 4204 2651 4274 suscipe
2688 4201 2855 4255 etiam
2886 4208 3013 4252 vota
3041 4204 3250 4261 nostra,
3282 4195 3426 4248 sicut
3451 4192 3606 4247 Nini-

2023 4307 2262 4360 vitarum
2300 4298 2717 4355 conversionem
2746 4304 2801 4347 et
2827 4290 3229 4362 pmnitentiam,
3270 4286 3433 4341 modo
3458 4300 3601 4354 prte-

2024 4400 2158 4466 l'ato,
2191 4403 2468 4465 acceptam
2501 4387 2774 4450 habuisti;
2803 4384 3019 4453 suscipe
3040 4383 3311 4450 lacrymas
3340 4388 3395 4433 et
3423 4378 3607 4447 suspi-

2026 4494 2140 4549 ria:
2172 4494 2391 4557 suscipe
2420 4496 2477 4541 et
2508 4482 2704 4539 humili
2738 4472 2919 4533 corde
2942 4476 3388 4547 deprecationem
3421 4474 3604 4540 prola-

2030 4598 2136 4644 tam
2180 4587 2384 4658 (neque
2428 4583 2574 4637 enim
2623 4591 2918 4650 possumus
2969 4569 3211 4642 peccatis
3251 4566 3496 4635 depressi
3534 4565 3605 4619 ad

340 4661 524 4763 μους,
583 4690 738 4754 δέξαι
798 4688 899 4757 τὴν
962 4681 1456 4752 τεταπεινωμένην
1505 4678 1663 4750 ἡμῶν
1712 4677 1910 4746 δέησινι

2031 4690 2082 4737 te
2133 4675 2476 4745 intendere);
2533 4671 2751 4738 suscipe
2805 4668 3075 4722 clamores
3109 4678 3172 4716 cx
3225 4661 3335 4714 imo
3381 4669 3605 4729 pectore

2052 4772 2064 4776 ‘
2164 4773 2173 4776 ‘
2255 4772 2266 4776 ‘
2520 4763 2533 4776 ‘
2575 4773 2586 4776 -
2720 4761 2731 4773 '
2807 4773 2853 4776 μί
2933 4754 3115 4776 ΑΙἿΓΑιέ
3161 4751 3348 4776 -.ι-...12
3395 4758 3571 4776 Α-..ι...

337 4785 462 4838 ο)ὃέ
515 4786 626 4853 γὰρ
680 4780 964 4851 δυνάμεθα
993 4780 1130 4840 ὅλως
1184 4780 1304 4839 ταῖς
1338 4775 1638 4845 ἁμαρτίαις
1696 4770 1925 4839 γενόμε-

339 4895 446 4941 νοι,
483 4876 623 4945 πρὸς
670 4874 730 4926 σὲ
776 4874 868 4926 τὸν
909 4873 1074 4942 μόνον
1105 4870 1496 4939 ἀναμάρτητον
1533 4863 1809 4928 ἀτενίζειν
1838 4861 1925 4913 δέ·

343 4970 432 5035 ξαι
486 4972 591 5030 τας
624 4970 686 5020 ἐκ
714 4966 910 5037 βάθους
952 4963 1026 5025 ὼς
1066 4962 1224 5032 δίκην
1266 4957 1475 5013 καπνοῦ
1521 4955 1921 5026 ἀναπεμπομέ-

340 5081 438 5126 νας
470 5079 556 5114 σοι
586 5062 664 5130 τῷ
697 5061 948 5131 Δεσπότῃ
988 5055 1267 5125 κραυγάς.
1308 5053 1470 5119 Δέξαι
1501 5049 1595 5103 τοῦ
1639 5050 1926 5103 ταλαιπω-

343 5157 618 5226 ρουμένου
649 5152 782 5206 λαοῦ
819 5153 919 5222 τὴν
964 5149 1342 5220 παράκλησιν·
1376 5144 1662 5215 νικησάτω
1692 5145 1725 5212 ἡ
1758 5142 1926 5195 ἄϐυσ-

342 5268 436 5312 σος
472 5248 575 5316 τῆς
607 5249 706 5317 σῆς
734 5245 1140 5315 εὐσπλαγχνίας
1170 5243 1235 5296 τὸ
1271 5239 1475 5311 πλῆθος
1504 5241 1611 5291 τῶν
1637 5236 1923 5306 ἡμετέρων

339 5340 639 5410 ἁμαρτιῶν
664 5356 679 5371 ο
708 5338 800 5391 καὶ
844 5337 931 5399 δὸς
963 5336 1040 5406 τῷ
1070 5334 1185 5404 λαῴ
1231 5350 1326 5386 σου
1378 5331 1667 5397 λύτρωσιν,
1706 5325 1923 5380 ἐλευθε-

284 5428 291 5434 ’
344 5435 471 5501 ρίαν
528 5432 639 5487 τῶν
690 5429 1039 5501 πειρασμῶν,
1075 5428 1299 5497 καὶτῆς
1338 5426 1434 5478 τοῦ
1484 5428 1720 5478 θανάτου
1752 5418 1920 5488 τιμῆς

338 5524 570 5594 ἄφεσιν.
600 5525 732 5589 Ναὶ,
771 5523 948 5593 Κύριε
977 5525 1005 5575 ὁ
1055 5521 1189 5582 Θεὸς
1230 5519 1387 5589 ⁴ἡμῶν
1416 5559 1431 5584 ,
1480 5519 1794 5569 ἐπάκουσον
1827 5511 1924 5564 τοῦ

340 5617 482 5671 λαοῦ
540 5632 633 5671 σου
664 5620 724 5670 ἐν
753 5621 820 5690 τῇ
852 5616 973 5685 ὥρα
1003 5613 1202 5686 ταύτῃ,
1236 5614 1331 5666 καὶ
1368 5610 1505 5679 ἐμοῦ
1534 5607 1630 5661 τοῦ
1663 5607 1926 5676 ἀμαρτω-

338 5711 463 5767 λοῦ·
496 5712 594 5762 καὶ
618 5712 820 5781 στῆσον
852 5712 949 5779 τὴν
1007 5707 1205 5780 ῥάϐδον
1257 5706 1368 5759 τῶν
1418 5700 1765 5772 ἁμαρτωλῶν
1796 5700 1926 5751 ἐπε-

339 5803 681 5874 γειρομένην
735 5805 830 5859 ἐπὶ
885 5804 977 5856 τὸν
1034 5801 1236 5870 κλῆρον
1278 5799 1383 5852 τῶν
1442 5796 1690 5863 δικαίων,
1727 5793 1820 5856 οὒς
1856 5791 1920 5845 σὺ

2028 4772 2207 4829 thuris
2255 4772 2427 4822 instar
2468 4763 2535 4818 ad
2573 4773 2627 4816 te
2662 4761 2879 4823 missos,
2930 4754 3115 4809 afﬂicti
3161 4751 3348 4823 populi
3393 4758 3605 4804 oratio—

2024 4881 2153 4921 nem
2202 4861 2423 4927 exaudi,
2472 4867 2828 4926 peccatornm
2880 4862 3198 4903 nostrorum
3251 4846 3461 4914 copiam
3494 4845 3606 4898 cle-

2028 4955 2250 5015 mentia:
2289 4962 2397 5008 tua:
2443 4949 2675 5018 abyssus
2706 4951 3015 5005 exsuperet,
3058 4950 3112 4993 et
3158 4937 3360 5016 pepulu
3404 4946 3500 4990 tuo
3537 4936 3610 4991 ab

2028 5052 2115 5106 his
2150 5047 2420 5103 molestiis
2441 5039 2844 5110 exemptionem
2878 5044 2931 5090 et
2966 5035 3296 5095 libertatem,
3328 5041 3385 5086 et
3409 5046 3438 5084 a
3462 5044 3610 5083 mor-
3650 5088 3663 5093 _

2030 5140 2101 5195 tis
2138 5138 2364 5191 vulnere
2393 5129 2777 5187 remissionem
2822 5123 3026 5193 praabe.
3079 5122 3156 5174 lta
3211 5121 3326 5185 fiat,
3373 5118 3605 5173 Domine

2031 5233 2173 5286 Deus
2207 5238 2415 5289 noster,
2451 5223 2714 5294 populum
2760 5228 2914 5272 tuum
2955 5224 3011 5269 et
3037 5229 3126 5270 me
3170 5220 3514 5283 peccatorum
3550 5211 3608 5264 in

2029 5326 2165 5379 hora
2215 5326 2315 5376 hac
2364 5317 2585 5378 exaudi,
2613 5325 2666 5368 et
2706 5321 3055 5382 peccaturum
3097 5307 3301 5376 virgam
3338 5307 3609 5358 adversus

2024 5417 2304 5486 iustorum
2337 5428 2364 5466 a
2402 5423 2453 5463 te
2483 5410 2601 5463 solo
2633 5403 3003 5472 cognitorum,
3029 5407 3084 5452 et
3107 5409 3159 5452 te
3189 5412 3407 5466 quoque
3438 5408 3609 5462 agno-

2028 5510 2301 5574 scentium
2329 5516 2560 5568 sortem,
2598 5500 2867 5555 \‘ibratam
2912 5494 3109 5549 cohibe
3139 5510 3151 5547 :
3189 5501 3250 5545 ut
3293 5500 3349 5544 et
3376 5504 3475 5559 per
3503 5501 3608 5542 nos

2028 5601 2254 5656 inutiles
2293 5611 2485 5652 servos
2534 5605 2657 5649 tuos
2712 5590 3025 5644 celebretur
3068 5584 3476 5641 sanctissimum
3505 5594 3607 5633 no-

2028 5709 2152 5749 men
2191 5701 2366 5753 tuum,
2399 5686 2598 5748 Patris,
2624 5693 2678 5740 et
2705 5682 2827 5738 Filii
2860 5692 2918 5736 et
2950 5679 3124 5734 sancti
3157 5675 3423 5747 Spiritus,
3458 5684 3610 5727 nunc

2028 5799 2085 5845 et
2126 5800 2366 5855 semper,
2397 5793 2451 5835 et
2489 5783 2541 5833 in
2572 5776 2770 5832 saecula
2805 5772 3152 5831 saeculorum.
3191 5770 3386 5824 Amen.
