4076 6510
394 320 498 390 5Ἱ9

1559 303 1982 366 NICEPHOBI
2017 301 2360 362 CALL‘STI

3554 293 3676 368 59οκ

395 439 557 506 μόνος
586 428 736 496 οἶδας
793 431 890 484 καὶ
942 425 1260 485 ἐπίστασαι,
1294 419 1430 490 παρ’
1467 419 1648 472 αὐτῶν
1695 415 2129 485 γινωσκόμενος·
2206 413 2357 475 ὅπως
2431 410 2530 466 καὶ
2593 410 2663 464 δι’
2701 407 2860 480 ἡμῶν
2913 407 3024 462 τῶν
3053 406 3164 461 σῶν
3194 407 3430 478 ἀχρείων
3459 406 3664 463 δούλων

389 504 625 600 δοξασθῇ
691 529 755 580 τὸ
797 526 1069 592 πανάγιον
1096 519 1272 590 ὄνομά
1325 535 1441 571 σου·
1480 516 1575 569 τοῦ
1621 515 1858 584 ῐιατρθς,
1919 513 2014 566 καὶ
2052 511 2148 564 τοῦ
2219 508 2374 576 Υίοῦ,
2425 509 2524 561 καὶ
2571 508 2666 562 τοῦ
2722 506 2879 576 ἁγίου
2930 505 3274 574 Πνεὺματος·
3308 504 3402 561 νῦν
3430 507 3525 560 καὶ
3554 508 3663 574 ἀεὶ,

391 625 491 678 καὶ
535 623 614 686 είς
649 623 778 684 τοὺς
813 619 1022 681 αἰῶνας
1055 615 1178 668 ’τῶν
1213 610 1451 666 αἰώνων.
1486 609 1688 680 Ἀμήν.

755 732 882 787 Alia
917 728 1112 784 similis
1135 726 1374 798 ejusdem
1405 724 1600 777 'oratio.

458 853 679 925 Optime
726 847 984 911 Domine,
1031 842 1272 898 universi
1308 840 1584 902 conditor,
1617 839 1776 907 cujus
1812 837 1979 891 mise-

389 946 630 1002 ricordia
656 944 923 997 immensa
949 948 1006 992 et
1034 935 1347 992 humanitas
1377 930 1859 1000 incompn-hensa,
1882 927 1976 997 qni

388 1039 716 1108 iniquitates
751 1047 945 1088 omnes
976 1027 1151 1084 tulisti
1185 1035 1242 1081 et
1280 1025 1436 1080 cruci
1486 1023 1731 1083 aftixisti,
1768 1032 1830 1075 ut
1859 1020 1976 1089 ipse

390 1135 510 1188 sine
560 1130 825 1200 peccatis,
867 1132 1192 1191 cunctaeque
1226 1119 1408 1174 sordis
1457 1132 1677 1186 expers,
1721 1114 1976 1170 sanctifi-

387 1239 546 1278 cares
577 1237 676 1276 nos
706 1239 718 1276 :
752 1219 850 1272 tibi
885 1216 1080 1272 conﬁsi
1115 1213 1442 1283 suppliciter
1473 1210 1838 1280 procidintus,
1884 1224 1977 1276 pa-

387 1319 534 1370 tiens
563 1313 816 1374 Domine,
866 1319 923 1365 et
962 1311 1294 1364 inenarrata
1326 1315 1382 1360 et
1425 1306 1712 1360 immensa!
1743 1311 1849 1356 tuae
1879 1302 1982 1355 hu-

391 1407 682 1462 manitatis
719 1404 954 1473 pelagus
982 1399 1368 1468 contemplati,
1414 1398 1484 1453 ad
1517 1407 1570 1451 te
1614 1394 1977 1450 reconciliata

392 1500 612 1554 facilem
651 1495 945 1550 Dominum
975 1493 1303 1555 clamamus,
1335 1491 1495 1546 Salva
1529 1504 1650 1544 nos.
1685 1488 1805 1542 Non
1831 1487 1976 1541 Pha-

391 1590 595 1644 risaico
663 1601 819 1641 more
871 1586 1087 1639 cantica
1154 1583 1500 1653 hymnosque
1552 1591 1814 1643 nostros,
1880 1577 1977 1634 sed

391 1681 674 1753 publicani
721 1681 896 1734 instar
941 1675 1324 1747 proferimus:
1373 1688 1553 1742 neque
1604 1672 1754 1727 velut
1788 1671 1978 1724 nefan-

391 1778 496 1829 dus
526 1775 618 1828 ille
650 1773 813 1836 latro,
833 1772 945 1824 ‘sed
992 1779 1050 1824 ut
1080 1769 1222 1822 bene
1264 1766 1496 1820 allectus
1548 1774 1602 1819 et
1648 1777 1840 1833 gratus
1885 1762 1978 1816 ille

389 1867 552 1930 alius,
587 1864 958 1919 vociferamur
1010 1859 1173 1924 illud,
1199 1858 1498 1913 Memento.
1539 1858 1842 1926 Exsuperet
1874 1857 1979 1908 ita-

387 1975 496 2030 que
528 1957 933 2028 investigabilis
981 1952 1360 2010 misericordia
1394 1961 1488 2006 tua
1514 1951 1842 2021 iniquitates
1874 1964 1978 2003 no-

390 2067 554 2116 stras,
571 2060 627 2106 et
640 2051 772 2105 licet
795 2050 1092 2117 incongrue
1108 2053 1498 2101 convertamur
1519 2053 1575 2099 et
1593 2042 1975 2113 paenitentiam

390 2160 641 2216 agamus,
674 2142 906 2199 ostende
937 2151 1119 2196 tamen
1153 2140 1320 2195 etiam
1373 2140 1428 2192 in
1476 2137 1638 2192 nobis
1667 2135 1978 2190 clementiae

388 2250 496 2294 tuae
530 2237 981 2293 immensitatem.
1028 2234 1358 2302 Compatere
1408 2239 1465 2285 et
1516 2228 1874 2284 reconciliare
1917 2234 1978 2280 ut

386 2331 726 2402 longanimis
778 2329 982 2399 populo
1016 2337 1133 2390 tuo,
1185 2325 1382 2380 falcem
1431 2322 1772 2377 mortiferam
1802 2321 1980 2390 repri-

388 2441 502 2490 me,
528 2439 597 2478 ne
620 2423 766 2476 ultra
798 2437 899 2476 nos
933 2421 1218 2488 decerpat,
1254 2417 1492 2473 celerem
1521 2427 1580 2472 et
1617 2415 1977 2483 intempesti-

385 2531 513 2570 vam
548 2515 670 2586 ejus
718 2515 892 2568 aciem
939 2509 1196 2574 retunde,
1247 2507 1550 2578 contagiosi
1596 2505 1780 2560 morbi.
1825 2505 1976 2559 luem

382 2609 534 2679 juste
561 2605 866 2661 immissam
899 2613 1108 2668 averte,
1149 2600 1389 2672 gladium
1431 2599 1723 2653 adversum
1752 2610 1855 2650 nos
1887 2595 1976 2649 vi-

387 2698 635 2762 bratum,
675 2711 744 2751 ne
784 2707 1113 2765 pereamus,
1149 2693 1393 2748 contine.
1429 2689 1551 2743 ’l‘ibi
1586 2703 1826 2757 namque
1871 2683 1976 2742 soli

388 2790 752 2862 procidimus.
811 2789 886 2841 Ita
944 2786 1196 2850 Domine,
1251 2782 1449 2838 exaudi
1503 2797 1604 2836 nos
1654 2790 1976 2851 peccatores

387 2895 446 2940 et
478 2885 701 2940 inutiles
730 2898 921 2938 servos
955 2891 1102 2946 tuos,
1153 2882 1206 2933 in
1255 2879 1360 2932 hac
1394 2878 1563 2940 hora;
1597 2887 1654 2929 et
1687 2890 1754 2928 ne
1789 2872 1975 2942 despi-

385 2980 507 3034 cias
566 2977 847 3030 orationes
906 2986 1161 3039 nostras;
1225 2987 1406 3040 neque
1469 2969 1710 3040 peccatis
1768 2965 1974 3022 nostris

385 3079 692 3141 spontanee
724 3074 824 3122 a‘ut
850 3053 1046 3130 invite,
1094 3066 1337 3119 scienter
1366 3072 1460 3116 aut
1484 3062 1803 3131 ignoranter
1821 3072 1974 3113 com-

385 3161 574 3215 missis
616 3158 908 3223 attendas;
955 3166 1016 3210 ut
1048 3153 1390 3223 gloriﬁcctur
1429 3159 1485 3206 et
1535 3151 1592 3205 in
1637 3148 1799 3202 nobis
1843 3162 1975 3202 san-

385 3254 698 3310 ctissimum
733 3265 938 3306 nomen
969 3259 1126 3304 tuum
1158 3265 1173 3305 :
1223 3246 1422 3310 l’atris,
1447 3253 1503 3299 et
1524 3242 1674 3308 Filii,
1697 3254 1752 3297 et
1791 3233 1972 3296 sancti

389 3345 654 3418 Spiritus.

659 3631 847 3687 Altera
881 3630 1113 3702 ejusdem
1140 3627 1328 3696 similis
1357 3631 1478 3684 aliis
1505 3629 1697 3685 oratio.

459 3747 658 3805 Facilis
732 3746 1134 3813 reconciliatu,
1194 3743 1463 3810 Domine,
1526 3743 1973 3815 longanimis,et

380 3842 546 3896 «valde
581 3839 919 3904 misericors,
947 3846 1158 3893 cunctae
1187 3845 1458 3891 creaturae
1486 3835 1769 3890 rationalis
1804 3846 1860 3892 et
1889 3835 1974 3890 in-

376 3929 722 3986 .tellectualis
753 3939 970 3994 auctor,
1002 3931 1097 3998 qui
1143 3928 1311 3983 rebus
1350 3927 1610 3982 omnibus
1635 3941 1758 3982 esse
1791 3943 1859 3982 ex
1889 3929 1974 3982 ni-

377 4025 502 4080 .hilo
531 4021 880 4088 concessisti,
906 4031 960 4078 et
996 4021 1137 4077 bene
1169 4036 1291 4077 esse
1317 4021 1478 4076 nobis
1513 4021 1740 4090 provide
1771 4031 1974 4078 contu.-

377 4116 524 4181 .listi,
548 4130 676 4171 cum
709 4115 965 4170 laudibus
994 4123 1052 4170 et
1096 4115 1331 4171 canticis
1376 4115 1677 4185 gratiarum
1721 4116 1972 4170 actiones

379 4224 574 4266 secum
598 4207 911 4265 ferentibus
944 4209 1042 4263 tibi
1060 4224 1162 4265 nos
1184 4209 1536 4278 proc’identes
1567 4224 1637 4266 ne
1667 4208 1969 4278 despicias,

389 4316 572 4370 neque
607 4300 1049 4357 reconciliationi
1097 4301 1376 4356 orationes
1421 4301 1673 4367 idoneas,
1722 4303 1810 4357 vel
1837 4317 1969 4372 sup-

374 4395 720 4471 plicationes
754 4408 972 4449 nosrras
1021 4393 1282 4464 abjicias;
1339 4393 1438 4448 sed
1468 4393 1651 4448 adnue
1679 4394 1749 4450 de
1780 4405 1971 4450 sancto

375 4487 706 4546 .Iiabitaculo
737 4493 853 4550 tuo,
881 4485 1090 4555 respice
1115 4494 1180 4552 et.
1199 4485 1360 4539 visita
1392 4486 1610 4539 vineam
1639 4487 1797 4540 istam
1835 4487 1937 4542 de:
1957 4516 1970 4528 -

375 4594 509 4637 .tera
557 4589 650 4634 tua
703 4580 1041 4650 plantatam;
1107 4587 1179 4645 et.
1217 4594 1247 4632 a
1301 4579 1452 4646 gravi
1503 4579 1970 4650 pestilentialiquc

389 4676 500 4731 hoc
553 4672 779 4740 morbo,
845 4672 1040 4726 mortis
1089 4671 1344 4726 videlicet
1392 4671 1640 4740 corporis
1669 4679 1724 4724 et
1775 4673 1971 4728 animae

2007 733 2054 789 Α

2392 711 2563 783 Εὑχῂ
2595 711 2775 780 ἑτέρα
2807 711 2984 782 ὁμοία
3009 711 3118 766 τοῦ
3147 710 3358 767 αὐτοῦ.

2163 828 2518 900 ’Υπεράγαθε
2545 826 2740 898 Κύριε,
2771 826 3076 898 δημιουργὲ
3117 828 3211 881 τοῦ
3249 828 3472 894 παντὸς,
3503 823 3565 884 οὗ
3605 829 3666 883 τὸ

2085 923 2236 986 ἕλεος
2264 923 2601 993 ἀμέτρητον,
2635 923 2730 974 καὶ
2773 923 2806 991 ὴ
2840 921 3228 990 φιλανθρωπία
3263 924 3610 988 ἀνείκαστος,
3637 927 3664 976 ὁ

2078 1017 2179 1080 τὰς
2231 1017 2468 1086 ἀνομίας
2509 1015 2670 1086 ἡμῶν
2724 1017 2907 1079 πάσας
2942 1016 3221 1086 ἀράμενος
3257 1019 3352 1069 καὶ
3385 1018 3464 1088 τῷ
3494 1036 3664 1071 acau-

2084 1109 2162 1180 ρῷ
2201 1109 2586 1180 προσηλώσας,
2625 1109 2713 1162 ἵνα
2761 1108 3108 1180 καθαγιὰσῃς
3159 1111 3309 1179 ἡμᾶς
3344 1113 3664 1181 ἀναμάρτη,

2079 1220 2194 1266 τος.
2231 1203 2326 1255 καὶ
2363 1203 2566 1264 παντὸς
2606 1201 2781 1271 ῥύπου
2805 1201 3187 1265 ἁνεπίδεκτος·
3221 1204 3303 1254 σοὶ
3334 1203 3665 1273 θαρροῦντες

2081 1297 2512 1370 προσπίπτομεν
2539 1295 2818 1358 ίκετικῶς,
2852 1292 3146 1358 ἀνεξίκακε
3183 1293 3354 1362 Κύριε
3377 1333 3390 1356 ,
3427 1293 3522 1346 καὶ
3563 1296 3659 1359 τῆς

2083 1393 2184 1461 σῆς
2217 1391 2432 1461 ἀφάτου
2489 1391 2588 1442 καὶ
2634 1390 2956 1460 ἀμετρήτου
3010 1390 3428 1459 φιλανθρωπίας
3480 1389 3542 1442 τὸ
3569 1391 3660 1442 πέ-

2079 1484 2250 1553 λαγος
2285 1482 2756 1547 ύποσκοποῦντες,
2808 1481 3094 1551 κράζομεν
3149 1483 3287 1550 πρὸς
3322 1482 3382 1534 σὲ
3428 1482 3524 1536 τὸν
3573 1485 3657 1536 εύ-

2079 1574 2405 1631 διάλλακτον
2465 1575 2694 1645 Κύριον,
2750 1574 2933 1628 Σῶσον
2983 1573 3152 1644 ἡμᾶς.
3191 1575 3266 1627 Οὐ
3315 1575 3662 1644 φαρισαῖκῶς

2079 1670 2225 1741 ᾠδὰς
2254 1669 2414 1739 ἡμῶν
2459 1669 2559 1722 καὶ
2591 1667 2874 1738 ὑμνῳδίας
2904 1669 3274 1740 ἀναφέρομενο
3313 1667 3452 1721 ἀλλὰ
3490 1670 3659 1722 τελω-

2080 1762 2273 1825 νικῶς,
2311 1760 2435 1814 οὐδὲ
2465 1763 2609 1814 κατὰ
2661 1762 2755 1815 τὸν
2808 1759 3111 1828 ἀγνώμονα
3156 1762 3366 1814 ἐκεῖνον
3413 1760 3660 1830 λῃστήν

2079 1855 2216 1910 ἀλλὰ
2273 1855 2398 1908 κατ’
2451 1855 2617 1908 αὑτὸν
2669 1855 2764 1908 τὸν
2811 1855 3133 1925 εὐγνώμονα
3189 1856 3284 1908 καὶ
3337 1856 3663 1925 εὐχάριστον

2081 1948 2299 2019 βοῶμεν
2321 1949 2381 2000 τὸ
2415 1946 2722 2019 Μνήσθητι.
2756 1949 2853 2002 Διὰ
2873 1947 3034 2001 τοῦτο
3068 1948 3352 2017 νικησάτω
3379 1948 3440 2000 τὸ
3473 1948 3663 2012 ἀνεξε-

2086 2043 2347 2112 ρεύνητον
2381 2040 2532 2104 ἔλεος
2565 2042 2663 2103 τὰς
2699 2041 2933 2112 ἀνομίας
2958 2040 3138 2110 ἡμῶν,
3175 2041 3225 2094 εί
3252 2045 3348 2094 καὶ
3383 2039 3458 2110 μὴ
3486 2057 3661 2109 προσ-

2081 2135 2330 2204 ηκόντως
2359 2133 2732 2204 μετανοοῦμεν
2759 2134 2855 2186 καὶ
2879 2133 3310 2204 ἐπιστρέφομεν.
3340 2134 3526 2200 Δεῖξον
3563 2134 3662 2189 καὶ

2082 2227 2142 2280 ὲν
2178 2229 2311 2297 ἡμῖν
2353 2227 2453 2298 τῆς
2504 2227 2920 2297 φιλανθρωπίας
2949 2243 3044 2279 σου
3073 2226 3135 2279 τὸ
3165 2227 3418 2296 μέγεθος.
3444 2226 3665 2294 Σπλαγ-

2081 2322 2333 2393 χνίσθηςι
2364 2322 2462 2375 καὶ
2519 2321 2843 2391 διαλλάγηθι
2898 2321 2976 2384 ὡς
3034 2321 3390 2392 μακρόθυμος
3437 2322 3532 2375 ἐπὶ
3583 2323 3662 2391 τῷ

2081 2413 2198 2485 λαῷ
2231 2431 2327 2468 σου
2352 2432 2368 2447 ο
2405 2415 2602 2485 στῆσον
2648 2416 2708 2468 τὸ
2755 2416 3028 2485 δρέπανον
3077 2413 3173 2468 τοῦ
3215 2415 3450 2468 θανάτου
3476 2456 3489 2477 ,
3519 2415 3661 2468 ὥστε

2082 2509 2161 2578 μὴ
2205 2505 2330 2561 καθ’
2366 2507 2529 2578 ἡμῶν
2587 2507 2899 2578 προϐῆναι·
2939 2509 3140 2579 στῆσον
3169 2507 3267 2579 τὴν
3300 2512 3523 2578 ταχεῖαν
3566 2511 3662 2561 καὶ

2082 2603 2264 2674 ἄωρον
2299 2602 2494 2656 τούτου
2551 2607 2750 2674 τομήν.
2779 2605 2986 2674 Στῆσον
3027 2603 3126 2672 τῆς
3165 2603 3464 2676 λοιμώδους
3502 2603 3660 2657 νόσου

2080 2693 2182 2764 τὴν
2218 2692 2433 2748 δικαίαν
2479 2695 2687 2762 ταύτην
2736 2695 2963 2765 φθοράν·
3008 2694 3208 2763 στῆσον
3252 2693 3354 2765 τὴν
3383 2695 3661 2764 ῥομφαίαν

2077 2787 2180 2857 τὴν
2227 2787 2352 2841 καθ’
2385 2787 2545 2858 ἡμῶν
2570 2787 3013 2858 διεγειρομένην,
3046 2786 3134 2840 ἵνα
3175 2787 3250 2860 μὴ
3303 2785 3657 2857 ἀπολώμεθα.

2079 2882 2173 2934 Σοὶ
2199 2881 2310 2951 γὰρ
2339 2885 2488 2952 μόνῳ
2512 2883 2865 2954 ἡμάρτομεν.
2895 2881 3062 2936 Ἀλλὰ
3087 2882 3182 2935 καὶ
3211 2883 3295 2936 σοὶ
3317 2883 3468 2954 μόνῳ
3490 2900 3662 2953 προσ-

2079 2974 2375 3044 πίπτομεν.
2409 2975 2519 3028 Ναὶ
2552 2975 2727 3044 Κύριε
2757 3016 2773 3040 ,
2805 2974 3117 3028 ἐπάκουσον
3142 2975 3305 3045 ¹ἡμῶν
3336 2976 3445 3029 τῶν
3477 2977 3662 3046 ἀμαρ-

2074 3067 2265 3120 τωλῶν
2294 3067 2390 3121 καὶ
2437 3068 2674 3137 ἀχρείων
2707 3066 2912 3122 δούλοιν
2973 3085 3068 3122 σου
3118 3069 3178 3122 ἐν
3207 3071 3272 3141 τῇ
3306 3069 3425 3140 ὥρᾳ
3465 3072 3656 3141 ταύτῃ,

2077 3161 2175 3214 καὶ
2210 3159 2508 3232 meum“
2532 3159 2631 3222 τὰς
2655 3159 2872 3230 δεήσεις
2901 3160 3085 3232 ἡμῶν.
3108 3162 3312 3232 Πάριδε
3369 3164 3436 3217 τὰ
3477 3164 3663 3233 πλημ-

2081 3250 2372 3319 μελήματα
2401 3251 2584 3320 ἡμῶν,
2625 3250 2695 3302 τὰ
2724 3250 2951 3306 ἑκούσια
2982 3253 3080 3305 καὶ
3112 3253 3183 3306 τὰ
3217 3254 3472 3318 ἀκούσια,
3503 3254 3572 3307 τὰ
3602 3257 3658 3306 ἐν

2077 3341 2303 3409 γνώσει,
2351 3345 2444 3396 καὶ
2487 3346 2546 3396 ἓν
2587 3345 2786 3415 ἀγνοίᾳ
2837 3345 2924 3398 ῐνα
2968 3344 3202 3417 δοξασθῇ
3235 3350 3327 3400 καὶ
3353 3349 3412 3399 ἐν
3438 3349 3568 3418 ἡμῖν
3599 3350 3658 3402 τὸ

1995 3438 2042 3500 C
2075 3434 2346 3500 πανάγιον
2386 3434 2561 3503 ὄνομα
2611 3451 2708 3488 σου
2735 3451 2751 3467 ο
2801 3435 2897 3490 τοῦ
2948 3437 3187 3509 Πατρδς,
3229 3439 3326 3494 καὶ
3374 3441 3468 3494 τοῦ
3506 3440 3656 3506 Υἱοῦ,

2075 3529 2170 3581 καὶ
2205 3527 2300 3581 τοῦ
2335 3529 2494 3596 ἁγίου
2529 3531 2871 3602 Πνεύματος.

2143 3641 2314 3713 Εὐχῂ
2343 3642 2516 3713 ἑτέρα
2547 3646 2735 3715 ὁμοία
2772 3645 2906 3713 ταῖς
2947 3647 3188 3717 ἄλλαις,
3223 3651 3330 3705 τοῦ
3373 3652 3584 3707 αὐτοῦ.

2151 3753 2524 3810 Εύδιάλλακτε
2593 3760 2790 3827 Κύριε.
2855 3761 3183 3831 μακρόθυμε
3229 3763 3323 3816 καὶ
3375 3765 3656 3832 πολυέλεε,

2076 3847 2293 3920 χορηγὲ
2328 3849 2514 3918 πάσης
2561 3851 2797 3916 κτίσεως
2825 3852 3049 3924 λογικῆς
3093 3873 3152 3909 τε
3181 3859 3274 3911 καὶ
3306 3859 3518 3928 νοερᾶς,
3543 3861 3570 3911 ὁ
3596 3863 3656 3912 τὸ

2077 3932 2215 3993 εἶναι
2248 3938 2318 4002 ἐξ,
2356 3939 2458 3993 οὐκ
2507 3941 2680 3994 ὄντων
2736 3945 2849 4006 τοῖς
2893 3944 3028 3996 πᾶσι
3077 3943 3446 4016 δωρούμενος,
3475 3949 3655 4003 καὶτὸ

2074 4033 2136 4087 εὖ
2178 4029 2320 4089 εἶναι
2369 4036 2668 4104 πανσόφους
2726 4037 2860 4108 ἡμῖν
2893 4039 3265 4108 χαρισάμενος
3321 4039 3654 4110 δοξολογίαις

2074 4130 2170 4183 καὶ
2199 4129 2367 4201 ᾠδαῖς
2396 4129 2747 4201 εὑχαρίστοις
2779 4131 3236 4203 προσπίπτοντας
3283 4136 3350 4205 τῇ
3404 4139 3470 4204 σῇ
3500 4136 3653 4189 ἀνει-

2073 4225 2264 4295 κὰστῳ
2306 4223 2657 4293 ἀγαθότησι,
2703 4223 2783 4294 μὴ
2843 4224 3082 4296 παρίδῃς
3126 4227 3297 4294 ἡμᾶς,
3356 4230 3493 4298 μηδὲ
3554 4231 3653 4292 τὰς

2076 4318 2428 4388 ἱλαστηρίους
2465 4318 2624 4386 ἡμῶν
2665 4317 2981 4387 προσευχὰς
3035 4319 3132 4370 καὶ
3184 4319 3396 4384 ἱκεσίας
3425 4321 3648 4394 ἀπώσῃο

2073 4410 2519 4478 ἀλλἐύδόκησον
2577 4409 2636 4474 ἐξ
2684 4411 2843 4478 ἁγίου
2895 4411 3322 4481 κατοικητηρίου
3381 4431 3497 4478 σου,
3556 4415 3653 4467 καὶ

2075 4502 2178 4566 ῐδε,
2205 4503 2302 4555 καὶ
2330 4500 2626 4569 ἐπίσκεψαι
2659 4501 2758 4570 τὴν
2787 4500 3033 4570 ἄμπελον
3066 4502 3288 4573 ταύτην,
3323 4506 3417 4557 καὶ
3447 4509 3652 4574 κατάρ-

2072 4613 2220 4649 τισαι
2245 4595 2436 4664 αὐτὴν,
2468 4595 2536 4664 ἣν
2575 4594 2879 4662 ἐφύτευσεν
2905 4597 2938 4665 ἡ
2987 4595 3138 4660 δεξιά
3179 4614 3298 4661 σου,
3334 4600 3429 4652 καὶ⁵
3462 4599 3648 4664 ἐξελοῦ

2073 4687 2222 4756 ἡμᾶς
2269 4687 2374 4738 ἀπὸ
2414 4686 2618 4756 ταύτης
2665 4687 2764 4756 τῆς
2806 4686 2990 4756 δεινῆς
3026 4691 3122 4743 καὶ
3150 4687 3448 4758 λοιμώδους
3481 4697 3642 4744 νόσου

376 4761 549 4833 ,plaga
575 4775 677 4815 nos
709 4761 912 4816 exime.
935 4759 1216 4815 Horrenda
1246 4775 1488 4830 namque
1517 4771 1571 4815 et
1598 4762 1968 4835 inexspectata

2076 4781 2176 4847 τῆς
2207 4779 2381 4848 τομῆς
2442 4781 2538 4832 τοῦ
2585 4777 2844 4844 θανάτου,
2896 4780 2998 4850 τῆς
3024 4778 3266 4850 ψυχικῆς
3299 4782 3504 4852 δηλαδὴ
3550 4786 3650 4837 καὶ
3729 4842 3748 4860 κ

374 4859 484 4914 illa
511 4856 797 4913 calamitas
847 4873 959 4912 non
1011 4856 1188 4911 solum
1232 4873 1468 4927 corpora
1523 4859 1802 4916 lctltaliter
1842 4863 1972 4918 {erit

367 4961 445 5004 .et
476 4949 784 5017 corrumpit
807 4966 821 5003 :
847 4949 941 5003 sed
969 4956 1026 5002 et
1048 4962 1172 5015 nos,
1208 4958 1260 5005 te
1300 4950 1458 5013 lmso,
1499 4966 1642 5018 reos,
1675 4961 1734 5008 et
1760 4955 1826 5008 ad
1854 4969 1969 5025 poe-

377 5043 680 5096 .nitentiam
717 5041 1037 5110 imparatos,
1075 5041 1241 5096 etiam
1266 5045 1448 5112 quoad
1472 5047 1712 5103 animam
1741 5049 1968 5103 omnino

376 5133 592 5202 ,perdit.
624 5132 925 5202 Propterea
970 5142 1022 5188 te
1053 5148 1312 5204 rogamus
1333 5144 1390 5190 et
1415 5151 1730 5206 precamur,
1762 5150 1821 5196 ut
1844 5155 1968 5195 ora-

377 5228 601 5281 tionem
633 5226 823 5296 populi
871 5227 952 5282 tui
1001 5223 1543 5299 supplicationesque
1588 5233 1872 5298 exaudias,
1909 5242 1967 5289 et

373 5327 607 5374 .avertas
643 5318 1074 5388 indignationem
1113 5331 1260 5376 tuam
1309 5337 1338 5375 a
1373 5323 1552 5377 nobis.
1598 5324 1675 5377 lta
1710 5325 1961 5390 Domine,

375 5425 460 5464 .ne
488 5410 542 5462 in
571 5419 839 5485 :eternum
889 5412 1148 5469 irascaris
1189 5414 1375 5479 nobis,
1430 5416 1514 5470 vel
1550 5417 1760 5488 justam
1812 5428 1962 5473 tuam

381 5499 524 5554 iram
565 5517 694 5572 erga
742 5517 843 5558 nos
896 5515 1216 5574 conceptam
1253 5507 1564 5576 producas;
1600 5511 1784 5564 nullus
1813 5513 1962 5566 enim

373 5608 575 5647 .coram
610 5605 662 5650 te
695 5590 1236 5669 consisterepotest,
1266 5610 1362 5653 aut
1393 5615 1517 5654 cum
1559 5601 1762 5655 fiducia
1791 5603 1963 5673 loqui,

377 5699 570 5753 [neque
603 5687 745 5741 ullus
771 5703 955 5743 coram
988 5699 1046 5744 te
1079 5690 1271 5744 vivens
1312 5691 1729 5760 justiﬁcabitur.
1776 5697 1965 5752 Omnis

373 5782 532 5835 .enI-m
559 5783 796 5839 hominis
821 5785 1035 5856 iustitia
1061 5786 1211 5842 velut
1233 5800 1449 5856 pannus
1476 5797 1828 5845 menstruam
1856 5801 1960 5858 est,

2075 4873 2424 4941 σωματικῆς.
2465 4871 2530 4924 Ἢ
2570 4873 2682 4941 γὰρ
2739 4872 2950 4943 φοϐερὰ
2981 4872 3120 4944 αὕτη
3155 4875 3252 4927 καὶ
3301 4875 3643 4944 ἀπροσδόκη-

2072 4981 2162 5028 τος
2193 4963 2453 5036 συμφορὰ
2484 4965 2545 5017 οὐ
2578 4965 2741 5035 μόνον
2787 4964 3019 5035 σώματα
3043 4968 3125 5029 εἰς
3154 4966 3308 5030 τέλος
3343 4971 3527 5037 νεκροί
3555 4970 3650 5022 καὶ

2069 5056 2402 5126 διαφθείρει,
2462 5057 2601 5112 ἀλλὰ
2662 5060 2760 5113 καὶ
2813 5058 2995 5128 ψυχὰς
3049 5059 3271 5122 τελείως
3327 5059 3648 5125 ἀπόλλυσιν,

2069 5152 2455 5221 ἀμετανοὴτως
2481 5151 2641 5223 ἡμῶν
2671 5152 3052 5220 διακειμένων,
3089 5154 3184 5207 καὶ
3212 5154 3652 5226 προσκεκρουκό-

2073 5261 2185 5296 των
2225 5243 2476 5298 ἐντεῦθέν
2530 5262 2614 5299 σοι
2663 5245 2740 5316 τῷ
2802 5244 2923 5315 Θεῷ
2969 5245 3150 5314 ἡμῶν.
3193 5246 3296 5299 Διὰ
3342 5245 3521 5313 τοῦτο,
3551 5247 3646 5300 σοῦ

2073 5335 2306 5406 δεόμεθα
2341 5339 2436 5391 καὶ
2469 5338 2531 5391 σὲ
2555 5337 3007 5408 παρακαλοῦμεν,
3037 5339 3186 5403 ὅπως
3210 5338 3522 5411 ἐπακούσῃς
3550 5340 3648 5410 τῆς

2071 5425 2314 5494 δεήσεως
2341 5426 2437 5480 τοῦ
2486 5427 2616 5482 λαοῦ
2647 5445 2740 5481 σου
2775 5431 2870 5481 καὶ
2927 5430 3158 5496 ἱκεσίας,
3195 5431 3291 5484 καὶ
3330 5430 3646 5501 ἁποτρέψῃς

2072 5518 2164 5569 τὸν
2197 5516 2370 5588 θυμρν
2406 5537 2500 5573 σου
2543 5521 2639 5589 ἀφ’
2679 5520 2857 5588 ἡμῶν.
2889 5517 3000 5574 Ναὶ
3032 5523 3226 5592 Κύριε,
3265 5524 3341 5594 μὴ
3377 5525 3640 5593 ὀργισθῇς

2073 5610 2153 5672 είς
2184 5610 2307 5672 τοὺς
2354 5611 2556 5675 αἰῶνας
2603 5615 2759 5683 ἡμῖν,
2794 5612 2918 5683 μηδ’
2947 5617 3233 5688 ὲπιτείνῃς
3280 5617 3382 5685 τὴν
3428 5617 3644 5669 δικαίαν

2077 5717 2173 5753 σου
2204 5703 2326 5754 καθ’
2383 5702 2542 5774 ἡμῶν
2597 5706 2992 5776 ἀγανάκτησιν.
3047 5709 3238 5771 Οὐδεὶς
3268 5712 3376 5778 γὰρ
3421 5709 3646 5762 δύναται

2076 5791 2390 5862 ἐμπροσοέν
2453 5812 2547 5850 σου
2613 5799 2822 5866 στῆναι,
2886 5798 3501 5873 ἢπαρρησιάσασθαι,
3551 5798 3646 5853 καὶ
