4076 6468
550 398 659 462 593

1755 402 2178 467 NICEPIIORI
2221 407 2569 470 CALLISTI

3691 408 3791 472 σθ

554 512 864 584 κροουμίας
898 512 997 586 τὴν
1035 513 1292 569 ἄϐυσσον.
1337 515 1751 588 Ἐπικάμφλητι
1806 525 1901 574 οὐν
1938 526 2006 592 τῇ
2041 541 2136 576 1:1-
2168 521 2210 577 Α
2239 524 2327 577 διὰ
2353 525 2450 593 τῆς
2480 527 2617 595 πρὸς
2650 524 2749 592 ἐμὲ
2790 524 2879 577 τὸν
2931 524 3276 596 ὑπεράπειρα
3317 524 3612 579 πταίσαντα
3657 541 3789 592 συμ-

551 604 830 678 λαιπωρία
879 623 1007 676 μου,
1063 607 1492 679 παρακαλοῦντά
1545 627 1610 678 με
1671 610 1842 678 δέξαι,
1875 615 2129 684 ἐπιστρέ-

552 713 721 763 φοντα
755 697 1147 766 ἑναγκάλισαι,
1180 700 1334 754 ῐασαι
1391 701 1452 754 τὺ
1484 702 1812 772 ἀδιόρθωτον
1854 705 1955 772 τῆς
1983 706 2128 777 ἐμῆς

550 785 752 855 ψυχῆς,
783 788 881 839 καὶ
910 781 994 851 οἷς
1049 789 1342 843 ἐπίστασαι
1368 791 1625 861 κρίμασι,
1669 793 1845 847 σῶσόν
1880 812 1970 864 με.
2014 798 2131 850 Οὐκ

551 876 662 947 ἔχω
693 877 933 947 δάκρυον
969 880 1220 942 ἐκτενὲς.
1244 880 1346 933 οὐκ
1391 881 1502 951 ἔχω
1565 881 1962 956 ἐξομολόγησιν
1994 887 2130 956 ἀληο

552 967 728 1038 θινὴν.
770 969 896 1022 οὐδέ
941 986 994 1022 τι
1026 969 1164 1024 ἄλλο
1194 972 1304 1025 τῶν
1331 972 1431 1025 ὅσα
1484 973 1586 1044 τὴν
1623 975 1724 1044 σὴν
1781 975 2130 1046 συμπάθειαν

554 1059 965 1114 ἐκκαλέσασθαι
999 1061 1184 1118 ἱκανά.
1215 1063 1386 1117 οὐδὲν
1442 1064 1507 1118 ea
1543 1065 1876 1136 παράδοξον,
1931 1069 1983 1122 εί
2038 1069 2132 1123 τὸν

550 1151 762 1204 δίκαιον
788 1151 1011 1217 σώσεις.
1048 1156 1098 1208 εί
1130 1156 1222 1209 τὸν
1251 1157 1612 1227 ἀλρεταίνοντα
1661 1160 1929 1231 έλεήσεις.
1989 1163 2132 1216 Ἀλλ’

552 1244 634 1307 εἰς
671 1245 774 1314 ἐμὲ
829 1247 923 1299 τἰν
978 1246 1194 1319 ἄμετρα
1243 1250 1550 1304 πταίσαντα
1608 1253 2008 1325 θαυμάστωσον
2062 1255 2134 1309 τὰ

552 1336 678 1406 ἀλέη
713 1355 828 1391 σου.
874 1338 947 1391 Σύ
993 1340 1344 1410 ἀνθρωπίνης
1409 1342 1627 1411 φύσεως
1691 1345 1793 1414 τὴν
1845 1347 2134 1401 ἀσθένειαν

551 1423 740 1490 οἷδαςσ
795 1430 1002 1499 ταύτην
1047 1432 1159 1503 γὰρ
1227 1433 1622 1504 εὑσπλάγχνως
1683 1437 1996 1508 ἐφόρησας·
2057 1440 2132 1509 μὴ

555 1519 758 1592 νικήσῃ
791 1520 852 1573 τὸ
883 1519 1087 1591 πλῆθος
1127 1524 1236 1579 τῶν
1273 1526 1466 1579 κακῶν
1496 1544 1603 1597 μου
1635 1527 1734 1599 τὴν
1773 1530 2011 1599 ἄμετρον
2045 1531 2135 1582 εὑ-

557 1611 901 1682 σπλαγχνίαν
927 1631 1042 1670 σου.
1077 1615 1280 1687 Πάριδέ
1316 1636 1420 1687 μου
1475 1619 1576 1684 τὰς
1603 1621 1858 1692 ἀνομίας,
1916 1624 2011 1676 καὶ
2059 1621 2136 1686 ὡς

557 1704 744 1778 ίατρδς
798 1705 1142 1777 θεράπευσον
1171 1709 1239 1762 τὰ
1269 1713 1368 1781 τῆς
1395 1711 1577 1786 ψυχῆς
1607 1730 1711 1784 μου
1736 1714 1936 1768 ἀνίατα
1965 1716 2134 1786 τραύ-

556 1816 729 1868 ματα.
771 1801 939 1871 Ὁρᾷς
969 1803 1100 1864 τοὺς
1131 1801 1413 1873 μώλωπας
1432 1784 1575 1867 boat,
1611 1807 1819 1875 μᾶλλον
1847 1807 1905 1861 δὲ
1933 1784 2133 1862 ὁλοσώ-

558 1909 730 1959 ματος
761 1893 795 1963 ἡ
837 1893 1027 1964 πληγή
1074 1912 1204 1964 μου,
1240 1897 1338 1949 καὶ
1390 1897 1493 1949 οὑκ
1534 1896 1652 1950 ἔστι
1687 1899 1956 1968 μάλαγμα
2009 1901 2126 1952 ὲπι-

551 1983 748 2051 θεῖναι,
806 1986 928 2039 οὐδὲ
979 1987 1185 2053 ἔλαιον,
1221 1989 1344 2042 οὑδὲ
1399 1991 1800 2061 καταδέσμους.
1843 1991 2003 2057 Παρά
2049 1990 2134 2043 σοὶ

555 2078 705 2148 μόνῳ
727 2076 804 2148 τῷ
843 2077 1216 2153 ἀριστοτέχνῃ
1239 2081 1362 2152 Θεῷ
1392 2100 1522 2152 μου,
1563 2077 1607 2152 ᾧ
1627 2084 1806 2138 πάντα
1840 2084 2021 2158 ῥᾴδια,
2038 2082 2134 2136 καὶ

550 2171 622 2224 τά
655 2172 823 2243 μήπω
866 2173 1163 2244 γενόμενα,
1214 2175 1274 2228 τδ
1301 2175 1476 2229 ταῦτα
1539 2176 1821 2241 ἰάσασθαι,
1858 2180 1955 2231 καὶ
2009 2180 2137 2250 μηδ’

551 2262 735 2316 ὁτιοῦν
755 2262 978 2335 τραῦμα
1005 2265 1208 2328 κακίας
1249 2266 1641 2322 ὑπολιπέσθαι.
1679 2268 1862 2322 Σῶοόν
1899 2287 1989 2338 με,
2043 2274 2137 2326 ναὶ

551 2351 716 2419 αὖθις
771 2357 985 2424 κράζω,
1047 2358 1239 2412 ἕνεκεν
1290 2362 1385 2413 τοῦ
1441 2363 1626 2425 ἐλέους
1693 2381 1810 2430 σου,
1870 2366 1941 2418 δι’
1980 2365 2041 2420 οῦ
2073 2367 2136 2420 τὸ

555 2451 668 2504 πᾶν
693 2451 1042 2522 παρήγαγες,
1092 2453 1162 2506 δι’
1185 2450 1247 2510 οὗ
1314 2457 1452 2524 πρὸς
1483 2458 1628 2525 ἡμᾶς
1669 2459 1796 2522 τοὺς
1830 2459 1999 2529 μυρία
2053 2462 2138 2514 σοὶ¹

555 2545 896 2609 πταίσαντας
955 2547 1049 2600 καὶ
1087 2548 1538 2618 παροργίσαντας
1569 2550 1981 2620 καταδέσηκας.
2013 2555 2134 2607 Μυ-

557 2639 693 2710 ρίων
727 2638 1008 2691 ταλάντων
1069 2640 1479 2710 χρεωφειλέτης
1530 2643 1668 2711 εἰμὶ,
1727 2643 1864 2712 ἄφες
1922 2661 2014 2714 μοι
2071 2644 2133 2697 τὸ

559 2731 777 2797 πλεῖον,
835 2730 924 2783 ἴνα
963 2731 1148 2784 πλεῖον
1190 2733 1282 2785 καὶ
1332 2733 1628 2804 ἀγαπήσω.
1689 2735 2039 2806 Ἦμάρτηκα,
2089 2730 2135 2791 ῶ

554 2823 710 2888 Θεὸς,
741 2823 1046 2894 ἡμάρτηκα
1081 2841 1186 2890 σοι,
1223 2824 1494 2894 ὁμολογῶ,
1540 2826 1677 2882 ἀλλά
1713 2828 1788 2900 μὴ
1832 2831 2132 2885 καταδικά-

557 2932 656 2987 σῃς
691 2934 761 2984 με
789 2918 929 2987 πρὸς
963 2917 1063 2980 τὰς
1088 2918 1322 2988 ἀνομίας
1361 2937 1488 2990 μου,
1525 2921 1661 2992 μηδὲ
1693 2923 2041 2994 ἀποστρέψῃς
2073 2922 2135 2977 τὸ

553 2996 847 3080 πρόσωπόν
881 3027 975 3064 σου
1005 3012 1100 3065 ἀπ’
1129 3011 1289 3080 ἐμοῦ,
1320 3013 1439 3066 ἀλλ’
1470 3015 1739 3069 ἁκουστόν
1773 3034 1866 3086 μοι
1889 3016 2134 3084 γενέσθω

551 3101 616 3155 τὸ
649 3101 802 3166 έλεός
844 3119 962 3167 σου,
1009 3102 1216 3172 μᾶλλον
1249 3103 1308 3157 δὲ
1355 3103 1686 3169 ἐξάκουστον
1739 3107 1836 3161 καὶ
1879 3108 2130 3179 διάδηλον

554 3295 643 3352 fac
699 3297 934 3352 salvum.
969 3296 1251 3368 Lacrymae
1317 3314 1451 3352 more
1503 3299 1802 3363 continuae,
1854 3298 2131 3354 confessio

554 3401 676 3440 mea
699 3401 861 3441 verax
895 3386 969 3440 nil
1003 3397 1234 3456 possunt
1291 3390 1356 3442 ad
1387 3400 1438 3444 te
1474 3389 1756 3459 piandum,
1792 3390 1856 3443 ad
1892 3389 2130 3444 favorem

397 3475 400 3482 λ
459 3525 463 3530 .
555 3487 710 3531 ιιιιιιη
739 3478 1227 3535 reconciliandum.
1271 3480 1345 3535 I‘u
1404 3493 1583 3536 autem
1635 3482 1706 3535 nil
1736 3483 1931 3536 mirum
1971 3483 2131 3547 facis,

555 3570 602 3623 si
616 3570 824 3638 justqu
853 3571 1055 3638 salvas,
1081 3573 1126 3628 si
1148 3574 1380 3644 prohutn
1415 3573 1664 3642 respicis.
1697 3572 1753 3628 In
1791 3591 1896 3637 me,
1922 3589 2128 3643 quaeso,

555 3662 648 3729 qui
693 3662 989 3732 plurimum
1054 3666 1298 3735 peccavi,
1331 3666 1729 3722 misericordiae
1784 3678 1888 3722 tuae
1926 3667 2128 3723 fontem

555 3750 795 3816 effunde,
855 3754 1177 3823 quinaturze
1235 3755 1492 3811 humanae
1525 3755 1874 3827 fragilitatem
1927 3759 2134 3829 optime

554 3845 832 3912 cognitam
900 3845 1087 3901 habes.

627 3935 704 3992 Ne
729 3939 1001 3993 scelerum
1034 3956 1282 3996 meorum
1323 3943 1620 3998 multitudo
1677 3945 1944 4022 infinitam
1979 3959 2130 4003 tuam

552 4031 991 4087 misericordiam
1031 4043 1252 4102 superet
1282 4034 1296 4089 ι
1352 4035 1580 4105 ignosce
1607 4039 1744 4093 meis
1768 4042 2029 4108 peccatis,
2053 4050 2128 4106 et,

553 4126 698 4179 sicut
725 4125 886 4179 ιιιριΙίι
905 4141 994 4189 us,
1026 4127 1254 4181 vulnera
1281 4127 1481 4181 animm
1509 4145 1642 4183 mete
1671 4131 1941 4200 profunda
1974 4149 2130 4187 sana.

553 4216 750 4288 Plagas
780 4216 834 4270 in
870 4232 957 4273 me
980 4218 1152 4283 vides,
1182 4228 1276 4273 aut
1303 4220 1484 4288 potius
1519 4236 1722 4290 corpus
1743 4239 1906 4277 unam
1935 4225 1988 4278 in
2021 4226 2136 4289 pla.

553 4324 676 4376 gum
702 4311 897 4366 misere
930 4311 1386 4381 dccompositum,
1416 4312 1502 4366 cui
1532 4314 1606 4367 nil
1638 4315 1858 4382 prodest
1888 4333 2134 4386 unguen-

551 4408 669 4454 tum
726 4402 1060 4470 impositum,
1125 4403 1304 4458 oleum
1357 4404 1790 4472 superinfusum.
1822 4405 1902 4461 Tu
1957 4409 2132 4470 solus,

556 4492 631 4546 mi
685 4491 848 4561 Deus,
880 4494 1215 4550 architectus
1268 4509 1350 4560 es,
1403 4496 1492 4549 cui
1536 4496 1722 4550 omnia
1776 4497 1954 4553 facilia
1999 4509 2132 4553 sunt

555 4582 832 4649 factu,vel
863 4600 927 4639 ea
980 4601 1101 4654 quae
1164 4587 1406 4641 nondum
1467 4587 1838 4656 exstiterunt;
1875 4597 1929 4644 ιιι
1982 4592 2133 4646 solus

553 4675 675 4729 istis
698 4673 854 4729 malis
881 4674 1082 4728 mederi
1114 4684 1285 4743 potes,
1313 4674 1448 4729 adeo
1480 4685 1538 4730 ut
1563 4676 1772 4730 nullum
1799 4680 1974 4734 morbi
2046 4697 2142 4737 ve-

555 4763 777 4831 stigium
804 4762 1168 4832 relinquatur.
1208 4760 1366 4817 Salva
1412 4778 1518 4828 me,
1549 4765 1743 4818 iterum
1770 4765 1998 4836 imploro
2031 4768 2133 4822 mi-

556 4853 912 4908 sericordiam
943 4861 1113 4917 tuam,
1136 4868 1241 4922 qua
1270 4855 1450 4906 omnia
1503 4855 1850 4921 restaurasti,
1886 4872 2006 4926 quas
2059 4858 2126 4914 ad

556 4960 679 5002 nos,
704 4945 797 5013 qui
831 4944 1134 4998 innumeris
1167 4952 1228 4998 te
1264 4945 1503 5019 peccatis
1538 4945 2132 5014 oli'enditnus,tlescen-

557 5036 657 5090 dit.
683 5035 832 5091 Mille
877 5036 1051 5090 debeo
1109 5040 1351 5104 talenta;
1424 5039 1641 5093 remitte
1695 5039 1853 5107 mihi,
1913 5051 1974 5094 ut
2008 5041 2131 5110 plus

556 5130 731 5182 amori
770 5143 890 5184 meo
926 5131 1142 5185 addam.
1183 5131 1427 5198 l‘eccavi,
1485 5134 1646 5195 Deus,
1679 5135 1897 5202 peccavi
1957 5136 2009 5188 in
2060 5145 2131 5201 te,

556 5223 856 5286 confiteor;
919 5223 1012 5274 sed
1061 5240 1125 5277 nc
1184 5241 1268 5277 me
1299 5223 1523 5279 danmcs
1545 5229 1615 5278 ob
1643 5228 1898 5292 crimina,
1935 5243 2033 5281 nec
2059 5227 2134 5281 la-

559 5311 698 5364 Cit‘tlt
747 5321 962 5366 avt-atas
994 5328 1022 5365 a
1051 5329 1156 5376 me,
1218 5315 1310 5368 sed
1345 5319 1609 5370 miserere
1658 5319 1787 5381 mei,
1848 5329 1901 5371 et
1928 5320 2128 5374 exaudi

561 5407 1000 5471 deprecationem
1030 5424 1201 5461 tut-am
1231 5425 1336 5478 pne
1391 5409 1767 5466 immcnsatua
1806 5411 1888 5466 vel
1923 5414 1973 5465 in
2014 5429 2128 5467 ma-

2161 3203 2209 3264 C

2237 615 2469 676 παθείας
2513 632 2630 670 σου.
2678 616 2749 668 Σὺ
2807 615 2914 686 γὰρ
2965 613 3016 668 εἷ
3046 619 3182 680 Θεὸς
3214 615 3326 668 τῶν
3375 613 3782 683 μετανοούντων,

2238 707 2535 777 μακρὺνων
2562 709 2659 771 τὰς
2691 708 2920 779 ἀνομίας
2963 709 3122 780 ἡμῶν
3173 709 3266 777 ἀφ’
3308 707 3482 778 ἡμῶν,
3531 705 3647 759 καθ’
3673 707 3785 757 ὅσον

2233 797 2293 850 αἱ
2328 797 2590 850 ἀνατολαὶ
2620 797 3036 851 ἀποδιίστανται
3064 797 3171 851 τῶν
3193 797 3435 868 δυσμῶν,
3465 796 3559 850 καλ⁵
3582 795 3786 847 λευκαί-

2233 905 2340 942 νων
2371 887 2459 942 διὰ
2490 889 2778 957 μετανοίας
2810 889 2909 952 τὰς
2943 888 3224 958 ἁμαρτίας
3263 887 3418 959 ἡμῶν
3445 887 3518 950 ὡς
3542 886 3689 956 χιόνα
3731 902 3785 937 τε

2234 979 2331 1035 καὶ
2359 981 2435 1045 ὡς
2469 980 2639 1052 ἔριον.
2658 982 2803 1035 Ὅσα
2827 982 3008 1035 τοίνυν
3041 982 3290 1052 ἥμαρτον
3313 982 3376 1034 ὲκ
3406 981 3646 1049 νεότητος
3669 978 3787 1047 ἄχρι

2233 1073 2332 1127 τοῦ
2362 1071 2484 1138 νῦν,
2516 1074 2613 1127 καὶ
2647 1074 2682 1128 ἃ
2715 1072 2896 1144 μέλλω
2921 1074 3131 1143 πρᾶξαι
3151 1074 3256 1136 ἕως
3285 1073 3471 1135 τέλους
3498 1070 3640 1138 ζωῆς
3667 1087 3786 1138 μου,

2235 1162 2602 1232 συγχώρησόν
2656 1180 2768 1229 μοι,
2823 1163 2897 1226 ὡς
2951 1162 3302 1232 ὑπεράγαθος
3356 1161 3450 1214 καὶ
3499 1158 3788 1219 πολυέλεος.

2235 1253 2348 1306 Καὶ
2374 1252 2663 1322 παράσχου
2696 1271 2786 1322 μοι
2846 1252 3135 1324 μετανοίας
3183 1251 3402 1321 καιρόν
3431 1248 3664 1318 δὼρησαί
3707 1263 3792 1315 μοι

2233 1345 2450 1412 δάκρυα
2474 1345 2822 1409 κατανύξεως
2846 1364 2860 1378 ⁸
2889 1345 3184 1415 φαίδρυνον
3225 1345 3326 1412 τὴν
3357 1343 3454 1410 τῆς
3487 1343 3658 1411 ψυχῆς
3681 1355 3791 1404 μου,

2247 1437 2508 1506 λαμπάῖα
2541 1438 3099 1508 δι’ὲξομολογήσεως,
3130 1439 3197 1507 ἣν
3229 1435 3482 1504 ὲζόφωσα
3523 1431 3615 1485 καὶ
3630 1429 3796 1498 {pati-

2242 1547 2394 1602 ρωσα
2427 1533 2550 1594 ταῖς
2581 1530 2690 1583 τῶν
2742 1529 2989 1600 ἀνομιῶν
3022 1528 3343 1583 ὑποθέσεσι.
3382 1527 3492 1580 Καὶ
3519 1524 3578 1577 τὸ
3619 1521 3797 1590 πρότε-

2240 1641 2333 1690 ρον
2361 1623 2570 1695 ἐνδυμα
2611 1623 2673 1676 τδ
2699 1624 2938 1695 καθαρὸν
2966 1624 3062 1676 καὶ
3111 1620 3460 1694 ἀρρὑωτον,
3499 1616 3526 1670 ὃ
3556 1615 3796 1669 ἐνεδυσά-

2241 1729 2352 1782 μην
2381 1711 2489 1764 ἀπὸ
2510 1711 2606 1764 τοῦ
2649 1711 3050 1782 βαπτίσματος,
3079 1711 3242 1763 πάλιν
3291 1705 3566 1777 ἀμφίασόν
3619 1720 3704 1773 με,
3733 1703 3796 1771 τῇ

2240 1803 2530 1872 ἐπισκέψει
2573 1819 2670 1856 σου
2707 1803 3030 1874 παρρησίαν
3063 1803 3155 1856 καὶ
3183 1799 3494 1870 ἀρῤαδῶνά,
3515 1814 3601 1867 μοι
3629 1810 3797 1863 σωτη-

2245 1896 2367 1964 ρίας
2414 1895 2522 1948 ἀπὸ
2546 1895 2657 1948 τῶν
2687 1895 2942 1948 ιντεῦθεν
2989 1892 3379 1964 ὲμόραϐεὑων,
3429 1886 3797 1944 ἀποκαταστά-

2242 2005 2325 2040 σει
2354 1989 2450 2042 καὶ
2481 1989 2739 2060 ἀσπόρως
2784 1988 2880 2042 καὶ
2943 1987 3243 2058 ὑπερφυῶς
3291 1983 3559 2052 τεκούσης
3590 1978 3798 2049 Μητρδς

2237 2081 2330 2134 τὸν
2351 2081 2589 2153 ἄναρκόν
2625 2099 2718 2135 σου
2743 2082 2918 2151 Λόγον
2949 2081 3045 2134 καὶ
3073 2077 3433 2150 πρωιὼνιον,
3459 2075 3799 2146 προστασίλις

2236 2173 2350 2225 τῶν
2376 2172 2559 2225 ἀθλων
2621 2173 2715 2226 καὶ
2773 2173 3088 2242 ἀσωμάτων
3138 2188 3232 2225 σου
3282 2165 3662 2238 λειτουργιῶν,
3713 2161 3795 2215 τοῦ

2235 2267 2337 2333 τῆς
2370 2264 2660 2332 μετανοίας
2689 2266 2930 2333 κήρυκος
2979 2263 3188 2333 τιμίου,
3237 2262 3480 2326 ἐνδόξου,
3513 2257 3795 2327 προφήτου,

2239 2354 2562 2425 ΙΙροδρόμου
2594 2357 2688 2408 καὶ
2736 2355 3036 2425 βαπτιστοῦ
3086 2355 3369 2419 Ἰωάννου,
3399 2354 3510 2408 τῶν
3549 2368 3604 2404 τε
3637 2347 3798 2416 ἁγίων

2240 2455 2335 2505 καὶ
2366 2451 2594 2517 ὑνδόξων
2649 2453 2746 2506 καὶ
2787 2453 3163 2522 πανευφήμων
3195 2450 3536 2514 ἀποστόλων,
3574 2444 3686 2500 εἶτα
3711 2439 3798 2495 τοῦ

2241 2541 2498 2612 δευτέρου
2523 2543 2622 2612 τῆς
2659 2543 2949 2611 μετανοίας
2989 2545 3236 2613 κήρυκος
3279 2541 3534 2597 Ἰωάννου
3553 2539 3642 2593 τοῦ
3675 2552 3798 2589 παν-

2241 2634 2410 2702 σόφου
2443 2634 2538 2688 καὶ
2586 2635 3064 2706 χρυσορῤήμονος,
3130 2635 3226 2686 καὶ
3284 2637 3510 2688 πάντων
3553 2631 3653 2686 τῶν
3704 2626 3796 2681 ἀπ’

2239 2727 2439 2792 αἰῶνός
2467 2744 2548 2780 σοι
2580 2727 3090 2796 εὑαρεστησάντων.
3122 2727 3246 2780 Ὀτι
3283 2726 3579 2796 εὐλογητὸς
3633 2719 3682 2774 εἴ
3709 2720 3797 2773 οὑν

2235 2821 2314 2891 τῷ
2345 2821 2628 2892 μονογενεϊ
2666 2836 2758 2872 σου
2785 2819 2920 2888 Υἱῷ,
2982 2820 3077 2872 καὶ
3113 2818 3190 2887 τῷ
3217 2819 3474 2888 ζωοποιῷ
3521 2817 3610 2872 καὶ
3643 2828 3796 2866 πανα-

2235 2913 2341 2982 γίῳ
2368 2929 2464 2966 σου
2495 2911 2801 2980 Πνεῦματι,
2837 2910 2933 2963 νῦν
2969 2912 3065 2963 καὶ
3104 2911 3192 2964 ἀεὶ
3237 2912 3337 2964 καὶ
3380 2914 3462 2976 εἰς
3519 2912 3638 2972 τοὺς
3684 2907 3798 2960 ἁτε·

2237 3006 2529 3078 λευτήτους
2559 3005 2764 3066 αἰῶνας
2785 3004 2894 3058 τῶν
2926 3004 3164 3060 αἰώνων.
3214 3004 3423 3077 Ἀμήν.

2239 3306 2416 3361 ximos
2469 3311 2787 3373 peccatores
2833 3303 3092 3356 bonitate.
3123 3299 3203 3355 Tn
3276 3301 3430 3356 enim
3459 3300 3595 3354 Deus
3621 3313 3677 3352 es
3701 3307 3800 3365 pm-

2237 3395 2551 3458 ititentinm,
2600 3405 2651 3447 et
2687 3404 2908 3462 peccata
2942 3410 2971 3448 a
3008 3397 3168 3448 nobis
3227 3409 3504 3458 removcs,
3558 3399 3802 3460 qua-unm

2236 3484 2431 3539 Oriens
2476 3485 2544 3537 ab
2601 3481 2896 3540 Occidente
2946 3484 3144 3537 distat:
3187 3493 3240 3535 tu
3295 3492 3518 3552 peccata
3554 3488 3723 3533 nostra
3749 3483 3801 3527 ut

2239 3577 2418 3631 nivem
2448 3594 2510 3631 ac
2538 3577 2716 3630 lunam
2739 3577 2983 3631 dealbas.
3021 3575 3386 3645 Qumcunquc
3421 3577 3582 3646 igitur
3604 3572 3666 3624 ul)
3687 3568 3802 3622 ado-

2241 3669 2500 3724 lescentia
2552 3668 2837 3739 hucusque
2867 3667 3107 3737 peccavi,
3143 3678 3195 3721 et
3227 3683 3357 3735 (pta:
3390 3682 3560 3735 usque
3608 3663 3668 3716 ad
3696 3660 3806 3711 vitae

2240 3759 2530 3814 terminum
2553 3759 2820 3825 peccabo,
2853 3758 2981 3811 mihi
3015 3758 3234 3826 ignosce
3267 3773 3375 3828 pm
3408 3759 3642 3812 lionitale
3663 3763 3711 3806 et
3736 3750 3808 3802 in-

2239 3849 2520 3920 dulgentia
2557 3859 2666 3903 tua.
2709 3848 2946 3918 Tempus
2971 3849 3107 3903 mihi
3141 3849 3282 3903 dona
3300 3851 3375 3903 ad
3407 3845 3802 3920 pten'tentiatn:

2235 3941 2304 3997 da
2373 3942 2506 3996 mihi
2540 3941 2816 4011 lacrymos
2865 3940 3257 3998 contritionis:
3309 3942 3562 3996 exhilara
3623 3935 3804 3990 anima:

2237 4048 2375 4089 mea:
2405 4033 2710 4101 lampadem
2765 4046 2930 4102 quam
2976 4032 3408 4086 ohscuraveratn
3442 4042 3495 4086 et
3529 4047 3599 4084 sct
3621 4025 3809 4080 lerlms

2239 4127 2378 4181 meis
2407 4126 2666 4180 exstinxi.
2709 4123 2929 4179 Vestem
2966 4139 3157 4194 puram
3183 4133 3237 4178 et
3263 4124 3683 4194 ininquinutam.
3712 4128 3808 4184 qua

2237 4233 2334 4289 per
2371 4217 2701 4287 baptismum
2739 4216 2959 4271 indutus
2999 4216 3236 4283 fueram,
3286 4217 3354 4271 de
3393 4232 3535 4272 novo
3568 4211 3689 4268 mihi
3718 4209 3811 4263 cir-

2237 4323 2543 4376 cumpone;
2581 4307 2883 4361 libertatem
2933 4313 2989 4360 et
3041 4309 3236 4363 salutis
3285 4309 3652 4369 arrhabonern
3689 4296 3808 4354 mihi

2238 4399 2485 4468 expende
2511 4400 2683 4466 gratia
2720 4397 2909 4454 Matris
2939 4415 3062 4468 qua:
3087 4403 3208 4454 sine
3232 4401 3446 4454 semine
3481 4394 3728 4462 coitcepit
3757 4396 3807 4443 et

2237 4490 2394 4544 enixa
2419 4498 2501 4545 est
2523 4487 2761 4545 Verbum
2791 4491 3058 4558 principio
3094 4505 3286 4545 carens
3324 4499 3494 4559 atque
3525 4494 3806 4543 :eteruum;

2244 4583 2642 4638 sacrificiorum
2679 4583 3046 4653 spiritualium
3074 4583 3365 4646 beneficio,
3391 4581 3660 4652 praeconis
3705 4584 3808 4642 ρω-

2246 4675 2485 4729 nitcntite
2522 4675 2836 4738 venerandi,
2873 4674 3101 4728 illustris
3133 4675 3434 4743 prophetae,
3471 4659 3809 4742 prmcursoris

2240 4763 2468 4820 Joannis
2496 4764 2770 4834 Baptism.
2805 4773 3124 4819 sanctorum
3166 4773 3220 4816 et
3254 4763 3551 4816 illustrium
3607 4761 3810 4824 aposto-

2243 4860 2423 4914 lorum
2454 4869 2508 4914 et
2537 4858 2764 4914 secundi
2793 4856 3130 4928 ptenitentiaz
3158 4856 3450 4924 praeconis,
3515 4839 3803 4906 doctissimi

2237 4951 2466 5008 Joannis
2492 4951 2867 5021 Chrysostomi
2900 4960 2956 5003 et
2985 4933 3226 5002 omnium
3264 4947 3356 5016 qui
3389 4945 3515 4999 inde
3550 4958 3579 4996 a
3604 4935 3806 5034 steculis

2243 5041 2337 5098 tibi
2382 5041 2858 5110 complacuerunt,
2885 5039 3126 5094 nomine.
3155 5038 3484 5090 Benedictus
3524 5042 3700 5086 autem
3735 5037 3804 5078 sts

2244 5151 2368 5190 cum
2415 5132 2692 5203 unigenito
2728 5143 2821 5186 ttto
2859 5130 2998 5186 Filio
3057 5139 3223 5200 atque
3268 5129 3484 5182 vivitico
3527 5135 3582 5180 ct
3635 5123 3810 5176 sancto

2244 5227 2453 5297 Spiritu
2503 5241 2652 5281 nunc
2717 5235 2772 5280 ct
2834 5239 3088 5293 semper,
3119 5235 3170 5279 et
3210 5239 3303 5294 per
3347 5219 3561 5276 inliuita
3623 5205 3809 5270 seculi

2190 5355 2202 5363 -
2244 5321 2597 5377 saeculorum.
2629 5317 2819 5372 Amen.
