4076 6438
581 365 689 430 612
1656 405 1663 413 -
1815 371 2191 434 NIC‘EPLIOF

1656 405 1663 413 -
1815 371 2238 434 ΝΙιΪΕΡιῙΟΠί
2276 371 2623 431 CALHSTI

591 479 653 532 Ὀ
696 479 752 532 δὲ
784 495 1012 546 στρατει
1097 495 1124 542 ς
1157 476 1421 548 πυρπολεῖ
1446 481 1539 532 καὶ
1567 480 1664 550 τὴν
1705 482 1860 534 πόλιν

581 573 692 624 Kal
739 570 986 642 βορϐόρῳ
1019 570 1284 639 χὼννυσιν
1335 571 1628 643 Ἱερεμίαν.

581 663 840 718 Σεδεκίαν
869 662 926 716 δὲ
956 663 1240 716 συλλαϐὼν
1268 663 1451 734 ὅρκων
1483 665 1664 734 κρίνει

591 756 857 828 Ῥήξαντα
878 759 1061 827 τείχος
1090 759 1173 820 εἰς
1199 758 1381 826 φυγὴν
1406 763 1794 830 τετραμμένον

582 850 796 904 Παίδων
827 853 1013 918 στερεῖ
1035 869 1094 904 τε
1123 851 1220 904 καὶ
1251 853 1504 905 σϐέννυσι
1533 853 1632 915 τὰς
1659 853 1849 923 κόρας,

580 945 693 998 Kal
721 944 944 1014 δέσμιον
988 945 1110 1014 ἄγει
1140 944 1196 998 δὲ
1224 947 1289 1016 τῇ
1325 945 1634 1012 Βαϐυλῶνι,

579 1037 760 1090 Κάκεῖ
785 1036 1017 1108 τελευτᾷ
1038 1037 1130 1091 τὸν
1170 1035 1284 1107 βίον
1312 1038 1730 1108 καθειργμένος.

589 1129 650 1181 '0
673 1128 1080 1198 Νανουζαρδιὰς
1105 1129 1197 1182 τὸν
1229 1129 1355 1183 ναὸν
1383 1131 1520 1200 πυρὶ
1543 1129 1734 1196 καίων,

580 1219 820 1286 Πολλοὺς
847 1221 1118 1285 θανατῶν,
1147 1219 1328 1290 φαῦλα
1362 1221 1536 1293 μυρία
1577 1222 1860 1292 πράττων.

580 1310 774 1381 Σαλήμ
810 1314 1120 1382 στρατηγὸς
1150 1314 1379 1384 εὐγενὴς
1410 1313 1682 1381 Γοδολίαςο
1791 1381 1794 1384 ,

579 1404 686 1457 Σὺν
703 1405 748 1457 δ’
775 1405 1098 1474 Ἀμανίταις
1131 1405 1356 1476 Ἰσμαὴλ
1385 1407 1630 1471 Γοδολία,

579 1495 690 1547 Καὶ
717 1495 1007 1560 Χαλδαίοις
1034 1497 1240 1566 ἔπεισι,
1269 1500 1364 1553 καὶ
1389 1499 1592 1553 κτείνει
1620 1498 1786 1570 ξίφει.

578 1589 692 1641 Kal
719 1589 834 1658 δῆτ’
860 1590 1050 1652 Ἰωνᾶς
1077 1592 1175 1645 σὺν
1204 1593 1420 1664 στρατῷ
1457 1593 1683 1658 τούτους
1717 1593 1939 1664 φθάνει,

581 1681 798 1735 κτείνει
850 1700 911 1736 τε
948 1683 1200 1747 πολλοὺς,
1230 1686 1324 1741 καὶ
1348 1687 1612 1759 στραφεὶς
1645 1687 1743 1742 σὺν
1769 1687 1848 1759 τῷ
1881 1687 2061 1758 στίφει

577 1771 702 1827 Τῶν
741 1773 1013 1847 Ἐϐραίων
1040 1775 1245 1830 ἅπαντι
1275 1780 1444 1848 χωρεῖ
1470 1778 1740 1843 συντόνως

580 1867 722 1937 Πρὸς
743 1867 838 1920 τὸν
869 1867 1176 1938 κρατοῦντα
1207 1870 1302 1923 καὶ
1325 1870 1606 1939 Αἰγύπτου
1634 1870 1696 1924 τδ
1715 1869 1940 1942 κράτος.

577 1961 786 2015 Είδωλα
823 1961 1013 2016 λοιπὸν
1040 1962 1441 2034 προσκυνοῦσιν
1468 1963 1678 2020 ἐνθάδε.

579 2051 710 2109 Ιὶἷτα
734 2053 1107 2127 διεφθάρησαν
1139 2056 1198 2123 ἐξ
1225 2056 1536 2128 ’Δσσυρίων

574 2148 824 2219 Σχόντων
855 2150 1038 2204 πᾶσαν
1068 2149 1344 2217 Αἴγυπτον
1369 2149 1584 2221 ὑστέρῳ
1606 2149 1805 2224 χρόνῳ.

573 2239 1048 2311 Ναϐουχοδονόσορ
1075 2240 1132 2294 δέ
1166 2239 1344 2294 λιπὼν
1373 2241 1466 2295 τὸν
1491 2243 1630 2312 βίον,

575 2333 734 2386 υῦτω
773 2333 1052 2403 Μαρωδὰχ
1083 2327 1183 2402 τὴν
1214 2331 1490 2402 βασιλείαν
1513 2333 1694 2405 νέμει.

580 2429 678 2490 Ὃς
717 2424 976 2495 Ἰωακεὶμ
1015 2425 1110 2478 καὶ
1141 2425 1333 2495 Σαλὴμ
1360 2424 1590 2496 βασιλέα

574 2517 840 2572 Σύσσιτον
864 2517 1017 2589 αὑτῷ
1044 2519 1140 2570 καὶ
1178 2516 1433 2588 σύνεδρον
1450 2517 1693 2573 κτιννύει

574 2608 991 2680 Καθειργμένον
1025 2608 1262 2679 μένοντα
1293 2607 1516 2673 πολλοῖς
1549 2611 1608 2665 ἐν
1641 2608 1881 2680 χρόνοις.

984 2722 1635 2779 ΠΑΡΑΛΕΙΠΟΜΕΝΩΝ
1666 2721 1743 2780 A'.

570 2837 762 2892 Θανὼν
791 2836 1073 2907 Μαρωδὰχ
1122 2837 1422 2907 Βαλτάσαρ
1453 2835 1632 2892 λείπει
1663 2835 1885 2907 κράτος,

569 2933 803 2986 Δεῖπνον
841 2929 1154 3001 Βαλτάσαρ,
1184 2928 1281 2982 καὶ
1302 2926 1440 2982 Θεοῦ
1466 2927 1639 3000 σκεύη
1677 2927 1849 2997 πότῳ,

460 3036 482 3092 ³,
568 3024 681 3077 Kal
703 3026 875 3092 τοῖχος
908 3021 1251 3091 ἀστράγαλος
1277 3017 1568 3090 ἀνθρώπου
1593 3020 1849 3092 γράφων,

458 3137 475 3175 ,’
569 3114 729 3171 Λύων
749 3113 950 3186 Δανιὴλ
989 3113 1088 3184 τὴν
1117 3112 1338 3183 γραφὴν
1367 3112 1476 3166 τῶν
1493 3110 1799 3177 δακτύλων,

571 3209 681 3263 Kal
721 3209 991 3263 κτείνεται
1021 3209 1120 3278 μὲν
1137 3207 1428 3280 Βαλτάσαρ
1455 3209 1593 3279 πρὸς
1614 3207 1859 3278 Δαρείου.

569 3298 938 3366 Φθονούμενός
967 3315 1024 3351 τε
1053 3297 1252 3371 Δανιὴλ
1275 3301 1391 3363 τοῖς
1428 3299 1757 3369 σατράπαις,

515 3453 520 3458 ν
570 3396 804 3446 Λέουσιν
832 3390 1257 3460 άπρόσζιαυστος
1282 3391 1492 3464 ἀρθεὶς,
1522 3391 1584 3447 τὸ
1608 3391 1780 3459 ξένον,

572 3483 736 3536 Ἥκει
764 3482 807 3535 δ’
836 3481 1156 3552 Ἀϐϐακοὺμ
1181 3483 1379 3552 ὑψόθεν
1414 3486 1780 3556 μετηρμένος,

569 3575 741 3646 Ἀρχὴ
764 3576 822 3628 τὸ
851 3574 1062 3642 λοιπὸν,
1085 3573 1314 3644 ἅγγελος
1329 3574 1671 3646 ἑϐδομάδιοῖν

569 3669 840 3740 Στρεπτδς
869 3668 1088 3740 Δανιὴλ,
1119 3669 1214 3722 καὶ
1237 3668 1372 3741 τιμὴ
1397 3669 1678 3740 Μανιάκης
1702 3687 1716 3702 ⁸

569 3761 795 3831 Ὅραμα
816 3761 979 3816 πάλιν
1005 3759 1232 3831 Δανιὴλ,
1268 3761 1336 3816 τά
1355 3763 1544 3832 θηρία,

567 3857 764 3926 Κρίσις
797 3857 1086 3928 Σωσάννης
1112 3857 1177 3910 ἐκ
1203 3858 1390 3929 χειρὸς
1413 3858 1829 3934 πρεσϐυτέρων.

981 3973 1621 4030 ΙῙΔΡΛΛΕΙΠΟΜΕΝΩΝ
1656 3975 1720 4033 B'.

565 4089 748 4158 Μόρος
772 4088 1021 4153 Δαρείου,
1062 4085 1317 4156 βασιλεὺς
1347 4087 1559 4158 Πέρσης
1584 4088 1789 4162 Κῦρος,

561 4182 731 4244 Λύσις
785 4179 1052 4250 Ἐϐραίων
1074 4179 1228 4232 ἔνθεν
1251 4180 1657 4250 αἰχμαλωσίας,

562 4275 674 4326 Kal
695 4271 932 4334 κώλυσις
962 4270 1026 4342 δὴ
1057 4271 1167 4324 τῶν
1198 4273 1602 4328 κατοικούντων
1637 4272 1820 4344 πέριξ,

561 4362 728 4416 Πόλιν
754 4363 979 4431 άνιστᾷν
1009 4362 1081 4424 ὡς
1101 4361 1280 4432 χρεὼν
1302 4365 1399 4417 καὶ
1427 4365 1520 4418 τὸν
1549 4365 1744 4435 δῆμον.

562 4453 945 4521 Μασσαγετῶν
985 4453 1233 4524 Τόμυρις
1273 4455 1487 4527 φθείρει
1528 4456 1621 4511 τὸν
1652 4455 1857 4526 Κῦρον,

562 4546 699 4602 Μεθ’
727 4544 784 4598 δν
815 4544 1123 4616 Καμϐύσης
1166 4549 1194 4599 ό
1228 4546 1724 4620 Ναϐουχοδονόσορ,

567 4638 664 4699 ’ος
693 4635 936 4690 καθελὼν
961 4636 1162 4706 ἄριστα
1193 4639 1320 4701 τοὺς
1345 4639 1682 4706 Αίγυπτίους

564 4729 708 4798 "pb;
744 4727 978 4782 Αίθίοπα
1012 4728 1270 4798 δυστυχεῖ
1294 4731 1359 4783 τὰ
1380 4731 1515 4802 πρὸς
1551 4732 1755 4805 μάχην.

563 4819 1057 4875 Ἀποστατοῦσιθτδ
1079 4822 1264 4875 λοιπὸν
1299 4823 1545 4878 Ἰουδαῖοι
1581 4841 1595 4856 ·

561 4913 666 4966 Τὸν
703 4912 1034 4984 Ὀλὸφέρνην
1063 4916 1351 4986 τοιγαροῦν
1373 4917 1514 4986 μετὰ
1536 4918 1791 4990 κράτους,

565 5004 740 5069 ’Δναξ
775 5006 1081 5077 Καμϐύσης
1113 5009 1304 5077 ἐξάγει
1339 5009 1574 5080 θράσους
1620 5012 1803 5067 πλέων

561 5099 720 5152 Κινεῖ
745 5099 867 5152 κατ’
895 5101 1075 5154 αὑτῶ)
1102 5105 1180 5166 είς
1215 5104 1454 5158 Γετουλᾶ
1477 5106 1576 5174 τὴν
1607 5105 1786 5173 πόλιν,

560 5192 626 5245 Οί
649 5191 694 5245 δ’
724 5191 871 5246 ἔνδον
900 5195 1241 5250 ἐκλείπουσιν
1276 5197 1447 5269 ὑγροῦ
1475 5201 1539 5270 τῇ
1567 5200 1783 5265 σπάνει,

559 5285 730 5338 Σπάν’
763 5281 884 5340 αὖθ’
913 5286 1113 5358 Ίουδὴθ
1145 5291 1408 5358 τεχνικῶς
1438 5293 1806 5363 καταστρέφει

561 5374 666 5430 Τὸν
706 5377 1040 5450 Ὀλοφέρνην
1068 5381 1288 5446 ἐξιοῦσα
1317 5381 1585 5451 κοσμίως.

560 5465 772 5537 Σκηνῆς
807 5469 915 5538 γὰρ
941 5469 1086 5522 ἔνδον
1115 5472 1561 5539 συγκαθεύδουσα
1591 5476 1730 5546 μόνη

561 5556 633 5608 Τὸ
665 5558 818 5627 ξίφος
850 5559 1094 5632 ἐξάρασα
1119 5563 1309 5617 τοῦτον
1335 5565 1596 5620 κτεννύει.

559 5648 731 5718 Τιμαὶ
751 5652 812 5703 τὸ
838 5650 1024 5707 λοιπὸν
1055 5653 1383 5724 ἀναθήματα
1417 5657 1588 5726 δόμῳ,

560 5738 642 5792 Τὰ
662 5740 709 5792 δ’
751 5741 1014 5813 Ἐϐραῖκὰ
1047 5748 1368 5814 προσκυνῶν
1398 5749 1691 5820 Ἀχεὼρας.

570 5829 631 5887 ’0
662 5830 708 5888 δ’
734 5832 800 5893 αὖ
837 5839 1139 5910 Καμϐύσης
1171 5843 1195 5893 ό
1246 5839 1393 5894 Ναέο
1416 5843 1711 5912 ιχοδονίσορ

2175 3202 2224 3266 C

2199 491 2241 542 Α
2275 479 2770 549 Ἐπεκστρατεύων
2801 483 2942 536 κατὰ
2969 484 3177 551 Μάγων
3206 483 3315 536 τῶν
3341 485 3454 548 δύο,

2263 568 2528 632 Θλασθεὶς
2555 570 2694 624 πόδα
2725 571 2990 641 τέθνηκεν
3020 573 3204 629 ἄθλιον
3238 577 3426 644 μόρον.

2265 659 2400 714 Μεθ’
2429 660 2486 715 ὃν
2507 663 2732 732 Δαρεῖος
2769 664 3080 720 Ὑστάσπου
3112 668 3448 738 κεκλημένος

2271 753 2367 805 Ἐκ
2403 755 2658 824 μηχανῆς
2689 755 2862 826 ἤρατο
2895 757 3121 827 Περσῶν
3148 759 3208 812 τὸ
3242 759 3404 824 κλέος

2266 844 2581 915 Εὑξάμενος
2617 848 2680 917 δὴ
2712 848 2790 918 τῷ
2811 847 2954 919 Θεῷ,
2979 838 3370 922 δοῦναιγέρας

2274 933 2632 1011 Ἰερουσαλὴμ
2656 941 2756 1012 τὴν
2789 942 2981 998 στάσιν
3013 945 3104 999 καὶ
3133 944 3374 1015 χρυσίον.

2274 1027 2336 1081 '0
2365 1025 2672 1100 Ζοροϐάϐελ
2709 1034 2812 1105 τὴν
2837 1035 3137 1104 ὑπόσχεσιν
3162 1036 3302 1091 λύει.

2264 1117 2531 1190 Τράπεζα
2553 1123 2744 1181 λοιπὸν
2773 1128 3074 1196 σατραπῶν
3111 1129 3337 1199 εὐωχία.

2263 1212 2361 1271 Ἐκ
2387 1214 2482 1268 τοῦ
2519 1217 2688 1271 πότου
2717 1217 2869 1287 λέγει
2901 1219 2958 1273 δὲ
2987 1223 3210 1290 Δαρεῖος
3239 1222 3434 1290 λόγους

2266 1303 2409 1373 Πρὸς
2443 1305 2642 1369 παῖδας
2665 1307 2832 1380 αὑτοῦ
2867 1309 2993 1373 τοὺς
3023 1309 3184 1380 πέριξ
3209 1312 3611 1381 κοιμωμένους.

2275 1395 2362 1461 Ὠς
2381 1398 2428 1450 δ’
2456 1393 2615 1470 εὗρεν
2644 1393 2802 1464 οὗτος
2846 1403 2874 1455 ό
2909 1401 3060 1467 ξένος
3093 1403 3404 1473 Ζοροϐάϐελ

2263 1492 2503 1562 Κρατείν
2529 1492 2788 1548 ἁπάντων
2814 1494 2913 1566 τὴν
2937 1496 3196 1562 ἀλήθειαν
3222 1497 3416 1569 μόνην,

2264 1585 2449 1640 Πείθει
2481 1587 2707 1658 Δαρεῖον
2739 1589 2995 1644 ὲντελεῖσ’
3026 1591 3188 1662 ὅρκον
3237 1593 3446 1663 νέμειν,

2263 1677 2370 1730 Σὺν
2403 1679 2658 1733 Ἰωσεδὲκ
2686 1678 2733 1733 δ’
2761 1681 2939 1740 Ἰησοῦ
2962 1682 3320 1754 πρεσϐυτέρῳ

2261 1768 2480 1823 Σκευῶν
2500 1787 2620 1825 τινα
2649 1771 2910 1827 κάλλιστα
2944 1773 3124 1828 λαϐὼν
3161 1776 3256 1829 τοῦ
3297 1776 3491 1848 δόμου,

2191 1854 2232 1908 Β
2266 1861 2488 1930 Γραφάς
2519 1879 2577 1916 τε
2601 1872 2695 1918 καὶ
2713 1848 2946 1936 ’δύναμιν
2967 1868 3386 1937 ἀκριϐέστατον,

2263 1950 2433 2005 Πέντε
2471 1953 2688 2023 σύναμα
2717 1956 2811 2009 τοῦ
2858 1957 2987 2011 λαοῦ
3022 1961 3283 2030 μυριάσιν

2263 2041 2355 2106 Εἰς
2403 2045 2762 2117 Ἰεροσόλυμα
2796 2050 3080 2120 συντόμως
3121 2053 3344 2122 φθάνει.

2263 2135 2525 2190 Βαλλουσι
2547 2137 2723 2210 βάθρα
2750 2139 2827 2210 τῷ
2853 2140 2960 2213 νεῲ
2993 2147 3131 2213 μετὰ
3164 2148 3328 2202 πόνου
3354 2166 3368 2180 ο

2265 2225 2432 2298 Ἀλλη
2463 2229 2628 2284 πάλιν
2659 2231 2900 2298 κώλυσις
2921 2236 2984 2288 ἐκ
3014 2236 3332 2310 Σαμαρείας

2260 2321 2638 2376 Διαϐαλόντων
2670 2325 2747 2384 είς
2771 2327 3078 2383 ἀπόστασιν
3101 2334 3266 2402 τάχα,

2259 2412 2486 2484 Τείχους
2519 2415 2846 2487 ὀχυρότητα,
2877 2419 2972 2474 καὶ
3005 2421 3196 2477 στάσιν
3222 2423 3412 2493 δόμου.

2260 2505 2468 2577 Γράφει
2495 2509 2721 2579 Δαρεῖος
2743 2512 2856 2574 τοῖς
2890 2516 3218 2585 στρατηγοῖς
3252 2517 3456 2588 Συρίας

2261 2597 2454 2652 Δοῦναι
2484 2601 2730 2670 χρυσίον,
2755 2605 2847 2656 καὶ
2869 2603 3126 2676 βοήθειαν
3153 2611 3364 2679 νέμειν.

2263 2692 2574 2762 Ἐγείρεται
2603 2695 2650 2748 δ’
2672 2691 2768 2750 οὑν
2810 2699 2906 2752 καὶ
2931 2699 3060 2764 ναός
3085 2719 3144 2755 τε
3176 2705 3274 2757 καὶ
3306 2704 3502 2772 mn“!

2259 2778 2456 2849 Θυσῖα,
2485 2787 2632 2851 ναὸς,
2648 2787 2874 2860 ἀζύμων
2915 2796 3171 2863 χορηγία.

2259 2877 2350 2931 Ἐν
2383 2879 2590 2948 ίερεῦσι
2616 2881 2662 2935 δ’
2693 2879 2832 2954 ἦσαν
2865 2889 3096 2958 ἠγμένοι
3135 2893 3321 2958 μόνοις

2261 2971 2458 3035 Καλῶς
2485 2973 2779 3040 ποθοῦντες
2828 2978 2929 3048 τὴν
2959 2981 3412 3054 ἀριστοκρατίαν,

2261 3059 2681 3136 ’Δσσαμοναίων
2708 3069 2837 3141 ἄχρι
2867 3074 2962 3125 καὶ
2983 3075 3387 3134 Μακκαϐαίων.

2919 3189 3164 3248 ΕΣΘΠΡ.

2257 3293 2598 3365 Μεγιστᾶνες
2625 3298 2689 3372 δὴ
2716 3302 2964 3374 Δαρείου.
2997 3309 3312 3376 πανδαισία,

2256 3386 2433 3455 Δεῐξις
2456 3392 2736 3460 γυναικὸς,
2767 3396 3008 3470 ἐντροπὴ
3043 3398 3338 3472 βασιλίδος,

2257 3479 2430 3553 Ὀργὴ
2473 3484 2727 3555 Δαρείου,
2765 3487 2936 3554 λύσις,
2971 3491 3173 3564 Ἐσθὴρ
3199 3497 3280 3560 είς
3312 3497 3481 3568 μέσον

2263 3571 2426 3642 Ὄφιν
2473 3575 2674 3645 ἀγαθὴ,
2714 3580 2984 3652 συγγενὴς
3009 3585 3382 3657 Μαρδοχαίου,

2258 3663 2350 3725 Ἐξ
2381 3666 2743 3738 αίχμαλώτων
2765 3674 3015 3744 Δαρείου,
3051 3679 3376 3755 δορυφόρου,

2257 3759 2446 3823 Ὅστις
2481 3761 2697 3829 βασιλεῖ
2713 3765 2900 3832 δόλους
2935 3771 3145 3841 ἀνδρῶν
3187 3777 3406 3848 μηνύει,

2255 3853 2566 3908 Κάντεῦθεν
2597 3855 2730 3927 ῦψος
2767 3859 2974 3926 ἀναϐὰς
3007 3867 3173 3936 τιμῆς
3205 3871 3372 3939 μέγα.

2254 3943 2433 4016 Ἀμὰν
2464 3950 2723 4020 προάγων
2769 3952 3070 4026 Ἐϐραίων
3099 3952 3254 4026 οὗτος
3289 3964 3489 4037 φθόνῳ,

2254 4038 2496 4110 Σταυρδν
2527 4043 2725 4116 άνιστᾷ
2755 4047 2897 4101 κατὰ
2926 4050 3019 4102 τοῦ
3051 4053 3423 4126 Μαρδοχαίου,

2255 4132 2496 4187 Ἥκιστα
2529 4136 2698 4206 τιμὴν
2729 4139 3018 4208 ἀποδόντος
3048 4145 3226 4211 ἀξίαν.

2149 4219 2162 4233 ⁸
2229 4224 2484 4294 ,Κίνησις
2513 4227 2714 4300 Ἐσθὴρ
2747 4232 2888 4306 ὑπὲρ
2914 4237 3154 4304 ἅπαντος
3187 4243 3398 4312 γένους,

2252 4319 2394 4388 Πρὸς
2411 4320 2504 4374 τὸν
2533 4324 2840 4406 κρατοῦντα
2877 4332 2970 4383 καὶ
2998 4329 3296 4404 ξιφηφόρον
3326 4337 3482 4407 λόγος

2249 4412 2452 4483 Δέησις
2479 4418 2696 4487 οἰκτρὰ,
2723 4422 2816 4474 καὶ
2849 4429 3179 4496 φονουργίας
3205 4431 3375 4496 λύσις.

2175 4559 2220 4615 D
2247 4505 2444 4575 Ἀμάν,
2472 4509 2694 4579 Δαρεῖος
2727 4513 2809 4576 είς
2832 4513 3034 4588 Ἐσθὴρ
3060 4522 3404 4593 πανδαισίαν,

2247 4597 2462 4663 Νυκτός
2490 4619 2548 4656 τε
2570 4604 2799 4674 χάρτης,
2823 4609 2917 4662 καὶ
2948 4611 3111 4674 καλὸς
3145 4615 3508 4690 Μαρδοχαῖος,

2247 4689 2565 4761 Σύμϐουλος
2593 4694 2769 4767 Ἀμὰν
2799 4701 2896 4754 καὶ
2919 4704 3087 4772 τιμῆς
3116 4689 3492 4780 Μαρδοχαίου,

2245 4784 2583 4856 Μαρδοχαῖος
2601 4790 2835 4857 ἔφιππος
2860 4795 2918 4846 ἐν
2947 4794 3268 4868 πορφυρίδι,

2250 4879 2429 4950 Ἀμὰν
2455 4885 2715 4953 προάγων
2742 4888 2840 4940 καὶ
2872 4890 3062 4958 σύρων.
3087 4893 3257 4948 ἵππον
3277 4895 3466 4966 βάδην,
3563 4897 3572 4905 “

2246 4969 2422 5038 Ἀμὰν
2454 4974 2592 5042 πρὸς
2621 4977 2827 5049 Ἑσθὴρ
2855 4980 2964 5036 τῶν
2992 4981 3238 5051 γονάτων
3267 4989 3540 5060 ἡμμένος,

2246 5063 2444 5118 Βλέπει
2475 5069 2718 5137 Δαρεῖος,
2756 5073 2930 5126 ἐννοεί
2958 5083 3334 5152 κακεργάτην,

2246 5154 2531 5212 Ἐντεῦθεν
2561 5159 2735 5231 ’Λμὰν
2765 5163 2821 5215 ἐν
2851 5167 3148 5238 καταδίκης
3188 5170 3353 5241 ξύλῳ,

2245 5249 2440 5313 Πιστὸς
2477 5257 2661 5322 πατήρ
2693 5271 2750 5306 τε
2783 5258 3011 5328 Δαρείου
3049 5263 3411 5334 Μαρδοχαῖος,

2243 5341 2402 5404 Φόνος
2432 5359 2491 5395 τε
2521 5345 2687 5408 πολὺς
2711 5349 2820 5401 τῶν
2863 5359 3007 5405 κατα
3032 5355 3138 5407 τῶν
3178 5357 3470 5430 Ἐϐραίων,

2242 5430 2355 5484 Kal
2384 5431 2494 5488 τῶν
2532 5433 2662 5490 δέκα
2694 5439 3006 5510 σταύρωσις
3037 5443 3281 5516 ’Δμάνου
3316 5451 3516 5518 γόνων.

2668 5554 2926 5609 ΕΣΔΡΑΣ
2974 5560 3062 5612 ΤΟ
3117 5561 3413 5618 ΠΡΩΤΟΝ.

2253 5662 2311 5715 ὐ
2336 5665 2564 5733 Δαρείου
2589 5670 2715 5731 παῖς
2741 5671 3016 5742 ἐγκρατὴς
3047 5675 3274 5744 Περσῶν
3301 5677 3513 5748 Ξέρξης

2241 5757 2430 5826 Τιμῶν
2464 5759 2560 5828 μὲν
2590 5759 2756 5829 φῦλον
2806 5763 3074 5834 Ἐϐραίων
3105 5770 3246 5820 κατὰ
3272 5772 3495 5840 κράτος,

2248 5849 2478 5920 Ἕσδρτνς
2511 5852 2661 5919 φίλος
2699 5855 2933 5925 μάλιστα
2976 5857 3083 5910 τῶν
3117 5857 3293 5915 ἄλλων
3333 5860 3511 5930 πλέον,

3749 377 3851 440 (3‘20
