4076 6450
213 382 311 444 021
1359 378 1733 439 .SYNOPSIS
1751 377 1800 434 S

1359 380 1653 439 .SYNOPS
1667 378 1733 436 13
1751 377 1800 434 S
1843 376 1976 433 SC“
1992 376 2006 432 ι
2021 375 2315 434 ΡΊὋΠᾹΞ.

213 502 447 570 Γράμμα
476 494 807 567 κρατοῦντος
839 495 920 556 εἱς
947 493 1076 564 ὅλην
1105 492 1398 564 ἐπαρχίαν.

217 595 472 661 Ἕντιμος
501 589 736 659 Ἔσδρας
766 588 863 639 σὺν
884 585 998 656 λαῷ
1017 585 1174 656 βαρεῖ
1196 586 1406 656 τρέχων

216 689 303 750 El;
340 683 691 754 Ἰεροσόλυμα
715 681 842 744 τοὺς
867 679 1064 748 νόμους
1093 662 1294 748 νέμει,

215 776 564 846 Θαυμάζεται
592 775 829 844 μάλιστα
863 772 972 825 τῶν
1010 773 1188 841 ἔργων
1209 771 1365 841 χάος,

217 873 322 932 Τὰς
346 866 649 928 ἀλλοεθνεῖς
680 865 866 931 ἐξάγει
896 861 1261 934 πορρωτέρω,

215 960 611 1028 Ἀναγινώσκει
638 959 715 1027 τῷ
739 957 855 1026 λαῴ
880 959 974 1008 καὶ
1000 954 1130 1018 τοὺς
1169 955 1366 1021 νόμους
1397 970 1412 984 ·

219 1056 435 1124 Δάκρυα
465 1051 657 1116 πολλὰ,
694 1049 786 1102 καὶ
809 1049 979 1116 λόγοι,
1017 1045 1335 1110 πανδαισία,

216 1144 582 1214 ῐιαραγγελία,
614 1143 707 1194 καὶ
739 1139 916 1194 θανὼν
955 1139 1191 1208 Ἔσδρας
1218 1136 1418 1206 γέρων.

591 1257 851 1312 ΕΣΔΡΑΣ
897 1255 986 1308 ΤΟ
1015 1249 1399 1306 ΔΕΥΤΕΡΟΝ.

218 1373 545 1429 Πυνθάνεται
586 1370 642 1424 δὲ
671 1369 766 1422 καὶ
791 1367 1032 1438 Νεεμίας
1061 1365 1228 1419 πάλιν

216 1471 290 1522 Τὰ
322 1467 462 1520 κατὰ
492 1465 682 1533 Σαλὴμ
709 1459 1056 1532 ἀρχοινοχόος
1077 1456 1304 1528 Ξέρξου,

139 1562 145 1567 ’
216 1563 488 1618 Μανθάνει
520 1557 704 1619 κακῶς
735 1557 844 1610 άπδ
871 1554 984 1608 τῶν
1017 1553 1177 1626 πέριξ
1204 1554 1372 1622 ἔχειν,

215 1657 375 1722 Ζητεῖ
401 1654 490 1704 τὸν
525 1651 862 1710 αύτάνακτα,
891 1648 1112 1720 γραφὰς
1142 1646 1437 1716 λαμϐάνει,

215 1750 377 1801 Ἤκει
398 1747 458 1799 τὸ
484 1748 663 1815 τοῖχος
699 1746 792 1796 καὶ
822 1741 958 1797 νεὼν
991 1741 1191 1811 πληροῖ
1213 1739 1404 1810 τάχος,

215 1840 404 1902 Καλῶς
435 1839 666 1908 καθιστᾷ
703 1837 845 1890 κατὰ
876 1834 968 1888 τὸν
993 1833 1157 1904 νόμον
1189 1832 1370 1886 σέϐειν

215 1932 320 1992 Τὰς
345 1928 785 1996 συναγωγὰςοκαὶ
805 1926 874 1977 τὰ
889 1923 1144 1978 Σάϐϐατα
1173 1921 1381 1976 πάλιν.’

216 2023 356 2094 Πρὸς
387 2021 478 2074 τὸν
501 2019 707 2090 Ξέρξην
740 2017 969 2080 ἄνεισιν,
999 2011 1122 2070 εἶτα
1155 2002 1293 2086 πρὸς
1330 2014 1509 2080 πόλιν,

220 2118 454 2186 Ἀριστα
483 2113 670 2179 ποιῶν,
699 2112 791 2166 καὶ
819 2110 1046 2182 τελευτᾷ
1065 2109 1157 2164 τὸν
1190 2110 1330 2180 βίον.

219 2207 474 2261 Βασιλεία
501 2205 730 2273 Περσῶν
760 2205 923 2275 μέχρι
950 2201 1346 2272 Ἀλεξάνδρου.

209 2300 552 2371 ’Δρταϐάνης
574 2299 630 2353 δὲ
654 2298 857 2370 Ξέρξου
882 2297 942 2351 τδ
971 2296 1174 2366 κράτος
1200 2294 1338 2357 λύει,

221 2392 330 2447 Εἶτ’
351 2391 718 2465 Ἀρταξέρξης
739 2390 837 2462 τὴν
855 2389 1004 2443 θέσιν
1033 2388 1060 2440 6
1079 2387 1422 2456 Μακρόχειρ,

223 2488 328 2539 Καὶ
349 2484 598 2552 δεύτερος
638 2481 844 2550 Ξέρξης
874 2481 930 2533 δὲ
957 2481 1051 2533 καὶ
1084 2478 1411 2550 Σογδοάνης,

220 2577 388 2640 Νόθος
422 2578 661 2645 Δαρεῖος,
685 2574 779 2626 καὶ
807 2575 961 2641 γόνος
986 2571 1367 2643 Ἀρταξέρξης,

216 2673 276 2721 '.\
290 2666 582 2737 ρταξὲρξης
604 2665 759 2728 ἄλλος
791 2665 846 2718 δὲ
876 2665 973 2734 τὴν
1007 2664 1201 2732 κλῆσιν
1237 2664 1414 2730 Χῶος,

227 2762 436 2828 Ἀρσης
455 2759 481 2810 6
511 2756 690 2818 Χὼου,
725 2757 819 2810 καὶ
840 2754 1054 2809 κτανὼν
1081 2757 1108 2809 6
1141 2754 1395 2823 Βαγώας,

226 2855 334 2906 Καὶ
365 2854 586 2920 Δαρεῖος
607 2849 730 2901 ῦςτε
741 2865 831 2918 ρος
855 2850 912 2900 ὲν
941 2848 1168 2916 Περσῶν
1201 2846 1375 2915 γένει,

218 2942 435 3014 Ὀνπερ
464 2940 730 2997 Μακεδὼν
765 2938 1413 3009 Ἀλέξανδρος“κτιννύει.

615 3051 887 3112 ΒΙΒΛΙΟΝ
913 3052 1395 3110 ΜᾹΚΚΑΒΑῙΩΝ.

227 3173 380 3229 Μετὰ
413 3173 471 3228 δὲ
497 3171 671 3227 ταῦτὰ
702 3187 787 3235 τις
815 3168 1071 3234 Ἰωάννας
1100 3167 1270 3240 θύτης

222 3271 398 3340 Χάριν
428 3269 592 3338 τιμῆς
627 3266 834 3320 ἔκτεινε
865 3265 1144 3333 συγγόνων
1169 3265 1290 3319 ἕνα.

226 3363 452 3432 Βαγώας
483 3360 677 3416 οὐκοῦν
710 3361 1019 3430 στρατηγὸς
1045 3357 1412 3430 ’Δρταξέρξου

227 3457 450 3526 Χρόνοις
485 3455 540 3506 ὲν
564 3452 703 3507 ἑπτὰ
728 3450 1090 3522 συνταράσσει
1112 3451 1173 3503 τὸ
1207 3451 1413 3520 στῖφος.

229 3550 404 3616 Θύτης
431 3545 669 3614 Ἰωαδὰμ
694 3545 759 3598 ὲκ
783 3543 959 3613 γόνων
984 3542 1234 3605 ἰωάννα,

229 3644 506 3712 Ὃμαιμος
534 3637 680 3709 αύτῷ
701 3637 1026 3706 Μανασσῆς,
1049 3635 1168 3710 ἔρις
1192 3635 1391 3706 λόγων,

231 3734 608 3803 Σαναϐαλὰης
641 3732 927 3802 σατράπης
954 3730 982 3783 6
1007 3731 1236 3800 Δαρείου

230 3827 320 3898 Τῷ
348 3827 613 3896 Μανασσῇ
645 3823 904 3892 ζεύγνυσι
929 3823 1029 3891 τὴν
1058 3822 1356 3895 θυγατέρα.

227 3921 334 3985 Τοῦ
360 3919 631 3989 Μανασσῆ
657 3919 841 3985 δίωξις
861 3919 924 3970 ἑκ
963 3917 1110 3972 θείου
1139 3917 1305 3988 δόμου

231 4010 339 4065 Τοῦ
373 4008 660 4081 πενθεροῦ,
690 4009 856 4080 βάρος
895 4007 954 4063 δὲ
981 4010 1075 4062 καὶ
1111 4007 1279 4079 βουλὴ
1309 4008 1464 4080 ξένη,

228 4104 378 4175 Φυγὴ
411 4103 544 4175 πρὸς
571 4103 738 4158 αὑτὸν
780 4101 1142 4156 ταυτοπαθῶν
1171 4101 1250 4164 είς
1283 4101 1518 4171 γάμους,

225 4197 318 4250 Ἐν
349 4195 428 4266 τῷ
458 4195 608 4266 μέσῳ
655 4193 819 4266 μόρος
844 4192 902 4246 δὲ
931 4194 1025 4248 καὶ
1062 4191 1157 4246 τοῦ
1181 4194 1435 4263 Δαρείου,

227 4288 606 4357 Σαναϐαλὲτης
638 4288 925 4357 πρόσεισιν
953 4285 1314 4356 Ἀλεξάνδρῳ,

227 4383 454 4436 Δίδωσιν
485 4379 682 4452 ἀρχὴν,
721 4377 1010 4448 ἀντίχαριν
1042 4377 1314 4448 λαμϐάνει

230 4475 320 4527 Ἐν
352 4472 429 4542 τῷ
461 4471 687 4543 Γαριζὶν
713 4469 791 4540 τῷ
819 4468 952 4540 Θεῷξ
983 4468 1177 4540 στῆσαι
1199 4467 1391 4540 δόμον,

230 4566 378 4619 Ἐκεῖ
404 4565 465 4620 τὸ
494 4564 678 4618 λοιπὸν
708 4562 1007 4632 Μανασσῆν
1043 4561 1188 4616 ποιεῖ
1213 4559 1405 4632 θύτην,

232 4658 481 4729 Μερίσας
512 4655 754 4727 αἰσχρῶς
785 4654 917 4718 τοὺς
945 4653 1110 4717 λαοὺς
1138 4655 1546 4725 κακοτρόπους.

233 4749 330 4806 Ἐκ
355 4750 685 4806 Μακεδόνων
704 4746 1061 4817 Ἀλέξανδρος
1083 4746 1358 4801 Φιλίππου

235 4842 374 4911 Μετ’
399 4841 692 4912 Ἰλλυριοὺς
721 4840 814 4892 καὶ
836 4839 1078 4910 Θρᾷκας,
1112 4839 1214 4901 τὰς
1247 4837 1486 4909 Ἀθήνας

239 4935 474 5004 Πέρσαις
502 4932 928 5002 ἐπεστράτευσε,
964 4931 1092 5003 νικᾷ
1127 4929 1436 4998 σατράπας,

239 5027 440 5098 ’.ὶρχὴν
466 5024 692 5096 Περσῶν
717 5025 1018 5095 σύμπασαν
1047 5025 1111 5076 ὲκ
1130 5021 1269 5076 Θεοῦ
1302 5023 1446 5090 λύει,

242 5121 515 5189 Αἴγυπτον
543 5113 682 5183 εἷλε,
713 5117 942 5188 Συρίαν,
973 5115 1373 5188 Παλαιστίνην,

240 5213 510 5283 Λαμπράν
539 5211 732 5280 ἀνιστᾷ
753 5209 852 5279 τὴν
880 5208 1172 5278 ιπώνυμον
1206 5209 1384 5274 πόλιν,

245 5305 437 5374 ’[’ύρων
474 5302 733 5372 κατασπᾷ
762 5302 857 5354 καί
891 5301 1162 5355 Σιδωνίων
1202 5299 1388 5370 χθόνα,

246 5398 436 5450 Λείπει
460 5394 517 5448 δὲ
544 5393 604 5446 τὸ
630 5392 754 5464 ζῇν,
779 5392 854 5455 ὡς
885 5392 1064 5462 λόγος,
1094 5391 1172 5460 τῷ
1205 5393 1502 5463 φαρμάκῳ.

247 5489 395 5552 Τέως
415 5487 688 5541 καθιστῶν
709 5486 810 5556 τὴν
839 5485 1022 5555 μάχην
1048 5485 1141 5537 ἐπὶ
1163 5483 1334 5554 Γῦρον

249 5581 540 5650 Σύμμαχον
565 5579 708 5631 αἰτεῖ
738 5578 838 5650 τὴν
863 5578 1017 5631 πόλιν
1048 5574 1156 5631 τῶν
1195 5576 1489 5648 Ἐϐραίων.

211 5683 216 5690 ·
247 5668 425 5736 Θύτης
445 5669 598 5723 Ἰωὰδ
629 5671 688 5724 ού
714 5669 932 5724 δίδωσιν
962 5667 1225 5738 εὐλόγως.

245 5761 397 5814 Μετὰ
425 5761 622 5831 μικρὸν
657 5762 783 5832 ἥκει
809 5761 866 5814 δὲ
891 5762 988 5815 σὺν
1023 5761 1347 5832 παντευχίᾳ.

254 5853 314 5908 ’0
345 5854 472 5923 γ.ῦν
506 5853 672 5923 θύτης
699 5855 900 5920 ἔξεισιν
926 5855 1332 5924 ἐστολισμένος.

1826 497 1864 548 Α
1896 488 2248 558 Ἀλέξανδρος
2279 488 2333 541 δὲ
2369 491 2456 542 τὶν
2490 489 2626 542 Θεοῦ
2661 492 2797 560 τιμᾷ
2830 489 3023 558 θύτην,

1905 581 2194 650 Πρόσεισιν
2219 581 2367 634 ἔνδον
2397 583 2474 644 είς
2499 583 2677 645 πόλιν,
2705 585 2786 646 εἰς
2815 583 2909 635 τὸν
2939 582 3123 649 δόμον,

1899 672 2193 740 Αίτήματα
2227 671 2517 742 σύμπαντα
2549 675 2686 742 πρὸς
2718 674 2871 734 τέλος
2895 674 3042 740 ἄγει.

1904 765 1968 816 Ol
1997 764 2272 836 Σαμαρεῖς
2306 765 2502 835 ἥκουσι
2526 765 2636 818 τῶν
2675 767 2806 820 ίσων
2835 767 3018 837 χάριν,

1905 855 2170 925 Ἔλεγχος
2198 855 2378 909 αὐτῶν
2411 857 2492 918 εἰς
2526 855 2705 924 φυγὴν
2734 857 3096 928 κακουργίας.

1910 947 2082 1001 Ἐλὼν
2114 947 2171 1001 δὲ
2204 947 2384 1010 πάσας
2422 947 2772 1017 Ἀλέξανδρος
2810 948 2908 1012 τὰς
2937 947 3146 1012 πόλεις,

1901 1042 2272 1112 Ἀνδρόμαχον
2292 1041 2504 1111 τίθησιν
2527 1041 2594 1094 ἐν’
2613 1041 2920 1110 Σαμαρείᾳ.

1895 1135 2100 1189 Τοῦτον
2121 1135 2399 1204 Σαμαρεῖς
2427 1133 2683 1198 ἐξάγουσι
2712 1132 2806 1187 τοῦ
2841 1132 2982 1202 βίου,

1898 1228 2250 1297 Ἀλέξανδρος
2277 1226 2332 1279 δὲ
2361 1225 2485 1290 τοὺς
2502 1224 2854 1296 Σαμαρείτας
2880 1227 3043 1296 ἄρας,

1899 1320 2222 1383 Μακεδόνας
2256 1317 2424 1390 ᾤκισε
2463 1318 2592 1382 τοὺς
2628 1316 3020 1388 πεφιλμένους.

1899 1416 2080 1488 Μόρος
2110 1413 2287 1479 Ἰωάδ,
2321 1411 2506 1476 Ὀνίας
2541 1409 2708 1481 θύτης
2734 1409 2911 1480 γόνος.

1898 1506 2058 1562 Μετὰ
2091 1504 2182 1558 τὸν
2210 1501 2564 1573 Ἀλέξανδρον
2591 1499 2672 1562 είς
2698 1498 3031 1570 τετραρχίαν

1898 1597 2069 1670 Ἀρχὴ
2096 1597 2248 1650 πᾶσα
2277 1595 2555 1666 τέτραπτο
2576 1595 2689 1656 τοῖς
2723 1589 3042 1661 μεγιστᾶσι,

1899 1693 2112 1762 Κρατεῖ
2138 1690 2184 1743 δ’
2204 1689 2484 1758 Αἰγύπτου
2521 1686 2856 1757 Πτολεμαῖος
2883 1686 2909 1737 ὁ
2931 1684 3134 1752 Δάτος.

1897 1784 1990 1838 Ἐν
2023 1783 2286 1854 Σαϐϐάτῳ
2309 1781 2369 1836 δὲ
2407 1781 2506 1850 τὴν
2528 1779 2684 1834 πόλιν
2705 1777 2815 1832 τῶν
2853 1775 3128 1847 Ἐϐραίων
3239 1787 3250 1791 ·

1900 1875 2100 1947 Πορθεῖ
2129 1873 2446 1946 προφανῶς,
2475 1874 2570 1926 καὶ
2596 1872 2734 1939 πρὸς
2757 1871 3032 1940 Αἴγυπτον
3060 1870 3270 1940 τρέχει.

1897 1971 2055 2024 Μετὰ
2078 1970 2122 2024 δ’
2148 1971 2356 2024 ἐκεῖνον
2394 1969 2491 2023 καὶ
2541 1966 2873 2034 Φιλάδελφος
2899 1966 3080 2034 γόνος,

1898 2062 2280 2133 Μεταφράσας
2312 2061 2512 2132 ἄριστα
2540 2059 2762 2131 βίϐλους
2797 2057 3098 2128 Ἐϐραίων,

1896 2155 2184 2226 Φαληρεὺς
2223 2153 2537 2225 Δημήτριος
2561 2151 2661 2206 σὺν
2694 2151 2980 2224 ’Δριστέᾳ.

1901 2248 2073 2310 Λύσις
2096 2245 2164 2300 δι’
2197 2247 2378 2301 αὐτῶν
2421 2244 2688 2316 Ἐϐραίων
2713 2245 3064 2316 ἀνδραπόδων

1899 2341 2056 2396 Μετὰ
2082 2339 2128 2394 δ’
2161 2339 2345 2394 Ὀνίαν
2367 2339 2463 2394 καὶ
2489 2337 2982 2410 ΣίμωνἘλεάζαρ,

1904 2432 2044 2502 Πρὸς
2067 2431 2348 2501 Ἀντιόχου
2379 2429 2476 2484 καὶ
2496 2432 2741 2493 κάκωσις
2780 2428 3074 2496 Ἐϐραίων,

1903 2523 2554 2594 Καταστρατηγήσαντος
2585 2520 2680 2578 τὸν
2707 2521 2873 2577 Πτολε
2886 2523 3068 2591 μαῖον.

1901 2616 2244 2688 Πτολεμαίου
2281 2618 2412 2678 παῖς
2447 2615 2758 2685 Ἐπιφανὴς
2786 2614 2888 2686 τὴν
2925 2613 3076 2669 θέσιν

1897 2711 2056 2768 Μετὰ
2081 2707 2315 2781 στρατοῦ
2339 2709 2614 2779 κράτησεν
2644 2709 2702 2762 ὲν
2729 2707 3088 2778 Παλαιστίνῃ,

1897 2800 2067 2874 Αύτῷ
2089 2801 2151 2856 τὸ
2170 2799 2360 2854 λοιπὸν
2389 2801 2823 2871 προστρέχουσιν
2860 2799 3129 2870 Ἑϐραῖοι,

1901 2895 2072 2950 Πάλιν
2104 2893 2241 2966 πρὸς
2275 2895 2554 2966 Ἀντιόχου
2585 2893 2646 2958 ἒξ
2677 2892 2970 2957 ἐναντίου,·

1902 2984 2184 3056 Ἀντιόχου
2209 2987 2340 3048 παῖς
2369 2987 2466 3039 καὶ
2495 2985 2636 3054 γυνὴ
2669 2985 3033 3054 Πτολεμαίου,

1904 3085 2083 3153 Κῆδος
2113 3080 2384 3151 θυγατρὸς
2413 3078 2582 3148 ’προὶξ
2611 3077 2980 3142 Παλαιστίνης
3004 3077 3140 3147 ὅροι,

1822 3194 1871 3258 ο
1906 3177 2020 3233 Καὶ
2054 3156 2389 3244 Πτολεμαῖος
2411 3171 2512 3244 τὴν
2541 3171 2675 3226 Θεοῦ
2711 3173 2907 3240 κρατεῖ
2930 3171 3106 3225 πόλιν.

1905 3267 2042 3324 Μετ’
2081 3263 2349 3336 Ἐλεάζαρ
2377 3263 2680 3336 Μανασσῆς
2706 3262 2827 3331 Θεῷ
2863 3261 3029 3325 θύων,

1906 3359 2122 3415 Ἔπειτ’
2153 3358 2332 3421 Ὀνίας
2366 3357 2611 3428 Σίμωνος
2644 3356 2798 3427 φίλος
2828 3357 3005 3426 γόνος.

1897 3455 2010 3510 Τὸν
2034 3453 2240 3524 δασμὸν
2266 3453 2408 3506 αίτεῖ
2429 3451 2551 3504 κατ’
2575 3451 2726 3514 ἔθνος
2757 3449 3118 3521 Πτολεμαῖος,

1891 3549 1976 3604 ’Ὃ
2001 3549 2048 3603 δ’
2081 3547 2260 3613 Ὀνίας
2292 3547 2508 3602 δίδωσιν
2533 3545 2737 3618 ἥκιστα
2785 3545 2972 3616 φόρον,

1902 3639 2248 3713 Ὀργίζεται,
2278 3639 2559 3709 πρόσεισιν
2591 3638 2796 3710 Ἰωσὴφ
2825 3639 3002 3708 φίλος,

1905 3734 2193 3806 Δαμπρῶς
2222 3735 2450 3805 τιμᾶται
2485 3734 2582 3788 καὶ
2610 3732 2837 3788 τελωνεῖ
2867 3732 3136 3801 κοσμίως.

1909 3827 2236 3898 Πτολεμαίῳ
2281 3829 2415 3889 παῖς
2445 3825 2543 3880 καὶ
2571 3825 2852 3895 γενέθλια,
2887 3825 3056 3893 φίλοι.

1912 3919 2158 3974 Ἀνεισιν
2191 3919 2220 3972 6
2245 3921 2376 3981 παῖς
2398 3916 2602 3989 Ἰωσὴφ
2636 3916 2819 3986 νέμων
2850 3915 3038 3988 χάριν,

1923 4012 2196 4082 Ὑρκανὸς
2223 4011 2390 4074 αὐτὸς
2419 4011 2583 4081 χάριν
2605 4009 2838 4079 ἀρίστην
2902 4009 3108 4079 φέρων,

1910 4109 2058 4180 Πρὸς
2088 4107 2372 4176 συγγόνων
2401 4107 2620 4181 ἐνέδρα,
2642 4107 2740 4162 καὶ
2765 4105 2958 4160 τούτου
2997 4109 3186 4177 μόρος,

1909 4201 2244 4273 Ἐπιφανοῦς
2275 4218 2334 4254 τε
2369 4201 2534 4272 μόρος
2559 4201 2656 4255 τοῦ
2684 4200 3046 4270 Πτολεμαίου,

1911 4295 2086 4351 Πάλιν
2125 4295 2154 4349 ὁ
2175 4295 2445 4364 Ἀντίοχος
2473 4298 2551 4356 είς
2585 4293 2720 4348 Θεοῦ
2757 4295 2938 4360 πόλιν,

1913 4386 2093 4455 Θύτης
2122 4383 2332 4455 Ἰησοῦς
2352 4385 2448 4438 καὶ
2463 4384 2744 4448 Μενέλαος
2777 4386 2965 4452 πάλιν,

1840 4448 1886 4503 θ
1922 4448 2108 4532 Θυτιῦν
2133 4448 2227 4532 δύο
2255 4479 2448 4541 στάσις
2471 4494 2558 4541 τις
2587 4477 2783 4532 ἐνθάθε
2818 4448 2967 4549 ξένη.

1921 4569 2107 4637 Φυγὰς
2139 4570 2166 4621 6
2197 4568 2470 4632 Μενέλαος
2505 4568 2596 4621 ἐπ’
2621 4568 2904 4641 Ἀντιόχῳ,

1924 4661 2216 4730 Πρόσεισιν
2235 4659 2531 4731 ’Λντίοχος,
2557 4662 2752 4727 πορθεῖ
2777 4661 2875 4732 τὴν
2905 4663 3080 4727 πόλιν,

1923 4755 2028 4806 Τὸν
2060 4751 2290 4806 πλοῦτον
2311 4753 2478 4822 αὐτῆς
2514 4753 2756 4821 ὲκφορεῖ,
2783 4757 3180 4825 καταστρέφει,

1924 4843 2142 4910 Νόμους
2171 4842 2456 4914 προλιπεῖν
2477 4843 2726 4907 ἐκϐιάζει
2762 4843 3048 4910 πατρίους,

1927 4937 2111 5007 Κυροῖ
2144 4938 2355 5000 πάντας
2383 4936 2621 5005 Ἕλληνα
2657 4936 2948 5006 μιμεῖσθαι
2975 4935 3115 5005 βίον.

1925 5027 2049 5081 Τότ’
2068 5027 2336 5099 Ἐλεάζαρ
2367 5029 2458 5082 καὶ
2482 5028 2636 5096 σοφοὶ
2661 5027 3015 5081 Μακκαϐαῖοι

1939 5120 2029 5184 Ὠς
2058 5121 2327 5191 ἀνδρικῶς
2357 5119 2594 5192 ἔστησαν
2625 5120 2767 5190 ὑπὲρ
2793 5119 2889 5172 τοῦ
2921 5121 3114 5190 νόμον,

1927 5211 2326 5281 ’Λσαμωναῖοι
2351 5213 2449 5267 σὺν
2477 5213 2649 5282 πατρὶ
2674 5211 2752 5282 τῷ
2782 5211 3021 5284 Ματθίᾳ,

1928 5299 2104 5353 Θῦσαι
2133 5301 2447 5363 κελευσθὲν,
2465 5302 2744 5372 Ἀπελλῆν
2772 5302 2956 5366 δόντες
2983 5303 3130 5372 φόνῳ

1927 5392 2070 5462 Πρὸς
2108 5391 2208 5464 τὴν
2231 5391 2442 5464 ἔρημον
2467 5394 2830 5463 ἐκτρέχουσιν
2857 5394 3080 5459 αὐτίκα,

1926 5483 2064 5538 Μεθ’
2095 5477 2169 5538 ὧν
2198 5485 2410 5555 μυρίων
2434 5485 2812 5554 ἀποφεύγουσι
2845 5488 3055 5556 στῖφος.

1929 5573 2022 5628 Ἐν
2051 5575 2318 5647 Σαϐϐάτῳ
2352 5577 2502 5647 μάχη
2526 5576 2584 5628 δὲ
2607 5577 2865 5645 φυγάδων
2891 5576 3042 5646 νίκη,

1928 5667 2237 5738 ’Δνατροπὴ
2271 5671 2605 5736 συμπάντων
2632 5671 2691 5723 ὲν
2717 5671 2795 5741 τῷ
2823 5669 3117 5742 Σαϐϐάτῳ.

1929 5759 2087 5812 Μετὰ
2111 5759 2363 5814 Ματθίαν
2395 5761 2579 5830 Σίμων
2605 5764 2632 5815 ὀ
2656 5763 3018 5826 Μακκαϐαῖος

1937 5851 2172 5917 Στίφους
2201 5852 2476 5922 κατάρχει
2500 5853 2592 5906 τοῦ
2627 5853 2912 5924 φιλοῦντος
2947 5856 3040 5909 τίον
3075 5855 3261 5925 νόμον,
