4076 6488
338 358 445 420 043

1194 356 1543 419 CALLlSTl
1589 355 1684 416 ΕΤ
1723 358 2021 420 IGNATll
2069 352 2768 419 XANTHOPULORUM

3499 351 3600 416 6H

346 473 501 529 nobis
531 473 930 529 incrementum
985 474 1366 543 accipientem,
1407 473 1564 528 nobis
1589 489 1718 528 vero
1772 488 1927 528 reve-

2038 477 2265 547 Χριστδς
2315 475 2519 537 τέλειος
2563 475 2696 537 Θεὸς
2745 473 2843 537 ῶν,
2874 471 3088 526 τελείαν
3117 472 3228 535 τοῖς
3264 469 3610 542 βαπτισθεῖσι

287 595 293 608 -
342 564 508 622 latam
540 565 976 632 etillustratam,
1007 579 1108 635 pro
1145 576 1345 621 nostro
1377 566 1432 619 in
1465 565 1666 620 divinis
1694 565 1917 620 manda-

340 659 413 714 tis
442 656 646 722 labore,
679 667 732 712 et
769 659 1170 713 incrementum
1207 658 1331 712 lidei
1361 658 1522 712 nobis
1541 669 1915 727 praestantem,

342 754 516 806 donec
539 765 894 806 accurramus
924 766 1114 806 omnes
1145 752 1198 805 in
1220 751 1482 806 unitatem
1511 751 1656 815 ﬁdei,
1691 752 1744 805 in
1772 768 1920 806 men-

347 858 530 900 suram
564 845 740 900 :etatis
767 845 1123 914 plenitudinis
1174 845 1402 900 Christi.
1469 845 1523 900 Si
1554 845 1683 915 quid
1753 847 1922 914 igitur

343 935 714 990 addiderimus
744 936 796 989 in
824 938 942 1005 ipso
970 938 1300 1006 regenerati,
1333 947 1389 992 et
1417 938 1467 992 id
1502 939 1571 993 ab
1626 938 1750 1008 ipso
1803 946 1911 1003 est,

343 1033 397 1078 et
418 1042 482 1079 ex
519 1025 635 1095 ipso
679 1027 732 1079 in
764 1027 920 1080 nobis
947 1037 1067 1080 erat
1108 1027 1518 1082 absconditum.

2027 569 2125 639 τὴν
2149 569 2309 639 χάριν
2333 566 2428 620 τοῦ
2472 567 2628 633 ἁγίου
2659 564 2974 634 Πνεῦματος
3003 563 3337 634 ἐδωρήσατο,
3371 561 3613 633 προσθή-

2029 678 2132 730 κην
2163 661 2260 730 μὲν
2283 661 2413 732 παρ’
2441 659 2598 730 ἡμῶν
2620 659 2680 711 ού
2707 657 3116 727 λαμϐάνουσαν,
3164 652 3616 722 ἀποκαλυπτομέ-

2035 771 2126 823 νην
2155 753 2211 806 δὲ
2235 753 2366 823 ἡμῖν
2395 752 2491 806 καὶ
2517 749 2981 821 ἐμφανιζομένην,
3014 747 3158 801 κατά
3182 745 3476 813 ἀναλογίαν
3515 745 3616 814 τῆς

2033 845 2139 898 τῶν
2164 844 2394 897 ἐντολῶν
2416 843 2700 914 ἐργασίας,
2734 843 2826 895 καὶ
2874 839 3198 910 προσθήκην
3228 840 3362 909 ἡμῖν
3387 838 3487 907 τῆς
3521 836 3616 889 πί-

2032 952 2202 1000 στεως
2243 935 2625 1007 παρέχουσαν,
2671 934 2776 997 ἕως
2827 933 2894 987 ἂν
2947 932 3383 1001 καταντήσωμεν
3409 929 3618 991 πάντες

2026 1031 2110 1094 εἰς
2136 1030 2236 1100 τὴν
2261 1029 2489 1098 ἑνότητα
2517 1029 2618 1098 τῆς
2645 1029 2906 1090 πίστεως,
2937 1027 3017 1089 εἰς
3051 1024 3251 1097 μέτρον
3282 1023 3502 1094 ἡλικίας
3524 1021 3618 1075 τοῦ

335 1124 708 1196 πληρώματος
733 1125 830 1180 τοῦ
862 1127 1123 1197 Χριστοῦ.
1168 1145 1187 1179 ι
1232 1124 1300 1178 El.’
1339 1141 1394 1179 τι
1443 1122 1542 1180 οὖν
1571 1125 1961 1196 προσφέρομεν
1989 1126 2049 1178 ἐν
2079 1124 2230 1196 αὐτῷ
2279 1122 2761 1195 ἀναγεννηθέντες,
2788 1121 2885 1175 καὶ
2912 1119 3075 1174 τοῦτο
3105 1119 3208 1191 ἤδη
3240 1115 3374 1189 παρ’
3413 1115 3601 1183 αὑτοῦ,

330 1220 429 1274 καὶ
451 1219 510 1284 ἐξ
524 1218 691 1273 αὑτοῦ
713 1215 779 1292 ἦν
799 1221 858 1273 ἐν
875 1220 1006 1291 ἡμῖν
1021 1220 1426 1290 κεκρυμμένον.

345 1316 499 1383 Quod
527 1323 868 1385 oporteteum
907 1312 1319 1385 qttiseoundunt‘
1344 1311 1517 1364 Deum
1577 1316 1707 1383 agit,
1741 1314 1925 1385 omnia

417 1381 830 1453 ejns‘mandam
889 1383 1125 1451 exsequi,
1173 1381 1469 1453 maximam
1521 1381 1700 1436 autem
1751 1384 1925 1448 aperis

307 1497 312 1501 .
415 1452 623 1525 partem
648 1454 833 1525 primis
860 1469 924 1505 ea:
953 1453 1192 1505 onmibus
1243 1460 1292 1506 et
1316 1452 1471 1521 quasi
1495 1453 1924 1522 generationibus

415 1524 623 1586 Oportet
654 1524 968 1577 attribuere.

421 1638 474 1690 7.
500 1635 770 1703 Quoniam
802 1634 971 1704 igitur
995 1633 1210 1688 initium
1243 1644 1298 1690 et
1325 1635 1478 1690 radix
1514 1636 1718 1703 omnis,
1751 1646 1810 1690 ut
1843 1637 1928 1690 die

363 1727 571 1791 ximus,
606 1726 773 1795 hujus
805 1726 1131 1795 negotii,est
1161 1727 1461 1782 secundum
1493 1726 1756 1782 salutaria
1773 1743 1929 1782 man-

2031 1309 2163 1364 Ὅτι
2194 1307 2292 1363 δεῖ
2308 1309 2416 1363 τὸν
2465 1309 2617 1363 κατὰ
2662 1311 2811 1364 Θεὸν
2872 1311 3362 1379 πολιτευόμενον,
3415 1313 3612 1377 πάσας

2095 1381 2203 1445 τὰς
2243 1380 2498 1446 ἐντολὰς
2535 1379 2802 1450 μετιέναι
2830 1399 2843 1412 ’
2884 1383 2955 1436 τὸ
2990 1381 3060 1436 δὲ
3115 1381 3410 1435 πλεῖστον
3437 1381 3619 1450 μέρος

2096 1450 2217 1520 τῆς
2229 1451 2320 1519 ep;
2333 1453 2536 1516 ασίας,
2569 1451 2895 1520 ᾀπονέμειν
2923 1465 3072 1518 πως,
3107 1453 3236 1519 ταῖς
3268 1451 3386 1507 τῶν
3413 1454 3622 1506 ἄλλων

2104 1518 2381 1588 πρώταις,
2417 1522 2515 1575 καὶ
2538 1518 2668 1576 οἷον
2685 1518 3120 1592 γενικωτέραις.

2105 1631 2171 1699 ζ’.
2217 1634 2371 1690 Ἐπεὶ
2398 1629 2514 1701 οῦν,
2545 1635 2578 1706 ἠ
2607 1635 2706 1705 μέν
2742 1635 2887 1707 ἀρχὴ
2939 1637 3036 1690 καὶ
3071 1637 3104 1708 ἡ
3149 1637 3276 1708 ῥίζα
3304 1637 3511 1707 πάσης,
3542 1635 3618 1700 ὡς

2035 1723 2277 1795 ἔφημεν,
2317 1724 2484 1794 τῆσδε
2524 1727 2624 1795 τῆς
2656 1725 3067 1795 πραγματείας,
3099 1725 3159 1778 τὸ
3193 1727 3335 1780 κατά
3365 1727 3465 1790 τὰς
3509 1745 3618 1782 σω-

352 1822 476 1873 data
516 1805 693 1888 agere,
729 1819 995 1873 terminus
1021 1834 1148 1874 vero
1186 1828 1242 1875 et
1288 1819 1524 1887 fructus,
1560 1836 1782 1877 sursum
1823 1838 1932 1895 pre-

2038 1816 2260 1887 τηρίους
2286 1814 2508 1880 ἐντολὰς
2539 1814 2946 1879 πολιτεύεσθαι,
2994 1815 3056 1870 τὸ
3091 1816 3148 1870 δέ
3194 1817 3393 1889 τέρμα,
3442 1820 3536 1874 καὶ
3589 1824 3619 1876 6

355 1912 488 1964 verti
526 1913 592 1966 ad
625 1926 768 1972 eam.
797 1927 920 1980 quas
949 1911 1186 1981 primum
1215 1926 1313 1980 per
1345 1911 1618 1982 baptisma
1654 1915 1814 1970 nobis
1837 1916 1933 1972 d0-

354 2015 480 2059 nata
511 2014 614 2066 est,
650 2003 948 2074 perfectam
975 2003 1215 2073 Spiritus
1242 2005 1499 2075 gratiam,
1530 2007 1584 2061 in
1617 2009 1775 2065 nobis
1804 2012 1933 2080 qui-

353 2099 472 2149 dem
510 2096 862 2150 exsistentem
903 2096 1046 2165 (sine
1080 2096 1405 2166 poenitentia
1437 2099 1582 2153 enim
1622 2111 1753 2155 sunt
1779 2103 1928 2157 dona

356 2191 494 2259 Dei),
529 2190 622 2263 secl
654 2190 1050 2258 cupiditatibus
1086 2190 1442 2260 insepultam,
1493 2195 1795 2250 revelatam
1830 2213 1932 2250 au-

354 2289 460 2332 tem
490 2279 799 2332 divinarum
829 2279 1006 2347 legum
1044 2278 1463 2348 adimpletione,
1495 2281 1656 2336 decet
1680 2298 1802 2351 nos,
1834 2299 1934 2354 pro

352 2368 578 2422 viribus.
605 2369 850 2422 onmium
872 2368 1250 2436 hujuscemodi
1270 2369 1449 2439 legum
1472 2375 1792 2442 operatione
1811 2391 1932 2431 eam

354 2460 409 2512 in
453 2461 614 2515 nobis
639 2461 1144 2515 manifestalionem
1183 2459 1426 2530 Spiritus
1455 2465 1806 2523 omni'modo
1834 2485 1933 2524 ex-

355 2567 592 2620 purgare
607 2553 798 2607 conari
831 2564 882 2608 et
907 2569 1067 2622 quam
1095 2553 1424 2610 nitidissime
1456 2555 1746 2626 inspicere.
1777 2579 1795 2612 ι
1825 2561 1936 2616 Lu-

351 2636 517 2696 cerna
542 2645 712 2708 enim,
733 2644 917 2714 inquit
942 2645 1010 2700 ad
1042 2646 1210 2702 Deum
1255 2647 1445 2702 beatus
1477 2647 1668 2718 David,
1702 2654 1934 2722 pedibus

355 2735 491 2789 meis
523 2735 602 2788 lex
642 2744 757 2801 tua,
783 2745 835 2790 et
868 2737 957 2792 lux
1018 2739 1262 2808 vestigiis
1297 2740 1459 2808 meis,
1501 2751 1554 2796 et
1599 2757 1932 2816 praeceptum

357 2827 576 2883 Domini
609 2829 850 2885 lucidum
886 2833 1207 2888 illuminans
1243 2835 1571 2902 oculos;et,
1611 2838 1676 2892 ad
1745 2842 1932 2896 omnia

353 2923 608 2976 Inaminla
631 2924 1080 2993 tuadirigehar'.
1113 2944 1131 2978 ›
1179 2926 1242 2980 Et
1275 2928 1366 2995 qui
1401 2929 1451 2982 in
1480 2929 1688 2986 Christi
1714 2946 1933 3002 pectore

353 3013 640 3066 recubuit:
669 3031 687 3064 ι
722 3013 825 3079 Qui
851 3015 1103 3068 mandata
1123 3017 1243 3085 ejus
1275 3028 1476 3083 servat,
1499 3019 1553 3074 in
1577 3020 1694 3090 ipso
1729 3032 1932 3090 manet,

350 3114 406 3158 et
457 3105 650 3172 ipsein
687 3122 788 3172 eo;
829 3118 883 3161 et
920 3109 1173 3163 mandata
1203 3110 1324 3179 ejus
1353 3113 1538 3181 gravia
1580 3129 1688 3166 non
1731 3124 1878 3170 sunt.
1908 3134 1927 3168 ι

353 3197 421 3251 Et
485 3198 750 3252 Dominus
785 3200 946 3268 ipse:
987 3219 1007 3252 ‹
1037 3202 1140 3267 Qui
1196 3201 1360 3257 habet
1418 3205 1677 3260 mandata
1717 3223 1836 3261 mea
1886 3217 1939 3262 et

349 3292 606 3343 observat
633 3305 718 3353 ea,
764 3291 856 3345 ille
881 3300 964 3346 est
1009 3293 1103 3361 qui
1141 3308 1227 3348 me
1253 3293 1470 3364 diligit;
1520 3279 1613 3367 qui
1669 3313 1799 3354 vero
1844 3314 1937 3354 me

349 3381 547 3451 diligit,
577 3382 835 3453 diligetur
861 3398 891 3436 a
928 3383 1089 3439 Patre
1136 3401 1278 3452 meo,
1303 3395 1357 3442 et
1383 3403 1486 3459 ego
1526 3391 1748 3460 diligam
1791 3407 1940 3456 eum,

349 3484 401 3526 et
434 3472 798 3527 manifestabo
833 3473 880 3527 ei
916 3474 1181 3543 meipsum
1219 3475 1262 3530 ⁸.
1294 3494 1312 3528 ι
1349 3477 1436 3540 Ει,
1479 3494 1498 3529 ι
1522 3477 1583 3532 Si
1617 3479 1739 3547 quis
1761 3478 1945 3550 diligit

352 3579 462 3627 me,
496 3562 756 3618 mandata
811 3577 930 3617 mea
965 3565 1225 3630 servabit,
1263 3574 1317 3621 et
1354 3564 1517 3622 Pater
1548 3585 1705 3625 meus
1751 3571 1944 3642 diliget

347 3671 475 3709 cum
497 3672 514 3722 ;
537 3667 589 3709 ct
627 3657 691 3710 ad
725 3671 848 3709 cum
877 3657 1176 3723 veniemus,
1203 3661 1616 3716 etmansionem
1649 3664 1787 3732 apud
1816 3680 1942 3720 eum

350 3747 706 3802 faciemus".i
730 3747 819 3814 Et,
853 3749 985 3815 ιριιί
1013 3763 1097 3804 me
1120 3767 1226 3805 non
1252 3751 1447 3823 diligit,
1474 3768 1760 3812 sermones
1787 3771 1939 3813 meos

351 3852 462 3891 non
526 3849 709 3892 Servat
739 3839 780 3891 ⁸.
817 3857 835 3890 ι
909 3838 1108 3894 Earum
1144 3851 1327 3896 autem
1397 3843 1576 3915 legum
1638 3845 1829 3916 primis
1889 3858 1946 3903 et

349 3930 781 3996 generalioribns
835 3933 1129 3987 maximam
1173 3933 1358 4004 operis
1398 3946 1617 4006 partem
1672 3939 1945 3996 adhibere

349 4020 756 4088 quodammodo
809 4024 1096 4080 debemus.
1149 4023 1226 4079 lta
1289 4029 1463 4093 enim,
1527 4045 1650 4085 cum
1710 4032 1842 4100 Deo,
1907 4050 1938 4088 a

351 4110 504 4180 lapsu
531 4112 826 4180 immunes,
861 4115 1202 4185 propositum
1229 4117 1522 4186 intentum,
1548 4121 1722 4190 ipsam
1752 4139 1949 4195 nempe

352 4203 629 4271 pulchram
667 4206 1076 4262 inchoationem
1141 4209 1490 4281 impetusque
1545 4214 1721 4268 nosui
1777 4213 1943 4272 tinent

351 4296 705 4365 attingemus,
741 4298 834 4368 qui
865 4308 950 4354 est
984 4299 1213 4369 spiritus
1251 4302 1656 4361 manifestatio.

343 4721 499 4787 Quod
531 4720 743 4774 initium
777 4718 948 4774 omnis
980 4716 1085 4771 Deo
1123 4718 1664 4788 grotcroperationis
1720 4726 1796 4773 est
1845 4721 1931 4774 in-

416 4793 616 4847 uacatio
639 4806 759 4844 cum
783 4788 883 4850 ﬁde
912 4789 1142 4843 nominis
1173 4787 1385 4842 Domini
1409 4791 1576 4842 nostri
1598 4788 1728 4845 Jesu
1749 4789 1919 4844 Clari-

411 4865 504 4932 sti,
532 4875 581 4918 et
609 4877 727 4916 cum
747 4877 816 4918 ea
851 4863 1024 4916 oriens
1053 4860 1175 4912 inde
1188 4873 1297 4929 pax
1311 4867 1361 4913 et
1386 4860 1647 4916 charitas.

420 5040 474 5096 8.
511 5036 736 5093 Initium
761 5051 930 5107 porro
969 5035 1153 5091 omnis
1210 5033 1320 5091 Deo
1366 5045 1536 5108 grata:
1591 5037 1936 5107 operationis

345 5134 430 5189 esi
464 5131 740 5186 invocatio
772 5144 897 5185 cum
937 5127 1044 5183 tide
1110 5129 1372 5186 salutaris
1426 5129 1664 5186 nominis
1722 5132 1938 5187 Domini

349 5222 522 5273 nostri
556 5216 685 5274 Jesu
703 5217 933 5282 Christi,
969 5232 1092 5272 cum
1127 5219 1241 5288 ipse
1295 5218 1644 5284 revelaverit,
1699 5221 1931 5276 dicens:

354 5331 378 5362 ‹
409 5311 540 5365 Sine
592 5325 677 5363 me
732 5308 868 5364 nihil
909 5309 1140 5379 potestis
1180 5309 1362 5365 facere
1394 5311 1444 5366 ’.
1481 5329 1501 5364 ι
1535 5310 1602 5364 Et
1657 5326 1783 5366 cum
1850 5329 1936 5380 ea,

354 5420 481 5474 pax.
512 5404 742 5473 Oportet
781 5403 949 5468 enim,
979 5403 1178 5474 inquit,
1211 5419 1374 5459 orare
1438 5403 1560 5460 sine
1613 5405 1694 5460 ira
1727 5412 1783 5460 et
1816 5404 1936 5460 sine

351 5497 718 5570 argumentis.
752 5494 828 5550 Et
856 5495 1117 5561 Charitas,
1145 5497 1272 5567 quia
1301 5497 1445 5552 Deus
1483 5497 1725 5552 Charitas
1749 5507 1856 5563 est,
1886 5509 1943 5551 ct
1997 5487 2010 5498 ’

357 5592 451 5660 qui
482 5599 664 5645 manet
708 5591 760 5644 in
786 5590 1052 5644 charitate
1087 5589 1141 5644 in
1201 5589 1311 5646 Deo
1356 5599 1565 5656 manet,
1605 5598 1661 5644 et
1694 5589 1840 5645 Deus
1890 5590 1944 5642 in

363 5701 442 5738 co.
476 5683 590 5754 Ipsa
625 5692 807 5738 autem
849 5697 951 5753 pax
1005 5694 1058 5738 et
1112 5682 1353 5739 charitas
1412 5699 1520 5739 non
1575 5683 1733 5736 modo
1799 5695 1952 5735 acce-

291 5767 294 5772 ’
358 5790 394 5847 9
423 5777 618 5829 abilem
644 5774 850 5832 faciunt
869 5774 1204 5842 orationem,
1227 5775 1320 5830 sed
1349 5790 1416 5830 ex
1441 5774 1558 5844 ipsa
1584 5788 1804 5829 rursum
1828 5787 1950 5829 ora-

425 5890 452 5922 ⁶
475 5890 830 5966 Psal.cxvm,
874 5894 993 5949 l28.

2031 1905 2269 1979 καρπὸς,
2287 1905 2381 1960 τοῦ
2411 1904 2824 1978 ἐπαναδραμεῖν
2863 1904 3002 1977 πρὸς
3039 1906 3138 1976 τὴν
3185 1907 3272 1961 διὰ
3293 1908 3386 1962 τοῦ
3427 1909 3618 1981 βαπτί-

2033 2016 2241 2068 σματος
2280 1997 2563 2072 τοπρῶτον
2597 1999 2939 2069 δωρηθεῖσαν
2995 2000 3132 2070 ἡμῖν
3187 2001 3403 2056 τελείαν
3454 2003 3616 2074 χάριν

2030 2090 2127 2145 τοῦ
2174 2091 2517 2161 Πνεῦματος,
2560 2093 2618 2144 ἐν
2650 2093 2785 2162 ἡμῖν
2825 2092 2925 2164 μὲν
2957 2088 3127 2147 οὖσαν
3199 2093 3618 2166 (ἀμεταμέλητα

2035 2185 2141 2254 γὰρ
2171 2183 2266 2238 τοῦ
2301 2183 2462 2248 Θεοῦ,
2490 2184 2647 2254 φησὶ,
2688 2183 2758 2237 τὰ
2803 2183 3168 2256 χαρίσματα),
3231 2185 3367 2241 ἀλλά
3422 2204 3618 2255 συγκε-

2033 2276 2320 2347 χωσμένην
2343 2279 2456 2340 τοῖς
2482 2276 2731 2342 πάθεσιν,
2762 2277 3293 2349 ἀποκαλυπτομένην
3317 2277 3374 2332 δὲ
3402 2281 3466 2350 τῇ
3507 2278 3616 2333 τῶν

2033 2367 2310 2438 θεουργῶν
2357 2368 2590 2423 ἐντολῶν
2647 2368 2904 2440 ἐργασίᾳο
2958 2369 3263 2441 προσῆκον,
3297 2370 3384 2424 διά
3425 2387 3488 2438 γε
3519 2371 3616 2441 τῆς

2034 2459 2177 2513 κατά
2199 2459 2257 2514 τὸ
2289 2459 2514 2515 δυνατὸν
2541 2459 2950 2531 ἐκπληρώσεως
2990 2461 3182 2514 πασῶν
3210 2460 3321 2516 τῶν
3358 2461 3616 2515 τοιούτων

2035 2551 2294 2619 ἐντολῶν,
2324 2552 2423 2624 τὴν
2481 2554 2540 2606 ἐν
2587 2553 2719 2625 ⁴ἡμῖν
2771 2553 3086 2624 φανέρωσιν
3142 2552 3240 2607 τοῦ
3287 2553 3620 2625 πνεύματος,

2034 2643 2197 2698 παντὶ
2213 2645 2400 2714 τρόπῳ
2431 2643 2683 2698 σπεύδειν
2711 2644 3083 2715 ἀνακαθᾶραι,
3118 2645 3214 2700 καὶ
3239 2645 3623 2716 ἐμφανέστατα

2035 2734 2392 2790 ἐποπτεῦσαι.
2434 2754 2452 2787 ι
2494 2735 2700 2806 Λύχνος
2729 2736 2862 2806 γὰρ,
2915 2737 3051 2808 φησὶ
3101 2725 3250 2805 πρὸς
3280 2737 3371 2790 τὸν
3421 2738 3554 2791 Θεὸν
3593 2739 3622 2790 6

2038 2827 2311 2899 μακάριος
2351 2827 2536 2892 Δαϐὶδ,
2561 2830 2675 2892 τοῖς
2709 2829 2837 2882 ποσί
2871 2845 2976 2899 μου
3003 2829 3031 2880 6
3063 2821 3226 2899 νόμος
3253 2845 3369 2895 σου,
3389 2830 3484 2882 καὶ
3509 2830 3622 2898 φῶς

2034 2920 2153 2983 ταῖς
2181 2917 2390 2990 τρίϐοις
2419 2937 2546 2989 μου,
2605 2921 2702 2974 καὶ
2767 2922 2802 2992 ἡ
2853 2907 3044 2991 ἐντολὴ
3085 2921 3292 2993 Κυρίου
3346 2921 3622 2992 τηλαυγὴς

2035 3012 2348 3082 φωτίζουσα
2382 3014 2720 3084 ὀφθαλμοὺς,
2753 3014 2848 3067 καὶ
2896 3015 3034 3086 πρὸς
3067 3015 3246 3080 πάσας
3274 3016 3373 3078 τὰς
3406 3014 3624 3079 ἐντολάς

2038 3123 2132 3160 σου
2152 3105 2571 3178 κατωρθούμην.
2587 3126 2605 3158 ι
2624 3107 2734 3160 Καὶ
2755 3109 2783 3160 6
2808 3108 3175 3178 Ἐπιστήθιος·
3200 3127 3218 3158 ι
3244 3108 3300 3161 ’0
3320 3126 3383 3174 τη
3393 3107 3500 3179 ρῶν
3527 3109 3626 3172 τὰς

2040 3197 2264 3263 ἐντολὰς
2288 3198 2478 3263 αὑτοῦ,
2513 3200 2571 3252 ἐν
2597 3198 2745 3268 αὐτῷ
2780 3199 2954 3267 μένει,
3009 3199 3104 3253 καὶ¹
3158 3199 3323 3263 αὐτὸς
3359 3201 3417 3254 ἐν
3449 3201 3619 3270 αὐτῷ’

2037 3290 2132 3346 καὶ
2159 3292 2214 3344 αἱ
2244 3291 2457 3345 ἐντολαὶ
2473 3290 2641 3345 αὑτοῦ
2671 3290 2886 3362 βαρεῖαι
2911 3292 3012 3345 οὐκ
3042 3291 3171 3346 εἰσί.
3207 3310 3226 3344 ι
3258 3292 3366 3346 Καὶ
3392 3292 3624 3364 ὁΣωτὴρ

2037 3385 2116 3453 δέ,
2142 3403 2164 3438 ι
2186 3385 2245 3440 Ὀ
2269 3385 2410 3457 ἔχων
2425 3385 2525 3450 τὰς
2545 3385 2765 3448 ἐντολάς
2785 3401 2911 3455 μου,
2927 3386 3020 3438 καὶ
3037 3383 3221 3456 τηρῶν
3243 3385 3440 3452 αὐτάς,
3480 3387 3625 3438 ἐκεῖ·

2039 3481 2129 3545 νός
2158 3483 2307 3534 ἐστιν
2332 3480 2362 3532 6
2401 3477 2636 3545 ἀγαπῶν
2667 3494 2735 3548 με
2764 3492 2778 3507 ⁶
2811 3479 2839 3532 6
2863 3476 2920 3532 δὲ
2953 3477 3187 3546 ἀγαπῶ)
3217 3495 3284 3548 με
3334 3477 3625 3548 ἀγαπηθὴ-

2040 3588 2193 3625 σεται
2226 3569 2332 3623 ὑπὸ
2359 3567 2452 3622 τοῦ
2480 3567 2692 3639 Πατρός
2723 3584 2852 3639 μου,
2892 3568 2989 3620 καὶ
3016 3566 3128 3636 ἐγὼ
3141 3569 3414 3638 ἀγαπήσω
3442 3565 3622 3632 αὑτὸν,

2040 3662 2135 3714 καὶ
2162 3660 2450 3731 ἐμφανίσω
2483 3659 2631 3728 αὑτῴ
2657 3639 2918 3729 ἐμαυτόν.
2948 3659 3058 3712 Καὶ
3083 3657 3176 3710 ἐάν
3206 3675 3288 3722 τις
3316 3659 3508 3727 ἀγαπᾷ
3533 3674 3623 3728 με,

2037 3750 2128 3804 τὸν
2158 3751 2316 3821 λόγον
2363 3766 2464 3820 μου
2503 3749 2754 3820 τηρήσει,
2780 3749 2874 3802 καὶ
2908 3750 2936 3801 6
2981 3749 3171 3820 Πατήρ
3209 3766 3310 3818 μου
3346 3749 3623 3818 ἀγαπήσει

2037 3844 2223 3909 αὑτὸν,
2256 3844 2351 3897 καὶ
2381 3842 2518 3912 πρὸς
2546 3842 2712 3895 αὑτὸν
2742 3841 3082 3909 ἐλευσόμεθα
3101 3881 3116 3906 ,
3148 3842 3241 3894 καὶ
3279 3840 3447 3911 μονὴν
3491 3842 3622 3910 παρ’

2038 3936 2189 4009 αὐτῷ
2212 3939 2535 4009 ποιήσομενο
2565 3955 2584 3987 ι
2613 3935 2727 3999 καὶ,
2753 3952 2772 3985 ι
2825 3933 2884 3987 Ὀ
2918 3933 2994 4005 μὴ
3025 3935 3258 4002 ἀγαπῶν
3283 3951 3372 4005 με,
3391 3937 3513 3998 τοὺς
3535 3933 3622 3986 λό-

2038 4049 2168 4101 γους
2189 4048 2290 4102 μου
2321 4030 2380 4083 ού
2412 4031 2625 4100 τηρεί·›
2650 4027 2889 4097 μάλιστα
2909 4027 2964 4080 δὲ
2987 4026 3215 4092 τούτων,
3237 4031 3358 4091 ταῖς
3379 4025 3624 4098 πρώταις

2039 4126 2135 4178 καὶ
2180 4123 2595 4192 γενικωτέραις,
2637 4122 2732 4175 καὶ
2768 4120 2932 4174 οἱονεὶ
2969 4121 3211 4192 μητράσι
3246 4120 3353 4172 τῶν
3400 4119 3624 4185 λοιπῶν,

2038 4219 2138 4288 τὴν
2168 4215 2427 4286 πλείστην
2463 4218 2658 4284 μοῖραν
2717 4213 2815 4285 τῆς
2848 4215 3112 4286 ἐργασίας
3139 4213 3448 4267 ἀποδιδόναι
3472 4229 3588 4275 πως
3607 4229 3621 4241 ο

2040 4308 2183 4360 οῦτω
2215 4307 2346 4378 γὰρ,
2381 4306 2477 4360 σὺν
2501 4304 2640 4376 Θεῷ,
2683 4304 2998 4368 ἀπταίστως
3020 4307 3114 4358 καὶ
3137 4304 3230 4358 τοῦ
3263 4305 3624 4376 προκειμένου

2045 4399 2272 4467 σκοποῦ,
2301 4397 2690 4470 αὑτῆςδηλαδὴ
2717 4398 2812 4468 τῆς
2842 4397 3014 4467 καλῆς
3045 4395 3317 4467 ἐνάρξεως
3341 4438 3355 4462 ,
3399 4397 3493 4452 καὶ
3531 4395 3626 4458 τοῦ

2042 4495 2227 4557 τέλους
2278 4494 2376 4564 τῆς
2429 4492 2670 4562 ἐφέσεως
2714 4491 3066 4563 ἐπιτύχοιμεν
3128 4491 3220 4557 ἂν,
3253 4491 3371 4561 ἦτοι
3399 4491 3496 4562 τῆς
3536 4491 3628 4544 τοῦ

1965 4592 2015 4654 ι)
2048 4585 2362 4657 Πνεῦματος
2391 4585 2775 4656 φανερώσεωε.

2047 4718 2175 4772 Ὀτι
2225 4717 2382 4788 ἀρχὴ
2429 4717 2635 4785 πάσης
2709 4716 3028 4787 θεοφιλοῦς
3079 4717 3386 4788 ἐργασίας,
3423 4718 3457 4783 ἡ
3482 4717 3634 4786 μετὰ

2124 4787 2385 4856 πίστεως
2407 4789 2735 4856 ἐπίκλησις
2779 4789 2886 4842 τοῦ
2925 4789 3219 4857 ὀνόματος
3257 4787 3364 4842 τοῦ
3415 4791 3634 4856 Κυρίου

2128 4859 2298 4927 ἡμῶν·
2344 4859 2579 4930 ,Ἰησοῦ
2651 4858 2954 4927 Χριστοῦ,
3014 4857 3114 4930 καὶ
3155 4859 3282 4930 μετέ
3317 4858 3546 4930 αὐτῆς,
3595 4859 3632 4927 ἡ

2110 4931 2180 4993 ἐξ
2206 4929 2398 4999 αὐτῆς
2429 4929 2858 4985 ἀνατέλλουσα
2902 4929 3131 4998 εἰρήνη,
3164 4929 3279 4982 καὶ
3306 4929 3526 4998 ἀγάπη.

2116 5050 2187 5115 η’.
2236 5043 2406 5114 Ἀρχὴ
2452 5044 2637 5114 μέντοι
2681 5045 2866 5115 πάσης
2921 5045 3206 5115 θεοφιλοῦς
3272 5045 3552 5116 ἐργασίας,
3599 5045 3633 5115 ἡ

2050 5139 2191 5209 μετά
2219 5139 2456 5202 πίστεως
2482 5137 2768 5208 ἐπίκλησις
2804 5138 2898 5194 τοῦ
2929 5140 3202 5211 σωτηρίου
3242 5141 3504 5210 ὀνόματος
3539 5137 3632 5191 τοῦ

2052 5229 2257 5299 Κυρίου
2287 5230 2445 5301 ήμῶν
2489 5231 2666 5292 Ἰησοῦ
2700 5233 2960 5305 Χριστοῦ,
2987 5234 3070 5286 ὅτι
3099 5232 3262 5296 αὐτὸς
3291 5231 3630 5302 ἀπεφήνατο·

2055 5342 2072 5374 ι
2111 5322 2295 5392 Χωρὶς
2319 5321 2455 5393 ἐμοῦ
2501 5323 2580 5386 οὐ,
2628 5323 2858 5378 δύνασθε
2891 5325 3064 5378 ποιεῖν
3107 5322 3279 5375 οὐδέν’
3321 5341 3338 5374 ι
3382 5323 3477 5374 καὶ
3499 5319 3640 5390 μετά

2049 5412 2274 5482 ταύτης,
2331 5413 2365 5481 ἡ
2403 5412 2618 5481 εἰρήνη.
2671 5412 2763 5464 Δεῖ
2813 5411 2964 5482 γάρ,
3019 5411 3172 5480 φησὶ,
3218 5410 3642 5481 προσεύχεσθαι.

2047 5507 2213 5574 χωρίς
2243 5507 2433 5576 ὀργῆς,
2463 5505 2557 5559 καὶ
2583 5504 2973 5576 διαλογισμῶν.
3009 5507 3118 5560 Καὶ
3147 5507 3180 5576 ἡ
3213 5505 3430 5575 ἀγάπη’
3486 5505 3567 5558 ὅτι
3606 5505 3634 5557 6

2047 5596 2178 5660 Θεὸς
2205 5596 2394 5665 ἀγάπη
2429 5596 2568 5660 ἐστὶ,
2605 5597 2699 5650 καὶ
2729 5599 2757 5651 6
2815 5597 2991 5667 μένων
3031 5601 3089 5651 ἐν
3123 5601 3186 5669 τῇ
3221 5598 3434 5669 ἀγάπῃ,
3470 5598 3528 5649 ἐν
3557 5597 3636 5666 τῷ

2049 5688 2168 5757 Θεῷ
2193 5687 2365 5759 μένει,
2400 5687 2494 5740 καὶ
2525 5689 2553 5740 6
2587 5687 2719 5750 Θεὸς
2767 5689 2826 5740 ἐν
2877 5677 3048 5760 αύτῷ.
3085 5687 3230 5760 Αὕτη
3265 5689 3318 5742 δὲ
3367 5692 3397 5756 ἠ
3435 5689 3630 5759 εἰρήνη

2052 5781 2144 5836 καὶ
2199 5782 2230 5850 ἡ
2266 5780 2477 5849 ἀγάπη,
2535 5779 2597 5832 ού
2637 5779 2800 5848 μόνον
2852 5781 3247 5852 εύπρόσδεκτον
3290 5780 3505 5835 ποιοῦσι
3540 5782 3637 5850 την

1095 5895 1114 5925 ⁸
1161 5891 1318 5948 Joau.
1363 5907 1471 5962 nr,
1499 5891 1589 5947 ‘21.
1668 5893 1685 5924 ⁷
1716 5892 1850 5949 ibid.
1885 5892 1954 5944 ‘25

2063 5901 2081 5923 "
2110 5893 2240 5947 ibid.
2269 5893 2356 5948 “ii.
2394 5897 2412 5921 °
2437 5895 2594 5950 δαίμ.
2633 5911 2718 5952 XV.
2743 5894 2797 5948 5.
3395 5888 3430 5907 ’⁸
