4076 6440
361 325 466 389 645
1569 335 1952 398 OPUSCULA

2067 334 2395 395 SCETICA.
3514 345 3546 404 δ
3565 347 3619 412 εδ

337 446 521 516 εὐχὴν,
560 446 696 500 ἀλλά
715 445 808 502 καὶ
825 445 885 512 ἐξ
905 445 1076 516 αὐτῆς
1100 446 1369 514 παλιντῆς
1395 445 1556 516 εὐχῆς
1605 445 1925 513 γεννῶνται,

2053 445 2188 498 ,ioue
2259 458 2566 502 nascuntur
2619 458 2673 504 et
2749 452 3026 516 oriuntur,
3078 463 3334 521 tauquam
3415 445 3616 525 genuini

338 541 428 593 καὶ
457 539 832 602 ἀνατέλλουσι,
867 538 1022 608 δίκην
1058 539 1296 610 διδύμων
1328 539 1523 592 ἐνθέων
1551 537 1806 603 ἀκτίνων,
1835 535 1931 589 καί⁵

2053 537 2290 594 :mlestes
2327 540 2486 606 radii,
2513 549 2924 599 ctcrescuntac
2953 547 3334 614 perﬁciuntur.

337 630 607 698 αὔξονταί,
639 632 734 685 καὶ
762 630 1117 685 τελειοῦνται.

2109 741 2389 818 Quod-per
2412 761 2835 818 unamquamque
2898 749 3088 802 harum
3115 764 3177 800 ac
3209 746 3367 799 simul
3397 763 3489 814 per
3519 756 3621 801 tres

341 768 464 796 'n-l
499 765 573 796 λι,
609 764 869 796 δυιῶιυσιιαι
895 766 1126 796 *Λα-ιοιιαι
1179 765 1273 796 ﬁt“,
1308 764 1455 796 Ᾱιιηιῧ
1494 763 1615 796 οιτον
1664 760 1793 796 ’ΛΙΙἬ

369 770 466 820 Οτι
497 765 573 819 δι’
604 764 869 818 ἑκάστου
895 766 1146 828 τούτων,
1179 765 1274 818 καὶ
1306 764 1455 831 ὁμοῦ
1494 763 1615 816 τῶν
1664 763 1861 830 τριῶν,
1890 763 1928 828 ἠ

409 836 649 874 θυόντων
701 833 822 874 τιτνν
874 834 1114 874 Anan/:31»
1155 837 1376 874 nune-In
1442 833 1932 874 ﬁﬁrﬁrzt'nlm'mnu

2109 763 2380 812 mica-per
2412 763 2835 818 unamquamque
2898 763 3088 802 narum
3115 764 3177 800 ac
3209 763 3364 799 δίηται
3397 763 3489 814 per

2109 816 2285 869 omnia
2297 833 2344 868 m
2373 816 2627 871 bonorum
2649 835 2861 873 acervus
2882 821 3026 874 nobis
3047 817 3500 872 subministratur.

404 836 649 976 ζῗιίιζτων
701 833 822 889 τῶν
873 834 1114 905 ἀγαθῶν
1155 837 1378 903 σωρεία
1441 833 1932 902 ἐπιδαψιλεύεται

503 925 582 962 ιν.

316 923 325 963 ἱ
414 923 582 963 'nutr.

316 971 322 992 ί

311 985 333 1090 ξ
411 1015 476 1073 θ’.
537 1018 673 1072 Ἀπὸ
702 1018 770 1090 δὴ
813 1018 1051 1085 τούτων,
1106 1017 1310 1090 μᾶλλον
1338 1018 1400 1072 δὲ
1436 1017 1505 1070 δι’
1539 1017 1773 1071 ἑκάστου
1813 1015 1938 1069 τού-

314 1071 328 1132 i

312 1108 324 1153 ἔ
341 1127 467 1172 των,
502 1109 600 1164 καί
623 1108 760 1180 ὁμοῦ
794 1109 905 1163 τῶν
929 1109 1119 1181 τριῶν,
1154 1109 1318 1180 ήτῶν
1366 1109 1590 1178 ἀγαθῶν
1631 1111 1764 1179 ἡμῖν
1797 1108 1935 1161 πάν-

2109 992 2164 1047 9.
2193 991 2403 1074 Exltis,
2432 993 2540 1048 imo
2583 1011 2680 1065 per
2701 996 2945 1066 singulas
2971 1012 3184 1060 earum,
3229 1007 3284 1053 et
3324 997 3484 1052 simul
3525 1012 3622 1067 per

2039 1095 2171 1149 tres,
2199 1087 2464 1142 bonorum
2491 1089 2736 1142 omnium
2769 1089 2928 1144 nobis
2959 1105 3196 1146 acervus
3236 1089 3624 1144 subministra-

342 1217 448 1255 των
484 1201 691 1271 σωρεία
750 1200 1194 1270 ἐπιδαψιλεύεται
1221 1243 1236 1268 ,
1282 1201 1380 1254 καὶ
1441 1200 1789 1272 πλημμυρεῖ.
1837 1199 1936 1252 Διά

349 1294 447 1364 μὲν
474 1294 584 1364 γάρ
617 1294 717 1362 τῆς
747 1295 805 1347 ἐν
827 1293 1008 1347 πίστει
1041 1293 1389 1364 ἐπικλήσεως
1415 1292 1511 1347 τοῦ
1542 1292 1807 1362 ὀνόματος
1839 1289 1936 1345 τοῦ

343 1387 550 1457 Κυρίου
592 1387 750 1456 ἡμῶν
799 1385 976 1456 Ἰησοῦ
1019 1386 1284 1458 Χριστοῦ,
1325 1387 1389 1441 τὸ
1442 1386 1628 1451 ἔλεος,
1680 1387 1776 1439 καὶ
1836 1384 1937 1456 τὴν

339 1478 416 1546 τῷ
445 1478 558 1568 ὄντι
581 1476 747 1548 ζωὴν,
780 1479 837 1530 ἐν
865 1477 1015 1549 αὑτῷ
1047 1478 1440 1550 κεκρυμμένην
1485 1474 1672 1543 οὖσαν,
1705 1476 1940 1568 βεραῑῳς

342 1567 634 1639 ἐλπίζομεν
657 1569 930 1639 λήψεσθαι
964 1585 978 1599 ⁸
1014 1569 1089 1633 ὡς
1107 1569 1273 1641 ἄλλης
1302 1571 1454 1634 θείας
1473 1570 1655 1641 πηγῆς
1685 1568 1933 1633 ἀεννάου,

344 1661 774 1732 ὕπερὸλύξοντος
814 1662 973 1728 αὐτὰ,
1033 1663 1130 1717 τοῦ
1194 1662 1344 1716 ἔνδον
1399 1662 1630 1734 καρδίας
1677 1660 1938 1731 καθαρῶς

344 1755 717 1825 ἐπιϐοωμένου
752 1754 1018 1826 ὀνόματος
1046 1755 1142 1810 τοῦ
1187 1757 1397 1828 Κυρίου
1446 1755 1619 1826 Ἰησοῦ
1649 1753 1890 1826 Χριστοῦ
1919 1771 1933 1784 ·

342 1848 426 1902 διὰ
447 1849 500 1902 δὲ
533 1849 632 1919 τῆς
671 1851 851 1904 πάντα
881 1850 1006 1904 νοῦν
1034 1850 1405 1921 ὑπερεχούσης
1433 1890 1447 1914 ,
1489 1849 1583 1902 καὶ
1612 1849 1762 1918 ὅριον
1785 1847 1938 1902 οὐδὲν

343 1940 591 2011 ἐχούσης,
621 1941 866 2011 εἰρήνης,
901 1940 1000 2011 τῆς
1023 1940 1160 2012 πρὸς
1204 1940 1338 1993 Θεὸν
1361 1940 1456 1993 καὶ
1496 1938 1764 2007 ἀλλήλους
1797 1953 1940 1990 κατ-

342 2033 581 2101 ἀλλαγῆς
654 2031 958 2102 ἀξιούμεθα
995 2047 1009 2062 °
1065 2032 1155 2085 διὰ
1195 2031 1253 2085 δὲ
1307 2032 1408 2102 τῆς
1450 2030 1710 2101 ἀγάπης,
1761 2023 1832 2100 ἦς
1877 2027 1940 2081 τὸ

347 2125 501 2187 κλέος
552 2123 905 2196 ἀσύγκριτον,
948 2125 1022 2187 ὡς
1064 2123 1234 2194 οὕσης
1285 2126 1439 2186 τέλος
1493 2124 1590 2176 καὶ
1640 2121 1942 2191 κεφάλαιον

341 2215 434 2270 τοῦ
462 2233 520 2269 τε
549 2217 716 2287 νόμου
753 2218 844 2270 καὶ
891 2217 1001 2270 τῶν
1039 2215 1338 2288 προφητῶν
1366 2231 1382 2248 ⁸
1439 2215 1535 2270 καὶ
1585 2217 1649 2285 δὴ
1699 2215 1796 2268 καὶ
1846 2212 1977 2269 τὸν·

342 2309 472 2362 Θεὸν
493 2310 716 2379 ἀγάπην
754 2308 846 2362 ὀνο
857 2309 1130 2380 μάξεσθαι
1151 2324 1163 2339 ·
1195 2306 1394 2370 ὀλικῶς
1415 2307 1495 2379 τῷ
1519 2306 1640 2376 Θεῷ
1676 2304 1942 2360 συναπτό-

351 2399 512 2468 μεθα,
558 2399 1018 2470 καταργουμένης
1067 2399 1166 2469 τῆς
1211 2397 1491 2468 ἁμαρτίας
1546 2396 1707 2468 ήμῶν
1749 2398 1816 2466 τῇ
1848 2392 1942 2447 τοῦ

353 2493 486 2546 Θεοῦ
520 2493 862 2565 δικαιοσύνῃ,
901 2491 996 2545 καὶ
1031 2493 1098 2562 τῇ
1132 2489 1200 2544 δι’
1246 2490 1468 2559 ἀγάπης
1502 2489 1560 2542 ἐν
1594 2490 1726 2558 ἡμῖν
1762 2504 1944 2557 παρα-

348 2587 514 2653 δόξως
569 2585 941 2656 ἐνεργουμένη
988 2581 1230 2654 υἱοθεσία
1269 2581 1368 2651 τῆς
1425 2580 1668 2651 χάριτος.
1732 2577 1798 2632 'Il
1833 2581 1942 2648 γὰρ

348 2680 559 2748 ἀγάπη,
616 2677 768 2747 φησὶ,
829 2675 1064 2745 καλύψει
1125 2672 1334 2745 πλῆθος
1379 2671 1693 2742 ἁμαρτιῶν,
1751 2670 1848 2725 καὶ
1906 2671 1940 2738 ὴ

347 2767 536 2836 ἀγάπη
572 2764 749 2819 πάντα
780 2763 1006 2832 στέγει,
1043 2763 1223 2817 πάντα
1253 2759 1523 2823 πιστεύει,
1561 2757 1740 2812 πάντα
1790 2757 1944 2810 ἐλπζ-

351 2857 452 2923 ζει,
494 2857 667 2912 πάντα
701 2855 984 2926 ὑπομένει,
1007 2856 1053 2924 ¹ή
1084 2852 1273 2922 ἀγάπη
1291 2849 1550 2904 οὐδέποτε
1591 2847 1868 2902 ἐκπίπτει.

353 2993 472 3047 Ὀτι
503 2993 600 3046 καί
652 2993 684 3045 ὁ
731 2991 944 3058 Κύριος
992 2982 1494 3062 ἠμῶνῌἸησοῦς
1520 2981 1808 3062 ⁸Χριστος
1861 2979 1942 3045 τῷ

419 3062 602 3130 καιρῷ
645 3062 753 3130 τοῦ
793 3057 1093 3130 σωτηρίου
1123 3057 1383 3130 πάθους,-
1435 3057 1623 3130 rauca
1662 3057 1788 3130 τοῖς
1824 3067 1940 3130 μιξ-

428 3120 632 3202 θηξαίῖς
653 3120 974 3196 οἷόν¹τιναξ
1005 3128 1346 3202 ita-(1”)inth
1360 3123 1635 3202 amcam,
1655 3122 1771 3202 _xal
1794 3120 1946 3202 xlii-.-

408 3191 1074 3274 ροὶηὲνθεοννκατέλιπὲ
1099 3191 1228 3264 τοῖς
1265 3195 1461 3260 ἰδίοις,
1497 3191 1787 3258 ὡσαύτως
1844 3191 1943 3246 καί
1977 3209 2024 3270 α

426 3275 577 3346 μετά
602 3273 719 3342 τὴν·
743 3272 1112 3328 ἀνάστασιν.

427 3398 478 3446 ι’.
513 3390 676 3444 Ὅθεν
705 3388 802 3445 καὶ
825 3386 986 3450 αὐτὸς
1040 3387 1069 3440 ὁ
1109 3382 1427 3453 πανάγαϐος
1481 3383 1577 3436 καὶ
1609 3379 1949 3451 γλυκύτατος

355 3484 556 3556 Κύριος
591 3480 748 3553 ήμῶν
811 3479 1020 3551 Ἰησοῦς
1071 3476 1345 3547 Χριστὸς,
1402 3474 1500 3529 καὶ
1555 3475 1645 3528 ὅτε
1710 3472 1850 3544 πρὸς
1886 3471 1949 3524 τὸ

357 3576 492 3647 ὑπὲρ
517 3574 677 3646 ήμῶν
703 3571 950 3626 ἑκούσιον
996 3570 1167 3647 αὐτοῦ
1209 3569 1382 3634 πάθος
1430 3567 1682 3638 ἀφίκετο,
1723 3563 1820 3618 καὶ
1859 3564 1949 3616 ὅτε

361 3667 498 3738 μετά
553 3666 652 3736 τὴν
713 3665 1014 3720 ἀνάστασιν
1069 3665 1185 3726 τοῖς
1257 3662 1580 3727 ἀποστόλοις
1625 3658 1824 3729 ῶφθηο
1861 3657 1952 3710 ναὶ

362 3761 465 3831 μὴν
495 3759 593 3814 καὶ
621 3757 785 3829 ἡνίκα
843 3757 982 3827 πρὸς
1035 3756 1127 3810 τὸν
1183 3754 1378 3809 ἑαυτοῦ
1412 3753 1576 3823 φύσει
1651 3753 1745 3805 καὶ
1793 3748 1952 3820 ήμῶν

359 3853 540 3924 χάριτι
567 3851 786 3922 Πατέρα
831 3849 1056 3920 ἔμελλεν
1105 3846 1540 3918 ἐπανέρχεσθαι,
1601 3845 1698 3898 ἅτε
1763 3840 1952 3911 Πατὴρ

359 3948 582 4018 γνήσιος
633 3946 730 3998 καὶ
782 3943 1174 4015 φιλόστοργος,
1225 3940 1387 3994 οἱονεί
1438 3957 1587 4001 τινας
1646 3937 1955 4006 ἐξιτηρὶους

363 4041 602 4106 ἐντολὰς,
662 4039 757 4093 καὶ
807 4035 1166 4109 παραμυθίας
1230 4036 1547 4104 προσηνεῖς,
1611 4029 1703 4083 καὶ
1749 4025 1952 4109 γλυκύο

363 4151 500 4186 τατα
563 4132 657 4186 καὶ
694 4131 925 4202 βέϐαια,
966 4129 1042 4193 ὡς
1102 4129 1302 4190 εἰπεῖν,
1357 4125 1578 4194 ὄμηρα’
1645 4121 1845 4191 μᾶλλον
1897 4117 1953 4170 δὲ

364 4230 729 4303 κληρονομίαν
773 4227 1106 4297 θεοπάροχον
1141 4219 1508 4292 ἀναφαίρετον
1537 4233 1552 4248 °
1582 4213 1760 4270 ταῦτα
1821 4212 1957 4266 πᾶσι

364 4327 476 4388 τοῖς
516 4321 668 4385 ἰδίοις
702 4320 964 4374 κατέλιπε
1001 4335 1013 4348 ·
1046 4315 1141 4370 καί
1162 4313 1324 4368 τοῦτο
1357 4311 1492 4382 μὲν,
1521 4303 1602 4371 οἷς
1636 4323 1772 4376 φησι
1821 4304 1958 4376 πρὸς

365 4417 488 4478 τοὺς
555 4412 822 4485 μαθητάς,
848 4411 943 4466 τοῦ
1001 4406 1270 4478 σωτηρίου
1333 4405 1542 4466 πάθους
1592 4399 1958 4461 ἐπιστάντος,

367 4508 558 4574 οὔτωςο
598 4524 618 4558 ι
679 4507 745 4559 "0
798 4523 852 4558 τι
904 4503 969 4558 ἂν
1029 4503 1294 4571 αἰτήσητε
1339 4496 1501 4567 ἐντῷ
1556 4493 1784 4562 ὀνόματί
1827 4507 1953 4560 μου,

2040 1189 2128 1234 tur
2166 1189 2220 1234 et
2264 1180 2524 1236 abundat.
2560 1182 2664 1235 Pcr
2723 1181 3121 1236 invocationem
3181 1183 3322 1235 enim
3383 1180 3624 1236 nominis

2040 1270 2256 1326 Domini
2310 1272 2486 1328 nostri
2517 1270 2644 1327 Jesu
2691 1271 2895 1326 Christi
2947 1271 3382 1326 miscricordiam
3427 1285 3491 1323 ac
3522 1284 3620 1323 ve-

2041 1378 2159 1416 rant
2192 1362 2361 1418 vitam
2400 1361 2457 1418 in
2490 1361 2612 1431 ipso
2636 1363 3017 1418 absconditam
3047 1361 3280 1417 ﬁrmiter
3309 1376 3410 1416 nos
3471 1375 3626 1416 acce-

2040 1466 2232 1528 pturos
2265 1472 2387 1515 esse
2407 1472 2728 1526 speramus;
2765 1466 3028 1525 tauquam
3062 1455 3170 1509 alio
3193 1455 3414 1524 perenni
3447 1454 3618 1518 fonte,

2039 1564 2104 1604 ca
2164 1549 2505 1606 abundanter
2570 1548 2903 1614 eﬂ'undente,
2961 1547 3016 1600 in
3085 1548 3402 1616 pectoribus
3462 1546 3621 1626 nobis

2043 1657 2180 1711 pure
2215 1641 2469 1697 invocato
2499 1641 2724 1696 nomine
2773 1639 2992 1695 Domini
3037 1638 3169 1694 Jesu
3221 1637 3452 1694 Christi.
3517 1641 3622 1694 Per

2041 1750 2161 1790 eam
2198 1736 2537 1803 autem'qute
2583 1741 2752 1788 totam
2801 1743 3040 1788 mentem
3092 1732 3354 1802 possidet,
3408 1746 3620 1800 pacem,

2040 1827 2190 1896 digni
2214 1826 2490 1896 .babemur
2523 1828 2758 1896 quicum
2795 1824 2907 1881 Deo
2937 1835 2990 1879 et
3025 1841 3147 1879 cum
3167 1826 3289 1880 aliis
3313 1823 3628 1878 hominibus

2041 1920 2463 1989 conjungamur.
2510 1919 2615 1976 Per
2641 1919 2962 1975 cbaritatent
2989 1931 3138 1982 vero,
3164 1920 3320 1988 cujus
3348 1918 3626 1986 incompa-

2043 2013 2235 2068 rabilis
2273 2022 2358 2069 est
2379 2014 2579 2083 gloria,
2603 2028 2728 2067 cum
2775 2012 2847 2066 sit
2891 2012 3016 2066 ﬁnis
3065 2021 3120 2066 et
3151 2026 3364 2065 summa
3395 2009 3529 2077 legis
3567 2018 3626 2064 et

2041 2110 2468 2178 prophetarum;
2491 2115 2684 2161 etcum
2716 2104 2858 2161 Deus
2883 2105 2999 2175 ipse
3019 2103 3260 2158 cltaritas
3282 2103 3620 2167 nominetur,

2042 2201 2270 2256 omnino
2330 2216 2456 2256 cum
2517 2201 2628 2256 Deo
2685 2201 2928 2262 unimur,
2987 2198 3194 2254 nostris
3247 2199 3484 2268 peccatis
3528 2197 3623 2252 Dei

2039 2293 2252 2364 iustitia
2276 2293 2497 2348 abolitis
2524 2293 2576 2346 iu
2607 2292 2875 2362 nobisque
2906 2291 3226 2346 mirabiliter
3251 2304 3346 2358 per
3381 2288 3626 2343 cbarita-

2043 2396 2154 2442 tetn
2189 2397 2452 2458 operante
2481 2401 2543 2440 ea
2575 2386 2888 2457 gratiaqum
2925 2400 3023 2439 nos
3055 2383 3192 2438 tilias
3222 2381 3405 2437 eiiicit.
3429 2380 3627 2436 Chari-

2048 2489 2132 2535 tas
2167 2479 2336 2542 enim,
2369 2480 2564 2548 inquit,
2599 2480 2780 2546 operit
2801 2476 3205 2532 nmltitudinem
3233 2482 3619 2545 peccatorum;

2045 2583 2099 2630 et
2119 2574 2363 2630 cbaritas
2396 2573 2586 2630 omnia
2619 2573 2770 2644 tegit,
2792 2571 2975 2627 omnia
2997 2569 3193 2634 credit,
3219 2568 3400 2622 omnia
3423 2577 3626 2637 sperat,

2045 2668 2231 2724 omnia
2259 2669 2519 2732 sustinet,
2539 2667 2780 2724 charitas
2803 2679 3084 2733 nunquam
3117 2661 3324 2718 deﬁcit.

2050 2990 2203 3058 Quod
2253 2999 2300 3042 et
2339 2986 2591 3058 Dominus
2617 2993 2793 3058 noster
2815 2979 2971 3058 Iesus
3001 2976 3246 3033 Christus
3285 2984 3512 3058 tempore
3536 2989 3626 3026 sa-

2124 3061 2314 3115 lutaris
2357 3057 2620 3128 passionis
2657 3053 2932 3116 discipulis
2967 3059 3214 3128 tanquam
3257 3046 3447 3128 ultima
3475 3060 3629 3128 man:-

2121 3134 2254 3185 data
2285 3139 2333 3185 et
2357 3116 2608 3182 'tlivinum
2641 3131 3012 3180 testamentum
3037 3119 3149 3174 suis
3192 3116 3425 3188 reliquit,
3458 3124 3518 3169 ut
3574 3121 3626 3168 et

2127 3214 2242 3274 post
2278 3201 2738 3256 resurrectionem.

2127 3362 2216 3420 10.
2244 3360 2403 3420 Unde
2432 3370 2486 3416 et
2517 3359 2635 3432 ipse
2674 3356 2916 3428 optimus
2949 3369 3012 3410 ac
3045 3351 3400 3408 dulcissimus
3435 3349 3630 3406 Salva-

2055 3466 2144 3515 tor
2169 3446 2353 3514 noster
2380 3452 2546 3510 Jesus
2577 3452 2851 3516 Christus,
2884 3457 2936 3504 et
2991 3447 3212 3518 quando
3265 3447 3333 3500 ad
3385 3443 3633 3499 volunta-

2054 3551 2193 3607 riam
2211 3564 2313 3620 pro
2344 3545 2502 3601 nobis
2523 3543 2831 3615 passionem
2855 3556 3010 3594 suam
3041 3537 3306 3607 pervenit,
3338 3545 3390 3590 et
3410 3534 3631 3606 quando

2057 3651 2188 3714 post
2236 3637 2697 3696 resurrectionem
2749 3633 3014 3704 apostolis
3087 3631 3236 3685 visus
3291 3637 3408 3694 est;
3465 3637 3631 3696 atque

2058 3736 2223 3791 etiam
2249 3731 2470 3802 quando
2511 3728 2578 3782 a‘d
2617 3744 2741 3783 eum
2768 3725 2862 3795 qui
2889 3724 2993 3795 ipsi
3021 3734 3238 3785 natura,
3275 3721 3431 3776 nobis
3461 3722 3636 3791 gratia

2058 3837 2208 3899 pater
2244 3834 2348 3889 εει,
2381 3837 2711 3878 reversurus
2742 3829 2882 3882 erat,
2936 3829 3200 3883 tanquam
3251 3829 3414 3868 verus
3451 3829 3514 3869 ac
3559 3823 3638 3867 te-

2057 3920 2332 3994 nerrimus
2361 3927 2532 3988 pater,
2560 3915 2769 3982 aliquot
2791 3911 2948 3981 quasi
2984 3909 3173 3974 ultima
3204 3909 3482 3970 mandata,
3511 3906 3636 3961 dul-

2058 4029 2262 4083 cesque
2300 4009 2731 4070 consolationes,
2777 4013 2831 4060 et
2860 4001 3178 4058 dulcissima
3212 4008 3261 4055 et
3321 3998 3520 4061 solida,
3578 4006 3638 4052 ut

2065 4107 2140 4163 ita
2174 4105 2375 4170 dicam,
2423 4101 2685 4172 pignora;
2718 4097 2829 4165 imo
2883 4110 3014 4150 vero
3061 4101 3449 4147 testamentum
3494 4090 3639 4148 divi-

2041 4207 2190 4255 ‘num
2221 4193 2544 4258 indelebile;
2570 4190 2756 4246 omnia
2786 4191 2908 4244 haec
2941 4184 3200 4242 omnibus
3241 4184 3358 4239 suis
3390 4183 3634 4252 reliquit.

2058 4289 2360 4360 thuidem
2390 4287 2504 4342 haec
2525 4283 2807 4353 discipulis
2849 4277 3293 4349 suis,salutaretn
3321 4275 3634 4346 passionem

2059 4383 2391 4457 ingrediens,
2425 4379 2559 4435 dixit
2591 4395 2607 4436 :
2653 4395 2672 4432 t
2719 4375 3092 4443 Quodcunque
3125 4370 3391 4441 petieritis
3419 4367 3639 4424 Patrem

2063 4476 2119 4532 in
2157 4475 2379 4532 nomine
2408 4486 2669 4539 meo,ego
2708 4468 2987 4524 faciam“.
3017 4484 3034 4517 ι
3072 4464 3138 4520 Ει
3170 4481 3184 4519 :
3217 4482 3235 4516 ι
3266 4462 3458 4530 Amen,
3482 4478 3642 4518 amen

370 4597 480 4668 ἐγὼ
501 4553 732 4666 ποιήσω·
771 4614 788 4648 ι
823 4593 942 4658 καὶ,
973 4611 991 4644 ‹
1027 4553 1388 4662 ’Λμίηνίἀμὴν
1412 4553 1556 4655 λέγω
1585 4553 1735 4654 ὑμῖν,
1757 4553 1840 4634 ὄτί
1861 4553 1952 4633 ὅσα

2063 4573 2187 4630 dico
2221 4569 2374 4627 vobis
2409 4583 2425 4623 :
2454 4567 2498 4622 si
2532 4564 2665 4637 quid
2721 4563 2987 4634 petieritis
3039 4575 3070 4615 a
3103 4553 3267 4621 Patre
3312 4556 3366 4612 iu
3422 4555 3643 4611 nomine

371 4695 435 4746 ἂν
463 4691 726 4762 αἰτήσητε
760 4691 850 4742 τὸν
894 4685 1114 4756 Πατέρα
1171 4685 1228 4737 ἐν
1274 4684 1352 4752 τῲ
1382 4676 1606 4749 ὀνόματί
1639 4691 1762 4746 μου,
1797 4671 1959 4728 δώσει

373 4789 538 4857 ἡμῖν’
575 4785 679 4846 ἕως
719 4782 846 4852 ἄρτι
875 4781 1027 4834 οὐδὲν
1060 4779 1299 4848 ᾐτήσατε
1351 4776 1409 4836 ἐν
1432 4771 1510 4842 τῷ
1549 4768 1774 4838 ὀνόματί
1836 4783 1961 4838 μου.

375 4880 585 4931 Αἰτεῖτε
620 4875 715 4928 καὶ
760 4871 1022 4944 λήψεσθε,
1063 4872 1150 4922 ἵνα
1183 4867 1384 4938 ἠχαρά
1419 4859 1632 4935 ὑμῶνῇ
1665 4859 1964 4930 πεπληρω-

381 4971 514 5043 μένη
543 4987 555 5002 ’
594 4969 688 5023 καί⁵
719 4969 774 5020 ἐν
805 4954 1094 5036 ἐκείνῃαῇ
1125 4960 1312 5032 ἡμέρα
1362 4959 1419 5012 ἐν
1467 4955 1544 5027 τῷ
1593 4951 1820 5024 ὀνόματί
1863 4966 1964 5043 μου

379 5042 726 5133 αἰτήσεσθε.»
749 5059 859 5112 Καὶ
881 5054 1038 5119 αὖθις
1064 5053 1203 5125 μετά
1229 5051 1324 5122 τὴν
1349 5049 1667 5104 ἀνάστασιν·
1688 5047 1892 5117 σημεῖα
1907 5042 1964 5096 δὲ

375 5157 489 5218 τοῖς
547 5151 870 5206 πιστεύσασι
932 5146 1107 5215 ταῦτα
1164 5138 1635 5215 παρακολουθήσει
1669 5150 1683 5167 ⁸
1758 5138 1814 5190 ἐν
1886 5133 1965 5206 τῷ

375 5244 607 5316 ὀνόματί
641 5261 742 5314 μου
763 5242 1018 5312 δαιμόνια
1034 5235 1348 5300 ἐκϐαλοῦσι,
1368 5232 1641 5304 γλώσσαις
1669 5229 1966 5298 λαλήσουσι

383 5340 623 5402 καιναῖς,
662 5355 680 5387 ι
709 5335 808 5389 καί⁵
829 5334 898 5388 τὰ
928 5332 1075 5401 ἑξῆς.
1104 5329 1328 5394 Τούτοις
1359 5323 1631 5381 ἀκόλουθα
1653 5317 1964 5393 διαγορεύει

375 5431 515 5484 καὶὸ
545 5426 890 5496 Ἐπιστήθιος
909 5442 924 5458 ο
959 5445 977 5476 ι
1009 5423 1184 5478 Πολλὰ
1207 5423 1305 5493 μὲν
1338 5440 1432 5476 ουν
1477 5422 1573 5476 καὶ
1599 5420 1734 5474 ἄλλα
1758 5420 1964 5489 σημεῖα

378 5521 631 5590 ἐποίησεν
655 5521 681 5572 ὁ
726 5518 934 5589 Ἰησοῦς
965 5514 1196 5569 ἐνώπιον
1233 5515 1343 5568 τῶν
1393 5513 1650 5586 μαθητῶν
1694 5512 1859 5566 αὑτοῦ
1885 5550 1899 5576 ,
1931 5509 1968 5564 ἃ

383 5615 484 5667 οὐκ
505 5613 621 5698 ἔστι
645 5611 1010 5680 γεγραμμένα
1043 5610 1100 5661 ἐν
1132 5608 1209 5679 τῷ
1245 5607 1435 5678 βιϐλίῳ
1466 5607 1642 5675 τούτῳ
1666 5622 1681 5637 ο
1710 5603 1888 5658 ταῦτα
1910 5603 1968 5657 δὲ

385 5697 727 5776 γέγραπται,
779 5703 867 5757 ἵνα
919 5717 1288 5772 πιστευστιτε,
1357 5700 1439 5753 ὅτι
1495 5697 1703 5768 Ἰησοῦς
1754 5699 1902 5750 ἐστιν
1943 5697 1970 5750 ὁ

1648 5875 1689 5908 ¹¹
1719 5872 1849 5929 ibid.
1879 5868 1972 5927 ‘26.

465 5884 506 5913 ¹⁰
537 5880 694 5937 ιιυιιιι.
729 5894 835 5947 xtv,
881 5879 964 5936 15.
1063 5877 1101 5908 ¹¹
1125 5874 1281 5930 Joan.
1323 5890 1430 5943 ενι,
1461 5875 1552 5937 23.

2063 4667 2207 4732 meo,
2240 4664 2392 4720 dabit
2444 4660 2619 4717 vobis.
2651 4657 2837 4728 Usque
2875 4655 3038 4711 modo
3074 4654 3202 4717 noni
3223 4649 3452 4723 petiistis
3485 4647 3644 4720 quid-

2064 4772 2230 4827 quam
2263 4755 2316 4809 in
2350 4753 2574 4808 nomine
2601 4765 2759 4815 meo;
2799 4748 2988 4817 petite,
3017 4754 3069 4804 et
3091 4743 3393 4812 accipietis,
3426 4752 3485 4798 ut
3514 4756 3644 4810 gau-

2065 4852 2214 4906 dium
2250 4859 2492 4903 vestrutu
2528 4842 2600 4897 sit
2651 4842 2867 4909 plenum
2897 4837 2960 4890 “.
3001 4854 3019 4887 ι
3064 4835 3148 4902 Et,
3182 4853 3200 4888 ι
3235 4835 3294 4890 ln
3332 4835 3422 4889 illa
3456 4834 3542 4890 die
3592 4833 3646 4888 in

2066 4941 2289 4996 nomine
2326 4951 2445 4992 meo
2471 4934 2663 5007 pctetis
2695 4933 2759 4986 “.
2796 4949 2815 4983 ι
2848 4931 2910 4984 Et
2951 4943 3173 4984 rursum
3227 4937 3352 4997 post
3403 4941 3646 4982 resurre-

2070 5034 2311 5089 ctionem
2375 5044 2530 5084 suam
2588 5023 2804 5079 diccbat
2842 5039 2856 5076 :
2901 5039 2919 5072 ι
2959 5019 3125 5088 Signa
3161 5030 3344 5074 autem
3413 5017 3649 5083 eos‘qui

2071 5127 2422 5183 crediderunt
2448 5123 2564 5176 haec
2593 5125 2899 5188 sequentur
2929 5131 2944 5167 :
2975 5112 3032 5167 in
3066 5111 3289 5168 nomine
3350 5125 3476 5166 meo
3534 5111 3650 5164 dte-

2070 5221 2255 5276 monia
2285 5217 2542 5288 ejiciettt;
2588 5211 2792 5282 linguis
2829 5207 3129 5279 loquentur
3165 5203 3324 5260 novis
3382 5201 3449 5268 ⁸³,
3508 5219 3526 5258 ι
3593 5209 3651 5257 ct

2070 5324 2290 5371 caetera.
2329 5309 2395 5368 lis
2419 5317 2473 5365 et
2505 5305 2657 5362 addit
2686 5303 2775 5358 ille
2803 5301 2896 5372 qui
2925 5313 3089 5368 supra
3119 5304 3308 5366 pectus
3333 5293 3454 5364 ejus
3485 5309 3649 5350 rem.

2073 5406 2233 5462 bnit:
2270 5421 2290 5456 ι
2324 5401 2490 5456 Multa
2532 5395 2758 5468 quidem
2792 5402 2848 5452 et
2875 5391 2983 5448 alia
3036 5391 3191 5460 signa
3228 5387 3359 5444 fecit
3385 5383 3547 5444 Iesus
3593 5385 3648 5440 in

2063 5473 2365 5564 conspectu
2415 5487 2803 5557 discipulorum
2865 5496 3120 5545 suorum,
3182 5493 3306 5549 qua:
3356 5493 3466 5534 non
3521 5489 3675 5544 sunt.

2069 5590 2273 5656 scripta
2306 5585 2360 5639 in
2389 5585 2531 5637 libro
2584 5579 2724 5635 hoc:
2757 5578 2872 5631 haec
2911 5585 3090 5630 autem
3118 5573 3318 5642 scripta
3379 5578 3530 5634 sunt,
3591 5579 3651 5624 ut

2071 5680 2313 5740 credatis
2341 5679 2466 5748 quia
2519 5673 2681 5732 Jcsus
2707 5681 2794 5729 est
2840 5669 3097 5728 Christus
3128 5664 3302 5723 Filius
3337 5662 3451 5730 Dei,
3491 5670 3546 5718 et
3590 5667 3653 5717 ut

2068 5867 2110 5897 "
2139 5864 2296 5920 Marc.
2334 5877 2442 5924 ενι,
2480 5860 2558 5914 i7.
