4076 6482
369 350 476 413 657

1221 349 1586 443 CALLISTI.
1614 351 1709 411 ET
1748 349 2050 410 IGNATII
2096 351 2797 415 XAN'l‘llOl’ULORUM

3528 358 3562 423 6
3580 354 3637 426 "8

373 460 658 517 credentes
690 461 855 517 vitam
908 462 1157 519 habeatis
1185 463 1240 517 in
1298 462 1517 519 nomine
1555 463 1677 533 ejus
1732 462 1798 517 “.
1828 481 1846 515 ι
1898 462 1992 516 Ει,

2069 467 2299 538 Χριστὸς
2334 469 2362 520 ό
2388 468 2515 527 Υἱὸς
2544 467 2638 521 τοῦ
2670 466 2827 531 Θεοῦ,
2861 468 2954 521 καὶ
2977 468 3063 521 ἵνα
3095 468 3473 533 πιστεύοντες,
3503 469 3646 538 ζωὴν

371 555 658 627 apostolus
691 555 895 609 Paulus
934 574 948 610 :
995 575 1013 607 ι
1041 555 1098 608 ln
1153 556 1376 610 nomine
1413 554 1545 611 Jesu
1599 570 1761 610 omne
1814 570 1955 623 genu

373 649 622 704 ﬂectetur
659 648 726 713 ",
765 666 783 700 ι
817 656 877 702 et
905 658 1121 702 caetera.
1156 651 1334 718 Atque
1366 649 1420 703 in
1451 648 1681 704 Actibus
1739 658 1961 716 aposto-

373 743 550 796 lorum
590 741 855 795 setibitur
888 756 901 793 :
934 759 953 792 ι
988 740 1145 796 Tunc
1200 740 1397 796 Petrus
1448 742 1692 810 repletus
1748 741 1957 811 Spiritu

372 840 589 899 sancto,
658 831 796 885 dixit
834 849 849 885 :
903 830 1101 885 Notum
1135 832 1204 886 sit
1228 831 1485 886 omnibus
1515 831 1670 887 vobis
1724 839 1779 884 et
1808 830 1957 886 omni

374 921 563 986 l~rael,
595 921 723 991 quia
768 922 823 976 in
877 924 1101 976 nomine
1133 921 1260 977 Jesu
1292 920 1584 985 Nazareni,
1632 934 1798 991 quem
1862 934 1960 975 vos

371 1017 756 1082 erueiiixistis,
798 1032 963 1086 quem
997 1014 1139 1070 Deus
1164 1014 1452 1070 suscitavit
1481 1031 1546 1070 ex
1595 1015 1852 1077 mortuis,
1904 1014 1959 1068 in

376 1109 480 1163 hoc
522 1109 614 1164 ille
658 1119 800 1164 a~tat
843 1124 1030 1163 coram
1093 1108 1247 1162 vobis
1301 1124 1472 1163 sanus
1516 1108 1582 1162 ".
1610 1127 1628 1159 ι
1698 1106 1761 1160 Et
1798 1106 1961 1177 paulo

377 1211 499 1273 post
536 1219 549 1254 :
596 1220 614 1251 ι
644 1198 710 1255 Ει
741 1217 848 1254 non
881 1210 963 1255 est
986 1201 1039 1254 in
1072 1200 1179 1255 alio
1221 1201 1406 1270 aliquo
1435 1201 1589 1256 salus
1617 1217 1633 1267 ;
1668 1216 1777 1255 non
1807 1202 1959 1255 enim

378 1308 582 1346 nomen
628 1300 715 1346 est
775 1292 925 1346 aliud
976 1291 1163 1347 datum
1222 1291 1559 1357 hominibus,
1592 1291 1643 1345 in
1670 1306 1966 1361 qunopor-

382 1395 459 1440 tet
542 1400 642 1439 nos
693 1384 874 1440 salvos
928 1385 1046 1439 ﬁeri
1101 1384 1211 1440 ".1
1271 1382 1338 1439 Et
1406 1399 1625 1439 rursum
1675 1385 1958 1440 Salvator:

388 1495 406 1527 ι
444 1476 578 1529 Data
634 1483 717 1529 est
780 1476 908 1528 mibi
944 1476 1127 1532 omnis
1185 1484 1430 1546 potestas
1489 1476 1546 1531 in
1604 1477 1746 1532 caelo
1803 1487 1859 1532 et
1909 1478 1962 1532 in

382 1577 528 1624 terra
561 1564 663 1621 ".t
711 1567 774 1622 Et
804 1582 867 1621 ea
899 1584 1119 1623 rursum
1143 1583 1265 1639 quae
1294 1568 1431 1624 dixit
1460 1566 1819 1625 Deus-Homo
1858 1568 1966 1627 Do-

385 1661 568 1717 minus
600 1659 862 1730 apostolis
892 1660 1011 1715 suis
1042 1669 1170 1714 ante
1206 1660 1626 1716 crncillxionem
1663 1676 1676 1712 :
1710 1679 1730 1713 ι
1765 1658 1962 1715 Pacem

383 1754 643 1823 relinquo.
677 1752 867 1815 vobis;
909 1767 1096 1821 pacem
1149 1767 1326 1807 meam
1360 1751 1432 1807 do
1471 1751 1629 1806 vobis
1696 1752 1798 1806 η.»
1858 1749 1963 1805 Et:

385 1867 405 1901 ι
446 1847 571 1902 llaec
623 1847 844 1916 loquor,
891 1856 951 1900 ut
982 1848 1038 1899 in
1073 1860 1159 1899 me
1191 1860 1378 1915 pacem
1439 1844 1688 1901 habeatis
1719 1843 1784 1898 “.
1821 1863 1842 1898 ι
1877 1842 1967 1911 Ει,

2062 559 2224 628 ἔχητε
2247 561 2305 611 ἐν
2331 558 2405 628 τῷ
2428 559 2655 628 ὀνόματι
2675 558 2863 612 αὑτοῦ.
2891 578 2907 609 ι
2940 561 3086 613 Καὶό
3102 558 3388 622 θεσπέσιος
3412 558 3647 622 Παῦλος·

2065 671 2083 702 (
2109 652 2199 705 Ἐν
2213 650 2289 723 τῷ
2304 651 2527 720 ὀνόματι
2545 650 2714 721 Ἰησοῦ
2736 653 2845 704 πᾶν
2861 652 2988 718 γόνυ
3005 650 3241 722 κάμψει,
3271 651 3398 706 »καὶ
3414 651 3480 705 τὰ
3500 651 3650 723 ἑξῆς.

2062 743 2174 798 Καὶ
2203 743 2334 812 γοῦν
2366 750 2459 796 καί
2492 745 2550 796 ὲν
2599 746 2719 801 ταῖς
2745 743 2853 795 τῶν
2892 743 3207 796 ἀποστόλων
3239 742 3414 805 οὕτως
3456 744 3626 812 ἀναγέ

2063 850 2307 905 γραπται
2340 833 2602 903 Πράξεσι·
2635 851 2652 883 t
2684 833 2815 886 Τότε
2836 833 3040 904 Πέτρος
3054 834 3318 904 πλησθεὶς
3338 833 3655 904 Πνεύματος

2068 930 2225 998 ἁγίου
2246 926 2386 982 εἷπε*
2425 927 2670 981 Γιωστὸν
2724 927 2864 979 ἔστω
2902 928 3066 979 πᾶσιν
3087 926 3236 995 ὑμῖν,
3257 927 3354 978 καὶ
3387 928 3553 978 παντὶ
3575 925 3655 996 τῷ

2075 1019 2313 1091 Ἰσραὴλ,
2342 1020 2424 1073 ὅτι
2457 1020 2516 1073 ὲν
2546 1018 2624 1089 τῷ
2661 1018 2890 1086 ὀνόματι
2933 1016 3110 1087 Ἰησοῦ
3155 1016 3250 1069 τοῦ
3285 1015 3612 1084 Ναζωραίου
3638 1057 3654 1082 ,

2061 1111 2121 1167 ὃν
2151 1113 2308 1181 ὑμεῖς
2334 1109 2743 1181 ἐσταυρώσατε,
2764 1109 2827 1162 ὃν
2847 1112 2873 1162 ό
2893 1108 3025 1171 Θεὸς
3066 1109 3289 1179 ἤγειρεν
3318 1109 3381 1161 ἐκ
3412 1108 3621 1178 νεκρῶν

2067 1206 2126 1259 ὲν
2156 1203 2331 1273 τούτῳ
2358 1195 2514 1267 οὗτος
2548 1202 2901 1272 παρέστηκεν
2944 1200 3177 1253 ἐνώπιον
3219 1198 3375 1268 ὑμῶν
3402 1199 3587 1268 ὑγιής.
3641 1242 3648 1249 .

2064 1296 2175 1349 Καὶ
2196 1295 2315 1365 μετ’
2346 1293 2527 1361 ὀλίγα·
2559 1312 2577 1344 ι
2614 1293 2726 1345 Καὶ
2746 1293 2847 1345 οὐκ
2870 1291 3017 1346 ἔστιν
3046 1294 3104 1345 ὲν
3123 1291 3266 1362 ἄλλῳ
3295 1290 3473 1343 οὐδενὶ
3500 1293 3531 1359 ἡ
3554 1308 3631 1343 σω

2064 1387 2234 1459 τηρία
2256 1404 2269 1419 σ
2299 1387 2423 1440 οὐδὲ
2452 1385 2563 1455 γὰρ
2592 1384 2763 1454 ὕνομά
2800 1385 2948 1438 ἐστιν
2973 1384 3163 1454 ἓτερον
3192 1383 3251 1437 τὸ
3273 1382 3555 1452 δεδομένον
3596 1383 3653 1434 ὲν

2064 1480 2394 1553 ἀνθρώποις,
2410 1481 2468 1532 ἐν
2552 1479 2633 1532 δεῖ
2661 1476 2770 1531 om?
2786 1477 2915 1545 ἦναι
2934 1476 3102 1546 ἡμᾶς.
3119 1493 3137 1527 ι
3173 1475 3283 1527 Καὶ
3311 1472 3467 1535 αὖθις
3489 1474 3517 1525 ὁ
3536 1473 3654 1525 Σω-

2064 1578 2190 1648 τήρ’
2216 1594 2235 1627 ι
2273 1573 2462 1645 Ἐδόθη
2493 1576 2645 1627 πᾶσα
2674 1570 2895 1637 ἐξουσία
2915 1571 2974 1622 ὲν
2995 1566 3213 1638 οὐρανῷ
3239 1565 3448 1620 καὶ-ἐπὶ
3469 1564 3594 1634 γῆς·
3626 1581 3648 1615 ο

2064 1667 2225 1721 τοῦτο
2256 1665 2315 1719 δὲ
2344 1664 2528 1728 πάλιν,
2561 1662 2628 1717 δι’
2659 1656 2735 1716 ὧν
2770 1662 2801 1716 ὁ
2833 1659 3184 1728 θεάνθρωπος
3211 1657 3417 1728 Κύριος
3465 1657 3652 1726 εἴρηκε

2070 1757 2211 1830 πρὸς
2254 1756 2380 1820 τοὺς
2400 1754 2735 1819 ἀποστόλους
2778 1753 2883 1823 πρὸ
2928 1750 3023 1806 τοῦ
3057 1749 3313 1821 σταυροῦ·
3357 1768 3375 1802 ι
3418 1749 3653 1819 Εἰρήνην

2067 1851 2271 1921 ἀφίημι
2322 1847 2484 1919 ὑμῖν·
2534 1849 2757 1919 εἰρήνην
2791 1846 2892 1918 τὴν
2941 1843 3081 1915 ἐμὴν
3109 1842 3303 1914 δίδωμι
3341 1842 3492 1911 ὑμῖν.
3543 1840 3653 1894 Καὶ

386 1959 405 1992 ι
438 1939 551 1995 lloc
595 1947 680 1994 est
743 1946 1074 2007 prteceptum
1132 1952 1341 2003 meum,
1410 1945 1470 1991 ut
1540 1936 1781 2007 diligatis
1824 1935 1969 1991 invi-

2069 1943 2244 1999 ταῦτα
2272 1941 2438 2011 λαλῶ,
2462 1941 2550 1995 ῖνα
2569 1943 2625 1995 ὲν
2644 1938 3002 2009 ὲμοῖείρήνην
3030 1934 3211 2006 ἔχητεο
3238 1952 3256 1986 ι
3289 1933 3408 1997 καὶ,
3450 1950 3469 1985 ι
3502 1930 3651 2002 Αὕτη

380 2045 501 2085 cem
544 2030 630 2084 “.
676 2045 696 2080 ι
758 2027 843 2095 Ει,
888 2046 907 2079 ι
936 2026 993 2082 In
1029 2028 1130 2082 ltoc
1165 2040 1502 2099 cognoscent
1567 2043 1783 2091 omnes.
1838 2028 1969 2100 quia

2072 2036 2225 2092 ἐστὶν
2252 2038 2287 2107 ἡ
2335 2035 2443 2107 ἐμὴ
2473 2032 2687 2104 ἐντολὴ,
2729 2031 2823 2085 ἵνα
2848 2029 3099 2098 ἀγαπᾶτε
3135 2025 3400 2096 ἀλλήλους
3428 2041 3441 2055 ·
3481 2042 3499 2075 ι
3534 2022 3649 2088 καὶ,

379 2120 629 2192 discipuli
704 2121 811 2175 mei
868 2121 1023 2186 estis,
1077 2121 1125 2177 si
1181 2122 1513 2178 cltaritatetn
1558 2122 1868 2179 habueritis
1913 2123 1969 2179 in

2074 2150 2094 2184 ι
2140 2131 2230 2185 Ἐν
2258 2128 2436 2200 τούτῳ
2483 2114 2795 2197 γνώσονται
2831 2125 3034 2183 πάντες
3059 2160 3078 2187 ,
3128 2120 3211 2176 ὅτι
3245 2118 3374 2190 ἐμοὶ
3413 2115 3654 2189 μαθηταί

381 2216 614 2271 invicem
641 2230 658 2280 ;
692 2214 839 2270 sicut
867 2214 1061 2269 dilexit
1080 2230 1164 2270 me
1193 2215 1381 2280 Pater,
1413 2224 1468 2271 et
1497 2231 1599 2285 ego
1628 2216 1793 2271 dilexi
1826 2231 1926 2272 vos
1951 2259 1968 2285 ,

2069 2223 2218 2288 ἔστε,
2246 2219 2344 2275 saw
2363 2219 2587 2290 ἀγάπην
2616 2217 2778 2288 ἔχητε
2802 2218 2860 2271 ὲν
2883 2215 3135 2285 ἀλλήλοις
3160 2226 3176 2243 ⁸
3193 2209 3375 2275 καθὼς
3398 2207 3654 2280 ήγάπησέ

381 2318 597 2363 manete
636 2307 691 2362 in
728 2306 1027 2361 dilectione
1053 2321 1213 2370 mea;
1249 2307 1293 2362 si
1328 2307 1585 2362 mandata
1621 2322 1743 2364 mea
1777 2317 1967 2365 custo-

2072 2332 2143 2386 με
2189 2315 2218 2368 ό
2261 2313 2472 2385 Πατὴρ.
2517 2310 2675 2382 κάγὼ
2735 2310 3000 2381 ἠγάπησα
3031 2309 3196 2378 ὑμᾶς·
3232 2303 3453 2377 μείνατε
3499 2304 3557 2357 ὲν
3583 2303 3650 2372 τῇ

298 2470 309 2476 ,
379 2401 613 2462 dieritis,
643 2398 940 2454 manebitis
967 2399 1021 2452 in
1050 2397 1344 2455 dilectione
1395 2414 1516 2454 mea
1543 2400 1612 2455 ".
1648 2418 1667 2452 ι
1711 2419 1729 2453 ι
1761 2400 1970 2469 Quem-

2069 2407 2258 2477 ἀγάπῃ
2288 2408 2369 2477 τῇ
2417 2406 2524 2475 ἐμῇ
2554 2421 2568 2436 ·
2631 2403 2726 2457 ἐὰν
2782 2402 2884 2465 τὰς
2920 2398 3141 2463 ἐντολάς
3201 2413 3304 2468 μου
3354 2394 3650 2466 τηρήσητε,

380 2491 678 2546 admodum
710 2505 811 2560 ego
844 2490 1097 2545 mandata
1116 2488 1298 2547 Patris
1328 2491 1435 2547 mei
1460 2491 1739 2548 custodivi
1773 2503 1832 2549 et
1856 2510 1971 2550 ma-

382 2601 487 2639 neo
525 2584 579 2638 in
605 2582 902 2639 dilectione
937 2582 1057 2651 ejus
1087 2582 1155 2637 ”.
1198 2602 1217 2636 ι
1255 2582 1324 2638 Ει
1365 2598 1585 2641 rursum
1618 2595 1746 2656 post
1784 2602 1973 2642 resur-

380 2675 684 2731 rectionem
732 2674 973 2732 diversis
1008 2676 1356 2746 temporibus
1395 2677 1601 2748 saepius
1657 2685 1848 2749 pacem
1890 2678 1972 2733 eis

381 2770 524 2824 dans
557 2776 803 2838 apparet,
834 2768 949 2824 suis
978 2783 1038 2824 se
1067 2769 1428 2825 manifestans
1465 2785 1528 2825 ac
1559 2770 1746 2826 dicens
1782 2789 1796 2826 :
1832 2770 1973 2827 «Pax

383 2860 559 2915 vobis.
591 2878 610 2913 ι
651 2859 718 2915 Ει
754 2861 911 2917 Petro
941 2860 1187 2929 quidem,
1224 2862 1316 2918 cui
1338 2862 1976 2937 discipulorumguber-

2074 2501 2286 2572 μενεῖτε
2333 2499 2390 2552 ὲν
2443 2499 2511 2569 τῇ
2546 2496 2738 2567 ἀγάπῃ
2767 2511 2893 2566 μου,
2932 2490 3119 2555 καθὼς
3156 2490 3268 2558 ἐγὼ
3295 2487 3393 2551 τάς
3435 2485 3654 2547 ἐντολὰς
3711 2508 3731 2525 ~

2071 2591 2167 2646 τοῦ
2196 2590 2417 2662 Πατρός
2446 2605 2548 2659 μου
2594 2588 2898 2660 τετήρηκα,
2932 2584 3029 2638 καὶ
3078 2582 3225 2653 μένω
3264 2578 3429 2635 αὐτοῦ
3483 2579 3542 2631 ἐν
3584 2578 3652 2647 τῇ

2071 2683 2285 2757 ἀγάπῃ.
2329 2701 2347 2735 ι
2383 2682 2495 2737 Καὶ
2522 2666 2699 2745 αὖθις
2729 2678 2867 2750 μετά
2896 2677 2997 2748 τὴν
3028 2675 3267 2745 ἔγερσιν,
3300 2671 3441 2727 κατά
3469 2669 3657 2740 διαφό-

2075 2792 2201 2848 ρους
2226 2773 2377 2845 ὥρας
2404 2772 2667 2837 πολλάκις
2718 2768 2969 2832 δεδωκὼς
2999 2767 3251 2838 φαίνεται
3278 2763 3377 2836 τὴν
3408 2764 3650 2834 εἰρήνην,

2075 2866 2517 2938 ὲμφανιζόμενος
2540 2866 2654 2927 τοῖς
2680 2862 2829 2927 ἰδίοις
2853 2865 2945 2916 καὶ
2962 2861 3163 2930 λέγων,
3187 2877 3206 2911 ι
3238 2859 3441 2930 Εἰρήνη
3468 2857 3649 2927 ὑμῖν.»

380 2952 659 3007 nationem
689 2953 944 3020 credidit,
977 2956 1356 3024 repensionem
1383 2957 1679 3026 quamdam
1724 2958 1975 3017 ardentis

2073 2962 2187 3016 Καὶ
2220 2960 2357 3031 πρὸς
2411 2965 2505 3014 τὸν
2543 2958 2748 3031 Πέτρον
2788 2958 2869 3025 δὲ,
2897 2950 2941 3025 ᾧ
2985 2956 3080 3011 καὶ
3101 2957 3201 3027 τὴν
3229 2953 3525 3026 ἡγεμονίαν
3546 2951 3657 3005 τῶν

382 3045 437 3098 in
496 3045 675 3115 ipsum
705 3043 893 3101 Jesum
926 3046 1206 3103 Christum
1246 3048 1478 3114 amoris,
1547 3048 1733 3121 gregis
1780 3063 1971 3105 curam

2076 3052 2338 3125 μαθητῶν
2380 3043 2829 3114 ἐνεπιστεύσατο,
2870 3046 3180 3104 ἁντέκτισίν
3224 3063 3345 3101 τινα
3375 3044 3476 3115 τῆς
3523 3043 3657 3112 πρὸς

381 3136 684 3192 ostendens
709 3151 852 3204 esse,
904 3138 979 3193 ita
1022 3140 1187 3195 tertio
1239 3140 1421 3195 dixit:
1464 3158 1484 3193 ι
1523 3140 1583 3195 Si
1619 3156 1708 3197 me
1759 3141 1969 3212 diligis,

2074 3147 2238 3202 αὐτὴν
2262 3146 2355 3200 τὸν
2386 3145 2593 3217 Κύριον
2632 3143 2842 3216 Ἰησοῦν
2871 3142 3106 3215 Χριστὸν
3127 3127 3393 3212 διαιτύρου
3413 3137 3656 3207 ἀγάπης.

381 3225 568 3290 Petre,
599 3227 723 3295 plu's
750 3243 914 3298 quam
941 3229 1056 3297 alii,
1101 3245 1262 3300 pasce
1285 3246 1418 3289 oves
1454 3246 1604 3288 meas
1625 3231 1692 3287 “.
1744 3251 1766 3287 ι
1818 3233 1974 3289 Dicet

2074 3238 2174 3308 τὴν
2198 3236 2293 3291 τοῦ
2344 3236 2601 3308 ποιμνίου
2650 3234 2910 3305 φροντίδα
2969 3230 3418 3302 ἐπιδεικνύμενος
3482 3225 3656 3296 εἶναι,

382 3317 525 3373 forte
556 3318 756 3389 aliquis
792 3319 847 3374 id
878 3335 981 3376 nec
1012 3322 1316 3391 immerito,
1344 3338 1540 3394 nempe
1571 3325 1714 3395 quod
1734 3340 1832 3396 per
1856 3326 1975 3383 haec

2071 3329 2218 3385 οὕτω
2252 3331 2313 3383 τὸ
2341 3330 2529 3405 τρίτον
2560 3329 2748 3399 φησίν·
2787 3348 2807 3381 ι
2836 3329 2905 3382 El.’
2947 3344 3013 3398 με
3044 3325 3241 3396 φιλεῖς,
3272 3324 3469 3395 Πέτρε,
3500 3322 3659 3377 πλέον

385 3410 488 3466 tria
518 3426 714 3482 magna
732 3427 855 3482 quae
891 3413 1257 3482 ostendimus,
1291 3416 1395 3470 tria
1420 3416 1525 3470 alia
1562 3417 1772 3488 optima
1810 3418 1973 3475 nobis

2074 3424 2184 3477 τῶν
2242 3424 2439 3491 ἄλλων,
2477 3425 2738 3495 ποίμαινε
2782 3422 2853 3476 τὰ
2889 3418 3145 3491 πρόϐατά
3207 3434 3332 3490 μου.
3377 3436 3396 3470 ι
3429 3416 3588 3471 Εἴποι
3613 3415 3659 3469 δ’

384 3504 708 3574 gignuntur,
735 3503 905 3558 animi
933 3517 1126 3578 nempe
1152 3506 1481 3579 puriﬁcatio,
1516 3508 1846 3566 illuminatio
1908 3528 1973 3568 ac

2072 3516 2140 3570 ἄν
2171 3534 2253 3579 τις
2283 3518 2414 3580 ἴσως
2446 3518 2548 3572 ούκ
2570 3515 2679 3570 ἀπὸ
2703 3514 2906 3570 σκοποῦ
2932 3514 3023 3567 καὶ
3048 3511 3225 3577 τοῦτο,
3244 3511 3325 3565 ὅτι
3349 3510 3436 3563 διά
3456 3526 3516 3578 γε
3551 3508 3659 3562 τῶν

386 3595 671 3665 perfectio.
686 3654 699 3665 κ

458 3892 614 3961 Quod
640 3896 692 3951 in
718 3895 801 3952 Itis
828 3897 998 3954 tribus
1025 3910 1286 3961 contexta
1312 3913 1437 3960 sunt
1463 3920 1642 3965 omnes
1670 3910 1914 3966 virtutes.

455 4055 548 4110 11.
583 4052 640 4110 Si
673 4057 801 4126 quis
836 4069 1015 4114 autem
1049 4071 1305 4118 accurate
1330 4063 1827 4136 velitexaminare,
1861 4087 1976 4126 ma-

383 4142 860 4213 nifesteinveniet,
884 4148 940 4203 in
968 4148 1372 4223 hactripliciter
1398 4166 1541 4212 texta
1566 4173 1746 4229 neque
1775 4160 1972 4227 fracta,

388 4243 447 4290 ut
470 4235 550 4289 ita
580 4235 785 4303 dicam,
817 4237 969 4293 facili
1027 4241 1134 4296 tela
1185 4257 1507 4313 suspensam
1543 4255 1598 4302 et
1654 4230 1974 4305 contextam

386 4340 610 4382 omnem
647 4327 911 4383 virtutum
929 4332 1214 4400 copiosam
1247 4343 1298 4389 ct
1332 4350 1360 4389 a
1402 4338 1509 4391 Deo
1539 4338 1790 4394 etl‘ectam
1849 4338 1977 4408 pur;

387 4427 600 4480 puram.
622 4413 840 4468 Etenim
861 4418 1015 4484 quasi
1044 4421 1280 4487 pretiosa
1311 4426 1557 4492 quaedam
1584 4438 1870 4495 catena,et
1891 4431 1978 4486 fu-

388 4503 475 4557 nis
503 4518 640 4560 auro
666 4506 976 4576 variegatus
991 4510 1104 4564 vita
1136 4514 1436 4569 secundum
1457 4515 1622 4572 Deum
1648 4520 1971 4586 instituitur,

388 4598 622 4653 virtutes
658 4613 818 4654 unam
864 4602 934 4657 ad
977 4602 1206 4659 alteram
1238 4617 1570 4665 contteclcns
1600 4618 1655 4664 et
1704 4610 1756 4664 in
1803 4628 1975 4668 unum

389 4695 619 4741 cunctas
658 4689 924 4745 reducens
966 4694 1276 4762 copulatas.
1323 4696 1615 4752 Enimvero
1662 4700 1765 4756 hoc
1808 4718 1974 4758 unum

390 4795 528 4849 opus
573 4779 846 4851 pleraeque
877 4785 1191 4855 perﬁciunt,
1243 4789 1495 4845 deiﬁrare
1531 4794 1805 4849 hominem
1858 4798 1977 4851 sin-

324 4883 331 4889 '
390 4885 519 4926 cere
548 4873 716 4928 vitam
760 4876 1054 4933 virtutibus
1090 4893 1515 4937 consentaneam
1560 4897 1807 4957 agentem
1841 4910 1856 4946 :
1897 4902 1977 4959 ιιι,

394 4962 594 5018 talibus
617 4966 780 5022 nodis
806 4965 1144 5039 vinculisque
1172 4972 1393 5043 ligatus,
1427 4991 1523 5043 per
1553 4978 1735 5046 tidem,
1764 4981 1807 5035 si
1828 4983 1975 5049 velit,

391 5066 448 5111 et
475 5072 650 5126 spem,
685 5067 741 5113 et
777 5059 1166 5132 humilitatem,
1218 5080 1498 5123 mereatur
1533 5072 1735 5128 dilecto
1776 5075 1979 5130 saluta-

396 5149 550 5217 rique
578 5151 799 5221 nomine
831 5152 1044 5212 Domini
1077 5156 1205 5214 Jesu
1242 5158 1446 5217 Christi
1480 5167 1854 5234 cognominari
1875 5210 1892 5236 ,
1924 5178 1980 5224 et

392 5256 581 5311 pacem
630 5245 1069 5321 citaritatemque
1120 5263 1535 5323 consequatur:
1569 5255 1683 5312 bac
1721 5270 1806 5313 est
1853 5275 1979 5315 vere

393 5339 559 5394 arbor
584 5348 671 5393 ter
705 5339 973 5408 perfecta,
1006 5343 1274 5413 plantatio
1308 5347 1439 5414 Dei,
1467 5349 1746 5420 vitamque
1785 5352 1980 5406 fructi-

2073 3607 2426 3679 δηλωθέντων
2473 3608 2731 3674 ἐξαισίων
2773 3608 3004 3661 τουτωνὶ
3050 3605 3255 3677 τριῶν.
3304 3602 3661 3657 ἀποτίκτεται

2073 3702 2207 3772 ἡμῖν
2230 3700 2398 3773 ἕτερά
2437 3718 2561 3755 τινα
2585 3699 2712 3772 τρία
2741 3699 2996 3770 ἐξαίρετα
3025 3713 3039 3728 '
3069 3696 3139 3752 τά
3168 3695 3226 3751 δέ
3264 3696 3435 3759 ἐστιν,
3486 3694 3521 3765 ἠ
3560 3691 3664 3762 τῆς

2072 3792 2250 3864 ψυχῆς
2287 3791 2585 3864 κάθαρσις,
2617 3793 2646 3841 ὁ
2675 3789 2978 3862 φωτισμὸς,
3018 3787 3115 3842 καὶ
3149 3789 3184 3859 ή
3217 3786 3521 3848 τελείωσις.

2077 3907 2201 3960 Ὀτι
2230 3906 2300 3961 ἐν
2324 3906 2562 3979 τούτοις
2576 3904 2703 3972 τοῖς
2731 3904 2887 4029 egra!
2912 3899 3365 4026 οἱυνεεύςοανται
3392 3894 3581 3951 πᾶσαι
3602 3896 3664 3949 al

2793 3990 2930 4029 nam
2962 4014 2975 4027 .

2811 3990 2949 4029 >εται
2962 4014 2975 4027 .

2749 3993 2787 4029 α
2811 3993 2975 4029 πεται.

2157 4071 2245 4130 ια’.
2288 4073 2351 4126 Εἰ
2384 4070 2442 4124 δέ
2483 4064 2578 4133 τις
2601 3993 2847 4139 ἀκριϐῶς
2883 4066 3193 4138 ἐθελήσειεν
3219 4060 3474 4129 ἐξετάσαι
3507 4060 3664 4129 ὲναρο

2076 4168 2211 4237 γὼς,
2258 4166 2316 4220 ἐν
2366 4161 2570 4235 τουτῳῒ
2628 4160 2711 4233 τῷ
2769 4158 3083 4232 τριπλόκῳ,
3122 4155 3218 4213 καὶ
3249 4149 3362 4209 οἷον
3401 4152 3664 4226 ἀρῤήκτῳ

2078 4256 2351 4329 σπαρτίῳ.
2392 4254 2618 4325 εὑρήσει
2644 4251 3023 4323 αἰωρημένην,
3060 4249 3153 4304 καὶ
3179 4243 3662 4314 συνεξυφασμένην

2079 4352 2259 4405 πᾶσαν
2289 4347 2386 4418 τὴν
2409 4347 2519 4399 τῶν
2551 4345 2761 4418 ἀρετῶν
2789 4344 3023 4414 ἄφθονον
3064 4341 3174 4415 [ίσ.
3209 4335 3526 4410 ἄφθαρτον]
3568 4334 3662 4388 καὶ

2001 4468 2054 4529 D
2077 4443 2395 4497 θεότευκτον
2423 4437 2737 4509 ἁλουργίδα·
2764 4437 2858 4490 καὶ
2886 4436 2996 4507 γὰρ
3029 4435 3116 4488 οῖα
3150 4450 3233 4496 τις
3263 4430 3421 4503 τιμία
3449 4428 3661 4493 ἀλυσις,

2078 4537 2176 4593 καὶ
2200 4536 2355 4609 σειρὰ
2379 4534 2815 4605 ποικιλόχρυσος,
2865 4531 3109 4601 πέφυκεν
3141 4531 3173 4601 ή
3218 4530 3360 4585 κατὰ
3392 4528 3525 4583 Θεὸν
3559 4543 3662 4580 πο-

2076 4629 2269 4691 λιτεία,
2306 4628 2436 4699 μίαν
2479 4628 2580 4696 τῆς
2614 4627 2743 4697 μιᾶς
2790 4624 3174 4696 ἐξηρτημένην
3213 4622 3416 4694 ἀρετὴν
3446 4619 3663 4709 εύαγῶς

2076 4722 2294 4793 ἔχουσα,
2328 4720 2423 4772 καὶ
2448 4719 2528 4782 είς
2565 4717 2627 4771 τὸ
2655 4716 2713 4770 ἓν
2745 4714 3205 4786 συνηρμοσμένας
3261 4712 3501 4774 ἁπάσας.
3547 4711 3660 4765 Καὶ

2074 4812 2209 4881 γοῦν
2236 4812 2331 4865 καὶ
2376 4809 2435 4864 ἓν
2462 4810 2624 4882 ἔργον
2662 4809 2720 4862 αί
2771 4807 2966 4862 πολλαὶ
3011 4806 3468 4878 καταρτίζουσιν,
3523 4803 3658 4872 ὅπερ

2075 4905 2193 4958 ἐστὶ
2251 4903 2313 4957 τὸ
2356 4902 2627 4972 θεωθῆναι
2681 4902 2773 4955 τὸν
2816 4899 3124 4971 εἰλικρινῶς
3170 4899 3364 4961 αὐταῖς
3413 4895 3661 4961 συζῶντα

2073 4997 2399 5066 ἄνθρωπονο
2436 4994 2767 5065 συνδέσμους
2821 4988 2932 5047 οἷον
2992 4992 3054 5062 δή
3088 5009 3243 5055 τινας
3284 4990 3379 5044 καὶ
3410 4990 3656 5061 κρίκους,

2076 5088 2407 5142 πλουτοῦσαί
2441 5105 2590 5152 πως,
2623 5088 2794 5153 αὑτήν
2825 5103 2884 5139 τε
2912 5084 3006 5139 τοῦ
3045 5084 3250 5154 Κυρίου
3295 5083 3465 5153 Ἰησοῦ
3523 5084 3567 5136 Χ
3580 5101 3660 5152 ρι-

2075 5182 2202 5237 στοῦ
2238 5182 2492 5251 φίλτατον
2507 5180 2619 5253 [ῑσ.
2649 5177 2935 5251 φιλτάτην]
2961 5176 3053 5232 τοῦ
3087 5177 3351 5246 ὀνόματος
3383 5177 3441 5229 ὲν
3458 5176 3659 5239 πίστει,

2073 5276 2121 5327 εἰ
2155 5273 2333 5345 βούλει
2370 5273 2451 5341 δὲ,
2503 5273 2599 5326 καὶ
2624 5270 2819 5334 ἐλπίδι,
2856 5271 2950 5325 καὶ
2977 5268 3326 5330 ταπεινώσει,
3372 5270 3657 5339 σωτήριον,

2074 5363 2382 5433 ἐπίκλησιν,
2411 5363 2505 5419 καὶ
2526 5363 2642 5435 ,τήν
2679 5362 2903 5435 εἰρήνην
2936 5361 3055 5431 ἅμα
3075 5350 3169 5416 καί
3192 5360 3293 5432 τήν
3321 5360 3563 5431 ἀγάπην,
3596 5358 3655 5411 τὸ

393 5428 597 5498 iit-aus;
640 5431 694 5486 in
744 5446 849 5503 qua
878 5433 1119 5490 insertus
1161 5437 1327 5496 ltomo
1356 5439 1411 5495 in
1441 5442 1543 5500 bac
1574 5448 1704 5511 vita,
1754 5446 1982 5517 ejusque

2079 5428 2435 5525 θεοφύτευτον
2492 5428 2664 5521 ὄντῶς
2703 5428 2803 5511 κεί
2850 5428 3196 5524 comesis-xw
3242 5428 3457 5524 δένδρον
3481 5428 3507 5519 ,v
3557 5452 3643 5505 καὶ

393 5529 784 5587 οοιινεηίοιιιει·
806 5533 1073 5604 particeps
1090 5531 1289 5606 Iactus,
1320 5552 1431 5596 non
1453 5551 1681 5599 mortem
1708 5554 1764 5599 ut
1781 5552 1969 5616 proto-

457 5711 500 5789 ‘_‘
534 5712 691 5775 Joan.
744 5734 838 5785 ιτ,
896 5718 986 5789 30,
1035 5718 1126 5774 3i.

388 5781 432 5815 "
458 5782 612 5840 Joan.
659 5805 770 5859 xlv,
825 5781 925 5846 '27.

391 5868 503 5922 ut,
562 5859 644 5915 l7.

1250 5722 1291 5755 "
1352 5721 1590 5795 Philipp.
1623 5741 1684 5792 tt,
1742 5730 1831 5784 10.

1029 5791 1075 5823 ’θ
1125 5789 1282 5848 Joan.
1315 5809 1429 5862 xvt,
1454 5789 1542 5851 33.

1944 5731 1989 5764 "
2020 5732 2143 5787 Act.
2198 5749 2270 5799 tv,
2329 5733 2417 5789 10.

1646 5799 1687 5831 ²¹
1716 5798 1874 5855 Joatt.
1917 5818 2037 5870 xm,
2062 5804 2153 5859 ⁸54.

2075 5542 2457 5618 ζοωπάροχονν
2513 5543 2574 5605 οὗ
2604 5550 2632 5602 ὁ
2663 5550 2805 5603 κατά
2847 5549 3042 5623 καιρὸν
3087 5550 3418 5621 ἁπτόμενος,
3455 5552 3550 5606 καὶ
3576 5550 3652 5616 ὡς

2532 5734 2576 5766 "
2615 5733 2747 5792 iltitl.
2814 5736 2900 5792 ιε.
3004 5738 3049 5771 ⁵⁸
3089 5740 3281 5793 Mauri.
3323 5758 3512 5803 xxvttt.
3557 5746 3636 5801 i8.

2254 5807 2297 5836 ”
2325 5807 2486 5861 Joan.
2529 5821 2617 5871 ιν,
2653 5808 2705 5873 8,
2752 5808 2807 5865 9.
2899 5808 2945 5839 ”
2973 5809 3045 5863 ibi
3072 5820 3130 5877 ι.,
3177 5811 3326 5867 8-10.
3407 5818 3454 5847 ’⁸
3478 5816 3636 5872 Juatt.
