4076 6450
289 352 399 420 653

1516 367 1909 442 OPUSCULA
1950 373 2335 446 ASCETICA.

3427 390 3545 486 ast

275 515 364 552 τον
414 495 685 565 ὁσημέραι
733 495 929 566 ζηλοῦν
983 495 1322 566 ἐπείγεσθαι.
1377 497 1528 560 Εἶτα.
1593 505 1724 572 περὶ
1753 519 1836 575 με.

1945 495 2095 550 «Non
2118 499 2238 551 veni
2265 499 2588 566 ministrari,
2611 501 2702 556 sed
2729 501 3155 560 Iniuistrare“.i
3186 504 3370 561 Eteril
3390 507 3531 562 alius

276 586 439 642 αὑτοῦ
472 586 564 639 τοῦ
595 586 798 656 Κυρίου
827 588 986 658 ἡμῶν
1032 588 1204 660 Ἰησοῦ
1259 593 1497 662 Χριστοῦ
1539 596 1851 666 γέγραπται

272 675 332 735 τό
359 698 372 710 ·
418 700 436 733 ι
479 681 589 735 Καὶ
615 677 684 752 ἦν
725 680 1166 753 ὑποτασσόμενος
1187 683 1264 754 τῷ
1303 689 1500 756 πατρὶ.
1535 689 1629 742 καὶ
1661 693 1728 758 τῇ
1749 709 1853 760 μη-

271 775 358 843 τρὶ
387 772 575 828 αὑτοῦ.
620 792 638 825 ι
696 773 808 827 Καὶ
851 774 1013 836 αὐτὸς
1047 775 1104 828 δέ
1161 794 1327 847 φησιν
1359 781 1386 832 6
1421 781 1641 850 Σωτήρ’
1683 800 1701 832 ι
1738 783 1854 836 Οὐκ

269 853 430 937 ἦλθον
459 867 869 937 διακονηθῆναι,
923 867 1064 922 ἀλλὰ
1117 869 1459 942 διακονῆσαι.
1499 892 1517 924 ι
1567 875 1673 927 Καὶ
1706 873 1852 928 ἔστιν

268 961 476 1029 ἕτερος,
497 961 525 1013 6
547 960 750 1031 ἑτέρως
773 959 922 1028 βιοῦν
955 961 1179 1026 ἐθέλων,
1213 963 1334 1033 ἦτοι
1369 965 1853 1034 αὖταρέσκως,καὶ

267 1051 654 1116 αὐτεξουσίως,
679 1053 774 1106 καὶ
799 1052 928 1106 ἄνευ
958 1053 1177 1123 ὁδηγοῦ,
1205 1055 1300 1107 καὶ
1329 1057 1357 1108 6
1387 1055 1627 1120 τοιοῦτος
1653 1056 1848 1122 οἴεται,

266 1145 340 1207 ὡς
370 1144 456 1212 εἴη
490 1143 634 1196 κατὰ
662 1145 818 1212 λόγον
845 1145 945 1215 τὴν
975 1145 1159 1200 ἔνθεον
1212 1147 1396 1218 βιοτὴν
1449 1149 1848 1219 πορευόμενος;

265 1235 547 1303 οὐμενοῦν
567 1253 581 1268 ’
613 1227 886 1305 οὐδαμῶς,
912 1236 988 1300 ὡς
1021 1237 1162 1307 ὑπὲρ
1183 1239 1250 1291 τὰ
1281 1241 1608 1310 ἐσκαμμένα
1633 1241 1845 1312 πηδῶν.

269 1332 374 1384 Καὶ
397 1329 543 1397 λέγει
571 1329 599 1382 6
621 1329 718 1400 τῆς
745 1329 1031 1399 Κλίμακος
1051 1342 1064 1362 ⁶
1097 1332 1306 1402 Ὠσπερ
1329 1335 1358 1386 6
1384 1333 1458 1404 μὴ
1498 1333 1638 1404 ἔχων
1656 1335 1851 1407 ὁδηγὸν

267 1413 502 1491 εὖχερῶς
535 1422 592 1473 ὲν
618 1424 684 1492 τῇ
720 1420 824 1490 ὁδῷ
851 1422 1157 1477 πλανᾶται·
1195 1424 1340 1478 οὕτω
1367 1427 1460 1479 καὶ
1505 1428 1534 1479 6
1585 1427 1850 1492 αὐτεξου-

265 1515 394 1577 σίως
411 1515 510 1584 τὴν
542 1514 834 1584 μοναδικὴν
861 1515 977 1567 όδὺν
1005 1517 1390 1587 πορευόμενος,
1417 1517 1656 1589 εὐχερῶς
1676 1519 1849 1573 ἀπόλ-

264 1599 442 1671 λυται,
480 1597 582 1661 κᾶν
611 1609 791 1661 πᾶσαν
814 1607 912 1677 τὴν
934 1607 1029 1661 τοῦ
1071 1610 1276 1679 κόσμου
1306 1611 1500 1680 σοφίαν
1534 1612 1845 1666 ἐπίσταταισ

263 1699 348 1753 διά
381 1716 463 1752 τοι
489 1699 648 1752 τοῦτο
673 1701 766 1752 καὶ
800 1700 848 1751 oi
875 1699 1080 1764 πολλοὶ,
1109 1700 1198 1754 ἵνα
1227 1701 1301 1770 μὴ
1337 1702 1584 1770 εἴπωμεν
1619 1701 1844 1764 πάντες,

263 1787 311 1844 οἱ
343 1792 417 1862 μὴ
451 1792 911 1863 ὑποτασσόμενοι,
941 1793 1034 1846 καὶ
1059 1792 1135 1862 μὴ
1178 1792 1318 1863 μετὰ
1359 1792 1556 1863 βουλῆς
1603 1792 1901 1883 βαδίζον-Β

263 1900 372 1944 τες,
415 1884 511 1937 σὺν
537 1885 682 1955 πόνῳ
723 1883 844 1953 μὲν,
876 1884 970 1938 καὶ
1003 1884 1189 1956 ἱδρῶτι
1219 1883 1291 1937 τὰ
1342 1883 1576 1936 πλεῖστα
1631 1883 1843 1952 ὀνειρο-

265 1973 570 2039 πολοῦντες,
637 1975 958 2046 σπείρουσιο
1017 1979 1084 2046 τῇ
1123 1977 1182 2030 δὲ
1243 1975 1496 2047 ἀληθείᾳ,
1541 1975 1732 2047 ἀμῶσι
1773 1975 1845 2030 τὰ

263 2063 381 2118 λίαν
422 2065 699 2135 ἐλάχιστα.
740 2067 901 2131 Τινὲς
922 2067 978 2121 δὲ
1005 2069 1099 2121 καὶ
1127 2069 1248 2122 ἀντὶ
1280 2067 1454 2132 σίτου,
1493 2067 1840 2136 συλλέγουσι,

265 2157 394 2224 φεῡί
452 2156 683 2223 ζιζάνια,
737 2159 812 2224 ὡς
871 2160 1234 2230 στοιχοῦντες,
1297 2159 1443 2214 καθὰ
1463 2159 1740 2226 λέλεκται,
1772 2162 1840 2232 τῇ

266 2251 603 2322 ἰδιορρυθμίᾳ
642 2251 736 2304 καὶ
772 2252 848 2322 τῷ
882 2253 1213 2324 αὑταρέσκῳ
1250 2253 1585 2323 φρονήματι,
1637 2247 1701 2306 οὗ
1752 2252 1844 2306 οὐ·

259 2343 345 2394 ὅὲν
393 2345 608 2412 χεῖρον·
675 2344 770 2398 καὶ
815 2345 1008 2398 τούτου
1068 2345 1281 2417 μάρτυς
1326 2347 1356 2399 6
1399 2346 1499 2413 τῆς
1537 2344 1840 2416 Κλίμακος,

259 2432 398 2486 οὕτω
427 2433 685 2503 γράφων·
731 2453 748 2487 ι
793 2436 948 2488 Ὅσοι
977 2435 1116 2505 πρὸς
1168 2434 1228 2488 τὸ
1259 2434 1474 2489 στάδιον
1514 2435 1611 2506 τῆς
1645 2437 1842 2508 νοερᾶς

258 2523 549 2600 ὁμολογίας
593 2527 988 2597 ἐπεχειρήσατε
1028 2524 1407 2581 ἀποδύσασθαι
1429 2540 1444 2556 ο
1478 2527 1594 2581 ὅσοι
1617 2524 1708 2580 τὸν
1741 2525 1839 2581 τοί

254 2621 490 2691 ,Χριστοῦ
523 2623 685 2690 ζυγὸν
716 2623 807 2676 ἐπὶ
839 2623 929 2675 τὸν
959 2625 1159 2676 οἰκεῖον
1207 2624 1410 2694 αὐχένα
1464 2620 1595 2696 ἆραι
1647 2622 1836 2693 βούλε-

260 2718 383 2768 σθε·
431 2716 546 2768 ὅσοι
591 2714 652 2767 τδ
718 2709 922 2769 ἑαυτῶν
954 2715 1195 2786 φορτίον,
1247 2717 1338 2770 ἐπὶ
1365 2716 1456 2770 τὸν
1503 2715 1597 2770 τοῦ
1648 2716 1838 2786 ἐτέρου

256 2808 522 2884 τράχηλον
577 2807 848 2862 ἐπιθεῖναι
897 2809 1269 2872 σπουδάζετεο
1337 2810 1451 2863 ὅσοι
1491 2812 1591 2872 τὰς
1626 2807 1838 2862 ἑαυτῶν

257 2902 395 2964 ὠνὰς
459 2900 670 2971 γράψαι
715 2899 977 2964 ἑκουσίως
1018 2901 1305 2964 σπεύδετε,
1334 2901 1430 2954 καὶ
1463 2901 1579 2953 ἀντ’
1611 2899 1838 2953 ἐκείνων

254 2975 561 3066 ἐλευθερίαν
592 2994 868 3066 γραφῆναι
918 2993 1047 3064 ὑμῖν
1102 2992 1359 3064 βούλεσθε
1395 3009 1410 3024 ο
1467 2993 1585 3046 ὅσοι
1645 2993 1836 3064 χερσὶν

251 3087 449 3157 ἐτέρων
472 3085 852 3156 ἀνυψούμενοι,
895 3085 989 3138 καὶ
1017 3084 1327 3156 νηχόμενοι,
1361 3084 1422 3140 τὸ
1470 3085 1613 3154 μέγα
1664 3086 1828 3139 τοῦτο

1947 589 2040 658 qui
2064 589 2223 644 aliter
2249 591 2430 645 vivere
2462 593 2608 656 velit,
2639 594 2806 651 libere
2841 597 3047 650 scilicet
3070 608 3120 652 et
3154 613 3252 666 pro
3277 599 3528 666 arbitrio,

1945 689 2000 733 et
2040 679 2158 734 sine
2187 681 2345 744 duce,
2381 693 2547 751 alque
2601 685 2689 738 ille
2713 696 2900 740 censet
2927 688 3174 756 seipsum
3223 689 3526 744 secundum

1946 768 2115 824 Deum
2158 773 2322 826 vitam
2365 775 2568 843 agere?
2602 776 2993 846 Nequaquam;
3039 781 3132 832 sed
3173 781 3329 848 quasi
3363 797 3523 848 Stlpt'l

1941 875 2208 916 cavernas
2235 864 2421 917 saltat.
2457 865 2522 920 Et
2538 866 2667 920 dicit
2689 867 2828 921 Idem
2847 867 3088 924 Climax:
3117 888 3136 921 ι
3161 870 3520 935 Quemadmo-

1942 953 2073 1006 dum
2101 954 2190 1008 ille
2208 955 2299 1023 qui
2337 954 2619 1010 ductorem
2643 972 2750 1010 non
2788 958 2974 1023 habet,
3010 970 3156 1014 errat
3187 963 3239 1016 in
3278 963 3396 1029 via;
3452 965 3523 1018 ita

1939 1057 1994 1100 et
2013 1045 2106 1115 qui
2132 1061 2229 1115 pro
2250 1048 2480 1102 arbitrio
2503 1050 2555 1102 in
2577 1049 2822 1104 solitaria
2841 1051 2921 1106 ιίιι
2939 1052 3156 1116 incedit,
3178 1054 3336 1108 facile
3361 1058 3524 1125 perit,

1938 1136 2154 1192 etiamsi
2186 1153 2404 1194 omnem
2435 1141 2716 1195 hominum
2751 1143 3076 1212 sapientiam
3131 1145 3366 1200 habeat:
3403 1147 3524 1200 idea

1937 1239 1993 1284 et
2025 1230 2272 1299 plurimi,
2317 1247 2386 1286 ne
2437 1235 2686 1289 dicamus
2729 1249 2943 1299 omnes,
2974 1251 3098 1290 cum
3121 1251 3228 1290 nou
3253 1237 3358 1290 sint
3390 1239 3521 1292 sub.

1938 1323 2091 1380 missi
2111 1332 2165 1378 et
2194 1322 2312 1378 sine
2341 1324 2572 1379 consilio
2621 1325 2898 1392 incedant,
2930 1340 3055 1381 cum
3117 1327 3302 1380 labore
3344 1344 3407 1381 ac
3431 1344 3522 1383 su-

1935 1415 2067 1471 dore
2096 1417 2416 1486 plerumque
2451 1417 2811 1482 somniantes,
2839 1419 3199 1490 disiiergunt;
3227 1421 3405 1489 rt-ipsa
3431 1437 3518 1475 ve-

1934 1524 1998 1564 ro
2029 1525 2193 1579 quam
2216 1507 2494 1565 levissima
2523 1519 2753 1566 metunt;
2775 1509 3007 1577 Quidam
3075 1523 3257 1566 autem
3309 1520 3363 1565 et
3417 1528 3518 1582 pro

1932 1601 2230 1667 frumento,
2268 1603 2550 1673 colligunt,
2587 1604 2691 1657 heu
2729 1604 2975 1658 lzizania
3010 1644 3025 1668 ,
3066 1619 3132 1659 eo
3166 1607 3310 1674 quod
3369 1607 3518 1660 ince-

1931 1694 2091 1759 dunt,
2144 1704 2207 1749 ut
2259 1696 2465 1751 dictum
2505 1705 2612 1762 est,
2656 1697 2872 1767 propria
2923 1697 3201 1753 voluntate
3243 1709 3299 1754 et
3346 1699 3515 1754 libera

1932 1798 2131 1852 mente,
2165 1801 2272 1856 qua
2305 1787 2441 1842 nihil
2469 1787 2626 1856 pejus
2646 1797 2751 1842 est.
2805 1789 2986 1857 Atque
3026 1789 3166 1843 idem
3193 1789 3321 1844 illud
3350 1800 3513 1845 testa-

1930 1888 2039 1942 tur,
2068 1882 2319 1936 scribens
2343 1921 2355 1932 .
2397 1899 2416 1932 ι
2457 1882 2561 1945 Qui
2591 1897 2686 1934 vos
2715 1880 2782 1935 ad
2809 1881 3110 1950 spiritualis
3141 1883 3512 1939 confessionis

1927 1972 2165 2027 studium
2193 1987 2392 2027 exuere
2423 1972 2796 2041 nitimini,qui
2835 1973 3039 2028 Christi
3074 1972 3267 2042 jugum
3302 1976 3354 2028 in
3395 1975 3511 2027 colo

1926 2066 1982 2121 lo
2041 2067 2184 2122 ferre
2238 2068 2452 2133 vultis;r
2520 2069 2612 2136 qui
2671 2068 2889 2137 propria
2937 2082 3105 2122 onera
3159 2069 3212 2120 in
3278 2069 3507 2122 alterius

1925 2159 2066 2214 collo
2094 2161 2375 2232 imponere
2405 2163 2663 2230 pergitis;
2693 2162 2786 2231 qui
2822 2170 2995 2216 vestra
3023 2161 3164 2215 bona
3202 2160 3508 2215 inscribere

1927 2248 2162 2302 libenter
2229 2249 2555 2318 properatis,
2624 2261 2679 2305 et
2737 2265 2835 2320 pro
2884 2251 2990 2305 illis
3016 2252 3318 2306 libertatein
3351 2251 3506 2305 vobis

1927 2342 2078 2395 reddi
2099 2341 2299 2406 vultis;
2333 2341 2422 2410 qui
2451 2340 2706 2395 manibus
2723 2341 2957 2396 aliorum
2985 2342 3184 2397 sublati
3229 2350 3508 2396 natantes-

1926 2451 2034 2504 qne
2070 2449 2328 2504 magnum
2351 2435 2484 2488 illud
2538 2451 2688 2490 mare
2717 2437 2962 2491 transitis
2987 2453 3003 2504 ;
3033 2438 3228 2492 scitote
3258 2452 3355 2492 vos
3381 2441 3506 2492 bre-

1927 2545 2046 2585 vem
2081 2531 2320 2598 aliquam
2344 2539 2398 2584 et
2427 2543 2676 2599 asperam
2706 2533 2848 2584 viam
2878 2530 3088 2600 ingredi
3145 2530 3511 2593 voluisse,er-

1927 2636 2108 2675 rorem
2127 2630 2335 2675 tantum
2372 2621 2499 2675 inse
2520 2621 2812 2675 habentem
2847 2636 3004 2690 ςιμιιιι
3022 2633 3246 2674 vocatur
3265 2621 3374 2676 vita
3406 2636 3505 2690 pro

1924 2714 2155 2768 arbitrio
2180 2721 2324 2769 acta.
2354 2711 2456 2779 Qui
2503 2720 2644 2768 hanc
2701 2713 2868 2768 semel
2908 2712 3210 2780 reliquerit,
3259 2712 3315 2766 in
3342 2712 3506 2767 bonis

1923 2807 2136 2862 actibus
2166 2816 2221 2861 et
2258 2805 2638 2876 spiritualibus
2663 2813 2717 2858 et
2758 2804 2867 2859 Deo
2903 2810 3074 2872 gratis
3121 2820 3230 2859 non
3267 2805 3504 2864 incedet,

1923 2899 2016 2954 sed
2049 2907 2254 2954 curret.
2305 2916 2325 2950 ι
2375 2896 2700 2954 Obedientia
2732 2898 2877 2950 enim
2911 2907 2993 2951 est
3031 2895 3134 2950 sibi
3168 2896 3505 2950 inmunibus

1923 2994 2084 3049 bonis
2115 2993 2328 3046 actibus
2354 3005 2528 3060 usque
2557 2992 2622 3044 ad
2654 2990 2817 3061 linem
2845 2990 2965 3043 vita:
2996 2987 3262 3044 dillidere.
3295 2987 3422 3042 Ideo
3448 2999 3504 3042 et

1925 3089 2044 3158 ipse
2066 3087 2159 3159 qui
2184 3087 2298 3140 haec
2314 3085 2645 3154 intellegens
2667 3093 2722 3138 ct
2740 3083 2940 3137 didieet
2955 3081 3002 3137 is
3021 3093 3075 3137 et
3091 3083 3350 3152 Optimam
3379 3097 3503 3151 par-

251 3177 574 3250 περαιοῦσθε
603 3177 840 3245 πέλαγος
862 3194 875 3208 ·
908 3177 1110 3246 γνῶτε,
1147 3177 1223 3242 ὡς
1274 3178 1538 3248 σύντομόν
1563 3195 1706 3244 τινα,
1737 3181 1832 3233 καὶ

1925 3191 2054 3245 tem,
2082 3181 2376 3235 aetheream
2407 3179 2556 3233 illam
2589 3191 2777 3246 pacem
2808 3191 2930 3245 qua:
2957 3191 3066 3230 non
3105 3177 3504 3246 potestaulerri

246 3272 500 3339 τραχεῖαν
527 3269 645 3323 ὁδὸν
678 3269 917 3338 βαδίζειν
941 3271 1365 3342 ὲπεχειρήσατε,
1387 3271 1517 3342 μίαν
1545 3271 1642 3324 καὶ
1659 3270 1830 3343 μόνην

247 3361 453 3431 πλάνην
485 3362 542 3415 ἐν
603 3361 772 3432 ἑαυτῇ
829 3362 1176 3433 κεκτημένην
1202 3377 1216 3392 ·
1279 3361 1422 3435 αὕτη
1452 3363 1508 3417 δὲ
1573 3363 1820 3419 καλεῖται

250 3453 482 3526 ιὸιορῤυθ
492 3455 588 3525 μία
610 3473 624 3486 ο
658 3457 686 3507 6
704 3455 816 3524 γὰρ
847 3454 1052 3524 ταύτην
1088 3454 1322 3509 είσάπαν
1345 3457 1829 3528 ἀπαρνησάμενος,

245 3543 300 3600 ἐν
331 3544 410 3611 οἷς
443 3547 508 3601 ἂν
530 3547 659 3617 δοκῇ
696 3548 902 3612 καλοῖς,
931 3549 1025 3603 καὶ
1056 3550 1474 3619 πνευματικοῖς,
1511 3549 1606 3604 καὶ
1630 3549 1827 3622 θεαρέο

245 3654 406 3702 στοις,
476 3637 583 3709 πρὸ
642 3638 736 3690 τοῦ
791 3638 1030 3708 βαδίσαι,
1065 3639 1388 3717 ἔφθασενηί
1433 3639 1686 3712 ’Υπακοὴ
1718 3641 1829 3714 γάρ

244 3731 410 3794 ἐστιν,
435 3728 685 3785 ἀπιστείν
717 3731 896 3802 ἐαυτῷ
927 3735 985 3786 ὲν
1017 3735 1130 3797 τοῖς
1159 3733 1346 3798 καλοῖς
1405 3733 1602 3801 ἅπασι,
1661 3735 1828 3807 μέχρι

243 3823 422 3886 τέλους
447 3824 616 3893 ζωῆς.
653 3824 819 3878 Ὅθεν
845 3824 942 3878 καὶ
967 3825 1128 3888 αὐτὸς
1157 3823 1331 3880 ταῦτα
1377 3828 1516 3897 μετὰ
1554 3827 1827 3892 συνέσεως

241 3913 593 3984 καταμαθὼν,
624 3915 719 3970 καὶ
745 3915 844 3987 τὴν
869 3917 1080 3987 ἀγαθὴν
1112 3917 1328 3987 μερίδα,
1363 3921 1459 3972 καὶ
1511 3919 1826 3990 ἀναφαίρεδ

240 4022 328 4058 τον
356 4005 455 4075 τῆς
480 4007 872 4078 αἱθεροδρόμου
903 4008 1138 4079 ἡσυχίας
1185 4009 1439 4075 ὲξασκεῖν
1469 4011 1817 4082 γλιχόμενος,

241 4098 370 4152 ἕπου
401 4101 512 4163 τοῖς
535 4099 716 4164 καλῶς
751 4101 1226 4170 τεθεσπισμένοις,
1261 4102 1338 4165 ῶς
1393 4121 1480 4157 σοι
1503 4103 1819 4175 δεδήλωται,

237 4183 442 4260 νόμοις,
506 4192 601 4246 καὶ
633 4193 848 4261 πρῶτον
890 4194 1177 4258 ἀσπασίως
1239 4195 1485 4249 ἄσπασαι
1569 4196 1665 4262 τὴν
1721 4197 1821 4249 ὑπο

234 4283 437 4352 ακοήν·
480 4280 578 4336 εἷθ’
607 4281 750 4337 οὕτω
778 4284 874 4356 τὴν
904 4285 1153 4358 ἡσυχίαν.
1187 4287 1400 4358 Ὠσπερ
1427 4286 1589 4357 γὰρή
1622 4286 1822 4358 πρᾶξις

235 4376 334 4444 τῆς
370 4374 604 4444 θεωρίας
634 4371 908 4441 ὲπίὸασις,
937 4365 1082 4431 οὕτω
1116 4379 1208 4432 καὶ
1246 4378 1521 4450 ἡύπακοὴ
1551 4378 1652 4449 τῆς
1687 4380 1822 4449 ὴσυο

1921 3279 2165 3350 cupieris
2199 3277 2476 3348 amplecti,
2510 3277 2656 3345 leges
2702 3284 2810 3329 tam
2859 3272 3046 3328 divine
3092 3273 3270 3339 datas,
3311 3276 3382 3326 ἰιι
3406 3269 3503 3326 tibi

1914 3381 2193 3427 ostensum
2225 3380 2597 3439 est,sequere,
2648 3377 2701 3422 et
2723 3367 2898 3436 primo
2933 3367 3188 3421 ardenter
3237 3365 3502 3420 obedien-
3536 3409 3544 3415 .

1917 3467 2050 3522 tiam
2069 3462 2433 3532 amplectere;
2461 3461 2658 3516 deinde
2682 3461 2786 3513 hoc
2808 3459 2971 3513 modo
2993 3473 3202 3528 pacem.
3226 3456 3500 3523 Quemad-

1919 3557 2140 3613 modum
2168 3556 2316 3613 enim
2353 3555 2495 3610 actio
2516 3554 2720 3624 gradus
2754 3560 2841 3607 est
2865 3551 2933 3606 ad
2957 3551 3498 3620 contemplationem,

1920 3653 2002 3708 sic
2036 3661 2091 3707 et
2122 3651 2188 3706 ad
2221 3666 2408 3722 pacem
2462 3649 2797 3705 obedientia.
2830 3644 3020 3718 Neque
3067 3645 3201 3702 velis
3265 3645 3506 3702 transire

1913 3745 2198 3806 terminos.
2237 3741 2598 3812 utseriptum,
2623 3750 2729 3805 est,
2751 3755 2891 3810 quos
2915 3755 3144 3808 posuere
3169 3738 3380 3795 Patres.
3407 3737 3498 3802 Et,

1915 3851 1994 3890 va:
2025 3836 2161 3891 soli!
2192 3832 2307 3890 Hoc
2335 3833 2480 3888 enim
2508 3836 2692 3906 modo,
2725 3833 3372 3902 pulehrumlundameuti
3394 3832 3501 3886 ini-

1913 3929 2048 3983 tium
2074 3927 2306 3997 jaciens,
2339 3933 2584 3995 tempore
2602 3925 2932 3994 procedente
2961 3961 2978 3990 ,
3033 3924 3496 3992 gloriosissimum

1911 4003 2197 4090 fastigium
2225 4019 2454 4075 adilieio
2479 4018 2652 4072 sancti
2684 4017 2925 4085 Spiritus
2989 4017 3258 4086 impones.
3289 4017 3493 4083 Quem-

1910 4115 2201 4168 admodum
2236 4114 2381 4168 enim
2423 4113 2586 4182 cujus
2614 4113 2832 4167 Initium
2861 4120 2968 4174 est,
3037 4122 3096 4165 ut
3119 4111 3325 4166 dictum
3382 4120 3490 4174 est,

1911 4209 2118 4276 absque
2150 4207 2344 4278 gloria,
2371 4217 2424 4262 et
2461 4217 2632 4261 totum
2665 4207 2938 4276 abjectnnt
2969 4206 3093 4272 erit,
3142 4207 3217 4261 ita
3273 4221 3490 4261 rursum

1911 4302 2070 4371 cujus
2110 4302 2327 4356 initium
2346 4309 2428 4356 est
2462 4300 2788 4370 gloriosum,
2827 4309 3001 4355 totum
3028 4311 3082 4356 et
3107 4303 3212 4355 erit
3237 4312 3495 4372 accepta-

1913 4393 2041 4456 bile,
2079 4402 2136 4448 et
2173 4395 2310 4449 bene
2331 4393 2688 4463 dispositum,
2747 4396 2878 4448 etsi
2937 4396 3278 4448 contrarium
3355 4413 3496 4450 tton—

153 4503 164 4510 -
229 4459 390 4536 χίας’
431 4467 524 4519 καὶ
581 4462 654 4538 μὴ
685 4467 806 4521 θέλε
859 4470 1139 4542 μεταίρειν
1172 4472 1318 4541 ὅρια,
1376 4469 1559 4535 καθὼς
1613 4471 1812 4541 γέγρα·

1925 4501 2189 4555 iunquatn
2222 4486 2456 4542 accidit:
2489 4497 2542 4540 et
2563 4487 2664 4541 hoc
2687 4495 2868 4539 latnett
2892 4501 2955 4540 ex
2994 4491 3490 4556 nosttoproposito

223 4566 380 4632 πται,
413 4553 448 4609 ἃ
482 4555 664 4611 ἔθεντο
698 4558 747 4610 οἱ
777 4559 1048 4631 Πατέρες.
1103 4563 1214 4615 Καὶ
1253 4561 1374 4614 οὐαὶ
1423 4561 1480 4614 δὲ
1535 4561 1613 4630 τῷ
1645 4563 1812 4632 μόνῳ.

1925 4591 1962 4633 ιι
1991 4595 2055 4634 ex
2071 4589 2258 4635 nostra
2281 4579 2560 4634 voluntate
2588 4581 2839 4634 accidere
2882 4580 3038 4636 solet.
3375 4591 3386 4602 '

225 4638 416 4717 Τούτῳ
465 4650 578 4718 γὰρ
606 4647 683 4719 τῷ
723 4648 936 4720 τρόπῳ,
978 4651 1150 4722 καλὴν
1182 4654 1360 4724 ἀρχὴν
1411 4651 1678 4724 θεμέθλου
1708 4655 2051 4723 καταϐαλὼν,
2103 4660 2298 4729 καιροῦ
2334 4662 2641 4731 προίόντος,
2695 4661 2790 4712 καὶ
2845 4659 3240 4712 εὐκλεέστατον
3286 4666 3492 4730 δροφον

223 4744 509 4815 ἐπιθήσεις
539 4749 604 4817 τῇ
629 4746 1016 4820 ἁρχιτεκτονίᾳ
1043 4749 1139 4803 τοῦ
1194 4751 1532 4820 Πνεύματος.
1575 4753 1668 4818 Ὧς
1710 4756 1821 4824 γὰρ
1856 4750 1932 4808 Οὒ
1967 4756 1999 4825 ἡ
2037 4753 2206 4825 ἀρχὴ,
2237 4754 2384 4806 κατὰ
2429 4755 2522 4808 τὸν
2555 4755 2804 4819 εἰπόντα,
2836 4755 3121 4822 ἀδόκιμος,
3161 4757 3255 4809 καὶ
3285 4756 3348 4809 τὸ
3382 4757 3494 4811 πᾶν

221 4839 537 4910 ἀπόϐλητον
563 4855 578 4870 ⁶
617 4839 793 4904 οὕτως
819 4836 912 4908 αὖ,
947 4839 1010 4897 οὗ
1063 4845 1096 4912 ἠ
1129 4842 1272 4916 ἀρχὴ
1308 4844 1556 4916 δόκιμος,
1591 4846 1686 4902 καὶ⁹
1734 4849 1796 4902 τὸ
1827 4847 1951 4900 ὅλον
2000 4847 2299 4918 εὐπρεπὲς,
2347 4849 2437 4902 ναὶ
2493 4849 2624 4918 μην,
2681 4849 2779 4902 καὶ
2809 4848 3098 4915 εὔτακτον,
3135 4851 3185 4902 εί
3238 4850 3333 4902 καὶ
3363 4853 3492 4908 τοὺς

222 4931 434 4983 ναντίον
491 4930 607 4984 ἐσθ’
687 4933 778 4987 ὅτε
826 4935 1167 5006 συμϐαίνει*
1226 4937 1323 4992 καὶ
1366 4940 1531 4994 τοῦτο
1586 4941 1772 5013 μέντοι
1823 4943 1976 5013 παρά
2025 4945 2092 5014 τῇ
2151 4943 2404 5022 ἡμετέρᾳ
2446 4943 2707 5014 προθέσει
2764 4946 3090 5016 προαιρέσει
3137 4947 3488 5016 ἐπιγίνεσθαι

222 5022 453 5089 ττέᾳυκσ.

228 5111 367 5182 τὶιςα
399 5109 470 5162 τὰ
505 5105 635 5182 ,τῆς
662 5106 933 5182 ἀληθοῦς
962 5111 1277 5182 ὑποταγῆς
1310 5111 1551 5182 σημεῖα,
1581 5112 1618 5166 ἀ
1670 5132 1812 5168 κατ-

257 5184 263 5188 ’
295 5177 453 5246 έχων
481 5181 514 5232 ό
565 5178 645 5252 τῷ
681 5175 810 5231 ὄντι
847 5180 1144 5250 ὑπήκοος,
1170 5175 1289 5252 ἐἴὴ
1347 5175 1425 5236 die
1465 5175 1812 5252 ἀπταίστως

294 5252 372 5302 ὑπ
382 5249 820 5316 οτασονόμενος.

295 5365 377 5414 ιε’.
414 5360 556 5415 Ἀλλ’
609 5360 912 5432 ἐπειδήπερ
973 5362 1141 5428 πολὺς
1193 5364 1224 5418 6
1280 5368 1408 5440 περὶ
1430 5369 1526 5438 τῆς
1548 5371 1804 5440 τοιαύτης

218 5455 451 5526 ἀγωγῆς
475 5455 653 5522 λόγος,
685 5454 778 5506 καὶ
805 5452 1226 5525 δυσδιεξίτητος,
1250 5456 1373 5511 ὅθεν
1399 5459 1496 5512 καὶ
1519 5460 1568 5514 oi
1599 5462 1806 5532 ταύτην

230 5550 641 5618 μετερχόμενοι,
670 5545 945 5617 διαφόρως
986 5548 1366 5620 μετέρχονται,
1401 5550 1521 5604 δέον
1555 5553 1648 5605 καὶ
1684 5554 1814 5624 περὶ

227 5641 396 5710 αὐτῆς
433 5638 586 5709 μίκρ’
615 5637 777 5702 am,
810 5637 975 5690 οἱονεὶ
1015 5639 1306 5713 σήμαντρα
1366 5643 1812 5716 ἐπισημήνασθαι

335 5803 380 5838 ³⁸
406 5806 594 5861 Matth.
635 5823 724 5877 xx,
776 5807 869 5864 28.

1469 5945 1498 5957 .ο
1543 5949 1593 5958 νη
1614 5946 1616 5949 ¹

1926 5129 2183 5196 Quanam
2212 5140 2550 5220 “fanaticus
2568 5133 2937 5220 raubjectt'ouis
2983 5141 3137 5210 signa
3161 5146 3380 5220 quibus
3415 5151 3505 5220 qui

2207 5211 2494 5255 instructus
2527 5213 2603 5256 est
2639 5220 2754 5258 vere
2790 5211 3057 5277 subjectus
3093 5211 3217 5269 erit.

1995 5374 2082 5429 l5.
2121 5374 2225 5430 Sed
2261 5379 2522 5447 quoniam
2567 5382 2720 5436 multi
2777 5384 2844 5438 de
2869 5385 2972 5442 hae
3019 5388 3324 5451 directione
3387 5415 3492 5456 ser-

1922 5483 2113 5523 mones
2144 5470 2290 5539 iique
2320 5475 2588 5528 extricatu
2617 5477 2863 5532 diﬂiciles
2885 5491 3032 5548 sunt,
3063 5486 3205 5540 unde
3237 5490 3294 5542 tit
3320 5497 3495 5563 utqui

1914 5574 2035 5614 eam
2071 5563 2330 5629 subeunt,
2357 5565 2699 5622 dissimiliter
2729 5572 2986 5636 subeam,
3041 5589 3257 5647 oportet
3315 5594 3370 5636 et
3427 5586 3499 5641 de

1914 5665 1977 5739 ea
2007 5667 2181 5722 pauca
2207 5657 2454 5726 quadam
2491 5669 2751 5731 tanqeatn
2785 5666 2936 5735 signa
2961 5667 3215 5738 indicari,
3242 5691 3363 5744 qua:
3399 5679 3501 5731 ob-
