4076 6444
532 361 642 429 655

1284 424 1289 431 .
1378 367 1726 431 CALLISTI
1763 370 1860 434 ET
1891 369 2199 435 IGNATH
2244 374 2943 444 XANTHOPULORUM

3712 392 3823 458 856

535 485 1056 549 servanstanquam
1099 477 1342 548 regulam
1371 489 1424 536 et
1471 491 1737 537 stateram
1765 481 2129 552 inl‘alhbilem,

2233 493 2314 530 σοι
2345 491 2359 505 ⁸
2383 477 2419 532 ἀ
2461 480 2555 531 καὶ
2589 482 2837 551 κατέχων
2863 483 2940 547 ὼς
2968 484 3170 540 κανόνα
3211 487 3304 544 καὶ
3341 485 3591 568 στάθμην
3619 499 3816 559 ἀπται.

534 571 834 641 purissime
860 569 1045 625 vivere
1080 569 1312 640 poteris.
1344 568 1412 626 Et
1443 571 1562 628 haec
1589 572 1831 629 dicimus
1857 589 1874 630 :
1901 572 2134 646 Oportet

533 678 660 717 eum
693 676 944 734 quivere
982 663 1263 733 subjectus
1306 673 1425 730 est,
1467 655 1566 720 has
1607 665 1856 738 quinque
1903 668 2132 722 virtutes

535 757 845 811 necessarie
863 759 1157 827 prosequi:
1191 757 1260 812 Et
1296 759 1477 828 primo
1503 758 1686 824 iidem,
1712 776 1905 830 puram
1936 774 2132 831 nempe

535 847 691 900 ﬁdem
711 846 764 900 iii
781 863 906 900 eum
925 862 953 900 a
974 862 1083 918 quo
1106 847 1362 917 dirigitur
1377 858 1430 902 et
1453 849 1724 904 sinceram
1749 851 1971 917 habere,
1994 852 2130 906 adeo

535 951 595 993 ut
612 940 804 994 credat
825 942 1005 1010 ipsum
1039 940 1320 995 Christum
1342 957 1401 995 se
1420 942 1688 1010 inspicere
1705 944 1864 1012 eique
1883 942 2127 1005 obedire.

533 1044 592 1087 ut
626 1035 705 1086 ait
735 1031 1004 1087 Dominus
1030 1030 1226 1087 Jesus:
1259 1051 1277 1085 ι
1303 1032 1406 1098 Qui
1440 1048 1535 1087 Vos
1564 1035 1737 1100 audit,
1773 1049 1859 1088 ine
1876 1036 2047 1098 audit,
2074 1044 2129 1088 et

529 1126 624 1194 qui
647 1140 744 1179 vos
760 1125 1081 1191 contemnit,
1105 1140 1190 1178 me
1221 1125 1544 1191 contemnit,
1573 1134 1628 1180 et
1645 1129 1736 1196 qui
1768 1141 1854 1181 me
1881 1137 2128 1182 contem-

530 1225 633 1280 uit,
670 1214 975 1270 contemnit
1000 1226 1055 1269 et
1079 1231 1206 1269 eum
1237 1216 1331 1284 qui
1356 1216 1508 1269 misit
1537 1233 1641 1271 me.
1665 1215 1729 1270 Et
1754 1218 2126 1288 quodcunque

530 1325 638 1362 non
669 1325 733 1362 ex
761 1309 864 1362 title
904 1318 1008 1374 est,
1038 1309 1195 1379 juxta
1223 1323 1348 1363 eum
1376 1311 1468 1380 qui
1496 1324 1527 1364 a
1551 1308 1794 1364 Climace
1821 1325 2120 1378 cegnonien

534 1406 722 1456 habet.
757 1410 1047 1472 peceatum
1110 1410 1218 1468 est,
1251 1419 1270 1452 ι
1341 1403 1608 1468 secundo,
1669 1403 1978 1470 veritatem,
2031 1417 2124 1458 ve-

532 1510 710 1548 raceut
743 1510 869 1547 eum
896 1509 1018 1548 esse
1050 1501 1265 1563 oportet
1288 1504 1342 1547 et
1368 1509 1533 1562 opere
1564 1504 1616 1547 et
1649 1495 1830 1562 verbo,
1866 1504 1920 1549 et
1955 1509 2120 1549 aecus

531 1598 647 1641 rata
681 1585 1074 1657 cogitationum
1119 1585 1489 1640 c0nl‘ess'tone.
1522 1603 1540 1637 t
1565 1584 1786 1639 lttitium
1827 1587 1974 1640 enim
2002 1601 2119 1640 ser-

532 1695 754 1732 ntonutn
791 1689 1012 1731 tuorum
1045 1687 1132 1732 est
1161 1681 1386 1744 veritas,
1426 1689 1483 1732 ut
1511 1679 1777 1746 scriptum
1804 1687 1888 1732 est
1913 1679 2012 1735 ".i
2049 1675 2116 1730 Et

530 1772 816 1824 veritatem
849 1769 1447 1840 requit'itDotnitius".
1475 1769 1540 1822 Et
1571 1769 1824 1823 Christus
1847 1772 1926 1823 ait
1955 1786 1973 1820 t
2003 1769 2115 1836 Ego

527 1882 649 1922 sum
677 1867 879 1920 veritas
906 1864 977 1919 ⁸³.
1004 1864 1101 1918 «Et
1139 1878 1274 1918 sane
1323 1865 1436 1934 ipse
1463 1873 1686 1917 vocatus
1727 1871 1811 1916 est
1842 1862 2117 1933 ipsissima
2151 1845 2192 1900 Β

527 1963 754 2014 veritas.
783 1957 964 2014 Tertia
985 1968 1069 2013 est
1106 1957 1385 2028 prepriam
1420 1957 1752 2011 voluntatem
1800 1973 1909 2011 non
1943 1958 2121 2026 sequi.

527 2055 927 2110 Detrimentum
971 2053 1117 2108 enim
1165 2060 1274 2118 est,
1314 2052 1517 2121 inquit,
1556 2052 1803 2121 subjecto
1847 2052 2120 2121 propriam

526 2148 714 2201 facere
737 2146 1101 2212 Voluntatem,
1127 2145 1225 2198 sed
1252 2159 1471 2213 semper
1497 2160 1617 2198 eam
1646 2146 2126 2199 libenter-submit-

529 2247 644 2290 tere
683 2237 878 2301 debes,
931 2250 1113 2304 neque
1145 2243 1199 2288 te
1244 2235 1365 2304 cogi
1396 2250 1426 2288 a
1459 2235 1685 2304 proprio
1713 2234 1876 2289 Patre
1919 2238 2122 2292 sinere.

533 2327 744 2395 Quarta
775 2339 860 2382 est
887 2343 996 2381 non
1021 2327 1404 2382 coiitradicet'e
1431 2341 1610 2396 neque
1639 2329 1865 2381 omnino
1893 2341 2126 2384 conten-

532 2424 668 2475 dere
700 2418 968 2491 quoniam
998 2411 1363 2474 contradictio
1396 2429 1451 2474 et
1485 2422 1766 2475 contentio
1809 2421 2020 2490 piorum
2044 2424 2127 2478 vi.
2160 2443 2165 2446 ·

527 2527 718 2568 rorum
753 2529 865 2567 non
892 2520 1049 2566 sunt.
1108 2511 1176 2567 Et
1229 2513 1428 2567 scribit
1469 2515 1806 2568 sacerrimus
1865 2515 2070 2570 Paulus
2103 2531 2123 2572 ι

531 2625 549 2658 ι
581 2606 638 2660 Si
666 2607 792 2676 quis
821 2615 1003 2659 autem
1033 2603 1370 2659 contendere
1398 2604 1533 2670 vult,
1568 2619 1670 2659 nos
1701 2605 1863 2660 talem
1887 2622 2124 2662 consue-

529 2699 772 2754 tudinem
797 2715 906 2754 non
941 2701 1236 2763 habemus,
1265 2713 1444 2769 neque
1485 2698 1746 2754 Ecclesia:
1788 2699 1884 2757 Dei
1909 2701 1976 2755 “.
2012 2719 2030 2753 ι
2065 2700 2123 2756 Si

528 2808 662 2848 vero
691 2793 767 2848 ita
797 2791 1122 2862 simpliciter
1147 2799 1202 2846 et
1233 2792 1492 2846 omnibus
1517 2790 1854 2848 Christianis
1888 2793 2123 2848 interdi-

523 2887 693 2950 citur,
726 2886 901 2939 multo
935 2868 1112 2953 magis
1140 2884 1454 2948 monachis,
1489 2888 1584 2952 qui
1621 2885 1928 2940 secundum
1954 2885 2116 2940 Chri-

524 2989 672 3033 stqu
744 2978 1052 3048 promisere
1108 2992 1169 3031 se
1223 2987 1483 3031 accurate
1543 2977 1918 3046 subjiciendos
1974 2993 2121 3035 esse.

521 3070 1106 3126 Coutradictioautem
1138 3070 1492 3126 ettemulatio
1550 3083 1734 3124 ortutu
1793 3072 1995 3128 habent
2051 3088 2120 3129 ex

524 3175 708 3222 mente
729 3166 990 3236 superbia
1028 3173 1084 3219 et
1116 3165 1414 3220 dillideutia
1439 3163 1667 3233 referta,
1696 3177 1754 3222 ut
1787 3168 1992 3224 dictum
2013 3179 2117 3226 cst.
2146 3196 2190 3257 α

532 3259 838 3314 Monachus
865 3260 961 3329 qui
993 3258 1269 3328 superbus
1310 3267 1421 3324 est,
1445 3260 1712 3314 violenter
1749 3263 2122 3330 contradicit;

527 3351 994 3421 quemadmodum
1035 3358 1090 3404 et
1109 3351 1452 3405 contrarium
1472 3350 1688 3406 scilicet
1707 3368 1816 3407 non
1840 3355 2120 3410 contradi-

521 3451 713 3498 cereet
731 3456 837 3496 non
857 3441 1215 3506 contendere,
1231 3453 1410 3496 ortum
1433 3444 1594 3499 habet
1608 3459 1672 3498 ex
1694 3446 1837 3501 lideli
1851 3460 1904 3501 et
1922 3447 2118 3504 humili

521 3537 910 3606 dispositione.
937 3535 1004 3590 Et
1033 3537 1284 3606 qttintam
1325 3551 1450 3591 eum
1501 3538 1763 3593 virtutem
1822 3541 2119 3598 observare

523 3639 762 3701 Oportet,
793 3645 989 3700 nempe
1018 3637 1336 3684 accuratam
1371 3640 1426 3685 et
1462 3631 1740 3686 sinceram
1794 3638 2116 3704 praeceptori

519 3723 922 3779 confessionem
950 3740 965 3790 ;
996 3731 1058 3777 ut
1085 3731 1141 3776 et
1173 3723 1228 3776 in
1260 3733 1451 3778 nostra
1479 3724 1822 3794 detonsione,
1855 3736 2116 3798 tanquam

519 3815 568 3869 si
590 3824 717 3870 ante
747 3814 1160 3870 formidandum
1192 3816 1431 3871 tribunal
1473 3817 1678 3873 Christi
1741 3821 2115 3889 stetissemus,

517 3922 707 3962 coram
745 3906 860 3962 Deo
889 3917 947 3962 et
990 3907 1202 3964 sanctis
1234 3909 1448 3980 angelis
1506 3913 1883 3980 promisimus,
1923 3929 2023 3970 nos
2064 3924 2120 3971 et

517 4001 970 4056 initiuinetiinein
989 4001 1274 4057 habituros
1297 4019 1422 4058 cum
1445 4004 1705 4061 omnibus
1757 4008 1961 4062 nostris
2012 4007 2120 4062 Do-

520 4095 671 4148 mino
707 4093 996 4165 promissis
1019 4103 1071 4149 ct
1119 4096 1484 4162 testamentis,
1535 4095 1962 4155 etconl'essuros
1994 4115 2120 4157 esse

515 4186 889 4241 cordistiostri
917 4196 1152 4242 secreta.
1193 4187 1405 4243 Dictum
1429 4199 1515 4244 est
1535 4190 1677 4244 ettim
1707 4205 1739 4245 a
1770 4192 2119 4249 sanctissimo

517 4277 719 4333 Davide
744 4296 759 4334 :
788 4297 807 4333 ι
837 4277 978 4346 Dixi,
1021 4279 1327 4334 conﬁtebor
1357 4282 1647 4337 adversum
1673 4299 1759 4338 me
1777 4284 2117 4354 iniquitatem

517 4367 843 4436 Domino,ot
859 4379 916 4424 ttt
941 4369 1198 4425 remisisti
1216 4370 1295 4423 ³³»
1320 4381 1372 4426 et
1391 4382 1609 4428 caetera.
1631 4375 1699 4429 Et
1719 4375 1788 4429 ab
1802 4378 1992 4432 eodem
2010 4378 2120 4435 Cli-

518 4477 701 4516 mace:
724 4460 900 4532 Plagae
919 4461 965 4516 si
990 4461 1352 4532 triumphant,
1371 4479 1479 4518 non
1512 4466 1578 4519 ad
1608 4467 1762 4538 pejus
1781 4470 2106 4542 proﬁciunt;

515 4551 611 4606 sed
641 4551 1006 4606 curabuntur.

587 4797 724 4853 Eum
745 4799 1142 4871 quintupliceni
1193 4799 1461 4858 virtutum
1483 4818 1620 4874 quas
1639 4807 1981 4867 ostendimus
2003 4826 2105 4866 nu-

515 4906 727 4945 merum
748 4892 1064 4963 quicunque
1083 4894 1362 4966 sapienter
1383 4907 1436 4952 et
1452 4899 1711 4955 ardenter
1758 4905 2102 4972 custodierit,

513 4981 1114 5041 indubitatttersciatse
1149 4986 1498 5058 adepturum,
1553 5000 1810 5062 tauquam
1854 4996 2108 5053 datisar-

512 5075 948 5146 rhis.justorum
973 5081 1557 5139 beatitudiiicm.Etca
1575 5086 1795 5156 quidem
1832 5101 1964 5145 sunt
2001 5092 2101 5146 liu-

504 5167 597 5232 jus
616 5168 925 5238 magnifica:
957 5172 1318 5240 subjectionis
1339 5177 1582 5246 propria,
1609 5187 1663 5232 et
1690 5181 1850 5249 quasi
1872 5183 2028 5238 radix
2049 5193 2103 5240 et

511 5259 954 5314 fundamentum.
975 5263 1114 5317 Audi
1137 5278 1265 5318 vero
1289 5272 1343 5318 et
1361 5269 1553 5332 quales
1573 5266 1685 5320 sint
1709 5270 1865 5335 rami,
1891 5279 1948 5323 et
1984 5271 2103 5325 fru-

505 5361 632 5405 t-ttts
657 5361 710 5406 et
739 5367 1027 5408 cacumen.
1530 5366 1533 5370 ”

577 5442 654 5499 Ex
677 5445 1038 5515 subjectione,
1058 5446 1241 5517 inquit
1259 5463 1480 5503 rursum
1503 5449 1644 5505 idem
1665 5465 1693 5506 a
1712 5450 1975 5520 Climace,
1997 5453 2097 5510 bu.

505 5538 750 5603 utilitas;
789 5552 855 5591 ea
919 5535 1231 5596 humilitate
1278 5541 1583 5607 discretio;
1635 5557 1702 5597 ex
1767 5545 2102 5602 discretione

502 5627 1014 5699 perspicacitasmx
1031 5639 1094 5686 e‘a
1119 5642 1300 5688 autem
1327 5634 1580 5704 pravisio
1597 5650 1616 5702 ;
1636 5637 1779 5705 quod
1807 5638 1978 5695 solius
2004 5639 2100 5696 Dei

500 5732 638 5783 opus
661 5729 768 5788 est,
797 5731 852 5778 et
875 5722 946 5778 iis
975 5724 1071 5794 qui
1103 5724 1334 5782 feliciter
1363 5726 1667 5782 secundum
1701 5727 1871 5784 Deum
1899 5743 2092 5803 agunt,

563 5827 1151 5916 .‘"Psal.cxvut,160‘
1253 5839 1299 5872 η
1347 5836 1494 5894 Psal.
1542 5855 1672 5909 xxx,
1713 5840 1802 5895 24.
1835 5843 1875 5873 ³³
1914 5841 2076 5903 Joatt.
2121 5867 2227 5921 xiv,
2274 5855 2326 5909 6.

2136 4543 2184 4600 D

2233 585 2402 640 στονλ
2435 571 2650 642 εύαγῶς
2705 575 2806 648 ἔσῃ
2855 577 3308 651 πολιτευόμενος⁹
3359 586 3456 641 καὶ
3498 588 3562 660 δὴ
3586 591 3819 666 λέγομεν

2232 663 2356 716 τάδε
2376 675 2390 692 ·
2421 666 2528 736 χρὴ
2564 666 2655 721 τὸν
2677 667 2890 739 ἀληθῶς
2916 669 3178 743 ὑπήκοον,
3222 677 3299 741 ῶς
3350 680 3485 750 ἡμῖν
3509 684 3676 752 δοκεῖ,
3709 663 3816 757 φο-

2228 757 2447 812 λάττειν
2478 759 2578 824 τὰς
2609 761 2772 815 πέντε
2801 763 3008 828 ταύτας
3031 768 3232 838 ἀρετὰς
3258 773 3411 847 κατὰ.
3435 777 3616 831 πᾶσαν
3645 779 3808 850 ἀνάγ-

2230 865 2367 918 κην·
2405 852 2502 904 καὶ
2554 853 2779 924 πρώτην
2815 856 2915 925 τὴν
2973 859 3195 913 πίττινδ
3230 865 3400 932 ἤγουν
3445 867 3594 939 ἔχειν
3647 875 3818 930 αὑτὸν

2230 943 2480 1014 καθαρὰν
2501 946 2595 1000 καλ⁸
2621 946 2808 1002 ἄδολον
2835 949 3039 1016 πίστιν,
3075 955 3213 1025 πρὸς
3241 956 3333 1010 τὸν
3365 961 3562 1015 ἐαυτοῦ
3595 965 3820 1024 ἐπιστά-

2230 1052 2357 1106 την·
2385 1038 2478 1090 ἐπὶ
2508 1039 2782 1103 τοσοῦτον,
2813 1041 2888 1105 ῶς
2905 1041 3082 1098 δοκεῖν
3110 1045 3220 1118 [ῖσ.
3252 1051 3379 1107 add.
3407 1053 3510 1125 είς]
3542 1057 3706 1111 αὑτὸν
3722 1060 3813 1114 τὸν

2230 1127 2464 1200 Χριστὸν
2484 1131 2728 1200 βλέπειν,
2770 1134 2865 1186 καὶ
2894 1136 3317 1205 ὑποτάσσεσθαι,
3345 1143 3420 1207 ῶς
3452 1163 3618 1218 φησιν
3640 1152 3669 1204 6
3702 1152 3815 1205 Κύο

2231 1233 2346 1293 ριος
2381 1223 2621 1292 Ἰησοῦςδ
2661 1244 2680 1278 ι
2719 1225 2777 1280 '0
2799 1228 3014 1283 ἀκούων
3043 1231 3220 1302 ὑμῶν,
3249 1236 3386 1304 ἐμοῦ
3427 1240 3645 1295 ἀκούει*
3672 1247 3764 1298 καὶ
3784 1248 3815 1300 6

2228 1317 2437 1370 ἀθετῶν
2465 1317 2629 1388 ὑμᾶς,
2655 1319 2768 1392 ’ἐμὲ
2802 1321 3024 1376 ἀθετεῖ·
3057 1326 3085 1378 6
3109 1326 3165 1379 6's
3206 1329 3304 1398 ἐμὲ
3350 1332 3582 1398 ἀθετῶν,
3629 1336 3815 1394 ἀθετεῖ

2227 1410 2317 1463 τὸν
2352 1411 2756 1468 ἀποστείλαντά
2792 1431 2882 1484 με.
2928 1435 2946 1468 ι
2985 1417 3094 1471 Καὶ
3120 1420 3228 1472 πᾶν
3253 1420 3282 1475 ὃ
3316 1422 3410 1477 τοῦ
3447 1425 3549 1497 τῆς
3598 1429 3810 1502 Κλίμα-

2228 1518 2324 1564 κος
2379 1503 2479 1557 οὑκ
2529 1506 2594 1559 ἐκ
2643 1506 2882 1571 πίστεως
2933 1509 3180 1582 ἁμαρτία
3222 1514 3359 1568 ἐστί.
3384 1519 3654 1590 Δευτέραν
3712 1523 3811 1597 τὴν

2225 1595 2490 1666 ἀληθειαν
2515 1613 2529 1630 ο
2558 1598 2676 1668 ἦτοι
2708 1597 2996 1670 ἀληθεύειν
3028 1604 3192 1658 αὑτὸν
3223 1605 3281 1659 ἐν
3311 1607 3480 1680 ἔργῳ,
3521 1614 3617 1667 καὶ
3643 1595 3808 1688 λόγω,

2226 1687 2317 1741 καὶ
2343 1691 2409 1760 τῇ
2450 1688 2558 1742 τῶν
2587 1689 2868 1764 λογισμῶν
2893 1693 3117 1765 ἀκριὸεῖ
3147 1698 3557 1774 ἐξομολογήσει.
3597 1725 3616 1758 ι
3639 1709 3808 1783 Ἀρχὴ

2225 1781 2358 1853 γὰρ,
2412 1783 2745 1854 γέγραπται,
2794 1787 2906 1841 τῶν
2953 1788 3130 1856 λόγων
3185 1809 3302 1858 σου,
3334 1795 3600 1867 ἀλήθεια⁴
3641 1821 3659 1854 ι
3715 1781 3809 1858 καί

2224 1871 2482 1964 ἀληθείας
2523 1871 2743 1944 ἐκζητεῖ
2768 1877 2994 1950 Κύριος.
3021 1883 3132 1936 Καὶ
3176 1885 3205 1938 6
3250 1885 3483 1958 Χριστὸς
3522 1891 3578 1944 δέ
3605 1909 3766 1964 φησιν
3788 1911 3808 1929 ο

2231 1983 2248 2015 ι
2277 1963 2431 2055 ,Ἐγώ
2466 1967 2582 2036 εἰμι
2611 1968 2644 2037 ἡ
2673 1967 2934 2038 ἀλήθεια·
2986 1989 3006 2024 a
3045 1975 3139 2027 καὶ
3197 1975 3290 2046 δὴ-
3315 1980 3412 2031 καὶ
3451 1963 3808 2055 αὑτοαλῆθεια

2223 2053 2512 2124 κέκληται.
2573 2056 2777 2130 Τρίτην
2808 2059 2870 2112 τὸ
2909 2061 2984 2132 μὴ
3035 2068 3210 2118 ποιεῖν
3235 2067 3298 2120 τὸ
3346 2071 3545 2124 οίκεῖον
3573 2053 3806 2146 θέλημα.

2221 2147 2298 2214 Ζη
2308 2146 2405 2214 μία
2425 2146 2557 2219 γὰρ,
2587 2150 2774 2221 φησὶν,
2801 2152 3051 2224 ὑπηκόῳ,
3069 2155 3129 2208 τὸ
3148 2162 3321 2212 ποιεῖν
3345 2161 3405 2214 τὸ
3425 2163 3554 2217 ἴδιον
3574 2163 3804 2238 θέλημα·

2220 2238 2337 2324 ἀλλ’
2365 2240 2453 2293 ἀεὶ
2500 2241 2724 2296 κόπτειν
2754 2244 2886 2298 αὐτὸ
2935 2245 3178 2302 ἐθελοντί
3199 2267 3214 2283 ⁸
3249 2253 3492 2323 δηλονότι
3537 2257 3611 2328 μὴ
3635 2259 3805 2330 ἀναγ-

2221 2330 2521 2402 καζόμενον
2554 2335 2660 2388 ὑπὸ
2689 2336 2783 2390 τοῦ
2837 2337 2970 2392 ίδίου
3012 2341 3249 2413 Πατρός.
3283 2345 3570 2420 Τετάρτην
3616 2351 3678 2404 τὸ
3728 2354 3804 2426 μὴ

2219 2425 2544 2493 ἀντιλέγειν,
2573 2429 2666 2482 καὶ
2694 2431 3022 2498 φιλονεικεῖν
3066 2436 3400 2492 τοκαθόλου·
3438 2443 3559 2495 ἐπεὶ
3593 2445 3625 2514 ἡ
3653 2425 3805 2499 ἀντιέ

2219 2515 2377 2582 λογία
2407 2517 2501 2570 καὶ⁷
2537 2520 2570 2590 ἡ
2599 2520 2926 2589 φιλονεικία,
2955 2525 3055 2579 οὑκ
3103 2526 3220 2581 ἐστι
3253 2529 3361 2584 τῶν
3387 2533 3650 2589 εὐσεϐῶν.
3694 2539 3805 2594 Καὶ

2219 2607 2474 2678 γράφειὸ
2499 2609 2794 2682 ἱερώτατος
2820 2615 3050 2682 Παῦλος·
3093 2637 3112 2670 ι
3147 2620 3210 2674 Εί
3251 2620 3308 2676 δέ
3342 2639 3427 2687 τις
3471 2625 3619 2680 δοκεῖ
3654 2629 3805 2698 φιλό-

2227 2719 2411 2766 νεικος
2443 2698 2608 2771 εἶναι,
2635 2707 2797 2777 ἡμεῖς
2823 2711 3078 2783 τοιαύτην
3105 2715 3393 2786 συνήθειαν
3443 2719 3544 2772 οὑκ
3586 2720 3802 2792 ἔχομεν,

2219 2793 2345 2848 οὗτε
2370 2796 2428 2849 αἱ
2471 2797 2791 2870 Ἐκκλησέαι
2820 2801 2918 2855 τοῦ
2952 2802 3111 2859 Θεοῦ.
3152 2825 3170 2858 i
3207 2807 3269 2860 Εἰ
3307 2808 3352 2862 δ’
3389 2809 3563 2876 οὕτως
3593 2814 3802 2882 ἁπλῶς,

2223 2888 2320 2942 καὶ
2356 2891 2508 2961 κοινῇ
2552 2892 2686 2946 πᾶσι
2714 2894 3063 2964 Χριστιανοῖς
3104 2898 3434 2969 ἀπείργεται
3464 2903 3534 2958 τὰ
3557 2906 3804 2974 τοιαῦτα,

2221 2979 2405 3053 πολλῷ
2438 2983 2643 3054 μᾶλλον
2680 2990 2978 3056 μονασταῖς
3001 3004 3014 3018 ·
3060 2993 3155 3045 καὶ
3189 2993 3366 3048 ταῦτα
3397 2997 3538 3051 κατά
3564 2998 3655 3051 τὸν
3687 3001 3803 3054 Κύ-

2222 3087 2343 3143 ριον
2391 3073 2888 3146 ἐπαγγελλομένοις
2936 3079 3344 3138 ὑποτάσσεσθαι
3418 3088 3680 3158 ἀκριϐῶς.
3729 3091 3808 3145 T6

2225 3163 2410 3234 μέντοι
2441 3166 2766 3238 ἀντιλέγειν,
2797 3172 2890 3224 καὶ
2923 3173 3268 3242 φιλονεικεῖν,
3302 3176 3415 3247 ἔχει
3447 3181 3546 3251 τὴν
3569 3165 3804 3252 ὕπαρξιν

2220 3256 2285 3308 ἐκ
2314 3256 2564 3329 γνώμης,
2623 3261 2857 3332 ἀπιστίᾳ
2904 3265 3000 3318 καὶ
3050 3265 3472 3343 ὑψηλοφροσύνῃ
3517 3271 3802 3344 συζῶσης,

2218 3347 2296 3441 ῶς
2322 3349 2560 3421 εἴρηται·
2579 3351 2939 3426 ’Υῲηλόφρων
2969 3359 3204 3429 μοναχὺς
3229 3363 3504 3433 ἀντιλέγει
3535 3369 3800 3441 σφοδρῶςο

2220 3438 2413 3512 ὥσπερ
2445 3443 2541 3496 καὶ
2564 3446 2908 3515 τούναντίον,
2932 3450 3100 3520 ἤγουν
3147 3453 3207 3506 τὸ
3230 3455 3305 3526 μὴ
3336 3438 3681 3527 ἀντιλέγειν,
3707 3463 3807 3518 καὶ⁵

2223 3533 2299 3604 μὴ
2333 3533 2681 3603 φιλονεικεῖν,
2713 3540 3044 3615 προέρχεται
3077 3543 3144 3596 ἐκ
3174 3547 3382 3617 πιστῆς
3427 3552 3524 3604 καὶ
3548 3555 3804 3608 ταπεινό-

2221 3641 2419 3695 φρονος
2444 3625 2762 3693 διαθέσεως.
2810 3632 2919 3685 Καὶ
2957 3633 3221 3705 πέμπτην
3263 3636 3320 3690 δὲ
3358 3639 3464 3710 χρὴ
3513 3643 3804 3711 φυλάττειν

2220 3716 2411 3772 τοῦτον
2432 3719 2655 3791 ἀρετὴν,
2685 3723 2746 3774 τὸ
2777 3721 2923 3793 ἔχειν
2948 3724 3153 3798 ἀκριϐῆ
3188 3729 3285 3781 καὶ
3315 3731 3585 3804 εἱλικρινῆ
3615 3733 3804 3806 ἐξομο-

2220 3807 2442 3881 λόγησιν
2472 3812 2609 3883 πρὸς
2639 3813 2729 3866 τὸν
2751 3817 3091 3886 προεστῶτα,
3123 3819 3308 3884 καθὼς
3339 3823 3432 3876 καὶ
3471 3827 3532 3878 ἐν
3573 3829 3639 3897 τῇ
3665 3828 3802 3881 ἀπο-

2219 3903 2435 3975 κάρσει,
2469 3906 2545 3970 ὡς
2569 3907 2663 3961 ἐπὶ
2691 3909 2786 3962 τοῦ
2809 3910 3040 3982 φοὸεροῦ
3073 3915 3423 3984 παρεστῶτες
3452 3917 3804 3990 βήματοςτοῦ

2219 3997 2481 4067 Χριστοῦ,
2514 3999 2752 4055 ἐνώπιον
2779 4002 2917 4057 Θεοῦ
2948 4005 3044 4060 καὶ
3077 4007 3248 4075 ἁγίων
3281 4010 3533 4079 ἀγγέλων
3562 4013 3800 4070 δεδώκαο

2224 4107 2322 4161 μεν
2353 4091 2668 4161 ὑπόσχεσιν,
2696 4094 2757 4147 1:6
2781 4095 2928 4166 ἔχειν
2956 4099 3106 4168 ἡμᾶς
3137 4101 3332 4172 ἀρχὴν,
3362 4104 3463 4157 καὶ
3489 4103 3644 4170 τέλος
3663 4106 3802 4176 μετά

2220 4179 2328 4233 τῶν
2356 4180 2532 4236 ἄλλων
2555 4184 2901 4253 ἐπαγγελιῶν
2935 4191 3028 4243 καὶ
3047 4190 3330 4262 συνθηκῶν
3355 4195 3514 4264 ἡμῶν
3538 4196 3646 4250 τῶν
3663 4198 3802 4270 πρὸς

2219 4273 2446 4345 Κύριον,
2487 4277 2582 4330 κα)⁵
2621 4277 2946 4348 ἐξαγγελίαν
2975 4283 3083 4337 τῶν
3109 4285 3211 4356 τῆς
3242 4287 3475 4358 καρδίας
3509 4291 3797 4363 κρυπτῶν.

2218 4365 2447 4437 Εἴρηται
2475 4371 2571 4422 καὶ
2623 4369 2701 4441 τῷ
2761 4371 2890 4444 θείῳ
2938 4375 3136 4430 Δαδίδ’
3165 4395 3187 4431 ι
3246 4376 3412 4443 Εἷπα,
3455 4380 3802 4454 ἐξαγορεύσω

2217 4460 2339 4511 κατ⁹
2369 4459 2504 4529 ἐμοῦ
2533 4460 2633 4534 τὴν
2661 4463 2894 4534 ἀνομίαν
2950 4484 3053 4537 μου
3083 4469 3162 4540 τῷ
3199 4472 3390 4544 Κυρίῳ
3411 4489 3424 4503 ·
3465 4477 3560 4528 καὶ
3594 4477 3660 4530 σὺ
3691 4479 3797 4548 ἀφ-

2216 4552 2379 4624 ῆκας,
2409 4573 2428 4607 ι
2455 4556 2573 4608 κτλ.
2607 4557 2716 4610 Καὶ
2740 4558 2818 4628 τῷ
2847 4559 2945 4630 τῆς
2970 4562 3276 4634 Κλίμακοςο
3295 4564 3577 4631 Μὼλωπες
3601 4568 3797 4642 θριαμο

2218 4647 2528 4720 ὁευόμενοι,
2561 4649 2623 4702 οὑ
2656 4651 3026 4722 προκόψουσιν
3055 4656 3148 4710 ἐπὶ
3169 4656 3231 4710 τὸ
3258 4659 3463 4727 χεῖρον,
3498 4659 3612 4713 ἀλλ’
3646 4660 3800 4735 ίαθή-

2217 4753 2422 4792 σονται.

2285 4831 2504 4902 Ταύτην
2526 4833 2626 4904 τὴν
2661 4836 2993 4908 πενταδικὴν
3031 4839 3140 4892 τῶν
3195 4840 3542 4911 δηλωθεισῶν
3587 4845 3799 4915 ἀρετῶν

2214 4926 2638 5000 ἀπαρίθμησιν,
2695 4933 2724 4984 6
2777 4933 2957 5002 σοφῶς
2988 4934 3082 4988 καὶ
3138 4936 3522 5008 ἐπιστημόνως
3568 4941 3755 5012 τηρῶν
3782 4987 3800 5012 ,

2215 5023 2602 5108 ἀναμφιϐόλως
2636 5028 2978 5094 γινωσκέτω,
3047 5029 3122 5092 ῶς
3168 5031 3499 5085 ἀπεντεῦθεν
3538 5037 3797 5108 ἐπιτυχῆς
3862 5078 3866 5084 .

2214 5103 2367 5170 ἔσται
2395 5115 2496 5186 τῆς
2521 5116 2632 5172 τῶν
2654 5118 2882 5173 δικαίων
2907 5119 2984 5182 ὠς
3021 5123 3079 5173 ἐν
3119 5123 3404 5194 ἁρροιϐῶνι
3459 5129 3811 5201 μακαριότηος

2211 5224 2326 5271 τος.
2363 5208 2473 5260 Καὶ
2499 5207 2672 5261 ταῦτα
2732 5211 2853 5280 μὲν,
2899 5211 2969 5264 τὰ
3005 5215 3107 5283 τῆς
3146 5189 3644 5284 ἀξιομνημονεύτου
3700 5189 3827 5272 οτὶοῖ

2213 5299 2384 5368 ακοῆς
2404 5300 2529 5362 ῖδια,
2559 5299 2656 5353 καὶ
2690 5294 2802 5354 οἷον
2833 5304 2865 5374 ἡ
2891 5303 3036 5374 ῥίζα,
3071 5303 3163 5356 καὶ
3189 5306 3215 5356 6
3250 5304 3497 5374 θεμέλιος
3518 5325 3530 5338 ·
3567 5308 3796 5364 ἄκουεοῖ

2213 5391 2271 5443 δέ
2293 5393 2386 5444 καὶ
2411 5388 2514 5446 οἷοι
2545 5395 2594 5446 oi
2626 5392 2833 5459 κλάδοι,
2861 5394 2959 5448 καὶ
2983 5395 3012 5447 ὁ
3035 5395 3268 5465 καρπὸς,
3299 5397 3394 5449 καὶ
3424 5399 3452 5451 6
3483 5397 3702 5469 ὄροφος.

2297 5482 2385 5550 Ἐξ
2420 5485 2688 5558 ὑπακοῆς,
2713 5487 2880 5558 φησιν
2906 5485 3067 5551 αὖθις
3102 5489 3130 5541 6
3154 5487 3253 5558 τῆς
3277 5488 3580 5558 Κλίμακος,
3611 5490 3798 5547 ταπιεα

2213 5592 2412 5640 νωσιςο
2447 5572 2513 5629 ἐκ
2541 5578 2952 5645 ταπεινώσεως,
2975 5577 3283 5652 διάκρισις)
3340 5582 3406 5635 ἐκ
3443 5581 3792 5655 διακρίσεως,

2203 5663 2449 5737 διόρασις
2474 5683 2488 5699 ·
2539 5668 2603 5721 ἐκ
2651 5668 2707 5722 δέ
2737 5669 2965 5741 ταύτης,
3007 5675 3305 5746 προόρασις
3331 5693 3345 5709 ·
3380 5677 3411 5733 6
3439 5680 3604 5750 μόνου
3651 5682 3791 5754 Θεοῦ

2201 5755 2393 5825 ἐργονι
2452 5756 2547 5810 καὶ
2578 5759 2691 5820 τοῖς
2750 5761 3039 5830 μακαρίως
3077 5763 3553 5838 θεουργουμένοις,
3615 5773 3790 5848 δῶρον

2429 5854 2473 5888 ³⁵
2501 5857 2518 5911 l
2551 5857 2678 5915 Cor.
2723 5877 2803 5933 ιι,
2845 5866 2932 5923 16.
3010 5871 3053 5903 ⁸⁸
3097 5871 3238 5932 Psal.
3292 5896 3447 5952 xxxi,
3507 5882 3566 5940 5.
