4076 6440
232 396 334 466 657

1441 437 1444 440 ~
1468 401 1866 467 OPUSCULA
1917 411 2278 474 ASCETICA
2291 459 2305 476 .

3409 416 3514 480 658

225 509 562 584 δωρούμενον
591 508 723 583 παρ’
758 508 948 576 αὐτοῦ,
980 510 1278 585 ἐξαίρετον,
1307 515 1402 570 καὶ
1427 515 1808 592 ὑπερφυέστα-

1937 527 2114 582 Ionam
2137 533 2205 583 ab
2236 544 2302 584 ao
2330 528 2655 598 praestitum,
2675 529 2952 586 excellens
2985 538 3038 585 et
3072 529 3516 600 supernaturale.

227 622 334 659 τον.
366 603 510 675 Πρὸς
537 602 602 674 δὴ
629 605 743 666 τοῖς
767 603 1100 675 εἰρημένοις,
1151 604 1294 662 ἔστω
1345 625 1428 665 σοι
1491 611 1587 666 καὶ
1647 613 1807 668 τοῦτο

226 697 380 766 δῆλον
403 711 416 724 ·
450 696 532 748 ὅτι
571 711 635 764 γε
669 698 814 748 κατά
842 696 942 766 τὴν
962 697 1060 766 σὴν
1093 698 1481 772 ἠκριϐωμένην
1507 703 1804 776 ὑποταγὴν.

230 787 511 859 βλυοτάνει
551 787 648 841 καὶ
677 789 734 840 ἐν
768 789 852 840 σοὶ
891 789 924 859 ἡ
964 791 1328 856 ταπείνωσις⁹
1365 793 1460 848 καὶ
1484 792 1639 860 αὖθις
1671 797 1812 851 κατὰ

228 883 323 948 τὴν
345 879 688 933 ταπείνωσιν
719 879 752 948 ὴ
781 879 1058 950 διάκρισις
1124 883 1390 944 ὡσαύτως
1421 887 1517 941 καὶ
1542 889 1814 959 καθ’ἐξῆς

180 1029 205 1068 χ
229 972 284 1024 αἱ
323 969 537 1027 λοιπαί.
571 971 682 1023 Καὶ
717 970 993 1038 ἀγωνίζου
1019 1011 1034 1037 ,
1066 975 1167 1045 ὅση
1213 991 1296 1028 σοι
1325 976 1578 1048 δύναμις.
1611 981 1814 1034 ἀπταί-

204 1061 371 1124 *στως
428 1061 527 1130 τὴν
580 1061 681 1130 τῆς
735 1061 989 1132 ὑπακοῆς
1029 1064 1176 1118 θέειν
1213 1067 1463 1137 πορείαν.
1509 1069 1667 1125 Οὕτω
1707 1075 1816 1144 γὰρ

230 1153 324 1206 καὶ
357 1151 466 1205 τῶν
492 1152 680 1222 πρόσω
711 1153 1104 1223 ἀνεπισφαλῶς
1131 1157 1394 1232 ἐπιϐήσῃ.
1438 1161 1499 1214 Ei
1529 1161 1587 1214 δέ
1624 1179 1739 1226 πως
1758 1166 1816 1216 ἐν

231 1247 295 1314 τῇ
321 1244 421 1315 τῆς
455 1246 735 1315 ὑποταγῆς
762 1247 1097 1313 ὑποσκάζεις
1130 1249 1326 1322 νύσσῃ,
1374 1252 1484 1307 ἴσθι
1515 1254 1592 1318 ὡς
1622 1256 1722 1310 οὑκ
1753 1257 1819 1311 ἂν

236 1337 419 1401 καλῶς
444 1339 704 1407 περανείς
735 1338 827 1391 τὸν
866 1340 1151 1394 ἐπίλοιπον
1180 1342 1398 1398 δίαυλον
1446 1346 1545 1413 τῆς
1593 1365 1814 1418 προκει-

239 1432 406 1502 μένης
442 1431 720 1502 βαλϐῖδος·
745 1433 844 1503 τὴν
871 1434 1014 1488 κατά
1041 1436 1277 1507 Χριστόν
1311 1457 1492 1508 φαμεν
1516 1441 1814 1496 πολιτείαν⁸

209 1522 360 1586 ¹οὔτε.
397 1523 502 1594 μὴν
534 1525 928 1599 στεφανωθήσῃ
961 1531 1027 1599 τῇ
1062 1531 1175 1594 τοῖς
1223 1535 1473 1603 νικηταῖς
1499 1534 1820 1609 δωρουμένη

209 1616 422 1687 ,ταινίᾳ
445 1632 460 1646 ·
495 1616 770 1686 μέντοιγε,
806 1618 902 1671 καὶ
925 1613 1015 1673 οἷά
1037 1637 1122 1685 τις
1169 1621 1367 1694 δδηγδς
1396 1625 1429 1693 ἡ
1454 1626 1692 1696 ὑπακοὴ.
1725 1628 1822 1680 καὶ

237 1705 274 1761 ἃ.
295 1706 498 1778 ταύτης
525 1707 763 1779 πρόσθεν
785 1711 1014 1781 εἴπομεν
1041 1712 1169 1780 ἴδια,
1196 1715 1339 1770 ἐστω
1362 1734 1464 1781 σοι,
1485 1717 1738 1790 καθάπερ
1759 1718 1823 1774 τδ

143 1799 145 1802 ⁴
242 1797 392 1867 παρά
439 1801 553 1861 τοῖς
601 1803 901 1868 ναυτικοῖς,
930 1803 1377 1876 διοπτευδμενον,
1415 1810 1556 1880 προς
1582 1809 1683 1880 τὴν
1725 1810 1822 1865 τοῦ

241 1890 516 1955 ἀπλανοῦς
552 1893 783 1964 τήρησιν
806 1911 820 1925 ’
863 1896 930 1948 ἵν’
959 1897 1199 1963 ἀκλινῶς
1227 1899 1363 1970 πρὸς
1397 1899 1567 1972 αὑτήν
1583 1903 1824 1974 ἀφορῶν,
1848 1881 1891 1938 Β

243 1984 619 2056 ὑπερπλεῦσαι
647 1985 883 2059 δυνηθῇς
913 1987 974 2042 τὸ
1001 1989 1110 2043 τῶν
1135 1993 1349 2059 ἀρετῶν
1379 1994 1523 2063 μέγα
1551 1995 1788 2065 πέλαγος
1807 2011 1821 2027 ⁸

244 2075 492 2129 καὶοῦτω
510 2075 642 2148 πρὸς
661 2079 829 2148 ὅρμον
855 2081 1108 2152 ὁρμήσῃς
1132 2080 1242 2153 [ῖσ.
1272 2084 1529 2159 δρμίσῃς]
1571 2085 1662 2139 τὸν
1692 2085 1832 2141 ἀκύ-

249 2186 450 2240 μαντον
471 2170 579 2248 τῆς.
592 2171 864 2235 ἀπαθείας
887 2190 899 2204 ’
931 2172 997 2226 ἂν
1026 2174 1199 2228 δὲκαὶ
1230 2173 1366 2247 ζὰλη
1401 2194 1507 2243 τις,
1543 2181 1638 2233 καὶ
1671 2180 1832 2243 σάλος

249 2263 452 2336 ἐπέλθῃ
472 2280 573 2328 σοι,
589 2267 683 2316 καὶ
704 2265 863 2318 τοῦτο
887 2263 1071 2319 ἔσεται
1097 2268 1250 2338 παρά
1274 2271 1340 2338 τῇ
1366 2272 1431 2340 σῇ
1451 2270 1698 2343 ὑποταγῇ
1715 2272 1828 2345 [Im

251 2355 550 2428 napaxoij].
584 2357 687 2410 Τὸν
712 2357 822 2429 γὰρ
842 2359 1024 2429 ἀληθῆ
1047 2360 1290 2430 ὑπήκοον
1306 2363 1426 2418 οὐδὲ
1465 2365 1626 2429 αὐτὸς
1658 2367 1688 2420 ὀ
1715 2367 1835 2422 διά-

249 2449 425 2513 δολος,
456 2450 600 2504 κατά
630 2452 753 2515 τοὺς
792 2452 1063 2524 Πατέρας,
1104 2454 1168 2508 ἂν
1192 2473 1242 2508 τι
1275 2455 1478 2526 βλάψαι
1511 2459 1795 2530 δεδύνηται
1817 2475 1832 2492 ·

249 2543 339 2596 ἴνα
369 2542 425 2596 δέ
491 2559 572 2596 σοι
609 2544 704 2596 καὶ
752 2543 812 2597 τὸ
855 2544 954 2615 τῆς
986 2547 1337 2616 παναγάστου
1381 2551 1630 2624 ὑπακοῆς
1653 2553 1837 2623 τίμιον

251 2631 406 2703 ὕψος,
433 2632 615 2704 ήλίκον
644 2634 782 2699 ἐστὶ,
813 2635 884 2689 δι’
927 2636 1113 2706 ὀλίγου
1161 2639 1541 2711 ἐπιδείξωμεν,
1579 2645 1710 2714 μιᾶς
1754 2643 1836 2698 ἔτι

241 2727 502 2798 Χρήσεως
532 2725 686 2795 ἁγίου
716 2726 934 2800 Πατρὺς
953 2728 1537 2804 διαμνημονεύσωμεν.

328 2837 489 2929 Λέγει
520 2825 811 2910 τοιγαροῦν
830 2837 987 2908 αὖθις
1015 2847 1044 2900 ὁ
1078 2849 1433 2917 φαεινότατος
1464 2827 1840 2929 λαμπτὴρ

251 2926 402 2982 κατά
423 2929 659 2998 Χριστὸν
682 2933 981 3001 πολιτείας,
1012 2938 1106 2992 καὶ
1145 2939 1266 3004 νέος
1312 2943 1580 3016 Βεσελεὴλ
1600 2926 1718 3018 ,τῆς
1745 2926 1840 3003 οὑ·-

251 3019 445 3115 ρανίου
462 3021 738 3115 Κλίμακος
762 3043 775 3057 ο
799 3027 1003 3084 Ὂπλον
1035 3032 1136 3102 μὲν
1161 3035 1209 3086 oi
1235 3034 1496 3105 Πατέρες,
1527 3039 1626 3112 τὴν
1649 3041 1838 3115 ψαλμ-

1913 619 2116 675 Praeter
2147 635 2210 676 ea
2243 622 2530 690 quaedicta
2553 630 2703 688 sunt,
2726 632 2780 678 et
2809 624 2911 678 hoc
2934 622 3026 677 tibi
3048 621 3118 677 sit
3142 629 3331 676 notum
3358 635 3374 675 :
3401 618 3509 674 Pro

1913 721 2018 770 tum
2050 715 2412 784 subjectionis
2441 716 2634 786 gradu,
2662 717 2993 786 germinabit
3019 716 3072 770 in
3097 724 3149 771 te
3177 713 3461 770 humilitas
3494 732 3508 779 ;

1914 816 1971 862 et
2004 823 2222 862 rursum
2249 823 2348 876 pro
2369 807 2700 864 humilitatis
2724 809 2920 877 gradu.
2953 809 3213 865 discretio
3263 825 3278 874 ;
3339 817 3506 878 atque

1914 897 1989 952 ita
2022 898 2334 954 successive
2373 898 2598 968 reliquae
2620 900 2867 954 virtutes.
2892 897 2955 952 Et
2979 900 3206 964 enitere,
3262 897 3392 954 totis
3428 899 3516 952 vi.

1915 988 2070 1043 ribus
2089 989 2432 1045 incessanter
2461 989 2604 1044 hanc
2637 989 2965 1045 obedientize
2991 991 3131 1044 viam
3153 1005 3501 1059 percurrere.

1914 1079 1994 1136 lta
2029 1081 2172 1136 enim
2206 1097 2270 1137 ea
2301 1096 2422 1152 qua:
2443 1089 2573 1137 sunt
2601 1090 2726 1136 ante
2746 1091 2799 1138 te
2829 1093 2944 1137 tute
2969 1082 3297 1151 assequeris.
3323 1081 3380 1136 Si
3416 1097 3513 1136 an-

1916 1182 2027 1230 tem
2054 1175 2110 1230 in
2137 1175 2462 1230 obedientize
2501 1174 2784 1230 curriculo
2805 1160 3164 1238 claudicabis,
3208 1174 3434 1228 noveris
3467 1183 3518 1228 te

1916 1269 2066 1338 quod
2099 1277 2358 1340 superest
2416 1269 2482 1324 ad
2527 1269 2826 1324 terminum
2876 1283 3072 1323 cursus
3094 1281 3202 1322 non
3255 1266 3393 1321 bene
3426 1280 3521 1334 pe-

1919 1371 2222 1424 racturum,
2276 1363 2444 1417 vitam
2481 1377 2676 1430 nempe
2707 1362 3082 1418 Christianam
3119 1359 3400 1428 dicimus;
3429 1376 3522 1415 ne-

1917 1471 2028 1528 que
2059 1455 2408 1511 vincentibus
2433 1457 2706 1527 promissa
2739 1455 2914 1512 infu‘a
2977 1455 3361 1511 coronaberis.
3419 1453 3526 1524 lgi-

1920 1557 2012 1604 tur
2046 1549 2143 1603 tibi
2175 1549 2364 1618 accipe
2406 1549 2777 1605 obedientiam
2831 1560 2887 1604 et
2945 1563 3068 1618 quae
3122 1547 3244 1618 ejus
3299 1547 3524 1618 propria

1920 1659 2044 1701 esse
2074 1643 2338 1707 diximus.
2369 1661 2491 1716 qua:
2528 1645 2622 1701 tibi
2653 1645 2796 1699 viam
2826 1647 3104 1708 ostendat,
3144 1641 3521 1711 quemadmo-

1921 1735 2053 1792 dum
2075 1737 2396 1807 navigantes
2427 1737 2596 1794 astris
2628 1737 2966 1809 diriguntur,
2995 1753 3061 1791 ne
3079 1737 3219 1791 forte
3236 1751 3334 1807 per
3350 1736 3523 1790 maria

1922 1842 2150 1893 errent;
2189 1837 2323 1884 utet
2363 1829 2482 1900 ipse
2517 1844 2639 1886 eam
2677 1845 2895 1900 semper
2921 1829 3200 1899 aspiciens
3263 1843 3522 1898 magnum

1927 1921 2145 1976 virtutis
2198 1920 2475 1978 Oceanum
2509 1933 2850 1980 transmeare
2898 1937 3090 1994 queas,
3121 1931 3286 1992 atque
3335 1921 3410 1975 ita
3465 1919 3522 1973 id

1931 2013 2286 2082 tranquillum
2311 2013 2590 2071 felicitatis
2618 2025 2836 2084 portum
2895 2012 3240 2084 perducaris.
3277 2011 3334 2067 Si
3392 2026 3523 2064 vero

1929 2103 2178 2175 quaedam
2222 2114 2518 2178 tempestas
2543 2117 2599 2162 et
2629 2108 2852 2178 jactatio
2892 2106 3295 2176 supervenerit,
3351 2114 3405 2159 et
3470 2103 3522 2156 id

1931 2210 2032 2266 pro
2062 2206 2167 2250 tuze
2200 2197 2560 2267 subjectionis
2588 2197 2758 2269 gradu
2787 2198 2897 2252 liet.
2933 2196 3069 2251 Eum
3098 2196 3243 2251 enim
3272 2195 3367 2266 qui
3391 2211 3520 2250 vero

1925 2287 2118 2343 ‘obedit
2151 2303 2327 2360 neque
2351 2289 2469 2361 ipse
2489 2289 2768 2358 diabolus,
2791 2289 3177 2358 juxtaPatres,
3209 2297 3396 2360 posset
3427 2288 3521 2342 ιω.

1932 2381 2084 2438 dere.
2105 2380 2176 2438 Ut
2206 2393 2389 2438 autem
2425 2385 2520 2440 tibi
2560 2385 2750 2455 paucis
2779 2384 3139 2441 ostendamus
3167 2399 3330 2454 quam
3352 2380 3524 2436 subli-

1933 2474 2039 2530 mis
2055 2486 2109 2531 et
2135 2474 2475 2534 honorabilis
2510 2479 2582 2532 sit
2609 2493 2735 2534 vera
2764 2477 3097 2540 obedientia,
3148 2491 3320 2531 unum
3348 2472 3532 2529 adhuc

1961 2568 2108 2623 aucti
2132 2567 2307 2623 Patris
2341 2569 2630 2625 oraculum
2661 2584 3061 2625 memoremus.

2007 2839 2244 2895 llursnm
2291 2839 2458 2911 igitur
2499 2837 2632 2894 dicit
2676 2837 3182 2908 splendidissimum
3227 2836 3361 2892 illud
3409 2836 3534 2891 vitae

1932 2932 2257 2989 Christianae
2281 2932 2487 2992 iumen.
2512 2917 2689 2986 novus
2710 2931 2796 2986 ille
2818 2929 3062 2986 caelestis
3083 2929 3242 2985 Scalae
3261 2927 3498 2983 Beseleei
3514 2945 3533 2984 :

1939 3044 1964 3079 ι
1991 3027 2338 3080 Armaturam
2361 3022 2548 3080 Pati-rs
2567 3022 2968 3079 deiiniuntesse
2988 3021 3389 3094 psalmodiam;
3417 3035 3539 3074 mu-

247 3112 456 3182 ῳδίανο
481 3114 580 3186 τὴν
605 3115 662 3167 δέ
692 3119 1022 3191 προσευχὴν,
1090 3125 1270 3195 τεῖχος
1305 3142 1318 3156 ·
1376 3128 1615 3202 λουτῆρα
1651 3133 1730 3201 δὲ,
1765 3112 1836 3190 *τὸ

1937 3134 2082 3185 rum,
2108 3119 2447 3182 orationem;
2489 3117 2744 3173 balneum
2784 3127 2994 3179 autem,
3051 3115 3530 3186 irreprehensibi-

237 3204 489 3276 ἄμωμον
521 3207 758 3280 δάκρυον
784 3206 1260 3284 εἴναιὸρίζονταιο
1310 3218 1410 3290 τὴν
1453 3220 1509 3275 δέ
1561 3226 1836 3295 μακαρίαν

1938 3210 2019 3266 les
2050 3210 2358 3282 lacrymas;
2394 3210 2608 3265 beatam
2643 3224 2775 3265 vero
2809 3208 3180 3264 obedientiam
3215 3205 3530 3262 confessio-

247 3300 528 3372 ὑπακοὴν,
564 3304 857 3372 ὁμολογίαν
890 3306 1114 3379 ἔκριναν
1137 3325 1150 3340 ο
1195 3305 1262 3384 ἧς
1293 3314 1484 3385 χωρὶς,
1531 3317 1706 3382 οὐδεὶς
1730 3320 1836 3375 τῶν

1941 3321 2066 3361 nem
2096 3320 2218 3361 esse
2241 3305 2498 3360 diverunt
2527 3321 2542 3368 ;
2585 3305 2704 3360 sine
2738 3320 2842 3373 qua
2873 3317 3036 3359 nemo
3078 3317 3211 3358 sons
3247 3301 3538 3357 Dominum

249 3394 523 3465 ἑμπαθῶν
586 3395 781 3466 ὄψεται
819 3398 912 3452 τὸν
973 3401 1200 3471 Κύριον.
1248 3402 1428 3460 Ἱκανὰ
1490 3407 1589 3478 μὲν
1615 3405 1708 3464 οὖν
1746 3411 1842 3467 καὶ

246 3486 452 3550 ταῦτα,
480 3487 554 3551 ὡς
577 3490 710 3558 ἡμῖν
740 3490 908 3554 δοκεῖ,
939 3492 1076 3564 πρὸς
1097 3495 1503 3571 ἐναργεστάτην
1532 3499 1765 3572 δήλωσίν
1781 3521 1842 3559 τε

248 3580 352 3634 καὶ
391 3579 612 3634 ἔπαινον
639 3581 734 3635 τοῦ
763 3583 1043 3655 ἀμιμήτου
1108 3589 1433 3660 μιμήματος
1474 3592 1572 3664 τῆς
1629 3596 1844 3666 τρισολ-

245 3672 376 3727 6ίου
416 3673 683 3742 ὑπακοῆς.
725 3674 962 3743 Ἔξομεν
992 3679 1038 3732 δ’
1067 3678 1149 3732 ἔτι
1185 3683 1352 3755 πείρᾳ
1381 3683 1552 3740 ταῦτα
1583 3703 1842 3758 καταμαα

156 3762 158 3764 ⁷
244 3765 370 3819 θεῖν
391 3781 451 3818 τε
483 3764 576 3818 καὶ
610 3765 924 3835 διαγνῶναι,
951 3768 1006 3822 εἴ
1038 3771 1092 3839 γ’
1145 3772 1238 3826 ἐπὶ
1271 3773 1332 3828 τὸ
1361 3777 1587 3843 ἄναντες
1610 3781 1842 3836 ἀνανεύ-

252 3875 467 3928 σωμεν,
493 3859 588 3912 καὶ
617 3861 1167 3936 συνδιασκεψὼμεθα,
1193 3868 1246 3922 τί
1282 3869 1382 3939 μὲν
1406 3871 1465 3925 τὸ
1493 3875 1592 3945 τῆς
1622 3864 1844 3949 συντριο

246 3951 362 4021 ϐῆς
389 3951 487 4004 καὶ
510 3950 836 4024 θνητότητος
883 3957 1019 4028 ήμῖν
1080 3961 1392 4032 παραίτιον,
1450 3965 1525 4036 μὴ
1580 3968 1845 4036 τοιούτοις

249 4044 602 4115 τποκαταρχάς
629 4046 1191 4122 δεδημιουργημένοις
1215 4071 1229 4084 ο
1292 4056 1344 4109 τί
1379 4057 1426 4110 δ’
1471 4054 1628 4125 αὖθις
1654 4064 1716 4118 τὸ
1744 4065 1846 4136 τῆς

252 4136 656 4201 ἀνακαινίσεως
691 4141 785 4193 καὶ
825 4142 924 4212 τῆς
960 4143 1286 4212 ἀθανασίας.
1340 4150 1686 4222 Εύρίσκομεν
1731 4153 1846 4208 τοί-

252 4245 376 4292 νυν,
413 4227 510 4281 τοῦ
545 4229 646 4299 μὲν
675 4232 948 4304 προτέρου
981 4234 1242 4306 πρόξενον
1289 4235 1476 4309 οὖσαν,
1527 4242 1695 4314 ῆγουν
1745 4245 1846 4316 τῆς

252 4317 488 4391 φθορᾶς,
515 4320 613 4392 τὴν
636 4322 732 4376 τοῦ
765 4323 984 4396 πρώτου
1047 4327 1201 4398 Αδάμ
1255 4329 1580 4387 ίδιοπιστίαν
1630 4351 1690 4388 τε
1748 4335 1847 4392 καὶ

255 4411 662 4484 ίδιοῤῥυθμίαν,
688 4415 783 4469 καὶ
807 4417 867 4470 τὸ
914 4419 1291 4475 ἀνυπότακτον
1313 4438 1326 4452 °
1362 4421 1423 4489 ἐξ
1451 4416 1525 4478 ὧν
1557 4425 1590 4496 ὴ
1627 4426 1728 4497 τῆς
1757 4429 1846 4482 ἐνο

253 4503 418 4573 τολῆς
467 4505 568 4576 τῆς
628 4505 781 4570 θείας
842 4508 1103 4582 ἀθέτησις
1141 4514 1237 4568 καὶ
1292 4516 1624 4588 παράϐασις.
1653 4519 1760 4575 Τοῦ
1788 4522 1846 4577 δέ

255 4596 539 4669 δευτέρου,
595 4599 721 4669 ῆτοι
771 4603 872 4672 τῆς
925 4604 1242 4676 ἀφθαρσίας
1298 4609 1588 4679 πρύτανιν,
1621 4611 1720 4684 τὴν
1750 4613 1846 4668 τοῦ

255 4685 516 4758 δευτέρου
562 4688 756 4760 Ἀδὰμ,
783 4693 878 4746 καὶ
905 4693 1064 4761 Θεοῦ,
1101 4697 1197 4750 καὶ
1235 4699 1488 4771 Σωτῆρος
1542 4701 1702 4774 ήμῶν
1742 4703 1850 4774 '17}-

259 4777 358 4830 σοῦ
398 4778 639 4849 Χριστοῦ
699 4781 838 4855 πρὸς
871 4784 964 4838 τὸν
1012 4787 1234 4859 Πατέρα
1282 4791 1604 4862 ὀμοὸουλίαν
1659 4811 1719 4848 τε
1756 4794 1849 4849 καὶ

259 4872 562 4945 ὑποταγὴν,
597 4875 692 4946 ἀφ’
746 4869 823 4930 ὧν
868 4879 901 4949 ή
952 4881 1052 4949 τῆς
1100 4881 1324 4952 ἐντολῆς
1375 4884 1546 4938 αὑτοῦ
1590 4887 1847 4958 τήρησις.

265 4983 285 5018 ι
333 4965 476 5035 Ἐγὼ
504 4968 635 5038 γὰρ,
689 4969 906 5040 φησὶνὸ
935 4973 1148 5044 Σωτὴρ,
1177 4975 1237 5039 ἐξ
1287 4976 1530 5045 ἐμαυτοῦ
1580 4977 1680 5032 οὑκ
1733 4979 1852 5033 ἐλά-

260 5058 433 5128 λησα·
488 5060 605 5114 ἀλλ’
635 5061 665 5114 ὁ
717 5061 944 5134 πέμψας
998 5065 1209 5138 Πατὴρ,
1271 5068 1432 5132 αὑτός
1492 5086 1585 5136 μοι
1625 5070 1847 5143 ἐντολὴν

261 5149 454 5215 ἔδωκε,
479 5151 530 5205 τί
552 5153 712 5219 εἴπω,
745 5154 841 5208 καὶ
871 5155 922 5208 τί
957 5153 1185 5227 λαλήσω
1206 5173 1220 5187 ο
1275 5157 1371 5211 καὶ
1397 5155 1539 5224 οἶδα,
1572 5159 1656 5214 ὅτι
1685 5163 1733 5232 ή-
1759 5163 1846 5215 ἐν-

260 5241 392 5312 τολὴ
440 5242 632 5306 αὑτοῦ,
667 5243 782 5315 ζωὴ
812 5245 1030 5310 αἰώνιός
1061 5248 1208 5302 ἐστιν
1231 5267 1245 5282 ο
1305 5248 1342 5304 ἀ
1371 5245 1466 5304 οῦν
1519 5249 1665 5306 λαλῶ
1713 5254 1848 5322 ἐγὼ,

261 5329 446 5394 καθὼς
475 5331 666 5404 εἴρηκὲ
709 5351 798 5405 μοι
828 5337 856 5390 ὁ
887 5336 1096 5409 Πατὴρ,
1133 5337 1277 5394 οὑτω
1327 5340 1496 5396 λαλῶ.
1545 5362 1563 5396 ι
1612 5343 1702 5408 Ὠς
1755 5340 1850 5401 οῦν

262 5423 323 5476 ἐν
351 5423 428 5495 τῷ
459 5427 764 5498 προπάτορι
789 5429 887 5483 καὶ
919 5433 1032 5495 τοῖς
1066 5432 1186 5486 κατ’
1214 5434 1399 5502 αὑτὸν,
1455 5435 1582 5508 ῥίζα
1629 5440 1850 5494 πάντων

262 5516 526 5587 ἀνιαρῶν,
563 5519 656 5572 καὶ
685 5521 891 5593 μήτηρ,
925 5524 958 5594 ή
990 5525 1170 5596 οἴησις
1190 5542 1204 5558 ο
1265 5525 1438 5592 οὕτως
1469 5531 1526 5582 ἐν
1551 5528 1631 5602 τῷ
1675 5530 1850 5604 καινῷ

264 5605 605 5680 θεανθρὼπῳ
643 5609 819 5682 Ἰησοῦ
849 5615 1094 5687 Χριστῷ,
1121 5618 1353 5683 καὶτοῖς
1381 5621 1504 5674 κατ’
1542 5621 1708 5676 αὑτὸν
1747 5621 1848 5697 ζῇν

269 5701 609 5792 ἐφιεμένοις,
631 5704 796 5775 ἀρχὴ,
833 5708 929 5762 καὶ
959 5709 1136 5782 πηγὴ,
1182 5710 1280 5764 καὶ
1333 5711 1584 5784 θεμέλιος
1629 5712 1850 5769 πάντων

263 5797 502 5866 ἀγαθῶν,
543 5801 578 5870 ή
617 5801 968 5862 ταπείνωσις.
1020 5801 1135 5872 Τὴν
1185 5803 1444 5876 τοιαύτην
1493 5801 1703 5869 στάσιν,
1747 5799 1842 5856 καὶ

369 5892 412 5924 ⁸⁸
437 5893 596 5954 Joan.
632 5917 736 5969 xu,
765 5903 853 5959 I9.
1421 5917 1423 5922 ‘

1941 3395 2170 3450 videbit.
2203 3394 2497 3451 Sufficiunt
2519 3409 2584 3450 ea
2614 3393 2862 3465 quidem,
2901 3401 2961 3448 ut
2985 3393 3145 3448 nobis
3200 3391 3442 3459 videtur,
3472 3391 3540 3446 ad

1942 3488 2410 3545 evidentissimam
2443 3488 2880 3545 declarationem
2913 3503 2978 3545 ac
3024 3486 3244 3545 laudem
3275 3488 3534 3560 perfecta:

1946 3583 2111 3652 hujus
2135 3582 2457 3640 imitationis
2489 3599 2611 3654 qua:
2633 3599 2729 3655 per
2755 3582 3131 3639 beatissimam
3163 3583 3476 3640 ohedienlia
3507 3603 3536 3634 ιι

1945 3677 2292 3748 adimpletur.
2339 3676 2466 3732 Haec
2525 3685 2709 3732 autem
2762 3676 2944 3732 adhuc
3017 3676 3320 3745 poterimus
3379 3691 3543 3742 expe-

1947 3769 2145 3824 rientia
2179 3770 2393 3826 discere
2422 3783 2486 3824 ac
2520 3769 2856 3836 discernere,
2897 3768 2941 3823 si
2975 3769 3040 3822 ad
3066 3768 3251 3839 priora
3276 3767 3544 3837 suspicia-

1946 3878 2092 3928 mus,
2147 3863 2618 3934 inquiramusque
2677 3878 2930 3932 quaenam
2989 3861 3387 3917 destructionis
3472 3875 3538 3914 ac

1950 3955 2307 4010 mortalitatis
2343 3955 2506 4010 nobis
2537 3955 2704 4011 fuerit
2729 3970 2922 4020 causa,
2948 3969 3074 4010 cum
3110 3969 3218 4008 non
3260 3953 3330 4008 ab
3386 3953 3543 4007 initio

1949 4049 2087 4104 tales
2117 4048 2285 4103 creati
2322 4047 2590 4103 fuerimus
2624 4065 2643 4116 ;
2675 4062 2925 4118 quamam
2981 4062 3111 4102 vero
3170 4046 3542 4102 renovationis

1949 4149 2154 4197 nostra!
2182 4155 2246 4196 ac
2270 4141 2728 4197 immortalitatis.
2753 4140 3078 4210 Reperimus
3105 4147 3316 4199 autem.
3338 4147 3544 4193 morta-

1950 4230 2120 4286 litatis
2151 4245 2376 4286 causam
2406 4229 2601 4296 fuisse,
2633 4233 2792 4302 primi
2829 4231 3003 4285 Adam
3083 4232 3364 4301 pr0priam
3450 4231 3540 4287 sui

1955 4323 2207 4378 ﬁduciam
2241 4330 2296 4377 et
2329 4323 2607 4377 libidinem
2631 4332 2685 4378 et
2717 4323 3148 4380 iuobedientiam
3180 4342 3193 4389 ;
3230 4323 3375 4379 unde
3421 4336 3543 4379 orta

1951 4425 2037 4473 est
2063 4415 2305 4471 mandati
2335 4416 2504 4471 divini
2539 4415 2852 4486 reprobatiu
2880 4424 2936 4471 et
2979 4417 3382 4486 transgressio;
3439 4416 3546 4471 im-

1956 4510 2306 4565 mortalitatis
2327 4525 2458 4565 vero
2495 4509 2846 4580 principium.
2880 4508 3108 4566 secundi
3147 4509 3342 4564 Adam.
3366 4517 3420 4564 et
3451 4508 3545 4565 Dei

1885 4577 2010 4656 Det
2049 4599 2356 4658 Salvatoris
2379 4577 2556 4658 nostri
2580 4577 2711 4658 Iesu
2763 4600 2972 4662 Christi
3028 4600 3300 4655 voluntati
3367 4599 3549 4655 Patris

1958 4695 2358 4764 subjectionem
2383 4695 2559 4761 ;unde
2578 4694 2746 4763 hujus
2763 4693 3005 4749 mandati
3027 4693 3359 4750 observatio.
3384 4711 3405 4746 ι
3436 4694 3548 4764 Ego

1956 4789 2126 4853 enim,
2158 4787 2335 4856 inquit
2361 4784 2638 4849 Salvator,
2663 4802 2770 4840 non
2799 4801 2866 4840 ex
2893 4801 2980 4841 me
3005 4785 3124 4856 ipso
3153 4785 3368 4840 locutus
3391 4801 3550 4854 sum;

1958 4881 2050 4935 sed
2082 4880 2174 4948 qui
2201 4879 2351 4933 misit
2382 4893 2469 4932 me
2495 4877 2682 4942 Pater,
2705 4878 2824 4947 ipse
2854 4879 2988 4933 mihi
3021 4878 3344 4936 mandatum
3370 4879 3546 4941 dedit.

1953 4971 2082 5043 quid
2113 4973 2289 5027 dicam
2311 4979 2366 5026 et
2395 4969 2525 5040 quid
2562 4969 2755 5040 loquar
2785 4969 2851 5024 ".
2877 4968 2942 5024 Et
2960 4969 3077 5026 scio
3101 4971 3228 5040 quia
3259 4971 3554 5042 promissio

1955 5065 2077 5134 ejus
2105 5074 2190 5119 est
2212 5064 2319 5117 vita
2356 5072 2584 5118 :rterna.
2639 5061 2722 5128 Qu
2745 5079 2774 5116 e
2804 5063 2952 5118 enim
2985 5078 3088 5134 ego
3137 5064 3356 5134 loquor,
3384 5064 3447 5121 ut'
3469 5065 3547 5120 di-

1961 5156 2038 5211 ait
2071 5157 2200 5209 mihi
2231 5153 2416 5219 Pater,
2453 5169 2555 5224 ego
2587 5155 2801 5224 loquor.
2836 5153 3318 5218 Quemadmodum
3387 5156 3552 5226 igitur

1958 5248 2013 5304 in
2048 5250 2222 5319 primo
2247 5246 2414 5303 Pater
2438 5256 2492 5303 et
2518 5249 2569 5302 in
2597 5247 2662 5301 iis
2685 5247 2776 5318 qui
2801 5248 2979 5317 ipsum
2999 5247 3288 5304 imitantur
3315 5249 3467 5304 radix
3500 5260 3552 5304 et

1911 5367 1926 5384 ο
1961 5354 2137 5399 mater
2195 5341 2442 5396 omnium
2502 5341 2776 5395 malorum
2805 5348 2889 5395 est
2911 5339 3216 5410 cogitatio;
3280 5341 3358 5396 ita
3418 5343 3550 5398 etin

1963 5452 2104 5492 novo
2133 5434 2242 5490 Deo
2273 5433 2504 5490 Homine
2533 5443 2587 5490 et
2615 5433 2668 5489 in
2700 5433 2770 5490 iis
2809 5434 2904 5504 qtti
2939 5433 3106 5489 vitam
3133 5435 3256 5504 ejus
3285 5435 3553 5492 aemulan-

1965 5539 2073 5593 tur,
2105 5529 2432 5600 principium
2462 5539 2514 5582 et
2566 5526 2689 5582 lotis
2727 5535 2784 5582 et
2842 5526 3256 5582 fundamentum
3304 5528 3550 5582 omnium

1966 5623 2260 5689 bonorum,
2293 5622 2594 5678 humilitas.
2630 5620 2800 5688 Quem
2847 5629 3050 5676 statum
3108 5620 3468 5689 ordinemque
3499 5627 3554 5675 et

1970 5731 2093 5773 cum
2135 5715 2230 5787 qui
2256 5731 2421 5785 supra
2459 5730 2558 5768 nos
2576 5723 2680 5778 est,
2709 5712 3020 5766 divinorum
3045 5711 3373 5782 Angelorum
3397 5727 3554 5766 mun-

1977 5813 2108 5870 dum
2141 5810 2522 5868 observantem
2557 5807 2843 5874 videmus;
2891 5805 3035 5864 hanc
3094 5806 3206 5864 imo
3237 5814 3551 5864 terrestrem
