4076 6450
549 382 656 450 659

1428 395 1776 457 CALLIS’l‘l
1816 396 1912 455 ET
1958 394 2254 454 IGNATII
2303 351 3000 448 XAN'THOPULonUM

3711 360 3816 442 uno

531 477 592 554 iet
623 497 795 552 nostri
835 500 1098 571 temporis
1125 499 1466 568 Ecclesiam;
1499 513 1551 558 et
1574 503 1890 573 quicunque
1927 502 1996 556 ab
2035 502 2134 555 bu-

2252 499 2390 568 ιάξιν
2418 500 2658 570 ὁρῶμεν,
2685 500 2780 553 καλ
2807 499 2896 553 τὸν
2924 487 3206 562 ἀνωτάτω,
3237 499 3328 551 καὶ
3355 499 3498 570 ὑπὲρ
3529 499 3673 570 ἡμᾶς
3699 500 3818 554 ita-

543 589 784 658 jusmodi
816 590 1025 662 legibus
1076 593 1374 660 declinant,
1437 594 1738 665 voluntque
1775 594 2012 662 oblique,
2066 611 2134 648 ue

546 682 725 738 dicam
754 687 1299 754 arrogantert'ivere.
1354 703 1384 740 a
1447 685 1556 741 Deo
1583 697 1636 742 et
1699 687 1982 754 splendila
2045 687 2134 740 illa

545 775 752 830 ctelesti
813 776 1128 832 luet-editate
1162 788 1214 832 et
1237 778 1498 835 catholica
1534 779 1770 834 Ecclesia
1812 789 2126 847 separantur

543 877 599 922 et
628 869 974 936 expelluntur
997 881 1048 924 et
1084 872 1135 924 in
1169 872 1412 941 ga-Inrmm
1442 873 1618 942 ignem
1653 872 2015 939 tenebrasque
2038 870 2135 925 de.-

546 961 855 1025 ntittuntur,
873 975 926 1016 ut
943 963 1235 1019 didicimus
1252 974 1303 1018 et
1323 965 1597 1019 credimus
1617 979 1631 1028 ;
1649 965 1790 1034 quod
1812 978 2003 1034 passos
2017 979 2139 1018 esse

547 1052 782 1106 dicimus
801 1069 897 1107 eos
915 1056 1006 1122 qui
1028 1053 1302 1109 Orientem
1324 1071 1511 1110 versus
1531 1056 1668 1109 male
1680 1065 1908 1126 egerunt
1935 1065 1988 1109 et
2015 1056 2122 1110 liee-

551 1145 843 1198 reticornm
866 1157 1110 1214 tempore
1130 1163 1262 1200 vana
1285 1158 1413 1202 sunt
1437 1147 1625 1210 locuti.
1649 1157 1706 1201 ut
1725 1148 1906 1202 divina
1945 1159 2136 1203 osmn-

548 1234 686 1290 dunt
714 1237 955 1302 oracula,
999 1236 1094 1305 qui
1147 1246 1365 1306 propter
1409 1254 1567 1293 suam
1633 1237 2013 1292 sullicieutiam
2072 1252 2138 1292 ac

548 1326 882 1393 superbiam,
915 1327 1099 1385 divina
1133 1327 1324 1396 gloria,
1365 1338 1423 1383 ut
1463 1329 1680 1383 dictum
1739 1339 1842 1392 est,
1887 1343 1952 1382 ac
2007 1327 2142 1383 laeti-

553 1418 646 1481 tia,
690 1427 745 1471 ct
771 1428 912 1473 coetu
942 1435 1099 1474 sacro
1139 1419 1334 1474 misere
1357 1421 1554 1489 dejecti
1611 1431 1761 1475 sunt.
1816 1419 2035 1473 Dictum
2059 1427 2144 1472 est

555 1521 736 1563 autem
769 1511 1052 1578 aquolam
1090 1512 1335 1582 sapiente
1354 1513 1631 1570 contraria
1664 1512 1954 1568 contrariis
1979 1527 2144 1566 cura-

555 1599 623 1652 ri.
651 1598 916 1666 Quoniam
942 1603 1405 1672 igiturmrestitiaa
1422 1606 1605 1660 omnis
1647 1621 1813 1660 causa
1857 1604 2146 1659 estinobe-

553 1692 757 1746 dientia
780 1708 844 1747 ac
861 1681 1195 1764 arrogantia,
1215 1696 1418 1753 laetitia:
1435 1713 1585 1761 vero,
1605 1698 1914 1750 ubedientia
1937 1704 1990 1752 et
2006 1711 2142 1751 con-

555 1783 724 1845 tritio.
742 1795 956 1854 oportet
975 1801 1100 1841 eum
1125 1787 1216 1857 qui
1241 1801 1433 1843 secure
1451 1789 1633 1843 vivere
1649 1788 1821 1858 cupit,
1843 1787 1990 1842 Patri
2017 1803 2145 1858 pru-

2237 608 2443 662 κοσμον
2478 593 2622 662 ίερδν
2643 593 2863 644 πάντων
2897 589 3006 643 τῶν
3063 588 3316 642 θεοειδῶν
3347 589 3594 657 ἀγγέλων
3632 592 3820 659 διατη-

2240 683 2442 754 ροῦντα
2475 703 2488 717 ·
2541 684 2634 737 καὶ⁵
2681 683 2746 754 δὴ
2777 682 2873 736 καὶ
2914 680 3015 752 τὴν
3055 679 3324 748 ἐπίγειον,
3375 682 3472 734 καὶ
3515 681 3640 735 καθ’
3669 684 3820 753 ἡμᾶς

2225 777 2584 847 ηἘκκλησίαν
2608 775 2855 838 καὶτοὺς
2890 774 3068 838 άλλως
3113 776 3211 844 τῆς
3241 772 3503 844 τοιαύτης
3556 772 3818 845 θεσμοθεο

2241 870 2364 934 σίας
2391 871 2757 933 ἐκκλίνοντας,
2791 867 2886 921 καὶ
2930 866 3162 930 σκολιῶς
3183 905 3198 929 ,
3233 867 3320 920 ἵνα
3354 867 3428 939 μὴ
3459 867 3708 931 αὐθαδῶς
3730 867 3814 920 λέ-

2239 980 2451 1034 γωμεν.
2485 963 2771 1026 ἐθέλοντας
2799 959 3203 1024 πολιτεύεσθαι,
3240 960 3350 1013 ἀπό
3393 976 3458 1027 γε
3513 959 3674 1024 Θεοῦ,
3727 961 3817 1013 καὶ

2237 1057 2339 1126 τῆς
2373 1055 2602 1124 φαεινῆς
2629 1053 2962 1124 κληρουχίας
2993 1052 3090 1119 τῆς
3118 1051 3397 1121 οὐρανίου,
3438 1053 3534 1105 καὶ
3564 1052 3666 1122 τῆς
3691 1054 3818 1107 καθ·

2238 1146 2428 1214 ολικῆς
2465 1144 2814 1213 Ἐκκλησίας,
2861 1143 3316 1215 διαῤῥήγνυσθαι,
3378 1141 3473 1195 καὶ
3506 1143 3821 1212 ἐξοστρακί-

2243 1240 2459 1305 ζεσθαι,
2499 1239 2596 1294 καὶ
2618 1240 2698 1300 είς
2728 1237 2786 1291 τδ
2819 1237 3008 1300 σκότος
3037 1237 3132 1290 καὶ
3157 1235 3218 1289 τὸ
3257 1235 3369 1307 πῦρ
3393 1236 3820 1306 ἀποπέμπεσθαι

2239 1334 2340 1402 τῆς
2370 1329 2617 1398 γεέννης,
2655 1327 2988 1399 μεμνήμεθά
3053 1343 3110 1380 τε
3155 1327 3250 1379 καὶ
3304 1327 3672 1396 πιστεύομεν·
3705 1327 3732 1381 δ
3759 1327 3823 1398 δὴ

2242 1423 2370 1486 τοὺς
2399 1423 2528 1493 περὶ
2552 1422 2643 1474 τὸν
2677 1421 2953 1489 ἑωσφόρον
2982 1420 3255 1490 πονηροὺς
3284 1435 3421 1473 κακε
3433 1419 3661 1488 ργάτας,
3728 1420 3823 1474 καὶ

2242 1515 2369 1576 τοὺς
2393 1513 2534 1567 κατὰ
2557 1514 2783 1584 καιροὺς
2815 1512 2926 1566 τῶν
2965 1511 3274 1577 κακοδόξων
3336 1511 3630 1582 αίρετικῶν
3668 1512 3823 1581 λογο-

2242 1606 2446 1679 λέσχας
2479 1606 2809 1660 πεπονθέναι
2860 1605 3062 1675 φαμὲν,
3119 1603 3196 1668 ὡς
3233 1605 3302 1658 τὰ
3344 1604 3626 1674 θεόγραφα
3683 1622 3826 1676 παρ·

2245 1699 2430 1770 ίστησι
2490 1698 2671 1768 λόγια,
2711 1698 2909 1762 οἵτινες
2942 1698 3030 1752 διά
3062 1697 3121 1751 τὸ
3176 1697 3540 1768 αὑτάρεσκον,
3597 1697 3694 1751 καὶ
3729 1699 3826 1769 τὴν

2247 1790 2654 1863 ὑπερηφανίαν,
2679 1789 2782 1859 τῆς
2819 1806 2878 1842 τε
2910 1789 3082 1852 θείας,
3119 1788 3196 1852 ὡς
3224 1789 3461 1860 είρηται,
3493 1787 3675 1860 δόξης,
3732 1791 3828 1843 καὶ

549 1876 696 1930 denti
717 1893 779 1933 ac
807 1877 908 1933 viae
923 1880 1098 1948 perito
1120 1881 1339 1949 subjici,
1359 1883 1451 1951 qui
1480 1883 1742 1952 temporis
1761 1882 2139 1950 experimento

2252 1884 2481 1956 τρυφῆς,
2512 1885 2608 1937 καὶ
2638 1882 2734 1936 τοῦ
2760 1880 2910 1954 ίεροῦ
2948 1882 3206 1951 συλλόγου
3225 1923 3240 1947 ,
3297 1881 3548 1945 ἐλεεινῶς
3598 1883 3828 1954 ἀπερρί-

548 1971 967 2042 divinorumque
999 1975 1250 2038 scientia,
1295 1976 1625 2030 auctam-itate
1663 1975 1887 2045 polleat.
1907 1972 2140 2044 etcujus

551 2062 656 2116 \ita
683 2072 834 2119 serto
870 2066 1130 2125 virtutum
1170 2077 1438 2133 ornetur;
1468 2077 1631 2138 atque
1679 2068 1844 2135 hujus
1876 2076 2141 2135 pratcepta

546 2164 604 2207 et
631 2155 860 2210 causilia
884 2166 1142 2227 tanquam
1168 2159 1260 2214 Dei
1293 2175 1480 2213 vocem
1503 2158 1908 2228 consiliumque
1923 2158 2136 2213 audire.

555 2264 574 2297 ι
601 2247 763 2303 Salus
785 2249 930 2304 enim
961 2252 1012 2303 in
1034 2252 1206 2305 multo
1243 2252 1476 2307 Consilio
1511 2251 1578 2318 ³⁸,
1615 2250 1792 2320 inquit
1825 2268 1843 2302 ι
1870 2249 1956 2315 Εῑ,
1985 2269 2002 2301 ι
2045 2249 2142 2303 Vir

552 2342 759 2410 absque
781 2343 1034 2411 consilio,
1057 2345 1139 2398 sui
1165 2345 1337 2413 ipsius
1357 2345 1636 2402 inimicus.
1664 2365 1683 2395 ο
1707 2343 1776 2402 Ει
1795 2343 1838 2398 si
1863 2345 2141 2399 nonnullis

551 2432 780 2514 Patrum
816 2436 1444 2506 contigerit.etsineillo
1492 2436 1852 2504 subiectionis
1879 2437 2140 2492 exercitio

552 2524 794 2579 divinam
821 2542 1005 2596 pacem
1032 2529 1247 2598 assequi
1272 2541 1456 2582 etcatn
1479 2545 1599 2598 cpia:
1630 2529 1935 2584 secundum
1970 2528 2136 2582 Deum

551 2617 1139 2687 est,perfecti0nem,id
1159 2635 1223 2673 ex
1251 2619 1341 2674 Ilei
1365 2620 1698 2674 revelatione
1718 2635 1780 2673 ac
1797 2635 1918 2674 raro
1941 2619 2140 2674 factum

552 2720 656 2766 est.
676 2709 948 2781 Scriptum
970 2722 1051 2767 est
1065 2728 1225 2781 porro
1243 2727 1349 2766 non
1373 2711 1767 2768 esse'Ecclesite
1789 2711 1983 2781 legem,
1997 2709 2140 2780 quod

552 2820 740 2859 tarum
772 2815 874 2859 est.
897 2805 1002 2860 Sed
1027 2807 1143 2875 ipse
1174 2814 1432 2875 tanquam
1457 2805 1714 2876 przeviam
1734 2810 1956 2875 optinne
1992 2814 2143 2858 tran-

552 2897 1323 2966 quillitatisintroductionem
1351 2913 1534 2954 veram
1595 2899 1965 2954 obedientiam
2017 2912 2142 2952 esse

553 2991 805 3052 credens,
839 2989 1028 3047 omitte
1067 3005 1128 3045 ca
1163 3007 1283 3060 qua:
1317 2993 1485 3045 semel
1523 2989 1886 3060 dispositione
1950 2987 2136 3042 divina

553 3082 867 3152 contigere;
900 3093 950 3136 et
985 3083 1176 3138 incede
1201 3085 1503 3138 secundum
1527 3097 1591 3138 ea
1641 3097 1764 3151 quae
1811 3079 2140 3135 venerandis

555 3170 809 3227 l‘atribus
846 3173 1120 3242 placuere.
1146 3175 1222 3228 Ita
1256 3174 1504 3230 mercede
1534 3173 1773 3242 legitime
1824 3171 2140 3226 ridentibus
2163 3205 2213 3270 ο

557 3266 737 3324 debita
771 3267 972 3336 dignus
996 3268 1128 3324 eris.
1152 3268 1292 3333 Quid
1318 3282 1450 3336 ergo
1481 3268 1504 3320 1’
1534 3267 1754 3320 obvium
1788 3265 1891 3319 iter
1922 3280 2029 3319 non
2062 3264 2146 3320 in-

559 3364 881 3431 grederetur
909 3360 1003 3428 qui
1030 3375 1151 3419 eam
1188 3361 1430 3414 nondum
1465 3368 1722 3429 expertus
1739 3368 1908 3423 esset,
1939 3358 2146 3427 absque

561 3454 736 3524 perito
762 3455 937 3518 duce;
972 3467 1148 3522 neque
1168 3450 1448 3507 Oceanum
1497 3461 1862 3522 percurreret,
1928 3451 2146 3521 absque

561 3547 739 3618 perito
767 3551 1182 3617 gubernatore;
1216 3561 1392 3615 neque
1450 3555 1623 3601 artem
1691 3545 1990 3616 quamlibet
2053 3555 2146 3598 aut

563 3642 847 3698 scientiam
874 3643 994 3700 sine
1033 3641 1302 3696 infallibili
1335 3641 1620 3711 magistro;
1645 3650 1700 3695 et
1725 3651 1897 3694 artem
1917 3639 2144 3706 artium,

563 3735 848 3793 scientiam
886 3736 1264 3798 scientiarum,
1289 3743 1342 3788 et
1378 3736 1520 3788 viam
1552 3735 1618 3788 ad
1656 3733 1823 3788 Deum
1859 3734 2144 3787 ducentem

563 3841 617 3884 et
649 3831 848 3885 mentis
894 3829 1164 3884 inlinitum
1201 3829 1502 3895 Oceanum,
1544 3826 1906 3883 monasticam
1950 3839 2146 3894 nempe

565 3925 732 3980 vitam
761 3941 883 3995 qua:
920 3924 1238 3995 angeloran
1282 3923 1407 3978 vitae
1460 3932 1782 3992 comparata
1835 3928 1941 3985 est,
1977 3905 2148 3974 aude-

568 4030 651 4075 ret
673 4019 872 4088 aliquis
899 4017 1191 4088 attingere,
1224 4015 1540 4086 etsperabit
1570 4029 1630 4069 se
1661 4016 1825 4085 bujns
1861 4015 2022 4067 tinem
2055 4030 2144 4069 as-

568 4119 885 4168 secuturum
909 4111 1112 4180 absque
1136 4110 1275 4164 duce
1296 4119 1348 4163 et
1381 4108 1746 4178 gubernatore
1784 4121 1848 4160 ac
1885 4104 2146 4176 magistro

570 4203 823 4275 prudenti
851 4218 916 4258 ac
944 4205 1160 4258 sincero
1195 4203 1219 4255 τ
1261 4201 1461 4270 Reipsa
1513 4202 1834 4270 quicunque
1878 4199 1972 4254 ille
2037 4206 2144 4263 est,

575 4299 817 4366 seipsum
849 4295 1072 4364 decipit,
1106 4303 1161 4348 et
1185 4303 1358 4356 errat,
1381 4294 1583 4349 nedum
1622 4293 1949 4363 principium
1974 4293 2144 4346 ullum

572 4391 760 4460 jaeiat,
789 4389 990 4458 quippe
1012 4387 1104 4457 qui
1137 4395 1291 4442 extra
1319 4399 1489 4456 .Cgem
1512 4393 1859 4450 exerceatur;
1890 4383 2150 4453 quemad-

579 4482 798 4537 modum
839 4491 1053 4545 contra,
1088 4479 1254 4532 etiam
1291 4489 1584 4546 antequam
1656 4476 1922 4540 ambulet,
1982 4475 2144 4530 linem

579 4575 861 4646 praecepit,
895 4573 987 4642 qui
1021 4571 1245 4628 Patrqu
1275 4571 1514 4625 oraculis
1542 4569 1746 4623 obedit.
1805 4567 1944 4622 Num
2001 4571 2146 4624 enim
2179 4548 2232 4606 Π

580 4668 804 4721 abunde
836 4679 1129 4733 possumus
1162 4661 1378 4715 discere
1419 4657 1696 4728 quomodo
1728 4657 1801 4712 sit
1841 4657 2000 4712 nobis
2057 4657 2154 4711 ad-

574 4774 766 4815 versus
789 4771 983 4811 carnes
1021 4752 1397 4824 pugnandum,
1450 4759 1509 4804 ut
1570 4749 1751 4817 decet,
1813 4760 1910 4804 aut
1955 4758 2152 4802 contra

574 4852 900 4924 utpiditates
949 4849 1337 4924 dsemmtesque
1408 4845 1609 4900 bellum
1686 4843 1760 4898 sit
1821 4842 2149 4897 ineundum.

579 4919 882 5000 Viitutibus
913 4942 1084 5006 enim,
1109 4919 1184 4994 "ut
1214 4939 1477 5006 scriptum
1505 4944 1613 5000 est,
1655 4943 1976 4990 accrescunt
2001 4933 2154 4997 vitia,

577 5051 631 5092 rt
655 5055 717 5093 ea
744 5043 892 5093 stant
925 5032 1332 5103 quodammodo
1359 5045 1524 5099 prope
1561 5029 1803 5099 ianuam.
1869 5024 2158 5090 Quomodo

577 5141 755 5184 autem
771 5128 1017 5196 corporis
1037 5139 1232 5180 sensus
1251 5122 1638 5192 castigabimus
1655 5129 1816 5188 atque
1832 5113 2028 5171 auium
2053 5117 2161 5170 vir-

583 5230 726 5275 tutos
750 5230 807 5274 ut
831 5219 882 5273 iIt
909 5217 1118 5272 Cithara
1136 5213 1515 5270 ordinabitnus
1537 5211 1560 5264 τ
1584 5210 1693 5263 lmu
1717 5225 1846 5265 vero
1880 5209 2156 5280 quomodo

583 5313 740 5369 nobis
757 5311 932 5366 licebit
954 5325 1114 5365 voces
1131 5309 1438 5363 discernere
1449 5318 1500 5360 et
1521 5303 1874 5363 revelationes
1893 5312 1944 5356 et
1961 5301 2160 5354 adhor-

584 5407 818 5465 tationes
836 5411 889 5458 et
909 5402 1395 5472 contemplationes
1431 5399 1662 5461 divinas,
1687 5406 1846 5458 atque
1863 5395 2037 5457 dolos,
2066 5409 2159 5448 cr-

587 5512 760 5563 rmes,
793 5509 844 5550 et
874 5496 1094 5550 oracula
1116 5491 1423 5548 dictitonis?
1452 5490 1517 5544 Et
1545 5499 1603 5546 ut
1625 5505 1732 5543 uno
1762 5488 1928 5542 verbo
1954 5487 2156 5551 dicam,

586 5589 860 5657 quomodo
886 5587 953 5640 ad
989 5603 1104 5640 eam
1155 5601 1281 5640 cum
1313 5584 1421 5638 Deo
1449 5583 1731 5646 unionem,
1785 5581 1851 5635 ad
1879 5595 1996 5634 eam
2028 5577 2168 5632 divi-

587 5701 710 5742 nam
745 5683 1154 5754 perfectionem,
1179 5684 1242 5735 ad
1267 5679 1518 5750 mys'eria
1551 5676 1642 5748 qui
1668 5675 2052 5748 perveniamus
2081 5672 2165 5728 di-

654 5865 696 5903 "
725 5863 884 5926 Prov.
918 5880 993 5933 ιι,
1038 5862 1126 5921 Η.

2248 1979 2488 2050 φθησαν.
2515 1978 2742 2049 Εἴρηται
2760 1976 2815 2030 δὲ
2839 1975 2936 2030 καί
2967 1992 3075 2030 τινι
3099 1975 3208 2028 τῶν
3233 1973 3441 2043 σοφῶν,
3471 1975 3552 2028 ὅτι
3582 1973 3652 2028 τὰ
3670 1975 3818 2027 ἐνανι

2249 2073 2340 2126 τία
2368 2069 2480 2122 τῶν
2507 2069 2768 2124 ἐναντίων
2799 2068 3027 2140 ίάματα.
3069 2067 3224 2121 Ἐπεὶ
3269 2063 3384 2133 οὖν,
3422 2065 3530 2120 τῶν
3567 2067 3666 2138 μὲν
3702 2083 3830 2120 σκυ-

2250 2162 2486 2234 θρωπῶν
2519 2161 2739 2216 πάντων
2764 2159 2939 2213 αἴτιον
2971 2159 3031 2212 τὸ
3059 2159 3438 2213 ἀνυπότακτον
3478 2158 3571 2211 καὶ
3614 2158 3646 2228 ή
3699 2157 3830 2211 ἁλαο

2253 2254 2438 2322 ζονεία
2460 2273 2472 2285 ·
2523 2253 2635 2308 τῶν
2680 2253 2738 2307 δὲ
2771 2250 3132 2322 φαιδρωπῶν,
3155 2251 3218 2304 τὸ
3247 2249 3688 2320 ὑποτεταγμένον
3739 2250 3831 2302 καὶ

2255 2345 2722 2418 συντετριμμένον
2740 2359 2756 2375 ⁶
2795 2343 2878 2397 δεῖ
2904 2343 2969 2413 δὴ
2990 2342 3084 2396 τὸν
3103 2342 3420 2405 ἀπταίστως
3449 2339 3597 2410 βιοῦν
3623 2341 3834 2411 ἱμειρό-

2256 2458 2438 2511 μενον,
2469 2441 2528 2492 ἐν
2559 2439 2805 2508 ὑποταγῇ
2837 2435 3051 2506 Πατρὸς
3103 2435 3330 2503 δοκίμου
3402 2433 3497 2487 καὶ
3553 2431 3833 2495 ἀπλανοῦς

2251 2532 2465 2602 διαζῇν,
2499 2531 2694 2601 χρόνον
2722 2529 2908 2599 τριὸῇ,
2941 2528 3037 2581 καὶ
3075 2526 3356 2597 ἐπιστήμῃ
3391 2524 3573 2586 θείων,
3607 2525 3666 2577 τὸ
3697 2525 3832 2594 κρά-

2249 2642 2343 2689 τος
2374 2625 2658 2696 φέροντος,
2688 2621 2782 2674 καὶ
2807 2620 2898 2673 τὸν
2924 2619 3038 2690 βίον
3082 2616 3590 2687 ἐγκεκοσμημένου,
3627 2615 3705 2686 τῷ
3739 2615 3834 2668 κύ.

2255 2715 2368 2788 κλῳ
2391 2717 2500 2770 τῶν
2521 2714 2759 2785 ἀρετῶν·
2793 2707 2886 2766 καὶ
2909 2710 3008 2782 τὴν
3029 2709 3223 2764 τούτου
3245 2707 3531 2779 ἐπιταγὴν.
3569 2708 3664 2762 καὶ
3693 2725 3756 2761 συ
3766 2725 3835 2778 με

2257 2810 2478 2880 ϐουλὴν,
2509 2807 2585 2872 ῶς
2611 2806 2749 2860 Θεοῦ
2790 2805 2996 2875 φωνὰς.
3025 2805 3122 2857 καὶ
3151 2802 3350 2873 βουλὴν
3377 2801 3609 2855 οἴεσθαι.
3641 2820 3660 2854 ι
3717 2803 3835 2854 Σω-

2253 2903 2420 2975 τηρία
2462 2902 2590 2971 γὰρ,
2632 2901 2819 2971 φησὶν,
2851 2901 2910 2952 ἐν
2940 2898 3109 2967 πολλῇ
3145 2895 3333 2968 βουλῇ.
3357 2914 3375 2948 ι
3430 2896 3572 2950 Καί·
3611 2914 3630 2948 ι
3668 2895 3838 2964 Ἀνὴρ

2254 2995 2625 3068 ἀσύμδουλος,
2649 2992 2775 3048 καθ’
2799 2989 2994 3045 ἑαυτοῦ
3022 2989 3304 3057 πολέμιος.
3345 3005 3364 3040 ι
3402 2988 3464 3041 Εί
3493 2987 3551 3041 δὲ
3589 2988 3685 3042 καί
3724 3006 3837 3042 τισι

2254 3091 2364 3144 τῶν
2409 3088 2636 3143 κλεινῶν
2679 3085 2946 3154 Πατέρων
3009 3083 3306 3152 ἐξεγένετο,
3365 3083 3459 3135 καὶ
3513 3083 3685 3154 χωρὶς
3740 3083 3838 3153 τῆς
3891 3131 3900 3140 ,

2255 3182 2508 3253 τοιαύτης
2537 3180 2828 3252 ἀσκήσεως
2865 3179 2965 3249 τῆς
3015 3177 3138 3230 κατ’
3191 3177 3502 3248 ὑποταγὴν,
3560 3177 3838 3247 ἐπιτυχεῖν

2255 3278 2352 3348 τῆς
2373 3272 2620 3330 θεοποιοῦ
2651 3271 2904 3344 ἡσυχίας,
2939 3271 3034 3325 καὶ
3067 3271 3168 3341 τῆς
3203 3272 3347 3324 κατὰ
3392 3271 3526 3324 Θεὸν
3576 3270 3840 3342 τελειότηο

2255 3386 2366 3434 της,
2425 3366 2560 3420 ἀλλὰ
2603 3363 2744 3419 κατὰ
2809 3360 3155 3430 ἀποκάλυψιν
3219 3359 3392 3425 θείαν,
3445 3360 3540 3414 καὶ
3573 3360 3838 3422 σπανίως.

2254 3462 2574 3531 Γέγραπται
2605 3458 2683 3521 δὲ,
2725 3457 2803 3520 ὡς
2830 3456 2894 3508 οὑ
2921 3455 3089 3524 νόμος
3119 3452 3473 3523 Ἐκκλησίας,
3493 3450 3555 3504 τὸ
3577 3451 3803 3504 σπάνιον
3823 3467 3837 3483 ·

2256 3551 2444 3624 ῶσπερ
2473 3547 2593 3604 οὑδέ
2627 3549 2724 3620 μία
2749 3545 2972 3620 χελιδὼν
3001 3545 3101 3616 ξαρ
3125 3546 3290 3599 ποιεῖ.
3339 3542 3482 3596 Ἀλλ’
3536 3542 3699 3606 αὐτὸς
3724 3537 3841 3595 οἷόν

2264 3661 2379 3698 τινα
2467 3638 2952 3715 προεισαγωγικὴν
3019 3637 3334 3706 ἐπιστήμην
3395 3634 3494 3705 τῆς
3554 3634 3840 3702 παγκάλου

2256 3738 2512 3809 ἡσυχίας,
2567 3735 2667 3804 τὴν
2720 3733 2897 3802 ἀληθῆ
2944 3728 3226 3799 ὑποταγὴν
3265 3725 3562 3792 πιστεύων,
3603 3729 3740 3795 άφες
3771 3729 3842 3782 τὰ

2256 3830 2406 3896 ἅπαξ
2457 3825 2822 3896 οίκονομικῶς
2867 3823 3252 3892 γεγενημένα·
3292 3820 3387 3872 καὶ
3441 3818 3532 3872 ἔσο
3589 3819 3840 3888 στοιχῶν,

2258 3923 2369 3998 [ίσ.
2399 3924 2595 3978 λείπει
2651 3917 2815 3990 κατὰ]
2856 3917 2924 3970 τὰ
2984 3918 3138 3986 κοινῇ
3195 3912 3539 3984 ψηφισθέντα
3592 3915 3704 3975 τοῖς
3753 3929 3842 3965 σε·

2258 4016 2514 4087 δασμίοις
2548 4013 2847 4084 Πατράσιν.
2897 4007 3054 4062 Οῦτω
3079 4007 3188 4075 γὰρ
3207 4008 3298 4059 καὶ
3317 4005 3424 4058 τῶν
3446 4003 3719 4074 βραϐείων
3734 4003 3843 4056 τῶν

2258 4110 2508 4181 νομίμως
2542 4105 2824 4178 βιούντων,
2874 4101 3174 4172 ἀξιωθήσῃ.
3220 4098 3285 4150 Τί
3315 4098 3402 4163 δὲ;
3438 4095 3558 4149 ὀδοῦ
3596 4097 3694 4166 μὲν
3745 4095 3843 4163 τῆς

2255 4201 2547 4274 τυχούσης,
2576 4199 2677 4252 ούκ
2705 4197 2769 4251 ἄν
2801 4213 2884 4258 τις
2934 4195 3129 4258 ἕλοιτο,
3165 4193 3332 4262 μήπω
3367 4189 3570 4258 ταύτης
3589 4190 3644 4242 ἐν
3683 4187 3845 4257 ira???

2271 4295 2575 4365 γενόμενος,
2604 4287 2870 4356 ἅψασθαι,
2907 4286 3034 4340 ἄνευ
3064 4280 3347 4344 ἀπλανοῦς
3376 4279 3596 4349 ὁδηγοῦ,
3630 4279 3717 4330 ναὶ
3739 4278 3846 4346 μὴν

2259 4388 2354 4442 καὶ
2393 4383 2684 4439 θαλαττίου
2711 4379 3008 4446 πελάγους,
3048 4376 3182 4444 ἄτερ
3221 4373 3588 4443 ἐπιστήμονος
3643 4369 3844 4438 κυϐερ-

2257 4481 2458 4550 νήτου·
2513 4474 2713 4545 ὁμοίως
2750 4473 2827 4536 δὲ,
2880 4470 2974 4522 καὶ
3027 4467 3127 4537 τῆς
3172 4463 3397 4519 οἱασοῦν
3472 4464 3690 4534 τέχνης,
3750 4464 3848 4515 καὶ

2259 4571 2594 4641 ἐπιστήμης,
2652 4565 2824 4637 χωρὶς
2884 4559 3190 4617 ἀπταίστου
3241 4556 3609 4613 διδασκάλου·
3645 4555 3744 4624 τῆς
3791 4557 3849 4608 δέ

2257 4665 2366 4719 τῶν
2391 4663 2598 4733 τεχνῶν
2636 4661 2854 4729 τέχνης,
2887 4657 2983 4710 καὶ
3017 4654 3125 4707 τῶν
3147 4650 3470 4721 ἐπιστημῶν
3515 4650 3846 4720 ἐπιστήμης,

2261 4758 2356 4812 καὶ
2386 4757 2486 4826 τῆς
2530 4755 2668 4824 πρδς
2695 4753 2827 4805 Θεὸν
2863 4747 3140 4820 φερούσης
3168 4743 3381 4814 τρίϐου,
3410 4743 3621 4796 καὶτοῦ
3651 4739 3848 4810 νοητοῦ

2260 4851 2492 4918 ἀπείρου
2553 4846 2848 4913 πελάγους,
2916 4842 3035 4911 ἦτοι
3077 4838 3176 4906 τῆς
3203 4835 3501 4906 μοναδικῆς
3551 4832 3846 4895 πολιτείας,

2241 4944 2382 5013 ,ἥτις
2412 4938 2774 5008 ἀφωμοίωται
2815 4937 2881 5004 τῇ
2923 4932 3031 4985 τῶν
3072 4929 3320 4999 ἀγγέλων
3357 4927 3528 4998 βιοτῇ,
3555 4925 3732 4996 τολμᾷ
3766 4941 3851 5013 τις

2261 5031 2606 5103 ἀπάρχεσθαι
2641 5030 2738 5100 τῆς
2763 5027 3076 5096 ἀσκήσεως,
3108 5022 3204 5075 καὶ
3252 5018 3430 5089 ἐαυτῷ
3458 5015 3726 5079 πιστεύει,
3755 5011 3850 5067 τοῦ

2265 5131 2448 5193 τέλους
2473 5125 2679 5194 ταύτης
2704 5125 2908 5194 τυχεῖν,
2943 5118 3086 5190 πλὴν
3118 5117 3338 5187 ὁδηγοῦ,
3359 5116 3454 5168 καὶ
3484 5111 3846 5184 κυῦερνήτου,

2266 5225 2359 5281 οιαὶ
2405 5221 2733 5277 διδασκάλου
2774 5217 3002 5286 δοκίμου
3058 5214 3153 5266 καὶ
3223 5210 3498 5280 ἀληθοῦς-ς
3568 5209 3777 5269 Ὄντως
3821 5205 3851 5257 ὀ

2263 5315 2508 5375 τοιοῦτος
2538 5313 2641 5365 κᾶν
2699 5313 2880 5372 ὁποῖος
2935 5310 3020 5376 είη
3063 5304 3250 5375 τυχὸν,
3277 5301 3603 5372 φρεναπατᾷ
3634 5300 3849 5362 ἑαυτὸν,

2264 5408 2359 5462 καὶ
2388 5407 2495 5477 πρό
2520 5423 2582 5471 γε
2607 5402 2703 5457 τοῦ
2740 5402 2918 5474 ἀρχὴν
2948 5399 3152 5470 βαλεῖν,
3213 5395 3594 5464 πεπλάνηται·
3645 5385 3731 5444 οἷα
3777 5390 3854 5460 μὴ

2263 5501 2405 5557 κατὰ
2431 5502 2595 5570 νόμον
2644 5497 3014 5564 ἀσκούμενος·
3080 5491 3271 5562 ῶσπερ
3324 5485 3660 5547 τούναντίον,
3724 5485 3851 5554 πρ“ν

2267 5593 2362 5650 τοῦ
2410 5590 2648 5661 βαδίσαι,
2699 5590 2761 5642 τὸ
2801 5589 2954 5648 τέλος
2995 5586 3298 5655 πὲφθακεν,
3344 5583 3373 5634 ὁ
3423 5582 3535 5643 τοῖς
3562 5576 3854 5646 Πατρικοῖς

2270 5687 2590 5762 πειθόμενος
2621 5685 2863 5756 θεσμοῖς.
2898 5681 3066 5736 ῐιόθεν
3094 5680 3203 5750 γὰρ
3255 5676 3476 5732 ἄλλοθεν
3509 5672 3708 5726 εἰδέναι
3739 5669 3844 5740 Exo-
