4076 6466
325 377 423 443 661

1542 389 1944 453 OPUSCULA
1975 393 2390 465 ASCETICA,

3477 391 3603 458 ’882

321 515 445 570 μεν,
470 499 503 572 ή
562 499 704 560 κατὰ
753 501 852 573 τῆς
883 502 1104 574 σαρκὸς,
1140 501 1215 568 ὡς
1235 503 1401 569 εἰκὸς,
1425 505 1838 578 στρατεύεσθαι,
1864 503 1904 577 ῆι

2011 505 2090 573 gni
2125 507 2469 574 habebimur,
2534 509 2741 580 absque
2779 509 3024 564 verailla
3058 518 3112 563 et
3136 507 3365 580 mystica
3396 516 3453 563 et
3488 510 3609 563 illu-

325 599 462 652 κατὰ
510 598 703 652 παθῶν
752 599 846 654 καὶ
901 600 1174 672 δαιμόνων
1235 604 1598 675 όπλίζεσθαις
1633 609 1769 674 Ταῖς
1795 614 1906 682 γάρ

323 691 568 763 ἀρεταῖς,
608 690 684 755 ὡς
708 691 1041 761 γέγραπται,
1094 696 1150 748 αῖ
1189 695 1382 750 κακίαι
1433 701 1902 771 παραπεπήγασι,

319 782 412 837 καὶ
441 783 550 838 είσί
585 801 702 848 πως
748 784 1064 856 άγχίθυροι.
1117 787 1290 842 Πόθεν
1321 789 1378 842 δὲ
1403 789 1504 854 τὰς
1528 791 1621 844 τοῦ
1651 791 1908 864 σώματος

258 900 276 925 ~.
322 876 603 948 αἰσθήσεις
629 878 928 946 παιδεύειν,
962 878 1060 933 καὶ
1104 881 1204 950 τῆς
1223 881 1404 954 ψυχῆς
1425 881 1524 947 τὰς
1545 884 1806 956 δυνάμεις
1830 885 1909 950 ὡς

318 969 376 1022 ὲν
403 968 634 1041 κιννύρᾳ
671 969 987 1042 ῥυθμίζεινς
1017 973 1220 1043 μᾶλλον
1252 975 1335 1040 δὲ,
1359 975 1480 1040 πῶς
1509 975 1730 1040 ἐξέσται
1773 980 1908 1050 ἡμῖν

317 1062 592 1134 διακρῖναι
611 1063 816 1135 ὀμφὰς,
843 1066 937 1118 καὶ
961 1066 1355 1138 ἀποκαλύψεις,
1385 1069 1482 1122 καὶ
1508 1071 1907 1144 παρακλήσεις,

319 1155 416 1209 καὶ⁸
454 1155 687 1227 θεωρίας
721 1155 908 1223 θείας,
951 1159 1041 1213 ναὶ
1089 1159 1198 1230 μὴν
1232 1160 1328 1214 καὶ
1366 1161 1576 1227 δόλους,
1625 1164 1720 1218 καὶ
1775 1163 1911 1220 πλά-

319 1267 439 1316 νας,
461 1251 556 1305 καὶ
608 1249 876 1321 φάσματα
917 1251 1278 1323 δαιμονιώδη;
1339 1255 1449 1309 Καὶ
1493 1255 1582 1308 ῖνα
1627 1258 1910 1329 συντόμως

318 1343 585 1412 εἴπωμεν,
628 1343 745 1406 πῶς
779 1343 861 1407 είς
893 1341 1121 1408 ὲνὼσεις
1136 1345 1296 1412 Θεοῦ,
1333 1348 1428 1400 καὶ
1462 1347 1796 1419 θεουργικὰς
1819 1366 1909 1402 τε-

317 1435 518 1500 λετὰς,
556 1437 651 1490 καὶ
702 1436 980 1507 μυστήρια
1011 1476 1028 1500 ,
1081 1438 1399 1508 προφθάσαι
1453 1439 1907 1510 ἀξιωθησόμσθα.

317 1527 448 1586 ἄνευ
514 1527 774 1599 μυήσεως
833 1529 1198 1599 μυσταγωγοῦ
1259 1529 1516 1600 ἀληθοῦς,
1541 1532 1633 1586 καὶ
1667 1548 1911 1600 πεφωτι-

321 1617 558 1688 σμένου,;
587 1620 701 1672 οῦκ
734 1620 883 1675 ἔστιν
904 1620 1104 1685 ὅντως,
1147 1623 1250 1676 οὐκ
1306 1623 1475 1677 ἔστιν.
1524 1621 1798 1694 Ὀπηνίκα
1850 1624 1909 1680 δὲ

318 1713 412 1771 καὶ
441 1713 502 1766 τὺ
526 1712 624 1783 τῆς
666 1713 898 1784 ἐκλογῆς
948 1713 1158 1779 σκεῦος,
1187 1716 1279 1770 τὸν
1321 1715 1739 1787 μακαριώτατον
1775 1733 1912 1771 κατ-

321 1804 520 1874 ίδωμεν
583 1804 816 1873 Παῦλον,
851 1805 944 1860 τὸν
971 1806 1082 1860 τῶν
1133 1808 1396 1880 ἀρρήτων
1431 1809 1659 1879 μύστην,
1692 1810 1754 1862 τὺ
1812 1808 1909 1863 τοῦ

317 1896 560 1968 Χριστοῦ
625 1897 823 1967 στόμα,
886 1897 948 1951 τὸ
989 1898 1106 1969 φῶς
1157 1899 1252 1952 τοῦ
1311 1901 1543 1971 κόσμου,
1583 1900 1677 1955 τὸν
1729 1901 1911 1956 κοινδν

315 1991 511 2062 ἥλιον,
593 1990 684 2044 τὸν
739 1990 839 2061 τῆς
902 1991 1232 2062 οἰκουμένης
1281 1995 1579 2063 συμπάσης
1651 1994 1912 2049 διδάσκα-

315 2083 430 2148 λον,
483 2084 595 2146 τοῖς
641 2083 1068 2147 συναποστόλοις
1127 2084 1481 2152 κοινούμενον
1539 2088 1634 2140 καὶ
1695 2087 1912 2141 συνδια-

317 2174 696 2243 σκεπτόμενον
731 2175 790 2226 τὸ
813 2174 1182 2244 Εὑαγγέλιονο
1223 2176 1318 2228 καὶ
1365 2177 1397 2246 ή
1449 2176 1621 2244 αίτία,
1687 2177 1924 2246 μήπως,

315 2264 507 2335 φησὶν,
546 2265 628 2328 είς
655 2265 815 2318 κενὸν
854 2265 1056 2337 τρέχω,
1085 2265 1119 2336 ἢ
1153 2265 1408 2337 ἔδραμον.
1467 2267 1575 2321 Ναὶ
1635 2266 1764 2338 μὴν,
1811 2265 1914 2322 καὶ

315 2358 490 2429 αὐτὴν
527 2357 627 2430 τὴν
678 2359 1032 2428 αύτοσοφίαν,
1093 2359 1184 2414 τὸν
1245 2359 1450 2431 Κύριον
1498 2359 1657 2432 ήμῶν
1701 2358 1910 2431 Ἰησοῦν

315 2451 578 2522 Χριστὸν,
617 2451 746 2522 περὶ
786 2453 883 2520 μὲν
922 2453 1118 2507 ἑαυτοῦ
1155 2453 1552 2524 φθεγγόμενον,
1597 2454 1679 2508 ὅτι
1722 2471 1740 2504 t
1789 2455 1908 2509 Κα-

313 2544 603 2613 ταὸέϐηκα
625 2545 688 2598 ἐκ
719 2543 813 2598 τοῦ
851 2544 1102 2616 ούρανοῦ,
1145 2546 1244 2616 οὐχ
1290 2546 1378 2600 ῖνα
1421 2546 1563 2600 ποιῶ
1596 2545 1658 2600 τὸ
1691 2545 1910 2616 θέλημα

315 2635 380 2688 τὸ
401 2633 567 2704 ἐμόν·
603 2633 742 2688 ἀλλὰ
779 2633 839 2698 τὸ
873 2633 1086 2703 θέλημα
1136 2634 1232 2689 τοῦ
1301 2635 1624 2705 πέμψαντός
1682 2652 1751 2706 με
1787 2636 1907 2690 Πα-

311 2725 476 2797 τρός·
523 2743 543 2777 ι
572 2726 702 2795 περὶ
732 2725 793 2790 δὲ
823 2724 916 2778 τοῦ
971 2726 1240 2794 παναγίου
1271 2725 1368 2779 καὶ
1417 2726 1685 2790 ζωοποιοῦ
1738 2726 1907 2780 Πνεύο

319 2833 517 2889 ματος,
545 2817 628 2879 ὅτι
661 2834 680 2868 ι
723 2818 839 2870 υύκ
862 2817 960 2886 ἀφ’
1017 2815 1216 2871 ἑαυτοῦ
1257 2816 1502 2887 λαλήσει,
1535 2817 1650 2871 ἀλλ’
1685 2819 1786 2873 ὅσα
1839 2818 1907 2872 ἂν

311 2911 550 2985 ἀκούσῃ,
584 2909 830 2982 λαλήσει.
881 2929 898 2962 ι
937 2912 1038 2965 Διά
1067 2928 1130 2979 γε
1161 2912 1222 2964 τδ
1250 2911 1352 2981 τῆς
1383 2912 1590 2978 τάξεως
1610 2912 1904 2984 χρήσιμον,

309 3006 440 3077 ἥτις
460 2985 672 3074 συνέχει
718 3002 898 3058 καὶτὰ
927 3003 1160 3074 οῦρᾷνια,
1213 3004 1310 3058 καὶ
1343 3004 1410 3058 τὰ
1434 3005 1676 3074 ἐπίγεια,
1710 3004 1904 3075 φρίκῃ,

312 3099 415 3153 καὶ
469 3097 691 3166 θάμϐει,
731 3098 827 3150 καὶ
884 3096 1108 3169 ἀγωνία,
1147 3097 1510 3168 συνεχόμεθα,
1543 3097 1672 3169 περί
1697 3115 1756 3151 τε
1803 3096 1908 3168 τῆς

2009 599 2228 654 minata.
2251 601 2640 657 institutione?
2670 601 2784 657 Non
2822 603 2952 658 licet
2997 601 3246 666 omnino,
3275 615 3382 654 non
3439 600 3604 667 licet;

2008 694 2228 762 quando
2275 703 2326 749 et
2355 695 2483 749 illud
2515 695 2803 751 electionis
2833 680 2951 757 vas.
2984 693 3360 749 beatissimum
3409 709 3607 762 nempe

2008 783 2236 840 Paulum
2285 786 2554 852 videmus,
2587 787 2740 842 illum
2789 802 3122 844 arcanorum
3177 787 3487 849 doctorem,
3542 803 3605 839 os

2007 875 2236 942 Christi,
2269 878 2452 933 lumen
2513 881 2726 944 mundi,
2789 896 3142 936 communem
3205 883 3400 946 solem,
3454 880 3606 936 orbis

2013 970 2260 1026 universi
2289 972 2636 1040 magistrum,
2667 988 2792 1028 cum
2823 973 2950 1030 aliis
2989 974 3258 1045 apostolis
3292 973 3604 1028 conversari

2007 1069 2064 1116 et
2091 1058 2444 1132 Evangelium
2478 1063 2840 1133 contemplari
2876 1081 2891 1128 ;
2923 1073 2978 1120 et
3034 1078 3105 1119 ne
3157 1065 3316 1126 forte,
3401 1063 3605 1131 inquit.

2011 1146 2063 1204 in
2089 1166 2289 1206 vanum
2324 1167 2540 1208 curram
2571 1161 2667 1208 aut
2722 1156 3102 1218 cucurrerim;
3163 1171 3287 1220 eum
3327 1170 3517 1211 revera
3554 1165 3608 1206 ιιι

2013 1240 2315 1298 increatam
2353 1245 2526 1313 ipsam
2579 1243 2936 1312 sapientiam,
2997 1244 3289 1299 Dominum
3359 1257 3606 1300 nostrum

2009 1329 2199 1386 Jesum
2250 1331 2531 1389 Christum
2563 1334 2632 1390 de
2676 1349 2736 1390 se
2773 1335 3045 1391 dicentem
3084 1337 3341 1392 audimus
3379 1355 3392 1391 :
3439 1355 3458 1389 ι
3504 1335 3607 1390 Dc-

2009 1422 2201 1479 scendi
2227 1423 2294 1479 de
2327 1424 2488 1490 coelo,
2530 1440 2639 1480 non
2674 1435 2734 1481 ut
2766 1425 3002 1482 facerem
3032 1427 3364 1482 voluntatem
3402 1443 3603 1494 meant,

2010 1514 2106 1570 sed
2133 1515 2469 1572 voluntatem
2496 1518 2640 1588 ejus,
2662 1519 2755 1590 qui
2791 1521 2942 1576 misit
2963 1534 3072 1584 me,
3104 1518 3281 1575 Patris
3299 1519 3368 1577 ³⁹.
3408 1539 3426 1572 ›
3454 1519 3518 1573 Et
3544 1522 3610 1572 de

2011 1615 2206 1662 sancto
2265 1623 2330 1664 ac
2377 1609 2691 1667 viviﬁcante
2740 1610 2988 1680 Spiritu:
3029 1629 3048 1664 ι
3083 1610 3199 1667 Non
3227 1627 3258 1667 a
3315 1611 3612 1680 semetipso

2011 1697 2318 1770 loquetur;
2355 1700 2455 1757 sed
2508 1717 2852 1774 quaecunque
2905 1705 3179 1772 audierit,
3249 1704 3522 1771 loquetur.
3585 1721 3603 1754 ι

2014 1787 2245 1861 Propter
2281 1791 2494 1848 ordinis
2548 1793 2712 1862 hujus
2761 1795 3050 1850 utilitatem
3117 1796 3211 1866 qui
3245 1797 3490 1852 cwlcstia
3545 1809 3612 1850 ac

2015 1883 2291 1940 terrestria
2321 1883 2589 1954 continet,
2619 1885 2851 1943 horrore
2907 1897 2965 1943 et
3019 1895 3249 1958 stupore
3293 1899 3348 1944 ct
3405 1904 3612 1960 angore

2011 1976 2556 2047 comprehendimur,
2605 1993 2731 2043 cum
2764 1989 2966 2035 nostrae
3023 1980 3384 2037 imbecillitati
3440 1991 3607 2053 atque

2011 2068 2709 2138 inﬁrmitati,attendimus,
2781 2070 2964 2141 iisque
3013 2072 3105 2143 qui
3167 2073 3452 2133 dementer
3510 2074 3610 2129 eii-

2010 2161 2381 2232 guntoblique
2405 2172 2458 2217 et
2489 2162 2793 2232 periculose
2819 2171 2874 2218 et
2904 2179 2982 2218 ex
3007 2164 3236 2219 arbitrio
3291 2176 3344 2219 et
3383 2179 3489 2235 pro.
3540 2165 3608 2219 li-

2009 2254 2125 2312 bitu
2152 2254 2356 2310 vivere.
2378 2252 2456 2315 Re
2481 2255 2700 2325 quidem
2725 2255 2862 2324 ipsa,
2895 2257 3253 2316 terribilisea.
3271 2272 3450 2328 pugna
3495 2269 3606 2324 est,

2008 2354 2064 2401 et
2091 2346 2366 2400 innumeri
2414 2346 2771 2417 spoliatores.
2832 2358 2888 2404 et
2938 2357 3208 2414 sexcenta:
3275 2357 3606 2410 tentatorum

2009 2437 2239 2500 insidia).
2275 2437 2340 2494 Et
2367 2439 2652 2508 naufragia
2689 2443 2966 2496 numerari
3021 2453 3308 2513 neqeuut;
3342 2443 3490 2498 unde
3551 2453 3608 2499 et

2007 2542 2072 2583 ex
2111 2528 2363 2598 plurimis
2407 2530 2496 2585 vix
2525 2531 2739 2602 aliquot
2801 2532 3085 2602 eﬂ‘ugiunt.
3135 2535 3240 2590 Sed
3276 2535 3310 2588 ii
3359 2534 3606 2604 quidem,

2009 2629 2068 2675 ut
2093 2621 2224 2691 ipsis
2245 2622 2444 2691 placet,
2487 2622 2770 2679 ambulent
2828 2642 2842 2680 :
2897 2643 2917 2678 ι
2976 2624 3418 2696 Uniuscujusque
3461 2627 3608 2682 enim

2003 2728 2145 2783 opus
2168 2716 2327 2785 quale
2365 2717 2458 2780 sit,
2487 2716 2630 2786 ignis
2659 2717 2908 2787 probabit
2939 2718 3024 2785 “;
3062 2737 3080 2770 ι
3117 2728 3170 2774 et
3201 2721 3419 2774 adhuc:
3467 2739 3486 2772 t
3525 2718 3607 2774 Tu

2007 2805 2208 2862 reddes
2241 2806 2538 2877 unicuique
2558 2809 2857 2864 secundum
2883 2824 3047 2880 Opera
3072 2810 3213 2880 ejus.
3238 2830 3256 2864 ι
3283 2811 3327 2842 ⁸⁸
3364 2810 3599 2873 Praeser-

2007 2898 2099 2954 tim
2119 2914 2247 2954 vero
2264 2914 2371 2954 non
2392 2900 2733 2971 simpliciter,
2752 2901 3032 2969 quomodo
3051 2903 3237 2966 velint,
3254 2903 3346 2957 sed
3371 2919 3608 2973 quomo-

2002 2991 2074 3048 do
2091 3001 2304 3062 oportet
2325 2999 2380 3047 et
2408 2992 2545 3048 velle
2567 3003 2620 3050 et
2644 2991 2842 3060 vivere,
2872 2993 2965 3049 det
2981 2994 3235 3059 omnibus
3251 2993 3499 3060 Christus
3521 2995 3609 3059 in-

2005 3084 2366 3152 telligere.Tu
2385 3093 2566 3141 autem
2584 3094 2638 3140 et
2659 3083 2968 3156 quicunque
2993 3086 3106 3141 vult
3124 3087 3422 3147 secundum
3445 3086 3602 3142 Cliri-

307 3189 591 3266 ἠμετέρας
612 3189 924 3256 οῦθενείας,
943 3189 1037 3242 καὶ
1073 3188 1383 3261 ῥᾳθυμίας,
1425 3190 1522 3245 καὶ⁵
1577 3189 1686 3244 τῶν
1707 3191 1774 3244 ὲκ
1802 3207 1906 3244 πα-

2011 3185 2151 3231 stum
2171 3180 2656 3250 vivere.tanquam
2695 3195 2762 3234 er
2804 3179 3039 3249 quadam
3080 3178 3271 3237 borum
3315 3179 3602 3248 virbprnm

309 3279 666 3354 ραφροσύνης
700 3282 794 3335 καὶ
833 3281 1068 3352 οἰήσεως
1135 3281 1480 3353 αἱρουμένων
1541 3281 1768 3347 σκαιῶς,
1809 3283 1906 3338 καὶ

308 3373 692 3436 ἐπικινδύνως,
754 3371 1120 3447 ίδιορῤύθμως
1181 3375 1278 3427 καὶ
1321 3374 1710 3439 ἁνυποτάκτως
1754 3374 1908 3429 πολι-

315 3465 602 3521 τεύεσθαι.
656 3465 748 3536 Τῷ
790 3466 904 3519 δντι
938 3465 1048 3538 γὰρ
1072 3465 1302 3538 φοϐερὸς
1343 3467 1372 3520 ό
1429 3466 1672 3531 τοιοῦτος
1731 3465 1908 3536 ἁγὼν,

306 3559 405 3613 καὶ
441 3557 625 3628 μυρίοι
664 3558 718 3611 oi
752 3557 1081 3624 λωποδύται,
1120 3559 1215 3612 καὶ
1273 3559 1341 3613 τά
1374 3559 1482 3613 τῶν
1507 3560 1786 3632 πειρατῶν
1819 3562 1906 3614 ἕν-

307 3649 448 3718 εδρα
472 3646 824 3719 άναρίθμητα
846 3663 861 3678 ⁸
894 3647 1034 3719 πρὸς
1082 3648 1281 3714 obrui.
1304 3648 1374 3702 τὰ
1410 3649 1667 3719 ναυάγια,
1709 3651 1906 3722 μέτρον

304 3739 408 3791 οὑκ
472 3735 847 3805 ὲπιδέχονται’
905 3737 1029 3792 ὅθεν
1082 3739 1176 3791 καὶ
1209 3739 1275 3793 ὲκ
1330 3739 1440 3793 τῶν
1493 3739 1725 3805 πολλῶν,
1763 3741 1906 3795 πάνυ

305 3829 478 3899 ὀλίγοι
504 3829 640 3882 εἰσὶν
665 3829 716 3882 οἱ
749 3829 1046 3899 σωζόμενοι
1071 3845 1086 3861 ⁸
1117 3830 1231 3885 ἀλλ’
1271 3821 1420 3884 οῦτοι
1448 3831 1547 3902 μὲν
1577 3830 1652 3896 ὡς
1685 3831 1907 3903 βούλον-

303 3940 420 3987 ται,
447 3920 802 3977 ὁδευέτωσαν.
831 3939 851 3974 ι
875 3921 1139 3975 Ἐκάστου
1188 3922 1428 3994 γὰριώς
1485 3925 1814 3995 γέγραπται,
1846 3926 1908 3980 τὸ

306 4013 474 4084 ἔργον
530 4012 715 4066 ὁποῖόν
758 4013 899 4082 ἐστι,
966 4012 1028 4068 τὸ
1075 4014 1189 4086 πῦρ
1213 4015 1529 4087 δοκιμάσει·
1571 4017 1668 4070 καὶ
1695 4017 1780 4072 ὅτι
1838 4019 1906 4073 σὺ

309 4102 620 4168 ἀποδώσεις
646 4105 865 4177 ἑκάστῳ
885 4106 1029 4162 κατὰ
1065 4107 1137 4161 τὰ
1185 4107 1324 4178 ἔργα
1345 4107 1534 4164 αὐτοῦ.
1579 4129 1598 4162 ι
1651 4110 1907 4167 Μάλιστα

304 4197 380 4264 δὲ,
422 4196 499 4268 μὴ
528 4196 704 4261 οὕτως
731 4197 941 4264 ἁπλῶς,
969 4192 1114 4272 ᾗπερ
1157 4198 1476 4272 βούλονταιο
1539 4200 1655 4255 ἀλλ’
1698 4202 1776 4265 ὡς
1822 4201 1908 4256 δεῖ

304 4289 402 4342 καὶ
470 4285 756 4357 βούλεσθαι
821 4288 919 4342 καὶ
971 4289 1197 4358 βιῶναιο
1256 4290 1377 4362 δοίη
1433 4291 1604 4344 πᾶσιν
1634 4293 1662 4345 ὁ
1696 4290 1902 4363 Κύριος

313 4379 554 4434 σύνεσιν.
590 4379 662 4432 Σὺ
685 4377 742 4432 δὲ
775 4379 872 4432 καὶ
897 4381 1006 4443 πᾶς
1028 4381 1056 4439 ό
1092 4379 1416 4452 βουλόμενος
1464 4381 1606 4435 κατὰ
1646 4382 1780 4436 Θεὸν
1803 4381 1905 4454 ζῆ-

307 4488 422 4534 σαι,
458 4467 649 4540 ὦσπερ
678 4471 788 4525 ἀπό
821 4487 967 4536 τινος
1007 4471 1332 4543 κρασπέδου,
1354 4471 1463 4526 τῶν
1493 4473 1754 4527 τοιούτων
1787 4475 1899 4546 ῥη-

308 4564 520 4636 μάτων,
565 4562 627 4617 τὺ
670 4563 793 4617 ὅλον
823 4563 1056 4634 χρύσεον
1086 4567 1184 4620 καὶ
1238 4565 1610 4636 πνευματικὸν
1672 4564 1901 4636 ῦφασμα

302 4657 403 4728 τῆς
439 4657 718 4727 μακαρίας
754 4657 1005 4727 ὑπακοῆς
1041 4658 1261 4728 μαθὼν,
1305 4659 1620 4728 ὲπείχθητι,
1657 4658 1734 4721 ὡς
1763 4675 1878 4731 προ

302 4749 626 4820 δεδήλωται,
657 4751 839 4821 εὑρεῖν
867 4750 1193 4806 διδάσκαλον
1254 4751 1471 4822 ἀπλανῆ
1512 4751 1608 4806 καὶ
1641 4751 1850 4804 τέλειον
1877 4767 1892 4784 ο

302 4847 528 4902 τελείων
568 4845 625 4902 δέ
673 4847 810 4911 ἐστι,
882 4845 1024 4903 κατὰ
1066 4847 1158 4898 τὸν
1187 4846 1564 4917 Χριστοφὸρον
1605 4845 1840 4910 Παῦλον,
1866 4843 1902 4915 ή

307 4940 506 5013 στερεά
538 4939 714 5009 τροφή
741 4954 757 4971 ο
797 4937 907 4992 τῶν
936 4937 1024 4991 διὰ
1040 4939 1138 5010 τὴν
1185 4937 1300 5002 ἕξιν
1331 4937 1564 5009 ἐχόντων
1597 4937 1669 4990 τὰ
1712 4936 1902 5007 αἰσθη-

303 5034 468 5103 τήρια
489 5030 920 5102 γεγυμνασμένα
953 5029 1095 5103 πρὸς
1144 5030 1426 5100 διάκρισιν
1474 5029 1646 5086 καλοῦ
1703 5045 1760 5082 τε
1803 5026 1900 5082 καὶΙ

303 5124 501 5180 κακοῦ.
535 5124 643 5178 Καὶ
669 5123 846 5194 τούτῳ
881 5121 960 5194 τῷ
1002 5121 1211 5193 τρόπῳ,
1257 5123 1426 5192 ἤγουν
1470 5120 1746 5192 ὲμπόνως,
1802 5120 1899 5174 καὶ

305 5217 446 5288 μετὰ
483 5217 722 5280 πίστεως
747 5215 950 5287 ζητῶν,
991 5216 1053 5268 οὐ
1081 5215 1156 5285 μὴ
1183 5215 1439 5292 ἁμάρτῃς
1461 5212 1554 5268 τοῦ
1593 5210 1899 5284 προκειμέ-

301 5325 394 5362 νου
425 5305 654 5361 σκοποῦ.
685 5323 704 5357 ι
747 5306 861 5369 Πᾶς
889 5303 1022 5376 γὰρ,
1067 5309 1234 5376 φησιν
1274 5307 1308 5376 ή
1339 5303 1459 5358 θεία
1489 5301 1703 5375 Γραφὴ,
1735 5303 1764 5356 ὁ
1814 5302 1900 5354 αί-

301 5398 437 5462 τῶν,
483 5398 790 5471 λαμϐάνει’
851 5398 949 5452 καλ⁸
1008 5397 1038 5451 ὁ
1083 5397 1290 5467 ζητῶν,
1350 5397 1627 5469 εὑρίσκει·
1673 5395 1770 5449 καὶ
1816 5393 1898 5465 τῷ

303 5490 559 5562 κρούοντι
593 5490 968 5561 ἀνοιγήσεται.
1030 5508 1050 5542 ι
1087 5489 1355 5554 Κάκεῖνός
1398 5506 1481 5542 σοι
1537 5489 1716 5543 πάντα
1771 5487 1896 5542 καθ’

305 5581 497 5653 είρμδν
534 5582 628 5641 καὶ
664 5583 821 5648 τάξιν
853 5581 1286 5654 μυσταγωγήσει
1319 5579 1390 5634 τά
1443 5581 1632 5635 δέοντα
1654 5580 1748 5634 καὶ
1773 5579 1897 5641 θεοτ-
1933 5617 1936 5620 .

305 5675 460 5748 φιλῆ.
501 5678 612 5732 Καὶ
642 5675 722 5728 ἔτι
751 5674 808 5728 δὲ
839 5673 1042 5746 μᾶλλον
1071 5676 1501 5745 χειραγωγήσει,
1556 5673 1694 5744 πρός
1729 5690 1792 5740 γε
1834 5672 1897 5726 τὸ

2004 3268 2238 3332 limbria.
2285 3284 2512 3325 aureum
2567 3285 2632 3326 ac
2682 3270 3020 3340 Spiritualem
3065 3269 3235 3326 beatae
3282 3271 3606 3336 obedieutlaa

2006 3362 2277 3418 tramitem
2319 3363 2643 3432 suscipiens,
2681 3363 2906 3430 festina,
2947 3373 3008 3422 ut
3046 3365 3458 3436 praeiudicatum
3487 3373 3595 3433 est,

2006 3455 2329 3526 magistrum
2385 3455 2632 3512 invenire
2671 3455 2892 3512 doctum
2937 3471 3000 3510 ac
3044 3454 3385 3525 perfectum;
3421 3456 3596 3526 perle-

2004 3555 2215 3603 cturum
2263 3555 2348 3602 est
2376 3557 2581 3613 autem,
2613 3547 3058 3620 juxtadivinum
3089 3550 3394 3620 apostolum
3456 3547 3596 3615 Pau-

2006 3640 2140 3707 lum,
2173 3640 2382 3697 solidus
2408 3641 2603 3708 cibus;
2623 3657 2810 3698 eorum
2831 3641 3058 3708 scilicet,
3085 3642 3175 3712 qui
3193 3658 3259 3697 ex
3289 3657 3390 3698 suo
3415 3641 3601 3699 habitu

2005 3721 2204 3793 sensus
2231 3732 2296 3787 ad
2324 3733 2766 3796 discernendum,
2800 3735 3006 3791 bonum
3051 3751 3116 3802 ac
3173 3735 3377 3790 malum
3432 3744 3592 3805 aptos

2011 3824 2234 3878 habent.
2270 3823 2450 3894 Atque
2489 3825 2594 3880 hoc
2625 3825 2816 3906 modo,
2872 3842 3066 3902 nempe
3115 3842 3240 3887 cum
3303 3827 3488 3884 labore
3540 3839 3598 3884 et

2008 3916 2112 3974 [ide
2164 3917 2469 3986 inquirens,
2539 3933 2645 3980 non
2703 3932 2735 3972 a
2795 3919 3077 3989 proposito
3130 3921 3238 3982 line
3295 3921 3603 3979 aberrabis.

2014 4023 2034 4059 ι
2068 4006 2258 4060 Omnis
2307 4005 2477 4074 enim,
2536 4005 2713 4078 inquit
2750 4008 2931 4065 divitia
2990 4007 3296 4082 Scriptura,
3321 4013 3415 4082 qui
3445 4013 3603 4082 petit,

2007 4097 2226 4168 accipit,
2277 4107 2331 4155 et
2359 4101 2451 4170 qui
2487 4101 2703 4170 quaerit,
2751 4101 2995 4172 invenit;
3041 4113 3091 4160 et
3119 4105 3356 4175 pulsanti
3389 4105 3604 4177 aperie-

2007 4197 2097 4246 tur
2125 4190 2192 4246 δ’.
2250 4208 2272 4246 ι
2312 4191 2378 4248 Ει
2411 4193 2498 4248 ille
2527 4193 2648 4260 tibi,
2671 4196 2981 4252 successive
3009 4211 3075 4257 ac
3097 4213 3192 4269 per
3211 4198 3481 4266 ordinem,
3534 4199 3606 4256 iis

2008 4299 2131 4354 qua:
2169 4283 2430 4341 faciendzr
2471 4295 2602 4343 sunt
2628 4294 2683 4342 et
2709 4285 2816 4344 Deo
2856 4287 3075 4356 placent
3099 4300 3151 4350 te
3189 4289 3450 4357 initiabit,
3489 4291 3604 4348 imo

2010 4375 2129 4446 ipse
2162 4388 2213 4433 te
2239 4392 2403 4433 manu
2439 4377 2624 4443 ducet,
2671 4379 2736 4434 ad
2762 4394 2826 4436 ea
2857 4396 2979 4450 qua:
3009 4379 3120 4438 Deo
3147 4392 3299 4455 grata
3332 4391 3388 4440 et
3439 4385 3606 4454 spiri-

2012 4467 2182 4527 tualia
2213 4477 2360 4534 sunt,
2389 4478 2445 4524 et
2489 4471 2765 4541 plerisque
2791 4471 3154 4530 intolerabilia
3190 4492 3214 4546 ;⁸
3238 4489 3363 4530 cum
3409 4475 3610 4532 viderit

2015 4571 2068 4615 te
2093 4577 2160 4615 ex
2192 4563 2378 4622 animo
2409 4564 2793 4622 mediocritate
2825 4575 2879 4621 et
2927 4566 3235 4627 humilitate
3267 4577 3319 4624 et
3344 4569 3611 4640 simplici-

2016 4659 2125 4706 tate
2148 4652 2340 4719 laetari,
2375 4655 2488 4711 sive
2517 4656 2575 4710 in
2605 4656 2765 4722 cibis,
2817 4658 2930 4714 sive
2956 4659 3012 4716 in
3064 4661 3428 4726 vestimentis,
3490 4661 3608 4717 sive

2014 4742 2069 4797 in
2095 4743 2286 4812 palliis.
2312 4754 2800 4819 ;_contentumque
2855 4764 2978 4806 esse
3006 4751 3074 4805 iis
3103 4767 3225 4818 quae
3265 4767 3363 4822 pro
3394 4759 3608 4823 tempo-

2019 4850 2076 4889 re
2103 4835 2252 4889 utilia
2284 4847 2414 4893 sunt
2437 4847 2494 4894 et
2522 4849 2833 4912 opportuna
2869 4851 2924 4898 et
2952 4843 3261 4899 necessaria
3293 4860 3309 4912 ;
3345 4859 3456 4900 non
3508 4860 3606 4900 au-

2016 4933 2126 4981 tem
2163 4928 2481 4998 supernuis,
2538 4931 2771 5002 ignavis,
2827 4949 3009 5004 neque
3044 4934 3113 4990 iis
3155 4950 3276 5004 qua:
3341 4939 3501 5007 nugis
3549 4946 3606 4992 et

2019 5019 2297 5088 splendori
2341 5021 2530 5076 ius:ine
2562 5021 2907 5096 indulgentes
2957 5026 3138 5097 magni
3169 5026 3379 5082 faciunt
3407 5038 3462 5084 et
3511 5030 3611 5082 ad-

2021 5125 2210 5168 versus
2264 5113 2483 5184 seipsos
2537 5117 2884 5188 salutemque
2934 5135 3091 5175 suam
3131 5123 3370 5190 gladium
3430 5121 3603 5177 strin-

2021 5213 2175 5272 gunt.
2219 5203 2355 5259 Nam
2409 5205 2526 5274 ipse
2579 5223 2809 5278 magnus
2837 5208 3132 5278 Apostolus
3167 5214 3287 5269 ait:
3329 5211 3606 5270 Habentes

2020 5294 2283 5352 alimenta
2305 5303 2359 5351 et
2378 5297 2578 5366 quibus
2596 5307 2865 5367 tegantur,
2890 5300 2974 5356 his
2995 5304 3238 5359 contenti
3265 5305 3472 5361 erimus
3495 5305 3559 5360 ”.
3579 5322 3598 5356 ο

2029 5388 2135 5445 Sed
2158 5390 2273 5459 ipse
2296 5393 2484 5462 cupias
2504 5406 2569 5448 ac
2591 5409 2638 5447 Vt
2657 5392 2724 5448 iis
2749 5407 2779 5447 a
2808 5393 2967 5450 nobis
2987 5395 3192 5466 scripto
3218 5397 3428 5454 discere
3451 5415 3606 5470 quae-

2029 5497 2156 5536 nam
2182 5490 2237 5538 et
2275 5484 2546 5555 principio
2579 5493 2633 5540 et
2666 5484 2820 5540 initio
2856 5494 2912 5542 et
2961 5487 3055 5541 lini
3079 5487 3245 5558 hujus
3277 5489 3400 5546 vita:
3447 5492 3608 5548 Chri-

2028 5574 2223 5626 stiana!
2269 5575 2626 5645 competant?
2679 5576 3042 5642 Quantumvis
3084 5577 3355 5635 laudanda
3400 5581 3473 5636 sit
3513 5590 3606 5637 tua

2023 5664 2277 5733 quzestio,
2307 5682 2438 5722 sane
2469 5667 2794 5724 laboriosum
2821 5675 2905 5724 est
2938 5683 3002 5724 ex
3057 5667 3354 5738 improviso
3386 5668 3482 5723 tibi
3517 5684 3606 5726 re-

461 5856 507 5890 "
535 5855 699 5914 Joan.
729 5875 806 5927 vt,
841 5857 934 5915 '58.
1012 5856 1058 5890 δ’
1093 5858 1112 5914 l
1148 5859 1273 5916 Cor.
1311 5873 1397 5926 ιιι,
1443 5861 1528 5918 ιδ.
1627 5860 1670 5897 ⁸³
1699 5861 1842 5919 Psal.
1892 5881 1906 5919 ι

2055 5863 2142 5919 ιε.
2243 5858 2286 5891 ι·
2351 5861 2543 5916 Μιιιιι.
2588 5879 2683 5932 vn,
2718 5860 2772 5917 8.
2876 5858 3151 5918 "l’l‘im.
3190 5874 3264 5930 vi,
3297 5859 3352 5919 8.
