  <div class='ocr_page' id='page_1' title='image "/cluster/home/n/w/nwhite01/storage/ocr_20150623/147:no.3/coo.31924054870526/342.png"; bbox 0 0 4076 6438; ppageno 0'>
   <div class='ocr_carea' id='block_1_1' title="bbox 382 391 487 448">
    <p class='ocr_par' dir='ltr' id='par_1_1' title="bbox 382 391 487 448">
     <span class='ocr_line' id='line_1_1' title="bbox 382 391 487 448; baseline -0.01 0"><span class='ocrx_word' id='word_1_1' title='bbox 382 391 487 448; x_wconf 69' lang='grc'><strong>66⁸⁸</strong></span> 
     </span>
    </p>
   </div>
   <div class='ocr_carea' id='block_1_2' title="bbox 1657 388 2480 459">
    <p class='ocr_par' dir='ltr' id='par_1_2' title="bbox 1657 388 2480 459">
     <span class='ocr_line' id='line_1_2' title="bbox 1657 388 2480 459; baseline 0.012 -11"><span class='ocrx_word' id='word_1_2' title='bbox 1657 388 2059 453; x_wconf 68' lang='lat' dir='ltr'><strong>OPUSCULA</strong></span> <span class='ocrx_word' id='word_1_3' title='bbox 2097 392 2480 459; x_wconf 78' lang='lat' dir='ltr'><strong>ASCETICA.</strong></span> 
     </span>
    </p>
   </div>
   <div class='ocr_carea' id='block_1_3' title="bbox 3551 399 3660 462">
    <p class='ocr_par' dir='ltr' id='par_1_3' title="bbox 3551 399 3660 462">
     <span class='ocr_line' id='line_1_3' title="bbox 3551 399 3660 462; baseline 0 -1"><span class='ocrx_word' id='word_1_4' title='bbox 3551 399 3660 462; x_wconf 83' lang='lat'><strong>670</strong></span> 
     </span>
    </p>
   </div>
   <div class='ocr_carea' id='block_1_4' title="bbox 370 493 2002 588">
    <p class='ocr_par' dir='ltr' id='par_1_4' title="bbox 370 493 2002 571">
     <span class='ocr_line' id='line_1_4' title="bbox 370 493 2002 571; baseline -0.008 -14"><span class='ocrx_word' id='word_1_5' title='bbox 370 501 532 568; x_wconf 79' lang='grc' dir='ltr'>Θεοῦ,</span> <span class='ocrx_word' id='word_1_6' title='bbox 559 499 655 554; x_wconf 72' lang='grc' dir='ltr'><strong>καὶ</strong></span> <span class='ocrx_word' id='word_1_7' title='bbox 681 496 781 570; x_wconf 79' lang='grc' dir='ltr'><strong>τὴν</strong></span> <span class='ocrx_word' id='word_1_8' title='bbox 806 496 1161 568; x_wconf 76' lang='grc' dir='ltr'>δικαιοσύνην</span> <span class='ocrx_word' id='word_1_9' title='bbox 1185 494 1374 560; x_wconf 73' lang='grc' dir='ltr'>αὑτοῦ,</span> <span class='ocrx_word' id='word_1_10' title='bbox 1405 495 1501 548; x_wconf 69' lang='grc' dir='ltr'>καὶ</span> <span class='ocrx_word' id='word_1_11' title='bbox 1553 493 1731 548; x_wconf 80' lang='grc' dir='ltr'>ταῦτα</span> <span class='ocrx_word' id='word_1_12' title='bbox 1781 493 1959 547; x_wconf 84' lang='grc' dir='ltr'>πάντα</span> <span class='ocrx_word' id='word_1_13' title='bbox 1996 560 2002 571; x_wconf 23' lang='grc' dir='ltr'><em>Α</em></span> 
     </span>
    </p>
   </div>
   <div class='ocr_carea' id='block_1_5' title="bbox 2100 493 3658 588">
    <p class='ocr_par' dir='ltr' id='par_1_5' title="bbox 2100 511 3658 588">
     <span class='ocr_line' id='line_1_5' title="bbox 2100 511 3658 588; baseline 0 -19"><span class='ocrx_word' id='word_1_14' title='bbox 2100 511 2219 582; x_wconf 76' lang='lat' dir='ltr'><strong>ius,</strong></span> <span class='ocrx_word' id='word_1_15' title='bbox 2277 523 2332 570; x_wconf 90' lang='lat' dir='ltr'><strong>et</strong></span> <span class='ocrx_word' id='word_1_16' title='bbox 2389 516 2508 572; x_wconf 65' lang='lat' dir='ltr'><strong>haec</strong></span> <span class='ocrx_word' id='word_1_17' title='bbox 2559 517 2747 572; x_wconf 81' lang='lat' dir='ltr'><strong>omnia</strong></span> <span class='ocrx_word' id='word_1_18' title='bbox 2808 516 3138 587; x_wconf 71' lang='lat' dir='ltr'><strong>adjiciantur</strong></span> <span class='ocrx_word' id='word_1_19' title='bbox 3167 515 3348 572; x_wconf 80' lang='lat' dir='ltr'><strong>vobis.</strong></span> <span class='ocrx_word' id='word_1_20' title='bbox 3381 512 3568 588; x_wconf 80' lang='lat' dir='ltr'><strong>Neque</strong></span> <span class='ocrx_word' id='word_1_21' title='bbox 3601 515 3658 570; x_wconf 92' lang='lat' dir='ltr'><strong>in</strong></span> 
     </span>
    </p>
   </div>
   <div class='ocr_carea' id='block_1_6' title="bbox 379 581 1959 660">
    <p class='ocr_par' dir='ltr' id='par_1_6' title="bbox 379 581 1959 660">
     <span class='ocr_line' id='line_1_6' title="bbox 379 581 1959 660; baseline -0.004 -17"><span class='ocrx_word' id='word_1_22' title='bbox 379 587 820 660; x_wconf 75' lang='grc' dir='ltr'><strong>προστεθήσεται</strong></span> <span class='ocrx_word' id='word_1_23' title='bbox 850 586 982 657; x_wconf 82' lang='grc' dir='ltr'>ὑμῖν</span> <span class='ocrx_word' id='word_1_24' title='bbox 1005 602 1018 616; x_wconf 89' lang='grc'><strong>·</strong></span> <span class='ocrx_word' id='word_1_25' title='bbox 1075 586 1152 657; x_wconf 82' lang='grc' dir='ltr'>μὴ</span> <span class='ocrx_word' id='word_1_26' title='bbox 1180 581 1275 639; x_wconf 84' lang='grc' dir='ltr'>οὖν</span> <span class='ocrx_word' id='word_1_27' title='bbox 1309 584 1688 656; x_wconf 75' lang='grc' dir='ltr'><strong>μεριμνήσητε</strong></span> <span class='ocrx_word' id='word_1_28' title='bbox 1720 585 1800 648; x_wconf 84' lang='grc' dir='ltr'><strong>είς</strong></span> <span class='ocrx_word' id='word_1_29' title='bbox 1857 585 1959 654; x_wconf 79' lang='grc' dir='ltr'>τὴν</span> 
     </span>
    </p>
   </div>
   <div class='ocr_carea' id='block_1_7' title="bbox 375 677 1962 753">
    <p class='ocr_par' dir='ltr' id='par_1_7' title="bbox 375 677 1962 753">
     <span class='ocr_line' id='line_1_7' title="bbox 375 677 1962 753; baseline -0.003 -17"><span class='ocrx_word' id='word_1_30' title='bbox 375 681 604 753; x_wconf 72' lang='grc' dir='ltr'>αὔριονο</span> <span class='ocrx_word' id='word_1_31' title='bbox 647 683 682 752; x_wconf 84' lang='grc' dir='ltr'><strong>ἡ</strong></span> <span class='ocrx_word' id='word_1_32' title='bbox 711 684 822 753; x_wconf 81' lang='grc' dir='ltr'>γὰρ</span> <span class='ocrx_word' id='word_1_33' title='bbox 868 679 1060 751; x_wconf 79' lang='grc' dir='ltr'>αὔριον</span> <span class='ocrx_word' id='word_1_34' title='bbox 1098 681 1430 750; x_wconf 80' lang='grc' dir='ltr'><strong>μεριμνήσει</strong></span> <span class='ocrx_word' id='word_1_35' title='bbox 1483 678 1552 731; x_wconf 77' lang='grc' dir='ltr'><strong>τά</strong></span> <span class='ocrx_word' id='word_1_36' title='bbox 1589 677 1824 748; x_wconf 80' lang='grc' dir='ltr'>ἑαυτῆς·</span> <span class='ocrx_word' id='word_1_37' title='bbox 1857 677 1962 751; x_wconf 78' lang='grc' dir='ltr'>ἀρ-</span> 
     </span>
    </p>
   </div>
   <div class='ocr_carea' id='block_1_8' title="bbox 377 771 1966 846">
    <p class='ocr_par' dir='ltr' id='par_1_8' title="bbox 377 771 1966 846">
     <span class='ocr_line' id='line_1_8' title="bbox 377 771 1966 846; baseline -0.002 -17"><span class='ocrx_word' id='word_1_38' title='bbox 377 775 533 829; x_wconf 81' lang='grc' dir='ltr'>κετὸν</span> <span class='ocrx_word' id='word_1_39' title='bbox 582 776 650 846; x_wconf 77' lang='grc' dir='ltr'>τῇ</span> <span class='ocrx_word' id='word_1_40' title='bbox 713 773 900 845; x_wconf 81' lang='grc' dir='ltr'>ἡμέρᾳ</span> <span class='ocrx_word' id='word_1_41' title='bbox 931 775 976 844; x_wconf 88' lang='grc' dir='ltr'><strong>ἡ</strong></span> <span class='ocrx_word' id='word_1_42' title='bbox 1026 772 1199 826; x_wconf 82' lang='grc' dir='ltr'>κακία</span> <span class='ocrx_word' id='word_1_43' title='bbox 1234 772 1426 842; x_wconf 80' lang='grc' dir='ltr'>αὐτῆς.</span> <span class='ocrx_word' id='word_1_44' title='bbox 1470 788 1489 824; x_wconf 79' lang='grc' dir='ltr'><strong>ι</strong></span> <span class='ocrx_word' id='word_1_45' title='bbox 1545 771 1710 840; x_wconf 82' lang='grc' dir='ltr'>Λέγει</span> <span class='ocrx_word' id='word_1_46' title='bbox 1737 771 1793 826; x_wconf 79' lang='grc' dir='ltr'>δὲ</span> <span class='ocrx_word' id='word_1_47' title='bbox 1817 772 1912 826; x_wconf 73' lang='grc' dir='ltr'><strong>καὶ</strong></span> <span class='ocrx_word' id='word_1_48' title='bbox 1936 773 1966 826; x_wconf 92' lang='lat'><strong>6</strong></span> 
     </span>
    </p>
   </div>
   <div class='ocr_carea' id='block_1_9' title="bbox 378 863 1964 937">
    <p class='ocr_par' dir='ltr' id='par_1_9' title="bbox 378 863 1964 937">
     <span class='ocr_line' id='line_1_9' title="bbox 378 863 1964 937; baseline 0.008 -18"><span class='ocrx_word' id='word_1_49' title='bbox 378 867 535 936; x_wconf 80' lang='grc' dir='ltr'>ἀγιος</span> <span class='ocrx_word' id='word_1_50' title='bbox 599 866 817 920; x_wconf 84' lang='grc' dir='ltr'>Ὶσαάκ·</span> <span class='ocrx_word' id='word_1_51' title='bbox 875 865 1062 935; x_wconf 73' lang='grc' dir='ltr'>Χωρὶς</span> <span class='ocrx_word' id='word_1_52' title='bbox 1093 865 1454 935; x_wconf 78' lang='grc' dir='ltr'><strong>ἀμεριμνίας,</strong></span> <span class='ocrx_word' id='word_1_53' title='bbox 1495 863 1610 933; x_wconf 80' lang='grc' dir='ltr'><strong>φῶς</strong></span> <span class='ocrx_word' id='word_1_54' title='bbox 1634 865 1692 916; x_wconf 62' lang='grc' dir='ltr'><strong>ἓν</strong></span> <span class='ocrx_word' id='word_1_55' title='bbox 1715 865 1782 935; x_wconf 66' lang='grc' dir='ltr'><strong>τῇ</strong></span> <span class='ocrx_word' id='word_1_56' title='bbox 1815 863 1964 937; x_wconf 78' lang='grc' dir='ltr'>ψυχῇ</span> 
     </span>
    </p>
   </div>
   <div class='ocr_carea' id='block_1_10' title="bbox 379 956 1966 1030">
    <p class='ocr_par' dir='ltr' id='par_1_10' title="bbox 379 956 1966 1030">
     <span class='ocr_line' id='line_1_10' title="bbox 379 956 1966 1030; baseline -0.001 -18"><span class='ocrx_word' id='word_1_57' title='bbox 379 975 473 1012; x_wconf 86' lang='grc' dir='ltr'><strong>σου</strong></span> <span class='ocrx_word' id='word_1_58' title='bbox 507 957 582 1029; x_wconf 76' lang='grc' dir='ltr'>μὴ</span> <span class='ocrx_word' id='word_1_59' title='bbox 611 957 856 1030; x_wconf 77' lang='grc' dir='ltr'>ζητήσῃς</span> <span class='ocrx_word' id='word_1_60' title='bbox 875 973 890 988; x_wconf 91' lang='grc'><strong>·</strong></span> <span class='ocrx_word' id='word_1_61' title='bbox 929 959 1066 1027; x_wconf 86' lang='grc' dir='ltr'>μήτε</span> <span class='ocrx_word' id='word_1_62' title='bbox 1091 956 1332 1028; x_wconf 81' lang='grc' dir='ltr'><strong>γαλήνην</strong></span> <span class='ocrx_word' id='word_1_63' title='bbox 1356 956 1450 1009; x_wconf 80' lang='grc' dir='ltr'>καὶ</span> <span class='ocrx_word' id='word_1_64' title='bbox 1471 956 1727 1027; x_wconf 91' lang='grc' dir='ltr'>ἡσυχίαν,</span> <span class='ocrx_word' id='word_1_65' title='bbox 1788 959 1849 1011; x_wconf 87' lang='grc' dir='ltr'><strong>έν</strong></span> <span class='ocrx_word' id='word_1_66' title='bbox 1897 960 1966 1030; x_wconf 79' lang='grc' dir='ltr'>τῇ</span> 
     </span>
    </p>
   </div>
   <div class='ocr_carea' id='block_1_11' title="bbox 382 1047 1966 1124">
    <p class='ocr_par' dir='ltr' id='par_1_11' title="bbox 382 1047 1966 1124">
     <span class='ocr_line' id='line_1_11' title="bbox 382 1047 1966 1124; baseline -0.001 -19"><span class='ocrx_word' id='word_1_67' title='bbox 382 1052 682 1124; x_wconf 74' lang='grc' dir='ltr'><strong>χαυνότητι</strong></span> <span class='ocrx_word' id='word_1_68' title='bbox 713 1050 824 1103; x_wconf 83' lang='grc' dir='ltr'>τῶν</span> <span class='ocrx_word' id='word_1_69' title='bbox 853 1048 1162 1120; x_wconf 80' lang='grc' dir='ltr'>αἰσθήσεών</span> <span class='ocrx_word' id='word_1_70' title='bbox 1190 1066 1306 1102; x_wconf 89' lang='grc' dir='ltr'>σου.</span> <span class='ocrx_word' id='word_1_71' title='bbox 1335 1048 1448 1102; x_wconf 77' lang='grc' dir='ltr'><strong>Καὶ</strong></span> <span class='ocrx_word' id='word_1_72' title='bbox 1468 1050 1495 1102; x_wconf 91' lang='lat'><strong>6</strong></span> <span class='ocrx_word' id='word_1_73' title='bbox 1527 1048 1625 1116; x_wconf 82' lang='grc' dir='ltr'>τῆς</span> <span class='ocrx_word' id='word_1_74' title='bbox 1658 1047 1966 1121; x_wconf 80' lang='grc' dir='ltr'><strong>Κλίμακος·</strong></span> 
     </span>
    </p>
   </div>
   <div class='ocr_carea' id='block_1_12' title="bbox 382 1141 1972 1216">
    <p class='ocr_par' dir='ltr' id='par_1_12' title="bbox 382 1141 1972 1216">
     <span class='ocr_line' id='line_1_12' title="bbox 382 1141 1972 1216; baseline -0.003 -15"><span class='ocrx_word' id='word_1_75' title='bbox 382 1145 500 1201; x_wconf 80' lang='grc' dir='ltr'>Μία</span> <span class='ocrx_word' id='word_1_76' title='bbox 530 1143 654 1216; x_wconf 66' lang='grc' dir='ltr'>θρὶξ</span> <span class='ocrx_word' id='word_1_77' title='bbox 716 1143 988 1215; x_wconf 82' lang='grc' dir='ltr'>ταράσσει</span> <span class='ocrx_word' id='word_1_78' title='bbox 1035 1142 1319 1212; x_wconf 84' lang='grc' dir='ltr'>ὀφθαλμόν</span> <span class='ocrx_word' id='word_1_79' title='bbox 1353 1159 1367 1173; x_wconf 90' lang='grc'><strong>·</strong></span> <span class='ocrx_word' id='word_1_80' title='bbox 1408 1141 1505 1196; x_wconf 82' lang='grc' dir='ltr'>καὶ</span> <span class='ocrx_word' id='word_1_81' title='bbox 1566 1141 1744 1214; x_wconf 89' lang='grc' dir='ltr'>μικρά</span> <span class='ocrx_word' id='word_1_82' title='bbox 1805 1159 1972 1215; x_wconf 83' lang='grc' dir='ltr'>φρον-</span> 
     </span>
    </p>
   </div>
   <div class='ocr_carea' id='block_1_13' title="bbox 383 1234 1974 1306">
    <p class='ocr_par' dir='ltr' id='par_1_13' title="bbox 383 1234 1974 1306">
     <span class='ocr_line' id='line_1_13' title="bbox 383 1234 1974 1306; baseline -0.001 -16"><span class='ocrx_word' id='word_1_83' title='bbox 383 1237 471 1300; x_wconf 80' lang='grc' dir='ltr'><strong>τὶς</strong></span> <span class='ocrx_word' id='word_1_84' title='bbox 532 1234 788 1305; x_wconf 77' lang='grc' dir='ltr'><strong>ἀφανίζει</strong></span> <span class='ocrx_word' id='word_1_85' title='bbox 829 1235 1085 1305; x_wconf 74' lang='grc' dir='ltr'>ἡσυχίαν.</span> <span class='ocrx_word' id='word_1_86' title='bbox 1153 1235 1386 1306; x_wconf 86' lang='grc' dir='ltr'>Ἡσυχία</span> <span class='ocrx_word' id='word_1_87' title='bbox 1436 1234 1546 1306; x_wconf 87' lang='grc' dir='ltr'><strong>γάρ</strong></span> <span class='ocrx_word' id='word_1_88' title='bbox 1595 1237 1744 1288; x_wconf 69' lang='grc' dir='ltr'>ἐστιν</span> <span class='ocrx_word' id='word_1_89' title='bbox 1772 1234 1974 1289; x_wconf 65' lang='grc' dir='ltr'>ἀπόθες</span> 
     </span>
    </p>
   </div>
   <div class='ocr_carea' id='block_1_14' title="bbox 386 1327 1978 1402">
    <p class='ocr_par' dir='ltr' id='par_1_14' title="bbox 386 1327 1978 1402">
     <span class='ocr_line' id='line_1_14' title="bbox 386 1327 1978 1402; baseline -0.002 -18"><span class='ocrx_word' id='word_1_90' title='bbox 386 1348 470 1394; x_wconf 84' lang='grc' dir='ltr'><strong>σις</strong></span> <span class='ocrx_word' id='word_1_91' title='bbox 489 1331 799 1402; x_wconf 78' lang='grc' dir='ltr'><strong>νοημάτων,</strong></span> <span class='ocrx_word' id='word_1_92' title='bbox 833 1331 928 1382; x_wconf 72' lang='grc' dir='ltr'><strong>καὶ</strong></span> <span class='ocrx_word' id='word_1_93' title='bbox 953 1330 1182 1399; x_wconf 78' lang='grc' dir='ltr'>ἄρνησις</span> <span class='ocrx_word' id='word_1_94' title='bbox 1207 1329 1446 1396; x_wconf 82' lang='grc' dir='ltr'>εὐλόγων</span> <span class='ocrx_word' id='word_1_95' title='bbox 1467 1327 1787 1399; x_wconf 83' lang='grc' dir='ltr'>φροντίδων.</span> <span class='ocrx_word' id='word_1_96' title='bbox 1807 1327 1865 1382; x_wconf 86' lang='lat'><strong>&#39;0</strong></span> <span class='ocrx_word' id='word_1_97' title='bbox 1891 1328 1978 1382; x_wconf 81' lang='lat' dir='ltr'><strong>6v-</strong></span> 
     </span>
    </p>
   </div>
   <div class='ocr_carea' id='block_1_15' title="bbox 383 1419 1978 1494">
    <p class='ocr_par' dir='ltr' id='par_1_15' title="bbox 383 1419 1978 1494">
     <span class='ocr_line' id='line_1_15' title="bbox 383 1419 1978 1494; baseline -0.004 -16"><span class='ocrx_word' id='word_1_98' title='bbox 383 1441 491 1488; x_wconf 90' lang='grc' dir='ltr'><strong>τως</strong></span> <span class='ocrx_word' id='word_1_99' title='bbox 543 1423 777 1494; x_wconf 76' lang='grc' dir='ltr'>ἡσυχίαν</span> <span class='ocrx_word' id='word_1_100' title='bbox 837 1423 1182 1494; x_wconf 61' lang='grc' dir='ltr'>κατειληφὼς</span> <span class='ocrx_word' id='word_1_101' title='bbox 1242 1423 1364 1476; x_wconf 79' lang='grc' dir='ltr'>οὐδὲ</span> <span class='ocrx_word' id='word_1_102' title='bbox 1401 1423 1499 1492; x_wconf 79' lang='grc' dir='ltr'><strong>τῆς</strong></span> <span class='ocrx_word' id='word_1_103' title='bbox 1551 1419 1748 1474; x_wconf 77' lang='grc' dir='ltr'>ἑαυτοῦ</span> <span class='ocrx_word' id='word_1_104' title='bbox 1773 1421 1978 1493; x_wconf 79' lang='grc' dir='ltr'>σαρκὸς</span> 
     </span>
    </p>
   </div>
   <div class='ocr_carea' id='block_1_16' title="bbox 387 1512 1978 1588">
    <p class='ocr_par' dir='ltr' id='par_1_16' title="bbox 387 1512 1978 1588">
     <span class='ocr_line' id='line_1_16' title="bbox 387 1512 1978 1588; baseline -0.001 -18"><span class='ocrx_word' id='word_1_105' title='bbox 387 1517 686 1588; x_wconf 72' lang='grc' dir='ltr'>φροντίσει.</span> <span class='ocrx_word' id='word_1_106' title='bbox 731 1515 998 1586; x_wconf 71' lang='grc' dir='ltr'>Ἀψευδὴς</span> <span class='ocrx_word' id='word_1_107' title='bbox 1055 1516 1165 1586; x_wconf 86' lang='grc' dir='ltr'><strong>γάρ</strong></span> <span class='ocrx_word' id='word_1_108' title='bbox 1228 1516 1377 1568; x_wconf 75' lang='grc' dir='ltr'>ἐστιν</span> <span class='ocrx_word' id='word_1_109' title='bbox 1405 1516 1434 1567; x_wconf 98' lang='lat'><strong>6</strong></span> <span class='ocrx_word' id='word_1_110' title='bbox 1481 1512 1978 1583; x_wconf 74' lang='grc' dir='ltr'><strong>ἐπαγγειλάμενος.</strong></span> 
     </span>
    </p>
   </div>
   <div class='ocr_carea' id='block_1_17' title="bbox 745 1627 1623 1702">
    <p class='ocr_par' dir='ltr' id='par_1_17' title="bbox 745 1627 1623 1702">
     <span class='ocr_line' id='line_1_17' title="bbox 745 1627 1623 1702; baseline -0.001 -15"><span class='ocrx_word' id='word_1_111' title='bbox 745 1635 868 1688; x_wconf 85' lang='grc' dir='ltr'>Ὀτι</span> <span class='ocrx_word' id='word_1_112' title='bbox 893 1633 990 1688; x_wconf 82' lang='grc' dir='ltr'>δεῖ</span> <span class='ocrx_word' id='word_1_113' title='bbox 1001 1631 1322 1702; x_wconf 78' lang='grc' dir='ltr'>σιωπηλὸν</span> <span class='ocrx_word' id='word_1_114' title='bbox 1339 1627 1498 1686; x_wconf 80' lang='grc' dir='ltr'>εἶναί</span> <span class='ocrx_word' id='word_1_115' title='bbox 1527 1647 1623 1686; x_wconf 85' lang='grc' dir='ltr'><strong>σε.</strong></span> 
     </span>
    </p>
   </div>
   <div class='ocr_carea' id='block_1_18' title="bbox 463 1739 1983 1816">
    <p class='ocr_par' dir='ltr' id='par_1_18' title="bbox 463 1739 1983 1816">
     <span class='ocr_line' id='line_1_18' title="bbox 463 1739 1983 1816; baseline -0.005 -16"><span class='ocrx_word' id='word_1_116' title='bbox 463 1744 538 1810; x_wconf 81' lang='grc' dir='ltr'>ς’.</span> <span class='ocrx_word' id='word_1_117' title='bbox 575 1747 698 1799; x_wconf 85' lang='grc' dir='ltr'>Ἔτι</span> <span class='ocrx_word' id='word_1_118' title='bbox 742 1745 870 1816; x_wconf 70' lang='grc' dir='ltr'>περὶ</span> <span class='ocrx_word' id='word_1_119' title='bbox 895 1743 990 1798; x_wconf 81' lang='grc' dir='ltr'>τοῦ</span> <span class='ocrx_word' id='word_1_120' title='bbox 1022 1744 1206 1807; x_wconf 75' lang='grc' dir='ltr'>ἕκτου,</span> <span class='ocrx_word' id='word_1_121' title='bbox 1255 1741 1460 1813; x_wconf 79' lang='grc' dir='ltr'>δηλαδὴ</span> <span class='ocrx_word' id='word_1_122' title='bbox 1517 1739 1614 1795; x_wconf 78' lang='grc' dir='ltr'><strong>τοῦ</strong></span> <span class='ocrx_word' id='word_1_123' title='bbox 1662 1741 1896 1812; x_wconf 78' lang='grc' dir='ltr'>σιωπᾷν,</span> <span class='ocrx_word' id='word_1_124' title='bbox 1953 1740 1983 1794; x_wconf 92' lang='lat'><strong>6</strong></span> 
     </span>
    </p>
   </div>
   <div class='ocr_carea' id='block_1_19' title="bbox 391 1829 1983 1912">
    <p class='ocr_par' dir='ltr' id='par_1_19' title="bbox 391 1829 1983 1912">
     <span class='ocr_line' id='line_1_19' title="bbox 391 1829 1983 1912; baseline -0.005 -18"><span class='ocrx_word' id='word_1_125' title='bbox 391 1839 582 1912; x_wconf 78' lang='grc' dir='ltr'>εὶρμδς</span> <span class='ocrx_word' id='word_1_126' title='bbox 613 1841 790 1893; x_wconf 83' lang='grc' dir='ltr'>εἰπεῖν</span> <span class='ocrx_word' id='word_1_127' title='bbox 837 1839 986 1908; x_wconf 81' lang='grc' dir='ltr'>ἡμᾶς</span> <span class='ocrx_word' id='word_1_128' title='bbox 1017 1836 1266 1902; x_wconf 77' lang='grc' dir='ltr'>ὲκὸιάζει</span> <span class='ocrx_word' id='word_1_129' title='bbox 1291 1834 1388 1888; x_wconf 83' lang='grc' dir='ltr'>τοῦ</span> <span class='ocrx_word' id='word_1_130' title='bbox 1434 1833 1619 1903; x_wconf 90' lang='grc' dir='ltr'>λόγου.</span> <span class='ocrx_word' id='word_1_131' title='bbox 1675 1833 1838 1903; x_wconf 81' lang='grc' dir='ltr'><strong>Λέγει</strong></span> <span class='ocrx_word' id='word_1_132' title='bbox 1888 1829 1983 1887; x_wconf 75' lang='grc' dir='ltr'>οὖν</span> 
     </span>
    </p>
   </div>
   <div class='ocr_carea' id='block_1_20' title="bbox 397 1894 2058 1999">
    <p class='ocr_par' dir='ltr' id='par_1_20' title="bbox 397 1894 2058 1999">
     <span class='ocr_line' id='line_1_20' title="bbox 397 1894 2058 1999; baseline -0.005 -14"><span class='ocrx_word' id='word_1_133' title='bbox 397 1933 489 1986; x_wconf 75' lang='grc' dir='ltr'><strong>καὶ</strong></span> <span class='ocrx_word' id='word_1_134' title='bbox 553 1931 683 1999; x_wconf 74' lang='grc' dir='ltr'>περὶ</span> <span class='ocrx_word' id='word_1_135' title='bbox 733 1928 928 1982; x_wconf 83' lang='grc' dir='ltr'>τούτου</span> <span class='ocrx_word' id='word_1_136' title='bbox 978 1929 1007 1982; x_wconf 92' lang='lat'><strong>6</strong></span> <span class='ocrx_word' id='word_1_137' title='bbox 1062 1928 1210 1989; x_wconf 85' lang='grc' dir='ltr'>ὅσιος</span> <span class='ocrx_word' id='word_1_138' title='bbox 1250 1925 1479 1980; x_wconf 72' lang='grc' dir='ltr'>Ίσαιὶκο</span> <span class='ocrx_word' id='word_1_139' title='bbox 1527 1924 1586 1979; x_wconf 85' lang='grc' dir='ltr'>Ὀ</span> <span class='ocrx_word' id='word_1_140' title='bbox 1645 1925 1875 1979; x_wconf 77' lang='grc' dir='ltr'><strong>κωλύων</strong></span> <span class='ocrx_word' id='word_1_141' title='bbox 1922 1894 2058 1978; x_wconf 72' lang='grc' dir='ltr'><strong>τδΒ</strong></span> 
     </span>
    </p>
   </div>
   <div class='ocr_carea' id='block_1_21' title="bbox 397 2016 1986 2093">
    <p class='ocr_par' dir='ltr' id='par_1_21' title="bbox 397 2016 1986 2093">
     <span class='ocr_line' id='line_1_21' title="bbox 397 2016 1986 2093; baseline -0.003 -18"><span class='ocrx_word' id='word_1_142' title='bbox 397 2023 575 2093; x_wconf 85' lang='grc' dir='ltr'>στόμα</span> <span class='ocrx_word' id='word_1_143' title='bbox 613 2021 784 2075; x_wconf 76' lang='grc' dir='ltr'>αὐτοῦ</span> <span class='ocrx_word' id='word_1_144' title='bbox 818 2023 882 2073; x_wconf 85' lang='grc' dir='ltr'>ὲκ</span> <span class='ocrx_word' id='word_1_145' title='bbox 912 2019 1011 2090; x_wconf 78' lang='grc' dir='ltr'><strong>τῆς</strong></span> <span class='ocrx_word' id='word_1_146' title='bbox 1038 2017 1397 2084; x_wconf 78' lang='grc' dir='ltr'>καταλαλιᾶς,</span> <span class='ocrx_word' id='word_1_147' title='bbox 1435 2016 1812 2088; x_wconf 80' lang='grc' dir='ltr'>φυλάττειτὴν</span> <span class='ocrx_word' id='word_1_148' title='bbox 1846 2033 1986 2089; x_wconf 88' lang='grc' dir='ltr'>καρ-</span> 
     </span>
    </p>
   </div>
   <div class='ocr_carea' id='block_1_22' title="bbox 396 2108 1989 2180">
    <p class='ocr_par' dir='ltr' id='par_1_22' title="bbox 396 2108 1989 2180">
     <span class='ocr_line' id='line_1_22' title="bbox 396 2108 1989 2180; baseline -0.002 -15"><span class='ocrx_word' id='word_1_149' title='bbox 396 2114 515 2166; x_wconf 86' lang='grc' dir='ltr'>δίαν</span> <span class='ocrx_word' id='word_1_150' title='bbox 541 2112 707 2165; x_wconf 78' lang='grc' dir='ltr'>αὑτοῦ</span> <span class='ocrx_word' id='word_1_151' title='bbox 743 2113 808 2165; x_wconf 82' lang='grc' dir='ltr'>ὲκ</span> <span class='ocrx_word' id='word_1_152' title='bbox 831 2110 942 2164; x_wconf 82' lang='grc' dir='ltr'><strong>τῶν</strong></span> <span class='ocrx_word' id='word_1_153' title='bbox 969 2110 1162 2164; x_wconf 83' lang='grc' dir='ltr'>παθῶν</span> <span class='ocrx_word' id='word_1_154' title='bbox 1187 2126 1201 2140; x_wconf 88' lang='grc'><strong>·</strong></span> <span class='ocrx_word' id='word_1_155' title='bbox 1236 2109 1331 2164; x_wconf 79' lang='grc' dir='ltr'>καὶ</span> <span class='ocrx_word' id='word_1_156' title='bbox 1362 2112 1390 2163; x_wconf 90' lang='lat'><strong>6</strong></span> <span class='ocrx_word' id='word_1_157' title='bbox 1418 2109 1700 2180; x_wconf 86' lang='grc' dir='ltr'>καθαίρων</span> <span class='ocrx_word' id='word_1_158' title='bbox 1729 2108 1828 2178; x_wconf 85' lang='grc' dir='ltr'>τὴν</span> <span class='ocrx_word' id='word_1_159' title='bbox 1852 2117 1989 2177; x_wconf 77' lang='grc' dir='ltr'>καρ-</span> 
     </span>
    </p>
   </div>
   <div class='ocr_carea' id='block_1_23' title="bbox 397 2200 1990 2274">
    <p class='ocr_par' dir='ltr' id='par_1_23' title="bbox 397 2200 1990 2274">
     <span class='ocr_line' id='line_1_23' title="bbox 397 2200 1990 2274; baseline -0.004 -14"><span class='ocrx_word' id='word_1_160' title='bbox 397 2206 512 2260; x_wconf 82' lang='grc' dir='ltr'>δίαν</span> <span class='ocrx_word' id='word_1_161' title='bbox 542 2204 708 2260; x_wconf 81' lang='grc' dir='ltr'>αὐτοῦ</span> <span class='ocrx_word' id='word_1_162' title='bbox 733 2207 798 2258; x_wconf 84' lang='grc' dir='ltr'>ὲκ</span> <span class='ocrx_word' id='word_1_163' title='bbox 829 2205 939 2258; x_wconf 83' lang='grc' dir='ltr'><strong>τῶν</strong></span> <span class='ocrx_word' id='word_1_164' title='bbox 976 2203 1197 2269; x_wconf 84' lang='grc' dir='ltr'>παθῶν,</span> <span class='ocrx_word' id='word_1_165' title='bbox 1223 2205 1280 2258; x_wconf 79' lang='grc' dir='ltr'>ἐν</span> <span class='ocrx_word' id='word_1_166' title='bbox 1310 2204 1460 2274; x_wconf 78' lang='grc' dir='ltr'>πάσῃ</span> <span class='ocrx_word' id='word_1_167' title='bbox 1495 2201 1617 2273; x_wconf 67' lang='grc' dir='ltr'><strong>ὥρᾳ</strong></span> <span class='ocrx_word' id='word_1_168' title='bbox 1669 2201 1866 2270; x_wconf 88' lang='grc' dir='ltr'>θεωρεί</span> <span class='ocrx_word' id='word_1_169' title='bbox 1899 2200 1990 2253; x_wconf 74' lang='grc' dir='ltr'>τὸν</span> 
     </span>
    </p>
   </div>
   <div class='ocr_carea' id='block_1_24' title="bbox 402 2293 1992 2367">
    <p class='ocr_par' dir='ltr' id='par_1_24' title="bbox 402 2293 1992 2367">
     <span class='ocr_line' id='line_1_24' title="bbox 402 2293 1992 2367; baseline -0.002 -18"><span class='ocrx_word' id='word_1_170' title='bbox 402 2295 640 2367; x_wconf 75' lang='grc' dir='ltr'>Κύριονο</span> <span class='ocrx_word' id='word_1_171' title='bbox 670 2296 764 2349; x_wconf 64' lang='grc' dir='ltr'><strong>καλ⁸</strong></span> <span class='ocrx_word' id='word_1_172' title='bbox 797 2297 885 2349; x_wconf 82' lang='grc' dir='ltr'>ὅτε</span> <span class='ocrx_word' id='word_1_173' title='bbox 927 2296 1105 2349; x_wconf 86' lang='grc' dir='ltr'>πάντα</span> <span class='ocrx_word' id='word_1_174' title='bbox 1139 2295 1210 2348; x_wconf 83' lang='grc' dir='ltr'><strong>τά</strong></span> <span class='ocrx_word' id='word_1_175' title='bbox 1246 2295 1382 2366; x_wconf 77' lang='grc' dir='ltr'>ἔργα</span> <span class='ocrx_word' id='word_1_176' title='bbox 1418 2295 1521 2365; x_wconf 81' lang='grc' dir='ltr'>τῆς</span> <span class='ocrx_word' id='word_1_177' title='bbox 1579 2293 1859 2357; x_wconf 73' lang='grc' dir='ltr'>πολιτείας</span> <span class='ocrx_word' id='word_1_178' title='bbox 1910 2293 1992 2357; x_wconf 81' lang='grc' dir='ltr'>εἰς</span> 
     </span>
    </p>
   </div>
   <div class='ocr_carea' id='block_1_25' title="bbox 401 2386 1994 2461">
    <p class='ocr_par' dir='ltr' id='par_1_25' title="bbox 401 2386 1994 2461">
     <span class='ocr_line' id='line_1_25' title="bbox 401 2386 1994 2461; baseline -0.003 -19"><span class='ocrx_word' id='word_1_179' title='bbox 401 2389 458 2442; x_wconf 82' lang='grc' dir='ltr'>ἓν</span> <span class='ocrx_word' id='word_1_180' title='bbox 492 2390 655 2461; x_wconf 80' lang='grc' dir='ltr'><strong>μέρος</strong></span> <span class='ocrx_word' id='word_1_181' title='bbox 689 2389 902 2461; x_wconf 79' lang='grc' dir='ltr'>θήσεις,</span> <span class='ocrx_word' id='word_1_182' title='bbox 933 2389 1030 2442; x_wconf 76' lang='grc' dir='ltr'>καὶ</span> <span class='ocrx_word' id='word_1_183' title='bbox 1046 2388 1147 2458; x_wconf 83' lang='grc' dir='ltr'>τὴν</span> <span class='ocrx_word' id='word_1_184' title='bbox 1169 2388 1384 2458; x_wconf 81' lang='grc' dir='ltr'>σιωπὴν</span> <span class='ocrx_word' id='word_1_185' title='bbox 1408 2389 1466 2441; x_wconf 80' lang='grc' dir='ltr'><strong>έν</strong></span> <span class='ocrx_word' id='word_1_186' title='bbox 1509 2386 1675 2456; x_wconf 73' lang='grc' dir='ltr'>ἄλλῳ,</span> <span class='ocrx_word' id='word_1_187' title='bbox 1737 2387 1994 2455; x_wconf 78' lang='grc' dir='ltr'>εὑρήσεις</span> 
     </span>
    </p>
   </div>
   <div class='ocr_carea' id='block_1_26' title="bbox 402 2477 1994 2552">
    <p class='ocr_par' dir='ltr' id='par_1_26' title="bbox 402 2477 1994 2552">
     <span class='ocr_line' id='line_1_26' title="bbox 402 2477 1994 2552; baseline -0.003 -18"><span class='ocrx_word' id='word_1_188' title='bbox 402 2479 570 2552; x_wconf 79' lang='grc' dir='ltr'>αὐτὴν</span> <span class='ocrx_word' id='word_1_189' title='bbox 631 2481 1081 2552; x_wconf 78' lang='grc' dir='ltr'>ὑπερϐάλλουσαν</span> <span class='ocrx_word' id='word_1_190' title='bbox 1139 2481 1198 2532; x_wconf 84' lang='grc' dir='ltr'>ὲν</span> <span class='ocrx_word' id='word_1_191' title='bbox 1258 2478 1510 2550; x_wconf 82' lang='grc' dir='ltr'>σταθμῷ.</span> <span class='ocrx_word' id='word_1_192' title='bbox 1584 2477 1694 2532; x_wconf 80' lang='grc' dir='ltr'>Καί</span> <span class='ocrx_word' id='word_1_193' title='bbox 1733 2495 1749 2510; x_wconf 78' lang='grc' dir='ltr'><strong>ο</strong></span> <span class='ocrx_word' id='word_1_194' title='bbox 1821 2477 1994 2549; x_wconf 82' lang='grc' dir='ltr'>Ὑπὲρ</span> 
     </span>
    </p>
   </div>
   <div class='ocr_carea' id='block_1_27' title="bbox 406 2572 1994 2649">
    <p class='ocr_par' dir='ltr' id='par_1_27' title="bbox 406 2572 1994 2649">
     <span class='ocr_line' id='line_1_27' title="bbox 406 2572 1994 2649; baseline -0.003 -19"><span class='ocrx_word' id='word_1_195' title='bbox 406 2578 582 2631; x_wconf 88' lang='grc' dir='ltr'>πάντα</span> <span class='ocrx_word' id='word_1_196' title='bbox 625 2578 726 2647; x_wconf 79' lang='grc' dir='ltr'>τὴν</span> <span class='ocrx_word' id='word_1_197' title='bbox 757 2577 968 2649; x_wconf 81' lang='grc' dir='ltr'>σιωπὴν</span> <span class='ocrx_word' id='word_1_198' title='bbox 1018 2577 1330 2647; x_wconf 81' lang='grc' dir='ltr'>ἀγάπησον,</span> <span class='ocrx_word' id='word_1_199' title='bbox 1400 2576 1482 2629; x_wconf 77' lang='grc' dir='ltr'>ὅτι</span> <span class='ocrx_word' id='word_1_200' title='bbox 1523 2572 1879 2646; x_wconf 76' lang='grc' dir='ltr'>προσεγγίζει</span> <span class='ocrx_word' id='word_1_201' title='bbox 1935 2591 1994 2626; x_wconf 86' lang='grc' dir='ltr'><strong>σε</strong></span> 
     </span>
    </p>
   </div>
   <div class='ocr_carea' id='block_1_28' title="bbox 407 2667 1994 2743">
    <p class='ocr_par' dir='ltr' id='par_1_28' title="bbox 407 2667 1994 2743">
     <span class='ocr_line' id='line_1_28' title="bbox 407 2667 1994 2743; baseline -0.001 -21"><span class='ocrx_word' id='word_1_202' title='bbox 407 2669 520 2741; x_wconf 78' lang='grc' dir='ltr'>[ἷσ.</span> <span class='ocrx_word' id='word_1_203' title='bbox 545 2670 651 2743; x_wconf 88' lang='grc' dir='ltr'>σοι]</span> <span class='ocrx_word' id='word_1_204' title='bbox 683 2671 818 2742; x_wconf 73' lang='grc' dir='ltr'>πρὸς</span> <span class='ocrx_word' id='word_1_205' title='bbox 851 2671 1085 2742; x_wconf 77' lang='grc' dir='ltr'>καρπόν.</span> <span class='ocrx_word' id='word_1_206' title='bbox 1121 2669 1186 2723; x_wconf 83' lang='grc' dir='ltr'><strong><em>Ἦ</em></strong></span> <span class='ocrx_word' id='word_1_207' title='bbox 1211 2668 1435 2739; x_wconf 59' lang='grc' dir='ltr'><strong>⁹γλῶσσα</strong></span> <span class='ocrx_word' id='word_1_208' title='bbox 1457 2669 1566 2738; x_wconf 76' lang='grc' dir='ltr'>γὰρ</span> <span class='ocrx_word' id='word_1_209' title='bbox 1597 2667 1820 2721; x_wconf 79' lang='grc' dir='ltr'>ἀσθενεῖ</span> <span class='ocrx_word' id='word_1_210' title='bbox 1854 2667 1994 2738; x_wconf 62' lang='grc' dir='ltr'>πρὸς</span> 
     </span>
    </p>
   </div>
   <div class='ocr_carea' id='block_1_29' title="bbox 405 2759 1996 2833">
    <p class='ocr_par' dir='ltr' id='par_1_29' title="bbox 405 2759 1996 2833">
     <span class='ocr_line' id='line_1_29' title="bbox 405 2759 1996 2833; baseline -0.001 -19"><span class='ocrx_word' id='word_1_211' title='bbox 405 2761 504 2831; x_wconf 75' lang='grc' dir='ltr'><strong>τὴν</strong></span> <span class='ocrx_word' id='word_1_212' title='bbox 530 2761 788 2832; x_wconf 72' lang='grc' dir='ltr'>ἐξήγησιν</span> <span class='ocrx_word' id='word_1_213' title='bbox 821 2762 1008 2817; x_wconf 72' lang='grc' dir='ltr'>αὑτοῦ.</span> <span class='ocrx_word' id='word_1_214' title='bbox 1057 2762 1284 2833; x_wconf 82' lang='grc' dir='ltr'>Πρῶτον</span> <span class='ocrx_word' id='word_1_215' title='bbox 1341 2761 1440 2831; x_wconf 76' lang='grc' dir='ltr'>μὲν</span> <span class='ocrx_word' id='word_1_216' title='bbox 1496 2759 1816 2832; x_wconf 84' lang='grc' dir='ltr'>βιασὼμεθα</span> <span class='ocrx_word' id='word_1_217' title='bbox 1865 2762 1996 2813; x_wconf 81' lang='grc' dir='ltr'>ἑαυ-</span> 
     </span>
    </p>
   </div>
   <div class='ocr_carea' id='block_1_30' title="bbox 407 2854 1999 2926">
    <p class='ocr_par' dir='ltr' id='par_1_30' title="bbox 407 2854 1999 2926">
     <span class='ocr_line' id='line_1_30' title="bbox 407 2854 1999 2926; baseline 0 -18"><span class='ocrx_word' id='word_1_218' title='bbox 407 2855 537 2917; x_wconf 71' lang='grc' dir='ltr'>τοὺς</span> <span class='ocrx_word' id='word_1_219' title='bbox 603 2855 856 2926; x_wconf 83' lang='grc' dir='ltr'>σιωπᾷν,</span> <span class='ocrx_word' id='word_1_220' title='bbox 913 2855 1011 2908; x_wconf 84' lang='grc' dir='ltr'><strong>καὶ</strong></span> <span class='ocrx_word' id='word_1_221' title='bbox 1068 2854 1190 2908; x_wconf 84' lang='grc' dir='ltr'>τότε</span> <span class='ocrx_word' id='word_1_222' title='bbox 1237 2857 1301 2907; x_wconf 78' lang='grc' dir='ltr'>ὲκ</span> <span class='ocrx_word' id='word_1_223' title='bbox 1341 2855 1440 2925; x_wconf 83' lang='grc' dir='ltr'>τῆς</span> <span class='ocrx_word' id='word_1_224' title='bbox 1486 2855 1698 2923; x_wconf 75' lang='grc' dir='ltr'>σιωπῆς</span> <span class='ocrx_word' id='word_1_225' title='bbox 1742 2855 1999 2918; x_wconf 75' lang='grc' dir='ltr'>γεννᾶται</span> 
     </span>
    </p>
   </div>
   <div class='ocr_carea' id='block_1_31' title="bbox 411 2945 1997 3018">
    <p class='ocr_par' dir='ltr' id='par_1_31' title="bbox 411 2945 1997 3018">
     <span class='ocr_line' id='line_1_31' title="bbox 411 2945 1997 3018; baseline -0.002 -18"><span class='ocrx_word' id='word_1_226' title='bbox 411 2949 544 3018; x_wconf 71' lang='grc' dir='ltr'>ἡμῖν</span> <span class='ocrx_word' id='word_1_227' title='bbox 565 2964 641 3009; x_wconf 90' lang='grc' dir='ltr'><strong>τι,</strong></span> <span class='ocrx_word' id='word_1_228' title='bbox 677 2946 907 3018; x_wconf 81' lang='grc' dir='ltr'>ὁδηγοῦν</span> <span class='ocrx_word' id='word_1_229' title='bbox 931 2948 1078 3017; x_wconf 81' lang='grc' dir='ltr'>ἡμᾶς</span> <span class='ocrx_word' id='word_1_230' title='bbox 1121 2947 1202 3010; x_wconf 74' lang='grc' dir='ltr'><strong>εἰς</strong></span> <span class='ocrx_word' id='word_1_231' title='bbox 1243 2945 1415 3018; x_wconf 70' lang='grc' dir='ltr'>αὐτὴν</span> <span class='ocrx_word' id='word_1_232' title='bbox 1452 2945 1553 3017; x_wconf 78' lang='grc' dir='ltr'><strong>τὴν</strong></span> <span class='ocrx_word' id='word_1_233' title='bbox 1593 2947 1829 3017; x_wconf 82' lang='grc' dir='ltr'>σιωπήν.</span> <span class='ocrx_word' id='word_1_234' title='bbox 1873 2945 1997 3017; x_wconf 82' lang='grc' dir='ltr'>Δῴη</span> 
     </span>
    </p>
   </div>
   <div class='ocr_carea' id='block_1_32' title="bbox 411 3037 2000 3110">
    <p class='ocr_par' dir='ltr' id='par_1_32' title="bbox 411 3037 2000 3110">
     <span class='ocr_line' id='line_1_32' title="bbox 411 3037 2000 3110; baseline -0.001 -18"><span class='ocrx_word' id='word_1_235' title='bbox 411 3056 494 3092; x_wconf 89' lang='grc' dir='ltr'><strong>σοι</strong></span> <span class='ocrx_word' id='word_1_236' title='bbox 513 3041 540 3092; x_wconf 86' lang='lat'><strong>6</strong></span> <span class='ocrx_word' id='word_1_237' title='bbox 571 3038 702 3103; x_wconf 79' lang='grc' dir='ltr'>Θεὸς</span> <span class='ocrx_word' id='word_1_238' title='bbox 729 3038 1064 3110; x_wconf 78' lang='grc' dir='ltr'>αἰσθηθῆναί</span> <span class='ocrx_word' id='word_1_239' title='bbox 1096 3055 1244 3101; x_wconf 79' lang='grc' dir='ltr'>τινος</span> <span class='ocrx_word' id='word_1_240' title='bbox 1273 3037 1622 3108; x_wconf 80' lang='grc' dir='ltr'><strong>γεννωμένου</strong></span> <span class='ocrx_word' id='word_1_241' title='bbox 1654 3039 1719 3091; x_wconf 80' lang='grc' dir='ltr'>ἐκ</span> <span class='ocrx_word' id='word_1_242' title='bbox 1748 3041 1846 3108; x_wconf 79' lang='grc' dir='ltr'>τῆς</span> <span class='ocrx_word' id='word_1_243' title='bbox 1868 3055 2000 3092; x_wconf 88' lang='grc' dir='ltr'>σιω-</span> 
     </span>
    </p>
   </div>
   <div class='ocr_carea' id='block_1_33' title="bbox 413 3129 2002 3204">
    <p class='ocr_par' dir='ltr' id='par_1_33' title="bbox 413 3129 2002 3204">
     <span class='ocr_line' id='line_1_33' title="bbox 413 3129 2002 3204; baseline -0.001 -20"><span class='ocrx_word' id='word_1_244' title='bbox 413 3133 541 3202; x_wconf 84' lang='grc' dir='ltr'>πῆς.</span> <span class='ocrx_word' id='word_1_245' title='bbox 585 3133 710 3187; x_wconf 77' lang='grc' dir='ltr'>Ἐάν</span> <span class='ocrx_word' id='word_1_246' title='bbox 737 3133 793 3186; x_wconf 80' lang='grc' dir='ltr'>δὲ</span> <span class='ocrx_word' id='word_1_247' title='bbox 824 3135 882 3186; x_wconf 82' lang='grc' dir='ltr'><strong>έν</strong></span> <span class='ocrx_word' id='word_1_248' title='bbox 924 3131 1097 3204; x_wconf 82' lang='grc' dir='ltr'>ταύτῃ</span> <span class='ocrx_word' id='word_1_249' title='bbox 1126 3134 1192 3203; x_wconf 83' lang='grc' dir='ltr'>τῇ</span> <span class='ocrx_word' id='word_1_250' title='bbox 1225 3131 1476 3202; x_wconf 81' lang='grc' dir='ltr'>πολιτείᾳ</span> <span class='ocrx_word' id='word_1_251' title='bbox 1510 3129 1674 3204; x_wconf 78' lang='grc' dir='ltr'>ἄρξῃ,</span> <span class='ocrx_word' id='word_1_252' title='bbox 1720 3131 1821 3185; x_wconf 73' lang='grc' dir='ltr'>οὐκ</span> <span class='ocrx_word' id='word_1_253' title='bbox 1878 3130 2002 3184; x_wconf 84' lang='grc' dir='ltr'>ὲπί-</span> 
     </span>
    </p>
   </div>
   <div class='ocr_carea' id='block_1_34' title="bbox 2075 607 3662 676">
    <p class='ocr_par' dir='ltr' id='par_1_34' title="bbox 2075 607 3662 676">
     <span class='ocr_line' id='line_1_34' title="bbox 2075 607 3662 676; baseline 0 -14"><span class='ocrx_word' id='word_1_254' title='bbox 2075 607 2380 663; x_wconf 88' lang='lat' dir='ltr'><strong>crastiuum</strong></span> <span class='ocrx_word' id='word_1_255' title='bbox 2413 609 2638 663; x_wconf 76' lang='lat' dir='ltr'><strong>solliciti</strong></span> <span class='ocrx_word' id='word_1_256' title='bbox 2673 609 2796 664; x_wconf 78' lang='lat' dir='ltr'><strong>silis</strong></span> <span class='ocrx_word' id='word_1_257' title='bbox 2825 626 2841 676; x_wconf 91' lang='lat'><strong>;</strong></span> <span class='ocrx_word' id='word_1_258' title='bbox 2872 609 3152 664; x_wconf 89' lang='lat' dir='ltr'><strong>crastinus</strong></span> <span class='ocrx_word' id='word_1_259' title='bbox 3185 609 3334 664; x_wconf 90' lang='lat' dir='ltr'><strong>enim</strong></span> <span class='ocrx_word' id='word_1_260' title='bbox 3366 607 3486 664; x_wconf 81' lang='lat' dir='ltr'><strong>dies</strong></span> <span class='ocrx_word' id='word_1_261' title='bbox 3507 608 3662 663; x_wconf 84' lang='lat' dir='ltr'><strong>solli-</strong></span> 
     </span>
    </p>
   </div>
   <div class='ocr_carea' id='block_1_35' title="bbox 2076 700 3655 771">
    <p class='ocr_par' dir='ltr' id='par_1_35' title="bbox 2076 700 3655 771">
     <span class='ocr_line' id='line_1_35' title="bbox 2076 700 3655 771; baseline -0.003 -15"><span class='ocrx_word' id='word_1_262' title='bbox 2076 701 2221 756; x_wconf 85' lang='lat' dir='ltr'><strong>citus</strong></span> <span class='ocrx_word' id='word_1_263' title='bbox 2272 701 2378 756; x_wconf 90' lang='lat' dir='ltr'><strong>erit</strong></span> <span class='ocrx_word' id='word_1_264' title='bbox 2430 700 2534 755; x_wconf 86' lang='lat' dir='ltr'><strong>sibi</strong></span> <span class='ocrx_word' id='word_1_265' title='bbox 2591 700 2694 771; x_wconf 90' lang='lat' dir='ltr'><strong>ipsi</strong></span> <span class='ocrx_word' id='word_1_266' title='bbox 2726 718 2742 756; x_wconf 93' lang='lat'><strong>:</strong></span> <span class='ocrx_word' id='word_1_267' title='bbox 2774 701 2972 757; x_wconf 85' lang='lat' dir='ltr'><strong>sullicit</strong></span> <span class='ocrx_word' id='word_1_268' title='bbox 2998 702 3108 757; x_wconf 91' lang='lat' dir='ltr'><strong>diei</strong></span> <span class='ocrx_word' id='word_1_269' title='bbox 3150 701 3362 756; x_wconf 91' lang='lat' dir='ltr'><strong>malitia</strong></span> <span class='ocrx_word' id='word_1_270' title='bbox 3394 715 3493 756; x_wconf 89' lang='lat' dir='ltr'><strong>sua</strong></span> <span class='ocrx_word' id='word_1_271' title='bbox 3521 701 3588 754; x_wconf 80' lang='lat'><strong>&quot;.</strong></span> <span class='ocrx_word' id='word_1_272' title='bbox 3635 717 3655 751; x_wconf 76' lang='grc' dir='ltr'><strong>ι</strong></span> 
     </span>
    </p>
   </div>
   <div class='ocr_carea' id='block_1_36' title="bbox 2080 794 3660 863">
    <p class='ocr_par' dir='ltr' id='par_1_36' title="bbox 2080 794 3660 863">
     <span class='ocr_line' id='line_1_36' title="bbox 2080 794 3660 863; baseline 0.001 -15"><span class='ocrx_word' id='word_1_273' title='bbox 2080 795 2222 849; x_wconf 90' lang='lat' dir='ltr'><strong>Dicit</strong></span> <span class='ocrx_word' id='word_1_274' title='bbox 2269 803 2452 848; x_wconf 91' lang='lat' dir='ltr'><strong>autem</strong></span> <span class='ocrx_word' id='word_1_275' title='bbox 2503 802 2559 850; x_wconf 91' lang='lat' dir='ltr'><strong>et</strong></span> <span class='ocrx_word' id='word_1_276' title='bbox 2620 804 2848 850; x_wconf 89' lang='lat' dir='ltr'><strong>sanctus</strong></span> <span class='ocrx_word' id='word_1_277' title='bbox 2896 795 3080 852; x_wconf 85' lang='lat' dir='ltr'><strong>Isaac:</strong></span> <span class='ocrx_word' id='word_1_278' title='bbox 3137 814 3156 848; x_wconf 80' lang='grc' dir='ltr'><strong>ι</strong></span> <span class='ocrx_word' id='word_1_279' title='bbox 3188 795 3304 850; x_wconf 85' lang='lat' dir='ltr'><strong>Nisi</strong></span> <span class='ocrx_word' id='word_1_280' title='bbox 3342 795 3420 851; x_wconf 92' lang='lat' dir='ltr'><strong>sis</strong></span> <span class='ocrx_word' id='word_1_281' title='bbox 3451 794 3660 863; x_wconf 81' lang='lat' dir='ltr'><strong>absque</strong></span> 
     </span>
    </p>
   </div>
   <div class='ocr_carea' id='block_1_37' title="bbox 2078 885 3659 956">
    <p class='ocr_par' dir='ltr' id='par_1_37' title="bbox 2078 885 3659 956">
     <span class='ocr_line' id='line_1_37' title="bbox 2078 885 3659 956; baseline -0.002 -13"><span class='ocrx_word' id='word_1_282' title='bbox 2078 885 2468 953; x_wconf 79' lang='lat' dir='ltr'><strong>Sollicitudine,</strong></span> <span class='ocrx_word' id='word_1_283' title='bbox 2541 900 2612 940; x_wconf 90' lang='lat' dir='ltr'><strong>ne</strong></span> <span class='ocrx_word' id='word_1_284' title='bbox 2676 902 2893 956; x_wconf 81' lang='lat' dir='ltr'><strong>quaeras</strong></span> <span class='ocrx_word' id='word_1_285' title='bbox 2947 887 3004 942; x_wconf 91' lang='lat' dir='ltr'><strong>in</strong></span> <span class='ocrx_word' id='word_1_286' title='bbox 3064 887 3249 942; x_wconf 88' lang='lat' dir='ltr'><strong>anima</strong></span> <span class='ocrx_word' id='word_1_287' title='bbox 3304 895 3398 942; x_wconf 91' lang='lat' dir='ltr'><strong>tua</strong></span> <span class='ocrx_word' id='word_1_288' title='bbox 3450 885 3659 949; x_wconf 86' lang='lat' dir='ltr'><strong>lucem,</strong></span> 
     </span>
    </p>
   </div>
   <div class='ocr_carea' id='block_1_38' title="bbox 2080 979 3634 1051">
    <p class='ocr_par' dir='ltr' id='par_1_38' title="bbox 2080 979 3634 1051">
     <span class='ocr_line' id='line_1_38' title="bbox 2080 979 3634 1051; baseline -0.003 -17"><span class='ocrx_word' id='word_1_289' title='bbox 2080 996 2256 1050; x_wconf 88' lang='lat' dir='ltr'><strong>neque</strong></span> <span class='ocrx_word' id='word_1_290' title='bbox 2313 980 2789 1051; x_wconf 77' lang='lat' dir='ltr'><strong>tranquillitatem.</strong></span> <span class='ocrx_word' id='word_1_291' title='bbox 2844 996 3026 1049; x_wconf 89' lang='lat' dir='ltr'><strong>neque</strong></span> <span class='ocrx_word' id='word_1_292' title='bbox 3081 995 3273 1049; x_wconf 87' lang='lat' dir='ltr'><strong>pacem</strong></span> <span class='ocrx_word' id='word_1_293' title='bbox 3338 979 3393 1033; x_wconf 93' lang='lat' dir='ltr'><strong>in</strong></span> <span class='ocrx_word' id='word_1_294' title='bbox 3464 993 3634 1047; x_wconf 90' lang='lat' dir='ltr'><strong>super</strong></span> 
     </span>
    </p>
   </div>
   <div class='ocr_carea' id='block_1_39' title="bbox 2081 1071 3662 1142">
    <p class='ocr_par' dir='ltr' id='par_1_39' title="bbox 2081 1071 3662 1142">
     <span class='ocr_line' id='line_1_39' title="bbox 2081 1071 3662 1142; baseline -0.001 -15"><span class='ocrx_word' id='word_1_295' title='bbox 2081 1073 2170 1130; x_wconf 89' lang='lat' dir='ltr'><strong>bia</strong></span> <span class='ocrx_word' id='word_1_296' title='bbox 2230 1088 2490 1128; x_wconf 81' lang='lat' dir='ltr'><strong>sensuum</strong></span> <span class='ocrx_word' id='word_1_297' title='bbox 2546 1084 2788 1130; x_wconf 91' lang='lat' dir='ltr'><strong>tuorum.</strong></span> <span class='ocrx_word' id='word_1_298' title='bbox 2825 1092 2845 1125; x_wconf 76' lang='grc' dir='ltr'><strong>ι</strong></span> <span class='ocrx_word' id='word_1_299' title='bbox 2910 1074 2979 1129; x_wconf 83' lang='grc' dir='ltr'>Ει</span> <span class='ocrx_word' id='word_1_300' title='bbox 3034 1073 3294 1129; x_wconf 74' lang='lat' dir='ltr'><strong>Climax:</strong></span> <span class='ocrx_word' id='word_1_301' title='bbox 3354 1091 3372 1124; x_wconf 77' lang='grc' dir='ltr'><strong>ι</strong></span> <span class='ocrx_word' id='word_1_302' title='bbox 3417 1071 3662 1142; x_wconf 82' lang='lat' dir='ltr'><strong>Capillus</strong></span> 
     </span>
    </p>
   </div>
   <div class='ocr_carea' id='block_1_40' title="bbox 2080 1164 3661 1234">
    <p class='ocr_par' dir='ltr' id='par_1_40' title="bbox 2080 1164 3661 1234">
     <span class='ocr_line' id='line_1_40' title="bbox 2080 1164 3661 1234; baseline -0.004 -14"><span class='ocrx_word' id='word_1_303' title='bbox 2080 1181 2226 1220; x_wconf 89' lang='lat' dir='ltr'><strong>unus</strong></span> <span class='ocrx_word' id='word_1_304' title='bbox 2283 1165 2505 1220; x_wconf 81' lang='lat' dir='ltr'><strong>oculum</strong></span> <span class='ocrx_word' id='word_1_305' title='bbox 2565 1165 2751 1233; x_wconf 69' lang='lat' dir='ltr'><strong>laedit,</strong></span> <span class='ocrx_word' id='word_1_306' title='bbox 2801 1174 2858 1220; x_wconf 91' lang='lat' dir='ltr'><strong>et</strong></span> <span class='ocrx_word' id='word_1_307' title='bbox 2901 1181 3070 1234; x_wconf 84' lang='lat' dir='ltr'><strong>parva</strong></span> <span class='ocrx_word' id='word_1_308' title='bbox 3101 1164 3420 1220; x_wconf 86' lang='lat' dir='ltr'><strong>sollicitudo</strong></span> <span class='ocrx_word' id='word_1_309' title='bbox 3470 1177 3661 1232; x_wconf 85' lang='lat' dir='ltr'><strong>pacem</strong></span> 
     </span>
    </p>
   </div>
   <div class='ocr_carea' id='block_1_41' title="bbox 2080 1256 3666 1328">
    <p class='ocr_par' dir='ltr' id='par_1_41' title="bbox 2080 1256 3666 1328">
     <span class='ocr_line' id='line_1_41' title="bbox 2080 1256 3666 1328; baseline -0.003 -14"><span class='ocrx_word' id='word_1_310' title='bbox 2080 1258 2322 1327; x_wconf 73' lang='lat' dir='ltr'><strong>expellit.</strong></span> <span class='ocrx_word' id='word_1_311' title='bbox 2355 1257 2466 1313; x_wconf 77' lang='lat' dir='ltr'><strong>Pax</strong></span> <span class='ocrx_word' id='word_1_312' title='bbox 2511 1259 2660 1314; x_wconf 90' lang='lat' dir='ltr'><strong>enim</strong></span> <span class='ocrx_word' id='word_1_313' title='bbox 2693 1271 2778 1316; x_wconf 90' lang='lat' dir='ltr'><strong>est</strong></span> <span class='ocrx_word' id='word_1_314' title='bbox 2817 1260 3224 1328; x_wconf 82' lang='lat' dir='ltr'><strong>cegitatiunum</strong></span> <span class='ocrx_word' id='word_1_315' title='bbox 3273 1256 3575 1326; x_wconf 82' lang='lat' dir='ltr'><strong>depositio,</strong></span> <span class='ocrx_word' id='word_1_316' title='bbox 3608 1265 3666 1310; x_wconf 91' lang='lat' dir='ltr'><strong>et</strong></span> 
     </span>
    </p>
   </div>
   <div class='ocr_carea' id='block_1_42' title="bbox 2083 1354 3664 1426">
    <p class='ocr_par' dir='ltr' id='par_1_42' title="bbox 2083 1354 3664 1426">
     <span class='ocr_line' id='line_1_42' title="bbox 2083 1354 3664 1426; baseline 0.001 -19"><span class='ocrx_word' id='word_1_317' title='bbox 2083 1365 2361 1409; x_wconf 82' lang='lat' dir='ltr'><strong>recturum</strong></span> <span class='ocrx_word' id='word_1_318' title='bbox 2395 1355 2557 1411; x_wconf 79' lang='lat' dir='ltr'><strong>etiam</strong></span> <span class='ocrx_word' id='word_1_319' title='bbox 2590 1371 2849 1410; x_wconf 89' lang='lat' dir='ltr'><strong>curarum</strong></span> <span class='ocrx_word' id='word_1_320' title='bbox 2885 1357 3129 1426; x_wconf 86' lang='lat' dir='ltr'><strong>negatio.</strong></span> <span class='ocrx_word' id='word_1_321' title='bbox 3167 1354 3272 1422; x_wconf 88' lang='lat' dir='ltr'><strong>Qui</strong></span> <span class='ocrx_word' id='word_1_322' title='bbox 3309 1369 3439 1410; x_wconf 82' lang='lat' dir='ltr'><strong>vere</strong></span> <span class='ocrx_word' id='word_1_323' title='bbox 3475 1369 3664 1424; x_wconf 64' lang='lat' dir='ltr'><strong>pacem</strong></span> 
     </span>
    </p>
   </div>
   <div class='ocr_carea' id='block_1_43' title="bbox 2081 1445 3666 1517">
    <p class='ocr_par' dir='ltr' id='par_1_43' title="bbox 2081 1445 3666 1517">
     <span class='ocr_line' id='line_1_43' title="bbox 2081 1445 3666 1517; baseline 0.001 -18"><span class='ocrx_word' id='word_1_324' title='bbox 2081 1449 2359 1517; x_wconf 75' lang='lat' dir='ltr'><strong>concepit,</strong></span> <span class='ocrx_word' id='word_1_325' title='bbox 2409 1462 2510 1502; x_wconf 90' lang='lat' dir='ltr'><strong>nec</strong></span> <span class='ocrx_word' id='word_1_326' title='bbox 2549 1449 2616 1503; x_wconf 90' lang='lat' dir='ltr'><strong>de</strong></span> <span class='ocrx_word' id='word_1_327' title='bbox 2674 1464 2770 1505; x_wconf 87' lang='lat' dir='ltr'><strong>sua</strong></span> <span class='ocrx_word' id='word_1_328' title='bbox 2817 1464 2988 1504; x_wconf 89' lang='lat' dir='ltr'><strong>carne</strong></span> <span class='ocrx_word' id='word_1_329' title='bbox 3031 1447 3304 1505; x_wconf 87' lang='lat' dir='ltr'><strong>sollicitus</strong></span> <span class='ocrx_word' id='word_1_330' title='bbox 3334 1457 3438 1503; x_wconf 89' lang='lat' dir='ltr'><strong>est.</strong></span> <span class='ocrx_word' id='word_1_331' title='bbox 3479 1466 3498 1500; x_wconf 76' lang='grc' dir='ltr'><strong>ι</strong></span> <span class='ocrx_word' id='word_1_332' title='bbox 3547 1445 3666 1502; x_wconf 83' lang='lat' dir='ltr'><strong>Non</strong></span> 
     </span>
    </p>
   </div>
   <div class='ocr_carea' id='block_1_44' title="bbox 2083 1541 3053 1614">
    <p class='ocr_par' dir='ltr' id='par_1_44' title="bbox 2083 1541 3053 1614">
     <span class='ocr_line' id='line_1_44' title="bbox 2083 1541 3053 1614; baseline 0.002 -18"><span class='ocrx_word' id='word_1_333' title='bbox 2083 1541 2316 1597; x_wconf 62' lang='lat' dir='ltr'><strong>mendas</strong></span> <span class='ocrx_word' id='word_1_334' title='bbox 2344 1551 2428 1598; x_wconf 87' lang='lat' dir='ltr'><strong>est</strong></span> <span class='ocrx_word' id='word_1_335' title='bbox 2457 1541 2552 1612; x_wconf 91' lang='lat' dir='ltr'><strong>qui</strong></span> <span class='ocrx_word' id='word_1_336' title='bbox 2584 1542 2634 1598; x_wconf 86' lang='lat' dir='ltr'><strong>id</strong></span> <span class='ocrx_word' id='word_1_337' title='bbox 2671 1541 3053 1614; x_wconf 81' lang='lat' dir='ltr'><strong>proclamavit.</strong></span> 
     </span>
    </p>
   </div>
   <div class='ocr_carea' id='block_1_45' title="bbox 2295 1645 3460 1717">
    <p class='ocr_par' dir='ltr' id='par_1_45' title="bbox 2295 1645 3460 1717">
     <span class='ocr_line' id='line_1_45' title="bbox 2295 1645 3460 1717; baseline -0.002 -15"><span class='ocrx_word' id='word_1_338' title='bbox 2295 1648 2450 1714; x_wconf 83' lang='lat' dir='ltr'><strong>Quod</strong></span> <span class='ocrx_word' id='word_1_339' title='bbox 2481 1656 2682 1717; x_wconf 79' lang='lat' dir='ltr'><strong>oportet</strong></span> <span class='ocrx_word' id='word_1_340' title='bbox 2716 1660 2765 1704; x_wconf 80' lang='lat' dir='ltr'><strong>te</strong></span> <span class='ocrx_word' id='word_1_341' title='bbox 2787 1664 2903 1704; x_wconf 75' lang='lat' dir='ltr'><strong>esse</strong></span> <span class='ocrx_word' id='word_1_342' title='bbox 2930 1647 3136 1702; x_wconf 74' lang='lat' dir='ltr'><strong>silentii</strong></span> <span class='ocrx_word' id='word_1_343' title='bbox 3166 1645 3460 1701; x_wconf 75' lang='lat' dir='ltr'><strong>amantem.</strong></span> 
     </span>
    </p>
   </div>
   <div class='ocr_carea' id='block_1_46' title="bbox 2160 1742 3662 1813">
    <p class='ocr_par' dir='ltr' id='par_1_46' title="bbox 2160 1742 3662 1813">
     <span class='ocr_line' id='line_1_46' title="bbox 2160 1742 3662 1813; baseline -0.007 -14"><span class='ocrx_word' id='word_1_344' title='bbox 2160 1743 2236 1800; x_wconf 91' lang='lat' dir='ltr'><strong>De</strong></span> <span class='ocrx_word' id='word_1_345' title='bbox 2270 1753 2429 1800; x_wconf 77' lang='lat' dir='ltr'><strong>sexto</strong></span> <span class='ocrx_word' id='word_1_346' title='bbox 2483 1743 2665 1800; x_wconf 85' lang='lat' dir='ltr'><strong>adhuc</strong></span> <span class='ocrx_word' id='word_1_347' title='bbox 2726 1757 2924 1813; x_wconf 88' lang='lat' dir='ltr'><strong>nempe</strong></span> <span class='ocrx_word' id='word_1_348' title='bbox 2959 1743 3058 1798; x_wconf 77' lang='lat' dir='ltr'><strong>tibi</strong></span> <span class='ocrx_word' id='word_1_349' title='bbox 3092 1742 3368 1798; x_wconf 89' lang='lat' dir='ltr'><strong>silendum</strong></span> <span class='ocrx_word' id='word_1_350' title='bbox 3399 1753 3524 1794; x_wconf 80' lang='lat' dir='ltr'><strong>esse</strong></span> <span class='ocrx_word' id='word_1_351' title='bbox 3557 1751 3662 1792; x_wconf 69' lang='lat' dir='ltr'><strong>scr-</strong></span> 
     </span>
    </p>
   </div>
   <div class='ocr_carea' id='block_1_47' title="bbox 2089 1829 3676 1892">
    <p class='ocr_par' dir='ltr' id='par_1_47' title="bbox 2089 1829 3676 1892">
     <span class='ocr_line' id='line_1_47' title="bbox 2089 1829 3676 1892; baseline -0.006 -2"><span class='ocrx_word' id='word_1_352' title='bbox 2089 1837 2266 1892; x_wconf 88' lang='lat' dir='ltr'><strong>monis</strong></span> <span class='ocrx_word' id='word_1_353' title='bbox 2299 1845 2505 1892; x_wconf 81' lang='lat' dir='ltr'><strong>trames</strong></span> <span class='ocrx_word' id='word_1_354' title='bbox 2535 1852 2636 1892; x_wconf 87' lang='lat' dir='ltr'><strong>nos</strong></span> <span class='ocrx_word' id='word_1_355' title='bbox 2663 1837 2729 1891; x_wconf 85' lang='lat' dir='ltr'><strong>ad</strong></span> <span class='ocrx_word' id='word_1_356' title='bbox 2754 1835 3050 1890; x_wconf 73' lang='lat' dir='ltr'><strong>dicendum</strong></span> <span class='ocrx_word' id='word_1_357' title='bbox 3087 1833 3326 1888; x_wconf 85' lang='lat' dir='ltr'><strong>inducit.</strong></span> <span class='ocrx_word' id='word_1_358' title='bbox 3368 1831 3433 1886; x_wconf 88' lang='lat' dir='ltr'><strong>Et</strong></span> <span class='ocrx_word' id='word_1_359' title='bbox 3466 1830 3535 1886; x_wconf 88' lang='lat' dir='ltr'><strong>de</strong></span> <span class='ocrx_word' id='word_1_360' title='bbox 3568 1829 3676 1882; x_wconf 84' lang='lat' dir='ltr'><strong>hoc</strong></span> 
     </span>
    </p>
   </div>
   <div class='ocr_carea' id='block_1_48' title="bbox 2089 1919 3677 1999">
    <p class='ocr_par' dir='ltr' id='par_1_48' title="bbox 2089 1919 3677 1999">
     <span class='ocr_line' id='line_1_48' title="bbox 2089 1919 3677 1999; baseline -0.008 -15"><span class='ocrx_word' id='word_1_361' title='bbox 2089 1930 2165 1984; x_wconf 87' lang='lat' dir='ltr'><strong>ita</strong></span> <span class='ocrx_word' id='word_1_362' title='bbox 2220 1928 2466 1999; x_wconf 89' lang='lat' dir='ltr'><strong>loquitur</strong></span> <span class='ocrx_word' id='word_1_363' title='bbox 2527 1930 2650 1998; x_wconf 88' lang='lat' dir='ltr'><strong>pius</strong></span> <span class='ocrx_word' id='word_1_364' title='bbox 2710 1927 2866 1982; x_wconf 83' lang='lat' dir='ltr'><strong>Isaac</strong></span> <span class='ocrx_word' id='word_1_365' title='bbox 2905 1944 2920 1980; x_wconf 91' lang='lat'><strong>:</strong></span> <span class='ocrx_word' id='word_1_366' title='bbox 2987 1943 3006 1978; x_wconf 78' lang='grc' dir='ltr'><strong>ι</strong></span> <span class='ocrx_word' id='word_1_367' title='bbox 3048 1923 3151 1990; x_wconf 87' lang='lat' dir='ltr'><strong>Qui</strong></span> <span class='ocrx_word' id='word_1_368' title='bbox 3183 1938 3246 1977; x_wconf 92' lang='lat' dir='ltr'><strong>os</strong></span> <span class='ocrx_word' id='word_1_369' title='bbox 3278 1937 3438 1977; x_wconf 89' lang='lat' dir='ltr'><strong>suum</strong></span> <span class='ocrx_word' id='word_1_370' title='bbox 3480 1919 3549 1974; x_wconf 89' lang='lat' dir='ltr'><strong>ab</strong></span> <span class='ocrx_word' id='word_1_371' title='bbox 3579 1919 3677 1972; x_wconf 87' lang='lat' dir='ltr'><strong>ob-</strong></span> 
     </span>
    </p>
   </div>
   <div class='ocr_carea' id='block_1_49' title="bbox 2091 2011 3676 2088">
    <p class='ocr_par' dir='ltr' id='par_1_49' title="bbox 2091 2011 3676 2088">
     <span class='ocr_line' id='line_1_49' title="bbox 2091 2011 3676 2088; baseline -0.008 -12"><span class='ocrx_word' id='word_1_372' title='bbox 2091 2021 2419 2076; x_wconf 84' lang='lat' dir='ltr'><strong>trectatione</strong></span> <span class='ocrx_word' id='word_1_373' title='bbox 2451 2021 2670 2085; x_wconf 79' lang='lat' dir='ltr'><strong>avertit,</strong></span> <span class='ocrx_word' id='word_1_374' title='bbox 2702 2036 2795 2075; x_wconf 88' lang='lat' dir='ltr'><strong>cor</strong></span> <span class='ocrx_word' id='word_1_375' title='bbox 2823 2034 2984 2075; x_wconf 88' lang='lat' dir='ltr'><strong>suum</strong></span> <span class='ocrx_word' id='word_1_376' title='bbox 3022 2031 3248 2088; x_wconf 88' lang='lat' dir='ltr'><strong>quoque</strong></span> <span class='ocrx_word' id='word_1_377' title='bbox 3275 2011 3676 2082; x_wconf 79' lang='lat' dir='ltr'><strong>cupiditatibus</strong></span> 
     </span>
    </p>
   </div>
   <div class='ocr_carea' id='block_1_50' title="bbox 2091 2101 3678 2178">
    <p class='ocr_par' dir='ltr' id='par_1_50' title="bbox 2091 2101 3678 2178">
     <span class='ocr_line' id='line_1_50' title="bbox 2091 2101 3678 2178; baseline -0.009 -10"><span class='ocrx_word' id='word_1_378' title='bbox 2091 2127 2329 2168; x_wconf 84' lang='lat' dir='ltr'><strong>vacuum</strong></span> <span class='ocrx_word' id='word_1_379' title='bbox 2394 2119 2622 2178; x_wconf 78' lang='lat' dir='ltr'><strong>servat;</strong></span> <span class='ocrx_word' id='word_1_380' title='bbox 2679 2117 2735 2165; x_wconf 90' lang='lat' dir='ltr'><strong>et</strong></span> <span class='ocrx_word' id='word_1_381' title='bbox 2790 2109 2882 2178; x_wconf 90' lang='lat' dir='ltr'><strong>qui</strong></span> <span class='ocrx_word' id='word_1_382' title='bbox 2937 2123 3035 2163; x_wconf 80' lang='lat' dir='ltr'><strong>cor</strong></span> <span class='ocrx_word' id='word_1_383' title='bbox 3085 2121 3246 2162; x_wconf 89' lang='lat' dir='ltr'><strong>suum</strong></span> <span class='ocrx_word' id='word_1_384' title='bbox 3281 2101 3678 2174; x_wconf 80' lang='lat' dir='ltr'><strong>cupiditatibus</strong></span> 
     </span>
    </p>
   </div>
   <div class='ocr_carea' id='block_1_51' title="bbox 2092 2195 3677 2274">
    <p class='ocr_par' dir='ltr' id='par_1_51' title="bbox 2092 2195 3677 2274">
     <span class='ocr_line' id='line_1_51' title="bbox 2092 2195 3677 2274; baseline -0.006 -14"><span class='ocrx_word' id='word_1_385' title='bbox 2092 2214 2306 2274; x_wconf 82' lang='lat' dir='ltr'><strong>purgat,</strong></span> <span class='ocrx_word' id='word_1_386' title='bbox 2343 2205 2492 2258; x_wconf 85' lang='lat' dir='ltr'><strong>muni</strong></span> <span class='ocrx_word' id='word_1_387' title='bbox 2523 2205 2655 2258; x_wconf 73' lang='lat' dir='ltr'><strong>liora</strong></span> <span class='ocrx_word' id='word_1_388' title='bbox 2687 2202 2979 2256; x_wconf 82' lang='lat' dir='ltr'><strong>Dominum</strong></span> <span class='ocrx_word' id='word_1_389' title='bbox 3012 2199 3260 2256; x_wconf 87' lang='lat' dir='ltr'><strong>intuetur</strong></span> <span class='ocrx_word' id='word_1_390' title='bbox 3287 2216 3301 2264; x_wconf 88' lang='lat'><strong>;</strong></span> <span class='ocrx_word' id='word_1_391' title='bbox 3332 2207 3390 2253; x_wconf 84' lang='lat' dir='ltr'><strong>et</strong></span> <span class='ocrx_word' id='word_1_392' title='bbox 3416 2196 3464 2252; x_wconf 83' lang='lat' dir='ltr'><strong>si</strong></span> <span class='ocrx_word' id='word_1_393' title='bbox 3489 2195 3677 2250; x_wconf 83' lang='lat' dir='ltr'><strong>omnia</strong></span> 
     </span>
    </p>
   </div>
   <div class='ocr_carea' id='block_1_52' title="bbox 2093 2287 3678 2367">
    <p class='ocr_par' dir='ltr' id='par_1_52' title="bbox 2093 2287 3678 2367">
     <span class='ocr_line' id='line_1_52' title="bbox 2093 2287 3678 2367; baseline -0.008 -14"><span class='ocrx_word' id='word_1_394' title='bbox 2093 2299 2218 2354; x_wconf 67' lang='lat' dir='ltr'><strong>vita:</strong></span> <span class='ocrx_word' id='word_1_395' title='bbox 2249 2311 2412 2367; x_wconf 88' lang='lat' dir='ltr'><strong>opera</strong></span> <span class='ocrx_word' id='word_1_396' title='bbox 2450 2297 2502 2350; x_wconf 89' lang='lat' dir='ltr'><strong>in</strong></span> <span class='ocrx_word' id='word_1_397' title='bbox 2537 2311 2647 2351; x_wconf 89' lang='lat' dir='ltr'><strong>una</strong></span> <span class='ocrx_word' id='word_1_398' title='bbox 2678 2305 2836 2366; x_wconf 88' lang='lat' dir='ltr'><strong>parte</strong></span> <span class='ocrx_word' id='word_1_399' title='bbox 2870 2293 3097 2358; x_wconf 90' lang='lat' dir='ltr'><strong>statuis,</strong></span> <span class='ocrx_word' id='word_1_400' title='bbox 3133 2290 3415 2346; x_wconf 87' lang='lat' dir='ltr'><strong>silentium</strong></span> <span class='ocrx_word' id='word_1_401' title='bbox 3449 2301 3579 2343; x_wconf 88' lang='lat' dir='ltr'><strong>vero</strong></span> <span class='ocrx_word' id='word_1_402' title='bbox 3623 2287 3678 2340; x_wconf 88' lang='lat' dir='ltr'><strong>in</strong></span> 
     </span>
    </p>
   </div>
   <div class='ocr_carea' id='block_1_53' title="bbox 2094 2380 3682 2460">
    <p class='ocr_par' dir='ltr' id='par_1_53' title="bbox 2094 2380 3682 2460">
     <span class='ocr_line' id='line_1_53' title="bbox 2094 2380 3682 2460; baseline -0.008 -12"><span class='ocrx_word' id='word_1_403' title='bbox 2094 2394 2288 2458; x_wconf 89' lang='lat' dir='ltr'><strong>altera,</strong></span> <span class='ocrx_word' id='word_1_404' title='bbox 2330 2391 2570 2460; x_wconf 83' lang='lat' dir='ltr'><strong>reperies</strong></span> <span class='ocrx_word' id='word_1_405' title='bbox 2630 2389 2916 2445; x_wconf 88' lang='lat' dir='ltr'><strong>silentium</strong></span> <span class='ocrx_word' id='word_1_406' title='bbox 2960 2388 3014 2443; x_wconf 90' lang='lat' dir='ltr'><strong>in</strong></span> <span class='ocrx_word' id='word_1_407' title='bbox 3072 2387 3226 2441; x_wconf 75' lang='lat' dir='ltr'><strong>lance</strong></span> <span class='ocrx_word' id='word_1_408' title='bbox 3263 2384 3388 2454; x_wconf 88' lang='lat' dir='ltr'><strong>plus</strong></span> <span class='ocrx_word' id='word_1_409' title='bbox 3420 2380 3682 2452; x_wconf 89' lang='lat' dir='ltr'><strong>ponderis</strong></span> 
     </span>
    </p>
   </div>
   <div class='ocr_carea' id='block_1_54' title="bbox 2097 2469 3681 2554">
    <p class='ocr_par' dir='ltr' id='par_1_54' title="bbox 2097 2469 3681 2554">
     <span class='ocr_line' id='line_1_54' title="bbox 2097 2469 3681 2554; baseline -0.008 -15"><span class='ocrx_word' id='word_1_410' title='bbox 2097 2486 2318 2542; x_wconf 80' lang='lat' dir='ltr'><strong>habere.</strong></span> <span class='ocrx_word' id='word_1_411' title='bbox 2349 2504 2368 2538; x_wconf 76' lang='grc' dir='ltr'><strong>ι</strong></span> <span class='ocrx_word' id='word_1_412' title='bbox 2396 2483 2487 2550; x_wconf 88' lang='lat' dir='ltr'><strong>Et,</strong></span> <span class='ocrx_word' id='word_1_413' title='bbox 2524 2502 2543 2536; x_wconf 78' lang='grc' dir='ltr'><strong>ι</strong></span> <span class='ocrx_word' id='word_1_414' title='bbox 2575 2481 2754 2554; x_wconf 89' lang='lat' dir='ltr'><strong>Super</strong></span> <span class='ocrx_word' id='word_1_415' title='bbox 2791 2482 2972 2537; x_wconf 81' lang='lat' dir='ltr'><strong>omnia</strong></span> <span class='ocrx_word' id='word_1_416' title='bbox 3005 2469 3286 2536; x_wconf 74' lang='lat' dir='ltr'><strong>silentium</strong></span> <span class='ocrx_word' id='word_1_417' title='bbox 3317 2476 3505 2546; x_wconf 83' lang='lat' dir='ltr'><strong>dilige,</strong></span> <span class='ocrx_word' id='word_1_418' title='bbox 3550 2471 3681 2542; x_wconf 86' lang='lat' dir='ltr'><strong>quia</strong></span> 
     </span>
    </p>
   </div>
   <div class='ocr_carea' id='block_1_55' title="bbox 2095 2567 3685 2647">
    <p class='ocr_par' dir='ltr' id='par_1_55' title="bbox 2095 2567 3685 2647">
     <span class='ocr_line' id='line_1_55' title="bbox 2095 2567 3685 2647; baseline -0.009 -11"><span class='ocrx_word' id='word_1_419' title='bbox 2095 2590 2148 2636; x_wconf 90' lang='lat' dir='ltr'><strong>te</strong></span> <span class='ocrx_word' id='word_1_420' title='bbox 2204 2578 2406 2635; x_wconf 78' lang='lat' dir='ltr'><strong>fructui</strong></span> <span class='ocrx_word' id='word_1_421' title='bbox 2464 2577 2778 2647; x_wconf 85' lang='lat' dir='ltr'><strong>proximum</strong></span> <span class='ocrx_word' id='word_1_422' title='bbox 2839 2576 3026 2631; x_wconf 83' lang='lat' dir='ltr'><strong>faciet.</strong></span> <span class='ocrx_word' id='word_1_423' title='bbox 3077 2573 3291 2644; x_wconf 79' lang='lat' dir='ltr'><strong>Lingua</strong></span> <span class='ocrx_word' id='word_1_424' title='bbox 3350 2571 3497 2626; x_wconf 91' lang='lat' dir='ltr'><strong>enim</strong></span> <span class='ocrx_word' id='word_1_425' title='bbox 3556 2567 3685 2622; x_wconf 89' lang='lat' dir='ltr'><strong>buic</strong></span> 
     </span>
    </p>
   </div>
   <div class='ocr_carea' id='block_1_56' title="bbox 2093 2663 3683 2742">
    <p class='ocr_par' dir='ltr' id='par_1_56' title="bbox 2093 2663 3683 2742">
     <span class='ocr_line' id='line_1_56' title="bbox 2093 2663 3683 2742; baseline -0.009 -13"><span class='ocrx_word' id='word_1_426' title='bbox 2093 2673 2410 2729; x_wconf 82' lang='lat' dir='ltr'><strong>enarraudo</strong></span> <span class='ocrx_word' id='word_1_427' title='bbox 2444 2672 2625 2742; x_wconf 88' lang='lat' dir='ltr'><strong>impar</strong></span> <span class='ocrx_word' id='word_1_428' title='bbox 2668 2678 2775 2726; x_wconf 87' lang='lat' dir='ltr'><strong>est.</strong></span> <span class='ocrx_word' id='word_1_429' title='bbox 2807 2668 2994 2724; x_wconf 85' lang='lat' dir='ltr'><strong>Primo</strong></span> <span class='ocrx_word' id='word_1_430' title='bbox 3018 2683 3281 2736; x_wconf 74' lang='lat' dir='ltr'><strong>erigamus</strong></span> <span class='ocrx_word' id='word_1_431' title='bbox 3313 2663 3683 2731; x_wconf 81' lang='lat' dir='ltr'><strong>nosmetipsos</strong></span> 
     </span>
    </p>
   </div>
   <div class='ocr_carea' id='block_1_57' title="bbox 2097 2754 3684 2824">
    <p class='ocr_par' dir='ltr' id='par_1_57' title="bbox 2097 2754 3684 2824">
     <span class='ocr_line' id='line_1_57' title="bbox 2097 2754 3684 2824; baseline -0.01 0"><span class='ocrx_word' id='word_1_432' title='bbox 2097 2778 2317 2824; x_wconf 90' lang='lat' dir='ltr'><strong>tacere:</strong></span> <span class='ocrx_word' id='word_1_433' title='bbox 2359 2773 2414 2821; x_wconf 90' lang='lat' dir='ltr'><strong>et</strong></span> <span class='ocrx_word' id='word_1_434' title='bbox 2477 2781 2544 2821; x_wconf 81' lang='lat' dir='ltr'><strong>ex</strong></span> <span class='ocrx_word' id='word_1_435' title='bbox 2579 2774 2775 2820; x_wconf 85' lang='lat' dir='ltr'><strong>nostro</strong></span> <span class='ocrx_word' id='word_1_436' title='bbox 2829 2761 3052 2818; x_wconf 86' lang='lat' dir='ltr'><strong>silentio</strong></span> <span class='ocrx_word' id='word_1_437' title='bbox 3105 2771 3368 2815; x_wconf 86' lang='lat' dir='ltr'><strong>nascetur</strong></span> <span class='ocrx_word' id='word_1_438' title='bbox 3397 2757 3555 2810; x_wconf 90' lang='lat' dir='ltr'><strong>nobis</strong></span> <span class='ocrx_word' id='word_1_439' title='bbox 3584 2754 3684 2810; x_wconf 81' lang='lat' dir='ltr'><strong>ali-</strong></span> 
     </span>
    </p>
   </div>
   <div class='ocr_carea' id='block_1_58' title="bbox 2094 2845 3684 2932">
    <p class='ocr_par' dir='ltr' id='par_1_58' title="bbox 2094 2845 3684 2932">
     <span class='ocr_line' id='line_1_58' title="bbox 2094 2845 3684 2932; baseline -0.009 -19"><span class='ocrx_word' id='word_1_440' title='bbox 2094 2861 2226 2932; x_wconf 88' lang='lat' dir='ltr'><strong>quid</strong></span> <span class='ocrx_word' id='word_1_441' title='bbox 2283 2874 2384 2914; x_wconf 91' lang='lat' dir='ltr'><strong>nos</strong></span> <span class='ocrx_word' id='word_1_442' title='bbox 2440 2858 2508 2912; x_wconf 87' lang='lat' dir='ltr'><strong>ad</strong></span> <span class='ocrx_word' id='word_1_443' title='bbox 2567 2857 2748 2927; x_wconf 89' lang='lat' dir='ltr'><strong>ipsum</strong></span> <span class='ocrx_word' id='word_1_444' title='bbox 2808 2853 3093 2910; x_wconf 88' lang='lat' dir='ltr'><strong>silentium</strong></span> <span class='ocrx_word' id='word_1_445' title='bbox 3147 2850 3420 2921; x_wconf 84' lang='lat' dir='ltr'><strong>dirigens.</strong></span> <span class='ocrx_word' id='word_1_446' title='bbox 3447 2848 3549 2902; x_wconf 88' lang='lat' dir='ltr'><strong>Det</strong></span> <span class='ocrx_word' id='word_1_447' title='bbox 3583 2845 3684 2900; x_wconf 87' lang='lat' dir='ltr'><strong>tibi</strong></span> 
     </span>
    </p>
   </div>
   <div class='ocr_carea' id='block_1_59' title="bbox 2097 2941 3686 3016">
    <p class='ocr_par' dir='ltr' id='par_1_59' title="bbox 2097 2941 3686 3016">
     <span class='ocr_line' id='line_1_59' title="bbox 2097 2941 3686 3016; baseline -0.011 -6"><span class='ocrx_word' id='word_1_448' title='bbox 2097 2956 2242 3010; x_wconf 64' lang='lat' dir='ltr'><strong>Deus</strong></span> <span class='ocrx_word' id='word_1_449' title='bbox 2278 2951 2720 3008; x_wconf 90' lang='lat' dir='ltr'><strong>animadvertere</strong></span> <span class='ocrx_word' id='word_1_450' title='bbox 2761 2948 2972 3016; x_wconf 90' lang='lat' dir='ltr'><strong>aliquid</strong></span> <span class='ocrx_word' id='word_1_451' title='bbox 3009 2947 3063 3002; x_wconf 92' lang='lat' dir='ltr'><strong>in</strong></span> <span class='ocrx_word' id='word_1_452' title='bbox 3097 2956 3150 3001; x_wconf 89' lang='lat' dir='ltr'><strong>te</strong></span> <span class='ocrx_word' id='word_1_453' title='bbox 3182 2959 3248 2999; x_wconf 80' lang='lat' dir='ltr'><strong>ex</strong></span> <span class='ocrx_word' id='word_1_454' title='bbox 3286 2941 3511 2998; x_wconf 88' lang='lat' dir='ltr'><strong>silentio</strong></span> <span class='ocrx_word' id='word_1_455' title='bbox 3553 2954 3686 2994; x_wconf 85' lang='lat' dir='ltr'><strong>nas-</strong></span> 
     </span>
    </p>
   </div>
   <div class='ocr_carea' id='block_1_60' title="bbox 2097 3031 3688 3112">
    <p class='ocr_par' dir='ltr' id='par_1_60' title="bbox 2097 3031 3688 3112">
     <span class='ocr_line' id='line_1_60' title="bbox 2097 3031 3688 3112; baseline -0.013 -9"><span class='ocrx_word' id='word_1_456' title='bbox 2097 3061 2229 3103; x_wconf 88' lang='lat' dir='ltr'><strong>cens</strong></span> <span class='ocrx_word' id='word_1_457' title='bbox 2261 3046 2276 3100; x_wconf 88' lang='lat'><strong>!</strong></span> <span class='ocrx_word' id='word_1_458' title='bbox 2315 3043 2472 3112; x_wconf 85' lang='lat' dir='ltr'><strong>Quod</strong></span> <span class='ocrx_word' id='word_1_459' title='bbox 2505 3043 2552 3100; x_wconf 88' lang='lat' dir='ltr'><strong>si</strong></span> <span class='ocrx_word' id='word_1_460' title='bbox 2581 3044 2686 3098; x_wconf 87' lang='lat' dir='ltr'><strong>hac</strong></span> <span class='ocrx_word' id='word_1_461' title='bbox 2717 3041 2912 3110; x_wconf 78' lang='lat' dir='ltr'><strong>agendi</strong></span> <span class='ocrx_word' id='word_1_462' title='bbox 2942 3038 3157 3094; x_wconf 87' lang='lat' dir='ltr'><strong>ratione</strong></span> <span class='ocrx_word' id='word_1_463' title='bbox 3202 3036 3455 3106; x_wconf 82' lang='lat' dir='ltr'><strong>incipias,</strong></span> <span class='ocrx_word' id='word_1_464' title='bbox 3496 3031 3688 3088; x_wconf 89' lang='lat' dir='ltr'><strong>nescio</strong></span> 
     </span>
    </p>
   </div>
   <div class='ocr_carea' id='block_1_61' title="bbox 2097 3123 3692 3210">
    <p class='ocr_par' dir='ltr' id='par_1_61' title="bbox 2097 3123 3692 3210">
     <span class='ocr_line' id='line_1_61' title="bbox 2097 3123 3692 3210; baseline -0.009 -15"><span class='ocrx_word' id='word_1_465' title='bbox 2097 3156 2198 3210; x_wconf 86' lang='lat' dir='ltr'><strong>ego</strong></span> <span class='ocrx_word' id='word_1_466' title='bbox 2229 3149 2493 3210; x_wconf 85' lang='lat' dir='ltr'><strong>quantum</strong></span> <span class='ocrx_word' id='word_1_467' title='bbox 2529 3137 2711 3192; x_wconf 91' lang='lat' dir='ltr'><strong>lumen</strong></span> <span class='ocrx_word' id='word_1_468' title='bbox 2741 3135 2838 3191; x_wconf 87' lang='lat' dir='ltr'><strong>tibi</strong></span> <span class='ocrx_word' id='word_1_469' title='bbox 2875 3133 3004 3189; x_wconf 76' lang='lat' dir='ltr'><strong>inde</strong></span> <span class='ocrx_word' id='word_1_470' title='bbox 3036 3132 3394 3188; x_wconf 85' lang='lat' dir='ltr'><strong>nasciturum</strong></span> <span class='ocrx_word' id='word_1_471' title='bbox 3427 3129 3521 3184; x_wconf 86' lang='lat' dir='ltr'><strong>sit.</strong></span> <span class='ocrx_word' id='word_1_472' title='bbox 3568 3145 3586 3178; x_wconf 77' lang='grc' dir='ltr'><strong>ι</strong></span> <span class='ocrx_word' id='word_1_473' title='bbox 3625 3123 3692 3180; x_wconf 84' lang='lat' dir='ltr'><strong>Et</strong></span> 
     </span>
    </p>
   </div>
   <div class='ocr_carea' id='block_1_62' title="bbox 413 3219 2002 3305">
    <p class='ocr_par' dir='ltr' id='par_1_62' title="bbox 413 3223 2002 3295">
     <span class='ocr_line' id='line_1_62' title="bbox 413 3223 2002 3295; baseline -0.002 -17"><span class='ocrx_word' id='word_1_474' title='bbox 413 3225 751 3295; x_wconf 75' lang='grc' dir='ltr'>σταμαιέγὼ</span> <span class='ocrx_word' id='word_1_475' title='bbox 785 3229 936 3279; x_wconf 88' lang='grc' dir='ltr'>ποῖον</span> <span class='ocrx_word' id='word_1_476' title='bbox 972 3224 1089 3294; x_wconf 64' lang='grc' dir='ltr'><strong>φῶς</strong></span> <span class='ocrx_word' id='word_1_477' title='bbox 1144 3225 1395 3278; x_wconf 85' lang='grc' dir='ltr'>ἀνατελεῖ</span> <span class='ocrx_word' id='word_1_478' title='bbox 1443 3241 1526 3277; x_wconf 89' lang='grc' dir='ltr'><strong>σοι</strong></span> <span class='ocrx_word' id='word_1_479' title='bbox 1567 3223 1838 3277; x_wconf 77' lang='grc' dir='ltr'>ἐντεῦθεν.</span> <span class='ocrx_word' id='word_1_480' title='bbox 1892 3225 2002 3278; x_wconf 76' lang='grc' dir='ltr'>Καὶ</span> 
     </span>
    </p>
   </div>
   <div class='ocr_carea' id='block_1_63' title="bbox 2100 3219 3687 3305">
    <p class='ocr_par' dir='ltr' id='par_1_63' title="bbox 2100 3219 3687 3292">
     <span class='ocr_line' id='line_1_63' title="bbox 2100 3219 3687 3292; baseline -0.011 -4"><span class='ocrx_word' id='word_1_481' title='bbox 2100 3249 2312 3290; x_wconf 86' lang='lat' dir='ltr'><strong>rursum</strong></span> <span class='ocrx_word' id='word_1_482' title='bbox 2343 3250 2356 3288; x_wconf 93' lang='lat'><strong>:</strong></span> <span class='ocrx_word' id='word_1_483' title='bbox 2387 3251 2405 3284; x_wconf 82' lang='grc' dir='ltr'><strong>ι</strong></span> <span class='ocrx_word' id='word_1_484' title='bbox 2443 3229 2733 3287; x_wconf 88' lang='lat' dir='ltr'><strong>Silentium</strong></span> <span class='ocrx_word' id='word_1_485' title='bbox 2757 3236 2842 3285; x_wconf 89' lang='lat' dir='ltr'><strong>est</strong></span> <span class='ocrx_word' id='word_1_486' title='bbox 2871 3227 3052 3284; x_wconf 69' lang='lat' dir='ltr'><strong>saeculi</strong></span> <span class='ocrx_word' id='word_1_487' title='bbox 3104 3225 3272 3281; x_wconf 75' lang='lat' dir='ltr'><strong>futuri</strong></span> <span class='ocrx_word' id='word_1_488' title='bbox 3325 3219 3687 3292; x_wconf 82' lang='lat' dir='ltr'><strong>mysterium:</strong></span> 
     </span>
    </p>
   </div>
   <div class='ocr_carea' id='block_1_64' title="bbox 417 3311 2002 3389">
    <p class='ocr_par' dir='ltr' id='par_1_64' title="bbox 417 3314 2002 3389">
     <span class='ocr_line' id='line_1_64' title="bbox 417 3314 2002 3389; baseline -0.003 -17"><span class='ocrx_word' id='word_1_489' title='bbox 417 3316 576 3382; x_wconf 79' lang='grc' dir='ltr'>αὖθις</span> <span class='ocrx_word' id='word_1_490' title='bbox 617 3334 632 3351; x_wconf 79' lang='grc' dir='ltr'><strong><em>ο</em></strong></span> <span class='ocrx_word' id='word_1_491' title='bbox 674 3319 740 3372; x_wconf 85' lang='lat' dir='ltr'><strong>&#39;H</strong></span> <span class='ocrx_word' id='word_1_492' title='bbox 783 3318 966 3389; x_wconf 80' lang='grc' dir='ltr'>σιωπὴ</span> <span class='ocrx_word' id='word_1_493' title='bbox 1036 3316 1337 3388; x_wconf 83' lang='grc' dir='ltr'>μυστήριόν</span> <span class='ocrx_word' id='word_1_494' title='bbox 1389 3316 1508 3370; x_wconf 78' lang='grc' dir='ltr'>ἐστι</span> <span class='ocrx_word' id='word_1_495' title='bbox 1557 3314 1655 3370; x_wconf 84' lang='grc' dir='ltr'><strong>τοῦ</strong></span> <span class='ocrx_word' id='word_1_496' title='bbox 1708 3315 2002 3386; x_wconf 84' lang='grc' dir='ltr'>μέλλοντος</span> 
     </span>
    </p>
   </div>
   <div class='ocr_carea' id='block_1_65' title="bbox 2100 3311 3691 3389">
    <p class='ocr_par' dir='ltr' id='par_1_65' title="bbox 2100 3311 3691 3389">
     <span class='ocr_line' id='line_1_65' title="bbox 2100 3311 3691 3389; baseline -0.011 -5"><span class='ocrx_word' id='word_1_497' title='bbox 2100 3342 2382 3384; x_wconf 87' lang='lat' dir='ltr'><strong>sermones</strong></span> <span class='ocrx_word' id='word_1_498' title='bbox 2431 3340 2560 3381; x_wconf 85' lang='lat' dir='ltr'><strong>vero</strong></span> <span class='ocrx_word' id='word_1_499' title='bbox 2616 3330 2745 3381; x_wconf 87' lang='lat' dir='ltr'><strong>sunt</strong></span> <span class='ocrx_word' id='word_1_500' title='bbox 2789 3320 2981 3377; x_wconf 91' lang='lat' dir='ltr'><strong>mundi</strong></span> <span class='ocrx_word' id='word_1_501' title='bbox 3035 3317 3205 3389; x_wconf 72' lang='lat' dir='ltr'><strong>huius</strong></span> <span class='ocrx_word' id='word_1_502' title='bbox 3261 3331 3468 3386; x_wconf 77' lang='lat' dir='ltr'><strong>organa</strong></span> <span class='ocrx_word' id='word_1_503' title='bbox 3497 3352 3513 3368; x_wconf 92' lang='lat'><strong>.</strong></span> <span class='ocrx_word' id='word_1_504' title='bbox 3559 3332 3578 3365; x_wconf 79' lang='grc' dir='ltr'><strong>ι</strong></span> <span class='ocrx_word' id='word_1_505' title='bbox 3622 3311 3691 3367; x_wconf 84' lang='lat' dir='ltr'><strong>Et</strong></span> 
     </span>
    </p>
   </div>
   <div class='ocr_carea' id='block_1_66' title="bbox 414 3405 2002 3482">
    <p class='ocr_par' dir='ltr' id='par_1_66' title="bbox 414 3405 2002 3482">
     <span class='ocr_line' id='line_1_66' title="bbox 414 3405 2002 3482; baseline -0.004 -18"><span class='ocrx_word' id='word_1_506' title='bbox 414 3408 610 3473; x_wconf 77' lang='grc' dir='ltr'>αἰῶνος</span> <span class='ocrx_word' id='word_1_507' title='bbox 631 3426 644 3439; x_wconf 88' lang='grc'><strong>·</strong></span> <span class='ocrx_word' id='word_1_508' title='bbox 676 3409 727 3462; x_wconf 78' lang='grc' dir='ltr'><strong>οἱ</strong></span> <span class='ocrx_word' id='word_1_509' title='bbox 749 3409 806 3464; x_wconf 79' lang='grc' dir='ltr'>δὲ</span> <span class='ocrx_word' id='word_1_510' title='bbox 839 3408 990 3478; x_wconf 87' lang='grc' dir='ltr'>λόγοι</span> <span class='ocrx_word' id='word_1_511' title='bbox 1025 3408 1259 3482; x_wconf 77' lang='grc' dir='ltr'>ὄργανόν</span> <span class='ocrx_word' id='word_1_512' title='bbox 1289 3408 1396 3461; x_wconf 83' lang='grc' dir='ltr'>εἰσι</span> <span class='ocrx_word' id='word_1_513' title='bbox 1434 3405 1528 3460; x_wconf 80' lang='grc' dir='ltr'><strong>τοῦ</strong></span> <span class='ocrx_word' id='word_1_514' title='bbox 1557 3406 1765 3475; x_wconf 84' lang='grc' dir='ltr'>κόσμου</span> <span class='ocrx_word' id='word_1_515' title='bbox 1788 3405 2002 3458; x_wconf 74' lang='grc' dir='ltr'>τούτου.</span> 
     </span>
    </p>
   </div>
   <div class='ocr_carea' id='block_1_67' title="bbox 417 3497 2006 3576">
    <p class='ocr_par' dir='ltr' id='par_1_67' title="bbox 417 3497 2006 3576">
     <span class='ocr_line' id='line_1_67' title="bbox 417 3497 2006 3576; baseline -0.005 -19"><span class='ocrx_word' id='word_1_516' title='bbox 417 3505 528 3558; x_wconf 70' lang='grc' dir='ltr'><strong>Καὶ</strong></span> <span class='ocrx_word' id='word_1_517' title='bbox 562 3503 642 3575; x_wconf 80' lang='grc' dir='ltr'>τῷ</span> <span class='ocrx_word' id='word_1_518' title='bbox 672 3503 813 3576; x_wconf 80' lang='grc' dir='ltr'><strong>ἁγίῳ</strong></span> <span class='ocrx_word' id='word_1_519' title='bbox 846 3502 904 3556; x_wconf 81' lang='grc' dir='ltr'>δὲ</span> <span class='ocrx_word' id='word_1_520' title='bbox 945 3503 1234 3574; x_wconf 83' lang='grc' dir='ltr'>Ἀρσενίῳ,</span> <span class='ocrx_word' id='word_1_521' title='bbox 1277 3500 1454 3563; x_wconf 80' lang='grc' dir='ltr'>οὕτως</span> <span class='ocrx_word' id='word_1_522' title='bbox 1499 3500 1532 3569; x_wconf 90' lang='grc' dir='ltr'><strong>ἡ</strong></span> <span class='ocrx_word' id='word_1_523' title='bbox 1567 3498 1688 3552; x_wconf 88' lang='grc' dir='ltr'>θεία</span> <span class='ocrx_word' id='word_1_524' title='bbox 1739 3497 1894 3568; x_wconf 74' lang='grc' dir='ltr'>φωνὴ</span> <span class='ocrx_word' id='word_1_525' title='bbox 1943 3497 2006 3550; x_wconf 85' lang='grc' dir='ltr'><strong>τὸ</strong></span> 
     </span>
    </p>
   </div>
   <div class='ocr_carea' id='block_1_68' title="bbox 415 3589 2004 3672">
    <p class='ocr_par' dir='ltr' id='par_1_68' title="bbox 415 3589 2004 3672">
     <span class='ocr_line' id='line_1_68' title="bbox 415 3589 2004 3672; baseline -0.004 -23"><span class='ocrx_word' id='word_1_526' title='bbox 415 3596 668 3668; x_wconf 75' lang='grc' dir='ltr'>δεύτερον</span> <span class='ocrx_word' id='word_1_527' title='bbox 717 3594 1014 3649; x_wconf 74' lang='grc' dir='ltr'>ἐθέσπισε·</span> <span class='ocrx_word' id='word_1_528' title='bbox 1059 3593 1334 3672; x_wconf 68' lang='grc' dir='ltr'>’ᾼρσένιε,</span> <span class='ocrx_word' id='word_1_529' title='bbox 1395 3591 1588 3664; x_wconf 79' lang='grc' dir='ltr'>φεῦγε,</span> <span class='ocrx_word' id='word_1_530' title='bbox 1630 3589 1833 3657; x_wconf 82' lang='grc' dir='ltr'>σιώπα,</span> <span class='ocrx_word' id='word_1_531' title='bbox 1868 3589 2004 3662; x_wconf 77' lang='grc' dir='ltr'>ἡσύ-</span> 
     </span>
    </p>
   </div>
   <div class='ocr_carea' id='block_1_69' title="bbox 417 3690 980 3766">
    <p class='ocr_par' dir='ltr' id='par_1_69' title="bbox 417 3690 980 3766">
     <span class='ocr_line' id='line_1_69' title="bbox 417 3690 980 3766; baseline -0.002 -21"><span class='ocrx_word' id='word_1_532' title='bbox 417 3691 572 3766; x_wconf 76' lang='grc' dir='ltr'>χαζε,</span> <span class='ocrx_word' id='word_1_533' title='bbox 610 3691 708 3745; x_wconf 75' lang='grc' dir='ltr'><strong>καὶ</strong></span> <span class='ocrx_word' id='word_1_534' title='bbox 732 3690 980 3762; x_wconf 78' lang='grc' dir='ltr'>σωθήσῃ.</span> 
     </span>
    </p>
   </div>
   <div class='ocr_carea' id='block_1_70' title="bbox 763 3780 1616 3872">
    <p class='ocr_par' dir='ltr' id='par_1_70' title="bbox 763 3780 1616 3872">
     <span class='ocr_line' id='line_1_70' title="bbox 763 3780 1616 3872; baseline -0.004 -16"><span class='ocrx_word' id='word_1_535' title='bbox 763 3802 898 3858; x_wconf 78' lang='grc' dir='ltr'>Ὀτι</span> <span class='ocrx_word' id='word_1_536' title='bbox 927 3801 1020 3856; x_wconf 84' lang='grc' dir='ltr'>δεῖ</span> <span class='ocrx_word' id='word_1_537' title='bbox 1051 3780 1296 3872; x_wconf 72' lang='grc' dir='ltr'>ἢσυχόν</span> <span class='ocrx_word' id='word_1_538' title='bbox 1333 3795 1491 3854; x_wconf 80' lang='grc' dir='ltr'>εἶναί</span> <span class='ocrx_word' id='word_1_539' title='bbox 1519 3815 1616 3854; x_wconf 83' lang='grc' dir='ltr'><strong>σε.</strong></span> 
     </span>
    </p>
   </div>
   <div class='ocr_carea' id='block_1_71' title="bbox 493 3908 2009 3986">
    <p class='ocr_par' dir='ltr' id='par_1_71' title="bbox 493 3908 2009 3986">
     <span class='ocr_line' id='line_1_71' title="bbox 493 3908 2009 3986; baseline -0.009 -11"><span class='ocrx_word' id='word_1_540' title='bbox 493 3923 530 3975; x_wconf 82' lang='grc' dir='ltr'><strong><em>Ζ</em></strong></span> <span class='ocrx_word' id='word_1_541' title='bbox 555 3963 569 3976; x_wconf 94' lang='grc'><strong>.</strong></span> <span class='ocrx_word' id='word_1_542' title='bbox 613 3917 896 3981; x_wconf 76' lang='grc' dir='ltr'>Ὡσαύτως</span> <span class='ocrx_word' id='word_1_543' title='bbox 917 3917 975 3970; x_wconf 78' lang='grc' dir='ltr'>δὲ</span> <span class='ocrx_word' id='word_1_544' title='bbox 1010 3916 1106 3971; x_wconf 76' lang='grc' dir='ltr'>καὶ</span> <span class='ocrx_word' id='word_1_545' title='bbox 1138 3915 1268 3986; x_wconf 73' lang='grc' dir='ltr'>περὶ</span> <span class='ocrx_word' id='word_1_546' title='bbox 1296 3913 1390 3968; x_wconf 83' lang='grc' dir='ltr'><strong>τοῦ</strong></span> <span class='ocrx_word' id='word_1_547' title='bbox 1426 3912 1679 3984; x_wconf 79' lang='grc' dir='ltr'>ἑϐδόμου,</span> <span class='ocrx_word' id='word_1_548' title='bbox 1709 3909 1878 3983; x_wconf 75' lang='grc' dir='ltr'>ἤγουν</span> <span class='ocrx_word' id='word_1_549' title='bbox 1912 3908 2009 3963; x_wconf 81' lang='grc' dir='ltr'><strong>τοῦ</strong></span> 
     </span>
    </p>
   </div>
   <div class='ocr_carea' id='block_1_72' title="bbox 423 4002 2011 4084">
    <p class='ocr_par' dir='ltr' id='par_1_72' title="bbox 423 4002 2011 4084">
     <span class='ocr_line' id='line_1_72' title="bbox 423 4002 2011 4084; baseline -0.009 -18"><span class='ocrx_word' id='word_1_550' title='bbox 423 4011 642 4084; x_wconf 78' lang='grc' dir='ltr'>ἡσύχως</span> <span class='ocrx_word' id='word_1_551' title='bbox 674 4010 866 4083; x_wconf 84' lang='grc' dir='ltr'>βιῶναί</span> <span class='ocrx_word' id='word_1_552' title='bbox 899 4026 981 4074; x_wconf 87' lang='grc' dir='ltr'><strong>σε,</strong></span> <span class='ocrx_word' id='word_1_553' title='bbox 1017 4009 1328 4076; x_wconf 80' lang='grc' dir='ltr'>ἀξιόπιστοι</span> <span class='ocrx_word' id='word_1_554' title='bbox 1383 4005 1520 4076; x_wconf 73' lang='grc' dir='ltr'>πρὸς</span> <span class='ocrx_word' id='word_1_555' title='bbox 1568 4005 1947 4075; x_wconf 82' lang='grc' dir='ltr'>παράστασιν,</span> <span class='ocrx_word' id='word_1_556' title='bbox 1982 4002 2011 4053; x_wconf 86' lang='grc' dir='ltr'>ὅ</span> 
     </span>
    </p>
   </div>
   <div class='ocr_carea' id='block_1_73' title="bbox 420 4093 2011 4177">
    <p class='ocr_par' dir='ltr' id='par_1_73' title="bbox 420 4093 2011 4177">
     <span class='ocr_line' id='line_1_73' title="bbox 420 4093 2011 4177; baseline -0.01 -16"><span class='ocrx_word' id='word_1_557' title='bbox 420 4124 480 4161; x_wconf 88' lang='grc' dir='ltr'><strong>τε</strong></span> <span class='ocrx_word' id='word_1_558' title='bbox 519 4106 691 4177; x_wconf 82' lang='grc' dir='ltr'>μέγας</span> <span class='ocrx_word' id='word_1_559' title='bbox 719 4103 1026 4168; x_wconf 83' lang='grc' dir='ltr'>Βασίλειος,</span> <span class='ocrx_word' id='word_1_560' title='bbox 1059 4101 1154 4156; x_wconf 85' lang='grc' dir='ltr'>καὶ</span> <span class='ocrx_word' id='word_1_561' title='bbox 1179 4103 1208 4155; x_wconf 91' lang='lat'><strong>6</strong></span> <span class='ocrx_word' id='word_1_562' title='bbox 1241 4099 1396 4169; x_wconf 77' lang='grc' dir='ltr'>ἅγιος</span> <span class='ocrx_word' id='word_1_563' title='bbox 1423 4099 1586 4154; x_wconf 90' lang='grc' dir='ltr'>πάλιν</span> <span class='ocrx_word' id='word_1_564' title='bbox 1623 4094 1832 4158; x_wconf 82' lang='grc' dir='ltr'>Ἰσαὰκ,</span> <span class='ocrx_word' id='word_1_565' title='bbox 1860 4094 1888 4145; x_wconf 98' lang='lat'><strong>6</strong></span> <span class='ocrx_word' id='word_1_566' title='bbox 1912 4093 2011 4164; x_wconf 82' lang='grc' dir='ltr'>μὲν</span> 
     </span>
    </p>
   </div>
   <div class='ocr_carea' id='block_1_74' title="bbox 423 4189 2013 4272">
    <p class='ocr_par' dir='ltr' id='par_1_74' title="bbox 423 4189 2013 4272">
     <span class='ocr_line' id='line_1_74' title="bbox 423 4189 2013 4272; baseline -0.008 -18"><span class='ocrx_word' id='word_1_567' title='bbox 423 4198 688 4272; x_wconf 77' lang='grc' dir='ltr'>εἰρηκώς’</span> <span class='ocrx_word' id='word_1_568' title='bbox 730 4198 793 4251; x_wconf 84' lang='lat' dir='ltr'><strong>&#39;H</strong></span> <span class='ocrx_word' id='word_1_569' title='bbox 813 4197 1036 4269; x_wconf 83' lang='grc' dir='ltr'>ἡσυχία,</span> <span class='ocrx_word' id='word_1_570' title='bbox 1070 4195 1216 4267; x_wconf 83' lang='grc' dir='ltr'>ἀρχὴ</span> <span class='ocrx_word' id='word_1_571' title='bbox 1242 4193 1568 4265; x_wconf 77' lang='grc' dir='ltr'>καθάρσεως</span> <span class='ocrx_word' id='word_1_572' title='bbox 1590 4193 1656 4262; x_wconf 83' lang='grc' dir='ltr'>τῇ</span> <span class='ocrx_word' id='word_1_573' title='bbox 1676 4190 1823 4262; x_wconf 77' lang='grc' dir='ltr'>ψυχῇ</span> <span class='ocrx_word' id='word_1_574' title='bbox 1842 4205 1856 4218; x_wconf 89' lang='grc'><strong>·</strong></span> <span class='ocrx_word' id='word_1_575' title='bbox 1881 4191 1909 4243; x_wconf 91' lang='lat'><strong>6</strong></span> <span class='ocrx_word' id='word_1_576' title='bbox 1931 4189 2013 4257; x_wconf 85' lang='grc' dir='ltr'><strong>δὲ,</strong></span> 
     </span>
    </p>
   </div>
   <div class='ocr_carea' id='block_1_75' title="bbox 425 4280 2016 4364">
    <p class='ocr_par' dir='ltr' id='par_1_75' title="bbox 425 4280 2016 4364">
     <span class='ocr_line' id='line_1_75' title="bbox 425 4280 2016 4364; baseline -0.009 -16"><span class='ocrx_word' id='word_1_577' title='bbox 425 4293 590 4364; x_wconf 84' lang='grc' dir='ltr'>Ὅρος</span> <span class='ocrx_word' id='word_1_578' title='bbox 619 4291 871 4362; x_wconf 87' lang='grc' dir='ltr'>ἡσυχίας,</span> <span class='ocrx_word' id='word_1_579' title='bbox 903 4287 1086 4358; x_wconf 87' lang='grc' dir='ltr'>σιωπὴ</span> <span class='ocrx_word' id='word_1_580' title='bbox 1112 4288 1220 4342; x_wconf 87' lang='grc' dir='ltr'><strong>ἀπὸ</strong></span> <span class='ocrx_word' id='word_1_581' title='bbox 1245 4285 1492 4339; x_wconf 85' lang='grc' dir='ltr'>πάντων·</span> <span class='ocrx_word' id='word_1_582' title='bbox 1528 4283 1557 4336; x_wconf 91' lang='lat'><strong>6</strong></span> <span class='ocrx_word' id='word_1_583' title='bbox 1594 4283 1716 4354; x_wconf 72' lang='grc' dir='ltr'>μὲν,</span> <span class='ocrx_word' id='word_1_584' title='bbox 1745 4282 1848 4352; x_wconf 89' lang='grc' dir='ltr'>τὴν</span> <span class='ocrx_word' id='word_1_585' title='bbox 1877 4280 2016 4335; x_wconf 80' lang='grc' dir='ltr'>ταύ-</span> 
     </span>
    </p>
   </div>
   <div class='ocr_carea' id='block_1_76' title="bbox 423 4375 2012 4458">
    <p class='ocr_par' dir='ltr' id='par_1_76' title="bbox 423 4375 2012 4458">
     <span class='ocr_line' id='line_1_76' title="bbox 423 4375 2012 4458; baseline -0.018 -5"><span class='ocrx_word' id='word_1_586' title='bbox 423 4403 522 4458; x_wconf 84' lang='grc' dir='ltr'><strong>της</strong></span> <span class='ocrx_word' id='word_1_587' title='bbox 552 4386 749 4456; x_wconf 78' lang='grc' dir='ltr'>ἀρχὴν.</span> <span class='ocrx_word' id='word_1_588' title='bbox 791 4387 819 4438; x_wconf 88' lang='lat'><strong>6</strong></span> <span class='ocrx_word' id='word_1_589' title='bbox 867 4384 945 4448; x_wconf 82' lang='grc' dir='ltr'><strong>δὲ,</strong></span> <span class='ocrx_word' id='word_1_590' title='bbox 973 4382 1036 4436; x_wconf 80' lang='grc' dir='ltr'>τὸ</span> <span class='ocrx_word' id='word_1_591' title='bbox 1073 4381 1230 4445; x_wconf 81' lang='grc' dir='ltr'>τέλος</span> <span class='ocrx_word' id='word_1_592' title='bbox 1270 4380 1360 4434; x_wconf 83' lang='grc' dir='ltr'>διὰ</span> <span class='ocrx_word' id='word_1_593' title='bbox 1390 4378 1554 4434; x_wconf 84' lang='grc' dir='ltr'>τῶνδε</span> <span class='ocrx_word' id='word_1_594' title='bbox 1579 4376 1690 4431; x_wconf 86' lang='grc' dir='ltr'>τῶν</span> <span class='ocrx_word' id='word_1_595' title='bbox 1717 4375 1912 4446; x_wconf 83' lang='grc' dir='ltr'>φωνῶν</span> <span class='ocrx_word' id='word_1_596' title='bbox 1937 4375 2012 4456; x_wconf 75' lang='grc' dir='ltr'><strong>ὡς</strong></span> 
     </span>
    </p>
   </div>
   <div class='ocr_carea' id='block_1_77' title="bbox 425 4451 2013 4550">
    <p class='ocr_par' dir='ltr' id='par_1_77' title="bbox 425 4451 2013 4550">
     <span class='ocr_line' id='line_1_77' title="bbox 425 4451 2013 4550; baseline -0.009 -15"><span class='ocrx_word' id='word_1_597' title='bbox 425 4451 488 4535; x_wconf 74' lang='grc' dir='ltr'>ὲν</span> <span class='ocrx_word' id='word_1_598' title='bbox 516 4451 774 4550; x_wconf 76' lang='grc' dir='ltr'>συντόμῳ</span> <span class='ocrx_word' id='word_1_599' title='bbox 811 4476 1275 4548; x_wconf 80' lang='grc' dir='ltr'>έπισημάναντες.</span> <span class='ocrx_word' id='word_1_600' title='bbox 1313 4473 1426 4528; x_wconf 75' lang='grc' dir='ltr'>Καὶ</span> <span class='ocrx_word' id='word_1_601' title='bbox 1471 4473 1531 4525; x_wconf 79' lang='grc' dir='ltr'>ὲν</span> <span class='ocrx_word' id='word_1_602' title='bbox 1584 4471 1651 4541; x_wconf 79' lang='grc' dir='ltr'>τῇ</span> <span class='ocrx_word' id='word_1_603' title='bbox 1698 4468 1911 4540; x_wconf 79' lang='grc' dir='ltr'>Παλαιᾷ</span> <span class='ocrx_word' id='word_1_604' title='bbox 1953 4451 2013 4521; x_wconf 81' lang='grc' dir='ltr'>δὲ</span> 
     </span>
    </p>
   </div>
   <div class='ocr_carea' id='block_1_78' title="bbox 427 4563 2012 4645">
    <p class='ocr_par' dir='ltr' id='par_1_78' title="bbox 427 4563 2012 4645">
     <span class='ocr_line' id='line_1_78' title="bbox 427 4563 2012 4645; baseline -0.009 -17"><span class='ocrx_word' id='word_1_605' title='bbox 427 4575 620 4645; x_wconf 67' lang='grc' dir='ltr'>Γραφῇ</span> <span class='ocrx_word' id='word_1_606' title='bbox 651 4571 826 4636; x_wconf 78' lang='grc' dir='ltr'>οὓτως</span> <span class='ocrx_word' id='word_1_607' title='bbox 844 4569 1060 4641; x_wconf 77' lang='grc' dir='ltr'>εἴρηται</span> <span class='ocrx_word' id='word_1_608' title='bbox 1080 4585 1094 4600; x_wconf 80' lang='lat'><strong><em>°</em></strong></span> <span class='ocrx_word' id='word_1_609' title='bbox 1123 4585 1145 4620; x_wconf 78' lang='grc' dir='ltr'><strong>ι</strong></span> <span class='ocrx_word' id='word_1_610' title='bbox 1163 4568 1491 4638; x_wconf 71' lang='grc' dir='ltr'>Ἥμαρτεςς</span> <span class='ocrx_word' id='word_1_611' title='bbox 1522 4563 1798 4636; x_wconf 78' lang='grc' dir='ltr'>ἡσύχασον</span> <span class='ocrx_word' id='word_1_612' title='bbox 1817 4579 1830 4591; x_wconf 91' lang='grc'><strong>·</strong></span> <span class='ocrx_word' id='word_1_613' title='bbox 1853 4580 1873 4615; x_wconf 75' lang='grc' dir='ltr'><strong>ι</strong></span> <span class='ocrx_word' id='word_1_614' title='bbox 1897 4563 2012 4626; x_wconf 82' lang='grc' dir='ltr'>καὶ,</span> 
     </span>
    </p>
   </div>
   <div class='ocr_carea' id='block_1_79' title="bbox 435 4655 2016 4739">
    <p class='ocr_par' dir='ltr' id='par_1_79' title="bbox 435 4655 2016 4739">
     <span class='ocr_line' id='line_1_79' title="bbox 435 4655 2016 4739; baseline -0.006 -21"><span class='ocrx_word' id='word_1_615' title='bbox 435 4687 452 4718; x_wconf 84' lang='grc' dir='ltr'><strong>ι</strong></span> <span class='ocrx_word' id='word_1_616' title='bbox 479 4666 785 4739; x_wconf 87' lang='grc' dir='ltr'>Σχολάσατε</span> <span class='ocrx_word' id='word_1_617' title='bbox 820 4663 918 4718; x_wconf 73' lang='grc' dir='ltr'><strong>καὶ</strong></span> <span class='ocrx_word' id='word_1_618' title='bbox 949 4663 1148 4731; x_wconf 83' lang='grc' dir='ltr'>γνῶτε,</span> <span class='ocrx_word' id='word_1_619' title='bbox 1176 4661 1260 4714; x_wconf 76' lang='grc' dir='ltr'><strong>ὅτι</strong></span> <span class='ocrx_word' id='word_1_620' title='bbox 1284 4659 1394 4726; x_wconf 74' lang='grc' dir='ltr'><strong>ἐγώ</strong></span> <span class='ocrx_word' id='word_1_621' title='bbox 1421 4661 1536 4728; x_wconf 80' lang='grc' dir='ltr'>ειμι</span> <span class='ocrx_word' id='word_1_622' title='bbox 1562 4659 1590 4711; x_wconf 88' lang='lat'><strong>6</strong></span> <span class='ocrx_word' id='word_1_623' title='bbox 1608 4655 1762 4721; x_wconf 86' lang='grc' dir='ltr'>Θεός.</span> <span class='ocrx_word' id='word_1_624' title='bbox 1796 4674 1816 4708; x_wconf 78' lang='grc' dir='ltr'><strong>ι</strong></span> <span class='ocrx_word' id='word_1_625' title='bbox 1852 4656 2016 4725; x_wconf 83' lang='grc' dir='ltr'>Λέγει</span> 
     </span>
    </p>
   </div>
   <div class='ocr_carea' id='block_1_80' title="bbox 427 4746 2018 4830">
    <p class='ocr_par' dir='ltr' id='par_1_80' title="bbox 427 4746 2018 4830">
     <span class='ocr_line' id='line_1_80' title="bbox 427 4746 2018 4830; baseline -0.009 -15"><span class='ocrx_word' id='word_1_626' title='bbox 427 4761 487 4815; x_wconf 72' lang='grc' dir='ltr'>δὲ</span> <span class='ocrx_word' id='word_1_627' title='bbox 526 4759 623 4814; x_wconf 79' lang='grc' dir='ltr'><strong>καὶ</strong></span> <span class='ocrx_word' id='word_1_628' title='bbox 653 4761 682 4813; x_wconf 91' lang='lat'><strong>6</strong></span> <span class='ocrx_word' id='word_1_629' title='bbox 715 4759 814 4830; x_wconf 83' lang='grc' dir='ltr'><strong>τῆς</strong></span> <span class='ocrx_word' id='word_1_630' title='bbox 853 4756 1172 4826; x_wconf 74' lang='grc' dir='ltr'>Κλίμακοςο</span> <span class='ocrx_word' id='word_1_631' title='bbox 1209 4751 1416 4824; x_wconf 81' lang='grc' dir='ltr'>Ἔργον</span> <span class='ocrx_word' id='word_1_632' title='bbox 1463 4749 1698 4823; x_wconf 83' lang='grc' dir='ltr'>ἡσυχίας</span> <span class='ocrx_word' id='word_1_633' title='bbox 1741 4746 2018 4820; x_wconf 71' lang='grc' dir='ltr'>προηγούο</span> 
     </span>
    </p>
   </div>
   <div class='ocr_carea' id='block_1_81' title="bbox 435 4839 2014 4922">
    <p class='ocr_par' dir='ltr' id='par_1_81' title="bbox 435 4839 2014 4922">
     <span class='ocr_line' id='line_1_81' title="bbox 435 4839 2014 4922; baseline -0.008 -17"><span class='ocrx_word' id='word_1_634' title='bbox 435 4869 617 4922; x_wconf 88' lang='grc' dir='ltr'>μενον,</span> <span class='ocrx_word' id='word_1_635' title='bbox 659 4849 964 4922; x_wconf 87' lang='grc' dir='ltr'>ἀμεριμνία</span> <span class='ocrx_word' id='word_1_636' title='bbox 1009 4847 1231 4900; x_wconf 86' lang='grc' dir='ltr'>πάντων</span> <span class='ocrx_word' id='word_1_637' title='bbox 1286 4843 1634 4916; x_wconf 85' lang='grc' dir='ltr'>πραγμάτων</span> <span class='ocrx_word' id='word_1_638' title='bbox 1683 4841 1944 4909; x_wconf 82' lang='grc' dir='ltr'>εὐλόγων,</span> <span class='ocrx_word' id='word_1_639' title='bbox 1979 4839 2014 4910; x_wconf 79' lang='grc' dir='ltr'>ἢ</span> 
     </span>
    </p>
   </div>
   <div class='ocr_carea' id='block_1_82' title="bbox 432 4928 2021 5010">
    <p class='ocr_par' dir='ltr' id='par_1_82' title="bbox 432 4928 2021 5010">
     <span class='ocr_line' id='line_1_82' title="bbox 432 4928 2021 5010; baseline -0.009 -16"><span class='ocrx_word' id='word_1_640' title='bbox 432 4943 648 5010; x_wconf 85' lang='grc' dir='ltr'>ἀλόγων</span> <span class='ocrx_word' id='word_1_641' title='bbox 667 4957 681 4971; x_wconf 76' lang='grc' dir='ltr'><strong>ο</strong></span> <span class='ocrx_word' id='word_1_642' title='bbox 711 4940 741 4992; x_wconf 89' lang='lat'><strong>6</strong></span> <span class='ocrx_word' id='word_1_643' title='bbox 765 4939 876 5009; x_wconf 86' lang='grc' dir='ltr'>γὰρ</span> <span class='ocrx_word' id='word_1_644' title='bbox 912 4938 1026 5000; x_wconf 86' lang='grc' dir='ltr'>τοῖς</span> <span class='ocrx_word' id='word_1_645' title='bbox 1071 4933 1364 5007; x_wconf 80' lang='grc' dir='ltr'>προτέροις</span> <span class='ocrx_word' id='word_1_646' title='bbox 1409 4929 1665 4998; x_wconf 82' lang='grc' dir='ltr'>ἀνοίγων,</span> <span class='ocrx_word' id='word_1_647' title='bbox 1692 4930 1809 4993; x_wconf 85' lang='grc' dir='ltr'>τοῖς</span> <span class='ocrx_word' id='word_1_648' title='bbox 1834 4928 2021 4982; x_wconf 84' lang='grc' dir='ltr'>δευτέ-</span> 
     </span>
    </p>
   </div>
   <div class='ocr_carea' id='block_1_83' title="bbox 438 5017 2021 5104">
    <p class='ocr_par' dir='ltr' id='par_1_83' title="bbox 438 5017 2021 5104">
     <span class='ocr_line' id='line_1_83' title="bbox 438 5017 2021 5104; baseline -0.01 -18"><span class='ocrx_word' id='word_1_649' title='bbox 438 5049 550 5104; x_wconf 87' lang='grc' dir='ltr'>ροις</span> <span class='ocrx_word' id='word_1_650' title='bbox 582 5031 804 5094; x_wconf 89' lang='grc' dir='ltr'>πάντως</span> <span class='ocrx_word' id='word_1_651' title='bbox 857 5027 1265 5100; x_wconf 82' lang='grc' dir='ltr'>περιπεσεῖται.</span> <span class='ocrx_word' id='word_1_652' title='bbox 1325 5020 1612 5093; x_wconf 85' lang='grc' dir='ltr'>Προσευχὴ</span> <span class='ocrx_word' id='word_1_653' title='bbox 1650 5019 1866 5082; x_wconf 77' lang='grc' dir='ltr'>ἄοκνος,</span> <span class='ocrx_word' id='word_1_654' title='bbox 1923 5017 2021 5071; x_wconf 77' lang='grc' dir='ltr'>καὶ</span> 
     </span>
    </p>
   </div>
   <div class='ocr_carea' id='block_1_84' title="bbox 432 5110 2018 5202">
    <p class='ocr_par' dir='ltr' id='par_1_84' title="bbox 432 5110 2018 5202">
     <span class='ocr_line' id='line_1_84' title="bbox 432 5110 2018 5202; baseline -0.009 -24"><span class='ocrx_word' id='word_1_655' title='bbox 432 5125 639 5202; x_wconf 83' lang='grc' dir='ltr'>τρίτον,</span> <span class='ocrx_word' id='word_1_656' title='bbox 671 5123 908 5197; x_wconf 80' lang='grc' dir='ltr'>ἐργασία</span> <span class='ocrx_word' id='word_1_657' title='bbox 948 5119 1179 5192; x_wconf 87' lang='grc' dir='ltr'>καρδίας</span> <span class='ocrx_word' id='word_1_658' title='bbox 1209 5115 1432 5180; x_wconf 83' lang='grc' dir='ltr'>άσυλος.</span> <span class='ocrx_word' id='word_1_659' title='bbox 1466 5113 1776 5178; x_wconf 63' lang='grc' dir='ltr'><strong>⁹Ἀδύνατον,</strong></span> <span class='ocrx_word' id='word_1_660' title='bbox 1807 5110 1900 5166; x_wconf 79' lang='grc' dir='ltr'>τὸν</span> <span class='ocrx_word' id='word_1_661' title='bbox 1942 5111 2018 5182; x_wconf 85' lang='grc' dir='ltr'>μὴ</span> 
     </span>
    </p>
   </div>
   <div class='ocr_carea' id='block_1_85' title="bbox 434 5204 2017 5290">
    <p class='ocr_par' dir='ltr' id='par_1_85' title="bbox 434 5204 2017 5290">
     <span class='ocr_line' id='line_1_85' title="bbox 434 5204 2017 5290; baseline -0.011 -16"><span class='ocrx_word' id='word_1_662' title='bbox 434 5221 746 5290; x_wconf 81' lang='grc' dir='ltr'>γράμματα</span> <span class='ocrx_word' id='word_1_663' title='bbox 769 5214 1151 5288; x_wconf 74' lang='grc' dir='ltr'>μεμαθηκότα,</span> <span class='ocrx_word' id='word_1_664' title='bbox 1175 5207 1422 5280; x_wconf 85' lang='grc' dir='ltr'>φυσικῶς</span> <span class='ocrx_word' id='word_1_665' title='bbox 1442 5208 1502 5260; x_wconf 75' lang='grc' dir='ltr'>ἐν</span> <span class='ocrx_word' id='word_1_666' title='bbox 1524 5207 1729 5270; x_wconf 73' lang='grc' dir='ltr'>δέλτοις</span> <span class='ocrx_word' id='word_1_667' title='bbox 1763 5204 2017 5277; x_wconf 77' lang='grc' dir='ltr'>μελετᾷνο</span> 
     </span>
    </p>
   </div>
   <div class='ocr_carea' id='block_1_86' title="bbox 435 5299 2020 5380">
    <p class='ocr_par' dir='ltr' id='par_1_86' title="bbox 435 5299 2020 5380">
     <span class='ocr_line' id='line_1_86' title="bbox 435 5299 2020 5380; baseline -0.009 -14"><span class='ocrx_word' id='word_1_668' title='bbox 435 5309 845 5380; x_wconf 81' lang='grc' dir='ltr'>ἀδυνατώτερον</span> <span class='ocrx_word' id='word_1_669' title='bbox 861 5309 943 5368; x_wconf 83' lang='grc' dir='ltr'><strong>δὲ.</strong></span> <span class='ocrx_word' id='word_1_670' title='bbox 975 5309 1101 5370; x_wconf 84' lang='grc' dir='ltr'>τοὺς</span> <span class='ocrx_word' id='word_1_671' title='bbox 1131 5305 1204 5376; x_wconf 84' lang='grc' dir='ltr'>μὴ</span> <span class='ocrx_word' id='word_1_672' title='bbox 1238 5303 1299 5357; x_wconf 82' lang='grc' dir='ltr'><strong>τδ</strong></span> <span class='ocrx_word' id='word_1_673' title='bbox 1327 5303 1594 5375; x_wconf 81' lang='grc' dir='ltr'>πρότερον</span> <span class='ocrx_word' id='word_1_674' title='bbox 1617 5299 2020 5372; x_wconf 78' lang='grc' dir='ltr'>κτησαμένους,</span> 
     </span>
    </p>
   </div>
   <div class='ocr_carea' id='block_1_87' title="bbox 447 5388 2035 5468">
    <p class='ocr_par' dir='ltr' id='par_1_87' title="bbox 447 5388 2035 5468">
     <span class='ocr_line' id='line_1_87' title="bbox 447 5388 2035 5468; baseline -0.009 -11"><span class='ocrx_word' id='word_1_675' title='bbox 447 5403 518 5457; x_wconf 86' lang='grc' dir='ltr'><strong>τά</strong></span> <span class='ocrx_word' id='word_1_676' title='bbox 554 5398 667 5454; x_wconf 83' lang='grc' dir='ltr'><strong>δύω</strong></span> <span class='ocrx_word' id='word_1_677' title='bbox 695 5399 841 5468; x_wconf 84' lang='grc' dir='ltr'>λόγῳ</span> <span class='ocrx_word' id='word_1_678' title='bbox 874 5395 1178 5468; x_wconf 72' lang='grc' dir='ltr'>μετελθεῖν.</span> <span class='ocrx_word' id='word_1_679' title='bbox 1219 5393 1336 5447; x_wconf 75' lang='grc' dir='ltr'><strong>’Καὶ</strong></span> <span class='ocrx_word' id='word_1_680' title='bbox 1371 5388 1532 5456; x_wconf 78' lang='grc' dir='ltr'>αὖθις</span> <span class='ocrx_word' id='word_1_681' title='bbox 1558 5392 1587 5445; x_wconf 80' lang='lat'><strong>6</strong></span> <span class='ocrx_word' id='word_1_682' title='bbox 1616 5389 1774 5460; x_wconf 72' lang='grc' dir='ltr'>ἅγιος</span> <span class='ocrx_word' id='word_1_683' title='bbox 1813 5389 2035 5443; x_wconf 80' lang='grc' dir='ltr'>Ἰσαάκ’</span> 
     </span>
    </p>
   </div>
   <div class='ocr_carea' id='block_1_88' title="bbox 447 5481 2039 5561">
    <p class='ocr_par' dir='ltr' id='par_1_88' title="bbox 447 5481 2039 5561">
     <span class='ocr_line' id='line_1_88' title="bbox 447 5481 2039 5561; baseline -0.01 -13"><span class='ocrx_word' id='word_1_684' title='bbox 447 5492 623 5555; x_wconf 83' lang='grc' dir='ltr'>Πόθος</span> <span class='ocrx_word' id='word_1_685' title='bbox 645 5491 888 5561; x_wconf 87' lang='grc' dir='ltr'>ἡσυχίας</span> <span class='ocrx_word' id='word_1_686' title='bbox 934 5487 1077 5551; x_wconf 67' lang='grc' dir='ltr'>ἐστὶ,</span> <span class='ocrx_word' id='word_1_687' title='bbox 1111 5484 1410 5556; x_wconf 87' lang='grc' dir='ltr'>προσδοκία</span> <span class='ocrx_word' id='word_1_688' title='bbox 1446 5483 1543 5537; x_wconf 81' lang='grc' dir='ltr'><strong>τοῦ</strong></span> <span class='ocrx_word' id='word_1_689' title='bbox 1593 5482 1827 5536; x_wconf 85' lang='grc' dir='ltr'>θανάτου</span> <span class='ocrx_word' id='word_1_690' title='bbox 1859 5481 2039 5550; x_wconf 77' lang='grc' dir='ltr'>διηνεο</span> 
     </span>
    </p>
   </div>
   <div class='ocr_carea' id='block_1_89' title="bbox 451 5570 2038 5650">
    <p class='ocr_par' dir='ltr' id='par_1_89' title="bbox 451 5570 2038 5650">
     <span class='ocr_line' id='line_1_89' title="bbox 451 5570 2038 5650; baseline -0.009 -15"><span class='ocrx_word' id='word_1_691' title='bbox 451 5580 556 5650; x_wconf 80' lang='grc' dir='ltr'><strong>κὴς</strong></span> <span class='ocrx_word' id='word_1_692' title='bbox 573 5594 588 5609; x_wconf 88' lang='grc'>⁶</span> <span class='ocrx_word' id='word_1_693' title='bbox 622 5580 651 5632; x_wconf 93' lang='lat'><strong>6</strong></span> <span class='ocrx_word' id='word_1_694' title='bbox 675 5577 834 5638; x_wconf 75' lang='grc' dir='ltr'>ἐκτὸς</span> <span class='ocrx_word' id='word_1_695' title='bbox 856 5574 1060 5646; x_wconf 80' lang='grc' dir='ltr'>ταύτης</span> <span class='ocrx_word' id='word_1_696' title='bbox 1091 5573 1192 5643; x_wconf 84' lang='grc' dir='ltr'>τῆς</span> <span class='ocrx_word' id='word_1_697' title='bbox 1219 5572 1451 5643; x_wconf 80' lang='grc' dir='ltr'>μελέτης</span> <span class='ocrx_word' id='word_1_698' title='bbox 1477 5571 1862 5642; x_wconf 75' lang='grc' dir='ltr'>εἰσερχόμενος</span> <span class='ocrx_word' id='word_1_699' title='bbox 1888 5570 1948 5622; x_wconf 84' lang='grc' dir='ltr'>ἐν</span> <span class='ocrx_word' id='word_1_700' title='bbox 1973 5571 2038 5640; x_wconf 83' lang='grc' dir='ltr'>τῇ</span> 
     </span>
    </p>
   </div>
   <div class='ocr_carea' id='block_1_90' title="bbox 459 5663 2031 5740">
    <p class='ocr_par' dir='ltr' id='par_1_90' title="bbox 459 5663 2031 5740">
     <span class='ocr_line' id='line_1_90' title="bbox 459 5663 2031 5740; baseline -0.006 -17"><span class='ocrx_word' id='word_1_701' title='bbox 459 5669 686 5740; x_wconf 78' lang='grc' dir='ltr'>ἡσυχία,</span> <span class='ocrx_word' id='word_1_702' title='bbox 718 5669 780 5721; x_wconf 83' lang='grc' dir='ltr'><strong>οὐ</strong></span> <span class='ocrx_word' id='word_1_703' title='bbox 804 5667 1032 5722; x_wconf 78' lang='grc' dir='ltr'>δύναται</span> <span class='ocrx_word' id='word_1_704' title='bbox 1067 5664 1361 5736; x_wconf 82' lang='grc' dir='ltr'>βαστάσαι,</span> <span class='ocrx_word' id='word_1_705' title='bbox 1396 5664 1543 5733; x_wconf 76' lang='grc' dir='ltr'>ἅπερ</span> <span class='ocrx_word' id='word_1_706' title='bbox 1574 5663 1863 5732; x_wconf 73' lang='grc' dir='ltr'>ὀφείλομεν</span> <span class='ocrx_word' id='word_1_707' title='bbox 1905 5677 2031 5732; x_wconf 80' lang='grc' dir='ltr'>καρ-</span> 
     </span>
    </p>
   </div>
   <div class='ocr_carea' id='block_1_91' title="bbox 453 5759 1654 5840">
    <p class='ocr_par' dir='ltr' id='par_1_91' title="bbox 453 5759 1654 5836">
     <span class='ocr_line' id='line_1_91' title="bbox 453 5759 1654 5836; baseline -0.004 -18"><span class='ocrx_word' id='word_1_708' title='bbox 453 5767 634 5836; x_wconf 79' lang='grc' dir='ltr'>τερεῐν</span> <span class='ocrx_word' id='word_1_709' title='bbox 664 5764 760 5818; x_wconf 75' lang='grc' dir='ltr'><strong>καὶ</strong></span> <span class='ocrx_word' id='word_1_710' title='bbox 789 5763 1079 5834; x_wconf 73' lang='grc' dir='ltr'>βαστάζειν</span> <span class='ocrx_word' id='word_1_711' title='bbox 1101 5763 1166 5814; x_wconf 78' lang='grc' dir='ltr'><strong>ἐκ</strong></span> <span class='ocrx_word' id='word_1_712' title='bbox 1198 5759 1396 5824; x_wconf 75' lang='grc' dir='ltr'>παντὸς</span> <span class='ocrx_word' id='word_1_713' title='bbox 1426 5761 1654 5826; x_wconf 75' lang='grc' dir='ltr'>τρόπον.</span> 
     </span>
    </p>
   </div>
   <div class='ocr_carea' id='block_1_92' title="bbox 2099 3408 3681 3482">
    <p class='ocr_par' dir='ltr' id='par_1_92' title="bbox 2099 3408 3681 3482">
     <span class='ocr_line' id='line_1_92' title="bbox 2099 3408 3681 3482; baseline -0.01 -5"><span class='ocrx_word' id='word_1_714' title='bbox 2099 3429 2292 3477; x_wconf 88' lang='lat' dir='ltr'><strong>sancto</strong></span> <span class='ocrx_word' id='word_1_715' title='bbox 2325 3419 2559 3474; x_wconf 84' lang='lat' dir='ltr'><strong>Arseuio</strong></span> <span class='ocrx_word' id='word_1_716' title='bbox 2585 3416 2658 3471; x_wconf 89' lang='lat' dir='ltr'><strong>ita</strong></span> <span class='ocrx_word' id='word_1_717' title='bbox 2689 3413 2877 3470; x_wconf 89' lang='lat' dir='ltr'><strong>divina</strong></span> <span class='ocrx_word' id='word_1_718' title='bbox 2903 3425 3005 3468; x_wconf 70' lang='lat' dir='ltr'><strong>vo:</strong></span> <span class='ocrx_word' id='word_1_719' title='bbox 3026 3411 3303 3482; x_wconf 88' lang='lat' dir='ltr'><strong>posterius</strong></span> <span class='ocrx_word' id='word_1_720' title='bbox 3335 3408 3416 3462; x_wconf 87' lang='lat' dir='ltr'><strong>sic</strong></span> <span class='ocrx_word' id='word_1_721' title='bbox 3447 3420 3681 3476; x_wconf 77' lang='lat' dir='ltr'><strong>expres-</strong></span> 
     </span>
    </p>
   </div>
   <div class='ocr_carea' id='block_1_93' title="bbox 2099 3500 3696 3581">
    <p class='ocr_par' dir='ltr' id='par_1_93' title="bbox 2099 3500 3696 3581">
     <span class='ocr_line' id='line_1_93' title="bbox 2099 3500 3696 3581; baseline -0.011 -11"><span class='ocrx_word' id='word_1_722' title='bbox 2099 3516 2209 3570; x_wconf 89' lang='lat' dir='ltr'><strong>sit:</strong></span> <span class='ocrx_word' id='word_1_723' title='bbox 2251 3533 2269 3566; x_wconf 78' lang='grc' dir='ltr'><strong>ι</strong></span> <span class='ocrx_word' id='word_1_724' title='bbox 2307 3511 2528 3580; x_wconf 80' lang='lat' dir='ltr'><strong>Arseni,</strong></span> <span class='ocrx_word' id='word_1_725' title='bbox 2585 3511 2736 3581; x_wconf 78' lang='lat' dir='ltr'><strong>fuge,</strong></span> <span class='ocrx_word' id='word_1_726' title='bbox 2787 3509 2915 3574; x_wconf 90' lang='lat' dir='ltr'><strong>sile,</strong></span> <span class='ocrx_word' id='word_1_727' title='bbox 2953 3520 3144 3578; x_wconf 87' lang='lat' dir='ltr'><strong>pacem</strong></span> <span class='ocrx_word' id='word_1_728' title='bbox 3199 3513 3362 3568; x_wconf 87' lang='lat' dir='ltr'><strong>tene,</strong></span> <span class='ocrx_word' id='word_1_729' title='bbox 3406 3507 3464 3558; x_wconf 89' lang='lat' dir='ltr'><strong>et</strong></span> <span class='ocrx_word' id='word_1_730' title='bbox 3509 3500 3696 3555; x_wconf 85' lang='lat' dir='ltr'><strong>salvus</strong></span> 
     </span>
    </p>
   </div>
   <div class='ocr_carea' id='block_1_94' title="bbox 2103 3626 2298 3667">
    <p class='ocr_par' dir='ltr' id='par_1_94' title="bbox 2103 3626 2298 3667">
     <span class='ocr_line' id='line_1_94' title="bbox 2103 3626 2298 3667; baseline -0.015 0"><span class='ocrx_word' id='word_1_731' title='bbox 2103 3626 2237 3667; x_wconf 72' lang='lat' dir='ltr'><strong>el&#39;lS.</strong></span> <span class='ocrx_word' id='word_1_732' title='bbox 2279 3629 2298 3664; x_wconf 78' lang='grc' dir='ltr'><strong>ι</strong></span> 
     </span>
    </p>
   </div>
   <div class='ocr_carea' id='block_1_95' title="bbox 2388 3779 3398 3860">
    <p class='ocr_par' dir='ltr' id='par_1_95' title="bbox 2388 3779 3398 3860">
     <span class='ocr_line' id='line_1_95' title="bbox 2388 3779 3398 3860; baseline -0.01 -15"><span class='ocrx_word' id='word_1_733' title='bbox 2388 3792 2542 3860; x_wconf 83' lang='lat' dir='ltr'><strong>Quod</strong></span> <span class='ocrx_word' id='word_1_734' title='bbox 2569 3797 2773 3860; x_wconf 82' lang='lat' dir='ltr'><strong>oportet</strong></span> <span class='ocrx_word' id='word_1_735' title='bbox 2809 3796 2857 3840; x_wconf 85' lang='lat' dir='ltr'><strong>te</strong></span> <span class='ocrx_word' id='word_1_736' title='bbox 2879 3799 2992 3840; x_wconf 74' lang='lat' dir='ltr'><strong>esse</strong></span> <span class='ocrx_word' id='word_1_737' title='bbox 3027 3779 3398 3854; x_wconf 72' lang='lat' dir='ltr'><strong>tranquillum.</strong></span> 
     </span>
    </p>
   </div>
   <div class='ocr_carea' id='block_1_96' title="bbox 2172 3873 3699 3950">
    <p class='ocr_par' dir='ltr' id='par_1_96' title="bbox 2172 3873 3699 3950">
     <span class='ocr_line' id='line_1_96' title="bbox 2172 3873 3699 3950; baseline -0.011 -10"><span class='ocrx_word' id='word_1_738' title='bbox 2172 3885 2388 3940; x_wconf 78' lang='lat' dir='ltr'><strong>Pariter</strong></span> <span class='ocrx_word' id='word_1_739' title='bbox 2437 3893 2493 3939; x_wconf 89' lang='lat' dir='ltr'><strong>et</strong></span> <span class='ocrx_word' id='word_1_740' title='bbox 2541 3882 2864 3950; x_wconf 80' lang='lat' dir='ltr'><strong>septimum,</strong></span> <span class='ocrx_word' id='word_1_741' title='bbox 2914 3891 3111 3945; x_wconf 88' lang='lat' dir='ltr'><strong>nempe</strong></span> <span class='ocrx_word' id='word_1_742' title='bbox 3172 3873 3319 3944; x_wconf 88' lang='lat' dir='ltr'><strong>quod</strong></span> <span class='ocrx_word' id='word_1_743' title='bbox 3384 3878 3605 3940; x_wconf 85' lang='lat' dir='ltr'><strong>oportet</strong></span> <span class='ocrx_word' id='word_1_744' title='bbox 3647 3878 3699 3924; x_wconf 88' lang='lat' dir='ltr'><strong>te</strong></span> 
     </span>
    </p>
   </div>
   <div class='ocr_carea' id='block_1_97' title="bbox 2103 3965 3700 4044">
    <p class='ocr_par' dir='ltr' id='par_1_97' title="bbox 2103 3965 3700 4044">
     <span class='ocr_line' id='line_1_97' title="bbox 2103 3965 3700 4044; baseline -0.011 -11"><span class='ocrx_word' id='word_1_745' title='bbox 2103 3979 2274 4033; x_wconf 82' lang='lat' dir='ltr'><strong>vitam</strong></span> <span class='ocrx_word' id='word_1_746' title='bbox 2336 3975 2687 4044; x_wconf 88' lang='lat' dir='ltr'><strong>tranquillam</strong></span> <span class='ocrx_word' id='word_1_747' title='bbox 2747 3985 2936 4040; x_wconf 77' lang='lat' dir='ltr'><strong>agere,</strong></span> <span class='ocrx_word' id='word_1_748' title='bbox 2991 3967 3200 4037; x_wconf 92' lang='lat' dir='ltr'><strong>optime</strong></span> <span class='ocrx_word' id='word_1_749' title='bbox 3229 3965 3617 4020; x_wconf 89' lang='lat' dir='ltr'><strong>demonstrant</strong></span> <span class='ocrx_word' id='word_1_750' title='bbox 3643 3969 3700 4016; x_wconf 89' lang='lat' dir='ltr'><strong>et</strong></span> 
     </span>
    </p>
   </div>
   <div class='ocr_carea' id='block_1_98' title="bbox 2104 4048 3771 4141">
    <p class='ocr_par' dir='ltr' id='par_1_98' title="bbox 2104 4048 3771 4141">
     <span class='ocr_line' id='line_1_98' title="bbox 2104 4048 3771 4141; baseline -0.011 -15"><span class='ocrx_word' id='word_1_751' title='bbox 2104 4085 2338 4141; x_wconf 77' lang='lat' dir='ltr'><strong>magnus</strong></span> <span class='ocrx_word' id='word_1_752' title='bbox 2369 4067 2604 4123; x_wconf 86' lang='lat' dir='ltr'><strong>Basilius</strong></span> <span class='ocrx_word' id='word_1_753' title='bbox 2645 4072 2700 4118; x_wconf 89' lang='lat' dir='ltr'><strong>et</strong></span> <span class='ocrx_word' id='word_1_754' title='bbox 2723 4071 2948 4118; x_wconf 86' lang='lat' dir='ltr'><strong>sanctus</strong></span> <span class='ocrx_word' id='word_1_755' title='bbox 2978 4075 3199 4115; x_wconf 89' lang='lat' dir='ltr'><strong>rursum</strong></span> <span class='ocrx_word' id='word_1_756' title='bbox 3229 4058 3414 4126; x_wconf 87' lang='lat' dir='ltr'><strong>Isaac;</strong></span> <span class='ocrx_word' id='word_1_757' title='bbox 3449 4056 3540 4110; x_wconf 90' lang='lat' dir='ltr'><strong>ille</strong></span> <span class='ocrx_word' id='word_1_758' title='bbox 3574 4054 3699 4124; x_wconf 67' lang='lat' dir='ltr'><strong>qui~</strong></span> <span class='ocrx_word' id='word_1_759' title='bbox 3756 4048 3771 4060; x_wconf 83' lang='lat'><strong><em>°</em></strong></span> 
     </span>
    </p>
   </div>
   <div class='ocr_carea' id='block_1_99' title="bbox 2105 4147 3704 4225">
    <p class='ocr_par' dir='ltr' id='par_1_99' title="bbox 2105 4147 3704 4225">
     <span class='ocr_line' id='line_1_99' title="bbox 2105 4147 3704 4225; baseline -0.013 -4"><span class='ocrx_word' id='word_1_760' title='bbox 2105 4167 2232 4223; x_wconf 88' lang='lat' dir='ltr'><strong>dem</strong></span> <span class='ocrx_word' id='word_1_761' title='bbox 2287 4163 2516 4219; x_wconf 86' lang='lat' dir='ltr'><strong>dicens:</strong></span> <span class='ocrx_word' id='word_1_762' title='bbox 2555 4177 2575 4213; x_wconf 80' lang='grc' dir='ltr'><strong>ι</strong></span> <span class='ocrx_word' id='word_1_763' title='bbox 2641 4155 3066 4225; x_wconf 85' lang='lat' dir='ltr'><strong>Tranquillitas,</strong></span> <span class='ocrx_word' id='word_1_764' title='bbox 3112 4149 3464 4223; x_wconf 80' lang='lat' dir='ltr'><strong>purgationis</strong></span> <span class='ocrx_word' id='word_1_765' title='bbox 3499 4147 3704 4202; x_wconf 72' lang='lat' dir='ltr'><strong>anima:</strong></span> 
     </span>
    </p>
   </div>
   <div class='ocr_carea' id='block_1_100' title="bbox 2106 4240 3704 4332">
    <p class='ocr_par' dir='ltr' id='par_1_100' title="bbox 2106 4240 3704 4332">
     <span class='ocr_line' id='line_1_100' title="bbox 2106 4240 3704 4332; baseline -0.013 -17"><span class='ocrx_word' id='word_1_766' title='bbox 2106 4259 2472 4332; x_wconf 85' lang='lat' dir='ltr'><strong>principium;</strong></span> <span class='ocrx_word' id='word_1_767' title='bbox 2502 4274 2522 4308; x_wconf 77' lang='grc' dir='ltr'><strong>ι</strong></span> <span class='ocrx_word' id='word_1_768' title='bbox 2564 4253 2654 4308; x_wconf 82' lang='lat' dir='ltr'><strong>hic</strong></span> <span class='ocrx_word' id='word_1_769' title='bbox 2687 4265 2847 4307; x_wconf 87' lang='lat' dir='ltr'><strong>vero:</strong></span> <span class='ocrx_word' id='word_1_770' title='bbox 2890 4267 2910 4301; x_wconf 82' lang='grc' dir='ltr'><strong>ι</strong></span> <span class='ocrx_word' id='word_1_771' title='bbox 2940 4246 3233 4303; x_wconf 85' lang='lat' dir='ltr'><strong>Terminus</strong></span> <span class='ocrx_word' id='word_1_772' title='bbox 3264 4240 3704 4313; x_wconf 86' lang='lat' dir='ltr'><strong>tranquillitatis,</strong></span> 
     </span>
    </p>
   </div>
   <div class='ocr_carea' id='block_1_101' title="bbox 2106 4332 3707 4422">
    <p class='ocr_par' dir='ltr' id='par_1_101' title="bbox 2106 4332 3707 4422">
     <span class='ocr_line' id='line_1_101' title="bbox 2106 4332 3707 4422; baseline -0.014 -11"><span class='ocrx_word' id='word_1_773' title='bbox 2106 4354 2393 4411; x_wconf 88' lang='lat' dir='ltr'><strong>silentium</strong></span> <span class='ocrx_word' id='word_1_774' title='bbox 2450 4365 2518 4404; x_wconf 79' lang='lat' dir='ltr'><strong>ex</strong></span> <span class='ocrx_word' id='word_1_775' title='bbox 2576 4345 2730 4403; x_wconf 90' lang='lat' dir='ltr'><strong>omni</strong></span> <span class='ocrx_word' id='word_1_776' title='bbox 2789 4349 2990 4413; x_wconf 88' lang='lat' dir='ltr'><strong>parte;</strong></span> <span class='ocrx_word' id='word_1_777' title='bbox 3039 4359 3076 4422; x_wconf 50' lang='grc' dir='ltr'><strong>ρ,</strong></span> <span class='ocrx_word' id='word_1_778' title='bbox 3135 4340 3227 4396; x_wconf 91' lang='lat' dir='ltr'><strong>ille</strong></span> <span class='ocrx_word' id='word_1_779' title='bbox 3259 4336 3506 4409; x_wconf 88' lang='lat' dir='ltr'><strong>quidem,</strong></span> <span class='ocrx_word' id='word_1_780' title='bbox 3538 4332 3707 4397; x_wconf 78' lang='lat' dir='ltr'><strong>liuius</strong></span> 
     </span>
    </p>
   </div>
   <div class='ocr_carea' id='block_1_102' title="bbox 2109 4427 3709 4520">
    <p class='ocr_par' dir='ltr' id='par_1_102' title="bbox 2109 4427 3709 4520">
     <span class='ocr_line' id='line_1_102' title="bbox 2109 4427 3709 4520; baseline -0.018 -17"><span class='ocrx_word' id='word_1_781' title='bbox 2109 4445 2491 4520; x_wconf 85' lang='lat' dir='ltr'><strong>principium,</strong></span> <span class='ocrx_word' id='word_1_782' title='bbox 2545 4440 2634 4494; x_wconf 85' lang='lat' dir='ltr'><strong>hic</strong></span> <span class='ocrx_word' id='word_1_783' title='bbox 2686 4452 2820 4493; x_wconf 87' lang='lat' dir='ltr'><strong>vero</strong></span> <span class='ocrx_word' id='word_1_784' title='bbox 2875 4435 3177 4491; x_wconf 87' lang='lat' dir='ltr'><strong>terminum</strong></span> <span class='ocrx_word' id='word_1_785' title='bbox 3226 4431 3314 4487; x_wconf 86' lang='lat' dir='ltr'><strong>bis</strong></span> <span class='ocrx_word' id='word_1_786' title='bbox 3367 4427 3596 4482; x_wconf 84' lang='lat' dir='ltr'><strong>vocibus</strong></span> <span class='ocrx_word' id='word_1_787' title='bbox 3647 4434 3709 4477; x_wconf 90' lang='lat' dir='ltr'><strong>ut</strong></span> 
     </span>
    </p>
   </div>
   <div class='ocr_carea' id='block_1_103' title="bbox 2109 4519 3710 4609">
    <p class='ocr_par' dir='ltr' id='par_1_103' title="bbox 2109 4519 3710 4609">
     <span class='ocr_line' id='line_1_103' title="bbox 2109 4519 3710 4609; baseline -0.019 -14"><span class='ocrx_word' id='word_1_788' title='bbox 2109 4519 2507 4609; x_wconf 80' lang='lat' dir='ltr'><strong>cetnpendiose</strong></span> <span class='ocrx_word' id='word_1_789' title='bbox 2536 4529 2932 4602; x_wconf 82' lang='lat' dir='ltr'><strong>siguilicautes.</strong></span> <span class='ocrx_word' id='word_1_790' title='bbox 2959 4524 3025 4580; x_wconf 86' lang='lat' dir='ltr'><strong>Et</strong></span> <span class='ocrx_word' id='word_1_791' title='bbox 3049 4521 3326 4594; x_wconf 68' lang='lat' dir='ltr'><strong>ianetere</strong></span> <span class='ocrx_word' id='word_1_792' title='bbox 3355 4519 3710 4574; x_wconf 84' lang='lat' dir='ltr'><strong>Testamento</strong></span> 
     </span>
    </p>
   </div>
   <div class='ocr_carea' id='block_1_104' title="bbox 2109 4614 3707 4688">
    <p class='ocr_par' dir='ltr' id='par_1_104' title="bbox 2109 4614 3707 4688">
     <span class='ocr_line' id='line_1_104' title="bbox 2109 4614 3707 4688; baseline -0.018 0"><span class='ocrx_word' id='word_1_793' title='bbox 2109 4633 2182 4688; x_wconf 87' lang='lat' dir='ltr'><strong>ita</strong></span> <span class='ocrx_word' id='word_1_794' title='bbox 2209 4631 2415 4685; x_wconf 89' lang='lat' dir='ltr'><strong>dictum</strong></span> <span class='ocrx_word' id='word_1_795' title='bbox 2444 4633 2570 4682; x_wconf 90' lang='lat' dir='ltr'><strong>est:</strong></span> <span class='ocrx_word' id='word_1_796' title='bbox 2604 4641 2623 4676; x_wconf 80' lang='grc' dir='ltr'><strong>ι</strong></span> <span class='ocrx_word' id='word_1_797' title='bbox 2681 4617 2976 4677; x_wconf 70' lang='lat' dir='ltr'><strong>Peccasti?</strong></span> <span class='ocrx_word' id='word_1_798' title='bbox 3007 4614 3469 4685; x_wconf 87' lang='lat' dir='ltr'><strong>tranquillitatem</strong></span> <span class='ocrx_word' id='word_1_799' title='bbox 3497 4625 3633 4681; x_wconf 81' lang='lat' dir='ltr'><strong>age;</strong></span> <span class='ocrx_word' id='word_1_800' title='bbox 3677 4629 3707 4661; x_wconf 75' lang='grc' dir='ltr'><strong>ιι</strong></span> 
     </span>
    </p>
   </div>
   <div class='ocr_carea' id='block_1_105' title="bbox 2109 4707 3714 4792">
    <p class='ocr_par' dir='ltr' id='par_1_105' title="bbox 2109 4707 3714 4792">
     <span class='ocr_line' id='line_1_105' title="bbox 2109 4707 3714 4792; baseline -0.011 -12"><span class='ocrx_word' id='word_1_801' title='bbox 2109 4735 2186 4792; x_wconf 86' lang='lat' dir='ltr'><strong>et,</strong></span> <span class='ocrx_word' id='word_1_802' title='bbox 2229 4741 2248 4776; x_wconf 79' lang='grc' dir='ltr'><strong>ι</strong></span> <span class='ocrx_word' id='word_1_803' title='bbox 2285 4721 2489 4777; x_wconf 78' lang='lat' dir='ltr'><strong>Vacute</strong></span> <span class='ocrx_word' id='word_1_804' title='bbox 2541 4727 2596 4773; x_wconf 90' lang='lat' dir='ltr'><strong>et</strong></span> <span class='ocrx_word' id='word_1_805' title='bbox 2622 4718 2782 4782; x_wconf 87' lang='lat' dir='ltr'><strong>scite,</strong></span> <span class='ocrx_word' id='word_1_806' title='bbox 2811 4713 2942 4785; x_wconf 88' lang='lat' dir='ltr'><strong>quia</strong></span> <span class='ocrx_word' id='word_1_807' title='bbox 2981 4709 3096 4780; x_wconf 85' lang='lat' dir='ltr'><strong>Ego</strong></span> <span class='ocrx_word' id='word_1_808' title='bbox 3135 4725 3258 4765; x_wconf 90' lang='lat' dir='ltr'><strong>sum</strong></span> <span class='ocrx_word' id='word_1_809' title='bbox 3301 4709 3467 4763; x_wconf 83' lang='lat' dir='ltr'><strong>Deus.</strong></span> <span class='ocrx_word' id='word_1_810' title='bbox 3507 4725 3526 4758; x_wconf 75' lang='grc' dir='ltr'><strong>ι</strong></span> <span class='ocrx_word' id='word_1_811' title='bbox 3572 4707 3714 4762; x_wconf 88' lang='lat' dir='ltr'><strong>Dicit</strong></span> 
     </span>
    </p>
   </div>
   <div class='ocr_carea' id='block_1_106' title="bbox 2113 4799 3712 4876">
    <p class='ocr_par' dir='ltr' id='par_1_106' title="bbox 2113 4799 3712 4876">
     <span class='ocr_line' id='line_1_106' title="bbox 2113 4799 3712 4876; baseline -0.014 -2"><span class='ocrx_word' id='word_1_812' title='bbox 2113 4825 2294 4874; x_wconf 89' lang='lat' dir='ltr'><strong>autem</strong></span> <span class='ocrx_word' id='word_1_813' title='bbox 2339 4822 2396 4869; x_wconf 88' lang='lat' dir='ltr'><strong>et</strong></span> <span class='ocrx_word' id='word_1_814' title='bbox 2447 4811 2660 4866; x_wconf 66' lang='lat' dir='ltr'><strong>Clima:</strong></span> <span class='ocrx_word' id='word_1_815' title='bbox 2719 4824 2734 4862; x_wconf 92' lang='lat'><strong>:</strong></span> <span class='ocrx_word' id='word_1_816' title='bbox 2804 4824 2822 4859; x_wconf 80' lang='grc' dir='ltr'><strong>ι</strong></span> <span class='ocrx_word' id='word_1_817' title='bbox 2862 4819 3003 4876; x_wconf 80' lang='lat' dir='ltr'><strong>Opus</strong></span> <span class='ocrx_word' id='word_1_818' title='bbox 3049 4799 3467 4871; x_wconf 82' lang='lat' dir='ltr'><strong>tranquillitatis</strong></span> <span class='ocrx_word' id='word_1_819' title='bbox 3516 4799 3712 4868; x_wconf 68' lang='lat' dir='ltr'><strong>praeci-</strong></span> 
     </span>
    </p>
   </div>
   <div class='ocr_carea' id='block_1_107' title="bbox 2113 4892 3712 4982">
    <p class='ocr_par' dir='ltr' id='par_1_107' title="bbox 2113 4892 3712 4982">
     <span class='ocr_line' id='line_1_107' title="bbox 2113 4892 3712 4982; baseline -0.014 -19"><span class='ocrx_word' id='word_1_820' title='bbox 2113 4924 2282 4982; x_wconf 87' lang='lat' dir='ltr'><strong>puum</strong></span> <span class='ocrx_word' id='word_1_821' title='bbox 2315 4915 2398 4961; x_wconf 80' lang='lat' dir='ltr'><strong>est</strong></span> <span class='ocrx_word' id='word_1_822' title='bbox 2437 4901 2576 4956; x_wconf 80' lang='lat' dir='ltr'><strong>niltil</strong></span> <span class='ocrx_word' id='word_1_823' title='bbox 2608 4913 2806 4955; x_wconf 91' lang='lat' dir='ltr'><strong>curare</strong></span> <span class='ocrx_word' id='word_1_824' title='bbox 2832 4912 2950 4952; x_wconf 75' lang='lat' dir='ltr'><strong>sive</strong></span> <span class='ocrx_word' id='word_1_825' title='bbox 2984 4892 3182 4948; x_wconf 87' lang='lat' dir='ltr'><strong>rationi</strong></span> <span class='ocrx_word' id='word_1_826' title='bbox 3213 4898 3712 4946; x_wconf 87' lang='lat' dir='ltr'><strong>consentaneorum</strong></span> 
     </span>
    </p>
   </div>
   <div class='ocr_carea' id='block_1_108' title="bbox 2123 4981 3714 5058">
    <p class='ocr_par' dir='ltr' id='par_1_108' title="bbox 2123 4981 3714 5058">
     <span class='ocr_line' id='line_1_108' title="bbox 2123 4981 3714 5058; baseline -0.016 0"><span class='ocrx_word' id='word_1_827' title='bbox 2123 4981 2240 5058; x_wconf 84' lang='lat' dir='ltr'><strong>sive</strong></span> <span class='ocrx_word' id='word_1_828' title='bbox 2268 4995 2468 5054; x_wconf 88' lang='lat' dir='ltr'><strong>rationi</strong></span> <span class='ocrx_word' id='word_1_829' title='bbox 2500 4989 2939 5048; x_wconf 86' lang='lat' dir='ltr'><strong>adversantium.</strong></span> <span class='ocrx_word' id='word_1_830' title='bbox 2971 4985 3078 5054; x_wconf 92' lang='lat' dir='ltr'><strong>Qui</strong></span> <span class='ocrx_word' id='word_1_831' title='bbox 3126 4985 3274 5039; x_wconf 89' lang='lat' dir='ltr'><strong>enim</strong></span> <span class='ocrx_word' id='word_1_832' title='bbox 3300 4983 3529 5053; x_wconf 88' lang='lat' dir='ltr'><strong>januam</strong></span> <span class='ocrx_word' id='word_1_833' title='bbox 3565 4981 3714 5051; x_wconf 87' lang='lat' dir='ltr'><strong>prio-</strong></span> 
     </span>
    </p>
   </div>
   <div class='ocr_carea' id='block_1_109' title="bbox 2123 5075 3714 5163">
    <p class='ocr_par' dir='ltr' id='par_1_109' title="bbox 2123 5075 3714 5163">
     <span class='ocr_line' id='line_1_109' title="bbox 2123 5075 3714 5163; baseline -0.015 -11"><span class='ocrx_word' id='word_1_834' title='bbox 2123 5096 2275 5152; x_wconf 89' lang='lat' dir='ltr'><strong>ribus</strong></span> <span class='ocrx_word' id='word_1_835' title='bbox 2305 5089 2504 5163; x_wconf 83' lang='lat' dir='ltr'><strong>aperit,</strong></span> <span class='ocrx_word' id='word_1_836' title='bbox 2533 5101 2662 5141; x_wconf 77' lang='lat' dir='ltr'><strong>mox</strong></span> <span class='ocrx_word' id='word_1_837' title='bbox 2692 5085 2745 5141; x_wconf 90' lang='lat' dir='ltr'><strong>in</strong></span> <span class='ocrx_word' id='word_1_838' title='bbox 2777 5083 3089 5155; x_wconf 89' lang='lat' dir='ltr'><strong>posteriora</strong></span> <span class='ocrx_word' id='word_1_839' title='bbox 3125 5078 3334 5136; x_wconf 89' lang='lat' dir='ltr'><strong>incidet</strong></span> <span class='ocrx_word' id='word_1_840' title='bbox 3361 5096 3376 5136; x_wconf 91' lang='lat'><strong>:</strong></span> <span class='ocrx_word' id='word_1_841' title='bbox 3408 5077 3600 5132; x_wconf 88' lang='lat' dir='ltr'><strong>Oratio</strong></span> <span class='ocrx_word' id='word_1_842' title='bbox 3628 5075 3714 5130; x_wconf 81' lang='lat' dir='ltr'><strong>iu-</strong></span> 
     </span>
    </p>
   </div>
   <div class='ocr_carea' id='block_1_110' title="bbox 2125 5167 3712 5259">
    <p class='ocr_par' dir='ltr' id='par_1_110' title="bbox 2125 5167 3712 5259">
     <span class='ocr_line' id='line_1_110' title="bbox 2125 5167 3712 5259; baseline -0.015 -15"><span class='ocrx_word' id='word_1_843' title='bbox 2125 5187 2336 5259; x_wconf 87' lang='lat' dir='ltr'><strong>trcpida</strong></span> <span class='ocrx_word' id='word_1_844' title='bbox 2386 5194 2440 5240; x_wconf 94' lang='lat' dir='ltr'><strong>et</strong></span> <span class='ocrx_word' id='word_1_845' title='bbox 2481 5179 2683 5237; x_wconf 87' lang='lat' dir='ltr'><strong>deinde</strong></span> <span class='ocrx_word' id='word_1_846' title='bbox 2721 5177 2970 5247; x_wconf 86' lang='lat' dir='ltr'><strong>operatio</strong></span> <span class='ocrx_word' id='word_1_847' title='bbox 3017 5173 3208 5229; x_wconf 89' lang='lat' dir='ltr'><strong>cordis</strong></span> <span class='ocrx_word' id='word_1_848' title='bbox 3250 5171 3550 5226; x_wconf 86' lang='lat' dir='ltr'><strong>tutissima.</strong></span> <span class='ocrx_word' id='word_1_849' title='bbox 3593 5167 3712 5223; x_wconf 86' lang='lat' dir='ltr'><strong>Non</strong></span> 
     </span>
    </p>
   </div>
   <div class='ocr_carea' id='block_1_111' title="bbox 2124 5263 3717 5357">
    <p class='ocr_par' dir='ltr' id='par_1_111' title="bbox 2124 5263 3717 5357">
     <span class='ocr_line' id='line_1_111' title="bbox 2124 5263 3717 5357; baseline -0.016 -15"><span class='ocrx_word' id='word_1_850' title='bbox 2124 5291 2300 5357; x_wconf 89' lang='lat' dir='ltr'><strong>potest</strong></span> <span class='ocrx_word' id='word_1_851' title='bbox 2336 5281 2452 5336; x_wconf 84' lang='lat' dir='ltr'><strong>lieri</strong></span> <span class='ocrx_word' id='word_1_852' title='bbox 2479 5285 2539 5333; x_wconf 90' lang='lat' dir='ltr'><strong>ut</strong></span> <span class='ocrx_word' id='word_1_853' title='bbox 2569 5275 2666 5347; x_wconf 88' lang='lat' dir='ltr'><strong>qui</strong></span> <span class='ocrx_word' id='word_1_854' title='bbox 2696 5274 2910 5328; x_wconf 87' lang='lat' dir='ltr'><strong>litteras</strong></span> <span class='ocrx_word' id='word_1_855' title='bbox 2943 5285 3054 5324; x_wconf 89' lang='lat' dir='ltr'><strong>non</strong></span> <span class='ocrx_word' id='word_1_856' title='bbox 3089 5265 3390 5330; x_wconf 86' lang='lat' dir='ltr'><strong>didicerit,</strong></span> <span class='ocrx_word' id='word_1_857' title='bbox 3425 5265 3482 5320; x_wconf 88' lang='lat' dir='ltr'><strong>in</strong></span> <span class='ocrx_word' id='word_1_858' title='bbox 3517 5263 3717 5318; x_wconf 89' lang='lat' dir='ltr'><strong>tabulis</strong></span> 
     </span>
    </p>
   </div>
   <div class='ocr_carea' id='block_1_112' title="bbox 2123 5353 3718 5440">
    <p class='ocr_par' dir='ltr' id='par_1_112' title="bbox 2123 5353 3718 5440">
     <span class='ocr_line' id='line_1_112' title="bbox 2123 5353 3718 5440; baseline -0.018 -5"><span class='ocrx_word' id='word_1_859' title='bbox 2123 5353 2486 5436; x_wconf 77' lang='lat' dir='ltr'><strong>exerceatur:</strong></span> <span class='ocrx_word' id='word_1_860' title='bbox 2517 5366 2918 5440; x_wconf 86' lang='lat' dir='ltr'><strong>impossibilius</strong></span> <span class='ocrx_word' id='word_1_861' title='bbox 2950 5363 3132 5418; x_wconf 84' lang='lat' dir='ltr'><strong>adhuc</strong></span> <span class='ocrx_word' id='word_1_862' title='bbox 3171 5369 3260 5416; x_wconf 82' lang='lat' dir='ltr'><strong>est.</strong></span> <span class='ocrx_word' id='word_1_863' title='bbox 3292 5366 3354 5414; x_wconf 90' lang='lat' dir='ltr'><strong>ut</strong></span> <span class='ocrx_word' id='word_1_864' title='bbox 3383 5358 3420 5413; x_wconf 92' lang='lat' dir='ltr'><strong>ii</strong></span> <span class='ocrx_word' id='word_1_865' title='bbox 3474 5353 3570 5428; x_wconf 89' lang='lat' dir='ltr'><strong>qui</strong></span> <span class='ocrx_word' id='word_1_866' title='bbox 3603 5354 3718 5426; x_wconf 86' lang='lat' dir='ltr'><strong>pri—</strong></span> 
     </span>
    </p>
   </div>
   <div class='ocr_carea' id='block_1_113' title="bbox 2127 5444 3720 5536">
    <p class='ocr_par' dir='ltr' id='par_1_113' title="bbox 2127 5444 3720 5536">
     <span class='ocr_line' id='line_1_113' title="bbox 2127 5444 3720 5536; baseline -0.016 -12"><span class='ocrx_word' id='word_1_867' title='bbox 2127 5485 2276 5526; x_wconf 90' lang='lat' dir='ltr'><strong>mum</strong></span> <span class='ocrx_word' id='word_1_868' title='bbox 2315 5483 2421 5524; x_wconf 92' lang='lat' dir='ltr'><strong>nou</strong></span> <span class='ocrx_word' id='word_1_869' title='bbox 2455 5461 2838 5536; x_wconf 87' lang='lat' dir='ltr'><strong>possederint,</strong></span> <span class='ocrx_word' id='word_1_870' title='bbox 2872 5459 2983 5510; x_wconf 88' lang='lat' dir='ltr'><strong>duo</strong></span> <span class='ocrx_word' id='word_1_871' title='bbox 3019 5455 3126 5510; x_wconf 84' lang='lat' dir='ltr'><strong>alia</strong></span> <span class='ocrx_word' id='word_1_872' title='bbox 3150 5461 3542 5522; x_wconf 83' lang='lat' dir='ltr'><strong>assequamur.</strong></span> <span class='ocrx_word' id='word_1_873' title='bbox 3597 5465 3616 5500; x_wconf 76' lang='grc' dir='ltr'><strong>ι</strong></span> <span class='ocrx_word' id='word_1_874' title='bbox 3653 5444 3720 5500; x_wconf 87' lang='lat' dir='ltr'><strong>Et</strong></span> 
     </span>
    </p>
   </div>
   <div class='ocr_carea' id='block_1_114' title="bbox 2124 5541 3716 5620">
    <p class='ocr_par' dir='ltr' id='par_1_114' title="bbox 2124 5541 3716 5620">
     <span class='ocr_line' id='line_1_114' title="bbox 2124 5541 3716 5620; baseline -0.018 0"><span class='ocrx_word' id='word_1_875' title='bbox 2124 5577 2345 5620; x_wconf 91' lang='lat' dir='ltr'><strong>rursum</strong></span> <span class='ocrx_word' id='word_1_876' title='bbox 2375 5567 2599 5616; x_wconf 88' lang='lat' dir='ltr'><strong>sanctus</strong></span> <span class='ocrx_word' id='word_1_877' title='bbox 2624 5554 2816 5609; x_wconf 73' lang='lat' dir='ltr'><strong>Isaac:</strong></span> <span class='ocrx_word' id='word_1_878' title='bbox 2852 5567 2874 5602; x_wconf 78' lang='grc' dir='ltr'><strong>ι</strong></span> <span class='ocrx_word' id='word_1_879' title='bbox 2912 5545 3357 5617; x_wconf 83' lang='lat' dir='ltr'><strong>Tranquillitatis</strong></span> <span class='ocrx_word' id='word_1_880' title='bbox 3379 5541 3716 5598; x_wconf 89' lang='lat' dir='ltr'><strong>desiderium</strong></span> 
     </span>
    </p>
   </div>
   <div class='ocr_carea' id='block_1_115' title="bbox 2127 5633 3719 5714">
    <p class='ocr_par' dir='ltr' id='par_1_115' title="bbox 2127 5633 3719 5714">
     <span class='ocr_line' id='line_1_115' title="bbox 2127 5633 3719 5714; baseline -0.017 0"><span class='ocrx_word' id='word_1_881' title='bbox 2127 5667 2212 5714; x_wconf 90' lang='lat' dir='ltr'><strong>est</strong></span> <span class='ocrx_word' id='word_1_882' title='bbox 2255 5658 2514 5712; x_wconf 79' lang='lat' dir='ltr'><strong>continua</strong></span> <span class='ocrx_word' id='word_1_883' title='bbox 2579 5649 2773 5704; x_wconf 87' lang='lat' dir='ltr'><strong>mortis</strong></span> <span class='ocrx_word' id='word_1_884' title='bbox 2802 5641 3170 5714; x_wconf 79' lang='lat' dir='ltr'><strong>exspectatio.</strong></span> <span class='ocrx_word' id='word_1_885' title='bbox 3203 5639 3306 5706; x_wconf 90' lang='lat' dir='ltr'><strong>Qui</strong></span> <span class='ocrx_word' id='word_1_886' title='bbox 3347 5637 3570 5707; x_wconf 85' lang='lat' dir='ltr'><strong>absque</strong></span> <span class='ocrx_word' id='word_1_887' title='bbox 3615 5633 3719 5689; x_wconf 85' lang='lat' dir='ltr'><strong>hoc</strong></span> 
     </span>
    </p>
   </div>
   <div class='ocr_carea' id='block_1_116' title="bbox 2131 5723 3727 5812">
    <p class='ocr_par' dir='ltr' id='par_1_116' title="bbox 2131 5723 3727 5812">
     <span class='ocr_line' id='line_1_116' title="bbox 2131 5723 3727 5812; baseline -0.019 1"><span class='ocrx_word' id='word_1_888' title='bbox 2131 5752 2407 5812; x_wconf 76' lang='lat' dir='ltr'><strong>exercito</strong></span> <span class='ocrx_word' id='word_1_889' title='bbox 2453 5748 2507 5805; x_wconf 91' lang='lat' dir='ltr'><strong>in</strong></span> <span class='ocrx_word' id='word_1_890' title='bbox 2542 5739 2952 5812; x_wconf 74' lang='lat' dir='ltr'><strong>tranquillitate</strong></span> <span class='ocrx_word' id='word_1_891' title='bbox 3011 5730 3343 5804; x_wconf 74' lang='lat' dir='ltr'><strong>ingreditur,</strong></span> <span class='ocrx_word' id='word_1_892' title='bbox 3381 5723 3492 5786; x_wconf 86' lang='lat' dir='ltr'><strong>non</strong></span> <span class='ocrx_word' id='word_1_893' title='bbox 3543 5736 3727 5799; x_wconf 77' lang='lat' dir='ltr'><strong>potest</strong></span> 
     </span>
    </p>
   </div>
   <div class='ocr_carea' id='block_1_117' title="bbox 465 5856 2126 5935">
    <p class='ocr_par' dir='ltr' id='par_1_117' title="bbox 465 5856 2126 5935">
     <span class='ocr_line' id='line_1_117' title="bbox 465 5856 2126 5935; baseline -0.009 -11"><span class='ocrx_word' id='word_1_894' title='bbox 465 5868 605 5924; x_wconf 72' lang='lat' dir='ltr'><strong>{care</strong></span> <span class='ocrx_word' id='word_1_895' title='bbox 649 5879 771 5935; x_wconf 63' lang='lat' dir='ltr'><strong>quae</strong></span> <span class='ocrx_word' id='word_1_896' title='bbox 817 5865 1090 5926; x_wconf 82' lang='lat' dir='ltr'><strong>sustinere</strong></span> <span class='ocrx_word' id='word_1_897' title='bbox 1133 5877 1197 5919; x_wconf 88' lang='lat' dir='ltr'><strong>ac</strong></span> <span class='ocrx_word' id='word_1_898' title='bbox 1220 5861 1447 5920; x_wconf 78' lang='lat' dir='ltr'><strong>suil‘erre</strong></span> <span class='ocrx_word' id='word_1_899' title='bbox 1473 5862 1622 5920; x_wconf 81' lang='lat' dir='ltr'><strong>oumi</strong></span> <span class='ocrx_word' id='word_1_900' title='bbox 1654 5856 1813 5916; x_wconf 81' lang='lat' dir='ltr'><strong>modo</strong></span> <span class='ocrx_word' id='word_1_901' title='bbox 1849 5856 2126 5913; x_wconf 83' lang='lat' dir='ltr'><strong>debemus.</strong></span> 
     </span>
    </p>
   </div>
   <div class='ocr_carea' id='block_1_118' title="bbox 533 5983 1216 6056">
    <p class='ocr_par' dir='ltr' id='par_1_118' title="bbox 533 5983 1216 6056">
     <span class='ocr_line' id='line_1_118' title="bbox 533 5983 1216 6056; baseline -0.01 -13"><span class='ocrx_word' id='word_1_902' title='bbox 533 5988 576 6021; x_wconf 84' lang='lat'>&quot;</span> <span class='ocrx_word' id='word_1_903' title='bbox 605 5985 791 6049; x_wconf 71' lang='lat' dir='ltr'><strong>Matllt.</strong></span> <span class='ocrx_word' id='word_1_904' title='bbox 824 6001 897 6055; x_wconf 81' lang='lat' dir='ltr'><strong>vt,</strong></span> <span class='ocrx_word' id='word_1_905' title='bbox 929 5983 1020 6053; x_wconf 71' lang='grc' dir='ltr'><strong>εδ,</strong></span> <span class='ocrx_word' id='word_1_906' title='bbox 1059 5998 1216 6056; x_wconf 80' lang='lat' dir='ltr'><strong>seqq.</strong></span> 
     </span>
    </p>
   </div>
  </div>
