4076 6444
422 350 525 416 671

609 464 768 534 Quod
797 475 1002 536 oportet
1037 466 1090 522 in
1113 467 1356 522 erunibus
1389 472 1591 540 gratias
1623 484 1798 537 agere.

487 558 760 618 Similiter
796 573 850 617 et
879 563 947 617 de
979 572 1200 626 octavo.
1234 562 1444 619 scilicet
1477 564 1626 634 quod
1657 563 1710 616 iu
1750 561 2010 617 omnibus

415 664 630 721 oportet
667 665 720 710 te
771 656 978 724 gratias
1030 672 1212 725 agere,
1278 656 1551 722 optimum
1609 655 1778 710 habes
1817 657 2010 710 ducem

416 745 664 801 divinum
693 749 1002 815 apostolum
1033 747 1260 804 Paulum
1293 749 1372 804 sic
1397 749 1804 818 praecipientem
1834 767 1848 802 :
1890 766 1910 800 ι
1952 746 2009 802 lu

417 842 678 897 omnibus
708 843 914 908 gratias
941 843 1085 909 agite
1115 844 1182 898 ⁸ο.
1221 861 1240 894 ι
1282 841 1344 898 Et
1375 845 1526 911 pium
1563 844 1714 898 lsaac
1743 861 1758 898 :
1793 862 1812 896 ι
1851 845 2012 899 Acci-

419 932 620 1001 pientis
679 935 871 1004 gratia:
920 936 1221 989 donautem
1251 937 1493 990 excitant
1523 945 1578 989 ut
1618 937 1827 1005 majora
1857 937 2003 1004 prio-

417 1025 575 1079 ribus
607 1029 750 1081 dona
784 1029 1073 1097 largiatur.
1116 1029 1222 1095 Qui
1258 1044 1366 1083 non
1412 1031 1524 1099 agit
1557 1029 1769 1097 gratias
1801 1029 1869 1084 de
1904 1031 2011 1082 mi-

417 1121 650 1176 noribus
680 1137 742 1174 ac
778 1122 844 1175 de
880 1122 1186 1190 majorinus
1212 1163 1227 1180 .
1257 1123 1611 1178 mendaxest
1641 1133 1695 1179 et
1731 1125 2009 1190 injustus:

416 1222 472 1266 et
515 1215 703 1282 dirigit
741 1216 807 1268 ad
845 1215 1126 1269 hominem
1157 1216 1250 1270 Dei
1279 1217 1543 1272 benelicia
1579 1234 1676 1272 cor
1704 1219 1768 1272 ad
1807 1220 2012 1287 gratias

418 1317 687 1375 perpetuo
731 1307 976 1377 agendas
1042 1308 1415 1379 dispnsi'um:
1458 1311 1606 1380 quod
1643 1314 2009 1369 tentatiouem

420 1396 474 1450 in
525 1398 764 1450 animam
834 1399 1088 1464 inducit,
1154 1404 1456 1456 murmuris
1486 1413 1570 1459 est
1594 1407 1856 1474 cogitatio
1888 1423 2013 1477 que

416 1503 638 1555 semper
663 1490 718 1543 in
753 1495 920 1545 corde
963 1492 1229 1560 agitatur.
1265 1492 1340 1549 Os
1393 1497 1538 1564 quod
1591 1499 1856 1553 continuo
1885 1516 2012 1571 gra-

417 1581 525 1636 tias
558 1583 691 1648 agit,
731 1583 1170 1641 benedictionem
1212 1588 1413 1658 accipit
1443 1605 1472 1643 a
1504 1589 1740 1648 Domino
1763 1633 1776 1654 .
1806 1603 1861 1649 et
1885 1609 2014 1663 gra-

422 1672 493 1727 tia
555 1674 645 1731 Dei
701 1675 947 1733 illibatur
975 1680 1128 1735 cordi
1200 1682 1255 1736 in
1325 1683 1670 1753 gratitudine
1733 1701 2002 1758 perseve-

419 1765 580 1824 ranti.

488 1974 646 2042 Quod
677 1991 881 2042 oportet
915 1985 1192 2052 propriam
1224 1987 1596 2057 inﬁrmitatem
1627 2007 1936 2059 agnoscere.

491 2071 770 2138 Quantum
817 2077 1037 2147 colligat
1087 2078 1306 2134 lucrum
1363 2081 1411 2136 is
1462 2082 1555 2151 qui
1613 2085 1892 2154 propriam
1922 2085 2010 2139 in.

421 2164 736 2222 ﬁrmitatem
792 2170 968 2240 pergit
995 2186 1298 2237 agnoscere
1322 2174 1490 2243 (quod
1518 2176 1739 2243 quidem
1778 2193 2012 2234 numero

422 2276 630 2313 nonum
664 2264 808 2326 est),
846 2273 1007 2318 sexto
1045 2264 1217 2319 divini
1264 2265 1486 2321 Davidis
1521 2269 1736 2337 psalmo
1772 2281 2009 2324 mentem

415 2353 688 2409 adhibens
740 2355 945 2422 disces,
1013 2357 1104 2410 ubi
1167 2359 1344 2415 dicit:
1383 2377 1402 2411 ι
1437 2360 1701 2416 Miserere
1733 2364 1865 2429 mei,
1904 2363 2010 2416 Do-

416 2446 588 2508 mine.
617 2451 878 2516 quoniam
921 2451 1174 2505 iulirmus
1200 2453 1404 2508 sum“.
1478 2473 1496 2506 ι
1538 2454 1601 2508 Ει
1628 2456 1756 2509 alibi
1790 2473 1804 2510 :
1845 2476 1864 2509 ι
1899 2456 2011 2524 Ego

416 2553 539 2593 sum
577 2539 778 2594 vermis
808 2550 862 2594 et
897 2557 1006 2596 non
1053 2542 1259 2600 homo:
1310 2547 1676 2614 opprobrium
1721 2547 2008 2602 hominum

313 2621 322 2629 ’
421 2637 477 2684 et
503 2630 738 2700 ahjertio
776 2632 952 2701 plebis
985 2635 1054 2689 ".
1093 2652 1112 2688 ι
1159 2633 1220 2688 Et
1251 2648 1478 2693 sanctus
1505 2638 1703 2694 Isaac:
1746 2659 1766 2692 ι
1816 2641 2012 2696 Beatus

417 2723 522 2786 vir,
571 2725 664 2793 qui
721 2741 878 2781 suam
919 2729 1134 2784 noverit
1166 2730 1548 2788 inﬁrmitatem
1581 2751 1594 2788 :
1622 2749 1689 2788 eo
1716 2737 1860 2804 quod
1905 2737 2007 2791 hac

417 2814 650 2871 scientia
707 2827 972 2887 tanquam
1043 2820 1402 2877 fiindaniento
1468 2825 1660 2890 utitur,
1710 2833 1764 2880 et
1819 2827 1879 2881 lit
1930 2826 2010 2881 illi

414 2912 597 2968 omnis
656 2913 916 2970 bonitatis
947 2916 1320 2986 principium;
1357 2933 1483 2972 cum
1521 2920 1669 2974 enim
1705 2922 1831 2989 quis
1863 2921 2010 2975 didi-

420 3005 559 3060 cerit
590 2989 644 3058 et
683 3006 738 3060 in
772 3008 1000 3065 veritate
1029 3011 1263 3064 senserit
1298 3011 1576 3082 propriam
1610 2995 2010 3082 infirmitatem,

413 3100 826 3167 tuncanitnam
849 3117 1005 3157 suam
1039 3117 1068 3156 a
1101 3104 1361 3172 superbia
1389 3106 1626 3175 protegit
1663 3121 1789 3174 quae
1824 3106 2012 3161 scien-

1309 349 1664 413 CALLISTI
1701 351 1799 413 ET
1838 348 2145 410 IGNATII
2190 350 2895 414 XANTHOPU'LORUM

2040 463 2088 520 Α

3598 352 3702 417 6τῖ

2415 456 2544 509 Ὀτι
2575 455 2670 510 δεῖ
2692 456 2762 510 ἐν
2790 457 2971 512 παντί
3000 459 3399 530 εὐχαριστεῖν.

2189 567 2559 645 Η’.,⁹ομοίως
2609 569 2704 621 καὶ
2754 571 2886 641 περὶ
2926 570 3022 624 τοῦ
3081 572 3293 642 ὀγδόου,
3343 577 3464 645 ἦτοι
3513 579 3609 634 τοῦ
3641 584 3700 636 ἐν

2113 641 2656 728 παντὶέὐχαριστείν
2682 677 2766 726 σε,
2795 661 2939 714 ἔστω
2966 641 3146 727 ἱκανὸς
3173 641 3478 740 ὑφηγητὴς,
3503 673 3532 723 6
3559 670 3699 734 θεῖος

2111 750 2411 813 ἀπόστολος
2443 750 2650 815 Παῦλος
2680 754 3071 823 προστάσσων⁸
3121 776 3140 809 ι
3172 760 3260 812 Ἐν
3294 762 3460 815 παντὶ
3477 763 3700 835 εὐχαρι-

2111 845 2309 907 στεῖτε,
2337 862 2354 894 ι
2381 844 2476 896 καὶ
2501 844 2529 894 6
2556 844 2703 906 ὅσιος
2745 845 2931 900 Ἰσαάκ
2957 865 2971 879 ·
3001 849 3066 902 Ἢ
3094 849 3416 922 εὐχαριστία
3439 854 3534 910 τοῦ
3555 856 3699 926 λαμ.

2109 932 2387 994 ϐάλλοντος,
2421 931 2659 1002 ἐρεθίςει
2689 934 2781 988 τὸν
2810 934 3022 989 διδόντα
3043 976 3058 997 .
3099 939 3196 990 τοῦ
3224 940 3410 993 δοῦναι
3433 941 3580 1014 δωρή
3591 961 3695 1014 μα-

2111 1043 2179 1079 τα
2222 1026 2449 1096 μείζονα
2491 1026 2604 1080 τῶν
2657 1031 2960 1099 προτέρων.
3000 1032 3065 1084 '0
3100 1032 3176 1104 μὴ
3210 1034 3553 1106 εὐχαριστῶν
3605 1039 3699 1091 ἐπὶ

2109 1120 2223 1181 τοῖς
2252 1118 2622 1188 μικροτέροις,
2657 1120 2753 1172 καὶ
2785 1120 2879 1174 ἐπὶ
2904 1125 3016 1184 τοῖς
3053 1123 3286 1192 μείζοσι,
3314 1127 3556 1197 ψεύστης
3580 1133 3698 1184 ἐστὶ

2111 1210 2207 1263 καὶ
2251 1210 2458 1273 ἄδικος,
2508 1215 2602 1264 καὶ
2649 1213 2676 1265 6
2734 1212 2946 1281 ὁδηγῶν
2982 1218 3050 1267 τὰ
3091 1217 3404 1288 χαρίσματα
3442 1220 3534 1273 τοῦ
3563 1221 3696 1275 Θεοῦ

2109 1302 2248 1372 πρδς
2281 1303 2371 1354 τὸν
2401 1302 2716 1369 ἄνθρωπον,
2754 1306 2954 1376 καρδία
3004 1310 3296 1382 κινουμένη
3353 1311 3491 1382 πρὸς
3537 1313 3700 1384 εὐχα-

2112 1394 2324 1464 ριστίαν
2355 1395 2699 1450 ἀδιάλειπτον
2721 1413 2734 1427 °
2766 1399 2794 1451 6
2836 1399 3049 1468 ὁδηγῶν
3084 1402 3175 1455 τὸν
3216 1406 3524 1475 πειρασμὸν
3561 1407 3696 1478 πρὸς

2108 1487 2208 1557 τὴν
2240 1486 2441 1558 ψυχὴν,
2479 1489 2512 1559 ἡ
2543 1488 2724 1544 ἔννοιά
2775 1493 2893 1545 ἐστι
2945 1493 3041 1546 τοῦ
3094 1497 3493 1570 γογγυσμοῦ,ὴ
3526 1518 3701 1556 κινου-

2113 1584 2250 1654 μένη
2281 1584 2369 1635 ἀεὶ
2414 1585 2472 1635 ὲν
2521 1585 2586 1653 τῇ
2620 1583 2840 1655 καρδίᾳ,
2881 1585 2977 1638 καὶ
3005 1588 3182 1658 στόμα
3212 1587 3505 1655 διαπαντὸς
3533 1594 3694 1664 εὐχα-

2110 1671 2351 1740 ριστοῦν,
2395 1673 2648 1741 εὐλογίαν
2674 1673 2891 1744 δέχεται
2925 1677 3076 1746 παρὰ
3128 1678 3225 1731 τοῦ
3255 1679 3414 1744 Θεοῦ,
3439 1683 3533 1735 καὶ
3567 1701 3699 1754 καρ-

2105 1762 2196 1816 δία
2245 1763 2574 1834 διαμένουσα
2608 1767 2666 1819 ἐν
2716 1769 3060 1842 εὐχαριστία,
3093 1771 3361 1841 ἐμπίπτει
3395 1776 3452 1827 ὲν
3485 1775 3624 1846 αὐτῇ
3660 1779 3693 1847 ἡ

2108 1855 2294 1927 χάρις.

2254 1969 2373 2022 Ὀτι
2402 1969 2497 2024 δεῖ
2518 1971 2838 2041 γινώσκειν
2867 1974 2981 2044 τὴν
3010 1976 3170 2032 ἰδίαν
3198 1980 3547 2040 ἀσθένειαν.

2177 2082 2252 2135 Θ’.
2304 2083 2524 2136 Ἢλίκον
2557 2083 2741 2154 μέντοι
2790 2085 2850 2140 τὸ
2891 2088 3086 2158 κέρδος
3123 2091 3448 2161 συλλέγεται
3485 2095 3563 2165 τῷ
3595 2111 3697 2149 πε-

2107 2176 2344 2244 φθακότι
2406 2178 2611 2246 γνῶναι
2647 2179 2747 2251 τὴν
2789 2182 2988 2235 ἑαυτοῦ
3019 2185 3326 2251 ἀσθένειαν,
3356 2188 3385 2241 ὃ
3414 2192 3507 2242 καὶ
3542 2191 3696 2246 ἔννα-

2103 2284 2198 2320 τον
2227 2269 2303 2340 τῷ
2322 2271 2543 2340 ἀριθμῷ
2563 2274 2794 2340 πέφυκε,
2828 2275 3084 2348 προσχὼν
3111 2279 3186 2349 τῷ
3209 2280 3356 2352 ἕκτῳ
3381 2282 3578 2353 ψαλμῷ
3599 2284 3693 2337 τοῦ

2110 2358 2255 2414 θείου
2299 2363 2466 2416 Δαΰὶδ
2515 2365 2759 2438 μαθήσῃ,
2793 2370 2849 2420 ὲν
2902 2364 2982 2433 οἷς
3017 2387 3184 2441 φησιν
3208 2389 3222 2404 ·
3253 2393 3272 2426 ι
3309 2375 3564 2447 Ἐλέησόν
3605 2395 3693 2448 με,

2110 2453 2308 2524 Κύριε,
2343 2455 2427 2508 ὅτι
2477 2457 2711 2529 ἀσθενής
2744 2463 2883 2530 εἰμι.
2907 2481 2925 2515 ι
2971 2465 3079 2518 Kal.
3112 2466 3381 2538 ἀλλαχοῦ·
3421 2487 3440 2521 ι
3475 2471 3616 2539 Ἐγὼ
3639 2472 3696 2526 δέ

2107 2546 2225 2614 είμι
2259 2545 2477 2616 σκώληξ
2514 2549 2611 2601 καὶ
2647 2551 2747 2604 οὐκ
2775 2551 3096 2624 ἄνθρωπος·
3137 2557 3339 2623 ὄνειδος
3371 2561 3695 2634 ἀνθρώπων,

2106 2637 2201 2687 καὶ
2234 2636 2574 2707 ὲξουθένημα
2615 2638 2771 2694 λαοῦ.
2808 2660 2826 2690 ι
2878 2645 2986 2696 Kal.
3012 2649 3040 2698 6
3071 2648 3225 2714 ἅγιος
3263 2650 3476 2705 Ἰσαάκ’
3509 2653 3698 2707 Μακά-

2109 2743 2221 2798 ριος
2251 2728 2560 2798 ἅνθρωπος,
2609 2734 2637 2786 6
2684 2733 2976 2803 γινώσκων
3025 2738 3123 2808 τὴν
3155 2742 3350 2795 ἑαυτοῦ
3379 2743 3690 2809 ἀσθένειαν,

2109 2819 2246 2873 διότι
2305 2820 2447 2891 αῦτη
2500 2825 2533 2894 ἡ
2585 2826 2786 2892 γνῶσις
2825 2830 3047 2896 ,γίνεται
3085 2833 3232 2904 αὐτῷ
3288 2835 3557 2903 θεμέλιος,
3603 2843 3697 2893 καὶ

2104 2911 2248 2983 ἀρχὴ
2283 2913 2465 2985 πάσης
2497 2917 2884 2990 ἀγαθωσύνης.
2920 2923 3090 2976 Ὅταν
3140 2926 3249 2997 γὰρ
3290 2928 3436 3001 μάθῃ
3467 2947 3572 2997 τις,
3603 2935 3697 2987 καὶ

2103 3003 2163 3055 ὲν
2193 3005 2422 3077 ἀληθεία
2453 3010 2694 3082 ἀἰσθηθῇ
2727 3012 2827 3082 τῆς
2858 3015 3055 3068 ἑαυτοῦ
3083 3018 3390 3085 ἀσθενείας,
3430 3025 3693 3094 τηνικαῦ-

2102 3113 2172 3149 τα
2206 3100 2559 3169 περισφίγγει
2592 3105 2691 3175 τὴν
2745 3106 2941 3160 ἑαυτοῦ
2967 3108 3147 3181 ψυχὴν
3168 3113 3276 3166 ἀπὸ
3302 3115 3400 3184 τῆς
3428 3117 3694 3185 χαυνότη-

416 3193 550 3247 tiam
588 3193 859 3256 debilitat,
909 3205 964 3249 et
1009 3197 1415 3250 munimentum
1449 3197 1550 3252 sibi
1583 3199 1942 3254 thesaurizat.
1984 3217 2002 3252 ι

2102 3205 2194 3252 τος
2242 3193 2344 3263 τῆς
2401 3195 2762 3268 ἀμαυροῦσης
2819 3198 2917 3270 τὴν
2951 3202 3176 3270 γνῶσιν,
3235 3207 3326 3260 καὶ
3374 3206 3695 3278 θησαυρίζει

415 3284 505 3350 Et,
551 3306 570 3339 ι
615 3287 791 3342 Homo
817 3290 908 3357 qui
937 3305 1054 3344 sum
1094 3290 1436 3346 inﬁrmitatis
1488 3307 1807 3346 mensuram
1841 3307 2010 3363 agno-

415 3379 544 3444 scit,
583 3381 910 3452 perlectam.
928 3381 1300 3438 humilitatem
1337 3384 1677 3453 assequitur.

583 3565 736 3632 Quod
771 3574 974 3637 oportet
1005 3566 1232 3620 viriliter
1263 3568 1548 3621 tentationi
1573 3569 1840 3624 resistere.

487 3660 682 3716 Restat
714 3669 882 3730 caput
915 3660 1046 3714 illud
1085 3661 1232 3728 quod
1260 3661 1531 3714 decimum
1571 3678 1866 3719 numerum
1896 3663 2011 3720 elli-

419 3755 519 3818 cit.
573 3771 772 3825 nempe
820 3754 917 3810 tibi
964 3755 1202 3811 viriliter
1245 3755 1610 3812 sustinendas
1641 3773 1704 3811 ac
1739 3742 2008 3825 patienter

416 3850 911 3923 longanimiterque
943 3864 1164 3919 semper
1208 3849 1549 3906 sull‘erendas
1587 3865 1711 3906 esse
1757 3852 2007 3909 diversas

414 3960 480 4002 ac
511 3944 839 4015 multiplices
874 3957 998 4012 qua:
1032 3947 1426 4011 superveniunt
1457 3945 1813 4001 tentationes.
1864 3943 2004 4002 Audi

414 4042 582 4112 igitur
643 4041 826 4110 qualia
879 4041 946 4094 ad
1005 4039 1136 4095 illud
1179 4039 1232 4092 in
1283 4041 1488 4094 divinis
1521 4041 1831 4110 Scripturis
1857 4041 2002 4098 dicta

418 4134 732 4203 pertineant
763 4143 973 4202 :atquc
1014 4132 1176 4202 igitur
1209 4131 1416 4189 Christi
1475 4135 1757 4201 aposmlus
1805 4133 2005 4192 Paulus

413 4224 585 4278 dicit:
633 4243 650 4275 ι
701 4223 816 4278 Non
866 4233 949 4279 est
1017 4225 1174 4278 nobis
1240 4225 1559 4282 colluctatio
1587 4228 1855 4284 adversus
1880 4244 2007 4283 san-

411 4317 635 4387 guinem
685 4325 739 4371 et
794 4331 1061 4370 carnem:
1101 4316 1197 4372 sed
1239 4318 1505 4373 adversus
1557 4319 1901 4389 principatus
1951 4331 2004 4375 et

411 4419 733 4480 potestates,
789 4411 1059 4464 adversus
1101 4408 1294 4462 mundi
1352 4420 1596 4466 rectores
1633 4415 1987 4466 tenebrarum

411 4504 640 4565 harum,
690 4514 884 4558 contra
937 4502 1248 4570 spiritualia
1305 4504 1566 4574 nequitia:
1623 4504 1678 4559 in
1753 4507 1996 4562 cmtesti-

411 4597 512 4652 bus
545 4595 614 4650 ⁶³.
660 4613 680 4648 ο
713 4595 824 4651 Et:
866 4613 884 4648 ι
945 4596 1003 4651 Si
1037 4600 1174 4652 estis
1230 4607 1385 4653 extra
1452 4598 1808 4669 disciplinam
1838 4601 1998 4668 cujus

411 4688 540 4744 lacti
585 4697 718 4743 sunt
755 4704 954 4744 omnes
1014 4689 1357 4760 participes;
1420 4690 1585 4762 igitur
1633 4693 1810 4762 spurii
1868 4694 2001 4749 estis

410 4795 592 4849 neque
648 4781 749 4835 lilii
800 4781 868 4837 ‘l;
907 4799 924 4834 ι
963 4780 1028 4836 Ει
1065 4781 1281 4849 :Quem
1313 4783 1492 4855 diligit
1531 4782 1822 4852 Dominus,
1865 4787 1999 4842 edo-

411 4884 500 4928 cet
525 4875 571 4908 "
604 4893 622 4925 ι
642 4885 718 4938 et,
753 4893 773 4926 σ
807 4873 1072 4946 Flagellat
1103 4877 1364 4932 Dominus
1391 4893 1610 4934 omnem
1637 4879 1806 4936 lilium
1835 4895 1998 4952 quem

405 4969 620 5038 recipit.
651 4969 698 5001 “
722 4987 742 5022 ι
768 4969 829 5024 Ει
860 4970 1026 5025 hater
1053 4971 1305 5028 Domini:
1335 4989 1355 5024 ι
1400 4971 1511 5027 Vir'
1545 4973 1848 5031 intentatus
1877 4976 2008 5031 abs-

403 5074 516 5130 que
544 5059 737 5129 gloria.
775 5059 820 5093 ⁸⁷
851 5080 870 5115 ι
927 5061 988 5116 Ει
1034 5075 1266 5119 sanctus
1313 5063 1502 5130 Elias,
1541 5068 1623 5122 vir
1650 5067 1742 5124 ille
1763 5069 1951 5141 justus
1984 5091 1998 5126 :

410 5170 432 5205 ε
461 5152 643 5209 .Omni
675 5154 994 5212 Christiano
1043 5157 1203 5223 licet,
1240 5173 1363 5214 vere
1397 5161 1448 5213 iu
1478 5160 1652 5218 Deum
1679 5165 1931 5220 credenti
1983 5209 1996 5232 ,

401 5260 518 5301 non
575 5263 697 5303 esse
758 5249 1079 5319 sollicitum,
1135 5241 1232 5306 sed
1305 5253 1550 5326 undique
1588 5270 1920 5328 exspectare
1951 5271 2001 5316 et

403 5341 664 5408 excipere
693 5345 1050 5399 tentatiouem
1079 5360 1094 5402 :
1146 5344 1223 5400 ita
1261 5353 1343 5412 ut,
1372 5348 1600 5417 quando
1631 5353 1848 5407 venerit
1889 5369 1996 5408 non

402 5439 708 5507 expellatur
737 5453 913 5508 neque
943 5443 1216 5494 turbetur.
1264 5441 1372 5495 Sed
1395 5443 1603 5508 gratias
1632 5457 1830 5513 agens,
1871 5461 1992 5501 sus

399 5531 543 5588 tinet
585 5532 900 5589 alllictionis
953 5536 1120 5599 ictus,
1175 5542 1230 5590 et
1264 5535 1473 5605 cogitat
1523 5538 1654 5607 quid
1695 5554 1821 5594 cum
1861 5541 1992 5594 l’ro-

401 5627 564 5698 pheta
594 5629 834 5696 psallens
861 5629 1042 5684 dicat:
1078 5647 1098 5681 ι
1139 5628 1314 5684 l’roba
1341 5645 1450 5693 me,
1479 5629 1732 5698 Domine,
1756 5617 1993 5690 attenta

405 5734 524 5787 me;
562 5719 610 5752 “
643 5737 665 5772 ι
705 5734 885 5789 neque
913 5719 1087 5775 dicit:
1155 5738 1174 5772 ι
1220 5719 1522 5792 Disciplina
1574 5730 1664 5777 tua
1714 5727 1984 5781 subvertit

474 5839 521 5872 "
543 5841 562 5897 l
586 5839 780 5896 Thess.
814 5859 866 5905 ν,
903 5841 986 5896 18.
1101 5841 1142 5871 ⁶¹
1175 5839 1320 5897 Psal.
1349 5859 1425 5904 vi,
1453 5841 1504 5894 5.

405 5923 491 5980 tu,
517 5911 602 5969 ιτ.
686 5913 730 5945 ⁸⁵
761 5912 926 5970 Hebr.
956 5928 1050 5975 sit.
1088 5912 1141 5968 6.
1220 5914 1261 5947 "
1292 5911 1410 5970 Jac.
1443 5928 1480 5982 ι,
1519 5912 1605 5968 li.

1599 5841 1644 5872 "
1697 5840 1841 5896 Psal.
1903 5859 2013 5902 xxi.
2073 5845 2125 5896 7.
2207 5843 2250 5874 ‘3
2291 5844 2485 5902 rTn‘ics.
2522 5863 2596 5907 τι,
2631 5849 2711 5906 l2.

1717 5913 1762 5946 ⁸⁸
1788 5914 1932 5970 l’sal.
1979 5931 2104 5980 xxv,
2138 5915 2192 5968 :2.

2102 3281 2281 3353 ἑαυτῷ
2353 3288 2786 3362 παραφυλακήν.
2823 3293 2933 3346 Καί
2965 3311 2980 3327 ο
3035 3295 3091 3348 Ὀ
3117 3295 3403 3367 ἅνθρωπος
3427 3303 3456 3354 6
3484 3301 3693 3368 φθάσας

2106 3373 2312 3440 γνῶναι
2335 3375 2396 3428 τὸ
2417 3379 2617 3450 μέτρον
2645 3383 2748 3454 τῆς
2779 3385 3066 3453 ἀσθενείας
3089 3390 3279 3458 αὐτοῦ,
3307 3387 3460 3459 οὗτος
3491 3395 3692 3467 ἔφθασε

2103 3463 2166 3516 τὸ
2193 3465 2400 3519 τέλειον
2434 3467 2537 3538 τῆς
2561 3473 2970 3542 ταπεινώσεως.

2186 3569 2315 3622 Ὀτι
2340 3569 2439 3624 δεῖ
2462 3575 2755 3642 γενναίως
2782 3577 2992 3646 φέρειν
3019 3578 3164 3646 τοὺς
3194 3583 3588 3652 πειρασμούς.

2171 3675 2227 3734 l'.
2269 3678 2594 3737 ’Υπόλοιπον
2631 3684 2688 3737 δὲ
2735 3687 2832 3740 τοῦ
2877 3687 3038 3758 λόγου
3071 3691 3388 3760 κεφάλαιον,
3420 3694 3448 3746 6
3483 3697 3575 3748 καὶ
3599 3696 3687 3750 τὸν

2098 3767 2396 3825 ἐκτεθέντα
2420 3776 2550 3844 ἡμῖν
2572 3777 2650 3839 είς
2679 3777 2908 3842 δέκατον
2931 3782 3165 3856 ἀριθμὸν
3194 3786 3530 3858 συμπληροῖ,
3554 3787 3687 3841 καθ-

2099 3861 2322 3934 έστηκε,
2357 3865 2418 3919 τὸ
2451 3871 2715 3935 γενναίως
2745 3873 2935 3944 φέρειν
2997 3876 3091 3929 καὶ
3135 3877 3492 3934 ἀνθίστασθαι
3543 3885 3681 3952 μετὰ

2098 3954 2387 4027 ὑπομονῆς
2435 3961 2532 4013 καὶ
2579 3964 2987 4036 μακροθυμίας,
3018 3969 3156 4041 πρὸς
3202 3974 3328 4037 τοὺς
3385 3975 3682 4044 μέλλοντας

2096 4053 2519 4122 ἐπισυμϐαίνειν
2561 4074 2644 4111 σοι
2685 4060 2982 4131 διαφόρους
3037 4067 3134 4119 καὶ
3170 4069 3469 4135 πολυειδεῖς
3492 4089 3687 4142 πειρα⁹

2100 4145 2294 4212 σμούς.
2327 4149 2596 4203 Ἀκουσον
2634 4153 2815 4208 τοίνυν
2866 4150 2955 4210 οἷα
3016 4160 3110 4214 καὶ
3157 4163 3286 4231 περὶ
3336 4163 3551 4227 τούτου,
3610 4167 3678 4235 τῇ

2099 4236 2221 4309 ἱερᾷ
2252 4239 2291 4290 Γ
2294 4244 2440 4312 ραφῇ
2473 4243 2802 4317 άνάγραπτα
2841 4250 3003 4304 τελεῖ·
3036 4255 3130 4306 καὶ
3159 4253 3288 4324 γοῦν
3316 4254 3463 4323 λέγει
3492 4259 3520 4311 6
3553 4259 3686 4328 Χρι-

2099 4330 2363 4402 στοφόρος
2395 4333 2611 4419 Παῦλος
2633 4353 2648 4368 °
2681 4356 2700 4390 ι
2736 4339 3001 4410 ’Λδελφοὶη
3034 4344 3135 4398 οὐκ
3179 4345 3328 4398 ἐστιν
3359 4348 3552 4419 ἠμῖνὴ
3580 4348 3686 4401 πά-

2097 4417 2187 4493 λη,
2220 4422 2356 4493 πρὸς
2396 4418 2557 4493 αἷμα,
2599 4431 2695 4482 καὶ
2727 4432 2942 4503 σάρκα’
2980 4434 3117 4488 ἀλλὰ
3169 4437 3306 4508 πρὸς
3350 4441 3450 4502 τὰς
3483 4417 3683 4509 ἀρχὰς,

2096 4515 2234 4605 πρὸς
2273 4517 2370 4582 τὰς
2419 4520 2690 4587 ἐξουσίας,
2745 4527 2881 4595 πρὸς
2943 4530 3070 4594 τοὺς
3103 4534 3554 4605 κοσμοκράτορας
3586 4534 3683 4588 τοῦ

2099 4604 2323 4671 σκότους
2349 4610 2444 4662 τοῦ
2473 4611 2666 4674 αἰῶνος
2689 4616 2899 4681 τούτου,
2937 4619 3074 4690 πρὸς
3109 4621 3177 4675 τὰ
3219 4623 3566 4692 πνευματικὰ
3585 4624 3684 4694 τῆς

2096 4699 2362 4769 πονηρίας
2392 4700 2449 4752 ἐν
2477 4704 2590 4766 τοῖς
2621 4706 2968 4776 ἐπουρανίοις
2993 4726 3006 4741 °
3033 4730 3052 4763 ι
3097 4714 3214 4778 καὶ,
3241 4731 3259 4764 ι
3289 4713 3348 4766 El
3379 4714 3534 4775 ἐκτός
3559 4717 3684 4767 ἐστε

2096 4787 2469 4866 παιδείας,”ἦς
2506 4795 2725 4868 μέτοχοι
2771 4801 3026 4870 γεγόνασι
3094 4806 3328 4870 πάντεςο
3378 4806 3486 4877 ἄρα
3538 4807 3682 4860 νόθοι

2094 4881 2257 4949 ἐστὲ,
2302 4885 2400 4939 καὶ
2446 4888 2545 4960 οὐχ
2616 4891 2752 4944 υἱοίο
2781 4912 2801 4945 ι
2863 4896 2996 4962 καὶ,
3036 4915 3053 4948 ι
3088 4899 3184 4952 Ὃν
3233 4901 3424 4971 ἁγαπᾷ
3477 4900 3682 4971 Κύριος

2094 4976 2376 5031 παιδεύει·
2413 4987 2672 5052 μαστιγοῖ
2696 4984 2755 5038 δὲ
2786 4987 2963 5043 πάντα
2993 4990 3108 5044 υίὸν
3136 4990 3194 5044 ὃν
3228 4993 3619 5064 παραδέχεται.
3653 5013 3676 5052 ι

2094 5067 2207 5121 Καὶ
2233 5072 2260 5124 6
2293 5071 2616 5144 ἁδελφόθεος
2644 5094 2659 5109 ο
2691 5097 2709 5131 ι
2733 5079 2899 5154 Ἀνὴρ
2927 5083 3263 5156 άπείραστος
3315 5087 3576 5159 ἀδόκιμος
3597 5103 3615 5122 ο
3651 5107 3678 5144 ο

2093 5163 2188 5218 καὶ
2215 5165 2244 5217 6
2264 5165 2432 5256 νᾷγιος
2474 5169 2663 5236 Ἠλίας
2693 5174 2723 5227 6
2751 5173 2964 5241 ἔκδικος
2991 5193 3006 5208 θ
3043 5178 3264 5244 Ἔξεστι
3315 5181 3482 5236 παντὶ
3537 5181 3684 5256 Χρι-

2093 5254 2315 5328 στιανῷ,
2369 5259 2447 5330 τῷ
2481 5262 2658 5333 ὀρθῶς
2697 5267 3011 5323 πιστεύοντι
3048 5272 3129 5335 είς
3165 5271 3320 5329 Θεὸν.
3363 5274 3438 5346 μὴ
3484 5254 3683 5349 ἀμερι-

2099 5356 2272 5425 μνεῖν,
2306 5353 2442 5408 ἀλλὰ
2479 5355 2710 5409 πάντοτε
2741 5359 3047 5430 προσδοκᾷν
3084 5361 3176 5414 καὶ
3209 5362 3528 5434 ἐκδέχεσθαι
3564 5376 3677 5416 πει.

2097 5448 2308 5517 ρασμόν
2335 5463 2350 5478 ο
2384 5447 2471 5500 ἵνα
2499 5447 2628 5502 ὅταν
2654 5448 2806 5522 ἔλθῃ,
2839 5451 2915 5522 μὴ
2964 5452 3264 5525 ξενίζηται,
3301 5457 3439 5529 μηδὲ
3470 5458 3672 5528 ταράτο

2093 5555 2275 5610 τηται,
2309 5539 2426 5593 ἀλλ’
2475 5540 2817 5612 εὐχαρίστως
2873 5543 3172 5615 ὑπομένειν
3222 5547 3313 5600 τὸν
3358 5550 3526 5602 κόπον
3576 5551 3668 5619 τῆς

2093 5630 2346 5703 θλίψεως,
2384 5635 2479 5686 καὶ
2511 5635 2734 5700 ἐννοεῖν,
2782 5636 2836 5689 τί
2883 5635 3105 5706 ψάλλων
3144 5640 3240 5694 σὺν
3291 5639 3371 5712 τῷ
3416 5643 3670 5713 προφήτῃ

2093 5723 2277 5790 λέγει’
2317 5723 2666 5796 (Δοκίμασὸν
2720 5745 2811 5800 με,
2850 5729 3045 5801 Κύριε,
3085 5733 3178 5784 καὶ
3217 5733 3482 5804 πείρασόν
3518 5750 3616 5803 με·
3649 5752 3666 5783 ι

2817 5852 3059 5911 “Hebr.
3127 5871 3226 5924 xu,
3288 5856 3341 5912 8.
3447 5853 3493 5888 "
3520 5850 3686 5907 Prov.
