4076 6498
392 417 495 482 673

1619 417 2009 483 OPUSCULA
2049 416 2402 476 ASliETICA
2419 461 2436 481 .

3535 423 3644 490 οτι

375 527 468 578 καὶ
502 527 604 580 οὐκ
646 521 832 578 εἶπεν·
863 524 946 580 δτι
987 523 1051 579 Ἢ
1099 524 1320 580 παιδεία
1366 544 1459 580 σου
1493 526 1828 597 κατέστρεψέ
1863 545 1950 597 με.

2064 544 2146 584 me
2172 571 2186 594 ,
2227 548 2246 582 ι
2295 532 2431 586 sed:
2476 551 2492 582 ι
2535 533 2787 588 Correxit
2834 548 2920 590 me
2961 519 3016 588 tn
3051 533 3208 588 finem
3240 534 3307 591 θ’.
3383 553 3402 588 ι
3459 533 3648 605 Neque
3721 605 3726 614 .

375 618 516 680 ἀλλ’,
565 617 888 689 Ἀνώροωσέ
923 636 989 690 με
1030 619 1109 683 είς
1140 618 1314 683 τέλος.
1347 620 1502 694 Μήτε
1531 620 1635 692 μὴν
1670 619 1824 691 ζήτει
1857 620 1954 682 τὰς

373 711 481 762 τῶν
512 709 834 780 πειρασμῶν
861 712 1062 778 αἰτίας,
1099 709 1222 766 ὅθεν
1252 712 1599 783 ἐπέρχονται,
1619 712 1756 767 ἀλλὰ
1796 712 1959 783 μόνον

374 803 537 874 εὐχου
568 803 644 874 τῷ
665 803 806 874 θεῷ,
832 805 1179 876 εὐχαρίστως
1211 805 1400 877 φέρειν
1433 806 1652 870 αὐτοὺς,
1687 805 1764 870 ώς
1807 805 1959 874 λέγει

374 897 403 949 ὀ
462 896 614 965 ἆγιος
651 897 904 968 Μάρκος,
960 898 1042 952 ὅτι
1100 897 1421 970 Πειρασμοῦ
1474 899 1821 962 ἐπελθόντος,
1874 897 1950 968 μὴ

375 990 528 1060 ζήτει
557 991 645 1044 διὰ
673 991 748 1055 τί,
807 993 840 1062 ἢ
899 990 991 1044 διὰ
1040 992 1186 1055 τίνος
1219 991 1499 1062 ἐλήλυθεν,
1558 989 1674 1044 ἀλλ’
1703 991 1854 1052 ὅπως
1893 989 1961 1042 ἂν

375 1083 538 1136 αὐτὸν
574 1083 911 1156 εὐχαρίστως
939 1084 1035 1138 καὶ
1075 1083 1470 1155 ἀμνησικάκως
1505 1082 1824 1154 ὐπομείνῃς.
1847 1081 1962 1135 Καὶ

377 1175 540 1229 πάλιν
561 1192 575 1206 °
607 1177 669 1230 El
697 1177 796 1229 οὐκ
835 1175 951 1229 ἔστι
987 1176 1186 1250 ῥᾳδίως
1215 1178 1414 1247 εὑρεῖν,
1442 1177 1534 1228 τὸν
1583 1175 1739 1237 ἐκτὸς
1768 1190 1971 1244 πειραος

378 1269 531 1340 σμῶν
587 1271 1058 1340 εὐαρεστήσαντα,
1088 1271 1438 1341 εὐχαριστεῖν
1481 1269 1563 1320 δεῖ
1613 1267 1690 1339 τῷ
1719 1267 1838 1338 Θεῷ
1865 1268 1959 1320 ἐπὶ

379 1365 524 1435 πάσῃ
554 1364 824 1434 συμϐάσει
844 1380 858 1394 ο
883 1365 998 1432 καὶ,
1033 1365 1188 1418 Πᾶσα
1219 1363 1397 1432 θλίψις
1419 1362 1632 1432 ἐλέγχει
1662 1360 1758 1432 τὴν
1789 1359 1961 1432 ῥοπὴν

375 1457 470 1510 τοῦ
502 1456 828 1527 θελήματος,
870 1457 982 1510 εἴτε
1034 1458 1114 1521 είς
1175 1455 1324 1522 δεξιά
1354 1455 1536 1526 ῥέπει,
1577 1453 1688 1506 εἴτε
1728 1455 1805 1515 εἰς
1839 1453 1967 1521 ἀρι-

377 1549 546 1619 στερά
567 1566 580 1580 ‘
610 1548 698 1603 διὰ
723 1547 882 1602 τοῦτο
982 1547 1240 1619 συμϐᾶσα
1277 1547 1478 1616 θλίψις,
1515 1544 1822 1614 πειρασμὸς
1852 1543 1967 1595 ὀνο-

381 1641 634 1710 μάζεται,
663 1640 741 1712 τῷ
769 1642 980 1713 μετόχῳ
1007 1644 1204 1712 πεῖραν
1228 1641 1335 1693 τῶν
1367 1640 1769 1710 κεκρυμμένων
1802 1634 1963 1706 Θελη-

382 1735 566 1801 μάτων
598 1737 933 1805 παρέχουσα.
974 1735 1128 1787 Καὶὸ
1161 1734 1314 1802 ἅγιος
1366 1732 1555 1786 Ἰσαὰκ
1602 1732 1678 1795 δὲ,
1709 1734 1806 1784 σὺν
1834 1731 1965 1784 πολε

380 1821 489 1884 λοῖς
519 1822 701 1887 ἄλλοις
737 1825 830 1876 καὶ
859 1821 1036 1878 ταῦτά
1064 1841 1198 1892 φησι
1225 1843 1235 1853 ·
1266 1825 1450 1877 Πάντα
1479 1811 1764 1893 ἄνθρωπον
1821 1822 1965 1891 ώφε-

379 1910 460 1965 λεί
487 1913 516 1965 ὁ
543 1916 848 1986 πειρασμός
883 1933 899 1949 ο
935 1917 1032 1969 ἐὰν
1076 1917 1186 1988 γὰρ
1217 1917 1308 1968 τὸν
1345 1915 1556 1970 Παῦλον
1603 1914 1824 1984 ὠφελεῖ,
1855 1916 1964 1969 πᾶν

381 2007 556 2075 στόμα
609 2009 973 2078 φραγήσεται.
1027 2010 1138 2062 Καὶ
1204 2008 1458 2071 ὑπόδικος
1509 2007 1754 2074 γενέσθω
1804 2008 1966 2070 πᾶςὸ

379 2102 580 2172 κόσμος
606 2103 684 2174 τῷ
707 2103 848 2174 Θεῷ.
876 2106 937 2157 Ol
956 2103 1255 2172 ἀγωνισταὶ
1275 2099 1649 2172 πειράζονται,
1679 2102 1766 2154 ἵνα
1792 2117 1961 2172 προσ-

382 2199 586 2268 θήσωσι
628 2199 705 2270 τῷ
757 2199 973 2270 πλούτῳ
1022 2197 1222 2263 αὐτῶν,
1272 2201 1322 2252 οἱ
1370 2196 1582 2270 χαῦνοι,
1614 2197 1701 2263 ἴνα
1760 2198 1824 2250 ἐκ
1854 2196 1964 2250 τῶν

385 2290 728 2361 βλαπτόντων
757 2291 1100 2360 φυλάξωνται
1140 2291 1388 2355 ἑαυτοὺς,
1441 2293 1536 2345 καὶ
1571 2291 1620 2344 οί
1663 2289 1968 2344 ὑπνώττον-

380 2399 490 2447 τες,
522 2383 608 2436 ἵνα
639 2385 718 2446 είς
751 2382 1079 2452 ἐξυπνισμὸν
1102 2381 1523 2452 εὐτρεπισθῶσι,
1559 2382 1651 2434 καὶ
1671 2382 1718 2434 oi
1747 2380 1966 2452 μακρὰν

379 2474 554 2536 ὅντες,
587 2474 675 2526 ἴνα
723 2473 1133 2546 προσεγγίσωσι
1165 2473 1244 2543 τῷ
1275 2473 1419 2543 Θεῷ,
1449 2475 1498 2526 oi
1531 2473 1588 2526 δέ
1616 2476 1831 2536 οἰκεῖοι,
1878 2472 1967 2527 ἵνα

382 2568 438 2619 ἐν
469 2566 755 2638 παρρησίᾳ
798 2565 1190 2618 είσοικισθῶσι.
1215 2567 1329 2628 Πᾶς
1350 2565 1469 2626 υίὸς
1501 2564 1870 2635 ἀγύμναστος,
1902 2565 1964 2618 οὐ

379 2655 592 2728 δέχεται
620 2657 711 2710 τὸν
739 2656 968 2709 πλοῦτον
995 2656 1089 2709 τοῦ
1116 2657 1267 2710 οἴκου
1297 2654 1393 2709 τοῦ
1429 2656 1640 2725 πατρὸς
1673 2653 1861 2717 αὐτοῦ,
1886 2654 1966 2717 εἰς

269 2772 277 2779 ·
381 2750 440 2804 τὸ
477 2750 789 2822 βοηθεῖσθαι
819 2750 912 2804 ὐπ’
945 2749 1137 2814 αὐτοῦ,
1171 2749 1265 2804 καὶ
1287 2749 1376 2804 διὰ
1395 2748 1554 2803 τοῦτο
1577 2747 1786 2814 λοιπὸν,
1811 2745 1966 2816 πρῶ-

380 2861 472 2897 τον
500 2843 749 2914 πειράζει
779 2843 808 2894 ὁ
841 2843 994 2907 Θεὸς,
1030 2843 1126 2896 καὶ
1159 2842 1460 2914 βασανίζει,
1487 2836 1607 2896 εἶτα
1645 2840 1880 2894 δεικνύει
1903 2838 1966 2893 τὸ

383 2935 650 3007 χάρισμα.
710 2933 851 3000 Δόξα
879 2935 957 3004 τῷ
985 2919 1234 3005 Δεσπότῄ
1266 2933 1344 3005 τῷ
1365 2935 1424 2988 ἐν
1457 2931 1774 3003 φαρμάκοις
1807 2948 1967 3001 στρυ-

383 3029 552 3093 φνοίς,
599 3025 697 3096 τὴν
745 3025 959 3096 τρυ-,ςὴν
1005 3026 1106 3096 τῆς
1158 3025 1371 3094 ὐγιείας
1416 3027 1550 3094 ἡμῖν
1604 3023 1964 3096 προσάγοντι.

381 3120 494 3174 Οὐκ
545 3119 690 3172 ἔστιν
734 3119 882 3183 ὅστις
927 3122 985 3173 ἐν
1032 3118 1110 3190 τῷ
1172 3119 1353 3188 καιρῷ
1384 3118 1508 3188 τῆς
1548 3117 1857 3186 γυμνασίας
1889 3117 1966 3187 μὴ

2063 621 2309 691 inquiras
2335 626 2683 680 tentatiouem
2717 641 2935 692 causas,
2966 627 3109 682 unde
3133 628 3381 696 veniant,
3411 628 3503 684 sed
3527 639 3651 684 tan-

2064 713 2347 768 tummodo
2377 712 2546 768 Deum
2585 729 2681 769 ora
2710 728 2765 770 ut
2799 725 2952 788 grate
2982 733 3075 773 eas
3099 718 3335 774 sufferre
3355 717 3555 789 possis,
3589 727 3650 774 ut

2062 815 2290 861 sanctus
2324 805 2540 862 Marcus
2575 807 2747 863 dicit:
2806 827 2825 861 ι
2857 808 3291 879 Superveniente
3324 813 3645 877 lentalione,

2062 911 2130 951 ne
2163 913 2380 966 quaeras
2434 913 2534 952 cur
2584 908 2680 954 aut
2732 901 3093 969 quamobrem
3123 904 3354 969 venerit,
3388 905 3478 958 sed
3511 920 3651 974 quo-

2063 988 2226 1042 modo
2253 1003 2371 1042 eam
2409 999 2559 1055 grate
2592 1006 2769 1060 neque
2807 992 3001 1046 acerbe
3057 994 3334 1049 sustinuere
3369 997 3578 1049 valcas.
3617 1013 3638 1048 ι

2061 1076 2129 1134 Ει
2177 1096 2419 1134 rursum.
2459 1101 2476 1133 ι
2520 1082 2575 1136 Si
2638 1099 2744 1136 non
2796 1082 2957 1140 facile
3011 1089 3287 1155 reperitur
3313 1087 3404 1156 qui
3440 1089 3648 1158 absque

2064 1173 2360 1227 tentatione
2396 1173 2505 1228 Deo
2537 1173 2829 1244 placuerit,
2865 1176 2974 1230 Deo
3007 1186 3222 1244 oportet
3247 1179 3313 1232 de
3344 1181 3490 1232 omni
3531 1191 3646 1234 ten-

2060 1265 2284 1320 tationis
2305 1267 2524 1321 incursu
2548 1268 2751 1336 gratias
2777 1283 2963 1336 agere.
3000 1287 3020 1320 ι
3049 1269 3137 1332 Ει,
3166 1288 3184 1321 ι
3207 1268 3404 1325 Omnis
3426 1270 3648 1327 alﬂictio

2061 1359 2358 1413 voluntatis
2389 1359 2802 1415 inclinationem
2843 1362 3253 1421 ostendit.sive
3270 1365 3336 1416 ad
3367 1366 3647 1418 dexteram

2063 1449 2359 1506 inclinetur
2411 1453 2528 1506 sive
2584 1454 2652 1507 ad
2715 1453 3020 1510 sinistram.
3073 1453 3204 1509 ideo
3257 1458 3650 1526 superveniens

2028 1541 2291 1597 'aﬂlictio
2323 1546 2556 1599 lentatio
2599 1549 2931 1604 'nominatur
2971 1589 2988 1614 ,
3023 1558 3231 1603 tentato
3281 1549 3531 1616 praebens
3561 1564 3650 1604 se-

380 3211 626 3280 ᾶχθεται,
653 3213 748 3267 καὶ
778 3213 878 3266 οὐκ
909 3213 1024 3265 ἐστι
1059 3229 1165 3277 τις,
1200 3205 1246 3280 ᾧ
1271 3213 1332 3265 οὐ
1365 3210 1562 3282 πικρὸς
1595 3213 1622 3264 ὀ
1655 3209 1866 3280 καιρὸς,
1907 3211 1964 3262 ἐν
1990 3230 2035 3293 C

381 3297 424 3370 ᾧ
455 3303 548 3356 τὸν
590 3302 666 3356 ίὸν
716 3304 998 3368 ποτίζεται
1033 3304 1141 3357 τῶν
1175 3303 1516 3374 πειρασμῶν,
1547 3301 1962 3372 καταφαίνεται.

379 3394 564 3464 Χωρὶς
625 3395 737 3466 γὰρ
795 3396 1024 3462 τούτων,
1070 3396 1130 3449 οὐ
1173 3395 1401 3448 δυνατὸν
1444 3396 1642 3464 κρᾶσιν
1683 3399 1963 3468 προσκτή-

383 3486 577 3540 σασθαι
631 3487 894 3559 ίσχυράνο
923 3489 1040 3551 καὶ,
1092 3488 1154 3542 τὸ
1204 3489 1496 3558 ὑπομεῖναι
1547 3490 1625 3555 δὲ,
1667 3491 1766 3560 οὐχ
1801 3491 1962 3560 ἡμῶν

381 3577 519 3632 ἐστι.
546 3577 720 3631 Πόθεν
753 3579 860 3650 γὰρ
882 3577 1069 3649 έχειτὸ
1097 3579 1362 3650 κεράμιον
1381 3580 1443 3633 τὸ
1471 3579 1580 3634 ἀπὸ
1611 3579 1807 3651 πηλοῦ,
1835 3580 1964 3632 ὐποο·

383 3669 563 3738 μεῖναι
594 3669 694 3735 τὴν
728 3670 885 3739 ῥύσιν
909 3669 1002 3722 τοῦ
1035 3668 1247 3735 ὓδατος,
1280 3670 1328 3723 εί
1365 3668 1440 3740 μὴ
1463 3669 1524 3724 τὸ
1544 3669 1655 3740 πῦρ
1677 3669 1738 3724 τὸ
1761 3668 1964 3732 θεῖκὸν,

380 3761 512 3815 αὐτὸ
545 3761 938 3833 στερεώσειεν;
984 3762 1114 3816 Ἐὰν
1164 3762 1533 3833 ὐποταγῶμεν
1569 3762 1883 3833 αἰτούμενοι
1907 3765 1965 3815 ἐν

380 3853 708 3907 ταπεινώσει
738 3855 856 3924 μετ’
896 3853 1140 3924 ἐφέσεως
1178 3855 1556 3919 ἀδιαλείπτου,
1588 3856 1684 3909 καὶ
1712 3857 1871 3926 ἡμεῖς
1905 3855 1964 3906 ἐν

379 3950 656 4018 καρτερίᾳ
686 3947 866 4000 πάντα
902 3946 1278 4019 λαμϐάνομεν,
1320 3949 1378 4002 ἐν
1411 3946 1634 4018 Χριστῷ
1677 3947 1852 4016 Ἰησοῦ
1890 3947 1966 4017 τῷ

380 4037 572 4110 Κυρίῳ
621 4039 800 4110 ἡμῶν.
838 4039 1066 4112 Εἴρηται
1109 4041 1164 4094 δὲ
1196 4041 1289 4094 καὶ
1318 4042 1376 4094 ἐν
1419 4044 1486 4112 τῇ
1517 4041 1689 4112 Σοφία
1715 4039 1811 4092 τοῦ
1839 4041 1964 4092 Σειο

381 4133 486 4203 ράχ
507 4147 520 4161 ο
552 4150 572 4184 ι
603 4131 889 4200 Τέκνον,εί
911 4132 1189 4205 προσέρχῃ
1221 4133 1492 4188 δουλεύειν
1527 4134 1716 4206 Κυρίῳ
1745 4131 1823 4204 τῷ
1844 4132 1964 4204 Θεῷ

379 4240 495 4286 σου,
531 4221 821 4293 ἐτοίμασον
849 4223 947 4295 τὴν
987 4224 1168 4296 ψυχήν
1222 4241 1316 4277 σου
1371 4226 1452 4288 είς
1499 4225 1836 4295 πειρασμόνο
1869 4225 1965 4276 καὶ

376 4313 600 4366 εὐθυνον
622 4313 722 4386 τὴν
752 4314 980 4385 καρδίαν
1022 4333 1140 4381 σου,
1179 4317 1273 4370 καὶ
1307 4315 1679 4390 καρτέρησονο
1711 4335 1728 4368 ι
1757 4316 1851 4369 καὶ
1887 4314 1963 4389 μὴ

378 4405 618 4478 σπεύσῃς
646 4408 705 4460 ἐν
731 4407 909 4480 καιρῷ
937 4410 1252 4478 ἐπαγωγῆς.

379 4521 510 4575 Ὀτι
543 4519 639 4574 δεῖ
662 4521 814 4592 πρὸς
847 4524 996 4578 Θεὸν
1041 4524 1326 4588 ἐλπίζειν,
1359 4526 1460 4579 καὶ
1511 4523 1648 4594 παρ’
1682 4523 1870 4580 αὐτοῦ
1895 4523 1964 4580 τὸ

790 4595 1116 4664 συμφέρον
1142 4595 1516 4665 ἐκδέχεσθαι.

453 4703 474 4738 ι
506 4683 618 4754 Τὴν
651 4686 752 4755 τῆς
807 4684 1024 4750 ἐλπίδος
1052 4688 1323 4760 ἄγκυραν,
1365 4689 1501 4760 πρὸς
1526 4691 1618 4744 τὸν
1647 4690 1842 4756 σώζειν
1865 4693 1994 4753 δυ-,

380 4775 617 4843 νὰμενον
675 4775 828 4840 Θεὸν,
868 4776 1121 4847 ἁναρτῶν
1169 4777 1263 4830 καὶ
1303 4779 1434 4848 παρ’
1481 4778 1670 4848 αὐτοῦ,
1701 4779 1801 4849 τὴν
1855 4779 1965 4833 τῶν

2067 4781 2358 4845 suspende,
2404 4779 2458 4824 et
2489 4772 2556 4822 ab
2591 4783 2658 4823 eo
2717 4767 3088 4821 tentatiouum
3151 4768 3360 4821 exitum
3415 4778 3660 4840 tempore

380 4868 712 4937 πειρασμῶν
759 4866 986 4922 ἔκϐασιν
1049 4869 1443 4941 συμφερόντως
1503 4870 1963 4948 ἀπεκδεχόμενος.

381 4959 576 5022 Πιστὸς
602 4961 734 5032 γὰρ,
771 4961 960 5030 φησιν,
994 4962 1023 5013 ὁ
1055 4961 1210 5026 Θεὸς,
1254 4961 1313 5024 ὃς
1341 4963 1441 5014 οὐκ
1484 4962 1636 5015 ἐάσει
1657 4964 1807 5033 ἡμᾶς
1841 4980 1963 5017 πει·-

385 5051 650 5123 ρασθῆναι
680 5053 820 5124 ὐπέρ
851 5053 880 5106 ὃ
909 5053 1208 5126 δυνάμεθα,
1249 5054 1388 5108 ἀλλὰ
1418 5055 1516 5108 σὺν
1547 5053 1625 5125 τῷ
1665 5054 1960 5126 πειρασμῷ

377 5149 594 5216 ποιήσει
625 5146 720 5198 καὶ
748 5147 847 5217 τὴν
877 5147 1127 5204 ἔκϐασιν.
1164 5148 1274 5201 Καὶ
1305 5149 1387 5200 ὅτι
1436 5149 1469 5219 ἡ
1512 5146 1695 5216 θλίψις
1752 5148 1964 5216 ὑπομο-

381 5242 478 5312 νὴν
501 5241 908 5312 κατεργάζεται
930 5257 944 5273 °
978 5243 1011 5313 ἡ
1038 5243 1094 5296 δὲ
1130 5241 1396 5313 ὑπομονὴ,
1429 5241 1663 5314 δοκιμήν
1683 5257 1697 5270 ⁸
1728 5243 1842 5314 ἡδὲ
1873 5242 1961 5296 δο-

384 5331 542 5402 κιμὴ,
599 5331 826 5386 ἐλπίδα⁶
859 5333 891 5402 ὴ
923 5332 980 5386 δὲ
1029 5333 1184 5396 ἐλπὶς
1243 5333 1303 5386 οὐ
1357 5334 1732 5403 καταισχύνει.
1770 5334 1901 5398 Καὶ,
1933 5333 1963 5386 ὁ
1995 5357 2000 5362 ε

382 5424 680 5492 ὑπομείνας
712 5429 792 5488 εἰς
846 5425 1023 5489 τέλος,
1074 5419 1230 5489 οὗτος
1286 5425 1616 5497 σωθήσεται,
1647 5426 1766 5490 καὶ,
1805 5424 1866 5478 ἐν
1892 5427 1958 5494 τῇ

378 5513 623 5584 ὑπομονῇ
658 5513 815 5586 ὑμῶν
872 5513 1150 5585 κτήσασθε
1205 5513 1306 5577 τὰς
1351 5513 1532 5586 ψυχὰς
1585 5514 1763 5586 ὐμῶν.
1802 5515 1964 5570 Καὶδ

2063 1645 2230 1691 cretae
2267 1641 2570 1696 voluntatis
2604 1659 2718 1697 sua:
2769 1645 3232 1712 experimentum.
3267 1663 3285 1696 ι
3323 1645 3390 1700 Et
3419 1659 3650 1700 sanctus

2063 1727 2242 1793 Isaac,
2289 1729 2432 1784 inter
2487 1732 2657 1786 multa
2692 1734 2799 1788 alia
2830 1735 2933 1788 hoc
2963 1735 3096 1790 dicit
3129 1754 3143 1790 :
3179 1752 3201 1788 ι
3236 1735 3398 1791 Omni
3435 1738 3647 1792 homini
3701 1779 3708 1785 .

2063 1821 2214 1877 utilis
2261 1833 2345 1878 est
2393 1825 2665 1890 tentatio;
2700 1828 2742 1879 si
2780 1827 2926 1880 enim
2966 1826 3133 1882 Paulo
3167 1830 3315 1884 utilis
3347 1839 3451 1896 est,
3484 1846 3648 1885 omne

2062 1928 2126 1968 os
2176 1914 2468 1968 clauditur.
2508 1913 2571 1968 Et
2603 1917 2860 1972 subditus
2893 1917 2982 1972 fiat
3022 1919 3203 1974 omnis
3232 1923 3474 1976 mundus
3505 1920 3636 1976 Deo.

2060 2006 2161 2069 Qui
2188 2015 2430 2076 pugnant
2458 2015 2756 2073 tentantur,
2794 2019 2850 2062 ut
2881 2010 3084 2066 divitiis
3111 2012 3228 2068 suis
3263 2011 3467 2067 addant
3497 2031 3512 2080 ;
3547 2028 3644 2068 suo

2061 2098 2212 2168 perbi
2249 2106 2556 2164 tentantur,
2602 2109 2660 2153 ut
2703 2100 2916 2169 seipsos
2941 2115 2969 2154 a
3018 2103 3346 2157 nocentibus
3374 2112 3598 2160 servent
3629 2122 3643 2159 :

2061 2201 2114 2247 ct
2153 2192 2485 2248 somnolenti
2556 2201 2865 2259 tentantur,
2902 2203 2962 2249 ut
3024 2195 3091 2250 ad
3149 2195 3644 2266 expcrgiscendum

2068 2285 2464 2350 instruantttr;
2515 2299 2568 2340 et
2608 2285 2699 2352 qui
2755 2285 2916 2356 longe
2964 2297 3146 2351 sunt,
3195 2298 3253 2341 ιιι
3305 2287 3415 2342 Deo
3451 2303 3646 2357 appro.

2063 2378 2368 2454 pinquent;
2413 2386 2466 2431 et
2519 2378 2836 2442 familiares,
2896 2389 2950 2433 ut
3005 2380 3057 2433 in
3089 2380 3285 2434 fiducia
3314 2394 3644 2435 conversen-

2063 2475 2176 2521 tur.
2213 2467 2541 2535 Quicunque
2581 2467 2726 2522 filius
2771 2483 2878 2522 non
2946 2478 3258 2532 exercetur.
3293 2471 3339 2527 is
3366 2487 3470 2525 non
3503 2471 3650 2526 acci-

2064 2558 2145 2628 pit
2176 2561 2371 2612 domus
2409 2557 2590 2614 Patris
2622 2561 2705 2612 sui
2739 2559 2980 2621 divitias.
3017 2569 3074 2615 ut
3104 2561 3174 2616 ab
3205 2563 3323 2632 ipso
3354 2564 3650 2634 adjuvetur

2063 2663 2117 2707 et
2143 2651 2263 2705 ideo
2293 2653 2469 2720 primo
2501 2651 2642 2706 Deus
2669 2661 2840 2708 tcntat
2866 2662 2920 2707 et
2946 2653 3157 2724 amigit,
3189 2655 3388 2710 deinde
3414 2657 3648 2726 gratiam

2064 2745 2330 2799 ostendit.
2374 2742 2560 2798 Gloria
2615 2743 2846 2798 Domino
2880 2747 2973 2816 qui
3012 2748 3227 2803 acerbis
3260 2751 3518 2814 remediis
3547 2765 3651 2806 no-

2064 2838 2150 2893 bis
2203 2837 2460 2894 sanitatis
2510 2837 2735 2892 delicias
2766 2839 3009 2894 adducit.
3038 2840 3213 2895 Nemo
3248 2852 3333 2896 est
3362 2842 3456 2912 qui
3491 2857 3654 2898 exer-

2063 2929 2177 2984 citii
2211 2939 2456 2998 tempore
2505 2944 2614 2982 non
2670 2940 2950 2999 gravetur,
2990 2941 3044 2984 et
3097 2947 3260 2986 nemo
3306 2944 3390 2988 est
3419 2937 3506 2988 cui
3539 2948 3653 2991 non
3718 2976 3725 2983 .

2064 3034 2314 3074 amarum
2369 3019 2623 3074 videatur
2677 3029 2894 3088 tempus
2949 3038 3059 3091 quo
3093 3023 3456 3078 tentationum
3488 3039 3655 3080 Sana-

2067 3115 2271 3167 tionem
2331 3113 2502 3181 eupit.
2550 3111 2682 3166 Sine
2739 3113 2850 3169 illis
2901 3113 3247 3184 impossibile
3301 3127 3386 3171 est
3413 3117 3650 3173 validam

2068 3205 2357 3259 sanitatem
2392 3205 2712 3275 possidere:
2746 3216 2798 3259 et
2823 3207 3099 3262 sustinere
3131 3224 3237 3263 non
3263 3218 3512 3264 nostrum
3541 3220 3650 3267 est.

2073 3295 2223 3352 Unde
2270 3298 2415 3350 enim
2479 3313 2576 3353 vas
2633 3298 2840 3352 luteum
2905 3311 3091 3368 posset
3118 3316 3276 3372 aqua!
3310 3301 3650 3358 infusionem

2069 3393 2371 3456 sustinere,
2433 3390 2538 3444 nisi
2593 3390 2816 3459 divinus
2851 3392 2992 3461 ignis
3046 3392 3177 3446 illud
3212 3393 3550 3450 solidasset?
3593 3394 3652 3452 Si

2074 3484 2281 3540 subditi
2313 3484 2546 3552 erimus,
2576 3495 2799 3542 orantes
2819 3488 2872 3540 in
2894 3488 3197 3544 humilitate
3220 3506 3343 3544 cum
3373 3492 3654 3550 continuis

2068 3577 2361 3634 desideriis
2385 3619 2400 3646 ,
2438 3595 2654 3648 nosque
2687 3580 2740 3633 itt
2781 3581 2932 3634 omni
2966 3581 3238 3651 patientia
3272 3584 3458 3637 omnia
3494 3600 3656 3641 acce-

2068 3670 2312 3741 perimus
2350 3673 2402 3724 in
2428 3669 2648 3726 Christo
2675 3670 2803 3726 .Iesu
2847 3671 3082 3728 Domino
3121 3684 3342 3731 nostro.
3379 3693 3399 3730 ι
3431 3674 3648 3732 Dictum

2067 3772 2152 3819 est
2181 3762 2329 3819 enim
2385 3762 2440 3816 in
2497 3761 2768 3832 sapientia
2823 3762 3026 3819 Sirae:
3071 3784 3090 3817 ι
3131 3763 3270 3826 Fili.
3323 3766 3368 3822 si
3419 3769 3654 3823 accedas

2068 3857 2135 3912 ad
2198 3856 2515 3910 servitutem
2576 3855 2790 3911 Domini
2841 3855 2932 3910 Dei
2983 3858 3059 3912 tui
3095 3899 3108 3922 ,
3144 3875 3382 3931 prmpara
3410 3862 3652 3918 animam

2069 3956 2217 4003 tuam
2272 3947 2338 4001 ad
2405 3947 2788 4012 tentationem,
2857 3955 2909 4004 et
2962 3949 3197 4021 dispone
3252 3967 3351 4008 cor
3381 3962 3562 4022 tuum,
3597 3964 3654 4010 et

2067 4040 2338 4110 patienter
2373 4039 2608 4108 sustine,
2637 4048 2694 4096 et
2718 4055 2787 4097 ne
2818 4039 3050 4100 festines
3079 4044 3131 4098 in
3166 4054 3409 4115 tempore
3439 4047 3653 4119 ingres-

2067 4144 2166 4187 sus
2195 4131 2262 4184 ⁷⁸.
2300 4147 2322 4183 ι

2068 4514 2225 4584 Quod
2249 4524 2454 4587 oportet
2481 4514 2532 4568 in
2565 4512 2736 4595 Deum
2769 4528 3004 4595 sperare.
3035 4522 3083 4567 et
3112 4515 3176 4568 ab
3229 4530 3316 4580 eo,
3349 4512 3493 4587 quod
3527 4518 3659 4574 utile

2643 4593 2746 4647 est,
2780 4593 3042 4651 exctpere.

2140 4681 2269 4753 Spei
2321 4678 2618 4735 anelroram
2667 4675 2733 4729 ad
2773 4673 2942 4730 Deun't
2981 4675 3070 4746 qui
3113 4685 3292 4746 potest
3332 4685 3383 4732 te
3421 4679 3656 4748 salvare,

2066 4875 2376 4938 opportuno
2410 4870 2692 4932 exspecta.
2737 4877 2756 4911 ι
2791 4858 2995 4912 Fidelis
3035 4858 3202 4922 enim,
3239 4859 3436 4930 inquit,
3489 4861 3678 4942 Deus,

2068 4961 2162 5033 qui
2197 4974 2307 5013 non
2345 4957 2490 5011 sinet
2526 4968 2627 5008 nos
2658 4951 2855 5006 tentari
2881 4966 3045 5020 supra
3095 4966 3260 5021 quam
3317 4967 3656 5023 possumus;

2071 5057 2163 5111 sed
2233 5052 2396 5106 faciet
2464 5063 2589 5102 cum
2655 5046 2959 5100 tentatione
3017 5055 3343 5114 proventum
3396 5047 3466 5101 '“.
3509 5067 3528 5100 ι
3564 5047 3660 5114 Ει,

2076 5143 2379 5201 tTentatio
2445 5140 2767 5210 patientiam
2831 5147 3140 5206 operatur;
3205 5141 3468 5207 patientia
3526 5156 3660 5197 vero

2071 5236 2489 5310 probationem;
2538 5228 2791 5298 probatio
2842 5243 2971 5282 vero
3031 5242 3235 5297 opem;
3294 5245 3420 5300 spes
3479 5242 3658 5285 autem

2055 5347 2170 5389 non
2230 5322 2618 5383 conlundit".
2663 5339 2682 5372 ι
2748 5318 2835 5382 Ει,
2873 5338 2892 5371 ι
2954 5319 3058 5386 Qui
3117 5322 3550 5390 perseveraverit
3604 5323 3658 5376 in

2059 5425 2254 5486 finem,
2305 5419 2492 5474 salvus
2523 5413 2631 5468 erit
2676 5413 2744 5478 7‘;
2785 5431 2804 5464 ι
2837 5421 2916 5473 et,
2977 5432 2996 5462 ι
3056 5411 3114 5466 ιιι
3148 5417 3409 5482 patientia
3473 5427 3659 5473 vestra

2065 5513 2422 5588 possidebitis
2455 5509 2670 5562 animas
2708 5517 2922 5561 veSIras
2955 5504 3026 5560 ".
3069 5525 3088 5559 ι
3137 5507 3200 5560 Ει
3236 5507 3408 5562 frater
3445 5509 3660 5564 Dutnini

379 5605 694 5676 ὲδελφόθεος
745 5606 826 5671 δέ,
888 5606 1032 5661 οὓτω
1070 5607 1240 5679 φησί⁹
1289 5609 1482 5662 Πᾶσαν
1531 5609 1718 5679 χαρὰν.
1754 5610 1966 5680 ἡγήσα-

2064 5613 2132 5665 ita
2153 5606 2396 5676 loquitur
2419 5618 2432 5653 :
2459 5598 2661 5655 tOmue
2675 5598 2935 5668 gaudium
2954 5598 3288 5664 existimate,
3311 5599 3512 5657 fratres
3532 5601 3661 5662 mei.

379 5693 492 5762 σθε,
518 5695 736 5765 ἀδελφοί
763 5710 886 5769 μου,
919 5696 1046 5751 ὅταν
1067 5700 1398 5770 πειρασμοῖς
1420 5700 1754 5770 περιπέσητε
1789 5702 1966 5753 ποικί-

2064 5718 2185 5758 cum
2207 5699 2354 5754 enim
2381 5698 2435 5751 in
2466 5692 2636 5748 variis
2662 5691 3060 5746 tentationibus
3078 5692 3401 5754 incideritis.
3422 5697 3666 5752 scientes

375 5786 508 5852 λοις,
530 5789 917 5856 γινώσκοντες,
947 5789 1030 5844 δτι
1058 5789 1118 5844 τὸ
1141 5789 1388 5859 δοκίμιον
1415 5790 1572 5863 ὐμῶν
1589 5792 1690 5864 τῆς
1709 5793 1964 5858 πίστεως,

499 5900 544 5934 σο
595 5877 736 5956 ρεθιῖ
783 5916 922 5970 xv",
972 5901 1065 5958 36.
1183 5902 1229 5935 το
1271 5900 1453 5959 stcta.
1491 5917 1550 5972 ιι,
1615 5903 1667 5960 ι.

396 5971 443 6005 ’⁸
467 5969 598 6029 Luc.
627 5988 739 6042 nt,
776 5972 863 6026 l9.

1771 5908 1817 5939 "
1861 5905 1902 5960 ll
1952 5905 2150 5964 Thess.
2190 5905 2367 5996 "1,3.

2064 5792 2212 5866 quod
2242 5787 2492 5860 probatio
2549 5783 2677 5841 fidei
2726 5792 2925 5837 vestrae
2979 5783 3299 5854 patientiam
3354 5785 3660 5857 o'peratur;

2489 5899 2538 5934 "
2571 5895 2735 5955 ιιοω.
2785 5911 2840 5968 v,
2896 5897 2950 5953 5.
3055 5897 3104 5932 "
3127 5895 3322 5956 Matth.
3372 5915 3523 5972 μιν,
3569 5902 3658 5962 15.

1951 6082 2094 6097 -.που-μ-
2127 6085 2134 6087 -
2181 6084 2185 6088 ~
