4076 6446
274 353 378 417 677

1492 359 1891 425 OPUSCULA
1925 351 2303 418 ASCETICA.

3450 355 3558 420 ars

267 485 415 540 ρημα
431 468 546 532 τοῖς
562 464 920 538 φοϐουμένοις
947 459 1109 522 αύτόν
1130 481 1143 498 ⁸
1181 485 1198 519 ι
1225 467 1343 531 καὶ,
1372 486 1388 518 ι
1428 467 1559 520 ’1ξοῦ
1577 467 1749 529 οὕτως
1769 465 1858 520 εὐ-

1958 477 2040 532 sie
2096 475 2446 531 benedicetua‘
2503 478 2683 540 homo,
2741 475 2833 546 qui
2875 475 3027 531 timet
3089 475 3380 532 [luminum
3428 478 3499 536 ⁸⁸.
3532 481 3557 516 ⁹

271 557 1004 630 λογηθήσεταιάνθρωπος,ὁ
1043 558 1382 628 φοϐούμενος
1416 557 1507 611 τὴν
1543 558 1745 628 Κύριον
1776 573 1789 588 ·
1831 574 1854 612 ι

265 651 379 718 καὶ,
411 668 438 704 ·‹
478 651 537 704 '0
571 650 736 721 φόϐος
769 650 974 722 Κυρίου
1017 650 1204 720 ἁγνὸς,
1237 650 1508 718 διαμένων
1562 652 1640 714 είς
1685 651 1859 706 αἰῶνα

268 747 525 809 αίῶνος.)
548 744 760 815 Γράφει
774 743 830 796 δὲ
863 743 960 796 καὶ
982 745 1009 796 ὁ
1027 743 1184 812 ἆγιος
1201 743 1406 814 Πέτρος
1430 745 1455 796 ὁ
1475 744 1855 815 Δαμασκηνόςο

275 859 292 892 ι
315 839 548 909 Σημεῖον
563 835 657 890 τοῦ
681 835 899 907 πρώτου
921 836 1112 906 φόϐου,
1131 836 1191 888 τὸ
1213 839 1412 904 μισεῖν,
1431 835 1523 888 καὶ
1543 835 1858 905 ὀργίζεσθαι

266 933 362 1002 τὴν
393 931 691 1003 ἁμαρτίαν,
721 927 795 992 ὡς
826 932 854 983 ὁ
885 929 1114 1000 πληγεὶς
1153 929 1257 984 ὑπὸ
1300 930 1465 1000 θηρός
1501 945 1518 962 ο
1541 930 1633 982 τοῦ
1663 930 1720 982 δὲ
1762 946 1855 983 τε-

266 1024 430 1089 λείου,
451 1025 510 1076 τὸ
531 1024 753 1094 ἀγαπᾷν
781 1025 880 1092 τὴν
908 1021 1131 1094 ἀρετὴν,
1165 1021 1262 1075 καὶ
1301 1021 1587 1090 φοϐεῖσθαι
1610 1023 1707 1093 τὴν
1730 1039 1855 1094 τρο-

269 1119 394 1186 πήν.
412 1110 527 1171 ¹Καὶ
549 1116 628 1169 ὅτι
647 1116 822 1178 οὐδεὶς
843 1115 1202 1179 ἀναλλοίωτος
1221 1126 1233 1139 ·
1254 1115 1348 1168 καὶ
1369 1115 1463 1168 ἐπὶ
1485 1115 1686 1178 παντὸς
1714 1114 1860 1186 πρά-

267 1225 478 1279 γματος
509 1209 568 1260 ὲν
597 1206 675 1277 τῷ
704 1206 806 1278 βίῳ
846 1206 1046 1278 τούτῳ,
1079 1206 1369 1277 ὀφείλομεν
1400 1207 1488 1262 ἀεὶ⁵
1518 1208 1616 1269 τὴν
1643 1204 1856 1259 πτῶσιν

271 1301 572 1370 φοϐεῖσθαι.
600 1318 619 1352 ι
650 1300 813 1352 Ὅθεν
877 1299 973 1353 καὶ
1000 1300 1163 1363 αὐτὸς
1182 1299 1358 1353 ταῦτα
1382 1301 1619 1363 συνετῶς
1644 1296 1861 1368 ἀκροώ-

272 1412 452 1467 μενος,
485 1393 792 1448 σπούδασον
839 1392 982 1463 μετά
1026 1393 1136 1446 τῶν
1169 1393 1587 1466 προειρημένων
1615 1393 1857 1460 πάντων,

268 1489 363 1542 κἀὶ
383 1490 475 1541 τδν
494 1487 713 1559 πρῶτον
737 1487 942 1558 ἀρτίως
961 1485 1126 1557 φόϐον
1182 1487 1332 1557 παρὰ
1368 1485 1582 1557 σεαυτῷ
1610 1485 1860 1555 κατέχειν

267 1572 631 1644 ἀδιαλείπτως
662 1596 677 1612 ⁶
709 1573 798 1633 οἷα
867 1581 977 1648 γὰρ
1029 1579 1543 1650 θησαυροφυλάκιον
1613 1578 1860 1647 πέφυκεν

270 1674 682 1745 ἀσφαλέστατον
740 1675 922 1745 πάσης
970 1673 1183 1745 ἀγαθῆς
1237 1673 1512 1746 πράξεως.
1551 1670 1709 1724 Οὕτω
1751 1668 1860 1740 γὰρ

269 1768 430 1838 ἔχων,
463 1767 913 1840 κατευθυνὸμενα
950 1767 1093 1832 ἕξεις
1127 1768 1194 1821 τὰ
1216 1767 1541 1850 ,διαϐήματά
1573 1782 1688 1830 σου,
1723 1763 1860 1833 πρὸς

267 1860 368 1926 τὴν
405 1859 672 1930 ἐργασίαν
723 1859 914 1912 πασῶν
959 1857 1069 1911 τῶν
1097 1857 1194 1911 τοῦ
1226 1857 1434 1931 Κυρίου
1473 1855 1636 1927 ἡμῶν
1677 1851 1858 1925 Ἰησοῦ

267 1954 509 2024 Χριστοῦ
534 1952 763 2006 ἐντολῶν
785 1967 799 1981 ·
827 1951 934 2022 ὀδῷ
964 1951 1019 2005 δὲ
1050 1951 1384 2022 προϐαίνων,
1411 1951 1735 2022 προσκτήσῃ
1763 1949 1861 2005 καὶ

266 2047 361 2099 τὸν
383 2045 610 2111 τέλειον,
642 2043 740 2098 καὶ
763 2044 928 2112 ἁγνὸν
957 2043 1144 2114 φόϐον,
1176 2042 1255 2113 τῷ
1287 2043 1440 2114 πόθῳ
1473 2041 1585 2096 τῶν
1622 2041 1858 2114 ἀρετῶν,

268 2139 364 2194 καὶ
393 2137 470 2210 τῷ
494 2138 637 2191 ἐλέει
669 2138 770 2191 τοῦ
803 2136 1014 2206 ἀγαθοῦ
1045 2135 1184 2190 Θεοῦ
1219 2137 1253 2208 ἡ
1265 2136 1402 2206 μῶν.

268 2279 398 2332 Ὅτι
424 2262 600 2345 γξιίριν
626 2274 748 2329 τῶν
779 2273 1069 2345 ἐντολῶν,
1097 2271 1194 2345 καί
1247 2269 1356 2338 τῆς
1385 2270 1515 2345 κατ’
1544 2270 1735 2345 αὐτὰς
1773 2271 1866 2326 πί-

332 2342 529 2412 πστὲὶυζ⁸
557 2347 663 2401 τοῦ
689 2347 924 2414 ’Κυρίου
962 2342 1172 2414 Ἰησοῦ
1214 2342 1496 2414 Χριστοῦ,
1524 2342 1734 2414 καιροῦ
1759 2357 1864 2414 κρ-

337 2410 617 2483 λοῦντος,
644 2410 962 2486 ὀφείλομεν
989 2411 1338 2485 μηδάὺτῆς
1369 2413 1481 2481 τῆς
1515 2410 1663 2480 ζωῆς
1691 2411 1866 2482 ἡμῶν

341 2490 687 2560 φείσασθαι.

343 2605 434 2676 ιη’.
466 2603 611 2675 Πρὸς
633 2603 690 2656 δὲ
730 2603 841 2665 τοῖς
885 2600 1222 2672 εἰρημένοις,
1259 2598 1378 2653 δέον
1411 2599 1510 2653 καὶ
1536 2598 1696 2654 τοῦτο
1725 2597 1866 2653 είδέ·

263 2716 354 2753 ναι
378 2714 461 2763 σε,
491 2697 704 2766 ὅτιπερ,
741 2694 904 2766 χάριν
932 2695 1039 2748 τῶν
1069 2694 1448 2766 ζωοπαρόχων
1490 2692 1742 2760 ἐντολῶν,
1767 2694 1867 2748 καὶ

263 2792 370 2864 τῆς
405 2789 528 2844 κατ’
551 2790 719 2852 αὐτας
747 2790 987 2853 πίστεως
1010 2787 1104 2841 τοῦ
1136 2787 1345 2859 Κυρίου
1397 2787 1572 2858 Ἰησοῦ
1599 2787 1864 2860 Χριστοῦ,

264 2883 556 2954 ὀφείλομεν
577 2923 592 2949 ,
625 2880 821 2950 καιροῦ
849 2880 1146 2943 καλοῦντος
1169 2919 1184 2942 ,
1218 2880 1314 2933 καὶ
1345 2879 1513 2951 αὐτὴν
1541 2881 1640 2950 τὴν
1677 2878 1861 2950 ψυχὴν

262 2974 535 3030 ἀπολέσαι
581 2973 834 3044 ἁσμένως
856 2988 870 3001 ·
905 2972 1026 3044 ἦτοι
1061 2971 1188 3042 μηδ’
1213 2971 1386 3041 αὐτῆς
1434 2970 1726 3038 φείσασθαι
1751 2971 1853 3041 τῆς

263 3070 418 3140 ζωῆς
455 3066 631 3139 ἡμῶν.
663 3067 753 3132 Ὠς
784 3069 910 3137 περὶ
941 3066 1137 3120 τούτου
1160 3065 1321 3128 αὐτὸς
1349 3065 1379 3118 ὁ
1415 3060 1620 3136 Κύριος
1653 3063 1865 3135 Ἰησοῦς

1961 569 2050 631 Ει,
2085 569 2276 622 Timor
2319 568 2530 622 Domini
2573 580 2781 636 (astus,
2823 584 3152 640 permanens
3189 570 3242 625 in
3291 571 3554 625 saeculum

1959 659 2142 716 saeculi
2171 661 2239 714 ⁸⁷.
2282 680 2299 713 ι
2335 661 2532 716 Scribit
2555 670 2739 716 autem
2767 673 2821 717 et
2847 673 3078 719 sanctus
3106 662 3303 720 Petrus
3348 667 3554 720 Dama-
3587 689 3597 697 ο

1961 769 2161 809 sccnus
2187 771 2201 808 :
2229 753 2437 810 Prioris
2479 756 2688 809 timoris
2752 755 2994 826 signum,
3025 767 3110 812 est
3138 757 3322 812 odium
3376 771 3433 813 et
3473 758 3556 812 ira

1961 844 2016 898 in
2053 853 2656 914 peccatum,tanquam
2690 847 2792 902 sia
2818 847 2994 903 bestia
3035 851 3160 919 quis
3193 850 3554 918 vulneretur;

1960 935 2190 1006 perfecti
2230 952 2362 991 vero
2385 949 2467 992 est
2504 939 2725 994 virtutis
2755 955 2910 993 amor
2950 951 3005 993 et
3056 943 3376 998 mutationis
3439 958 3553 996 me-

1962 1038 2074 1085 tus.
2107 1049 2127 1083 ι
2170 1031 2234 1084 Ει
2279 1031 2448 1095 addit,
2492 1033 2769 1087 neminem
2801 1047 2925 1088 esse
2955 1033 3376 1099 immutabilem,
3405 1044 3459 1090 et
3498 1035 3550 1088 in

1962 1125 2224 1179 omnibus
2259 1125 2382 1179 vita:
2406 1126 2620 1179 actihns
2641 1125 2806 1182 nobis
2842 1127 3144 1181 timendum
3175 1143 3298 1182 esse
3332 1143 3399 1182 ne
3457 1129 3555 1182 de-

1960 1215 2232 1270 cidamns.
2276 1235 2294 1268 ι
2341 1217 2496 1272 Unde
2520 1221 2596 1282 ζει
2627 1227 2685 1272 ιιι
2732 1219 2848 1275 haec
2882 1220 3180 1288 prudenter
3217 1219 3550 1289 intelligens,

1961 1323 2161 1364 conare
2193 1325 2316 1363 cum
2352 1323 2462 1379 prae
2484 1313 2632 1368 lictis
2653 1313 2914 1368 omnibus
2974 1313 3096 1368 aliis
3124 1314 3360 1382 priorem
3398 1313 3552 1366 illum

1963 1402 2298 1458 timoremin
2343 1413 2396 1458 te
2427 1404 2550 1474 ipso
2609 1405 2986 1470 indesinenter
3037 1408 3334 1463 custodire.
3389 1407 3551 1462 Solus

1961 1496 2109 1550 enim
2137 1505 2221 1550 est
2275 1499 2456 1551 omnis
2518 1498 2676 1553 bona:
2716 1503 2957 1555 actionis
3019 1501 3336 1555 thesautns.
3393 1499 3450 1556 Si
3501 1512 3554 1555 te

1963 1587 2140 1658 ipsum
2173 1589 2276 1642 hoc
2326 1589 2489 1644 modo
2524 1590 2748 1656 habeas,
2793 1606 2986 1646 omnes
3043 1608 3267 1662 gressus
3321 1593 3402 1647 tui
3461 1591 3552 1646 di-

1963 1680 2097 1735 recti
2149 1689 2312 1735 erunt
2348 1683 2416 1736 ad
2470 1683 2812 1739 observanda
2849 1685 3035 1738 omnia
3097 1684 3313 1740 Domini
3372 1685 3550 1740 nosxri

1961 1770 2090 1828 Jesu
2124 1773 2328 1830 Christi
2359 1777 2652 1844 mandata;
2699 1778 2806 1833 hac
2836 1779 2920 1832 via
2966 1782 3273 1848 procedens
3325 1782 3391 1831 ad
3422 1794 3551 1848 per-

1954 1866 2162 1922 ‘l‘eclutn
2189 1877 2486 1939 quoquect
2519 1881 2772 1926 sanctum
2809 1871 3062 1926 timorem
3120 1873 3404 1942 pervenies
3435 1873 3550 1927 vir-

1961 1969 2136 2017 tutum
2157 1961 2432 2018 desiderio
2467 1971 2520 2019 et
2561 1963 2752 2034 optimi
2786 1964 2878 2020 Dei
2909 1965 3084 2021 nostri
3143 1964 3549 2022 misericordia.

1958 2271 2112 2348 Quod
2168 2274 2546 2330 mandatorum
2598 2293 2767 2333 causa
2826 2287 2878 2333 et
2921 2279 3046 2348 ﬁdei
3102 2279 3318 2336 Domini
3380 2285 3549 2338 nostri

2019 2344 2157 2399 Jesu
2187 2348 2409 2410 Christi,
2430 2360 2656 2422 urgente
2690 2344 2985 2418 occasione,
3027 2352 3130 2422 ipsi
3177 2354 3297 2408 vine
3345 2364 3546 2409 nostra

2021 2432 2243 2482 parcere
2277 2435 2379 2472 non
2405 2418 2674 2476 debemus.

2034 2598 2120 2654 18.
2161 2597 2242 2652 Ad
2289 2598 2404 2652 haec
2435 2613 2559 2670 qua:
2594 2599 2738 2654 dicta
2767 2612 2917 2666 sunt,
2974 2613 3195 2672 oportet
3229 2614 3281 2660 te
3333 2614 3387 2660 et
3447 2605 3552 2662 hoc

1957 2689 2434 2754 animadvertere,
2529 2691 2674 2759 quod
2758 2693 3096 2748 vivdicurunt
3162 2698 3545 2753 mandatorum

1955 2801 2117 2842 causa
2148 2796 2202 2838 et
2233 2782 2448 2838 Domini
2475 2785 2650 2839 nostri
2673 2783 2800 2839 Jcsu
2857 2786 3060 2841 Christi
3099 2786 3248 2853 iidei,
3281 2789 3550 2845 debemus

1957 2883 2184 2946 urgente
2207 2875 2513 2942 occasione,
2544 2886 2597 2930 et
2652 2876 2827 2944 ipsam
2887 2877 3128 2932 animam
3168 2878 3402 2934 libenter
3442 2883 3550 2934 im—

1956 2969 2212 3040 pendere.
2241 2982 2417 3037 neqne
2444 2967 2565 3021 vita:
2601 2966 2703 3037 ipsi
2737 2978 2940 3023 nostra!
2962 2985 3228 3038 parcere;
3283 2973 3548 3040 quemad-

1955 3065 2180 3120 modum
2207 3063 2276 3119 de
2327 3061 2428 3119 hac
2481 3062 2810 3118 necessitate
2869 3062 3134 3120 Dominus
3173 3075 3364 3120 noster
3389 3063 3553 3122 Jesus

262 3162 504 3235 Χριστός
549 3179 737 3231 φησιν,
774 3161 858 3214 ὅτι
892 3179 910 3214 ι
951 3160 1011 3214 Ὀ
1050 3159 1325 3221 ἀπολέσας
1350 3158 1448 3230 τὴν
1485 3157 1664 3230 ψυχὴν
1698 3155 1861 3210 αὑτοῦ

1958 3157 2212 3215 Christus
2255 3155 2424 3213 dicit:
2477 3173 2497 3207 ι
2556 3155 2662 3222 Qui
2718 3155 3016 3226 perdiderit
3073 3156 3311 3212 animam
3387 3172 3545 3213 suam

262 3258 456 3312 ἕνεκεν
472 3254 631 3325 ἐμοῦ,
654 3255 748 3308 καὶ
773 3254 867 3307 τοῦ
883 3252 1244 3322 Εύαγγελίου,
1267 3247 1424 3315 οὕτος
1451 3253 1617 3304 σώσει
1634 3249 1858 3321 αὐτήνη

262 3347 667 3420 ἀναμφιϐόλως
697 3407 704 3413 ε
743 3346 1039 3412 πιστεύων,
1081 3345 1176 3398 καὶ
1207 3344 1281 3416 μὴ
1316 3342 1750 3414 διακρινόμενος,
1781 3342 1864 3395 ὅτι

263 3444 362 3497 καὶ
399 3441 720 3504 ἀνάστασις,
777 3439 874 3492 καὶ
913 3431 1050 3510 ζωὴ,
1085 3438 1181 3491 καὶ
1229 3437 1341 3490 πᾶν
1387 3436 1440 3490 εί
1474 3453 1527 3489 τι
1567 3438 1862 3507 σωτήριον,

262 3536 432 3600 αὐτός
451 3537 599 3589 ἐστιν
621 3537 648 3589 ὁ
676 3534 1030 3605 θεάνθρωπος
1068 3531 1275 3598 Ἰησοῦς
1299 3533 1328 3586 ό
1356 3531 1571 3604 Σωτὴρ,
1602 3530 1679 3593 ὼς
1701 3530 1866 3596 αὐτὸς

262 3632 515 3700 εῐρηκεν,
543 3629 625 3683 ὅτι
673 3646 693 3681 ι
735 3627 878 3697 Ἐγώ
911 3629 1025 3698 είμι
1051 3629 1083 3698 ἡ
1120 3626 1438 3694 ἀνάστασις,
1469 3626 1620 3696 καὶὴ
1652 3625 1766 3694 ζωή
1787 3640 1802 3655 ·
1835 3625 1864 3678 ό

262 3721 546 3776 πιστεύων
564 3723 644 3786 είς
667 3720 788 3791 ἐμὲ,
812 3718 914 3772 κᾶν
938 3718 1213 3791 ἀποθάνῃ,
1242 3717 1490 3790 ζήσεταιο
1517 3734 1538 3769 ι
1558 3716 1674 3782 καὶ,
1707 3734 1725 3768 ι
1749 3714 1864 3778 Πᾶς

260 3819 290 3870 ὁ
324 3815 434 3879 ζῶν
463 3813 562 3868 καὶ
600 3811 874 3867 πιστεύων
903 3813 983 3874 είς
1011 3810 1143 3882 ἐμὲ,
1189 3811 1251 3862 ού
1280 3809 1358 3880 μὴ
1389 3809 1636 3878 ἀποθάνῃ
1664 3808 1742 3869 είς
1768 3806 1860 3859 τὸν

195 3965 220 3976 ι,
262 3908 445 3964 αἰῶνα
463 3922 477 3936 ·
505 3925 525 3960 ι
560 3906 676 3971 καὶ,
701 3925 719 3958 ι
748 3903 938 3980 Οὕτως
960 3904 1250 3974 ἠγάπησεν
1277 3904 1305 3955 ὁ
1331 3901 1465 3964 Θεὸς
1497 3899 1591 3952 τὸν
1629 3898 1861 3968 κόσμον,

262 4000 411 4053 ὥστε
441 3999 535 4052 τὸν
572 3995 702 4050 Υίδν
735 3995 898 4051 αὐτοῦ
929 3995 1022 4049 τὸν
1054 3993 1320 4066 μονογενῆ
1350 3991 1572 4055 ἔδωκεν,
1617 3989 1704 4042 ἵνα
1753 3988 1862 4051 πᾶς

261 4094 291 4144 ο
319 4089 593 4143 πιστεύων
622 4089 704 4151 είς
744 4088 931 4151 αύτον,
968 4087 1044 4158 μὴ
1096 4085 1392 4155 ἀπόληται,
1438 4081 1556 4136 ἀλλ’
1587 4080 1686 4152 ἔχῃ
1716 4077 1862 4149 ζωὴν

262 4182 488 4238 αἰώνιον
511 4198 525 4214 ·
550 4201 569 4234 ι
598 4183 710 4250 καὶ,
737 4199 755 4234 ι
789 4179 935 4250 Ἐγὼ
952 4176 1115 4252 ἦλθον
1139 4179 1225 4233 ἵνα
1245 4177 1389 4249 ζωὴν
1415 4175 1604 4247 ἔχωσι,
1634 4173 1730 4226 καὶ
1752 4187 1855 4224 πε-

267 4276 457 4343 ρισσὸν
489 4274 706 4346 ἔχωσιν.
736 4293 755 4327 ι
788 4273 975 4338 Οὕτως
999 4273 1092 4327 οῦν
1120 4271 1279 4344 ἔχων,
1304 4271 1390 4324 ἀεί
1424 4285 1481 4321 τε
1511 4267 1619 4320 τῶν
1640 4263 1862 4319 ὄπισθεν

263 4365 787 4437 ἐπιλανθανόμενος,
824 4365 920 4418 καὶ
960 4365 1074 4426 τοίς
1126 4359 1443 4434 ἔμπροσθεν
1473 4356 1863 4427 ἐπεκτεινόμε-

261 4479 379 4524 νος,
414 4458 490 4525 ὡς
512 4460 752 4532 εἴρηται,
779 4459 965 4531 τρέχε,
995 4459 1092 4513 σὺν
1108 4455 1328 4528 Χριστῷ
1368 4453 1544 4525 Ἰησοῦ
1571 4453 1648 4523 τῷ
1670 4449 1863 4521 Κυρίῳ

264 4553 464 4626 ἡμῶν,
497 4553 912 4625 ἀμεταστρεπτὶ
943 4554 1036 4605 τὸν
1087 4551 1176 4604 σὸν
1200 4549 1404 4622 δρόμον
1429 4545 1650 4603 οὑτωσί.
1680 4542 1863 4600 Καλὸν

265 4647 345 4714 δὲ,
387 4645 464 4708 ὡς
499 4646 634 4716 ἡμῖν
679 4644 846 4706 δοκεῖ,
894 4643 989 4696 καὶ
1045 4639 1192 4713 μάλα
1222 4640 1561 4711 πρόσφορον,
1596 4636 1864 4708 πρότερον

265 4737 527 4793 ἐκθέσθαι
561 4737 656 4792 τοῦ
713 4735 1138 4808 μακαριωτάτου
1169 4732 1492 4804 Νικηφόρον
1548 4729 1644 4784 τοῦ
1693 4730 1860 4794 πάνυ,

266 4831 399 4901 περὶ
445 4829 574 4900 τῆς,
623 4828 772 4882 ἔνδον
824 4825 1052 4898 καρδίας
1089 4825 1158 4878 δι’
1211 4823 1472 4893 είσπνοῆς
1547 4820 1696 4893 ῥινὸς
1746 4820 1884 4874 είσ-.

264 4923 393 4977 όδου
425 4920 669 4993 φυσικήν
717 4936 841 4973 τινα
888 4916 1134 4989 μέθοδον,
1193 4912 1576 4969 συντείνουσαν
1606 4927 1723 4975 πως
1769 4909 1864 4964 καὶ

267 5017 406 5087 πρὸς
440 5013 539 5086 τὴν
560 5014 660 5084 τῆς
685 5011 926 5074 διανοίας
951 5009 1375 5080 ἐπισυναγωγὴν
1395 5024 1411 5039 ο
1444 5007 1512 5060 ἵν’
1535 5003 1708 5068 οὕτως
1735 5001 1860 5058 καθ’

266 5109 484 5179 εἱρμὸν,
515 5106 614 5160 σὺν
645 5105 789 5175 Θεῷ,
819 5107 851 5176 ἡ
878 5103 1132 5174 παροῦσα
1160 5101 1521 5172 πραγματεία
1551 5095 1732 5168 προϐῇ
1764 5091 1860 5147 eit—

267 5198 447 5252 θετον.
472 5196 640 5266 Λέγει
665 5195 848 5248 τοίνυν
895 5195 924 5246 ὁ
954 5192 1099 5256 θεῖος
1137 5193 1346 5256 ἐκεῖνος
1379 5188 1542 5260 ἀνὴρ,
1582 5187 1682 5240 σὺν
1725 5182 1862 5238 πολ-

266 5288 380 5355 λοῖς
431 5289 638 5354 ἄλλοις,
669 5287 731 5342 τὸ
763 5286 934 5359 κῦρος
981 5284 1115 5356 παρ’
1145 5281 1514 5355 ἀναγράπτων
1543 5275 1864 5351 μαρτυριῶν

267 5382 378 5436 τῶν
413 5381 584 5450 ἁγίων
614 5380 820 5452 έχουσι,
848 5379 943 5434 καὶ
965 5377 1127 5432 τάδεο

356 5837 403 5868 ⁸⁸
432 5835 556 5890 Psai
607 5847 814 5892 cum,
857 5827 910 5883 ι.
1007 5827 1054 5859 ⁸⁷
1073 5826 1214 5883 Psal.
1261 5844 1411 5896 xvtn,
1449 5828 1535 5882 10.

292 5905 382 5962 15.
418 5908 501 5961 ili.
605 5906 648 5937 "
685 5901 844 5958 Juan.
896 5915 954 5961 κ,
1023 5898 1112 5954 10.

1637 5825 1684 5858 ’³
1711 5824 1899 5881 Matth.
1943 5843 1996 5894 κ,
2026 5821 2114 5876 59.

1958 3259 2182 3324 propter
2244 3265 2330 3304 tne
2397 3257 2452 3304 et
2498 3248 2893 3318 Evangelium,
2945 3250 3184 3304 servabit
3251 3265 3373 3305 eam
3406 3249 3485 3316 ⁶⁶;
3520 3269 3541 3302 ι

1957 3346 2186 3401 credens
2234 3343 2610 3398 indubitanter
2660 3350 2715 3396 et
2744 3342 2954 3413 absque
2991 3342 3333 3412 haesitatione
3375 3342 3545 3399 Deum

1955 3447 2015 3496 et
2040 3438 2315 3494 hominem
2345 3435 2682 3491 Salvatoretn
2711 3433 2900 3490 Jesutn
2933 3449 3060 3491 esse
3083 3443 3139 3490 et
3189 3437 3550 3491 resurrectio-

1957 3548 2085 3590 nem
2115 3542 2169 3588 et
2199 3532 2362 3587 vitam
2413 3540 2469 3585 et
2521 3529 2788 3601 quidquid
2853 3527 3099 3584 salutare
3131 3538 3238 3593 est,
3311 3537 3370 3582 ut
3430 3529 3550 3599 ipse
3635 3591 3638 3595 _

1958 3626 2138 3684 dixit:
2174 3643 2195 3678 ι
2236 3624 2349 3695 Ego
2373 3639 2495 3679 sum
2530 3622 2864 3678 resurrectio
2887 3630 2940 3677 et
2967 3621 3075 3675 vita
3107 3638 3122 3687 ;
3163 3622 3260 3692 qui
3291 3623 3462 3677 credit
3491 3623 3546 3676 in

1958 3734 2072 3785 me,
2111 3716 2327 3774 etiamsi
2384 3724 2632 3771 mortuus
2669 3713 2858 3778 fuerit,
2905 3714 3052 3768 vivet
3083 3715 3170 3781 ";
3213 3733 3232 3766 ι
3275 3721 3350 3780 ει,
3388 3731 3407 3765 ι
3439 3713 3544 3780 Qui

1959 3814 2093 3870 vivit
2113 3823 2166 3867 et
2197 3809 2372 3864 credit
2395 3809 2450 3862 in
2481 3822 2564 3861 me
2587 3821 2698 3860 non
2732 3806 3001 3860 morietur
3033 3805 3086 3858 in
3121 3813 3389 3858 internum
3420 3805 3490 3858 ὀ.
3519 3821 3541 3856 ι

1957 3909 2045 3971 Ει,
2087 3923 2107 3959 ι
2142 3904 2223 3961 sic
2279 3901 2424 3958 Deus
2474 3899 2670 3977 dilexit
2697 3898 2984 3962 mundum,
3045 3905 3105 3951 ut
3138 3895 3339 3950 Filium
3381 3912 3542 3952 suum

1958 3998 2300 4071 unigenitum
2330 3995 2508 4060 daret,
2541 4000 2598 4046 ut
2636 3990 2815 4046 omnis
2831 3988 2922 4060 qui
2960 3989 3136 4043 credit
3164 3988 3217 4042 in
3253 4001 3406 4052 eum,
3434 4002 3544 4041 non

1959 4100 2169 4168 pereat,
2211 4089 2307 4146 sed
2351 4087 2553 4142 habeat
2581 4085 2746 4138 vitam
2796 4081 3119 4136 aeternam"
3149 4099 3164 4147 ;
3194 4098 3214 4132 ι
3243 4087 3320 4145 ει,
3372 4096 3393 4132 ι
3430 4077 3547 4149 Εᾳο

1959 4187 2083 4244 veni
2118 4195 2176 4242 ut
2212 4185 2375 4238 vitam
2403 4179 2660 4243 habeant,
2691 4183 2747 4232 et
2782 4174 3117 4230 abundatius
3149 4173 3386 4227 habeant
3431 4170 3540 4224 ⁸³.»

1963 4281 2059 4338 Sic
2111 4288 2164 4334 te
2222 4277 2469 4340 habens,
2532 4283 2860 4340 semperque
2921 4282 3161 4340 canna:
3209 4275 3358 4320 retro
3412 4273 3547 4320 sunt

1961 4373 2394 4433 obliviscens,et
2434 4363 2503 4421 ad
2531 4378 2594 4420 ea
2625 4375 2748 4433 quae
2796 4366 2924 4414 sunt
2964 4366 3092 4412 ante
3135 4365 3188 4412 te
3240 4356 3548 4410 extendens

1962 4471 2216 4538 teipsum,
2245 4472 2305 4516 ut
2337 4461 2546 4516 dictum
2605 4465 2711 4521 est,
2743 4466 2928 4516 curre,
2994 4465 3119 4506 cum
3153 4447 3376 4504 Christo
3411 4445 3541 4502 Jesn

1957 4561 2192 4618 Domino
2232 4565 2445 4619 nostro,
2477 4552 2689 4620 absque
2713 4545 3095 4606 conversione,
3133 4557 3357 4598 cursum
3384 4552 3542 4596 tuum

1953 4655 2063 4710 hoc
2093 4648 2278 4705 modo.
2316 4645 2525 4699 Bonum
2561 4656 2692 4696 vero
2740 4647 2850 4704 est,
2891 4647 2953 4690 ut
3006 4633 3166 4690 nobis
3197 4633 3434 4697 videtur,
3491 4640 3547 4686 et

1958 4745 2254 4802 admodum
2303 4739 2457 4801 utile,
2521 4731 2824 4789 beatissimi
2899 4725 3193 4796 Nieephori
3272 4737 3550 4793 exponere

1960 4838 2269 4898 naturalem
2299 4829 2593 4906 quamdam
2621 4823 2938 4881 methodum
2974 4816 3334 4874 deinterioris
3357 4814 3548 4870 cordis

1955 4952 2051 5008 per
2087 4935 2299 4988 narium
2328 4925 2737 4995 inspirationem
2765 4918 2940 4981 aditu,
2971 4911 3372 4986 quodammodo
3388 4920 3441 4965 et
3469 4909 3541 4963 ad

1958 5005 2158 5085 mentis
2189 5019 2632 5079 recollectiouem
2665 5012 3052 5083 pertinentem,
3113 5014 3173 5060 ut
3219 5005 3292 5058 ita
3327 5018 3425 5073 per
3457 5016 3544 5057 se-

1961 5126 2148 5178 mitam
2206 5117 2346 5172 bene
2396 5107 2716 5179 dispositam
2772 5116 3014 5172 praesens
3054 5097 3308 5153 tractatio
3353 5109 3549 5166 proce-

1959 5219 2071 5273 dat.
2109 5211 2251 5277 Dicit
2299 5208 2462 5279 igitur
2490 5201 2711 5256 divinus
2757 5195 2845 5251 ille
2876 5193 2958 5246 vir
3000 5207 3126 5246 cum
3165 5189 3352 5244 multis
3391 5187 3542 5251 aliis,

1961 5307 2353 5364 auctoritatem
2382 5313 2449 5353 ex
2481 5301 2802 5349 sanctorum
2865 5285 3054 5341 relatis
3084 5280 3415 5338 testimoniis
3445 5281 3545 5335 ha—

1961 5398 2237 5460 hennbus,
2257 5401 2307 5448 et
2340 5384 2649 5459 sequentia.

2229 5817 2272 5847 ο..
2305 5812 2461 5870 παθη,
2498 5779 2574 5876 ,ιγ
2631 5802 2722 5856 9.3.
2799 5797 2846 5832 νο
2888 5793 3140 5852 mittes.
3173 5791 3215 5824 ’ί
3253 5787 3528 5852 103mm,

2002 5991 2064 6001 ..ννο
