4076 6490
334 464 436 529 691

1185 465 1532 532 CALLISTI
1569 471 1664 531 ΕΤ
1708 469 2009 531 IGNATII
2053 468 2757 537 XANTHUI‘ULGRUM‘

3482 436 3595 533 eos

337 588 689 649 prrcceptnm.
721 582 795 636 lle
817 583 943 639 cibo
972 593 1158 642 autem
1190 586 1284 656 qui
1327 600 1552 655 corpus,
1574 589 1730 657 juxta
1758 586 1924 643 Crea-

2024 585 2121 637 καὶ
2152 585 2253 656 τὴν
2302 580 2471 653 εὐχὴν
2500 581 2561 635 ἐν
2610 580 2679 651 τῇ
2718 579 2918 649 τροφῇ,
2948 573 3017 628 ἵν’
3062 571 3207 627 οὕτω
3242 571 3414 627 ποιῶν
3441 569 3602 644 ἔλθῃς

334 675 853 733 toris‘ineﬂ‘abilem
892 678 1242 749 sapientiam,
1277 680 1471 745 nutrit,
1493 695 1678 735 sermo
1709 681 1929 749 paulum

346 767 675 837 dim-ratur;
718 769 790 826 de
818 783 885 826 eo
934 785 1064 826 vero
1119 772 1213 841 qui
1268 772 1509 826 animam
1545 781 1816 829 sustentat
1865 787 1932 828 ac

344 861 585 917 vivideat
645 876 830 918 sermo
878 861 1276 932 protendatur;
1333 862 1428 930 qui
1473 862 1631 919 cibus
1688 872 1796 932 est,
1845 879 1931 920 se-

339 954 579 1010 cundum
632 962 874 1016 sanctos.
907 970 1068 1010 sacra
1132 965 1187 1010 et
1249 955 1437 1011 divina
1465 948 1667 1011 oratio.
1708 953 1776 1011 Et
1818 969 1933 1011 mea-

336 1047 446 1103 rito
500 1062 635 1106 sane
673 1065 695 1115 ς
722 1062 959 1121 namque
1039 1049 1225 1104 anima
1290 1056 1387 1106 est
1436 1064 1666 1121 corpore
1721 1049 1930 1120 pretim

339 1157 475 1198 ⁸101⁵.

476 1531 666 1587 Adhuc
698 1531 762 1588 de
793 1532 1057 1594 oratione,
1085 1538 1137 1585 et
1178 1531 1321 1598 quod
1347 1537 1551 1602 oportet
1578 1545 1780 1600 semper

1050 1618 1230 1656 στανε.

406 1695 501 1753 99.
555 1695 1028 1762 Quemadmodum
1091 1694 1192 1748 hoc
1245 1708 1457 1763 corpus
1524 1701 1810 1760 nostrum,
1868 1656 1919 1751 in

340 1791 495 1844 abest
520 1790 725 1853 anima,
766 1799 850 1843 est
879 1794 1156 1841 mortuum
1208 1796 1260 1842 et
1292 1785 1497 1843 foedum
1555 1787 1779 1842 odorem
1813 1788 1921 1841 ἐιν

2024 676 2107 741 είς
2141 674 2277 741 ἕξιν,
2303 672 2598 745 σθένειτῆς
2621 671 2870 745 χάριτος,
2900 666 3000 722 τοῦ
3029 663 3435 737 προσεύχεσθαι
3454 662 3600 718 ἀδια-

2023 765 2284 830 λείπτως,
2323 765 2469 821 κατά
2494 764 2597 836 τὴν
2643 760 2891 833 ἐντολήν.
2935 757 3080 814 ’Δλλ’
3110 757 3141 812 ό
3183 755 3283 848 μὶ]
3338 755 3469 848 περὶ
3508 756 3614 848 τῆς

2022 859 2087 914 τὸ
2130 858 2292 930 σῶμα
2317 855 2724 930 διακρατούσης
2776 852 3006 924 τροφῆς,
3057 845 3284 924 ἀρρήτῷ
3323 847 3489 919 σοφίᾳ
3512 845 3620 900 τοῦ-

2025 949 2336 1015 κτίσαντος,
2366 948 2548 1017 λόγος,
2573 947 2772 1020 μικρὸν
2800 941 3187 1017 ἀναμεινάτω⁸
3216 941 3245 995 ό
3266 940 3324 995 δὲ
3354 940 3486 1011 περὶ
3509 938 3609 1009 τῆς

2026 1037 2127 1108 τὴν
2158 1035 2344 1110 ψυχὴν
2391 1036 2756 1107 συνιστὼσης,
2789 1033 2886 1089 καὶ
2938 1030 3187 1105 ζωούσης
3241 1031 3426 1099 λόγος,
3477 1045 3619 1100 προ-

2025 1125 2312 1181 τασσέσθω
2338 1142 2353 1156 ο
2384 1125 2506 1198 ἥτις
2543 1112 2662 1180 ἐστὶ
2700 1123 2845 1179 κατά
2882 1123 3013 1186 τοὺς
3041 1121 3263 1191 ἁγίους,
3289 1120 3325 1190 ἡ
3356 1116 3479 1189 ιερὰ
3518 1115 3616 1170 καὶ

2029 1215 2281 1282 θεοποιδς
2309 1216 2615 1287 προσευχή.
2650 1214 2763 1270 Καὶ
2805 1214 2951 1286 μάλα
2995 1213 3224 1277 εἰκότως
3247 1226 3263 1244 ⁶
3301 1211 3427 1264 ἐπεὶ
3458 1208 3610 1277 καὶὴ

2025 1306 2178 1381 ψυχὴ
2209 1309 2601 1381 προτιμωτέρα
2628 1305 2728 1361 τοῦ
2760 1306 3036 1371 σώματος.

2025 1546 2150 1600 Ἔτι
2176 1545 2312 1615 περὶ
2352 1546 2707 1617 προσευχῆς
2731 1546 2878 1671 ’ἀζςιξί
2920 1542 3011 1599 ὅτι
3043 1544 3141 1600 δεῖ
3159 1551 3610 1617 προσευχεσθαι

2801 1633 2877 1670 ει.

2093 1708 2199 1762 κθ’.
2240 1726 2259 1760 ι
2297 1708 2514 1780 Ὠσπερ
2533 1708 2694 1763 τοῦτο
2726 1707 2787 1761 τὸ
2812 1707 2973 1777 σῶμα
3000 1706 3061 1760 τὸ
3098 1706 3390 1779 ἡμέτερον,
3424 1704 3605 1779 ψυχῆς

2024 1800 2100 1871 μὴ
2134 1800 2441 1872 παρούσης,
2483 1801 2678 1873 νεκρόν
2725 1803 2843 1881 ἐστι
2896 1801 2991 1855 καὶ
3017 1800 3294 1873 δυσῶδες·
3335 1800 3480 1854 οὕτω
3512 1798 3607 1853 καὶ

340 1883 520 1942 halat;
554 1884 627 1934 ita
664 1888 718 1934 et
748 1880 955 1942 anima,
991 1880 1097 1935 nisi
1133 1894 1191 1934 se
1244 1879 1312 1935 ad
1345 1880 1651 1934 orationem
1685 1878 1915 1944 excitet,

2022 1890 2171 1962 ψυχὴ
2196 1891 2272 1962 μὴ
2304 1891 2537 1948 κινοῦσα
2561 1893 2763 1965 ἑαυτὴν
2780 1878 2877 1956 είς
2909 1894 3247 1965 προσευχὴν,
3271 1893 3440 1966 νεκρά
3465 1895 3616 1967 ἐστιν,

338 1982 550 2027 nmrtua
574 1980 680 2027 est.
707 1973 777 2027 Et
834 1972 979 2041 quod
1040 1970 1191 2025 omni
1259 1981 1433 2026 morte
1487 1972 1643 2026 decet
1699 1970 1925 2025 credere

2022 1985 2119 2039 καὶ
2152 1981 2339 2048 ἀθλία,
2380 1985 2477 2038 καὶ
2503 1984 2772 2055 δυσώδης.
2815 1985 2926 2041 Καὶ
2965 1985 3066 2039 ὅτι.
3089 2002 3155 2055 γε
3189 1985 3394 2050 παντὸς
3436 1984 3596 2041 θανάο

338 2067 495 2137 pejus
533 2081 655 2121 esse
706 2082 813 2119 non
846 2066 1081 2119 orationi
1121 2079 1341 2127 vacare,
1386 2080 1486 2121 nos
1518 2065 1726 2134 optime
1756 2063 1924 2119 docet

341 2174 574 2228 magnus
616 2158 721 2213 ille.
760 2158 1030 2227 propheta
1080 2156 1293 2219 Daniel,
1351 2156 1445 2226 qui
1510 2156 1717 2211 mavult
1772 2156 1913 2211 mori

339 2266 504 2318 quam
537 2250 687 2304 horse
718 2257 980 2317 punctum
1012 2249 1265 2303 oratione
1299 2248 1529 2320 privari.
1562 2246 1730 2302 Docet
1757 2249 1923 2303 etiam

339 2358 443 2396 nos
476 2344 614 2397 bene
641 2342 800 2397 divus
840 2341 1274 2413 Cbrysostomus
1304 2358 1321 2395 :
1369 2358 1389 2393 ι
1425 2340 1748 2410 Quicunque
1780 2349 1925 2405 orat,

339 2452 465 2491 rum
520 2436 628 2489 Deo
660 2447 1039 2489 conversatur.
1089 2434 1368 2499 Quantum
1414 2445 1594 2487 autem
1623 2434 1693 2487 sit
1724 2433 1925 2488 bonum

341 2528 620 2581 hominem
680 2542 806 2581 eum
870 2524 978 2579 Deo
1032 2525 1296 2596 colloqui,
1354 2540 1515 2580 neruo
1568 2534 1653 2580 est
1680 2527 1928 2580 omnium

339 2618 435 2684 qui
470 2618 719 2688 ignoret;
755 2618 936 2672 verbis
989 2625 1169 2673 autem
1211 2618 1357 2673 hunc
1405 2617 1672 2673 honorem
1703 2619 1922 2673 demon-

339 2723 518 2767 strare
556 2726 714 2765 nemo
768 2720 975 2780 posset.
1028 2710 1078 2765 Is
1129 2711 1275 2765 enim
1324 2711 1500 2766 ln-nor
1522 2720 1578 2765 et
1607 2711 1926 2782 angelorum

341 2804 691 2876 magniﬁcum
716 2813 922 2861 statum
956 2806 1321 2861 transcendit.
1348 2824 1366 2858 ι
1392 2803 1459 2859 Et
1490 2804 1672 2860 adhuc
1700 2822 1713 2859 :
1752 2823 1772 2856 ι
1800 2806 1932 2859 Ora-

342 2898 420 2951 tio
470 2907 555 2953 est
603 2912 896 2951 commune
957 2896 1289 2965 angelorum
1321 2895 1485 2950 simul
1536 2904 1593 2949 et
1642 2895 1927 2950 hominum

283 3012 293 3022 -
341 3008 513 3062 epos.
552 2990 742 3059 Neque
807 2998 895 3046 est
963 2991 1202 3046 medium
1268 2990 1412 3049 inter
1472 2998 1767 3059 utramque
1827 3001 1929 3042 na-

346 3094 549 3148 turam,
620 3083 800 3152 quoad
860 3083 1188 3141 orationem.
1220 3081 1294 3137 Ea
1349 3093 1403 3140 te
1466 3099 1495 3139 a
1548 3082 1724 3139 brutis
1773 3097 1931 3152 sepa-

345 3186 455 3240 rat,
501 3185 559 3232 et
621 3192 748 3232 cum
807 3177 1016 3247 angelis
1073 3175 1379 3248 conjungit.
1439 3175 1563 3232 Cito
1614 3175 1816 3245 aliquis
1873 3174 1927 3230 in

2017 2094 2115 2131 του
2150 2078 2408 2148 ἡγεῖσθαι
2450 2079 2776 2151 πικρότερον
2826 2081 3121 2153 προσήκει,
3166 2080 3228 2134 τδ
3272 2080 3605 2153 στερηθῆναι

2028 2171 2363 2241 προσευχῆς,
2421 2169 2664 2226 διδάσκει
2706 2172 2888 2237 καλῶς
2932 2174 3136 2244 ἡμᾶςό
3172 2175 3348 2244 μέγας
3407 2175 3604 2245 Δανιὴλ

2020 2263 2050 2315 ό
2082 2264 2395 2335 προφήτης,
2430 2264 2631 2335 μᾶλλον
2661 2265 2920 2337 ἑλόμενος
2948 2266 3264 2333 ἀποθανεῖν,
3295 2265 3328 2338 ἢ
3371 2267 3606 2338 στιγμὴν

2020 2353 2173 2428 ὥρας
2210 2355 2563 2428 στερηθῆναι
2622 2356 2958 2428 προσευχῆς.
3004 2357 3130 2411 Ἔτι
3162 2357 3406 2412 διδάσκει
3453 2359 3602 2430 ἡμᾶς

2020 2449 2203 2513 καλῶς
2242 2450 2272 2504 ό
2298 2449 2445 2514 θεῖος
2489 2451 2881 2522 Χρυσόστομος
2905 2468 2920 2482 ·
2982 2453 3099 2517 Πᾶς
3143 2455 3615 2525 προσευχόμενος,

2016 2539 2097 2616 τῷ
2130 2540 2251 2612 Θεῷ
2278 2541 2611 2612 διαλέγεται.
2656 2543 2824 2597 Ὅσον
2860 2542 2918 2597 δέ
2949 2545 3123 2611 ἐστιν,
3166 2544 3454 2612 ἄνθρωπον
3472 2544 3604 2599 ὄντα

2017 2633 2097 2706 τῷ
2128 2634 2249 2706 Θεῷ
2283 2634 2516 2705 ὁμιλεῖν,
2549 2636 2741 2704 ἀγνοεῖ
2769 2636 2878 2689 τῶν
2935 2636 3197 2691 ἁπάντων
3242 2637 3342 2707 μὲν
3384 2637 3558 2701 οὐδείς
3584 2651 3613 2668 ’π

2018 2724 2375 2797 παραστῆσαι
2405 2725 2463 2779 δὲ
2517 2726 2664 2798 λόγῳ
2693 2726 2794 2799 τὴν
2824 2725 3012 2798 τιμὴν,
3057 2728 3159 2781 οὐκ
3210 2728 3276 2782 ἀν
3313 2745 3398 2792 τις
3445 2728 3605 2799 δυνη-

2019 2815 2161 2890 θείη.
2218 2817 2370 2889 Αὕτη
2429 2819 2540 2890 γάρ
2609 2820 2644 2891 ἡ
2699 2821 2836 2892 τιμὴ
2884 2821 2981 2874 καὶ
3031 2818 3129 2890 τὴν
3186 2819 3297 2873 τῶν
3358 2818 3605 2889 ἀγγέλων

2026 2911 2318 2983 ὑπεραίρει
2354 2898 2858 2983 μεγαλοπρέπειαν.
2912 2912 3057 2965 Ἔτι⁸
3099 2910 3386 2991 Προσευχὴ
3426 2911 3606 2965 κοινὸν

2020 3000 2186 3073 ἔργον
2217 3002 2469 3071 ἀγγέλων
2506 3000 2642 3069 όμοῦ
2679 3003 2777 3055 καὶ
2827 3001 3156 3074 ἀνθρώπων.
3210 3002 3319 3057 Καὶ
3367 3001 3469 3055 οὐκ
3523 3002 3603 3056 ἔτι

2021 3095 2192 3168 μέσον
2226 3095 2377 3149 οὐδὲν
2411 3094 2684 3168 ἑκατέρας
2716 3094 2958 3164 φύσεως,
2984 3093 3111 3164 τόγε
3144 3097 3223 3160 είς
3247 3097 3561 3167 προσευχήν
3582 3111 3611 3127 ν

1978 3186 2158 3258 ἀὕτη
2201 3203 2262 3240 σε
2327 3186 2553 3258 χωρίζει
2588 3186 2700 3239 τῶν
2734 3185 2978 3256 ἀλόγων’
3028 3184 3170 3255 αὕτη
3223 3201 3284 3239 σε
3340 3187 3603 3240 συνάπτει

344 3282 541 3322 eorum
589 3267 786 3337 agendi
862 3269 1126 3323 rationem
1203 3276 1259 3323 et
1314 3268 1482 3322 vitam
1539 3276 1594 3323 et
1640 3282 1930 3323 conversa-

2018 3280 2130 3344 τοῖς
2163 3279 2439 3349 ἀγγέλοις.
2475 3279 2701 3351 Ταχέως
2724 3279 2781 3332 δέ
2831 3297 2915 3344 τις
2943 3280 3025 3344 είς
3048 3279 3149 3351 τὴν
3177 3279 3401 3334 ἐκείνων
3438 3296 3605 3351 μετα-

344 3360 548 3416 tionem
603 3361 874 3426 transibit,
938 3360 984 3417 si
1041 3370 1210 3416 totam
1267 3361 1436 3417 vitam
1469 3359 1524 3425 in
1558 3360 1811 3417 oratione
1873 3367 1930 3415 et

349 3452 445 3507 Dei
494 3453 641 3508 cultu
697 3455 955 3509 ardenter
990 3452 1339 3523 impenderit.
1378 3471 1398 3506 ι
1428 3451 1498 3509 Et
1528 3452 1708 3508 adhuc
1748 3469 1765 3508 :
1810 3469 1832 3506 ι
1870 3450 1928 3507 Si

343 3547 598 3602 diabolus
631 3548 873 3603 animam
922 3548 1122 3603 viderit
1145 3548 1413 3604 munitam
1441 3548 1767 3615 virtutibus,
1809 3562 1920 3604 non

344 3640 509 3695 audet
558 3639 608 3696 ei
643 3641 928 3706 accedere,
986 3651 1236 3697 metuens
1293 3641 1466 3698 robur
1506 3657 1573 3699 ac
1623 3641 1732 3696 vim
1765 3652 1926 3714 quem

343 3731 589 3802 prtebettt
628 3732 933 3799 orationes,
982 3748 1105 3805 quae
1152 3733 1325 3805 magis
1382 3733 1624 3790 animam
1677 3733 1932 3790 nutriunt

348 3841 510 3897 quam
572 3840 773 3895 corpus
838 3824 1172 3882 frumentum
1229 3828 1424 3882 nutrit.
1487 3843 1507 3880 ι
1572 3825 1642 3883 Ει
1681 3826 1927 3884 adhuc:

349 3940 369 3969 ι
407 3917 568 3974 Nervi
641 3919 838 3973 animae
899 3926 1030 3973 sunt
1094 3918 1394 3974 orationes.
1455 3916 1928 3986 Quemadmodum

343 4011 493 4066 enim
530 4027 728 4082 corpus
763 4011 947 4067 nervis
998 4011 1386 4084 compingitur,
1421 4020 1476 4066 et
1507 4011 1847 4082 eoagnlatur,
1877 4019 1941 4068 et

345 4107 599 4162 consistit
628 4117 684 4161 et
708 4107 863 4174 vivit,
888 4114 944 4162 et
971 4106 1208 4162 solidum
1239 4105 1473 4161 «dicitur
1500 4121 1517 4171 ;
1553 4104 1599 4160 si
1634 4104 1760 4176 quis
1800 4119 1932 4163 vero

349 4213 447 4253 cos
473 4197 732 4264 secuerit,
760 4211 977 4252 onmem
1001 4196 1249 4267 corporis
1279 4197 1621 4253 harmoniam
1644 4197 1929 4255 dissolvit:

344 4293 427 4349 sic
480 4289 679 4353 anima:
723 4304 818 4359 per
869 4297 1092 4344 sanctas
1154 4304 1350 4360 preces
1397 4288 1743 4345 harmoniam
1794 4305 1931 4346 con-

351 4395 665 4452 sequuntur
690 4389 742 4435 et
774 4382 1108 4445 consistunt,
1140 4389 1202 4437 et
1234 4382 1466 4451 pietatis:
1489 4397 1715 4438 cursum
1752 4381 1932 4439 felici-

348 4486 428 4530 ter
485 4484 740 4529 currunt.
806 4472 864 4528 Si
921 4482 1109 4545 autem
1163 4482 1216 4528 te
1277 4474 1529 4543 oratione
1581 4473 1927 4544 privaveris,

347 4569 490 4624 idem
519 4567 688 4623 facies
717 4582 783 4623 ae
806 4567 851 4622 si
886 4567 1091 4638 piscem
1142 4581 1206 4622 ex
1235 4581 1381 4637 aqua
1416 4566 1624 4638 exigas.
1656 4566 1933 4634 Quemad-

348 4663 573 4718 modum
599 4663 745 4716 cnim
778 4660 854 4716 illi
888 4676 1031 4733 aqua
1062 4662 1172 4715 vita
1205 4664 1288 4715 est
1312 4700 1327 4726 ,
1357 4661 1429 4716 ita
1459 4660 1554 4715 tibi
1593 4660 1928 4731 eratimpar

342 4772 464 4811 eam
498 4754 622 4809 licet
654 4769 858 4819 acrem,
891 4755 1047 4823 quasi
1098 4769 1193 4824 per
1234 4767 1455 4822 aquam,
1483 4750 1840 4819 transvolare,
1874 4761 1928 4808 et

348 4852 406 4904 in
446 4847 615 4903 caelos
669 4846 990 4913 ascendere,
1041 4856 1094 4901 et
1144 4848 1210 4901 ad
1265 4847 1435 4904 Demn
1486 4847 1767 4903 accedere.
1802 4864 1824 4901 ι
1859 4845 1930 4902 Ει

351 4943 536 4997 adhuc
568 4959 582 4997 :
622 4960 639 4992 ι
673 4937 863 4995 Oratio
889 4955 954 4994 ac
995 4941 1287 5009 postulatio
1320 4940 1571 4994 homines
1603 4940 1798 5008 templa
1832 4940 1926 4994 Ι)ιοί

349 5036 548 5101 eliicit;
588 5043 639 5089 rt
691 5033 1152 5104 qurmadmodum
1192 5049 1387 5086 aurum
1449 5049 1512 5085 ac
1568 5033 1779 5102 lapides
1809 5048 1930 5101 pre-

353 5128 482 5184 tiosi
542 5138 596 5183 et
656 5140 932 5182 marmora
999 5140 1181 5195 regum
1244 5126 1440 5179 domos
1485 5125 1715 5186 faciunt,
1768 5125 1840 5181 ita
1878 5134 1934 5180 et

352 5223 531 5277 oratio
568 5222 818 5277 homines
842 5220 1045 5290 templa»
1083 5219 1307 5275 Christi.
1340 5216 1627 5284 Quodnam
1661 5200 1935 5289 ﬁeripos-

350 5318 426 5373 sit
473 5314 651 5386 majus
704 5298 974 5368 orationis
1014 5312 1251 5381 elogium
1294 5325 1457 5382 quam
1489 5311 1635 5381 quod
1670 5326 1766 5365 nos
1798 5322 1934 5364 tem-

352 5411 443 5481 pla
489 5408 582 5464 Dei
616 5408 818 5463 eilicit?
841 5405 905 5461 Et
935 5422 1096 5476 quem
1126 5406 1248 5460 (νωίί
1285 5420 1392 5458 non
1438 5404 1935 5473 comprcln-ndunt,

352 5504 531 5559 hic-in
559 5504 795 5557 animam
824 5517 946 5580 qua:
969 5500 1031 5555 'in
1062 5499 1311 5553 oratione
1342 5499 1492 5563 vivnt,
1537 5497 1861 5577 ingreditur.
1903 5514 1923 5549 ι

352 5592 422 5645 l‘t
459 5591 640 5644 adhuc
682 5608 696 5643 :
733 5606 752 5639 ι
793 5585 1016 5642 Etindc
1062 5588 1263 5656 aliquis
1293 5597 1495 5640 snnctm
1523 5586 1786 5653 orationis
1828 5587 1932 5639 vir-

358 5694 529 5737 tutem
561 5683 704 5738 scire
736 5690 932 5751 potest,
967 5680 1114 5750 quod
1169 5679 1390 5743 Paulus,
1444 5679 1534 5749 qui
1591 5694 1929 5747 perorantem

352 5784 576 5840 terram,
632 5785 893 5841 tanquam
950 5773 1123 5826 alatus
1172 5771 1454 5837 discurrit,
1504 5780 1559 5825 ct
1622 5772 1675 5826 in
1711 5786 1934 5825 carcele

359 5868 588 5931 habitat,
619 5879 670 5921 et
706 5867 911 5937 ﬂagella
945 5867 1179 5919 Sustinet
1208 5874 1259 5919 ct
1292 5877 1583 5929 mmrorcs,
1628 5871 1683 5915 ct
1712 5864 1843 5914 vivit
1878 5863 1930 5915 in

356 5959 622 6028 sanguine
658 5968 708 6013 ct
744 5959 1025 6030 periculis,
1080 5958 1355 6012 durnzencs
1391 5957 1638 6031 expellit,
1683 5966 1932 6012 illOBlUOS

2018 3372 2280 3445 στήσεται
2315 3358 2614 3437 πολιτείαν,
2648 3373 2746 3425 καὶ
2793 3370 2932 3442 βίον,
2970 3372 3067 3427 καὶ¹
3099 3370 3337 3438 δίαιταν,
3395 3373 3492 3426 καὶ
3519 3390 3603 3426 τι·

2020 3462 2150 3536 μὴν,
2175 3463 2272 3517 καὶ
2302 3462 2607 3533 εὐγένειαν,
2639 3464 2737 3518 καὶ
2770 3464 2990 3534 σοφίαν,
3035 3463 3129 3519 καὶ
3151 3463 3397 3519 σύνεσιν·
3426 3462 3611 3519 πάντα

2017 3554 2110 3609 τὸν
2139 3553 2256 3627 βίον
2284 3556 2342 3610 ὲν
2394 3556 2756 3628 προσευχαῖς,
2809 3557 2905 3611 καὶ
2943 3559 3009 3629 τῇ
3061 3556 3157 3611 τοῦ
3190 3556 3327 3611 Θεοῦ
3375 3557 3603 3628 λατρεία

2019 3645 2340 3711 σπουδάζων
2402 3648 2781 3719 ἐσχολακέναι.
2824 3648 2981 3701 Ἐτιο
3014 3649 3187 3703 Ὅταν
3226 3648 3311 3720 ῐδῃ
3346 3647 3525 3720 ψυχὴν
3573 3649 3603 3702 ό

2017 3734 2268 3801 διάϐολος
2302 3739 2837 3810 περιπεφραγμένην
2897 3740 3149 3811 ἀρεταῖς,
3191 3737 3254 3793 οὐ
3287 3739 3464 3811 τολμᾷ
3505 3755 3602 3808 γε·

2018 3828 2210 3884 νέσθαι
2245 3816 2477 3901 πλησίον
2513 3830 2707 3900 αὐτῆς,
2758 3830 3016 3895 δεδοικὼς
3039 3829 3139 3902 τὴν
3193 3830 3349 3903 ίσχὺν
3378 3831 3471 3884 καὶ
3504 3830 3614 3901 τὴν

2016 3919 2275 3992 δύναμιν,
2305 3920 2377 3994 ῆν
2405 3922 2463 3977 αί
2499 3922 2806 3993 προσευχαὶ
2854 3923 3184 3994 παρέχουσι,
3235 3923 3437 3995 μᾶλλον
3476 3924 3601 3995 τρέε

2017 4029 2214 4085 φουσαι
2238 4013 2337 4085 τὴν
2362 4012 2688 4086 ψυχὴν,ῆτδ
2734 4013 2894 4086 σῶμα
2928 4015 2998 4068 τὰ.
3026 4015 3195 4070 σιτία.
3226 4017 3347 4069 Ἔτι
3367 4031 3382 4046 ·
3415 4014 3602 4086 Νεῦρα

2016 4105 2118 4175 τῆς
2140 4103 2319 4177 ψυχῆς
2339 4106 2479 4159 εἰσιν
2526 4106 2583 4160 αί
2613 4106 2941 4178 προσευχαί.
2989 4106 3202 4178 Ὠσπερ
3232 4107 3342 4179 γὰρ
3363 4108 3420 4162 τδ
3444 4108 3601 4178 σῶμα

2016 4197 2105 4251 διὰ
2125 4197 2234 4251 τῶν
2267 4198 2477 4269 νεύρων
2508 4199 2817 4271 συνέχεται,
2859 4200 2956 4254 καὶ
2992 4200 3297 4271 συντρέχει,
3328 4200 3424 4254 καὶ
3448 4191 3599 4254 ἵστα-

2016 4306 2130 4358 ται,
2164 4290 2261 4346 καὶ
2293 4290 2385 4362 ζῇ.
2418 4290 2515 4346 καὶ
2543 4292 2829 4361 πέπηγεν·
2857 4292 2926 4347 ἂν
2966 4293 3023 4347 δὲ
3053 4293 3228 4348 ταῦτά
3255 4310 3341 4357 τις
3365 4293 3596 4365 ἐκτέμῃ,

2018 4383 2203 4437 πᾶσαν
2247 4384 2520 4456 ἁρμονίαν
2564 4379 2789 4438 διαλύεί
2821 4383 2918 4438 τοῦ
2975 4386 3269 4457 σώματος’
3316 4384 3492 4449 οὕτως
3542 4386 3599 4440 ai

2016 4474 2187 4547 ψυχαὶ
2216 4476 2305 4529 διὰ
2336 4476 2446 4530 τῶν
2496 4476 2675 4546 ἀγίων
2726 4477 3045 4550 προσευχῶν
3094 4475 3449 4551 ἁρμόζονται,
3503 4477 3599 4533 καὶ

2021 4571 2410 4643 συνεστήκασι,
2447 4571 2549 4625 καὶ
2577 4571 2668 4625 τὸν
2697 4571 2900 4643 δρόμον
2932 4573 3032 4643 τῆς
3057 4571 3340 4636 εὐσεὸείας
3373 4573 3600 4644 τρέχου-

2020 4681 2106 4718 σιν
2135 4663 2399 4736 εὐχερῶς.
2433 4666 2533 4719 Ἂν
2562 4664 2620 4718 δὲ
2663 4665 2763 4735 τῆς
2794 4665 3109 4737 προσευχῆς
3158 4666 3598 4738 στερήσῃςσαυ-

2013 4755 2129 4823 τὸν,
2168 4756 2367 4810 ταύτὸν
2401 4759 2600 4823 ποιεῖς,
2647 4753 2840 4828 ὥσπερ
2875 4756 2945 4810 ἂν
2975 4759 3024 4810 sl
3053 4756 3145 4811 τὸν
3194 4755 3347 4828 ίχθὺν
3395 4757 3458 4810 ἐκ
3500 4754 3597 4810 τοῦ

2017 4845 2210 4910 ὕδατος
2243 4845 2537 4917 ἐξήγαγες.
2575 4846 2793 4918 Ὠσπερ
2821 4847 2933 4917 γάρ
2975 4846 3171 4916 ἐκείνῳ
3198 4846 3312 4918 ζωὴ
3337 4846 3399 4899 τὸ
3427 4844 3595 4917 ὕδωρ,

2016 4936 2160 4993 οὕτω
2192 4938 2278 4991 σοὶ
2333 4937 2654 5008 προσευχήο
2704 4938 2796 4992 διὰ
2856 4935 3065 5009 ταὺτης
3126 4937 3245 4992 ἐστι
3288 4938 3383 4992 τὸν
3431 4937 3593 5009 ἀέρα,

2017 5027 2207 5100 ὥσπερ
2238 5026 2307 5082 δι’
2355 5026 2550 5091 ὓδατος
2583 5028 2912 5098 ἀναπτῆναι,
2944 5032 3048 5085 ,καὶ
3076 5029 3158 5092 είς
3183 5029 3310 5093 τοὺς
3331 5028 3597 5096 οὐρανοὺς

2018 5120 2312 5190 ἀναϐῆναι,
2339 5120 2435 5172 καὶ
2478 5120 2617 5173 θεοῦ
2648 5120 2904 5187 γενέσθαι
2943 5120 3192 5191 πλησίον.
3222 5121 3374 5175 ’Ἐς-ι’
3414 5122 3596 5192 Προσ-

2016 5212 2173 5285 ευχὴ,
2196 5212 2291 5265 καὶ
2329 5212 2538 5280 δέησις,
2581 5214 2743 5274 ναοὺς
2769 5212 2905 5266 Θεοῦ
2934 5213 3062 5276 τοὺς
3089 5212 3412 5284 ἀνθρώπους
3433 5211 3596 5285 ἐργά-

2016 5305 2172 5371 ζεται
2199 5321 2214 5337 ·
2244 5304 2339 5357 καὶ
2373 5303 2565 5375 ὥσπερ
2591 5304 2813 5375 χρυσὸς,
2858 5306 2954 5360 καὶ
2983 5304 3122 5359 λίθοι
3160 5304 3470 5377 πολύτιμοι,
3500 5305 3596 5361 καὶ

2022 5398 2291 5469 μάρμαρα
2321 5396 2538 5449 ποιοῦσι
2577 5397 2704 5460 τοὺς
2735 5395 2921 5460 οἴκους
2959 5396 3070 5451 τῶν
3121 5396 3410 5468 βασιλέων,
3450 5395 3595 5451 οὕτω

2018 5491 2115 5545 καὶ
2145 5488 2423 5560 προσευχὴ
2462 5488 2589 5553 τοὺς
2618 5488 2975 5558 ἀνθρώπους,
3008 5489 3172 5550 ναοὺς
3208 5487 3303 5542 τοῦ
3334 5487 3592 5560 Χριστοῦ.

2016 5583 2083 5637 Τί
2112 5583 2207 5637 οῦν
2256 5582 2323 5635 ἂν
2370 5583 2583 5650 γένοιτο
2629 5580 2816 5651 μεῖζον
2867 5581 3179 5651 προσευχῆς
3233 5580 3528 5651 ἐγκώμιον,
3560 5579 3593 5647 ἢ

2016 5677 2101 5730 ὅτι
2147 5676 2319 5737 ναοὺς
2350 5673 2730 5744 ἀπεργάζεται
2760 5671 2935 5736 Θεοῦ;
2966 5671 3060 5726 καὶ
3104 5670 3165 5723 ὃν
3209 5670 3272 5723 οὐ
3328 5668 3590 5742 χωροῦσιι

2014 5767 2259 5839 οὐρανοὶ,
2290 5760 2445 5830 οὗτος
2477 5768 2558 5831 είς
2586 5766 2765 5838 ψυχὴν
2796 5767 3103 5838 εἰσέρχεται
3135 5766 3317 5830 ζῶσαν
3334 5768 3393 5819 ὲν
3423 5781 3589 5838 προσ·

2017 5861 2224 5927 ευχαῖς.
2252 5859 2406 5909 Ἔτι·
2430 5859 2701 5911 Κάκεῖθεν
2745 5858 2844 5911 ίδοι
2876 5876 2961 5921 τις
3000 5858 3067 5911 ἂν
3096 5858 3193 5925 τὴν
3226 5856 3459 5924 δύναμιν
3491 5855 3591 5907 τῶι.

2023 5952 2194 6022 όγίων
2226 5951 2422 6022 εἰκῶν,
2457 5953 2538 6006 ὅτι
2566 5952 2776 6017 Παῦλος
2808 5953 2833 6005 ό
2867 5952 2955 6007 διὰ
2991 5951 3169 6021 πάσης
3206 5949 3304 6020 τῆς
3341 5948 3598 6018 οἰκουμέ-
