4076 6444
501 456 612 528 693

498 676 687 763 οἰκῶν,
723 695 822 751 καὶ
858 694 1132 769 μάστιγας
1180 688 1494 758 ὑπομένων,
1527 683 1623 739 καὶ
1650 680 1835 751 φορῶν
1853 676 2076 750 ⁵ἅλυσιν,

498 794 596 850 καὶ
637 789 750 856 ζῶν
799 789 855 841 ὲν
905 784 1134 854 αἵματι,
1188 781 1283 835 καὶ
1327 777 1629 841 κινδύνοις,
1661 773 1758 827 καὶ
1816 770 2082 841 δαίμονας

500 883 762 947 ὲλαὺνων,
792 878 889 933 καὶ
908 876 1136 946 νεκροὺς
1169 873 1419 944 ἐγείρων,
1453 869 1548 922 καὶ
1570 865 1761 920 παύων
1790 861 2083 936 ἀρρωστή-

504 991 676 1049 ματα,
701 974 801 1041 οὺχ
832 969 916 1023 ἐνὶ
938 967 1146 1021 τούτων
1182 964 1489 1036 ἐθάρρησεν
1511 961 1590 1024 είς
1609 958 1710 1029 τὴν
1736 956 1845 1049 τῶν
1868 949 2085 1049 ἀνθρω-

504 1041 624 1121 πων
653 1061 933 1134 σωτηρίαν
952 1074 968 1088 ·
996 1056 1137 1111 ἀλλὰ
1179 1057 1300 1119 ταῖς
1346 1052 1679 1125 προσευχαῖς
1731 1045 1964 1116 ἐτείχιζε
1987 1041 2089 1112 τὴν

505 1159 717 1230 ψυχήν·
754 1152 851 1208 καὶ
890 1149 1030 1223 μετά
1063 1149 1134 1204 τὰ
1186 1149 1415 1218 σημεῖα,
1450 1145 1545 1198 καὶ
1593 1142 1693 1211 τὴν
1724 1139 1837 1230 τῶν
1877 1135 2091 1205 νεκρῶν

507 1229 827 1313 ἀνάστασιν,
876 1245 970 1298 ἐπὶ
1007 1242 1106 1306 τάς
1157 1238 1470 1312 προσευχάς
1500 1235 1743 1305 ἔτρεχεν,
1778 1229 1969 1298 ῶσπερ
2008 1242 2093 1289 τις

513 1338 751 1411 ἀθλητὴς
779 1337 874 1391 ἐπὶ
899 1334 1241 1403 παλαίστραν
1271 1329 1560 1398 στεφάνου.
1590 1325 1700 1379 Καὶ
1727 1323 1837 1393 γὰρ
1871 1319 1968 1374 καὶ
1994 1318 2095 1386 τῆς

511 1432 861 1493 ἀναστάσεως
887 1429 998 1483 τῶν
1027 1426 1260 1497 νεκρῶν,
1295 1424 1388 1476 καὶ
1426 1421 1536 1476 τῶν
1564 1418 1742 1474 ἄλλων
1777 1414 2038 1471 ἁπάντων
2060 1412 2096 1482 ἡ

513 1522 794 1596 προσευχὴ
815 1520 1070 1593 χορηγός.
1109 1519 1215 1571 Ἦν
1248 1516 1356 1588 γὰρ
1380 1514 1474 1567 ὲττλ⁵
1511 1510 1744 1582 δένδρων
1776 1508 1929 1578 ίσχῦν
1983 1503 2097 1575 ἔχει

516 1616 581 1672 τὰ
605 1614 796 1679 ὕδατα,
822 1612 1030 1681 ταύτην
1060 1611 1152 1662 ἐπὶ
1179 1607 1276 1662 τοῦ
1317 1607 1433 1677 βίου
1464 1605 1572 1659 τῶν
1611 1602 1805 1671 ἁγίων,
1838 1600 1894 1652 αἱ
1925 1611 2099 1668 προσ-

519 1706 692 1777 ευχαί.
725 1703 883 1759 Ἔτι·
918 1702 1225 1774 Προσευχὴ,
1280 1697 1553 1769 σωτηρίας
1600 1691 1844 1764 ἀφορμὴ,
1895 1689 2102 1744 ἀθανα-

518 1798 639 1860 σίας
667 1795 949 1867 πρόξενος,
980 1794 1080 1863 τῆς
1123 1790 1452 1861 Ἐκκλησίας
1490 1790 1671 1858 τεῖχος
1703 1782 1965 1857 alapam,
2001 1797 2103 1848 φυ-

520 1889 817 1960 λακτήριον
842 1886 1062 1950 ἄσυλον,
1100 1884 1333 1954 φοϐερὸν
1370 1882 1472 1952 μὲν
1504 1881 1617 1941 τοῖς
1636 1877 1881 1945 δαίμοσι,
1924 1873 2102 1941 σωτή-

520 1996 636 2051 ρων
685 1978 744 2032 δὲ
797 1979 910 2040 τοῖς
956 1976 1237 2029 εὐσεϐέσιν
1292 1976 1445 2043 ἡμῖν.
1488 1972 1639 2024 Ἔτι·
1687 1968 1901 2035 ’Ὥσπερ
1957 1961 2100 2025 τινὸς

526 2068 793 2140 βασιλίδος
824 2067 1103 2137 εἰσιούσης
1136 2065 1216 2129 είς
1240 2082 1366 2119 τινα
1390 2064 1568 2129 πόλιν,
1601 2060 1780 2114 πάντα
1808 2057 1901 2112 τὸν
1936 2054 2103 2109 πλοῦ-

536 2179 618 2215 τον
649 2159 1070 2214 συνακολουθεῖν
1124 2157 1360 2226 ἀνάγκη,
1388 2154 1534 2210 οὕτω
1568 2153 1635 2226 δὴ
1672 2151 1767 2207 καὶ
1796 2147 2106 2221 προσευχῆς

532 2251 802 2322 εἰσιούσης
851 2253 931 2315 είς
984 2250 1186 2321 ψυχὴν,
1244 2251 1396 2302 πᾶσα
1450 2247 1623 2317 ἀρετὴ
1674 2243 2103 2312 συνεισέρχεται.

534 2347 694 2400 Ἔτι·
747 2347 928 2414 Ὅπερ
969 2343 1091 2397 ἐστὶ
1135 2341 1385 2413 θεμέλιος
1435 2339 1590 2408 οἴκῳ,
1639 2334 1798 2389 τοῦτο
1855 2328 1913 2385 ἐν
1958 2329 2107 2401 ψυχῇ

531 2437 808 2508 προσευχὴ
828 2452 842 2467 ·
888 2436 983 2490 καὶ
1020 2435 1102 2488 δεῖ
1135 2433 1340 2504 ταύτην
1386 2429 1613 2501 πρώτην
1644 2422 1835 2500 ῶσπερ
1866 2422 2111 2497 κρηπῖδα

530 2528 626 2582 καὶ
668 2527 828 2600 ῥίζαν
859 2529 918 2582 ὲν
942 2528 1011 2599 τῇ
1044 2525 1192 2598 ψυχῇ
1227 2525 1504 2595 πήξαντας
1539 2519 1914 2590 ἐποικοδομεῖν
1943 2530 2112 2597 σπου-

529 2620 719 2684 δαίως,
752 2621 851 2674 καὶ
881 2619 1268 2688 σωφροσύνην,
1304 2614 1401 2670 καὶ
1434 2614 1704 2686 πρόνοιαν
1741 2607 1994 2680 πτωχῶν,
2020 2604 2115 2660 καὶ

533 2713 743 2777 πάντας
779 2713 909 2775 τοὺς
950 2711 1175 2782 νόμους,
1197 2708 1293 2763 τοῦ
1336 2705 1600 2777 Χριστοῦ.
1640 2706 1799 2760 Ἔτι·
1843 2702 1965 2765 Φῶς
1996 2702 2115 2755 ἐστι

533 2805 767 2869 διανοίας
819 2804 918 2859 καὶ
978 2804 1182 2875 ψυχῆς,
1229 2804 1265 2874 ἡ
1309 2802 1447 2873 μετὰ
1499 2799 1739 2869 σπουδῆς
1791 2793 2116 2869 εύχή··φῶς

534 2897 802 2953 ἄσόεστον
834 2896 932 2951 καὶ
972 2896 1248 2967 διηνεκές.
1282 2894 1384 2949 Διά
1421 2893 1583 2948 τοῦτο
1633 2891 1865 2965 μυρίους
1908 2904 2117 2960 συρφε-

536 2992 667 3055 τοὺς
693 2988 975 3061 λογισμῶν
1005 2986 1269 3059 ἐμϐάλλει
1296 2988 1416 3051 ταῖς
1443 2985 1747 3058 ἡμετέραις
1796 2980 2060 3046 διανοίαις
2086 2979 2118 3033 ό

539 3084 812 3155 πονηρός·
851 3082 948 3137 καὶ
974 3082 1121 3153 άπερ
1161 3081 1285 3136 οὐδέ
1331 3097 1465 3134 ποτε
1494 3077 1886 3150 ἐλογισάμεθα,
1943 3073 2120 3130 ταῦτα

534 3174 791 3245 συνάγων
813 3175 872 3228 ἐν
907 3172 985 3246 τῷ
1008 3172 1187 3245 καιρῷ
1216 3173 1319 3244 τῆς
1352 3172 1541 3244 εὐχῆς,
1573 3172 1806 3242 καταχεῖ
1836 3170 1938 3240 τῆς
1982 3170 2122 3240 ἠμε-

1708 451 2101 516 OPUSCULA
2140 452 2515 521 ASCETICA.

497 627 619 681 νης,
664 605 858 675 ῶσπερ
898 563 1215 670 ’ὑπόπτερος
1266 594 1502 667 τρέχων,
1560 590 1655 646 καὶ
1701 585 2116 681 δεσμωτήριονι

2204 579 2491 643 esuscitat.
2531 579 2875 638 inﬁrmitates
2924 590 3105 648 sanat,
3133 582 3186 637 in
3224 582 3377 639 nullo
3415 598 3608 638 eorum
3637 599 3775 641 (οη-ι
3882 625 3897 639 .

3672 460 3776 525 ΕΜ

2179 672 2292 725 ιίιιίι
2335 673 2401 727 ad
2461 672 2741 729 hominum
2806 677 3061 743 salutem,
3105 677 3199 732 sed
3257 678 3600 733 orationibus
3658 681 3777 732 aui-

2182 780 2328 819 mam
2404 767 2672 834 munivit;
2708 778 2763 825 et
2823 779 2949 840 post
3013 773 3277 826 miracula
3324 782 3380 827 et
3432 782 3775 827 mortuorum

2180 858 2669 926 resurrectionem,
2726 862 2792 917 ad
2844 863 3125 918 orationes
3179 865 3454 928 currebat,
3514 874 3774 934 tanquam

2182 949 2390 1005 athleta
2429 951 2498 1008 ad
2549 953 2731 1009 lerunt
2791 971 3031 1011 coronae.
3088 957 3301 1013 Etenim
3337 967 3392 1014 et
3430 969 3774 1013 mortuorum

2182 1044 2613 1119 resurrectionis
2669 1057 2724 1101 et
2776 1048 3011 1102 aliorum
3083 1051 3330 1104 Olllllillm
3387 1050 3636 1106 ell‘ectrix
3693 1061 3779 1106 est

2184 1136 2383 1193 oratio.
2426 1137 2600 1204 Quam
2660 1139 2812 1195 enim
2872 1142 2928 1195 in
2981 1142 3213 1198 arbores
3268 1143 3524 1199 virtutem
3573 1145 3778 1200 habent

2187 1244 2366 1299 aquae,
2422 1231 2671 1288 eamdem
2722 1238 3002 1293 orationes
3058 1239 3111 1292 in
3171 1239 3336 1293 vitam
3369 1247 3707 1297 sanctorum.
3754 1259 3772 1290 ι

2190 1323 2259 1378 Ει
2295 1323 2480 1380 adhuc
2507 1343 2521 1381 :
2563 1345 2583 1379 ι
2631 1326 2846 1392 Oratio.
2877 1328 3075 1386 salutis
3106 1332 3461 1401 principium,
3492 1332 3777 1385 immorta-

2187 1415 2359 1474 litatis
2408 1418 2693 1485 donatrix,
2748 1420 3007 1479 Ecclesia:
3061 1440 3257 1480 nmrus
3305 1425 3776 1494 inexpugnabilis.

2191 1509 2508 1567 inviolabile
2560 1514 2902 1584 praelium.
2957 1517 3298 1574 daemonibus
3350 1517 3780 1579 formidamlnm.

2190 1610 2398 1658 nostra:
2424 1619 2554 1658 vero
2586 1607 2775 1673 pietati
2807 1607 3071 1663 salutare.
3114 1627 3133 1661 ι
3164 1610 3231 1663 Ει
3259 1608 3444 1664 adhuc
3477 1628 3491 1664 :
3525 1629 3545 1663 ι
3578 1614 3783 1676 Quem-

2191 1692 2512 1763 admodum,
2547 1700 2766 1766 quando
2829 1702 3079 1770 qumdam
3149 1703 3336 1773 regina
3393 1703 3783 1759 in'urbemin-

2193 1783 2462 1852 greditur,
2506 1802 2735 1845 necesse
2757 1799 2844 1846 est
2875 1801 2936 1845 ut
2966 1807 3161 1847 omnes
3192 1793 3398 1848 divitia-
3426 1809 3547 1849 eam
3589 1809 3788 1851 conse-

2195 1884 2460 1945 quantur,
2497 1879 2568 1935 ita
2594 1891 2669 1948 et,
2699 1883 2923 1953 quando
2969 1886 3150 1940 oratio
3199 1887 3371 1942 intrat
3406 1888 3460 1940 in
3514 1888 3784 1949 animam.

2195 1978 2412 2034 Oportet
2437 1979 2496 2025 ut
2521 1988 2715 2028 omnes
2748 1976 2980 2039 virtutes
3011 1993 3138 2031 eum
3184 1994 3248 2033 ea
3291 1979 3455 2034 simul
3488 1981 3711 2034 intrent~
3762 2003 3779 2030 ι
3876 2005 3880 2010 Α

2188 2060 2254 2116 Et
2316 2063 2495 2122 adhuc
2549 2085 2563 2124 :
2609 2086 2628 2121 ι
2666 2069 2820 2135 Quod
2868 2071 3048 2126 domui
3108 2081 3193 2127 est
3255 2073 3690 2141 fititdameuttnn,
3731 2076 3782 2127 id

2189 2165 2273 2213 est
2305 2158 2359 2211 in
2393 2160 2574 2214 anima
2617 2162 2825 2229 oratio;
2879 2171 2935 2218 et
2971 2180 3092 2219 eam
3128 2174 3345 2233 oportet
3378 2177 3641 2236 tanquam
3674 2170 3784 2239 pri-

2192 2266 2337 2311 mam
2369 2253 2544 2309 basim
2594 2263 2651 2309 et
2678 2255 2914 2312 radicem
2942 2257 2997 2312 in
3049 2259 3233 2313 anima
3291 2269 3558 2329 ponentes
3590 2275 3782 2327 supero

2193 2348 2470 2403 tedificare
2497 2349 2756 2404 ardenter
2789 2356 2845 2403 et
2899 2351 3228 2425 sapientiam
3273 2361 3329 2408 et
3383 2352 3782 2421 providentiam

2192 2437 2573 2493 mendiciirum
2592 2450 2647 2494 et
2668 2439 2814 2509 leges
2840 2440 3073 2496 Christi.
3106 2459 3125 2493 ι
3155 2441 3222 2496 Et
3250 2441 3431 2497 adlmc
3463 2458 3479 2498 :
3518 2461 3537 2495 ι
3576 2442 3783 2498 Lumen

2193 2538 2279 2586 est
2308 2530 2661 2602 cogitationis
2692 2540 2747 2588 et
2779 2534 2976 2589 anima:
3005 2536 3185 2589 oratio
3215 2551 3342 2591 cum
3369 2535 3569 2591 ardore
3606 2535 3783 2602 facta;

2196 2623 2382 2678 lumen
2412 2625 2861 2693 inexstinguibile
2910 2637 2966 2681 et
3007 2627 3347 2684 iudeliciens.
3373 2626 3502 2705 Ideo
3532 2627 3789 2682 innume-

2196 2732 2288 2773 ras
2323 2719 2516 2783 Sordes
2568 2717 2865 2777 animabus
2914 2720 3123 2775 nostris
3171 2720 3348 2789 injicit
3398 2720 3703 2790 malignus;
3735 2728 3791 2774 et

2200 2824 2323 2881 quae
2371 2826 2652 2880 nunquam
2709 2813 3170 2881 cogitaveramus,
3221 2828 3284 2867 ea
3343 2814 3610 2883 colligens
3659 2828 3791 2869 ora-

2205 2903 2369 2957 tionis
2404 2914 2670 2975 tetnpore,
2736 2905 2791 2959 in
2863 2906 3108 2960 animam
3174 2917 3417 2963 nosnam
3468 2904 3727 2961 infundit.
3767 2925 3784 2956 ι

2201 2992 2270 3047 Ει
2299 2995 2477 3050 adhuc
2516 3012 2532 3050 :
2571 3014 2590 3048 ι
2625 2993 2809 3049 Fortis
2866 3005 3167 3062 armatura,
3224 2994 3438 3063 oratio;
3472 3011 3668 3066 magna
3700 3012 3790 3050 se-

2203 3086 2433 3142 curitas.
2470 3106 2490 3140 ι
2539 3088 2604 3142 Ει
2656 3087 2966 3158 Theologus
2998 3107 3014 3144 :
3052 3109 3071 3141 ι
3107 3087 3335 3158 Oportet
3388 3104 3492 3145 nos
3541 3088 3633 3143 Dei
3678 3105 3790 3143 me-

2204 3180 2431 3236 minissc
2451 3190 2507 3236 et
2541 3181 2710 3236 Deum
2764 3183 3034 3252 aspirare.
3074 3203 3091 3235 ι
3137 3182 3202 3237 Et
3234 3198 3501 3240 rursum:
3541 3201 3563 3236 ι
3612 3182 3785 3253 Magis

539 3267 706 3338 τέρας
756 3250 958 3338 ψυχῆς.
1021 3266 1178 3320 Ἔτι·
1243 3266 1405 3335 Μέγα
1447 3264 1612 3318 ὅπλον
1660 3263 1838 3335 εὐχή·
1904 3261 2116 3333 μεγάλη

2212 3274 2472 3329 continue
2523 3273 2694 3330 Deum
2743 3250 2921 3345 cogita
2980 3285 3077 3331 aut
3126 3275 3355 3343 respira.
3396 3294 3415 3327 ι
3449 3276 3513 3333 Et
3566 3250 3792 3330 sam-tos

539 3359 830 3428 ἀσφάλεια.
861 3378 883 3411 ι
912 3356 1025 3413 Καὶ
1050 3360 1078 3412 ὁ
1096 3357 1357 3427 Θεολόγος
1376 3375 1390 3389 ·
1425 3375 1445 3410 ι
1474 3357 1891 3428 Μνημονευτέον
1909 3356 2065 3421 Θεοῦ,
2083 3355 2119 3427 ἢ

541 3453 968 3507 ἀναπνευστέον.
1033 3450 1128 3506 καὶ
1163 3448 1350 3514 αὖθις·
1415 3452 1801 3522 συνεχέστερον
1861 3450 1972 3503 ντέει
2028 3449 2123 3516 τὸν

541 3550 692 3615 θεὸν,
714 3550 749 3620 ἢ
775 3548 1024 3603 ἀνάπνει.
1056 3564 1078 3601 ι
1112 3545 1227 3600 Καὶ
1247 3546 1276 3599 ό
1306 3547 1460 3615 ἅγιος
1475 3544 1662 3599 Ἰσαάκ
1681 3559 1697 3575 ·
1730 3561 1749 3595 ι
1777 3542 1941 3595 ’Ἄνευ
1964 3542 2118 3596 ἀδια-

543 3643 761 3696 λείπτου
783 3641 1119 3712 προσευχῆς,
1152 3639 1517 3709 προσεγγίσαι
1541 3635 1621 3708 τῷ
1645 3634 1765 3706 Θεῷ
1786 3635 1847 3688 οὺ
1869 3635 2121 3690 δύνασαι.

547 3730 693 3786 Καί·
762 3731 919 3786 Μετὰ
968 3730 1062 3784 τὸν
1114 3730 1284 3783 κόπον
1337 3729 1440 3800 τῆς
1490 3728 1826 3800 προσευχῆς,
1899 3727 2125 3797 ποιῆσαι

544 3824 622 3895 τῷ
664 3822 745 3878 νοῒ
794 3812 1324 3896 μέριμνανέτέραν,
1359 3821 1705 3892 σκορπισμὸν
1746 3820 1845 3891 τῆς
1881 3819 2123 3884 διανοίας

543 3916 942 3988 ἀπεργάζεται.
993 3917 1140 3972 Καί·
1200 3917 1358 3970 Πᾶσα
1400 3913 1700 3987 προσευχὴ,
1733 3908 1849 3987 ἐνῇ
1898 3913 1973 3985 μὴ
2023 3928 2126 3984 μο-

545 4009 729 4083 χθήση
751 4010 814 4064 τδ
835 4009 1018 4083 σῶμα,
1039 4012 1133 4064 καὶ
1151 4011 1306 4080 ολιϐῇ
1332 4011 1391 4064 ἐν
1409 4010 1596 4081 αὑτῇὴ
1625 4009 1843 4080 καρδία,
1863 4007 2127 4079 ἐκτρωμα

546 4100 858 4170 λογίζεται·
898 4103 1070 4173 χωρὶς
1112 4102 1223 4172 γὰρ
1255 4101 1434 4172 ψυχῆς
1481 4104 1630 4154 ἐστιν
1663 4101 1847 4170 ἐκείνη
1886 4101 1919 4170 ἡ
1950 4114 2130 4172 προσ-ι

551 4192 708 4265 ευχή.
752 4212 771 4245 ι
795 4194 905 4247 Καὶ
929 4194 957 4247 ὀ
987 4194 1088 4264 τῆς
1106 4193 1424 4264 Κλίμακος·
1461 4211 1481 4245 ι
1510 4192 1791 4263 Προσευχὴ
1827 4192 1964 4256 ἐστι,
1983 4188 2128 4244 κατά

555 4286 781 4356 μὲντὴν
807 4285 979 4356 αὐτῆς
1013 4285 1298 4357 ποιότητα,
1331 4282 1613 4345 συνουσία,
1641 4285 1738 4338 καὶ
1781 4282 1978 4347 ἒνωσις
2030 4283 2129 4337 ἀν-

551 4378 772 4449 θρώπου
805 4379 900 4430 καὶ
932 4375 1069 4431 Θεοῦ
1096 4394 1110 4410 ·
1152 4377 1294 4431 κατά
1319 4376 1376 4431 δὲ
1416 4378 1720 4449 ἐνέργειαν,
1772 4375 1979 4446 κόσμου
2035 4374 2133 4428 σύ-

552 4486 765 4535 στασις,
799 4468 936 4521 Θεοῦ
967 4469 1311 4537 καταλλαγὴ,
1343 4466 1597 4539 δακρύων
1624 4470 1807 4537 μήτηρ
1834 4466 1930 4520 καὶ
1962 4466 2128 4521 πάλιν

553 4563 824 4634 θυγάτηρ,
877 4562 1297 4634 ἁμαρτημάτων
1358 4560 1606 4631 ίλασμὸς,
1663 4559 1993 4631 πειρασμῶν
2040 4560 2130 4629 γέ-

552 4674 725 4729 φυρα,
755 4657 990 4727 θλίψεως
1028 4654 1370 4727 μεσότοιχον,
1392 4653 1653 4724 πολέμων
1683 4651 1933 4724 θραῦσις,
1965 4653 2132 4721 ἀγγέ-

553 4751 660 4804 λων
691 4750 874 4821 ἔργον,
911 4749 1223 4821 ἀσωμάτων
1253 4748 1471 4803 πάντων
1520 4747 1718 4818 τροφὴ,
1760 4749 1794 4818 ή
1862 4747 2134 4817 μέλλουσα

553 4843 888 4914 εὐφροσύνη,
923 4842 1235 4914 ἀπέραντος
1273 4840 1530 4912 ἐργασία,
1577 4839 1790 4911 ἀρετῶν
1824 4840 1998 4912 πηγὴ,
2035 4832 2136 4912 χαέ

556 4936 841 5007 ρισμάτων
859 4934 1146 5008 πρόξενος,
1174 4934 1430 5007 προκοπὴ
1454 4932 1708 5003 ἀόρατος,
1737 4932 1912 5003 τροφὴ
1930 4932 2132 5005 ψυχῆς,

557 5028 649 5082 νοῦ
679 5027 983 5098 φωτισμδς,
1023 5025 1395 5096 ἀπογνώσεως
1438 5024 1628 5089 πέλυξ,
1661 5025 1877 5088 ἐλπίδος
1912 5025 2135 5080 ἀπόδειο

559 5119 662 5188 ξις,
696 5120 877 5191 λύπης
903 5118 1197 5190 λύτρωσις,
1231 5117 1467 5180 πλοῦτος
1499 5116 1772 5187 μοναχῶν,
1809 5113 2137 5188 ήσύχαστῶν

561 5213 860 5285 θησαυρὸς,
890 5210 1066 5282 θυμοῦ
1103 5211 1352 5283 μείωσις,
1378 5209 1645 5281 ἔσοπτρον
1690 5212 2002 5281 προκοπῆς,
2039 5211 2137 5280 μέ-

561 5324 703 5377 τρων
731 5304 1026 5375 ὲμφάνεια,
1055 5302 1447 5365 καταστάσεως
1475 5302 1729 5373 δήλωσις,
1766 5301 1875 5355 τῶν
1922 5300 2144 5373 μελλόν-

559 5418 668 5455 των
721 5396 1088 5466 ἀποκάλυψις,
1120 5397 1313 5460 κ).έους
1364 5395 1632 5468 σημασία.
1684 5396 1967 5466 Προσευχή
2016 5397 2141 5449 ἑστι

564 5493 639 5564 τῷ
680 5493 852 5556 ὅντως
908 5490 1211 5562 εὐχομένη),
1269 5490 1641 5559 δικαστήριον,
1699 5490 1795 5542 καὶ
1829 5489 2137 5560 κριτήριον,

565 5588 660 5640 καὶ
684 5586 835 5657 βῆμα
886 5584 1116 5654 Κυρίου,
1149 5583 1255 5654 πρὸ
1286 5583 1381 5636 τοῦ
1412 5582 1701 5653 μέλλοντος
1733 5581 1995 5652 βήματος.
2032 5580 2143 5634 Καὶ

565 5679 729 5733 πάλιν
752 5697 763 5708 ·
798 5677 965 5731 Οὐδὲν
993 5674 1183 5745 ἕτερόν
1221 5676 1341 5755 εστι
1376 5673 1676 5755 προσευχῇ,
1724 5674 1775 5725 εἰ
1819 5673 1895 5743 μὴ
1932 5672 2142 5741 κόσμου

2211 3364 2364 3420 Isaac
2399 3383 2413 3421 :
2463 3384 2481 3417 ι
2520 3363 2653 3420 Sine
2685 3365 3034 3421 indelieiente
3062 3367 3334 3431 oratione,
3378 3367 3490 3421 Deo
3532 3367 3794 3422 accedere

2210 3473 2319 3513 non
2349 3467 2523 3528 potes.
2563 3477 2582 3511 ι
2620 3458 2682 3512 Ει
2717 3476 2732 3514 :
2769 3476 2788 3510 ι
2818 3459 3006 3515 Omnis
3065 3458 3270 3524 oratio,
3331 3459 3385 3515 in
3449 3474 3558 3529 qua
3592 3473 3794 3528 cerpus

2213 3560 2363 3605 tuum
2399 3567 2504 3607 non
2538 3550 2765 3622 amiges,
2825 3560 2881 3606 et
2937 3566 3034 3605 cor
3088 3559 3241 3606 tuum
3291 3566 3400 3607 non
3434 3566 3795 3622 rompnnges,

2209 3646 2439 3699 abortus
2470 3643 2742 3709 efficitur;
2773 3651 2929 3699 extra
2983 3643 3222 3700 animam
3272 3643 3420 3701 enim
3451 3656 3535 3700 est
3566 3661 3633 3700 ea
3666 3661 3795 3700 ora-

2213 3734 2308 3788 tio.
2349 3752 2367 3785 ι
2406 3732 2469 3787 Et
2489 3734 2825 3789 Climacicus
2864 3752 2878 3790 :
2919 3753 2937 3786 ι
2969 3733 3158 3790 Oratio
3211 3743 3318 3797 est,
3359 3735 3541 3804 quoad
3602 3752 3796 3791 essen~

2213 3823 2366 3884 tiam.
2397 3824 2743 3878 conversatio
2791 3832 2847 3878 et
2903 3825 3034 3879 nnio
3069 3824 3308 3880 hominis
3345 3839 3413 3880 ac
3467 3826 3590 3893 Dei;
3618 3827 3794 3896 quoad

2211 3915 2539 3980 efﬁcaciam,
2578 3916 2764 3970 tnuudi
2813 3917 3192 3979 consistentia,
3225 3916 3314 3972 Dei
3344 3918 3679 3984 conciliatio,
3718 3921 3797 3974 la-

2211 4026 2523 4083 crymarum
2555 4022 2730 4064 mater
2792 4026 2857 4066 ac
2910 4026 3128 4066 rursum
3173 4010 3304 4074 lilia,
3340 4011 3670 4067 delictorum
3704 4030 3797 4069 cx-

2214 4103 2403 4172 piatio,
2436 4113 2627 4159 contra
2658 4104 2987 4159 trutalinm's
3036 4106 3257 4165 vallum.
3290 4118 3482 4159 contra
3542 4106 3792 4162 afﬂictio-

2215 4212 2338 4250 nent
2375 4195 2735 4253 intermedius
2767 4199 2971 4266 paries.
3029 4199 3297 4253 bellorum
3357 4200 3596 4266 sanatio,
3632 4215 3799 4264 ange-

2214 4288 2393 4344 lorum
2432 4303 2593 4360 0pus,
2630 4288 3062 4360 incorporalium
3108 4290 3354 4345 omnium
3401 4290 3583 4354 cibus,
3617 4290 3798 4347 intuta

2215 4382 2427 4450 laetitia,
2482 4383 2694 4438 inﬁnita
2742 4384 3016 4455 opera'io,
3056 4384 3318 4461 virtutum
3346 4383 3494 4445 fons.
3527 4385 3796 4441 donorum

2216 4483 2398 4547 origo,
2451 4478 2743 4533 invisibilis
2793 4476 3095 4546 profectus,
3126 4477 3321 4532 auium
3373 4477 3554 4540 cibus,
3602 4478 3803 4532 Inutilis

2220 4569 2432 4634 lumen,
2488 4568 2888 4638 dreperationis
2942 4567 3174 4629 securis,
3206 4566 3321 4637 spei
3375 4567 3799 4628 demonstratio,

2219 4662 2466 4717 Sardium
2504 4660 2812 4725 mundatio,
2852 4659 3249 4714 monachorum
3286 4657 3513 4723 divitiae,
3543 4657 3804 4730 paciﬁco-

2218 4769 2340 4808 rnm
2376 4752 2696 4818 thesaurus,
2747 4752 2844 4808 ira!
2904 4750 3245 4816 imminutio,
3300 4750 3583 4820 spei-ulnus
3619 4749 3804 4820 prole-

2221 4852 2367 4905 ctus.
2430 4858 2816 4899 mensurarum
2863 4841 3153 4911 apparitio,
3204 4840 3615 4909 tranquillitatis
3663 4840 3804 4894 indi-

2221 4939 2389 5005 catio,
2452 4937 2767 4992 futurorum
2840 4934 3129 5001 revelatio,
3204 4932 3392 5001 gloria:
3451 4931 3801 5002 signiﬁcatio.

2221 5008 2412 5087 (lratio
2443 5044 2526 5086 est
2556 5031 2603 5085 ei
2659 5030 2751 5101 qui
2804 5044 2933 5082 vere
2979 5040 3127 5089 orat,
3164 5026 3406 5081 tribunal
3449 5034 3503 5079 et
3527 5025 3798 5096 judicium

2221 5136 2512 5196 antequam
2583 5123 2828 5177 futurum
2884 5119 3122 5175 tribunal
3181 5127 3476 5173 statuatur.
3508 5135 3528 5168 ι
3569 5116 3634 5170 Et
3680 5132 3814 5171 τω·-⁴

2222 5237 2345 5276 sum
2378 5236 2393 5274 :
2426 5238 2447 5273 ι
2483 5217 2627 5272 Nihil
2665 5216 2813 5271 aliud
2870 5223 2955 5270 est
3008 5214 3211 5274 oratio,
3261 5228 3425 5281 quam
3459 5211 3645 5265 mundi
3673 5210 3807 5266 visi-

2223 5314 2352 5370 bilis
2406 5328 2472 5368 ac
2531 5312 2824 5368 invisibilis
2880 5307 3240 5363 abalienatio.
3280 5325 3299 5359 ι
3337 5305 3401 5359 Et
3449 5314 3675 5361 sanctus
3707 5302 3802 5358 Ni~

2223 5407 2310 5460 lus
2343 5423 2358 5460 :

2224 5500 2409 5556 omnia
2468 5495 2779 5551 haereditate
2830 5489 3083 5561 recipias.
3129 5506 3149 5541 ι
3192 5486 3258 5540 Iit
3295 5488 3478 5541 adhuc
3514 5501 3527 5537 :
3561 5503 3579 5534 ι
3616 5480 3806 5538 Oratio

2224 5602 2310 5650 est
2360 5590 2614 5648 ascensio
2654 5587 2723 5641 ad
2781 5585 2973 5638 Deum.
3007 5601 3026 5635 ι
3066 5581 3128 5635 Et.
3171 5580 3352 5635 adhuc
3390 5596 3404 5633 :
3441 5597 3460 5630 ι
3494 5575 3684 5632 Oratio
3719 5582 3806 5630 csl

2225 5683 2575 5742 conversatio
2606 5678 2806 5735 mentis
2829 5693 2953 5733 cum
2982 5675 3114 5730 Deo.
3141 5692 3159 5727 ι
3196 5674 3261 5727 Ει
3289 5672 3471 5727 adhuc
3500 5689 3514 5725 :
3554 5689 3572 5722 ι
3606 5670 3810 5736 Quem-

2398 5423 2417 5457 ι
2457 5402 2514 5459 Si
2549 5418 2710 5458 mare
2749 5401 3057 5463 desideras,
3120 5398 3383 5452 omnibus
3433 5405 3714 5456 rrnuut‘a,
3746 5402 3807 5446 ut

562 5766 760 5838 ὁρατοῦ
788 5766 883 5820 καὶ
919 5765 1154 5834 ἀοράτου
1191 5750 1564 5833 ἀλλοτρίωσις.
1601 5750 1631 5814 ι’
1650 5763 1759 5815 Καὶ
1779 5764 1807 5813 ὁ
1836 5761 1991 5828 ἆγιος
2014 5762 2116 5814 Νεὶτ

2226 5778 2523 5833 admodum
2545 5754 2708 5844 panis
2762 5780 2845 5826 est
2898 5768 3117 5836 corpori
3174 5767 3351 5832 cilius,
3385 5775 3440 5820 et
3466 5762 3663 5818 anienze
3694 5762 3813 5817 Vir-

565 5859 656 5921 ).ος
678 5874 690 5884 ·
731 5878 750 5912 ι
791 5859 852 5911 Εἰ
884 5855 1287 5927 προσεύξασθαι
1306 5854 1511 5916 ποθεῖς,
1536 5851 1805 5917 ἀπόταξαι
1825 5855 1937 5916 τοῖς
1956 5853 2116 5905 πᾶσιν

2230 5882 2336 5933 tus,
2373 5869 2447 5922 ita
2481 5878 2537 5922 et
2583 5865 2750 5919 menti
2800 5861 3103 5932 spiritualis
3147 5859 3323 5912 oratio
3360 5858 3516 5910 cibus
3545 5864 3650 5909 est.
3683 5875 3702 5906 ι
3749 5853 3818 5910 Et.

571 5952 661 6005 ἶνα
704 5951 765 6004 τὸ
818 5952 926 6005 πᾶν
973 5948 1414 6020 κληρονομήσῃς.
1449 5947 1571 6000 Ἔτι
1604 5963 1615 5976 ·
1672 5945 1954 6018 Προσευχή
1998 5945 2111 5997 ἐστι

2237 5962 2349 6016 ιιως
2407 5958 2625 6023 quidem
2686 5956 2755 6009 ita
2824 5961 2971 6008 sunt.
3008 5950 3161 6007 Nunc
3209 5960 3389 6004 autem
3437 5957 3806 6018 opportunum
