4076 6450
407 417 511 485 6η
1619 422 2010 488 ΟΙἪΞΟΙῙΙΛ

2058 429 2090 484 Α
2103 426 2314 488 SCETl
2325 428 2410 489 CA
2421 475 2436 493 .
3561 427 3668 500 ωε

417 542 530 595 τῶν
583 539 912 610 πνευμάτων
953 539 1018 592 ἐκ
1068 539 1186 594 τῶν
1211 541 1382 610 ἀγίων
1411 540 1717 613 δυνάμεων,
1751 543 1848 598 καὶ
1881 544 2027 601 τῶ·ιὲ

2077 555 2254 598 larum
2303 561 2427 616 qua!
2483 547 2538 602 in
2601 549 2956 620 cOgitationis
3003 549 3195 621 pefago
3229 560 3541 620 versantur,
3572 558 3666 623 qui

411 631 687 702 ἀληθινῶν
759 629 1007 701 ὀράσεων
1060 632 1124 685 ὲκ
1181 631 1292 685 τῶν
1322 634 1570 703 ματαίων
1643 637 1987 703 φαντασιῶνο

2084 639 2252 694 timor
2303 641 2575 709 ignaviam
2618 652 2672 696 et
2713 644 3095 714 negligentiam
3148 643 3426 715 infringit,
3461 654 3516 700 et
3565 647 3667 701 zeli

410 725 666 778 ἐντεῦθεν
699 725 726 777 ὁ
758 722 924 793 φόϐος
957 723 1066 776 τῶν
1115 723 1251 777 ὁδῶν
1286 727 1380 778 καὶ
1419 728 1528 781 τῶν
1556 728 1760 797 τρίεων
1783 729 1892 781 τῶν
1930 730 1989 782 ὲν

2083 731 2301 785 flamma
2333 748 2454 802 qua:
2479 749 2641 789 omne
2669 737 2976 804 periculum
3002 738 3341 793 transcendit
3371 745 3426 792 et
3451 755 3667 792 omnem

408 817 486 888 τῷ
518 815 751 882 πελάγει
791 819 890 886 τῆς
945 816 1207 882 διανοίας,
1249 818 1277 871 ὁ
1323 819 1541 871 κόπτων
1576 820 1675 891 τὴν
1718 820 1990 903 ρᾳθυμίαν

2083 833 2290 879 metum
2343 827 2776 897 transgreditur;
2817 837 2868 883 et
2914 829 3079 883 ardor
3113 831 3205 898 qui
3256 845 3472 886 omnem
3515 831 3661 900 cupi-

409 910 506 962 καὶ
541 907 641 980 τὴν
677 908 961 979 ἀμέλειαν,
990 909 1085 963 καὶ
1117 910 1149 980 ἡ
1189 911 1320 978 φλὸξ
1350 911 1442 964 τοῦ
1475 911 1641 981 ζήλου
1674 915 1706 982 ή
1739 931 1992 967 καταπα-

2083 916 2309 970 ditatem
2361 917 2596 988 despicit
2644 936 2874 988 eamque
2905 937 2967 975 ex
3001 924 3337 991 cogitatione
3376 923 3665 991 abstergit.

407 1001 579 1054 τοῦσα
605 1001 786 1054 πάντα
809 1001 1056 1054 κίνδυνον
1079 1001 1171 1054 καὶ
1203 1002 1557 1056 διαϐαίνουσα
1593 1005 1771 1058 πάντα
1802 1005 1986 1073 φόϐον,

2083 1018 2135 1064 et
2177 1009 2508 1065 oblivionem
2539 1011 2729 1068 inserit
2764 1030 2953 1068 eorum
2987 1005 3106 1083 qua:
3131 1033 3253 1069 cum
3293 1017 3414 1069 aliis
3451 1027 3670 1085 prteter-

407 1091 501 1143 καὶ
532 1093 564 1161 ἡ
593 1090 772 1162 θέρμη
801 1091 834 1160 ἡ
875 1091 1300 1162 καταφρονοῦσα
1349 1095 1532 1164 πάσης
1563 1093 1861 1163 ἐπιθυμίας
1895 1096 1988 1147 καὶ

2083 1113 2248 1166 eunt;
2299 1113 2354 1157 et
2403 1115 2462 1158 ut
2527 1121 2638 1158 uno
2709 1107 2879 1160 verbo
2929 1109 3147 1168 diram.
3197 1111 3395 1163 sinceri
3434 1109 3671 1163 hominis

405 1183 472 1236 ἐκ
527 1183 626 1251 τῆς
695 1182 939 1247 διανοίας
993 1184 1351 1254 έξαλείφουσα
1391 1185 1616 1257 ταύτην,
1673 1188 1766 1240 καὶ
1817 1187 1990 1258 λήθην

2082 1195 2332 1259 libertas,
2369 1197 2566 1250 animae
2603 1197 2787 1251 lzetitia
2824 1207 2879 1252 et
2915 1201 3272 1262 resurrectio.
3311 1211 3364 1254 et
3415 1201 3469 1254 in
3501 1217 3671 1266 regno

406 1274 718 1342 ἐμποιοῦσα
752 1277 934 1344 πάσης
971 1278 1192 1348 μνήμης
1224 1279 1333 1330 τῶν
1368 1280 1798 1350 παρερχομένων
1850 1280 1988 1348 μετὰ

2084 1288 2350 1339 ρω¹υτιιιιι
2387 1301 2510 1340 eum
2544 1287 2766 1344 Christo
2799 1291 3017 1359 requies
3062 1291 3188 1344 inde.
3238 1293 3582 1360 proveniunt.
3617 1292 3671 1343 Si

405 1366 513 1418 τῶν
560 1366 737 1420 ἄλλων
763 1385 778 1400 ⁸
823 1370 916 1421 καὶ
974 1370 1059 1422 ἵνα
1093 1373 1376 1440 συντόμως
1420 1371 1583 1434 εἴπω,
1621 1374 1652 1441 ἡ
1705 1371 1987 1442 ἐλευθερία

2086 1379 2208 1444 quis
2234 1387 2415 1434 autem
2465 1379 2517 1433 in
2556 1381 2710 1436 hisce
2741 1383 2954 1436 duobus
2989 1385 3272 1453 negligens
3319 1383 3505 1447 fuerit,
3539 1385 3673 1438 seiat

405 1457 502 1511 τοῦ
548 1460 842 1529 ἀνθρώπου
870 1461 963 1514 τοῦ
996 1462 1276 1532 ἀληθινοῦ,
1311 1464 1406 1517 καὶ
1434 1464 1466 1533 ἡ
1494 1462 1639 1534 χαρὰ
1659 1464 1756 1534 τῆς
1785 1463 1986 1536 ψυχῆς,

2087 1469 2202 1525 fore
2227 1479 2284 1524 ut
2305 1486 2411 1524 non
2434 1471 2596 1526 modo
2621 1475 2881 1528 omnibus
2905 1476 3182 1544 praedictis
3203 1477 3446 1544 seipsum
3477 1475 3673 1542 privet,

405 1552 502 1604 καὶ
533 1554 566 1620 ἡ
598 1554 924 1618 ἀνάστασις,
959 1555 1054 1607 καὶ
1084 1556 1117 1624 ἡ
1150 1557 1288 1626 μετὰ
1313 1556 1408 1610 τοῦ
1439 1557 1678 1626 Χριστοῦ
1715 1558 1772 1608 έν
1793 1560 1857 1628 τῇ
1889 1558 1985 1625 βα-

2086 1562 2180 1615 sed
2214 1571 2267 1617 et
2299 1563 2547 1618 omnium
2577 1565 2839 1620 virtutum
2889 1567 3248 1620 fundamenta
3275 1567 3580 1626 concutiat.
3622 1566 3673 1618 in

406 1644 583 1715 σιλεία
621 1647 729 1698 τῶν
781 1648 1030 1716 οὐρανῶν
1067 1649 1374 1712 ἀνάπαυσις
1421 1649 1695 1704 ἐντεῦθεν.
1730 1649 1798 1702 Εί
1819 1667 1900 1712 τις
1930 1649 1986 1701 δὲ

2085 1655 2319 1708 duarum
2351 1655 2572 1710 illarum
2620 1658 2884 1711 virtutum
2923 1667 3265 1724 contemptu.
3315 1656 3375 1712 Et
3411 1658 3675 1726 quemad-

402 1731 668 1806 ἀμελήσει
694 1737 752 1790 ὲν
778 1741 892 1802 τοῖς
938 1739 1060 1793 δυσὶ
1106 1741 1338 1806 τούτοις,
1369 1741 1563 1810 γνώτω
1600 1741 1682 1795 ὅτι
1719 1741 1781 1794 οὐ
1829 1743 1990 1810 μόνιν

2087 1747 2311 1802 modum
2335 1765 2412 1804 ea:
2434 1761 2560 1804 sunt
2579 1751 2632 1804 in
2657 1751 2836 1804 anima
2857 1751 3182 1820 principium
3207 1760 3260 1804 et
3285 1762 3445 1818 eaput
3476 1750 3674 1804 dirinre

403 1828 467 1880 ἐκ
497 1828 715 1882 πάντων
740 1829 850 1883 τῶν
877 1832 1299 1904 προειρημένων
1325 1833 1532 1887 τούτων
1559 1833 1751 1904 ζημιοῖ
1770 1833 1986 1899 ἑαυτὸν,

2088 1843 2429 1910 operationis
2457 1857 2521 1898 ac
2554 1843 2722 1913 ianua
2771 1853 2822 1898 et
2857 1845 2946 1898 via
3003 1843 3067 1898 ad
3105 1843 3412 1909 Christum,
3457 1845 3508 1897 si
3552 1843 3675 1910 quis

402 1917 541 1971 ἀλλά
583 1919 679 1971 καὶ
715 1919 1092 1990 τὸνθεμέλιον
1137 1923 1328 1987 πασῶν
1357 1925 1465 1978 τῶν
1496 1923 1710 1996 ἀρετῶν
1737 1922 1987 1987 διασείει,

2089 1949 2182 1988 eas
2212 1940 2566 2002 occupaverit
2618 1945 2671 1989 et
2696 1933 2748 2018 in
2781 1936 2851 1991 iis
2881 1935 3234 1997 remanserit,
3270 1935 3342 1986 ita
3371 1945 3424 1988 et
3470 1934 3514 1988 si
3551 1936 3676 2002 quis

312 2054 314 2056 τ
403 2011 461 2062 ἐν
492 2012 559 2081 τῇ
596 2015 1006 2083 καταφρονήσει
1040 2014 1149 2067 τῶν
1203 2015 1299 2069 δύο
1349 2015 1556 2070 τούτων
1601 2017 1834 2083 ἀρετῶν.
1874 2017 1922 2067 Κ

2089 2041 2152 2080 ex
2187 2026 2253 2080 iis
2288 2041 2348 2082 se
2383 2029 2652 2097 receperit
2677 2011 2731 2082 et
2759 2029 3038 2096 resilierit,
3087 2029 3304 2084 duobus
3327 2042 3515 2081 earum
3545 2043 3676 2080 con-

403 2117 593 2186 ῶσπερ
634 2119 777 2174 εὶσὶν
824 2114 986 2175 αῦται
1020 2122 1078 2173 ἐν
1131 2125 1196 2191 τῇ
1235 2121 1406 2194 ψυχῇ,
1459 2122 1602 2194 ἀρχὴ
1639 2123 1734 2177 καὶ
1770 2122 1984 2196 κεφαλὴ

2087 2117 2273 2171 trariis
2302 2130 2589 2181 occurret;
2645 2135 2840 2188 nempe
2871 2135 3100 2190 corpore
3143 2122 3400 2174 fulci--tur
3451 2128 3504 2174 et
3535 2121 3676 2190 gula:

404 2211 500 2278 τῆς
527 2210 679 2274 θείας
722 2211 1010 2280 ἐργασίας,
1040 2213 1133 2266 καὶ
1173 2214 1334 2285 θύρα,
1375 2216 1467 2269 καὶ
1509 2215 1684 2286 όδὸςή
1719 2215 1856 2285 πρὸς
1892 2214 1986 2268 τὸν

2085 2212 2343 2266 ardenter
2367 2213 2691 2284 indulgebit.
2741 2233 2760 2265 ι
2802 2215 2864 2268 Et
2904 2226 3123 2270 caetera.
3161 2214 3222 2270 Et
3266 2216 3319 2268 in
3357 2214 3516 2268 aliis:
3557 2233 3575 2265 ι
3613 2213 3676 2265 Bt

406 2300 662 2370 Χριστὸν,
707 2303 803 2354 ὲάν
856 2320 940 2366 τις
993 2307 1244 2376 κρατήσῃ
1319 2306 1511 2373 αὐτὰς,
1549 2307 1646 2361 καὶ
1697 2307 1756 2360 ὲν
1795 2308 1988 2373 αὑταῖς

2085 2303 2176 2355 alii
2233 2304 2455 2372 quidem
2515 2308 2580 2359 ab
2628 2306 2788 2360 initio
2837 2306 3016 2374 ignavi
3065 2315 3118 2359 et
3159 2306 3516 2375 negligentes,
3565 2319 3674 2357 non

407 2397 701 2469 ὑπομείνῃ,
744 2398 888 2451 οὕτω
923 2401 1016 2452 καὶ
1046 2401 1140 2453 ὲάν
1190 2418 1275 2464 τις
1313 2401 1645 2472 ἀναχωρήσῃ
1677 2401 1736 2469 ἐξ
1781 2400 1982 2464 αὐτῶν,

2084 2395 2262 2449 solum
2293 2411 2356 2450 ex
2383 2397 2468 2452 his
2493 2413 2558 2452 ac
2580 2398 2780 2452 talibus
2802 2398 3024 2468 pugnis,
3057 2398 3151 2451 sed
3179 2413 3244 2450 ex
3279 2396 3492 2451 arboris
3513 2395 3675 2449 folio-

404 2489 501 2540 καὶ
531 2489 863 2561 ἀποπηδήσῃ
917 2492 1012 2544 ἀπ’
1043 2492 1248 2554 αὐτῶν,
1281 2494 1419 2564 πρὸς
1466 2493 1643 2548 ταῦτα
1693 2495 1762 2548 τὰ
1796 2493 1888 2546 δύο
1915 2493 1986 2548 τὰ

2083 2503 2208 2542 rum
2263 2489 2494 2558 strepitu
2553 2499 2798 2544 tremunt
2831 2505 2894 2544 ac
2954 2490 3283 2554 turbantur;
3333 2501 3384 2541 et
3419 2503 3584 2557 parva
3614 2501 3677 2539 ea

403 2583 621 2638 ἐναντία
676 2585 882 2639 τούτων
936 2588 1219 2657 καταντᾷ⁶
1296 2587 1447 2656 λέγω
1510 2588 1612 2658 δὴ,
1663 2586 1724 2642 τὺ
1781 2604 1989 2658 μετεω-

2083 2595 2204 2649 quae
2256 2597 2322 2636 ex
2372 2581 2532 2636 famis
2588 2582 2941 2637 incommodo
2990 2583 3188 2644 oritur,
3243 2583 3572 2636 necessitate
3623 2587 3680 2632 et

406 2674 658 2742 ρισοῆναι
684 2675 762 2744 τῷ
788 2676 1028 2746 σώματι,
1075 2679 1172 2731 καὶ
1194 2683 1630 2750 γαστριμαργεῖν
1658 2677 1921 2746 ἀθέσμως
1956 2695 1977 2729 ι

2083 2690 2246 2744 parva
2273 2674 2594 2730 infirmitate
2616 2684 2949 2744 superantur
2980 2685 3034 2730 cl
3065 2673 3404 2744 dejieinntur
3437 2681 3491 2728 et
3527 2681 3677 2726 retro

405 2767 498 2816 καί
529 2767 596 2817 τὰ
633 2765 780 2835 ἑξῆς.
815 2768 925 2821 Καὶ
959 2769 1016 2821 ὲν
1067 2769 1250 2832 ἄλλοις
1277 2787 1290 2800 ’
1331 2789 1350 2822 ι
1387 2772 1494 2824 Καὶ
1523 2771 1570 2824 oi
1609 2770 1708 2840 μὲν
1757 2772 1816 2822 ἐν
1863 2771 1983 2829 ταῖς

2082 2775 2391 2821 vertuntur.
2421 2766 2636 2822 Sinceri
2672 2775 2854 2822 autem
2885 2776 2937 2821 et
2969 2766 3209 2836 probati,
3235 2783 3302 2820 ne
3328 2767 3535 2820 oicrum
3559 2766 3681 2834 qui-

403 2858 599 2928 ἀρχαῖς
631 2857 812 2912 αὐτῶν
860 2861 1097 2932 ρᾴθυμοι
1151 2863 1244 2916 καὶ
1288 2863 1479 2934 χαῦνοι
1528 2864 1887 2935 ὑπάρχοντες,
1921 2859 1984 2916 οὐ

2080 2858 2202 2914 dent
2255 2857 2403 2914 Γωηο
2457 2859 2766 2924 satiantur;
2803 2875 3003 2929 neque.
3052 2858 3326 2913 sicearum
3371 2857 3669 2912 herbarum

404 2946 568 3015 μόνον
609 2949 675 3000 ὲκ
723 2947 833 3001 τῶν
885 2949 1116 3018 ἀγώνων
1154 2952 1363 3006 τούτων
1395 2953 1493 3006 καὶ
1537 2953 1648 3007 τῶν
1697 2954 1980 3019 τοιούτων,

2087 2951 2370 3007 radicibus
2408 2951 2643 3018 nutriti,
2693 2963 2820 3006 ante
2861 2960 3119 3004 statutam
3173 2949 3277 3005 cibi
3325 2949 3541 3007 boram.
3572 2948 3672 3001 ali-

401 3035 540 3090 ἀλλά
571 3038 666 3092 καὶ⁸
700 3038 807 3092 ἀπὸ
833 3039 966 3112 ἧχου
993 3041 1208 3110 φύλλων
1246 3042 1468 3114 δένδρου
1507 3044 1748 3096 δειλιιῖλσι
1771 3044 1866 3097 καὶ
1893 3059 1984 3096 τας

2078 3059 2240 3114 quatn
2268 3059 2457 3099 earum
2487 3044 2694 3098 audent
2727 3052 2970 3113 gustare.
3011 3042 3116 3097 Sed
3155 3044 3303 3095 humi
3337 3041 3672 3094 recumbunt

405 3131 729 3202 ράττονταιο
762 3135 857 3187 καὶ
915 3134 1024 3188 ἀπὸ
1065 3137 1272 3206 μικρᾶς
1321 3135 1571 3207 ἀνάγκης
1617 3137 1719 3207 τῆς
1749 3137 1855 3191 ἀπὸ
1882 3138 1981 3206 τῆς

2081 3137 2137 3191 in
2193 3137 2516 3191 infirmitate
2562 3145 2618 3190 et
2654 3135 2936 3190 debilitate
2992 3139 3283 3202 corporis;
3314 3141 3367 3186 et
3411 3132 3669 3186 bebatum

404 3223 595 3294 χρείας
621 3223 717 3278 τοῦ
751 3225 937 3297 λιμοῦ,
967 3228 1062 3281 καὶ
1090 3227 1198 3281 ἀπὸ
1232 3230 1438 3300 μικρᾶς
1463 3227 1748 3291 ἀσθενείας
1782 3230 2014 3306 νικῶν-4

2079 3231 2255 3287 visunt
2302 3230 2508 3284 habent
2543 3244 2736 3284 eorum
2770 3228 2940 3292 oculi,
2973 3243 3039 3283 eo
3071 3231 3212 3294 quod
3244 3241 3446 3307 eorum
3468 3240 3673 3292 corpus

400 3332 512 3378 ται,
548 3319 643 3370 καὶ
667 3319 1066 3391 ἀπαρνοῦνται,
1095 3323 1188 3375 καὶ
1209 3325 1292 3386 είς
1311 3323 1382 3375 τὰ
1419 3322 1596 3377 ὀπίσω
1628 3325 1976 3393 στρέφονται.

2079 3322 2243 3377 nimis
2269 3337 2504 3376 vacuum
2541 3329 2648 3376 est.
2707 3321 2774 3374 Et
2803 3321 2848 3375 si
2882 3335 2945 3374 ex
2989 3319 3314 3374 necessitate
3346 3317 3398 3371 in
3447 3332 3512 3369 eo
3541 3327 3669 3369 sunt

402 3408 467 3460 Οἱ
494 3407 550 3461 δὲ
591 3408 838 3480 ἀληθινοὶ
879 3414 975 3464 καὶ
1005 3412 1244 3484 δόκιμοι,
1271 3413 1394 3468 οὐδὲ
1425 3415 1490 3468 ἐκ
1525 3414 1617 3468 τοῦ
1643 3415 1838 3487 χόρτου
1871 3415 1982 3470 τῶν

2080 3421 2136 3466 ιιι
2157 3429 2186 3467 e
2218 3427 2449 3482 corpore
2467 3420 2689 3475 exeant,
2723 3426 2792 3465 ne
2824 3408 3196 3479 tunc'quidem
3222 3407 3354 3459 dant
3383 3420 3579 3458 manus
3611 3411 3672 3456 ut

400 3494 651 3566 λαχάνων
711 3501 1070 3570 χορτάζονται
1097 3519 1110 3533 ·
1138 3503 1259 3556 οὐδὲ
1291 3504 1636 3576 διατιὼμενοι
1670 3494 1850 3575 ῥίζαις
1885 3506 1981 3578 βο·

2079 3515 2418 3572 superentur
2447 3519 2510 3558 ac
2543 3503 2928 3566 succumbant,
2963 3500 3102 3556 adeo
3133 3499 3314 3553 valida
3366 3506 3450 3550 est
3480 3511 3670 3549 eorum

399 3586 578 3642 τάνων
605 3588 808 3660 ξηρῶν,
842 3594 950 3661 πρὸ
972 3593 1070 3661 τῆς
1093 3594 1491 3665 νενομισμένης
1523 3595 1675 3666 ὥρας
1706 3595 1808 3665 τῆς
1849 3613 1979 3668 τρο-

2080 3598 2359 3658 voluntas.
2393 3597 2636 3666 Cupiunt
2668 3595 2816 3650 enim
2851 3609 2916 3650 ac
2947 3595 3143 3650 volunt
3173 3593 3275 3648 sibi
3313 3591 3421 3644 vim
3467 3587 3673 3642 inferre

402 3677 531 3746 φῆς,
569 3681 962 3751 καταδέχονταί
991 3699 1137 3747 τινος
1189 3683 1530 3751 γεύσασθαι)
1577 3685 1715 3739 ἀλλά
1741 3686 1837 3739 καὶ
1876 3704 1978 3757 χα-

2078 3701 2301 3761 propter
2325 3690 2419 3744 Dei
2447 3704 2727 3750 amorem;
2755 3699 2811 3743 et
2841 3685 3083 3756 torqueri
3111 3699 3208 3755 pro
3237 3685 3434 3739 virtute
3457 3681 3672 3735 malunt

403 3773 716 3842 μευνοῦσιν,
743 3776 800 3828 ἐν
825 3775 1018 3848 ἀτονία
1041 3777 1192 3842 ὄντες
1221 3779 1320 3832 καὶ
1341 3780 1552 3851 ἀγωνίᾳ
1574 3781 1670 3834 τοῦ
1696 3780 1973 3851 σώματος·

2076 3796 2239 3849 quam
2263 3779 2461 3834 ﬂuxam
2490 3780 2657 3833 vitam
2681 3778 2884 3832 habere
2914 3787 2967 3832 et
2988 3792 3205 3830 Omnem
3235 3790 3391 3830 suam
3423 3770 3670 3838 requiem

401 3865 496 3918 καὶ
524 3865 952 3934 ἀμϐλυωποῦσιν
981 3869 1030 3921 οἱ
1061 3871 1330 3942 ὀφθαλμοὶ
1374 3872 1577 3933 αὐτῶν,
1605 3875 1670 3927 ὲκ
1705 3873 1805 3944 τῆς
1837 3873 1979 3942 ἄγαν

2076 3871 2130 3924 in
2180 3885 2242 3924 ea
2297 3885 2520 3939 ponere.
2561 3869 2626 3922 Et
2657 3868 2881 3938 quando
2913 3865 3318 3935 superw-niunt
3356 3862 3463 3916 illis
3495 3868 3667 3916 tenta-

402 3956 685 4020 κενώσεως
741 3959 837 4011 τοῦ
895 3960 1188 4031 σώματος’
1221 3961 1324 4017 κᾶν
1371 3963 1428 4016 δὲ
1477 3965 1542 4016 ἐκ
1589 3966 1688 4034 τῆς
1731 3965 1978 4034 ἀνάγκης

2077 3960 2276 4018 tiones.
2321 3959 2498 4024 magis
2531 3957 2798 4010 laetantur
2824 3955 2968 4026 quod
3005 3969 3099 4025 per
3133 3969 3228 4007 eas
3291 3951 3670 4021 perﬁciantur,

401 4045 696 4113 ὲγγίσωσιν
728 4048 964 4112 ἐξελθεῖν
995 4051 1060 4103 ἐκ
1084 4049 1178 4103 τοῦ
1208 4049 1480 4120 σώματος,
1504 4051 1624 4104 οὐδὲ
1645 4048 1787 4103 οὕτω
1819 4052 1976 4120 χεῖρα

2075 4063 2130 4107 et
2162 4049 2388 4121 perfecti
2421 4051 2570 4103 liant.
2598 4049 2703 4103 Sed
2741 4063 2919 4118 neque
2949 4063 3012 4102 ex
3041 4047 3193 4100 duris
3219 4059 3356 4110 quas
3385 4044 3439 4098 in
3471 4041 3670 4110 scipsis

401 4136 629 4192 διδοῦσιν
659 4141 959 4212 ἡττηθῆναι
995 4143 1089 4195 καὶ
1139 4146 1346 4206 πεσεῖν,
1401 4145 1467 4196 ἐκ
1506 4147 1606 4212 τῆς
1659 4143 1978 4215 ἐρρωμένης

2074 4146 2466 4212 experiuntur,
2506 4142 2796 4207 molestiis,
2849 4144 2901 4195 in
2955 4141 3045 4194 Dei
3072 4140 3366 4193 dilectione
3389 4137 3668 4190 dubitant.

401 4229 580 4282 αὐτῶν
617 4231 1019 4302 προαιρέσεως.
1054 4233 1286 4286 Ποθοῦσι
1328 4233 1436 4303 γὰρ
1479 4233 1573 4287 καὶ
1604 4235 1850 4301 ἐφίενται
1877 4232 1973 4287 τοῦ

2077 4236 2181 4291 Sed
2218 4236 2392 4290 donec
2439 4252 2504 4288 ex
2561 4235 2672 4288 vita
2726 4235 2931 4305 egressi
2990 4235 3121 4291 sint.
3183 4231 3415 4298 cupiunt
3455 4228 3675 4282 labores

401 4322 692 4392 βιάσασθαι
738 4326 969 4389 ἑαυτοὺς
1021 4327 1109 4380 διά
1139 4327 1240 4397 τὴν
1279 4329 1500 4397 ἀγάπην
1531 4327 1624 4379 τοῦ
1658 4325 1827 4380 Θεοῦ’
1879 4326 1975 4380 καὶ

2075 4340 2338 4396 generose
2381 4325 2660 4394 sIIsI-ipere
2687 4339 2861 4393 neque
2895 4325 3117 4387 cedunt,
3155 4321 3283 4392 quia
3319 4321 3454 4373 fiunt
3504 4319 3558 4372 in
3602 4319 3671 4371 iis

401 4418 602 4487 κοπιᾷν
633 4420 771 4487 ὑπὲρ
801 4419 901 4488 τῆς
927 4421 1128 4492 ἀρετῆς
1157 4421 1460 4491 αἱροῦνται,
1497 4421 1529 4491 ἢ
1573 4420 1673 4490 τὴν
1704 4420 1973 4491 πρόσκαι-

2074 4415 2326 4486 perfecti.
2360 4434 2379 4468 ›
2414 4415 2486 4469 lis
2526 4416 2694 4486 igitur
2726 4431 2791 4470 ac
2834 4416 3039 4469 talibus
3072 4414 3404 4468 inlnu'entes
3435 4420 3490 4465 et
3539 4427 3668 4473 nos,

401 4525 492 4576 ρον
522 4509 665 4578 ζωὴν
687 4511 855 4580 ἔχειν,
885 4513 980 4563 καὶ
1026 4515 1206 4565 πᾶσαν
1255 4513 1562 4566 ἀνάπαυσιν
1594 4516 1692 4583 τὴν
1719 4516 1776 4566 ἐν
1810 4513 1968 4584 αὐτῇ.

2075 4517 2128 4562 et
2153 4491 2563 4564 eihobedientes
2591 4509 2683 4578 qui
2721 4507 2900 4564 dixit:
2954 4527 2971 4560 ι
3009 4507 3176 4576 Regia
3220 4506 3304 4560 via
3347 4506 3561 4568 incede,
3599 4519 3670 4558 ne

402 4597 510 4649 Καὶ
561 4598 688 4651 ὅταν
719 4600 1017 4653 ἐπέλθωσιν
1065 4603 1246 4666 αὐτοῖς
1295 4603 1344 4654 οἱ
1395 4605 1710 4675 πειρασμοὶ,
1772 4589 2012 4672 μᾶλλονῖ

2073 4600 2312 4657 declines
2343 4617 2373 4655 a
2397 4603 2606 4656 dextris
2636 4610 2691 4656 et
2725 4617 2754 4656 a
2786 4602 3066 4666 sinistris;
3107 4619 3128 4651 ›
3155 4608 3209 4652 et
3254 4598 3535 4667 exemplar
3565 4614 3668 4649 e3-

399 4687 780 4757 εὑφραίνονται
811 4692 894 4744 ὅτι
921 4693 977 4743 ὲν
1007 4693 1190 4756 αὐτοῖς
1230 4694 1584 4753 τελειοῦνται.
1627 4695 1746 4765 ἦτοι
1775 4695 1971 4748 τέλειοι

2077 4694 2333 4762 ponimus
2361 4694 2480 4758 tibi,
2513 4701 2566 4747 et
2604 4696 2848 4763 regulam
2903 4710 3023 4763 qua:
3057 4691 3298 4746 medium
3335 4700 3516 4755 tenet;
3548 4706 3671 4757 qnze

397 4777 664 4834 γίνονται.
727 4780 868 4832 Ἀλλ’
903 4782 1022 4834 οὐδὲ
1076 4784 1140 4834 ἐκ
1180 4784 1290 4835 τῶν
1328 4783 1617 4853 μοχθηρῶν
1647 4785 1830 4836 κόπων
1861 4785 1972 4837 τῶν

1284 4801 1290 4828 ι
1328 4783 1617 4853 μοχθηρῶν
1647 4785 1830 4836 κόπων
1861 4785 1972 4837 τῶν
2075 4789 2298 4856 quidem
2336 4790 2436 4842 bos
2471 4787 2676 4841 limites
2707 4788 2894 4840 habet.

399 4875 703 4944 γινομένων
733 4875 792 4926 έν
826 4871 1012 4934 αὐτοῖς
1057 4869 1410 4934 διατάξουσιν
1439 4869 1499 4920 ὲν
1547 4869 1615 4938 τῇ
1654 4867 1843 4937 ἀγάπῃ
1879 4865 1974 4918 τοῦ
2011 4864 2149 4920 Θεοῦ
2187 4871 2200 4887 ⁸
2234 4868 2350 4920 ἀλλ’
2392 4868 2494 4930 ἕως
2535 4868 2606 4920 ἂν
2658 4867 2982 4935 ἑκλείψωσιν
3027 4870 3091 4918 ἐκ
3117 4866 3218 4935 τῆς
3263 4867 3432 4936 ζωῆς,
3470 4870 3681 4940 προθυ-

405 4967 633 5036 μοῦνται
677 4964 934 5027 δέξασθαι
965 4962 1230 5032 γενναίως
1262 4961 1364 5024 τὰς
1409 4959 1698 5031 ἐπηρείας,
1750 4961 1846 5011 καί
1877 4959 1976 5010 οὐκ
2011 4957 2415 5028 ἀναχωροῦσιν,
2466 4960 2549 5010 ὅτι
2584 4958 2642 5010 ὲν
2690 4959 2876 5021 αὐτοῖς
2932 4959 3128 5011 τέπειοι
3179 4961 3440 5028 γίνονται.
3484 4981 3503 5014 ι
3539 4963 3679 5016 Τού-

362 5113 364 5116 ,
405 5079 517 5124 τοις
553 5062 782 5125 καὶτοῖς
803 5063 1068 5122 τοιοῦτοις
1091 5055 1383 5127 τοιγαροῦν
1412 5057 1506 5110 καὶ
1538 5057 1704 5126 ἡμεῖς
1736 5055 2106 5125 στοιχοῦντες,
2135 5055 2224 5109 ναὶ
2252 5061 2359 5126 μὴν
2385 5058 2478 5108 καὶ
2507 5055 2585 5124 τῷ
2615 5054 2916 5121 κελευοντι,
2953 5055 3088 5125 Ὀδῷ
3119 5055 3379 5127 βασιλικῇ
3411 5060 3682 5129 πορεύου,

413 5156 488 5224 μὴ
525 5154 780 5228 ἐκκλίνῃς
826 5154 979 5229 δεξιά
1017 5153 1052 5224 ἢ
1084 5155 1372 5225 ἀριστερὰ,
1419 5152 1874 5225 πειθαρχοῦντες,
1923 5152 2017 5204 καὶ
2045 5154 2221 5206 τύπον
2276 5152 2612 5222 ὲκτιθὲμεθά
2646 5169 2752 5220 σοι,
2781 5155 2878 5207 καλ⁵
2921 5155 3128 5209 κανόνα
3160 5157 3482 5227 μεσότητος,
3526 5159 3679 5222 ὅστις

406 5253 546 5323 δῆτα
585 5254 681 5306 καὶ
709 5253 901 5306 τοῦτον
931 5253 1044 5323 ἔχει
1071 5254 1162 5306 τὸν
1191 5253 1339 5320 ὅρον.

407 5374 601 5438 Ὅπως
660 5370 756 5424 δεῖ
805 5375 956 5425 κατὰ
1004 5371 1318 5439 δευτέραν,
1381 5369 1482 5424 καὶ
1541 5368 1858 5440 τετάρτην,
1899 5369 1998 5424 καὶ

2101 5368 2371 5435 Quomodo
2423 5374 2629 5439 oportet
2673 5386 2791 5422 eum
2849 5369 2939 5439 qni
2996 5380 3195 5438 pugnat
3258 5382 3311 5422 οι
3363 5367 3592 5424 secunda
3637 5378 3692 5422 ei

619 5443 824 5508 ἕκτην,
851 5443 1169 5510 τρέφεσθαι
1197 5443 1306 5494 τὸν
1329 5440 1785 5511 ἀῖεωνιζᾏμεγον.

1661 5459 1785 5494 νον.
2516 5452 2708 5511 quarta
2738 5453 2784 5493 et
2820 5449 2968 5493 sexta
3001 5443 3084 5493 die
3121 5442 3271 5494 remi.

483 5521 588 5591 λα,
639 5538 798 5591 Κατά
841 5553 904 5604 γε
934 5536 1029 5599 τὰς
1077 5538 1226 5604 τρεῖς
1269 5535 1484 5606 ἡμέρας
1533 5535 1632 5606 τῆς
1679 5535 1997 5604 έῢδομάδος,

2169 5535 2262 5589 5|.
2292 5533 2495 5589 Tribus
2529 5534 2888 5590 hebdomadis
2921 5535 2973 5588 di
3012 5535 3134 5598 bus,
3169 5534 3382 5589 scilicet
3424 5534 3695 5598 secunda,

411 5631 578 5702 ἤγουν
637 5632 924 5702 δευτέραν,
958 5631 1261 5699 τετάρτην,
1293 5629 1390 5682 καὶ
1415 5628 1604 5699 ἕκτην,
1641 5629 1782 5682 ποίει
1821 5627 2001 5697 διηνε-

2102 5638 2295 5698 quarta
2318 5638 2374 5684 et
2403 5638 2580 5696 sexta,
2623 5644 2793 5682 nonas
2832 5628 2914 5682 fac
2940 5638 3230 5699 perpetuo,
3275 5627 3327 5682 id
3367 5637 3488 5692 est,
3521 5641 3580 5681 se
3605 5627 3695 5682 uel

411 5725 522 5784 κῶς
572 5725 828 5789 ὲννάῑας,
879 5726 1002 5795 ἢτοι
1049 5723 1196 5777 ἔσθιε
1256 5721 1407 5790 ἅπαξ
1433 5722 1532 5793 τῆς
1562 5723 1796 5794 ἡμέρας,
1833 5738 2001 5791 μετα.-

2105 5720 2357 5787 comede,
2397 5737 2537 5790 pane
2593 5735 2846 5784 vescens,
2880 5734 2973 5774 sex
3017 5721 3225 5787 UIICils;
3254 5734 3321 5773 ex
3354 5721 3519 5776 siccis
3547 5719 3694 5776 cibis

414 5812 712 5884 λαμϐάνων
744 5817 946 5886 ἄρτους
965 5815 1206 5884 οὐγγιῶν
1229 5814 1288 5882 ἓξ
1319 5831 1334 5846 ο
1370 5816 1481 5868 ἀπὸ
1506 5815 1615 5868 τῶν
1645 5815 2002 5888 ξηροτρόςρων

2115 5832 2263 5872 sume
2291 5828 2558 5887 quantum
2586 5816 2820 5872 s::lliciat
2847 5831 2862 5883 ;
2889 5824 2942 5871 ct
2970 5831 3151 5884 aquae,
3186 5816 3230 5870 si
3261 5816 3424 5880 velia,
3453 5825 3566 5872 tres
3599 5827 3725 5874 aut.

417 5908 702 5980 ἐγκρατῶς
743 5913 837 5965 τοῦ
880 5912 1180 5982 ἀρκοῦντος
1205 5925 1218 5940 °
1258 5910 1353 5964 καὶ
1403 5909 1614 5981 ὓδατος,
1646 5910 1745 5972 ’ἐ--ς
1771 5910 1936 5981 τριῶι
1968 5910 2001 5981 ἢ

2103 5923 2341 5983 quatuor
2373 5911 2475 5967 celi
2497 5927 2573 5967 :es
2605 5911 2773 5978 bibe;
2813 5927 3079 5968 canent-tu
3109 5925 3136 5966 s
3171 5925 3352 5980 quens
3375 5925 3598 5968 sanczrr
3641 5925 3698 5964 ra
