4076 6450
304 370 410 436 705

1526 355 1926 422 OPUSCUIA
1961 349 2348 412 ASCETICA.

3469 329 3577 395 τοο

307 483 408 553 χςὴ
452 476 697 547 μετιέναι
756 489 815 526 σε
872 472 1009 541 μετά
1044 466 1308 539 ἀκριϐοῦς
1361 464 1710 536 διακρίσεως,
1755 462 1931 534 πρόςλ

2009 457 2646 530 ccuratadipulieatioue
2690 451 2922 524 ingredi,
2950 451 3014 506 ad
3056 449 3580 522 duplicisanimau-

306 575 401 645 τὴν
423 570 517 625 τοῦ
545 566 732 623 διπλοῦ
750 566 892 631 ζώου
916 561 1257 634 συμφωνίαν,
1285 559 1378 612 καὶ
1407 555 1689 628 εἰρηναίαν
1721 556 1894 608 κατά.-

315 639 519 720 σέασιν.
554 683 571 713 ‹
592 660 747 715 Μετὰ
765 658 874 727 γὰρ
897 654 1107 723 σοφίας,
1127 652 1312 722 φησὶν,
1338 649 1702 716 οἰκοδομεῖται
1725 639 1892 707 οἶκος·

316 755 400 809 cal
432 751 572 822 μετά
608 749 880 808 συνέσεως
931 741 1257 814 ἀνορθοῦται
1280 757 1294 771 ·
1331 740 1426 793 καὶ
1464 737 1772 807 αἰσθήσεως
1795 736 1896 803 ἐμ-

317 845 577 898 πίπλαται
615 839 683 894 τὰ
711 837 938 907 ταμεῖα,
967 834 1171 897 παντὸς
1197 829 1430 883 πλούτου
1455 827 1639 898 τιμίου
1671 825 1766 878 καὶ
1795 839 1898 876 κα-

316 937 426 992 λοῦ.
458 955 476 988 t
507 933 715 1006 Γράφει
741 932 794 984 δὲ
821 929 916 982 καὶ
945 930 972 980 6
1000 927 1143 987 θεῖος
1185 923 1493 983 Θαλάσσιος
1519 937 1532 950 ·
1595 935 1614 969 ‹
1664 916 1730 969 Ἥ
1763 912 1930 984 μετὰι

317 1031 472 1098 λόγου
490 1025 830 1094 εὐδιάκριτος
851 1020 1024 1072 ἔνδεια
1053 1016 1148 1071 καὶ
1171 1015 1447 1083 στενότης,
1471 1009 1725 1082 βασιλική
1751 1007 1903 1058 ἐστιν

317 1122 458 1184 ὁδός⁸
509 1118 651 1172 ὥστε
705 1115 734 1166 6
784 1111 1100 1178 ἀδιάκριτος
1147 1103 1536 1171 ὑπωπιασμὸς,
1585 1097 1904 1169 ἢὴἀλογος

317 1211 749 1282 συγκατάϐασις,
774 1199 1071 1272 ἀσύμφορά
1099 1200 1260 1259 εἰσιν,
1278 1195 1353 1256 ὡς
1387 1190 1729 1263 ἑκατέρωθεν
1754 1185 1905 1257 παρά

318 1277 472 1374 λόγον
497 1301 778 1371 γινόμενα.
815 1314 832 1348 ι
866 1295 976 1349 Kal
1006 1294 1034 1345 6
1059 1291 1204 1351 ὅσιος
1249 1285 1438 1340 Ἰσαάκ
1458 1300 1472 1314 ο
1509 1300 1528 1334 ι
1572 1282 1807 1334 Ἐπεται
1837 1277 1904 1347 τῇ

318 1395 499 1452 ἀνέσει
554 1391 664 1444 τῶν
714 1386 914 1459 μελῶν,
950 1384 984 1453 ή
1033 1379 1141 1434 τῶν
1191 1372 1473 1444 λογισμῶν
1527 1371 1787 1432 ἔκστασις
1814 1368 1909 1420 καὶ

325 1488 556 1560 φύρσιςο
597 1483 693 1537 καὶ
745 1482 812 1550 τῇ
864 1474 1090 1544 ἀμέτρῳ
1126 1467 1381 1541 ἐργασίᾳ,
1419 1463 1658 1533 ἀκηδίαο
1721 1459 1818 1512 καὶ
1841 1459 1910 1528 τῇ

323 1579 542 1650 ἀκηδίᾳ,
573 1576 828 1633 ἔκστασις
850 1587 861 1597 ·
895 1566 1146 1634 διαφέρει
1167 1563 1223 1616 δέ
1255 1561 1514 1620 ἔκστασις
1565 1552 1907 1614 ἐκστάσεως·

324 1675 388 1744 τῇ
551 1667 658 1737 γὰρ
684 1662 879 1734 πρώτῃ
930 1657 1193 1713 ἐκστάσει
1230 1653 1426 1705 ἕπεται
1469 1651 1496 1702 6
1526 1646 1765 1715 πόλεμος
1807 1642 1908 1711 τῆς

326 1734 582 1834 πορνείας
602 1734 638 1791 ον
663 1759 727 1826 τῇ
757 1755 812 1808 δέ
841 1752 1091 1834 δευτέρᾳ,
1121 1749 1154 1818 ἡ
1188 1744 1280 1799 τοῦ
1339 1742 1471 1795 ἰδίου
1499 1734 1912 1808 ἠσυχαστηρίου

1987 555 2056 610 tis
2097 551 2447 608 concordiam
2482 556 2534 601 et
2560 545 2851 616 pacilicum
2884 551 3109 598 statum.
3149 564 3166 593 ι
3203 541 3337 596 Cum
3359 539 3582 609 sapien-

1983 648 2056 702 tia
2082 645 2250 707 enim,
2281 640 2479 710 inquit,
2505 637 2804 691 :ntliticatur
2839 633 3058 688 domus:
3123 641 3173 685 et
3210 647 3334 686 cum
3373 632 3583 685 intellh

1983 737 2165 808 gentia
2209 734 2552 788 instauratur
2584 745 2602 786 ς
2633 738 2688 783 et
2737 742 2902 782 sensu
2970 725 3297 795 adimpletur
3321 724 3580 778 arrarium

1982 828 2238 886 omnibus
2267 823 2473 880 divitiis
2509 819 2765 891 pretiosis
2802 831 2856 874 et
2890 817 3150 888 pulchris.
3187 837 3204 868 ι
3248 816 3449 872 Scribit
3479 832 3583 869 au-

1986 931 2095 977 tem
2125 931 2180 974 et
2209 928 2432 973 sanctus
2463 913 2783 969 Thalassius
2820 928 2834 964 :
2876 928 2894 962 ι
2933 911 3067 964 Cum
3102 909 3313 963 ratione
3341 909 3580 963 discreta

1986 1011 2285 1082 indigentia
2312 1017 2366 1062 et
2394 1004 2772 1076 angustia,via
2809 1002 2951 1072 regia
2985 1012 3105 1065 est;
3139 1001 3212 1053 ita
3246 1011 3304 1054 ut
3331 1016 3436 1054 non
3467 1000 3584 1053 dis-

1994 1113 2141 1161 creta
2180 1101 2456 1170 sugillatio
2477 1107 2530 1152 et
2560 1095 2960 1151 irrationabilis
3012 1091 3302 1161 prudentia
3362 1090 3582 1145 inutiles

1987 1199 2118 1259 sint,
2162 1206 2422 1264 tanquam
2484 1189 2742 1254 tttri'nque
2771 1196 2960 1241 contra
3019 1183 3288 1237 rationem
3327 1183 3503 1236 factze.
3552 1198 3572 1232 ι

1990 1292 2053 1344 Et
2074 1291 2198 1361 pius
2232 1287 2383 1341 Isaac
2411 1299 2425 1338 :
2452 1302 2471 1335 ι
2507 1283 2767 1353 Sequitur
2799 1279 3169 1334 membrorum
3201 1275 3577 1332 remissionem

1991 1383 2224 1439 rationis
2253 1376 2600 1434 deordiuatio
2628 1382 2684 1430 et
2739 1373 3004 1438 turbatio,
3054 1379 3109 1425 et
3160 1367 3582 1422 immoderatam

1987 1472 2361 1542 operationem
2415 1466 2630 1530 aeedia,
2695 1473 2750 1520 et
2798 1463 3043 1518 arediam
3109 1458 3363 1514 cxstasis.
3397 1455 3654 1521 Diﬁ'ert

1989 1578 2169 1621 autem
2205 1561 2440 1619 exstasis
2471 1561 2538 1613 ab
2577 1558 2809 1613 exstasi.
2864 1554 3102 1609 Primam
3139 1551 3282 1606 enim
3319 1551 3588 1605 exstasim

1989 1660 2238 1730 sequitur
2310 1651 2690 1709 fornicationis
2760 1648 3003 1712 bellum,
3067 1646 3364 1700 secundam
3457 1656 3590 1698 vero

1995 1749 2200 1821 proprii
2229 1743 2494 1802 domicilii
2539 1741 2822 1797 derelictio
2852 1748 2908 1794 et
2937 1753 2966 1792 a
3003 1737 3124 1791 loco
3166 1737 3218 1790 in
3265 1736 3447 1789 locum
3487 1733 3589 1788 mi-

328 1851 668 1918 κατάλειψις,
701 1848 794 1900 καὶ
819 1843 926 1897 ἀπὶ)
944 1829 1112 1896 τόπου
1141 1841 1222 1901 εἰς
1243 1837 1409 1890 τόπον
1435 1829 1818 1903 μετακίνησιςο
1847 1827 1931 1897 τῇ]

2007 1843 2170 1913 gratio
2194 1857 2209 1908 ;
2242 1839 2533 1894 moderatae
2561 1843 2744 1890 autem
2772 1841 2826 1890 et
2855 1833 3122 1903 patienter
3142 1829 3355 1885 durauti
3389 1841 3585 1897 opera-

327 1947 385 2000 δέ
411 1942 674 2015 ἐμμέτρῳ
707 1937 801 1992 καὶ
828 1933 1102 1995 ἐπιπόνως
1129 1929 1462 2001 διαμενούσῃ
1492 1921 1752 1995 ἐργασίᾳ,
1781 1917 1916 1988 τιμὴ

331 2042 433 2094 οὐκ
461 2038 604 2091 ἐστι’
642 2032 850 2086 τούτων
887 2028 954 2082 se
997 2028 1031 2096 ἡ
1068 2023 1295 2096 μείωσις
1346 2019 1464 2089 μὲν,
1514 2011 1780 2084 πληθύνει
1818 2005 1918 2078 τὴν

332 2132 524 2202 ἡδονήν
546 2145 564 2162 ο
591 2128 626 2198 ἡ
659 2127 715 2180 δὲ
737 2120 995 2192 ἀμετρία,
1020 2117 1120 2188 τὴν
1150 2115 1430 2168 ἔκστασιν.
1468 2126 1488 2160 ι
1522 2105 1631 2161 Kal
1669 2104 1698 2157 6
1746 2099 1918 2202 μέγας

336 2192 625 2293 Σίῖάξιμοςί
685 2236 704 2269 ‹
745 2217 838 2286 Μὴ
888 2212 1017 2282 ὃλην
1073 2210 1172 2278 τὴν
1211 2202 1409 2276 σχολὴν
1459 2198 1590 2270 περὶ
1612 2196 1712 2264 τὴν
1736 2192 1921 2263 σάρκα

339 2287 464 2389 ἔχει
490 2287 609 2367 ἀλλ’
641 2312 826 2381 ὅρισον
856 2305 993 2375 αὐτῇ
1033 2301 1132 2373 τὴν
1180 2297 1323 2353 κατά
1377 2293 1608 2362 δύναμιν
1653 2287 1919 2389 ἄσκησιγ·

341 2372 436 2461 κ’άὶ
473 2372 716 2458 6).ov1:6v
768 2396 916 2461 νοῦν,
959 2372 1091 2464 περὶ
1141 2389 1212 2444 τὰ
1241 2387 1390 2441 ἐνδον
1439 2382 1659 2454 τρέψον.
1723 2377 1788 2430 'Il
1814 2372 1924 2444 γὰρ

343 2493 630 2566 σωματικὴ
659 2487 939 2562 γυμνασία
959 2483 1096 2554 πρὸς
1127 2480 1310 2548 ὀλίγον
1333 2475 1483 2531 ἐστὶν
1518 2469 1798 2542 ὠφέλιμος
1818 2481 1832 2496 °
1889 2464 1924 2534 ἡ

340 2589 396 2642 δὲ
418 2557 681 2643 εὐσέϐεια⁷
718 2557 857 2651 πρὸς
900 2578 1100 2638 πάντα,
1137 2571 1232 2626 καὶ
1262 2571 1332 2624 τὰ
1385 2566 1516 2636 ἐξῆς
1540 2581 1555 2595 ·
1585 2565 1633 2616 εἰ
1661 2561 1718 2616 δέ
1748 2575 1864 2622 πως
1890 2557 1926 2628 ἡ

341 2680 441 2750 τῆς
476 2675 679 2747 σαρκὸς
719 2649 991 2738 πλάστιγξ
1046 2664 1322 2726 ἀνθέλκει,
1376 2660 1475 2714 καὶ
1529 2654 1806 2726 τυραννεῖ,
1832 2649 1928 2704 καὶ

347 2742 569 2842 βαρύνει
597 2765 696 2835 τὴν
724 2766 825 2835 τῆς
858 2760 1038 2831 ψυχῆς
1070 2757 1404 2822 πλάστιγγα,
1455 2749 1593 2821 πρὸς
1623 2746 1795 2820 ῥοπὰς
1833 2742 1930 2796 καὶ

347 2838 591 2934 κινήσεις
641 2859 932 2919 ἀτάκτους,
991 2851 1087 2906 καὶ
1124 2844 1504 2919 ψυχοφθόρους
1561 2838 1926 2896 καθέλκουσα,

345 2927 482 3012 καθδ
509 2953 845 3022 γέγραπται,
875 2946 942 2999 Ἦ
965 2941 1102 3014 σὰρξ
1119 2940 1378 3008 ἐπιθυμεῖ
1406 2933 1547 2989 κατά
1569 2930 1664 2986 τοῦ
1691 2927 1933 2998 πνεύμα-

347 3067 459 3114 τος,
495 3018 596 3100 καί
616 3018 680 3097 τὸ
705 3040 922 3110 πνεῦμα
954 3036 1097 3090 κατὰ
1123 3034 1223 3104 τῆς
1247 3029 1489 3104 σαρκός.⁴
1520 3044 1539 3078 ι
1596 3023 1737 3078 Ἀλλ’
1762 3018 1933 3082 ἀὐτὸς

349 3111 552 3210 ταύτην
579 3135 742 3208 κημῷ
760 3127 1095 3203 ἐγκρατείας
1115 3122 1448 3197 χαλινώσας,
1480 3118 1779 3188 νέκρωσον,
1828 3111 1935 3173 ἕως

351 3184 418 3288 ἀν
445 3184 540 3288 καὶ
569 3184 814 3292 ait-c.0335:
854 3184 1092 3296 εὐήνιος⁷
1118 3184 1359 3290 ’γένηται
1380 3184 1526 3269 ’καὶ
1575 3184 1822 3278 δποταγῇ
1858 3184 1974 3276 τῷίῖ

356 3327 647 3397 κρείττονι,
688 3315 1040 3390 μεμνημένος
1068 3311 1164 3367 τοῦ
1199 3309 1438 3380 μεγάλου
1463 3305 1769 3376 φάσκοντος
1794 3297 1940 3353 Παύ-

354 3396 448 3472 λου
471 3433 486 3448 ⁶
517 3436 536 3470 ι
574 3416 742 3468 Ὅσον
763 3414 791 3465 6
823 3410 930 3476 ἔξω
960 3406 1120 3478 ἡμῶν
1146 3403 1436 3480 ἄνθρωπος
1473 3396 1780 3468 φθείρεται,
1815 3409 1940 3445 τοσσ-

356 3508 561 3562 οῦτονὸ
591 3503 700 3557 ἔσω
745 3497 1138 3554 ἀνακαινοῦται
1197 3481 1380 3564 ἡμέρᾳ
1408 3491 1474 3560 τῇ
1513 3487 1717 3558 ἡμέρᾳ.
1762 3503 1780 3536 ι
1831 3481 1942 3535 Kal

356 3601 452 3656 τοῦ
479 3600 634 3669 ἁγίου
674 3593 863 3649 Ἰσαάκ
887 3606 901 3620 ⁶
941 3607 960 3640 ι
1000 3588 1154 3641 Δίδου
1181 3583 1406 3638 σεαυτὸν
1429 3577 1720 3634 ἀποθανεῖν
1747 3575 1804 3626 ἐν
1831 3573 1943 3634 τοῖς

360 3662 728 3761 ἀγωνίσμασι,
775 3685 872 3738 καὶ
915 3681 989 3753 μὴ
1023 3679 1124 3750 ζῇν
1169 3678 1225 3730 ἐν
1253 3672 1511 3746 ἀμελείᾳ·
1556 3669 1619 3723 οὺ
1647 3667 1805 3739 μόνον
1832 3662 1943 3733 γὰρ

361 3789 412 3840 οἱ
435 3785 522 3838 διὰ
547 3783 644 3852 τὴν
674 3781 752 3842 είς
785 3773 1022 3847 Χριστὸν
1051 3771 1235 3824 πίστιν
1256 3765 1544 3835 δεξάμενοι
1577 3761 1668 3814 τὸν
1690 3759 1945 3820 θάνατον,
1989 3768 2004 3778 ’

367 3848 642 3950 μάρτυρές
665 3874 824 3944 εἰσιν,
854 3866 990 3920 ἀλλά
1017 3863 1115 3917 καὶ
1134 3862 1182 3914 oi.
1207 3861 1296 3914 διὰ
1321 3857 1419 3927 τὴν
1446 3853 1556 3908 τῶν
1596 3850 1827 3906 ἐντολῶν
1849 3848 1919 3901 αὐ

363 3971 458 4023 τοῦ
492 3972 722 4038 τήρησιν
754 3958 1222 4028 ἀποθνήσκοντες.
1270 3949 1380 4004 Kal
1409 3943 1822 4019 κρεῖσσονὴμῖν
1853 3938 1949 3993 θά-

365 4078 524 4124 νατος
549 4061 605 4111 ἐν
629 4055 708 4127 τῷ
733 4052 928 4124 ἀγῶνι,
958 4049 991 4120 ἢ
1028 4047 1192 4118 ζῆσαι
1223 4044 1281 4096 ἐν
1311 4035 1742 4110 παραπτώματι.
1767 4027 1801 4085 ἰ
1838 4031 1951 4084 Kal

369 4152 477 4222 πρό
504 4167 569 4219 γε
601 4123 845 4210 πάντων,
909 4141 1045 4213 μετά
1094 4136 1289 4210 βουλῆς
1335 4132 1432 4186 xal
1460 4130 1787 4201 ἐρωτήσεως
1832 4123 1948 4188 ἔσο,

367 4244 546 4297 πάντα
578 4239 748 4294 ποιῶν
770 4236 864 4290 τοῦ
898 4231 992 4287 σοῦ
1017 4230 1159 4286 κατά
1190 4225 1395 4294 Κύριον
1429 4217 1803 4289 πνευματικἰῦ
1834 4217 1951 4268 Πα-

291 4371 294 4373 λ
368 4334 517 4400 τρός.
549 4330 706 4384 Οὕτω
731 4327 860 4398 γὰρ,
889 4318 1128 4394 Χριστοῦ
1160 4319 1366 4389 χάριτι,
1403 4311 1498 4365 καὶ
1517 4312 1586 4397 tit
1625 4307 1836 4378 ἐπαχθῆ
1860 4304 1954 4358 καὶ

371 4427 597 4494 ἀνάντη,
631 4423 831 4490 κοῦφα,
871 4417 969 4470 καὶ
995 4415 1070 4477 ὡς
1109 4411 1251 4466 κατά
1280 4405 1520 4478 πρανοῦς
1577 4394 1760 4455 πεδίου
1811 4399 1956 4465 δὸξει

374 4530 458 4567 σοι
491 4492 777 4582 φέρεσθαι.
815 4504 955 4558 Ἀλλ’
983 4499 1267 4556 ἐπανιτέον
1293 4497 1416 4551 ὅθεν
1439 4492 1759 4565 ἐξήλθομεν.

375 4674 566 4737 Ὅπως
585 4651 675 4722 δεῖ
696 4667 805 4719 τὸν
837 4654 1645 4737 ἀγωνςιζόμενον,διέρχεςηαι
1693 4651 1762 4705 τὸ
1808 4651 1960 4737 ﬂeta

443 4721 739 4809 τάῗγεῧμα
791 4721 930 4806 ᾶχρι
979 4721 1213 4809 δύοῖεως
1264 4721 1822 4809 ἡλίότξδιάστητιιαζ
1858 4721 1958 4809 καὶ

446 4789 1006 4866 ὅτιδεῖτπιστὲὖειν,
1039 4789 1204 4856 κατὰ⁷
1234 4789 1340 4852 τὸν
1377 4798 1588 4866 κόπον,
1629 4789 1726 4866 καὶ
1765 4792 1829 4844 τὸ
1854 4789 1960 4860 μέ-

446 4865 588 4950 τρον
614 4870 1271 4950 τῆςγέργασζας-ὴμρς,
1299 4867 1415 4950 τῂν
1452 4865 1570 4950 τῶς
1594 4865 1768 4920 θείων
1792 4879 1961 4930 χαρι-

452 4935 1029 5022 εἷ’μοὶτιιηῖ·ἰἳιὶιίρομὴιἐ
1045 4935 1419 4996 ἑπιδίᾶοσθαι
1448 4935 1609 5005 ἡμῖν.

429 5099 534 5164 λς’.
560 5095 718 5153 Μετά
744 5094 805 5149 δέ
839 5109 904 5162 γε
930 5089 991 5145 τδ
1013 5085 1312 5161 ἀριστῆσαι
1346 5051 1423 5146 ὼέ
1444 5081 1526 5135 δεῖ
1561 5078 1656 5134 τὸν
1683 5071 1948 5146 ἀγωνιζό-

371 5209 552 5262 μενον,
587 5189 732 5244 κατὰ
756 5187 852 5241 τὸν
900 5181 1195 5238 θεσπέσιον
1230 5176 1467 5241 Παῦλον,
1503 5170 1832 5233 κελεύοντα,
1871 5166 1952 5219 ὅτι

368 5254 819 5351 δάγωνιζόμενος
855 5274 1038 5329 πάντα
1066 5267 1488 5340 ἐγκρατεύεται,
1525 5257 1801 5330 ἀνάγνωθι
1821 5254 1953 5310 καθ-

377 5347 596 5445 ἡμενος,
627 5347 826 5432 ἐντοῖς
859 5366 1144 5438 νηπτικοῖς
1166 5359 1395 5415 τοπλέον
1432 5347 1958 5426 συγγράμμασιτῶν

377 5438 656 5536 Ιῖατέρων,
687 5459 910 5524 ἱκανῶς.
952 5456 1064 5512 Kal
1088 5455 1277 5508 ἔκτοτε
1306 5448 1604 5520 κοιμήθητι
1624 5445 1773 5516 ὥραν
1808 5438 1959 5511 μίαν,

378 5561 536 5631 εἴπερ
563 5559 699 5612 εἰσὶν
729 5558 785 5611 αἱ
819 5552 1023 5625 ἡμέραι
1057 5548 1314 5621 μεγάλαι.
1352 5539 1466 5598 Εἴθ’
1493 5541 1665 5602 οὕτως
1701 5535 1960 5599 ἀναστὰς,

383 5625 577 5722 μικρὸν
605 5646 1017 5720 ἐργοχείρησον,
1061 5640 1283 5714 κρατῶν
1313 5637 1408 5693 καὶ
1455 5635 1552 5702 τὴν
1585 5633 1770 5702 εὐχήν.
1809 5625 1964 5682 Μετᾶ

397 5803 400 5806 ’
493 5815 540 5848 ’⁵
563 5813 603 5867 ll
624 5812 762 5896 Cor.
785 5823 861 5879 tv,
905 5805 996 5866 ιϐ.

1995 1936 2129 1990 tioni
2163 1947 2270 1987 non
2293 1939 2372 1986 est
2408 1930 2610 1995 honor,
2637 1941 2830 1982 eorum
2851 1936 3035 1979 autem
3067 1921 3420 1977 mediocritas
3451 1919 3587 1974 laeti-

1996 2027 2123 2082 tiam
2160 2025 2428 2095 adauget;
2455 2017 2876 2077 immoderantia
2915 2032 3045 2072 vero
3069 2012 3441 2070 exstasim.Et
3468 2026 3586 2066 ma-
3633 2031 3636 2034 ~

1995 2131 2136 2190 gnos
2162 2115 2427 2171 Maximus
2455 2128 2472 2170 :
2502 2131 2523 2166 ι
2561 2110 2640 2167 Ne
2669 2124 2830 2166 omne
2885 2117 3100 2178 tempus
3127 2106 3180 2159 in
3207 2119 3426 2160 carnem
3480 2103 3588 2157 im-

1996 2209 2224 2282 pendas,
2243 2207 2336 2263 sed
2353 2207 2401 2262 ei
2425 2203 2622 2261 adhibe
2644 2217 2743 2273 pro
2768 2200 2976 2256 viribus
2999 2197 3317 2254 exercitium
3335 2205 3388 2250 et
3416 2202 3588 2250 totam

1997 2311 2236 2357 mentem
2300 2299 2360 2355 in
2414 2297 2682 2354 interiora
2725 2300 3042 2350 convertas.
3095 2288 3388 2359 Corporale
3444 2286 3591 2342 enim

1995 2393 2323 2450 exercitium
2355 2406 2465 2448 non
2497 2389 2654 2446 valde
2674 2397 2760 2445 est
2789 2387 2944 2443 utile:
2976 2385 3154 2456 pietas
3183 2381 3253 2438 ad
3287 2381 3496 2448 omnia,
3537 2389 3593 2434 et

1999 2496 2220 2542 caetera.
2252 2485 2311 2540 Si
2336 2493 2519 2540 autem
2568 2479 2980 2554 quodammodo
3012 2477 3200 2533 carnis
3250 2487 3386 2529 cura
3413 2481 3588 2526 aura-.-

2000 2581 2083 2637 bit
2111 2589 2166 2636 et
2197 2579 2484 2652 tyranuice
2539 2590 2730 2631 curam
2783 2573 2982 2629 animae
3030 2569 3193 2641 regit,
3233 2580 3467 2636 eamque
3495 2579 3595 2634 ago

2001 2681 2190 2743 gravat
2212 2671 2278 2726 ad
2330 2669 2672 2726 inordinatos
2721 2676 2905 2721 motus
2932 2672 2988 2720 et
3023 2662 3218 2719 animae
3259 2658 3460 2715 noxios
3511 2657 3595 2712 iu-

2001 2767 2204 2832 citans,
2235 2771 2296 2820 ut
2319 2764 2581 2834 seriptum
2613 2769 2698 2818 est
2725 2777 2755 2816 :-
2779 2761 2922 2816 Caro
2968 2754 3306 2826 concupiscit
3330 2753 3596 2808 adversus

2001 2859 2278 2930 spiritum,
2337 2867 2393 2912 et
2460 2855 2687 2925 spiritus
2723 2853 2990 2908 adversus
3052 2863 3316 2914 carnem;
3348 2845 3443 2901 sed
3477 2845 3596 2915 ipse

2003 2938 2120 3004 eam
2158 2945 2520 3018 temperantia
2571 2943 2815 3008 frenans,
2840 2940 3032 2997 occide
3083 2937 3441 3009 quoadusque
3507 2931 3594 2998 vel

2004 3043 2173 3098 invita
2203 3039 2396 3096 docilis
2420 3039 2564 3094 facta
2597 3037 2761 3092 fuerit
2793 3075 2809 3102 ,
2841 3045 2895 3090 et
2947 3032 3159 3088 meliori
3210 3029 3450 3088 obediat.
3507 3041 3597 3082 re-

2004 3138 2262 3192 cordatus
2291 3149 2479 3188 eorutn
2517 3145 2637 3202 quas
2675 3145 2902 3200 magnus
2924 3128 3126 3183 Paulus
3152 3125 3362 3180 dictitat
3393 3138 3412 3178 :
3446 3122 3599 3186 «Quo

2011 3232 2187 3300 magis
2247 3227 2486 3284 exterior
2519 3226 2685 3280 homo
2713 3235 2899 3279 noster
2931 3221 3327 3288 corrumpitur,
3358 3230 3425 3271 eo
3481 3228 3599 3267 ma-

2011 3325 2095 3396 gis
2125 3322 2354 3379 interior
2383 3327 2685 3376 renovatur
2705 3315 2882 3387 de_die
2919 3316 2970 3368 in
3002 3314 3142 3368 diem
3167 3311 3238 3364 ⁹⁶.
3281 3329 3300 3362 ι
3365 3307 3429 3362 Et
3473 3321 3600 3362 sau-

2011 3430 2134 3477 ctus
2167 3419 2348 3473 Isaac:
2383 3415 2454 3470 tF
2459 3430 2524 3470 ac
2550 3423 2602 3469 te
2623 3417 2802 3484 ipsum
2824 3412 2878 3467 in
2900 3407 3293 3465 certaminibus
3319 3404 3480 3471 mori,
3503 3420 3602 3459 ne-

2016 3531 2122 3584 que
2165 3515 2217 3567 in
2240 3510 2453 3566 incuria
2487 3509 2822 3572 vivere;nou
2841 3504 2986 3559 enim
3013 3511 3225 3556 tantum
3269 3500 3320 3565 ii_
3339 3499 3432 3569 qui
3472 3513 3604 3570 pro-

2013 3619 2132 3680 pter
2155 3605 2359 3663 Christi
2391 3603 2550 3659 [idem
2579 3609 2804 3654 mortem
2838 3610 3118 3666 accepere,
3143 3604 3411 3664 martyres
3449 3601 3603 3658 sunt,

2019 3709 2115 3760 sed
2154 3712 2208 3758 et
2245 3701 2338 3771 qui
2397 3705 2618 3767 propter
2671 3694 3049 3747 mandatorum
3098 3688 3219 3757 ejus
3263 3687 3604 3742 observatio-

2017 3814 2139 3854 nem
2185 3797 2512 3850 moriuntur.
2540 3788 2606 3843 Et
2625 3786 2804 3855 potius
2825 3783 2985 3838 nobis
3007 3792 3086 3836 est
3109 3777 3437 3835 decertando
3457 3777 3598 3832 mori

2021 3905 2185 3961 quam
2217 3884 2466 3942 cadendo
2499 3882 2702 3936 vivere.
2741 3895 2759 3930 ι
2783 3877 2850 3930 Ει
2885 3886 3010 3930 ante
3041 3874 3224 3929 omnia
3253 3887 3377 3926 cum
3424 3873 3605 3947 consi-

2017 3985 2090 4036 lio
2133 3991 2186 4035 et
2210 3975 2634 4044 interrogatione
2662 3980 2802 4033 esto,
2835 3967 3016 4022 omnia
3048 3965 3253 4019 faciens
3323 3979 3446 4032 qua;
3507 3965 3606 4020 tibi

2025 4074 2410 4145 praescripserit
2443 4069 2605 4120 Pater
2637 4075 2763 4118 tuus
2782 4060 3101 4131 spiritualis.
3123 4059 3198 4111 lta
3216 4058 3383 4123 enim,
3400 4056 3604 4112 Christi

2015 4165 2216 4240 .gratia,
2243 4173 2296 4220 et
2323 4163 2514 4216 odiosa
2561 4169 2617 4214 et
2669 4157 2904 4227 ingrata,
2936 4152 3071 4208 levia
3093 4151 3244 4217 ﬁent,
3265 4160 3318 4207 et
3348 4161 3605 4218 tanquam

2022 4266 2180 4334 plano
2234 4260 2427 4314 itinere
2455 4253 2551 4309 tibi
2598 4252 2868 4308 videbitur
2915 4246 3069 4304 ferri.
3101 4242 3207 4300 Sed
3269 4245 3604 4301 redeundum

2025 4356 2168 4411 unde
2197 4351 2494 4409 exivimus.

1960 4533 2010 4594 D

2032 4630 2306 4700 Quomodo
2352 4632 2557 4700 oportet
2616 4625 2900 4700 certantem
2949 4623 3151 4678 tenuius
3205 4608 3436 4700 transite
3463 4607 3603 4677 quod

2104 4715 2177 4758 est
2208 4705 2346 4753 inter
2367 4678 2647 4766 prandium
2681 4703 2724 4766 et
2753 4687 2880 4742 solis
2901 4699 3144 4738 occasum
3167 4699 3185 4744 ;
3207 4692 3252 4733 et
3285 4678 3420 4746 quod
3449 4693 3609 4744 opor-

2108 4784 2175 4826 tet
2230 4761 2439 4823 credere
2502 4765 2553 4817 in
2615 4761 2791 4812 labore
2827 4765 2874 4808 et
2914 4769 3163 4807 mensura
3190 4762 3384 4826 nostra:
3417 4763 3610 4826 opera-

2109 4843 2267 4896 tionis
2319 4839 2616 4890 divinorum
2665 4838 2925 4881 donorum
2973 4821 3420 4890 perseverantiam
3456 4818 3607 4871 nobis

2115 4924 2416 4967 concessam
2449 4921 2583 4958 8858.

2115 5048 2208 5103 '57.
2252 5045 2377 5100 Pest
2405 5037 2692 5111 prandium
2723 5041 2903 5111 autem
2937 5025 3212 5096 quomodo
3241 5031 3453 5092 oportet
3491 5034 3614 5074 cer.

2046 5151 2250 5196 tantem
2288 5137 2492 5196 vivere,
2533 5125 2836 5183 set-nudum
2864 5103 3123 5173 ‘tlivinttm
3161 5115 3390 5168 Paulum
3411 5112 3618 5166 doceuo

2048 5245 2178 5295 lem.
2228 5244 2348 5284 eum
2389 5223 2481 5292 qui
2531 5228 2724 5283 certat,
2763 5213 2944 5269 omnia
2981 5212 3220 5270 vincere,
3256 5207 3370 5274 lege
3401 5203 3620 5268 sedens,

2050 5326 2374 5396 plerumque
2406 5317 2461 5368 in
2499 5308 2754 5366 asceticis
2785 5305 3006 5359 Patrum
3057 5298 3212 5353 labris
3264 5296 3618 5350 stillirieuter.

2049 5385 2127 5472 .Ac
2177 5385 2369 5466 deinde
2416 5419 2581 5459 uuam
2614 5402 2804 5455 horam
2837 5395 3032 5458 dormi,
3066 5392 3114 5448 si
3152 5392 3292 5459 longi
3329 5388 3442 5443 sint
3484 5385 3625 5441 dies.

2057 5508 2258 5564 Deinde
2288 5515 2508 5557 rursum
2551 5507 2805 5564 surgens,
2833 5488 3052 5560 paulum
3087 5483 3341 5538 manibus
3377 5493 3627 5550 operare,

2057 5602 2361 5657 orationem
2409 5605 2625 5662 quoque
2679 5569 2973 5653 οδειιιιειυε.
3013 5579 3207 5633 l‘ost-a
3261 5588 3390 5630 vero
3441 5573 3628 5639 adora,
