4076 6468
423 343 536 408 Ἷθῖ

1262 338 1601 400 CALLlSTl
1655 343 1746 400 ΕΤ
1795 339 2093 404 IGNATII
2161 335 2853 398 XANTIIOI‘ULORUJ

3575 357 3682 418 708

432 473 492 517 ut
526 463 637 530 jam
669 458 878 514 dictum
909 467 1011 512 est.
1046 455 1214 526 Lege,
1249 456 1537 517 meditare,
1565 464 1620 508 et
1649 467 1785 508 cura
1817 465 1875 504 ut
1909 455 2009 503 bu-

2113 461 2172 533 δὴ
2200 463 2377 517 ταῦτα
2434 461 2758 535 πρόσευξαι,
2803 461 2880 524 ὡς
2911 459 3349 534 προδ;δήλωται’
3393 461 3690 527 ἀνάγνωθι,

435 554 662 609 milieris
712 561 767 606 et
823 550 1058 620 teipsum
1092 549 1293 602 habeas
1323 548 1467 601 intra
1498 561 1690 600 omines
1723 543 2000 598 homines.

439 667 459 700 ι
494 647 597 714 Qui
635 645 781 700 enim
809 658 868 698 se
900 642 1250 703 exaltaverit,
1281 638 1666 692 humiliabitur
1692 655 1706 703 ;
1738 647 1790 692 ct
1816 637 1906 705 qui
1947 650 2009 690 se

437 736 823 801 bumiliaverit,
853 733 1184 790 exaltabitur
1230 733 1274 766 "
1305 769 1320 785 .
1367 751 1386 784 ι
1433 733 1534 785 Et:
1572 750 1590 783 ι
1631 730 1733 796 Qui
1795 729 2011 782 videtur

435 843 606 896 stare,
635 838 824 886 caveat
851 844 919 881 ne
936 827 1094 881 cadat
1116 826 1184 880 ⁸⁸.
1217 843 1235 877 i
1281 824 1376 878 Et:
1412 841 1431 875 ι
1474 823 1735 876 Dominus
1764 820 2011 890 superbis

438 924 664 988 resistit,
723 921 1024 978 humilibus
1073 930 1257 972 autem
1319 916 1416 970 dat
1457 915 1686 984 gratiam
1725 913 1797 970 “.
1833 931 1852 964 ι
1891 913 1953 966 Et
1992 927 2008 966 :

432 1036 462 1069 μ(
513 1017 730 1072 Initium
790 1012 1085 1082 superbiae,
1147 1010 1362 1064 nescire
1414 1006 1704 1062 Dominum
1740 1007 1786 1060 ³.
1838 1025 1858 1056 ι
1894 1004 2010 1058 Et:

369 1152 380 1165 .
431 1129 464 1163 -ι
503 1108 754 1178 rSuperhi
799 1103 1134 1174 transgressi
1182 1111 1305 1157 sunt
1362 1101 1524 1156 nimis
1550 1101 1595 1153 ².
1640 1118 1659 1152 ι
1696 1101 1798 1154 Et:
1835 1117 1853 1150 ι
1892 1097 2010 1153 Non

437 1204 546 1256 alta
598 1200 897 1269 sapientes,
956 1197 1048 1251 Sed
1115 1193 1412 1248 humilibus
1468 1193 1879 1248 consentientes
1905 1192 1950 1248 ³.
1986 1211 2007 1245 ι

444 1293 583 1346 Dicit
648 1299 828 1344 autem
899 1297 952 1340 ct
1030 1285 1190 1340 divus
1243 1285 1710 1354 Chrysostomus:
1748 1302 1767 1336 (
1827 1284 1916 1337 llle
1953 1299 2013 1338 se

440 1384 646 1452 optime
697 1380 894 1442 noscit,
919 1381 1012 1448 qui
1049 1393 1107 1431 se
1144 1377 1279 1430 nihil
1309 1390 1433 1430 esse
1471 1384 1663 1443 putat;
1701 1374 1837 1428 nihil
1864 1375 2009 1428 enim

443 1474 648 1528 ita-Deo
677 1474 903 1526 charum
925 1479 1028 1534 est,
1045 1484 1205 1538 quam
1226 1483 1285 1524 se
1304 1483 1428 1522 cum
1455 1469 1665 1523 ultimis
1695 1477 1968 1536 reputare.
1986 1487 2005 1519 ι

436 1567 507 1618 »ιιι
546 1573 772 1620 sanctus
805 1565 954 1616 Isaac
988 1578 1002 1614 :
1063 1580 1080 1613 ι
1133 1559 1444 1614 Humilibus
1471 1559 1781 1614 revelantur
1813 1571 2012 1629 myste-

433 1673 544 1711 ria.
576 1672 594 1705 ι
623 1653 723 1709 Et:
753 1673 770 1705 ι
804 1651 907 1709 Ubi
943 1652 1211 1722 germinat
1236 1651 1536 1715 humilitas,
1565 1652 1636 1705 ibi
1671 1666 1887 1720 quoque
1921 1650 2011 1704 Dei

427 1749 611 1820 :gloria
639 1748 858 1804 crescit.
896 1765 913 1800 ι
953 1745 1054 1802 Et:
1095 1765 1113 1797 ι
1153 1744 1357 1798 Gratia:
1386 1744 2012 1814 praecurrithumilitas;

439 1853 492 1894 et
517 1839 785 1895 doctrinae
813 1839 1104 1908 praecurrit
1129 1837 1438 1890 meditatio.
1479 1856 1497 1888 υ
1534 1835 1598 1890 Et
1628 1846 1855 1892 sanctus
1881 1836 2016 1890 Bar-

434 1933 789 2004 sanuphius:
843 1950 862 1984 ‹
921 1932 979 1986 Si
1019 1933 1238 1986 sincere
1267 1931 1456 1986 salvus
1489 1946 1618 1986 esse
1647 1932 1805 1993 velis,
1837 1931 2017 1998 operi—

442 2029 546 2082 bus
575 2026 734 2081 obedi
780 2039 796 2090 ;
835 2025 966 2079 tolle
996 2025 1160 2093 pedes
1199 2032 1323 2079 tuos
1354 2039 1384 2078 a
1423 2033 1588 2088 terra,
1611 2031 1665 2078 et
1699 2022 1936 2082 transfer
1960 2025 2012 2078 in

427 2120 641 2175 «caelum
679 2127 916 2174 mentem
975 2126 1147 2172 tuam.
1192 2120 1371 2188 Atque
1419 2117 1494 2172 ibi
1532 2117 1605 2173 sit
1638 2134 1768 2172 rura
1808 2129 1896 2171 tua
1928 2117 2018 2172 die

433 2229 504 2267 ac
522 2222 799 2275 nocte;et
826 2219 1093 2281 quantum
1146 2210 1313 2265 habes
1353 2209 1575 2276 virium,
1605 2211 2015 2276 contemnaris;

433 2305 621 2360 nitens
644 2304 877 2373 teipsum
897 2301 1036 2356 infra
1053 2302 1351 2371 quemlibet
1369 2301 1641 2357 hominem
1663 2302 1869 2357 videre.
1894 2301 2018 2357 llaec

441 2406 665 2452 cstvera
681 2394 802 2462 via;
827 2403 980 2448 extra
995 2408 1114 2446 eam
1137 2392 1284 2446 nulla
1305 2393 1412 2447 alia
1435 2401 1522 2447 est
1539 2392 1712 2461 ei,qui
1755 2393 1871 2447 vult
1911 2394 2021 2449 sal-

439 2502 678 2543 vusesse
714 2501 972 2571 perenni,
1023 2485 1118 2556 qui
1168 2485 1346 2552 ipsum
1393 2483 1694 2549 confortat,
1721 2485 2017 2541 Christum.

430 2579 749 2649 Curratqui
777 2579 926 2642 velit,
945 2587 1135 2634 currat
1163 2578 1257 2645 qui
1295 2575 1444 2652 velit,
1467 2586 1656 2632 currat
1679 2577 1942 2647 quive'lit,
1960 2587 2020 2635 ut

442 2670 888 2743 comprehendat:
907 2671 1168 2726 conﬁteor-
1185 2685 1370 2724 eoram
1388 2669 1495 2724 Deo
1511 2670 1723 2725 vivente
1737 2682 1791 2726 et
1806 2671 2021 2726 volente

444 2765 610 2818 vitam
631 2774 888 2818 aeternam
912 2764 984 2829 ei,
1002 2763 1317 2834 quicunque
1339 2763 1541 2834 cupiet,
1561 2764 1798 2834 largiri.»
1824 2767 1889 2822 Et
1908 2765 2020 2820 Cli-

445 2856 684 2911 Inacicus
712 2871 726 2910 :
753 2873 770 2906 ι
797 2853 1169 2924 Nonjejunavi
1197 2895 1212 2920 ,
1239 2870 1345 2910 non
1371 2856 1608 2926 vigilavi,
1634 2871 1740 2911 non
1761 2857 1910 2912 humi
1933 2873 2020 2913 re-

437 2949 631 3013 cubui,
655 2948 749 3004 sed
783 2949 1102 3009 humiliatus
1131 2964 1274 3012 sum,
1294 2957 1350 3003 et
1371 2947 1602 3004 salvavit
1627 2964 1712 3003 me
1728 2949 2020 3007 confestim

444 3043 556 3104 ille,
592 3039 721 3110 qui,
769 3051 898 3095 ante
923 3040 1202 3109 quodlibet
1229 3039 1401 3105 aliud,
1429 3048 1800 3110 contemptmn
1833 3055 2024 3110 perse-

2109 556 2430 627 μελέτησον,
2477 557 2572 609 καὶ
2618 555 2925 609 σπούδασον
2955 555 3042 607 ἵνα
3069 552 3412 624 ταπεινωθῇς
3440 555 3534 605 καὶ
3563 554 3690 626 ἔχῃς

2107 648 2335 702 σεαυτὸν
2388 649 2650 702 ὑποκάτω
2714 648 2934 701 πάντων
2987 645 3314 716 ἀνθρώπων.
3377 663 3396 698 ι
3473 646 3530 699 'U
3582 647 3693 716 γὰρ

2107 741 2282 810 ὑψῶν,
2316 742 2502 811 φησὶν,
2535 741 2758 805 ἑαυτὸν,
2797 739 3278 810 ταπεινωθήσεται
3301 755 3315 770 ο
3341 740 3370 792 6
3409 739 3467 792 δὲ
3499 756 3692 792 ταπει-

2104 835 2213 887 νῶν
2245 833 2436 887 ἑαυτὸν
2461 833 2832 904 ὑψωθήσεται.
2872 855 2894 884 )
2926 832 3035 885 Καί
3055 846 3069 860 ⁶
3107 851 3125 883 ι
3164 830 3223 886 '0
3249 831 3420 884 δοκῶν
3448 831 3692 895 ἑστάναι,

2107 925 2352 996 βλεπέτω
2386 927 2460 998 μὴ
2491 928 2656 999 πέσῃ.
2699 946 2717 978 i
2740 926 2874 990 Kal,
2907 926 2988 978 ὅτι
3021 925 3274 996 εΚύριος
3319 924 3692 994 ὑπερηφάνοις

2104 1020 2524 1074 ἀντιτάσσεταιο
2592 1020 2870 1082 ταπεινοῖς
2921 1019 2976 1071 δὲ
3028 1018 3212 1071 δίδωσι
3266 1017 3447 1086 χάριν.
3493 1035 3510 1066 i
3546 1014 3694 1067 Καί·

2109 1131 2128 1164 ι
2174 1113 2338 1182 Ἀρχὴ
2378 1113 2818 1182 ύπερηφανείας,
2838 1113 2899 1164 τδ
2934 1111 3010 1181 μὴ
3039 1111 3241 1163 εἰδέναι
3285 1111 3376 1161 τὸν
3404 1109 3630 1179 Κύριον.
3669 1127 3687 1159 ι

2103 1204 2215 1258 Καί
2241 1223 2254 1236 ο
2289 1224 2308 1257 ι
2343 1205 2714 1276 Ὑπερήφανοι
2749 1206 3108 1275 παρηνόμουν
3135 1204 3238 1266 ἕως
3264 1203 3489 1273 σρόδρα.
3516 1222 3533 1252 ι
3562 1202 3692 1256 Kai'

2111 1317 2146 1349 ιν
2165 1299 2255 1366 Μὴ
2286 1298 2356 1351 τὰ
2390 1297 2571 1368 ὑψηλὰ
2599 1285 2950 1369 ιρρονοῦντες,
2976 1298 3112 1352 ἀλλὰ
3143 1301 3255 1360 τοῖς
3280 1299 3564 1358 ταπεινοῖς
3579 1314 3692 1364 στιγ-

2105 1391 2463 1459 απαγόμενοι.
2521 1410 2539 1442 ι
2595 1393 2760 1459 Λέγει
2800 1391 2855 1444 δὲ
2892 1393 2989 1444 καὶ¹
3041 1393 3069 1444 6
3100 1391 3240 1453 θεῖος
3275 1392 3655 1460 Χρυσόστομος
3681 1405 3692 1422 '

2111 1501 2132 1534 ι
2167 1476 2338 1544 Οὗτος
2377 1481 2613 1552 μάλιστά
2647 1485 2794 1536 ἐστιν
2817 1486 2843 1537 6
2873 1485 3067 1536 ἑαυτὸν
3094 1485 3271 1547 εἰδὼς,
3300 1486 3327 1537 6
3367 1485 3532 1553 μηδὲν
3562 1485 3692 1537 ἐαυ-

2105 1574 2198 1626 τὸν
2254 1570 2392 1627 εἶναι
2421 1574 2677 1645 νομίζων.
2713 1576 2881 1628 Οᾷδὲν
2925 1577 3034 1644 γὰρ
3057 1575 3202 1628 οὕτω
3251 1575 3330 1643 τῷ
3373 1576 3492 1645 Θεῷ
3517 1576 3690 1645 φίλον,

2107 1667 2183 1729 th;
2223 1667 2288 1720 τὸ
2317 1667 2458 1735 μετὰ
2488 1667 2598 1720 τῶν
2632 1669 2878 1736 ἐσχάτων
2908 1670 3100 1721 ἑαυτὸν
3135 1669 3412 1742 ἀριθμεῖν.
3444 1689 3461 1720 ι
3507 1671 3618 1723 Kal
3659 1671 3696 1722 ‘6

2049 1801 2088 1855 Β
2109 1758 2267 1826 ἅγιος
2305 1760 2340 1812 ’1
2354 1761 2494 1813 σαέικ
2515 1777 2528 1791 ·
2557 1779 2580 1812 ί
2607 1763 2734 1824 Τοῖς
2769 1763 3194 1831 ταπεινόφροσιν
3215 1761 3696 1817 ἀποκαλύπτονται

2107 1852 2178 1903 τὰ
2200 1852 2502 1921 μυστήρια.
2530 1870 2548 1903 ι
2583 1853 2692 1906 Καί
2715 1868 2728 1883 ’
2769 1871 2787 1904 t
2824 1853 3002 1906 Ὅπου
3039 1853 3331 1923 βλαστάνει
3360 1857 3391 1924 ἡ
3429 1857 3696 1911 ταπείνω-

2111 1961 2219 2012 σις,
2245 1947 2424 2017 ὲκεῖή
2463 1946 2556 1998 τοῦ
2605 1946 2742 2000 Θεοῦ
2793 1945 2922 2012 δόξα
2960 1946 3136 2015 βρύει.
3179 1966 3198 1998 ο
3255 1949 3388 2012 Kal,
3417 1949 3498 2002 ὄτι
3532 1969 3549 2000 ι
3583 1951 3696 2020 Πρδ

2109 2039 2210 2107 τῆς
2243 2038 2465 2107 χάριτος
2493 2037 2678 2106 τρέχει
2709 2038 2740 2107 ή
2766 2037 3114 2100 ταπείνωσις,
3149 2039 3243 2091 καὶ
3271 2039 3378 2110 πρὸ
3427 2040 3525 2108 τῆς
3571 2059 3697 2093 παι-

2111 2127 2260 2190 δείας
2291 2127 2475 2198 τρέχει
2504 2131 2534 2199 ἡ
2562 2129 2760 2199 οἴησις.
2799 2148 2818 2180 i
2849 2131 2960 2182 Kal.
2986 2133 3012 2182 6
3050 2133 3203 2199 ἅγιος
3253 2131 3661 2202 Βαρσανούφιος
3681 2149 3696 2164 ο

2114 2237 2136 2273 ι
2176 2221 2238 2274 Ei
2269 2221 2486 2290 ἀληθῶς
2537 2223 2778 2290 σωθῆναι
2838 2222 3036 2285 θέλεις,
3090 2223 3322 2277 ἄκουσον
3359 2225 3535 2295 ἔργῳο
3563 2221 3696 2297 ἆρον

2109 2313 2240 2377 τοὺς
2271 2313 2438 2376 πόδας
2476 2331 2570 2366 σου
2621 2313 2732 2367 ἀπὸ
2785 2314 2885 2383 τῆς
2920 2314 3044 2384 γῆς,
3080 2315 3173 2367 καὶ
3223 2315 3465 2384 ἀνάγαγε
3502 2320 3583 2380 είς
3608 2319 3698 2372 τὸν

2111 2403 2344 2474 οὐρανὸν
2367 2403 2460 2456 τὸν
2486 2403 2612 2456 νοῦν
2648 2421 2741 2457 σου
2769 2421 2783 2436 ·
2818 2405 2917 2457 καὶ
2947 2406 3067 2458 ἐκεῖ
3090 2407 3373 2477 γενηθήτω
3409 2425 3500 2461 σου
3529 2411 3560 2480 ἡ
3599 2427 3695 2479 με·

2117 2491 2244 2563 λέτη
2270 2493 2442 2546 νύκτα
2467 2495 2560 2546 καὶ
2590 2493 2806 2563 ἡμέραν
2833 2507 2847 2525 ο
2880 2495 2974 2546 καὶ
3003 2495 3136 2564 ὅσην
3163 2495 3306 2564 ἔχεις
3341 2497 3570 2566 δύναμιν
3600 2486 3707 2551 καέ

2114 2583 2522 2654 ταφρονήθητιο
2589 2582 2879 2636 πυκτεύων
2942 2584 3072 2638 ἰδεῖν
3132 2587 3379 2651 σεαυτὸν,
3442 2588 3700 2643 ὑποκάτω

2113 2675 2315 2739 παντὸς
2336 2673 2628 2745 ἀνθρώπου
2649 2691 2664 2707 ·
2699 2675 2839 2748 αὕτη
2867 2677 3014 2729 ἐστὶν
3038 2677 3072 2746 ή
3091 2675 3320 2748 ἀληθινὴ
3358 2679 3476 2743 ὁδός
3495 2697 3509 2710 ·
3543 2682 3696 2745 ὲκτὺε,

2113 2767 2306 2838 αὐτῆς,
2335 2765 2470 2838 ἄλλη
2498 2767 2599 2820 οὐκ
2623 2765 2766 2830 ἔστι,
2795 2767 2874 2839 τῷ
2901 2767 3144 2838 σωθῆναι
3166 2769 3395 2834 θέλοντι,
3420 2772 3477 2825 ὲν
3501 2772 3578 2843 τῷ
3608 2775 3697 2828 ἐν·

2111 2855 2442 2926 δυναμοῦντι
2487 2857 2654 2910 αὑτὸν
2701 2857 2945 2930 Χριστῷ.
2979 2859 3236 2929 Τρεχέτω
3260 2860 3288 2913 6
3317 2861 3490 2914 θέλων
3516 2879 3529 2893 °
3577 2881 3701 2933 τρε-

2111 2949 2256 3020 χέτω
2290 2947 2560 3002 όιθέλωνο
2622 2953 2868 3019 τρεχέτω
2924 2951 2953 3001 6
2985 2949 3178 3011 θέλων,
3230 2951 3324 3005 ἵνα
3377 2955 3694 3025 καταλάϐῃ·

2116 3039 2467 3111 μαρτύρομαι
2487 3039 2720 3094 ἐνώπιον
2746 3040 2841 3094 τοῦ
2867 3041 3002 3094 Θεοῦ
3025 3041 3120 3094 τοῦ
3149 3041 3375 3107 ζῶντος.
3401 3045 3494 3098 καὶ
3517 3046 3700 3100 θέλον·
3741 3041 3744 3044 ’

447 3135 654 3204 quitur,
689 3143 750 3188 ut
801 3133 877 3187 ait
934 3142 1162 3187 sanctus
1188 3131 1626 3203 Barsanuphius.
1658 3131 1818 3199 Quia,
1849 3133 1897 3189 si
1931 3148 2026 3190 ne-

2113 3149 2205 3194 τος
2238 3132 2386 3204 ζωὴν
2434 3133 2654 3187 αἰώνιον
2701 3132 3035 3204 χαρίσασθαι
3083 3136 3248 3187 παντὶ
3292 3135 3369 3204 τῷ
3408 3135 3636 3190 θέλοντι.
3673 3155 3693 3189 ι

440 3229 590 3296 gotia
624 3225 850 3295 negligis
870 3265 886 3291 ,
920 3226 986 3278 ad
1021 3224 1214 3279 urbem
1234 3225 1450 3280 accedis
1476 3242 1491 3290 ;
1517 3235 1570 3279 et
1599 3228 1644 3280 si
1673 3227 1813 3280 inter
1842 3225 2020 3281 homi-

439 3335 545 3375 nes
600 3334 707 3372 non
769 3318 1043 3381 lauderis,
1082 3319 1274 3372 urbem
1313 3318 1540 3373 insoles.
1579 3317 1646 3372 Et
1697 3319 1742 3374 si
1771 3321 1840 3374 ab
1871 3321 2023 3376 omni

445 3412 672 3468 homine
721 3411 1000 3465 occidaris
1023 3447 1038 3474 ,
1074 3409 1264 3477 urbem
1295 3420 1350 3464 et
1379 3411 1498 3479 ejus
1527 3412 1821 3468 thesauros
1849 3412 2027 3467 haere-

435 3507 666 3562 tlitabis.
697 3505 760 3561 Et
809 3505 853 3560 si
898 3505 976 3558 vis
1013 3504 1259 3571 salvari,
1306 3504 1535 3559 salutem
1596 3505 1690 3568 tibi
1746 3506 2026 3575 praestabit

441 3599 628 3652 vivere
671 3595 790 3652 sine
837 3594 1064 3648 honore:
1096 3602 1149 3648 et
1188 3608 1349 3649 curre
1367 3593 1434 3648 ad
1459 3594 1509 3648 id
1527 3594 1672 3663 quod
1695 3595 1788 3648 tibi
1826 3611 2028 3666 propo-

442 3689 616 3744 situm
636 3694 742 3743 est.
773 3699 792 3740 ι
828 3685 923 3742 Est
955 3696 1161 3750 autem,
1187 3688 1488 3741 secundum
1515 3686 1664 3742 illius
1687 3687 2020 3758 discipulum

446 3781 595 3850 pium
624 3777 914 3841 Joannem,
946 3779 1129 3832 vivere
1155 3787 1554 3846 contemptum,
1591 3795 1699 3832 non
1757 3780 2020 3850 cuiquam

437 3891 508 3930 se
541 3873 809 3944 aequalem
841 3886 1051 3943 gerere,
1095 3879 1149 3925 et
1187 3885 1298 3925 non
1331 3870 1513 3926 dicere
1543 3871 1610 3926 de
1635 3872 1778 3928 bono
1812 3889 1976 3944 opere
2005 3891 2021 3930 :

443 3984 471 4017 4
521 3963 584 4018 Et
615 3979 715 4034 ego
745 3963 800 4018 id
843 3963 966 4018 feci.
1007 3980 1031 4017 ι
1091 3963 1293 4017 Deinde
1323 3964 1524 4019 sedens
1554 3978 1652 4018 ora
1682 3965 1850 4022 corde
1881 3983 2021 4037 puro

446 4070 502 4110 et
551 4067 889 4122 constanter,
943 4055 1302 4126 quoadusque
1349 4071 1579 4124 vespera
1622 4062 2022 4128 supervenerit.

440 4150 512 4206 Et
554 4151 624 4204 ita
665 4150 837 4219 psalle
868 4159 1090 4203 cantum
1128 4149 1504 4218 vespertinum
1541 4159 1598 4204 et
1625 4152 1872 4218 absolve,
1904 4154 2022 4209 sin-

435 4257 574 4299 cero
618 4242 788 4296 corde
820 4241 1073 4306 credens,
1111 4256 1209 4310 pro
1253 4256 1443 4296 nostro
1483 4241 1667 4298 labore
1697 4254 1750 4300 et
1790 4262 1889 4316 pro
1925 4262 2022 4302 no-

435 4348 564 4390 :stro
626 4333 698 4387 ub
757 4335 1014 4388 virtutem
1072 4334 1263 4388 dolore
1319 4347 1373 4390 et
1434 4338 1771 4407 operationis
1822 4351 2024 4396 nostra!

395 4472 397 4474 .
439 4439 705 4480 .mensnra
731 4463 746 4488 ,
781 4425 1050 4479 donorum
1092 4426 1252 4480 nobis
1291 4438 1345 4482 et
1373 4429 1722 4496 praemiorum
1753 4430 2020 4487 distribu-

2113 3223 2227 3276 Kal.
2263 3225 2292 3277 6
2319 3223 2420 3292 τῆς
2449 3223 2740 3294 Κλίμακος
2761 3239 2777 3256 ’
2812 3243 2830 3277 ι
2865 3223 2941 3278 Οὐ
2973 3226 3310 3295 νενήστευκα
3331 3243 3346 3258 ο
3382 3227 3482 3281 ούκ
3525 3229 3699 3298 ἠγρύ-

2114 3332 2301 3386 πνηκα
2320 3331 2334 3345 '
2355 3318 2456 3369 οὐκ
2472 3315 2855 3386 ὲχαμεύνηκα,
2881 3317 2999 3371 ἀλλ’
3019 3317 3418 3389 ὲταπεινώθην,
3450 3323 3543 3374 καὶ
3566 3323 3700 3374 ἔσω-

2116 3410 2178 3464 σέ
2221 3427 2290 3480 με
2336 3410 2640 3480 συντόμως,
2673 3409 2890 3463 διώκων
2918 3409 3025 3479 πρὸ
3058 3410 3258 3475 παντὸς
3297 3411 3488 3482 ἑτέρου
3519 3414 3614 3468 καὶ
3641 3414 3700 3466 τδ

2115 3503 2444 3573 ἀψήφιστον,
2476 3502 2550 3566 ῶς
2576 3519 2742 3573 φησιν
2768 3504 2796 3556 6
2829 3502 2986 3571 ἅγιος
3013 3501 3459 3573 Βαρσανοεειριος⁹
3507 3505 3588 3557 ὅτι
3641 3507 3702 3559 τὸ

2116 3597 2496 3668 ἀμεριμνῆσαι
2531 3596 2639 3650 ἀπὸ
2665 3596 2868 3659 παντὸς
2893 3595 3240 3667 πράγματος,
3271 3599 3416 3650 ποιεῖ
3447 3614 3506 3650 σε
3531 3615 3700 3667 προσ·-

2116 3688 2337 3758 εγγίσαι
2365 3692 2431 3758 τῇ
2465 3688 2623 3742 πόλει
2649 3705 2662 3721 ·
2704 3688 2799 3741 καὶ
2830 3688 2893 3741 τὸ
2925 3687 3001 3759 μὴ
3031 3688 3378 3758 ψηφισθῆναι
3408 3689 3466 3742 ὲν
3494 3689 3704 3760 ἀνθρώ-

2116 3797 2262 3845 ποις,
2293 3780 2442 3832 ποιεῖ
2463 3796 2522 3832 σε
2549 3779 2769 3849 οἰκῆσαι
2795 3775 2893 3848 τὴν
2927 3777 3084 3830 πόλιν
3106 3790 3119 3804 ⁶
3170 3777 3265 3830 καὶ
3306 3777 3368 3830 τὸ
3409 3776 3704 3831 ἀποθανεῖν

2117 3873 2227 3926 ἀπὸ
2261 3871 2462 3935 παντὸς
2504 3870 2822 3942 ἀνθρώπου,
2877 3871 3028 3922 ποιεῖ
3059 3885 3118 3920 σε
3161 3868 3569 3939 κληρονομῆσαι
3606 3872 3704 3940 τὴν

2119 3959 2294 4022 πόλιν,
2323 3958 2570 4021 καὶτοὺς
2619 3956 2953 4028 θησαυρούς.
2995 3958 3105 4010 Kal.
3154 3958 3203 4010 εί
3234 3957 3472 4027 σωθῆναι
3507 3957 3704 4023 θέλεις,

2117 4053 2177 4105 τὸ
2200 4050 2507 4122 ἁψήφιστον
2560 4051 2781 4122 κράτει,
2829 4049 2927 4104 καὶ
2958 4051 3122 4120 τρέχε
3155 4049 3291 4120 πρὸς
3319 4050 3380 4102 τὸ
3411 4050 3710 4122 προκείμε-
3776 4047 3782 4051 ”

2118 4161 2232 4198 νον.
2262 4163 2282 4195 ι
2316 4145 2472 4197 Ἐστι
2497 4143 2544 4196 δ’
2570 4139 2660 4209 αὖ,
2695 4143 2837 4197 κατὰ
2872 4141 2963 4196 τὸν
2994 4141 3185 4195 τούτου
3217 4141 3311 4194 τοῦ
3341 4143 3500 4209 ἁγίου
3533 4144 3711 4214 μαθη-

2118 4236 2218 4308 τὴν
2265 4235 2416 4289 ὅσιον
2457 4236 2737 4303 Ἰωάννην,
2799 4233 2862 4287 τὸ
2911 4233 3244 4304 ἀψήφιστον,
3294 4233 3358 4286 τὸ
3409 4235 3485 4304 μὴ
3515 4234 3710 4287 ἰσῶσαι

2121 4326 2314 4381 ἑαυτόν
2342 4345 2450 4381 τινι
2471 4343 2486 4360 ο
2523 4327 2617 4380 καὶ
2651 4326 2712 4380 τὸ
2746 4325 2821 4397 μὴ
2849 4326 3025 4378 εἰπεῖν
3049 4325 3178 4396 περὶ
3203 4324 3371 4378 καλοῦ
3416 4324 3601 4395 ἔργου,
3629 4327 3713 4379 ὅτι

2121 4419 2294 4490 Κάγὼ
2317 4419 2477 4474 τοῦτο
2511 4419 2765 4490 ἐποίησα.
2811 4436 2830 4470 ι
2867 4415 2980 4472 Εἶτ’
3003 4417 3162 4480 αὖθις
3209 4415 3442 4479 καθίσας
3479 4416 3714 4485 πρόσευ-

451 4517 654 4570 tionem
692 4530 756 4570 ac
786 4515 1266 4586 proclamationcm
1293 4534 1358 4574 ac
1395 4520 1829 4575 consolationem
1852 4537 1881 4576 a
1911 4523 2020 4579 Deo

2121 4528 2211 4581 (at
2258 4515 2539 4587 καθαρῶς,
2592 4516 2689 4568 καὶ
2720 4513 3142 4587 ὰῤῥεμϐἀστως,
3175 4510 3280 4574 ἓως
3311 4511 3377 4564 ἂν
3423 4510 3711 4579 καταλάϐῃ

442 4611 656 4662 tactum
702 4607 810 4674 iri;
869 4617 928 4660 ut
985 4609 1062 4661 ait
1104 4609 1323 4664 divinus
1358 4610 1606 4666 Psaltes:
1649 4630 1666 4665 ι
1710 4611 2022 4670 Secundum

439 4699 854 4754 multitudinem
914 4701 1168 4756 dolorum
1235 4718 1484 4758 meorum
1551 4705 1602 4758 in
1672 4707 1838 4762 corde
1901 4723 2023 4762 ineo

411 4792 846 4854 .wunsolationes
872 4801 975 4846 tua:
1000 4792 1412 4848 hntiiicavcrunt
1431 4795 1666 4849 animam
1691 4811 1865 4850 meam
1895 4797 1917 4830 δ
1946 4813 1962 4852 :
2000 4815 2018 4850 ι

444 4895 499 4938 (ιι
532 4882 782 4938 Salvator
815 4903 830 4940 :
871 4905 889 4938 ι
938 4883 1126 4940 Venite
1167 4886 1233 4941 ad
1279 4902 1365 4942 me
1401 4902 1597 4942 omnes
1639 4890 1730 4959 qui
1768 4891 2027 4948 laboratis

421 4987 498 5044 ,ει
531 4974 739 5028 onerati
768 4973 924 5039 estis,
958 4985 1012 5030 et
1040 4990 1141 5046 ego
1181 4977 1419 5032 reﬁciam
1450 4993 1551 5032 vos
1569 4981 1611 5032 ⁸.
1648 4996 1667 5030 ι
1700 4979 1764 5034 Ει
1788 4995 2025 5052 magnus

421 5066 648 5144 .g’aiiltis
718 5086 736 5121 ι
809 5083 828 5120 ι
912 5065 970 5122 Si
1047 5077 1228 5122 tamen
1311 5069 1532 5123 Christo
1603 5073 2019 5141 compatimur,

374 5206 392 5219 η,
436 5165 502 5210 aut
567 5167 621 5212 et
682 5157 1206 5228 (-ongloriﬂcemur.
1284 5159 1548 5215 Existimo
1629 5173 1810 5217 autem
1873 5166 2020 5234 quod

437 5265 556 5303 inou
636 5258 766 5303 sunt
846 5251 1132 5319 condignae
1209 5252 1492 5318 passiones
1578 5253 1741 5320 hujus
1834 5256 2020 5311 szeeuli

432 5343 510 5395 ad
552 5343 788 5396 futuram
835 5341 1062 5413 gloria-ti
1103 5357 1226 5412 qua:
1275 5343 1611 5398 revelabitur
1644 5346 1695 5398 in
1731 5348 1887 5401 nobis
1911 5348 1952 5403 ⁵.
1995 5367 2014 5400 ι

435 5431 586 5484 Dicit
644 5441 849 5495 autem,
885 5433 998 5486 haec
1071 5441 1126 5486 et
1181 5432 1362 5485 divina
1418 5434 1636 5502 sapiens
1684 5437 1950 5493 Maximus
2004 5458 2018 5495 :

442 5543 468 5576 ι
508 5524 682 5579 Causa
713 5541 834 5580 esse
863 5525 1066 5580 dicitur
1094 5527 1407 5581 divinorum
1449 5530 1717 5584 bonorum
1753 5535 2016 5590 distribu-

435 5617 611 5670 tionis
636 5617 1072 5688 uniuscujusque
1095 5619 1214 5672 iidei
1235 5634 1489 5674 mensura
1513 5638 1526 5686 ;
1553 5627 2013 5694 quemadmodum

516 5733 563 5763 "
592 5733 779 5788 Matth.
817 5752 970 5802 unt,
996 5738 1089 5792 12.
1185 5737 1230 5770 εί
1279 5739 1298 5793 Ι
1344 5741 1471 5796 Cor.
1533 5759 1583 5807 χ,
1662 5747 1745 5802 Ν.

453 5813 550 5868 ιιι,
584 5807 664 5860 I6.
743 5807 1103 5879 ‘i‘sal.cx-n,
1146 5810 1222 5863 l9.
1323 5814 1341 5844 ⁸
1375 5813 1558 5868 Mallll.
1595 5835 1667 5884 SI,
1699 5820 1786 5877 :23.

1849 5751 1892 5782 ’⁵³
1929 5753 2022 5808 Jac
2067 5773 2139 5820 tv,
2171 5757 2222 5814 6.

1893 5827 1911 5855 ⁸
1963 5826 2119 5882 Metu.
2166 5847 2279 5898 ιη’,
2324 5831 2402 5891 i7,
2443 5831 2526 5884 18.

2117 4612 2180 4665 τὸ
2207 4610 2482 4680 ἑσπέραςο
2524 4613 2620 4662 καὶ
2641 4607 2784 4661 οὕτω
2817 4607 2987 4678 om;
3013 4606 3106 4659 τὸν
3143 4605 3354 4676 συνήθη
3400 4604 3709 4674 ἑσπερινὺν,

2121 4705 2216 4759 καὶ
2240 4703 2511 4756 ἀπόλυσον
2531 4719 2544 4732 ·
2572 4700 2631 4766 ἐξ
2653 4699 2981 4770 εἰλικρινοῦς
3003 4699 3234 4770 καρδίας
3267 4697 3540 4750 πιστεύων
3570 4695 3710 4747 κατὰ

2120 4798 2212 4853 τὸν
2242 4797 2430 4863 κόπον,
2457 4796 2554 4850 καὶ
2578 4797 2680 4866 τὴν
2717 4794 2784 4848 δι’
2812 4795 3014 4865 ἀρετὴν
3047 4793 3270 4865 ὀδύνην,
3307 4790 3483 4846 καὶτὸ
3515 4789 3712 4858 μέτρον

2121 4889 2222 4956 τῆς
2240 4886 2502 4959 ἐργασίας
2523 4885 2705 4956 ήμῶν,
2730 4884 2824 4936 καὶ
2845 4882 2944 4952 τὴν
2969 4884 3080 4935 τῶν
3107 4882 3328 4952 δωρεῶν
3348 4879 3441 4933 καὶ
3467 4877 3712 4930 ἐπάθλων

2120 4981 2386 5052 διανομὴν
2422 4979 2519 5033 καὶ
2551 4978 2880 5052 ἀνάρρησιν,
2934 4975 3088 5046 παρὰ
3149 4977 3248 5029 τοῦ
3296 4972 3430 5026 Θεοῦ
3485 4969 3712 5041 ὲπισρα-

2120 5033 2384 5124 δεύεσθαι
2419 5070 2573 5140 ἡμῖν,
2609 5033 2709 5121 κέῖ
2753 5033 3110 5136 παρακληυσιν
3135 5081 3150 5096 ο
3195 5064 3272 5127 ῶς
3319 5079 3488 5132 φησιν
3518 5063 3547 5115 6
3577 5033 3717 5122 θεῖος

2126 5160 2466 5233 Ψαλμφδόςο
2500 5179 2518 5212 ι
2550 5159 2709 5214 Κατὰ
2737 5158 2799 5212 τὸ
2839 5157 3043 5227 πλῆθος
3067 5155 3176 5211 τῶν
3201 5153 3404 5210 ὀδυνῶν
3439 5171 3542 5223 μου
3573 5153 3631 5205 ὲν
3652 5153 3720 5222 τῇ

2121 5263 2326 5334 καρδίᾳ
2351 5277 2475 5332 μου,
2509 5259 2568 5314 ai
2602 5256 2985 5327 παρακλήσεις
3020 5271 3115 5307 σου
3143 5250 3424 5323 εὔφραναν
3453 5247 3552 5321 τὴν
3606 5248 3712 5319 ψυ-

2123 5341 2229 5428 γήν
2257 5373 2381 5427 μου.
2423 5372 2441 5405 i
2470 5351 2582 5406 Καὶ
2615 5352 2644 5404 6
2665 5350 2861 5420 Σωτήρ
2883 5364 2896 5380 ο
2930 5367 2955 5400 -(
2999 5347 3166 5401 Δεῦτε
3197 5344 3337 5416 πρός
3388 5360 3479 5414 με,
3511 5342 3715 5406 πάντες

2121 5453 2171 5504 οἱ
2223 5447 2527 5509 κοπιῶντες
2573 5442 2671 5497 καὶ
2730 5440 3180 5511 πεφορτισμένοι,
3223 5435 3382 5506 κάγὼ
3410 5434 3716 5491 ἀναπαύσω

2126 5543 2292 5610 ὑμᾶς.
2330 5559 2350 5592 ι
2384 5538 2495 5593 Kal.
2517 5535 2547 5588 6
2577 5535 2754 5607 μέγας
2785 5533 3000 5596 Παῦλος
3023 5545 3038 5560 ⁸
3075 5549 3094 5582 ι
3119 5529 3300 5600 Εἴπερ
3332 5526 3555 5598 Χριστῷ
3575 5543 3713 5594 συμ-

2125 5635 2432 5704 πάσχομεν,
2482 5630 2568 5683 ἴνα
2607 5627 2704 5683 καὶ
2753 5622 3240 5694 συνδοξασθῶμεν·
3274 5619 3572 5691 λογίζομαι
3603 5618 3715 5687 γὰρ

2326 5759 2739 5834 ξΫΕυ‹-1ἰ.τ,11.
2845 5763 2864 5793 ⁸
2925 5760 3066 5817 l‘sal.
3124 5779 3264 5834 xcvi,
3329 5763 3383 5820 9.
3481 5765 3697 5824 'Rum.
