4076 6476
334 375 436 439 Ἧθ

1560 363 1956 426 “l'USCULA
1999 363 2393 423 ASCETICA.

3492 363 3600 424 τις)

255 548 260 553 _
328 495 408 546 ὃτι
437 492 536 543 οῦκ
573 488 698 553 ἄξια
727 486 792 540 τὰ
826 485 1127 557 παθήματα
1150 487 1242 540 τοῦ
1278 487 1372 540 νῦν
1402 489 1618 559 καιροῦ,
1655 489 1792 560 προς
1818 489 1916 558 τὴν

2011 483 2160 536 enim
2222 481 2620 537 crediderimus
2650 525 2664 546 ,
2693 489 2739 531 et
2773 479 2945 534 nostri
2975 478 3040 533 ad
3067 477 3342 549 agendum
3380 477 3598 534 ardoris

331 584 633 654 μέλλουσαν
681 579 840 644 δόξαν
877 579 1333 647 ἀποκαλυφθῆναι
1379 583 1460 645 είς
1489 583 1658 650 ἡμᾶς,
1699 599 1719 632 ι
1754 582 1917 647 Λέγει

328 678 388 730 δὲ
420 676 514 728 καὶ
543 676 570 726 ὁ
603 674 673 728 τὰ
721 673 840 725 θεῖα
869 672 1033 742 σοφὸς
1055 672 1307 740 Μάξιμος
1331 691 1343 704 ·

329 784 486 835 γεται
538 765 640 833 τῆς
694 765 806 817 τῶν
841 764 1002 818 θείων
1036 765 1301 835 διανομῆς
1356 767 1598 834 ἀγαθῶν,
1628 766 1688 819 τὸ
1721 767 1918 836 μέτρον

327 859 426 926 τῆς
481 857 714 910 ἑκάστου
747 857 1020 921 πίστεως·
1057 857 1240 920 καθὼς
1273 859 1382 929 γὰρ
1411 860 1762 929 πιστεύομεν,
1823 859 1920 912 καὶ

326 949 425 1019 τὴν
455 949 548 1000 ἐπὶ
573 947 632 1000 τὸ
666 949 930 1016 πράττειν
952 949 1054 1017 τῆς
1087 949 1396 1019 προθυμίας
1422 950 1664 1002 ἐπίδοσιν
1695 951 1914 1017 ἔχομεν.

338 1038 398 1092 'U
423 1039 555 1108 γοῦν
595 1039 876 1108 πράττων,
931 1041 1074 1092 κατὰ
1131 1039 1229 1108 τὴν
1289 1039 1587 1106 ἀναλογίαν
1642 1039 1740 1108 τῆς
1777 1038 1920 1108 πρά-

327 1131 486 1198 ξεως,
525 1129 894 1196 ἐπιδείκνυται
922 1131 980 1182 τί)
1011 1129 1208 1200 μέτρον
1234 1131 1332 1199 τῆς
1389 1131 1646 1195 πίστεως,
1690 1131 1920 1199 δεχόμε-

329 1241 418 1286 νος
462 1223 535 1287 ὡς
563 1221 901 1286 ’ὲπίστευσε,
935 1223 994 1274 τὸ
1030 1222 1229 1292 μέτρον
1249 1222 1352 1292 τῆς
1376 1223 1622 1291 χάριτος.
1671 1221 1728 1275 ’0
1759 1221 1816 1274 δὲ
1843 1220 1918 1290 μὴ

329 1315 609 1384 πράττων,
633 1315 775 1368 κατὰ
810 1314 908 1385 τὴν
934 1313 1229 1382 ἀναλογίαν
1256 1314 1354 1383 τῆς
1381 1312 1686 1384 ἀπραξίας,
1713 1312 1917 1366 ἐπιδεί-

1389 693 1406 724 ι
1451 677 1630 727 Λῖτεον
1655 669 1797 726 εἶναι
1825 674 1916 726 λέ-

328 1427 524 1463 κνυται
558 1409 618 1462 τὸ
667 1409 868 1479 μέτρον
905 1409 1005 1477 τῆς
1032 1407 1313 1471 ἀπιστίας,
1342 1407 1638 1476 δεχόμενος
1672 1405 1747 1469 ὡς
1783 1406 1918 1476 ἠπί-

329 1517 516 1571 σττβε,
555 1498 654 1571 τὴν
688 1500 784 1567 τῆς
843 1498 1066 1570 χάριτος
1115 1500 1394 1568 στέρησιν.
1457 1497 1668 1552 Οὐκοῦν
1731 1497 1920 1560 κακῶς

329 1595 478 1645 ποιεῖ
526 1591 838 1662 βασκαίνων
896 1592 1010 1654 τοῖς
1061 1589 1474 1660 κατορθοῦσινὸ
1523 1587 1921 1660 φθονερὸς,ὲπ⁹

329 1685 477 1756 αὐτῷ
524 1683 730 1754 σαφῶς,
785 1683 901 1736 ἀλλ’
941 1683 1040 1736 οὐκ
1096 1683 1182 1735 ἐπ’
1205 1681 1350 1752 ἄλλῳ
1383 1679 1671 1750 κειμένης,
1695 1679 1795 1750 τῆς
1825 1677 1919 1732 τοῦ

329 1778 611 1831 πιστεύειν
675 1777 770 1830 καὶ
824 1777 1111 1846 πράττειν,
1153 1776 1249 1829 καὶ
1308 1773 1447 1845 πρὸς
1476 1773 1538 1826 τὸ
1588 1771 1789 1842 μέτρον
1819 1771 1921 1840 τῆς

2009 576 2420 630 retributionem
2454 573 2799 628 habt-bimus.
2827 573 2934 638 Qui
2959 572 3126 642 igitur
3156 573 3287 638 agit,
3313 587 3413 642 pro
3443 580 3604 627 actus

2012 671 2141 737 eius
2172 669 2389 722 ratione
2412 666 2722 722 ostenditur
2751 676 2805 720 et
2847 681 3103 719 mensura
3132 664 3254 718 ﬁdei
3282 681 3296 726 ;
3329 664 3602 734 accipitis,

2011 776 2068 816 ιιι
2103 761 2337 818 credidit
2366 800 2381 822 ,
2414 759 2608 828 gratia:
2644 772 2990 811 mensuram.
3024 756 3128 822 Qui
3159 771 3291 811 vero
3325 771 3432 809 non
3467 756 3604 824 agit,

2008 871 2108 926 pro
2142 854 2264 922 ejus
2302 852 2514 906 inertiae
2585 851 2818 914 ratione,
2886 859 2939 904 ct
2996 849 3402 904 incredulitatis
3438 864 3590 903 men-

2010 961 2141 1000 sura
2191 944 2538 1009 ostenditur;
2575 943 2776 1009 accipit
2831 943 3002 1003 enim,
3054 953 3218 1009 prout
3275 943 3594 997 incredulus

2010 1046 2114 1100 est,
2152 1038 2338 1104 gratiae
2369 1035 2752 1104 privationem.
2801 1035 2970 1102 Igitur
3017 1035 3160 1087 male
3203 1035 3314 1102 agit
3368 1034 3607 1103 quicuuo

2013 1140 2119 1195 quc
2166 1123 2585 1194 proﬁcientibus
2634 1123 2868 1188 invidet,
2923 1139 3048 1178 cum
3078 1146 3080 1150 λ
3112 1138 3279 1190 penes
3311 1138 3464 1185 cirri,
3501 1137 3606 1176 nec

2015 1232 2184 1284 penes
2222 1217 2392 1270 alium
2447 1216 2518 1272 sit
2560 1216 2818 1270 credendi
2858 1225 2914 1269 et
2974 1214 3191 1284 agendi,
3222 1223 3277 1268 et
3304 1215 3606 1266 secundum

2017 1306 2141 1361 ﬁdei
2167 1321 2480 1360 mensuram
2499 1305 2728 1374 gratiam
2755 1305 3057 1374 accipiendi
3083 1305 3277 1358 electio
3299 1303 3391 1358 sit.
3415 1303 3477 1356 Et
3499 1311 3608 1355 tota

2015 1399 2197 1453 anima
2220 1415 2338 1453 eam
2359 1412 2578 1452 orantes
2593 1413 3010 1467 perseveremus
3033 1405 3210 1450 totum
3249 1395 3372 1448 vitze
3403 1402 3610 1447 nostrae

2017 1501 2259 1564 tempus.
2287 1493 2350 1547 Et
2381 1494 2496 1563 ipse
2524 1494 2645 1546 vine
2676 1493 2823 1551 linis.
2843 1491 3212 1554 Christianus,
3233 1486 3612 1556 ahsquedolo-
3636 1496 3642 1501 '

2016 1600 2097 1652 re,
2125 1596 2178 1640 ct
2206 1587 2426 1651 rubore,
2453 1585 2731 1656 pacificus.
2758 1583 2822 1638 Et
2850 1584 2914 1638 ad
2947 1585 3080 1646 lucc,
3104 1565 3302 1636 bonam
3336 1577 3612 1633 defensio-

2019 1691 2143 1732 nem
2175 1678 2518 1740 habebimus,
2548 1693 2670 1732 cum
2702 1675 3016 1734 steterimus
3047 1681 3174 1726 ante
3218 1671 3459 1726 tribunal
3507 1667 3614 1721 Do-

2018 1769 2152 1824 mini
2177 1779 2229 1825 et
2253 1769 2342 1823 Dei
2366 1778 2422 1823 et
2445 1767 2742 1822 Salvatoris
2785 1763 2959 1820 nostri
2986 1763 3115 1818 Jesu
3143 1761 3367 1816 Christi.

335 1857 571 1920 πίστεως
616 1841 922 1928 ἐρχομένην
967 1858 1309 1925 εἰσδέξασθαι
1354 1841 1460 1932 τὴν
1490 1841 1670 1932 χάριν,
1698 1841 1966 1930 γὲπιλογῆς
1993 1874 2008 1890 ⁶
2048 1858 2144 1913 καὶ
2176 1859 2241 1912 ἐκ
2268 1857 2449 1928 ψυχῆς
2479 1857 2818 1925 αἰτούμενοι,
2853 1851 3128 1919 διαμεῖναι
3174 1846 3267 1900 τὸν
3304 1841 3606 1898 ὑπόλοιπον

337 1953 530 2019 χρόνον
556 1951 741 2021 ἡμῶν.
784 1968 803 2002 ι
843 1953 953 2006 Καὶ
989 1955 1128 2008 αὐτὰ
1161 1955 1226 2024 δὴ
1260 1957 1328 2008 τὰ
1360 1957 1488 2026 τέλη
1528 1957 1629 2027 τῆς
1653 1955 1820 2025 ζωῆς,
1847 1953 2178 2026 Χριστιανὰ,
2210 1948 2938 2017 ἀνώδυ.να,ἀνεπαίσχυντα,
2968 1939 3226 2014 εἰρηνικά
3261 1952 3278 1970 °
3336 1936 3432 1990 καὶ
3467 1933 3610 2004 πρὸς

339 2047 554 2110 τούτοις
582 2049 876 2102 ἀποδοῦναι
927 2049 1076 2117 ἡμᾶς
1108 2047 1282 2118 καλὴν
1311 2050 1412 2118 τὴν
1445 2049 1772 2119 ἀπολογίαν,
1803 2049 1897 2102 ἐπὶ
1934 2047 2031 2100 τοῦ
2089 2043 2326 2115 φοϐεροῦ
2365 2041 2611 2106 ἑστῶτας
2645 2041 2893 2110 βήματος
2921 2036 3017 2091 τοῦ
3053 2035 3287 2105 Κυρίου,
3311 2032 3406 2086 καὶ
3439 2029 3606 2094 Θεοῦ,

341 2142 434 2190 καὶ
468 2142 611 2193 Σωτῖ
628 2159 718 2212 ρος
745 2142 906 2213 ἡμῶν
943 2141 1120 2209 Ἰησοῦ
1153 2142 1416 2210 Χριστοῦ.

343 2233 476 2290 Ὀτι
501 2235 713 2308 μείζων
739 2237 946 2306 πάσης
991 2237 1302 2375 egi-gazae,
1334 2240 1372 2310 ἡ
1407 2238 1635 2308 καθαρὰ
1655 2253 1919 2308 προσευ-

978 2328 1014 2375 χ
1127 2325 1285 2365 στιν.

2019 2217 2032 2234 ”
2089 2233 2248 2302 Quod
2279 2233 2458 2303 major
2494 2229 2640 2286 omni
2669 2228 2973 2296 Operatione
2997 2237 3072 2284 est
3113 2221 3313 2277 munda
3343 2219 3538 2273 oratio.

978 2325 1058 2378 χη
1092 2325 1285 2365 εστιν.
2959 2329 2964 2334 ·

410 2395 512 2461 λη’.
541 2396 682 2465 Πρδς
703 2394 760 2448 δὲ
787 2396 900 2458 τοῖς
925 2394 1236 2463 δηλωθεῖσι,
1273 2395 1371 2450 καὶ
1403 2396 1564 2451 τοῦτο
1602 2397 1736 2462 ἴσθι,
1767 2396 1924 2454 ἀδελο

338 2487 423 2557 φὲ.
455 2488 538 2540 ὅτι
575 2489 725 2542 πᾶσα
756 2486 1002 2558 μέθοδος,
1030 2488 1125 2540 καὶ
1163 2488 1272 2551 πᾶς
1304 2488 1510 2553 κανὼν,
1538 2491 1588 2545 εί
1625 2489 1807 2561 βούλει
1843 2490 1921 2557 δὲ,

335 2580 432 2632 καὶ
461 2579 661 2650 πρᾶξις
699 2579 979 2651 διάφορος,
1009 2579 1097 2634 διὰ
1127 2579 1188 2632 τὸ
1245 2580 1319 2650 μὴ
1353 2581 1620 2636 δύνασθαι
1667 2583 1814 2653 ἡμᾶς
1841 2583 1923 2637 ἔτι

334 2671 392 2722 ὲν
427 2669 625 2741 καρδίᾳ
655 2668 916 2739 καθαρῶς
944 2669 1039 2723 καὶ
1062 2669 1468 2740 ἁρρεμϐάστως
1492 2671 1919 2743 προσεύχεσθαι,

333 2761 646 2815 τετύπωται
709 2760 855 2814 οὕτω
903 2761 998 2815 καὶ
1048 2761 1451 2817 κεκανόνισται.
1521 2763 1675 2816 Ἐπεὶ
1706 2762 1920 2830 τούτου,

335 2850 552 2922 εὐδοκία
579 2852 672 2905 καὶ
688 2851 871 2923 χάριτι
901 2850 996 2904 τοῦ
1027 2851 1232 2923 Κυρίου
1256 2854 1288 2921 ή
1299 2853 1417 2923 μῶν
1446 2851 1625 2923 Ἰησοῦ
1658 2854 1919 2926 Χριστοῦ,

2087 2397 2182 2455 38.
2238 2397 2379 2454 Cum
2410 2391 2522 2450 'his
2554 2407 2677 2464 qua;
2707 2391 2940 2447 indicata
2979 2399 3108 2446 sunt
3157 2401 3212 2446 et
3265 2391 3404 2461 haec,
3441 2394 3604 2457 scito,

2019 2491 2209 2559 frater,
2247 2487 2394 2561 quod
2451 2487 2635 2540 cuiuis
2670 2483 2960 2538 methodus
2990 2491 3046 2539 et
3079 2483 3262 2539 omnis
3314 2486 3524 2554 regula,
3559 2487 3606 2542 si

2015 2589 2182 2653 velis,
2211 2595 2268 2642 et
2289 2583 2454 2639 varia:
2487 2581 2759 2644 actiones,
2793 2580 2865 2634 ita
2900 2579 3146 2636 formatae
3190 2588 3319 2635 sunt
3345 2590 3400 2636 et
3427 2582 3609 2637 deter-

2017 2677 2262 2741 minatae,
2313 2689 2383 2730 eo
2408 2674 2556 2743 quod
2608 2686 2718 2725 non
2754 2685 3055 2740 possumus
3083 2669 3135 2724 in
3172 2673 3337 2727 corde
3385 2687 3518 2728 unre
3552 2683 3610 2727 et

2015 2778 2333 2828 constanter
2373 2780 2554 2820 orare.
2587 2764 2744 2830 Quod
2792 2764 2940 2817 enim
2991 2763 3364 2819 benevolentia
3398 2774 3454 2821 et
3482 2781 3608 2837 gra-

2015 2865 2090 2920 tia
2138 2863 2353 2918 Domini
2388 2858 2562 2915 nostri
2610 2857 2740 2913 Jesu
2803 2855 3006 2912 Christi
3041 2855 3284 2925 perfecte
3316 2858 3518 2928 adepti,
3552 2868 3609 2914 et

331 2941 780 3012 ἀπαρτισθέντος,
836 2943 933 2995 καὶ
979 2943 1173 3009 πολλὰ,
1226 2945 1321 2998 καὶ
1367 2943 1612 3010 ποικίλα,
1653 2947 1746 2999 καὶ
1787 2945 1919 3000 διαι-

2013 2955 2188 3011 multa
2229 2953 2320 3008 illa
2355 2951 2506 3006 varia
2547 2960 2602 3006 ct
2655 2949 3004 3004 transeuntia
3038 2947 3432 3019 relinquentes,
3477 2964 3602 3004 cum

336 3031 534 3103 ροῦντα
593 3033 869 3103 μεθέντες,
905 3034 984 3106 τῷ
1022 3037 1125 3099 ἑνὶ,
1159 3037 1254 3089 καὶ
1287 3036 1500 3106 ἐνιαίῳ,
1535 3037 1631 3090 καὶ
1673 3037 1919 3109 ἑνωτικῷ

2011 3065 2079 3106 eo
2110 3053 2204 3119 qut
2237 3062 2382 3100 unus
2404 3053 2488 3100 est
2528 3052 2585 3100 et
2634 3041 2862 3112 simplex
2913 3051 2969 3096 et
3020 3041 3239 3096 uiuendi
3269 3040 3376 3095 vim
3418 3044 3602 3110 habet,

332 3123 556 3194 ἀμέσως
588 3125 730 3196 ὑπὲρ
759 3125 914 3194 λόγον
946 3126 1236 3198 ἐνούμεθα,
1265 3129 1343 3191 ὼς
1372 3128 1592 3200 εἴρηται
1621 3129 1702 3201 τῷ
1722 3129 1919 3204 κλεινῷ

2010 3137 2403 3210 conjungimur
2461 3135 2777 3188 immediate
2845 3148 3013 3202 supra
3081 3133 3370 3200 rationem,
3425 3145 3484 3189 ut
3536 3137 3605 3188 ah

331 3216 580 3289 Θεολόγῳ
603 3233 617 3248 ο
646 3219 780 3282 Θεὸς
828 3219 970 3282 θεοῖς
1009 3221 1301 3291 ἐνούμενός
1349 3238 1409 3276 τε
1448 3223 1543 3278 καὶ
1580 3224 1919 3295 γνωριζόμε-

2014 3232 2214 3290 illustri
2251 3228 2500 3294 theologo
2526 3227 2732 3281 dictum
2767 3235 2854 3280 est
2886 3241 2901 3279 :
2945 3243 2964 3279 ι
3004 3223 3146 3282 Deus
3179 3225 3380 3282 divinis
3429 3228 3605 3282 hemi-

331 3327 420 3372 vo;
441 3327 456 3341 ·
495 3313 634 3382 ὅπερ
659 3314 831 3380 ἐστὶν,
865 3314 899 3383 ἡ
928 3313 1015 3367 διὰ
1038 3313 1132 3367 τοῦ
1155 3313 1314 3382 ἁγίου
1344 3313 1665 3387 Πνεύματος
1693 3317 1754 3369 ἐν
1781 3332 1919 3389 καρ-

2013 3327 2178 3381 nibus
2225 3321 2556 3392 coniunctus
2607 3327 2662 3374 et
2715 3318 3012 3387 cognitus;
3055 3318 3199 3388 quod
3243 3327 3332 3372 est
3382 3333 3470 3383 ea.
3509 3335 3607 3388 per

329 3401 419 3472 δίᾳ
438 3403 802 3466 ὲνυπόστατος
819 3402 1110 3474 έλλαμψις,
1134 3405 1258 3475 ἥτις
1279 3405 1547 3469 τίκτεται,
1565 3405 1642 3469 ὡς
1670 3405 1914 3477 εἴρηται,

2013 3418 2285 3489 Spiritum
2337 3403 2618 3479 sanctum,
2679 3411 2733 3464 in
2770 3411 2935 3467 corde
2983 3410 3214 3466 interior
3255 3412 3600 3477 illnminatio,

330 3495 395 3547 ἐκ
423 3495 522 3565 τῆς
568 3497 1039 3568 μνημονευθείσης
1085 3497 1337 3565 καθαρᾶς
1367 3498 1462 3552 καὶ
1507 3499 1916 3572 ·ἀρρεμ6άστου

332 3589 633 3660 καρδιακῆς
671 3590 1002 3662 προσευχῆς.
1031 3591 1267 3645 Σπάνιον
1295 3590 1353 3644 δὲ
1395 3590 1578 3658 τοῦτο,
1619 3594 1714 3646 καὶ
1761 3590 1920 3663 μόλις

330 3677 410 3744 εἷς
433 3684 496 3735 ὲκ
525 3683 712 3753 χιλίων
740 3685 769 3736 ὁ
800 3683 1181 3750 καταξιωθεὶς,
1219 3683 1462 3754 Χριστοῦ
1485 3684 1693 3755 χάριτι,
1717 3684 1921 3757 προκό-

330 3773 432 3842 ψαι
463 3775 543 3837 εἰς
579 3774 739 3845 τήνδε
782 3774 883 3846 τὴν
932 3775 1296 3830 κατάστασιν.
1356 3775 1431 3828 Τὸ
1460 3775 1519 3829 δὲ
1571 3775 1668 3830 καὶ
1707 3775 1919 3848 ταύτην

332 3866 731 3936 ὑπερπλεῦσαι,
756 3867 853 3921 καὶ
880 3869 979 3938 τῆς
1001 3868 1382 3939 πνευματικῆς
1413 3867 1718 3938 ἀξιωθῆναι
1743 3886 1918 3940 προσ-

331 3958 518 4027 ευχῆς,
557 3960 652 4014 καὶ
681 3962 862 4030 τυχεῖν
895 3961 997 4030 τῆς
1025 3961 1429 4030 ἀποκαλύψεως
1448 3960 1558 4014 τῶν
1593 3960 1918 4031 μυστηρίων

332 4050 428 4103 τοῦ
453 4050 734 4120 μέλλοντος
753 4050 974 4116 αἰῶνος,
1017 4052 1160 4105 πάνυ
1191 4051 1409 4120 ὀλίγων,
1432 4052 1528 4104 καὶ
1557 4049 1702 4103 κατὰ
1726 4049 1919 4117 γενεὰς

333 4142 430 4195 καὶ
463 4143 657 4211 γενεὰς
677 4144 1113 4215 εὑρισκομένων,
1153 4145 1371 4214 εὐδοκία
1402 4143 1500 4213 τῆς
1519 4143 1765 4214 χάριτος,
1784 4140 1920 4220 καθ-

333 4236 480 4305 άπερ
506 4237 708 4306 γράφει
735 4236 829 4290 καὶ
853 4238 881 4290 ὁ
907 4236 1064 4306 ἅγιος
1097 4237 1283 4290 Ἰσαάκ
1303 4251 1318 4268 ⁸
1356 4254 1376 4288 ί
1415 4236 1628 4306 Ὥσπερ
1659 4235 1813 4306 μόλις
1854 4235 1920 4288 ὲκ

338 4328 617 4400 μυριάδων
648 4328 974 4400 ἀνθρώπων,
1001 4324 1081 4392 εἷς
1111 4328 1431 4398 εὑρίσκεται
1483 4326 1782 4398 πληρώσας
1819 4326 1920 4390 τὰς

335 4420 582 4486 ἐντολὰς,
610 4420 802 4475 καὶτὰ
840 4420 1050 4492 νόμιμα
1095 4419 1294 4492 μικρὸν
1328 4420 1548 4483 ἐνδεῶς,
1583 4420 1678 4473 καὶ
1706 4417 1919 4488 φθάσας

335 4514 414 4574 εἰς
452 4513 553 4586 τὴν
573 4514 674 4586 τῆς
715 4513 892 4586 ψυχῆς
919 4513 1293 4584 καθαρότητα,
1324 4511 1498 4575 οὕτως
1527 4508 1608 4576 εἷς
1638 4513 1702 4565 ὲκ
1729 4510 1920 4583 χιλίων

335 4609 675 4680 εὑρίσκεται,
710 4611 1073 4679 καταειωθεὶς
1101 4610 1306 4680 φθάσαι
1341 4610 1478 4682 μετὰ
1513 4609 1717 4680 πολλῆς
1741 4627 1922 4680 παρα-

2010 3527 2134 3582 quae
2175 3507 2442 3581 gignitur,
2495 3514 2557 3561 ut
2607 3503 2814 3560 dictum
2839 3513 2948 3570 est,
2998 3519 3064 3559 ex
3119 3516 3420 3559 memorata
3470 3517 3604 3574 pnra

2009 3611 2067 3660 et
2092 3599 2365 3658 constanti
2396 3597 2578 3653 cordis
2623 3595 2892 3651 oratione.
2933 3614 2952 3647 ι
2991 3594 3198 3650 Rarum
3262 3607 3443 3652 autem
3469 3597 3603 3653 illud

2010 3705 2117 3762 est,
2157 3699 2216 3751 et
2256 3695 2344 3748 vix
2382 3705 2525 3746 unus
2554 3705 2618 3743 ex
2673 3687 2840 3755 mille,
2903 3686 3107 3742 Christi
3161 3690 3357 3759 gratia,
3407 3691 3606 3760 dignus

2009 3789 2237 3844 eil‘ectns
2283 3793 2369 3839 est
2399 3785 2492 3852 qui
2543 3782 2609 3836 ad
2642 3779 2792 3834 hunc
2843 3789 3049 3836 statum
3093 3782 3393 3848 perveniat.
3446 3783 3604 3838 Hunc

2011 3890 2194 3934 autem
2243 3885 2449 3933 statum
2491 3872 2801 3942 transgredi
2849 3863 2902 3926 et
2947 3871 3287 3941 spiritualem
3325 3875 3604 3930 adoratio-

2010 3986 2135 4027 nem
2171 3968 2412 4034 assequi,
2435 3973 2487 4020 et
2511 3961 2709 4018 futura:
2736 3961 2861 4016 vitae
2893 3962 3279 4033 mysteriorum
3313 3964 3604 4018 revelatio-

2009 4079 2133 4118 nem
2186 4058 2441 4128 adipisci,
2500 4056 2728 4111 omnino
2787 4070 3085 4124 paucorum
3145 4065 3251 4119 est,
3299 4064 3354 4110 et
3414 4055 3449 4110 ii
3506 4072 3604 4126 per

2011 4153 2388 4227 generationes
2435 4159 2488 4204 et
2539 4148 2919 4220 generationes
2969 4148 3355 4217 reperiuntur,
3411 4152 3600 4222 gratim

2005 4249 2291 4312 beneficio,
2330 4254 2390 4299 ut
2435 4243 2626 4298 scribit
2671 4242 2790 4311 pius
2827 4241 2972 4296 Isaac
3013 4256 3028 4294 :
3075 4260 3094 4292 ι
3126 4241 3597 4308 Quemadmodum

2007 4343 2097 4398 vix
2153 4356 2221 4396 ex
2257 4338 2448 4393 decem
2508 4335 2790 4390 hominum
2854 4334 3094 4389 millibus
3133 4350 3273 4390 unus
3322 4336 3603 4392 invenitur

2007 4433 2104 4508 qui
2133 4430 2387 4488 mandata
2414 4428 2711 4497 adimpleat
2743 4435 2796 4480 et
2823 4425 2969 4496 leges
2995 4426 3156 4480 modo
3182 4427 3294 4482 fere
3334 4429 3598 4498 perlecto,

2005 4539 2061 4583 ct
2113 4525 2166 4579 in
2200 4523 2396 4579 animae
2437 4520 2729 4588 puritatem
2791 4517 3001 4582 tendat,
3041 4519 3110 4572 ita
3166 4535 3312 4574 unus
3353 4535 3419 4574 ex
3455 4522 3603 4576 mille

2006 4616 2306 4688 reperitur,
2339 4614 2430 4683 qui
2455 4613 2652 4682 dignus
2697 4610 2980 4680 judicatus
3027 4610 3100 4666 sit
3151 4613 3246 4681 qui
3304 4614 3602 4682 attingeret

337 4700 610 4771 φυλακῆς,
638 4702 718 4767 είς
749 4701 848 4775 τὴν
865 4703 1111 4772 καθαρὰν
1143 4703 1480 4772 προσευχὴν,
1505 4702 1600 4754 καὶ
1629 4700 1919 4772 διαρρῆξαι

2013 4724 2139 4763 cum
2194 4706 2361 4760 multa
2414 4703 2688 4766 custodia,
2749 4717 2940 4771 puram
2995 4704 3321 4767 orationem,
3369 4712 3422 4756 et
3457 4705 3602 4758 hunc

334 4792 525 4847 τοῦτον
554 4795 646 4849 τὸν
682 4795 828 4866 ὅρον,
881 4795 976 4848 καὶ¹
1006 4797 1192 4864 τυχεῖν
1219 4794 1429 4847 ἐκείνου
1459 4793 1554 4846 τοῦ
1593 4792 1919 4863 μυστηρίου.

337 4886 484 4938 Διότι
524 4886 708 4940 πολλοὶ
733 4887 833 4958 τῆς
856 4886 1104 4957 καθαρᾶς
1137 4885 1447 4957 προσευχῆς
1479 4884 1731 4955 οὐδαμῶς
1753 4882 1919 4954 ἠξιώ-

338 4977 536 5048 θησαν,
564 4978 680 5032 ἀλλ’
704 4979 900 5047 ὀλίγοι.
935 4979 1080 5050 Πρὸς
1102 5013 1105 5018 -
1129 4977 1186 5032 δὲ
1218 4977 1276 5030 τὺ
1308 4977 1610 5048 μυστήριον
1647 4975 1827 5027 ἐκεῖνο
1860 4973 1922 5028 τὸ

341 5072 461 5141 μετ’
489 5071 731 5142 ἐκείνην,
778 5073 875 5126 καὶ
913 5073 1112 5142 πέραν,
1144 5072 1173 5124 ὁ
1206 5069 1443 5140 φθάσας,
1478 5068 1635 5139 μόλις
1662 5064 1926 5137 εὑρίσκε-

334 5168 425 5207 ται
449 5157 611 5224 γενεᾷ
644 5157 739 5210 καὶ
763 5159 948 5229 γενεᾷ,
977 5162 1042 5230 τῇ
1073 5160 1256 5231 χάριτι
1287 5157 1384 5212 τοῦ
1429 5157 1692 5230 Χριστοῦ.
1730 5176 1749 5209 ι
1803 5155 1917 5211 και

337 5248 459 5318 μετ’
491 5247 649 5318 ὀλίγα
671 5261 688 5278 ·
742 5269 764 5303 ι
798 5235 919 5306 Καί
965 5251 1016 5305 ει
1050 5251 1191 5322 μετά
1220 5249 1593 5322 καθαρότητος
1647 5247 1801 5318 μόλις
1829 5265 1914 5311 τις

335 5341 720 5419 προσεύχεται,
759 5343 813 5397 τί
852 5345 1097 5414 εἴπωμεν
1157 5345 1288 5415 περὶ
1333 5343 1436 5415 τῆς
1495 5341 1918 5414 πνευματικῆςς

337 5435 496 5489 Πᾶσα
555 5436 612 5490 δὲ
669 5435 1018 5507 πνευματικὴ
1064 5439 1188 5491 κατ’
1239 5435 1402 5491 αὐτὸν
1445 5431 1602 5500 αὖθις
1652 5437 1921 5504 κινήσεως

313 5526 750 5599 ,ἠλευθέρωταιο
806 5528 900 5582 καὶ
954 5529 987 5599 ἡ
1037 5527 1303 5582 ,κλίνουσα
1361 5527 1609 5582 κάτωθέν
1660 5529 1779 5579 ἐστι
1820 5526 1922 5594 τῆς

340 5619 740 5688 πνευματικῆς.
779 5638 799 5673 ι
835 5620 1034 5691 Διόπερ
1061 5622 1156 5674 καὶ
1184 5621 1346 5685 αὐτὸς
1375 5621 1426 5674 εί
1460 5620 1642 5690 βούλει
1674 5617 1783 5671 τῶν
1810 5635 1922 5670 τοι-

341 5714 516 5768 ούτων
545 5716 749 5770 καινῶν
784 5716 1120 5787 μυστηρίων,
1156 5717 1303 5786 ἔργῳ
1331 5716 1424 5769 καὶ
1454 5715 1766 5786 πράγματι,
1803 5713 1922 5782 ἦτοι

341 5809 478 5879 αὐτῇ
513 5811 579 5880 τῇ
622 5810 806 5880 πείρα,
835 5810 892 5860 ὲν
922 5807 1143 5878 Χριστῷ
1187 5807 1363 5877 Ἰησοῦ
1385 5806 1812 5875 καταξιωθῆναι,
1864 5805 1924 5856 ὲν

343 5903 508 5954 παντὶ
535 5901 711 5974 καιρῷ
735 5903 830 5957 καὶ
857 5901 1003 5976 πάσῃ
1027 5900 1166 5972 ὥρᾳ,
1183 5901 1273 5953 καὶ
1299 5899 1532 5971 ἐργασίᾳ
1554 5915 1668 5954 σου.
1702 5896 1924 5963 ὲπείρου

2015 4796 2312 4854 terminum
2350 4794 2742 4866 perfrangeret,
2777 4800 2828 4847 et
2867 4791 3185 4863 mysterium
3226 4791 3358 4844 illud
3388 4785 3610 4850 obtine;

2011 4898 2117 4946 ret.
2156 4889 2287 4944 Ideo
2325 4903 2435 4942 non
2473 4886 2627 4940 nndti
2660 4883 2725 4938 ad
2765 4883 3024 4937 mundam
3069 4884 3378 4937 orationem
3411 4900 3602 4953 perve-

2010 4997 2164 5046 nere,
2226 4979 2322 5036 sed
2365 4979 2549 5047 pauci.
2602 4977 2707 5046 Qui
2761 4987 2941 5031 autem
2990 4977 3057 5031 ad
3097 4977 3413 5048 mysterium
3452 4979 3598 5048 quod

2008 5086 2130 5128 eam
2166 5070 2420 5141 sequitur
2448 5079 2503 5124 et
2554 5070 2693 5122 ultra
2748 5067 3013 5133 cucurrit,
3068 5067 3155 5121 vix
3213 5069 3485 5136 reperitur
3533 5067 3601 5123 de

2008 5165 2358 5237 generatione
2389 5162 2441 5216 in
2490 5162 2926 5232 generationem,
2986 5159 3192 5214 Christi
3234 5143 3432 5229 gratia.
3479 5179 3498 5212 ι
3534 5159 3600 5214 Ει

2007 5254 2172 5325 paulo
2202 5263 2324 5324 post
2357 5269 2371 5305 :
2417 5270 2436 5303 ι
2483 5251 2548 5306 Ει
2577 5252 2620 5305 si
2653 5252 2741 5304 vix
2775 5251 2978 5320 aliquis
3008 5265 3131 5304 cum
3192 5251 3429 5319 puritate
3455 5262 3599 5321 orat,

2008 5345 2140 5416 quid
2196 5344 2448 5399 dicemus
2472 5344 2539 5398 de
2564 5341 2835 5413 Spirituali
2866 5341 3155 5396 oratione?
3177 5327 3370 5397 Omnis
3413 5352 3596 5397 autem

2007 5436 2310 5506 Spiritnalis
2344 5437 2524 5490 oratio
2556 5445 2703 5489 motu
2740 5435 2911 5488 libera
2942 5443 3044 5488 est.
3077 5433 3142 5488 Et
3171 5451 3292 5502 qua:
3317 5438 3596 5506 paululum

2007 5531 2208 5600 vergit,
2242 5529 2380 5584 infra
2409 5529 2750 5599 spiritualem
2784 5539 2888 5582 est.
2934 5547 2952 5579 ι
2993 5527 3181 5599 Itaque
3210 5529 3258 5584 si
3299 5527 3418 5598 ipse
3469 5531 3597 5583 tali-

2007 5625 2111 5679 bus
2143 5623 2296 5677 novis
2341 5621 2620 5690 mysteriis
2653 5622 2704 5673 in
2751 5619 2972 5674 Christo
3022 5621 3222 5690 dignus
3258 5635 3380 5676 esse
3437 5623 3595 5687 velis,

2005 5731 2169 5785 Opere
2201 5725 2257 5768 ct
2300 5727 2379 5779 re,
2410 5713 2524 5782 ipsa
2559 5729 2750 5781 uetnpc
2785 5713 3150 5780 experientia,
3175 5713 3322 5766 omni
3351 5722 3596 5782 tempote

2006 5818 2060 5862 ct
2089 5807 2238 5861 omni
2275 5806 2406 5859 hora
2436 5819 2488 5858 et
2535 5807 2588 5859 in
2637 5791 2804 5858 omni
2829 5807 3149 5872 οιιυιςιιίοιιο
3185 5815 3299 5870 tua,
3333 5822 3492 5859 orare
3538 5809 3592 5860 in

2005 5899 2170 5952 corde
2219 5896 2438 5963 chtina,
2478 5911 2615 5964 pure
2665 5906 2718 5951 et
2778 5911 2885 5950 non
2935 5898 3350 5962 disttactc;'ut
3390 5896 3473 5954 sic
3524 5915 3590 5954 ex

3632 5763 3662 5780 α
