4076 6430
529 280 636 345 ⁸111
1373 283 1714 346 CALLISTI
1761 282 1855 342 ΕΤ
1902 281 2108 344 IGNA']

2263 283 2947 347 XANTIIOI‘ULORUEI
3684 283 3788 349 712

530 402 740 457 infante
771 405 998 458 lactente
1031 406 1095 458 ad
1142 405 1319 458 virum
1362 413 1662 474 pr-rlectutn
1725 413 2100 474 pervcmas.in

2214 404 2524 472 7:90;.0é3at
2557 403 2637 464 είς
2659 402 2720 453 τδ
2750 399 3151 471 προσεύχεσθαι
3184 405 3240 455 ἐν
3274 398 3490 470 καρδίᾳ,
3536 397 3792 465 καθαιρεῖς

529 502 846 543 mensuram
876 492 1053 546 aetatis
1084 491 1440 560 plenitudinis
1469 495 1700 561 Christi,
1734 509 1788 554 ct
1815 515 1938 554 cum
1969 502 2111 555 ﬁdeli

526 594 592 633 ac
612 580 872 649 prudenti
902 597 1060 636 servo
1085 584 1478 641 beatitudinem
1510 596 1565 643 et
1621 606 1882 644 coronam
1914 610 2110 648 consc-

526 673 739 740 qaaris,
766 683 823 726 ttt
846 673 1091 744 dirigens
1122 678 1174 730 in
1197 676 1408 746 judicio
1454 694 1738 736 s~rmones
1774 691 1918 746 tuos;
1965 701 2117 739 nem-

531 779 595 830 pe
622 765 924 818 secundum
974 769 1244 822 rationem
1291 785 1478 838 agens,
1546 774 1690 827 unde
1746 791 1852 828 non
1905 791 2116 845 pertur-

531 856 676 911 beris
741 857 794 910 in
859 861 1146 924 saeculum,
1205 865 1666 928 quemadmodum
1708 867 1773 920 de
1816 884 1882 920 eo
1925 870 2114 924 scribit

528 959 755 1004 sanctus
789 949 1096 1016 Philemon,
1149 953 1224 1006 ita
1252 969 1268 1009 :
1300 971 1318 1004 ι
1357 953 1566 1022 Frater,
1620 958 1736 1012 sive
1788 970 1968 1024 nocte,
1997 962 2112 1017 sive

527 1040 636 1102 die,
665 1041 922 1108 dignalus
949 1043 1054 1096 erit
1088 1055 1139 1098 te
1181 1045 1320 1099 Deus
1343 1060 1501 1100 orare
1532 1058 1714 1102 mente
1735 1064 1868 1117 pttt‘a
1907 1052 2117 1121 absque

527 1131 910 1196 distractione,
939 1149 1005 1187 no
1031 1137 1262 1204 propria:
1305 1147 1412 1192 tuze
1437 1140 1635 1208 regulae
1668 1142 1990 1208 adltmrcas;
2018 1146 2114 1200 sed

527 1233 791 1290 quantum
818 1225 912 1277 tibi
951 1225 1156 1292 licebit,
1193 1228 1363 1284 nitere
1393 1246 1518 1284 cum
1553 1231 1662 1287 Deo
1695 1233 1840 1288 uniri
1871 1253 1886 1301 ;
1923 1246 1976 1290 et
2001 1239 2116 1307 ipse

527 1329 624 1368 cor
653 1324 806 1370 tuum
850 1318 1176 1374 illuminabit
1218 1321 1286 1375 de
1353 1324 1605 1378 oratione
1637 1327 1928 1395 spirituali.
1978 1347 1998 1381 ›
2050 1331 2116 1386 Ει

526 1407 749 1475 quidam
771 1425 835 1462 ex
852 1413 1056 1466 sanctis
1087 1428 1101 1465 :
1139 1431 1157 1464 t
1188 1412 1242 1468 Si
1269 1417 1348 1469 vis
1372 1418 1424 1469 itt
1461 1431 1692 1487 corpore
1713 1430 1968 1490 tanquant
1996 1424 2115 1478 sine

525 1510 757 1566 corpore
786 1498 891 1554 Deo
918 1503 1146 1568 servire,
1185 1504 1591 1560 ittdesiuente'n
1639 1511 1944 1565 orationem
1993 1527 2118 1582 pos-

527 1587 643 1642 side
667 1601 876 1644 secreto
896 1593 946 1645 in
977 1593 1140 1648 corde
1167 1603 1283 1658 tuo,
1311 1608 1368 1652 et
1397 1607 1527 1653 ante
1554 1610 1784 1656 mortem
1812 1602 1904 1657 [iet
1933 1605 2112 1660 anima

527 1691 620 1735 tua
647 1684 803 1752 quasi
837 1687 1082 1752 angelus.
1115 1704 1134 1737 ι
1173 1687 1244 1742 lis
1281 1701 1647 1747 consvntanea
1673 1697 1863 1752 scribit
1892 1709 2114 1754 sanctus

527 1775 693 1829 lsaar.
723 1773 1094 1846 Interrogatus
1136 1779 1280 1834 cnim
1319 1785 1387 1836 ab
1429 1783 1613 1852 aliquo
1667 1789 1940 1856 quodnam
1969 1801 2114 1847 esset

527 1867 910 1921 uoivcrsnrutn
966 1869 1129 1937 hujus
1185 1873 1365 1941 operis
1413 1875 1754 1944 profecturum
1810 1851 2166 1950 summum,l

524 1960 936 2030 tranquillitatis
960 1978 1175 2032 nempe,
1203 1963 1278 2018 ita
1306 1976 1366 2020 ut
1412 1964 1559 2038 [quis
1604 1972 1668 2024 ad
1703 1971 1754 2025 id
1793 1975 2114 2042 perveniens

525 2053 735 2106 sciatse
753 2053 877 2108 vitae
900 2053 1288 2124 perfectionem
1315 2058 1572 2128 adeptum
1605 2077 1747 2127 esse,
1781 2068 2064 2135 rcSpondit
2098 2085 2112 2123 :

528 2164 546 2195 ι
573 2145 831 2218 Quando]
856 2147 980 2217 quis
1012 2147 1212 2219 dignus
1233 2153 1412 2207 factus
1437 2163 1522 2209 est
1545 2157 1804 2211 continua
1833 2163 2112 2228 oratum;

525 2247 818 2305 postquam
842 2241 987 2296 enim
1022 2241 1071 2296 id
1099 2245 1363 2313 aztigerit.
1394 2246 1638 2300 omnium
1668 2248 1931 2305 \il'llllulil
1966 2268 2114 2306 sum-

525 2344 667 2382 mani
690 2330 896 2399 attigit,
923 2348 986 2384 ac
1023 2332 1278 2403 deinceps
1305 2333 1544 2404 Spiritus
1566 2341 1740 2393 sancti
1768 2343 2109 2400 domicilium

523 2420 701 2475 factus
730 2434 833 2478 est.
867 2423 923 2477 Si
955 2425 1080 2493 quis
1107 2426 1248 2478 enim
1289 2429 1520 2496 gratiam
1553 2428 1815 2486 Par-acleti
1848 2449 1953 2487 non
1987 2451 2111 2506 pcr-

527 2517 662 2569 t'ecte
685 2525 972 2570 amoenius
994 2517 1081 2579 sit,
1104 2519 1370 2575 orationis
1403 2525 1864 2588 perseverantiam
1885 2542 1990 2581 non
2018 2544 2086 2596 po

522 2613 624 2658 test
650 2604 702 2657 in
727 2607 840 2658 otio
862 2607 1139 2675 perlicere.
1170 2627 1188 2660 ι
1227 2609 1464 2680 Spiritus
1493 2613 1664 2681 enim,
1688 2615 1885 2685 inquit.
1904 2633 2026 2672 cum
2055 2621 2110 2676 in

524 2702 640 2753 viro
660 2701 896 2768 quodam
919 2699 1146 2765 habitat,
1167 2718 1272 2756 non
1292 2713 1473 2758 cessat
1490 2720 1670 2761 orare.
1696 2706 1812 2778 Ipse
1831 2712 1976 2766 enim
1997 2715 2108 2783 spi-

525 2788 662 2843 ritus
697 2805 913 2858 semper
936 2800 1080 2844 orat.
1113 2791 1264 2845 'l'unc
1300 2809 1476 2864 neque
1514 2796 1566 2850 iu
1604 2812 1821 2866 somno,
1853 2817 2030 2872 neque
2055 2805 2107 2860 itt

523 2881 729 2950 vigilia,
756 2881 930 2935 oratio
954 2897 1016 2935 ex
1041 2883 1159 2952 ejus
1181 2885 1357 2939 anima
1376 2887 1594 2956 deﬁcit;
1623 2891 1717 2944 sed
1739 2891 1853 2946 sive
1881 2898 2110 2950 mandu-

520 2983 628 3037 cet,
661 2974 775 3026 sive
810 2974 981 3039 bibat,
1013 2974 1130 3030 sive
1158 2977 1418 3046 dormiat,
1451 2981 1564 3035 sive
1595 2982 1724 3052 quid
1749 2983 1895 3040 aliud
1923 2987 2104 3056 faciat,

519 3075 683 3130 atque
713 3065 878 3119 etiam
905 3067 956 3119 in
983 3069 1254 3135 prolundo
1281 3085 1496 3135 somno,
1519 3076 1703 3132 suavis
1727 3077 1866 3134 odor
1883 3090 1933 3133 et
1963 3081 2106 3136 bali-

2209 489 2301 540 καὶ
2335 488 2765 558 άρῤεμϐάστως·
2794 489 2861 540 ἶν’
2893 487 3086 552 οὕτως,
3116 491 3189 551 ὡς
3212 490 3279 543 ἐκ
3310 491 3506 560 νηπίου
3525 490 3787 559 θηλάζονο

2207 593 2319 643 τος,
2353 577 2634 650 προκόψῃς
2665 579 2744 640 εἰς
2770 577 2937 646 ἄνδρα
2968 577 3172 630 τέλειον
3194 593 3207 606 ο
3235 579 3314 638 εἰς
3349 578 3546 647 μέτρον
3572 578 3787 647 ἡλικίας

2206 671 2301 724 to?)
2338 670 2707 739 πληρώματος
2741 671 2832 723 τοῦ
2871 671 3130 741 Χριστοῦ,
3162 672 3254 723 καὶ
3291 671 3428 740 μετὰ
3464 670 3556 722 τοῦ
3593 671 3785 723 πιστοῦ

2205 762 2492 831 οίκονόμου
2528 763 2622 815 καὶ
2683 763 2968 832 φρονίμου,
3019 762 3112 814 τοῦ
3155 763 3510 832 μακαρισμοῦ
3569 765 3662 815 καὶ
3689 763 3786 831 τῆς

2205 854 2563 923 ἀναρρήσεως
2599 853 2878 924 ἐπιτύχῃς,
2914 852 2990 915 ὡς
3027 853 3326 922 οἰκονομῶν
3359 855 3415 904 ὲν
3447 855 3629 924 κρίσει
3662 855 3785 916 τοὺς

2208 947 2334 1007 σοὺς
2358 946 2549 1014 λόγους
2569 964 2584 978 ο
2617 946 2785 1016 ἤγουν
2835 947 2978 997 κατᾶ
3005 945 3164 1012 λόγον
3196 946 3634 1016 πολιτευόμενος,
3665 948 3786 999 ὅθεν

2206 1040 2300 1094 καὶ
2330 1041 2389 1093 ού
2423 1040 2730 1110 σαλευθήσῃ
2769 1041 2849 1102 είς
2881 1039 2974 1092 τὸν
3005 1038 3201 1104 αἰῶνα,
3231 1037 3414 1101 καθὼς
3435 1039 3565 1107 περὶ
3594 1037 3796 1111 τούτουΔ

2205 1135 2409 1206 γράφει
2437 1135 2464 1187 ὁ
2495 1133 2648 1199 ἅγιος
2679 1133 2952 1202 Φιλήμων,
2985 1131 3159 1193 οὕτως
3181 1148 3244 1189 ’,ι
3291 1131 3534 1198 Ἀδελφὲ,
3568 1133 3678 1184 εἴτε
3727 1134 3786 1185 ὲν

2206 1229 2385 1291 νυκτὶ,
2436 1227 2546 1279 εἴτε
2583 1227 2879 1295 ὲνημέρα,
2931 1223 3152 1290 ἀξιώσει
3190 1242 3248 1277 σε
3298 1226 3326 1277 ὁ
3364 1225 3496 1288 Θεὸς
3529 1225 3785 1294 καθαρῶς

2205 1320 2285 1390 τῷ
2309 1319 2389 1372 νοῒ
2423 1317 2826 1390 προσεύξασθαι
2857 1318 3304 1387 ἀπερισπάστως.
3329 1316 3404 1386 μὴ
3437 1317 3681 1388 πρόσχῃς
3705 1317 3784 1387 τῷ

2209 1411 2325 1482 ίδίῳ
2353 1413 2537 1465 κανόνι
2564 1428 2577 1442 ⁸
2605 1411 2720 1464 ἀλλ’
2745 1411 2843 1480 ὅση
2870 1428 2952 1463 σοι
2978 1409 3207 1479 δύναμις
3231 1409 3544 1464 ὲπεκτείνου
3568 1409 3645 1480 τῷ
3667 1409 3784 1479 Θεῷ

2205 1503 2546 1574 κολλώμενος
2579 1521 2594 1535 ·
2653 1504 2747 1556 καὶ
2781 1503 2943 1566 αὐτὸς
2990 1503 3216 1571 φωτίζει
3262 1501 3361 1572 τὴν
3406 1502 3633 1573 καρδίαν
3690 1520 3783 1555 σου

2205 1597 2334 1666 περὶ
2350 1595 2612 1666 ἐργασίας
2636 1595 3034 1665 πνευματικῆς.
3064 1615 3082 1647 ο
3107 1595 3214 1649 Καί
3233 1612 3319 1658 τις
3346 1594 3454 1647 τῶν
3477 1595 3748 1662 θεοσόςων
3768 1610 3781 1623 ·

2211 1708 2232 1742 ι
2271 1692 2330 1744 El
2358 1690 2534 1753 θέλεις
2561 1693 2618 1743 ὲν
2643 1690 2854 1758 σώματι
2877 1690 2952 1753 ὡς
2969 1689 3261 1760 ἀσώματος
3283 1689 3402 1760 Θεῷ
3429 1689 3784 1762 λειτουργεῖν,

2207 1782 2370 1852 εύχὴν
2429 1781 2776 1838 ἀδιάλειπτον
2833 1781 3029 1850 κτῆσαι
3095 1779 3355 1850 κρυπτῶς
3387 1781 3444 1833 ὲν
3495 1783 3562 1850 τῇ
3593 1779 3788 1850 καρδίᾳ

2207 1891 2322 1935 σου,
2359 1873 2456 1927 καὶ
2485 1874 2696 1940 γίνεται
2735 1872 2839 1942 πρὸ
2870 1872 3158 1941 θανάτουή
3191 1873 3338 1944 ψυχή
3368 1890 3480 1938 σου,
3524 1874 3599 1933 ὡς
3623 1874 3788 1942 ἄγγε-

2203 1966 2314 2029 λος.
2351 1986 2369 2018 ι
2401 1969 2626 2030 Τούτοις
2662 1966 2958 2036 συνᾴδοντα
2985 1967 3185 2036 γράφει
3210 1968 3304 2020 καὶ
3343 1969 3370 2021 ὁ
3394 1966 3548 2036 ἅγιος
3577 1967 3786 2022 Ἰσαάκ.

2217 2057 2548 2128 Ἐρωτηθεὶς
2599 2057 2708 2128 γὰρ
2751 2059 2902 2126 παρά
2934 2074 3098 2120 τινος,
3126 2057 3178 2110 τί
3205 2059 3320 2111 ἐστι
3353 2058 3415 2110 τὸ
3439 2058 3789 2128 περιεκτικὺν

2204 2147 2312 2200 τῶν
2343 2148 2528 2200 κόπων
2560 2147 2697 2200 ὅλων
2726 2146 2818 2200 τοῦ
2855 2149 3016 2218 ἔργου
3049 2147 3264 2214 τούτου,
3297 2147 3500 2217 δηλαδὴ
3532 2149 3630 2217 τῆς
3657 2150 3790 2218 ἠσυ-

2205 2243 2350 2310 χίας,
2375 2242 2462 2294 ἵνα
2503 2259 2586 2305 τις
2609 2241 2953 2311 καταντήσας
2995 2243 3076 2304 εἰς
3103 2240 3254 2305 αὐτὸ,
3295 2240 3441 2314 μάθῃ
3464 2243 3545 2294 ὅτι
3570 2241 3669 2312 τὴν
3699 2258 3788 2294 τε-

2205 2332 2458 2400 λειότητα
2487 2333 2588 2400 τῆς
2644 2332 2921 2396 πολιτείας
2985 2332 3240 2402 ἔφθασεν,
3292 2332 3567 2403 ἀπεκρίθη
3592 2332 3784 2396 οὖτωςο

2218 2445 2235 2478 ι
2278 2426 2446 2478 Ὅταν
2475 2425 2681 2496 ἀξιωθῇ
2736 2443 2820 2488 τις
2873 2427 2972 2496 τῆς
3000 2425 3263 2495 διαμονῆς
3300 2424 3399 2493 τῆς
3443 2425 3785 2494 προσευχῆς⁶

2205 2515 2334 2570 ὅταν
2363 2517 2466 2585 γὰρ
2502 2517 2687 2588 φθάσῃ
2716 2517 2943 2588 ταύτην,
2981 2517 3117 2585 πρὸς
3143 2517 3240 2588 τὴν
3263 2516 3441 2587 ἄκραν
3467 2517 3658 2570 πασῶν
3681 2516 3790 2568 τῶν

2208 2608 2419 2678 ἀρετῶν
2455 2607 2684 2675 ἔφθασε,
2741 2609 2838 2662 καὶ
2875 2607 3188 2673 του).οιποῦ,
3243 2611 3664 2679 κατοικητήριον
3695 2609 3787 2664 τοῦ

2206 2699 2364 2768 ἁγίου
2409 2699 2728 2768 Πνεύματος
2771 2700 3012 2768 ἐγένετο.
3079 2700 3208 2752 Ἐὰν
3251 2700 3359 2771 γάρ
3381 2718 3465 2764 τις
3504 2701 3600 2772 τὴν
3632 2701 3788 2771 χάριν

2207 2792 2302 2844 τοῦ
2337 2793 2698 2864 Παρακλήτου
2732 2792 2974 2858 ἀκριὸῶς
3001 2791 3102 2845 ούκ
3132 2792 3372 2856 ἐδέξατο,
3394 2793 3493 2862 τὴν
3531 2793 3788 2862 διαμονὴν

2207 2887 2412 2956 ταύτης
2445 2887 2545 2954 τῆς
2599 2887 2913 2956 προσευχῆς
2950 2885 3239 2939 τελειῶσαι
3289 2887 3349 2939 ἐν
3383 2886 3563 2938 ἀνέσει
3592 2886 3653 2937 ού
3697 2884 3787 2937 δύ-

2209 2997 2388 3032 ναται.
2423 2980 2496 3031 Τὸ
2533 2978 2642 3046 γὰρ
2701 2979 2946 3047 Πνεῦμα,
2973 2977 3164 3047 φησὶν,
3226 2979 3354 3031 ὅταν
3409 2979 3711 3048 κατοικήσῃ
3733 2977 3789 3029 ἐν

2208 3091 2314 3126 τινι
2342 3072 2446 3124 τῶν
2473 3071 2800 3142 ἀνθρώπιον,
2833 3071 2892 3124 οὔ
2955 3069 3188 3123 παύεται
3221 3071 3286 3123 ὲκ
3309 3070 3409 3139 τῆς
3455 3069 3786 3139 προσευχῆς.

518 3166 606 3210 tus
626 3157 889 3212 orationis
910 3169 1206 3228 erumpunt
1239 3162 1445 3232 absque
1465 3164 1669 3235 labore;
1694 3179 1744 3223 et
1773 3181 1903 3227 tunc
1927 3176 2104 3230 oratio

2211 3163 2354 3218 Λύτδ
2385 3164 2490 3233 γὰρ
2511 3163 2572 3216 τὸ
2603 3162 2828 3232 Πνεῦμα
2866 3161 2955 3216 ἀεὶ
2979 3161 3364 3232 προσεύχεται.
3400 3161 3554 3225 Τότε,
3586 3160 3707 3214 οὗτε
3731 3161 3790 3213 ἐν

519 3249 843 3303 divisionem
877 3264 986 3304 non
1021 3252 1219 3318 habet;
1244 3256 1338 3309 sed
1361 3257 1618 3314 omnibus
1677 3260 1849 3329 horis,
1890 3266 2105 3322 etiamsi

518 3339 780 3408 taliscjus
798 3342 974 3394 oratio
999 3345 1291 3414 tranquilla
1317 3346 1664 3414 sitexterius,
1691 3355 1783 3406 sed
1809 3372 2028 3411 rursum
2050 3360 2104 3414 in

518 3433 760 3484 coservit
780 3434 1118 3489 abscondite.
1140 3435 1426 3494 Sdenttum
1450 3443 1594 3494 enim
1615 3446 1964 3515 mundorum,
1983 3465 2108 3504 ora-

521 3522 723 3575 tionem
746 3535 902 3578 vocat
923 3528 1141 3594 quidam
1164 3544 1386 3586 sanctus
1407 3549 1422 3598 ;
1447 3537 1708 3603 quoniam
1741 3554 1932 3595 eorum
1957 3543 2108 3613 cogi-

521 3613 759 3668 tationes
788 3618 1006 3684 quidaut
1065 3621 1235 3676 divini
1269 3635 1453 3686 motus
1475 3638 1643 3697 sunt;
1679 3641 1862 3690 motus
1923 3645 2104 3693 autem

521 3706 708 3759 mutuli
733 3710 915 3764 cordis
966 3719 1019 3764 et
1043 3714 1264 3780 mentis,
1295 3717 1482 3773 dulces
1511 3734 1672 3776 voces
1727 3734 1876 3791 sunt,
1908 3729 2106 3797 quibus

515 3801 654 3847 ctam
679 3797 1000 3855 abscondito
1027 3801 1137 3857 Deo
1163 3805 1421 3874 psallunt.
1461 3827 1479 3860 ι
1517 3809 1583 3863 Et
1609 3813 1700 3868 alii
1735 3817 1890 3872 tnttlti
1926 3821 2104 3876 sancti

519 3888 641 3946 \‘iri.
672 3891 850 3944 divina
892 3895 1003 3961 ipsa
1041 3899 1210 3958 gratia
1246 3899 1465 3967 initiati,
1509 3905 1638 3958 talia
1709 3911 1878 3964 multa
1931 3913 2103 3967 admi-

517 3983 732 4036 ratione
765 3984 926 4053 digna
953 3988 1213 4055 edidere;
1251 4009 1372 4061 qua:
1423 4012 1519 4051 nos
1558 4009 1778 4068 propttr
1831 4005 2102 4062 sermonis

517 4072 910 4141 longitudinem
945 4082 1267 4138 omittimus.

2208 3257 2285 3327 τῷ
2311 3255 2595 3310 καθεύδειν
2616 3254 2799 3321 αὐτὸν,
2833 3254 2958 3308 οὔτε
2990 3259 3049 3308 ὲν
3073 3254 3422 3325 ὲγρηγόρσει,
3452 3253 3486 3323 ἡ
3513 3252 3788 3325 προσευχὴ

2208 3351 2274 3404 ὲκ
2303 3349 2404 3418 τῆς
2432 3348 2612 3418 ψυχῆς
2645 3347 2812 3401 αύτοῦ
2861 3349 3160 3401 κόπτεται·
3200 3346 3315 3401 ἀλλ’
3363 3346 3459 3400 ἐάν
3487 3347 3663 3418 ἐσθίῃ,
3699 3346 3792 3400 καὶ

2211 3440 2308 3493 ἐὰν
2339 3443 2492 3511 πίνῃ,
2527 3441 2620 3492 καὶ
2655 3440 2750 3492 ἐὰν
2781 3442 3064 3510 κοιμᾶται,
3101 3441 3194 3492 καὶ
3231 3439 3326 3493 ὲάν
3355 3456 3406 3492 τι
3442 3437 3791 3512 πράττῃ,καὶ

2213 3527 2316 3592 ἕως
2349 3532 2406 3582 ὲν
2443 3530 2599 3601 βαθεῖ
2657 3519 2831 3601 ὕπνῳ,
2884 3531 2940 3583 αἱ
2995 3530 3236 3594 εύωδίαι,
3281 3529 3374 3582 καὶ
3427 3530 3666 3600 οἱᾶτμοὶ
3694 3528 3790 3598 τῆς

2212 3622 2523 3692 προσευχῆς
2566 3623 2626 3674 ἐν
2675 3625 2741 3692 τῇ
2799 3621 2996 3692 καρδίᾳ
3053 3619 3220 3674 αὐτοῦ
3276 3619 3630 3684 ἀναδίδονται,
3661 3619 3788 3674 ἄνευ

2211 3713 2413 3766 κόπου·
2471 3714 2566 3768 καὶ
2609 3716 2888 3785 χωρισμὸν
2927 3714 3048 3768 τότε
3106 3715 3138 3784 ἡ
3173 3714 3450 3786 προσευχὴ
3480 3715 3579 3768 οὐκ
3635 3713 3788 3784 ἔχει’

2212 3805 2350 3859 ἀλλὰ
2401 3807 2584 3870 πάσας
2623 3807 2723 3871 τὰς
2773 3806 2921 3878 ῶρας
2954 3807 3144 3869 αὐτοῦ,
3175 3807 3277 3860 κᾶν
3314 3807 3564 3878 ἡσυχάσῃ
3594 3806 3791 3874 ἔξωθεν

2211 3897 2376 3950 αὐτοῦ
2411 3900 2442 3968 ἠ
2470 3898 2716 3967 τοιαύτη,
2757 3897 2873 3951 ἀλλ’
2910 3897 3004 3951 οὖν
3059 3897 3224 3952 πάλιν
3253 3900 3287 3969 ἠ
3318 3899 3456 3968 αὑτὴ
3490 3898 3794 3969 λειτουργεί

2211 3990 2269 4043 ἐν
2305 3989 2453 4060 αὐτῷ
2505 3989 2786 4060 κρυπτῶς.
2836 3989 2948 4060 Τὴν
2983 3989 3192 4062 σιωπὴν
3223 3991 3332 4062 γὰρ
3376 3991 3483 4044 τῶν
3517 3990 3789 4062 καθαρῶν,

513 4181 772 4250 ὶογισμοὶ
808 4181 1009 4246 αὐτῶν,
1053 4183 1195 4236 θεῖαι
1243 4187 1491 4254 κινήσεις
1532 4185 1670 4239 είσίν
1701 4201 1718 4220 ο
1765 4187 1822 4241 ai
1861 4189 2110 4258 κινήσεις
2136 4186 2194 4241 δὲ
2227 4189 2329 4260 τῆς
2360 4188 2613 4258 καθαρᾶς
2648 4185 2897 4257 καρδίας,
2941 4189 3034 4241 καὶ
3061 4187 3323 4250 διανοίας,
3355 4183 3532 4253 φωναὶ
3563 4176 3782 4287 «pa-51:11

513 4281 673 4338 εἰσιν.
719 4279 778 4331 ὲν
803 4272 884 4340 αἶς
915 4279 1176 4346 κρυπτῶς
1206 4280 1282 4348 τῷ
1323 4281 1557 4352 κρυπτῷ
1597 4282 1891 4350 ψάλλουσι.
1929 4303 1946 4335 ι
1987 4286 2096 4338 Καὶ
2123 4285 2275 4340 ἄλλοι
2323 4286 2380 4339 δὲ
2409 4286 2598 4338 πολλοὶ
2633 4283 2744 4338 τῶν
2791 4284 3096 4355 θεοφόρων,
3126 4284 3190 4338 ὲκ
3222 4284 3320 4352 τῆς
3351 4283 3579 4351 χάριτος
3609 4276 3780 4380 αξτῆς

515 4373 679 4441 πείρᾳ
715 4375 1314 4442 μεμυσταγωγημένοι,
1348 4376 1578 4431 τοιαῦτα
1619 4378 1851 4430 πλιῖστα
1893 4378 2176 4446 θαύματος
2209 4380 2335 4447 ἄξια
2392 4378 2643 4445 ἐξέθεντο
2676 4393 2688 4408 ·
2725 4376 2870 4448 ἅπερ
2909 4377 3004 4430 καὶ
3057 4377 3145 4429 διὰ
3179 4374 3239 4428 τδ
3276 4373 3372 4428 τοῦ
3403 4373 3565 4442 λόγου
3605 4373 3781 4440 μῆκος

513 4468 801 4534 είάσαμεν.

513 4567 584 4616 ωε
616 4573 833 4612 numero
863 4556 1283 4626 genuﬂnmionum
1320 4573 1410 4623 per
1443 4561 1672 4628 spitium
1717 4562 1874 4614 unius
1925 4563 2092 4615 noctis

1201 4634 1425 4698 dicique.

590 4757 678 4809 59.
726 4755 798 4810 De
854 4770 1090 4810 numero
1155 4765 1336 4810 autent
1396 4756 1857 4827 genullexionum,
1894 4761 2099 4818 scimus

513 4850 734 4923 lnigiuia
769 4864 799 4902 a
831 4849 1033 4903 divinis
1093 4849 1342 4902 l‘atribus
1394 4867 1512 4904 esse
1547 4853 1915 4923 pra-scriptas,
1964 4871 2100 4923 quas

513 4958 608 5008 per
668 4921 845 4995 noctis
896 4940 1395 5011 dieique.spatittm
1453 4945 1698 5013 quinque
1745 4947 2099 5001 hebdoutadzc

511 5033 706 5086 dcbus
738 5032 914 5086 facere
965 5049 1062 5087 nos
1099 5045 1334 5101 Oportet.
1387 5034 1602 5088 Etcniu
1661 5038 1811 5091 omni
1861 5039 2099 5094 Sabbato

511 5133 566 5176 ct
597 5124 745 5176 onmi
781 5124 1084 5191 Dominica,
1115 5134 1169 5178 et
1201 5129 1364 5180 etiazn
1425 5129 1550 5182 aliis
1582 5145 1648 5183 ex
1699 5120 2100 5186 consuetudine

514 5215 748 5285 signatis
795 5217 990 5270 diebus
1023 5228 1076 5271 et
1115 5219 1493 5284 hebdomadis,
1541 5221 1694 5290 juxta
1764 5225 1986 5294 mystica
2049 5237 2104 5281 et

514 5323 710 5361 acaua
743 5309 989 5374 oracula,
1029 5318 1089 5363 ut
1124 5310 1192 5363 ab
1223 5311 1288 5363 iis
1322 5312 1700 5369 abstineamus
1736 5318 1894 5371 nobis
1951 5333 2098 5386 prce-

512 5401 735 5467 ιψῑιιιι·.
777 5401 917 5453 Sunt
948 5410 1129 5454 autem
1179 5403 1272 5471 qui
1331 5403 1478 5458 hunc
1531 5423 1815 5460 numerum
1873 5419 2101 5478 prmler-

512 5491 856 5559 grediuntur.
891 5490 1126 5557 Quidam
1156 5510 1282 5547 vero
1310 5511 1433 5548 eum
1469 5513 1575 5550 non
1600 5501 1895 5568 attingunt,
1933 5517 2100 5555 unus-

511 5586 742 5652 quisque
775 5599 875 5652 pro
907 5583 1120 5638 viribus
1149 5596 1201 5637 et
1242 5585 1538 5642 voluntate.
1577 5589 1641 5642 Et
1672 5603 1726 5643 tu
1772 5593 1936 5661 igitur
1994 5597 2100 5659 lac,

513 5682 675 5738 prout
711 5675 935 5729 valebis.
978 5676 1082 5731 Sed
1114 5686 1298 5731 tamen
1357 5694 1486 5734 Vere
1536 5682 1729 5737 beatus
1781 5696 1864 5739 est
1903 5686 1995 5755 qui
2046 5689 2098 5741 iit

513 5761 770 5819 outiribus
803 5779 924 5836 qua:
954 5764 1258 5824 secundum
1293 5768 1462 5827 Deum
1497 5783 1628 5828 sunt
1661 5776 1762 5832 sibi
1807 5777 1910 5834 \lttt
1946 5781 2096 5835 intu-

2205 4571 2344 4638 Περὶ
2384 4571 2491 4640 τῆς
2541 4570 2693 4626 κατὰ
2737 4571 2804 4626 τὸ
2860 4566 3242 4648 νυχᾷήμςίον
3300 4557 3636 4626 ποσότητος
3665 4555 3784 4609 τῶν

2773 4641 3199 4712 γονυκλισιῶν.

2273 4774 2370 4830 λθ’.
2407 4775 2540 4846 Περὶ
2567 4775 2623 4828 δέ
2657 4791 2718 4842 γε
2771 4773 3071 4843 ποσότητος
3118 4769 3476 4840 γονυκλισιῶν
3503 4804 3518 4831 ,
3560 4780 3782 4835 τριακο-

2205 4869 2326 4932 σίας
2353 4869 2511 4938 ἴσμεν
2537 4870 2612 4938 τῷ
2632 4867 2870 4939 ἀριθμῷ,
2897 4867 2996 4929 τὰς
3022 4869 3134 4928 τοῖς
3161 4866 3324 4926 θείοις
3352 4863 3512 4934 ήμῶν
3541 4859 3784 4928 Πατράσι

2202 4961 2590 5031 διωρισμένας,
2632 4961 2696 5022 ἃς
2731 4962 2825 5013 καὶ
2854 4959 3144 5026 ὀφείλομεν
3192 4957 3364 5007 ποιεῖν
3397 4953 3518 5005 καθ’
3553 4951 3780 5003 ἕκαστον

2205 5055 2548 5124 νυχθήμερον
2603 5053 2712 5106 τῶν
2744 5053 2843 5122 τῆς
2881 5049 3177 5118 ἑϐδομάδος
3214 5047 3377 5100 πέντε
3407 5043 3630 5116 ἡμερῶν
3650 5059 3662 5071 ·
3691 5040 3786 5094 καὶ

2205 5148 2314 5220 γάρ
2343 5151 2399 5202 ὲν
2431 5147 2594 5202 παντὶ
2617 5147 2902 5217 Σαϐϐάτῳ,
2935 5145 3031 5198 καὶ
3064 5143 3216 5216 πάσῃ
3255 5143 3533 5212 Κυριακῇ,
3564 5138 3652 5192 ναὶ
3681 5135 3785 5207 μὴν

2206 5245 2301 5296 καὶ
2331 5244 2387 5294 ἐν
2405 5242 2594 5304 ἄλλαις
2619 5241 2679 5306 ἐξ
2707 5241 2864 5303 ἔθους
2894 5237 3367 5308 σεσημειωμέναις
3403 5233 3662 5304 ἡμέραις,
3692 5227 3786 5280 καὶ

2204 5335 2266 5405 δὴ
2290 5335 2383 5388 καὶ
2409 5333 2691 5403 ἑϐδομάσι,
2722 5331 2862 5385 κατά
2888 5347 3040 5393 τινας
3077 5328 3373 5400 μυστικοὺς
3401 5325 3496 5378 καὶ
3541 5322 3785 5390 ἀποῤῥὴ·

2204 5444 2330 5489 τους
2359 5426 2574 5494 λόγους,
2603 5423 2800 5495 σχολὴν
2822 5423 3031 5476 τούτων
3061 5423 3221 5489 ἄγειν
3246 5414 3631 5486 ὲντετάλμεθα.
3669 5410 3787 5465 Εἰσὶ

2208 5522 2392 5590 μέντοι
2449 5519 2597 5580 τινὲς
2667 5515 3090 5588 ὑπερϐαίνοντες
3137 5512 3327 5566 τοῦτον
3383 5511 3473 5563 τὸν
3530 5504 3784 5576 ἀριθμόν.

2209 5615 2382 5665 Ἔνιοι
2427 5611 2484 5665 δὲ
2538 5611 2634 5664 καὶ
2696 5607 3099 5678 ὑστερίζοντες,
3157 5605 3390 5668 ἕκαστος
3445 5599 3629 5662 καθὼς
3675 5599 3786 5667 ἔχει

2208 5703 2410 5771 ἰσχύος.
2443 5702 2474 5773 ἢ
2504 5701 2896 5772 προαιρέσεως.
2933 5699 3043 5751 Καὶ
3074 5698 3138 5750 σὺ
3169 5697 3349 5751 τοίνυν
3381 5692 3522 5748 ποίει
3555 5706 3787 5744 τοκατα-

2205 5795 2435 5864 δύναμιν
2453 5812 2464 5823 ·
2491 5781 2685 5866 μενοῧι
2707 5809 2769 5863 γε
2805 5794 3076 5866 μακάριος
3107 5790 3182 5861 τῷ
3201 5789 3338 5856 ὄντι,
3363 5784 3637 5840 καὶτοῦτο
3661 5781 3785 5834 πολ-

3061 6415 3090 6418 ε-
3103 6415 3200 6419 κῃ-..
3211 6415 3400 6426 ...η-ματ
3589 6413 3676 6420 ρ-*α
