4076 6450
414 290 519 356 ’ἶῖ5

1234 301 1583 364 CALLISTI
1618 302 1715 362 ET
1762 302 2058 363 lGNATll
2126 305 2819 371 xttx'rnorumnun
2856 261 2860 267 ’
3566 305 3671 367 τις

412 411 679 477 scriptum
712 417 828 466 est:
866 430 885 464 ι
924 411 1148 470 Declina
1178 428 1209 468 a
1247 417 1390 471 malo
1416 425 1469 472 et
1495 416 1580 473 fac
1617 418 1821 474 bonum
1858 419 1921 475 8:
1967 439 1981 472 ι

2090 417 2264 488 ἀρχὴν
2289 417 2346 472 δὲ
2380 419 2558 489 βάλω
2583 420 2676 472 τοῦ
2706 423 2881 474 ποιεῖν
2904 421 2964 475 τὸ
2995 422 3219 491 ἀγαθὸν,
3245 424 3320 489 ὡς
3344 426 3654 497 γέγραπται

412 502 504 558 hic
537 510 596 558 ut
625 502 911 561 ductorius
944 507 1017 571 [et
1055 521 1242 562 aurem
1273 508 1540 565 doctrinae
1573 512 1843 571 adhibens
1866 553 1881 578 ,
1915 515 1994 569 lc-

414 594 549 651 vitor
575 612 800 654 sensum
829 600 1123 669 quemdam
1153 602 1506 662 discretionis
1536 608 1754 677 attingit
1780 618 1835 660 et
1858 608 1996 663 inci-

409 689 578 759 pienti
639 684 1107 761 congruameui
1164 696 1471 752 secundum
1507 709 1758 753 naturam
1789 711 1842 755 et
1876 701 1998 755 aui-

409 798 575 846 mam,
605 786 701 855 qui
735 786 903 842 vitam
942 791 994 842 in
1029 790 1366 860 cogitatione
1393 804 1449 847 et
1483 795 1783 849 secundum
1821 796 1994 850 ratio-

409 891 534 930 nem
571 878 703 946 agit,
743 880 834 947 qui
873 889 928 935 et
960 881 1172 935 medius
1213 893 1462 951 vocatur,
1496 885 1585 941 ille
1622 886 1687 940 ad
1717 887 1991 956 propriam

409 983 722 1023 mensuram
757 972 901 1026 videt
953 987 1017 1026 ac
1060 972 1326 1030 discernit
1353 992 1474 1046 quae
1503 975 1571 1031 ad
1607 992 1666 1033 se
1688 978 2000 1047 pertineant

405 1073 458 1115 ct
484 1063 549 1117 a.l
575 1078 697 1132 qua:
722 1076 948 1120 caeteros
969 1066 1220 1123 homines
1245 1083 1258 1120 :
1283 1071 1376 1139 qui
1404 1085 1531 1125 vero
1551 1086 1714 1141 supra
1744 1080 1993 1128 naturam

404 1166 459 1227 et
502 1155 862 1239 spirityaliter
898 1159 1051 1225 vivit,
1100 1160 1211 1225 ille,
1251 1170 1438 1231 utpote
1468 1165 1562 1233 qui
1605 1165 1862 1234 cupidum
1889 1207 1904 1232 ,
1942 1176 2000 1222 et

402 1244 717 1303 duc-torium
765 1261 821 1303 et
878 1250 1120 1306 medium
1181 1257 1731 1325 transgreditur.-et
1787 1258 1997 1315 Christi

401 1343 575 1410 gratia
607 1343 674 1397 ad
710 1355 1017 1415 perlectum
1068 1357 1122 1403 et
1170 1348 1533 1405 substantiale
1577 1350 1761 1406 lumen
1794 1367 1993 1422 perve-

404 1437 507 1501 nil,
535 1448 590 1491 et
625 1438 1083 1508 perfectissimam
1121 1442 1535 1510 discretionem,
1564 1444 1712 1499 videt
1743 1456 1800 1500 et
1833 1446 1993 1516 {seip-

401 1544 523 1582 sum
552 1540 607 1585 et
631 1530 897 1588 discernit
922 1550 1088 1605 quam
1123 1536 1473 1597 clarissime:
1515 1545 1571 1592 et
1607 1552 1762 1605 sane,
1793 1552 1990 1594 omnes

2069 528 2116 562 οι
2157 510 2444 563 ’Ἐκκλινον
2475 512 2580 565 ἀπὸ
2606 512 2799 577 κακοῦ,
2834 514 2929 566 καὶ
2964 515 3188 583 ποίησον
3212 517 3446 583 ἀγαθόν·
3477 537 3495 569 ι
3522 514 3675 582 οὗτος

2087 602 2162 665 ὡς
2200 603 2586 672 είσαγωγικὸς,
2621 606 2715 657 καὶ
2748 601 2841 669 οὖς
2871 606 3090 677 ὑπέχων
3130 608 3267 676 πρὸς
3295 608 3674 671 διδασκαλίαν,

2088 694 2443 766 παρακύπτει
2476 697 2673 766 μικρόν
2697 716 2835 762 πως,
2873 700 3007 770 πρὸς
3036 700 3290 768 αἴσθησίν
3324 718 3443 754 τινα
3465 701 3672 772 διακρί-

2090 803 2247 852 σεως,
2311 790 2402 839 καὶ
2452 786 2704 858 ἀρχαρίῳ
2744 789 3082 859 πρέπουσαν.
3140 791 3202 845 Ὀ
3236 792 3291 844 δὲ
3325 791 3466 846 κατὰ
3492 793 3674 861 φύσιν,

2085 878 2182 931 καὶ
2214 878 2482 949 ψυχικῶς,
2513 881 2607 934 ἆτε
2625 880 2921 950 διενεργῶν⁴
2968 882 3025 935 ὲν
3052 883 3279 955 διανοίᾳ,
3301 886 3395 937 καὶ
3424 887 3565 939 κατὰ
3589 884 3674 935 λό-

2083 988 2179 1038 γον
2212 972 2379 1042 βιοὺς,
2414 972 2473 1035 ὃς
2501 973 2597 1027 καὶ
2629 975 2792 1043 μέσος
2814 974 3081 1037 καλεῖται,
3114 968 3272 1040 οὗτος
3303 976 3437 1048 πρὸς
3467 977 3526 1030 τὸ
3545 977 3677 1030 ἴδιον

2089 1064 2308 1135 μέτρον.
2343 1067 2444 1136 ὁρᾷ
2465 1083 2523 1118 τε
2549 1066 2642 1119 καὶ
2673 1066 2944 1137 διακρίνει
2975 1068 3044 1120 τά
3071 1085 3132 1121 τε
3164 1069 3287 1122 καθ’
3329 1071 3543 1134 ἑαυτὸν,
3581 1072 3676 1123 καὶ

2085 1159 2153 1211 τὰ
2181 1159 2291 1212 τῶν
2315 1160 2518 1229 ὁμοίων
2543 1160 2714 1231 αὑτῷ.
2758 1161 2816 1215 '0
2842 1162 2900 1217 δὲ
2928 1163 3067 1235 ὑπὲρ
3092 1165 3274 1233 φύσιν,
3308 1166 3404 1219 καὶ
3433 1183 3677 1234 πνευμα-

2084 1246 2256 1316 τικῶς
2282 1252 2726 1323 πολιτευόμενος,
2755 1247 2934 1318 οὗτος,
2970 1256 3046 1320 ὡς
3071 1258 3164 1310 τὸν
3196 1257 3440 1327 ἐμπαθῆ,
3471 1258 3567 1310 καὶ
3588 1260 3677 1311 τὶν

2084 1342 2471 1411 εἰσαγωγικὸν,
2524 1344 2620 1397 καὶ
2672 1343 2763 1397 τὸν
2791 1345 2887 1415 τῆς
2919 1345 3220 1416 μεσότητος
3252 1348 3379 1417 ὅρον
3407 1348 3672 1418 ὑπερδάς.

2084 1438 2181 1491 xui.
2213 1435 2451 1507 Χριστοῦ
2483 1437 2666 1508 χάριτι
2698 1438 2983 1508 προκόψας
3012 1440 3094 1502 είς
3119 1439 3211 1493 τὸν
3242 1439 3471 1505 τέλειον,
3505 1440 3677 1511 ἡγουν

2084 1532 2174 1587 τὸν
2203 1531 2566 1586 ὲνυπόστατον
2599 1530 2903 1602 φωτισμὸν,
2935 1532 3030 1586 καὶ
3050 1532 3152 1603 τὴν
3184 1531 3535 1601 τελειοτάτην
3559 1533 3678 1586 διά-

402 1623 567 1684 videt.
600 1632 656 1679 et
695 1639 832 1694 pure
873 1626 1162 1693 discernit,
1219 1629 1336 1699 ipse
1388 1644 1521 1686 vero
1555 1646 1584 1684 a
1614 1632 1855 1699 nenime,
1888 1635 1981 1689 etsi

2088 1639 2294 1693 κρισιν,
2328 1623 2432 1693 ὁρᾷ
2458 1639 2519 1675 τε
2571 1621 2785 1686 ἑαυτὸν,
2815 1624 2910 1676 καὶ
2929 1622 3197 1695 διακρίνει
3227 1624 3641 1695 τηλαυγέστατα
3660 1640 3674 1655 ⁶

399 1715 760 1783 conspicitur,
786 1716 1168 1789 introspicitur
1247 1730 1303 1776 et
1363 1722 1649 1793 judicatur
1678 1743 1690 1779 :
1724 1724 1837 1781 imo
1867 1742 1981 1780 νει(

2086 1720 2179 1772 καὶ
2207 1717 2293 1789 δὴ,
2330 1719 2423 1771 καὶ
2460 1717 2668 1780 πάντας
2719 1717 2844 1787 ὁρᾷ,
2895 1718 2988 1770 καὶ
3014 1716 3283 1789 διακρίνει
3312 1716 3667 1787 ἀκραιφνῶςσ

395 1807 678 1877 iudicatur
702 1846 719 1871 ,
753 1818 812 1865 ut
866 1812 960 1882 qui
994 1813 1067 1867 sit
1099 1814 1184 1868 vir
1213 1815 1521 1884 spiritualis
1552 1831 1616 1872 ac
1648 1820 1981 1875 nominetur.

2084 1811 2247 1874 αὐτὸς
2300 1810 2391 1864 ὑπ’
2449 1808 2688 1876 οὐδενὸς,
2724 1810 2773 1863 εί
2807 1809 2904 1862 καὶ
2962 1810 3180 1881 ὁρᾶται,
3235 1809 3533 1879 ὁρώμενος,
3582 1810 3677 1863 καὶ

404 1919 424 1952 ι
457 1901 574 1957 Νοιι
617 1903 841 1974 scriptis
899 1914 953 1961 et
1013 1915 1320 1983 atramento
1345 1948 1361 1975 ,
1392 1910 1488 1964 sed
1525 1925 1691 1981 opere
1716 1921 1772 1967 et
1797 1916 1981 1983 gratia

2084 1903 2538 1974 διακρινόμενος·
2611 1904 2702 1955 ναὶ
2761 1901 2867 1971 μὴν
2921 1903 3021 1956 καλ⁸
3083 1902 3534 1971 ἀνακρινόμενος.
3597 1901 3675 1965 ὠς

399 2003 457 2047 ut
479 1993 556 2048 ait
587 1993 924 2065 Apostolus’
961 2015 977 2052 :
1027 1981 1339 2067 spiritualis
1363 2016 1561 2059 omnes
1590 1981 1830 2073 judicat,
1868 2005 1981 2075 ipse

2084 1995 2476 2066 πνευματικὸς,
2499 1994 2714 2065 ἀληθῶς
2731 1993 2805 2047 ὢν
2826 1995 2920 2048 καὶ
2951 1994 3308 2065 καλούμενος,
3344 2014 3363 2047 ι
3401 1995 3678 2067 οὑ,χάρτῃ

390 2101 530 2143 vero
563 2105 595 2143 a
626 2089 847 2147 nemine
874 2090 1181 2161 iudicatur.
1222 2110 1245 2147 ι

613 2383 802 2437 Adhuc
837 2383 900 2437 de
927 2384 1267 2452 discretione,
1301 2396 1357 2440 ut
1389 2388 1445 2441 in
1474 2387 1735 2457 exemplo.

463 2493 536 2549 42
564 2536 580 2551 .
624 2495 832 2551 Eorum
865 2497 1090 2567 quidem
1146 2499 1361 2570 primus
1390 2499 1592 2557 similis
1627 2513 1710 2558 est
1731 2503 1779 2560 ei
1809 2505 1904 2573 qui
1933 2504 1987 2561 in

393 2585 665 2654 prolunda
697 2602 761 2641 ac
800 2587 941 2642 tristi
972 2599 1134 2643 nocte
1156 2598 1211 2644 et
1238 2590 1543 2647 tenebrosa
1578 2591 1812 2662 incedit,
1845 2595 1992 2651 unde

391 2684 449 2732 et
476 2677 529 2731 in
560 2679 724 2732 tantis
749 2679 990 2734 tenebris
1016 2695 1207 2737 errans
1239 2691 1295 2737 et
1321 2692 1630 2751 contectus,
1671 2701 1779 2741 non
1816 2689 1980 2743 modo

391 2785 502 2825 non
550 2771 791 2842 seipsum
840 2771 986 2828 videt
1029 2788 1093 2828 ac
1139 2774 1450 2844 discernit,
1502 2778 1599 2834 sed
1670 2794 1851 2851 neque
1894 2780 1987 2836 ubi

391 2863 618 2919 incedat
646 2876 739 2919 aut
767 2866 1044 2938 ambulet‘,
1073 2874 1132 2922 ut
1171 2869 1249 2923 ait
1274 2871 1569 2927 Salvator:
1606 2890 1625 2924 ι
1667 2875 1770 2940 Qui
1797 2876 1989 2931 ambu-

388 2955 466 3009 lat
523 2957 576 3009 in
615 2957 859 3012 tenebris
886 2959 1063 3014 nescit
1104 2974 1217 3031 quo
1253 2962 1403 3016 vadit
1443 2966 1487 2996 ¹⁰
1519 3005 1534 3019 .
1576 2983 1595 3017 ι
1623 2965 1911 3025 Secundus
1936 2971 1985 3025 ei

387 3048 587 3105 similis
617 3063 699 3104 est
731 3052 823 3121 qui
852 3052 907 3107 in
939 3062 1097 3108 nocte
1151 3070 1351 3110 serena
1389 3066 1446 3112 et
1475 3059 1646 3114 astris
1681 3061 1982 3131 illustrata,

2084 2090 2178 2143 καὶ
2210 2089 2418 2158 μέλανι,
2451 2088 2587 2141 ἀλλὰ
2608 2086 2807 2158 πράξει
2830 2088 2925 2142 καὶ
2958 2088 3164 2159 χάριτι,
3187 2088 3264 2151 ὥς
3290 2106 3456 2159 φησιν
3483 2089 3512 2141 6
3534 2089 3679 2151 Θεῑος

2095 2182 2448 2245 Ἀπόστολοςο
2488 2181 2572 2234 ὅτι
2611 2182 2638 2234 6
2675 2181 2772 2250 μὲν
2802 2181 3173 2251 πνευματικὸς
3219 2181 3430 2245 πάντας
3450 2180 3680 2253 ἀνακρί-

2083 2293 2161 2329 νει
2190 2292 2203 2306 ·
2242 2275 2403 2338 αὐτὸς
2432 2274 2488 2327 δὲ
2514 2272 2607 2328 ὑπ’
2628 2274 2843 2337 οοίδενδς
2872 2272 3253 2345 ἀνακρίνεται.
3296 2293 3316 2326 ι

2194 2416 2322 2468 Ἔτι
2349 2411 2479 2482 περὶ
2506 2410 2885 2478 διακρίσεως,
2913 2409 2995 2476 ὡς
3019 2409 3090 2463 ἐν
3118 2408 3572 2477 παραδείγματι.

2158 2523 2267 2595 μβᾍ
2296 2522 2516 2578 Τούτων
2546 2525 2575 2578 6
2618 2523 2718 2593 μὲν
2763 2522 2910 2577 ἔοικε
2955 2521 3034 2593 τῷ
3070 2522 3145 2585 ὡς
3181 2523 3241 2576 ὲν
3273 2523 3433 2576 νυκτὶ
3485 2520 3678 2592 βαθείᾳ

2083 2620 2178 2674 καὶ
2199 2618 2400 2687 στυγνῇ
2429 2616 2739 2687 σκοτομήνῃ
2762 2614 3114 2686 πορευομένῳ
3133 2631 3147 2648 ο
3173 2614 3294 2667 ὅθεν
3320 2615 3413 2667 καὶ
3441 2613 3515 2683 τῷ
3537 2613 3680 2683 ἅψη-

2084 2709 2306 2780 λαφήτῳ
2337 2707 2516 2763 σκότει
2539 2703 3027 2778 περιπλανώμενος
3066 2704 3162 2758 καὶ
3197 2703 3579 2773 σκοτούμενος,
3614 2702 3677 2755 οὑ

2087 2802 2247 2874 μόνον
2272 2799 2467 2856 ἑαυτὸν
2497 2800 2597 2869 οὑχ
2623 2799 2729 2870 ὁρᾷ
2779 2798 2874 2852 καὶ
2903 2797 3191 2869 διακρίνει,
3220 2795 3339 2850 ἀλλ’
3368 2796 3491 2849 οὐδὲ
3541 2796 3676 2848 ὅπου

2084 2894 2283 2962 ὑπάγει
2341 2892 2436 2948 καὶ
2494 2890 2830 2962 περιπατεῖ,
2884 2887 2960 2951 ὥς
3019 2904 3186 2956 φησιν
3218 2889 3246 2940 6
3284 2887 3473 2958 Σωτήρ
3496 2902 3511 2917 ο
3547 2905 3566 2938 ι
3591 2884 3676 2971 ,Ὀ

2082 2984 2402 3058 περιπατῶν
2426 2985 2484 3037 ὲν
2510 2985 2575 3053 τῇ
2612 2980 2803 3051 σκοτίᾳ
2851 2979 2950 3033 οὑκ
3012 2974 3122 3035 οἵδε
3164 2978 3267 3032 ποῦ
3295 2976 3515 3045 ὑπάγει.
3550 2996 3569 3030 ι
3618 2977 3676 3031 '0
3774 3050 3777 3053 _

2082 3076 2160 3141 δὲ,
2212 3074 2371 3129 νυκτὶ
2427 3072 2638 3142 αἰθρίᾳ,
2693 3069 2961 3141 ἁστράσιν
3018 3068 3393 3139 αὑγαζομένῃ,
3430 3068 3557 3122 ὅθεν
3578 3068 3676 3122 καὶ

390 3145 662 3210 procedit,
717 3145 862 3200 unde
894 3156 948 3201 et
970 3148 1258 3204 stellarum
1295 3151 1584 3221 splendore
1613 3156 1892 3223 paululum
1916 3158 1981 3213 il-

2084 3172 2201 3233 u't‘;
2234 3167 2345 3222 τῶν
2384 3166 2646 3237 ἀστέρων
2676 3165 3072 3235 μαρμαρυγαῖς
3125 3162 3320 3234 μικρόν
3352 3180 3468 3225 πως
3500 3163 3673 3230 αὑγα.

387 3234 676 3302 lustratus,
709 3240 912 3294 sensim
946 3232 1194 3296 ambulat
1221 3282 1236 3309 ,
1264 3244 1428 3311 pedes
1453 3245 1743 3305 oli'endens
1771 3253 1980 3321 saepius

388 3326 455 3381 ad
490 3327 901 3384 indiscretionis
950 3330 1184 3401 lapides,
1220 3349 1495 3408 casusque
1530 3338 1855 3410 frequentes
1878 3359 1980 3413 pa-

390 3421 555 3476 tiens.
609 3422 709 3478 llic
765 3424 933 3496 igitur
988 3427 1269 3496 paululum
1329 3441 1381 3485 et
1446 3435 1689 3503 seipsum
1735 3436 1881 3493 videt
1915 3453 1981 3495 ac

388 3513 676 3578 discernit,
705 3517 798 3571 sed
834 3526 1096 3588 tanquam
1123 3521 1174 3573 in
1214 3523 1433 3589 umbra,
1463 3535 1517 3579 ut
1548 3525 1817 3598 scriptum
1844 3540 1932 3585 est
1960 3546 1976 3586 :

397 3625 417 3658 ι
466 3606 643 3677 Surge
691 3610 784 3678 qui
837 3610 1047 3668 dormis
1084 3651 1101 3677 ,
1143 3622 1199 3668 et
1250 3631 1483 3685 exsurge
1531 3634 1597 3672 cx
1642 3631 1895 3690 mortuis,
1924 3630 1979 3678 et

389 3698 724 3754 illuminabit
751 3708 802 3754 te
827 3700 1098 3760 Christus
1134 3705 1202 3761 ”.
1247 3725 1267 3758 ι
1305 3707 1528 3766 Tertius
1561 3719 1743 3764 autem
1777 3712 1977 3783 similis
2034 3722 2039 3729 ‘

385 3792 658 3858 t'sleiqui
690 3795 743 3849 in
779 3807 939 3851 nocte
993 3799 1286 3869 tranquilla
1326 3810 1383 3857 et
1404 3801 1547 3859 lunae
1575 3802 1788 3877 fulgore
1845 3807 1978 3862 illu-

384 3886 558 3942 strata
586 3887 689 3942 iter
719 3886 850 3945 facit
878 3905 892 3941 :
928 3892 1072 3946 unde
1098 3904 1152 3947 et
1178 3891 1320 3948 lunae
1349 3893 1518 3952 radiis
1546 3895 1816 3963 directus,
1842 3898 1975 3956 abs-

385 3997 493 4049 que
551 3997 741 4038 errore
799 3984 1067 4051 procedit,
1128 3995 1182 4041 et
1240 3998 1370 4042 ante
1417 4004 1478 4045 se
1516 3991 1686 4058 vadit,
1724 3992 1978 4065 videtque

385 4073 626 4142 scipsum
651 4114 665 4140 ,
710 4082 970 4148 tanquam
1002 4078 1057 4132 in
1094 4080 1341 4150 speculo,
1376 4082 1662 4153 etjudicat
1687 4087 1853 4142 simul
1878 4101 1974 4142 eos

382 4168 472 4233 ιιιιί
514 4182 638 4221 cum
695 4169 818 4238 ipso
876 4169 982 4224 iter
1015 4169 1247 4236 faciunt,
1278 4181 1336 4227 ut
1357 4175 1562 4229 dictum
1595 4186 1679 4233 est
1715 4196 1730 4233 :
1769 4197 1788 4232 ι
1832 4178 1975 4237 Bene

385 4256 565 4310 facitis
612 4276 625 4313 :
659 4258 763 4331 legi
798 4260 1169 4326 adh'atrentes,
1203 4271 1463 4336 tanquam
1499 4269 1738 4326 lucernae
1766 4272 1971 4328 lucenti

386 4350 440 4401 iu
473 4348 792 4418 caliginoso
816 4350 972 4418 loco,
1026 4353 1202 4410 donec
1239 4356 1476 4414 lucescat
1507 4360 1625 4417 dies
1648 4372 1704 4420 et
1752 4362 1974 4422 Lucifer

382 4442 597 4495 oriatur
626 4444 678 4496 in
709 4445 971 4502 cordibus
1012 4438 1212 4505 vestris
1246 4453 1313 4507 ¹¹.
1351 4472 1370 4506 ι
1409 4453 1653 4522 Quartus
1683 4468 1868 4514 autem
1896 4460 1973 4517 si-

2083 3260 2331 3329 ζόμενος,
2362 3259 2484 3312 κατ’
2506 3257 2687 3323 ὀλίγον
2718 3254 2945 3325 βαδίζει,
2976 3255 3339 3325 προσκύπτων
3362 3256 3488 3318 τοὺς
3507 3254 3676 3319 πίδας

2084 3353 2344 3413 πολλάκις
2398 3352 2457 3403 ὲν
2508 3348 2681 3412 λίθοις
2729 3347 3103 3419 ἀδιακρισίας,
3141 3346 3236 3399 καὶ
3274 3347 3501 3417 πάσχων
3536 3363 3675 3415 συμ-

2084 3438 2355 3509 πτώματα
2381 3454 2395 3467 ⁶
2429 3431 2583 3500 οὗτος
2613 3434 3002 3506 τοίνυννβραχύ
3028 3452 3079 3489 τι
3104 3436 3197 3489 καὶ
3223 3435 3420 3490 ἑαυτὸν
3442 3437 3563 3507 ὁρᾷ.
3581 3437 3675 3490 καὶ⁵

2081 3518 2367 3600 διακρίνει,
2389 3528 2479 3583 καὶ
2496 3527 2570 3591 ὡς
2585 3530 2643 3580 ὲν
2661 3528 2808 3598 σκιᾷ,
2833 3528 2974 3581 καθὸ.
2995 3527 3306 3596 γέγραπται
3325 3543 3340 3557 ο
3362 3545 3381 3578 ι
3396 3528 3674 3597 Ἕγειραι.

2083 3624 2112 3677 6
2145 3620 2443 3685 καθεύδων,
2474 3622 2567 3674 καὶ
2597 3620 2806 3674 ἀνάστα
2835 3622 2900 3674 ὲκ
2922 3619 3031 3673 τῶν
3051 3619 3287 3690 νεκρῶν,
3323 3621 3415 3674 καὶ
3440 3618 3678 3689 ἐπιφαύ-

2086 3731 2169 3767 σει
2208 3731 2290 3767 σοι
2341 3716 2369 3766 ὁ
2427 3712 2688 3783 Χριστός.
2739 3730 2758 3764 ι
2799 3710 2858 3765 ’0
2894 3710 2971 3776 δὲ,
3003 3711 3161 3764 νυκτὶ
3196 3711 3536 3782 πανσελήνῳ,
3578 3709 3675 3764 καὶ

2082 3808 2291 3878 γαληνῇ
2317 3822 2330 3836 ·
2371 3803 2495 3859 ὅθεν
2523 3805 2617 3858 καὶ
2640 3807 2760 3867 ταῖς
2783 3802 3132 3873 σεληνιακαῖς
3166 3803 3350 3873 βολαῖς
3379 3803 3675 3872 εὐθυνόμε-

2082 3918 2193 3965 νος,
2228 3897 2635 3968 ἀπλανέατερόν
2668 3913 2727 3977 τε
2781 3895 2977 3959 ὁδεύει,
3013 3895 3111 3948 καὶ
3148 3897 3228 3959 είς
3266 3896 3334 3948 τά
3360 3894 3673 3966 ἔμπροσθεν

2084 3993 2305 4067 ἔρχεται
2326 4008 2341 4024 ο
2371 3993 2474 4063 ὁρᾷ
2509 4009 2565 4044 τε
2595 3990 2780 4055 αὑτὸν,
2815 3989 2889 4051 ὡς
2927 3991 2984 4042 ὲν
3028 3989 3302 4059 ἐσόπτρῳ,
3334 3990 3428 4041 καὶ
3457 3986 3672 4058 διακρι-

2086 4104 2167 4139 νει
2200 4088 2291 4139 καὶ
2330 4087 2459 4149 τοὺς
2491 4085 2693 4154 ὁμοίως
2723 4083 3108 4145 συνοδεύοντας
3131 4081 3300 4152 αὑτῷ,
3328 4082 3402 4144 ὡς
3434 4082 3668 4152 sign-retr

2091 4198 2110 4231 ι
2150 4179 2341 4241 Καλῶς
2375 4178 2600 4240 ποιεῖτε,
2636 4175 2714 4247 τῷ
2739 4175 2890 4246 νόμῳ
2922 4173 3123 4245 δηλαδὴ
3180 4175 3559 4244 προσέχοντες.
3595 4172 3671 4235 ὡς

2083 4271 2263 4342 λύχνῳ
2320 4272 2564 4341 φαίνοντι
2601 4270 2660 4321 ὲν
2703 4267 2977 4337 αὐχμηρῷ
3026 4267 3200 4336 τόπῳ,
3258 4266 3363 4328 ἕως
3402 4258 3461 4318 οὗ
3490 4264 3668 4333 ἡμέρα

2083 4364 2375 4434 διαυγάσῃ,
2412 4360 2510 4414 καὶ
2542 4360 2834 4430 φωσφόρος
2867 4358 3129 4430 ἀνατείλῃ
3178 4360 3236 4411 ὲν
3263 4359 3383 4420 ταῖς
3416 4354 3667 4426 καρδίαις

2088 4454 2264 4525 ὑμῶν.
2291 4473 2308 4506 ι
2347 4454 2407 4505 Ὀ
2436 4453 2513 4518 δὲ,
2547 4448 2871 4521 μεσημόρίᾳ
2894 4449 3132 4519 σταθερᾷ
3162 4448 3256 4500 καὶ
3279 4445 3662 4516 καθαρωτάτῃ.

384 4532 532 4586 milis
560 4543 648 4588 est
681 4537 730 4590 ei
764 4538 856 4607 qui
888 4538 1090 4597 incedit
1117 4545 1344 4600 meridie
1374 4547 1531 4601 [iuno
1552 4564 1628 4627 ,τις
1653 4553 1969 4639 puriss‘imo,

2093 4523 2340 4620 ἡλιακαῖς
2390 4544 2604 4597 ἀκτῖσιν
2637 4541 2898 4610 ἀκράτοις
2927 4538 3331 4610 φαιδρυνομένῃ
3352 4551 3367 4567 ·
3422 4536 3615 4639 διόπερ
3636 4536 3667 4639 6

383 4626 720 4697 fulgentibus
778 4630 912 4688 solis
968 4633 1136 4690 radiis
1198 4637 1474 4714 illustrato
1507 4657 1520 4694 :
1554 4626 1557 4627 ν
1592 4644 1777 4714 itaque
1829 4626 1875 4702 is
1915 4657 1971 4703 ct

382 4720 625 4790 seipsum
668 4721 909 4792 perfecte
945 4725 1111 4792 videt,
1163 4728 1214 4782 in
1254 4730 1383 4784 solis
1420 4711 1558 4801 fure,
1588 4746 1641 4789 et
1672 4752 1731 4791 se
1762 4738 1971 4793 discer-

381 4813 482 4879 nit,
532 4821 586 4866 et
613 4813 985 4885 aliosjudicat
1041 4831 1095 4873 et
1124 4832 1319 4876 omnes
1343 4863 1358 4886 ,
1384 4828 1686 4880 secnmlutn
1721 4828 1969 4883 divinum

377 4906 722 4973 Apostolum,
780 4908 891 4962 imo
918 4926 1059 4966 vero.
1077 4921 1131 4967 et
1160 4915 1351 4968 omnia.
1374 4930 1498 4985 qua:
1523 4918 1625 4987 ipsi
1666 4930 1968 4976 occurrunt

378 4997 750 5069 undequaqnc
796 5009 852 5055 et
899 5002 1440 5076 quomodocunque,
1494 5009 1704 5080 absque
1771 5028 1965 5067 errore

376 5084 494 5154 ipse
538 5086 806 5144 incedens
839 5101 893 5144 et
913 5105 1010 5145 eos
1043 5094 1135 5164 qui
1172 5095 1351 5164 ipsum
1385 5104 1694 5169 sequuntur
1723 5102 1845 5158 sine
1873 5100 1963 5157 of-

373 5178 624 5236 fensione
651 5181 895 5254 dirigens
920 5185 985 5238 ad
1023 5201 1212 5242 verum
1238 5188 1423 5243 lumen
1456 5201 1511 5246 et
1536 5192 1604 5246 ad
1630 5197 1916 5252 veritatem
1949 5214 1964 5251 :

371 5273 438 5324 de
461 5272 661 5341 quibus
712 5286 765 5329 et
818 5276 1083 5346 scriptum
1124 5288 1246 5334 est:
1287 5299 1305 5332 ι
1344 5279 1453 5337 Vos
1483 5289 1617 5340 estis
1667 5286 1761 5342 lux
1801 5306 1968 5347 mun-

371 5363 423 5417 di
461 5365 525 5419 ⁸³.
561 5385 580 5419 ι
621 5366 761 5423 Dicit
810 5380 991 5425 autem
1049 5381 1104 5428 et
1162 5384 1389 5429 sanctus
1442 5375 1698 5435 Paulus:
1740 5401 1761 5434 ι
1821 5385 1963 5442 Deus

370 5461 462 5526 qui
500 5459 639 5514 dixit
674 5461 743 5517 de
780 5464 1023 5518 tenebris
1071 5464 1255 5522 lumen
1309 5468 1711 5540 splendescere,
1739 5486 1793 5533 et
1845 5480 1961 5549 ipse

375 5549 554 5607 illuxit
580 5553 632 5607 in
657 5555 914 5611 cordibus
935 5561 1155 5627 vestris,
1186 5563 1251 5616 ad
1288 5565 1751 5624 illuminationem
1782 5573 1961 5628 scien-

375 5644 461 5699 tiae
490 5647 677 5715 gloriae
715 5648 829 5714 Dei,
854 5650 908 5704 in
942 5649 1081 5706 facie
1114 5653 1242 5709 Jesu
1275 5654 1480 5714 Christi
1515 5660 1579 5716 ιδ.
1617 5682 1635 5715 ο
1671 5663 1734 5719 Ει
1763 5666 1960 5726 beatus

442 5764 465 5796 ⁸
492 5766 635 5844 Psnl.
664 5786 856 5844 pavr,
897 5769 988 5824 27.
1026 5842 1039 5844 Α
1066 5773 1085 5802 ’
1130 5772 1167 5824 ll
1193 5775 1318 5831 Cor.
1349 5793 1427 5844 tu,
1464 5783 1519 5836 3.

348 5838 462 5913 'lt.
564 5841 606 5870 “
663 5840 705 5893 ll
743 5840 869 5897 Cor.
910 5857 982 5899 tv,
1014 5842 1066 5896 Ο.

1627 5785 1670 5816 '°
1701 5783 1861 5841 Joan.
1895 5806 1982 5862 Ill;
2020 5793 2069 5850 8.
2132 5792 2169 5824 ”
2201 5791 2400 5859 prcs.
2437 5818 2491 5867 γ,
2537 5796 2623 5854 14.

2085 4639 2329 4705 τοιοῦτος
2362 4638 2458 4691 καὶ
2490 4635 2684 4691 ἑαυτὸν
2715 4634 3026 4704 εἰλικρινῶς
3073 4633 3302 4705 καθορᾷ,
3347 4631 3429 4702 τῷ
3460 4629 3668 4697 ἡλιακῷ

2083 4748 2245 4817 φωτὶ,
2279 4748 2375 4800 καὶ
2400 4746 2669 4817 διακρίνει
2692 4763 2704 4778 ’
2741 4747 2839 4799 καὶ
2885 4746 3013 4808 τοὺς
3080 4741 3314 4806 πολλοὺς
3358 4736 3677 4808 ἀνακρίνει·

2086 4843 2288 4913 μᾶλλον
2316 4842 2371 4895 δὲ
2401 4844 2496 4895 καὶ
2530 4842 2655 4905 τοὺς
2680 4840 2910 4905 πάντας,
2952 4838 3092 4894 κατά
3126 4837 3217 4891 τὸν
3245 4836 3388 4890 θεῖον
3421 4830 3679 4931 Ἀπόστοὶ

2083 4934 2206 4987 λον·
2260 4934 2353 4987 voti.
2387 4934 2515 5003 μὴν,
2549 4934 2644 4986 καὶ
2703 4933 2884 4985 πάντα
2917 4930 2988 4984 τὰ
3038 4926 3505 5017 παρεμπίπτοντά
3533 4921 3684 5017 αὐτῷ

2083 5028 2267 5096 σχεδὸν
2296 5025 2650 5097 ὁποιαδήτινα
2676 5024 3058 5094 ὁπωσδήποτε,
3113 5016 3373 5080 ἀπλανῶς
3414 5013 3581 5074 αὑτός
3618 5027 3677 5062 τε

2084 5116 2478 5188 πορευόμενος,
2514 5116 2611 5170 καλ⁹
2647 5116 2773 5179 τοὺς
2820 5113 3127 5185 ἑπομένους
3163 5108 3331 5181 αὑτῷ,
3369 5106 3683 5164 ἀπταίστως

2083 5211 2317 5283 ὁδηγῶν,
2344 5211 2480 5281 πρὸς
2532 5209 2592 5263 τὸ
2637 5207 2807 5272 ὅντως
2839 5206 2976 5274 φῶς,
3006 5204 3101 5258 καὶ
3136 5202 3233 5274 τὴν
3265 5199 3431 5272 ζωὴν,
3461 5197 3555 5251 καὶ
3585 5195 3681 5283 τὴν

2088 5281 2379 5376 ἀλήθειαν⁸
2407 5304 2537 5373 περὶ
2568 5296 2645 5356 ὧν
2672 5302 2769 5354 καὶ
2799 5299 3112 5369 γέγραπται
3135 5313 3148 5327 ο
3192 5313 3211 5346 ι
3242 5291 3591 5389 ,Ὑμεῖς
3621 5281 3681 5334 τὸ

2087 5400 2203 5469 φῶς
2227 5396 2322 5451 τοῦ
2355 5396 2587 5466 κόσμου.
2618 5414 2636 5446 ι
2675 5393 2840 5461 Λέγει
2867 5392 2923 5446 δὲ
2956 5391 3052 5444 καὶ
3079 5392 3106 5444 ὁ
3141 5387 3418 5447 θειότατος
3449 5377 3680 5469 flatile?

2091 5463 2112 5541 ἆ
2157 5489 2291 5550 Θεὸς
2326 5489 2354 5541 6
2389 5463 2560 5538 εἰπὼν
2593 5485 2658 5537 ὲκ
2686 5483 2915 5544 σκότους
2939 5480 3058 5549 φῶς
3085 5475 3321 5547 λάμψαι,
3349 5472 3405 5534 ὃς
3444 5463 3683 5535 ἔλαμψεν

2087 5583 2145 5635 ὲν
2174 5581 2294 5642 ταῖς
2325 5577 2579 5648 καρδίαις
2604 5575 2782 5645 ἡμῶν,
2811 5574 2951 5644 πρὸς
2985 5567 3266 5641 φωτισμὸν
3301 5565 3399 5658 τῆς
3428 5557 3684 5658 γνώσξως

2085 5678 2185 5743 τῆς
2210 5672 2369 5739 δόξης
2393 5669 2488 5723 τοῦ
2520 5666 2682 5733 Θεοῦ,
2720 5668 2779 5720 ὲν
2810 5665 3092 5735 προσώπῳ
3143 5658 3323 5729 Ἰησοῧ
3357 5657 3620 5724 Χριστου·
3656 5662 3676 5696 ⁸

2718 5799 2764 5832 ¹²
2789 5799 2839 5856 ll
2866 5796 3015 5855 Pelr.
3065 5814 3103 5863 ι,
3166 5795 3250 5854 l9.
3335 5798 3380 5833 "
3406 5792 3594 5850 Matth.
3623 5806 3681 5859 ν,
