4076 6478
358 313 507 420 ’πθ

1256 360 1602 425 CALLISTI
1629 365 1727 429 ET
1767 364 2068 428 IGNATII
2121 370 2815 438 XAN'I‘HOPULORUM

3553 373 3657 439 7.0

404 472 518 540 qui,
545 470 818 540 perfectos
851 486 981 544 vero
1011 474 1314 528 mutatione
1344 475 1548 530 liberos
1585 491 1710 532 esse
1739 485 1794 532 et
1820 482 1974 532 stare

2087 482 2252 546 Σύνες
2275 487 2449 539 ἐκεῖνο
2471 487 2552 549 τὸ,
2582 491 2662 552 εἰς
2689 488 2921 543 ’ἑκαστον
2946 505 2958 520 ⁸
3015 492 3097 546 ὅτι
3139 495 3234 547 καὶ
3279 497 3313 565 ὴ
3346 495 3529 564 φύσις,
3565 499 3659 566 μία

406 567 615 634 absque
672 564 888 620 defectu
955 567 1011 620 in
1079 582 1189 620 uno
1241 567 1438 621 ordine
1465 611 1478 631 ,
1513 569 1676 638 longe
1707 585 1735 622 a
1762 571 1978 639 cupidis

406 654 664 707 sensibus
701 694 717 718 ,
766 665 825 709 ut
873 654 1119 710 Euchitte
1150 655 1359 720 dicunt,
1411 657 1530 712 ideo
1569 659 1698 713 illud
1732 659 1979 716 addidit:

403 747 456 800 in
485 761 819 816 unoquoque.
851 747 1138 813 Quomodo
1169 748 1335 818 igitur
1385 749 1536 816 illud,
1587 767 1619 804 o
1662 751 1884 818 Macari,
1909 754 1982 807 si-

407 838 610 891 militer
663 849 720 893 tu
755 839 901 895 dicis
932 857 946 894 :
989 839 1182 909 frigus,
1217 849 1270 894 et
1307 843 1468 910 paulo
1497 853 1642 912 post,
1673 854 1844 900 astus
1875 862 1891 902 :
1923 854 1982 901 et

410 930 672 983 similiter
701 931 910 1000 grando
938 969 954 995 ,
985 942 1040 985 et
1073 933 1232 1000 paulo
1258 942 1383 1002 post
1414 935 1803 1003 tranquillitas.
1833 935 1899 991 Et
1924 936 1978 990 in

404 1021 510 1074 vita
543 1029 730 1075 nostra
760 1023 836 1075 ita
869 1021 927 1076 fit
956 1043 968 1077 :
1001 1021 1203 1076 bellum
1262 1040 1324 1079 ac
1356 1025 1549 1094 gratiae
1582 1028 1866 1096 ,receptio,
1922 1037 1980 1083 et

402 1113 458 1166 in
508 1122 752 1180 tempore
797 1113 977 1179 anima
1023 1115 1076 1168 in
1113 1125 1440 1185 tempestate
1476 1117 1640 1186 jacet,
1667 1125 1722 1173 et
1764 1119 1819 1174 in
1858 1134 1978 1174 eam

399 1205 694 1276 insurgunt
720 1205 984 1261 horrendi
1015 1205 1237 1262 ﬂuctus.
1273 1208 1336 1261 Et
1380 1225 1600 1264 rursum
1635 1212 1693 1265 fit
1725 1213 1976 1273 mutatio.

401 1299 581 1368 gratia
627 1309 946 1368 protegente
1001 1308 1056 1353 et
1107 1315 1200 1354 cor
1232 1302 1563 1371 adimplente
1595 1303 1780 1356 latitia
1813 1313 1866 1358 et
1896 1303 1977 1356 di-

379 1392 526 1444 vina
556 1406 712 1460 pace,
738 1403 793 1446 et
820 1394 1182 1462 prudentibus
1207 1409 1270 1448 ac
1295 1396 1536 1464 pacificis
1556 1397 1827 1452 consiliis.
1853 1395 1979 1451 Haec

405 1485 711 1552 prudentiae
741 1485 966 1540 consilia
1003 1487 1075 1540 ita
1116 1489 1306 1551 nectit,
1350 1489 1578 1544 hortans
1595 1505 1690 1546 eos
1711 1492 1802 1561 qui
1825 1494 1978 1562 prius

410 1578 558 1630 bruti
593 1591 658 1630 ac
712 1579 913 1649 impuri
947 1588 1126 1646 erant,
1161 1591 1215 1635 et
1257 1597 1353 1637 eos
1382 1583 1579 1637 excitat
1609 1585 1830 1641 dicens:
1870 1605 1889 1638 ι
1920 1587 1976 1642 Si

402 1667 571 1736 igitur
596 1682 720 1738 post
748 1672 861 1727 bazc
887 1673 1181 1740 prudentia
1215 1683 1267 1727 et
1291 1674 1582 1729 clementia
1611 1678 1863 1743 consilia,
1888 1693 1973 1734 se-

402 1769 606 1828 quatur
636 1763 941 1828 calamitas,
967 1779 1033 1818 ne
1054 1765 1533 1835 tristemurneque
1549 1768 1925 1837 desperemus.
1953 1790 1971 1824 ι

407 1854 468 1906 Et
505 1854 558 1906 in
597 1857 785 1922 gratiae
829 1872 1048 1910 rursum
1085 1858 1293 1926 quiete,
1338 1873 1408 1912 ne
1444 1861 1846 1927 superbiamus,
1883 1863 1978 1916 sed

400 1945 600 2000 hetitiae
660 1959 949 2016 tempore,
1013 1947 1358 2003 amictionem
1433 1943 1832 2018 accipiamus.
1913 1954 1975 2007 Et

397 2053 632 2107 pergens
662 2057 676 2092 :
718 2057 737 2089 ι
779 2039 929 2094 Scito
953 2054 1146 2096 omnes
1172 2053 1394 2098 sanctos
1422 2043 1472 2096 in
1511 2043 1614 2098 hac
1647 2046 1966 2114 operatione

401 2131 593 2186 fuisse.
627 2131 909 2198 Quantum
944 2136 996 2186 in
1035 2135 1138 2188 hoc
1173 2136 1377 2190 mundo
1403 2150 1614 2203 sumus,
1645 2145 1698 2190 et
1722 2136 1980 2192 consola-

399 2225 478 2278 tio
505 2240 628 2278 cum
673 2225 1066 2281 alllietionibus
1111 2227 1272 2281 nobis
1333 2227 1598 2281 abundat.
1635 2227 1760 2282 Ideo
1790 2227 1976 2298 qumi‘

399 2317 488 2371 die
532 2325 588 2370 et
629 2318 776 2371 omni
830 2317 980 2371 horae
1022 2333 1051 2371 a
1097 2318 1250 2373 vobis
1286 2320 1548 2388 quaeritur
1577 2319 1746 2377 divini
1775 2320 1982 2373 amoris

400 2408 652 2476 probatio
703 2408 756 2461 in
805 2408 1108 2462 certamine
1153 2421 1210 2462 et
1235 2424 1414 2479 pugna
1441 2409 1983 2464 adversustentatio-

394 2517 498 2557 nes
533 2519 548 2556 :
580 2516 703 2570 quae
752 2511 838 2556 est
882 2515 978 2556 vos
1008 2515 1115 2554 non
1152 2501 1384 2568 tristari,
1419 2515 1596 2570 neque
1631 2503 1974 2573 negligentes

321 2576 324 2578 Ὺ
401 2608 528 2650 esse
561 2593 616 2646 in
647 2595 967 2647 certamine.
991 2595 1170 2662 Atque
1223 2593 1298 2647 ita
1351 2594 1609 2663 dirigitur
1642 2594 1726 2650 via
1762 2605 1971 2650 vestra.

393 2687 500 2752 Qui
554 2693 734 2740 autem
777 2685 892 2739 vult
943 2701 1008 2741 ex
1048 2685 1134 2740 bis
1171 2685 1331 2755 dejici
1361 2686 1504 2741 etab
1535 2686 1640 2742 hac
1677 2687 1976 2754 declinare.

395 2782 443 2835 is
502 2787 587 2833 est
643 2793 770 2848 pars
831 2779 1124 2848 luporum.
1178 2794 1199 2829 ι
1263 2775 1309 2833 Ο
1361 2779 1533 2834 mirus
1584 2780 1688 2834 viri
1751 2784 1974 2838 sermo!

400 2869 692 2938 Quomodo
739 2869 932 2939 paucis
966 2869 1149 2925 verbis
1215 2869 1499 2924 oraculum
1545 2870 1678 2926 illud
1713 2871 1974 2940 firmavit,

395 2965 640 3033 illudque
689 2979 852 3018 sensu
920 2962 1141 3034 plenum
1176 2964 1420 3018 ostendit
1450 2978 1516 3019 ac
1546 2964 1786 3033 perfecte
1817 2967 1979 3021 dubi-

395 3058 660 3112 tationem
693 3072 758 3111 ex
787 3056 1019 3127 legentis
1046 3065 1226 3112 mente
1248 3057 1476 3126 repulit!
1508 3075 1528 3109 ι
1553 3087 1625 3097 -
1653 3077 1672 3110 ι
1701 3059 1795 3114 llle
1827 3075 1977 3129 vero,

394 3145 490 3210 ait,
565 3145 654 3212 qni
716 3160 783 3197 ex
847 3145 934 3198 his
984 3143 1222 3198 declinat
1246 3156 1301 3199 et
1331 3160 1460 3214 pars
1493 3146 1744 3216 luporum
1801 3148 1982 3207 factus

2085 576 2250 628 ἐστίν.
2279 576 2396 630 Ἴνα
2420 578 2527 648 γὰρ
2553 580 2626 650 μὴ
2656 582 2887 654 νομίσῃς
2917 583 3000 638 ὅτι
3036 585 3167 652 περὶ
3194 586 3304 639 τῶν
3343 588 3662 642 ὑποδεεστέ-

2089 684 2196 736 ρων
2231 669 2323 721 καὶ
2354 667 2653 740 ἐλαχίστων
2689 674 2868 742 μόνων
2917 671 3064 741 εἶπε,
3097 677 3192 729 καὶ
3217 678 3267 730 oi
3288 679 3483 732 τέλειοι
3509 681 3660 734 ἐλεύ-
3703 692 3710 698 “

2083 759 2230 830 Θεροι
2286 763 2386 833 τῆς
2447 764 2810 832 ἀλλοιώσεως,
2863 768 2958 822 καὶ
3010 769 3070 823 ἐν
3107 773 3208 842 μιᾷ
3249 772 3402 836 τάξει
3427 775 3660 836 ἀκλινῶς

2083 849 2330 906 ἵστανται
2379 846 2545 920 οὗτοι,
2607 858 2778 926 χωρὶς
2834 859 3103 928 ἐμπαθῶν
3151 862 3447 931 λογισμῶν,
3479 867 3660 932 καθὼς

2079 943 2175 994 καὶ
2202 944 2249 996 οί
2283 943 2506 1013 Εύχῖται
2531 945 2774 1014 λέγουσι,
2801 949 2891 1003 διά
2923 950 3083 1004 τοῦτο
3113 946 3277 1023 ἔθηκε
3308 953 3389 1021 τὸ,
3423 959 3500 1021 είς
3530 959 3658 1012 ἐκαι

2083 1047 2229 1086 στον.
2257 1033 2380 1097 Πῶς
2403 1033 2501 1089 οὖν’
2529 1037 2708 1103 τοῦτο,
2745 1032 2790 1092 ὦ
2819 1041 3076 1111 Μακάριε
3100 1060 3116 1110 ;
3150 1042 3342 1115 Ὅμως
3365 1047 3428 1100 σὺ
3459 1047 3655 1116 λέγεις,

2079 1123 2140 1175 τὺ
2166 1123 2358 1194 ψύχος,
2389 1127 2482 1180 καὶ
2509 1129 2646 1198 μετά
2678 1131 2896 1200 μικρὸν,
2926 1132 3145 1188 καύσων
3165 1151 3179 1164 ·
3210 1137 3307 1190 καὶ
3331 1137 3460 1200 ἴσως
3489 1141 3656 1208 χάλα-

2031 1231 2036 1237 ·
2078 1214 2182 1278 ζα·
2238 1217 2333 1270 καὶ
2387 1219 2504 1287 μετ’
2557 1219 2758 1288 ὀλίγον,
2801 1222 2975 1278 εὐδία.
3023 1225 3134 1280 Καὶ
3194 1227 3255 1280 ἐν
3288 1229 3354 1298 τῇ
3383 1231 3658 1299 γυμνασία

2075 1305 2256 1376 ἡμῶν,
2309 1305 2454 1362 οὕτω
2503 1310 2744 1377 γίνεται·
2782 1311 3040 1380 πόλεμος,
3101 1318 3197 1370 καὶ
3241 1319 3526 1390 ἀντίληψις
3560 1321 3657 1390 τῆς

2077 1391 2300 1461 χάριτος
2326 1411 2340 1425 ⁸
2383 1397 2477 1449 καὶ
2505 1398 2562 1450 ἐν
2584 1399 2782 1470 καιρῷ,
2812 1401 3024 1469 γίνεται
3055 1406 3088 1474 ἡ
3127 1405 3272 1478 ψυχὴ
3297 1408 3354 1458 ἐν
3392 1410 3619 1478 χειμῶνι
3641 1427 3654 1440 '

2074 1485 2172 1537 καὶ
2224 1485 2615 1542 ἐπανίστανται
2665 1491 2754 1542 ἐπ’
2799 1493 2971 1562 αὐτὴν
3005 1495 3226 1566 κύματα
3287 1500 3519 1568 σκληρά.
3548 1504 3656 1556 Καὶ

2075 1573 2240 1627 πάλιν
2282 1575 2586 1642 ἀλλοίωσις,
2642 1579 3118 1655 ἐπισκεπτομένης
3145 1587 3244 1657 τῆς
3294 1590 3537 1658 χάριτος,
3565 1599 3657 1646 καὶ

2075 1665 2388 1738 πληρούσης
2427 1670 2525 1740 τὴν
2553 1671 2783 1740 καρδίαν
2812 1674 3003 1743 αὑτοῦ,
3038 1681 3213 1750 χαρᾶς
3268 1697 3350 1733 τε.
3376 1684 3469 1736 καὶ
3502 1686 3654 1754 εἰρή-

2075 1775 2172 1828 νης
2189 1761 2285 1828 τῆς
2311 1761 2420 1814 ἀπὸ
2462 1763 2557 1814 τοῦ
2595 1763 2734 1817 Θεοῦ
2759 1782 2772 1797 ·
2811 1768 2907 1821 καὶ
2937 1768 3215 1839 λογισμῶν
3241 1774 3532 1843 σωφρόνων
3561 1778 3655 1829 καὶ

2074 1848 2397 1916 εἰρηνικῶν·
2424 1850 2648 1916 τούτους
2668 1854 2794 1915 τοὺς
2846 1855 3143 1924 λογισμοὺς
3172 1861 3272 1928 τῆς
3304 1862 3656 1933 σωφροσύνης

2071 1939 2319 2008 ἐκφαίνει
2340 1936 2464 2008 ὧδε,
2491 1945 2865 2016 αἰνιττόμενος
2900 1948 3026 2011 τοὺς
3065 1949 3170 2020 πρὸ
3196 1950 3410 2013 τούτου,
3443 1953 3653 2021 κτηνὼο

2071 2029 2185 2093 δεις
2219 2031 2399 2099 ὄντας,
2456 2037 2551 2088 καὶ
2610 2037 2972 2105 ἀκαθάρτους.
3011 2041 3121 2093 Καὶ
3154 2035 3411 2106 παραινεῖ
3445 2043 3615 2111 λέγων
3637 2063 3649 2076 ·

2080 2139 2100 2173 α
2144 2124 2269 2177 Ἐὰν
2293 2121 2385 2178 οὖν
2407 2127 2545 2190 μετὰ
2573 2127 2794 2191 τούτους
2818 2131 2945 2192 τοὺς
2975 2131 3267 2201 λογισμοὺς
3283 2136 3404 2197 τοὺς
3434 2135 3650 2206 σώφρο-

2076 2231 2194 2280 νας,
2219 2217 2315 2268 καὶ
2343 2219 2624 2282 ἐπιεικεῖς,
2682 2220 2949 2291 ἀκολουθῇ
2986 2223 3241 2292 ἐπιφορὰ,
3282 2225 3354 2294 μὴ
3388 2226 3650 2297 λυπηθῶ-

2076 2322 2175 2375 μεν
2193 2307 2288 2360 καὶ
2316 2311 2667 2379 ἀπογνῶμεν.
2695 2330 2712 2362 ι
2738 2313 2847 2364 Καὶ
2872 2314 2930 2364 ἐν
2953 2317 3018 2384 τῇ
3043 2314 3160 2386 ὥρᾳ
3178 2317 3274 2384 τῆς
3296 2318 3653 2384 ἀναπαύσεως

2071 2393 2170 2463 τῆς
2221 2395 2462 2464 χάριτος,
2522 2398 2598 2468 μὴ
2633 2401 3043 2470 καυχησώμεθα
3106 2404 3287 2470 πάλιν,
3344 2407 3458 2459 ἀλλ’
3488 2410 3544 2460 ἐν
3577 2411 3652 2478 τῷ

2071 2485 2249 2555 καιρῷ
2302 2487 2401 2556 τῆς
2457 2489 2652 2557 χαρᾶς,
2713 2490 3071 2561 ἐκδεξώμεθα
3144 2496 3245 2564 τὴν
3308 2496 3506 2566 θλίψιν.
3545 2501 3653 2552 Καὶ

2072 2579 2278 2646 προϊών
2304 2593 2318 2609 ο
2358 2596 2376 2628 ι
2419 2578 2594 2631 Γνῶθι
2628 2580 2710 2632 ὅτι
2745 2582 2946 2645 πάντες
2997 2585 3044 2636 oi
3069 2583 3212 2651 ἅγιοι
3256 2588 3314 2638 ἐν
3352 2588 3525 2656 τούτῳ
3576 2589 3652 2658 τῷ

2075 2669 2222 2739 ἐργῳ
2252 2669 2522 2736 ἐγένοντο.
2551 2671 2716 2723 Ὅσον
2742 2673 2907 2743 ἐσμέν
2942 2676 2997 2726 ἐν
3027 2673 3102 2744 τῷ
3133 2677 3320 2746 κόσμῳ
3345 2677 3538 2748 τούτῳ,
3558 2681 3650 2732 καὶ

2075 2761 2108 2829 ἡ
2142 2759 2544 2832 παράκλησιςή
2578 2764 2835 2833 περισσὴ,
2874 2765 3014 2834 μετὰ
3044 2767 3247 2821 τούτων
3282 2769 3491 2836 γίνεται
3523 2773 3652 2840 ἡμῖν

2071 2853 2130 2905 ἐν
2159 2850 2237 2921 τῷ
2270 2851 2519 2922 κρυπτῷ.
2566 2854 2712 2906 Διότι
2763 2856 2821 2908 ἐν
2856 2857 3004 2927 πάσῃ
3048 2859 3254 2929 ἡμέρᾳ,
3281 2859 3376 2912 καὶ
3406 2862 3463 2914 ἐν
3504 2865 3652 2936 πάσῃ

2069 2942 2208 3013 ὥρᾳ,
2237 2943 2546 3013 ἐκζητεῖται
2579 2945 2709 3016 παρ’
2744 2948 2906 3018 ἡμῶν
2942 2949 2974 3019 ἡ
3011 2949 3210 3020 δοκιμὴ
3232 2954 3330 3023 τῆς
3363 2953 3499 3024 πρὸς
3522 2956 3651 3008 Θεὸν

2069 3035 2290 3106 ἀγάπης
2316 3036 2493 3106 ἡμῶν,
2522 3039 2580 3090 ἐν
2613 3038 2759 3110 πάλῃ
2787 3041 2880 3092 καὶ
2907 3040 3099 3108 ἀγῶνι,
3137 3045 3273 3112 πρὸς
3307 3046 3432 3108 τοὺς
3462 3063 3654 3117 πειρα-

2072 3131 2261 3200 σμούς.
2301 3132 2409 3189 Καὶ
2430 3130 2587 3183 τούτό
2619 3132 2734 3182 ἐστι
2761 3131 2818 3184 τὸ
2849 3131 2922 3202 μὴ
2949 3133 3242 3188 λυπεῖσθαι
3289 3137 3458 3205 ἡμᾶς,
3487 3139 3544 3191 τὸ
3577 3141 3648 3210 μὴ

394 3247 502 3300 est,
550 3235 604 3289 in
661 3236 806 3289 invio
832 3235 948 3289 vult
985 3235 1259 3304 incedere,
1287 3246 1341 3291 et
1380 3238 1434 3292 in
1462 3253 1561 3293 sua
1587 3249 1770 3295 mente
1793 3244 1976 3311 posuit

2071 3223 2302 3294 ἀκηδιᾷν
2334 3221 2410 3291 τῷ
2458 3222 2649 3289 ἀγῶνι.
2685 3223 2796 3275 Καὶ
2837 3223 2978 3276 οὕτω
3037 3227 3488 3300 κατευθύνεταιή
3537 3231 3651 3292 ὁδὸς

395 3341 516 3380 eam
548 3332 747 3379 sortem
785 3324 988 3379 habere
1017 3363 1033 3390 ,
1067 3335 1121 3380 et
1160 3325 1215 3380 in
1263 3327 1501 3396 propriis
1533 3330 1764 3394 semitis,
1795 3347 1900 3386 non
1934 3348 1965 3387 a

393 3414 650 3470 Patribus
700 3415 1036 3470 conculcatis
1099 3417 1216 3472 vult
1277 3417 1575 3474 incedere.
1614 3440 1632 3473 ι
1697 3421 1765 3476 Ει
1813 3424 1974 3492 paulo

395 3517 610 3577 postzt
656 3507 950 3563 llumilitas
1015 3508 1136 3564 sine
1184 3511 1464 3580 operibus,
1520 3513 1692 3568 multa
1725 3516 1969 3572 admittit

392 3607 618 3668 peccata
657 3615 866 3669 :opera
903 3615 1032 3656 vero
1062 3602 1184 3657 sine
1208 3603 1542 3672 humilitate,
1583 3622 1813 3676 prorsus
1846 3609 1974 3663 inn-

393 3693 509 3745 tilia
530 3705 678 3746 sunt.
721 3711 740 3745 ι
779 3693 844 3746 Ει
897 3694 1060 3762 paulo
1116 3704 1280 3764 post:
1327 3714 1346 3748 ι
1392 3695 1862 3764 Quemadmodum
1891 3704 1972 3758 sal

393 3785 536 3848 cibo,
593 3785 666 3837 ita
728 3785 1008 3840 humilitas
1054 3787 1204 3840 omni
1231 3788 1427 3842 virtuti
1459 3806 1474 3855 ;
1503 3799 1556 3844 et
1585 3793 1692 3845 vim
1721 3796 1968 3848 omnium

394 3884 742 3942 peccatorum
794 3892 858 3933 ea
904 3884 1086 3949 potest
1141 3889 1466 3949 conterere;
1522 3884 1659 3939 ultra
1711 3903 1832 3941 eam
1878 3904 1971 3942 ne-

392 3979 547 4019 cesse
573 3973 657 4020 est
685 3977 742 4020 ut
775 3968 1147 4026 indesinenter
1177 3975 1479 4028 secundum
1515 3984 1751 4031 mentctn
1787 3982 1969 4034 triste-

394 4073 520 4110 rnur
563 4059 618 4112 in
668 4060 1046 4117 bumiliatione
1079 4075 1134 4118 et
1158 4081 1390 4121 maerore
1423 4069 1831 4138 dijudicationis
1863 4089 1877 4138 ;
1917 4084 1970 4127 et

392 4166 510 4202 eam
547 4151 591 4205 si
625 4153 1006 4220 possideamus
1027 4155 1166 4210 lilios
1195 4155 1290 4212 Dei
1319 4175 1419 4214 nos
1445 4161 1608 4216 edicit
1643 4180 1658 4226 ;
1687 4173 1740 4218 et
1761 4167 1971 4237 absque

393 4240 553 4295 bouis
608 4244 870 4310 operibus
904 4261 1004 4300 nos
1040 4257 1264 4316 praestat
1312 4250 1456 4317 Deo;
1496 4255 1681 4322 itaque
1706 4258 1826 4311 sine
1855 4259 1965 4324 illa,

393 4334 577 4387 omnia
626 4350 791 4403 opera
849 4349 1040 4394 nostra
1075 4356 1212 4395 vana
1259 4355 1407 4408 sunt,
1436 4357 1491 4400 et
1519 4362 1710 4402 omnes
1741 4351 1971 4408 virtutes

392 4432 446 4477 et
473 4440 665 4480 omnes
708 4431 1078 4497 operationes.
1105 4433 1373 4489 Cteterutn
1407 4440 1756 4508 cogitationis
1791 4456 1968 4498 muta-

393 4517 597 4570 ti0nein
629 4518 739 4573 vult
765 4521 927 4576 Deus.
967 4540 986 4573 ι
1022 4521 1123 4577 Et:
1165 4543 1184 4576 ι
1225 4525 1398 4584 Mente
1433 4532 1689 4589 meliores
1731 4538 1967 4594 liamus:
2005 4571 2050 4629 ο

397 4607 597 4629 νη-.-
637 4620 811 4629 __.-_.
852 4609 938 4629 η
981 4615 1020 4629 ,.
1633 4625 1651 4629 -

395 4607 466 4660 Ea
484 4608 602 4662 sola
637 4620 816 4679 pOIest
847 4609 946 4668 nes
972 4615 1177 4685 absque
1195 4617 1399 4675 auxilio
1417 4636 1598 4677 coram
1633 4625 1739 4682 Deo
1763 4639 1973 4685 statue-

399 4716 478 4763 re,
507 4712 558 4754 et
595 4718 692 4770 pro
725 4705 883 4760 nobis
909 4705 1081 4777 loqui.
1134 4727 1152 4760 ι
1195 4709 1335 4764 Dicit
1363 4714 1580 4771 adhuc:
1619 4736 1637 4770 ι
1671 4717 1821 4778 Dixit
1850 4726 1973 4793 qui-

2070 3314 2248 3386 ἡμῶν.
2295 3314 2353 3366 '0
2386 3315 2441 3367 δέ
2463 3314 2633 3367 θέλων
2681 3315 2747 3368 ἐκ
2792 3315 2994 3368 τούτων
3030 3320 3395 3390 τραπῆναι,ἢ
3451 3322 3646 3385 κλῖναι,

2069 3400 2225 3469 οὗτος
2251 3405 2360 3458 τῶν
2389 3405 2568 3459 λύκων
2596 3406 2760 3476 μέρος
2785 3407 2955 3461 ἐστίν.
2993 3427 3010 3458 ι
3051 3409 3116 3460 Ὢ
3150 3409 3335 3479 Θαῦμα
3365 3413 3427 3464 ἐκ
3461 3413 3648 3465 τούτου

2067 3497 2164 3552 τοῦ
2213 3499 2402 3566 ἀγίουῐ
2471 3483 2592 3561 Πῶς
2641 3499 2699 3552 ἐν
2737 3497 2883 3568 λὸγῳ
2941 3501 3143 3572 μικρῷ,
3197 3502 3494 3557 ἐϐεϐαίωσε
3551 3507 3650 3575 τὴν

2067 3591 2267 3664 χρῆσιν
2302 3586 2530 3660 ταύτην,
2561 3592 2655 3644 καὶ
2689 3591 2971 3658 ἀπέδειξεν
2993 3594 3162 3664 αὐτὴν
3209 3595 3647 3665 πεπληρωμένην

2069 3683 2358 3746 συνέσεως,
2390 3682 2486 3736 καὶ
2533 3682 2755 3748 ἐξέϐαλε
2779 3683 2871 3736 τὸν
2899 3684 3194 3754 δισταγμὸν
3217 3686 3433 3749 τελείως
3459 3690 3520 3739 ἐκ
3550 3689 3648 3757 τῆς

2067 3773 2306 3836 διανοίας
2339 3773 2434 3828 τοῦ
2451 3773 2949 3843 ἀναγινώσκοντοςι
2981 3792 3002 3825 ι
3050 3775 3285 3838 Ἐκεῖνος
3301 3777 3378 3844 δὲ,
3404 3778 3586 3846 φησὶν,
3618 3781 3646 3830 ὁ

2067 3866 2330 3920 ἐκκλίνων
2363 3869 2429 3920 ἐκ
2481 3867 2706 3930 τούτων,
2760 3868 2858 3920 καὶ
2896 3867 3065 3937 μέρος
3097 3867 3204 3920 τῶν
3238 3868 3416 3921 λύκων
3447 3868 3542 3932 ὢν,
3585 3872 3642 3921 ἐν

2066 3963 2164 4034 οὐχ
2201 3960 2306 4032 ὁδῷ
2347 3961 2492 4014 θέλει
2539 3961 2894 4031 πορεύεσθαι,
2947 3962 3041 4015 καὶ
3083 3961 3242 4014 τοῦτο
3271 3961 3466 4030 έθηκεν
3491 3964 3548 4014 ἐν
3578 3966 3642 4033 τῇ

2065 4053 2274 4125 διανοίᾳ
2303 4053 2468 4108 αὑτοῦ
2499 4054 2830 4121 κτήσασθαι,
2864 4055 2962 4110 καὶ
2985 4057 3041 4108 ἐν
3067 4055 3238 4125 τρίϐῳ
3263 4056 3426 4125 ἰδικῇ,
3473 4059 3537 4125 τῇ
3572 4056 3644 4124 μὴ

2067 4147 2375 4220 πατηθείσῃ
2400 4147 2504 4199 ὑπδ
2536 4146 2645 4200 τῶν
2673 4149 2954 4217 Πατέρων,
2979 4146 3304 4217 πορεύεσθαι
3340 4147 3640 4216 βούλεται.»

2066 4243 2178 4296 Καὶ
2208 4242 2348 4310 μετά
2381 4239 2578 4310 μικρόν
2602 4256 2618 4273 ο
2658 4258 2678 4292 ι
2729 4240 2794 4293 Ἦ
2826 4240 3180 4304 ταπείνωσις,
3218 4240 3311 4292 καὶ
3349 4239 3518 4310 χωρὶς
3557 4239 3646 4308 ερ-

2064 4350 2201 4404 γων,
2254 4333 2424 4386 πολλά
2474 4333 2751 4403 συγχωρεῖ
2813 4330 3308 4402 πλημμελήματα’
3367 4331 3540 4384 ταῦτα
3567 4331 3642 4392 δὲ,

2067 4427 2238 4497 χωρὶς
2278 4427 2470 4494 αὐτῆς,
2503 4425 2817 4492 ἐξεναντίας
2851 4425 3104 4494 ἀνωφελῆ
3133 4426 3261 4478 εἰσι.
3319 4443 3336 4476 ι
3377 4426 3482 4476 Καὶ
3511 4422 3645 4494 μετὰ

2068 4519 2241 4592 βραχύ
2267 4537 2280 4552 ·
2317 4539 2333 4571 ι
2366 4520 2634 4589 Καθάπερ
2669 4519 2800 4582 ἃλας
2828 4522 2895 4591 τῇ
2925 4522 3118 4589 τροφῇ,
3172 4517 3346 4580 οὕτως
3387 4519 3418 4588 ὴ
3455 4516 3644 4570 ταπεί-

2066 4631 2233 4677 νωσις
2259 4614 2408 4685 πάσῃ
2436 4615 2604 4685 ἀρετῇ
2627 4629 2640 4642 ·
2673 4613 2768 4666 καὶ
2793 4613 2947 4682 ἰσχὺν
2983 4611 3196 4664 πολλῶν
3233 4608 3647 4679 ἁμαρτημάτων

2064 4705 2206 4776 αὕτη
2239 4706 2462 4759 δύναται
2505 4705 2830 4776 συντρίῲαι³
2857 4706 2995 4776 ὑπὲρ
3023 4705 3224 4772 ταύτης
3265 4703 3451 4755 λοιπὸν
3493 4700 3647 4772 χρεία

395 4792 517 4846 dam
552 4805 908 4852 sanctorum:
965 4815 1090 4854 cum
1140 4810 1519 4873 supervenerit
1570 4811 1664 4865 tibi
1697 4792 1971 4884 superbia:

2071 4799 2161 4854 τοῦ
2191 4798 2476 4852 λυπεῖσθαι
2498 4798 2856 4860 ἀδιαλείπτως
2891 4798 3033 4851 κατά
3067 4797 3329 4858 διάνοιαν,
3371 4795 3429 4846 ἐν
3453 4810 3642 4847 ταπει-

393 4879 642 4954 ευιιειιδ,’
673 4887 866 4944 dicens
907 4891 1043 4946 tibi:
1081 4893 1354 4954 Memento
1409 4902 1669 4959 virtutum
1722 4879 1965 4980 tuarum,

2071 4895 2247 4964 νότητι
2268 4933 2282 4957 ,
2319 4894 2415 4945 καὶ
2442 4893 2500 4944 ἐν
2529 4894 2594 4962 τῇ
2619 4890 2768 4963 λύπῃ
2797 4891 2895 4958 τῆς
2919 4891 3247 4960 διακρίσεως
3269 4904 3283 4920 ⁸
3321 4889 3414 4938 καὶ
3443 4885 3646 4952 ταύτην

390 4977 480 5031 dic
538 4978 738 5048 Senex,
778 4982 986 5052 inspice
1019 4994 1163 5040 tuam
1193 4991 1628 5054 fornicationem.
1661 5019 1679 5052 ι
1950 4977 1957 4980 ν

2071 4983 2164 5036 ἐὰν
2190 4979 2548 5052 κτησώμεθα,
2582 4982 2730 5043 υἱοὺς
2752 4983 2902 5051 ἡμᾶς
2926 4984 3069 5033 ποιεῖ
3097 4981 3190 5033 τοῦ
3219 4978 3352 5031 Θεοῦ
3376 4995 3388 5007 ·
3420 4979 3513 5028 καὶ
3542 4994 3646 5045 χω-

385 5070 466 5138 ρὶς
496 5072 676 5142 ἔργων
711 5076 936 5143 ἀγαθῶν
973 5081 1219 5150 παριστᾷ
1255 5082 1399 5152 ἡμᾶς
1442 5063 1519 5153 τῷ
1553 5085 1674 5154 Θεῷ
1709 5099 1724 5117 ο
1757 5086 1890 5139 διότι
1944 5087 2112 5158 χωρὶς
2146 5087 2373 5158 ταύτης,
2427 5087 2610 5142 πάντα
2639 5086 2708 5141 τὰ
2749 5088 2885 5158 ἔργα
2921 5086 3082 5156 ἡμῶν
3137 5083 3348 5157 μάταιά
3383 5085 3516 5148 εἱσι,
3555 5081 3654 5134 καὶ

385 5169 555 5221 πᾶσαι
586 5172 640 5222 αἱ
675 5170 891 5242 ἀρεταὲ,
920 5178 1014 5229 καὶ
1054 5179 1224 5231 πᾶσαι
1256 5181 1310 5232 al
1345 5181 1632 5252 ἐργασίαι.
1669 5183 1877 5235 Λοιπὸν
1907 5185 2008 5254 τὴν
2051 5183 2342 5239 ἀλλοίωσιν
2371 5185 2474 5256 τῆς
2526 5183 2770 5248 διανοίας
2817 5184 3017 5238 θέλειό
3059 5183 3216 5245 Θεός.
3255 5199 3274 5232 ι
3316 5181 3464 5234 Καί·
3506 5199 3523 5232 ι
3561 5177 3654 5231 Ἐν

385 5267 592 5338 διανοίᾳ
641 5269 1004 5342 βελτιούμεθα
1033 5290 1048 5307 ο
1098 5275 1368 5346 αύταρκεῖ
1419 5277 1558 5348 αὕτη
1597 5280 1736 5350 μόνη
1783 5280 2111 5351 ἀϐοηθήτως
2149 5283 2403 5335 ἵστασθαι
2455 5281 2690 5338 ἐνώπιον
2743 5281 2841 5335 τοῦ
2889 5281 3025 5335 Θεοῦ
3061 5297 3076 5312 ο
3113 5282 3207 5334 καὶ
3253 5279 3441 5332 λαλεῖν
3506 5276 3649 5341 ὑπὲρ

383 5362 624 5442 ἡμῶν.)
667 5365 788 5417 Ἔτι
822 5367 988 5436 φησίν
1015 5383 1029 5400 ο
1088 5365 1224 5422 Εῐπέ
1275 5387 1361 5432 τις
1409 5372 1520 5425 τῶν
1561 5373 1738 5441 ἀγίων
1764 5389 1780 5404 ⁸
1822 5375 1995 5429 Ὅταν
2047 5375 2177 5447 ἔλθῃ
2232 5395 2313 5430 σοι
2343 5380 2369 5430 ὁ
2404 5377 2668 5447 λογισμδς
2713 5376 2814 5448 τῆς
2861 5373 3271 5450 ὑπερηφανίας,
3323 5371 3504 5439 λέγων
3543 5385 3650 5432 σοιν

382 5461 782 5532 Μνημόνευσον
809 5464 916 5516 τῶν
946 5465 1162 5534 ἀρετῶν
1195 5483 1311 5532 σου,
1345 5468 1469 5521 εἰπέ
1501 5485 1514 5500 ·
1550 5469 1736 5538 Γέρον,
1769 5469 1936 5539 βλέπε
1968 5471 2066 5543 τὴν
2091 5474 2358 5544 πορνείαν
2393 5492 2512 5532 σου.
2545 5493 2564 5526 ι

595 5570 670 5626 De
714 5575 1040 5644 paenitentia,
1069 5577 1305 5646 puritate
1334 5589 1382 5634 et
1406 5581 1743 5650 perfectione.

2071 5587 2211 5655 Περὶ
2262 5588 2598 5654 μετανοίας,
2652 5587 3058 5657 καθαρότητος
3101 5585 3200 5653 καὶ
3260 5585 3652 5650 τελειότητος.

453 5689 544 5744 44.
571 5688 764 5746 Omnis
790 5709 987 5749 cursus
1011 5695 1282 5763 perfectio
1319 5696 1370 5749 in
1407 5697 1490 5751 bis
1543 5699 1716 5751 tribus
1747 5708 1830 5753 est
1862 5714 1875 5751 :
1907 5698 1960 5752 in

382 5785 705 5845 poenitentia
736 5795 790 5839 et
839 5789 1077 5855 puritate
1109 5799 1161 5842 ct
1201 5789 1554 5858 perfectione.
1584 5791 1719 5856 Quid
1779 5800 1959 5847 autent

381 5885 465 5927 est
499 5877 864 5944 pcenitcnt'a?
895 5879 1080 5936 Priora
1114 5882 1420 5952 relinquere
1445 5892 1495 5939 ct
1522 5885 1585 5939 de
1621 5885 1702 5938 bis
1729 5884 1958 5940 trist-ari.

2146 5702 2253 5774 μδο
2288 5703 2576 5773 Τελειότης
2605 5704 2810 5766 παντὸς
2836 5704 3062 5775 δρόμου,
3119 5705 3176 5755 ἐν
3211 5704 3325 5764 τοῖς
3351 5700 3499 5769 τρισὶ
3530 5695 3653 5749 τού-

2070 5812 2184 5859 τοις
2213 5794 2361 5848 ἐστίν
2386 5810 2400 5825 °
2436 5797 2494 5850 ἐν
2517 5798 2582 5864 τῇ
2625 5797 2911 5869 μετανοίᾳ,
2945 5796 3042 5848 καὶ
3074 5799 3140 5864 τῇ
3173 5792 3536 5862 καθαρότητι,
3561 5785 3657 5839 καὶ

2069 5889 2136 5958 τῇ
2177 5885 2506 5957 τελειότητι.
2541 5888 2605 5940 Τί
2630 5887 2684 5940 δέ
2717 5887 2868 5942 ἐστιν
2899 5889 2931 5958 ἡ
2984 5889 3246 5958 μετάνοια
3273 5904 3288 5950 ;
3320 5880 3657 5947 Καταλεῖψαι
