4076 6444
404 382 507 474 ’τρι
572 385 578 388 ’

1638 428 2038 496 OPUSCULA
2075 439 2458 510 ASCETICA.

3567 469 3714 532 71³2⁵³

416 530 482 582 τὰ
519 530 775 602 πρότερα,
819 533 913 586 καὶ
972 534 1262 590 λυπεῖσθαι
1311 538 1450 610 ὑπὲρ
1507 542 1707 597 αὐτῶν.
1772 545 1884 599 Καὶ
1935 563 1966 599 τ

2092 546 2323 620 thuid
2358 562 2442 609 est
2472 559 2863 638 compendiose
2886 564 3145 633 puritas?
3194 566 3466 627 Profunda
3494 577 3676 634 Introi-

417 623 563 672 ἐστιν
595 624 625 692 ή
659 623 965 696 καθαρότης
997 629 1275 698 συντόμως
1297 648 1309 695 ;
1333 631 1543 701 Καρδία
1567 634 1815 702 ἐλεήμων
1848 636 1987 708 ὺπέρ

417 712 596 779 πάσης
626 715 848 784 κτιστῆς
893 715 1126 784 φύσεως.
1175 720 1284 772 Καὶ
1324 721 1377 774 τί
1408 723 1557 775 ἐστιν
1603 725 1636 795 ἡ
1671 725 1983 795 τελειότης;

413 802 584 865 Βάθος
614 805 1012 873 ταπεινώσεως,
1040 811 1177 882 ὅπερ
1233 813 1352 865 ἐστὶ
1401 815 1720 886 κατάλειψις
1769 819 1987 874 πάντων

411 893 619 962 ὁρατῶν
663 911 723 947 τε
765 897 859 948 καὶ
889 899 1157 968 άοράτων,
1195 903 1407 973 ὁρατῶν
1445 906 1566 974 μὲν,
1603 909 1824 962 πάντων
1872 911 1982 964 τῶν

413 983 707 1054 αἰσθητῶν·
733 988 984 1056 ἀοράτων
1027 991 1106 1054 δὲ,
1134 992 1247 1045 τῶν
1291 997 1498 1064 νοητῶν
1518 1013 1532 1026 ’
1566 999 1662 1051 καὶ
1694 999 1854 1063 ἐκτὸς
1886 1019 1984 1070 με·

415 1077 611 1148 ρίμνης
649 1079 749 1148 τῆς
793 1081 934 1152 ὑπὲρ
971 1083 1168 1138 αὐτῶν.
1202 1084 1346 1150 Ἔτι,
1383 1088 1640 1156 μετάνοιά
1661 1090 1798 1157 ἐστι,
1823 1091 1982 1163 διπλῆ

410 1173 675 1241 νέκρωσις
721 1174 982 1238 ἑκουσίως,
1033 1176 1100 1230 ἐκ
1145 1179 1383 1231 πάντων.
1451 1181 1664 1251 Καρδέα
1724 1182 1978 1252 ἐλεήμων

411 1263 545 1323 ἐστὶ,
590 1261 786 1326 καῦσις
860 1264 1087 1334 καρδίας
1142 1268 1284 1338 ὑπὲρ
1328 1270 1510 1340 πάσης
1578 1270 1676 1341 τῆς
1729 1273 1981 1339 κτίσεως,

411 1353 549 1423 ὑπὲρ
597 1355 706 1405 τῶν
747 1354 1071 1424 ἀνθρώπων,
1133 1360 1229 1411 καὶ
1272 1361 1382 1414 τῶν
1433 1361 1658 1432 ὀρνέων,
1725 1366 1820 1418 καὶ
1875 1366 1984 1419 τῶν

408 1438 583 1503 ζώων,
625 1442 734 1494 καὶ
790 1441 900 1494 τῶν
943 1435 1253 1512 δαιμόνων,
1279 1447 1374 1500 καὶ
1419 1448 1562 1520 ὑπὲρ
1619 1453 1822 1516 παντὸς
1861 1454 1982 1507 κτί-

409 1521 631 1599 σματος.
668 1534 776 1586 Καὶ
807 1535 988 1598 πάλιν,
1039 1537 1164 1589 ὅσον
1202 1539 1366 1610 ἐσμὲν
1392 1541 1452 1592 ἐν
1483 1541 1562 1610 τῷ
1592 1543 1780 1615 κόσμῳ
1807 1546 1982 1615 τούτῳ

407 1625 500 1677 καὶ
531 1627 587 1676 ἐν
616 1627 680 1695 τῇ
721 1627 884 1698 σαρκὶ⁸
913 1629 1429 1699 καταλελειμμένοι,
1457 1632 1552 1684 ἐὰν
1585 1633 1689 1695 ἕως
1719 1635 1819 1706 τῆς
1848 1637 1977 1706 ἁψί-

403 1712 488 1775 δος
535 1717 643 1768 τῶν
699 1719 946 1788 οὐρανῶν
999 1719 1326 1790 ὑψωθῶμεν,
1390 1724 1560 1792 χωρὶς
1621 1724 1822 1795 ἔργων,
1873 1728 1974 1780 καὶ

407 1805 606 1873 μόχθου
665 1809 917 1875 γενέσθαι
971 1811 1140 1878 ἡμᾶς,
1185 1813 1242 1866 ἐν
1282 1814 1587 1888 ἀμέριμνίᾳ
1623 1833 1683 1868 τε
1713 1813 1875 1881 εἶναι,
1917 1820 1977 1872 οὐ

402 1889 699 1964 δυνάμεθα*
750 1898 907 1951 τοῦτό
982 1902 1096 1954 ἐστι
1151 1902 1212 1955 τὸ
1260 1904 1556 1975 τελείωμα,
1618 1907 2046 1983 Συγχώρησόνδ

405 2003 511 2056 μοι’
550 1988 612 2039 τὸ
663 1989 826 2041 πλέον
856 1989 912 2042 δὲ
935 1991 1148 2057 τούτου,
1185 1993 1382 2064 μελέτη
1413 1995 1550 2048 ἐστί’
1583 1998 1830 2051 τουτέστι
1865 2016 1977 2068 χω-

407 2080 488 2147 ρὶς
515 2080 770 2144 διανοίας.
790 2083 900 2136 Καὶ
929 2085 1134 2154 eam;
1165 2087 1440 2157 Μάξιμος·
1477 2106 1497 2140 ‹
1520 2088 1583 2141 Ἦ
1607 2089 1749 2143 κατὰ
1777 2091 1978 2161 ἀρετὴν

403 2171 709 2239 φιλοσοφία,
740 2172 968 2244 γνώμης
994 2176 1284 2243 ἀπάθειαν,
1313 2179 1430 2233 ἀλλ’
1463 2182 1524 2234 οὐ
1544 2182 1781 2251 φύσεως,
1813 2184 1978 2253 ἐργά-

403 2264 589 2328 ζεσθαι
619 2270 866 2336 πέφυκε’
899 2271 1022 2324 καθ’
1055 2271 1121 2343 ἠν
1145 2273 1349 2344 δηλαδὴ
1381 2275 1477 2346 τὴν
1501 2277 1788 2348 γνωμικὴν
1827 2279 1974 2333 ἁπά-

403 2355 574 2422 θειαν,
612 2361 643 2428 ή
675 2361 817 2414 κατὰ
856 2362 981 2415 νοῦν
1009 2364 1107 2431 τῆς
1131 2365 1282 2429 θείας
1311 2365 1507 2438 ἡδονῆς
1535 2368 1842 2436 ἐπιγίνεται
1876 2371 1974 2440 χά-

402 2465 506 2517 ρις.
529 2467 546 2499 ι
575 2450 680 2502 Καὶ
707 2447 880 2515 αὖθις·
903 2472 923 2504 ι
944 2452 1001 2507 '0
1017 2453 1197 2525 λύπης
1218 2456 1312 2509 καὶ
1336 2457 1528 2527 ἡδονῆς
1549 2461 1753 2530 σαρκὸς
1780 2464 1975 2531 πεῖραν

397 2539 592 2606 λαϐὼν,
626 2541 820 2611 λέγοιτ’
849 2543 914 2598 ἂν
939 2545 1182 2616 δόκιμος,
1207 2547 1284 2610 ὡς
1313 2549 1623 2620 εὐχερείας,
1665 2553 1761 2605 καὶ
1784 2553 1974 2623 δυσχε-

399 2634 550 2703 ρείας
585 2634 692 2688 τῶν
728 2637 857 2705 περὶ
904 2639 1084 2708 σάρκα
1140 2641 1484 2710 πραγμάτων
1537 2645 1968 2714 πεπειραμένος,

396 2725 596 2790 τέλειος
623 2727 699 2790 δὲ,
736 2729 764 2780 ὁ
803 2727 902 2796 τὴν
953 2729 1145 2802 ἡδονὴν
1193 2730 1298 2800 τῆς
1331 2732 1558 2804 σαρκὸς,
1585 2734 1680 2787 καὶ
1721 2735 1822 2806 τὴν
1845 2736 1972 2789 ὀδύ-

394 2835 511 2886 νην,
549 2821 614 2890 τῇ
650 2819 743 2872 τοῦ
782 2820 942 2888 λόγου
976 2821 1209 2892 δυνάμει,
1255 2825 1691 2892 καταπαλαίσας,
1727 2827 1966 2898 -όλόκλη-

399 2925 487 2976 ρος
515 2908 591 2971 δὲ,
625 2911 653 2962 ὁ
706 2909 804 2973 τὰς
853 2910 998 2964 κατὰ
1044 2911 1143 2982 τὴν
1197 2912 1398 2982 πρᾶξιν
1445 2915 1535 2969 καὶ
1589 2915 1690 2985 τὴν
1733 2915 1969 2988 θεωρίαν

392 2995 552 3061 ἕξεις,
584 2997 884 3066 ἀτρέπτους
913 3001 979 3070 τῇ
1009 3002 1138 3070 περὶ
1171 3001 1231 3054 τὸ
1255 3001 1408 3056 Θείον
1441 3005 1693 3076 συντονίᾳ
1711 3006 1966 3079 διατηρή·

395 3102 511 3148 σας.
549 3087 646 3138 Διὰ
675 3086 738 3157 δὴ
764 3087 956 3154 ταῦτα,
990 3089 1084 3142 καὶ
1130 3091 1335 3160 μείζων
1365 3093 1556 3148 πασῶν
1590 3095 1698 3148 τῶν
1747 3098 1965 3167 ἀρετῶν

390 3179 423 3247 ή
453 3177 726 3248 διάκρισις
757 3175 896 3233 εἶναι
928 3180 1234 3253 διώρισται,
1283 3184 1379 3251 ὡς,
1428 3188 1486 3241 ἐν
1515 3181 1596 3251 οἷς
1633 3187 1700 3241 ἂν
1730 3190 1960 3261 ἐγγένη-

388 3287 500 3334 ται,
528 3272 746 3344 εὐδοκία
773 3273 933 3341 Θεοῦ,
965 3275 1085 3341 ἐξὸν
1113 3274 1191 3345 τῷ
1223 3276 1350 3346 θείῳ
1376 3278 1514 3345 φωτὶ
1543 3277 1959 3352 αὐγαζομὲνοις,
1990 3271 2034 3330 C

388 3365 482 3416 καὶ
519 3364 656 3428 θεῖα,
709 3366 804 3420 καὶ
838 3367 1161 3437 ἀνθρώπινα
1217 3369 1518 3440 διακρίνειν
1560 3372 1961 3444 ήκριόωμένως

2091 638 2239 704 litas,
2274 658 2396 711 quae
2433 657 2518 700 est
2557 651 2806 706 omnium
2875 655 3172 714 visibilium
3209 672 3264 716 et
3316 663 3673 727 invisibilium

2083 725 2393 796 derelictio,
2419 735 2716 795 visibilium
2741 744 2981 812 quidem,
3017 750 3260 806 omnium
3283 757 3626 815 sensibilium
3656 780 3671 830 ;

2088 819 2442 878 invisibiliqu
2469 841 2672 898 autem,
2707 833 3132 904 intelligibilium
3163 858 3401 915 nempe;
3439 858 3493 904 et
3513 819 3664 907 extra

2086 913 2250 966 etiam
2281 931 2471 972 eorum
2493 924 2855 980 memoriam.
2887 927 2950 983 Et
2981 931 3162 988 adhuc
3222 939 3546 1006 pmuitentia
3579 957 3662 1000 est

2083 1002 2384 1070 dupliciter
2409 1011 2670 1068 omnibus
2701 1017 2862 1071 mori.
2893 1017 3348 1083 Cor'miscricors
3371 1042 3455 1086 est
3481 1035 3696 1092 cordis-

2083 1094 2228 1148 ustio
2287 1112 2452 1166 super
2486 1103 2635 1157 omni
2690 1114 2966 1174 creatura,
3026 1128 3190 1182 super
3255 1118 3566 1179 hominibus
3616 1134 3668 1178 et

2080 1275 2182 1333 bus
2209 1295 2330 1350 quae
2355 1292 2535 1340 creata
2568 1297 2718 1342 sunt.
2737 1291 2804 1343 Et
2829 1309 3071 1360 rursum,
3099 1311 3362 1368 quantum
3393 1319 3582 1360 sumus
3616 1308 3666 1360 iu

2078 1368 2184 1423 boe
2213 1373 2418 1430 mundo
2448 1384 2500 1430 et
2543 1378 2594 1432 in
2622 1394 2790 1436 carne
2823 1386 3022 1452 relicti,
3057 1389 3235 1447 donec
3278 1397 3342 1447 ad
3399 1397 3700 1452 malorum,

2078 1458 2343 1519 fornicem
2379 1469 2698 1538 attolamur,
2724 1475 2933 1544 absque
2956 1481 3219 1548 operibus
3255 1493 3308 1538 et
3343 1486 3528 1541 labore
3566 1506 3667 1542 nos

2076 1567 2198 1608 esse
2227 1564 2281 1610 et
2307 1557 2363 1610 in
2391 1562 2686 1619 securitate
2720 1582 2825 1621 non
2853 1570 2999 1624 licet.
3034 1571 3106 1626 Ea
3139 1583 3224 1628 est
3255 1577 3542 1644 perfectio.
3582 1579 3668 1634 Di-

2077 1646 2230 1702 mitte
2248 1649 2382 1705 mihi
2413 1670 2428 1708 :
2454 1656 2597 1723 quod
2617 1669 2798 1714 autem
2826 1665 2969 1719 ultra
3002 1665 3054 1720 id
3088 1678 3194 1736 est,
3217 1670 3532 1727 sollicitudo
3557 1685 3664 1736 est,
3747 1741 3753 1746 .

2078 1737 2130 1791 id
2185 1748 2270 1796 est
2340 1744 2551 1815 absque
2596 1751 2830 1810 ratione.
2866 1773 2884 1805 ι
2946 1756 3006 1811 Ει
3060 1771 3286 1817 sanctus
3344 1761 3660 1820 Maximus:

2081 1849 2101 1884 ι
2133 1832 2264 1897 Qua:
2295 1839 2594 1894 secundum
2623 1843 2878 1901 virtutem
2928 1834 3411 1923 est-pltilosotibia,
3463 1861 3665 1913 mentis

2076 1927 2559 1995 tranquillitatem,
2599 1950 2710 1989 non
2748 1947 2981 2004 naturae,
3021 1947 3234 2011 operari
3290 1958 3507 2015 potest;
3570 1965 3667 2017 per

2073 2030 2238 2084 quam
2262 2021 2606 2089 spiritualem
2660 2032 3146 2101 tranquillitatem,
3205 2039 3375 2094 menti
3465 2041 3666 2097 divinzc

2073 2109 2260 2178 gratiae
2294 2115 2552 2182 gaudium
2576 2119 2868 2178 subintrat.
2901 2144 2920 2177 ι
2964 2125 3029 2180 Ει
3077 2144 3294 2183 rursum
3326 2149 3339 2184 :
3375 2149 3393 2183 ι
3418 2131 3519 2198 Qui
3547 2149 3667 2188 car-

2072 2201 2160 2255 nis
2179 2202 2416 2259 tristitia:
2443 2218 2496 2263 et
2515 2207 2717 2266 laetitiae
2739 2215 3176 2284 experimentum
3207 2223 3439 2290 accepit,
3470 2224 3666 2291 proba-

2073 2298 2160 2348 tus
2188 2293 2292 2348 dici
2354 2306 2553 2366 potest,
2573 2303 2774 2374 quippe
2797 2307 2888 2374 qui
2918 2309 2984 2361 de
3015 2311 3201 2367 studio
3222 2323 3316 2366 aut
3339 2315 3500 2369 taedio
3530 2329 3659 2370 caro

2070 2385 2276 2439 nalium
2334 2399 2560 2446 actuum
2602 2403 2847 2453 tentatus
2884 2409 2968 2455 est
2997 2418 3013 2468 ;
3045 2401 3326 2471 perfectus
3355 2417 3534 2462 autem
3569 2411 3663 2478 qui

2069 2477 2252 2532 carnis
2277 2479 2519 2538 laetitiam
2547 2495 2640 2539 aut
2663 2487 2910 2545 dolorem
2933 2493 3163 2550 rationis
3189 2496 3388 2551 virtute
3413 2497 3660 2562 domuit;

2067 2569 2248 2625 victor
2278 2574 2507 2632 omnino
2528 2579 2623 2649 qui
2655 2589 2780 2635 actu
2812 2590 2867 2636 et
2926 2587 3392 2657 contemplatione
3439 2589 3665 2646 habitus

2069 2663 2376 2718 constantia
2410 2666 2557 2721 circa
2613 2667 2785 2724 Deum
2812 2671 3188 2731 immutabiles
3238 2678 3497 2733 servavit.
3559 2677 3664 2733 Per

2069 2751 2185 2810 haec
2209 2770 2344 2812 sane
2369 2767 2422 2813 et
2452 2761 2632 2832 major
2645 2765 2907 2822 omnibus
2929 2768 3222 2830 virtutibus
3249 2771 3512 2826 discretio
3537 2788 3660 2827 esse

2067 2843 2507 2916 demonstratur,
2555 2854 2627 2909 ita
2651 2868 2710 2910 ut
2737 2857 2804 2912 tis
2840 2859 2895 2913 in
2934 2860 3138 2929 quibus
3172 2863 3434 2934 gignitur,
3472 2863 3662 2918 divino

2067 2933 2276 2993 lumine
2305 2939 2597 3001 illustratis
2621 2947 2785 3004 liceat
2813 2961 2868 3006 et
2892 2952 3076 3008 divina
3101 2961 3157 3009 et
3190 2933 3430 3009 humana
3464 2964 3519 3011 et
3541 2971 3659 3028 my-

2066 3029 2204 3085 stica
2257 3041 2312 3087 et
2357 3049 2556 3092 arcana
2626 3045 2937 3111 spectacula
2993 3055 3252 3102 accurate
3312 3049 3655 3105 discernere.

2067 3117 2305 3192 Tempus
2331 3136 2512 3182 autem
2539 3141 2622 3187 est
2650 3135 2844 3191 ordine
2871 3135 2969 3192 tibi
3019 3138 3299 3208 paululum
3330 3155 3427 3208 pro
3451 3141 3658 3215 viribus

2066 3215 2389 3273 ostendendi
2431 3237 2603 3278 sacrae
2653 3240 2716 3282 ac
2749 3227 2958 3284 deiﬁcaa
3009 3246 3171 3300 quam
3211 3234 3660 3288 auuuutiavimus

2067 3307 2219 3373 pacis
2249 3309 2602 3380 principium,
2659 3324 2718 3370 ut
2775 3317 3142 3386 manifestim;
3183 3322 3326 3378 Deus
3368 3332 3550 3378 autem
3607 3337 3660 3378 et

2063 3409 2126 3450 ea
2147 3412 2268 3465 qum
2297 3401 2497 3458 dicturi
2523 3419 2740 3475 sumus,
2789 3409 3010 3479 dirigat.

397 3465 723 3537 πράγματα,
756 3470 852 3523 καὶ
893 3472 1158 3540 μυστικὰ,
1205 3476 1303 3528 καὶ
1326 3477 1624 3548 άπόκρυφα
1655 3479 1926 3550 Θεάματα,
1957 3478 2070 3540 εἷεν
2097 3499 2113 3518 °
2162 3486 2281 3557 ὥρα
2311 3489 2366 3543 δὲ
2413 3491 2652 3564 καθεξῆς
2691 3465 3043 3569 μίκρὸνυπως
3079 3503 3154 3566 ὡς
3185 3504 3409 3574 ἐφικτὸν
3436 3504 3663 3574 διαμεθ-

393 3557 611 3614 οδεῦσαί
643 3578 724 3613 σοι
755 3563 850 3616 καὶ
878 3564 978 3635 τὴν
1003 3566 1106 3636 τῆς
1132 3573 1662 3646 προεπηγγελμένης
1691 3576 1848 3649 ἱερᾶς
1877 3579 1972 3633 καὶ
2002 3580 2252 3637 θεοποιοῦ
2281 3587 2518 3657 ἡσυχίας
2772 3557 2936 3648 οΙίονεὶ
2955 3557 3332 3669 ἐκδηλότερον,
3385 3601 3414 3655 ὁ
3439 3600 3493 3654 δέ
3519 3601 3652 3661 Θεὸς

395 3649 635 3717 ἡγείσθω
666 3655 763 3707 καὶ⁵
792 3655 905 3710 τῶν
930 3658 1030 3729 ήδη
1066 3661 1484 3734 ῥηθησομένων.

387 3778 522 3845 Περὶ
552 3777 672 3831 τῶν
701 3779 880 3856 πάττε
922 3781 1218 3856 ἐργασιῶν
1254 3784 1364 3856 τῆς
1407 3789 1644 3856 πρώτης
1697 3792 1795 3846 καὶ
1829 3789 1962 3849 οἷον

454 3849 875 3931 εἰσίηηινΐιίιῆς⁸
903 3851 1168 3931 ήᾳυχίᾳς
1226 3849 1350 3931 τῶν(
1399 3849 1723 3931 ἀρχαρίων,
1764 3863 1960 3931 ἤγουν

435 3917 822 4001 νπρρςτευχῆς,
838 3917 1214 3990 ψαλμῷδίας,
1241 3917 1654 3995 ἁναγνῶἇεῖυς,
1673 3917 1956 4001 ιίελέτῆς,

448 3988 541 4040 καὶ
569 3988 935 4056 ἐργοχεφου.
967 3988 977 3990 ⁷
1363 3988 1380 4014 ³

456 4097 558 4168 με’,
591 4100 690 4154 Διὰ
732 4101 893 4154 πέντε
923 4102 1221 4172 ἐργασιῶν,
1250 4105 1318 4158 δι’
1345 4101 1418 4161 ὧν
1448 4110 1476 4161 ὁ
1499 4109 1628 4174 Θεὸς
1653 4111 1955 4183 θεραπεύε-

380 4203 492 4249 ται,
543 4189 748 4256 ὀφείλει
789 4189 818 4241 ὁ
859 4193 918 4243 ἐν
971 4192 1174 4264 ἠσυχίᾳ
1242 4197 1505 4268 ἀρχάριος
1555 4199 1864 4272 διέρχεσθαι
1893 4204 1954 4255 τὸ

386 4279 746 4351 νυχθήμερον,
778 4280 981 4352 δηλαδὴ
1015 4283 1073 4338 ἐν
1106 4291 1409 4360 προσευχῇ,
1469 4292 1590 4362 ἦτοι
1637 4296 1828 4368 μνήμῃ
1857 4293 1952 4348 τοῦ

381 4389 590 4459 Κυρίου
637 4387 812 4460 Ἰησοῦ
878 4390 1122 4461 Χριστοῦ
1167 4393 1436 4465 διηνεκῶς
1491 4402 1825 4478 εἰσαγομένη
1874 4405 1968 4480 [ἐν

384 4478 522 4533 ἄλλ.
558 4480 994 4554 προσαγομένῃ],
1031 4483 1108 4548 ὡς
1141 4487 1466 4558 προείρηται
1493 4491 1583 4546 διὰ
1619 4496 1789 4568 πνοῆς
1819 4478 1970 4570 ῥινὸς

384 4571 441 4623 ἐν
471 4572 538 4641 τῇ
588 4571 786 4642 καρδίᾳ
841 4573 1052 4645 ἠρέμα,
1115 4577 1210 4630 καὶ
1246 4578 1404 4644 αὖθις
1431 4580 1604 4648 οὕτως
1634 4586 1962 4664 ἐξαγομένη,

2069 4607 2405 4672 compressis

385 4662 710 4731 μεμυκότων
728 4664 985 4734 -χειλέων,
1013 4666 1137 4737 δίχα
1155 4670 1255 4738 τῆς
1278 4672 1497 4726 οἱασοῦν
1530 4675 1698 4747 ἄλλης
1724 4662 1959 4746 ἐννοίας,

384 4754 476 4806 καὶ
512 4757 842 4823 φαντασίας,
874 4757 996 4827 ήτις
1017 4758 1085 4812 δι’
1117 4761 1449 4832 ἐγκρατείας
1483 4773 1839 4842 περιεκτικῆς
1865 4791 1965 4842 γα-

381 4847 563 4915 στρὸς,
596 4848 800 4917 φαμὲν,
842 4847 1009 4902 ὕπνου
1068 4867 1128 4904 τε
1161 4855 1255 4906 καὶ
1284 4855 1392 4910 τῶν
1421 4857 1598 4913 ἄλλων
1630 4863 1962 4933 αἰσθήσεων,

378 4934 526 4986 ἔνδον
549 4935 644 4989 τοῦ
679 4938 917 5003 κελλίου,
951 4941 1049 4994 σὺν
1081 4946 1413 5000 ταπεινώσει
1439 4949 1729 5024 εἰλικρινεῖ
1762 4971 1962 5029 κατορ-

377 5024 586 5087 θοῦται,
620 5028 677 5079 ἐν
703 5026 1021 5101 ψαλμῳδίᾳ,
1055 5031 1113 5085 ἐν
1151 5033 1460 5102 ἀναγνώσει
1488 5039 1552 5093 ἔκ
1583 5059 1643 5094 τε
1687 5043 1779 5096 τοῦ
1814 5024 1962 5117 ίεροῦ

374 5117 715 5190 Ψαλτηρίου,
753 5122 1102 5191 Ἀποστόλου,
1133 5127 1226 5179 καὶ
1253 5129 1364 5183 τῶν
1396 5131 1566 5199 ἁγίων
1589 5133 1960 5208 Εὑαγγελῐων,

373 5209 483 5261 τῶν
528 5229 588 5265 τε
638 5217 1096 5286 συγγραμμάτων
1142 5221 1252 5274 τῶν
1301 5222 1598 5294 θεοφόρων,
1657 5229 1752 5282 καὶ
1786 5230 1962 5300 ἁγίων

374 5301 656 5375 Πατέρων,
705 5307 799 5359 καὶ
843 5308 1082 5376 μάλιστα
1127 5312 1238 5364 τῶν
1280 5320 1409 5386 περὶ
1477 5321 1810 5393 προσευχῆς,
1864 5327 1962 5381 καὶ

373 5391 590 5461 νήψεως
615 5396 952 5465 κεφαλαίων,
986 5401 1128 5471 πρὸς
1154 5402 1235 5469 δέ,
1261 5405 1355 5457 καί
1384 5407 1494 5460 τῶν
1516 5391 1722 5477 λοιπῶν
1756 5414 1959 5469 ἐνθέων

369 5483 570 5553 λογίων
601 5492 694 5546 τοῦ
747 5489 1090 5561 Πνεύματος,
1145 5496 1206 5547 ἐν
1238 5497 1463 5569 ἐμπόνῳ
1499 5502 1730 5572 καρδίας
1767 5507 1958 5580 μνήμῃ

371 5577 477 5630 τῶν
504 5579 940 5652 ἁμαρτημάτων,
995 5587 1091 5638 καὶ¹
1121 5589 1179 5640 ἐν
1211 5589 1412 5661 μελέτῃ
1459 5592 1698 5662 κρίσεως
1733 5577 1953 5672 Θεοῦ,ή

369 5668 627 5737 θανάτου,
683 5674 716 5746 ἢ
775 5674 1072 5742 κολάσεως,
1151 5679 1184 5750 ἦ
1251 5681 1632 5750 ἀπολαύσεως,
1691 5690 1788 5744 καὶ
1842 5692 1956 5746 τῶν

342 5746 590 5835 νόμοίωνο
634 5769 727 5820 καὶ
759 5769 816 5820 ἐν
842 5770 1148 5850 ἐργοχείρῳ
1174 5746 1362 5845 μικρῷ
1389 5777 1463 5840 ὡς
1493 5746 1726 5848 ἀκηδίας
1766 5786 1952 5852 φιμώ-

367 5877 500 5928 τρῳ,
536 5861 630 5914 καὶ
662 5861 827 5916 πάλιν
859 5864 1327 5933 ἐπανακὰμπτειν
1353 5872 1432 5932 είς
1480 5875 1812 5946 προσευχὴν,
1847 5879 1952 5953 κᾶν

2072 3791 2150 3846 De
2181 3795 2407 3877 quinque
2463 3804 2856 3882 operationibus
2882 3811 3069 3882 prima:
3097 3825 3145 3868 et
3179 3825 3234 3868 ut
3264 3818 3522 3877 ἀπιεῖσι-ἴτε
3547 3826 3658 3882 inci

2882 3864 2891 3871 _
2989 3864 3056 3866 ν.-
3101 3864 3140 3868 --
3181 3864 3229 3868 --ν
3265 3864 3516 3877 ντ-ννυν--ιν
3547 3864 3652 3882 πηνα

2139 3864 2389 3963 piegtium
2409 3870 2575 3938 pacis,
2597 3888 2776 3942 nempe
2795 3881 3053 3946 oratione,
3080 3885 3404 3960 psalmodia,
3425 3893 3663 3963 lectione,

2141 3950 2221 3963 ...Α
2261 3939 2506 3963 αιέηιὲμι..-
2573 3951 2612 3963 -ι
2649 3959 2720 3963 --ικ
2964 3950 2976 3963 ⁸
3022 3955 3032 3963 ”

2141 3936 2506 3994 meditiatione
2559 3936 2612 3996 et
2644 3936 2899 4001 manuum
2957 3936 3160 4012 labore.

2139 4139 2228 4195 45.
2247 4139 2353 4199 Per
2373 4145 2618 4218 quinque
2639 4151 3010 4224 operationes,
3042 4157 3244 4228 quibus
3272 4162 3416 4222 Deus
3435 4169 3656 4236 colitur,

2068 4242 2286 4288 noctem
2318 4237 2559 4296 ae‘diem
2590 4245 2831 4303 transire
2864 4246 3028 4308 debet
3050 4251 3098 4309 is
3130 4255 3226 4325 qui
3255 4256 3475 4330 incipit,
3507 4281 3658 4320 nem-

2065 4337 2133 4392 pe
2163 4331 2488 4399 orationem,
2514 4341 2570 4389 et
2627 4341 2952 4397 memoriam
3015 4343 3232 4404 Domini
3295 4349 3423 4409 Jesu
3458 4355 3659 4417 Christi

2065 4417 2402 4483 continuam.
2425 4423 2728 4496 inductam,
2751 4432 3034 4492 utdictum
3063 4446 3166 4505 est,
3195 4455 3292 4511 per
3315 4447 3465 4502 naris
3493 4447 3661 4520 inspi-

2065 4509 2336 4567 rationem
2365 4517 2608 4575 suaviter
2669 4521 2722 4577 in
2777 4527 2945 4605 corde
2986 4541 3042 4586 et
3113 4547 3334 4591 rursum
3380 4539 3657 4608 eductam,

2427 4607 2611 4678 labiis,
2638 4613 2763 4672 sine
2789 4616 2902 4673 ulla
2935 4621 3043 4676 alia
3063 4624 3398 4693 cogitatione
3429 4642 3481 4684 et
3515 4633 3656 4688 ima-

2065 4691 2349 4760 ginatione
2379 4713 2502 4769 quae
2530 4717 2628 4773 per
2651 4706 2969 4766 universam
2991 4691 3206 4773 ventris
3229 4725 3650 4791 temperantiam

2063 4782 2318 4854 dicimus,
2351 4792 2532 4848 somni
2558 4803 2615 4850 et
2643 4795 2878 4854 aliorum
2907 4805 3277 4873 sensibilium,
3305 4813 3448 4867 intra
3480 4816 3624 4870 celtu

2063 4871 2197 4938 lam,
2221 4892 2346 4933 cum
2374 4881 2594 4940 sincera
2635 4886 2964 4958 humilitate,
2995 4897 3384 4967 perlicitur,_in
3413 4902 3656 4962 lectione

2061 4966 2204 5020 sacri
2238 4971 2504 5040 psalterii,
2534 4974 2804 5047 Apostoli,
2837 4986 3159 5045 sanctorum
3205 4988 3649 5066 Evangeliorum,

2060 5074 2231 5115 sacrae
2254 5061 2578 5135 Seripturae,
2609 5079 2666 5125 et
2700 5084 3018 5133 sanctorum
3047 5080 3297 5151 Patrum,
3324 5101 3388 5142 ae
3415 5103 3650 5159 praeser-

2059 5151 2156 5206 tim
2189 5155 2430 5224 capitum
2462 5161 2528 5214 de
2550 5163 2799 5221 oratione
2824 5176 2881 5222 et
2902 5169 3205 5241 vigilantia,
3238 5183 3291 5230 et
3308 5177 3376 5232 ad
3403 5151 3519 5234 brae
3541 5196 3646 5237 caa-

2057 5249 2300 5299 terorum
2325 5247 2636 5306 divinorum
2671 5257 2846 5311 sancti
2877 5256 3114 5328 Spiritus
3145 5267 3518 5335 oraculorum,
3587 5272 3643 5326 in

2056 5333 2331 5393 laboriosa.
2351 5339 2532 5396 cordis
2558 5353 2912 5412 peccatorum
2946 5354 3232 5422 memoria,
3266 5367 3322 5412 et
3359 5357 3413 5413 iu
3470 5363 3647 5415 medi-

2057 5425 2264 5482 talione
2286 5425 2484 5486 Judicii
2512 5431 2608 5489 Dei
2641 5443 2736 5492 aut
2762 5441 2978 5508 mortis,
3004 5452 3098 5498 aut
3122 5447 3382 5517 supplicii
3426 5453 3641 5518 aeterni,

2055 5521 2295 5575 aut'ca-li
2330 5522 2659 5582 deliciarum
2689 5540 2744 5584 et
2775 5532 3064 5602 similium,
3096 5546 3152 5591 et
3184 5538 3239 5594 in
3272 5556 3536 5601 manuum
3564 5545 3647 5600 la~

2053 5607 2184 5663 bore
2211 5611 2383 5677 tenui,
2437 5623 2496 5669 ut
2549 5617 2736 5673 acedia
2795 5622 3258 5694 constringatur;
3307 5638 3362 5683 et
3415 5645 3680 5712 rursum,

2051 5709 2262 5768 opm'tet
2303 5719 2479 5774 genua
2517 5706 2744 5765 flectere
2771 5711 2839 5766 ad
2873 5714 3201 5780 orationem,
3241 5719 3350 5774 etsi
3413 5721 3476 5774 id‘
3533 5723 3640 5777 vim

2053 5793 2320 5860 patiatur,
2363 5795 2537 5853 donec
2563 5814 2719 5857 mens
2744 5803 3055 5861 assuefaeta
3122 5808 3194 5863 sit
3244 5812 3524 5882 propriam
3559 5814 3640 5869 iu-

2052 5887 2420 5942 coustautiam
2457 5889 2730 5960 deponere
2755 5894 3022 5968 frequenti
3051 5901 3115 5956 ad
3141 5900 3430 5960 Dominum
3453 5903 3642 5964 Iesum
