4058 6450
398 445 507 511 ’125

1619 456 2008 518 Ol‘USCULA
2043 456 2274 520 ASCET
2286 459 2424 522 lCA.

3552 464 3674 527 726’~

401 565 666 636 μὴμόνον
696 565 1003 636 ἀρχαρίοις,
1057 566 1194 621 ἀλλὰ
1246 570 1341 622 καὶ
1390 568 1577 632 αὐτοῖς
1619 571 1730 633 τοϊς
1778 570 1958 640 προκό-

2078 570 2390 646 reciderunt
2417 582 2472 628 et
2499 573 2874 629 confusionem
2912 575 3026 629 hare
3050 573 3196 630 utilia
3226 580 3375 638 sunt,
3424 581 3482 627 ut
3509 573 3650 627 idem

397 672 624 709 πτουσιν
663 655 766 725 ’ήδη
811 656 1174 727 σκορπισμδν,
1227 659 1322 712 καὶ¹
1371 658 1622 730 διάχυσιν
1649 660 1719 713 τὰ
1755 660 1982 717 τοιαῦτα

397 748 667 819 προξενεῖ,
701 747 777 812 ὡς
804 749 1014 810 ὁαῦτδς
1047 750 1205 814 αὖθις
1240 751 1398 820 ἃγιος
1440 751 1629 807 Ἰσαάκ
1668 770 1859 825 φησιν,
1896 755 1981 809 ὅτι

401 859 420 892 ι
458 842 521 893 Ἠ
549 841 858 904 ἀνάπαυσις
877 842 1006 905 τοὺς
1031 841 1186 907 νέους
1221 841 1450 913 βλάπτει
1478 844 1660 914 μόνον,
1687 847 1720 915 ὴ
1743 843 1801 898 δὲ
1823 845 1980 910 λύσις

394 932 649 995 καὶτοὺς
701 930 875 996 νέους,
926 932 1024 984 καὶ
1063 933 1191 995 τοὺς
1222 932 1508 1004 γέροντας,
1552 935 1646 988 καὶ
1698 936 1732 1006 ή
1779 934 1980 1006 ἡσυχία

393 1025 494 1086 τὰς
531 1021 637 1087 ἔξω
698 1021 983 1091 αἰσθήσεις
1039 1026 1244 1095 νεκροί,
1282 1026 1378 1080 καὶ
1416 1025 1517 1090 τὰς
1561 1025 1672 1079 ἔσω
1732 1029 1978 1098 κινήσεις

392 1114 619 1184 ἐγείρει.
670 1115 703 1184 ή
748 1114 805 1168 δὲ
844 1114 952 1178 ἔξω
999 1115 1319 1188 ἀναστροφὴ
1361 1117 1431 1171 τὰ
1482 1118 1707 1173 ἐναντία·
1769 1118 1976 1174 τούτων

393 1205 647 1274 πράττει,
680 1206 850 1276 ήγουν
877 1204 979 1269 τὰς
1015 1205 1122 1272 ἔξω
1145 1206 1432 1279 αἰσθήσεις
1474 1209 1700 1278 ἐγείρει,
1741 1210 1835 1263 καὶ
1864 1211 1967 1274 τὰς

391 1298 500 1352 ἔσω
528 1299 772 1369 κινήσεις
792 1299 998 1370 νεκροϊ.
1035 1317 1055 1352 ι
1087 1300 1199 1353 Καὶ
1224 1300 1252 1353 6
1273 1300 1372 1372 μὲν
1391 1300 1491 1372 τὴν
1521 1302 1846 1373 πρᾶξιν,ναὶ
1867 1303 1976 1374 μὴν

390 1390 485 1442 καὶ
511 1389 612 1458 τὴν
649 1388 790 1443 κατὰ
823 1388 884 1441 τὸ
913 1383 973 1443 εὗ
1013 1390 1276 1460 πράττειν
1325 1388 1446 1443 ὁδὸν
1476 1390 1577 1460 τῆς
1620 1389 1850 1461 ἡσυχίας
1881 1389 1976 1444 06’-

386 1499 498 1545 τως
557 1480 730 1535 εἰπὼν
760 1481 1136 1551 ὑπεμφαίνει·
1193 1483 1223 1536 6
1273 1482 1331 1536 δὲ
1371 1465 1473 1553 τῆς
1526 1483 1836 1552 Κλίμακος,
1876 1483 1971 1538 τὸν

358 1546 530 1627 ’κατὰ
561 1573 660 1645 τὴν
695 1546 885 1644 τρισον
914 1546 1097 1637 καλῶς
1152 1546 1465 1646 πράττοντᾶ
1512 1575 1608 1639 καὶ
1640 1546 1969 1646 summa,

325 1665 474 1721 ’ὶδιὰ
527 1665 638 1720 τῶν
671 1664 801 1735 ἑξῆς
848 1665 1207 1737 ἐπισημαίνει
1255 1667 1507 1739 γράφων·
1555 1687 1575 1721 ι
1625 1668 1973 1741 Ἦσυχαστής

386 1762 534 1813 ἐστιν
564 1763 592 1812 6
622 1759 685 1812 τὸ
710 1759 1002 1831 ἀσώματον
1023 1761 1082 1813 ὲν
1114 1760 1416 1831 σωματικῷ
1447 1760 1584 1830 οίκῳ
1627 1761 1971 1834 περιορίζειν

387 1850 731 1920 φιλονεικῶν,
761 1851 822 1904 τὸ
845 1851 1305 1923 παραδοξότατον*
1348 1855 1444 1908 καὶ
1472 1856 1787 1926 ήσυχαστής
1821 1857 1971 1912 ἐστιν

2073 678 2293 717 rursum
2326 665 2458 720 dicit
2498 676 2723 721 sanctus
2779 664 2931 721 Isaac
2967 684 2986 718 ι
3009 665 3247 738 Requies
3300 666 3651 720 solummodo

2071 756 2408 811 recentiores
2434 756 2599 821 laedit,
2635 756 2904 812 relaxatio
2955 770 3137 813 autem
3196 766 3251 813 et
3307 757 3541 827 juvenes
3596 766 3652 809 ct

2068 859 2253 915 senes,
2289 857 2345 902 et
2376 863 2480 918 pax
2531 858 2791 904 externos
2821 864 3015 905 sensus
3057 850 3375 914 mOrtiiicat,
3407 851 3655 904 internus

2070 947 2250 992 autem
2310 941 2914 1008 excitatmotus;etad
2948 952 3172 997 externa
3230 943 3514 997 conversio
3579 943 3661 995 iis“

2067 1032 2342 1084 contraria
2389 1032 2575 1101 elﬁcit,
2606 1036 2815 1090 scilicet
2843 1044 3098 1090 externos
3131 1035 3332 1090 excitat
3362 1051 3410 1089 m
3424 1044 3571 1098 otus,
3597 1042 3650 1087 et

2064 1120 2311 1176 internos
2335 1124 2646 1179 mortiﬁcat.
2674 1144 2693 1178 ι
2742 1126 2818 1181 Ac
2853 1126 2943 1180 ille
2967 1126 3186 1195 quidem
3220 1128 3512 1183 actionem.
3538 1126 3651 1179 imo

2068 1226 2203 1266 vero
2251 1227 2348 1282 per
2381 1213 2585 1268 bonum
2621 1217 2774 1286 pacis
2808 1217 2950 1271 viam
3014 1218 3101 1271 liis
3159 1217 3343 1272 verbis
3398 1217 3649 1280 indicat;

2064 1303 2276 1359 Clima:
2309 1344 2326 1367 ,
2375 1321 2500 1361 eum
2534 1308 2627 1377 qui
2681 1309 2783 1363 hac
2831 1310 3027 1365 semita
3089 1311 3226 1365 bene
3284 1310 3394 1380 agit
3426 1320 3478 1362 et
3510 1324 3635 1378 pro-

2065 1395 2230 1459 cedit,
2258 1411 2365 1466 per
2388 1412 2452 1452 ea
2481 1414 2604 1470 quze
2661 1412 2972 1470 sequuntur
3034 1401 3312 1470 signiﬁcat
3376 1402 3648 1457 scribens.

2071 1502 2091 1536 ι
2115 1482 2378 1543 Pacilicus
2402 1497 2487 1544 est
2517 1490 2609 1560 qui
2644 1491 3030 1561 incorporeum
3088 1492 3143 1547 in
3188 1507 3450 1561 corporea
3491 1493 3657 1545 ιΙοιιεο

2063 1573 2435 1634 determinare
2468 1580 2717 1648 studens,
2752 1584 2896 1653 quod
2929 1593 3013 1638 est
3056 1583 3295 1637 maxima
3349 1584 3511 1637 laude
3565 1584 3649 1636 di-

2063 1681 2229 1734 gnum
2256 1683 2270 1732 ;
2301 1678 2353 1723 et
2384 1671 2642 1740 pacificus
2665 1682 2751 1728 est
2780 1674 2871 1728 ille
2908 1675 3000 1744 qui
3034 1675 3204 1730 dixit:
3240 1694 3258 1726 ι
3283 1674 3396 1746 Ego
3411 1676 3657 1741 dormio,

2063 1760 2159 1815 sed
2198 1776 2294 1816 cor
2319 1778 2497 1818 meum
2532 1765 2761 1834 vigilat;
2791 1774 2846 1820 et
2898 1767 3096 1822 clausit
3154 1767 3379 1836 quidem
3429 1770 3649 1835 COI‘pOIi

2064 1856 2274 1911 cellula:
2301 1859 2530 1922 ostium.
2573 1871 2627 1916 et
2660 1862 2858 1932 linguae
2900 1864 3104 1919 ostium
3176 1878 3336 1928 sono,
3386 1872 3438 1918 ct
3502 1863 3653 1919 intus

383 1916 591 2006 έκεῖνος
619 1945 648 1997 6
693 1943 899 1997 εἰπών’·
930 1916 1076 2014 ἶΕγὼ
1116 1945 1365 2000 καθεύδω
1386 1989 1402 2013 ,
1429 1916 1524 2001 καὶ
1634 1916 1834 2020 καρδία
1866 1967 1958 2021 μοι.

2060 1953 2342 2023 spiritibus
2374 1955 2575 2011 ostium
2631 1958 2847 2014 clausit.
2870 1979 2889 2012 ι

379 2032 650 2101 ἀγρυπνεί
675 2047 689 2064 ·
724 2031 821 2086 καὶ
861 2032 1007 2089 κλείε
1039 2036 1141 2106 μὲν
1171 2038 1344 2110 θύραν
1375 2041 1573 2114 κέλλης
1624 2043 1866 2119 σώματι,
1904 2049 2001 2101 καὶ
2030 2046 2203 2120 θύραν
2237 2047 2486 2121 γλώττης
2519 2050 2819 2122 φθέγματι,
2853 2050 2949 2106 καὶ
3001 2052 3152 2107 ἔνδον
3181 2054 3360 2109 πύλτιν
3391 2057 3642 2127 πνεύμαο

384 2145 491 2184 σιν.

377 2230 514 2300 Περὶ
548 2228 659 2297 τῆς
696 2228 794 2310 διὰ
829 2226 1165 2310 προσοχῆς..
1195 2226 1294 2310 καὶ
1327 2227 1962 2310 νήψεωςαρνοσευχῆς

584 2297 930 2368 κῳδιακῆς,
956 2297 1188 2368 καὶτῆς
1212 2300 1500 2368 ἐργασίας
1535 2297 1748 2368 αὐτῆς.

450 2418 561 2483 μη¹.
610 2412 676 2464 Ἡ
720 2413 818 2465 σὺν
856 2413 1102 2484 προσοχῇ
1134 2412 1230 2464 καὶ
1282 2409 1444 2483 νήψει
1492 2411 1757 2482 γινομένη
1812 2411 1963 2471 ἔνδον

378 2504 631 2575 καρδίας,
648 2506 721 2568 ὡς
748 2502 991 2576 εἴρηται,
1014 2502 1317 2574 προσευχὴ,
1342 2502 1512 2573 χωρὶς
1533 2501 1700 2576 ἄλλης
1724 2502 1958 2567 ἑννοίας,

372 2597 638 2665 δηλονότι,
668 2596 765 2649 καὶ
800 2595 1103 2665 φαντασίας
1132 2594 1236 2665 τῆς
1280 2593 1523 2659 οίασοῦν,
1554 2593 1644 2649 διὰ
1699 2594 1799 2666 μὲν
1830 2594 1953 2658 τοῦ,

348 2687 548 2757 ΔΚύριε
593 2685 769 2757 Ἰησοῦ
803 2686 1030 2757 Χριστὲ,
1063 2684 1163 2738 Υἱὲ
1191 2685 1285 2739 τοῦ
1316 2685 1475 2751 Θεοῦ,
1503 2686 1642 2757 πρὸς
1671 2686 1835 2739 αὐτὸν
1865 2685 1959 2759 τὸν

378 2781 858 2851 μνημονευόμενον
889 2778 1099 2850 Κύριον
1136 2778 1349 2848 Ἰησοῦν
1368 2779 1606 2850 Χριστὸν
1632 2779 1834 2844 ἀύλως,
1861 2777 1958 2833 καὶ

377 2872 663 2942 ἀλαλήτως
720 2873 1072 2925 παντάπασιν
1110 2871 1139 2924 ό
1178 2870 1303 2934 νοῦς
1340 2871 1704 2934 ἀνατείνεται,
1764 2872 1856 2926 διὰ
1899 2871 1958 2927 δὲ

372 2964 494 3032 τοῦ,
543 2963 797 3034 Ἐλέησόν
844 2981 934 3034 με,
983 2963 1358 3035 παλινδρομεί,
1395 2964 1491 3018 καὶ
1539 2966 1769 3018 κινεῖται
1821 2963 1959 3034 πρὸς

373 3052 567 3108 ἐαυτδν
601 3054 677 3119 ὡς
698 3056 797 3108 οἰκ
832 3054 1159 3125 ἀνεχόμενος
1192 3055 1386 3108 ἑαυτοῦ
1424 3055 1498 3126 μὴ
1532 3054 1954 3127 ύπερεύχεσθαι·

375 3149 511 3219 πρὸς
541 3148 763 3217 ἀγάπην
796 3148 853 3201 δὲ
899 3148 1185 3218 προκόψας
1239 3148 1328 3203 διὰ
1388 3148 1583 3218 πείρας
1630 3149 1849 3213 ἑνικῶς.
1894 3149 1956 3201 τδ

373 3239 605 3294 καθόλου
655 3240 793 3309 προς
847 3240 1010 3294 αὑτὸν
1048 3241 1140 3294 τὸν
1198 3240 1404 3310 Κύριον
1456 3240 1664 3332 Ἰησοῦν
1715 3241 1953 3332 Χριστὸν
1986 3274 2029 3332 c

375 3326 716 3385 ἆνατ;ίνεται
738 3347 750 3359 ·
784 3326 889 3384 τοῦ
912 3331 1171 3400 δευτέρου
1211 3329 1584 3401 πληροφορίαν
1615 3328 1821 3401 ἐναργῆ
1854 3329 1953 3382 λα-

377 3422 509 3476 ϐὼν.
1256 3424 1261 3428 ’

374 3532 576 3599 Ὅπως
608 3532 724 3601 τὴν
754 3532 1111 3605 προσευχὴν
1142 3536 1201 3605 Δοἱ
1235 3534 1379 3590 θεῖοι
1416 3537 1675 3604 Πατέρες
1705 3535 1954 3604 παρέδο-

444 3619 566 3656 σαν
592 3605 796 3677 λέγειν
824 3602 1025 3673 ἡμᾶς,
1055 3603 1156 3659 καί
1185 3604 1275 3659 ὅτι
1299 3602 1620 3677 διαφόρως,
1651 3608 1750 3661 καὶ
1773 3602 1878 3674 τίς·
1910 3605 1949 3676 ἡ

434 3672 771 3742 προσευχὴ.
800 3687 809 3695 ‘

441 3785 547 3855 μθ’.
580 3786 779 3858 Διόπερ
825 3788 926 3843 οὐκ
963 3789 1051 3844 ἀεὶ
1082 3790 1183 3861 τὴν
1237 3792 1547 3862 προσευχὴν
1576 3791 1872 3863 ὁλόκληρον
1898 3791 1950 3845 oi

371 3876 503 3931 θεῖοι
539 3879 781 3949 Πατὲρες
815 3881 1021 3946 πάντες
1064 3883 1450 3954 παραδιδόντες
1489 3885 1793 3952 φαίνονται,
1834 3884 1951 3939 ἀλλ’

368 3970 397 4022 6
434 3969 552 4038 μὲν,
589 3971 904 4043 ὁλόκληρον,
933 3974 962 4026 6
999 3974 1077 4040 δὲ,
1110 3974 1171 4027 τὸ
1198 3974 1393 4044 ἣμισυ’
1428 3975 1551 4039 όδὲ,
1585 3976 1693 4028 ἀπὸ
1727 3975 1947 4045 μέρους,

369 4063 463 4114 καὶ
503 4062 710 4133 ἔτερος,
756 4064 982 4136 ἑτέρως,
1027 4066 1164 4137 πρὸς
1220 4066 1321 4138 τὴν
1368 4067 1464 4120 τοῦ
1499 4066 1947 4138 προσευχομένου

370 4151 500 4213 ἴσως
549 4155 779 4225 δύναμιν
831 4158 927 4210 καὶ
976 4159 1337 4214 κατάστασιν.
1404 4159 1515 4213 Καὶ
1576 4162 1605 4212 6
1654 4159 1756 4230 μὲν
1808 4156 1951 4223 θεῖος

369 4252 756 4322 Χρυσόστομος
809 4252 1103 4326 ὁλόκληρον
1154 4257 1324 4327 αὐτὴν
1387 4259 1756 4331 παραδίδωσιν
1802 4262 1946 4318 οὕτω

366 4340 560 4420 λέγων’
594 4361 612 4394 ι
647 4344 961 4413 Παρακαλῶ
994 4347 1161 4417 ὑμᾶς,
1203 4347 1443 4416 ἀδελφοὶ,
1475 4348 1569 4404 τὸν
1619 4351 1823 4408 κανόνα
1848 4353 1949 4423 τῆς

370 4433 679 4505 προσευχῆς
713 4436 981 4507 μηδέποτε
1023 4441 1480 4511 καταπατήσητε,
1535 4443 1568 4513 ἣ
1600 4448 1948 4520 καταφρονή-

373 4542 523 4595 σητε.
587 4528 837 4582 Ἤκουσα
885 4530 1004 4600 γάρ
1042 4549 1172 4586 ποτε
1202 4533 1313 4586 τῶν
1347 4536 1610 4607 Πατέρων
1652 4536 1944 4607 λεγόντων,

2059 2217 2136 2275 De
2160 2222 2403 2280 oratione
2432 2241 2722 2313 ﬂammeum
2766 2235 3056 2313 attentione
3100 2240 3373 2313 et_cordis
3418 2242 3650 2313 vigilan-

2427 2299 2501 2350 tia
2541 2297 2623 2367 ﬁt,
2663 2309 2711 2354 et
2743 2305 2807 2357 de
2829 2304 2944 2374 ejus
2974 2310 3294 2375 operatione.

2064 2384 2079 2471 ’ί
2133 2381 2224 2437 48.
2257 2381 2391 2450 Quae
2408 2402 2533 2442 cum
2572 2395 2877 2451 attentione
2905 2411 2969 2452 ac
3000 2398 3285 2471 vigilantia
3356 2404 3500 2460 intra
3549 2422 3647 2463 cor

2058 2470 2125 2527 ﬁt
2150 2475 2349 2540 oratio,
2378 2480 2669 2539 atdictnm
2689 2497 2796 2551 est,
2826 2489 3034 2561 absque
3065 2470 3170 2547 alia
3212 2494 3544 2565 uegitatione
3599 2512 3652 2554 et

2058 2565 2449 2653 imaginatione
2475 2588 2573 2643 per
2629 2592 2723 2634 eas
2753 2595 2915 2636 voces
2942 2600 2956 2637 :
2984 2581 3213 2640 Domine
3237 2585 3651 2653 Iesu-Christe,

2058 2652 2162 2709 Fili
2185 2655 2298 2722 Dei.
2321 2663 2389 2715 ad
2406 2663 2585 2732 ipsum
2609 2681 2965 2727 memoratum
2985 2674 3273 2731 Dominum
3295 2676 3481 2733 Iesum
3502 2652 3657 2734 Clari.

2058 2752 2201 2802 stum
2233 2749 2439 2821 absque
2465 2769 2603 2811 sono
2626 2774 2690 2814 ac
2714 2762 2998 2821 locutione
3018 2770 3270 2835 omnino,
3323 2787 3480 2827 mens
3522 2790 3652 2843 pio-

2062 2838 2322 2896 tenditnr.
2358 2843 2464 2900 Per
2508 2848 2638 2905 illud
2688 2865 2871 2909 autem
2917 2875 2937 2908 ι
2982 2857 3247 2916 Miserere
3278 2862 3426 2917 mei»
3462 2879 3651 2920 recur-

2059 2927 2145 2982 rit
2166 2937 2221 2982 et
2246 2931 2311 2987 ad
2344 2935 2582 3007 seipsam
2613 2954 2885 3012 movetur,
2925 2957 3185 3020 tanquam
3223 2966 3331 3006 non
3364 2955 3652 3011 sustinens

2058 3032 2161 3115 pro
2193 3036 2252 3115 se
2281 3039 2391 3081 non
2422 3043 2614 3101 orare;
2640 3037 2708 3090 ad
2773 3041 3099 3098 charitatem
3167 3060 3297 3102 vero
3351 3047 3651 3115 proﬁciens

2063 3110 2417 3206 είξτειὶιπῑιει·
2465 3138 2563 3194 per
2623 3144 3092 3201 experimentum,
3162 3139 3227 3191 ad
3293 3138 3470 3206 ipsum
3544 3140 3650 3194 Do—

2064 3202 2273 3261 minum
2294 3207 2483 3269 Jesum
2516 3218 2796 3277 Christum
2818 3226 3073 3290 vertitur,
3108 3229 3332 3284 secundi
3354 3229 3500 3283 enim
3536 3246 3649 3285 ma-

2065 3292 2324 3355 nifestam
2349 3312 2762 3375 persuasionem
2797 3319 3030 3389 accepit.

2057 3547 2334 3633 Quomodo
2363 3560 2657 3633 orationem
2690 3566 2856 3623 diuini
2876 3568 3065 3627 Patres
3086 3574 3238 3628 nobis
3274 3575 3447 3631 dicere
3476 3580 3647 3633 (radi-

2125 3622 2338 3694 derunt,
2368 3637 2420 3685 et
2446 3632 2591 3701 quod
2615 3622 3645 3714 exacuendi;éi'ditEhEJa"e}z'o¥allé.

2126 3803 2216 3860 49.
2247 3804 2438 3878 Itaque
2465 3827 2575 3870 non
2609 3832 2830 3888 semper
2860 3823 3170 3880 orationem
3221 3827 3539 3885 universam
3570 3830 3651 3884 di-

2054 3894 2166 3950 vini
2220 3896 2411 3955 Patres
2450 3919 2645 3963 omnes
2671 3910 2965 3970 tradidisse
3015 3914 3292 3981 videntur,
3346 3920 3441 3975 sed
3500 3937 3646 3976 unus

2053 3988 2273 4056 quidem
2322 3993 2670 4065 universam,
2705 4001 2848 4059 alius
2897 4014 3077 4062 autem
3121 4008 3447 4078 dimidiam;
3505 4015 3647 4069 alter

2051 4282 2172 4321 eam
2241 4271 2494 4339 tradidit,
2525 4275 2758 4333 dicens.
2834 4279 3080 4339 «Hortor
3142 4300 3264 4349 vos,
3323 4285 3550 4354 fratres,
3579 4299 3641 4344 ut

2053 4374 2333 4430 nunquam
2360 4367 2626 4425 orationis
2657 4371 2903 4439 regulam
2952 4376 3297 4434 conculcetis
3349 4390 3447 4435 aut
3512 4395 3647 4435 con-

2051 4456 2333 4513 tenmatis.
2361 4459 2560 4515 Audivi
2591 4463 2737 4519 enim
2799 4463 2991 4523 Patres
3039 4467 3290 4526 dicentes
3322 4509 3338 4525 .
3397 4471 3534 4538 Quis
3560 4484 3648 4530 est

2049 4549 2356 4606 monachus
2387 4551 2512 4617 iste,
2550 4555 2642 4623 qui
2668 4559 2909 4628 regulam
2945 4570 3269 4617 contemnat
3301 4568 3647 4623 autconcul-

366 4618 448 4673 ὅτι
480 4621 636 4684 Ποῖος
666 4622 874 4685 ἐκεῖνος
899 4623 929 4675 6
970 4626 1239 4693 μονάζων,
1276 4627 1371 4679 ἐὰν
1412 4627 1504 4682 τὸν
1534 4630 1735 4683 κανόνα
1773 4648 1947 4686 κατα-

2057 4648 2156 4700 cet,
2193 4641 2288 4696 sed
2322 4643 2504 4708 debet,
2539 4649 2656 4704 sive
2679 4652 2999 4715 manducet.
3026 4656 3146 4711 sive
3190 4656 3372 4719 bibat,
3409 4661 3526 4715 sive
3555 4676 3639 4717 se-

369 4713 635 4785 φρονήσῃ,
661 4712 693 4783 ἢ
722 4715 1087 4786 καταπατήσῃ
1110 4733 1126 4782 ;
1146 4716 1280 4770 ἀλλὰ
1301 4718 1505 4787 ὀφείλει
1522 4719 1632 4774 εἴτε
1662 4722 1850 4778 ἐσθίει.
1873 4724 1947 4778 εἴ·

371 4820 429 4855 τε
496 4805 661 4870 πίνει,
745 4805 860 4860 εἴτε
929 4808 1245 4875 καθέζεται,
1317 4810 1429 4864 εἴτε
1492 4813 1751 4878 διακονεῖ,
1835 4816 1946 4870 εἴτε

366 4894 561 4960 ὁδεύει,
596 4899 707 4952 εἴτε
745 4915 799 4951 τι
837 4898 1026 4970 ἕτερον
1083 4905 1248 4967 ποιεῖ,
1311 4903 1672 4969 ἀδιαλείπτως
1722 4907 1945 4977 κράζειν

365 4987 446 5050 τὸ,
476 4988 646 5059 Κύριε
671 4990 847 5060 Ἰησοῦ
875 4993 1102 5063 Χριστὲ,
1146 4994 1243 5047 Υἱὲ
1277 4993 1369 5048 τοῦ
1400 4996 1560 5058 Θεοῦ,
1594 4996 1817 5068 ἐλέησόν
1850 5016 1942 5068 με,

369 5078 456 5132 ἵνα
497 5080 633 5149 αῦτη
669 5083 702 5153 ἡ
742 5083 932 5153 μνήμη
962 5083 1056 5137 τοῦ
1088 5085 1356 5152 ὀνόματος
1386 5086 1482 5140 τοῦ
1533 5087 1742 5160 Κυρίου
1783 5088 1942 5159 ήμῶν

378 5169 550 5239 Ἰησοῦ
578 5172 839 5243 Χριστοῦ,
891 5175 1117 5247 ὲρεθίσῃ
1167 5178 1307 5247 πρὸς
1345 5179 1584 5250 πόλεμον
1603 5181 1694 5234 τὸν
1719 5180 1936 5252 ἐχθρόν.

364 5262 551 5317 Πάντα
577 5265 691 5333 γὰρ
717 5265 803 5319 διὰ
830 5269 931 5337 τῆς
961 5269 1182 5339 μνήμης
1211 5268 1328 5339 ἔχει
1357 5269 1539 5341 εὑρεῖν
1568 5272 1600 5341 ὴ
1640 5270 1939 5343 βιαζομένῃ

362 5351 531 5422 ψυχὴ,
585 5355 695 5408 εἴτε
755 5357 989 5426 πονηρὰ,
1064 5356 1175 5411 εἴτε
1245 5359 1447 5427 ἀγαθά.
1506 5361 1732 5433 Πρῶτον
1786 5362 1844 5414 δὲ
1883 5363 1943 5416 τὸ

363 5444 533 5498 κακὸν
560 5445 672 5516 ἔχει
719 5449 850 5500 ἰδεῖν
893 5447 1098 5501 ἔσωθεν
1137 5450 1195 5502 ὲν
1242 5452 1308 5521 τῇ
1349 5451 1551 5522 καρδία
1614 5452 1804 5517 αὑτοῦ,
1846 5455 1943 5506 καὶ

361 5537 482 5590 τότε
507 5538 573 5590 τὰ
597 5539 739 5593 καλά
757 5556 771 5570 ο
804 5542 836 5610 ἡ
867 5540 974 5613 γὰρ
999 5542 1185 5613 μνήμη
1218 5540 1330 5613 ἔχει
1352 5544 1569 5613 κινῆσαι
1596 5544 1685 5597 τὸν
1711 5545 1941 5612 δράκον-

360 5646 452 5691 τα,
487 5632 638 5701 καὶὴ
682 5633 872 5703 μνήμη
911 5632 1026 5703 ἔχει
1065 5634 1230 5688 αὑτὸν
1261 5636 1623 5689 ταπεινῶσαιο
1661 5639 1696 5707 ή
1744 5638 1939 5708 μνήμη

2054 4731 2202 4797 deat,
2254 4734 2373 4791 sive
2409 4741 2633 4801 serviat.
2670 4741 2784 4797 sive
2818 4742 2922 4798 iter
2945 4744 3134 4811 faciat,
3167 4748 3282 4803 sive
3327 4750 3457 4819 quid
3494 4752 3639 4808 aliud

2049 4835 2196 4890 agat,
2225 4827 2599 4886 indesinenter
2624 4834 2674 4887 id
2702 4836 2941 4891 clamare
2971 4874 2987 4890 .
3028 4855 3051 4890 ι
3076 4836 3306 4896 Domine
3335 4840 3641 4900 JesuCliri-

2047 4928 2155 4978 ste.
2192 4917 2294 4974 Fili
2328 4920 2444 4990 Dei,
2475 4925 2738 4980 miserere
2770 4930 2901 4993 mei,
2930 4949 2949 4981 ι
2977 4939 3038 4985 nt
3061 4930 3185 4997 ipsa
3218 4932 3431 4990 Domini
3468 4940 3641 4993 nostri

2042 5012 2171 5068 .lesu
2211 5014 2414 5072 Christi
2447 5019 2708 5073 memOria
2733 5035 2858 5076 eum
2887 5022 3091 5080 excitet
3110 5025 3178 5081 ad
3208 5026 3639 5096 impugnandum

2045 5108 2360 5165 inimicum.
2393 5110 2588 5167 Omnia
2611 5114 2758 5168 enim
2791 5130 2887 5185 per
2912 5118 3235 5172 memoriam
3267 5129 3443 5189 potest
3486 5122 3642 5177 inve-

2041 5204 2166 5258 nire
2193 5204 2299 5259 vim
2328 5206 2543 5275 patiens
2563 5205 2768 5273 anima,
2802 5209 2919 5263 sive
2952 5209 3122 5273 mala,
3157 5210 3274 5265 sive
3311 5212 3479 5269 bona.
3516 5213 3639 5268 Pri-

2044 5312 2194 5351 mum
2238 5306 2424 5352 autem
2460 5298 2665 5354 malum
2706 5315 2755 5356 et
2790 5301 2919 5356 licet
2950 5301 3004 5355 in
3027 5302 3196 5357 corde
3219 5318 3325 5357 suo
3354 5304 3558 5369 videre,
3585 5317 3642 5361 et

2043 5387 2245 5443 deinde
2281 5389 2445 5443 bona.
2472 5387 2735 5444 Memoria
2772 5391 2920 5445 enim
2960 5399 3150 5460 potest
3180 5394 3637 5450 draconenrmo—

2041 5494 2191 5545 vere,
2214 5489 2269 5535 et
2287 5481 2552 5537 memoria
2569 5490 2746 5546 potest
2768 5496 2892 5535 eum
2913 5484 3221 5540 liumiliare.
3252 5486 3511 5549 Memoria
3542 5504 3641 5558 pn-

2040 5560 2147 5625 tcst
2180 5581 2468 5640 peccatum
2497 5574 2549 5626 in
2586 5573 2745 5627 nobis
2797 5572 3038 5627 habitam
3098 5574 3530 5644 deprehendere.
3581 5585 3636 5630 et

2041 5667 2303 5719 memoria
2329 5676 2509 5737 potest
2534 5667 2711 5737 ipsum
2737 5668 3115 5739 pessumdare,
3132 5681 3184 5726 et
3207 5688 3424 5727 movere
3443 5672 3496 5726 in
3515 5691 3638 5729 cor-

361 5720 577 5789 ὲλέγξαι
600 5724 700 5792 τὴν
730 5727 786 5776 ὲν
818 5725 950 5794 ἡμῖν
969 5725 1229 5779 οἰκοῦσαν
1246 5727 1544 5796 ἁμαρτίαν,
1572 5728 1668 5783 καὶ
1691 5730 1724 5799 ή
1751 5733 1853 5799 μνή
1864 5748 1937 5800 μη

2330 5720 2349 5737 .
2536 5720 2635 5737 ,μ
2738 5720 3047 5739 ,τεθναίην-γ
3069 5720 3115 5734 η
3137 5720 3182 5726 π
3209 5720 3495 5727 unm—u-
3518 5720 3602 5729 -ν-

2057 5760 2113 5812 de
2141 5774 2359 5813 onmem
2390 5760 2646 5823 virtutem
2675 5760 2909 5824 inimici,
2931 5771 2988 5816 et
3010 5764 3272 5817 memoria
3297 5774 3479 5834 potest
3512 5782 3631 5821 (‘a'll

362 5812 474 5883 ἔχει
502 5814 666 5867 αὑτὸν
694 5815 1005 5885 δαπανῆσαι
1040 5818 1133 5870 καὶ
1180 5819 1403 5888 κινῆσαι
1439 5822 1621 5872 πᾶσαν
1652 5821 1750 5889 τὴν
1779 5820 1940 5875 δύνα-

366 5923 456 5974 μιν
495 5906 587 5958 τοῦ
618 5905 812 5977 ἐχθροῦ
850 5909 908 5962 ἐν
932 5911 993 5976 τῇ
1037 5909 1254 5985 καρδίᾳ,
1286 5912 1435 5981 καὶὴ
1472 5913 1661 5985 μνήμη
1700 5912 1808 5983 ἔχει
1842 5913 1939 5966 αύ-

2043 5852 2259 5905 γίιιεςιιτε
2288 5861 2343 5905 ει
2379 5853 2655 5907 eradicare
2681 5870 2776 5923 per
2823 5866 3043 5924 partes;
3078 5864 3137 5909 ut
3177 5870 3373 5911 nomen
3421 5857 3633 5912 Domini

2038 5942 2164 5997 ,ίιςδυ
2202 5942 2407 6000 Christi
2470 5945 2524 5999 in
2586 5948 2769 6004 cordis
2857 5947 3187 6017 profundum
3281 5949 3638 6025 descendens,
