4058 6454
398 405 506 470 ἿΞἹ

1233 409 1580 470 (ἸΑΙᾸᾸΞΤΙ
1621 410 1716 468 ET
1760 403 2067 469 IGNATII
2127 407 2818 469 XANTNOPULORUM

3552 405 3652 467 738

400 527 693 576 draconem
719 522 810 591 qui
845 537 1072 593 pascura
1106 532 1360 590 occupat,
1405 523 1680 586 lmmiliet,
1739 523 1980 576 animam

2093 522 2188 592 τὴν
2212 525 2429 592 νικῆσαι
2459 528 2547 577 καὶ
2585 525 2884 595 ἐκριξῶσαι
2921 524 3058 576 κατὰ
3100 524 3284 593 μέρος,
3333 523 3418 575 ἴνα
3446 523 3504 575 τὸ
3542 525 3658 576 δνο-

399 631 530 669 vero
561 615 733 670 salvet
765 631 830 670 ac
870 617 1129 671 viviticct‘.
1169 613 1542 671 lndcsinenter
1577 615 1743 686 igitur
1770 613 1988 670 adhaerc

403 707 612 760 nomini
635 707 849 761 Domini
868 707 1019 772 Jesu,
1063 709 1318 762 utcbibat
1344 724 1438 764 cor
1463 717 1614 762 tuum
1663 706 1984 772 Dominum,

398 806 452 852 et
484 797 746 850 Dominus
766 813 880 862 cor,
907 807 960 852 et
988 798 1099 852 duo
1129 799 1182 852 in
1207 815 1375 853 unum
1402 800 1554 852 fiant.
1589 796 1694 852 Sed
1715 798 1819 852 hoc
1845 811 1982 866 opus

397 896 484 940 est
507 901 612 938 non
640 888 804 940 unius
833 885 962 951 diei,
986 887 1078 941 sed
1107 887 1262 940 multi
1285 885 1549 954 temporis
1578 882 1786 949 ;multo
1807 892 1985 936 certa-

398 981 546 1032 mine
576 985 633 1032 et
669 987 916 1047 tempore
939 992 1081 1046 opus
1103 988 1204 1037 est.
1231 989 1292 1031 ut
1333 978 1592 1045 ejiciatur
1625 976 1904 1036 inimicus,
1935 984 1990 1025 et

400 1067 781 1124 lntroducatur
811 1069 1086 1126 Christus.
1115 1088 1132 1120 ι
1159 1069 1222 1123 Ει
1245 1085 1486 1132 rursum,
1508 1087 1526 1120 ι
1552 1068 1776 1136 Oportet
1797 1065 1991 1120 contir-

400 1175 552 1216 mare
575 1171 628 1217 et
659 1164 809 1218 intus
866 1161 1068 1216 habere
1087 1170 1346 1224 mentem,
1367 1171 1440 1216 et‘
1461 1161 1685 1216 fraanum
1723 1158 1825 1229 ipsi
1866 1157 1992 1228 inji-

399 1268 548 1318 cere.
572 1263 627 1308 et
646 1269 861 1308 omnem
881 1255 1260 1324 cogitationem
1281 1269 1584 1323 omnesque
1601 1253 1822 1322 maligni
1845 1253 1988 1306 vires

399 1359 497 1413 pur
531 1344 934 1400 invocationem
976 1344 1190 1399 Domini
1229 1346 1398 1402 uosu-i
1445 1343 1797 1400 Jesu-Christi
1834 1343 1992 1397 casti-

401 1451 551 1502 gare.
587 1455 606 1489 ι
644 1436 711 1490 Ει
749 1437 837 1488 ubi
889 1445 995 1490 stat
1052 1437 1370 1506 corpus,ihi
1395 1437 1464 1491 sit
1492 1446 1547 1490 et
1569 1451 1742 1501 mens,
1767 1433 1991 1488 utinter

403 1526 577 1579 Deum
635 1537 687 1581 et
718 1527 974 1582 cornihil
1017 1529 1342 1598 inveniatur;
1368 1528 1749 1583 intermedium
1774 1534 1870 1580 aut
1906 1540 1991 1581 se.-

401 1626 556 1687 ptum
588 1633 682 1672 cor
706 1619 1010 1674 ohscurans
1046 1620 1210 1688 idque
1235 1636 1263 1673 a
1291 1621 1400 1676 Deo
1421 1623 1738 1691 sejungens.
1771 1617 1828 1672 Si
1861 1631 1989 1671 vero

401 1709 530 1777 quid
567 1720 804 1765 mentem
851 1716 1046 1781 rapiat,
1077 1729 1184 1766 non
1212 1712 1635 1781 cegitationibus
1663 1710 1987 1765 morandum

398 1810 520 1867 est;
549 1817 616 1856 ne
649 1817 914 1858 assensus
947 1803 1094 1858 hisce
1117 1803 1544 1875 cogitationibus
1568 1802 1990 1874 ipsiimputetur

2091 632 2166 684 μα
2198 616 2293 670 τοῦ
2325 616 2528 686 Κυρίου
2565 617 2741 687 Ἰησοῦ
2769 614 3006 683 Χριστοῦ
3041 615 3440 684 κατερχόμενον
3487 619 3565 676 εἰς
3598 616 3660 668 τὸ

2089 706 2251 776 βάθος
2279 707 2376 776 τῆς
2399 708 2646 778 καρδίας,
2676 707 2766 760 τὸν
2800 707 2897 777 μὲν
2925 707 3195 776 δράκοντα
3226 708 3318 759 τον
3351 707 3657 778 κρατοῦντι

2086 797 2184 856 τὰς
2250 794 2422 862 νομὰς
2481 795 2818 866 ταπεινώσῃ,
2868 795 2965 866 τὴν
3002 795 3059 848 δὲ
3109 795 3290 865 ψυχὴν
3361 796 3509 868 σώσῃ
3563 800 3659 850 καὶ

2085 879 2423 952 ζωοκοιήσῃ.
2499 881 2887 946 ’Λδιαλείπτως
2939 883 3122 937 τοίνυν
3190 885 3530 954 παράμεινον
3583 887 3661 953 τῷ

2086 969 2308 1037 ὀνόματι
2338 968 2433 1021 τοῦ
2465 969 2672 1038 Κυρίου
2741 969 2942 1039 Ἰησοῦ,
2987 971 3074 1024 ἵνα
3104 972 3348 1042 καταπίῃ
3381 973 3414 1042 ἡ
3450 973 3650 1042 καρδία

2086 1060 2174 1114 τὸν
2215 1060 2438 1131 Κύριον,
2462 1062 2556 1114 καὶ
2582 1063 2610 1114 6
2637 1063 2839 1133 Κύριος
2867 1061 2967 1131 τὴν
3014 1063 3266 1133 καρδίαν,
3299 1068 3394 1117 καὶ
3437 1066 3660 1134 γένηται

2081 1154 2152 1206 τὰ
2180 1150 2292 1206 δύω
2330 1153 2408 1215 είς
2446 1152 2526 1206 ἓν.
2579 1152 2740 1207 Ἀλλὰ
2767 1154 2827 1207 τὸ
2861 1153 3022 1224 ἔργον
3049 1155 3208 1208 τοῦτο
3239 1157 3339 1208 οὐκ
3378 1155 3494 1209 ἐστι
3531 1158 3659 1221 μιᾶς

2084 1243 2318 1313 ἡμέρας,
2360 1243 2392 1314 ἦ
2442 1231 2576 1306 δύω,
2613 1243 2752 1297 ἀλλὰ
2811 1245 3006 1314 χρόνου
3059 1244 3254 1298 πολλοῦ
3306 1247 3398 1300 καὶ
3442 1247 3656 1316 καιροῦ*

2083 1335 2280 1389 πολλοῦ
2317 1335 2424 1407 γὰρ
2447 1336 2658 1404 ἀγῶνος
2711 1337 2806 1390 καὶ
2841 1338 3036 1407 χρόνου
3061 1339 3242 1410 χρεία,
3279 1341 3427 1403 ὅπως
3459 1341 3623 1410 ἐκσλη
3645 1370 3657 1378 -

2083 1427 2150 1497 θῃ
2188 1427 2216 1478 ὁ
2246 1425 2460 1496 ἐχθρὸς,
2503 1425 2598 1478 καὶ
2632 1429 2884 1500 ὲνοικήσῃ
2927 1431 2954 1482 6
2987 1430 3242 1498 Χριστός.
3282 1449 3300 1482 ›
3335 1432 3445 1484 Καὶ
3483 1427 3658 1492 αῦοτςο

2090 1535 2108 1567 ι
2150 1515 2270 1585 Χρὴ
2307 1514 2729 1582 άσφαλίξεσθαι,
2794 1520 2888 1570 καὶ
2932 1519 3170 1588 ἠνιοχεῖν
3212 1520 3304 1571 τὸν
3363 1520 3509 1581 νοῦν,
3567 1522 3661 1572 καὶ

2083 1610 2481 1680 χαλιναγωγείν
2513 1609 2696 1672 αὑτὸν,
2752 1609 2848 1662 καὶ
2889 1610 3070 1664 πάντα
3100 1612 3380 1681 λογισμὸν,
3413 1615 3504 1665 καὶ
3552 1616 3659 1664 πᾶ-

2085 1717 2185 1753 σαν
2219 1697 2313 1751 τοῦ
2347 1698 2584 1768 πονηροῦ
2620 1699 2900 1770 ἐνέργειαν
2959 1701 3208 1765 κολάζειν
3248 1703 3338 1756 διὰ
3393 1703 3492 1771 τῆς
3530 1705 3654 1755 ἐπι-

2083 1791 2329 1860 κλήσεως
2367 1789 2462 1843 τοῦ
2493 1790 2702 1861 Κυρίου
2737 1791 2897 1862 ήμῶν
2941 1792 3119 1861 Ἰησοῦ
3173 1793 3437 1863 Χριστοῦ.
3471 1812 3488 1844 ι
3546 1794 3658 1846 Καὶ

401 1893 564 1949 indie
587 1895 780 1960 judicii
821 1911 1004 1950 coram
1027 1868 1279 1965 Domino,
1307 1898 1527 1967 quando
1549 1868 1817 1967 iudicabit
1841 1893 1984 1950 Deus

2082 1883 2218 1936 ὅπου
2253 1883 2314 1934 τὸ
2343 1881 2504 1950 σῶμα
2557 1882 2794 1946 ἵσταται,
2842 1885 2958 1936 ἐκεῖ
3003 1883 3145 1937 ἔστω
3175 1885 3270 1936 καὶ
3320 1886 3348 1936 6
3386 1884 3532 1948 νοῦς,
3573 1885 3658 1937 ἵνα

399 1988 610 2041 occulta
640 1988 942 2044 hominum.
980 1987 1183 2044 Vacate
1208 1990 1376 2058 igitur
1407 2005 1648 2058 semper,
1702 1998 1757 2043 et
1790 1989 1976 2044 adllat-

398 2090 514 2135 rete
550 2081 784 2137 Domino
818 2082 928 2137 Deo
961 2093 1173 2147 nostro,
1210 2084 1386 2138 donec
1408 2084 1734 2138 misereatur
1787 2082 1978 2143 vestri,

397 2187 498 2227 nec
525 2173 823 2244 quidquam
854 2177 1002 2230 aliud
1029 2177 1277 2244 quaerite,
1319 2176 1422 2230 nisi
1459 2175 1630 2229 solam
1665 2173 1982 2228 misericor-

395 2265 540 2319 diam
567 2282 597 2320 a
631 2265 856 2322 Domino
878 2268 1081 2338 gloriw.
1101 2268 1422 2334 Qumrentes
1448 2277 1630 2322 autem
1660 2267 1982 2322 misericor-

397 2357 572 2420 diam.
606 2358 662 2413 in
707 2360 902 2414 humili
961 2371 1015 2415 et
1075 2359 1368 2414 miserabili
1419 2360 1582 2415 corde
1620 2359 1872 2430 quaerite.
1927 2366 1982 2412 et

396 2452 632 2506 clamate
661 2466 691 2505 a
733 2468 894 2506 mane
930 2453 994 2506 ad
1023 2468 1326 2520 vesperam,
1346 2462 1401 2508 et
1421 2455 1466 2509 si
1480 2453 1596 2508 fieri
1618 2452 1791 2523 possit
1811 2459 1981 2506 totam

396 2554 611 2599 noctem
645 2544 779 2598 illud
805 2562 823 2596 ι
857 2543 1087 2600 Domine
1118 2545 1250 2602 Jesu
1281 2546 1523 2613 Christe,
1563 2546 1830 2601 miserere
1851 2543 1979 2608 mei,

395 2643 450 2688 ιι
493 2636 672 2704 cogite
711 2645 946 2690 mentem
984 2648 1219 2692 vestram
1251 2637 1315 2692 ad
1351 2638 1482 2692 illud
1519 2652 1658 2708 opus
1693 2652 1871 2706 usque
1911 2636 1979 2691 ad

293 2737 300 2742 '
394 2740 652 2786 mortem.
692 2730 858 2788 Multa
902 2732 1047 2788 enim
1085 2734 1342 2789 violentia
1386 2749 1526 2804 opus
1567 2744 1672 2800 est,
1719 2732 1978 2803 quoniam

394 2833 628 2892 angusta
664 2831 716 2878 et
760 2833 908 2894 porta
945 2834 1000 2881 et
1016 2835 1169 2881 arcta
1203 2827 1460 2897 via,’_quaa
1501 2827 1651 2880 duci:
1686 2826 1753 2880 ad
1782 2825 1979 2888 vitam,

347 2974 355 2982 ο
392 2923 449 2968 ct
493 2914 710 2970 violenti
759 2916 1141 2986 ingrediuntur
1197 2917 1251 2972 in
1314 2933 1424 2986 ea;
1467 2918 1830 2973 violentorum
1896 2925 1981 2972 est

391 3007 539 3060 cn‘m
605 3024 830 3077 regnum
878 2988 1165 3066 calorum.
1193 3008 1397 3066 Hortor
1440 3012 1607 3082 igitur
1637 3025 1757 3076 vos,
1790 3025 1858 3064 ne
1893 3024 1981 3066 se-

397 3099 600 3165 p-iretis
635 3115 664 3153 a
704 3099 816 3155 Deo
851 3099 1017 3156 corda
1056 3111 1280 3168 vestra;
1324 3103 1418 3157 sed
1451 3103 1779 3157 adlnereatis
1826 3102 1876 3156 ei
1927 3109 1981 3156 et

2084 1973 2251 2044 μέσον
2288 1972 2382 2026 τοῦ
2415 1971 2550 2026 Θεοῦ
2589 1973 2685 2026 xci.
2737 1974 2837 2043 τῆς
2869 1975 3097 2043 καρδίας
3130 1977 3295 2045 μηδὲν
3345 1976 3532 2045 ἓτερον
3567 1977 3692 2030 εὑ-“

2085 2068 2342 2138 ρίσκηται
2371 2065 2446 2128 ὡς
2477 2069 2813 2135 μεσότοιχον,
2855 2064 2887 2135 ἢ
2917 2067 3169 2136 φραγμος
3208 2067 3532 2120 ἐπισκοτοῦν
3562 2071 3660 2137 τὴν

2081 2158 2334 2228 καρδίαν,
2383 2157 2478 2210 καὶ
2532 2155 2768 2227 χωρίζον
2819 2157 2910 2210 τὸν
2979 2157 3106 2210 νοῦν
3160 2158 3271 2212 ἀπὸ
3331 2158 3427 2212 τοῦ
3490 2159 3654 2216 Θεοῦ.

2093 2251 2221 2306 Ἐὰν
2240 2251 2293 2304 δέ
2323 2251 2417 2305 καί
2452 2269 2581 2303 ποτε
2609 2250 2832 2322 ἁρπάζῃ
2866 2252 2957 2304 τὸν
2990 2250 3138 2313 νοῦν,
3162 2251 3223 2304 οὐ
3261 2252 3366 2322 χρὴ
3412 2255 3527 2316 τοῖς
3567 2254 3656 2305 λοο

2082 2347 2302 2414 γισμοίς
2345 2337 2707 2414 ἐγχρονίζειν,
2753 2343 2842 2397 ἵνα
2897 2343 2972 2413 μὴ
3011 2345 3045 2416 ἠ
3098 2344 3498 2412 συγκατάθεσις
3548 2343 3660 2397 τῶν

2081 2436 2359 2507 λογισμῶν
2425 2437 2505 2500 είς
2570 2435 2772 2505 πρᾶξιν
2821 2431 2988 2508 ἀὐτῷ
3067 2437 3292 2508 λογισθῇ
3360 2439 3418 2490 ὲν
3471 2438 3658 2508 ἡμέρα

2082 2529 2320 2601 κρίσεως
2363 2527 2596 2580 ἐνώπιον
2623 2526 2719 2579 τοῦ
2750 2528 2982 2598 Κυρίου,
3022 2529 3110 2582 ὅτε
3153 2532 3330 2602 κρινεῖ
3357 2530 3386 2581 6
3426 2529 3558 2592 Θεὸς
3591 2530 3659 2582 τὰ

2081 2621 2302 2692 κρυπτὰ
2326 2620 2434 2674 τῶν
2463 2619 2786 2691 ἀνθρώπων.
2814 2621 3121 2689 Σχολάσατε
3148 2621 3322 2675 τοίνυν
3345 2621 3658 2684 διαπαντὸς,

2082 2716 2178 2768 καὶ
2204 2712 2578 2783 παραμείνατε
2602 2711 2792 2782 Κυρίῳ
2813 2712 2890 2783 τῷ
2917 2712 3037 2784 Θεῷ
3063 2713 3243 2784 ήμῶν,
3263 2713 3368 2778 ἕως
3389 2708 3448 2768 οὗ
3475 2717 3660 2786 οίκτη-

2089 2808 2228 2879 ρήσῃ
2261 2807 2288 2856 ὑ
2300 2805 2402 2872 μᾶς
2421 2844 2437 2869 ,
2470 2805 2564 2857 καὶ
2600 2803 2769 2874 μηδὲν
2793 2805 2982 2876 ἕτερον
3011 2805 3248 2876 ζητεῖτε,
3278 2806 3308 2876 ἢ
3336 2807 3496 2875 μόνον
3514 2808 3660 2871 ἔλεος

2086 2895 2237 2966 παρὰ
2269 2893 2363 2947 τοῦ
2393 2893 2599 2964 Κυρίου
2637 2895 2738 2964 τῆς
2770 2893 2950 2963 δόξης.
2984 2894 3286 2962 Ζητοῦντες
3322 2895 3379 2948 δέ
3422 2896 3569 2959 ἔλεος
3601 2897 3660 2949 ἐν

2082 2989 2313 3058 ταπεινῇ
2340 2987 2433 3040 καὶ
2479 2986 2689 3056 ἐλεεινῇ
2722 2987 2922 3058 καρδίᾳ
2953 2985 3191 3054 ζητεῖτε,
3234 2986 3330 3038 καὶ
3361 2987 3521 3057 βοᾶτε
3551 2989 3660 3041 ἀπ’)

2085 3076 2232 3150 πρωῒ
2253 3077 2356 3138 ἕως
2393 3075 2656 3146 ἑσπέρας,
2689 3077 2738 3129 εί
2770 3077 2998 3130 δυνατὸν
3032 3076 3127 3129 καὶ
3165 3077 3293 3146 ὅλην
3322 3077 3420 3148 τὴν
3454 3078 3648 3143 νύκτα,

391 3190 558 3244 corda
585 3191 912 3247 custodiatis
948 3193 1160 3263 ubique-
1195 3202 1251 3250 et
1294 3208 1508 3264 semper
1557 3209 1680 3249 cum
1712 3195 1973 3250 memoria

2082 3170 2164 3234 τὸ,
2197 3171 2371 3238 Κύριε
2417 3167 2592 3240 Ἰησοῦ
2624 3167 2850 3238 Χριστέ,
2885 3167 3108 3237 ἐλέησόν
3155 3185 3244 3240 με,
3267 3170 3362 3222 καὶ
3399 3169 3658 3240 βιάσασθε

393 3280 610 3335 Domini
660 3285 830 3336 nostri
851 3282 982 3338 Jesu
1035 3284 1260 3353 Christi,
1289 3286 1462 3340 donec
1496 3284 1846 3354 implantetur
1870 3300 1971 3340 no-

397 3389 520 3427 men
559 3372 774 3427 Domini
803 3373 952 3428 intus
977 3373 1029 3428 in
1063 3375 1248 3442 corde,
1275 3385 1330 3430 et
1357 3375 1487 3429 nihil
1520 3376 1670 3430 aliud
1699 3376 1970 3446 cogitetis,

392 3475 456 3520 ut
481 3467 856 3533 tnagnilicctur
878 3465 1128 3521 Christus
1153 3468 1207 3520 in
1251 3469 1427 3523 vobis.
1454 3487 1474 3521 ›
1499 3469 1639 3522 Ante
1691 3484 1815 3523 eum
1861 3484 1976 3522 ma-

393 3573 534 3628 gnus
555 3556 754 3612 Paulus
795 3558 1085 3612 Dominum
1125 3557 1312 3614 Jesum
1356 3573 1665 3628 proponens
1695 3560 1831 3615 dicit
1861 3581 1880 3611 ι
1920 3559 1976 3614 Si

389 3649 707 3704 confitearis
747 3650 800 3704 in
835 3665 932 3706 ore
965 3661 1060 3705 tuo
1088 3649 1375 3708 Dominum
1409 3649 1616 3714 Jesum,
1640 3661 1693 3706 et
1735 3653 1981 3707 credide-

389 3742 469 3794 ris
503 3742 555 3795 in
587 3741 755 3796 corde
788 3753 901 3806 tuo,
930 3744 1073 3810 quod
1102 3742 1242 3798 Deus
1282 3743 1568 3799 suscitavit
1596 3743 1746 3797 illum
1775 3759 1806 3797 a
1831 3759 1978 3797 mor-

393 3834 526 3898 tuis,
550 3835 734 3889 salvus
763 3835 896 3889 eris.
927 3835 1106 3890 Corde
1141 3836 1288 3890 enim
1325 3836 1567 3890 creditur
1591 3835 1656 3889 ad
1679 3836 1976 3906 justitiam,

389 3938 486 3978 ore
504 3935 684 3978 autem
713 3926 986 3980 confessio
1007 3925 1069 3978 fit
1093 3926 1159 3979 ad
1185 3929 1441 3980 salutem.
1463 3924 1528 3978 Et
1547 3939 1796 3978 rursum:
1821 3943 1838 3976 ι
1868 3921 1976 3977 Ne-

391 4031 480 4068 mo
501 4015 946 4071 dicitzbominus
971 4015 1150 4078 Jesus,
1183 4018 1289 4070 nisi
1324 4018 1376 4071 in
1411 4016 1614 4086 Spiritu
1661 4024 1852 4071 sancto
1874 4015 1974 4068 η.»

387 4107 556 4162 Addit
586 4119 767 4163 autem
801 4110 854 4162 in
879 4109 1084 4177 Spiritu
1105 4120 1311 4172 sancto,
1344 4110 1396 4164 id
1441 4118 1546 4176 est,
1602 4110 1821 4179 quando
1869 4110 1979 4161 vim

2043 3298 2047 3306 ι
2080 3261 2174 3316 τὸν
2226 3259 2350 3314 νοῦν
2383 3261 2540 3329 ὑμῶν
2577 3261 2658 3324 είς
2718 3259 2877 3314 τοῦτο
2933 3262 2994 3315 τὸ
3039 3261 3198 3331 ἔργον
3250 3263 3354 3326 ἕως
3380 3263 3612 3318 θανάτου
3639 3280 3656 3294 ο

2037 3354 2041 3358 ’
2082 3353 2285 3421 πολλῆς
2312 3351 2421 3423 γὰρ
2485 3351 2606 3422 βίας
2640 3352 2833 3422 χρείαν
2884 3351 2998 3422 ἔχει
3035 3353 3097 3406 τὸ
3143 3353 3305 3424 ἔργον
3345 3354 3525 3414 τοῦτο.
3577 3356 3660 3409 ὃτι

2086 3444 2244 3512 στενή
2277 3445 2425 3496 ἐστιν
2456 3445 2489 3513 ή
2522 3443 2687 3513 πύλη,
2761 3445 2857 3498 καὶ
2895 3444 3235 3514 τεθλιμμένη
3278 3446 3311 3514 ἡ
3342 3445 3460 3508 ὁδὸς
3488 3448 3520 3517 ή
3553 3447 3660 3499 ἀπ-

2084 3530 2297 3601 άγουσα
2330 3535 2408 3594 είς
2434 3532 2536 3601 τὴν
2566 3533 2736 3603 ζωὴν,
2779 3533 2874 3586 καὶ
2898 3533 2948 3585 οἱ
2975 3533 3288 3604 βιαζόμενοι
3321 3535 3659 3604 εἰσέρχονται

2083 3626 2143 3678 ἐν
2181 3625 2342 3694 αὑτῇο
2378 3623 2615 3693 βιαστῶν
2645 3623 2754 3695 γάρ
2805 3625 2952 3676 ἐστιν
2982 3626 3015 3693 ἠ
3051 3623 3298 3693 βασιλεία
3345 3625 3455 3678 τῶν
3484 3627 3653 3694 ούρα-

2081 3715 2210 3772 νῶν.
2241 3715 2551 3786 Παρακαλῶ
2568 3711 2662 3768 οῦν
2682 3715 2860 3783 ὑμᾶς,
2899 3716 2972 3786 μὴ
2998 3715 3261 3787 χωρίζετε
3294 3716 3394 3781 τὰς
3432 3717 3659 3788 καρδίας

2083 3806 2239 3878 ὑμῶν
2269 3806 2376 3861 ἀπὸ
2417 3805 2575 3868 Θεοῦ,
2615 3805 2752 3860 ἀλλὰ
2804 3808 3166 3878 προσμένετε,
3209 3809 3306 3861 καὶ
3355 3808 3658 3876 φυλάσσετε

2079 3898 2254 3960 αὐτὰς
2285 3896 2424 3968 μετὰ
2449 3897 2548 3966 τῆς
2567 3899 2786 3969 μνήμης
2814 3898 2908 3952 τοῦ
2929 3898 3304 3969 Κυρίουὴμῶν
3339 3898 3508 3967 Ἰησοῦ
3522 3899 3656 3968 Χρι-

2083 3988 2212 4044 στοῦ
2244 3988 2494 4047 πάντοτε,
2517 3987 2620 4051 ἓως
2641 3985 2701 4042 οὗ
2724 3987 3038 4059 ἐμφυτευθῇ
3061 3989 3121 4042 τὸ
3146 3989 3316 4058 ὄνομα
3337 3987 3429 4041 τοῦ
3456 3987 3656 4056 Κυρίου

2083 4080 2191 4136 ἔσω
2213 4082 2268 4135 ἐν
2292 4082 2358 4150 τῇ
2395 4079 2614 4152 καρδίᾳ,
2651 4081 2744 4134 καὶ
2769 4081 2934 4151 μηδὲν
2957 4080 3147 4151 ἐτερον
3199 4081 3378 4150 ἐννοῇ,
3421 4079 3508 4134 ἵνα
3558 4095 3645 4148 με·

389 4201 629 4269 Spiritus
670 4202 824 4268 illud,
871 4203 1043 4257 sancti
1089 4219 1188 4257 cor
1235 4203 1530 4272 acceperit,
1567 4217 1662 4271 per
1718 4216 1881 4270 quam
1927 4191 1982 4256 οε

2080 4201 2316 4273 γαλυνθῇ
2337 4203 2365 4255 6
2389 4199 2624 4271 Χριστὸς
2637 4200 2696 4252 ἐν
2711 4198 2856 4268 ὑμῖν.
2875 4217 2892 4249 ι
2915 4195 3029 4267 Πρὸ
3052 4195 3107 4250 δέ
3135 4211 3199 4261 γε
3219 4192 3408 4246 τούτου
3425 4192 3453 4244 6
3483 4191 3650 4261 μέγας

389 4295 698 4362 orat,quod
736 4305 819 4348 est
857 4294 1281 4364 proficientium,
1310 4304 1365 4349 et
1403 4309 1592 4350 eorum
1633 4295 1727 4362 qui
1757 4293 1980 4348 Christo

2080 4293 2290 4354 Παῦλος
2318 4293 2408 4346 τὸν
2445 4292 2649 4360 Κύριον
2687 4289 2898 4360 Ἰησοῦν
2942 4289 3172 4360 γράφων
3208 4284 3392 4355 φησίν·
3432 4303 3450 4335 ι
3525 4283 3652 4335 Ἐὰν

391 4385 445 4439 in
479 4387 609 4453 ipsis
642 4387 931 4442 manifeste
959 4389 1259 4452 habitante,
1290 4389 1486 4443 divites
1534 4386 1664 4441 facti
1697 4395 1845 4441 sunt.
1887 4387 1979 4441 llis

2080 4383 2417 4455 ὁμολογήσῃς
2449 4383 2505 4434 ἐν
2527 4380 2604 4449 τῷ
2637 4378 2864 4450 στόματί
2892 4396 2986 4431 σου
3029 4377 3235 4446 Κύριον
3293 4372 3523 4444 Ἰησοῦν,
3559 4371 3651 4424 καὶ

389 4493 631 4547 congrua
680 4479 895 4532 dictitat
931 4491 984 4533 et
1045 4493 1269 4535 sanctus
1306 4481 1618 4536 Diadochus
1661 4497 1679 4531 ι
1727 4479 1973 4535 Postulat

2080 4475 2374 4546 πιστεύσῃς
2405 4475 2464 4525 ἐν
2486 4475 2548 4543 τῇ
2576 4472 2775 4543 καρδίᾳ
2803 4487 2919 4530 σου.
2944 4469 3214 4531 ὃτιὸΘεδς
3236 4467 3457 4536 ἤγειρεν
3486 4461 3650 4516 αὐτὸν

389 4571 594 4623 anohis
629 4575 853 4623 omnino
893 4586 1046 4625 mens
1092 4586 1215 4625 cum
1247 4573 1367 4641 ejus
1412 4585 1604 4627 omnes
1635 4572 1816 4627 aditus
1851 4588 1969 4626 me-

389 4663 566 4716 moria
605 4663 697 4717 Dei
752 4665 1113 4733 obstruimus,
1159 4681 1298 4737 Opus
1355 4665 1628 4736 quoddam
1669 4667 1814 4736 quod
1848 4666 1970 4736 ejus

389 4754 624 4808 solertia:
685 4754 1002 4812 satisfacere
1041 4758 1236 4824 possit.
1285 4756 1507 4829 Oportet
1562 4759 1726 4828 igitur
1768 4775 1866 4814 nos
1919 4764 1968 4817 ei

386 4851 520 4902 dare
564 4849 694 4902 illud
729 4864 745 4903 :
788 4866 807 4899 ι
851 4849 1074 4905 Domine
1114 4849 1266 4915 Jesu,
1305 4869 1325 4902 ι
1370 4853 1714 4908 solummodo
1749 4854 1801 4910 in
1851 4857 1972 4910 uni-

385 4955 602 4994 versam
653 4942 1066 5009 operationema
1092 4958 1199 5012 qua
1232 4945 1504 4999 tendatad
1536 4949 1971 5016 scopum.l\’emo

384 5031 534 5086 enim
578 5033 708 5086 dicit
745 5032 1032 5087 Dominum
1058 5033 1394 5100 Jesum,nisi
1426 5036 1480 5090 in
1506 5035 1712 5107 Spiritu
1757 5055 1966 5097 sancto.

388 5125 495 5179 Sed
540 5125 590 5179 id
642 5126 1097 5180 stuicte‘verbum
1156 5129 1209 5180 itt
1253 5128 1527 5184 thesauris
1559 5128 1675 5183 suis
1729 5141 1973 5186 contem-

387 5219 603 5288 pletur,
655 5232 724 5272 ne
768 5219 823 5272 in
869 5219 1187 5288 phantasias
1235 5223 1499 5290 quasdam
1547 5223 1784 5277 aberret.
1844 5224 1974 5290 Qui-

384 5327 605 5382 cunque
638 5312 782 5365 enim
816 5311 949 5366 illud
995 5312 1290 5380 gloriosum
1334 5323 1388 5367 et
1425 5313 1660 5368 amabile
1689 5330 1887 5369 nomen
1916 5320 1971 5372 in

387 5406 663 5474 prolnndo
701 5405 864 5458 corde
908 5405 1173 5459 continue
1211 5407 1563 5474 meditantur,
1583 5407 1617 5460 ii
1664 5419 1891 5480 possunt
1920 5420 1974 5465 et

392 5496 793 5551 Lnnenmentis
819 5495 1118 5564 aliquando
1147 5511 1412 5566 cernere;
1454 5483 1611 5554 arcto
1647 5503 1794 5555 enim
1849 5515 1968 5556 stu-

389 5591 478 5643 dio
497 5608 524 5644 a
543 5592 875 5660 cogitatione
893 5601 1242 5659 occupatum,
1263 5606 1456 5648 omnes
1476 5594 1666 5648 sordes
1713 5591 1766 5647 in
1788 5594 1971 5648 anima

388 5693 752 5753 emergentes,
795 5684 850 5738 iu
883 5681 1172 5738 sullicienti
1199 5701 1364 5740 sensu
1389 5687 1594 5742 adurit.
1619 5685 1762 5743 Deus
1824 5689 1972 5744 enim

479 5865 522 5897 "
558 5867 717 5920 Rom.
752 5883 805 5934 ι,
840 5865 895 5933 9,
933 5827 1016 5923 10‘.
1125 5870 1214 5923 "1
1248 5870 1370 5925 Cur.
1410 5887 1504 5936 xu,
1572 5871 1626 5940 5,

2073 4567 2138 4618 ἐκ
2165 4563 2398 4633 νεκρῶν,
2460 4561 2680 4631 σωθήσῃ
2699 4576 2712 4589 ο
2770 4560 2965 4630 καρδία
2996 4558 3105 4632 γὰρ
3134 4554 3450 4609 πιστεύεται
3484 4553 3560 4612 εἰς
3584 4549 3652 4600 δι-

2077 4652 2399 4718 καιοσύνην,
2419 4650 2722 4720 στόματιδέ
2739 4649 3084 4719 ὁμολογεῖται
3104 4649 3180 4708 εἰς
3201 4639 3652 4714 σωτηρίαν.ιΚαὶ

2073 4741 2250 4806 αὖθις·
2286 4761 2305 4792 ι
2334 4742 2524 4802 Οὐδεὶς
2547 4741 2694 4808 λέγει
2725 4739 2929 4808 Κύριον
2957 4735 3190 4808 Ἰησοῦν.
3216 4737 3264 4788 εί
3291 4735 3366 4804 μὴ
3396 4735 3453 4784 ἐν
3479 4730 3645 4787 Πνεύ-

2078 4853 2207 4905 ματι
2250 4834 2408 4904 ἁγίῳ.
2447 4851 2464 4884 ι
2511 4831 2838 4902 Προστίθησι
2863 4831 2919 4884 δὲ
2950 4829 3032 4892 τὸ,
3069 4831 3126 4882 ἐν
3157 4827 3435 4896 Πνεύματι
3488 4823 3648 4891 ἁγίῳ,

2074 4923 2376 4984 τουτέστιν,
2413 4923 2542 4974 ὅταν
2575 4920 2857 4991 ἐνέργειαν
2889 4918 3208 4987 Πνεύματος
3239 4917 3396 4984 ἁγίου
3430 4913 3653 4982 δέξηται

2075 5014 2358 5085 ήκαρδία,
2387 5014 2454 5065 δι’
2483 5007 2551 5083 ἧς
2609 5012 2702 5064 καὶ
2750 5009 3130 5079 προσεύχεται,
3186 5009 3322 5076 ὅπερ
3368 5004 3488 5057 ἐστὶ
3546 5003 3656 5054 τῶν

2075 5105 2490 5175 προκοψάντων,
2517 5103 2613 5156 καὶ
2646 5103 2704 5154 ἐν
2732 5101 2914 5163 αὐτοῖς
2945 5098 3194 5169 ἐναργῶς
3224 5094 3538 5150 ἐνοικοῦντα
3565 5091 3655 5142 τὸν

2074 5199 2310 5268 Χριστὸν
2366 5196 2845 5266 πεπλουτηκότων.
2913 5191 3206 5246 Ἀκόλουθα
3239 5187 3416 5259 τούτῳ
3454 5186 3654 5254 φάσκει

2077 5291 2173 5344 καὶ
2202 5294 2228 5344 6
2257 5290 2411 5358 ἅγιος
2433 5288 2706 5358 Διάδοχος·
2737 5305 2754 5338 ι
2778 5285 3027 5339 Ἀπαιτεῖ
3055 5285 3201 5354 ἡμᾶς
3217 5281 3434 5342 πάντως
3456 5281 3483 5331 6
3508 5277 3654 5338 νοῦς,

2075 5385 2204 5437 ὅταν
2237 5383 2401 5436 αὑτοῦ
2435 5382 2616 5444 πάσας
2646 5379 2747 5442 τὰς
2777 5377 3042 5443 διεξόδους
3068 5378 3134 5446 τῇ
3187 5375 3378 5445 μνήμῃ
3405 5368 3656 5438 ἀποφρά-

2078 5476 2258 5545 ξωμεν
2285 5473 2381 5526 τοῦ
2429 5471 2586 5537 Θεοῦ,
2639 5470 2802 5539 ἔργον
2829 5469 3044 5536 ὀφεῖλον
3091 5465 3458 5535 πληροφορείν
3488 5456 3655 5512 αὑτοῦ

2076 5567 2175 5636 τὴν
2215 5564 2552 5636 ὲντρέχειαν.
2604 5565 2696 5616 Δεῐ
2744 5556 2838 5616 οῦν
2895 5561 3046 5629 αὐτῷ
3083 5559 3284 5612 διδόναι
3336 5555 3419 5622 τὸ,
3480 5551 3654 5621 Κύριε

2090 5657 2290 5730 Ἰησοῦ,
2338 5659 2499 5727 μόνον
2537 5658 2617 5720 εἰς
2647 5655 2940 5727 ὁλόκληρον
2985 5650 3376 5727 πραγματείαν
3403 5644 3499 5701 τοῦ
3528 5661 3657 5697 σκο-
