4058 6450
361 408 474 477 729

1592 417 1984 482 OPUSCULA
2017 424 2406 494 ASCETICA.

3518 437 3622 504 730

367 554 471 607 ποῦ
493 569 506 582 °
533 551 717 614 Οὐδεὶς
754 549 880 622 γὰρ,
908 551 1072 622 φησὶ,
1107 549 1254 618 λέγει
1285 550 1486 618 Κύριον
1523 545 1749 611 Ἰησοῦν,
1781 546 1829 596 εί
1867 542 1942 612 μὴ

2048 553 2251 604 noster,
2284 543 2487 612 inquit,
2525 546 2663 614 ignis
2701 561 3061 614 consumens,
3097 552 3243 604 unde
3290 551 3424 606 etin
3479 556 3622 606 mul-

371 644 648 712 Πνεύματι
673 643 836 714 ἁγίῳ.
878 643 1017 695 Ἀλλ’
1050 643 1180 695 αὐτὸ
1211 641 1412 704 στενῶς
1444 639 1501 690 τὸ
1539 638 1689 708 ῥῆμα
1719 637 1946 688 διαπανο

368 737 460 797 τοις
496 739 554 790 ὲν
582 739 696 799 τοῖς
759 734 1005 804 ταμείοις
1047 733 1222 786 αὐτοῦ’
1257 732 1554 804 θεωρείτω,
1593 731 1679 782 ἵνα
1735 727 1810 798 μὴ
1865 726 1946 790 είς

373 828 674 896 φαντασίας
696 827 1019 896 ἐκτρέποιτό
1036 843 1206 889 τινας.
1240 825 1398 876 Ὅσοι
1416 823 1524 890 γὰρ
1546 821 1703 874 τοῦτο
1719 821 1779 872 τὸ
1797 819 1946 872 ἔνδο-

372 918 480 984 ξον,
516 917 611 970 καὶ
629 916 1002 987 πολυπόθητον
1025 916 1195 981 ὄνομα
1226 916 1281 964 ἐν
1310 911 1387 981 τῷ
1423 912 1574 981 βάθει
1596 910 1696 980 τῆς
1715 908 1944 980 καρδίας

375 1007 672 1076 μελετῶσιν
721 1005 1035 1068 ἀπαύστως,
1089 999 1238 1058 οῦτοι
1284 1002 1540 1056 δύνανται
1574 1003 1670 1053 καὶ
1719 1000 1782 1052 τὸ
1827 998 1945 1067 φῶς

371 1099 465 1151 τοῦ
496 1099 588 1151 νοῦ
620 1099 751 1169 όρᾷν
781 1115 932 1151 ποτε·
965 1100 1124 1167 στενῇ
1151 1098 1259 1166 γάρ
1292 1094 1533 1166 μερίμνῃ
1569 1093 1672 1146 ὑπὸ
1704 1096 1802 1163 τῆς
1831 1093 1953 1146 δια·

371 1192 516 1253 νοίας
549 1190 944 1261 κρατούμενον,
983 1190 1162 1243 πάντα
1199 1188 1292 1241 τὸν
1331 1185 1732 1250 ἐπιπολάζοντα
1775 1185 1950 1256 ῥύπον

372 1286 436 1352 τῇ
468 1284 614 1351 ψυχῇ
657 1283 715 1335 ὲν
757 1280 1012 1352 αίσθήσει
1049 1281 1207 1351 ίκανῇ
1248 1277 1602 1345 καταφλέγει.
1648 1277 1758 1329 Καὶ
1786 1275 1893 1345 γὰρ
1919 1275 1951 1329 6

372 1375 503 1437 Θεὸς
536 1375 712 1444 ἡμῶν,
747 1375 902 1446 φησὶ,
940 1372 1050 1444 πῦρ
1102 1371 1523 1436 καταναλίσκον,
1559 1369 1685 1423 ὅθεν
1732 1369 1828 1422 καὶ
1860 1368 1946 1432 είς

373 1464 594 1537 ἀγάπην
634 1470 820 1521 λοιπὸν
869 1469 1069 1538 πολλὴν
1111 1468 1210 1536 τὴν
1245 1467 1423 1538 ψυχὴν
1455 1470 1553 1538 τῆς
1584 1465 1752 1520 αὐτοῦ
1787 1465 1948 1535 δόξης

374 1563 766 1631 προσκαλεῖται
795 1565 822 1615 6
881 1564 1107 1634 Κύριος·
1164 1562 1479 1633 ἐγχρονίζον
1513 1561 1622 1630 γὰρ
1681 1561 1859 1612 ἐκεῖνο
1886 1558 1948 1613 τὸ

375 1657 582 1720 ἔνδοξον
610 1658 704 1708 καὶ
757 1655 1136 1722 πολυπόθητον
1189 1656 1382 1726 ὄνομα,
1447 1653 1536 1708 διὰ
1588 1653 1690 1722 τῆς
1725 1653 1948 1722 μνήμης

372 1747 464 1800 τοῦ
497 1748 607 1804 νοῦ.
647 1751 713 1818 τῇ
744 1748 922 1819 θέρμῃ
950 1748 1050 1816 τῆς
1083 1748 1334 1818 καρδίας,
1380 1747 1493 1812 ἓξιν
1545 1747 1676 1816 ήμῖν
1730 1745 1953 1814 ἐμποιεῖ

375 1841 590 1902 πάντως
617 1841 710 1892 τοῦ
741 1840 964 1910 ἀγαπᾷν
1022 1841 1120 1909 τὴν
1154 1839 1467 1910 ἁγαθότητα
1512 1837 1678 1892 αὐτοῦ
1725 1836 1952 1908 μηδενὸς

374 1934 524 1995 ὄντος
557 1932 742 1984 λοιπὸν
785 1935 878 1984 τοῦ
930 1931 1335 2000 ὲμποδὲζοντος.
1393 1924 1566 1993 Οὗτος
1599 1931 1709 2000 γάρ
1743 1929 1950 1982 ἐστινό

379 2023 723 2095 μαργαρίτης
777 2025 805 2077 6
854 2024 1173 2094 πολύτιμος,
1214 2024 1398 2077 ὅντινα
1442 2022 1701 2092 πωλήσας
1763 2023 1944 2076 πᾶσάν

374 2133 457 2178 τις
488 2117 585 2186 τὴν
634 2115 959 2184 περιουσίαν
1009 2114 1174 2168 αὐτοῦ
1217 2115 1523 2185 κτήσασθαι
1567 2114 1811 2178 δύναται,
1857 2114 1951 2168 καὶ

378 2207 523 2276 ἔχειν
557 2207 923 2276 ἁνεκλάλητον
956 2207 1049 2260 ἐπὶ
1085 2209 1153 2276 τῇ
1187 2205 1353 2259 αὐτοῦ
1407 2205 1637 2278 εὑρέσει,
1655 2206 1850 2277 χαράν.
1891 2204 1951 2259 Ὀ

379 2299 437 2351 δὲ
461 2298 615 2362 ἆγιος
659 2297 912 2368 Ἠσύχιος
943 2298 1036 2350 τὸν
1059 2298 1294 2370 Χριστὸν
1327 2296 1535 2368 Ἰησοῦν
1561 2296 1703 2350 οὕτω
1723 2298 1952 2368 γράφων

382 2391 709 2461 ἐπιτίθησιν·
757 2391 1073 2444 Ἀναπτᾶσα
1109 2391 1260 2460 ψυχὴ
1315 2390 1404 2445 διὰ
1444 2389 1676 2445 θανάτου
1726 2393 1784 2444 ὲν
1824 2391 1953 2460 ἀέρι

377 2485 436 2536 ὲν
463 2483 656 2546 πύλαις
693 2482 975 2554 οὐρανίαις
1015 2484 1132 2553 μεθ’
1173 2486 1396 2548 ’ἑαυτῆς
1452 2485 1591 2555 ὑπὲρ
1635 2485 1805 2554 αὐτῆς
1841 2485 1952 2554 Ἰη-

379 2577 506 2629 σοῦν
533 2576 748 2647 ἔχουσα,
775 2575 898 2629 οὔτε
917 2578 1032 2629 ἐκεῖ
1051 2579 1176 2640 τοὺς
1194 2577 1425 2651 ἐχθροὺς
1456 2577 1626 2647 αὐτῆς
1648 2577 1953 2647 αἰσχυνθή-

378 2663 550 2735 σεται,
579 2669 716 2723 ἀλλὰ
745 2671 1029 2742 παρρησίᾳ
1069 2670 1146 2734 ὡς
1180 2671 1295 2736 νῦν,
1346 2672 1442 2724 καὶ
1476 2670 1597 2723 τότε
1632 2670 1858 2742 λαλήσει
1889 2671 1950 2723 ὲν

2033 647 2141 692 tam
2177 654 2290 692 suae
2329 640 2514 710 gloriae
2537 641 2879 699 dilectionem
2930 644 3170 698 animam
3221 644 3484 700 Dominus
3520 626 3621 700 ad-

2032 739 2215 783 vocat.
2257 729 2569 787 lmmanens
2601 735 2744 791 enim
2777 737 2907 789 illud
2946 736 3240 804 gloriosum
3301 746 3355 788 ct
3391 737 3623 790 amabile

2031 840 2258 888 nomen,
2294 840 2389 893 per
2419 827 2620 881 mentis
2685 829 3006 882 memoriam
3075 830 3127 882 in
3177 830 3356 881 cordis
3411 829 3620 886 calori,

2031 916 2280 971 habitum
2317 918 2474 971 nobis
2510 919 2706 987 ingerit
2773 923 2997 975 omnino
3031 923 3326 975 bonitatem
3388 922 3508 992 ejus
3540 926 3622 974 ib-

2030 1009 2251 1076 ligeudi,
2305 1009 2454 1062 nullo
2503 1010 2614 1081 jam
2669 1021 2985 1066 remanente
3044 1013 3454 1079 impedimento.
3506 1014 3623 1081 Ipse

2031 1100 2176 1154 enim
2210 1109 2294 1156 est
2317 1116 2525 1171 gemma
2558 1103 2814 1172 pretiosa,
2847 1119 3008 1173 quam
3041 1105 3240 1173 aliquis
3264 1120 3474 1164 emens.
3507 1123 3624 1156 0m—

2036 1210 2132 1248 nes
2163 1195 2282 1263 ejus
2315 1195 2530 1250 divitias
2561 1198 2843 1264 acquirere
2867 1205 3041 1262 potest
3065 1205 3120 1250 et
3149 1197 3349 1251 habere
3377 1198 3623 1251 inclhbi-

2036 1287 2139 1340 lem
2170 1303 2235 1341 ex
2265 1286 2386 1357 ejus
2440 1289 2754 1342 inventione
2801 1288 3068 1342 lmlitiam.
3137 1289 3375 1342 Sanctus
3444 1299 3621 1342 autem

2041 1376 2364 1449 Hesychius,
2392 1379 2670 1434 Christum
2709 1378 2898 1434 Jesum
2934 1380 3006 1433 ita
3050 1396 3281 1449 ponens,
3317 1381 3392 1435 ait
3425 1398 3439 1433 :
3483 1381 3626 1432 Evn-

2043 1472 2162 1526 lans
2192 1473 2376 1528 anima
2414 1490 2510 1542 per
2543 1474 2848 1528 mortemin
2885 1488 3008 1528 aera
3031 1474 3096 1527 ad
3135 1487 3320 1543 portas
3359 1475 3625 1527 cmlurum

2043 1580 2227 1620 secum
2264 1581 2327 1620 ac
2352 1581 2514 1636 supra
2545 1581 2606 1622 se
2645 1566 2830 1622 Jesum
2853 1568 3082 1632 habens,
3122 1582 3297 1636 neque
3330 1567 3400 1620 ibi
3436 1566 3626 1619 inimi-

2049 1671 2147 1711 cos
2190 1656 2309 1725 ejus
2345 1657 2686 1722 formidabit,
2724 1658 2828 1713 sed'
2849 1673 2972 1713 eum
3000 1659 3226 1722 fiducia,
3288 1667 3346 1710 ut
3407 1671 3551 1711 nunc
3576 1665 3629 1709 et

2049 1749 2194 1802 tunc
2216 1746 2268 1800 in
2301 1746 2471 1815 portis
2502 1747 2756 1817 loquetur
2783 1748 2850 1802 ad
2879 1762 2996 1810 eos,
3033 1749 3332 1804 dummodo
3363 1749 3416 1801 in
3479 1748 3627 1801 exitu

2047 1857 2155 1895 non
2194 1853 2372 1897 cesset
2394 1842 2631 1896 clamare
2655 1842 2721 1895 ad
2763 1841 3050 1896 Dominum
3101 1839 3286 1896 Iesum
3347 1841 3626 1894 Christum

2045 1934 2132 1988 die
2162 1949 2228 1989 ac
2260 1944 2440 2001 nocte,
2491 1947 2546 1990 et
2574 1935 2690 2006 ipse
2723 1936 2982 1991 ultionem
3013 1937 3185 2006 ipsius
3244 1941 3465 2005 peraget
3496 1934 3626 1993 cito,

2039 2026 2197 2097 juxta
2231 2042 2391 2082 suum
2419 2026 2628 2098 Deique
2654 2029 3005 2098 promissum,
3057 2027 3203 2097 quod
3261 2025 3531 2095 expressit
3562 2026 3631 2076 de

2040 2117 2223 2188 judice
2250 2117 2563 2188 iniquitatis
2592 2137 2607 2185 ;
2640 2127 2693 2174 et
2724 2133 2857 2174 sane
2887 2120 3010 2173 dico
3041 2119 3215 2181 vobis,
3253 2117 3432 2171 facict'
3471 2123 3526 2171 et
3567 2116 3618 2168 in

2048 2209 2156 2264 vita
2175 2210 2426 2280 praesenti
2448 2221 2502 2266 et
2521 2221 2808 2280 postquam
2829 2211 3012 2266 anima
3029 2227 3093 2265 ex
3120 2225 3347 2280 corpore
3363 2208 3576 2264 exierit.
3594 2227 3613 2261 ι

2046 2300 2374 2358 Climacicus
2412 2317 2541 2357 vero
2561 2302 2747 2358 Jesum
2779 2303 2957 2357 solum
3018 2303 3208 2358 dicens
3243 2319 3257 2357 :
3288 2300 3415 2356 Jesu
3448 2301 3625 2355 nomi-

2048 2411 2117 2449 ne
2142 2395 2325 2450 hostes
2356 2394 2594 2464 propelle
2627 2409 2776 2449 :non
2801 2396 2946 2449 enim
2998 2407 3129 2450 sunt
3180 2395 3234 2448 in
3279 2394 3421 2448 cmlo
3471 2402 3527 2448 et
3573 2391 3630 2446 in

2047 2495 2194 2542 terra
2224 2502 2373 2540 arma
2399 2487 2648 2548 fertiora,
2683 2495 2737 2540 et
2759 2486 2895 2540 nihil
2930 2485 3079 2540 aliud
3105 2484 3280 2553 addit.
3314 2483 3381 2537 Et
3408 2499 3626 2538 rursum

2049 2577 2184 2634 dicit
2213 2595 2227 2632 :
2259 2596 2279 2631 ‹
2305 2577 2582 2633 Memoriae
2607 2577 2738 2633 Jesu
2778 2577 3001 2633 uniatur
3076 2576 3368 2646 respiratio
3427 2585 3541 2638 tua.
3575 2585 3631 2629 et

2051 2679 2183 2725 tunc
2213 2670 2415 2726 bonum
2443 2670 2594 2740 pacis
2616 2669 2857 2726 voveris.
2891 2688 2910 2721 ι

369 2761 568 2826 πύλαις
597 2762 730 2834 πρὸς
764 2765 986 2834 αὐτοὺς,
1023 2767 1188 2837 μόνον
1227 2767 1333 2830 ἓως
1376 2767 1557 2832 ἐξόδου
1593 2767 1763 2838 αὐτῆς
1800 2768 1877 2838 μὴ
1927 2765 2219 2838 ὲκκακήσῃ
2269 2764 2400 2835 βοᾷν
2431 2764 2568 2832 πρὸς
2621 2764 2855 2833 Χριστὸν
2901 2760 3112 2830 Ἰησοῦν
3159 2760 3378 2830 ἡμέρας
3408 2775 3466 2811 τε
3531 2758 3631 2812 καὶ

373 2856 567 2920 νυκτός
605 2873 621 2888 ο
656 2859 753 2912 καὶ
779 2858 942 2922 αὐτὸς
975 2862 1144 2915 ποιῶν
1171 2862 1376 2932 ποιήσῃ
1401 2860 1499 2931 τὴν
1532 2860 1816 2931 ἐκδίκησιν
1843 2858 2013 2928 αὐτῆς
2038 2859 2098 2912 ἐν
2147 2859 2323 2927 τάχει,
2350 2855 2494 2909 κατὰ
2527 2855 2626 2925 τὴν
2652 2854 2862 2923 ἀψευδῆ
2895 2852 3061 2907 αὐτοῦ
3086 2855 3179 2907 καὶ
3210 2852 3362 2906 θείαν
3390 2852 3626 2923 ὑπόσχε-

376 2969 480 3017 σιν,
517 2951 584 3022 ἢν
620 2952 725 3021 ἔφη
767 2955 896 3022 περὶ
929 2952 1023 3007 τοῦ
1047 2954 1250 3024 κριτοῦ
1283 2955 1384 3024 τῆς
1419 2954 1658 3022 ἀδικίας,
1682 2939 1895 3007 καιναὶ¹
1919 2952 2064 3020 λέγω
2099 2951 2230 3022 ύμῖν
2257 2951 2481 3020 ποιήσει
2513 2949 2608 3002 καὶ
2635 2951 2693 3001 ὲν
2721 2950 2788 3019 τῇ
2819 2946 2935 3017 ζωῇ
2963 2949 3028 3016 τῇ
3063 2946 3335 3017 παρούσῃ,
3368 2946 3464 3000 καὶ
3489 2948 3630 3016 μετὰ

375 3046 476 3114 τὴν
515 3046 610 3101 τοῦ
641 3047 894 3125 σώματος
945 3047 1115 3118 αὐτῆς
1156 3048 1359 3112 ἔξοδον.
1402 3046 1460 3113 'O_
1486 3047 1544 3100 δέ
1583 3065 1646 3116 γε
1675 3048 1774 3117 τῆς
1807 3047 2114 3115 Κλίμακος,
2136 3046 2195 3098 ὃν
2225 3043 2440 3115 Ἰησοῦν
2473 3044 2635 3112 μόνον
2667 3041 2893 3109 φάσκων
2918 3058 2932 3072 ·
2995 3040 3168 3110 Ἰησοῦ
3228 3039 3452 3108 ὀνόματι
3527 3040 3632 3109 μά-

380 3137 532 3202 στιζε
579 3139 873 3209 πολεμίους
898 3155 913 3169 ο
945 3139 1005 3193 οὐ
1039 3139 1145 3209 γὰρ
1179 3140 1326 3192 ἔστιν
1352 3139 1411 3192 ὲν
1439 3139 1516 3210 τῷ
1547 3138 1762 3210 οὐρανῷ
1801 3138 1896 3193 καὶ
1928 3140 1987 3192 ἐν
2011 3140 2078 3209 τῇ
2105 3140 2172 3208 γῇ
2209 3137 2562 3208 ἰσχυρότερον
2597 3133 2782 3199 ὅπλον,
2813 3132 2909 3185 καὶ
2939 3131 3091 3184 οὐδὲν
3118 3130 3247 3186 ἄλλο
3277 3129 3630 3202 προστίθησι.

383 3232 494 3286 Καὶ
521 3231 677 3295 αἷθις
707 3233 765 3286 δέ
793 3251 961 3305 φησιν
987 3252 1002 3268 ο
1043 3233 1219 3305 Ἰησοῦ
1258 3235 1452 3306 μνήμῃ
1487 3232 1809 3304 κολληθήτω
1834 3234 1866 3301 ἠ
1901 3231 2040 3301 πνοή
2073 3248 2190 3298 σου,
2225 3230 2324 3283 ’καὶ
2348 3229 2468 3281 τότε
2497 3227 2683 3297 γνώσῃ
2715 3225 2949 3295 ἡσυχίας
2975 3223 3268 3290 ὠφέλειαν.
3297 3237 3302 3240 ·

345 3359 353 3365 -
385 3327 536 3413 "Eg,
577 3329 666 3413 6:11
692 3331 764 3383 οὑ
803 3332 1000 3413 eid-7:93"
1031 3331 1200 3413 :za_pc‘t_
1253 3331 1739 3413 τῶνβίρημέτίων
1769 3333 1955 3401 ἁγίων

2051 3335 2212 3413 Item,
2245 3337 2380 3403 quod
2425 3349 2528 3413 non
2575 3328 2728 3386 modo
2763 3330 2908 3413 apud.
2962 3327 3131 3413 dictos
3166 3337 3378 3413 sanctas
3425 3328 3636 3394 Patres,

454 3399 756 3472 Πατέρων,
805 3401 969 3472 ἀλλὰ
1021 3403 1120 3454 καί
1168 3402 1286 3456 ἀπὸ
1334 3399 1551 3455 αὐτῶν
1587 3403 1708 3456 τῶν
1773 3399 1954 3472 κορυ-

451 3469 646 3541 gangr-
688 3470 1068 3541 ἀποστόλων,
1116 3473 1366 3541 Πέτρου,
1398 3474 1495 3526 καὶ
1540 3473 1806 3534 Παύλου.
1848 3469 1956 3525 καὶ

457 3536 742 3610 Ἰωάννου
797 3539 1044 3610 εὕρηται
1081 3536 1674 3610 μεμύσταγωγημένα
1725 3559 1851 3609 πως
1888 3543 1959 3596 ἐν

452 3608 745 3682 «reﬁgere
800 3609 872 3663 τὰ
914 3610 1026 3679 τῆς
1056 3608 1218 3681 ίὲρᾶς
1247 3619 1344 3665 καί
1372 3608 1657 3668 θεὸπὸιοῦ
1689 3608 1958 3682 προσευ-

449 3675 566 3743 χῆς
583 3675 846 3743 ῥήματα-

453 3756 517 3808 ν¹.
565 3757 640 3808 Οὐ
705 3756 865 3827 μόνον
913 3757 968 3812 δὲ
1023 3760 1161 3831 πρὸς
1200 3763 1428 3816 τουτωνὶ
1482 3766 1593 3820 τῶν
1651 3767 1965 3836 είρημένων

385 3842 659 3917 ιεοφόρων
690 3848 971 3919 Πατέρων,
1006 3852 1102 3904 καὶ
1135 3852 1244 3904 τῶν
1289 3855 1412 3907 κατ’
1460 3856 1684 3920 αὐτοὺς,
1738 3859 1968 3929 εὑρήσει

381 3951 464 3998 τις
490 3935 560 3988 τὰ
590 3937 690 4006 τῆς
731 3938 885 4007 ἱερᾶς
943 3945 1256 4013 προσευχῆς
1301 3946 1532 4000 τοιαῦτα
1595 3950 1819 4020 ῥήματά
1849 3969 1969 4014 πως

386 4033 968 4101 μεμυσταγωγημένα,
1016 4036 1131 4088 ἀλλ’
1168 4033 1261 4090 οὖν
1311 4039 1417 4109 πρό
1475 4057 1538 4106 γε
1585 4043 1816 4106 τούτων,
1870 4045 1965 4096 καὶ

381 4121 476 4174 ἀπ’
505 4123 685 4175 αὐτῶν
714 4123 825 4177 τῶν
856 4126 1118 4196 πρώτων,
1147 4132 1240 4182 καὶ
1276 4133 1592 4201 κορυφαίων
1626 4135 1965 4200 ἀποστόλων,

381 4211 510 4276 τοὺς
543 4214 672 4283 περὶ
699 4216 904 4285 Πέτρον
935 4220 1140 4290 φαμὲν,
1166 4223 1261 4275 καὶ
1290 4223 1526 4290 Παῦλον,
1562 4228 1655 4279 καὶ
1689 4228 1963 4300 Ἰωάννην.

393 4303 452 4357 '0
491 4305 588 4374 μὲν
609 4307 718 4379 γάρ
758 4325 944 4379 φησιν,
979 4311 1056 4376 ὡς
1082 4314 1428 4387 προέτημεν,
1467 4337 1485 4369 ‹
1520 4319 1710 4383 Οὐδεὶς
1739 4320 1964 4377 δύναται

381 4398 558 4448 εἰπεῖν
591 4398 798 4470 Κύριον
852 4401 1084 4472 Ἰησοῦν,
1123 4407 1170 4459 εί
1205 4407 1280 4479 μὴ
1311 4411 1368 4462 ἐν
1428 4411 1711 4482 Πνεύματι
1744 4415 1912 4486 ἁγίῳι
1945 4437 1961 4466 ο

378 4490 406 4542 6
427 4490 505 4555 δὲ,
535 4509 554 4542 ι
607 4491 671 4544 Ἠ
701 4493 882 4564 χάρις,
913 4497 1006 4550 καὶ
1047 4500 1078 4571 ή
1116 4499 1346 4570 ἀλήθεια
1379 4489 1466 4558 διὰ
1525 4504 1698 4575 Ἰησοῦ
1726 4507 1963 4577 Χριστοῦ

378 4581 615 4647 ἐγένετο*
656 4603 674 4636 ι
731 4588 848 4654 καὶ,
890 4609 908 4640 ι
953 4590 1067 4643 Πᾶν
1114 4593 1333 4663 πνεῦμα
1391 4593 1420 4648 ὃ
1457 4597 1714 4666 ὁμολογεί
1755 4600 1964 4670 Ἰησοῦν

377 4672 613 4743 Χριστὸν
645 4678 904 4751 ἐνσαρκὶ
935 4681 1258 4753 ἐληλυθότα,
1318 4689 1382 4740 ὲκ
1420 4688 1516 4741 τοῦ
1549 4689 1687 4742 Θεοῦ
1718 4693 1891 4747 ἐστιν.
1938 4712 1956 4745 ι

389 4764 446 4856 Ἰ.)
479 4766 533 4818 δέ
575 4784 636 4835 γε
673 4771 972 4841 πρόκριτος
1003 4774 1111 4828 τῶν
1140 4775 1235 4828 τοῦ
1261 4779 1500 4848 Χριστοῦ
1534 4781 1794 4852 μαθητῶν
1821 4785 1962 4856 πρὸς

331 4868 349 4885 κ
375 4852 472 4924 τὴν
496 4857 632 4926 προς
663 4859 862 4924 αὐτοὺς
889 4863 1018 4927 τοὺς
1045 4866 1385 4932 ἀποστόλους
1411 4870 1506 4923 τοῦ
1535 4872 1813 4946 Σωτῆρος,
1869 4878 1964 4931 καὶ

375 4945 696 5034 διδασκάλου
752 4952 1120 5024 ὲπερὼτησιν,
1164 4957 1285 5029 τὴν,
1337 4977 1354 5010 ι
1399 4961 1533 5015 Τίνα
1584 4981 1652 5034 με
1708 4965 1962 5034 λέγουσιν

374 5031 509 5090 εἶναι
539 5042 585 5093 οί
612 5041 889 5113 ἄνθρωποι
915 5063 928 5112 ;
972 5066 990 5097 ι
1027 5048 1126 5119 τὴν
1157 5053 1589 5124 μακαριωτάτην
1624 5058 1955 5127 ἀντεπάγων

371 5129 684 5217 ὁμολογίαν,
745 5135 1106 5208 ἀπεκρίνατο·
1148 5160 1167 5192 ι
1223 5142 1297 5196 Σὺ
1333 5139 1432 5198 εἷὸ
1461 5147 1700 5217 Χριστὸς
1735 5149 1763 5202 6
1828 5135 1960 5215 Υἱὸς

371 5219 466 5272 τοῦ
495 5221 631 5276 Θεοῦ
669 5224 765 5277 τοῦ
795 5226 1020 5292 ζῶντος.
1055 5249 1073 5282 ι
1125 5233 1228 5286 Διά
1289 5253 1373 5288 τοι
1427 5237 1590 5291 τοῦτο
1620 5240 1715 5293 καὶ
1761 5243 1810 5295 οἱ
1843 5244 1962 5312 μετ’

371 5311 590 5380 αὐτοὺς,
659 5317 820 5385 ήμῶν
888 5320 1092 5375 κλεινοὶ
1162 5325 1535 5398 παιδοτρίϐαιο
1607 5331 1701 5384 καὶ
1763 5311 1962 5402 μᾶλλον

323 5476 326 5477 ν
370 5404 420 5456 οἱ
466 5404 559 5456 τὸν
609 5406 814 5473 ἄζυγον
849 5410 944 5461 καὶ
973 5413 1242 5482 ὲρημικὸν
1271 5417 1364 5469 καὶ
1390 5418 1596 5489 ἥσυχον
1619 5423 1622 5426 ’
1643 5420 1758 5491 βίον
1783 5423 1940 5476 ὁδεύ-

374 5509 587 5582 σαντες,
635 5497 734 5558 τᾶς
772 5497 1030 5563 τοιαύτας
1089 5505 1319 5573 χρήσεις
1374 5507 1451 5572 ὡς
1489 5512 1795 5582 σποράδην,
1856 5517 1992 5568 καὶι

370 5580 642 5654 ἀναμέρος
669 5591 782 5651 τοῖς
827 5592 978 5661 τρισὶ
1030 5598 1272 5648 τουτοισὶ
1328 5599 1543 5665 στύλοις
1593 5604 1691 5672 τῆς
1725 5606 1961 5673 εύαγοῦς

379 5673 714 5748 ζΕκκλησίας
741 5683 1296 5762 προδιαγγελθείσας,
1342 5691 1419 5755 ὡς
1461 5693 1612 5757 θείας
1647 5697 1831 5764 φωνὰς
1856 5717 1959 5752 κα-

375 5765 444 5818 τὰ
482 5767 828 5842 ἀποκάλυψιν
885 5776 944 5829 ὲν
976 5777 1118 5848 ἁγίῳ
1167 5781 1447 5852 Πνεύματι
1478 5787 1957 5859 προτεθεσπισμέ-

451 5883 496 5911 1⁸.

557 5889 572 5934 l
613 5885 738 5940 (Zur.
771 5903 865 5954 κει,
901 5888 952 5944 5.
1067 5892 1111 5924 ⁸⁸
1143 5890 1343 5952 lJoan.
1371 5911 1446 5960 tv,
1472 5895 1526 5953 2.

1628 5897 1674 5928 “
1709 5898 1896 5953 .liazth.
1936 5912 2047 5961 ut,
2111 5895 2190 5950 l5.

2123 3406 2212 3461 sed
2232 3398 2282 3458 εἰ
2333 3406 2473 3472 apud
2507 3404 2649 3471 ipsos
2703 3398 3061 3470 apostolorum
3092 3402 3271 3458 duces.
3311 3398 3531 3454 Petrum
3584 3411 3634 3472 et

2130 3471 2444 3531 Pardum'et
2484 3472 2748 3526 Joannem
2779 3473 3120 3526 inveniuntur
3161 3471 3385 3540 mystica
3417 3472 3474 3524 in
3526 3471 3638 3541 spi-

2124 3551 2232 3601 ritu
2263 3561 2430 3600 sacra:
2465 3560 2527 3599 ac
2557 3543 2779 3610 vici/im
2810 3541 3067 3597 orationis
3103 3542 3280 3596 verba.

2134 3753 2222 3807 5οι
2251 3749 2362 3805 Nec
2392 3750 2556 3805 modo
2585 3749 2729 3819 apud
2773 3748 2874 3802 bos
2900 3747 3078 3802 dictos
3109 3757 3330 3802 sanctos
3365 3745 3553 3801 Patres
3585 3751 3644 3801 et

2051 3847 2188 3904 alios
2214 3844 2452 3900 inveniri
2491 3849 2722 3913 possunt
2761 3855 2932 3898 sacrae
2982 3839 3250 3895 orationis
3284 3839 3446 3893 verba
3493 3853 3640 3908 quo-

2051 3939 2342 3994 dammodo
2363 3935 2591 4008 mystice
2613 3933 2959 4003 consignata,
2984 3933 3078 3987 sed
3108 3940 3162 3986 et
3191 3940 3318 3986 ante
3348 3946 3467 3996 eos,
3492 3931 3636 4001 apud

2051 4031 2258 4100 primos
2315 4044 2380 4084 ac
2441 4028 2608 4083 duces
2665 4024 3080 4096 Apostolorum,
3131 4023 3354 4078 Petrum
3406 4023 3637 4084 scilicet,

2050 4124 2282 4180 Paulum
2310 4138 2376 4179 ac
2420 4120 2710 4179 Joannem.
2762 4115 2920 4175 Unus
2967 4105 3114 4172 enim
3156 4116 3330 4172 dicit:
3383 4133 3402 4167 ε
3465 4114 3642 4171 Nemo

2051 4225 2237 4289 petest
2284 4203 2469 4272 dicere
2523 4212 2818 4269 Dominum
2861 4207 3073 4277 Jesum,
3131 4207 3236 4263 nisi
3322 4206 3377 4260 in
3429 4205 3638 4275 Spiritu

2052 4323 2248 4368 sancto
2287 4308 2368 4375 “;
2404 4326 2424 4359 ι
2460 4306 2599 4362 alius
2629 4321 2646 4364 :
2683 4322 2702 4358 ι
2739 4303 2932 4361 Omnis
2963 4301 3193 4370 spiritus
3219 4297 3314 4370 qui
3347 4297 3645 4354 conﬁtetur

2055 4404 2344 4460 Dominum
2372 4402 2551 4473 ipsum
2579 4399 2636 4454 in
2669 4413 2836 4455 carne
2873 4397 3112 4460 venisse.
3167 4410 3234 4450 ex
3265 4393 3373 4449 Deo
3399 4393 3568 4450 est".
3613 4409 3635 4442 ο

2056 4497 2456 4567 Discipulornm
2491 4501 2675 4549 autem
2716 4490 2920 4548 Christi
2947 4490 3202 4560 princeps
3249 4487 3318 4542 ad
3344 4502 3464 4542 eam
3516 4498 3645 4555 qua:

2057 4592 2124 4646 ad
2153 4591 2434 4662 apostolos
2465 4604 2495 4644 a
2520 4587 2809 4643 Salvatore
2837 4600 2902 4640 ac
2955 4583 3214 4653 Magistro
3272 4579 3481 4636 directa
3532 4587 3642 4644 est,

2058 4683 2583 4755 interrogationem:
2645 4697 2665 4731 ι
2715 4679 2885 4746 Quem
2919 4693 3004 4732 me
3035 4679 3225 4733 dicunt
3279 4688 3402 4729 esse
3455 4671 3645 4727 homi-

2060 4792 2156 4832 ncs
2182 4775 2250 4842 ’⁸,
2286 4795 2304 4826 ι
2331 4773 2707 4830 beatissimam
2734 4771 2879 4825 illam
2906 4768 3306 4824 confessionem
3337 4764 3643 4828 adducens,

2060 4865 2359 4936 respondit:
2389 4883 2408 4916 ι
2447 4863 2526 4918 Tu
2549 4877 2609 4918 es
2629 4861 2902 4923 Christus,
2936 4857 3112 4912 Filius
3139 4856 3230 4911 Dei
3257 4855 3490 4910 viventis
3513 4853 3581 4908 ".
3615 4872 3642 4906 ι

2062 4957 2357 5028 Propterid
2383 4956 2550 5025 igitur
2586 4953 2680 5024 qui
2706 4968 2802 5008 eos
2848 4949 3021 5006 secuti
3062 4956 3211 5013 sunt,
3255 4945 3440 5017 inclyti
3469 4943 3642 5000 nostri

2059 5057 2444 5118 pra'ceptores,
2499 5055 2554 5098 et
2603 5044 2787 5114 potius
2815 5042 2907 5112 qui
2943 5041 3170 5095 liberam
3211 5047 3266 5094 et
3298 5035 3644 5091 eremiticam

2059 5152 2114 5198 et
2177 5140 2532 5210 tranquillam
2587 5137 2755 5190 vitam
2831 5149 3176 5203 percurrere,
3223 5131 3348 5185 talia
3415 5127 3643 5182 oracula

2057 5237 2328 5307 collegere
2358 5248 2548 5303 sparsa
2583 5247 2681 5302 per
2721 5239 2907 5300 partes
2974 5228 3027 5281 in
3062 5226 3238 5282 tribus
3280 5224 3365 5279 his
3413 5221 3648 5294 purissi-

2060 5344 2161 5383 ma:
2192 5327 2452 5383 Ecclesiae
2472 5323 2766 5382 columnis.
2793 5331 2852 5376 nt
2883 5322 3099 5376 divinas
3143 5332 3307 5374 voces
3349 5331 3445 5385 per
3485 5329 3642 5369 reve-

2054 5422 2314 5480 lationem
2354 5422 2406 5476 in
2444 5418 2650 5488 Spiritu
2711 5413 3266 5484 sancto‘propositas,
3351 5409 3462 5462 imo
3513 5421 3649 5459 vero

2057 5532 2154 5588 per
2173 5526 2285 5571 tres
2318 5514 2467 5570 viros
2491 5513 2593 5568 {ide
2619 5512 2812 5582 dignos
2863 5508 3123 5578 pleraque
3172 5501 3538 5557 annnutiante
3577 5513 3646 5551 ac

2063 5617 2316 5674 testante,
2354 5626 2373 5659 ι
2425 5607 2481 5660 lu
2527 5605 2704 5659 tribus
2751 5602 2919 5668 enim,
2968 5599 3168 5667 inquit,
3199 5595 3430 5650 testibus
3478 5592 3648 5650 stabit

2058 5715 2224 5758 omne
2270 5699 2497 5771 verbum
2546 5699 2798 5753 cmlestes
2847 5694 2922 5748 illi
2973 5692 3072 5746 viri
3103 5691 3156 5745 in
3213 5703 3378 5742 unum
3437 5687 3650 5754 optime

2061 5793 2380 5864 colligentes
2411 5800 2464 5845 et
2501 5805 2625 5844 cum
2660 5788 2868 5860 Spiritu
2912 5785 2969 5841 in
3007 5785 3142 5855 ipsis
3177 5780 3480 5840 habit-ante.
3529 5777 3654 5833 0r-

2275 5893 2320 5926 "
2357 5893 2490 5948 ibid.
2531 5891 2615 5947 16.
