4058 6486
489 432 587 495 73l

1335 437 1681 497 CALLIS’I‘i
1740 435 1837 495 ET
1882 402 2179 495 rerum
2220 432 2907 495 xmrnorumnun

3621 439 3727 505 7?

494 551 764 612 tlinantes,
793 540 1100 603 columnam
1136 546 1401 604 orationis
1420 552 1814 605 annuntiavete
1838 587 1853 612 ,
1909 556 1964 601 et
2000 547 2067 602 iis

2158 565 2265 614 δαςο
2301 552 2390 605 ναὶ
2422 552 2535 623 μὴν
2568 554 2664 606 καὶ
2691 553 2778 606 διά
2813 570 2877 620 γε
2903 553 3085 626 τριῶν,
3102 556 3458 624 ἀξιοπίστων,
3488 563 3729 617 ταπολλὰ

493 641 586 710 qui
614 642 763 709 ipsos
778 642 952 697 secuti
977 630 1105 697 sunt
1127 643 1582 699 commendavere
1604 651 1663 698 ut
1686 643 1875 699 eodem
1903 643 2064 697 modo

2149 646 2679 716 μεμαρτυρημένας,
2716 666 2735 700 ι
2773 649 2875 701 Διὰ
2908 649 2964 702 δὲ
3008 648 3200 720 τριῶν,
3241 655 3397 720 φησὶ,
3436 654 3726 725 μαρτύρων

492 748 611 787 eam
647 744 917 803 occupent
948 743 1004 791 et
1032 745 1267 790 servent.
1307 734 1439 791 Vide
1467 735 1631 807 igitur
1663 749 1718 793 et
1738 739 1986 793 ordinem
2014 747 2069 792 et

2148 734 2477 804 σταθήσεται
2494 735 2602 789 πᾶν
2621 737 2796 808 ῥῆμαο
2829 758 2848 790 ι
2875 731 3022 792 οὗτοι
3052 740 3101 792 οί
3126 740 3544 813 οὐρανόφρονες,
3570 746 3649 807 είς
3670 744 3728 798 τὸ

460 854 465 857 τ
494 828 945 895 consequentiam
971 841 1094 897 quae
1132 829 1361 882 multum
1405 845 1528 884 cum
1560 830 1747 887 divina
1801 832 2064 902 sapientia

490 921 713 974 eminet.
769 918 922 974 Unus
972 919 1193 989 quidem
1249 921 1383 977 dicit
1454 922 1652 990 Iesum,
1701 924 1839 979 alter
1881 934 2064 980 autem

474 1009 670 1064 .Jesmn
702 1009 994 1076 Christum,
1024 1012 1218 1066 tertius
1241 1028 1390 1078 vero,
1413 1013 1683 1070 Christum
1710 1012 1912 1070 Filium
1938 1016 2064 1079 Dei,

492 1112 750 1171 tanquam
785 1105 832 1159 si
874 1117 1016 1158 unus
1040 1104 1208 1158 alium
1235 1114 1563 1175 sequeretur
1609 1117 1665 1162 et
1699 1108 1842 1163 inter
1874 1125 1934 1162 se
1963 1109 2065 1164 ad-

492 1195 762 1251 bmrorent
803 1197 1097 1251 concordia
1146 1212 1212 1252 ac
1236 1199 1453 1255 vinculo
1498 1199 1687 1256 talium
1745 1202 2059 1259 verborum.

490 1286 690 1344 Videas
749 1290 894 1346 enim
948 1307 1136 1347 eorum
1192 1310 1637 1366 unumquemque
1688 1312 1875 1353 vocem
1943 1314 2065 1367 quze

489 1380 633 1448 apud
663 1381 892 1436 alterum
921 1383 988 1438 ad
1022 1386 1180 1437 linem
1242 1394 1345 1452 est,
1385 1387 1735 1443 adhibentem
1783 1398 1945 1459 atque
1993 1391 2059 1442 ad

488 1470 708 1523 tertium
731 1470 802 1525 ita
829 1486 945 1526 rem
967 1487 1025 1528 se
1042 1475 1357 1532 habentem.
1411 1475 1668 1549 Idemque
1689 1480 1756 1535 de
1783 1480 2064 1536 additione

489 1564 667 1617 sancti
705 1561 941 1633 Spiritus
967 1567 1193 1624 videbis.
1220 1566 1443 1625 Dicente
1472 1571 1615 1626 enim
1645 1573 1808 1629 beato
1848 1573 2015 1629 Paulo
2045 1593 2060 1630 :

492 1672 515 1706 ι
555 1654 724 1711 Nemo
743 1666 920 1726 petest
950 1659 1132 1715 dicere
1153 1650 1440 1718 Dominum
1464 1662 1673 1727 Jesum.
1718 1667 1823 1722 nisi
1856 1668 1908 1720 in
1938 1666 2061 1736 Spi-

486 1745 592 1800 ritu
622 1757 850 1815 sancto;
904 1767 924 1802 i
962 1750 1153 1808 ultimo
1210 1755 1313 1809 hoc
1353 1753 1544 1822 verbo,
1600 1770 1796 1827 nempe
1854 1757 2060 1829 Spiritu

483 1849 694 1903 sancto,
728 1840 781 1894 in
808 1841 966 1897 initio
1007 1860 1140 1899 usus
1168 1854 1252 1900 est
1271 1845 1363 1901 ille
1407 1846 1502 1917 qui
1545 1849 1771 1904 tonit‘rui
1822 1852 2056 1909 similem

2146 824 2208 880 ἓν
2245 826 2585 898 συνάψαντες
2636 829 2836 899 ἄριστά
2880 846 2939 883 τε
2967 832 3060 884 καὶ
3086 831 3224 902 μετὰ
3263 832 3358 886 τοῦ
3390 835 3726 903 ἐνοικοῦντος

2146 921 2330 983 αὐτοῖς
2389 920 2547 990 ἁγίου
2593 920 2914 991 Πνεύματος
2985 924 3460 996 συναρμόσαντες,
3525 927 3726 998 στήλην

2146 1011 2459 1081 προσευχῆς
2508 1011 3014 1083 προσηγορεύκασι,
3077 1013 3173 1067 καὶ
3221 1017 3334 1078 τοῖς
3386 1016 3523 1085 μετὰ
3553 1017 3726 1070 ταῦτα

2148 1100 2496 1172 παρέδωκαν,
2526 1103 2670 1157 κατὰ
2703 1103 2794 1157 τὸν
2830 1104 3016 1174 ὅμοιον
3038 1105 3240 1177 τρόπον
3264 1111 3489 1179 κρατεῖν
3518 1127 3577 1163 τε
3632 1111 3724 1164 καὶ

2149 1190 2440 1258 φυλάττειν
2479 1192 2670 1264 αὐτήν.
2702 1190 2849 1264 Ὅρα
2900 1194 3088 1265 μέντοι
3120 1197 3213 1249 καὶ
3254 1196 3429 1263 τάξιν,
3463 1199 3559 1252 καὶ
3597 1184 3727 1254 άκο-

2146 1280 2366 1334 λουθίαν
2396 1280 2599 1351 σφόδρα
2631 1281 2692 1335 τὸ
2721 1281 2955 1347 ἐξαίσιον
2991 1284 3131 1354 μετὰ
3162 1286 3261 1358 τῆς
3287 1285 3494 1345 ἄνωθεν
3526 1292 3726 1360 σοφίας

2147 1370 2396 1440 ἔχουσανο
2440 1375 2469 1425 ό
2496 1372 2595 1442 μὲν
2620 1373 2729 1442 γάρ
2752 1391 2884 1443 φησι
2912 1375 3116 1445 Κύριον
3169 1377 3402 1447 Ἰησοῦν,
3435 1381 3463 1432 ὁ
3497 1380 3575 1446 δὲ,
3617 1383 3725 1453 Ἰη-

2149 1463 2277 1515 σοῦν
2311 1463 2574 1533 Χριστὸν,
2604 1465 2631 1518 ό
2654 1464 2713 1518 δὲ
2744 1466 2983 1537 Χριστὸν
3012 1467 3141 1521 Υίὺν
3186 1468 3281 1522 τοῦ
3317 1463 3459 1524 θεοῦ
3480 1488 3493 1501 ·
3526 1472 3729 1527 ὡσανεί

2147 1569 2265 1618 πως
2289 1556 2317 1607 ό
2337 1550 2417 1617 εἷς
2438 1555 2516 1626 τῷ
2539 1555 2710 1627 ἑτέρῳ
2727 1558 3016 1628 ἑπόμενος,
3047 1559 3142 1614 καὶ
3168 1563 3455 1637 προσεχῶς
3481 1564 3727 1637 ἀλλήλων

2145 1646 2418 1717 ἐχόμενοι,
2448 1651 2513 1719 τῇ
2560 1666 2622 1702 τε
2684 1652 2997 1724 συμφωνίᾳ,
3034 1652 3131 1706 καὶ
3179 1630 3258 1724 τῷ
3303 1630 3586 1727 συνδέσμῳ
3602 1630 3728 1713 ’τῶν

2147 1740 2370 1793 τοιῶνδε
2426 1740 2705 1812 θεουργῶν
2764 1744 3054 1816 ῥημάτων.
3091 1745 3251 1809 ’Ἰδοις
3275 1747 3386 1818 γάρ
3427 1747 3494 1801 ἂν
3523 1747 3728 1802 τούτων

2146 1832 2379 1887 ἕκαστον
2404 1832 2466 1887 τὸ
2499 1834 2595 1887 ἐπὶ
2619 1834 2775 1898 τέλος
2820 1834 2882 1890 ὃν
2924 1835 3160 1910 θατέρῳ,
3193 1837 3270 1902 ὡς
3301 1837 3478 1911 ἀρχὴν
3500 1838 3729 1912 θάτερον

483 1946 671 1987 vocem
693 1935 854 1989 habet
882 1934 1143 2003 Joannes,
1174 1939 1397 1995 dicens:
1474 1938 1666 1999 Omnis
1690 1905 2058 2016 Spiritus—qui

2144 1922 2259 1992 [ῒσ.
2291 1924 2547 1998 θατέρου]
2580 1926 2738 1981 τοῦτο
2777 1905 3151 1999 λαμϐάνοντα,
3198 1931 3297 1984 καὶ
3504 1905 3732 2004 προϐαῖ-

466 2025 773 2080 ισοηῆιειιιτ
823 2025 1011 2084 Iesum
1059 2030 1342 2087 Christum
1403 2032 1459 2088 in
1504 2048 1671 2091 carne
1720 2036 1957 2103 venisse,
1989 2052 2059 2093 ex

478 2116 594 2172 Deo
625 2126 730 2174 εει.
761 2137 781 2171 ι
812 2118 937 2177 Haec
956 2129 1139 2179 autem
1171 2126 1430 2183 omnibus
1473 2140 1912 2199 prmposuerunt,
1944 2148 2054 2187 non

478 2220 675 2281 sponte
690 2228 839 2269 neca
873 2214 1092 2285 seipsis,
1127 2218 1223 2273 sed
1247 2219 1584 2276 sanctissimi
1623 2220 1861 2292 Spiritus
1889 2239 2053 2280 manu

463 2301 653 2360 ducti.
713 2305 923 2361 Etenim
975 2308 1148 2363 divini
1201 2308 1344 2366 Petri
1408 2312 1686 2369 confessio
1739 2316 1792 2369 in
1851 2314 2055 2385 Spiritu

468 2404 673 2451 sancto
705 2412 800 2466 per
843 2399 1232 2455 revelationem
1265 2400 1404 2459 facta
1442 2416 1546 2460 est.
1573 2424 1590 2457 ι
1649 2406 1843 2462 Omnia
1883 2408 2055 2473 enim,

483 2487 684 2556 inquit,
713 2499 972 2558 operatur
1022 2508 1164 2549 unus
1198 2503 1253 2549 et
1302 2496 1443 2552 idem
1487 2495 1745 2567 Spiritus,
1801 2499 2054 2556 dividens

481 2581 713 2649 singulis
745 2593 909 2651 prout
952 2584 1067 2639 vult
1094 2585 1157 2641 ".
1195 2607 1213 2640 ο
1250 2585 1427 2659 Atque
1452 2590 1523 2644 ita
1581 2591 1747 2661 igitur
1776 2593 2053 2649 adhibitus

479 2673 826 2731 etiul‘rartns
859 2678 1086 2736 viviﬁca‘.
1144 2683 1411 2738 orationis
1448 2683 1596 2740 l'unis
1644 2686 2054 2755 sapientissime

478 2779 544 2817 ac
563 2764 882 2822 doctissime
903 2780 1190 2827 contextus
1241 2782 1294 2828 et
1341 2782 1608 2830 consutus
1630 2787 1714 2832 est
1756 2785 1809 2832 et
1830 2776 1896 2831 ad
1950 2791 2055 2833 nos

478 2867 657 2922 usque
706 2858 954 2925 pervenit
1003 2862 1252 2917 eumdem
1299 2878 1528 2921 servans
1591 2868 1838 2924 modum.
1874 2866 2053 2939 Hujus

474 2943 645 3013 igitur
667 2947 839 3015 vocis,
871 2953 1115 3007 miserere
1149 2955 1271 3020 mei,
1300 2956 1656 3022 additionem,
1716 2957 1811 3029 qui
1858 2959 2056 3015 deinde

474 3038 648 3094 secuti
678 3051 828 3107 sunt,
870 3041 1084 3110 Patres,
1121 3045 1207 3101 his
1237 3048 1576 3105 salutaribus
1601 3050 1807 3115 verbis.
1851 3066 2053 3124 nempe

433 3144 438 3148 ·
472 3131 698 3186 Domine
720 3132 843 3188 Iesu
873 3135 1103 3204 Citrit.e,
1136 3137 1237 3193 Fili
1274 3140 1391 3205 Dei,
1438 3141 1689 3198 fecerunt
1744 3153 1801 3201 et
1833 3146 2052 3203 ordina-

2147 2034 2237 2072 νον
2266 2016 2396 2089 ἄχρι
2439 2018 2550 2072 τῶν
2588 2018 2777 2090 τριῶν·
2813 2020 2875 2073 τὸ
2912 2020 2958 2073 δ’
2999 2021 3134 2076 αὐτὸ
3193 2022 3296 2077 κάν
3329 2025 3397 2095 τῇ
3439 2023 3729 2096 προσθήκῃ

2145 2109 2244 2178 τῆς
2270 2109 2365 2163 τοῦ
2402 2109 2719 2181 Πνεύματος
2743 2112 3020 2184 σημασίας
3049 2113 3265 2184 ὲπόψει·
3290 2115 3577 2189 εἰρηκότος
3608 2118 3721 2188 γὰρ

2143 2200 2240 2255 τοῦ
2272 2202 2544 2272 μακαρίου
2581 2205 2798 2260 Παύλου
2846 2208 2929 2271 τὸ,
2968 2226 2987 2259 ι
3035 2207 3225 2273 Οὐδεὶς
3272 2208 3499 2267 δύναται
3547 2212 3731 2265 εἰπεῖν

2145 2293 2354 2364 Κύριον
2384 2295 2615 2367 Ἰησοῦν,
2643 2298 2693 2350 εί
2746 2297 2823 2371 μὴ
2861 2300 2921 2354 ὲν
2965 2300 3245 2372 Πνεύματι
3277 2302 3453 2374 ἁγίῳο
3497 2321 3517 2356 ι
3553 2303 3732 2376 τούτῳ

2144 2385 2209 2459 δὴ
2236 2387 2314 2458 τῷ
2345 2388 2438 2442 ἐπὶ
2464 2387 2651 2455 τέλους
2675 2392 2932 2464 κειμένῳ,
2958 2396 3020 2447 τδ
3042 2393 3270 2463 Πνεῦμα
3298 2395 3359 2448 τὸ
3383 2394 3538 2465 ἅγιον
3572 2395 3730 2464 λέγο⁸

2147 2495 2271 2550 μεν,
2304 2481 2446 2551 ἀρχῇ
2503 2481 2770 2552 κέχρηται
2825 2485 2855 2537 ὁ
2902 2483 3277 2556 βροντόφωνος
3334 2486 3589 2558 Ἰωάννης
3643 2488 3727 2540 sic

2142 2573 2262 2627 πῶν
2288 2589 2304 2607 ·
2371 2592 2390 2626 ι
2434 2573 2551 2628 Πᾶν
2602 2575 2825 2646 πνεῦμα
2864 2574 2894 2629 δ
2952 2576 3209 2647 ὁμολογεῖ
3245 2577 3450 2650 Ἰησοῦν
3484 2578 3725 2650 Χριστὸν

2143 2668 2447 2741 ἐληλυθότα
2479 2671 2539 2724 ὲν
2585 2672 2772 2743 σαρκὶ,
2801 2673 2866 2725 ὲκ
2921 2672 3015 2726 τοῦ
3046 2672 3184 2726 Θεοῦ
3226 2674 3364 2738 ἐστι,
3401 2693 3421 2726 ι
3452 2674 3627 2727 ταῦτα
3656 2674 3718 2727 δὲ

2143 2760 2467 2834 προῦθηκαν
2515 2763 2743 2830 ἅπασιν,
2793 2763 2895 2818 οὐκ
2933 2764 3148 2819 οἴκοθεν
3198 2766 3292 2819 καὶ⁵
3317 2767 3450 2838 παρ’
3483 2766 3722 2830 ἑαυτῶν,

2138 2854 2279 2919 ἀλλὰ
2309 2858 2374 2927 τῇ
2403 2854 2498 2910 τοῦ
2529 2855 2800 2925 παναγίου
2844 2856 3073 2928 παλάμῃ
3130 2858 3440 2930 κινούμενοι
3463 2859 3721 2930 Πνεύμα-

2140 2966 2250 3015 τος·
2280 2950 2375 3003 καὶ
2437 2950 2546 3020 γὰρ
2591 2951 2628 3021 ἡ
2674 2948 2769 3003 τοῦ
2813 2949 3091 3004 θειοτάτου
3130 2951 3337 3021 Πέτρου
3389 2953 3462 3006 δι’
3501 2953 3718 3006 ἀποκα-

2141 3041 2355 3114 λύψεως
2401 3041 2664 3114 ὁμολογία
2713 3044 2776 3096 ὲν
2833 3042 3114 3111 Πνεύματι
3174 3043 3317 3114 ἁγίῳ
3366 3045 3515 3098 ἐστὶν
3570 3046 3722 3116 ἐνερ-

2141 3136 2406 3206 γουμένη*
2446 3153 2465 3187 ι
2491 3136 2676 3191 Πάντα
2704 3134 2853 3223 γὰρη
2875 3136 3061 3205 φησὶν,
3098 3136 3315 3207 ἐνεργεῖ
3333 3136 3392 3191 τὸ
3424 3136 3502 3204 ἓν,
3532 3139 3626 3191 καὶ
3658 3137 3721 3191 τδ

472 3233 690 3289 verunt,
715 3241 779 3280 ar.
797 3229 1069 3300 praecipue
1112 3240 1336 3300 propter
1372 3248 1466 3289 eos
1487 3235 1578 3304 qui
1633 3238 1843 3315 virtute,
1872 3239 2053 3294 adhuc

2140 3227 2275 3282 αὐτὸ
2306 3226 2530 3297 Πνεῦμα
2560 3225 2806 3298 διαιροῦν
2856 3226 2963 3298 ίδίᾳ
3018 3227 3252 3299 ἑκάστῳ,
3298 3227 3482 3292 καθὼς
3528 3227 3718 3298 βούλε-

474 3314 716 3371 infantes
763 3326 912 3382 sunt,
965 3320 1289 3390 incipientes
1328 3338 1524 3395 nempe
1567 3334 1624 3382 et
1670 3327 2048 3397 imperfectos.

473 3408 583 3472 Qui
606 3409 750 3463 enim
784 3426 1170 3480 processerunt
1195 3431 1260 3471 ac
1290 3416 1522 3487 perfecti
1546 3428 1674 3474 sunt
1725 3420 1777 3476 in
1807 3420 2048 3487 Christo,

472 3514 572 3567 per
591 3504 1014 3573 unumquodque
1042 3521 1230 3563 eorum
1258 3510 1625 3578 oraculorum,
1664 3511 1894 3568 Domine
1922 3512 2051 3569 Jesu

472 3593 721 3659 Lhriste,
775 3595 875 3651 Fili
929 3596 1043 3662 Dei,
1082 3599 1193 3655 imo
1226 3603 1522 3673 aliquando
1561 3619 1661 3674 per
1711 3606 1883 3661 solam
1922 3604 2050 3662 Iesu

473 3684 877 3743 invocationem
910 3691 1013 3745 sibi
1042 3692 1342 3760 sulliciunt,
1368 3681 1602 3767 eamque
1628 3706 1887 3769 tanquam
1925 3699 2052 3753 uni.

469 3791 688 3832 versum
711 3781 980 3838 orationis
1006 3798 1146 3853 opus
1198 3785 1460 3842 adhibent
1510 3789 2048 3862 amplectunturque,

469 3884 569 3937 per
609 3869 753 3924 illam
803 3872 1062 3930 ineffabili
1104 3890 1167 3929 ac
1226 3890 1441 3933 omnem
1469 3879 1647 3933 visum
1697 3888 1751 3934 et
1801 3881 2048 3936 auditum

470 3962 754 4032 superanti
800 3967 987 4023 laetitia
1057 3968 1357 4038 replentur.
1409 3970 1476 4026 Et
1537 3972 1617 4026 sic
1666 3971 1831 4037 igitur
1896 3983 2047 4028 extra

2138 3340 2250 3378 ται*
2276 3342 2296 3376 ι
2330 3327 2425 3378 καὶ
2449 3322 2593 3379 οὕτω
2617 3323 2749 3393 γοῦν
2779 3324 2841 3378 τὸ
2873 3324 3038 3378 οἱονεὶ
3064 3321 3372 3392 έντριπτον,
3420 3321 3515 3373 καὶ
3545 3320 3721 3397 ᾷρρη-

2139 3429 2267 3466 κτον
2294 3413 2562 3484 σπαρτίον
2588 3413 2688 3483 τῆς
2713 3412 2966 3467 θεοποιοῦ
2991 3410 3301 3484 προσευχῆς
3333 3409 3478 3481 μάλα
3504 3409 3704 3479 σοφῶς,

2139 3504 2233 3560 καὶ
2258 3504 2703 3576 ἐπιστημονικῶς
2728 3504 3029 3575 ὲξυφανθέν
3052 3521 3111 3558 τε
3140 3504 3236 3558 καὶ
3280 3503 3586 3574 συρραφὲν,
3621 3502 3718 3555 καὶ

2138 3597 2635 3668 συναρμολογηθὲν,
2719 3599 2816 3653 καὶ
2880 3600 2963 3661 εἰς
3018 3597 3148 3659 τοὺς
3201 3594 3328 3648 καθ’
3386 3594 3534 3664 ἡμᾶς
3598 3593 3715 3647 δια-

2142 3689 2320 3742 ϐαίνει
2370 3689 2463 3744 τὸν
2520 3690 2636 3745 ἴσον
2696 3691 2896 3762 τρόπον
2955 3687 3315 3759 τηρούμενον.
3356 3684 3469 3754 Τῆς
3506 3684 3711 3754 μέντοι,

2147 3778 2402 3851 Ἐλέησόν
2428 3797 2517 3853 με,
2542 3780 2743 3849 λέξεως
2768 3780 2868 3854 τὴν
2890 3780 3209 3851 προσθήκην
3243 3778 3290 3831 oi
3324 3775 3556 3847 καθεξῆς
3579 3776 3713 3832 θεῖοι

2139 3889 2383 3959 Πατέρες
2415 3886 2594 3940 τοῖσδε
2654 3888 2767 3950 τοῖς
2821 3888 2920 3956 τῆς
2955 3883 3270 3954 προσευχῆς
3300 3883 3587 3951 σωτηρίοις
3615 3881 3713 3952 ῥή-

2136 3995 2320 4051 μασιν,
2377 3979 2547 4048 ἤγουν
2588 3976 2707 4044 τοῦ,
2765 3975 2940 4049 Κύριε
3001 3974 3180 4046 Ἰησοῦ
3228 3973 3460 4045 Χριστὲ,
3490 3973 3587 4026 Υἱὲ
3617 3971 3711 4025 τοῦ

463 4071 693 4112 carnem
746 4068 800 4114 ct
840 4060 1099 4116 mundum
1149 4074 1428 4121 versantes
1480 4065 1536 4120 hi
1572 4066 1875 4122 beatissimi
1922 4068 2050 4146 viri,

2140 4070 2290 4137 Θεοῦ,
2334 4072 2709 4142 συνήρμοσαν,
2751 4068 2845 4123 καὶ
2875 4068 3172 4135 ἐπέταξαν,
3232 4069 3328 4122 καὶ
3386 4066 3584 4135 μᾶλλον
3625 4065 3714 4118 διὰ

460 4149 729 4206 sensibus
766 4151 1044 4207 silentium
1096 4153 1443 4226 injuugentes
1472 4157 1664 4214 divino
1721 4160 1867 4230 quod
1902 4160 1957 4215 in
1992 4177 2050 4217 se

2140 4162 2257 4225 τοὺς
2284 4161 2403 4215 κατ’
2426 4161 2630 4233 ἀρετὴν
2654 4160 3150 4232 νηπιωδεστέρους,
3184 4160 3352 4231 ἤγουν
3382 4160 3509 4222 τοὺς
3539 4159 3713 4227 ἀρχαο

461 4238 703 4306 diabitat,
730 4242 880 4298 dono
903 4255 955 4298 et
991 4249 1164 4314 gratia
1202 4249 1254 4301 in
1290 4264 1559 4305 .amorem
1597 4252 2047 4309 ardentissimum

2140 4255 2308 4325 ρίους,
2359 4255 2454 4307 καὶ
2503 4253 2738 4316 ἀτελεῖς.
2772 4254 2835 4307 Οἱ
2870 4253 2979 4323 γὰρ
3030 4251 3438 4322 προϐεϐηκότες
3484 4250 3579 4302 καὶ
3627 4247 3713 4300 τέω

456 4329 952 4404 {elicissimumque
968 4337 1093 4390 elati
1125 4339 1459 4395 mundantur
1476 4343 1959 4412 acilluminautur,
1995 4356 2050 4402 et

2140 4346 2267 4400 λειοι
2308 4344 2453 4399 κατὰ
2480 4345 2740 4415 Χριστὸν,
2769 4345 2837 4398 δι’
2888 4345 3009 4409 ἑνὸς
3037 4344 3272 4398 ἑκάστου
3306 4341 3417 4394 τῶν
3460 4337 3713 4394 τοιούτων

457 4422 692 4493 perfecti
723 4436 870 4489 sunt,
901 4429 1102 4498 quippe
1127 4431 1217 4495 qui
1240 4434 1785 4501 supersusbta‘utialis
1827 4436 2048 4494 Deitatis

2140 4437 2420 4508 χρησμῶν,
2456 4436 2627 4507 ἤγουν
2661 4435 2778 4500 τοῦ,
2807 4436 2979 4508 Κύριε
3018 4433 3192 4505 Ἰησοῦ
3219 4432 3454 4504 Χριστὲ,
3489 4431 3586 4484 Υίὲ
3621 4427 3715 4481 τοῦ

457 4519 941 4584 ,supcrnutttralcm
978 4533 1031 4577 et
1057 4536 1318 4581 retentam
1357 4535 1411 4581 ct
1447 4527 1748 4584 increatam
1812 4533 2044 4612 gr’atiam

2140 4529 2290 4596 θεοῦ,
2324 4530 2414 4582 ναὶ
2473 4529 2580 4599 μὴν
2612 4527 2727 4581 ἔσθ’
2774 4529 2886 4594 ὅτε,
2924 4527 3020 4581 καὶ
3078 4529 3142 4580 ὲκ
3189 4526 3359 4597 μόνης
3403 4524 3502 4594 τῆς
3542 4517 3714 4591 Ἰησοῦ

457 4620 727 4668 .aCrurate
759 4613 809 4665 in
841 4615 1132 4668 arrharum
1166 4626 1320 4685 parte
1344 4616 1621 4675 intuentes
1661 4619 1893 4677 obscure
1918 4632 2044 4677 tan-

458 4718 627 4771 quam
660 4694 713 4757 in
746 4705 992 4773 speculo,
1051 4711 1310 4763 memoria
1375 4711 1493 4765 sola
1553 4720 1609 4767 et
1665 4713 2040 4779 meditatione,

458 4804 524 4848 att
555 4794 758 4849 dictum
787 4807 893 4860 est,
921 4813 1028 4853 una
1062 4807 1160 4852 aut
1184 4800 1351 4854 altera
1383 4798 1480 4856 Dei
1510 4813 1563 4858 et
1596 4800 1842 4859 llominis
1879 4802 2042 4859 Verbi

458 4888 823 4956 ,ιιιιριπίιιιιίοιιε
850 4891 1111 4956 contenti,
1152 4905 1248 4960 per
1275 4895 1418 4948 hanc
1453 4893 1507 4948 in
1554 4904 1745 4964 raptus
1785 4904 1839 4950 et
1864 4896 2041 4950 scien-

458 4979 595 5033 aliam
627 4988 679 5033 et
711 4980 1101 5037 ret-elationem
1170 4983 1515 5051 attolluntur,
1546 5001 1670 5057 qua:
1698 4987 1907 5056 absque
1957 4987 2042 5043 lo-

453 5073 682 5127 .culione
729 5074 781 5127 in
823 5073 1029 5143 Spiritu
1091 5078 1468 5148 experiuntur.
1536 5079 1596 5133 in
1637 5096 1872 5149 quarunt
1926 5097 2041 5135 nta-

458 5162 719 5222 nifestam
790 5166 1201 5235 persuasionem
1239 5177 1293 5225 et
1325 5170 1796 5226 evidentissimum
1855 5171 2038 5237 iidem,

455 5260 815 5316 dulcissimus
906 5264 1433 5335 amantissimusque
1510 5266 1773 5321 Dominus
1853 5276 2040 5323 noster

457 5352 622 5412 Jesus
682 5354 954 5421 Christus,
994 5355 1168 5412 Filius
1194 5353 1311 5423 Dei,
1363 5359 1520 5430 cujus
1552 5376 1710 5416 voces
1767 5370 1922 5417 actus
1986 5372 2041 5416 rt

465 5447 650 5508 verba,
674 5448 972 5502 secundum
1006 5440 1183 5518 ipsum
1217 5449 1453 5518 Spiritus
1482 5463 1537 5507 et
1575 5452 1684 5507 vita
1728 5464 1855 5508 sunt
1881 5454 2041 5508 nobis

464 5534 610 5589 (lare
640 5535 917 5605 t'evelavit,
941 5538 1163 5595 dicens:
1202 5559 1222 5592 ι
1261 5541 1394 5595 Sine
1419 5557 1503 5596 me
1530 5542 1661 5596 nihil
1704 5546 1931 5612 potestis
1961 5545 2039 5598 l‘a-

456 5628 698 5679 cere".i
736 5628 817 5687 Et.
849 5645 867 5677 ι
902 5628 958 5681 Si
990 5628 1120 5699 quid
1143 5629 1411 5699 petieritis
1440 5633 1493 5687 in
1525 5633 1742 5689 nomine
1770 5649 1909 5699 meo,
1940 5635 2042 5690 hoc

460 5714 655 5772 faciam
689 5718 785 5771 ".r
812 5717 876 5775 Et
908 5736 1029 5791 quae
1058 5733 1365 5792 sequuntur
1390 5740 1451 5779 ac
1474 5725 1631 5780 nobis
1664 5728 1859 5781 tradita
1893 5738 2039 5783 sunt.

2135 4618 2514 4691 προσηγορίας
2569 4617 2903 4683 ἱκανοῦνται,
2948 4617 3043 4669 καὶ
3081 4616 3157 4678 ὡς
3205 4614 3500 4684 ὀλόκληρον
3544 4612 3716 4681 ὲργα-

2132 4713 2256 4765 σίαν
2285 4710 2445 4765 τοῦτο
2472 4709 2783 4781 προσευχῆς
2810 4709 3268 4779 ένστερνίζονται,
3311 4706 3406 4760 καὶ
3442 4703 3716 4769 ἀσπάζον-

2129 4820 2241 4858 ται·
2296 4798 2386 4857 οἷα
2416 4802 2482 4875 δὴ
2547 4802 2636 4856 διὰ
2676 4800 2888 4867 τούτου,
2932 4801 3199 4872 άρρήτου,
3253 4797 3347 4852 καὶ
3382 4795 3562 4850 πάντα
3593 4791 3716 4847 νοῦν

2130 4900 2227 4954 καὶ
2262 4899 2444 4952 πᾶσαν
2498 4894 2644 4965 bal/tv,
2681 4894 2778 4949 καὶ
2838 4894 3010 4963 ἀκοὴν
3059 4888 3451 4963 ύπερνικώσης
3502 4887 3715 4959 ἡδονῆς.

2131 4990 2225 5043 καὶ
2254 4987 2533 5059 θυμηδίας
2583 4984 2979 5056 πληρούμενοι.
3029 4983 3140 5036 Καὶ
3198 4981 3341 5036 οὕτω
3374 4979 3560 5033 τοίνυν
3613 4975 3719 5042 ἔξω

2132 5079 2335 5150 σαρκὸς
2388 5078 2484 5132 καὶ⁸
2515 5076 2724 5147 κόσμου
2749 5073 3027 5145 γινόμενοι
3049 5073 3097 5126 οἱ
3125 5069 3450 5141 τρισόλϐιοι,
3480 5069 3711 5138 μύοντες

2131 5171 2230 5235 τὰς
2259 5170 2545 5240 αἰσθήσεις
2591 5170 2659 5239 τῇ
2697 5164 2984 5235 ὲνοικούση
3036 5164 3223 5226 αὐτοῖς
3261 5160 3382 5231 θείᾳ
3424 5157 3604 5229 δωρεᾷ
3659 5170 3718 5207 τε

2132 5262 2229 5317 καὶ
2255 5262 2439 5334 χάριτι
2492 5258 2781 5332 βακχικῶς
2834 5274 2896 5311 τε
2931 5256 3027 5319 καὶ
3082 5254 3395 5326 μακαρίως,
3445 5247 3719 5321 ὲρωτοληο

2132 5355 2429 5425 πτούμενοι
2488 5352 2871 5423 καθαίρονται,
2918 5349 3014 5403 καὶ⁵
3062 5348 3414 5417 φωτίζονται.
3482 5344 3576 5398 καὶ
3626 5358 3716 5394 τε·

2132 5451 2427 5513 λειοῦνται,
2460 5450 2556 5504 ἅτε
2595 5446 2694 5518 τὴν
2726 5446 2825 5517 τῆς
2868 5443 3200 5515 ὑπερουσίου
3256 5441 3510 5511 θεότητος
3542 5439 3712 5507 ὑπερ-

2134 5547 2269 5616 φυᾶ,
2302 5544 2396 5598 καὶ
2430 5544 2686 5612 ἄναρχον,
2715 5541 2810 5594 καὶ
2853 5541 3111 5596 ἄκτιστον
3150 5538 3311 5609 χάριν
3345 5533 3629 5605 ἀπαρτίως
3659 5533 3717 5582 ὲν

2134 5636 2453 5710 ἁρῤαϐῶνος
2482 5635 2636 5705 μέρει
2658 5632 3153 5703 κατοπτριζόμενοι
3187 5628 3421 5699 ἀδήλως,
3444 5628 3510 5696 τῇ
3530 5625 3719 5694 μνήμῃ

2136 5729 2229 5783 καὶ
2263 5727 2422 5798 μόνῃ,
2453 5726 2545 5779 καὶ
2573 5724 2637 5796 δὴ
2664 5724 2764 5777 καὶ
2805 5723 3026 5794 μελέτῃ,
3071 5720 3147 5785 ὡς
3171 5719 3410 5792 εἴρηται,
3448 5714 3546 5784 τῆς
3591 5713 3717 5784 μιᾶς

528 5894 619 5949 ³⁸1
648 5896 776 5952 Cor.
806 5899 992 5963 xu,‘ll
1095 5902 1139 5934 ²⁹
1186 5900 1342 5957 Joan.
1403 5919 1491 5972 xv,
1551 5872 1605 5960 ’5.
1685 5905 1729 5940 ³⁵
1763 5905 2064 5975 Joan.xw,
2093 5908 2182 5964 25.
