4058 6538
428 369 570 450 ’τις
1225 390 1567 455 CiLLIS’I‘t
1605 386 1700 447 ET
1731 383 2039 447 manu
2083 385 2784 452 xamuorumnuu

3631 402 3742 467 ’736

464 512 1147 583 cordistranquillitatem,
1209 511 1580 580 tranquillitas
1641 523 1771 564 vero
1829 503 2052 560 humili-

2165 508 2373 578 κοπιᾷ·
2412 510 2444 578 ὴ
2476 508 2586 579 γὰρ
2621 509 2868 582 ἐσωτέρα
2903 509 3137 584 ἐργασία
3186 517 3281 570 σὺν
3314 519 3462 590 πόνῳ
3512 524 3734 593 καρδίας

467 605 957 668 tatem,liuutilitas
996 603 1107 659 Deo
1142 602 1484 659 domicilium
1540 611 1813 672 [πτερω-ιιι
1876 599 2060 654 homi-

467 714 611 752 limit.
652 700 726 753 Ex
758 700 859 753 hac
891 715 1056 766 porro
1092 698 1428 752 habitatione
1496 712 1618 751 cum
1667 693 2058 764 cupiditatibus

465 790 1084 854 eiiciuutnrdwmoncs,
1114 801 1166 844 et
1221 787 1299 844 sic
1331 790 1499 844 homo
1553 788 1610 842 ﬁt
1661 787 1922 857 templum
1961 785 2056 840 Dei

467 884 689 951 plenum
745 887 1056 946 sanctitate,
1118 885 1336 951 plenum
1409 883 1636 947 lumine,
1679 881 1944 936 munditie
2004 888 2060 934 et

467 977 668 1046 gratia.
692 976 889 1032 Beatus
944 978 1109 1047 igitur
1169 977 1258 1030 ille
1288 975 1382 1046 qui
1443 975 1734 1028 Dominum
1799 988 1962 1030 suum
2003 971 2054 1026 in

466 1073 644 1144 adytis
672 1073 856 1129 cordis
899 1075 1166 1141 intuetur,
1198 1072 1486 1130 elluudcns
1523 1087 1656 1127 suas
1686 1085 1880 1139 preces
1935 1083 2056 1124 cum

464 1165 668 1229 gemitu
703 1166 754 1219 in
797 1176 1095 1234 conspectu
1152 1169 1269 1239 ejus
1319 1168 1604 1224 bonitatis.
1659 1185 1679 1218 ι
1783 1167 1853 1221 Ει
1931 1165 2056 1234 Plus

467 1253 711 1313 Joannes
735 1257 1085 1324 Carpathius;
1126 1280 1143 1311 ι
1186 1260 1355 1316 ΜιιΙιο
1383 1261 1686 1316 certamine
1713 1274 1779 1314 ac
1807 1267 2054 1324 tempore.

471 1364 612 1417 opus
645 1359 726 1404 est
758 1351 813 1404 in
847 1352 1192 1408 orationibus
1216 1363 1276 1408 ut
1323 1355 1668 1409 inveniamus
1704 1351 2055 1423 cogitationis

467 1441 723 1497 libertate
746 1444 974 1501 alterum
1017 1448 1290 1515 quoddam
1333 1448 1387 1502 in
1448 1439 1614 1503 corde
1671 1447 1896 1510 malum,
1963 1446 2054 1499 ubi

471 1535 678 1589 habitat
713 1536 992 1601 Christus,
1026 1549 1085 1594 ut
1115 1540 1192 1594 ait
1223 1540 1553 1608 Apostolus:
1599 1559 1618 1594 ι
1649 1539 1891 1595 Nescitis
1918 1554 2057 1608 quo-

472 1629 616 1680 niam
650 1627 806 1684 Jesus
845 1629 1101 1686 Christus
1158 1633 1370 1688 habitat
1427 1635 1480 1688 in
1514 1633 1715 1689 vobis?
1765 1631 1843 1689 Ne
1891 1620 2059 1702 igitur

469 1720 686 1783 reprobi
708 1721 828 1776 sitis
855 1723 920 1779 ³¹.
960 1744 985 1798 r
1014 1724 1079 1777 Et
1105 1739 1333 1795 magnus
1361 1727 1833 1796 Cbrysostomus:
1893 1744 1912 1777 ι
1961 1725 2056 1779 ln-

471 1821 755 1867 cessanter
783 1815 997 1871 adhtere
1029 1819 1238 1872 nomini
1301 1817 1702 1885 Domiui‘Jesu,
1745 1826 1812 1873 aut
1868 1817 2056 1873 ebibat

2165 599 2320 668 φέρει
2354 602 2452 671 τὴν
2503 602 2875 673 καθαρότητα·
2907 607 2939 675 ἠ
2991 606 3046 660 δὲ
3073 610 3384 681 καθαρότης
3427 612 3526 684 τὴν
3551 616 3735 686 ἀληθι-

2165 689 2261 760 νὴν
2289 690 2390 760 τῆς
2420 691 2642 762 καρδίας
2671 695 2924 765 ἡσυχίαν,
2957 699 2990 767 ή
3025 698 3081 751 δὲ
3111 701 3316 770 ήσυχία
3349 702 3486 773 αὕτη
3521 705 3618 775 τὴν
3650 724 3740 759 τα-

2166 781 2444 845 πείνωσιν,
2484 786 2516 854 ή
2546 785 2602 837 δὲ
2636 788 2968 852 ταπείνωσις
3017 795 3441 862 κατοικητήριον
3469 796 3604 848 Θεοῦ
3625 793 3737 851 ’κα-

2164 875 2494 939 τασκεύάζει
2522 877 2613 930 τὸν
2643 878 2950 949 άνθρωποψ
2987 883 3095 936 ἀπὸ
3149 884 3204 936 δὲ
3233 885 3736 957 τῆς-κατοικήσεως

2163 965 2388 1036 ταύτης,
2429 969 2525 1022 σὺν
2550 971 2663 1032 τοῖς
2715 971 2947 1024 πάθεσιν
2991 974 3040 1026 οί
3071 975 3328 1045 δαίμονες
3379 977 3738 1048 ἐξορίζονται,

2165 1058 2261 1110 καὶ
2286 1057 2494 1124 γίνεται
2523 1062 2550 1112 6
2595 1060 2882 1132 ἄνθρωπος
2909 1064 3054 1118 οῦτω
3081 1066 3205 1128 ναὸς
3235 1067 3329 1120 τοῦ
3359 1070 3492 1121 Θεοῦ
3527 1071 3738 1142 πλήρης

2166 1149 2530 1218 ἀγιάσματος,
2556 1140 2774 1224 πλήρης
2804 1157 3110 1228 φωτισμοῦ,
3149 1159 3524 1230 καθαρότητός
3545 1180 3603 1215 τε
3644 1140 3738 1217 καὶ

2164 1237 2408 1309 χάριτος.
2436 1242 2718 1312 Μακάριος
2758 1241 2853 1297 οὖν
2879 1246 3107 1310 ἐκεῖνος,
3131 1249 3159 1301 6
3198 1248 3287 1301 τὸν
3310 1250 3500 1306 ἑαυτοῦ
3537 1252 3737 1322 Κύριον

2166 1331 2224 1383 ἐν
2278 1330 2494 1394 ἀδύτοις
2560 1334 2786 1404 καρδίας
2851 1338 3322 1408 ὲνοπτριξόμενος,
3380 1343 3586 1411 ἐκχέων
3637 1344 3737 1413 τὴν

2163 1420 2358 1474 ἑαυτοῦ
2395 1423 2580 1492 δέησιν
2634 1425 2773 1494 μετὰ
2835 1428 3119 1498 κλαυθμοῦ
3168 1430 3401 1485 ἐνώπιον
3430 1433 3531 1499 τῆς
3571 1435 3734 1488 αὑτοῦ

2169 1511 2526 1582 ἀγαθότητος.
2569 1533 2587 1566 ι
2615 1517 2724 1569 Καὶ
2782 1518 2810 1570 6
2848 1519 2992 1582 ὅσιος
3031 1519 3282 1590 Ἰωάννης
3323 1525 3350 1574 6
3382 1522 3734 1592 Καρπάθιοςο

2175 1619 2193 1652 ι
2232 1602 2435 1655 Πολλοῦ
2485 1604 2692 1672 ἀγῶνος
2726 1607 2819 1660 καὶ
2845 1611 3038 1679 χρόνου
3085 1613 3243 1680 χρεία
3273 1613 3330 1664 ἐν
3350 1615 3472 1676 ταῖς
3499 1631 3736 1685 προσευ-

2167 1696 2486 1764 χαῖς,νὸπως
2514 1697 2766 1769 εὕρωμεν
2810 1702 2869 1752 ὲν
2901 1704 2966 1772 τῇ
3009 1703 3438 1776 ἀπαρενοχλήτῳ
3490 1708 3586 1776 τῆς
3617 1708 3646 1760 δ
3671 1726 3738 1759 α-

2165 1789 2312 1851 νοίας
2368 1791 2702 1844 καταστάσει
2755 1792 2942 1865 ἕτερόν
2981 1813 3104 1850 τινα
3145 1799 3434 1869 ἐγκάρδιον
3481 1801 3738 1870 οὐρανὸν,

509 1859 744 1867 ----.---.
783 1859 996 1871 ...μηνη
1301 1859 1512 1874 νυ.......
1544 1859 1702 1885 που,
1753 1859 1812 1873 ι..
1869 1859 2056 1873 νων...

469 1917 566 1957 τοι·
589 1914 738 1959 tuum
771 1906 1088 1975 Dominum,
1115 1919 1165 1964 et
1203 1910 1484 1967 Dominus
1508 1927 1606 1967 cor
1641 1921 1817 1976 tuum,
1855 1919 1911 1966 et
1946 1911 2058 1968 duo

2165 1876 2294 1932 ἔνθα
2340 1881 2482 1932 οἰκεῖ
2529 1883 2560 1934 6
2593 1859 2861 1953 Χριστὸς,
2904 1885 2980 1950 ὥς
3026 1859 3197 1958 φησιν
3223 1893 3251 1944 6
3289 1859 3628 1957 ’Ἀπόστολος
3655 1913 3668 1926 ο

469 1997 522 2048 in
579 2013 746 2050 unum
782 1999 934 2056 ﬁant.
977 2001 1082 2056 Sed
1114 2017 1254 2072 opus
1288 2004 1420 2058 illud
1451 2019 1559 2060 non
1595 2013 1680 2060 est
1721 2005 1886 2060 unius
1927 2005 2061 2071 diei,

469 2089 564 2142 sed
606 2089 752 2160 longi
780 2106 843 2145 ac
884 2093 1040 2148 multi
1102 2096 1405 2163 temporis;
1465 2097 1639 2152 multo
1685 2097 1835 2152 enim
1887 2105 2067 2150 certa-

472 2181 618 2235 mine
647 2197 712 2237 ac
747 2191 993 2252 tempore
1029 2202 1167 2256 opus
1195 2195 1278 2242 est
1308 2198 1366 2241 ut
1416 2188 1669 2256 ejiciatur
1699 2189 1959 2242 inimicus
2009 2196 2064 2243 et
2097 2200 2100 2203 '

469 2273 738 2330 inhabitet
762 2276 1036 2332 Christus.
1081 2297 1098 2330 ι
1137 2279 1203 2333 Et
1232 2280 1349 2356 inec
1378 2281 1598 2349 quidem
1626 2282 1843 2345 deillis,
1869 2282 2064 2338 Sermo

469 2377 654 2422 autem
685 2369 874 2426 redeat
898 2371 963 2425 ad
999 2387 1060 2426 ea
1093 2389 1216 2443 qute
1250 2389 1311 2427 ex
1346 2374 1540 2429 ordine
1567 2375 1725 2430 nobis
1779 2375 2061 2444 proposita

469 2467 622 2515 sunt.

2162 1970 2263 2024 οὐκ
2319 1972 2734 2041 ἐπιγινώσκετε,
2797 1978 2878 2030 ὅτι
2943 1981 3152 2049 Ἰησοῦς
3208 1984 3444 2054 Χριστὸς
3477 1986 3616 2038 οίκεί
3677 1989 3740 2041 ἐν

2163 2059 2290 2133 ὑμῖν
2312 2080 2326 2125 ;
2350 2065 2397 2117 εί
2430 2067 2557 2135 μήτι
2585 2067 2693 2137 ἄρα
2711 2069 3124 2141 άδόκιμοιέστέ.
3159 2094 3175 2125 ›
3201 2078 3305 2128 Καὶ
3331 2080 3358 2129 6
3387 2079 3557 2146 μέγας
3588 2081 3738 2150 Χρυ-

2167 2155 2451 2224 σόστομοςο
2478 2176 2495 2207 ι
2521 2158 2908 2226 Ἀδιαλείπτως
2935 2165 3275 2234 παράμεινον
3298 2167 3376 2237 τῷ
3393 2169 3618 2238 ὀνόματι
3637 2169 3736 2222 τοῦ

2166 2243 2373 2312 Κυρίου
2421 2245 2614 2315 Ἰησοῦ,
2654 2248 2744 2304 ἵνα
2795 2254 3040 2326 καταπίῃ
3075 2256 3108 2324 ή
3152 2256 3352 2327 καρδία
3381 2257 3472 2309 τὸν
3505 2259 3734 2327 Κύριον,

2165 2335 2258 2386 καὶ
2284 2337 2311 2387 6
2345 2336 2547 2407 Κύριος
2575 2339 2673 2410 τὴν
2705 2343 2952 2412 καρδίαν,
2981 2347 3077 2400 καὶ
3109 2349 3427 2418 γένηταιςτὰ
3472 2349 3566 2402 δύο
3595 2349 3674 2404 ἓν.
3706 2367 3728 2401 ι

2178 2421 2342 2475 Ἀλλὰ
2369 2425 2428 2476 τὸ
2463 2426 2622 2495 ἔργον
2654 2431 2812 2484 τοῦτο
2841 2434 2940 2486 ούκ
2970 2434 3090 2487 ἐστι
3119 2438 3245 2506 μιᾶς
3273 2438 3507 2506 ἡμέρας,
3539 2437 3570 2506 ἢ
3602 2436 3732 2503 δύω,

469 2549 609 2602 ἀλλὰ
659 2548 854 2619 χρόνου
887 2548 1084 2604 πολλοῦ
1127 2549 1222 2603 καὶ
1265 2549 1464 2621 καιροῦ
1494 2567 1506 2581 ·
1563 2550 1763 2606 πολλοῦ
1811 2552 1922 2621 γὰρ
1969 2551 2183 2620 ἀγῶνος
2224 2552 2318 2603 καὶ
2356 2551 2552 2621 χρόνου
2598 2552 2754 2620 χρεία
2807 2552 2956 2612 ὅπως
3005 2552 3243 2623 ἐκϐληθῇ
3299 2555 3327 2606 6
3373 2554 3589 2624 ἐχθρὸς,
3628 2553 3726 2609 καὶ

471 2646 736 2717 ἐνοικήσῃ
770 2648 797 2700 6
826 2647 1085 2717 Χριστός.
1121 2647 1230 2701 Καὶ
1261 2645 1437 2701 ταῦτα
1471 2645 1574 2716 μὲν
1608 2648 1689 2710 είς
1721 2648 1976 2701 τοσοῦτον
2008 2664 2021 2676 ·
2054 2650 2082 2702 6
2112 2647 2168 2699 δὲ
2221 2647 2375 2716 λόγος
2411 2648 2800 2715 ἐπα-ιερχὲσοω
2837 2648 2972 2716 πρῦς
3007 2665 3068 2715 γε
3117 2645 3183 2702 ﬁ
3217 2650 3339 2702 καθ’
3364 2651 3561 2721 εἱρμὸν
3590 2666 3732 2710 προ-

471 2743 723 2809 κείμενα.

464 2838 544 2891 De
579 2839 820 2925 aratione
863 2839 1038 2891 cordis
1073 2856 1174 2892 non
1213 2840 1405 2894 nmnda
1431 2857 1450 2895 :
1474 2843 1820 2925 cloquomodo
1861 2844 2059 2925 ali-quis

543 2909 612 2960 ad
655 2908 908 2962 mundam
949 2922 997 2962 ct
1030 2920 1359 2965 constantem
1405 2908 1700 2968 orationem
1732 2908 1984 2984 pervenit.
2080 2959 2083 2967 .

540 3087 632 3142 55.
671 3085 747 3141 Ex
805 3087 1123 3143 adbaesione
1180 3087 1309 3143 huic
1355 3089 1629 3158 praedictae
1665 3088 1925 3145 methddo
1975 3091 2061 3146 in-

469 3188 640 3232 ternte
674 3189 729 3232 et
763 3181 979 3233 mundae
1013 3190 1068 3235 et
1120 3182 1426 3236 constantis
1459 3181 1750 3249 orationis,
1813 3182 1916 3238 etsi
1949 3171 2055 3238 noli

469 3273 543 3326 sit
593 3273 838 3340 alioquin
876 3275 1016 3328 forte
1049 3275 1254 3328 munda
1289 3285 1342 3328 et
1379 3281 1667 3344 euristaus,
1701 3273 2054 3333 manifestum

406 3371 409 3373 '
470 3376 553 3417 est
586 3365 912 3432 luctantem,
948 3381 1043 3434 per
1075 3367 1400 3434 pbantasias
1434 3385 1556 3437 quae
1586 3368 1636 3423 ei
1684 3369 1905 3425 obstant
1936 3387 2060 3426 cra-

471 3457 632 3523 tioni,
665 3469 718 3512 et
746 3461 1133 3528 cogitationes,
1163 3461 1448 3530 pervenire
1476 3461 1542 3516 ad
1587 3462 1832 3518 habitum
1865 3465 2057 3518 orandi
2094 3508 2098 3512 π

473 3552 682 3621 absque
760 3553 1017 3608 violentia
1068 3567 1121 3609 et
1177 3544 1574 3622 inconsiantia,
1622 3559 1936 3627 mundeque
1995 3575 2062 3614 ac

470 3657 624 3706 vere,
659 3653 713 3696 et
744 3655 980 3698 mentem
1016 3644 1168 3699 intus
1193 3645 1527 3715 applicandi,
1564 3662 1743 3717 neque
1764 3664 1888 3703 cum
1923 3649 1970 3702 vi
1996 3665 2060 3705 ac

472 3743 787 3804 contemptu
815 3753 912 3806 per
940 3737 1358 3808 inspiratiouem
1382 3741 1716 3809 adducendi,
1750 3749 1805 3797 et
1834 3758 2056 3796 rursum

469 3829 816 3891 extrahendi,
853 3830 946 3884 sed
979 3830 1028 3883 ei
1091 3845 1308 3900 semper
1360 3830 1674 3888 adhaereudi
1717 3848 1781 3888 ac
1827 3835 1900 3888 ita
1940 3851 2060 3900 pcr-

469 3927 635 3987 petito
657 3923 871 3976 orandi.
896 3923 1106 3976 Etenim
1127 3932 1353 3978 sanctus
1379 3924 1682 3996 Hesychius
1707 3924 1842 3980 dicit
1867 3945 1880 3980 :
1911 3945 1930 3978 ι
1953 3925 2056 3993 Qui

470 4008 615 4058 enim
667 4022 776 4058 non
806 4006 1232 4076 cogitationibus
1260 4009 1487 4063 liberam
1523 4011 1828 4066 orationem
1869 4013 2056 4077 habet,

469 4108 625 4147 arma
661 4111 764 4149 non
801 4096 965 4152 habet
999 4097 1064 4150 ad
1095 4099 1335 4162 bellum;
1362 4099 1665 4154 orationem
1699 4112 1881 4156 autem
1921 4119 2063 4157 nun-

471 4204 613 4257 cupo
662 4205 782 4243 eam
819 4206 942 4259 quae
974 4190 1028 4244 in
1084 4191 1259 4261 adytis
1308 4193 1789 4262 cordisopcratur,
1843 4205 1897 4250 ut
1931 4193 2060 4250 Jesu

469 4279 679 4333 Christi
714 4282 1084 4347 invocatione,
1119 4282 1212 4352 qui
1264 4295 1481 4339 secreto
1515 4294 1751 4355 pugnat,
1807 4285 2062 4342 vincatur

475 4375 650 4427 hostis
696 4385 747 4427 et
780 4375 1128 4429 incendatur.
1161 4393 1180 4426 ι
1241 4375 1301 4428 Ει
1338 4392 1555 4431 rursum
1588 4393 1602 4431 :
1645 4397 1664 4430 ι
1699 4377 1899 4433 Beatus
1949 4378 2060 4442 ille,

473 4464 567 4533 qui
608 4465 688 4518 sic
727 4465 980 4518 oratione
1030 4481 1154 4519 cum
1196 4464 1326 4521 Jesu
1361 4468 1550 4522 unitur
1597 4468 1650 4521 in
1703 4468 2060 4537 cogitatione,

472 4573 711 4625 eumque
741 4558 1114 4614 indesinenter
1161 4560 1378 4613 invocat
1401 4563 1454 4615 in
1485 4561 1672 4624 corde,
1701 4562 2062 4629 qucrnadmo-
2096 4593 2138 4648 ο

475 4650 602 4701 dum
621 4665 717 4702 aer
740 4649 945 4704 nostris
964 4649 1284 4716 corporibus
1307 4651 1515 4715 unitur,
1531 4659 1586 4703 et
1608 4665 1746 4704 certe
1763 4648 2008 4705 ﬂamma!
2037 4670 2056 4702 ι

473 4742 542 4796 Et
567 4758 780 4798 rursum
811 4761 824 4797 :
862 4762 880 4793 ι
914 4743 976 4796 ΕΙ.
1005 4742 1087 4797 sol
1110 4742 1322 4796 terram
1350 4753 1666 4812 penetrans,
1687 4742 1828 4796 diem
1853 4743 2020 4798 eﬂicit
2045 4763 2060 4798 :

479 4835 694 4889 Domini
736 4845 921 4889 autem
960 4833 1089 4890 Jesu
1124 4846 1374 4891 sanctum
1405 4844 1458 4889 et
1497 4834 1809 4890 venerabile
1860 4851 2060 4888 nomen

473 4928 738 4983 continuo
791 4929 844 4983 in
885 4938 1065 4984 mente
1121 4929 1331 4996 lucens,
1401 4929 1583 4999 gignat
1639 4929 2068 4985 innumerabiles

473 5020 875 5091 cogitationum
909 5022 1117 5077 radios.

477 5305 557 5363 De
595 5307 863 5362 constanti
892 5322 957 5362 ac
981 5307 1180 5361 munda
1209 5306 1386 5390 cordis
1413 5307 1676 5373 oratione,
1709 5314 1757 5362 et
1785 5303 1851 5359 de
1877 5303 2068 5358 ardore

1075 5393 1140 5432 ea:
1169 5394 1228 5430 ea
1260 5387 1480 5434 oriente.

551 5552 642 5606 δι.
675 5551 750 5606 Ea
802 5561 882 5608 est
920 5567 984 5606 ac
1022 5554 1339 5607 nominatur
1390 5553 1572 5608 cordis
1615 5553 1812 5620 oratio,
1865 5552 2065 5609 munda

478 5660 534 5700 et
568 5659 850 5712 constans,
889 5657 948 5702 ut
977 5649 1181 5703 dictum
1210 5657 1316 5716 est,
1352 5666 1416 5704 ex
1455 5664 1561 5719 qua
1597 5649 1840 5720 gignitur
1866 5650 2066 5719 aliquis

481 5738 644 5792 ardor
674 5740 726 5793 in
762 5739 950 5804 corde,
981 5740 1285 5794 secundum
1335 5739 1465 5796 illud
1505 5756 1520 5794 :
1549 5756 1569 5791 ι
1610 5737 1952 5796 Calefactum
1981 5749 2068 5795 est

557 5913 600 5944 “
626 5916 666 5970 ιι
709 5917 839 5972 Cor.
904 5932 1020 5987 δικ,
1069 5917 1121 5972 ἔ.

2162 2834 2306 2908 Περὶ
2361 2838 2712 2906 προσευχῆς
2777 2840 3106 2908 καρδιακῆς
3145 2840 3230 2908 μὴ
3304 2837 3584 2905 καθαρᾶς,
3639 2845 3738 2892 καὶ

2234 2906 2396 2970 ὅπως
2420 2909 2656 2976 ἔρχεταί
2686 2926 2773 2975 τις
2798 2906 2884 2976 εἰς
2925 2911 3037 2980 τὴν
3057 2906 3358 2978 καθαρὰν,
3391 2909 3488 2961 καὶ
3522 2910 3742 2980 ἀμ’ρἐ-

2233 2977 2458 3031 ϐαστον
2487 2982 2852 3050 προσευχήν.

2239 3095 2342 3164 νγ.
2379 3099 2473 3152 Ἐκ
2502 3099 2598 3153 τοῦ
2637 3101 2964 3170 προσμένειν
2992 3101 3057 3170 τῇ
3085 3098 3350 3170 εἰρημένῃ
3403 3097 3606 3167 μεθόδῳ
3637 3096 3734 3162 τῆς

2167 3185 2468 3254 καρδιακῆς
2508 3183 2777 3254 καθαρᾶς,
2832 3184 2928 3237 καὶ
2965 3185 3378 3255 ἁρρεμόάστου,
3434 3184 3481 3236 εί
3534 3183 3624 3233 καὶ
3665 3182 3739 3251 μὴ

2167 3275 2413 3346 καθαρᾶς
2450 3278 2582 3337 ἴσως
2627 3274 2824 3340 ἄλλως,
2856 3275 2953 3328 καὶ
2987 3275 3372 3346 ὰρρεμϐάστου
3408 3273 3734 3343 προσευχῆς,

2166 3367 2322 3436 δῆλον
2343 3368 2426 3420 ὅτι
2457 3368 2544 3420 διὰ
2574 3366 2675 3430 τὰς
2701 3367 2955 3436 ἐμποδῶν
2993 3366 3169 3438 ταύτῃ
3205 3366 3502 3434 γενομένας
3533 3365 3737 3435 προλή-

2163 3459 2308 3528 ψεις,
2341 3459 2437 3512 καὶ⁴
2481 3460 2608 3522 τοὺς
2648 3458 2968 3528 λογισμοὺς,
3019 3457 3238 3528 ἔρχεται
3272 3457 3300 3508 6
3333 3455 3734 3524 ἀγωνιζόμενος

2166 3551 2224 3602 ἐν
2255 3549 2366 3612 ἕξει
2396 3548 2488 3601 τοῦ
2545 3548 2842 3612 ὰ6ιάστως,
2879 3550 2972 3600 καὶ
3011 3549 3435 3619 ἁῤῥεμὸάστως,
3495 3547 3589 3598 καὶ
3639 3561 3740 3598 xa-

2167 3641 2372 3712 θαρῶς,
2407 3640 2504 3693 καὶ
2533 3640 2748 3709 ἀληθῶς
2779 3639 3202 3710 προσεύχεσθαι,
3235 3640 3435 3710 δηλαδὴ
3469 3639 3546 3708 τῷ
3578 3653 3741 3709 προσ-

2169 3735 2350 3804 μένειν
2411 3735 2469 3786 ὲν
2500 3736 2564 3804 τῇ
2601 3733 2799 3804 καρδίᾳ
2830 3733 2920 3786 τὸν
2963 3733 3109 3797 νοῦν,
3164 3732 3260 3785 καὶ
3295 3731 3368 3803 μὴ
3420 3732 3554 3805 μετὰ
3601 3730 3739 3800 βίας,

2165 3827 2256 3878 καὶ
2273 3824 2551 3896 ὀλιγώρως
2569 3825 2656 3878 διὰ
2685 3825 2782 3895 τῆς
2813 3825 3068 3895 είσπνοῆε
3093 3824 3430 3890 εἰσάγεσθαι,
3467 3824 3560 3875 καὶ
3589 3820 3741 3882 αὖθις

2163 3919 2472 3988 ἁποπηδᾷν,
2513 3917 2651 3973 ἀλλὰ
2690 3917 2854 3970 αὐτὸν
2913 3918 3000 3970 ἀεὶ
3047 3917 3379 3987 προσμένειν
3431 3915 3602 3985 ταύτῃ
3645 3914 3739 3966 καὶ

2166 4009 2406 4072 ἀεννάως
2445 4007 2589 4062 οῦτω
2622 4009 3045 4078 προσεύχεσθαι.
3083 4009 3247 4075 Λέγει
3282 4009 3376 4060 καὶ
3407 4008 3513 4076 γὰρ
3536 4008 3563 4057 ὁ
3590 4006 3742 4070 ἅγιος

2172 4099 2484 4170 Ἦσύσχιος·
2527 4117 2546 4151 ι
2586 4099 2646 4152 '0
2681 4099 2780 4169 μὲν
2817 4098 2926 4171 [ισ.
2965 4099 3062 4170 μὴ]
3116 4099 3254 4168 ἔχων
3283 4098 3449 4168 εὐχὴν
3495 4093 3738 4162 καθαρὰν

2163 4191 2463 4262 λογισμῶν,
2494 4191 2660 4244 ὅπλον
2704 4192 2806 4244 οὐκ
2862 4191 2976 4261 ἔχει
3031 4193 3110 4253 είς
3151 4190 3411 4258 πόλεμον,
3486 4187 3649 4256 εὐχὴν
3682 4185 3739 4238 δὲ

2163 4283 2306 4351 λέγω
2333 4283 2429 4353 τὴν
2455 4285 2698 4346 ἁεννάως
2728 4282 3132 4353 ἐνεργουμένην
3155 4283 3213 4333 ἐν
3250 4279 3465 4342 ἀδύτοις
3492 4276 3735 4346 καρδίας,

2162 4376 2250 4427 ἵνα
2311 4377 2378 4446 τῇ
2427 4374 2522 4427 τοῦ
2580 4374 2758 4444 Ἰησοῦ
2805 4373 3044 4444 Χριστοῦ
3083 4372 3374 4441 ἐπικλήσει
3406 4371 3435 4422 6
3492 4366 3738 4438 κρυφίως

2165 4467 2426 4536 πολεμῶν
2463 4465 2821 4537 μαστίξηται,
2847 4465 2942 4518 καὶ
2965 4464 3230 4532 φλέγηται
3261 4460 3541 4529 πολέμιος.
3582 4474 3600 4509 δ
3634 4453 3740 4508 Καὶ

2163 4555 2340 4620 αὖθις·
2381 4576 2399 4608 ι
2437 4557 2725 4626 Μακάριος
2756 4549 2935 4618 οὗτος,
2965 4553 3021 4616 ὃς
3057 4551 3200 4604 οὕτω
3224 4549 3548 4617 κεκόλληται
3565 4543 3737 4615 Ἰησοῦ

2163 4649 2321 4718 εὐχῇ,
2365 4650 2421 4700 ἐν
2461 4647 2692 4716 διανοίᾳ,
2735 4645 2831 4697 καὶ
2875 4645 3044 4712 φωνεῖ
3092 4641 3258 4695 αὐτὸν
3298 4639 3656 4698 ἀδιαλείπτως
3685 4636 3741 4685 ὲν

2164 4741 2382 4811 καρδίᾳ,
2417 4737 2608 4808 ὥσπερ
2653 4739 2858 4806 ἥνωται
2891 4737 2922 4789 6
2960 4735 3067 4805 ἀὴρ
3115 4737 3227 4796 τοῖς
3279 4733 3438 4803 ήμῶν
3475 4729 3739 4799 σώμασιν,

2162 4835 2195 4906 ἢ
2229 4834 2304 4895 ὼς
2325 4831 2456 4901 φλὸξ
2480 4830 2656 4901 κηρῷ.
2684 4849 2702 4882 ι
2728 4830 2838 4883 Καὶ
2862 4829 3044 4882 πάλιν·
3083 4845 3100 4879 ι
3130 4827 3239 4881 Καὶ
3271 4825 3618 4896 διερχόμενος
3647 4821 3742 4890 μὲν

2163 4925 2316 4993 ἥλιος
2351 4923 2492 4994 ὑπὲρ
2548 4921 2676 4992 γῆν,
2735 4922 2881 4974 ποιεῖ
2913 4919 3126 4990 ἡμέραν
3152 4936 3165 4951 °
3200 4918 3262 4970 τὸ
3311 4917 3368 4970 δέ
3397 4914 3492 4969 τοῦ
3531 4912 3734 4982 Κυρίου
3828 4906 3838 4916 ’

2176 5016 2350 5084 Ἰησοῦ
2388 5015 2547 5082 ἆγιον
2581 5012 2776 5082 ὄνομα,
2845 5011 2940 5064 καὶ
2997 5010 3294 5080 σεϐάσμιον
3338 5009 3396 5061 ἐν
3425 5010 3488 5078 τῇ
3537 5004 3743 5075 διανοίᾳ

2162 5106 2376 5176 λάμπον
2402 5109 2468 5178 τῇ
2495 5105 2764 5176 συνεχείᾳ,
2823 5105 3075 5174 γεννήσει
3127 5100 3533 5172 ἀναριθμήτους
3586 5097 3733 5166 ἡλιο-

2164 5196 2507 5265 ςρεγγοειδεῖς
2546 5195 2783 5256 ἐννοίαςξ

2165 5310 2304 5378 Περὶ
2336 5308 2447 5377 τῆς
2499 5305 3045 5378 ἀρῤεμϐάσζουκαί
3092 5303 3355 5378 καθαρᾶς
3416 5298 3742 5378 καρδιαξιῇς

2235 5373 2607 5450 ,προσευχιῖςῇ
2640 5373 2739 5430 καὶ
2774 5377 2884 5446 τῆς
2922 5377 2993 5441 ἐξ
3024 5375 3216 5445 αὐτῇς
3243 5373 3596 5444 tutanda-nc
3617 5374 3742 5439 θέρ-

2223 5469 2366 5519 μης.

2236 5558 2329 5618 νδ¹.
2358 5561 2470 5616 Καὶ
2506 5559 2666 5613 τοῦτο
2724 5558 2842 5612 ἐστι
2873 5575 2934 5612 τε
2974 5558 3070 5612 καὶ
3103 5557 3427 5627 ὀνομάζεται
3469 5551 3741 5626 προσευχὴ

2164 5653 2455 5725 καρδιακὴ.
2515 5650 2758 5723 καθαρᾶ,
2789 5652 2888 5705 καὶ
2939 5650 3350 5723 ἀρρέμὸαστος,
3379 5649 3456 5711 ὡς
3501 5648 3738 5717 εἴρηται,

2166 5747 2222 5811 ἐξ
2250 5740 2320 5818 ἦς
2355 5743 2609 5814 γεννᾶται
2657 5759 2742 5808 τις
2779 5742 2960 5815 θέρμη
2994 5744 3051 5796 ἐν
3097 5743 3166 5812 τῇ
3207 5741 3426 5812 καρδίᾳ,
3464 5738 3606 5792 κατὰ
3642 5735 3736 5788 τόο

2957 6013 2984 6025 Δ
