4058 6452
370 387 473 451 ’ΚΠ
1588 365 1980 435 OPUSCULA
2018 360 2375 425 ASCETICA
2392 408 2407 424 .

3394 340 3401 347 ’
3509 360 3620 429 738

379 527 397 558 ι
442 503 791 575 Ἐθερμάνοη
823 504 857 570 ή
891 498 1089 570 καρδία
1135 517 1236 571 μου
1290 498 1443 562 ἐντός
1474 514 1600 569 μου.
1647 498 1744 550 καὶ
1787 499 1845 549 ἐν
1879 499 1946 566 τῇ

2055 493 2142 534 cor
2174 493 2353 532 meum
2388 478 2527 531 intra
2568 491 2672 543 me,
2710 477 2840 532 etin
2873 476 3224 532 meditatione
3253 491 3375 532 mea
3399 482 3621 535 exarde-

377 598 579 669 μελέτῃ
602 612 703 666 μου
723 595 1127 661 ἐκκαυθήσεται
1160 590 1292 661 πῦρο
1332 607 1349 642 ι
1380 591 1515 660 πῦρ,
1532 589 1671 659 ὅπερ
1696 591 1724 641 6
1746 588 1953 657 Κύριος

384 687 593 758 Ἰησοῦς
629 686 865 751 Χριστὸς
899 681 1031 755 ἦλθε
1059 682 1242 753 βαλεῖν
1271 684 1351 746 είς
1380 683 1478 744 τὰς
1499 681 1663 750 γαίας
1678 680 1789 733 τῶν
1819 697 1952 749 καρ-

375 780 504 835 διῶν
533 781 568 850 ή
580 779 715 849 μῶν,
757 777 856 839 τὰς
896 776 1030 847 πρὶν
1058 775 1160 847 μὲν
1201 772 1618 843 ἀκανθηφόρους
1645 773 1759 836 τοῖς
1790 770 1954 824 πάθε·

379 892 454 933 σι.
487 872 585 926 νῦν
622 871 678 924 δὲ
731 869 1219 939 πνευματοφόρους
1269 870 1337 938 τῇ
1385 866 1589 936 χάριτι,
1624 863 1698 927 ὥς
1724 881 1887 932 φησιν
1924 865 1953 917 6

379 952 577 1034 Κύριος
606 960 763 1032 ήμῶν
801 958 1011 1029 Ἰησοῦς
1039 956 1296 1028 Χριστός·
1352 975 1370 1007 t
1407 956 1522 1025 Πῦρ
1566 950 1731 1024 ἦλθον
1761 953 1949 1024 βαλεῖν

375 1055 469 1109 ἐπὶ
495 1054 595 1123 τὴν
617 1052 743 1122 γῆν,
767 1052 862 1105 καὶ
893 1051 947 1104 τί
970 1049 1161 1121 ἧθελον
1205 1049 1255 1102 εί
1298 1048 1400 1119 ήδη
1433 1046 1686 1117 άνήφθη;
1724 1064 1742 1098 ι
1787 1046 1854 1099 Ὃ
1882 1044 1949 1116 δὴ

377 1145 627 1206 καὶτοὺς
660 1145 790 1216 περὶ
843 1143 935 1196 τὸν
980 1139 1249 1195 Κλεὼπαν
1298 1139 1452 1204 ποτὲ,
1494 1137 1949 1208 ἀναθερμάνασα,

378 1238 474 1291 καὶ
503 1235 824 1291 ἐκκαύσασα
880 1233 994 1306 [τον.
1057 1231 1445 1301 άναθερμᾶναν
1480 1227 1576 1281 καὶ
1643 1223 1947 1299 ὲκκαῦσαν]

377 1327 716 1391 ἐκστατικῶς
737 1325 873 1398 πρὸς
897 1324 1161 1395 ἀλλήλους
1187 1322 1313 1393 βοᾷν
1344 1320 1592 1392 ἐποίησε,
1621 1320 1683 1372 τό
1703 1334 1717 1348 ·
1756 1338 1775 1370 ι
1814 1318 1951 1388 Οὐχὶ

381 1420 414 1488 ἡ
437 1416 635 1487 καρδία
652 1415 809 1487 ήμῶν
830 1413 1094 1483 καιομένη
1122 1408 1191 1482 ἦν
1221 1413 1279 1465 ὲν
1309 1411 1438 1480 ἡμῖν
1461 1410 1518 1461 ὲν
1540 1410 1607 1478 τῇ
1634 1406 1769 1477 όδῷς
1794 1426 1812 1459 ι
1848 1407 1953 1460 Λέ-

378 1526 463 1580 γει
488 1508 545 1562 δὲ
580 1509 676 1561 καὶ
707 1508 822 1561 ὁὲκ
857 1503 1153 1575 Δαμασκοῦ
1196 1503 1448 1572 Ἰωάννης
1479 1502 1508 1554 6
1537 1501 1700 1565 πάνυ,
1737 1498 1796 1553 ἐν
1840 1517 1946 1552 τινι
1999 1561 2005 1569 ε

379 1602 664 1674 τροπαρίῳ
685 1599 796 1653 τῶν
834 1599 973 1669 πρὸς
1005 1598 1107 1667 τὴν
1135 1596 1444 1668 ὑπέραγνον
1490 1593 1754 1648 Θεοτόκον
1785 1591 1950 1647 αὑτοῦ

390 1693 766 1765 μελισμάτων·
802 1709 821 1742 ι
848 1689 1039 1743 Ἕλκει
1074 1705 1141 1758 με
1172 1687 1308 1758 πρὸς
1339 1684 1611 1757 ὑμνῳδίαν
1654 1683 1822 1737 πόθου
1856 1680 1952 1737 τοῦ

388 1782 749 1855 παρθενικοῦ,
772 1782 835 1835 τὸ
860 1781 973 1853 πῦρ
1001 1780 1061 1834 τὸ
1083 1779 1391 1848 ἐγκάρδιον.
1420 1797 1440 1831 ι
1463 1777 1672 1847 Γράφει
1706 1775 1765 1828 δὲ
1801 1777 1896 1828 καὶ
1926 1777 1955 1828 6

384 1880 537 1947 ἅγιος
571 1876 777 1931 Ἰσαάκ·
806 1895 824 1928 ι
848 1875 943 1928 Ἐκ
973 1875 1074 1943 τῆς
1114 1872 1381 1944 ἐργασίας
1428 1872 1528 1939 τῆς
1557 1869 1739 1940 βιαίας
1770 1868 1952 1922 τίκτε-

380 1989 473 2024 ται
500 1971 535 2043 ή
563 1969 740 2039 θέρμη
767 1969 801 2038 ή
835 1968 1097 2038 ἄμετρος,
1125 1966 1159 2036 ἡ
1182 1963 1601 2034 πυρπολουμένη
1633 1964 1692 2015 ὲν
1719 1963 1787 2032 τῇ
1821 1976 1957 2032 καρ-

375 2061 472 2133 δίᾳ
504 2064 568 2115 ἐκ
593 2059 702 2114 τῶν
732 2056 952 2129 θερμῶν
979 2056 1330 2125 ἐνθυμήσεων
1371 2052 1480 2105 τῶν
1509 2050 1716 2115 καινῶς
1767 2054 1959 2105 ἐπιπο-

386 2153 650 2206 λευόντων
679 2152 746 2222 τῇ
762 2149 990 2219 διανοίᾳ.
1026 2145 1176 2217 Αὕτη
1223 2144 1281 2198 δὲ
1321 2146 1355 2216 ἡ
1384 2142 1616 2214 ἐργασία
1662 2141 1759 2196 καὶ
1797 2143 1957 2214 ήφυ-

389 2243 530 2310 λακὴ
563 2241 889 2294 λεπτύνουσι
915 2239 1006 2292 τὸν
1034 2237 1162 2291 νοῦν
1195 2239 1255 2290 ὲν
1290 2238 1360 2307 τῇ
1411 2234 1593 2308 θέρμῃ
1629 2232 1831 2296 αὐτῶν,
1858 2249 1956 2286 και

392 2336 722 2405 παρέχουσιν
770 2331 922 2402 αύτῷ
974 2331 1187 2402 ὅρασιν,
1221 2329 1317 2383 καὶ⁹
1358 2328 1588 2399 προῖὼν,
1623 2328 1719 2380 καὶ
1763 2327 1827 2379 ὲκ
1855 2325 1957 2396 τῆς

391 2424 602 2497 θέρμης
626 2422 829 2493 ταύτης
857 2425 958 2493 τῆς
985 2422 1050 2473 ὲκ
1073 2420 1175 2489 τῆς
1200 2418 1423 2490 χάριτος
1445 2418 1546 2488 τῆς
1585 2416 1818 2488 θεωρίας
1844 2417 1961 2470 ἑπι-

389 2517 698 2587 γινομένης,
747 2514 1006 2584 γεννᾶται
1043 2514 1076 2583 ή
1117 2510 1351 2582 ἐπιρροὴ
1387 2509 1498 2563 τῶν
1548 2507 1821 2579 δακρύων,
1861 2507 1957 2560 καὶ

392 2609 530 2681 μετὰ
568 2608 786 2680 μικρὸν,
825 2609 922 2661 καὶ
965 2607 1030 2660 ὲκ
1063 2612 1174 2659 τῶν
1210 2602 1506 2659 ἀπαύστων
1532 2600 1782 2672 δακρύων
1809 2600 1959 2669 δέχεα

388 2701 535 2771 ταιή
566 2698 714 2770 ψυχὴ
753 2699 853 2769 τὴν
884 2698 1111 2770 εἰρήνην
1136 2695 1245 2749 τῶν
1285 2694 1584 2766 λογισμῶν.
1631 2692 1727 2746 Ἐκ
1763 2691 1821 2744 δὲ
1859 2691 1961 2763 τῆς

389 2790 614 2862 εἰρήνης
642 2788 753 2842 τῶν
776 2787 1081 2858 λογισμῶν,
1110 2786 1343 2856 ὑψοῦται
1362 2786 1442 2849 είς
1477 2785 1578 2855 τήν
1611 2783 1962 2854 καθαρότητα

390 2881 486 2936 τοῦ
518 2881 658 2944 νοός·
689 2881 779 2934 διὰ
800 2880 859 2933 δὲ
883 2882 985 2951 τῆς
1005 2879 1100 2933 τοῦ
1132 2877 1223 2931 νοῦ
1266 2875 1638 2948 καθαρότητος
1667 2873 1886 2945 ἔρχεται
1932 2872 1963 2928 6

392 2973 680 3044 ἄνθρωπος
717 2974 798 3035 είς
848 2971 910 3024 τὸ
935 2971 1157 3041 βλέπειν
1190 2968 1261 3022 τὰ
1289 2971 1567 3039 μυστήρια
1610 2964 1706 3019 τοῦ
1745 2962 1904 3019 Θεοῦ.
1935 2981 1956 3016 ι

396 3066 505 3119 Καὶ
520 3063 656 3131 μετὰ
670 3061 895 3134 βραχέα·
928 3082 946 3114 ι
966 3061 1121 3123 Μετὰ
1137 3061 1194 3115 δὲ
1222 3058 1394 3114 ταῦτα
1422 3057 1615 3127 φθάνει
1633 3059 1662 3111 6
1682 3055 1806 3120 νοῦς
1829 3055 1957 3110 ίδεϊν

2048 579 2162 625 scet
2190 568 2332 637 ignis
2357 568 2455 634 ",t
2483 566 2655 643 Ignis,
2685 583 2846 637 quem
2878 567 3141 623 Dominus
3164 565 3326 623 Jesus
3366 569 3623 626 Christus

2049 658 2200 711 vt-nit
2256 657 2472 711 nlittrre
2523 659 2577 711 in
2615 670 2809 711 terram
2852 659 3033 713 cordis
3064 661 3259 720 nostri.
3305 674 3427 729 quae
3467 663 3621 731 prius

2048 748 2267 818 quidem
2326 749 2687 816 cupiditatum
2753 764 2920 804 causa
2972 751 3158 820 spinas
3195 750 3427 818 ferebat,
3477 770 3618 808 nunc

2048 851 2226 895 autem
2277 842 2447 912 gratia
2479 841 2580 895 fert
2624 842 2908 911 Spiritum,
2938 854 2998 898 ut
3027 844 3101 898 ait
3141 842 3402 901 Dominus
3432 856 3620 902 noster

2044 932 2206 989 Jesus
2227 933 2515 988 Christus:
2555 952 2572 985 ι
2606 933 2792 1006 Ignem
2833 936 2954 990 veni
2987 937 3201 991 mittere
3226 937 3280 991 itt
3312 948 3538 1005 terram,
3565 947 3620 994 ct

2047 1026 2178 1096 quid
2208 1028 2331 1080 volo
2375 1027 2476 1079 nisi
2508 1034 2569 1080 ut
2608 1025 2937 1081 accendatur
2955 1026 3043 1081 ⁸⁸⁸1
3081 1045 3100 1078 ι
3135 1028 3240 1094 Qui
3273 1030 3413 1100 ignis
3462 1031 3621 1086 Cleo-
3664 1029 3681 1087 ὲ

2048 1119 2208 1186 pham
2245 1119 2372 1173 olim
2400 1116 2730 1173 calefaciens
2764 1132 2831 1174 ac
2865 1135 3056 1185 urens,
3093 1120 3388 1176 clamorem
3422 1139 3617 1179 eorum

2047 1209 2415 1264 admirantem
2444 1211 2710 1279 expressit
2762 1225 2777 1265 :
2830 1227 2850 1261 ι
2892 1211 3083 1265 Nonne
3124 1228 3221 1268 cor
3252 1225 3503 1270 nostrum
3531 1233 3621 1272 ar-

2047 1300 2184 1355 dens
2214 1312 2332 1354 erat
2362 1301 2416 1354 in
2454 1300 2612 1355 nobis
2643 1302 2696 1355 in
2726 1302 2812 1356 via
2839 1301 2924 1357 “?
2952 1322 2971 1355 ι
3008 1302 3148 1358 Dicit
3169 1316 3349 1359 autem
3380 1305 3620 1363 Joannes

2051 1391 2444 1457 Damascenus,
2471 1393 2525 1447 in
2549 1395 2782 1463 quodam
2807 1410 3031 1470 suorum
3070 1397 3139 1451 de
3178 1398 3331 1453 beata
3361 1407 3416 1453 et
3441 1403 3624 1471 puris-

2046 1485 2183 1539 sima
2223 1485 2450 1555 Deipara
2491 1489 2827 1543 canticorum
2876 1490 2996 1544 loco
3028 1506 3041 1541 :
3080 1508 3101 1543 ι
3147 1493 3388 1548 Attrahit
3433 1509 3521 1549 me
3553 1496 3621 1549 ad

2048 1577 2319 1647 virginum
2352 1593 2598 1633 amorem
2650 1580 2959 1635 canendum
3003 1580 3145 1649 ignis
3196 1585 3289 1651 qui
3340 1585 3394 1639 in
3450 1588 3624 1641 corde

2050 1671 2201 1723 lutet.
2241 1688 2261 1722 ι
2317 1669 2518 1727 Scribit
2579 1682 2760 1726 aute~u
2812 1683 2870 1729 et
2925 1685 3156 1730 sanctus
3204 1677 3401 1732 Isaac:
3467 1697 3488 1733 ι
3542 1680 3620 1735 Ex

2053 1760 2229 1815 tivida
2260 1763 2579 1832 Operatione
2619 1764 2861 1833 gignitur
2891 1766 3197 1823 immensus
3227 1769 3412 1834 ardor,
3441 1772 3531 1839 qui
3566 1773 3624 1826 itt

2054 1855 2218 1908 corde
2247 1869 2310 1908 ex
2345 1853 2664 1910 ardentibus
2710 1856 3145 1927 desideriis‘quae
3191 1862 3509 1929 cogitationi
3533 1878 3627 1916 su-

2055 1957 2357 2011 pervenere
2403 1945 2746 1999 accenditur.
2801 1944 2873 1999 Ea
2910 1956 3092 2001 autem
3126 1950 3375 2016 Operatio
3429 1960 3483 2003 et
3526 1964 3625 2004 cu-

2052 2035 2233 2090 stodia
2268 2048 2505 2091 mentem
2539 2053 2642 2094 suo
2692 2039 2887 2093 ardore
2921 2049 3241 2108 extenuant,
3275 2051 3331 2096 ct
3369 2044 3416 2113 ei
3456 2042 3626 2098 visio-

2053 2139 2176 2178 nem
2208 2134 2487 2195 przestant.
2532 2144 2551 2178 ι
2590 2129 2665 2181 Ac
2713 2127 2929 2197 pergit:
2994 2147 3012 2180 ι
3053 2127 3126 2182 Ex
3167 2129 3269 2183 hoc
3292 2129 3499 2183 ardore
3530 2129 3624 2199 qui

2051 2229 2117 2271 ex
2150 2215 2635 2284 contemplationis
2674 2217 2848 2287 gratia
2904 2219 3103 2282 oritur,
3161 2218 3401 2288 gignitur
3447 2218 3625 2289 lacry-

2059 2324 2272 2363 marum
2299 2307 2515 2364 eﬁ'usio.
2552 2326 2571 2361 ›
2601 2309 2664 2363 Et
2689 2311 2851 2378 paulo
2870 2319 3027 2379 post:
3066 2329 3083 2361 ι
3120 2309 3197 2364 Ex
3224 2310 3629 2375 incessantihus

2054 2399 2314 2470 lacrytnis
2371 2400 2568 2470 accipit
2608 2404 2791 2454 anima
2847 2403 3234 2473 cogitationum
3274 2418 3486 2473 pacem,
3519 2403 3629 2456 eri-

2057 2499 2204 2569 gitur
2225 2497 2280 2550 in
2314 2499 2516 2550 mentis
2544 2496 2877 2565 puritatem:
2910 2513 2973 2552 ac
3007 2514 3101 2568 per
3131 2514 3249 2552 eam
3279 2500 3478 2555 utentis
3531 2515 3631 2571 pu-

2059 2591 2277 2643 ritatem
2334 2589 2578 2658 pervenit
2616 2591 2781 2644 homo
2821 2591 2887 2644 ad
2945 2593 3334 2662 mysteriorum
3374 2592 3468 2648 Dei
3500 2609 3631 2651 con-

2059 2680 2490 2750 templationem.
2542 2700 2561 2733 ι
2615 2682 2680 2737 Ει
2710 2690 2832 2752 post
2872 2698 3043 2753 pauca
3091 2703 3104 2737 :
3173 2702 3190 2737 ι
3232 2684 3432 2743 Deinde
3475 2701 3632 2742 mens

2058 2780 2318 2844 praperat
2356 2772 2543 2829 videre
2591 2775 2972 2837 revelationes,
3032 2784 3087 2829 et
3145 2776 3323 2846 signa,
3376 2786 3439 2831 ut
3499 2778 3634 2833 vidit

2058 2862 2310 2919 Ezechiel
2372 2863 2658 2933 propheta.
2698 2881 2718 2914 ι
2775 2864 2838 2919 Et
2883 2866 3064 2921 adhuc
3116 2883 3134 2920 :
3181 2885 3199 2919 ι
3236 2866 3521 2938 Lacryma
3575 2877 3633 2925 et

2058 2955 2256 3031 capitis
2313 2957 2495 3012 tunsio
2546 2957 2600 3012 in
2655 2958 2903 3012 oratione
2932 2971 2989 3013 et
3034 2974 3156 3013 cum
3205 2960 3386 3015 calore
3447 2974 3633 3017 motus

2058 3048 2304 3104 excitant
2331 3049 2473 3102 intra
2498 3064 2598 3103 cor
2627 3064 2742 3105 sua:
2784 3049 3091 3104 dulcedinis
3115 3051 3390 3115 ardorem,
3420 3059 3476 3105 et
3504 3068 3631 3107 cum
3716 3114 3721 3119 ,

400 3154 774 3224 ἀποκαλύψεις
796 3191 811 3216 ,
856 3154 954 3207 καί⁸
1003 3154 1227 3223 σημεῖα,
1279 3150 1356 3215 ὡς
1403 3144 1546 3203 εἶδεν
1617 3146 1880 3218 Ἱεζεκιήλ
1929 3147 1961 3201 6

2062 3140 2321 3196 laudante
2355 3140 2563 3195 exstasi
2619 3140 2803 3195 evolat
2841 3155 2936 3195 cor
2962 3141 3028 3196 ad
3064 3141 3234 3198 Deum
3282 3152 3338 3200 et
3377 3142 3575 3200 clamat
3610 3161 3628 3202 :

393 3246 704 3315 προφήτης.
720 3244 873 3296 »Ἔτι
888 3261 902 3274 ·
930 3246 1042 3296 «Td:
1065 3246 1274 3316 δάκρυα
1291 3248 1386 3299 καὶ
1405 3249 1432 3299 6
1455 3247 1730 3318 ῥαπισμδς
1756 3249 1857 3318 τῆς
1878 3264 1962 3302 κθ

2065 3249 2085 3284 ι
2132 3230 2315 3287 Sitivit
2343 3232 2527 3287 anima
2576 3247 2698 3288 mea
2741 3237 2809 3289 ad
2858 3243 2910 3292 te
2942 3234 3111 3292 Deum
3145 3237 3364 3301 fortem,
3420 3239 3628 3295 vivum.

398 3332 573 3402 φαλῆς
600 3334 658 3385 ὲν
683 3334 749 3402 τῇ
780 3337 1075 3405 προσευχῇ,
1094 3336 1188 3387 καὶ
1213 3335 1274 3387 τὸ
1298 3335 1661 3391 κυλινδεῖσθαι
1684 3339 1822 3407 μετὰ
1844 3336 1972 3409 θερ-

396 3425 649 3496 μότητος,
681 3425 1028 3490 ἐξυπνίζουσι
1059 3427 1160 3497 τὴν
1219 3427 1432 3501 θέρμην
1485 3431 1587 3502 τῆς
1631 3429 1972 3501 γλυκύτητος

393 3515 572 3569 αὐτῶν
610 3515 822 3569 ἔνδοθεν
853 3516 953 3586 τῆς
983 3518 1237 3589 καρδίας
1269 3519 1363 3572 καὶ
1393 3523 1532 3590 μετὰ
1560 3520 1966 3591 ἐπαινουμένης

395 3596 703 3668 ἐκστάσεως
759 3609 989 3661 πέταται
1043 3611 1077 3681 ἡ
1135 3610 1335 3682 καρδία
1368 3611 1507 3682 πρὸς
1540 3612 1634 3665 τὸν
1676 3611 1830 3677 Θεὸν,
1873 3611 1970 3667 καὶ

395 3698 495 3771 βοᾷ
521 3718 535 3734 ο
584 3700 868 3771 Ἐδίψησεν
896 3704 928 3773 ή
961 3700 1107 3775 ψυχή
1152 3721 1255 3774 μου
1291 3705 1432 3775 πρὸς
1465 3704 1527 3758 at
1564 3706 1657 3759 τὸν
1691 3705 1846 3772 Θεὸν,
1877 3705 1971 3766 τὸν

400 3794 642 3866 ἰσχυρὸν,
675 3795 766 3848 τὸν
810 3793 1012 3860 ζῶνταα
1054 3798 1186 3850 πότε
1213 3795 1355 3867 ἥξω,
1407 3796 1503 3851 καὶ
1553 3797 1864 3869 ὀφθήσομαι
1890 3796 1971 3867 τῷ

395 3885 673 3957 προσώπῳ
702 3903 817 3950 σου.
838 3886 1044 3958 Κύριες
1083 3907 1103 3939 ι
1136 3890 1234 3941 καὶ
1263 3890 1330 3943 τὰ
1357 3887 1505 3960 ἑξῆς.
1534 3890 1640 3944 Καὶ
1661 3892 1689 3944 6
1715 3893 1812 3960 τῆς
1842 3888 1974 3943 Κλί-

399 3985 594 4047 μεῑκος·
619 3995 639 4030 ι
670 3977 788 4051 Πῦρ
818 3979 919 4050 μὲν
949 3980 1297 4051 ὲπιδημῆσαν
1318 3984 1377 4035 ὲν
1405 3981 1623 4052 καρδίᾳ,
1661 3981 1971 4051 προσευχὴν

399 4066 715 4137 ἀνέστησεν·
758 4069 962 4140 ταύτης
1009 4070 1068 4124 δὲ
1126 4070 1450 4142 ἐγερθείσης
1481 4071 1576 4124 καὶ
1631 4070 1711 4134 εἰς
1740 4067 1971 4140 οὐρανὸν

399 4157 827 4229 ἀναληφθείσης.
862 4160 958 4214 καὶ
981 4160 1152 4233 πυρὸς
1174 4152 1250 4214 ’ὲν
1279 4163 1539 4234 ἀνωγαίῳ
1589 4161 1769 4232 ψυχῆς
1803 4159 1973 4215 κατά-

397 4246 556 4310 δασις
568 4248 809 4317 γέγονεν.
823 4251 999 4304 οἘτι·
1020 4272 1039 4304 ι
1064 4252 1159 4317 Τίς
1182 4254 1290 4325 άρα
1312 4255 1457 4307 ἐστὶν
1484 4255 1513 4307 6
1528 4254 1712 4317 πιστὸς
1730 4253 1823 4306 καὶ
1845 4249 1973 4321 φρόο

397 4355 554 4407 νιμος
590 4342 842 4411 μοναχδς,
878 4342 938 4406 δς
967 4341 1064 4414 τὴν
1087 4344 1298 4415 θέρμην
1328 4347 1426 4415 τὴν
1455 4344 1651 4399 ἑαυτοῦ
1697 4343 1964 4413 ἐφύλαξεν

397 4429 695 4495 ἄσϐεστον,
725 4433 821 4486 καὶ
865 4434 1026 4505 μέχρι
1058 4437 1159 4505 τῆς
1209 4434 1407 4491 ἑαυτοῦ
1449 4437 1629 4503 ἐξόδου
1669 4436 1791 4490 καθ’
1835 4437 1976 4509 ήμέ-

2059 3319 2291 3388 Quando
2341 3323 2558 3377 veniam
2593 3332 2647 3378 et
2703 3326 2984 3395 apparebo
3019 3335 3146 3383 ante
3206 3327 3400 3384 faciem
3456 3337 3632 3397 tuam,

2061 3412 2337 3469 Domine?
2382 3431 2402 3466 ι
2456 3422 2512 3470 et
2564 3425 2783 3472 caetera.
2843 3417 2910 3472 Et
2967 3416 3181 3473 Clima:
3241 3436 3317 3475 τι
3373 3420 3521 3491 Ignis
3578 3422 3633 3477 iu

2059 3505 2226 3562 cordo
2249 3507 2505 3564 residens
2534 3510 2843 3564 orationem
2869 3512 3146 3566 excitat-it.
3169 3509 3245 3567 Ea
3268 3523 3447 3567 autem
3481 3517 3633 3570 exci-

2058 3607 2171 3655 tata
2203 3608 2260 3655 et
2289 3602 2344 3656 in
2375 3603 2575 3680 cretum
2602 3614 2807 3671 erecta,
2835 3603 2977 3673 ignis
3005 3606 3059 3658 in
3089 3606 3284 3660 animae
3319 3607 3635 3664 summitate

2060 3694 2480 3750 fundamentum
2504 3694 2709 3750 factum
2735 3704 2838 3751 est.
2871 3714 2891 3747 ι
2919 3698 2981 3751 Et
3003 3697 3069 3750 ad
3094 3697 3202 3752 huc
3232 3712 3248 3751 :
3281 3697 3444 3766 «Quis
3468 3699 3635 3771 igitur

2062 3778 2240 3842 ﬁdelis
2275 3796 2332 3841 et
2363 3787 2608 3857 prudens
2659 3786 2986 3851 monachus,
3055 3789 3149 3856 qtti
3182 3805 3342 3845 suum
3383 3792 3633 3845 ardorem

2059 3878 2556 3949 inexstinguibilem
2587 3881 2844 3944 servavit,
2866 3889 2921 3933 et
2951 3894 3122 3949 usque
3147 3883 3212 3934 ad
3244 3897 3472 3936 mortem
3500 3896 3635 3950 quo-

2058 3971 2191 4026 tidie
2220 3971 2398 4040 ignem
2464 3972 2570 4041 igni
2613 3973 2901 4041 adjicieus,
2933 3980 2987 4027 et
3034 3973 3281 4027 ardorem
3334 3975 3541 4040 ardori,
3579 3984 3636 4029 et

2057 4048 2389 4119 desiderium
2411 4064 2707 4130 desiderio,
2728 4073 2782 4117 et
2801 4064 2977 4118 zelum
3015 4065 3153 4129 zelo,
3177 4080 3284 4118 non
3324 4066 3591 4121 assus-it?
3607 4085 3625 4119 ι

2058 4155 2124 4210 Et
2156 4165 2381 4211 sanctus
2409 4141 2559 4211 Elias
2595 4156 2794 4211 vindex
2845 4158 3309 4224 cognominatus:
3344 4179 3364 4209 ι
3402 4156 3634 4224 Quando

2057 4251 2126 4307 ab
2154 4252 2399 4306 externis
2431 4250 2726 4320 quiescens
2756 4252 2937 4304 anima
2988 4251 3186 4305 animae
3218 4252 3465 4314 adhaasit,
3509 4261 3633 4306 tan-

2056 4361 2222 4417 quam
2278 4344 2495 4398 llamma
2553 4361 2673 4401 eam
2730 4345 3120 4411 circumdaus,
3173 4347 3630 4416 quemadmodum

2058 4440 2265 4496 ferrum
2297 4439 2462 4511 ignis,
2503 4440 2575 4494 ita
2617 4455 2737 4495 eam
2791 4439 3021 4509 ignitum
3056 4441 3255 4496 reddit.
3289 4440 3384 4496 Est
3412 4442 3633 4511 quidem

401 4533 503 4591 ραν
535 4519 851 4594 προστιθεὶς
899 4525 1012 4597 πῦρ
1054 4528 1210 4599 πυρὶ,
1245 4529 1341 4581 καὶ
1394 4527 1605 4601 θέρμην
1643 4528 1844 4600 θέρμη,
1872 4530 1962 4585 καὶ

2055 4537 2248 4593 eadem
2288 4535 2500 4602 anima,
2522 4551 2631 4590 non
2655 4545 2862 4600 autem,
2898 4544 2956 4591 ut
2985 4546 3114 4591 ante
3148 4538 3472 4593 tractabilis.
3514 4536 3635 4590 Non

399 4612 562 4667 πόθον
593 4613 768 4686 πόθῳ,
798 4616 898 4671 καλ⁸
928 4618 1167 4688 σπουδὴν
1191 4620 1419 4692 σπουδῇ,
1455 4620 1556 4674 οὐκ
1592 4622 1909 4688 ὲπαύσατος
1941 4640 1964 4677 t

344 4709 348 4712 ⁴
400 4705 510 4757 Καὶ
542 4706 571 4758 6
607 4707 764 4776 ἅγιος
809 4708 997 4773 Ἠλίας
1047 4713 1076 4765 6
1125 4710 1358 4776 ἔκδικος·
1394 4732 1413 4766 ι
1462 4714 1694 4768 ὐπόταν
1724 4715 1831 4768 ἀπὸ
1861 4716 1972 4773 τῶν

400 4796 598 4861 ἔξωθεν
627 4799 941 4870 σχολάσασα
996 4803 1029 4873 ὴ
1074 4803 1221 4875 ψυχὴ
1266 4804 1511 4877 συναφθῇ
1544 4809 1608 4879 τῇ
1650 4807 1819 4878 ψυχῇ,
1851 4810 1973 4861 τότε

398 4882 489 4939 οἷά
518 4905 601 4952 τις
631 4889 766 4959 φλὸξ
792 4892 1259 4963 περικυκλώσαςα
1278 4895 1484 4967 ταύτην
1510 4898 1716 4967 ἐκείνη,
1755 4899 1975 4969 σίδηρον

2058 4629 2207 4684 enim
2261 4628 2496 4699 ignitum
2548 4628 2753 4683 ferrum
2812 4629 2924 4699 jam
2983 4638 3164 4699 potest
3224 4630 3443 4700 corripi.
3485 4648 3505 4682 ι
3569 4629 3636 4684 Et

2061 4721 2242 4774 adhuc
2278 4739 2293 4775 :
2333 4738 2351 4772 ι
2394 4718 2592 4775 Beatus
2630 4721 2725 4790 qui
2753 4721 2806 4775 in
2839 4721 2939 4777 hac
2969 4722 3103 4785 vita,
3161 4730 3220 4775 ut
3253 4723 3331 4775 sic
3367 4723 3632 4787 vidi-stur,

2062 4814 2261 4883 dignus
2293 4822 2411 4878 est;
2438 4823 2491 4867 et
2526 4829 2644 4868 eam
2674 4829 2796 4883 qua:
2825 4828 3018 4868 natura
3050 4815 3191 4868 lutea
3230 4824 3335 4878 cst,
3372 4823 3634 4876 statuam,

2058 4903 2170 4973 jam
2206 4908 2380 4974 gratia
2413 4908 2634 4975 iguitam
2668 4906 2868 4960 factam
2902 4908 3058 4960 vidit.

385 4981 641 5049 καθάπερ
680 4981 742 5031 τὸ
780 4979 911 5051 πῦρ,
966 4983 1481 5052 πεπυρακτωμένην
1521 4984 1650 5054 ὅλην
1680 4984 2029 5051 καθίστησιν.
2083 4988 2188 5041 Καὶ
2227 4988 2345 5039 ἔστι
2400 4990 2500 5059 μὲν
2529 4990 2675 5061 ψυχὴ
2731 4993 2764 5062 ή
2796 4992 2934 5061 αύτή
2961 5009 2974 5022 ·
3010 4991 3110 5045 οὐκ
3143 4991 3225 5044 ἔτι
3255 4992 3313 5046 δὲ
3348 4993 3442 5045 καὶ
3479 4994 3652 5065 ἁττή.

383 5074 519 5127 Οὐδὲ
544 5075 653 5144 γὰρ
686 5074 716 5129 6
747 5076 1137 5144 πυρακτωθεὶς
1186 5077 1429 5159 σίδηρος,
1477 5083 1599 5142 ταῖς
1645 5080 1847 5144 ἔξωθεν
1890 5082 2149 5150 ἐπαφαῖς.
2193 5101 2212 5135 ι
2256 5083 2378 5136 Ἔτι
2405 5100 2419 5116 ο
2461 5102 2479 5137 ι
2521 5087 2807 5156 Μακάριος
2851 5088 2878 5139 6
2918 5089 2976 5139 ἐν
3002 5088 3078 5155 τῷ
3121 5088 3222 5157 βίῳ
3252 5089 3428 5155 τούτῳ
3456 5092 3654 5146 οὑτωσὶ

386 5173 736 5247 θεωρηθῆναι
770 5177 1065 5242 ἀξιωθείς⁹
1099 5178 1195 5233 καὶ
1225 5179 1316 5232 τὸν
1345 5179 1543 5234 ἑαυτοῦ
1573 5179 1734 5247 φύσει
1772 5181 1997 5251 πήλινον
2031 5181 2350 5255 ἀνδριάντα,
2381 5184 2587 5253 χάριτι,
2622 5183 2855 5254 πύρινον
2883 5182 3154 5238 κατιδὼνι
3198 5203 3218 5239 ι

396 5314 525 5367 ηοτι
559 5314 656 5367 καί
686 5313 725 5380 ἡ
774 5312 956 5382 θέρμη
1010 5311 1306 5379 διαφόρως
1345 5308 1472 5379 ἔχει
1517 5309 1632 5382 τὴν
1682 5308 1926 5382 ﬂag,”
1952 5322 1970 5340 .

410 5386 560 5455 ’καὶ
614 5377 724 5455 [ῖσζ
761 5377 954 5455 τιξκαὶ
991 5377 1295 5455 περίτζὸν]
1352 5377 1675 5455 κύριωξέρα
1708 5379 1777 5432 δὲ
1814 5379 1853 5447 ἠ
1902 5377 1973 5432 ἐκ

467 5454 578 5521 τῆς
607 5449 869 5522 καθαρᾶς
896 5449 1223 5520 κιιρδιακῆς
1246 5449 1618 5521 :ipoosvzﬁc.

470 5571 565 5620 νε⁹.
603 5567 843 5620 Γίνωσκε
875 5564 933 5619 δὲ
982 5565 1065 5619 ὅτι
1095 5563 1194 5618 καὶ
1233 5565 1268 5636 ῄ
1304 5564 1529 5634 τοιαύτη
1577 5562 1754 5635 θέρμη
1789 5562 1976 5632 διαφό·

402 5673 510 5730 ρων
541 5660 635 5712 καὶ
664 5656 1021 5729 πολυτρόπως
1053 5655 1168 5728 ἔχει
1194 5655 1293 5728 τὴν
1324 5658 1381 5710 ὲν
1401 5657 1532 5727 ήμῖν
1566 5656 1735 5726 αὐτῆς
1761 5654 1976 5722 γένεσίν

496 5840 541 5872 ⁸⁸
592 5833 733 5894 Psal.
764 5849 992 5902 xxxt‘ttl.
1015 5837 1069 5894 4.
1097 5837 1141 5870 ⁸³
1166 5835 1301 5895 Luc.
1334 5853 1431 5905 xu,
1460 5837 1549 5894 ιτ).

2072 5306 2229 5372 Quod
2255 5319 2300 5359 et
2339 5306 2500 5359 ardor
2528 5306 2860 5373 di/I'erentem
2899 5304 3053 5358 habet
3101 5304 3398 5371 originem;
3427 5311 3478 5357 et
3509 5310 3651 5372 quod

2143 5377 2483 5432 excellentior
2504 5395 2566 5430 ea
2588 5392 2706 5446 quae
2738 5390 2803 5429 ea:
2836 5378 3013 5428 cordis
3042 5376 3289 5428 oratione
3319 5377 3581 5444 procedit.

2150 5561 2239 5616 55.
2275 5561 2425 5617 Scito
2446 5571 2626 5616 autem
2646 5560 2790 5631 quod
2822 5560 2947 5614 talis
2964 5559 3126 5614 ardor
3147 5574 3213 5613 ex
3239 5556 3472 5613 diversis
3495 5556 3657 5612 rebus

2081 5669 2148 5710 ac
2181 5655 2409 5713 diversis
2439 5655 2612 5710 modis
2634 5655 2686 5709 itt
2727 5653 2888 5709 nobis
2926 5667 3083 5709 suam
3116 5652 3280 5709 habet
3308 5651 3574 5721 originem
3604 5660 3661 5704 et

1664 5837 1710 5870 “
1735 5835 1867 5895 Luc.
1893 5853 2042 5908 xxrv,
2096 5840 2186 5896 52.
