4058 6454
404 3009 444 3037 ο

532 319 639 386 7’39
1379 330 1722 392 CALLISTI
1776 330 1872 393 ET
1911 332 2077 393 ΙϐΝέ

2168 335 2210 393 ιι
2249 338 2938 448 XAN:1'JIOPULURU.\I
3680 364 3780 428 ’ῖ-ίθ

531 439 933 503 exsistentiam.
971 445 1033 499 Et
1082 444 1134 500 id
1162 456 1311 517 patet
1360 464 1427 504 ex
1483 451 1752 520 expositis
1785 463 2077 509 sanctoruu

2168 476 2180 516 ι
2206 476 2265 514 τε
2312 439 2415 516 καὶ.
2440 464 2696 538 ὓπαρξιν.
2725 470 2833 524 Καὶ
2857 471 3018 527 τοῦτο
3045 472 3201 546 δῆλον
3219 480 3367 551 παρὰ
3394 481 3503 536 τῶν
3534 486 3782 542 ἐκτεθέν-

528 537 792 601 oraculis,
825 538 1143 595 dubitamus
1172 550 1355 595 autem
1386 543 1568 598 dicere
1615 559 1683 599 ex
1721 548 1837 613 ipsa
1868 547 2077 601 actione

2204 569 2313 607 των
2342 612 2347 617 ,
2372 537 2640 627 χρησμῶν
2682 561 2791 615 τῶν
2848 563 3040 632 ἁγίων,
3070 537 3318 639 όκνῶμεν
3373 573 3430 627 δὲ
3471 537 3782 635 εἰπεῖν-καὶ

529 627 734 684 Eorum
764 639 948 686 autem
973 634 1232 687 ardorum
1283 634 1782 692 excellentissimus
1807 648 1893 692 est
1924 638 1969 692 is
2012 652 2077 708 qu

2206 643 2303 697 ἀπ’
2345 646 2519 715 αὐτῆς
2546 648 2642 718 τῆς,
2680 650 2955 721 πράξεωςο
2990 653 3108 708 ἔστι
3139 656 3194 710 δὲ
3224 660 3431 715 τούτων
3475 669 3781 739 κυριωτέρα

528 737 597 776 ex
620 721 802 778 cordis
833 723 1035 778 munda
1081 724 1328 780 oratione
1368 728 1637 796 procedit,
1669 737 1725 782 et
1755 728 1847 799 qui
1879 744 2003 784 cum
2042 744 2077 783 e

2207 739 2410 808 πως,ή
2457 740 2523 792 ὲκ
2563 741 2662 811 τῆς
2711 744 3015 815 καρδιακῆς
3070 749 3324 821 καθαρᾶς
3375 721 3778 832 προσγιινςμέῖιη

534 813 828 869 innascens
857 829 1226 886 erescensque
1253 818 1536 879 continuo.
1563 828 1617 872 et
1667 820 1721 872 in
1750 819 2075 875 substantial

2202 834 2512 903 προσευχῆς
2535 834 2714 909 θέρμη
2735 854 2748 868 ο
2766 813 2859 894 καὶ
2885 813 3003 912 μετ’
3023 844 3195 916 αὐτῆς
3215 813 3479 917 διηνεκέὺς
3491 813 3776 924 «perducta:

530 905 710 959 lumen
744 921 869 962 cum
902 908 1099 976 gaudio
1129 911 1474 978 perveniens,
1509 911 1947 968 substantialiter
1981 915 2073 969 illu

2202 926 2297 982 καὶ
2337 905 2713 998 αὐξανομένη,
2741 932 2837 986 καὶ
2868 937 2948 996 είς
2980 938 3263 1007 φωτισμὸν
3293 940 3385 994 τὸν
3415 905 3780 1002 ἐνυπόστατον

532 996 796 1051 minatum
839 997 1119 1053 hominem
1181 1000 1263 1056 sic
1322 1015 1383 1056 se
1433 1002 1746 1071 habentem,
1805 1004 2077 1062 secundum

532 1084 722 1108 f|_.__._
752 1089 880 1108 ..-μη
902 1090 957 1108 ιε.

2202 1017 2607 1083 σαϐϐατίςυυσα
2639 1062 2655 1089 ,
2695 1023 2866 1095 ἤγουν
2915 1028 3303 1094 ὲνυποστάτως
3362 1040 3777 1108 πεφωτισμένον

532 1084 723 1142 Patres
751 1089 984 1158 perlicit.

2201 1109 2550 1184 ἐργαζομένη
2578 1084 2896 1182 κατάητοὺς
2929 1118 3181 1190 Πατέρας
3230 1084 3324 1178 τόν
3355 1084 3528 1191 οὕτως
3587 1088 3781 1200 ἔχοντα

2201 1202 2509 1272 ἄνθρωπον.

2205 1295 2267 1349 Τί
2296 1296 2362 1349 τὸ
2412 1299 2729 1369 προσεχῶς
2768 1303 2948 1373 ἔργον
2996 1305 3107 1376 τῆς
3159 1311 3488 1381 καρδιακῆς
3531 1313 3772 1386 θέρμης.

598 1394 690 1448 56.
726 1398 818 1452 llle
852 1400 1013 1451 ardor
1061 1416 1195 1455 sane
1247 1403 1415 1473 abigit
1442 1405 1687 1461 studiose
1720 1423 1782 1461 ea
1817 1424 1937 1478 qua
2009 1410 2077 1466 ob

2270 1387 2378 1453 vg’.
2405 1392 2564 1456 Ἤτις
2592 1394 2656 1465 δὴ
2683 1394 2859 1466 θέρμη
2902 1399 3185 1470 προσεχῷς
3213 1404 3476 1457 ἀποσοϐεῖ
3502 1409 3569 1460 τὰ
3600 1410 3778 1476 ἐμπο-

528 1496 676 1539 stant
724 1489 855 1555 quin
906 1506 1035 1558 pura
1068 1493 1215 1561 prior
1238 1495 1416 1550 oratio
1448 1496 1683 1565 perfecta
1720 1514 1949 1567 prorsus
1990 1502 2077 1557 liat

2194 1478 2410 1543 δίξοντα
2454 1482 2552 1553 τὴν
2582 1488 2853 1555 προτέραν
2885 1488 3134 1559 καθαρὰν
3190 1492 3407 1557 τελείως
3440 1495 3776 1553 ἐκτελεῖσθαι

531 1576 672 1645 Ignis
693 1594 838 1632 enim
867 1581 1008 1635 licus
1039 1592 1241 1648 noster,
1277 1594 1331 1638 et
1367 1587 1510 1654 ignis
1540 1603 1877 1646 consumens
1905 1595 2077 1649 damno

2198 1575 2527 1645 προσευχήν.
2557 1577 2678 1648 Πῦρ
2704 1579 2815 1650 γὰρ
2839 1582 2866 1633 6
2892 1579 3029 1645 Θεὸς
3057 1583 3237 1652 ἡμῶν,
3267 1584 3366 1638 καὶ
3414 1585 3526 1658 πῦρ
3547 1605 3781 1644 κατανα-

2196 1661 2380 1693 ibunt“
2407 1666 2503 1693 .2...
2538 1667 2839 1693 ......n_-r....
2872 1671 2977 1693 -3.-.
3008 1670 3178 1693 §_-_41_
3206 1691 3213 1693 ι
3234 1691 3256 1693 ,_
3323 1692 3349 1693 ,,
3391 1677 3403 1693 ο
3478 1677 3503 1690 α-
3669 1680 3732 1693 Α-

531 1685 658 1721 ιιιιιιι
696 1675 1016 1739 pravitatem
1052 1684 1106 1729 et
1157 1676 1521 1745 cupiditatum
1576 1692 1913 1741 nostrarum.
1967 1686 2077 1742 Dici

2194 1661 2380 1717 λίσκον
2407 1666 2503 1734 τὴν
2538 1667 2840 1738 μοχθηρίαν
2869 1671 2978 1723 τῶν
3004 1670 3297 1742 δαιμόνων,
3320 1677 3544 1730 καὶτῶν
3587 1680 3777 1735 παθῶν

2195 1755 2352 1779 Δ--.¹¹⁹.-.
2413 1759 2561 1779 11----
2594 1760 2681 1779 --μὶ
2712 1776 2725 1779 -
2757 1759 2811 1779 λ-
2858 1762 2871 1779 Ι
2911 1760 2977 1779 9η.
3115 1766 3128 1779 ι
3180 1762 3229 1779 ομ
3467 1768 3489 1779 n
3516 1772 3529 1779 ι
3749 1774 3760 1779 -

526 1760 672 1813 enim
715 1776 846 1815 sane
876 1780 940 1817 us
1002 1765 1362 1823 Diadochus:
1418 1788 1438 1822 ι
1490 1770 1723 1837 Quando
1759 1791 1881 1829 cum
1943 1788 2077 1832 acut

2168 1755 2374 1849 ιἡμῶν.
2402 1759 2566 1831 Λέγει
2594 1760 2688 1812 καὶ
2711 1759 2818 1830 γὰρ
2849 1762 2877 1814 6
2908 1760 3062 1829 ἅγιος
3103 1762 3375 1835 Διάδοχος·
3416 1786 3436 1819 ι
3467 1768 3596 1822 Ὅτε
3635 1774 3775 1840 μετὰ

636 1282 919 1345 Quodnam
950 1298 1027 1340 est
1055 1290 1228 1343 cordis
1261 1292 1469 1346 ardoris
1498 1293 1797 1349 studiosum
1833 1312 1993 1368 opus.

525 1853 763 1920 quodam
797 1856 983 1911 dolore
1032 1873 1127 1912 cor
1177 1861 1485 1917 daemonum
1533 1878 1682 1920 arma
1734 1872 1989 1941 suscipit,
2023 1871 2077 1926 it:

2168 1846 2391 1915 ’ζεστῆς
2419 1863 2567 1911 τινος
2606 1847 2902 1920 ἀλγηδόνος
2935 1854 2969 1923 ἡ
3006 1854 3203 1923 καρδία
3227 1857 3523 1927 εἰσδέχεται
3558 1863 3625 1913 τὰ
3645 1862 3775 1927 τόξα

530 1946 587 1989 nt
628 1940 815 1993 credat
866 1942 969 1996 ista
1020 1960 1171 1999 arma
1225 1950 1506 2007 inimicum
1552 1956 1773 2021 afferre,
1809 1940 1940 2017 tunc
1989 1964 2103 2018 odit

525 2038 648 2076 cum
685 2040 843 2092 paena
895 2032 1226 2098 cupiditates
1278 2038 1483 2106 anima,
1534 2049 1793 2113 tanquam
1845 2051 2100 2104 mundaii

525 2114 815 2184 incipiens.
856 2120 914 2175 Si
940 2123 1106 2192 igitur
1138 2142 1244 2182 non
1269 2129 1450 2186 vivide
1481 2133 1661 2189 doleat
1695 2137 1843 2205 quod
1875 2152 2098 2209 peccata

524 2224 631 2262 nou
672 2215 891 2278 sentiat,
925 2233 1032 2271 non
1084 2223 1284 2288 poterit
1315 2225 1379 2278 de
1425 2225 1659 2293 justitire
1710 2232 1852 2285 bono
1905 2234 2095 2289 laetari.

484 2333 488 2337 -
521 2299 626 2367 Qui
656 2303 820 2372 igitur
852 2310 994 2363 Volet
1020 2326 1116 2364 cor
1133 2328 1294 2367 suum
1332 2319 1619 2384 mundare,
1654 2321 1787 2376 illud
1821 2328 2087 2380 memoria

520 2391 651 2447 .ivsu
684 2394 890 2452 Christi
935 2404 1201 2470 perpetuo
1230 2406 1460 2473 adurat;
1497 2409 1636 2464 hanc
1662 2412 1834 2466 solam
1869 2415 2100 2471 medita-

524 2484 729 2540 tionem
772 2500 827 2543 et
874 2504 1014 2560 opus
1066 2494 1449 2554 indesinenter.
1495 2501 1734 2558 habens.
1789 2504 1908 2561 Non
1946 2508 2094 2563 enim

518 2590 735 2647 Oportet
761 2596 906 2635 nunc
936 2585 1159 2653 quidem
1181 2602 1361 2654 orare,
1393 2607 1540 2648 nunc
1571 2604 1765 2660 autem
1780 2612 1888 2651 non
1913 2616 2093 2665 orare,

515 2685 617 2725 eos
671 2672 764 2741 qni
804 2686 962 2729 suam
1017 2682 1426 2750 corruptionem
1473 2685 1680 2754 ejicere
1736 2690 1939 2759 velint;
1995 2693 2094 2749 sed

519 2776 741 2833 semper
792 2768 1028 2823 orationi
1062 2786 1280 2840 vacare,
1331 2775 1386 2829 in
1442 2778 1642 2834 mentis
1683 2785 1952 2852 custodia,
1989 2788 2093 2843 etsi

512 2854 806 2924 aliquando
830 2871 986 2916 extra
1026 2863 1290 2920 orationis
1333 2867 1527 2924 domos
1552 2885 1859 2932 versentur.
1887 2876 2095 2943 Quem-

523 2948 823 3006 admodum
884 2953 1028 3009 enim
1065 2957 1161 3020 qui
1199 2959 1314 3015 vult
1362 2974 1558 3017 aurum
1594 2966 1906 3035 put-ilicare,
1934 2972 1979 3024 si
2006 2972 2094 3026 vel

509 3041 793 3108 paululum
847 3045 1026 3116 ignem
1078 3051 1265 3107 subter
1320 3052 1598 3112 fornacem
1646 3059 1889 3132 extingui
1919 3064 2088 3129 sinat,

2190 1927 2301 1990 τῶν
2326 1937 2618 2006 δαιμόνων,
2653 1940 2730 2004 ὡς
2756 1942 2895 1996 αὐτὰ
2925 1944 3134 1997 οίεσθαι
3185 1946 3373 2017 φέρειν
3414 1950 3483 2005 τὰ
3521 1950 3774 2022 βέ).η’τδν

2192 2029 2621 2099 πολεμούμενον,
2656 2036 2809 2103 μισεί
2853 2034 2995 2107 μετὰ
3047 2037 3210 2090 πόνου
3242 2041 3275 2109 ἡ
3305 2039 3451 2112 ψυχὴ
3480 2044 3547 2097 τὰ
3596 2044 3770 2117 πάθη,

2188 2120 2264 2184 ὡς
2292 2123 2351 2175 ὲν
2373 2124 2516 2193 ἀρχῇ
2562 2122 2702 2179 οὖσα
2750 2126 2847 2179 τοῦ
2908 2128 3293 2200 καθαίρεσθαι.
3343 2133 3471 2187 Ἐὰν
3527 2134 3658 2203 γοῦν
3692 2136 3771 2209 μὴ

2189 2214 2404 2285 άλγήσῃ
2456 2217 2709 2285 μεγάλως
2769 2219 2864 2272 ἐπὶ
2908 2223 2974 2289 τῇ
3035 2221 3278 2295 ἀναιδείᾳ
3306 2227 3406 2294 τῆς
3464 2227 3767 2298 ἁμαρτίας,

2189 2307 2290 2359 οὐκ
2316 2307 2381 2360 ἄν
2407 2307 2606 2378 δυνηθῇ
2637 2308 2908 2374 πλουσίως
2945 2312 3183 2382 χαρῆναι
3222 2316 3315 2369 ἐπὶ
3340 2320 3405 2387 τῇ
3431 2318 3528 2389 τῆς
3560 2320 3770 2375 δικαιο-

2191 2399 2359 2470 σύνης
2405 2400 2757 2470 χρηστότητι.
2800 2401 2858 2454 '0
2896 2403 3075 2457 τοίνυν
3122 2404 3294 2460 θέλων
3339 2409 3638 2480 καθαρίσαι
3664 2412 3765 2483 τὴν

2186 2492 2385 2545 ἑαυτοῦ
2415 2492 2666 2561 καρδίαν,
2697 2495 2763 2565 τῇ
2799 2497 2987 2567 μνήμῃ
3019 2496 3115 2549 τοῦ
3162 2497 3337 2568 Ἰησοῦ
3376 2500 3617 2571 Χριστοῦ
3644 2503 3764 2557 δια-

2186 2584 2386 2647 παντὸς
2419 2584 2742 2654 ἑκπυρούτω
2761 2586 2953 2656 αὐτὴν,
3011 2587 3168 2641 τοῦτο
3207 2590 3367 2660 μόνον
3403 2592 3634 2665 μελέτην
3660 2596 3759 2648 καὶ

2185 2677 2347 2748 ἔργον
2394 2676 2675 2731 ἄπαυστον
2720 2678 2877 2747 ἔχων.
2916 2679 2989 2731 Οὐ
3036 2680 3147 2749 γὰρ
3192 2682 3324 2734 ποτὲ
3376 2682 3476 2752 μὲν
3503 2683 3760 2755 εύχεσθαι

2185 2771 2287 2835 δεῖ,
2316 2771 2445 2825 ποτὲ
2467 2770 2525 2823 δὲ
2553 2769 2651 2841 μὴ,
2673 2772 2801 2834 τοὺς
2827 2771 2929 2841 τὴν
2958 2772 3170 2828 ἑαυτῶν
3204 2774 3443 2847 σαπρίαν
3468 2777 3762 2833 ἁποδαλεῖν

2187 2862 2439 2925 θέλοντας
2468 2877 2484 2894 ·
2515 2862 2631 2915 ἀλλ’
2667 2860 2763 2915 ἀεὶ
2808 2864 2877 2933 τῇ
2931 2865 3208 2935 προσευχῇ
3258 2865 3553 2935 σχολάζειν
3583 2868 3644 2922 ἐν
3685 2872 3755 2941 τῇ

2181 2957 2415 3026 τηρήσει
2447 2954 2543 3008 τοῦ
2571 2954 2687 3021 νοῦ,
2716 2955 2819 3008 κᾶν
2842 2954 2950 3018 ἔξω
2976 2972 3079 3007 που
3103 2955 3406 3020 αὐλίζοιντο
3428 2960 3539 3012 τῶν
3570 2960 3763 3032 εύκτηο

2183 3054 2315 3118 ριων
2359 3050 2560 3119 δόμων.
2618 3051 2716 3102 Ὃν
2760 3047 2868 3119 γὰρ
2895 3048 3121 3119 ’τρόπον
3152 3051 3182 3103 6
3225 3050 3398 3105 θέλων
3456 3053 3754 3123 καθαρίσαι

464 3168 469 3174 .
508 3132 710 3188 duram
747 3151 970 3193 rursum
1003 3144 1294 3198 materiam
1324 3145 1526 3203 efﬁcit:
1562 3149 1636 3204 ita
1662 3152 1754 3221 qui
1791 3170 1938 3211 nunc
1963 3159 2077 3227 qui-

2179 3134 2424 3203 χρυσίον,
2458 3134 2554 3187 ἐὰν
2589 3135 2683 3187 καὶ
2713 3134 2850 3206 πρὸς
2884 3134 3059 3206 βραχὺ
3089 3134 3152 3187 τὸ
3185 3133 3298 3204 πῦρ
3328 3136 3464 3207 ἐάσῃ
3490 3136 3750 3207 σχολᾶσαι

506 3224 632 3280 dein
668 3225 762 3283 Dei
821 3233 1166 3301 recordatur,
1220 3254 1367 3293 nunc
1402 3256 1534 3296 vero
1573 3259 1681 3299 non
1744 3249 2077 3316 recordatur,

2169 3223 2264 3279 τοῦ
2310 3224 2696 3297 χωνευτηρίου,
2742 3224 3010 3296 σκληρίαν
3060 3224 3225 3279 πάλιν
3276 3228 3343 3297 τῇ
3376 3227 3748 3330 καθαιρομένῖὲ

506 3306 653 3387 quod
680 3318 892 3377 videtur
925 3340 1022 3394 per
1041 3329 1352 3386 orationem
1379 3336 1689 3403 acquirere,
1709 3332 1763 3393 id
1784 3354 1883 3409 per
1911 3306 2077 3398 otiuni

2170 3314 2271 3388 ὕλῃ
2299 3317 2523 3385 ἐμποιεῖ
2551 3333 2565 3346 ο
2594 3313 2740 3367 οὕτω
2768 3314 2863 3369 καὶ
2895 3314 2924 3367 6
2955 3315 3089 3369 ποτὲ
3132 3317 3230 3383 μὲν
3257 3320 3608 3389 μεμνημένος
3650 3319 3747 3373 τοῦ

504 3412 728 3469 amittit.
777 3413 1063 3486 PrOprium
1106 3434 1237 3476 vero
1286 3432 1372 3479 est
1406 3424 1648 3483 hominis
1674 3431 1928 3486 virtutem
1964 3434 2077 3488 dili-

2168 3410 2324 3473 Θεοῦ,
2359 3413 2488 3465 ποτὲ
2514 3411 2572 3465 δὲ
2597 3413 2670 3483 μή
2699 3430 2714 3444 ο
2745 3413 2883 3484 ὅπερ
2912 3413 3062 3467 δοκεί
3094 3414 3328 3468 κτᾶσθαι
3353 3415 3444 3470 διὰ
3460 3418 3557 3486 τῆς
3580 3433 3752 3488 προσ-

500 3504 701 3571 gentis,
760 3508 1022 3563 memoria
1065 3508 1161 3565 Dei
1193 3513 1338 3581 quod
1372 3524 1651 3573 terrenum
1696 3518 1752 3574 in
1787 3521 1956 3577 corde
2001 3535 2077 3579 est

2175 3503 2365 3573 ευχῆς,
2420 3504 2579 3559 τοῦτο
2602 3504 2868 3559 ἀπόλλυσι
2914 3505 3007 3560 διὰ
3039 3506 3143 3577 τῆς
3177 3508 3397 3578 σχολῆς.
3447 3510 3660 3579 Ἀνδρδς
3689 3509 3751 3564 δέ

500 3608 852 3664 consumere,
884 3597 959 3654 ita
987 3610 1046 3654 ut
1067 3605 1213 3671 quod
1243 3605 1445 3662 malum
1467 3619 1551 3665 est
1575 3611 1782 3666 sensim
1811 3612 1935 3682 igne
1964 3632 2081 3671 me-

502 3686 695 3741 moria:
727 3688 891 3759 hujus
917 3693 1061 3762 quod
1100 3695 1310 3752 bonum
1341 3710 1444 3765 est,
1477 3714 1840 3760 consumatur
1872 3716 1927 3761 et
1948 3722 2079 3778 per-

499 3775 643 3831 fecte
672 3781 855 3836 anima
905 3784 960 3838 in
999 3788 1307 3844 naturalem
1361 3808 1523 3848 suum
1565 3796 1916 3866 splendorem
1952 3816 2077 3857 rum

497 3870 703 3938 majore
726 3875 898 3942 gloria
924 3877 1130 3933 redeat.
1160 3884 1340 3950 Atque
1370 3884 1538 3955 igitur
1569 3887 1645 3943 ita
1682 3905 1839 3947 mens
1870 3893 2079 3963 absque

493 3960 891 4031 impedimento
920 3969 973 4023 in
1028 3974 1195 4027 corde
1228 3990 1542 4047 remanens,
1604 3995 1739 4050 pure
1781 3993 1836 4039 et
1869 3960 2077 4055 absque

489 4068 679 4110 errore
710 4069 854 4126 orat,
889 4069 949 4115 nt
1003 4064 1083 4118 ait
1141 4078 1369 4124 sanctus
1410 4086 1424 4124 :
1469 4090 1487 4125 ι
1534 4071 1691 4129 Tunc
1718 4085 1800 4132 est
1858 4093 1987 4135 vera
2022 4088 2077 4134 et

490 4157 640 4199 recta
681 4150 877 4219 oratio,
912 4157 1131 4223 quando
1166 4158 1219 4212 in
1253 4162 1462 4218 orando
1485 4179 1580 4218 cor
1607 4181 1760 4224 mens
1799 4181 2002 4228 servat.
2045 4191 2066 4226 ο

486 4235 690 4294 Scribit
745 4254 928 4299 autem
980 4256 1034 4303 et
1071 4263 1294 4307 sanctus
1336 4253 1641 4328 Hesychius
1679 4278 1694 4314 :
1734 4281 1753 4314 ι
1789 4262 1885 4319 ille
1943 4281 2071 4323 vere

491 4336 795 4391 monachus
844 4347 926 4394 est
973 4343 1066 4411 qui
1120 4345 1459 4415 vigilantiam
1502 4344 1663 4418 colit;
1699 4365 1754 4410 et
1797 4357 1888 4414 ille
1942 4375 2069 4417 vere

484 4424 720 4495 vigilans
743 4437 846 4496 est,
879 4432 973 4503 qui
1010 4434 1065 4488 in
1093 4439 1256 4493 corde
1292 4451 1374 4495 est
1402 4446 1731 4502 monachus.
1774 4466 1796 4500 ι
2088 4446 2093 4450 ’

471 4810 548 4864 De
583 4806 848 4863 desiderio
877 4816 927 4862 et
979 4825 1159 4865 amore
1203 4812 1294 4880 qui
1344 4828 1410 4866 ex
1445 4813 1657 4867 ardenti
1679 4812 1971 4869 attentione
2007 4825 2057 4867 et

1036 4884 1276 4938 oratione
1328 4886 1522 4938 oritur.

535 4996 625 5052 57.
666 4996 721 5052 in
770 5000 865 5055 tali
919 5012 1104 5058 autem
1159 5004 1382 5068 ardore,
1427 5015 1483 5060 et
1535 5022 1658 5062 cum
1695 5007 1811 5074 tali,
1844 5011 2053 5069 munda

466 5090 680 5146 scilicet
709 5095 1039 5162 attentione,
1085 5095 1138 5151 in
1178 5098 1347 5153 corde
1377 5099 1620 5170 gignitur
1651 5101 1720 5157 ad
1774 5105 2056 5159 memoriae

466 5196 790 5253 praesentem
814 5203 1036 5259 semper
1064 5188 1355 5245 Dominum
1387 5190 1573 5247 Jesum
1598 5193 1883 5250 Christum
1908 5196 2055 5252 desi-

463 5279 676 5333 derium
733 5294 799 5334 ac
850 5281 1073 5337 divinus
1118 5298 1277 5338 amor
1306 5293 1360 5339 et
1390 5284 1652 5353 charitas,
1688 5295 1748 5342 ut
1781 5290 2049 5359 scriptum

464 5376 585 5423 est:
629 5388 649 5423 ‹
689 5370 889 5427 Puella:
918 5373 1237 5429 dilexerunt
1277 5390 1385 5440 me,
1419 5386 1765 5432 attraxerunt
1796 5380 1979 5448 me”;
2022 5401 2040 5434 ο

464 5471 519 5513 et
545 5477 646 5532 ego
689 5478 701 5512 :
765 5482 785 5516 ι
826 5461 1121 5521 Vulnerata
1179 5482 1370 5522 amore
1411 5483 1533 5537 ego,
1572 5485 1692 5524 sum
1718 5470 1786 5528 ³⁸.
1821 5489 1840 5522 ι
1906 5473 2046 5529 Dicit

462 5564 648 5611 autem
691 5567 740 5612 et
767 5568 991 5615 sanctus
1033 5560 1345 5618 Maximus:
1387 5580 1407 5616 ι
1435 5561 1639 5623 Omnes
1675 5567 1897 5637 quidem
1933 5572 2045 5624 vir-

466 5657 580 5703 tute
646 5651 711 5707 ad
792 5654 1039 5707 divinum
1097 5669 1339 5713 amorem
1406 5660 1576 5715 menti
1648 5672 2040 5735 cooperantur,

539 5832 582 5866 ³⁵
611 5832 747 5887 Cant
799 5853 837 5903 ι,
864 5838 916 5891 ‘2.
1014 5839 1056 5871 ³⁸
1085 5840 1245 5895 Catil.
1278 5855 1339 5899 It.
1374 5840 1428 5894 5.

2171 3593 2292 3647 iam
2323 3594 2618 3666 φιλαρέτου
2652 3597 2807 3661 ίδιον,
2835 3596 2904 3651 τὰ
2936 3598 3024 3652 ἀεὶ
3053 3601 3120 3669 τῇ
3157 3600 3350 3672 μνήμῃ
3382 3599 3475 3653 τοῦ
3504 3599 3643 3654 Θεοῦ
3687 3600 3751 3653 τδ

2162 3685 2262 3756 τῆς
2305 3685 2536 3757 καρδίας
2589 3690 3011 3746 καταναλίσκειν
3057 3684 3281 3760 γεῶδες,
3324 3694 3411 3747 ινα
3458 3695 3602 3748 οὕτω
3651 3693 3748 3748 τοῦ

2161 3775 2335 3831 κακοῦ
2385 3779 2506 3831 κατ’
2562 3778 2743 3848 ὀλίγον
2775 3781 2881 3835 ὑπὸ
2913 3782 3007 3836 τοῦ
3062 3783 3233 3855 πυρὸς
3264 3784 3365 3855 τῆς
3413 3785 3507 3839 τοῦ
3542 3784 3747 3854 ἀγαθοῦ

2172 3871 2398 3941 μνήμης
2448 3871 2876 3943 δαπανωμένου,
2939 3875 3162 3940 τελείως
3216 3878 3300 3940 είς
3355 3879 3455 3948 τὴν
3513 3877 3745 3951 φυσικὴν

2161 3963 2334 4033 αὐτῆς
2378 3966 2412 4034 ἡ
2440 3964 2586 4036 ψυχὴ
2617 3966 2758 4035 μετὰ
2804 3967 3053 4033 πλείονος
3091 3969 3251 4041 δόξης
3300 3971 3571 4044 ἐπανέλθῃ
3600 3973 3740 4042 λαμ-

2160 4057 2431 4128 πρότητα.
2471 4076 2488 4107 ι
2532 4059 2644 4112 Καὶ
2677 4058 2808 4127 γοῦν
2839 4060 3014 4124 οὕτως
3038 4064 3068 4114 6
3095 4062 3218 4126 νοῦς
3247 4065 3570 4134 προσμένων
3600 4067 3746 4117 ἀκω-

2158 4148 2336 4213 λύτως
2386 4151 2447 4201 ὲν
2499 4150 2716 4223 καρδία,
2750 4152 3030 4224 καθαρῶς,
3057 4155 3154 4208 καὶ
3208 4156 3461 4217 ἀπλανῶς
3507 4155 3742 4226 εὔχεται,

2160 4240 2303 4293 κατὰ
2357 4240 2450 4294 τὸν
2499 4242 2729 4310 λέγοντα
2771 4244 2927 4312 ἅγιον
2954 4261 2969 4276 ο
3003 4264 3024 4297 ι
3057 4246 3189 4299 Τότε
3235 4249 3383 4299 ἐστὶν
3413 4247 3615 4317 ἀληθὴς
3652 4248 3743 4300 καὶ

2159 4333 2411 4404 ἀπλανὴς
2445 4336 2749 4406 προσευχὴ,
2782 4337 2869 4390 ὅτε
2903 4338 3001 4406 τὴν
3040 4339 3266 4410 καρδίαν
3291 4342 3319 4393 6
3348 4339 3474 4403 νοῦς
3503 4342 3661 4410 τηρεῖ
3685 4341 3742 4391 ὲν

2156 4425 2234 4493 τῷ
2270 4425 2694 4495 προσεύχεσθαι.
2734 4447 2754 4481 ι
2784 4428 2991 4498 Γράφει
3019 4429 3075 4482 δὲ
3100 4432 3192 4484 καὶ
3223 4433 3252 4483 6
3272 4434 3431 4500 ἅγιος
3468 4432 3736 4501 Ἡσύχιος·

2102 4510 2144 4564 D
2164 4536 2182 4567 ι
2215 4513 2386 4581 Οὗτος
2406 4518 2659 4588 ἀληθινὸς
2685 4520 2882 4591 τῳόντι
2911 4524 3166 4592 μοναχδς,
3193 4524 3220 4574 6
3254 4522 3414 4593 νῆψιν
3436 4523 3735 4593 κατορθῶν,

2158 4611 2250 4662 καὶ
2286 4610 2461 4675 οὕτως
2513 4612 2770 4681 ἀληθινὸς
2809 4615 3099 4685 νηφάλιος,
3131 4617 3161 4669 6
3212 4618 3270 4670 ἐν
3319 4616 3512 4688 καρδίᾳ
3542 4615 3616 4669 ὢν
3647 4632 3743 4685 μο-

2156 4703 2340 4773 ναχός.
2375 4721 2394 4754 ι

2155 4836 2293 4904 [Ir-pi
2320 4838 2426 4892 τοῦ
2451 4838 2520 4910 ἐκ
2557 4836 2665 4905 τῆς
2709 4839 2927 4910 θέρμης
2954 4838 3261 4909 προσοχῆς
3301 4858 3366 4894 τε
3406 4839 3505 4895 καὶ
3552 4855 3737 4910 προσ⁴

2331 4907 2521 4978 ευχῆς
2540 4907 2892 4978 τικτομέκου
2926 4907 3119 4965 πόθου
3154 4907 3256 4964 καὶ
3294 4913 3535 4980 ἔρωτος.

2226 5019 2322 5084 νζ’.
2358 5022 2444 5075 Ἐν
2464 5021 2518 5075 δὲ
2536 5024 2601 5094 τῇ
2623 5023 2849 5096 τοιαύτῃ
2866 5023 3066 5096 θέρμῃ,
3086 5024 3178 5076 καὶ
3196 5024 3292 5078 σὺν
3315 5027 3555 5094 προσοχῇ
3570 5037 3737 5093 προσ-

2153 5116 2307 5183 ευχῇ,
2341 5113 2508 5184 ήγουν
2550 5114 2767 5185 καθαρᾷ
2807 5117 3107 5185 προσευχῇ,
3143 5117 3170 5168 ὀ
3200 5118 3336 5182 πρ“ς
3384 5114 3474 5167 τὸν
3520 5130 3735 5184 μνημο-

2153 5207 2463 5274 νευόμενον,
2480 5205 2568 5258 ἀεὶ
2584 5204 2789 5276 Κύριον
2823 5205 3032 5276 Ἰησοῦν
3045 5208 3280 5277 Χριστὸν
3304 5205 3738 5270 πόθος,καὶθε.ῐος

2153 5295 2312 5365 ἔρως,
2335 5297 2429 5350 καὶ
2448 5298 2480 5367 ἡ
2499 5298 2687 5368 ἀγάπη
2706 5300 2764 5352 ὲν
2781 5298 2981 5370 καρδίᾳ
3009 5298 3274 5363 τίκτεται,
3300 5298 3376 5362 ὡς
3408 5298 3585 5369 γέγρα
3596 5311 3733 5350 mat:

2159 5408 2177 5440 ι
2218 5390 2478 5453 Νεάνιδες
2527 5391 2821 5461 ἠγάπησαν
2883 5408 2949 5462 με
2987 5390 3099 5464 [ιον.
3132 5391 3243 5464 σε],
3269 5393 3528 5447 εἵλκυσάν
3575 5409 3666 5462 με,
3706 5408 3723 5442 ι

2154 5482 2247 5534 καὶ
2274 5482 2378 5547 ὅτι,
2422 5501 2441 5533 ι
2477 5483 2807 5555 Τετρωμένη
2856 5486 3076 5556 ἀγάπης
3111 5485 3230 5556 εἰμὶ
3256 5484 3386 5553 ἐγώ.
3424 5504 3445 5538 ι
3494 5485 3653 5552 Λέγει
3675 5483 3731 5536 δὲ

2151 5577 2245 5629 καὶ
2272 5577 2299 5628 6
2322 5576 2477 5644 ἆγιος
2520 5575 2801 5647 Μάξιμοςν
2840 5597 2858 5629 ι
2894 5577 3076 5630 Πᾶσαι
3103 5577 3203 5646 μὲν
3234 5578 3289 5630 αἱ
3315 5577 3511 5647 ἀρεταὶ
3542 5590 3731 5646 συνερ-

2150 5668 2307 5736 γοῦσι
2341 5666 2418 5739 τῷ
2447 5666 2520 5739 νῷ
2550 5668 2685 5739 πρὸς
2714 5669 2806 5724 τὸν
2836 5669 2979 5723 θεῖον
3007 5668 3208 5741 ἔρωτα,
3237 5668 3399 5721 πλέον
3429 5668 3487 5721 δὲ
3518 5668 3731 5721 πάντων
