4058 6488
490 305 598 391 ita
709 292 716 299 ’

1342 310 1689 390 CALLiSTt
1721 326 1815 390 ET
1848 308 2151 390 Ionam
2186 327 2885 394 XAN’l‘HOPULORUM

3647 333 3751 399 ’ἴίὲ

493 451 659 508 unus,
696 453 753 497 ut
783 442 859 498 ait
893 450 1115 499 sanctus
1150 441 1337 499 Isaac:
1377 463 1396 496 ι
1433 443 1720 498 Terribilis
1751 451 1837 499 est
1870 442 2062 497 dmuio-
2102 491 2108 502 α

2182 460 2282 522 τοῖς
2305 457 2545 528 δαίμοσι,
2571 456 2647 519 ὥς
2676 474 2842 528 φησιν
2868 455 2898 510 6
2923 453 3303 525 ἀγιοςῚσαάκ·
3333 473 3352 508 ι
3378 451 3611 525 Φοόερός
3642 454 3756 508 ἐστι

493 534 654 588 nibus
682 545 738 588 et
766 533 880 588 Deo
929 535 1247 604 angulisque
1276 536 1508 591 dilectus
1549 535 1798 604 quicum
1857 534 2081 588 ardente

491 626 609 682 zelo
641 628 882 682 eradicat
928 629 1114 697 spinas
1165 630 1218 681 in
1272 628 1390 697 ipso
1446 628 1513 683 ab
1576 628 1732 684 lioste
1787 628 2078 698 plantalas.

494 717 559 773 Et
597 719 652 774 in
707 721 1017 789 profectum
1060 720 1242 775 Veniet
1292 722 1387 775 ita-
1430 729 1489 775 ut
1544 720 1704 775 fidem
1761 720 1964 774 habeat
2021 735 2081 775 se

489 813 837 869 dilectionem
875 814 931 868 in
971 813 1139 869 Deum
1173 814 1478 883 possidere,
1514 822 1569 869 et
1602 811 1952 867 manifestam
1980 827 2081 881 ap-

492 907 818 975 paritionem
857 915 913 961 et
946 907 1405 962 inliabitationem
1471 914 1527 961 et
1591 906 1956 961 substantiale
2018 919 2083 960 ae

486 998 892 1053 divinissimum
930 1001 1119 1072 gratim
1152 1000 1360 1056 lumen.
1403 999 1463 1055 Si
1498 999 1656 1054 malis
1685 998 1740 1053 id
1770 999 1973 1063 dicere,
2000 997 2082 1051 lu-

488 1090 769 1145 cidissime
804 1098 1044 1145 recurret
1070 1091 1140 1145 ad
1181 1108 1474 1159 supernam
1534 1091 1681 1146 illam
1733 1099 1787 1145 et
1820 1106 1919 1158 per
1954 1091 2085 1161 bap-

487 1182 725 1236 tismatis
766 1183 996 1247 gratiam
1030 1184 1190 1239 nobis
1226 1185 1416 1238 datam
1449 1184 1786 1239 nobilitatem
1825 1197 1890 1238 ac
1923 1183 2083 1253 spiri-

424 1290 429 1293 '
489 1274 689 1328 tualrm
710 1275 1056 1343 adoptionem
1085 1314 1097 1328 .
1131 1274 1226 1329 iEt
1248 1275 1379 1330 dicit
1402 1290 1617 1335 rursum
1641 1284 1863 1330 sanctos
1879 1274 2034 1330 lsaac
2062 1292 2076 1329 :

496 1365 623 1418 «illa
652 1376 739 1419 est
779 1363 1078 1421 Jerusalem
1113 1382 1177 1421 ac
1213 1366 1306 1422 Dei
1346 1382 1594 1438 regnum,
1626 1368 1771 1437 quod
1806 1367 1945 1421 intra
1982 1382 2082 1421 nos

490 1456 847 1511 absconditur
868 1459 1024 1526 juxta
1066 1459 1281 1514 Domini
1322 1474 1657 1515 sermonem.
1695 1459 1793 1514 llic
1820 1460 1974 1516 locus
1998 1476 2084 1530 est

491 1547 664 1603 nubes
695 1548 879 1619 gloriae
901 1550 1019 1617 Dei,
1051 1550 1103 1604 in
1138 1566 1303 1621 quam
1334 1551 1437 1606 soli
1469 1552 1661 1606 mundi
1694 1552 1867 1607 corde
1899 1552 2085 1625 ingre-

489 1640 709 1694 dientnr
750 1641 816 1695 ad
864 1642 1339 1712 contemplandam
1396 1642 1482 1697 sui
1544 1640 1759 1697 Domini
1824 1641 2074 1698 faciem.»

491 1729 724 1785 Tantum
765 1714 959 1786 illene
1005 1733 1248 1802 inquirat
1306 1733 1652 1788 manifestam
1712 1732 1806 1788 Dei
1860 1733 2115 1804 appari-‘

489 1822 716 1887 tionem,
749 1832 808 1877 ut
848 1837 958 1876 non
991 1824 1222 1893 accipiat
1246 1838 1371 1878 eum
1408 1825 1504 1894 qui
1543 1821 1777 1879 tenebrae
1809 1837 1938 1880 vere
1971 1833 2075 1891 est,
2113 1825 2158 1881 Β

487 1923 542 1969 et
574 1914 755 1968 lumen
792 1929 850 1969 se
877 1928 1004 1970 esse
1034 1914 1275 1970 simulat.

2168 552 2283 613 τοῖς
2311 549 2533 618 δαίμοσι
2571 552 2664 603 καὶ
2706 549 2954 613 ποθεινὸς
3004 549 3083 619 τῷ
3128 547 3248 619 Θεῷ
3304 548 3401 603 καὶ
3435 550 3546 611 τοῖς
3593 547 3760 614 ἀγγέ-

2169 639 2284 704 λοις
2314 639 2506 706 αὐτοῦ,
2536 643 2564 694 6
2608 639 2748 710 μετά
2778 639 2983 711 θερμοῦ
3040 640 3205 711 ζήλου
3266 638 3503 710 ὲκριζῶν
3542 639 3642 702 τὰς
3696 641 3760 694 ἐκ

2169 733 2266 789 τοῦ
2294 732 2490 806 ἐχθροῦ
2524 733 2799 803 φυομένοις
2825 735 2883 785 ὲν
2905 731 3055 802 αὐτῷ
3075 730 3341 791 ἀκάνθας.
3370 731 3476 784 Καὶ
3509 732 3591 794 είς
3623 747 3759 800 προ-

2173 828 2351 898 κοπὴν
2403 826 2527 897 ἥξει
2574 826 2668 879 τοῦ
2730 825 3113 896 πληροφορίαν
3161 823 3415 877 ἐντεῦθεν
3464 826 3614 893 σχεῖν
3664 825 3762 893 τῆς

2173 919 2314 992 πρὸς
2357 918 2520 973 αὐτὸν
2558 914 2803 990 ἀγάπης,
2863 917 2960 971 καὶ
2986 915 3251 988 ἐναργοῦς
3314 916 3637 986 ἐμφανείας,
3668 917 3763 968 καὶ

2176 1014 2507 1083 ινοικήσεως
2573 1010 2668 1065 τοῦ
2723 1012 3117 1076 ὲνυποστὰτου,
3171 1009 3268 1063 καὶ
3314 1009 3594 1063 θειοτάτου
3653 1026 3765 1078 φω-

2184 1104 2384 1176 τισμοῦ
2426 1103 2522 1158 τοῦ
2587 1102 2687 1174 τῆς
2733 1103 2978 1174 χάριτος.
3035 1101 3099 1156 Et
3165 1100 3378 1173 βούλοιο
3414 1095 3497 1156 ’δὲ
3560 1102 3760 1163 εἰπεῖν,

2180 1197 2333 1269 μάλα
2364 1195 2609 1268 φαιδρῶς
2641 1196 3116 1265 ὲπαναδραμεῖται
3180 1193 3317 1265 πρὸς
3381 1194 3482 1266 τὴν
3534 1193 3761 1259 ἄνωθεν,

2178 1290 2273 1344 καὶ
2302 1290 2393 1344 διά
2416 1290 2516 1359 τῆς
2549 1288 2645 1342 τοῦ
2701 1286 3085 1359 βαπτίσματος
3117 1287 3339 1358 χάριτος
3372 1286 3762 1358 τελεσιουργη-

2178 1380 2363 1435 θεῖσαν
2438 1383 2575 1452 ἡμῖν
2629 1380 2934 1449 εὐγένειαν,
2992 1380 3089 1434 καὶ
3154 1379 3430 1433 υἱοθεσίαν
3462 1395 3766 1450 πνευματι-

2176 1474 2302 1545 κήν.
2335 1494 2353 1528 ι
2385 1474 2498 1527 Καὶ
2516 1473 2665 1543 λέγει
2686 1473 2842 1537 αὖθις
2867 1475 2896 1527 6
2916 1472 3294 1543 ἀγιοςῚσαάκο
3327 1489 3346 1523 t
3379 1471 3526 1542 Αῦτη
3557 1472 3703 1525 ἐστὶν
3728 1471 3763 1541 ἡ

2188 1565 2567 1639 Ἰερουσαλὴμ,
2628 1568 2722 1620 καὶ
2784 1567 2818 1638 ὴ
2866 1565 2961 1620 τοῦ
3018 1565 3156 1619 Θεοῦ
3213 1564 3482 1637 βασιλεία,
3519 1566 3563 1636 ﬁt
3613 1563 3765 1628 ἐντὸς

2182 1660 2338 1733 ημῶν
2368 1660 2728 1732 κεκρυμμένη
2757 1659 2900 1714 κατά
2925 1660 3018 1712 τὸν
3048 1658 3145 1713 τοῦ
3175 1658 3380 1729 Κυρίου
3414 1655 3765 1726 λόγον.Δῦτη

2180 1753 2215 1823 ἡ
2248 1751 2404 1824 χώρα
2435 1752 2636 1821 νεφέλη
2659 1753 2777 1806 ἐστὶ
2808 1752 2909 1820 τῆς
2939 1748 3101 1820 δόξης
3121 1748 3217 1802 τοῦ
3250 1748 3412 1813 Θεοῦ,
3451 1751 3530 1805 εἰς
3550 1748 3618 1817 ἣν
3663 1746 3766 1817 μό-

2180 1861 2263 1898 νοι
2295 1845 2347 1898 οἱ
2378 1844 2612 1916 καθαροὶ
2654 1847 2722 1915 τῇ
2757 1843 2957 1914 καρδίᾳ
2986 1843 3391 1896 εἰσελεύσονται
3425 1840 3519 1894 τοῦ
3562 1839 3762 1895 θεάσαρ

2183 1936 2306 1991 σθαι
2337 1935 2394 1990 τὸ
2424 1936 2717 2007 πρόσωπον
2751 1936 2844 1988 τοῦ
2874 1935 3005 1989 ἰδίου
3031 1937 3325 1989 Δεσπότου.
3355 1952 3374 1984 ι
3407 1932 3580 1986 Μόνον
3601 1931 3769 1995 αὐτὸς

497 2020 571 2090 μὴ
605 2019 837 2089 ζητείτω
866 2022 970 2091 τὴν
995 2019 1093 2075 τοῦ
1127 2020 1262 2074 Θεοῦ
1292 2022 1624 2090 ἐμφάνειαν,
1657 2022 1743 2074 ἵνα
1779 2022 1855 2092 μὴ
1889 2021 2110 2093 δέξηται
2136 2023 2230 2078 τδν
2257 2023 2334 2087 ὡς
2365 2024 2587 2096 ἀληθῶς
2623 2027 2815 2089 σκότος
2849 2026 3003 2092 ὄντα,
3042 2025 3140 2076 καὶ
3195 2015 3323 2093 φῶς
3352 2020 3495 2079 εἶναι
3527 2025 3757 2095 ὐποκρι-

492 2112 748 2183 νόμενον.
1048 2178 1055 2187 ,

766 2207 861 2262 .De
889 2207 1188 2277 operatione
1223 2206 1425 2273 diuina,
1453 2212 1505 2259 et
1533 2206 1796 2275 opposita.

573 2323 667 2378 6|.
699 2322 932 2389 Quando
970 2330 1152 2376 autem
1206 2335 1363 2376 mens
1415 2320 1540 2389 ejus
1595 2319 1691 2391 qui
1752 2319 1934 2374 lumen
1970 2332 2085 2373 non

502 2416 723 2486 quaerit,
766 2414 818 2469 id
845 2414 1067 2483 aspicit,
1103 2428 1207 2467 non
1236 2427 1358 2467 eam
1396 2412 1584 2467 statim
1623 2411 1878 2480 accipiat,
1913 2424 2091 2480 neque

502 2510 729 2571 ntietur,
755 2514 811 2560 ut
840 2507 919 2560 ait
959 2513 1183 2561 sanctus
1209 2503 1425 2560 Marcus
1450 2522 1463 2559 :
1497 2502 1623 2559 «Est
1641 2503 1885 2574 operatio
1905 2503 2091 2574 gratiae

503 2598 700 2653 infanti
737 2599 942 2668 ignota.
976 2597 1042 2652 Et
1076 2606 1158 2652 est
1216 2594 1440 2651 malitiae
1472 2596 1600 2662 alia,
1646 2597 1861 2650 veritati
1909 2596 2088 2652 simil-

504 2691 656 2746 lima.
696 2688 906 2744 Bonum
941 2698 1026 2744 est
1058 2699 1238 2744 autem
1271 2688 1400 2742 talia
1427 2702 1538 2742 non
1565 2696 1813 2742 errantes
1845 2696 2092 2743 contem-

502 2782 665 2853 piari,
714 2795 910 2851 neque
939 2781 1180 2851 'proptcr
1216 2780 1501 2834 veritatem
1542 2779 1839 2846 exsecrari,
1885 2779 1984 2836 sed
2033 2780 2088 2834 in

503 2875 766 2929 omnibus
813 2888 909 2942 per
950 2888 1102 2943 spem
1130 2873 1196 2928 ad
1229 2871 1399 2928 Deum
1431 2871 1754 2942 confugere.
1788 2871 1911 2942 Ipse
1938 2872 2087 2926 enim

501 2968 648 3039 quod
678 2968 729 3021 in
753 2977 985 3036 utroque
1015 2967 1148 3021 utile
1175 2967 1268 3031 sit,
1296 2965 1480 3030 novit;
1516 2967 1614 3021 sed
1644 2966 1941 3036 interroget
1961 2979 2087 3019 cum

498 3058 597 3115 qui
629 3059 855 3128 gratiam
889 3065 944 3112 et
973 3056 1274 3127 potentiam
1307 3056 1450 3128 apud
1478 3054 1648 3117 Deum
1684 3055 1871 3122 habet,
1903 3064 1965 3110 ut
1989 3054 2089 3110 do-

500 3158 624 3204 ueat
651 3156 707 3202 et
738 3148 1034 3203 discernat.
1050 3166 1069 3199 ι

696 3259 775 3315 De
807 3261 1062 3330 magistro
1104 3258 1486 3313 ilfuminata’et
1520 3273 1621 3312 non
1654 3266 1890 3311 errante.
1914 3272 1931 3285 '

573 3374 663 3429 61.
693 3375 755 3428 Et
787 3376 834 3430 si
857 3372 1127 3429 invenerit
1150 3373 1241 3442 qui
1278 3373 1493 3439 doceat,
1518 3388 1623 3426 non
1651 3373 1870 3427 modum
1897 3387 2090 3443 quem.

501 3462 796 3520 admodum
825 3465 929 3520 scit
954 3479 1021 3518 ex
1044 3465 1227 3520 divina
1262 3461 1572 3533 Scriptura,
1605 3465 1699 3519 sed
1729 3464 2087 3534 quemadmo-

500 3559 632 3612 dum
664 3565 719 3612 et
746 3557 860 3626 ipse
897 3555 1057 3610 beate
1095 3557 1341 3610 divinum
1378 3556 1562 3610 lumen
1603 3556 1796 3623 sensit,
1824 3555 1935 3611 Deo
1962 3572 2089 3627 gra-

502 3650 633 3705 tias.
669 3648 725 3703 Si
759 3648 962 3715 minus,
991 3649 1186 3705 melius
1213 3658 1299 3704 est
1328 3665 1438 3703 non
1472 3647 1745 3717 accipere,
1777 3647 1871 3704 sed
1906 3648 1959 3703 in
1989 3651 2088 3703 hu-

503 3742 731 3796 militate
757 3742 825 3797 ad
866 3741 1036 3797 Deum
1070 3740 1384 3811 confugere,
1416 3740 1547 3796 dum
1585 3755 1646 3796 se
1686 3742 1850 3798 homo
1872 3740 2091 3797 sincero

503 3836 675 3890 corde
705 3834 989 3907 indignum
1022 3843 1259 3904 reputat,
1298 3835 1391 3889 tali
1430 3835 1628 3889 merito
1663 3842 1719 3888 et
1749 3833 2092 3902 contempla-

502 3934 653 3985 tione
680 3945 738 3991 se
771 3937 1048 3995 avertenl;
1089 3928 1549 3999 quemadmodum
1583 3929 1786 3984 dictum
1809 3937 1913 3994 est,
1946 3937 2001 3983 et
2022 3943 2093 3982 ex
2149 3983 2160 3994 ,

504 4021 574 4077 iis
592 4035 714 4090 qua:
735 4020 1007 4084 dicentur,
1036 4029 1088 4074 et
1114 4028 1172 4074 ut
1192 4019 1389 4075 initiati
1418 4036 1627 4085 sumus,
1658 4018 1861 4076 Christi
1891 4021 2088 4089 gratia,

502 4131 533 4167 ιι
570 4113 772 4182 linguis
830 4126 939 4177 non
978 4113 1354 4176 mendacibus,
1390 4127 1420 4166 ιι
1455 4110 1660 4180 Spiritu
1694 4120 1886 4168 sancto
1919 4114 2084 4169 motis

501 4220 569 4260 ac
613 4204 852 4269 locutis;
884 4215 939 4258 et
997 4219 1059 4257 ex
1094 4203 1375 4274 iuspiratis
1409 4219 1439 4258 a
1471 4204 1579 4259 Deo
1612 4206 1913 4275 Scripturis
1942 4215 1997 4261 et
2025 4220 2093 4261 ex

501 4296 726 4366 proprio
772 4295 1167 4366 experimento.

505 4515 581 4570 De
631 4531 749 4569 vero
797 4515 998 4570 luniiue
1041 4524 1091 4570 et
1141 4517 1304 4585 falso,
1333 4516 1533 4604 s'cilicet
1576 4519 1641 4571 de
1686 4518 1864 4572 divino
1893 4516 2092 4570 lumine
2124 4509 2330 4604 DHEpl

1167 4603 1228 4641 ac
1258 4588 1415 4643 malo.

512 4680 519 4685 ’
569 4699 660 4753 63.
694 4697 906 4752 Etenim
943 4698 999 4751 in
1033 4697 1362 4769 quibusdam
1433 4699 1549 4754 suis
1595 4699 1816 4769 scriptis
1847 4702 2090 4760 illustres

502 4793 673 4846 nostri
728 4791 918 4846 Patres
948 4791 1103 4862 signa
1149 4805 1257 4845 non
1290 4791 1408 4845 falsi
1441 4801 1494 4846 et
1524 4792 1641 4848 falsi
1678 4795 1901 4852 luminis
1932 4798 2092 4852 nobis

500 4886 744 4952 tradunt,
790 4893 850 4939 ut
894 4885 985 4939 ille
1038 4896 1119 4939 ter
1170 4887 1361 4941 beatus
1414 4887 1614 4942 Paulus
1659 4887 1808 4954 fecit,
1857 4905 1984 4944 cum
2021 4891 2088 4945 ad

498 4982 788 5051 quemdam
869 4981 1295 5052 interrogantem
1367 4983 1435 5038 de
1494 4984 1596 5039 hac
1631 5000 1690 5038 re
1719 4970 2089 5056 discipulum,

498 5078 636 5129 dixit
682 5095 696 5129 :
741 5093 760 5126 ι
818 5076 1160 5131 Adversarize
1210 5078 1469 5146 potentia:
1518 5077 1701 5132 lumen
1732 5090 1815 5133 est
1862 5080 1971 5149 igni
2018 5082 2093 5135 si-

434 5176 451 5227 ἱ
499 5167 656 5233 mile,
696 5167 1016 5239 fumosum,
1065 5177 1118 5222 et
1166 5168 1434 5223 materiali
1476 5170 1599 5239 igni
1642 5185 1986 5241 congruum;
2037 5184 2091 5228 ct

499 5269 784 5328 postquam
819 5259 1040 5313 virtutis
1079 5259 1256 5313 amica
1297 5269 1352 5313 et
1385 5261 1586 5313 munda
1621 5261 1804 5314 anima
1844 5261 1975 5316 illud
2014 5261 2094 5317 vi-

497 5351 659 5415 derit,
714 5352 920 5421 absque
953 5352 1154 5421 gaudio
1183 5365 1266 5406 cst
1297 5351 1542 5422 illudque
1576 5351 1777 5422 rejicit.
1820 5355 1956 5409 Boni
1987 5371 2090 5410 au-

499 5454 605 5496 tem
642 5442 849 5507 lumen,
888 5442 1091 5497 bonum
1127 5452 1232 5508 est,
1272 5454 1328 5498 et
1357 5444 1754 5513 gratissimum,
1788 5454 1842 5500 et
1867 5461 2090 5514 purum,

496 5548 551 5588 et
581 5534 876 5590 adveniens
909 5535 1240 5603 sanctiticat,
1273 5536 1626 5605 animamque
1664 5537 1788 5594 luce
1816 5547 1871 5593 et
1902 5538 2092 5596 lwtitia

493 5634 546 5675 et.
589 5628 883 5679 serenitate
918 5627 1204 5695 adimplet,
1235 5636 1291 5681 et
1316 5641 1436 5681 eam
1474 5629 1659 5683 mitem
1682 5637 1738 5684 et
1772 5630 2091 5686 misericor-

493 5712 615 5763 dem
642 5712 820 5767 ellicit.
866 5732 885 5766 ι
919 5714 983 5768 Ει
1005 5716 1096 5768 alii
1130 5716 1330 5771 similia
1361 5715 1573 5773 dicunt.
1606 5716 1714 5774 Sed
1745 5729 1925 5787 tamen
1954 5735 2092 5791 prte-

495 5802 639 5857 dicta
676 5807 837 5863 audis
869 5822 1092 5880 quoque
1131 5812 1249 5866 viva
1292 5824 1427 5867 voce
1487 5812 1723 5885 aliquem
1759 5815 2089 5883 tradentem,

2396 2203 2533 2273 Περὶ
2561 2203 2866 2275 ἐνεργείας
2898 2204 3082 2271 θείας,
3114 2203 3216 2258 καί
3245 2201 3551 2271 ἐναντίας.

2256 2317 2354 2383 ξαν.
2384 2317 2552 2371 Ὅταν
2574 2317 2632 2372 δὲ
2670 2319 2698 2373 6
2731 2319 2858 2383 νοῦς
2887 2318 3055 2374 αὐτοῦ
3082 2317 3157 2391 μὴ
3178 2317 3471 2385 ζητοῦντος
3500 2316 3616 2390 φῶς
3638 2319 3765 2390 δρᾷ,

2187 2410 2262 2482 μὴ
2316 2410 2713 2482 παραδεχέσθω
2762 2410 2941 2474 τοῦτο,
2979 2411 3119 2482 μήτε
3148 2411 3257 2484 μὴν
3292 2410 3661 2480 καταργείτω,
3688 2411 3769 2476 ὥς

2182 2519 2349 2574 φησιν
2369 2503 2399 2556 6
2428 2501 2583 2573 ἅγιος
2606 2502 2857 2575 Μάρκος,
2900 2505 2982 2559 ὅτι
3016 2523 3035 2556 ι
3068 2503 3225 2569 Ἔστι
3255 2503 3507 2575 ἐνέργεια
3542 2502 3771 2574 χάριτος

2181 2596 2264 2667 τῷ
2291 2596 2469 2667 νηπίῳ
2520 2596 2886 2668 ἀγνοουμένη.
2918 2596 3032 2652 Καὶ
3060 2596 3177 2651 ἔστι
3222 2599 3324 2668 τῆς
3354 2595 3554 2660 κακίας
3601 2596 3771 2669 ἑτέρα

2181 2692 2248 2761 τῇ
2288 2688 2519 2763 ἀληθείᾳ
2545 2690 2970 2761 ἐξομοιουμὲνη.
3010 2689 3193 2744 Καλὸν
3219 2690 3277 2744 δὲ
3310 2688 3380 2743 τὰ
3408 2688 3638 2745 τοιαῦτα
3690 2691 3768 2762 μὴ

2183 2779 2604 2851 ὲνοπτρίζεσθαι
2629 2779 2719 2834 διά
2737 2780 2842 2851 τὴν
2877 2780 3107 2852 πλάνην,
3143 2780 3285 2851 μήτε
3341 2779 3769 2850 ἀναθεματίζειν

2180 2870 2270 2925 διὰ
2305 2872 2407 2944 τὴν
2435 2872 2697 2943 ἀλήθειαν
2718 2887 2733 2903 ’
2765 2872 2904 2928 ἀλλά
2933 2873 3114 2927 πάντα
3144 2873 3214 2927 δι’
3245 2873 3461 2937 ἐλπίδος
3486 2871 3767 2944 προσφεύ-

2182 2980 2303 3033 γειν
2354 2963 2435 3035 τῷ
2485 2963 2629 3037 Θεῷ.
2655 2964 2831 3030 Αὐτὸς
2868 2965 2978 3036 γὰρ
3016 2961 3127 3020 οἶδε
3171 2958 3282 3020 τῶν
3327 2965 3657 3038 ἀμφοτέρων
3706 2964 3768 3018 τὸ

2183 3056 2455 3127 χρήσιμον
2488 3072 2504 3089 °
2529 3057 2646 3111 ἀλλ’
2672 3058 2935 3130 ἐρωτάτω
2968 3057 3060 3112 τὸν
3103 3058 3298 3129 ἔχοντα
3330 3058 3495 3131 χάριν
3524 3057 3621 3112 καὶ
3666 3054 3762 3110 δύο

2114 3185 2161 3247 c
2196 3165 2348 3216 ιαμιν
2375 3148 2513 3219 πρὸς
2540 3148 2674 3203 Θεὸν
2703 3149 2938 3215 διδάξαι,
2968 3151 3062 3203 καὶ
3083 3149 3382 3222 διακρίναι.
3418 3169 3438 3203 ι

2185 3274 2329 3342 Περὶ
2383 3272 2763 3332 διδασκάλου
2803 3269 3260 3342 πεφωτισμένον
3293 3270 3393 3325 καί
3431 3268 3762 3337 ἀπλανοῦς-

2255 3358 2355 3434 ξβ’.
2389 3364 2501 3418 Καὶ
2558 3365 2608 3418 εί
2649 3363 2751 3436 μὲν
2792 3361 2949 3434 εῦροι
2997 3362 3090 3416 τδν
3133 3360 3444 3429 διδάξαντα,
3469 3361 3531 3416 οὐ
3583 3361 3767 3429 καθὼς

2186 3456 2348 3527 μόνον
2379 3455 2524 3525 ἔγνω
2554 3455 2664 3509 ἀπὸ
2714 3454 2815 3525 τῆς
2868 3454 3021 3519 θείας
3048 3454 3296 3527 Γραφῆς,
3330 3453 3468 3509 ἀλλά
3510 3454 3764 3526 καθάπερ

2183 3550 2278 3601 καὶ
2308 3549 2516 3612 ἐκεῖνος
2554 3547 2844 3621 μακαρίως
2868 3547 3041 3602 ἔπαθε
3072 3548 3166 3601 τὸν
3192 3547 3333 3600 θεῖον
3364 3544 3668 3616 φωτισμὸν,
3690 3544 3769 3616 τῷ

2182 3636 2304 3708 Θεῷ
2335 3638 2516 3710 χάρις.
2544 3638 2608 3691 Εἰ
2637 3636 2684 3690 δ’
2711 3634 2807 3691 οὖν
2846 3637 3094 3709 κρεῖττον
3128 3635 3191 3690 τὸ
3225 3636 3302 3708 μὴ
3336 3634 3768 3707 παραδέξασθαι,

2183 3728 2299 3783 ἀλλ’
2335 3731 2393 3785 δν
2421 3729 2750 3783 ταπεινώσει
2780 3727 2920 3801 πρὸς
2960 3728 3054 3782 τδν
3081 3727 3217 3783 Θεὸν
3249 3729 3613 3797 καταφυγεῖν,
3636 3727 3770 3781 ἀνά·-

2185 3819 2298 3889 ξιον
2355 3822 2548 3875 ἑαυτὸν
2594 3822 2656 3887 ἐξ
2699 3820 3032 3893 εἰλικρινοῦς
3081 3819 3335 3892 καρδίας,
3378 3819 3766 3890 λογιζόμενος,

2185 3921 2282 3968 καὶ⁹
2302 3914 2594 3968 ἀποκαλῶν
2616 3913 2716 3984 τῆς
2748 3911 3008 3981 τοιαύτης
3036 3909 3193 3977 ἀξίας
3225 3910 3323 3963 καὶ
3371 3907 3627 3979 θεωρίας·
3653 3906 3766 3960 ὥσ-

2185 4023 2292 4078 περ
2316 4006 2425 4076 ἄρα
2453 4005 2613 4059 τοῦτό
2638 4022 2699 4058 τε
2753 4004 2850 4059 καὶ
2877 4004 2978 4058 ὅσα
3017 4002 3365 4074 προείρηται,
3397 4000 3493 4053 καὶ
3547 3999 3611 4070 δὴ
3669 4000 3769 4069 ρη-

2186 4097 2432 4169 θήσεται,
2465 4099 2558 4152 καὶ
2593 4099 2694 4152 ὅσα
2721 4096 3078 4167 μεμυήμεθα,
3108 4092 3346 4163 Χριστοῦ
3387 4092 3595 4164 χάριτι,
3620 4091 3771 4162 παρά

2184 4207 2243 4244 τε
2274 4189 2539 4259 γλωσσῶν
2562 4187 2833 4257 ἀψευδῶν,
2866 4187 3147 4258 Πνεύματι
3179 4187 3320 4256 ἀγίῳ
3351 4183 3689 4253 κινουμένων
3708 4199 3769 4234 τε

2189 4283 2281 4337 καὶ
2310 4281 2703 4351 φθεγγομένων
2731 4296 2746 4312 ο
2776 4280 2885 4334 τῶν
2906 4296 2965 4332 τε
2998 4277 3376 4334 θεοπνεύστων
3398 4273 3648 4346 Γραφῶν,
3673 4272 3770 4325 καὶ

2191 4374 2423 4445 μερικῆς
2454 4374 2677 4445 πείρας.

2382 4507 2693 4578 φωτισμοῦ
2752 4500 3206 4578 ἀνίηθιγοῦηκαὶ
3255 4495 3524 4578 ψευίῖοὗς
3582 4493 3774 4565 ἤγουν

2543 4573 2740 4647 ςέωτὸς
2765 4577 2951 4641 θείου,
2999 4573 3100 4628 καί
3129 4573 3419 4639 πονηροῦ.

2259 4691 2359 4762 ξγ’.
2394 4693 2456 4745 Ei
2486 4693 2596 4761 γὰρ
2618 4692 2713 4743 καὶ
2735 4692 2792 4744 ὲν
2820 4687 2981 4749 ἐνίοις
3008 4684 3190 4748 αὐτῷν
3223 4683 3272 4736 οἱ
3308 4678 3512 4733 κλεινοὶ
3534 4676 3775 4749 Πατέρες

2186 4788 2346 4859 ἡμῶν
2403 4787 2807 4858 συγγράμμασι
2857 4781 2925 4835 τὰ
2969 4782 3170 4850 σημεῖα
3218 4775 3315 4828 τοῦ
3350 4770 3629 4837 ἀπλανοῦς
3685 4770 3777 4822 καὶ

2184 4880 2280 4934 τοῦ
2314 4879 2415 4951 τῆς
2446 4878 2656 4949 πλάνης
2691 4873 3099 4946 ὑπεμφαίνουσί
3137 4886 3253 4932 πως
3287 4862 3601 4937 φωτισμοῦ,
3632 4861 3773 4916 καθά

2186 4973 2350 5044 δῆτα,
2387 4973 2482 5028 καὶ
2514 4974 2542 5025 6
2569 4970 2660 5024 τοῦ
2701 4971 2918 5038 Λάτρου
2970 4963 3277 5037 τρισόλϐιος
3308 4958 3521 5022 Παῦλος
3551 4956 3765 5024 πεποίηρ

2191 5081 2289 5118 κεν
2320 5060 2561 5134 εἰρηκὼς
2614 5060 2752 5132 πρὸς
2782 5059 2872 5111 τὸν
2908 5057 3038 5127 περὶ
3071 5053 3165 5109 τοῦ
3207 5051 3451 5104 τοιούτου
3492 5044 3779 5115 ἐπερωτή-

2189 5175 2359 5212 σαντα
2392 5156 2555 5210 αὐτδν
2589 5150 2840 5225 μαθητὴν
2865 5149 3051 5213 αὑτοῦ,
3075 5148 3158 5201 ὅτι
3185 5147 3248 5199 τὸ
3279 5145 3376 5216 μὲν
3409 5141 3510 5212 τῆς
3542 5141 3781 5193 ἀντικει-

2190 5250 2362 5320 μένης
2415 5246 2701 5317 δυνάμεως
2752 5242 2896 5313 φῶς,
2936 5238 3223 5312 πυροειδὲς
3266 5238 3403 5300 ἔστι,
3434 5234 3530 5288 καὶ
3562 5229 3782 5320 καπνῷξ

2187 5318 2275 5403 δες
2304 5318 2517 5392 καὶτοῦ
2551 5334 2816 5404 αἰσθητοῦ
2844 5331 3015 5403 πυρὸς
3043 5332 3251 5405 ὃμοιονή
3284 5328 3377 5382 καὶ
3407 5324 3625 5377 ἐπειδὰν
3650 5318 3782 5374 αὐτὸ

2191 5431 2592 5505 μετριοπαθὴς,
2653 5429 2765 5505 καὶ⁵
2829 5424 3222 5495 κεκαθαρμένη
3283 5420 3431 5491 ψυχὴ
3489 5416 3775 5486 θεάσηται,

2185 5527 2368 5599 ἀηδῶς
2419 5526 2533 5595 ἔχει
2572 5525 2712 5595 πρὸς
2749 5520 2904 5585 αὐτὸ,
2937 5520 3030 5573 καὶ
3066 5516 3409 5588 βδελύττεται
3434 5528 3448 5543 ⁸
3480 5510 3541 5564 τὺ
3570 5509 3628 5562 δὲ
3678 5507 3774 5561 τοῦ

2188 5618 2397 5688 ἀγαθοῦ
2416 5616 2641 5685 ἀγαθὸν,
2675 5613 3033 5686 χαριέστατον
3062 5610 3123 5664 τέ
3158 5611 3295 5673 ἐστι,
3332 5608 3427 5662 καί
3453 5600 3778 5674 ἀκραιφνὲς,

2186 5713 2283 5766 καὶ
2332 5709 2640 5782 προσϐαλὸν
2686 5706 2931 5777 ἁγιάζει,
2966 5704 3146 5775 φωτός
3201 5720 3262 5756 τε
3319 5702 3416 5755 καὶ
3456 5697 3655 5769 χαρᾶς,
3683 5694 3779 5748 καὶ

2189 5805 2507 5877 ἱλαρότητος
2548 5803 2749 5875 πληροῖ
2774 5800 2872 5872 τὴν
2901 5799 3099 5871 ψυχὴν,
3148 5796 3246 5853 καὶ
3278 5794 3450 5867 ἠπίαν
3481 5787 3651 5859 αὐτὴν
3684 5785 3779 5838 καὶ
