4058 6454
292 376 404 440 ιιι

1499 374 1892 449 ΟΡΗΞΟΗΙΛ
1934 369 2307 431 ASCETICA.

3450 372 3558 439 746

299 498 683 571 φιλάνθρωπον
710 495 1086 568 ἀπεργάζεται
1117 511 1130 526 ·
1162 496 1257 549 καὶ
1294 494 1472 566 ἕτεροι
1502 496 1557 548 δὲ
1598 494 1856 555 ὡσαύτως

1970 486 2214 557 illudque
2259 497 2503 557 tempore
2566 498 2876 559 Opportuna
2907 490 3135 558 audies;
3180 508 3322 547 nunt:
3371 507 3553 549 autem

311 591 451 644 Ἀλλ’
495 593 645 662 ὅμως
679 591 775 645 ἆτε
817 591 887 644 τὰ
927 591 1304 661 προειρημένα
1342 590 1430 643 διὰ
1459 589 1641 659 ζώσης
1672 588 1857 659 ἢκουον

1968 597 2074 636 non
2102 591 2186 637 est
2217 592 2429 653 tempus
2458 582 2739 637 audiendi.

298 686 503 755 φωνῆς,
534 683 679 738 οὓτω
707 684 771 756 δὴ
802 685 897 737 καὶ
928 684 1062 753 περὶ
1106 683 1297 737 τούτου
1324 682 1467 737 κατά
1496 682 1688 754 καιρὸν
1716 681 1882 735 ἁκού-

298 790 412 838 σεις
434 791 448 806 ⁶
490 775 585 831 νῦν
618 776 728 846 γὰρ
755 776 816 829 ού
854 776 1070 847 καιρός.

293 858 434 927 Περὶ
490 861 833 928 φαντασίας
880 859 1193 927 ἀπρεποῦς
1232 877 1299 913 τε
1352 859 1454 915 καί
1513 859 1881 928 εὐπρεποῦς.

575 929 678 984 καὶ
706 928 867 995 ὅπως
900 930 1021 999 χρὴ
1049 929 1319 1001 μετιέναι
1372 930 1589 997 αὐτάς.

367 1045 457 1111 ξδ’.
537 1046 694 1099 Ἐπεὶ
745 1045 804 1099 δὲ
851 1045 1037 1118 μικρῷ
1086 1045 1325 1116 πρόσθεν
1387 1046 1519 1117 περὶ
1577 1045 1878 1114 φαντασίας

291 1137 664 1209 ἐμνήσθημεν,
717 1139 811 1190 καὶ
868 1124 1175 1205 φαντασίας
1240 1136 1544 1209 ἀπρεποῦς,
1600 1134 1878 1207 ὀνησιμώ-

289 1247 473 1293 τατον,
510 1226 586 1292 ὦς
617 1246 681 1299 γε
707 1230 841 1301 ἡμῖν
869 1230 1035 1295 δοκεῖ,
1072 1230 1130 1283 ὲν
1162 1229 1354 1302 βραχεῖ
1393 1230 1487 1283 καὶ
1513 1230 1643 1299 περὶ
1682 1230 1875 1295 αὐτῆς,

292 1304 492 1389 μᾶλλον
519 1320 577 1373 δὲ
626 1320 757 1390 περὶ
807 1319 988 1390 πάσης
1036 1317 1341 1388 φαντασίας
1380 1319 1455 1383 ὡς
1496 1318 1721 1374 δυνατὸν
1761 1316 1877 1372 δια-

286 1413 492 1467 λαϐεῖν.
523 1412 661 1466 Δίαν
713 1411 821 1482 γὰρ
879 1412 1197 1467 ἀνθίσταται
1252 1414 1285 1484 ἡ
1337 1414 1613 1484 ἐπάρατος
1664 1416 1729 1484 τῇ
1781 1430 1877 1467 κα-

287 1502 427 1573 θαρᾷ
512 1502 607 1554 καὶ
671 1502 944 1573 καρδιακῇ
1009 1505 1337 1574 προσευχῇ,
1407 1503 1503 1556 καὶ
1547 1504 1615 1574 τῇ
1670 1503 1871 1573 ὲνιαίᾳ,

286 1594 381 1657 καὶ
412 1593 644 1647 ἀπλανεῖ
690 1594 783 1647 τοῦ
818 1593 908 1647 νοῦ
968 1595 1223 1666 ἐργασίᾳ.
1264 1594 1429 1648 Ὅθεν
1484 1595 1580 1649 καὶ
1622 1595 1672 1648 οί
1736 1594 1872 1648 θεῖοι

287 1688 537 1759 Πατὲρες
604 1687 890 1758 πολλαχῶς
938 1689 1071 1757 περὶ
1122 1690 1316 1760 αὐτῆς,
1371 1690 1466 1742 καὶ
1519 1691 1644 1744 κατ’
1697 1691 1873 1758 αὐτῆς

284 1776 744 1845 ἀποφθέγγονται.
788 1776 935 1849 Αὕτη
966 1780 1168 1846 τοίνυν,
1210 1780 1244 1851 ἡ
1300 1779 1756 1851 ποικιλόμορφος,
1794 1782 1870 1839 ὡς

1969 874 2045 928 De
2088 871 2373 942 phantasia
2424 874 2785 943 indecentique
2823 891 2884 927 ac
2931 876 3155 938 decenti,
3193 884 3240 930 et
3288 877 3548 944 quomodo

2402 954 2602 1011 oportet
2631 948 2699 997 ad
2730 961 2817 998 eas
2848 945 3112 999 accedere.

2041 1035 2130 1091 64.
2173 1034 2444 1101 Quoniam
2500 1036 2665 1104 paulo
2697 1047 2825 1089 ante
2869 1036 2944 1091 De
2981 1037 3270 1106 phantasia
3309 1040 3547 1093 mentiu-

1967 1143 2089 1182 nem
2151 1126 2382 1181 fecimus
2431 1126 2590 1181 etde
2631 1128 2920 1196 phantasia
2974 1129 3286 1193 indecenti,
3323 1130 3551 1183 utilissi-

1968 1236 2143 1286 mum,
2191 1228 2253 1275 ut
2298 1218 2460 1275 nobis
2492 1218 2734 1283 videtur,
2770 1221 2874 1273 erit
2906 1221 3146 1276 breviter
3191 1221 3259 1276 de
3300 1237 3363 1277 ea
3395 1232 3449 1277 et
3483 1224 3550 1276 de

1966 1313 2229 1383 qualibet,
2262 1320 2321 1365 ut
2356 1311 2681 1379 poterimus,
2707 1312 2911 1367 dicere.
2938 1311 3177 1368 Nimium
3209 1313 3355 1367 enim
3392 1326 3549 1368 ιιιιρνι

1964 1405 2346 1461 exsecrabillis
2380 1420 2532 1475 purae
2579 1405 2764 1459 cordis
2799 1404 3038 1459 orationi
3068 1447 3082 1471 ,
3122 1412 3177 1459 et
3208 1405 3443 1475 simplici
3485 1421 3550 1460 ac

1970 1505 2130 1549 rectae
2157 1496 2354 1551 mentis
2382 1496 2709 1567 operatioui.
2750 1494 2905 1550 Unde
2943 1504 2998 1551 et
3021 1496 3189 1550 divini
3225 1495 3417 1552 Patres
3448 1514 3551 1551 sv-

1966 1588 2193 1659 pissime
2238 1588 2307 1643 de
2349 1605 2413 1644 ea
2462 1599 2518 1645 et
2571 1602 2767 1644 COnlra
2816 1604 2937 1643 eam
2992 1587 3171 1644 Verba
3208 1588 3437 1645 faciunt.
3474 1587 3547 1643 Ea

1962 1682 2132 1743 enim,
2176 1678 2553 1745 multiformis,
2583 1690 2642 1735 ut
2667 1679 2950 1737 fabulosus
2989 1680 3260 1744 Daedalus,
3290 1691 3345 1737 et
3374 1682 3544 1736 multa

1963 1773 2142 1843 capita
2183 1772 2392 1829 habens
2417 1782 2474 1827 ut
2509 1771 2709 1845 Hydra,
2747 1785 3007 1844 tanquam
3034 1774 3346 1829 daemonum
3404 1790 3545 1842 pons

285 1871 312 1922 ὁ
357 1869 721 1941 μυθευόμενος
768 1870 1033 1935 Δαίδαλος
1069 1912 1085 1938 ,
1153 1872 1248 1925 καὶ
1291 1871 1668 1940 πολυκέφαλος
1728 1873 1857 1925 κατέ

1960 1866 2184 1936 quidam
2225 1865 2369 1920 dicta
2409 1874 2492 1921 est
2520 1881 2551 1920 a
2598 1868 2829 1922 sanctis.
2879 1865 2984 1922 Per
3012 1881 3131 1923 eam
3169 1866 3318 1921 cnim
3362 1875 3543 1921 trans-

289 1962 382 2031 τὴν
430 1961 598 2033 ’ύδραν
648 1963 943 2031 φαντασία,
976 1957 1089 2017 οἷόν
1153 1981 1239 2027 τις
1270 1964 1487 2036 γέφυρα
1519 1965 1631 2018 τῶν
1669 1965 1864 2035 δαιμόο

284 2069 411 2116 νων,
438 2056 551 2117 τοῖς
607 2053 786 2123 ἁγίοις
851 2056 1180 2127 προείρηται
1206 2073 1223 2090 ο
1263 2055 1331 2109 δι’
1356 2056 1528 2126 αὐτῆς
1577 2056 1688 2129 γὰρ
1720 2058 1869 2128 διερ-

284 2144 522 2215 χόμενοι,
547 2147 642 2201 καὶ
661 2148 1033 2219 διαπερῶντες
1062 2150 1111 2201 οἱ
1140 2148 1318 2218 φόνιοι
1336 2148 1655 2221 ἀλάστορες,
1671 2167 1867 2205 κοινω-

284 2235 436 2289 νοῦσί
461 2254 577 2300 πως
607 2239 701 2291 καὶ
746 2240 1153 2309 συμμίγνυνται
1183 2243 1248 2312 τῇ
1302 2242 1474 2313 ψυχῇ,
1507 2241 1735 2313 σίμϐλον
1768 2261 1868 2315 κη-

285 2330 469 2399 φήνων
515 2329 718 2399 ταύτην
772 2333 1241 2405 ἀπεργαζόμενοι,
1271 2335 1366 2387 καὶ
1418 2334 1638 2389 ἐννοιῶν
1689 2336 1866 2406 ἀκάρ-

282 2436 423 2483 πων,
455 2422 548 2474 καί
594 2421 856 2493 ὲμπαθῶν
895 2425 1215 2497 οἰκητήριον
1251 2441 1265 2456 °
1320 2425 1388 2496 ἢν
1452 2426 1516 2499 δὴ
1562 2429 1864 2495 φαντασίαν

279 2511 615 2584 ἀποϐλητέον
648 2513 929 2569 τοσύνολον
960 2532 976 2548 ο
1011 2520 1060 2569 εἰ
1092 2517 1167 2587 μή
1195 2534 1298 2571 που
1330 2517 1536 2588 βούλει,
1572 2518 1738 2573 ἕνεκα
1770 2538 1865 2591 με·

281 2605 518 2672 τανοίας,
583 2606 680 2659 καὶ
733 2609 1049 2679 συντριόἧς,
1084 2610 1315 2673 πένθους
1374 2612 1555 2667 τεκαὶ
1609 2629 1864 2666 ταπεινο-

277 2698 576 2768 φροσύνης,
634 2699 742 2769 πρὸ
784 2700 843 2754 δὲ
888 2704 983 2755 καὶ
1046 2702 1146 2772 τῆς
1207 2702 1317 2758 τῶν
1366 2704 1538 2758 ὄντων
1605 2705 1861 2777 μελέτης,

276 2790 365 2842 ναὶ
394 2791 501 2861 μὴν
551 2792 646 2845 καὶ
685 2795 844 2863 χάριν
894 2794 1180 2865 ἀπρεποῦς
1233 2798 1558 2864 φαντασίας,
1608 2798 1860 2870 εὐπρεπῆ

278 2882 580 2948 φαντασίαν
642 2885 1005 2954 παραϐαλεῖν,
1060 2886 1154 2938 καὶ
1212 2886 1630 2957 ἀντισηκῶσαι·
1669 2890 1863 2943 κάκεί-

276 2990 376 3043 νην
437 2976 611 3046 ταύτῃ
667 2977 989 3045 συμμίξας,
1052 2979 1146 3030 καὶ
1212 2978 1856 3050 άντιστρατευσάμενος,

275 3066 374 3119 καὶ
403 3067 479 3131 ὡς
510 3068 777 3138 ῥίψασπιν
812 3070 910 3139 τὴν
933 3070 1189 3143 ἄσεμνον,
1214 3074 1310 3126 καὶ
1341 3072 1533 3143 ἰταμὸν
1564 3072 1707 3126 κατὰ
1732 3074 1857 3142 κρά-

273 3175 365 3223 τος
406 3160 606 3231 βαλὼν,
666 3160 812 3217 οὕτω
869 3163 991 3219 κατ’
1043 3165 1217 3236 αὐτῆς
1269 3162 1403 3238 ἆραι
1448 3166 1519 3221 τὰ
1576 3169 1855 3239 νικτήρια.

277 3255 387 3307 Καὶ
441 3252 571 3322 γοῦν
623 3254 766 3309 οὕτω
832 3258 1000 3312 ποιῶν
1053 3262 1114 3314 οὐ
1181 3262 1343 3333 μόνον
1407 3265 1650 3339 ζημίας,
1713 3273 1850 3329 ἀλλὰ

278 3344 372 3398 καὶ
422 3345 646 3414 κέρδους
700 3347 882 3419 σαυτῴ
932 3349 1106 3415 αίτιος
1160 3355 1279 3425 εῑης
1335 3356 1411 3422 ὡς
1461 3360 1539 3412 sv.
1564 3363 1852 3435 ἀπταίστῳ

279 3438 459 3509 κρίσει
506 3440 575 3493 τά
640 3440 760 3495 κατ’
821 3443 990 3497 αὐτὸν
1036 3445 1348 3514 διευθύνων,
1404 3451 1496 3503 ἆτε
1551 3461 1852 3521 φαντασίαν

1955 1969 2151 2014 euntes
2179 1968 2234 2014 et
2266 1968 2617 2030 penetrantes
2648 1958 2942 2014 homicidae
3003 1958 3218 2015 scelesti
3244 2000 3260 2023 ,
3285 1973 3541 2014 commu-

1954 2053 2142 2108 nicant
2180 2062 2236 2108 et
2276 2054 2707 2109 commiscentur
2750 2053 2989 2119 animae,
3020 2052 3271 2108 fucorum
3317 2054 3539 2108 alveare

1954 2164 2073 2203 eam
2104 2146 2390 2213 facientes,
2432 2159 2486 2204 et
2536 2149 2804 2205 stet-ilium
2846 2148 3284 2218 cupidarumque
3327 2149 3537 2218 cogita-
3637 2172 3650 2183 ε

1955 2239 2165 2294 tionum
2224 2239 2561 2294 domicilum.
2621 2239 2753 2305 Quae
2798 2254 2931 2295 sane
2976 2239 3266 2310 phantasia
3315 2241 3539 2295 omnino

1953 2328 2264 2396 repellenda
2294 2338 2423 2397 est;
2456 2329 2561 2386 nisi
2594 2330 2748 2395 velis,
2788 2331 3125 2402 poenitentiae
3154 2345 3321 2387 causa
3348 2342 3402 2388 et
3436 2335 3542 2387 tri-

1954 2419 2272 2480 bulationis.
2315 2420 2631 2492 dolorisque
2663 2430 2718 2477 et
2757 2422 3108 2486 humilitatis,
3157 2438 3222 2478 ac
3264 2425 3540 2494 pra~cipue

1951 2527 2170 2582 propter
2197 2527 2388 2567 eorum
2427 2530 2549 2585 qua;
2586 2525 2737 2580 sunt,
2759 2515 3199 2579 meditationem,
3229 2531 3354 2570 cum
3383 2516 3540 2570 iude-

1952 2604 2098 2659 centi
2150 2605 2440 2673 phantasia
2487 2607 2772 2664 decentem
2820 2623 3147 2680 comparare
3189 2625 3255 2664 ac
3298 2608 3537 2673 librare,

1951 2694 2211 2765 illamque
2263 2712 2389 2752 cum
2433 2697 2538 2754 ista
2581 2699 2851 2766 miscere;
2895 2701 2973 2755 ita
3022 2710 3081 2754 ut
3110 2701 3373 2756 adversus
3411 2714 3535 2756 eam

1948 2787 2209 2844 incedens
2248 2799 2326 2855 et,
2352 2791 2421 2846 de
2446 2806 2512 2849 ea
2536 2793 2793 2863 turpiter,
2819 2793 3012 2865 clypeo
3038 2794 3271 2855 amisso,
3299 2797 3442 2847 vlcta
3470 2807 3537 2847 ac

1948 2879 2192 2950 deiecta,
2226 2882 2565 2954 triumphum
2624 2900 2787 2956 agere
2824 2902 3017 2957 queas.
3049 2889 3230 2957 Atque
3257 2888 3425 2958 igitur
3458 2888 3536 2940 ita

1948 2971 2176 3040 faciens,
2206 2990 2313 3029 non
2354 2977 2517 3032 modo
2564 2993 2673 3032 non
2706 2978 3022 3035 detrimenti
3048 2979 3401 3051 cujusquam,
3436 2980 3534 3034 sed

1948 3064 2084 3119 lucri
2118 3068 2217 3121 tibi
2243 3077 2434 3142 auctor
2458 3069 2604 3136 eris,
2634 3071 2837 3141 quippe
2878 3072 2973 3142 qui
3015 3074 3285 3128 constanti
3324 3068 3534 3141 judicio

1949 3166 2070 3213 tuas
2112 3173 2197 3215 res
2231 3161 2513 3230 direxeris,
2547 3163 2897 3233 phantasiam
2939 3164 3285 3220 indecentem
3313 3165 3532 3220 decenti

1946 3250 2230 3319 phantasia
2285 3255 2600 3323 destruens,
2649 3264 2705 3311 et
2751 3258 3158 3312 contrariorum
3205 3259 3379 3313 armis
3431 3272 3531 3312 eos

1944 3345 2132 3401 hostes
2156 3357 2465 3418 opportune
2503 3349 2705 3406 feriens
2740 3361 2794 3405 et
2825 3351 3129 3418 trucidaus,
3163 3361 3228 3405 ut
3256 3353 3384 3407 olim
3420 3349 3536 3407 Go-

1941 3435 2073 3490 liatb
2100 3437 2318 3493 dIViIIUS
2351 3438 2539 3495 David.

272 3541 500 3611 ἀπρεπῆ
556 3543 832 3613 φαντασίᾳ
883 3547 1154 3614 εὐπρεπεῖ
1187 3545 1504 3616 καταργῶν,
1544 3548 1641 3602 καὶ
1673 3552 1792 3612 τοῖς
1833 3549 1943 3603 τῶν
1978 3552 2237 3604 ἐναντίων
2287 3550 2476 3616 ὅπλοις
2505 3553 2735 3616 τούτους
2768 3551 2833 3624 δὴ
2863 3553 2991 3617 τοὺς
3018 3553 3385 3617 ὑπεναντίους
3412 3572 3485 3609 κα
3501 3575 3543 3607 ι-

279 3639 411 3706 ρίως
446 3640 699 3710 πλήττων
725 3641 758 3712 ἢ
787 3643 1148 3708 ἀποκτείνων,
1187 3641 1263 3706 ὡς
1295 3645 1465 3699 πάλαι
1495 3645 1586 3698 τὸν
1615 3645 1809 3701 Γολιαθ
1844 3647 1870 3700 ὁ
1899 3647 2046 3712 θεῖος
2078 3650 2271 3704 Δασιδ.

274 3784 402 3856 Ὀτι
434 3786 507 3837 οὐ
536 3786 727 3854 μόνον
766 3786 803 3851 ἡ
852 3787 1125 3854 ἀπρεπὴς
1154 3788 1488 3856 φαντασία,
1519 3787 1687 3844 ἀλλὰ
1746 3783 1848 3841 καὶ

341 3853 379 3920 ἡ
430 3856 739 3922 εὐπρεπὴς
774 3853 1119 3921 ἀπόϐλητος
1156 3853 1309 3923 ’τοῖς
1365 3859 1558 3926 ἁγίοις
1612 3861 1698 3923 εἰς
1735 3857 1849 3921 τὴν

343 3926 612 3995 καθαρὰν
642 3926 999 3993 προσευχὴν
1032 3967 1047 3991 ,
1087 3926 1183 3979 καί
1215 3929 1302 3992 είς
1338 3927 1455 3993 τὴν
1496 3927 1703 3995 ἁπλῆν
1749 3926 1847 3980 καὶ

341 3993 576 4047 ἑνιαίαν
602 3994 896 4063 ἐργασίαν
924 3996 1030 4050 τοῦ
1061 3997 1228 4063 νοός.

345 4101 438 4170 ξε’.
487 4102 655 4157 Τοῦτο
708 4104 786 4169 δὲ,
823 4105 932 4159 τῶν
967 4104 1049 4159 ἔτι
1092 4106 1327 4177 νηπίων,
1358 4107 1477 4179 ἦτοι
1525 4106 1631 4159 τῶν
1679 4107 1850 4179 ἀρχα-

274 4193 406 4263 ρίων
432 4189 598 4248 ἆθλόν
647 4195 815 4251 ἐστιν.
847 4196 910 4248 Οί
959 4196 1066 4267 γὰρ
1112 4195 1189 4267 τῷ
1212 4197 1389 4267 χρόνῳ
1420 4196 1845 4267 προϐεϐηκότες,

272 4283 469 4348 ὑλικῶς
487 4283 584 4357 τὴν
619 4286 840 4357 ἀπρεπῆ
871 4287 1175 4353 φαντασίαν
1204 4287 1302 4341 σὺν
1322 4291 1386 4359 τῇ
1417 4288 1683 4358 εὐπρεπεῖ
1714 4288 1849 4341 ἀπο-

271 4373 578 4440 ϐάλλονται,
610 4375 705 4428 καὶ
748 4375 985 4446 φρούδην
1013 4376 1338 4448 ἐργάζονται
1376 4393 1390 4409 ⁸
1426 4378 1500 4441 ὼς
1546 4378 1715 4447 κηρὸν
1747 4396 1847 4448 τη-

271 4464 501 4535 κόμενον
529 4466 639 4520 ἀπὸ
678 4466 972 4540 προσώπου
1015 4470 1210 4538 πυρὸς,
1246 4469 1706 4538 ἀποτεφροῦντες,
1748 4471 1849 4524 καὶ

1955 3774 2114 3847 Quod
2142 3791 2246 3828 non
2269 3777 2423 3830 modo
2445 3775 2693 3831 inlecens
2718 3778 3027 3847 phantasia,
3051 3779 3143 3834 sed
3165 3792 3215 3834 et
3246 3782 3432 3837 deum
3461 3800 3541 3839 re-

2015 3844 2253 3913 jirt’enda
2292 3847 2494 3901 sanctis
2530 3858 2609 3902 est
2646 3844 2999 3902 itt'muudam
3045 3853 3344 3905 orationem
3383 3864 3433 3907 et
3483 3856 3541 3909 in

2023 3916 2316 3985 simplicem
2353 3925 2405 3970 et
2430 3933 2594 3971 unam
2625 3920 2815 3972 utentis
2848 3921 3230 3987 operationem.

2023 4097 2115 4153 65.
2154 4096 2291 4152 Illud
2321 4111 2451 4152 vero
2490 4106 2608 4164 est,
2640 4095 2930 4154 infantium
2976 4099 3159 4156 adhuc
3187 4110 3238 4156 et
3272 4100 3538 4173 incipien-

1951 4192 2088 4245 tium
2134 4200 2432 4244 certamen.
2485 4189 2588 4255 Qui
2642 4191 2789 4244 enim
2842 4201 3087 4260 tempore
3125 4206 3535 4263 processerunt,

1950 4281 2175 4336 omnino
2217 4280 2558 4335 indecentem
2600 4280 2949 4352 phantasiam
2986 4298 3111 4338 cum
3144 4284 3355 4340 decenti
3406 4287 3535 4356 reji-

1948 4374 2122 4441 ciunt,
2164 4382 2219 4429 et
2274 4373 2582 4442 expellunt,
2616 4384 2874 4445 tauquam
2916 4390 3097 4431 ceram
3126 4393 3154 4430 ιι
3190 4378 3328 4434 facie
3370 4380 3536 4450 ignis,

1949 4480 2069 4519 eam
2094 4466 2145 4519 in
2169 4466 2407 4521 cinerem
2434 4465 2745 4537 redigentes
2764 4479 2818 4521 et
2842 4467 3230 4535 dissolventes,
3258 4487 3352 4541 per
3378 4490 3536 4528 mun-

277 4557 608 4622 διαλύοντες,
639 4559 728 4612 διὰ
760 4559 858 4630 τὴν
881 4559 1129 4632 καθαρὰν
1152 4562 1485 4633 προσευχὴν,
1521 4563 1617 4616 καὶ
1661 4562 1761 4633 τὴν
1784 4564 1847 4616 ἐκ

1951 4558 2073 4613 dam
2113 4560 2442 4624 orationem,
2476 4572 2530 4615 et
2563 4563 2765 4617 tuentis
2809 4563 2879 4616 ab
2908 4564 3167 4618 omnibus
3222 4568 3413 4621 rudem
3447 4584 3535 4623 se-

274 4650 490 4704 πάντων
525 4650 618 4704 τοῦ
665 4651 784 4714 νοὸς
862 4652 1148 4706 ἀτύπωτον
1206 4653 1467 4706 ἀπόθεσιν
1516 4670 1575 4706 τε
1622 4656 1717 4708 καὶ
1748 4654 1850 4722 γύ-

285 4758 515 4811 μνωσιν,
556 4743 720 4796 ἕνεκα
768 4743 871 4812 τῆς
922 4744 1058 4815 πρὸς
1112 4743 1244 4798 Θεὸν
1291 4744 1469 4814 ἁπλῆς
1497 4745 1849 4816 ὲτειϐολῆςοεί

272 4833 453 4904 βούλει
500 4835 577 4901 δὲ,
612 4836 706 4889 καὶ
759 4836 1096 4907 παραδοχῆς,
1130 4838 1226 4891 καὶ
1277 4836 1714 4907 ἀσχηματίστου,
1748 4840 1847 4891 καὶ

270 4928 479 4991 ἑνιαίας
515 4928 780 4993 ένὼσεως.
818 4928 981 4998 Λέγει
1008 4929 1103 4983 καὶ
1132 4929 1239 5001 γὰρ
1265 4929 1294 4982 ὁ
1326 4930 1481 4997 ἅγιος
1542 4928 1798 5000 Ἥσύχιος
1827 4946 1844 4963 ο

271 5014 385 5077 Πᾶς
422 5013 699 5085 λογισμὸς,
740 5017 1013 5085 φαντασία
1060 5018 1209 5071 ἐστὶν
1244 5020 1303 5071 ὲν
1336 5018 1415 5090 τῷ
1446 5018 1524 5089 νῷ
1578 5019 1846 5090 αἰσθητοῦ

266 5118 413 5165 τινος
444 5103 786 5174 πράγματος.
803 5105 944 5169 Νοῦς
967 5106 1074 5178 γὰρ
1099 5105 1517 5178 ὣνδἊσσύριος
1542 5109 1643 5162 οὐκ
1672 5108 1846 5171 ἄλλως

272 5192 492 5262 ἀπατᾷν
542 5194 814 5267 νὲξισχύει,
843 5196 893 5247 εί
940 5195 1014 5266 μὴ
1047 5196 1323 5267 χρήσηται
1349 5198 1462 5260 τοῖς
1496 5197 1628 5268 παρ’
1675 5196 1838 5267 ήμῶν

268 5283 546 5355 αἰσθητοῖς
603 5286 695 5339 καὶ
752 5285 1030 5357 συνήθεσι.
1084 5287 1195 5339 Καὶ
1245 5286 1275 5339 δ
1325 5285 1483 5354 ἆγιος
1564 5287 1838 5357 Διάδοχος*

283 5374 502 5447 Ἐπειδὴ
525 5376 630 5439 πᾶς
660 5377 917 5446 λογισμὸς
941 5376 1028 5430 διὰ
1052 5377 1355 5447 φαντασίας
1375 5377 1654 5450 αἰσθητῶν
1683 5396 1846 5432 τινων

269 5466 579 5538 εἰσέρχεται
637 5469 695 5522 ὲν
732 5470 798 5539 τῇ
849 5468 1071 5540 καρδίᾳ,
1130 5470 1258 5523 τότε
1306 5471 1539 5539 αὑγάζει
1595 5471 1734 5541 αὐτῇ
1785 5472 1847 5524 τὸ

274 5556 541 5627 μακάριον
580 5557 697 5627 φῶς
733 5557 832 5629 τῆς
854 5557 1129 5628 θεότητος,
1161 5560 1290 5614 ὅταν
1313 5562 1491 5632 πάντη
1536 5561 1843 5634 εὐκαιρήσῃ

268 5648 377 5700 ἀπὸ
405 5649 641 5716 πάντων,
675 5652 769 5705 καὶ
807 5652 1222 5723 ἀσχημάτιστος
1253 5654 1319 5708 ὲκ
1358 5653 1566 5708 τούτων
1593 5656 1842 5724 γένηται,

272 5740 429 5811 είπερ
488 5743 520 5813 ή
575 5743 899 5814 λαμπρότης
957 5745 1196 5816 ἐκείνης,
1234 5745 1377 5800 κατὰ
1427 5747 1684 5819 στέρησιν
1733 5746 1845 5800 τῶν

269 5831 485 5885 πάντων
525 5832 813 5902 νοημάτων
873 5836 1278 5906 παραφαίνεται
1328 5836 1408 5909 τῷ
1442 5836 1669 5910 καθαρῷ
1734 5839 1838 5892 νοῒ.

588 5957 853 6020 ΡΑΤιιοΙ..
902 5960 1012 6021 Gtt.
1067 5961 1354 6025 CXLVII.

1949 4655 2290 4723 parationent
2324 4668 2389 4707 ac
2421 4654 2720 4708 nuditatem
2741 4694 2757 4719 ,
2808 4656 3076 4725 simplicis
3108 4656 3175 4710 ad
3216 4656 3385 4712 Deum
3417 4660 3533 4714 ele-

1948 4743 2184 4798 vatiouis
2201 4745 2462 4812 causa;si
2494 4746 2573 4801 vis
2593 4762 2832 4816 quoque,
2861 4749 3191 4816 receptionis
3219 4750 3312 4805 Dei
3338 4767 3530 4818 causa,

1946 4847 2000 4891 et
2042 4838 2308 4907 simplicis
2351 4846 2407 4892 et
2444 4839 2657 4908 absque
2699 4841 2869 4907 ﬁgura
2910 4841 3150 4896 unionis.
3206 4843 3345 4900 Dicit
3384 4847 3529 4901 enim

1945 4942 1999 4987 et
2022 4944 2248 4989 sanctus
2268 4933 2593 5004 Hesychius:
2623 4951 2641 4984 ι
2667 4930 2841 4993 Omne
2862 4934 3209 4989 ratiocinium
3239 4945 3322 4992 est
3348 4939 3525 5007 phan-

1946 5025 2086 5080 tasia
2125 5024 2179 5078 in
2227 5036 2414 5080 mente
2452 5025 2688 5094 alicujus
2734 5026 3011 5080 sensibilis
3036 5026 3135 5080 rei.
3191 5028 3325 5082 Cum
3372 5030 3517 5084 enim

1942 5117 2168 5187 Spiritus
2211 5119 2282 5172 sit
2346 5121 2621 5188 Assyrius,
2667 5132 2776 5172 non
2824 5119 2985 5173 aliter
3029 5118 3285 5189 decipere
3323 5131 3524 5189 potest,

1941 5213 2048 5268 nisi
2098 5221 2283 5268 utatur
2343 5213 2411 5269 iis
2456 5229 2578 5283 quae
2628 5227 2659 5266 a
2711 5212 2869 5267 nobis
2903 5213 3219 5267 sentiuntur
3259 5223 3312 5269 et
3364 5217 3526 5272 nobis

1939 5306 2098 5361 solita
2130 5316 2277 5361 sunt.
2312 5325 2331 5359 ι
2369 5307 2436 5360 Et
2465 5318 2689 5361 sanctus
2748 5304 3061 5360 Diadochus
3104 5322 3119 5360 :
3160 5323 3178 5357 ι
3217 5305 3521 5377 Postquam

1937 5400 2117 5453 omnis
2157 5398 2416 5468 cogitatio
2448 5416 2546 5468 per
2593 5399 2957 5468 quorumdam
2992 5399 3338 5453 sensibilium
3387 5402 3526 5453 ima-

1936 5490 2267 5559 giuationem
2301 5490 2353 5542 in
2382 5505 2477 5543 cor
2508 5491 2802 5555 introierit,
2836 5490 3039 5545 tuuc'ci
3066 5490 3272 5543 lucebit
3299 5492 3517 5544 beatum

1935 5584 2164 5638 Deitatis
2196 5582 2403 5647 lumen,
2445 5597 2572 5636 cum
2608 5582 2835 5636 omnino
2864 5582 2934 5635 ab
2974 5581 3233 5637 omnibus
3278 5598 3524 5637 recesse-

1934 5677 2026 5742 rit,
2061 5684 2116 5730 et
2156 5691 2222 5729 cx
2254 5676 2323 5730 iis
2356 5674 2592 5743 minime
2635 5674 2932 5729 formatum
2986 5674 3183 5743 fuerit,
3245 5675 3517 5746 siquidem

1931 5771 2087 5826 illius
2120 5771 2379 5839 splendor
2411 5784 2509 5840 per
2534 5769 2898 5838 privationem
2935 5773 3183 5825 omnium
3232 5774 3522 5840 cogitatio-

1931 5879 2060 5923 num
2097 5877 2249 5933 pura:
2292 5861 2463 5919 menti
2487 5870 2736 5933 apparet.
2766 5880 2785 5914 ι
2825 5859 2890 5916 Et
2940 5876 3174 5930 magnus
3215 5861 3456 5921 Dastllus
3490 5876 3512 5929 ζ

3045 5956 3125 6021 24
