4058 6440
529 402 557 468 Ἰ
572 404 638 468 i'l

1387 408 1732 468 GALLISTI
1773 409 1867 466 E'l‘
1915 406 2214 466 lGNATll
2252 404 2948 474 XAN'l‘llOPULORUM

3693 421 3791 484 78

537 538 556 568 τ
594 516 1062 582 Quemadmodum
1108 519 1179 588 igi
1211 536 1274 573 nr
1304 521 1356 574 iu
1393 520 1720 574 mannl’actis
1751 520 1969 590 templis
2007 536 2113 574 non

2222 514 2330 566 Καὶ
2361 517 2387 567 6
2420 517 2590 584 μέγας
2629 518 2940 581 Βασίλειος·
2977 520 3187 590 Ὠσπερ
3233 521 3335 574 οῦκ
3377 525 3434 576 ἐν
3491 530 3790 595 χειροποιή-

532 605 740 660 habitat
782 607 1066 670 Dominus,
1104 625 1280 679 neque
1322 611 1374 663 in
1444 608 1754 665 ﬁctionibus
1782 611 2113 680 quihusdam

531 707 584 753 et
622 699 1005 767 spiritualihns
1056 701 1264 768 ﬁguris.
1318 703 1582 772 Projectaa
1626 704 1772 758 enim
1821 705 1939 758 ista:
1967 713 2116 765 sunt,

535 807 651 861 qua:
680 792 938 860 agitatam
976 795 1216 847 animam
1252 805 1528 864 separent,
1560 811 1667 849 non
1695 795 1808 864 jam
1850 795 2115 849 valentem

539 898 672 951 pure
713 883 780 937 ad
813 889 1096 939 veritatem
1142 891 1385 950 tendere,
1444 887 1537 941 sed
1583 886 1763 940 adhuc
1803 887 2024 954 speculo
2067 893 2119 940 et

533 978 820 1045 aenigmate
864 987 1151 1032 retentam.
1189 996 1208 1030 ι
1271 978 1335 1031 Et
1382 977 1604 1033 divinus
1639 979 1904 1048 Evagrius
1937 998 1948 1032 :
1988 999 2005 1030 ι
2042 980 2118 1033 lbi

529 1068 733 1122 dicitur
757 1068 931 1122 Deum
962 1070 1175 1134 sedere,
1208 1071 1298 1125 ubi
1328 1072 1712 1138 cognoscitur;
1743 1071 1865 1126 ideo
1894 1066 2120 1128 thronus

533 1158 622 1211 Dei
663 1159 902 1224 dicitur,
946 1175 1102 1214 mens
1153 1177 1314 1230 pura.
1367 1162 1462 1217 Dei
1508 1163 1674 1234 igitur
1715 1164 1971 1231 cogitatio
2011 1179 2118 1217 non

531 1250 805 1304 invenitur
846 1252 899 1306 in
936 1253 1021 1307 his
1046 1254 1480 1322 cogitationibus
1513 1270 1636 1324 qua:
1669 1266 1904 1309 mentem
1937 1254 2120 1324 ﬁguris

519 1351 750 1406 .ornant,
783 1345 876 1399 sed
899 1345 954 1399 in
979 1347 1045 1400 iis
1070 1361 1193 1417 qua:
1227 1362 1346 1401 eam
1375 1363 1482 1402 non
1510 1357 1726 1403 ornant.
1761 1349 1885 1402 Ideo
1910 1360 2122 1419 oportet

530 1455 655 1493 eum
697 1439 790 1509 qui
833 1447 956 1493 orat
982 1440 1208 1494 omnino
1237 1439 1305 1493 ab
1335 1439 1400 1494 iis
1433 1439 1709 1508 cogitatis,
1734 1457 1853 1509 qua:
1881 1451 2120 1496 mentem

531 1530 720 1602 ﬁguris
770 1531 1004 1598 replent,
1063 1532 1349 1600 separari;
1403 1543 1457 1585 et
1503 1531 1662 1585 aliter
1695 1531 1917 1601 quidem
1952 1532 2124 1586 infor-

529 1623 765 1676 mabitur
794 1639 952 1677 mens
991 1633 1225 1678 mentem
1268 1639 1533 1688 cernens;
1572 1634 1626 1677 et
1659 1625 1822 1678 aliter
1865 1625 2123 1692 dispone.

530 1724 641 1780 tur,
671 1716 893 1770 verbum
920 1717 1039 1784 ejus
1074 1716 1476 1784 contemplans.
1505 1714 1661 1771 Unde
1689 1717 1958 1771 discimus
1985 1731 2121 1784 quo-

531 1807 697 1859 modo
732 1807 1036 1875 spiritualis
1069 1807 1300 1861 scientia
1330 1817 1567 1861 mentem
1605 1823 1634 1861 a
1669 1808 2112 1877 cogitationibus,

2219 623 2328 668 τοις
2355 611 2501 670 ναοῖς
2536 612 2778 662 κατοικεῖ
2815 611 3038 680 Κύριος,
3068 611 3240 672 οὕτως
3267 614 3388 666 οὐδὲ
3421 615 3479 666 ἐν
3524 615 3790 670 διατυπώ-

2221 696 2338 747 σεσί
2379 714 2486 750 τισι
2516 699 2611 750 καὶ
2659 700 2940 770 πλάσμασι
2989 703 3217 771 νοητοῖς.
3252 703 3788 776 Προϐἑῦληνταιγὰρ

2215 788 2386 840 ταῦτα
2435 789 2847 859 ἀποτειχίζοντα
2897 792 2994 860 τὴν
3043 793 3541 866 κεκιϐδηλευμένην
3600 797 3781 867 ψυχὴν

2215 880 2314 948 τὴν
2365 879 2438 949 μὴ
2481 873 2786 951 δυναμένην
2830 881 3089 953 καθαρῶς
3133 885 3460 950 ἐνατενίζειν
3510 889 3644 958 1:96;
3692 891 3786 959 τὴν

2216 971 2493 1042 ἀλήθειαν,
2536 973 2648 1027 ἀλλ’
2679 974 2761 1028 ἔτι
2798 974 2892 1028 τοῦ
2945 976 3214 1044 ἐσόπτρου
3252 977 3542 1050 ἐχομένην,
3576 981 3783 1034 καὶτοῦ

2215 1063 2554 1134 αἰνίγματος.
2600 1065 2710 1118 Καὶ
2752 1069 2780 1120 6
2809 1067 2968 1132 ιθεῖος
3001 1068 3310 1139 Εὐάγριοςο
3369 1071 3516 1124 Ἐκεῖ
3568 1072 3784 1140 λέγεται

2214 1155 2542 1220 καθέζεσθαι
2596 1157 2688 1210 τὸν
2741 1157 2895 1222 Θεὸν,
2950 1158 3080 1212 ἔνθα
3125 1160 3500 1228 γινώσκεται·
3559 1163 3640 1216 διὸ
3695 1167 3786 1216 καὶ

2215 1247 2401 1317 θρόνος
2445 1249 2662 1318 λέγεται
2706 1249 2800 1304 τοῦ
2841 1251 3000 1317 Θεοῦ,
3037 1252 3160 1316 νοῦς
3193 1255 3453 1324 καθαρός.
3482 1256 3556 1309 T6
3605 1258 3782 1312 τοίνυν

2213 1341 2389 1410 νόημα
2437 1342 2529 1394 τοῦ
2565 1342 2722 1408 Θεοῦ,
2755 1345 2855 1397 οὐκ
2883 1345 2942 1398 ἐν
2987 1347 3100 1409 τοῖς
3129 1349 3398 1418 νοήμασιν
3426 1350 3782 1421 εὑρεθήσεται

2211 1429 2322 1490 τοῖς
2376 1430 2605 1482 τυποῦσι
2655 1431 2747 1485 τὸν
2805 1431 2952 1496 νοῦν,
2989 1434 3105 1487 ἀλλ’
3138 1435 3198 1487 ὲν
3225 1437 3492 1508 νοήμασιν
3543 1443 3653 1504 τοῖς
3705 1442 3781 1513 μὴ

2209 1519 2463 1574 τυποῦσι.
2510 1522 2709 1592 Διόπερ
2751 1524 2846 1578 τὸν
2880 1529 3325 1598 προσευχόμενον
3355 1529 3437 1583 δεῖ
3469 1533 3780 1586 παντάπασι

2210 1608 2537 1678 χωρίζεσθαι
2572 1613 2680 1666 τῶν
2713 1617 3000 1686 νοημάτων
3025 1618 3134 1672 τῶν
3163 1621 3473 1674 τυπούντων
3496 1623 3589 1676 τὸν
3621 1623 3745 1678 νοῦν
3766 1641 3779 1654 ·

2209 1699 2302 1751 καὶ
2341 1699 2512 1764 ἄλλως
2543 1702 2640 1771 μὲν
2683 1707 3062 1776 τυπωθήσεται
3111 1711 3139 1762 6
3169 1711 3292 1774 νοῦς
3319 1712 3461 1782 όρῶν
3479 1713 3603 1767 νοῦν
3629 1731 3644 1746 ο
3683 1717 3780 1768 καὶ

2208 1789 2380 1852 ἄλλως
2407 1792 2461 1844 δὲ
2507 1792 2886 1864 διατεθήσεται
2943 1799 3087 1871 ὀρῶν
3115 1804 3207 1855 τὸν
3235 1802 3393 1871 λόγον
3421 1805 3606 1860 αὑτοῦ.
3657 1807 3777 1858 Ἐν-

527 1912 648 1962 qua:
681 1895 852 1964 ipsam
901 1897 1092 1966 ﬁguris
1135 1897 1345 1966 replent
1371 1897 1642 1968 sejungat.
1677 1897 1810 1965 Quae
1843 1909 2020 1952 autem
2055 1915 2117 1955 se

2207 1882 2394 1935 τεῦθεν
2429 1885 2770 1956 μανθάνομεν
2792 1890 2965 1960 πῶςή
2997 1893 3248 1965 γνῶσιςή
3273 1897 3618 1968 πνευματικὴ
3650 1900 3779 1966 ἀφί-

528 2001 634 2037 ncn
674 1987 817 2038 circa
845 1985 1107 2054 imagines
1135 1995 1375 2049 exercet,
1398 2003 1461 2041 ea
1493 1990 1896 2060 appropinquat
1929 1991 2056 2045 Deo.
2096 2010 2114 2043 ι

526 2078 592 2130 Et
641 2090 864 2133 sanctus
919 2078 1187 2133 Maximus
1220 2080 1275 2133 in
1335 2083 1514 2150 magni
1559 2081 1797 2154 Dionysii
1838 2083 2119 2143 Seholiis:

531 2191 549 2223 ι
589 2171 746 2224 Aliud
778 2181 858 2226 est
886 2173 1200 2240 phantasia,
1233 2181 1286 2227 et
1317 2173 1466 2228 aliud
1498 2175 1758 2242 cogitatio
1788 2187 1882 2229 aut
1913 2177 2120 2243 cegita-

527 2272 664 2318 tum.
701 2262 739 2314 Α
772 2263 1005 2316 diversis
1032 2263 1176 2316 enim
1221 2262 1574 2320 facultatibus
1605 2267 1884 2331 oriuntur,
1918 2279 1972 2320 et
2005 2284 2122 2321 mo-

526 2366 614 2409 tus
647 2355 866 2424 propria
891 2366 1084 2409 natura
1114 2355 1373 2410 diﬁ‘erunt
1397 2358 1540 2410 inter
1570 2373 1649 2412 se.
1675 2359 1948 2428 Cogitatio
1973 2364 2117 2414 enim

525 2447 775 2512 quaedam
815 2447 1053 2500 ellicacia
1081 2455 1162 2501 est
1196 2457 1249 2501 et
1276 2448 1458 2511 actio;
1502 2449 1788 2516 phantasia
1823 2467 1970 2515 vero,
2001 2467 2146 2521 pas-.

525 2540 631 2604 sio,
653 2548 706 2592 et
736 2540 936 2607 imago,
970 2539 1228 2594 sensibile
1249 2540 1521 2610 quoddam
1558 2549 1980 2609 repraesentans,
2029 2555 2124 2598 aut

526 2642 788 2697 tanquam
828 2632 1110 2686 sensibile.
1142 2631 1207 2684 Et
1249 2648 1443 2688 sensus
1482 2633 1705 2703 quidem
1743 2650 1804 2688 ea
1841 2652 1962 2704 qua:
1991 2647 2122 2692 sunt

525 2724 780 2794 percipit,
808 2740 902 2792 per
933 2726 1240 2780 universam
1269 2741 1455 2780 eorum
1481 2728 1734 2782 formam.
1759 2727 1908 2782 Mens
1937 2739 2118 2783 autem

522 2819 592 2874 iis
627 2820 872 2884 accedit,
904 2819 954 2873 id
1014 2831 1122 2886 οει,
1177 2836 1240 2876 ea
1295 2837 1415 2891 qua-
1440 2830 1567 2876 sunt
1609 2822 1716 2876 alio
1772 2823 1934 2878 modo
1970 2839 2120 2878 com-

521 2911 849 2980 prehendit,
908 2925 1086 2980 neque
1133 2923 1190 2966 ut
1233 2928 1450 2968 sensus.
1501 2913 1688 2980 Quoad
1739 2915 1883 2968 enim
1925 2930 2118 2984 corpo‘

521 3016 674 3055 reum
705 2993 799 3054 aut
833 3002 1138 3070 spirituale,
1177 3003 1322 3057 circa
1354 3005 1496 3072 quod
1526 3005 1691 3058 etiam
1725 3020 1921 3060 sensus
1966 3022 2122 3059 exer-

521 3094 628 3146 ceri
665 3104 924 3162 possunt,
965 3105 1023 3146 ut
1066 3095 1182 3146 dixi
1223 3097 1412 3162 prius,
1447 3105 1628 3149 motus
1657 3104 1742 3150 est
1778 3094 2034 3165 passivus
2066 3110 2119 3154 et

2208 1989 2365 2044 στησι
2391 1976 2481 2028 τὸν
2507 1976 2629 2029 νοῦν
2648 1977 2756 2032 τῶν
2790 1983 3080 2051 νοημάτων
3113 1984 3224 2037 τῶν
3244 1988 3561 2041 τυπούντων
3590 1992 3772 2045 αὐτόν.

2218 2064 2526 2120 ’Δτύπωτον
2575 2067 2632 2120 δὲ
2673 2070 2938 2134 ἀσκοῦσα,
2971 2075 3272 2145 παρίστησι
3321 2077 3400 2148 τῷ
3439 2079 3576 2148 Θεῷ.
3609 2083 3714 2134 Καὶ
3753 2086 3781 2136 6

2203 2156 2358 2224 ἅγιος
2390 2160 2644 2230 Μάξιμος
2687 2165 2744 2215 ὲν
2775 2167 2888 2228 τοῖς
2921 2165 3158 2236 Σχολίοις
3193 2168 3282 2220 τοῦ
3321 2171 3556 2239 μεγάλου
3591 2175 3779 2227 Διονυ-

2207 2246 2321 2300 σίου
2347 2266 2360 2280 ’
2396 2250 2624 2320 Ἐτερόν
2657 2254 2773 2305 ἐστι
2822 2256 3114 2320 φαντασία,
3147 2259 3241 2310 καὶ
3279 2259 3464 2328 ἕτερόν
3503 2265 3617 2314 ἐστι
3653 2263 3781 2332 νόη-

2207 2345 2309 2404 σις,
2340 2341 2458 2411 ήτοι
2503 2343 2704 2414 νόημα.
2770 2347 2902 2399 Ἀπό
2925 2364 2986 2399 τε
3033 2348 3142 2416 γὰρ
3175 2350 3447 2420 διαφόρων
3493 2352 3778 2422 δυνάμεων

2204 2433 2463 2498 γίνονται,
2495 2436 2586 2486 καὶ
2635 2435 2856 2506 ἰδιότητι
2907 2440 3171 2510 κινήσεως
3199 2439 3310 2512 [ῑσ.
3347 2443 3560 2508 λείπει,
3583 2431 3773 2513 διαφέ-

2207 2523 2402 2595 ρουσι].
2423 2525 2484 2576 Ἡ
2518 2527 2616 2595 μὲν
2645 2528 2752 2597 γὰρ
2769 2528 2976 2598 νόησις,
2996 2529 3249 2600 ἐνέργειὰ
3276 2535 3391 2585 ἐστι
3413 2535 3504 2586 καὶ
3522 2537 3734 2604 ποίησις
3759 2555 3774 2568 ·

2202 2620 2236 2687 ή
2261 2617 2317 2670 δὲ
2351 2619 2624 2684 φαντασία
2651 2621 2842 2684 πάθος,
2885 2622 2978 2674 καὶ
3013 2624 3256 2687 τύπωσις
3290 2627 3658 2700 ἁναγγελτικὴ
3683 2632 3768 2683 ai.

2203 2710 2401 2780 σθητοῦ
2459 2729 2625 2778 τινος,
2681 2714 2713 2785 ἢ
2764 2712 2840 2776 ὡς
2887 2713 3146 2783 αἰσθητοῦ
3207 2733 3371 2779 τινος.
3417 2720 3524 2772 Καὶ
3581 2721 3611 2789 ή
3672 2722 3774 2790 μὲν

2199 2803 2452 2874 αἴσθησις
2489 2804 2950 2874 ἀντιλαμϐάνεται
2993 2806 3102 2859 τῶν
3145 2807 3313 2860 ὄντων
3377 2811 3517 2863 κατὰ
3566 2813 3774 2882 ἀθρόαν

2203 2895 2506 2965 μόρφωσιν.
2551 2897 2610 2951 '0
2635 2897 2691 2950 δὲ
2719 2898 2841 2960 νοῦς
2868 2899 3186 2966 ἐφάπτεται,
3209 2903 3487 2956 τουτέστιν
3502 2904 3770 2973 ἀντιλαμ-

2198 2986 2420 3040 Miratur
2449 2987 2558 3040 τῶν
2595 2989 2766 3040 ὄντων
2796 2989 2967 3058 ἑτέρῳ
3009 2989 3215 3060 τρόπῳ,
3249 2993 3343 3044 καὶ
3389 2993 3488 3046 οὐκ
3514 2995 3587 3058 ὡς
3624 2997 3766 3064 ήαῖ-

2196 3081 2405 3151 σθησις.
2434 3087 2569 3156 Περὶ
2603 3086 2701 3156 μὲν
2726 3085 2818 3142 οὖν
2841 3089 2901 3141 τὸ
2932 3091 3266 3161 σωματικὸν,
3298 3095 3331 3166 ἦ
3373 3093 3434 3146 :6
3461 3111 3767 3164 πνευματιο

524 3185 807 3254 ﬁguratus.
839 3184 1115 3238 indicium
1152 3195 1332 3238 autem
1361 3194 1414 3239 et
1439 3186 1750 3240 intellectus
1785 3186 1951 3240 menti
1985 3203 2120 3240 con-

2204 3177 2307 3238 ιιὺν,
2330 3179 2387 3228 ὲν
2415 3170 2458 3244 ᾧ
2489 3179 2583 3230 καὶ
2609 3179 2708 3243 τὰς
2743 3180 3024 3251 αἰσθήσεις
3059 3180 3197 3236 εἶναι
3224 3184 3413 3257 πρώην
3447 3185 3679 3256 ἔφαμεν,
3707 3187 3770 3241 τὸ

522 3276 765 3330 cedenda
798 3285 928 3330 sunt
961 3288 1014 3330 et
1061 3277 1280 3331 animae.
1309 3277 1448 3331 lluic
1500 3277 1666 3347 igitur
1709 3279 1908 3331 mentis
1952 3279 2112 3332 intel-

2204 3269 2499 3339 παθητικὸν
2531 3273 2626 3324 καὶ
2651 3274 2995 3344 μορφωτικόν
3030 3277 3145 3328 ἐστι
3176 3275 3405 3346 κίνημα.
3456 3278 3528 3329 T6
3558 3276 3610 3330 δὲ
3642 3295 3768 3346 κρι-

523 3368 688 3421 lectui
728 3368 1045 3436 imaginatio
1080 3369 1381 3423 auferenda
1409 3378 1511 3423 est.
1542 3369 1861 3435 lmaginatio
1893 3386 2024 3425 vero
2057 3371 2108 3424 in

523 3470 636 3512 tres
675 3470 856 3535 partes
887 3459 1186 3524 dividitur;
1223 3460 1397 3529 prima
1429 3459 1649 3528 quidem
1683 3469 1770 3514 est
1799 3460 1881 3515 vis
1917 3461 2112 3529 imagi-

521 3549 686 3604 nandi
717 3565 802 3613 ea,
834 3567 953 3619 quae
972 3551 1284 3607 sensibilem
1307 3552 1534 3606 formam
1563 3553 1841 3622 praebent;
1871 3553 2110 3609 secunda

523 3655 672 3705 \ero,
737 3658 799 3695 ea
837 3642 919 3696 vis
953 3658 1075 3712 quae
1115 3658 1180 3696 ex
1247 3645 1658 3698 remanentihns
1723 3645 1966 3715 reliquiis
2027 3655 2110 3716 ty-

520 3749 648 3803 pum
672 3733 895 3804 elIingit,
921 3735 1076 3804 cujus
1103 3735 1370 3804 imagines
1396 3752 1504 3792 non
1537 3740 1602 3792 ad
1634 3738 1840 3808 aliquid
1866 3741 2111 3794 referan-

520 3839 636 3894 tur;
671 3843 794 3896 qua:
826 3829 904 3882 vis
930 3830 1148 3899 proprie
1170 3840 1254 3885 est
1279 3831 1598 3900 phantasia;
1631 3834 1788 3887 tertia
1816 3846 1994 3888 autem
2028 3846 2112 3890 est

516 3936 576 3972 ea
603 3920 680 3972 vis
710 3921 762 3973 in
789 3935 894 3988 qua
919 3922 1099 3976 omnis
1123 3924 1306 3976 lzetitia
1334 3933 1385 3977 et
1411 3925 1727 3994 imaginatio
1757 3927 1938 3996 hujus,
1964 3928 2110 3996 quod

518 4015 717 4065 Imuutn
750 4013 983 4079 videtur,
1019 4026 1110 4068 ant
1134 4014 1354 4079 tristitia
1409 4017 1570 4083 hujus
1591 4019 1735 4086 quod
1759 4019 1970 4072 videtur
1998 4033 2111 4073 ma-

517 4103 664 4164 lum,
715 4103 1102 4172 compingitur.
1146 4102 1301 4158 Nulla
1334 4106 1498 4172 igitur
1525 4147 1539 4172 ,
1572 4125 1634 4159 ex
1686 4109 1768 4161 his
1809 4123 1930 4176 qua:
1967 4109 2110 4164 dicta

513 4203 677 4257 sunt,
717 4194 1029 4260 phantasia,
1057 4195 1237 4250 locum
1269 4196 1432 4251 habet
1465 4199 1532 4253 de
1582 4199 1712 4254 Deo.
1758 4201 2110 4268 Simplicissi'

493 4299 637 4335 σιιιιιε
682 4284 826 4337 enim
883 4302 1045 4353 supra
1071 4289 1458 4357 cogitationem
1519 4299 1602 4344 est
1656 4306 1720 4344 ac
1777 4292 2109 4362 superjacet,

521 4391 537 4421 ι
580 4373 644 4425 Ει
675 4390 887 4426 rnrsntn
933 4392 1162 4445 magnus
1205 4378 1439 4434 Basilius
1471 4397 1485 4433 :
1530 4399 1547 4432 ι
1591 4381 1740 4437 Mens
1768 4398 1889 4452 qua:
1919 4387 1986 4438 ad
2019 4402 2113 4439 ex-

517 4475 669 4518 terna
713 4482 819 4519 non
861 4467 1181 4537 dissipatur,
1215 4487 1389 4541 neque
1423 4489 1518 4541 per
1562 4475 1821 4530 mundum
1855 4478 2106 4535 sensibus

2191 3364 2362 3428 στικὸν,
2404 3364 2499 3418 καὶ
2559 3365 2969 3436 ἀντιληπτικὺν,
2999 3369 3066 3438 τῇ
3113 3366 3282 3438 ψυχῇ,
3314 3370 3407 3420 καὶ
3455 3369 3533 3438 τῷ
3569 3369 3643 3440 νῷ
3679 3371 3767 3424 δο-

2193 3457 2332 3510 τέον.
2365 3455 2552 3527 Τούτῳ
2575 3453 2667 3510 οῦν
2722 3458 2800 3529 τῷ
2832 3460 2932 3526 τῆς
2961 3459 3139 3530 ψυχῆς
3175 3461 3549 3530 ἀντιληπτικῷ
3575 3465 3669 3515 καὶ
3705 3465 3767 3516 τὸ

2193 3550 2560 3617 φανταστικὸν
2622 3551 2937 3605 ἀποστεῖλαι
3005 3552 3135 3624 [τον.
3211 3555 3616 3608 ἀποδιαστεῖλαι
3654 3592 3668 3617 ,
3729 3555 3774 3622 ἢ

2195 3639 2533 3711 ὑποστείλαιῖ
2565 3641 2666 3694 δεῖ.
2703 3645 3002 3713 Διαιρεῖται
3022 3643 3078 3696 δὲ
3101 3646 3131 3714 ἡ
3159 3645 3496 3714 φανταστικὴ
3525 3647 3603 3708 εἰς
3618 3649 3771 3714 τρεῖς

2198 3733 2392 3804 μοίρας
2425 3751 2438 3766 ·
2470 3733 2692 3806 πρώτην
2719 3736 2818 3806 μὲν
2844 3738 2922 3800 είς
2948 3736 3044 3808 τὴν
3081 3738 3188 3791 τῶν
3207 3738 3543 3808 ἀντιλήψεων
3571 3739 3773 3792 εἰκονι-

2196 3828 2388 3898 στικὴν
2416 3828 2553 3898 πρὸς
2579 3828 2647 3882 τὰ
2689 3830 2947 3884 ποιοῦντα
2995 3829 3258 3901 αἰσθητὴν
3298 3831 3397 3902 τὴν
3441 3831 3726 3900 ἀντίληψιν
3761 3852 3770 3862 ’

2194 3919 2450 3991 δευτέραν
2498 3921 2574 3985 δὲ,
2630 3922 2728 3992 τὴν
2777 3924 2841 3975 ἐκ
2907 3923 3017 3977 τῶν
3073 3925 3346 3995 μενόντων
3399 3923 3770 3993 ἐγκατάλειμ-

2203 4011 2388 4080 μάτων
2431 4013 2540 4065 ἀπὸ
2572 4017 2781 4068 τούτων
2815 4016 3262 4088 ἀνατυπωτικήν,
3291 4017 3388 4090 τὴν
3423 4021 3496 4088 μὴ
3542 4017 3778 4089 ἔχουσαν

2197 4105 2596 4176 ὲρηρεισμένας
2635 4106 2727 4158 ἐπί
2748 4123 2801 4159 τι
2833 4106 2934 4172 τὰς
2965 4108 3202 4174 εἰκόνας,
3235 4110 3301 4180 ἢν
3323 4110 3418 4162 καὶ
3451 4109 3592 4172 ἰδίως
3639 4125 3775 4176 φαν-

2195 4196 2460 4267 ταστικὴν
2517 4197 2775 4252 καλοῦσιν
2810 4215 2823 4229 ·
2859 4199 3071 4270 τρίτην,
3104 4201 3166 4252 ὲν
3286 4203 3435 4254 πᾶσα
3467 4199 3646 4272 ήδονὴ,
3676 4199 3775 4253 καὶ

2199 4287 2472 4354 φαντασία
2516 4287 2801 4353 δοκοῦντος
2844 4290 3072 4358 ἀγαθοῦ,
3107 4290 3140 4361 ἢ
3189 4291 3361 4344 κακοῦ
3409 4291 3549 4344 κατὰ
3591 4292 3778 4360 λυπην

2199 4380 2535 4434 συνίσταται.
2585 4382 2824 4452 Οὐδεμία
2881 4383 3084 4446 τοίνυν,
3121 4384 3264 4438 καθὰ
3294 4385 3528 4455 εἴρηται,
3567 4399 3775 4452 φαντα-

2201 4470 2290 4523 σία
2320 4471 2503 4541 χώραν
2555 4472 2667 4542 ἔχει
2708 4474 2802 4526 ἐπὶ
2830 4473 2966 4528 Θεοῦ
2992 4492 3006 4506 ο
3033 4476 3250 4529 πάντων
3278 4477 3387 4547 γὰρ
3417 4477 3563 4541 ἅπαξ
3587 4475 3774 4540 ἁπλῶς

514 4557 854 4620 ditl‘unditnr,
891 4562 1027 4613 redit
1051 4562 1268 4630 quidem
1298 4563 1363 4617 ad
1401 4566 1672 4634 seipsam;
1725 4582 1818 4636 per
1869 4570 2104 4639 seipsam

2204 4561 2338 4633 ὑπὲρ
2374 4561 2590 4616 ἔννοιάν
2623 4565 2760 4629 ἐστι,
2787 4564 2884 4617 καὶ
2912 4566 3254 4634 ὑπέρκειται.
3288 4566 3400 4620 Καὶ
3439 4562 3592 4629 αὖθις
3618 4568 3646 4618 6
3673 4565 3776 4635 μέ-

516 4664 646 4702 vero
678 4649 742 4702 ad
774 4649 861 4703 Dei
895 4654 1282 4722 cogitationem
1325 4659 1605 4722 ascendit,
1652 4669 1814 4728 atque
1871 4661 1963 4716 illa
1989 4664 2108 4732 pul-

517 4743 825 4795 chritudine
869 4745 1161 4810 illustrata,
1191 4747 1361 4816 ipsius
1394 4761 1602 4805 natum
1636 4748 1970 4809 oblivionem
2020 4771 2110 4811 ac-

514 4834 663 4901 cipit.
692 4836 818 4888 llzec
855 4837 1020 4906 igitur
1049 4848 1102 4891 et
1133 4842 1246 4908 ίριο
1273 4857 1394 4894 cmn
1425 4845 1569 4898 scias
1595 4884 1610 4909 ,
1657 4843 1832 4902 nitere
1858 4888 1872 4913 ,
1930 4849 2109 4902 omni-

513 4924 616 4979 bus
681 4927 864 4991 itOl‘is,
923 4946 1046 4984 cum
1080 4931 1208 4998 Deo,
1266 4937 1474 5004 absque
1525 4937 1854 5005 phantasia,
1901 4941 2108 5009 absque

514 5017 686 5083 ﬁgura
705 5030 759 5073 et
776 5020 968 5086 forma,
991 5032 1134 5078 totus
1153 5034 1265 5077 tota
1294 5039 1474 5081 mente
1497 5045 1651 5097 pura,
1671 5040 1722 5083 et
1739 5031 1918 5083 anima
1948 5048 2105 5086 mun-

513 5106 582 5162 da
613 5110 924 5162 omnimodo
954 5128 1131 5166 mare.
1168 5111 1322 5168 Dicet
1347 5117 1489 5170 enim
1519 5130 1740 5172 sanctus
1775 5122 2064 5177 Maximus.

2196 4671 2298 4722 γας
2365 4655 2682 4720 Βασίλειος·
2740 4657 2882 4720 Νοῦς
2947 4659 3022 4729 μὴ
3085 4659 3511 4730 σκεδαννύμενος
3553 4660 3644 4712 ἐπὶ
3704 4659 3776 4713 τὰ

2197 4748 2323 4813 ἔξω,
2366 4748 2500 4819 μηδὲ
2554 4749 2660 4802 61:6
2707 4751 2816 4802 τῶν
2863 4750 3231 4822 αἰσθητηρίων
3285 4753 3378 4806 ἐπὶ
3428 4753 3518 4806 τὸν
3571 4752 3778 4820 κόσμον

2197 4840 2565 4911 διαχεόμενος,
2597 4843 2843 4896 ἐπάνεισι
2893 4845 2992 4912 μὲν
3038 4845 3173 4914 πρὸς
3210 4845 3402 4898 ἑαυτόν
3431 4863 3444 4876 ·
3477 4845 3543 4897 δι’
3579 4843 3774 4899 ἑαυτοῦ

2197 4932 2251 4985 δὲ
2287 4973 2301 4997 ,
2362 4935 2442 4996 εἰς
2490 4935 2588 5006 τὴν
2641 4936 2769 5005 περὶ
2838 4936 2974 4989 Θεοῦ
3025 4937 3233 4990 ἔννοιαν
3293 4937 3576 4989 ἀναϐαίνει
3607 4953 3622 4968 ο
3673 4937 3777 4987 κὰρ

2198 5027 2361 5096 κείνῳ
2399 5026 2476 5098 τῷ
2521 5027 2707 5080 κάλλει
2769 5028 3274 5100 περιλαμπόμενος,
3313 5031 3407 5082 καὶ
3465 5029 3636 5098 αὐτῆς
3673 5029 3778 5095 τῆς

2197 5118 2414 5187 φύσεως
2479 5120 2649 5191 λήθην
2701 5119 2990 5190 λαμϐάνει.
3053 5121 3239 5176 Ταῦτα
3294 5121 3622 5193 τοιγαροῦν,
3679 5119 3774 5172 καῖ

516 5201 674 5260 αύτζς
707 5196 890 5260 εἰδὼς,
929 5199 1151 5265 ἐπείγου
1187 5200 1318 5251 ὅσαι
1351 5195 1513 5268 ὧραι,
1556 5200 1655 5254 σὺν
1679 5203 1800 5272 Θεῷ
1831 5205 2224 5273 άφαντάστως,
2265 5210 2715 5278 ἀσχηματίστως,
2752 5212 3167 5278 ἀδιατυπώτως,
3217 5215 3334 5276 ὅλος
3365 5215 3471 5285 ὅλῳ
3499 5215 3580 5269 νοῒ
3604 5217 3777 5270 καθα-

513 5295 612 5366 ρῷ,
648 5296 742 5357 καὶ
771 5293 916 5364 ψυχῇ
945 5293 1167 5363 καθαρᾷ
1208 5292 1479 5362 εὔχεσθαι
1510 5294 1823 5365 ὀλοτρόπως
1853 5313 1866 5329 ⁸
1897 5299 2046 5367 λέγει
2075 5305 2168 5357 καὶ
2203 5302 2312 5371 γάρ
2342 5303 2368 5354 ό
2401 5304 2558 5370 ἅγιος
2587 5303 2859 5374 Μάξιμος.

630 5525 702 5579 De
737 5536 923 5590 mente,
961 5524 1139 5576 anima
1172 5533 1220 5575 et
1253 5520 1407 5575 corde
1440 5521 1585 5590 puris
1625 5535 1686 5573 ac
1717 5520 1984 5589 perfectis.

592 5729 681 5779 (ἐϋ.
725 5727 872 5787 .‘dcns
910 5741 1041 5794 pura
1085 5736 1168 5776 est
1204 5738 1266 5776 ca
1297 5737 1418 5790 quae
1466 5738 1534 5775 an
1559 5720 1866 5792 ignorantia
1895 5731 2103 5776 remota

521 5832 597 5868 (Esi
629 5838 690 5874 ac
722 5819 905 5872 divino
936 5817 1145 5872 lumine
1186 5817 1514 5871 illustratur.

2903 5515 3002 5571 καὶ
3055 5515 3307 5585 καρδίας
3364 5509 3635 5580 καθαρῶν
3679 5508 3791 5562 καὶ

2206 5521 2346 5590 Περὶ
2393 5519 2550 5590 νοὸς,
2585 5518 2797 5590 ψυχῆς
2903 5518 3027 5603 καὶ⁹

2869 5591 3134 5642 τελείων.

2281 5707 2533 5776 ξς’.Περὶ
2573 5706 2714 5773 νοὸς
2753 5701 3253 5774 καθαροῦ.-Νοῦς
3285 5699 3524 5770 καθαρός
3575 5696 3720 5749 ἐστιν
3761 5694 3796 5746 6

2209 5805 2430 5870 ἀγνοίας
2465 5800 2777 5872 χωρισθεὶς,
2815 5799 2909 5852 καὶ
2942 5796 3048 5852 ὑπὸ
3079 5795 3173 5849 τοῦ
3214 5793 3358 5848 θείου
3394 5791 3569 5862 φωτὸς
3616 5803 3795 5844 κατα-

2208 5895 2579 5967 λαμπόμενος.
