4058 6464
335 403 438 468 7‘9

1542 410 1923 473 OPUSCULA
1968 409 2316 468 ASCETICA

3467 403 3573 467 70

404 518 543 585 Περὶ
575 521 779 589 ψυχῆς
810 523 1092 594 καθαρᾶς.
1127 558 1194 566 -
1218 528 1376 598 Ψυχὴ
1405 529 1620 600 καθαρά
1646 534 1815 598 ἐστιν,
1864 518 1884 584 'i

2065 520 2138 574 De
2167 521 2344 573 anima
2370 536 2526 588 pura.
2558 545 2626 560 —-
2654 517 2845 572 Anima
2876 532 3008 587 pura
3038 525 3119 572 est
3148 532 3268 586 qua:
3301 532 3329 570 a
3364 518 3572 588 cupidi-

334 610 521 663 παθῶν
558 612 1002 683 ὲλεμθερωθεῖσα,
1036 618 1130 669 κα)⁸
1173 618 1278 671 ὑπὸ
1335 622 1433 689 τῆς
1476 621 1624 682 θείας
1681 625 1901 692 ἀγάπης

331 704 690 768 ἀδιαλείπτως
723 707 1144 779 εῦιρραινομένη.

402 797 538 864 Περὶ
566 798 814 865 καρδίας
845 800 1123 866 καθαρᾶς.
1148 831 1213 841 -—-
1233 804 1454 874 -Καρδία
1484 805 1698 876 καθαρά
1729 810 1897 875 ἐστιν,

331 891 363 958 ἡ
399 889 748 942 παντάπασιν
807 890 1046 950 ,ἀνείδεον
1079 893 1156 961 τῷ
1185 893 1324 964 Θεῷ,
1358 897 1446 948 καὶ
1482 896 1899 967 ἁδιαμόρφωτον

329 983 729 1051 παραστήσασα
755 983 851 1052 τὴν
893 986 1115 1055 μνήμην
1144 1002 1157 1016 ⁶
1192 987 1287 1043 καὶ
1337 987 1522 1055 μόνοις
1579 990 1693 1052 τοῖς
1733 991 1897 1043 αὑτοῦ

328 1075 544 1143 ἕτοιμον
568 1130 570 1133 ,
593 1075 972 1147 ἐνσημαθῆναι
1003 1079 1211 1142 τύποις,
1253 1078 1322 1132 δι’
1347 1073 1422 1133 ὧν
1460 1080 1709 1149 ἐμφανὴς
1755 1083 1897 1150 γίνε-

329 1166 451 1219 σθαι
493 1166 726 1236 πέφυκε.
782 1168 1004 1232 Τούτοις
1043 1169 1364 1238 ἑπομένως,
1422 1173 1517 1223 καὶ
1561 1170 1686 1225 τάδε
1727 1190 1899 1243 προσ-

326 1259 548 1312 κείσθω.

393 1352 535 1419 Περὶ
575 1353 805 1406 τελείου
834 1353 994 1418 νοός.
1032 1384 1100 1393 -
1133 1355 1276 1417 Νοῦς
1316 1357 1430 1407 ἐστι
1470 1356 1754 1420 τέλειος,ό
1806 1358 1895 1412 διὰ

325 1442 560 1506 πίστεως
609 1443 842 1513 ἀληθοῦς
885 1444 976 1498 τὸν
1024 1445 1449 1515 ὑπεράγνωστον
1497 1447 1774 1514 ἐγνωκὼς,
1803 1451 1896 1502 καὶ

322 1535 430 1586 τῶν
460 1535 624 1588 αὐτοῦ
679 1536 1182 1606 δημιουργημάτων
1229 1537 1339 1609 [ἷσ.
1373 1540 1440 1598 τὰ
1465 1539 1729 1613 καθόλου]
1766 1541 1894 1595 θεα-

325 1628 556 1693 σάμενος
583 1642 597 1656 ·
628 1628 720 1679 καὶ
750 1627 848 1696 τῆς
894 1630 952 1680 ὲν
987 1629 1170 1691 αὐτοῖς
1210 1629 1470 1699 προνοίας
1520 1633 1614 1684 καὶ
1655 1634 1890 1700 κρίσεως

322 1717 419 1787 τὴν
471 1717 872 1790 περιληπτικὴν
899 1719 1102 1787 γνῶσιν
1129 1720 1287 1788 παρὰ
1329 1721 1468 1775 Θεοῦ
1505 1723 1742 1792 εἰληφώς
1769 1743 1783 1756 -
1802 1724 1893 1787 ,ὡς

322 1807 602 1877 ἄνθρωπος
633 1807 690 1859 δέ
723 1826 886 1878 φημι.

1988 614 2191 666 tatibus
2238 612 2406 665 libera
2435 621 2553 674 est,
2592 620 2646 664 et
2671 609 2853 664 divina
2889 611 3159 665 cbaritate
3195 610 3571 667 iudeSinenter

1987 704 2221 758 laetatur.

2057 797 2133 858 De
2163 799 2318 852 corde
2343 815 2496 865 puro.
2524 827 2592 838 —-
2616 798 2726 853 Cor
2760 809 2955 866 purum
2979 803 3066 850 est
3089 795 3232 865 quod
3255 793 3378 850 .Deo
3433 809 3569 864 prae-

1990 899 2102 946 stat
2130 893 2453 947 memoriam
2485 892 2604 946 sine
2632 891 2900 978 forma-ac
2933 890 3101 958 figura
3123 908 3136 954 ;
3162 898 3217 944 et
3242 889 3386 959 quod
3415 905 3569 957 para-

1975 971 2104 1057 Ilum
2155 995 2238 1040 est
2264 985 2398 1044 solis
2428 984 2598 1053 ipsius
2650 983 2790 1054 typis
2808 971 3132 1046 informari,
3165 997 3259 1049 per
3307 996 3443 1051 quos
3485 996 3574 1036 se-

1988 1078 2167 1145 ipsum
2199 1077 2553 1132 manifestare
2585 1076 2744 1131 solet.
2789 1073 2886 1130 llis
2915 1082 3337 1143 consequenter,
3367 1081 3420 1128 et
3449 1087 3570 1141 quae

1988 1159 2214 1225 dicenda
2245 1181 2392 1236 sunt,
2429 1185 2486 1225 se
2521 1168 2774 1224 habeant.

2059 1351 2136 1406 De
2166 1349 2336 1405 mente
2369 1352 2628 1421 perfecta.
2657 1379 2727 1390 —-
2757 1349 2909 1404 Mens
2942 1347 3182 1416 perfecta
3209 1355 3292 1402 est
3311 1361 3445 1418 quae
3477 1361 3573 1416 per

1990 1460 2171 1500 veram
2229 1445 2387 1499 tidem
2443 1459 2568 1498 eum
2627 1444 2826 1508 noscit,
2872 1443 2963 1512 qui
3021 1439 3298 1511 penetrari
3359 1439 3570 1508 nequit.

1987 1540 2218 1608 ejusque
2259 1552 2422 1607 opera
2456 1537 2820 1604 contemplata
2860 1546 2980 1601 est;
3012 1546 3068 1592 et
3113 1550 3236 1604 quae
3266 1534 3572 1589 Providen-

1991 1631 2078 1685 tiae
2111 1640 2166 1684 et
2185 1630 2400 1699 judicii,
2436 1645 2558 1699 quae
2586 1631 2638 1683 in
2681 1629 2748 1684 iis
2782 1639 2931 1692 sunt,
2965 1628 3361 1699 intelligentem
3394 1627 3571 1681 scicn-

1990 1725 2121 1780 tiam
2155 1739 2186 1778 a
2211 1723 2322 1779 Deo
2358 1723 2587 1794 accepit,
2619 1733 2888 1792 quantum
2925 1721 3138 1777 homini
3173 1721 3437 1792 possibile
3463 1731 3566 1776 cst.

392 1901 529 1968 Περὶ
566 1899 773 1968 ψυχῆς
806 1901 1058 1967 τελείας.
1094 1932 1163 1942 --
1191 1903 1348 1973 Ψυχή
1377 1905 1490 1956 ἐστι
1521 1905 1722 1970 τελεία,
1757 1901 1824 1976 ἦς
1858 1909 1884 1977 ἠ

2058 1907 2133 1961 De
2164 1907 2346 1962 anima
2377 1905 2631 1976 perfecta.
2660 1935 2730 1946 --
2758 1904 2954 1958 Anima
2985 1912 3070 1960 est
3103 1904 3368 1973 perfecta,
3389 1903 3552 1973 cujus

323 1991 600 2062 παθητικὴ
625 1992 852 2061 δύναμις
887 1995 1136 2057 νένευκεν
1165 1995 1426 2058 όλοτελῶς
1469 1997 1603 2066 πρὸς
1631 1996 1781 2050 Θεόν.

398 2087 537 2153 Περὶ
615 2086 860 2154 καρδίας
917 2088 1172 2152 τελείας.
1241 2087 1456 2156 Καρδία
1518 2088 1698 2142 τελεία
1739 2090 1891 2158 ,τάχα

323 2178 501 2248 ἐκείνη
554 2177 855 2245 legeretur]
924 2176 1197 2247 μηδεμίαν
1231 2177 1443 2246 ἔχουσα
1490 2180 1726 2248 φυσικὴν
1767 2180 1892 2235 καθ’

323 2270 627 2340 οἱονδήποτε
658 2269 857 2338 τρόπον
905 2270 1040 2339 πρὸς
1083 2269 1261 2323 ὁτιοῦν
1294 2271 1527 2338 κίνησιν,
1560 2272 1617 2323 ὲν
1719 2274 1891 2329 καθά-

323 2380 430 2432 περ
460 2362 666 2433 πτυχίῳ
711 2362 1008 2416 λειανθέντι
1045 2361 1225 2425 καλῶς
1257 2363 1344 2416 διὰ
1387 2363 1484 2434 τὴν
1511 2366 1688 2433 ἄκραν
1722 2366 1891 2419 ἁπλό-

321 2473 457 2525 τητα
484 2493 498 2516 ,
565 2456 1007 2524 παραγενόμενος
1051 2457 1079 2508 ὁ
1117 2454 1252 2518 Θεὸς
1298 2456 1425 2520 τοὺς
1481 2456 1644 2520 ἰδίους
1691 2459 1890 2528 νόμους

319 2547 604 2617 ἐγγράφεμ

388 2639 526 2706 Περὶ
558 2638 668 2692 νοῦ
701 2637 983 2705 καθαροῦ.
1023 2665 1092 2677 --
1126 2639 1245 2692 Ἔτι
1271 2640 1395 2693 νοῦν
1422 2639 1718 2711 καθαρίσαι
1749 2642 1888 2696 κατά

315 2729 405 2782 τὸν
434 2731 587 2798 ἅγιον
615 2731 886 2799 Διάδοχον,
919 2733 1078 2799 μόνου
1105 2729 1196 2784 τοῦ
1215 2730 1371 2798 ἁγίου
1388 2732 1702 2802 Πνεύματός
1733 2735 1850 2787 ἐστι
1871 2751 1886 2765 ·

252 2874 258 2880 .
318 2826 440 2878 Ἔτι
461 2824 585 2878 νοῦν
613 2823 827 2886 στῦναι,
856 2823 998 2876 κατὰ
1023 2825 1114 2877 τὸν
1139 2823 1239 2894 τῆς
1255 2824 1560 2894 Κλίμακος,
1595 2827 1762 2897 μόνου
1795 2827 1887 2881 τοῦ

321 2927 474 2995 ἁγίου
509 2927 826 2998 Πνεύματός
867 2931 1038 3003 ἐστιν.
1065 2929 1188 2983 Ἔτι
1216 2930 1380 3000 φησὶν
1401 2932 1430 2984 ό
1475 2932 1632 2999 ἅγιος
1653 2931 1842 2994 Νεῖλος
1860 2946 1879 2965 ο

318 3023 383 3074 Fl'
409 3038 488 3084 τις
531 3021 768 3089 βούλοιτο
813 3021 943 3074 ἰδεῖν
969 3023 1068 3091 τὴν
1097 3020 1190 3075 τοῦ
1225 3022 1315 3075 νοῦ
1364 3022 1717 3088 κατάστασιν,
1761 3040 1882 3076 στε-

319 3097 537 3180 ρησάτω
564 3111 756 3162 ἑαυτὸν
783 3110 998 3164 πάντων
1023 3110 1131 3164 τῶν
1155 3112 1458 3182 νοημάτων,
1491 3112 1584 3165 καὶ
1609 3112 1729 3165 τότε
1760 3111 1886 3182 ὅψε-

281 3258 288 3264 .
314 3219 404 3255 ται
430 3201 591 3300 uti-131v
610 3202 895 3300 σαπφείρῳ
927 3202 967 3300 ἢ.
995 3201 1231 3300 οὐρανίῳ
1256 3202 1504 3300 χρώματι
1527 3205 1883 3276 παρεμφερῆ.
1905 3236 1954 3300 c

317 3296 426 3348 Καὶ
449 3294 602 3357 αὖθις
627 3311 642 3324 ·
676 3293 787 3348 Νοῦ
835 3294 1169 3357 κατάστασίς
1217 3297 1386 3361 ἐστίν,
1418 3294 1552 3364 ὕψος
1577 3296 1765 3366 νοητὸν
1792 3296 1885 3348 οὐ·

318 3387 488 3456 ρανίῳ
544 3385 793 3458 χρώματι
853 3386 1242 3456 παρεμφερές·
1279 3379 1322 3452 ᾧ
1365 3386 1462 3438 καὶ
1513 3386 1575 3438 τὸ
1611 3387 1882 3455 τῆςὰγίας

315 3479 543 3547 Τριάδος
610 3476 751 3530 κατὰ
808 3477 898 3530 τὸν
958 3478 1148 3548 καιρὸν
1216 3478 1316 3546 τῆς
1397 3480 1702 3548 προσευχῆς
1757 3480 1880 3530 ὲπιν

280 3606 281 3609 η
313 3571 522 3638 γίνεται
568 3570 704 3639 φῶς.
738 3569 850 3624 Καὶ
895 3570 924 3622 ὁ
998 3570 1152 3636 ἅγιος
1187 3569 1374 3624 Ἰσαάκ
1403 3586 1418 3601 ·
1477 3571 1644 3623 Ὅταν
1675 3570 1705 3622 ό
1756 3570 1880 3633 νοῦς

312 3659 610 3731 ἁποδύηται
660 3661 750 3714 τὸν
777 3659 1004 3714 παλαιὸν
1059 3659 1366 3731 ἄνθρωπον,
1391 3661 1484 3714 καὶ
1511 3659 1763 3729 ὲνδύηται
1787 3661 1879 3714 τὸν

313 3753 498 3806 καινὸν
545 3753 643 3822 τῆς
699 3753 942 3824 χάριτος,
991 3755 1114 3807 τότε
1158 3755 1255 3822 τὴν
1295 3754 1488 3808 ἑαυτοῦ
1533 3753 1880 3824 καθαρότητα

311 3846 499 3915 ὄψεται
522 3847 714 3916 ὁμοίαν
741 3849 806 3915 τῇ
830 3849 1137 3918 ἐπουρανίῳ
1162 3850 1326 3920 χροιᾷ
1346 3865 1359 3878 ·
1397 3849 1518 3920 ἥτις
1549 3850 1684 3903 Θεοῦ
1715 3849 1880 3913 τόπος

311 3937 416 3991 ὑπὸ
456 3939 554 4007 τῆς
592 3939 880 4007 γερουσίας
933 3938 1041 3992 τῶν
1087 3941 1220 3992 υἱῶν
1273 3939 1493 4010 Ἰσραὴλ
1539 3939 1876 4010 ὠνόμασται,

311 4029 472 4097 ἡνίκα
497 4026 649 4099 ὤφθη
667 4030 849 4090 αὐτοῖς
877 4031 934 4081 ἐν
953 4031 1028 4099 τῷ
1050 4029 1188 4100 liget.
1209 4028 1368 4083 Οὕτω
1395 4031 1490 4084 καὶ
1519 4030 1652 4098 γοῦν
1677 4031 1872 4098 ποιῶν,

308 4120 382 4180 ὡς
435 4119 799 4188 προείρηται,
862 4120 980 4190 ἢτοι
1037 4119 1315 4189 καθαρῶς,
1367 4121 1462 4174 καὶ
1494 4120 1876 4189 ἀφαντάστως,

308 4212 403 4265 καὶ
468 4210 856 4274 ἀδιατυπώτως
905 4213 1360 4282 προσευχόμενος,
1410 4211 1532 4265 κατ’
1585 4213 1730 4282 ῐχνος
1779 4213 1875 4284 ἔσῃ

309 4302 570 4371 ἑπόμενος
602 4305 713 4365 τοῖς
748 4303 944 4371 ἁγίοις.
979 4305 1042 4356 Εἰ
1097 4304 1158 4356 δὲ
1213 4306 1290 4375 μή
1350 4321 1439 4372 γε,
1473 4306 1876 4375 φαντασιαστὴς

305 4395 514 4466 γενήσῃ
548 4393 668 4445 ἀντὶ
690 4394 995 4464 ήσυχαστοῦ
1017 4411 1032 4426 ο
1064 4396 1159 4448 καὶ
1193 4395 1315 4448 ἀντὶ
1349 4397 1624 4466 σταφυλῆς
1667 4397 1876 4466 τρυγή-

308 4501 408 4556 σῃς
444 4484 683 4546 ἀκάνθας
708 4502 723 4516 ο
755 4485 784 4537 ὃ
817 4485 890 4555 μή
947 4502 1030 4538 σοι
1062 4487 1295 4553 γένοιτο.

556 4575 756 4640 Ὅπως
791 4578 849 4628 οι
871 4575 1168 4644 προφῆται
1209 4575 1628 4645 ἐφαντάζοντο.

377 4665 474 4730 ξζ’.
500 4668 560 4720 El
590 4667 647 4719 δέ
663 4683 803 4729 τινες
820 4667 918 4730 τὰς
935 4667 1044 4720 τῶν
1074 4669 1371 4739 προφητῶν
1399 4672 1636 4738 ὁράσεις,
1662 4687 1876 4740 σχημα-

302 4758 530 4828 τισμούς
553 4776 613 4812 τε
650 4762 742 4813 καὶ
781 4759 1172 4830 ἀποκαλύψεις,
1196 4761 1284 4815 διὰ
1298 4762 1617 4832 φαντασίας,
1637 4763 1733 4816 καὶ
1747 4765 1878 4816 ἁκο-

301 4851 520 4913 λουθίας
543 4852 777 4921 φυσικῆς
823 4853 1150 4923 γεγενῆσθαι
1193 4853 1222 4906 ὑ
1237 4855 1668 4923 πολαμϐἀνουσιν
1691 4873 1704 4886 ·
1731 4851 1875 4910 οὗτοι

301 4945 497 5013 mppx»
520 4943 612 4997 τοῦ
641 4943 802 5014 ὀρθοῦ
836 4945 1040 5000 σκοποῦ
1084 4947 1180 5000 καὶ
1209 4947 1307 5016 τῆς
1330 4947 1589 5017 ἀληθείας
1637 4949 1874 5003 ἴστωσαν

302 5035 566 5104 φέρεσθαι
599 5052 610 5065 ·
641 5036 692 5088 οἱ
735 5035 844 5106 γὰρ
874 5037 1174 5106 προφῆται,
1207 5025 1300 5092 καὶ
1346 5039 1441 5092 νῦν
1470 5041 1520 5092 οἱ
1556 5040 1677 5093 καθ’
1726 5043 1874 5112 ἡμᾶς

301 5128 647 5197 ίερομῦσται,
673 5129 733 5181 οὐ
768 5129 910 5182 κατὰ
955 5129 1192 5202 φυσικὴν
1226 5131 1550 5184 ἀκολουθίαν
1601 5132 1746 5197 τινὰ,
1781 5134 1875 5187 καὶ

298 5219 477 5284 τάξιν,
509 5220 597 5271 ναὶ
635 5219 740 5290 μὴν
792 5221 884 5273 καὶ
929 5223 1234 5288 φαντασίαν
1265 5221 1473 5292 ἐώρων,
1504 5224 1599 5277 καὶ
1641 5225 1876 5292 ἐφαντά-

299 5312 491 5378 ζοντο,
522 5314 662 5382 ἆπερ
706 5312 914 5391 ἑώρων,
949 5317 1043 5367 καὶ
1087 5315 1468 5383 ἐφαντάζοντο,
1503 5316 1666 5369 ἀλλὰ·
1692 5316 1872 5381 θείως,

294 5403 399 5459 καὶ
433 5405 571 5474 ὑπὲρ
601 5405 762 5474 φύσιν
791 5405 883 5459 τὸν
933 5406 1057 5461 νοῦν
1108 5411 1174 5479 τῇ
1204 5410 1430 5480 ἄρῤήτῳ
1488 5409 1738 5479 δυνάμει,
1779 5412 1875 5464 καὶ

292 5496 486 5568 χάριτι
521 5497 613 5550 τοῦ
661 5497 818 5566 ἁγίου
855 5499 1170 5569 Πνεύματος
1210 5501 1565 5571 τυπούμενοι,
1599 5505 1695 5555 καὶ
1735 5521 1873 5572 φαν-

286 5587 688 5658 τασιούμενοι,
741 5588 816 5668 ὦες
867 5607 1030 5660 φησιν
1091 5593 1119 5644 ό
1180 5593 1354 5662 μέγας
1409 5593 1688 5656 Βασίλειος
1723 5632 1739 5657 ,
1791 5595 1874 5646 ὅτι

307 5681 529 5751 Ἀφάτῳ
585 5683 689 5736 τινὶ
733 5683 960 5752 δυνάμει
1011 5685 1466 5754 φαντασιούμενοι
1517 5686 1607 5739 τὸν
1654 5686 1778 5740 νοῦν
1823 5689 1872 5740 οί

278 5773 706 5842 ἀπερίσπαστον
743 5775 902 5828 αὑτὸν
929 5776 1022 5843 καὶ
1050 5775 1288 5847 καθαρὸν
1327 5776 1562 5846 ἔχοντες,
1605 5778 1765 5830 οἱονεὶ
1788 5782 1873 5830 ἐν·-

275 5860 537 5932 ηχοῦντα
589 5865 775 5928 αὐτοῖς
821 5863 1004 5935 ἔχουσι
1058 5863 1151 5918 τὸν
1206 5863 1363 5932 λόγον
1422 5863 1517 5918 τοῦ
1571 5863 1726 5918 Θεοῦ.
1764 5865 1871 5918 Καὶ

1981 2001 2194 2070 passiva
2237 2000 2476 2070 petentia
2507 1997 2795 2053 inclinavit
2830 2011 3058 2068 prorsus
3096 1995 3162 2051 ad
3204 1996 3397 2054 Deum.

2045 2092 2124 2147 De
2152 2092 2309 2146 corde
2339 2091 2594 2161 perfecto.
2619 2119 2691 2130 ——
2711 2090 2815 2144 Cor
2843 2089 3145 2159 perlectum
3176 2089 3307 2144 illud
3333 2090 3558 2156 dicitur,

1982 2184 2128 2252 quod
2178 2183 2390 2238 nullum
2439 2182 2744 2238 naturalem
2782 2195 3006 2251 quoquo
3041 2181 3227 2248 modo,
3270 2182 3338 2237 ad
3381 2184 3559 2252 quod-

1980 2293 2197 2347 cunque
2225 2285 2430 2331 motum
2472 2277 2669 2341 habet,
2709 2276 2765 2342 in
2796 2291 2940 2345 quo,
2977 2287 3236 2344 tanquam
3286 2275 3340 2329 in
3386 2275 3555 2344 polito
3603 2299 3607 2304 ν

1982 2372 2181 2436 libello,
2208 2385 2302 2440 per
2327 2385 2482 2425 suam
2511 2383 2782 2425 summam
2804 2367 3238 2438 simplicitatem,
3265 2366 3408 2422 Deus
3429 2381 3559 2422 Suas

1981 2463 2128 2534 leges
2154 2462 2455 2534 inscripsit.

2054 2649 2128 2704 De
2166 2658 2335 2704 mente
2371 2665 2528 2718 pura.
2565 2679 2634 2690 —-
2681 2648 2918 2704 Mentem
2957 2649 3223 2703 mundare
3256 2645 3561 2706 secundum

1980 2752 2230 2798 sanctutn
2279 2741 2638 2808 Diadochum,
2685 2742 2860 2797 solius
2916 2741 3092 2796 sancti
3135 2739 3384 2811 Spiritus
3437 2748 3558 2794 est:

1981 2845 2218 2892 mentem
2261 2834 2708 2898 autemsistere,
2759 2833 3064 2890 secundum
3111 2832 3430 2896 Climacem,
3473 2847 3566 2886 so-

1981 2929 2084 2984 lius
2124 2927 2504 2983 adhucsancti
2556 2927 2793 2996 Spiritus
2853 2935 2958 2990 est.
3025 2924 3167 2979 Dicit
3207 2923 3390 2978 adhuc
3431 2938 3564 2977 san-

1982 3032 2103 3076 ctus
2125 3020 2320 3076 Nilus:
2361 3038 2380 3072 (
2407 3018 2463 3076 Si
2488 3021 2615 3090 quis
2653 3019 2783 3072 velit
2809 3017 3010 3074 mentis
3045 3016 3448 3072 ordinationem
3483 3015 3562 3068 vi-

1982 3117 2131 3183 dere,
2172 3115 2415 3184 seipsqu
2453 3113 2710 3168 omnibus
2736 3109 3168 3181 cogitationibus
3200 3107 3561 3171 vacuefaciat,

1982 3215 2036 3263 et
2063 3217 2193 3262 tunc
2223 3219 2346 3260 eam
2387 3212 2599 3270 cernet,
2638 3214 2897 3273 tanquam
2936 3201 3201 3270 sapphiro
3232 3209 3324 3256 aut
3352 3199 3567 3256 ἀκειρειί

1984 3297 2157 3354 colori
2209 3297 2465 3354 similem.
2501 3315 2519 3348 ι
2561 3295 2625 3350 Et
2655 3309 2877 3356 rursum
2919 3311 2936 3351 ;
2974 3309 2993 3344 ι
3042 3290 3242 3348 Mentis
3290 3291 3569 3347 ordinatio

1982 3397 2086 3453 est,
2115 3386 2497 3442 intellectualis
2539 3385 2808 3440 celsitudo
2839 3383 3050 3441 caelesti
3098 3383 3271 3438 colori
3313 3381 3509 3437 similis
3545 3397 3564 3436 :

1982 3481 2069 3535 cui
2106 3471 2487 3536 sanctissimae
2515 3478 2824 3545 Trinitatis,
2869 3477 3134 3533 orationis
3182 3485 3447 3546 tempore,
3482 3489 3576 3530 su-

1981 3570 2231 3640 pervenit
2255 3570 2494 3624 lumen.»
2526 3568 2594 3623 Et
2620 3575 2847 3622 sanctus
2882 3567 3032 3622 Isaac
3059 3582 3074 3622 :
3100 3582 3120 3616 ι
3153 3564 3386 3631 Quando
3413 3579 3569 3620 mens

1979 3663 2196 3718 exuerit
2223 3670 2461 3717 veterem
2496 3661 2796 3723 hominem,
2831 3670 2885 3714 et
2911 3674 3114 3714 novum
3153 3658 3343 3728 gratiae
3376 3657 3571 3710 induc-

1979 3756 2071 3820 rit,
2105 3763 2238 3808 tunc
2273 3767 2428 3809 suam
2454 3752 2751 3820 puritatom
2797 3760 2988 3807 cernet
3024 3750 3242 3806 caelesti
3283 3748 3456 3805 colori
3494 3748 3572 3803 si-

1978 3847 2196 3910 milem;
2226 3847 2318 3916 qui
2368 3844 2463 3900 Dei
2497 3845 2652 3900 locus
2683 3845 3003 3898 nominatus
3036 3861 3064 3896 a
3096 3852 3291 3897 senatu
3323 3841 3565 3904 liliouun

1978 3939 2142 3995 Israel
2171 3979 2188 4003 ,
2225 3939 2442 4008 quando
2484 3937 2620 4005 ipsis
2651 3935 2707 3993 in
2745 3944 2926 3990 monte
2965 3935 3238 4005 apparuit.
3282 3933 3356 3987 Ita
3395 3934 3564 4002 igitur

1979 4035 2209 4098 faciens,
2261 4043 2322 4087 ut
2368 4032 2576 4086 dictum
2622 4037 2746 4094 est,
2808 4043 3004 4098 nempe
3062 4042 3196 4097 pure
3245 4035 3300 4081 et
3353 4028 3563 4093 absque

1976 4126 2266 4198 phantasia
2304 4133 2357 4180 et
2391 4124 2566 4192 ﬁgura
2599 4137 2766 4177 orans
2789 4162 2803 4188 ,
2837 4121 3083 4192 vestigiis
3115 4131 3438 4176 sanctorum
3471 4120 3555 4173 in-

1976 4221 2231 4277 haerebis.
2265 4219 2562 4289 Si_minus,
2583 4233 2682 4288 pro
2707 4216 2954 4288 paciﬁco,
2977 4216 3369 4285 imaginatione
3397 4215 3558 4269 delu-

1975 4331 2068 4371 Sus
2124 4313 2222 4368 lies
2245 4353 2260 4379 ,
2294 4323 2348 4368 et
2381 4327 2480 4382 pro
2508 4313 2629 4367 uvis
2659 4310 2886 4380 colliges
2921 4311 3129 4380 spinas.
3158 4309 3313 4374 Quod
3350 4308 3562 4362 utinam

1974 4415 2068 4469 tibi
2100 4428 2208 4465 non
2241 4409 2486 4464 accidat!

2220 4592 2498 4659 Quomodo
2536 4591 2803 4663 prop/reue
2847 4590 3306 4661 imaqinabantur.

2044 4695 2139 4751 67.
2177 4691 2236 4748 Si
2293 4688 2517 4760 quidam
2546 4687 2932 4757 prophetarum
2985 4682 3244 4745 visiones,
3273 4679 3560 4750 ﬁguratio-

1975 4803 2072 4843 nes
2129 4795 2181 4840 et
2239 4780 2596 4838 revelationes
2643 4793 2738 4847 per
2781 4773 3127 4845 phantasiam
3161 4782 3215 4827 et
3242 4772 3551 4826 naturalem

1973 4877 2424 4948 consequentiam
2473 4873 2644 4927 factas
2668 4885 2792 4925 esse
2821 4869 3203 4936 coenaverint,
3275 4867 3309 4919 ii
3344 4867 3499 4934 longe
3526 4884 3554 4919 a

1975 4979 2128 5028 recto
2159 4971 2263 5024 line
2292 4977 2345 5022 et
2378 4966 2605 5020 veritate
2632 4964 2810 5017 sciant
2841 4976 2901 5015 se
2928 4961 3242 5013 aberrasse.
3270 4957 3552 5027 Propheta:

1974 5065 2146 5127 enim,
2178 5071 2232 5116 et
2283 5075 2428 5114 nunc
2451 5056 2622 5112 nostri
2661 5056 2871 5126 mysticn
2939 5051 3262 5120 scriptores,
3298 5068 3404 5105 non
3459 5069 3555 5121 per

1976 5155 2280 5210 naturalem
2347 5151 2724 5220 operationem
2785 5149 3108 5213 quamdam,
3170 5155 3223 5198 et
3278 5146 3554 5210 ordinem,

1973 5259 2028 5303 et
2060 5244 2423 5318 phantasiam,
2449 5242 2706 5295 videbant
2737 5249 2790 5293 et
2829 5237 3270 5307 imaginabuntur
3296 5253 3559 5306 quaacun~

1975 5333 2081 5406 que
2103 5336 2360 5390 videbant
2384 5348 2446 5387 ac
2471 5331 2934 5401 imaginabantur,
2959 5328 3052 5382 sed
3076 5327 3261 5382 divine
3281 5338 3335 5381 et
3365 5343 3562 5396 super—

1978 5427 2211 5482 naturali
2254 5423 2628 5490 ineﬂabllique
2654 5421 2876 5484 virtute,
2911 5428 2965 5474 et
2997 5421 3174 5488 gratia
3206 5421 3407 5476 sancti.
3428 5419 3550 5489 Spi-

1976 5520 2450 5589 ritus,ligurantes
2481 5517 2970 5586 iinaginantesque,
2999 5523 3060 5566 ut
3088 5513 3164 5566 ait
3187 5529 3418 5582 magnus
3448 5515 3552 5568 Ba-

1977 5610 2172 5666 silius:
2237 5632 2255 5659 ι
2291 5608 2547 5662 ΙιιιιΠὶιϋίΙί
2608 5609 2846 5676 potentia
2889 5609 3277 5674 imaginantes,
3311 5622 3548 5666 mentem

1978 5718 2087 5756 non
2112 5703 2428 5756 distractam
2460 5717 2524 5755 ac
2558 5716 2749 5770 puram
2782 5701 3068 5768 habentes,
3099 5713 3360 5772 tanquam
3410 5704 3547 5773 ipsis

1979 5795 2188 5850 smuuis
2223 5795 2312 5847 Dei
2349 5793 2587 5847 Verbum
2624 5793 2844 5848 habent.
2886 5810 2905 5842 ›
2939 5791 3007 5847 Et
3031 5809 3248 5848 rursum
3289 5812 3301 5847 :
3335 5814 3353 5846 ι
3396 5793 3558 5849 Vide-

1980 5890 2108 5945 bant
2138 5889 2436 5959 propheta),
2467 5888 2520 5944 in
2559 5887 2762 5961 Spiritu
2822 5888 2918 5958 qui
2949 5889 3095 5960 ipsos
3121 5890 3414 5961 dirigebat,
3468 5899 3556 5963 ty-
