4058 6468
547 405 645 468 751

1401 403 1741 464 CALLISTI
1782 404 1878 463 ΕΤ
1922 402 2223 463 IGNATII
2268 403 2950 464 XANTHUPULORUM

3695 400 3787 458 7.9

553 517 982 580 posl'ormantes.
1002 535 1017 566 ι
1042 516 1102 568 Et
1125 514 1418 581 Gregorius
1437 511 1782 582 Tlteologus:
1813 514 1932 567 title
1959 517 2129 584 (nem-

2236 514 2391 580 αὖθις
2421 533 2436 548 '
2482 513 2700 586 Ἑώρων
2746 517 2794 567 οἱ
2837 513 3108 580 προφῆται
3155 512 3477 580 τυπούμενοι
3514 510 3588 579 τῷ
3631 511 3786 562 Πνεῦ-

558 621 621 672 pc
654 613 873 658 sanctus
928 604 1186 672 Spiritus)
1235 605 1560 672 operabatur
1610 607 1760 673 prius
1788 605 1840 656 in
1877 604 2135 671 angelicis

557 705 608 749 et
635 695 947 750 coelesﬁbus
971 697 1282 764 polcnliisa
1315 696 1380 749 Et
1413 697 1568 765 paulo
1605 707 1764 765 post:
1797 716 1812 747 ι
1853 697 2055 749 Deinde
2085 696 2133 746 in

559 783 812 840 Patribus
859 796 914 840 et
969 787 1246 856 prophetis
1276 806 1288 841 :
1314 804 1546 855 quorum
1577 788 1665 841 alii
1709 787 1922 854 quidem
1962 785 2130 839 Deum

559 877 658 931 sibi
710 879 1174 945 repraesentabaut
1223 888 1617 954 ac.noverant:
1649 878 1736 930 alii
1769 891 1898 930 vero
1946 875 2152 959 futura.

556 967 920 1038 praedicebant
947 987 958 1020 :
985 983 1047 1020 ea
1101 966 1449 1022 eﬂ'ormautes
1491 967 1542 1020 in
1577 965 1809 1033 Spiritu,
1839 966 1929 1035 qui
1985 968 2131 1034 ipsos

553 1058 877 1127 regebat,ac
902 1058 1100 1112 futuris
1130 1065 1543 1121 conversantes,
1575 1066 1828 1125 tanquam
1855 1057 1898 1111 si
1922 1055 2131 1122 adfuis-

553 1159 696 1206 sent.

555 1363 741 1417 Adhuc
782 1367 845 1418 de
873 1365 1190 1432 phantasiis,
1221 1369 1286 1447 de
1312 1367 1497 1488 gratiis
1521 1367 1783 1437 variisque
1809 1368 2129 1436 contempla-

1192 1445 1318 1488 tiom
1357 1453 1442 1488 us.

1192 1445 1442 1489 tionibus.

626 1526 715 1582 68.
772 1525 828 1580 Si
879 1526 972 1593 qui
1043 1535 1222 1579 autem
1280 1525 1530 1581 dubitent
1592 1528 1808 1592 adhuc,
1867 1540 2126 1599 tanquam

556 1617 882 1686 ptiantasias
917 1616 1291 1684 suscipientes
1322 1631 1387 1670 ac
1441 1617 1641 1670 multas
1673 1619 1962 1686 variasque
1990 1633 2126 1670 con-

555 1703 966 1773 templationes,
1013 1704 1288 1772 nobisque
1320 1705 1601 1766 resistant,
1629 1707 1873 1774 vestigiis
1910 1717 2127 1763 sancto-

554 1813 672 1849 rum
702 1797 971 1851 inhrerere
989 1812 1046 1851 se
1087 1806 1362 1864 putantes,
1403 1800 1842 1868 contendantque
1891 1799 2126 1855 Theolo-

549 1906 677 1953 g-um
725 1889 943 1958 quidem
975 1889 1154 1944 dicere
1211 1891 1326 1946 sola
1359 1903 1536 1944 mente
1566 1891 1733 1946 Deum
1780 1895 2123 1962 adumbrari,

2238 628 2368 681 ματι
2402 610 2462 663 τὸ
2504 610 2851 678 ἡγεμονικόν.
2897 609 3008 662 Καὶ⁵
3065 611 3094 660 ὁ
3151 607 3409 672 Θεολόγος
3463 605 3786 674 Γρηγόριοςο

2234 701 2407 754 Τοῦτο
2442 703 2630 771 (ἤγουν
2664 702 2723 752 τὸ
2749 700 2972 769 Πνεῦμα
3005 701 3064 754 τὸ
3094 700 3271 769 ἆγιον)
3297 700 3516 768 ἐνήργει
3544 698 3790 766 πρότερον

2233 797 2290 848 ἐν
2355 795 2476 855 ταῖς
2524 793 2841 859 ἁγγελικαῖς
2885 796 2977 846 καὶ
3034 794 3316 860 οὐρανίαις
3370 791 3652 858 δυνάμεσι.
3690 790 3790 840 Καὶ

2235 885 2374 956 μετά
2417 884 2610 952 μικρόν
2643 899 2655 912 '
2720 883 2948 935 Ἔπειτα
2998 883 3054 932 ὲν
3099 881 3211 941 τοῖς
3284 880 3529 948 Πατράσι
3586 883 3677 932 καὶ
3740 881 3791 928 ἐν

2230 979 2344 1038 τοῖς
2369 974 2677 1043 προφήταις
2711 988 2725 1003 °
2771 968 2845 1026 ὧν
2875 973 2924 1024 οἱ
2971 972 3069 1042 μὲν
3100 969 3518 1039 ὲιραντὰσθησαν
3571 971 3720 1033 Θεὸν,
3761 970 3788 1037 ἦ

2233 1067 2479 1134 ἔγνωσαν
2513 1103 2528 1128 ,
2564 1065 2616 1117 οἱ
2646 1065 2702 1116 δὲ
2733 1065 2795 1116 τὸ
2824 1064 3017 1133 μέλλον
3044 1066 3397 1134 προέγνωσαν
3429 1080 3443 1093 ·
3473 1062 3791 1130 τυπούμενοι

2233 1156 2306 1225 τῷ
2359 1155 2634 1224 Πνεύματι
2665 1156 2726 1208 το
2763 1156 3110 1226 ἡγεμονικὸν,
3143 1158 3236 1210 καὶ
3258 1157 3335 1219 ὡς
3397 1155 3628 1226 παροῦσι
3673 1173 3788 1207 συν-

2229 1248 2383 1310 όντες
2427 1249 2540 1309 τοῖς
2573 1247 2870 1318 ἐσομένοις.

2235 1365 2359 1418 Ἔτι
2391 1362 2522 1432 περὶ
2563 1360 2929 1431 φαντασιῶν,
2959 1362 3055 1416 καὶ
3086 1361 3352 1426 πολλῶν,
3385 1363 3481 1416 καί
3516 1363 3792 1416 iamnon-

2889 1433 3161 1500 θεωριῶν.

2303 1528 2402 1599 ξη’.
2438 1528 2498 1582 El
2519 1527 2576 1581 δέ
2610 1544 2756 1591 τινες
2785 1527 3218 1596 ἀμφιϐάλλουσιν
3246 1525 3327 1579 ἔτι
3362 1526 3438 1587 ὡς
3466 1527 3564 1588 τὰς
3594 1543 3788 1595 φαντα-

2233 1621 2354 1685 σίας
2412 1619 2819 1690 ἀποδεχόμενοι,
2859 1619 2954 1672 καὶ
3003 1618 3102 1681 τὰς
3157 1617 3363 1680 πολλὰς
3402 1618 3495 1670 καὶ
3554 1620 3792 1678 ποικίλας

2233 1713 2490 1785 θεωρίας,
2538 1712 2634 1764 καὶ
2673 1710 3042 1764 ἐναντιοῦνται
3092 1712 3245 1780 ἡμῖν,
3279 1710 3475 1764 ὡσανεί
3528 1727 3643 1773 πως
3687 1713 3790 1771 τοῖς

2229 1805 2404 1872 ἁγίοις
2452 1803 2752 1873 ἡγούμενοι
2787 1802 3039 1866 ἔπεσθαι,
3063 1802 3141 1872 τῷ
3169 1802 3370 1871 λέγειν,
3403 1803 3496 1855 τὸν
3523 1803 3623 1872 μὲν
3669 1804 3792 1855 Θεο-

2226 1897 2384 1964 λόγον
2432 1895 2508 1964 νῷ
2562 1895 2707 1962 μόνῳ
2756 1894 2846 1946 τὸν
2894 1893 3025 1946 Θεὸν
3057 1894 3560 1972 ’σκιαγραφεῖσθαι,
3597 1897 3793 1948 οὐκέκ

550 1998 656 2037 non
715 1998 780 2038 ex
849 1984 918 2038 iis
973 2000 1094 2052 qua:
1154 1986 1296 2054 apud
1379 1987 1554 2053 ipsum
1643 1996 1792 2050 sunt,
1884 1989 1975 2041 sed
2058 2003 2123 2040 ex

2227 1963 2335 2042 τῶν
2375 1987 2496 2041 κατ’
2527 1987 2712 2049 αὑτὸν,
2749 1987 2866 2039 ἀλλ’
2899 1987 2962 2039 ὲκ
2995 1987 3106 2040 τῶν
3137 1963 3267 2057 πέρι
3314 1987 3498 2052 αὑτὸν,
3526 1987 3691 2059 ἄλλης
3739 1989 3791 2052 ἐξ

549 2076 618 2130 iis
699 2091 821 2144 qum
892 2077 1036 2130 circa
1107 2077 1310 2144 ipsum,
1405 2077 1508 2129 alia
1575 2092 1639 2131 ex
1722 2079 1830 2132 alio
1897 2079 2123 2133 collecta

547 2171 839 2238 phantasia
863 2170 917 2224 in
947 2185 1115 2223 unum
1149 2171 1395 2225 veritatis
1417 2167 1796 2237 simulacrum,
1825 2180 1876 2225 et
1894 2183 2120 2228 emtera:

548 2263 732 2317 divum
762 2278 893 2317 vero
921 2263 1236 2326 Maximum,
1260 2277 1366 2316 non
1401 2276 1563 2330 posse
1588 2272 1846 2330 mentem,
1874 2281 1992 2317 sme
2027 2279 2124 2317 cu-

549 2353 777 2423 piditate
803 2353 917 2405 ﬁeri
940 2367 1006 2406 ex
1038 2350 1170 2407 solis
1193 2353 1426 2417 aetibus,
1467 2352 1570 2407 nisi
1627 2353 1862 2424 accipiat
1922 2357 2121 2410 multas

553 2462 618 2501 ac
646 2446 825 2499 varias
857 2443 1163 2512 imagines:
1200 2459 1266 2498 ac
1321 2445 1573 2498 similiter
1600 2445 1738 2502 alios
1789 2459 2006 2502 sanctos
2057 2451 2124 2504 iis

554 2539 707 2608 paria
751 2539 1053 2592 disserere:
1091 2537 1344 2592 noverint
1405 2538 1505 2601 illi,
1555 2540 1702 2606 quod
1770 2557 1958 2595 eorum
2002 2544 2125 2596 bea-

525 2621 730 2686 ‘torum
762 2643 1044 2685 sermones
1077 2646 1184 2685 non
1211 2630 1279 2684 de
1310 2631 1645 2699 operatione,
1676 2649 1800 2702 qua:
1823 2636 2118 2691 secundum

548 2723 917 2792 acceptionem
964 2733 1018 2780 et
1080 2723 1324 2778 scientiae
1373 2724 1710 2793 visionisque
1749 2727 1975 2796 gratiam
2017 2740 2119 2793 est,

548 2813 1146 2890 qumqueexperientia
1187 2817 1302 2886 ipsa
1338 2816 1612 2872 hominem
1652 2816 1764 2874 Deo
1812 2821 2121 2892 conjttngit,

507 2970 511 2972 _
545 2911 638 2967 sed
686 2909 753 2963 de
813 2924 898 2971 ea,
931 2923 1052 2978 qua:
1097 2918 1180 2962 est
1213 2923 1305 2976 per
1347 2917 1628 2975 conatum,
1664 2925 1858 2979 nempe
1895 2928 2016 2980 qua:
2055 2928 2121 2965 ex

545 3001 808 3071 sapientia
845 2999 1089 3069 procedit
1140 3008 1195 3054 et
1257 3015 1321 3055 ex
1356 3015 1418 3055 ea
1480 3000 1940 3069 contemplatione
2003 3015 2124 3069 qua:

544 3109 726 3168 rerum
754 3092 1032 3161 att-alogias
1061 3101 1116 3147 et
1143 3092 1461 3147 harmonias
1518 3092 1744 3160 colligit,
1781 3100 1836 3146 et
1887 3091 2123 3147 obscure

541 3188 610 3242 ad
671 3186 762 3240 Dei
796 3186 1178 3253 cogitationem
1227 3185 1630 3254 quodammodo
1689 3185 1938 3250 inclinat,
1997 3202 2118 3252 quae

2229 2079 2388 2134 ἀλλου
2425 2078 2725 2148 φαντασίας
2759 2078 3184 2149 συλλεγομένης,
3210 2080 3288 2142 είς
3339 2080 3396 2132 ἓν
3443 2097 3494 2132 τι
3526 2081 3625 2148 τῆς
3659 2082 3790 2149 ἀλη-

2227 2171 2375 2233 θείας
2406 2171 2658 2241 ῖνδαλμα,
2690 2171 2783 2224 καὶ⁵
2834 2171 2904 2224 τὰ
2936 2172 3082 2242 ἑξῆς.
3116 2173 3220 2224 Τὸν
3260 2172 3316 2224 δὲ
3346 2172 3487 2225 θεῖον
3519 2173 3788 2242 Μάξιμον,

2233 2262 2597 2334 μὴδύνασθαι
2652 2262 2743 2314 τὸν
2793 2261 2916 2315 νοῦν
2968 2263 3154 2333 ἀπαθῆ
3202 2263 3452 2330 γενέσθαι
3512 2267 3574 2316 ἐκ
3629 2267 3792 2334 μόνης

2225 2356 2330 2422 τῆς
2358 2353 2629 2423 πράξεως,
2664 2353 2759 2406 ἐὰν
2789 2354 2863 2422 μὴ
2887 2354 3236 2424 διαδέχωνται
3266 2355 3425 2407 αὑτὸν
3458 2357 3651 2409 πολλαὶ
3704 2360 3792 2409 καὶ

2233 2446 2471 2500 ποικίλαι
2489 2445 2731 2515 θεωρίαι.
2781 2446 3014 2515 Ὁμοίως
3043 2447 3136 2500 καὶ
3166 2447 3382 2518 ἐτέρους
3405 2449 3590 2516 ἁγίους
3606 2451 3678 2501 τὰ
3706 2452 3790 2501 ἴσα

2219 2539 2429 2598 τούτοις
2478 2536 2896 2606 διαγορεύοντας
2927 2578 2943 2600 ,
2971 2540 3020 2590 oi
3059 2538 3288 2591 τοιοῦτοι
3346 2541 3788 2608 γινωσκέτωσαν,

2235 2628 2310 2690 ὡς
2338 2629 2565 2692 ἐκείνοις
2593 2631 2706 2691 τοῖς
2729 2629 3018 2699 μακαρίοις
3054 2631 3114 2682 οὐ
3145 2633 3270 2702 περὶ
3307 2631 3406 2700 τῆς
3433 2633 3572 2685 κατὰ
3610 2651 3787 2700 παρα·

2218 2718 2376 2786 δοχὴν
2405 2719 2662 2786 ἐργασίας
2689 2721 2889 2785 ἐκεῖσε,
2925 2721 3017 2772 καὶ
3044 2720 3284 2790 χάριτος,
3319 2723 3416 2789 τῆς
3451 2724 3786 2790 γνωστικῆς,

2219 2811 2377 2880 αμὲν,
2425 2812 2518 2864 καὶ
2545 2811 2865 2881 ἐποπτικῆς,
2905 2813 2999 2864 καί
3029 2813 3164 2882 αὐτῇ
3217 2813 3382 2884 πείρᾳ
3410 2815 3786 2883 συναπτούσης

2217 2901 2336 2972 Θεῷ
2361 2905 2451 2955 τὸν
2475 2903 2778 2974 ἄνθρωπον,
2812 2907 2859 2957 oi
2887 2905 3032 2974 λόγοι
3071 2901 3216 2960 οὗτοι
3253 2910 3561 2975 περήνασιν
3599 2924 3613 2938 ο
3650 2909 3784 2960 em

2220 2995 2468 3065 περὶτῆς
2500 2998 2620 3050 κατ’
2647 2999 2924 3069 ἐπιϐολὴν,
2953 2999 3174 3070 δηλαδὴ,
3207 3000 3304 3069 τῆς
3334 3002 3397 3052 ἐκ
3432 3001 3530 3070 τῆς
3571 3002 3780 3068 σοφίας,

2217 3089 2310 3140 καὶ
2343 3088 2441 3156 τῆς
2483 3088 2592 3140 τῶν
2628 3089 2794 3142 ὄντων
2829 3090 3140 3158 ἀναλογίας,
3178 3093 3272 3143 καὶ
3297 3091 3564 3161 ἁρμονίας
3596 3092 3784 3144 συλλε-

2213 3179 2452 3247 γομένης
2476 3179 2726 3248 Θεωρίας,
2751 3183 2844 3234 καὶ
2876 3185 2955 3245 είς
2985 3184 3083 3252 τὴν
3111 3184 3238 3254 περὶ
3266 3182 3403 3236 Θεοῦ
3436 3182 3644 3236 ἔννοιαν
3680 3200 3780 3235 πα-

541 3277 813 3349 plurimis,
849 3278 958 3330 imo
985 3291 1112 3330 vero
1151 3276 1411 3330 omnibus
1455 3275 1632 3330 facilis
1685 3276 1934 3346 ingressu
1961 3287 2041 3332 est
2067 3287 2121 3332 et

2217 3269 2600 3338 ρακυπτούσης
2621 3271 2881 3340 ἀμυδρῶς
2907 3291 3046 3336 πως,
3081 3275 3271 3343 ἥντινα
3292 3275 3384 3327 καὶ
3408 3277 3519 3337 τοῖς
3548 3273 3778 3333 πολλοῖς,

539 3373 778 3441 cogitatu
807 3387 823 3434 ;
853 3370 928 3424 ita
967 3377 1028 3423 ut
1065 3369 1159 3438 qui
1189 3368 1588 3437 cogitabundus
1617 3369 1743 3423 talia
1798 3379 2113 3426 sanctorum

539 3464 761 3518 oracula
788 3461 1386 3526 examinaverit,.clare
1409 3460 1554 3515 enim
1577 3460 1826 3516 advertet
1848 3462 2112 3532 scriptum

540 3555 744 3610 fuisse:
773 3573 791 3606 ι
835 3553 914 3608 Ex
959 3552 1328 3623 magnitudine
1374 3560 1428 3606 et
1483 3553 1885 3622 pulchritudine
1934 3573 2112 3611 rerum

539 3646 820 3716 analogice
846 3645 1071 3698 Creator
1101 3640 1422 3711 percipitur,
1456 3641 1664 3696 scilicet
1711 3657 1776 3696 cx
1824 3657 1886 3696 ea
1928 3646 2110 3696 mundi

536 3739 790 3808 profana,
810 3736 1036 3790 verbosa
1055 3743 1108 3788 et
1125 3747 1262 3786 vana
1279 3739 1332 3786 et
1345 3747 1576 3800 Opi-rosa
1601 3732 1850 3788 scientia.
1873 3736 1946 3789 Ea
1969 3738 2110 3789 enim

537 3841 796 3899 tanquam
837 3828 1069 3880 obscura
1103 3824 1324 3889 famula,
1367 3833 1421 3879 et
1446 3826 1655 3879 erudita
1708 3826 2114 3896 sophisticaque

537 3936 601 3975 ac
630 3918 1053 3974 demonstrativa
1080 3915 1408 3985 cogitatione
1429 3918 1773 3988 superbiens,
1806 3937 1909 3975 non
1943 3938 2112 3976 evan-

535 4013 764 4080 gelicam
793 4010 950 4064 [idem
980 4019 1034 4064 et
1060 4008 1420 4063 humilitatem
1450 4023 1503 4065 et
1533 4026 1713 4066 veram
1738 4015 2111 4068 assensionem

535 4118 794 4172 sequens,
828 4102 984 4170 longe
1013 4117 1041 4155 a
1075 4102 1247 4157 sacris
1276 4103 1462 4172 januis
1485 4104 1807 4170 expellitur;
1848 4107 2110 4175 nobisque

534 4212 680 4249 nunc
705 4209 886 4249 sermo
906 4203 988 4248 est
1019 4194 1084 4248 de
1110 4193 1347 4264 perfecta
1375 4205 1429 4249 et
1450 4196 1798 4252 substantiali
1835 4197 2111 4251 illumina-

537 4287 709 4348 tione,
748 4285 1203 4353 quemadmodum
1229 4295 1280 4339 et
1299 4286 1526 4354 apostoli
1550 4287 1704 4342 electi
1730 4289 1820 4356 qui
1847 4288 1901 4342 in
1928 4300 2112 4345 monte

531 4377 753 4431 'I‘liabor
777 4391 900 4430 cum
925 4373 1056 4430 Jesu
1104 4377 1560 4441 conscendentes,
1594 4378 1942 4434 ineﬂ‘abiliter
1982 4384 2107 4450 pul-

531 4469 719 4521 cbram
762 4483 825 4521 ac
855 4483 978 4521 vere
1001 4470 1212 4522 beatam
1238 4471 1649 4524 conversionem
1699 4471 1845 4540 passi
1865 4483 2014 4535 sunt,
2059 4483 2112 4527 et

530 4557 856 4612 invisibilem
884 4561 1089 4627 regiam
1134 4568 1188 4614 et
1211 4559 1581 4626 Divinitatem,
1634 4563 1919 4617 oculorum
1946 4580 2106 4620 sensu

2216 3361 2414 3430 μᾶλλον
2461 3363 2518 3414 δὲ
2553 3367 2718 3416 πᾶσιν
2755 3367 2901 3432 ἅπαξ
2942 3367 3128 3429 ἁπλῶς
3169 3367 3344 3431 ἔξεστι
3395 3365 3778 3437 μετέρχεσθαι.

2211 3455 2304 3508 καὶ
2341 3458 2690 3520 διανοεῖσθαι,
2723 3461 2798 3525 ὡς
2849 3461 3289 3531 ὲπιστημονικῶς
3330 3460 3440 3532 [ἵσ.
3489 3461 3683 3513 λείπει
3719 3459 3780 3511 τὸ

2209 3545 2314 3617 τις]
2361 3547 2460 3610 τὰς
2516 3549 2771 3614 τοιαύτας
2821 3551 2930 3604 τῶν
2981 3553 3152 3621 ἁγίων
3195 3554 3421 3622 χρήσεις
3474 3547 3778 3620 ἐξητακὼς.

2205 3638 2452 3708 ἐναργῶς
2483 3640 2708 3707 εἵσεται,
2736 3643 2811 3706 ὡς
2850 3644 3158 3713 γέγραπται
3192 3660 3205 3697 .'
3247 3645 3339 3696 Ἐκ
3373 3641 3636 3712 μεγέθους
3684 3641 3781 3692 καὶ

2208 3730 2470 3801 καλλονῆς
2493 3734 2807 3803 κτισμάτων
2841 3737 3118 3804 ἀναλόγως
3139 3738 3166 3789 ὁ
3199 3735 3574 3804 γενεσιουργὸς
3607 3750 3779 3786 κατα-

2206 3821 2582 3892 λαμϐάνεται·
2643 3827 2906 3896 οὐμενοῦν
2958 3830 3022 3881 ὲκ
3070 3830 3166 3898 τῆς
3229 3830 3369 3882 κατὰ
3422 3829 3624 3896 κόσμον
3682 3828 3778 3880 καὶ

2206 3914 2443 3984 θύραθεν
2499 3916 2833 3988 πολυλέσχου
2901 3920 2994 3972 καὶ
3032 3921 3266 3989 ματαίας
3295 3919 3546 3990 τεχνικῆς
3598 3919 3778 3987 μαθή-

2207 4022 2343 4068 σεως
2365 4020 2378 4033 ·
2403 4005 2538 4076 αὕτη
2569 4011 2676 4078 γὰρ
2703 4008 2777 4069 ὡς
2801 4008 2990 4078 λάτρις
3036 4008 3290 4076 ἄσεμνος,
3325 4007 3418 4059 καὶ
3473 4007 3776 4072 ἐπιστημο-

2202 4099 2349 4166 νικῇ,
2382 4098 2475 4150 καὶ
2502 4100 2811 4168 σοφιστικῇ,
2845 4098 2940 4150 καὶ
3003 4099 3355 4168 ἀποδεικτικῇ
3410 4098 3584 4168 οἰήσει
3636 4113 3776 4164 γαυ-

2205 4189 2444 4259 ρουμένη
2479 4227 2494 4251 ,
2554 4189 2654 4241 οὐκ
2690 4189 3018 4260 εὐαγγελικῇ
3071 4191 3298 4256 πίστει,
3350 4190 3445 4242 καὶ
3498 4187 3771 4242 ταπεινώ-

2204 4295 2333 4340 σει,
2395 4281 2490 4332 καὶ
2568 4280 2762 4350 ἀληθεῖ
2836 4281 3234 4348 συγκαταθέσει
3311 4277 3717 4348 στοιχειουμένη
3755 4293 3768 4307 ·

2203 4370 2393 4441 πόρρω
2467 4371 2575 4424 τῶν
2672 4371 2832 4442 ἱερῶν
2915 4371 3204 4441 προθύρων
3298 4371 3766 4442 ἐξωστράκισται,

2201 4463 2332 4532 ἡμῖν
2387 4462 2444 4514 δὲ
2491 4462 2585 4514 νῧν
2637 4463 2665 4514 ὁ
2717 4464 2872 4530 λόγος
2914 4464 3038 4532 περὶ
3087 4465 3184 4531 τῆς
3243 4463 3455 4524 τελείας
3521 4461 3616 4513 καὶ
3680 4461 3769 4510 ὲν-

2201 4554 2504 4609 υποστάτου
2531 4555 2870 4625 ὲλλάμψεως,
2917 4555 3040 4608 καθ’
3096 4555 3162 4626 ἢν
3216 4555 3308 4607 καὶ
3357 4555 3405 4606 οί
3468 4551 3575 4605 τῶν
3631 4553 3768 4604 ἀπο-

527 4654 591 4704 ad
612 4651 813 4720 aliquid
839 4651 1074 4706 divinius
1116 4662 1326 4721 parato,
1350 4652 1616 4721 spirituali
1641 4669 1835 4722 nempe
1875 4654 2109 4723 Spiritus

2213 4647 2403 4700 ττόλων
2453 4648 2759 4716 πρόκριτοι,
2787 4637 2847 4701 οῖ
2884 4649 2969 4721 ἐπ’
3003 4648 3162 4717 ὅρους
3211 4645 3406 4716 Θαόὼρ
3452 4644 3530 4715 τῷ
3595 4641 3767 4711 Ἰησοῦ

525 4744 697 4798 sancti
723 4741 940 4796 dextera
964 4744 1176 4810 eﬂ‘ecto,
1211 4743 1304 4813 qui
1341 4745 1775 4812 contemplentur
1820 4745 1968 4816 digni
2009 4749 2101 4801 lni-

527 4835 617 4888 liiti
649 4844 796 4891 sunt.
853 4834 1125 4898 Quantum
1181 4845 1360 4890 autem
1414 4835 1577 4889 distet
1633 4836 1814 4891 oriens
1862 4841 1929 4892 ab
1963 4841 2106 4893 occi-

523 4927 711 4996 dente,
734 4935 786 4978 ct
817 4927 1015 4978 cwlnm
1050 4941 1078 4978 a
1123 4933 1288 4990 terra,
1325 4934 1379 4978 et
1402 4925 1581 4978 anima
1617 4929 1832 4994 c0rpori
1861 4939 2104 4996 praestat,

521 5025 748 5073 tantum.
776 5031 871 5084 per
901 5015 1269 5084 acceptionein
1294 5015 1565 5082 operatio,
1601 5026 1653 5070 et
1679 5018 1850 5086 gratia
1879 5031 2097 5088 praestat

521 5110 569 5161 ei
603 5123 724 5174 quae
755 5123 853 5176 per
881 5115 1138 5160 renatum
1181 5115 1282 5160 est.
1318 5107 1505 5162 Altera
1537 5109 1780 5176 quidem,
1814 5127 1876 5166 ea
1912 5129 2102 5183 nempe

521 5217 640 5268 qua:
668 5215 761 5270 per
783 5209 1062 5262 conatum,
1095 5197 1321 5268 profana
1357 5208 1460 5265 est,
1495 5210 1554 5254 ut
1589 5201 1844 5258 duximus
1874 5224 1886 5260 :
1922 5215 1978 5259 ct
2007 5224 2101 5275 per

519 5293 656 5347 bene
715 5292 995 5347 ordinatos
1031 5307 1213 5346 rerum
1273 5303 1474 5356 motus,
1501 5294 1855 5365 ordinemque
1905 5308 1957 5353 et
1988 5303 2102 5354 col-

520 5387 806 5440 lectimtetn
842 5385 1180 5454 imaginuum
1219 5384 1447 5438 aliarum
1477 5401 1540 5439 ex
1584 5387 1704 5441 aliis
1728 5393 2096 5459 sequentium,

518 5494 864 5549 progressum
907 5477 1090 5542 habet,
1121 5484 1174 5530 et
1223 5475 1275 5530 in
1308 5477 1409 5531 lide
1454 5479 1519 5531 ad
1552 5479 1715 5534 Deum
1748 5485 2094 5550 extenditur,

517 5572 684 5626 altera
721 5566 872 5635 vero,
930 5585 991 5624 ea
1034 5585 1226 5638 nempe
1261 5586 1380 5638 quas
1431 5581 1513 5624 est
1554 5588 1648 5641 per
1697 5577 2094 5644 acceptionem,

519 5664 830 5719 immediate
862 5665 929 5716 ab
971 5663 1086 5732 ipso
1154 5663 1262 5717 Deo
1296 5665 1729 5719 subsmntialiter
1797 5667 1938 5721 intra
2000 5687 2097 5725 cor

519 5753 631 5810 fieri
657 5757 828 5821 solet;
864 5755 1156 5826 aliquando
1181 5755 1342 5809 etiam
1377 5757 1444 5810 ab
1468 5757 1708 5811 externis
1734 5773 1932 5828 corpus
1962 5778 2088 5830 par-

519 5851 689 5916 ticeps
724 5848 958 5902 efficiens
993 5849 1221 5918 proprine
1249 5865 1411 5918 supra
1443 5850 1827 5919 cogitationem
1883 5854 2086 5907 illumi-

516 5939 748 5992 nationis
766 5950 818 5994 et
845 5940 1168 5995 divinissitni
1197 5941 1438 6005 luminis,
1465 5947 1624 5997 corde
1649 5947 2046 6011 supernattn'a'i
2067 5975 2090 5985 -

2201 4738 2645 4803 συναναϐάντες,
2695 4740 2954 4810 ἀρρήτως
3008 4741 3106 4808 τὴν
3159 4739 3331 4808 καλὴν
3378 4737 3473 4790 καὶ
3538 4735 3615 4803 τῷ
3654 4733 3769 4786 ὄντι

2202 4829 2478 4899 μακαρίαν
2515 4829 2902 4893 ἀλλοιωθέντες
2948 4830 3236 4883 ἀλλοίωσιν
3276 4828 3501 4891 ἔπαθον,
3538 4827 3631 4878 καὶ
3666 4824 3766 4892 τὴν

2197 4921 2424 4976 ἀθέατον
2482 4922 2798 4992 βασιλείαν,
2867 4924 2962 4976 καὶ
3011 4923 3286 4992 θεότητα,
3336 4921 3430 4975 καὶ
3492 4919 3766 4987 αἰσθηταῖς

2196 5015 2494 5082 ὀφθαλμοῖς
2551 5015 3043 5084 μετασκευασθεῖσι
3111 5015 3248 5084 πρὸς
3307 5014 3366 5066 τὸ
3435 5011 3704 5079 θειότερον
3743 5046 3760 5069 ,

2195 5108 2360 5178 ἡγουν
2421 5110 2812 5177 πνευματικοῖς
2853 5111 3102 5174 γεγονόσι
3153 5110 3217 5177 τῇ
3265 5105 3416 5174 δεξιᾷ
3475 5104 3569 5155 τοῦ
3623 5118 3766 5153 παν-

2195 5200 2352 5268 αγίου
2382 5199 2520 5251 Πνεύ
2531 5216 2722 5269 ματος,
2759 5199 2995 5252 κατιδεῖν
3029 5197 3340 5267 ἠξιώθησαν
3359 5212 3370 5224 ·
3393 5195 3514 5248 καθ’
3553 5193 3676 5245 ὅσον
3703 5189 3762 5240 δὲ

2193 5292 2486 5360 ἀπέχουσιν
2521 5289 2774 5344 ἀνατολαὶ
2807 5289 2913 5343 ἀπὸ
2939 5288 3182 5359 δυσμῶν,
3211 5287 3305 5340 καὶ
3337 5287 3366 5338 ό
3411 5283 3636 5354 οὐρανὸς
3665 5282 3762 5346 τῆς

2192 5383 2296 5452 γῆς
2325 5425 2340 5449 ν
2388 5384 2483 5436 καὶ
2525 5385 2558 5453 ἡ
2606 5381 2752 5452 ψυχὴ
2799 5381 3099 5452 ὑπερφέρει
3147 5377 3241 5432 τοῦ
3294 5376 3566 5444 σώματος,
3622 5371 3764 5425 κατὰ

2190 5475 2463 5538 τοσοῦτον,
2499 5476 2594 5528 καὶ
2622 5477 2654 5543 ἡ
2686 5473 2830 5526 κατὰ
2886 5471 3202 5544 παραδοχὴν
3232 5469 3482 5541 ἐργασία,
3522 5465 3616 5518 καὶ
3659 5463 3760 5531 χά-

2195 5587 2298 5640 ρις,
2349 5569 2446 5638 τῆς
2503 5567 2622 5620 κατ’
2675 5565 3035 5636 ἐπιϐολήνοή
3083 5565 3182 5635 μὲν
3214 5563 3340 5633 γὰρ,
3378 5563 3498 5630 ἦτοι
3549 5560 3580 5628 ἡ
3639 5550 3764 5609 κατ’

2191 5659 2467 5730 ὲπιόολὴν,
2523 5661 2598 5722 ὼς
2646 5658 2878 5730 ἔφημεν,
2931 5659 3128 5722 ἔξωθεν
3171 5673 3184 5686 ³
3234 5657 3328 5709 καὶ
3373 5655 3460 5708 διὰ
3510 5653 3609 5721 τῆς
3653 5647 3762 5702 τῶν

2189 5755 2356 5808 ὄντων
2411 5753 2674 5806 εὐτάκτου
2720 5753 2928 5822 φορᾶς,
2975 5747 3179 5815 τάξεώς
3228 5765 3287 5800 τε
3342 5749 3435 5800 καὶ
3497 5739 3760 5807 συλλογῆς

2187 5846 2352 5914 ἄλλης
2383 5846 2440 5911 ἐξ
2483 5843 2644 5897 ἄλλου
2708 5843 3010 5912 φαντασίας
3059 5837 3459 5909 συλλεγομένης
3495 5835 3573 5896 είς
3606 5831 3662 5883 ἓν
3703 5843 3759 5878 τι

2187 5942 2284 6007 τῆς
2318 5938 2573 6008 ἀληθείας
2609 5939 2835 6006 ῖνδαλμα
2879 5937 2938 5990 τὴ
2975 5933 3305 6005 προκόπτειν
3338 5930 3470 6004 ἔχει,
3505 5919 3757 5991 καὶπρὸς
