4058 6450
369 382 480 452 753

1588 386 1973 448 OPUSCULA
2010 394 2388 456 ASCETlCA.

3515 414 3618 476 ’ἶῗί

370 515 502 567 Θεὸν
535 517 592 567 ὲν
621 513 799 565 πίστει
830 509 1226 565 ἀνατείνεσθαι·
1249 511 1281 579 ή
1304 509 1382 574 δὲ,
1405 510 1574 578 ἤγουν
1606 509 1637 576 ὴ
1669 502 1813 560 ,κατὰ
1834 519 1929 554 πα-

2037 509 2114 552 ιυι-
2148 521 2175 550 ιι
2202 512 2308 561 om.
2346 505 2495 572 juxta
2534 507 3002 573 sapientissimum
3042 513 3355 580 niaximum,
3396 535 3499 572 non
3525 536 3616 573 au-

373 605 624 676 ραδοχὴν,
651 604 869 672 άμέσως
900 602 1031 672 παρ’
1066 600 1233 655 αὑτοῦ
1273 600 1368 652 τοῦ
1398 599 1532 650 Θεοῦ
1560 594 1940 654 ὑποστατικῶς

368 699 516 751 ἔνδον
538 697 764 767 καρδίας
796 695 1007 764 πέφυκε
1028 695 1296 762 γίνεσθαι,
1330 693 1440 745 ἐσθ’
1472 693 1559 744 ὅτε
1593 690 1687 742 καὶ
1716 687 1936 755 ἔξωθεν,

369 791 463 843 καὶ
502 789 577 857 τῷ
612 786 824 858 σώματι
859 787 1214 857 μεταδιδοῦσα
1249 784 1507 856 ὲμφανῶς
1554 783 1693 851 ὑπὲρ
1729 781 1938 835 ἔννοιαν

365 883 464 952 τῆς
508 881 714 942 οἰκείας
771 879 1089 949 ὲλλάμψεως
1137 880 1234 934 καὶ
1290 877 1384 931 τοῦ
1449 875 1724 929 θειοτάτου
1769 889 1938 941 φωτι-

367 972 530 1043 σμοῦ,
564 969 858 1040 ὑπερφυῶς
890 969 1206 1040 πασχούσης
1231 969 1339 1038 ίτῆς
1383 966 1631 1035 καρδίας,
1663 965 1804 1017 κατὰ
1847 963 1939 1015 τὸν

340 1063 680 1134 σοφώτατον
734 1061 1005 1130 Μάξιμον,
1062 1061 1124 1112 ού
1181 1058 1440 1128 ποιούσης
1491 1057 1589 1126 τὴν
1641 1056 1938 1124 ἀγέννητον

365 1156 584 1210 θέωσιν.
618 1155 758 1223 Φησὶ
791 1153 901 1224 γὰρ
951 1144 1105 1215 οὗτος
1153 1154 1180 1205 6
1209 1151 1362 1219 ἆγιος
1383 1166 1396 1179 ⁸
1441 1149 1762 1219 Ἀγέννητον
1793 1144 1940 1211 λέγω

363 1248 559 1301 θέωσιν
601 1247 701 1317 τὴν
761 1244 881 1298 κατ’
928 1240 1067 1305 εἶδος
1131 1243 1491 1296 ὲνυπόστατον
1542 1241 1642 1310 τῆς
1685 1241 1938 1310 θεότητος

362 1338 628 1408 έλλαμψιν
661 1354 676 1369 ο
709 1337 833 1406 ἦτις
862 1336 963 1390 οὐκ
1012 1335 1127 1405 ἔχει
1166 1335 1402 1402 γένεσιν,
1428 1333 1542 1387 ἀλλ’
1578 1333 1934 1402 ἀνεπινόητον

361 1434 421 1484 ὲν
465 1433 581 1492 τοῖς
633 1428 806 1493 ἀξίοις
852 1427 1179 1497 φανέρωσιν.
1211 1426 1516 1496 Συνᾲδοντα
1562 1427 1675 1487 τοῖς
1725 1424 1935 1494 ῥηθεῖσι

360 1521 508 1588 λέγει
564 1520 658 1572 καὶ
709 1520 737 1572 6
791 1517 967 1588 μέγας
1008 1515 1278 1578 Διονύσιος
1310 1531 1322 1545 ·
1355 1533 1376 1566 ε
1427 1515 1557 1568 Δέον
1605 1513 1808 1567 είδέναι
1841 1513 1936 1564 τὸν

360 1612 484 1666 καθ’
521 1612 664 1681 ἡμᾶς
697 1609 842 1674 νοῦν,
866 1609 964 1677 τὴν
1003 1608 1102 1678 μὲν
1136 1607 1282 1677 ἔχειν
1309 1605 1542 1676 δύναμιν
1573 1608 1654 1668 είς
1698 1606 1758 1657 τὸ
1787 1607 1927 1658 νοεῖν

359 1704 426 1757 δι’
453 1699 522 1774 ἦς
574 1703 644 1754 τὰ
700 1700 868 1770 νοητὰ
934 1700 1120 1770 βλέπει
1151 1697 1289 1768 ’τὴν
1347 1699 1406 1751 δὲ
1457 1698 1653 1751 ἕνωσιν
1705 1696 1934 1766 ὑπεραί-

364 1812 564 1867 ρουσαν
622 1793 720 1865 τὴν
770 1793 865 1846 τοῦ
917 1792 1008 1846 νοῦ
1068 1791 1230 1860 φύσιν
1259 1832 1274 1856 ,
1329 1792 1396 1844 δι’
1461 1784 1528 1861 ἦς
1597 1789 1931 1843 συνάπτεται

2036 602 2142 644 tem
2175 594 2272 645 silzi
2301 595 2694 652 dedicationem
2716 611 3003 668 praestante
3035 622 3141 660 non
3176 623 3512 677 generatam.
3536 613 3620 665 Di-

2033 686 2105 735 cit
2144 686 2287 738 enim
2323 686 2409 741 hic
2443 699 2664 744 sanctus
2711 709 2725 746 :
2755 712 2773 743 ι
2808 693 2923 747 Non
2970 686 3282 764 generatam
3315 700 3438 753 dico
3463 702 3621 754 deitl-
3678 744 3680 746 τ

2033 778 2326 844 rationein,
2359 794 2477 832 eam
2513 798 2633 849 quae
2661 799 2754 852 per
2783 785 3088 843 Divinitatis
3115 792 3348 857 speciem
3372 792 3448 858 lit,
3485 795 3619 847 illu-

2037 867 2386 922 minalionem
2415 889 2429 924 :
2458 888 2579 940 quae
2602 876 2819 943 quidem
2851 882 3259 948 generationem
3296 901 3400 938 non
3428 885 3610 949 habet,

2033 958 2125 1010 sed
2149 958 2202 1012 in
2222 958 2287 1012 iis
2311 961 2402 1032 qui
2426 963 2572 1032 digni
2598 974 2748 1029 sunt,
2777 969 3170 1037 incogitabilem
3196 976 3608 1042 appar-itionem.

2035 1046 2102 1100 Iis
2128 1065 2248 1116 quae
2281 1051 2423 1107 dicta
2456 1063 2584 1108 sunt
2638 1060 3004 1127 congruentia
3072 1064 3332 1130 exprimit
3383 1076 3606 1120 sam-tus

2036 1131 2331 1206 Dionysius
2363 1156 2376 1194 ε
2425 1158 2442 1191 ι
2477 1141 2777 1197 Sciendum
2809 1156 2891 1200 est
2932 1160 3166 1203 montem
3203 1164 3464 1218 nostram,
3500 1156 3608 1207 vim

2033 1225 2255 1291 quidem
2310 1229 2512 1284 habere
2552 1235 2847 1303 cogitandi,
2909 1253 3005 1307 per
3041 1254 3208 1308 quam
3248 1241 3605 1309 intclligib’ilia

2032 1315 2242 1372 cernit:
2270 1321 2530 1375 unionem
2567 1340 2696 1378 vero
2726 1328 2943 1392 mentis,
2969 1339 3218 1384 naturam
3237 1332 3608 1402 extollentem,

2034 1421 2129 1476 per
2162 1422 2324 1478 quam
2366 1411 2431 1468 iis
2467 1399 2589 1483 quae
2613 1418 2751 1472 ultra
2790 1410 2962 1488 ips-am
2992 1432 3143 1483 sunt,
3176 1423 3557 1494 coniungitur.

2034 1497 2100 1552 Et
2140 1502 2263 1568 pius
2295 1502 2484 1560 Isaac:
2519 1525 2538 1558 ι
2573 1508 2714 1565 Duos
2746 1511 2943 1566 animae
3004 1514 3194 1570 oculos
3232 1516 3604 1584 possidemus.

2035 1605 2092 1644 ut
2139 1593 2328 1648 dicunt
2360 1595 2571 1666 Patres,
2607 1617 2784 1671 neque
2843 1604 3034 1659 eadem
3106 1616 3190 1660 est
3242 1608 3452 1662 utilitas
3510 1625 3606 1678 per

2035 1694 2326 1755 utrumque
2364 1694 3007 1760 contemplationiszuuo
3038 1698 3261 1766 quidem
3287 1700 3606 1769 oculo,qu.'e

2035 1776 2086 1828 in
2129 1779 2339 1834 naturis
2369 1781 2686 1838 abscondita
2746 1795 2892 1854 sunt,
2927 1789 3205 1856 videmus;
3254 1806 3471 1868 nempe
3510 1792 3606 1846 Dei

360 1888 496 1957 πρὸς
526 1886 594 1938 τὰ
641 1884 900 1937 ἐπέκεινα
948 1880 1167 1936 ἑαυτοῦ.
1209 1899 1228 1932 ι
1268 1880 1381 1934 Καὶ
1431 1882 1460 1932 6
1506 1880 1653 1943 ὅσιος
1689 1878 1875 1932 Ἰσαάκ
1909 1895 1923 1910 ·

2030 1869 2322 1934 potentiam
2369 1881 2423 1925 et
2461 1874 2808 1944 sapientiam,
2839 1888 2893 1932 et
2923 1881 3042 1948 ejus
3075 1897 3202 1950 erga
3267 1899 3365 1938 nos
3416 1884 3608 1939 Provi-

367 1997 385 2031 ι
441 1977 546 2031 Δύο
635 1975 948 2046 ὀφθαλμοὺς
1008 1972 1324 2044 κεκτήμεθα
1388 1970 1697 2041 ψυχικοὺς,
1745 1967 1930 2032 καθὼς

357 2069 606 2138 λέγουσιν
649 2069 697 2121 ot
731 2067 1004 2138 Πατέρες,
1036 2064 1133 2118 καὶ
1177 2065 1278 2133 οὐχ
1333 2063 1368 2134 ἠ
1421 2061 1559 2131 αὑτὴ
1611 2061 1770 2131 χρεία
1828 2060 1927 2127 τῆς

355 2161 422 2216 δι’
475 2160 738 2230 ἑκατέρου
789 2157 1022 2229 θεωρίας
1059 2173 1074 2189 ο
1117 2157 1175 2210 ὲν
1205 2157 1287 2210 ὲνὶ
1334 2155 1432 2226 μὲν
1473 2154 1583 2224 γὰρ
1638 2151 1924 2222 ὀφθαλμῷ,

359 2254 424 2307 τὰ
441 2253 793 2323 κεκρυμμένα
832 2255 889 2305 ὲν
919 2253 1037 2314 ταῖς
1069 2249 1294 2320 φύσεσιν
1317 2248 1534 2318 ὁρῶμεν
1569 2263 1583 2276 ’
1620 2246 1790 2312 ἤγουν
1823 2245 1922 2314 τὴν

355 2345 582 2415 δύναμιν
615 2343 711 2398 τοῦ
756 2343 1040 2411 aedificat
1092 2342 1191 2412 τὴν
1234 2341 1426 2411 σοφίαν
1460 2336 1648 2404 αὑτοῦ,
1677 2337 1776 2390 καὶ
1825 2335 1925 2406 τὴν

355 2437 484 2507 περὶ
517 2437 662 2506 ἡμᾶς
714 2436 970 2508 πρόνοιαν
1005 2433 1194 2500 αὑτοῦ,
1229 2433 1328 2504 τὴν
1356 2429 1928 2502 καταλαμϐανομένην

352 2529 416 2580 ἐκ
443 2529 538 2598 τῆς
561 2529 850 2598 ἁγιότητος
881 2528 982 2599 τῆς
1007 2529 1387 2598 κυϐερνήσεως
1410 2525 1577 2580 αὑτοῦ
1617 2526 1696 2588 είς
1726 2524 1876 2594 ἡμᾶς
1906 2536 1924 2555 ⁸

350 2621 445 2672 καὶ
473 2623 530 2673 ὲν
563 2619 640 2689 τῷ
664 2621 836 2691 ἑτέρῳ
862 2620 1148 2690 ὀφθαλμῷ,
1175 2619 1488 2690 θεωροῦμεν
1518 2618 1618 2688 τὴν
1639 2616 1799 2680 δόξαν
1826 2615 1923 2684 τῆς

353 2709 568 2775 φύσεως
611 2709 775 2763 αὑτοῦ
826 2712 922 2778 τῆς
955 2711 1138 2778 ἁγίας,
1169 2712 1258 2764 ὅτε
1306 2711 1386 2772 είς
1413 2710 1482 2763 τὰ
1527 2711 1802 2779 μυστήρια
1860 2708 1929 2759 τὰ

353 2791 704 2861 πνευματικὰ
732 2793 1013 2864 εύδοκήσει
1036 2797 1064 2848 6
1093 2796 1225 2860 Θεὸς
1248 2798 1460 2862 είσάξαι
1495 2801 1661 2869 ἡμᾶς.
1695 2819 1714 2852 ι
1738 2802 1863 2867 ,Καὶ
1897 2803 1926 2855 ό

350 2882 492 2944 θεῖος
523 2882 795 2952 Διάδοχος·
826 2903 843 2934 ι
883 2885 988 2938 Τοῦ
1015 2887 1113 2955 μὲν
1145 2888 1263 2950 ἐνὸς
1294 2889 1453 2956 ἁγίου
1474 2889 1792 2960 Πνεύματος
1823 2893 1930 2944 είσὶ

346 2972 687 3042 χαρίσματα,
711 2973 744 3042 ἦ
783 2990 841 3025 τε
875 2974 1058 3044 σοφία,
1085 2978 1177 3028 καὶ
1203 2979 1236 3045 ἡ
1265 2977 1486 3045 γνῶσις,
1523 2979 1607 3054 ,ὡς
1631 2979 1726 3034 καὶ
1753 2980 1928 3033 πάντα

346 3063 412 3114 τὰ
457 3064 575 3115 θεῖα
615 3062 928 3134 χαρίσματα
958 3079 972 3094 ’
1021 3066 1155 3118 ίδίαν
1209 3068 1264 3120 δὲ
1310 3069 1499 3138 ὥσπερ
1540 3070 1770 3126 ἕκαστον
1828 3075 1928 3144 τὴν

2032 1959 2292 2028 dentiam,
2321 1977 2485 2031 quam
2519 1967 2850 2037 percipimus
2881 1986 2946 2025 ex
2981 1973 3276 2029 sanctitate
3309 1976 3606 2045 guberna--

2034 2050 2199 2107 tionis
2226 2052 2349 2123 ejus
2373 2053 2428 2109 in
2466 2072 2568 2113 nos
2593 2073 2608 2122 ;
2635 2059 2810 2116 altero
2839 2074 3019 2117 autem
3051 2066 3234 2128 oculo,
3261 2077 3461 2121 sanetae
3490 2069 3608 2136 ejus

2032 2154 2241 2200 natura:
2276 2148 2500 2216 gloriam
2554 2156 2988 2223 contenplamur,
3045 2158 3271 2227 quando
3332 2160 3386 2214 in
3445 2159 3606 2228 spiri-

2034 2237 2197 2291 tualia
2230 2243 2484 2310 mysteria
2517 2258 2619 2298 nos
2656 2244 2798 2300 Deus
2828 2247 3181 2304 introducere
3214 2250 3550 2321 dignabitur.
3579 2269 3599 2302 ι

2033 2324 2095 2380 Et
2137 2328 2359 2385 divinus
2391 2331 2698 2410 Diad‘ochus
2732 2351 2748 2391 :
2781 2353 2799 2388 ι
2833 2335 3006 2392 Unius
3030 2338 3248 2407 quidem
3281 2342 3458 2396 sancti
3489 2339 3614 2410 Spi-

2033 2420 2172 2474 ritus
2193 2421 2334 2476 dona
2361 2428 2559 2479 suntet
2582 2427 2850 2494 sapientia
2881 2437 2935 2482 et
2974 2430 3227 2494 scientia,
3255 2437 3316 2484 ut
3341 2440 3394 2486 et
3424 2434 3610 2486 omnia

2031 2511 2209 2566 divina
2251 2512 2408 2569 dona.
2451 2514 2674 2586 Singula
2712 2527 2892 2573 autem
2923 2521 3212 2590 propriam
3246 2521 3454 2578 habent
3484 2522 3606 2578 elli-

2031 2603 2258 2658 caciam.
2317 2606 2499 2676 Itaque
2551 2609 2642 2663 alii
2697 2609 2918 2678 quidem
2953 2613 3070 2666 dari
3106 2613 3461 2682 sapientiam,
3500 2615 3602 2668 alii

2033 2709 2167 2750 vero
2209 2697 2496 2752 scientiam
2527 2700 2582 2754 in
2633 2701 2828 2756 eodem
2871 2704 3064 2772 spiritu
3099 2715 3331 2760 testatur
3383 2706 3618 2775 Aposto-

2031 2786 2139 2842 lus.
2173 2787 2414 2844 Scientia
2438 2790 2584 2845 enim
2613 2791 2889 2848 hominem
2952 2798 3296 2865 experientia
3331 2796 3441 2851 Deo
3482 2814 3616 2852 con-

2026 2878 2229 2949 jungit,
2261 2880 2498 2935 animam
2530 2897 2636 2938 non
2691 2898 2918 2940 movens
2949 2887 3015 2940 ad
3074 2903 3256 2942 rerum
3297 2889 3613 2944 ratiocinia.

2029 2970 2154 3024 Ideo
2171 2978 2224 3024 et
2249 2973 2495 3028 nonnulli
2515 2989 2703 3029 eorum
2728 2977 2821 3046 qui
2847 2982 3204 3035 monasticam
3233 2982 3396 3036 vitam
3421 2993 3610 3052 agunt,

2030 3077 2127 3131 per
2176 3077 2295 3117 eam
2323 3065 2375 3118 in
2430 3081 2593 3121 sensu
2627 3067 3036 3129 illuminantur:
3077 3087 3184 3126 non
3218 3083 3395 3129 autem
3429 3074 3497 3129 ad
3531 3077 3612 3128 di-

349 3155 631 3223 ἐνέργειαν
681 3154 816 3224 ἔχει.
853 3156 1053 3227 Διόπερ
1093 3157 1236 3227 ἄλλῳ
1291 3163 1388 3229 μὲν
1421 3161 1659 3216 δίδοσθαι
1711 3165 1925 3233 σοφίαν,

2031 3154 2158 3208 vina
2217 3155 2508 3212 ratiocinia
2580 3160 2925 3228 perveniunt.
2991 3161 3266 3232 Sapientia
3351 3181 3499 3228 vero.
3561 3169 3608 3222 si

359 3242 504 3314 ἄλλῳ
531 3244 587 3296 δὲ
623 3245 826 3313 γνῶσιν
863 3246 1003 3299 κατὰ
1022 3248 1082 3300 τὸ
1112 3249 1242 3302 αὐτὸ
1275 3250 1515 3320 Πνεῦμα,
1534 3253 1563 3304 6
1600 3253 1926 3317 Ἀπόστολος

349 3341 620 3408 μαρτυρεῖ
644 3353 658 3366 '
686 3341 719 3408 ή
757 3339 858 3410 μὲν
899 3340 1006 3412 γάρ
1036 3344 1259 3410 γνῶσις,
1293 3345 1431 3414 αὐτῇ
1466 3347 1632 3418 πείρᾳ
1660 3348 1926 3402 συνάπτει

345 3427 434 3478 τὸν
477 3428 762 3499 ἄνθρωπον
795 3429 873 3500 τῷ
907 3432 1045 3502 Θεῷ,
1079 3435 1158 3496 είς
1196 3434 1390 3502 λόγους
1428 3438 1535 3489 τῶν
1580 3440 1927 3509 πραγμάτων

345 3518 440 3586 τὴν
467 3516 642 3589 ψυχὴν
677 3519 752 3588 μὴ
776 3521 1024 3577 κινοῦσα.
1058 3524 1148 3576 Διὸ
1173 3526 1266 3577 καί
1289 3543 1430 3590 τινες
1455 3528 1564 3580 τῶν
1585 3530 1681 3582 τὸν
1714 3531 1926 3601 μονήρη

348 3607 460 3676 βίον
507 3611 968 3679 φιλοσοφούντων,
1000 3616 1326 3683 φωτίζονται
1383 3619 1482 3687 μὲν
1535 3620 1628 3671 ὑπ’
1660 3622 1831 3688 αὐτῆς
1871 3625 1927 3676 ὲν

345 3701 593 3770 αἰσθήσει
626 3717 642 3731 ⁶
675 3704 756 3766 είς
803 3703 860 3756 δὲ
912 3705 1104 3774 λόγους
1147 3708 1324 3773 θείους
1375 3713 1474 3764 οὐκ
1541 3713 1816 3784 ἔρχονται.
1863 3714 1927 3767 Ἡ

344 3789 398 3841 δὲ
433 3793 612 3858 σοφία,
645 3793 803 3864 εἴπερ
835 3797 972 3863 μετὰ
994 3797 1194 3868 ταύτης
1219 3802 1276 3852 ἐν
1311 3802 1459 3872 φόὸῳ
1484 3803 1609 3874 δοθῇ
1633 3823 1738 3859 τινι
1771 3794 1928 3877 (σπά-

345 3895 454 3929 νιον
477 3879 531 3931 δὲ
565 3881 764 3951 τοῦτο),
793 3885 967 3948 αὑτάς
989 3887 1087 3950 τὰς
1113 3889 1387 3958 ἐνεργείας
1416 3897 1639 3964 φανεροί
1658 3898 1756 3965 τῆς
1787 3895 1929 3963 γνώ-

347 3986 519 4032 σεως·
560 3973 746 4043 ἐπειδὴ
788 3976 820 4046 ἡ
870 3981 988 4046 μὲν,
1021 3981 1087 4049 τῇ
1124 3982 1381 4052 ἐνεργείᾳ
1412 4001 1423 4012 ·
1461 3987 1492 4052 ἡ
1543 3985 1622 4048 δὲ,
1650 3986 1728 4056 τῷ
1777 3987 1923 4057 λόγῳ

345 4061 598 4126 φωτίζειν
630 4064 839 4119 εἴωθεν.
881 4067 1042 4120 Ἀλλὰ
1061 4072 1158 4139 τὴν
1199 4073 1296 4140 μὲν
1321 4058 1526 4140 γνῶσιν
1557 4077 1691 4146 εὐχὴ
1739 4078 1919 4148 φέρει,

347 4151 438 4202 καὶ
478 4151 645 4224 πολλὴ
695 4157 895 4226 ἡσυχία
938 4161 996 4210 ὲν
1057 4161 1362 4233 ἀμεριμνίᾳ
1409 4165 1682 4220 παντελεῖ.
1716 4168 1830 4236 Τὴν
1869 4168 1926 4222 δὲ

349 4239 560 4305 σοφίαν,
595 4244 912 4311 άκενόδοξος
961 4247 1162 4318 μελέτη
1215 4251 1324 4303 τῶν
1357 4253 1557 4320 λογίων
1611 4253 1707 4307 τοῦ
1766 4255 1925 4311 Θεοῦ.

349 4331 457 4382 Καὶ
492 4332 708 4401 πρῶτον
755 4337 787 4404 ή
820 4336 980 4406 χάρις
1015 4339 1108 4392 τοῦ
1134 4341 1368 4396 διδόντος
1398 4344 1557 4396 Θεοῦ.
1599 4364 1616 4396 ι
1657 4346 1800 4416 Πρὸς
1843 4346 1922 4413 δὲ,

347 4423 441 4474 καὶ
467 4425 495 4475 6
535 4425 689 4492 ἅγιός
736 4443 870 4496 φησι
905 4429 1160 4500 Μάξιμος
1215 4434 1274 4484 ὲν
1322 4437 1432 4497 τοῖς
1469 4435 1708 4504 Σχολίοις
1740 4453 1756 4467 θ
1797 4455 1816 4488 ‹
1853 4438 1928 4490 Τὸ

2032 3245 2120 3300 cui
2175 3261 2301 3301 eum
2334 3263 2397 3303 ea
2455 3249 2511 3305 in
2552 3251 2750 3306 timore
2787 3252 3020 3308 donetur
3049 3257 3255 3323 (rarum
3293 3269 3474 3312 autem
3502 3260 3607 3316 hoc

2032 3336 2159 3405 est,)
2196 3339 2344 3406 ipsas
2379 3341 2622 3398 scientia:
2663 3343 2806 3399 vires
2851 3346 3107 3415 explicat,
3139 3351 3398 3418 quoniam
3434 3352 3607 3407 altera

2031 3428 2252 3498 quidem
2309 3431 2570 3498 eﬂicacia,
2626 3433 2798 3488 altera
2832 3451 2963 3490 vero
3019 3439 3230 3492 ratione
3293 3441 3605 3496 illuminare

2032 3519 2196 3575 solet.
2223 3519 2328 3575 Sed
2357 3523 2646 3579 scientiam
2685 3531 2864 3580 oratio
2892 3528 3057 3584 alTert
3083 3541 3136 3584 et
3183 3536 3462 3600 magnain
3523 3547 3611 3587 sev

2032 3615 2264 3671 curitate
2313 3621 2699 3688 tranquillitas.
2756 3639 2870 3678 non
2921 3641 3074 3680 value
3131 3627 3318 3695 gloria:
3346 3637 3609 3696 appetens

2032 3707 2382 3762 oraculorum
2454 3711 2548 3766 Dei
2605 3714 2912 3770 meditatio.
2946 3717 3014 3770 Et
3075 3719 3252 3787 primo
3302 3719 3476 3790 gratia
3527 3729 3610 3775 est

2034 3797 2122 3850 Dei
2181 3800 2454 3856 donantis.
2495 3820 2513 3852 ι
2568 3804 2649 3858 Ad
2706 3807 2838 3872 haec,
2929 3807 3063 3862 dicit
3118 3825 3338 3879 quoque
3386 3821 3609 3866 sanctus

2031 3891 2298 3948 Maximus
2317 3895 2371 3946 in
2401 3893 2674 3952 Scholiis:
2706 3915 2726 3950 ι
2758 3897 2960 3954 Puteus
2980 3899 3152 3956 Jacob
3174 3902 3257 3957 e'st
3285 3902 3566 3973 Scriptura
3594 3921 3634 3958 :~

2033 3997 2172 4050 aqua
2225 3999 2377 4052 vero,
2404 4000 2469 4040 ea
2499 4001 2620 4055 quae
2651 3990 2702 4043 in
2735 3989 3017 4060 Scriptura
3063 4003 3146 4048 est
3178 3997 3406 4049 setentia
3440 4011 3608 4066 ;.pro-

2043 4070 2270 4152 fuudum
2307 4090 2459 4143 vero,
2493 4077 2793 4148 Scripturae
2829 4083 3176 4152 aenigmatum
3206 4084 3440 4141 diﬂicilis
3470 4102 3606 4143 con-

2031 4145 2312 4236 templatio
2337 4187 2351 4224 :
2381 4145 2633 4229 haustus
2655 4185 2840 4231 autem
2877 4187 2962 4232 est
2992 4178 3164 4233 divini
3192 4181 3337 4236 verbi
3379 4197 3474 4252 per
3524 4183 3606 4238 lit-

2029 4268 2173 4316 teras
2197 4261 2486 4332 disciplina
2512 4305 2526 4330 ,
2565 4281 2734 4336 quam
2774 4282 2886 4323 non
2912 4270 3141 4326 habebat
3170 4272 3454 4339 Dominus,
3481 4291 3604 4331 cum

2027 4350 2145 4421 ipse
2166 4361 2310 4409 esset
2342 4355 2676 4424 ipsissimum
2715 4357 2959 4415 Verbum
3015 4377 3196 4433 neque
3228 4366 3514 4420 scientiam
3541 4382 3604 4422 ex

2029 4443 2314 4513 disciplina
2375 4453 2428 4523 et
2462 4449 2816 4506 meditatione
2877 4452 3243 4510 credendibus
3289 4457 3477 4521 dedit,
3513 4459 3605 4513 sed

347 4515 522 4586 φρέαρ
551 4515 646 4569 τοῦ
688 4518 882 4571 Ἰακώό
905 4523 1054 4574 ἐστιν
1080 4525 1112 4592 ἡ
1151 4525 1338 4596 Γραφή
1366 4543 1379 4556 ο
1405 4527 1466 4578 τὸ
1496 4529 1550 4580 δὲ
1579 4528 1726 4599 ὕδωρ
1755 4529 1924 4596 ἐστὶν,

2030 4545 2146 4590 eam
2169 4550 2290 4602 qum
2309 4549 2372 4588 ex
2393 4519 2573 4606 {gratia
2596 4538 2953 4609 permanente
2979 4553 3033 4597 et
3073 4545 3370 4615 spirituali,
3405 4564 3607 4618 peren-

347 4606 378 4673 ἠ
408 4608 462 4654 ἐν
504 4609 569 4675 τῇ
594 4607 780 4679 Γραφῇ
808 4610 1010 4678 γνῶσις
1043 4629 1058 4644 ο
1087 4614 1150 4666 τὸ
1179 4614 1236 4666 δὲ
1267 4615 1453 4685 βάθος,
1488 4619 1522 4687 ἡ
1553 4618 1663 4672 τῶν
1701 4621 1927 4690 Γραφι-

2030 4626 2114 4678 nis
2145 4636 2247 4690 est,
2286 4642 2466 4697 neque
2497 4645 2738 4701 unquam
2767 4646 2970 4703 cessat,
2990 4636 3169 4704 dignis
3188 4637 3432 4694 donavit.
3459 4640 3601 4695 llau-

347 4692 462 4744 κών
499 4697 838 4766 αἰνιγμάτων
892 4701 1289 4775 δυσδιεξίτητος
1354 4707 1556 4777 θεωρία
1581 4725 1594 4740 ·
1631 4709 1692 4763 τὸ
1729 4710 1786 4763 δὲ
1829 4712 1926 4767 ἇν-

347 4787 531 4854 τ).ημά
572 4790 723 4844 ἐστιν
753 4793 786 4862 ἠ
825 4793 915 4847 διὰ
938 4794 1046 4848 τῶν
1079 4797 1423 4867 γραμμάτων
1451 4801 1545 4854 τοῦ
1594 4801 1739 4856 θείου
1767 4803 1926 4872 λόγου

352 4878 608 4947 μάθησιςο
640 4883 707 4953 ἢν
756 4886 856 4938 οὐκ
887 4883 1034 4957 εἶχεν
1077 4891 1105 4942 6
1151 4889 1380 4961 Κύριος,
1413 4893 1706 4964 αὑτολόγος
1747 4897 1928 4970 ὑπάρ-

350 4991 480 5039 χων,
512 4978 606 5029 καὶ
644 4978 706 5031 ού
735 4980 836 5051 τὴν
869 4985 934 5035 ἐκ
983 4983 1276 5054 μαθήσεως
1335 4989 1428 5041 καὶ
1465 4990 1696 5062 μελέτης
1728 4991 1929 5060 γνῶσιν

351 5065 526 5128 διδοὺς
571 5071 685 5133 τοῖς
729 5072 1106 5140 πιστεύουσιν,
1131 5077 1271 5132 ἀλλὰ
1325 5079 1425 5150 τὴν
1463 5083 1527 5134 ὲκ
1554 5083 1776 5153 χάριτος
1803 5086 1928 5139 ἀεν-

349 5157 477 5209 νὰου
533 5166 910 5234 πνευματικῆς
962 5167 1186 5222 ἀένναον
1229 5169 1442 5239 σοφίαν,
1475 5173 1570 5227 καὶ
1615 5173 1751 5244 μηδέ
1798 5191 1929 5229 ποτε

348 5245 620 5316 ὶήγουσαν
643 5257 755 5317 τοῖς
795 5254 966 5320 ἀξίοις
995 5258 1338 5330 δωρούμενος
1371 5279 1385 5293 ·
1422 5265 1483 5317 τὸ
1511 5265 1621 5337 γὰρ
1655 5266 1926 5338 ἄντλημα,

348 5341 625 5394 τούτεστιν
660 5344 694 5414 ή
743 5346 1000 5416 μάθησις,
1031 5351 1198 5421 μέρος
1246 5352 1529 5423 ἐλάχιστον
1573 5356 1929 5427 λαμϐάνουσα

349 5431 621 5498 γνώσεως,
649 5434 709 5486 τὸ
745 5437 852 5490 πᾶν
883 5439 970 5508 ἐᾷ,
1007 5441 1200 5510 μηδενὶ
1235 5445 1382 5517 λόγῳ
1418 5450 1815 5520 κρατούμενον.
1863 5452 1929 5506 Ἠ

348 5521 402 5572 δὲ
429 5523 570 5576 κατὰ
618 5525 777 5597 χάριν
811 5529 1034 5595 γνῶσις,
1067 5532 1197 5614 ὅλην
1226 5534 1361 5605 ἔχει,
1395 5542 1487 5590 καὶ
1515 5540 1637 5610 δίχα
1675 5543 1924 5614 μελέτης,

348 5613 445 5679 τὴν
463 5616 687 5687 ὲφικτὴν
703 5617 1010 5689 ἀνθρώποις
1035 5609 1246 5692 σοφίαν,
1277 5630 1414 5698 προς
1455 5633 1552 5696 τὰς
1574 5609 1770 5704 χρείας
1799 5609 1928 5690 ποια

351 5705 515 5768 χίλως
551 5707 945 5775 βλυστάνουσα.
985 5731 1004 5764 ι
1037 5716 1146 5768 Καὶ
1179 5712 1334 5781 αὖθις
1369 5722 1396 5773 6
1424 5720 1581 5788 ἅγιος
1626 5726 1882 5796 Διάδοχος
1909 5746 1923 5760 ο

357 5813 374 5844 ι
419 5794 479 5850 ’0
505 5799 628 5863 νοῦς
658 5801 836 5871 ἡμῶν,
868 5805 932 5858 τὰ
963 5805 1130 5860 πολλὰ
1181 5811 1305 5878 περὶ
1335 5813 1433 5882 μὲν
1469 5814 1566 5883 τὴν
1597 5819 1952 5890 προσευχὴν.’

2027 4723 2149 4769 etus
2183 4715 2353 4780 enim,
2390 4717 2443 4771 id
2496 4729 2582 4775 est
2653 4721 2965 4791 disciplina,
3023 4725 3319 4781 nonnullas
3367 4726 3602 4782 scientia

2025 4815 2211 4874 partes
2251 4807 2688 4882 apprehendens,
2717 4818 2890 4865 totum
2916 4812 3194 4883 relinquit,
3214 4815 3366 4869 nulla
3397 4817 3602 4873 ratione

2025 4896 2159 4953 illud
2191 4912 2465 4970 occupare
2506 4901 2714 4958 valens.
2746 4901 2880 4969 Qua;
2924 4887 3105 4959 autem
3149 4909 3449 4962 secundum
3483 4924 3602 4980 gra~

2025 4988 2156 5043 tiam
2221 5000 2306 5046 est
2389 4992 2648 5059 scientia,
2701 5003 2870 5049 totam
2931 4997 3096 5052 habet
3162 4999 3512 5068 sapientiam,
3552 5011 3599 5054 et

2027 5082 2234 5150 absque
2268 5083 2650 5153 meditatione,
2673 5101 2792 5142 eam
2825 5073 2953 5158 quas
2975 5089 3292 5146 hominibus
3317 5093 3603 5162 competit,

2025 5171 2090 5225 ad
2116 5173 2405 5229 utilitatem
2428 5177 2658 5243 variam,
2686 5181 2940 5248 gignens.
2972 5199 2992 5233 ι
3047 5183 3110 5237 Ει
3132 5198 3350 5237 rursum
3373 5195 3598 5241 sanctus

2020 5265 2370 5325 Diadochus:
2411 5288 2430 5321 ι
2466 5269 2615 5326 Mens
2667 5279 2876 5335 nostra,
2921 5273 3119 5345 inquit,
3172 5276 3496 5346 plerumque
3531 5277 3597 5332 ad

2023 5358 2330 5414 orationem
2383 5361 2600 5418 diﬂicile
2642 5372 2928 5431 movetur;
2984 5366 3110 5434 'quia
3166 5381 3362 5436 nempe
3425 5367 3594 5422 virtus

2022 5452 2260 5519 optativa
2293 5453 2460 5508 nimis
2483 5462 2634 5508 arcta
2658 5465 2710 5508 et
2744 5467 2975 5527 angusta
3007 5467 3127 5525 est;
3161 5459 3448 5530 theologia:
3469 5475 3594 5515 vero
3633 5487 3647 5533 ξ

2021 5543 2196 5598 libens
2253 5544 2487 5614 seipsam
2538 5541 2724 5609 ti'adit,
2793 5548 2921 5616 quia
2989 5549 3171 5604 divina
3205 5552 3593 5620 contemplatio

2021 5632 2172 5703 larga
2209 5641 2264 5688 et
2315 5635 2493 5690 soluta
2539 5645 2644 5691 est.
2683 5635 2762 5691 Ne
2814 5647 2995 5693 autem
3050 5639 3153 5710 ipsi
3188 5642 3355 5695 multa
3383 5643 3593 5699 dicendi

2022 5725 2358 5780 voluntatem
2414 5728 2629 5796 demus,
2681 5745 2742 5783 ac
2772 5746 2935 5800 supra
2972 5733 3194 5786 modum
3227 5735 3448 5788 evolare
3478 5752 3592 5789 eazr.

2021 5817 2290 5884 sinamus,
2330 5820 2546 5888 lmtitize,
2582 5824 2816 5878 orationi
2850 5823 3168 5898 plerumque
3191 5835 3242 5879 et
3287 5827 3590 5899 psalmodia
