4058 6444
315 403 418 466 75¹7

1538 398 1939 465 OPUSCULA
1960 350 2005 454 Ἀ
2018 393 2351 455 scenes.

3483 377 3589 438 733

327 518 616 590 προσόντα,
683 516 789 580 ἕως
843 514 963 569 ἐστι
1018 517 1112 570 καὶ
1167 517 1492 587 ὑφέστηκεν,
1551 515 1896 586 ἀναφαίρετα

2013 507 2243 576 quandiu
2287 504 2619 567 subsistunt,
2658 499 2862 556 auferri
2896 503 3197 567 nequeunt.
3252 493 3456 547 Anima
3491 491 3593 560 igi—

320 609 600 679 τυγχάνει.
648 608 716 661 Ἦ
745 606 890 678 ψυχὴ
919 603 1033 673 οὖν,
1071 608 1160 663 ἀεί
1187 625 1246 661 τε
1278 605 1414 662 οὖσα
1443 609 1535 677 ἀφ’
1589 601 1651 661 οῦ
1680 609 1895 676 γέγονε,

321 702 416 756 καὶ
444 699 805 770 ὑφισταμένη,
855 698 946 754 διὰ
994 699 1085 752 τὸν
1123 700 1298 762 οὕτως
1336 699 1506 770 αὐτὴν
1557 699 1897 770 δημιουργή-

324 810 495 845 σαντα
523 791 676 856 Θεὸν,
709 791 798 845 ἀεὶ
829 792 960 857 νοεῖ,
1012 792 1105 845 καὶ
1135 791 1430 860 λογίζεται,
1483 791 1578 845 καὶ
1607 789 1895 858 γινώσκει,

324 886 418 939 καὶ
442 885 562 944 καθ’
586 883 816 954 ἑαυτὴν,’
839 885 933 940 καὶ
963 883 1104 954 μετὰ
1131 883 1404 953 σώματος,
1442 883 1509 936 δι’
1540 884 1762 954 ἑαυτὴν,
1806 884 1899 938 καὶ

325 973 421 1045 τὴν
449 974 650 1044 ἑαυτῆς
697 972 880 1043 φύσιν.
909 975 1097 1037 Οὐδεὶς
1121 970 1215 1028 οὖν
1250 975 1608 1045 εὑρεθήσεται
1657 975 1834 1043 λόγος,
1870 978 1899 1029 ὁ

323 1067 423 1135 τὴν
454 1065 633 1136 ψυχὴν
662 1064 770 1118 τῶν
793 1065 1104 1137 προσόντων
1136 1066 1270 1135 αὐτῇ
1307 1068 1572 1135 φυσικῶς,
1605 1067 1696 1120 καὶ
1723 1068 1784 1120 οὐ
1813 1067 1901 1120 διὰ

325 1158 385 1210 τὸ
424 1159 604 1227 σῶμα,
637 1159 778 1228 μετὰ
806 1159 906 1227 τὴν
951 1158 1143 1210 τούτου
1197 1157 1370 1224 λύσιν,
1411 1159 1769 1229 ἀλλοτριῶσαι
1807 1161 1900 1214 δυ-

328 1249 586 1318 νάμενος.
634 1268 652 1299 ι
700 1249 854 1304 Ἐπεὶ
875 1245 969 1304 οὖν
994 1250 1086 1304 τὸν
1109 1250 1234 1306 νοῦν
1262 1252 1360 1304 καὶ
1393 1253 1491 1323 τὴν
1512 1251 1751 1306 διάνοιαν
1785 1255 1904 1306 ἐπι-

326 1335 669 1406 γινώσκομέν
702 1353 764 1388 τε
791 1338 894 1391 καὶ
919 1341 1072 1409 παρὰ
1097 1337 1206 1393 τῶν
1229 1338 1400 1408 ἁγίων
1435 1342 1797 1410 μυσταγωγού
1807 1359 1904 1412 με-

329 1427 417 1492 θα,
453 1430 546 1482 καὶ
567 1430 709 1482 κατὰ
739 1428 832 1484 τὸν
859 1429 954 1484 νῦν
975 1431 1168 1497 αἰῶνα,
1204 1431 1300 1484 καὶ
1326 1432 1464 1486 κατὰ
1495 1433 1586 1486 τὸν
1619 1433 1902 1503 μέλλοντα,

328 1525 461 1595 περὶ
489 1525 622 1578 Θεὸν
654 1525 920 1579 κινεῖσθαι
974 1528 1070 1582 καὶ
1114 1529 1408 1598 συνεργεῖν.
1458 1527 1566 1600 [τσ.
1601 1528 1901 1600 ὲνεργεῖν]’

329 1617 427 1680 τὰς
456 1617 499 1670 δ’
528 1615 692 1679 ἄλλας
720 1617 983 1688 δυνάμεις
1029 1618 1174 1672 κατὰ
1199 1619 1566 1690 τὸν-παρόντα
1618 1621 1713 1674 καὶ
1746 1623 1907 1691 μόνον

331 1711 526 1776 αἰῶνα,
565 1711 640 1772 ὡς
673 1709 810 1774 ιδίας
857 1711 1006 1782 αὐτῷ
1069 1713 1188 1768 δέον
1231 1714 1447 1785 καὶετὴν
1474 1713 1670 1785 ψυχὴν,
1704 1713 1796 1776 οἵτ’
1820 1715 1906 1769 ἐν·

330 1819 516 1872 τεχνον
572 1802 932 1874 κυϐερνήτην,
990 1805 1084 1859 καὶ
1110 1806 1172 1859 τὸ
1222 1806 1388 1876 κῦρος
1413 1807 1618 1862 τούτων
1663 1811 1910 1879 φυσικῶς

2013 610 2120 660 tur.
2148 613 2268 667 quae
2291 613 2355 652 ex
2387 612 2495 664 quo
2517 605 2699 651 creata
2723 601 2831 657 est,
2853 604 3070 660 semper
3123 587 3223 641 fuit
3256 600 3319 640 ac
3346 581 3594 640 substitit

2015 706 2110 762 per
2168 690 2338 745 Deum
2374 688 2466 758 qui
2507 689 2680 758 ipsam
2735 684 2964 745 creavit,
3001 694 3216 750 semper
3273 677 3476 747 cogitat
3529 687 3594 726 ac

2010 781 2391 845 ratiocinatnr,
2433 787 2488 833 et
2518 775 2815 847 cognoscit,
2865 782 2918 827 et
2952 771 3254 827 secundum
3289 783 3349 822 se
3381 776 3434 820 et
3464 779 3591 820 cum

2011 890 2264 946 corpore,
2299 888 2394 942 per
2419 887 2477 926 se
2501 878 2556 926 et
2589 883 2747 925 suam
2782 876 3062 921 naturam.
3114 860 3269 915 Nulla
3307 870 3485 912 autem
3513 856 3596 909 in-

2011 968 2261 1021 venietur
2295 954 2434 1018 ratio
2459 975 2581 1032 qua:
2622 960 2860 1014 animam
2911 957 2979 1010 ab
3009 955 3078 1010 iis
3109 967 3234 1022 qua:
3275 949 3375 1017 ipsi
3407 949 3596 1002 insunt

2015 1072 2197 1127 neque
2227 1071 2325 1126 per
2376 1068 2600 1124 corpus,
2658 1059 2780 1119 post
2847 1047 3096 1118 corporis
3142 1041 3595 1101 dissolutionem,

2010 1163 2267 1219 separare
2293 1155 2482 1216 queat.
2532 1163 2550 1197 ι
2604 1141 2742 1198 Cum
2780 1141 2947 1211 igitur
2981 1138 3226 1194 sciamus
3281 1145 3516 1187 mentem
3543 1141 3599 1184 et

2020 1223 2411 1310 cogitationem
2444 1238 2632 1308 (idque
2665 1250 2765 1290 nos
2793 1232 2968 1289 sancti
2996 1227 3275 1297 doceant.)
3299 1235 3350 1281 et
3382 1226 3434 1278 in
3464 1238 3600 1292 pra:—

2010 1334 2150 1390 senti
2175 1332 2376 1388 saeculo
2397 1339 2452 1384 et
2470 1330 2751 1398 in',l'uturo,
2780 1325 2846 1380 ad
2867 1323 3034 1377 Deum
3057 1321 3264 1375 moveri
3287 1327 3340 1372 et
3361 1315 3598 1383 operari,

2009 1435 2234 1482 caeteras
2281 1437 2412 1478 vero
2444 1420 2742 1491 potentias,
2767 1420 2819 1471 in
2869 1413 3116 1484 praesenti
3166 1421 3374 1466 tantum
3402 1407 3599 1462 saeculo

2015 1528 2073 1572 ut
2127 1516 2257 1572 huic
2292 1515 2494 1571 saeculo
2543 1511 2826 1583 proprias;
2855 1515 3070 1579 oportet
3115 1505 3284 1575 igitur
3311 1503 3596 1559 utauima,

2014 1625 2278 1680 tanquam
2314 1609 2523 1680 peritus
2557 1606 2908 1677 gubernator,
2940 1603 2992 1655 in
3025 1612 3233 1668 easque
3279 1594 3603 1650 naturaliter

2008 1703 2320 1764 dominans,
2352 1701 2602 1771 nequein
2623 1696 2880 1768 prtrsenti
2913 1701 3124 1749 tantum
3144 1685 3602 1752 saeculo,utdixio

2011 1811 2156 1863 mus,
2206 1809 2452 1865 Operam,
2484 1790 2723 1847 mentem
2752 1787 3252 1858 cogitationemque
3284 1776 3602 1864 omnimodo

331 1855 580 1964 ἐχὲυσαν,
612 1855 808 1966 καὶιμῦί
840 1855 1082 1951 κιαέἅζδ-
1105 1855 1283 1968 ’ἐξιΡῶ

2013 1897 2054 1942 et
2100 1855 2359 1941 ardenter
2389 1855 2456 1938 ad
2502 1883 2671 1938 Deum
2695 1855 2894 1948 dirig—at
2938 1886 2991 1932 et
3016 1882 3249 1936 moveat,
3273 1880 3328 1926 et
3367 1883 3492 1924 cum
3536 1855 3601 1921 eo

335 1983 550 2056 μένην],
586 1985 747 2055 μόνον
774 1987 1094 2058 διενεργεῖν,
1151 1990 1287 2044 ἀλλὰ
1314 1992 1455 2045 κατὰ
1484 1993 1544 2045 τὸ
1575 1993 1768 2062 μέλλον
1799 1995 1910 2064 μά·-

332 2075 510 2141 λιστα,
531 2077 624 2130 τὸν
645 2077 791 2143 νοῦν,
812 2079 907 2132 καὶ
937 2080 1044 2150 τὴν.
1064 2080 1300 2135 διάνοιαν
1321 2082 1632 2154 ὁλοτρόπως
1657 2085 1908 2140 σπεύδειν

324 2167 634 2224 ,ἀνατείνειν
667 2169 805 2238 πρὸς
829 2169 920 2224 τὸν
951 2171 1102 2237 Θεὸν,
1129 2173 1220 2226 καὶ
1254 2176 1442 2237 κινεῖν,
1479 2177 1571 2229 καὶ
1594 2177 1908 2245 συνάπτειν,

338 2258 396 2325 ἐν
418 2256 494 2327 τῷ
522 2258 620 2327 τῆς
650 2260 900 2332 καθαρᾶς
927 2264 1256 2335 προσευχῆς,
1282 2267 1382 2320 καὶ
1407 2251 1526 2336 ’τῆς
1548 2271 1760 2339 νοερᾶς,
1815 2273 1912 2326 καὶ

343 2353 576 2421 ἑνιαίας,
613 2351 708 2406 καὶ
753 2352 933 2422 ἁπλῆς
963 2352 1229 2424 ἐργασίας
1266 2351 1465 2423 καιρῷ,
1495 2355 1594 2424 τῆς
1626 2355 1683 2408 δὲ
1713 2373 1917 2424 φαντα-

333 2445 454 2506 σίας
479 2443 775 2498 τοκαθόλου
806 2443 1303 2515 τοῦτον-χωρίζειν,
1335 2445 1434 2501 καὶ
1479 2446 1590 2500 τῶν
1619 2445 1796 2502 ἄλλων
1824 2450 1914 2503 δυ-

329 2535 570 2604 νάμεωνο
605 2534 747 2588 κατά
796 2533 907 2606 γὰρ
938 2535 1030 2588 τὸν
1065 2534 1221 2603 ἆγιον
1253 2535 1468 2602 Νεῖλον,
1515 2553 1534 2588 ι
1565 2537 1915 2604 Κατάστασίς

328 2629 442 2681 ἐστι
471 2629 800 2699 προσευχῆς,
833 2628 945 2694 ἕξις
970 2629 1184 2694 ἀπαθής
1205 2643 1218 2658 ·
1249 2627 1413 2698 ἔρωτι
1457 2628 1766 2702 ἀκροτάτῳ,
1831 2634 1913 2692 είς

2004 1978 2157 2033 uniat
2185 1978 2239 2031 in
2277 1975 2491 2030 mundae
2537 1987 2602 2028 ac
2631 1968 2938 2042 spiritualis
2967 1977 3020 2021 et
3047 1965 3210 2019 unius
3240 1978 3305 2018 ac
3334 1959 3600 2030 simplicis

2003 2070 2268 2126 orationis
2299 2077 2579 2139 tempore;
2617 2071 2854 2135 oportet,
2889 2062 3134 2130 inquam,
3165 2065 3224 2111 ut
3253 2070 3348 2111 eas
3374 2070 3401 2109 a
3423 2054 3598 2122 phan-

2005 2162 2142 2216 tasia
2166 2159 2391 2216 omnino
2418 2159 2671 2228 sejungat
2698 2165 2752 2211 et
2779 2155 2846 2209 ab
2871 2153 2994 2207 aliis
3042 2149 3323 2220 potentiis.
3351 2145 3422 2202 Ut
3449 2144 3598 2198 enim

2006 2256 2139 2311 dicit
2165 2263 2390 2310 sanctus
2446 2250 2622 2316 Nilus,
2663 2269 2681 2300 ι
2719 2246 2996 2304 Orationis
3052 2242 3346 2306 ordinatio,
3384 2237 3602 2292 habitus

2007 2350 2214 2419 absque
2233 2345 2539 2415 cupiditate
2560 2361 2573 2397 :
2600 2338 2957 2396 ardentisimo
2975 2349 3162 2390 amore
3181 2335 3239 2388 in
3261 2329 3599 2401 spiritualem

2009 2440 2350 2496 altitudinem
2381 2435 2681 2505 sapientem
2738 2429 3192 2502 spiritualemque
3243 2433 3479 2478 mentem
3513 2435 3602 2474 ra-

2011 2535 2186 2606 piens.
2228 2551 2245 2583 ι
2285 2529 2378 2586 Sic
2423 2529 2567 2584 enim
2604 2541 2771 2598 agens
2822 2523 3026 2588 anima,
3057 2535 3203 2586 eam,
3234 2531 3356 2587 qua:
3413 2516 3590 2586 ipsam

2012 2625 2170 2682 decet
2200 2631 2486 2691 ornatque,
2517 2620 2838 2691 dignitatem
2870 2616 3131 2673 servabit.

327 2725 461 2794 ὕψος
498 2723 690 2794 νοητὸν
729 2721 1061 2802 ἁρπάζουσα
1109 2722 1201 2776 τὸν
1232 2723 1546 2793 φιλόσοφον,
1580 2725 1679 2778 καὶ
1718 2724 2092 2793 πνευματικὸν
2119 2723 2265 2780 νοῦν.
2315 2742 2336 2777 ι
2373 2723 2532 2779 Οὕτω
2585 2725 2680 2779 καὶ
2731 2709 2850 2798 γὰρ
2887 2727 3206 2799 πράττουσα
3236 2727 3270 2796 ἡ
3322 2727 3499 2798 ψυχὴ,
3531 2730 3592 2782 τὸ

325 2817 474 2884 εἰκὸς
511 2819 679 2890 αὐτῇ,
709 2819 804 2872 καὶ
834 2817 1020 2886 τίμιον
1052 2815 1298 2888 ἀξίωμα,
1328 2817 1515 2872 ἔσεται
1538 2817 1998 2888 διαφυλάττουσα.

883 2949 1012 3002 Ἔτι
1042 2944 1177 3015 περὶ
1216 2947 1379 3009 νοός.

408 3042 470 3098 o'.
509 3039 788 3105 Ὡσαύτως
817 3039 874 3093 δὲ
906 3038 992 3091 δεῖ·
1009 3038 1104 3091 καὶ
1133 3037 1296 3090 αὑτὸν
1325 3031 1418 3089 τὸν
1447 3033 1681 3100 νοῦν,ὼς
1709 3030 1912 3103 ἀμερῆ,

328 3136 423 3189 καὶ
457 3133 656 3204 ἁπλῆν,
681 3134 774 3186 καὶ
805 3131 1066 3199 αὐτοτελῆ
1091 3129 1218 3182 ὅντα
1252 3128 1462 3193 οὐσίαν,
1495 3126 1764 3198 καθαρὰν,
1817 3125 1916 3179 καὶ

2546 2935 2731 2988 Adhuc
2765 2933 2826 2986 de
2861 2940 3050 2986 mente.

2015 3102 2018 3105 π
2075 3034 2166 3089 70.
2199 3031 2464 3086 Similiter
2489 3038 2675 3083 autem
2709 3031 2926 3094 oportet
2950 3033 3005 3080 ct
3039 3023 3215 3092 ipsam
3246 3028 3507 3082 mentem,
3536 3027 3595 3072 ut

2004 3125 2247 3197 partium
2279 3128 2564 3192 expertem
2597 3118 2904 3189 simplicem
2935 3126 2988 3171 et
3019 3131 3116 3186 per
3161 3129 3218 3173 se
3264 3113 3592 3169 absolutam,

327 3227 613 3297 φωτοειδῆ,
661 3225 855 3280 ἑαυτὸν
903 3225 1090 3294 τηρεῖν
1142 3223 1237 3275 καὶ
1273 3221 1570 3290 φυλάσσειν
1621 3221 1912 3290 ἀμέτοχον,

2013 3217 2269 3272 mundam
2303 3229 2368 3272 ac
2406 3214 2617 3270 lumine
2645 3221 2925 3279 ornatam,
2981 3211 3218 3280 seipsam
3255 3220 3500 3263 servare
3532 3219 3596 3258 ac

326 3321 422 3374 καὶ
460 3318 862 3389 μεμερισμένον
901 3315 1124 3385 ταύτης,
1188 3315 1358 3384 ἤγουν
1417 3312 1517 3383 τῆς
1564 3311 1910 3382 φαντασίας,

326 3413 403 3476 ὡς
432 3413 526 3465 καὶ
550 3409 714 3465 αὐτὸν
740 3411 834 3480 ἀφ’
867 3407 1061 3461 ἑαυτοῦ
1093 3405 1324 3477 δύναμιν
1357 3403 1596 3475 φυσικὴν
1629 3405 1912 3473 κεκτημέ-

327 3520 416 3556 νον
439 3503 516 3564 είς
541 3500 722 3564 τοῦτο,
753 3499 849 3554 καὶ
875 3501 954 3562 είς
985 3499 1046 3551 τὸ
1105 3497 1350 3569 ἀσχέτως
1389 3496 1527 3568 πρὸς
1562 3493 1754 3549 ἑαυτὸν
1783 3497 1916 3549 ἁνα-

329 3593 532 3659 πολεῖν,
569 3593 666 3646 καὶ
700 3591 1127 3660 συστρέφεσθαι,
1161 3591 1255 3643 καὶ
1289 3591 1576 3646 κινεῖσθαι.
1613 3588 1785 3642 Τοῦτο
1808 3590 1915 3658 γάρ

329 3688 476 3738 ἐστιν
514 3685 755 3754 ἠςστάσις
780 3683 874 3737 τοῦ
899 3684 1013 3747 νοῦ,
1041 3684 1068 3736 ὃ
1094 3684 1239 3754 παρὰ
1274 3684 1375 3752 τῆς
1405 3682 1554 3745 θείας
1583 3681 1732 3751 αὐτῷ
1763 3681 1916 3750 ἐγγί-

329 3794 478 3830 νεται
503 3777 744 3848 χάριτος,
777 3777 921 3828 κατὰ
952 3776 1041 3829 τὸν
1067 3777 1166 3843 τῆς
1197 3775 1480 3844 Κλίμακος
1503 3774 1731 3841 λέγοντα
1751 3789 1766 3805 °
1803 3773 1916 3842 (ιτὸ

331 3868 529 3936 στῆσαι
557 3868 650 3920 τὸν
683 3866 831 3932 νοῦν,
863 3868 1022 3937 μόνον
1057 3866 1151 3920 τοῦ
1185 3866 1340 3934 ἁγίου
1371 3866 1692 3934 Πνεύματός
1722 3869 1858 3918 εστι.
1892 3885 1908 3916 ι

332 3959 454 4011 Κᾶν
475 3958 584 4030 γὰρ
609 3961 701 4013 καὶ
730 3959 868 4012 καθὸ
889 3959 1120 4028 δύναμις
1154 3957 1229 4012 ὣν
1261 3959 1290 4011 ὁ
1317 3957 1443 4021 νοῦς
1473 3961 1574 4027 τῆς
1603 3957 1916 4028 ψυχῆς,καὶ
1941 3945 1944 3947 λ

333 4049 424 4103 ὑπ’
450 4051 618 4120 αὐτῆς
641 4050 859 4119 κινῆται
898 4051 992 4104 καὶ
1040 4049 1278 4120 ἀρχηταί
1300 4066 1441 4113 πως,
1465 4049 1579 4101 ἀλλ’
1616 4047 1707 4102 οὖν
1729 4065 1794 4116 γε
1821 4048 1916 4100 καὶ

330 4141 608 4212 ὀφθαλμὸς
662 4142 834 4211 αὐτῆς
885 4141 1001 4211 ἔστι
1056 4159 1132 4194 τε.
1172 4141 1266 4195 καὶ
1291 4139 1617 4211 ὀνομάζεται
1646 4179 1661 4202 ,
1713 4139 1808 4193 καί
1849 4153 1914 4207 γε

335 4233 475 4285 ίδίαν
501 4231 622 4285 τινὰ
652 4231 882 4300 δύναμιν
909 4231 1144 4302 φυσικὴν
1170 4231 1369 4301 ἁπλῆν,
1406 4230 1501 4284 καὶ
1533 4230 1815 4299 αὐτοτελῆ,
1841 4229 1918 4292 ὠς

2000 3311 2276 3368 cuStodire
2296 3323 2408 3364 non
2432 3306 2756 3380 participem
2782 3315 2838 3364 et
2860 3314 3171 3376 separatam
3199 3302 3266 3358 ab
3285 3302 3396 3364 illa,
3420 3301 3598 3372 phan-

2002 3404 2144 3459 tasia
2178 3415 2378 3472 nempe
2405 3417 2423 3462 :
2456 3401 2660 3473 quippe
2681 3413 2804 3470 quae
2834 3414 2992 3454 mens
3013 3413 3041 3451 a
3076 3396 3260 3465 seipsa
3287 3395 3594 3449 naturalem

2001 3495 2282 3567 possideat
2319 3493 2619 3564 potentiam
2661 3493 2727 3548 ad
2764 3507 2825 3548 se
2851 3490 3166 3546 revertendi
3219 3499 3272 3543 et
3301 3504 3360 3544 se
3405 3488 3588 3543 alendi

2005 3584 2392 3654 movendique.
2440 3583 2514 3638 Ea
2544 3592 2628 3638 est
2659 3581 2806 3636 enim
2842 3581 3041 3636 mentis
3073 3579 3312 3650 requies,
3348 3594 3469 3648 quae
3495 3578 3596 3646 ipsi

2004 3678 2188 3733 divina
2209 3678 2381 3745 gratia
2404 3684 2720 3746 praestatur,
2748 3683 2809 3730 ut
2832 3673 2964 3731 dicit
2986 3672 3318 3728 Climacicus
3346 3689 3360 3726 :
3397 3691 3415 3724 ‹
3446 3670 3599 3725 blen-

2012 3755 2120 3824 tem
2179 3769 2550 3837 requiescere,
2589 3782 2700 3822 non
2732 3775 2818 3821 est
2859 3765 2964 3820 nisi
2999 3779 3028 3818 a
3079 3763 3285 3834 Spiritu
3319 3774 3526 3818 sancto.
3571 3783 3590 3816 ι

2008 3859 2128 3916 Etsi
2165 3861 2337 3924 enim,
2363 3859 2415 3913 in
2457 3868 2721 3928 quantum
2760 3857 2958 3911 animm
2982 3857 3221 3928 potentia
3245 3867 3331 3912 est
3351 3857 3592 3921 animus,

2007 3963 2062 4010 et
2119 3953 2186 4008 ab
2256 3953 2373 4022 ipsa
2432 3959 2716 4006 moveatur
2768 3949 3092 4016 oriaturque
3161 3950 3596 4017 quodammodo,

2010 4047 2104 4104 sed
2133 4055 2316 4106 tamen
2334 4046 2455 4116 ejus
2483 4045 2676 4101 oculus
2701 4053 2787 4100 est
2809 4059 2874 4100 ac
2893 4043 3230 4111 nominatur,
3248 4053 3302 4098 et
3322 4046 3600 4114 prapriam

2014 4144 2120 4199 vim
2157 4139 2464 4196 naturalem
2488 4151 2542 4194 et
2573 4154 2668 4207 per
2698 4153 2758 4192 se
2792 4139 3207 4202 subsistentem,
3244 4147 3304 4192 ut
3328 4138 3600 4202 diximus,

2011 4217 2266 4299 possidet.
2300 4228 2534 4307 Ideoque
2563 4238 2617 4284 et
2636 4231 2854 4300 quando
2883 4245 3035 4284 mens
3093 4239 3342 4300 remanet
3381 4229 3603 4283 relative

333 4323 582 4392 εἴπομεν,
618 4324 859 4377 πλουτεῖ.
889 4324 988 4378 Διά
1019 4340 1102 4376 τοι
1145 4323 1324 4386 τοῦτο,
1372 4323 1465 4376 καὶ
1498 4321 1739 4392 ὁπηνίκα
1775 4323 1914 4375 κατὰ

2015 4325 2082 4380 ad
2115 4325 2356 4379 animam
2396 4323 2632 4393 ejusque
2686 4323 2961 4392 potentias
3024 4322 3312 4394 disposita,
3348 4332 3478 4377 tunc
3519 4331 3603 4376 est

333 4415 497 4482 φύσιν
537 4415 801 4485 σχετικῶς
829 4415 968 4484 πρός
993 4431 1052 4467 τε
1079 4417 1180 4485 την
1225 4413 1426 4484 ψυχὴν,
1465 4412 1560 4466 καὶ
1607 4412 1706 4477 τὰς
1745 4412 1914 4482 αὐτῆς

2015 4425 2073 4483 ut
2094 4419 2334 4488 potentia
2362 4429 2515 4472 mens
2542 4432 2558 4482 ;
2592 4424 2646 4470 et
2679 4414 2930 4468 animalis
2965 4414 3122 4469 homo
3152 4425 3521 4485 nuncupatur.
3545 4416 3600 4468 Si

331 4507 594 4576 δυνάμεις
617 4506 853 4560 διατελεῖ
879 4507 1248 4576 διακείμενος,
1308 4506 1428 4558 τότε
1453 4505 1518 4576 δὴ
1551 4506 1645 4558 καὶ
1687 4505 1914 4574 δυνάμει

2015 4517 2199 4564 autem
2216 4508 2516 4579 propriam,
2545 4509 2873 4573 naturalem,
2895 4507 3229 4576 simplicem,
3254 4505 3602 4562 essentialem

333 4597 456 4660 νοῦς
487 4602 657 4664 ἐστιν,
709 4599 846 4668 ὅπερ
901 4597 996 4650 καὶ
1039 4597 1272 4667 ψυχικὸς
1314 4596 1602 4668 ἄνθρωπος
1633 4596 1914 4668 κέκληται.

2018 4597 2337 4669 dignitatem
2399 4597 2808 4668 recuperaverit
2867 4579 3327 4666 splendoremque
3369 4597 3603 4664 partium

346 4692 578 4744 Ὀπόταν
601 4691 656 4745 δὲ
695 4692 792 4761 τὴν
828 4692 965 4744 ίδίαν
1011 4692 1270 4762 φυσικὴν,
1295 4692 1388 4745 καὶ
1449 4691 1627 4761 ἁπλῆν
1685 4691 1920 4765 οὐσιὼδη

334 4782 580 4854 ἀναλάϐῃ
607 4783 784 4847 ἀξίαν,
816 4783 911 4837 καὶ
945 4785 1302 4854 φαιδρότητα,
1339 4783 1437 4854 τὴν
1461 4785 1664 4855 ἀμερῆ,
1698 4787 1794 4838 καὶ
1817 4785 1920 4837 αὒ-

336 4874 549 4944 τοτελῆ,
586 4876 682 4928 καὶ
717 4875 1133 4941 αὐτοδέσποτον,
1168 4877 1336 4945 ἤγουν
1369 4875 1660 4946 ἀπαλλαγῇ
1715 4875 1826 4930 τῶν
1860 4895 1919 4930 τε

339 4966 690 5031 σωματικῶν,
720 4967 814 5019 καὶ
839 4965 1086 5036 ψυχικῶν
1117 4967 1364 5033 φυσικῶν
1389 4967 1650 5037 σχέσεων,
1685 4970 1779 5020 καὶ
1833 4985 1921 5020 κι-

338 5056 572 5126 νήσεων,
605 5059 700 5109 καὶ
726 5057 834 5110 ἀπὸ
865 5057 959 5110 τοῦ
985 5057 1212 5127 δυνάμει
1243 5057 1366 5120 νοῦς
1391 5053 1552 5122 εἶναι,
1573 5058 1652 5120 είς
1680 5058 1740 5110 τὸ
1771 5059 1923 5128 ἐνερ-

337 5147 463 5217 γείᾳ
486 5147 610 5210 νοῦς
643 5148 896 5217 γενέσθαι
925 5147 1151 5219 ἀξιωθῇ,
1186 5150 1304 5220 ἦτοι
1339 5150 1420 5213 εἰς
1449 5149 1541 5203 τὸν
1563 5150 1703 5220 ὑπὲρ
1734 5150 1918 5219 φύσιν,

338 5240 431 5290 καὶ
470 5242 842 5309 πνευματικὸν
894 5240 1146 5311 προκύψῃ
1197 5239 1505 5312 ἄνθρωπον,
1566 5243 1687 5295 τότε
1727 5242 1791 5309 δὴ
1835 5243 1923 5296 ἀεὶ

339 5329 477 5397 πρὸς
524 5330 716 5383 ἑαυτὸν
750 5331 986 5395 ἀκλινῶς
1027 5332 1414 5402 ἐπανέρχεται,
1451 5333 1544 5384 καὶ
1591 5333 1662 5385 δι’
1703 5333 1919 5399 ἑαυτοῦ,

339 5421 480 5491 πρδς
525 5423 623 5493 τὴν
656 5423 750 5475 τοῦ
783 5423 916 5476 Θεοῦ
945 5424 1154 5478 ἔννοιαν
1185 5424 1431 5496 ἀσχέτως
1465 5425 1744 5478 ἀναϐαίνει
1790 5427 1925 5480 πάν-

339 5528 428 5581 τη,
465 5513 559 5564 καὶ
587 5512 891 5575 ἀπολύτως,
919 5514 1019 5584 τὴν
1044 5514 1481 5583 ἀδιαμόρφωτον,
1513 5516 1607 5568 καὶ
1658 5515 1920 5582 ἀνείδεον,

341 5603 435 5653 καὶ
472 5601 672 5668 ἁπλῆν,
695 5601 770 5664 ὥς
805 5617 969 5672 φησιν
997 5602 1026 5652 ὁ
1056 5601 1228 5672 μέγας
1262 5600 1540 5664 Βασίλειος
1563 5619 1576 5632 ·
1619 5619 1637 5652 ι
1672 5601 1816 5665 Νοῦς
1847 5604 1922 5673 μὴ

302 5714 308 5719 ·
342 5693 770 5763 σκεδαννύμενος
790 5695 882 5748 ἐπὶ
904 5694 971 5748 τὰ
988 5695 1110 5760 ἔξω,
1132 5693 1269 5764 μηδὲ
1299 5695 1402 5747 ὑπὸ
1420 5695 1527 5747 τῶν
1552 5696 1924 5765 αἰσθητηρίων

342 5783 433 5835 ἐπὶ
455 5783 545 5836 τὸν
570 5786 772 5852 κόσμον
800 5785 1167 5854 διαχεόμενος,
1209 5785 1458 5838 ἐπάνεισι
1489 5785 1586 5854 μὲν
1629 5785 1766 5854 πρὸς
1800 5787 1924 5837 ἑαυ-

344 5872 454 5939 τὸν,
485 5874 551 5927 δι’
579 5874 772 5928 ἑαυτοῦ
805 5875 860 5928 δὲ
892 5875 1026 5946 πρὸς
1055 5875 1152 5946 τὴν
1183 5873 1276 5928 τοῦ
1304 5873 1437 5928 Θεοῦ
1467 5875 1673 5928 ἔννοιαν
1700 5873 1917 5928 ἀναϐαί-

2018 4699 2321 4760 expertem,
2345 4705 2441 4761 per
2472 4705 2531 4745 se
2577 4690 2967 4744 subsistentem
3002 4688 3603 4759 independentemque;

2019 4783 2064 4838 si
2099 4797 2294 4851 nempe
2325 4798 2352 4837 a
2399 4782 2784 4853 corporalibus
2819 4793 2872 4836 et
2911 4780 3270 4844 animalibus,
3301 4781 3519 4834 naturis
3545 4789 3600 4832 et

2022 4873 2271 4932 motibus
2302 4874 2549 4946 seiuncta
2584 4872 2782 4937 fuerit;
2815 4871 2861 4926 si
2897 4886 2929 4924 a
2981 4869 3268 4940 potentiali
3318 4877 3500 4922 mente
3535 4869 3602 4921 ad

2023 4977 2260 5024 mentem
2280 4975 2598 5036 operantem
2630 4963 3019 5029 assurrexerit,
3046 4963 3089 5017 si
3117 4962 3182 5016 ad
3210 4953 3604 5031 supernatnr'a-

2023 5045 2132 5117 lem
2159 5060 2614 5132 spiritualemque
2659 5057 2942 5114 hominem
2971 5057 3288 5125 profecerit,
3315 5065 3442 5112 tunc
3474 5071 3607 5109 sane

2020 5166 2238 5221 semper
2287 5151 2351 5206 ad
2391 5164 2448 5206 se
2509 5166 2618 5205 non
2673 5149 2831 5204 devia
2885 5147 3046 5210 redit,
3093 5158 3144 5200 et
3187 5162 3282 5215 per
3303 5162 3361 5202 se
3387 5145 3455 5199 ad
3510 5146 3604 5200 Dei

2025 5241 2412 5314 cogitationem
2442 5241 2676 5296 ﬁrmiter
2712 5251 2766 5295 et
2799 5247 3112 5294 constanter
3169 5237 3445 5302 ascendit;
3483 5254 3605 5306 qum

2023 5334 2286 5405 cogitatio
2318 5347 2498 5403 neque
2526 5330 2758 5387 formam
2793 5346 2968 5400 neque
3001 5331 3228 5394 ﬁguram
3288 5329 3471 5391 habet,
3512 5331 3605 5383 sed

2023 5425 2252 5495 simplex
2284 5434 2389 5490 est,
2423 5435 2480 5478 ut
2511 5426 2586 5479 ait
2623 5423 2846 5494 Magnus
2899 5422 3131 5478 Basilius
3163 5439 3176 5475 :
3219 5440 3237 5473 ι
3301 5421 3455 5476 Mens
3487 5438 3607 5490 quae

2026 5534 2132 5572 non
2166 5519 2232 5573 ad
2279 5527 2504 5573 externa
2563 5516 2827 5586 dissipata
2860 5524 2964 5571 est.
3018 5530 3196 5584 neque
3228 5513 3479 5569 sensibus
3514 5531 3607 5584 per

2026 5609 2288 5662 mundum
2337 5607 2558 5670 dill‘usa,
2617 5605 2682 5660 ad
2737 5605 2974 5674 scipsam
3025 5604 3342 5664 revertitur,
3402 5618 3494 5670 per
3548 5617 3607 5655 se

2027 5714 2247 5767 quoque
2273 5699 2339 5752 ad
2373 5697 2465 5752 Dei
2523 5696 2912 5766 cogitationem
2970 5692 3249 5756 ascendit;
3287 5702 3341 5747 et
3372 5694 3459 5745 illa
3492 5695 3608 5760 pul-

2028 5791 2338 5845 chritudine
2367 5806 2664 5845 coruscans
2716 5803 2768 5844 et
2813 5790 3154 5854 illuminata,‘
3187 5785 3361 5857 ipsius
3396 5798 3608 5842 natura:

2031 5884 2358 5937 o‘..liriunem
2396 5885 2642 5949 suscipit.
2687 5903 2702 5933 ι
2741 5884 2916 5946 Atque
2967 5885 3036 5938 ita
3066 5883 3231 5949 igitur
3265 5879 3356 5936 Dei
3412 5881 3618 5942 imagiv
