4058 6506
427 398 539 475 τις)
1260 399 1601 465 CALLISTI
1642 403 1738 464 Εἰ
1782 400 2085 465 IGNATII
2128 403 2823 467 XANTHOPULORUM
3570 401 3689 462 γει)

428 543 554 583 netu
594 542 655 581 ac
696 525 1109 583 similitudinem
1150 538 1305 579 mens
1330 521 1509 576 induit
1536 529 1593 576 et
1626 529 1831 589 servat,
1883 535 2008 577 cum

2120 543 2215 581 ρει·
2242 527 2480 600 κάκείνῳ
2506 527 2586 599 τῷ
2616 527 2804 582 κάλλει
2834 527 3322 599 περιλαμπόμενός
3373 544 3433 580 τε
3464 528 3557 581 καὶ
3586 527 3689 581 ea-

428 639 586 678 men:
619 624 689 677 sit
720 632 878 691 vtper
912 636 970 675 se
1023 618 1336 673 immediate
1367 618 1837 688 spiritualiterque
1881 629 2006 670 cum

2120 621 2475 691 ιαμπόμενος,
2502 622 2595 674 καὶ
2615 620 2786 691 αὐτῆς
2816 623 2914 692 τῆς
2934 622 3147 690 φύσεως
3166 620 3337 691 λήθην
3357 620 3646 691 λαμϐάνει.
3665 640 3688 673 ι

433 719 616 771 ditius
658 724 862 777 mente,
893 730 1014 767 cum
1048 711 1158 767 Deo
1180 712 1388 768 scilicet
1408 715 1677 765 adunetur
1703 719 1756 764 et
1779 723 2011 762 convcr-

2120 715 2214 765 Καὶ
2247 712 2394 767 οὕτω
2423 714 2554 782 γοῦν
2588 716 2681 768 καὶ
2711 715 2771 767 τὸ
2808 713 2928 768 κατ’
2958 714 3145 767 είκόνα
3164 755 3180 779 ,
3218 714 3311 767 καὶ
3343 715 3463 768 καθ’
3485 715 3688 785 ὁμοίω-

437 820 608 865 setur.
642 809 761 878 Ipsa
790 807 957 878 igitur
987 804 1234 876 operatio
1259 813 1361 870 est,
1391 812 1445 857 et
1480 812 1659 857 motus
1688 816 1783 870 per
1804 797 2011 855 circui-

2120 821 2188 858 ςιν
2222 804 2393 857 αὑτοῦ
2432 808 2460 858 ὁ
2513 805 2638 868 νοῦς
2684 804 3074 875 ἀναλαμϐάνει,
3115 804 3207 859 καὶ
3229 804 3523 869 ἀποσώζει,
3558 804 3695 868 νοῦς

438 911 551 957 tum
587 912 668 955 est
696 900 901 955 reditus
940 897 1142 952 mentis
1184 897 1251 950 ad
1288 896 1525 964 seipsam
1559 903 1612 948 et
1643 891 1929 947 conversio
1957 897 2013 945 et

2120 895 2200 963 iw,
2238 899 2333 951 καὶ
2377 897 2445 951 δι’
2480 896 2679 951 ἑαυτοῦ
2734 898 2954 967 ἀμέσως
3024 896 3248 967 νοερῶς,
3306 896 3383 967 τῷ
3421 897 3549 967 θείῳ
3581 895 3693 966 νῷ,

438 989 594 1051 uuio,
618 996 782 1058 atque
813 985 1057 1057 ejusdem
1087 986 1288 1043 mentis
1315 1000 1411 1054 per
1438 1000 1496 1039 se
1517 998 1641 1039 cum
1677 980 1786 1037 Deo
1808 980 2015 1035 aduna-

2120 988 2303 1060 ςηλαδὴ
2323 988 2399 1057 τῷ
2417 987 2557 1058 Θεῷ,
2579 987 2865 1057 ἑνούμενὸς
2892 1006 2950 1041 τε
2974 989 3068 1041 καὶ
3101 988 3512 1057 συγγινόμενος.
3534 986 3693 1059 Αὕτη

439 1083 552 1149 tio;
589 1095 711 1150 quae
743 1080 859 1135 sola
915 1089 999 1134 est
1036 1078 1246 1147 absque
1284 1091 1472 1132 errore
1502 1083 1556 1129 et
1616 1070 2010 1135 inconstantia,

2120 1080 2159 1134 ῑέ
2179 1081 2329 1133 ἐστιν
2357 1081 2389 1150 ὴ
2414 1079 2666 1149 ἐργασία,
2695 1080 2729 1150 ἡ
2759 1079 2900 1133 κατά
2921 1078 3127 1133 κύκλον
3158 1079 3393 1151 κίνησις,
3412 1079 3688 1151 δηλονότι,

436 1188 558 1229 cum
608 1188 714 1226 non
750 1173 822 1226 sit
889 1169 1168 1239 impedita,
1225 1166 1537 1222 immrdiata
1580 1179 1728 1230 vero,
1762 1171 1817 1217 et
1848 1175 2010 1230 supra

438 1263 831 1336 cogitationem
864 1262 1015 1325 unio,
1046 1270 1101 1317 et
1134 1274 1300 1329 supra
1326 1258 1504 1313 visum
1542 1256 1698 1310 visio.
1730 1273 1748 1306 ι
1788 1252 1855 1307 Ει
1883 1251 2015 1308 dicit

438 1372 671 1427 magnus
703 1354 994 1425 Dionysius
1033 1371 1046 1408 :
1083 1370 1102 1404 ι
1136 1352 1344 1407 Anima:
1375 1360 1556 1404 motus
1606 1357 1687 1403 est
1727 1343 2015 1402 circularis

438 1449 687 1515 quidem,
728 1460 924 1514 nempe
958 1444 1026 1499 ad
1057 1444 1298 1512 seipsam
1330 1440 1400 1495 ab
1431 1438 1675 1494 externis
1713 1435 2011 1500 introitus;

438 1552 491 1595 et
516 1540 881 1611 spiritualium
916 1539 1037 1608 ejus
1066 1536 1433 1607 potentiarum
1466 1532 1695 1603 simplex
1729 1529 2016 1597 involutiu,

446 1642 706 1703 tanquam
740 1632 793 1686 in
824 1630 1061 1701 quodam
1086 1628 1319 1692 circulo,
1344 1641 1468 1694 quae
1522 1624 1626 1693 ipsi
1666 1637 1775 1677 non
1829 1634 2017 1679 errare

444 1733 689 1795 prmstat,
718 1736 950 1793 eamque
988 1736 1019 1775 a
1046 1719 1319 1790 plerisque
1352 1715 1599 1773 externis
1638 1715 1809 1771 rebus
1864 1713 1932 1767 ad
1959 1726 2018 1768 se

442 1818 710 1872 convertit
744 1829 809 1869 ac
842 1812 1087 1883 colligit;
1141 1810 1339 1866 deinde
1396 1823 1515 1865 eam
1553 1816 1812 1878 tanquam
1853 1804 2018 1861 unius

2104 1177 2139 1246 ἡ
2169 1174 2307 1245 πρὸς
2328 1174 2492 1228 αὑτὸν
2513 1173 2601 1226 τὸν
2622 1172 2747 1227 νοῦν
2784 1172 2979 1227 ἑαυτοῦ
3011 1172 3288 1238 ἐπάνοδος,
3325 1174 3421 1226 καὶ
3452 1174 3693 1245 στροφὴ,

2104 1268 2201 1321 καὶ
2226 1266 2440 1331 ἕνωσις,
2470 1265 2566 1319 καὶ
2584 1267 2620 1336 ἡ
2643 1265 2709 1318 δι’
2740 1265 2957 1331 ἑαυτοῦ,
2985 1264 3121 1337 πρὸς
3152 1266 3245 1318 τὸν
3263 1266 3417 1330 Θεὸν,
3440 1267 3560 1337 ἥτις
3589 1268 3695 1321 καὶ

2108 1358 2246 1430 μόνη
2278 1358 2359 1430 τῷ
2383 1358 2498 1412 ὄντι
2543 1357 2789 1425 πέφυκεν
2818 1355 3084 1427 ἀπλανὴς,
3117 1356 3212 1409 καὶ
3248 1358 3566 1422 ἄπταιστος,
3608 1359 3696 1422 ὡς

2104 1450 2333 1521 ἄσχετος
2366 1448 2523 1513 οὖσα,
2556 1449 2649 1502 καὶ
2677 1449 2902 1519 ἄμεσος,
2935 1449 3029 1501 καὶ
3058 1447 3200 1518 ὑπὲρ
3251 1450 3434 1519 νόησιν
3466 1449 3692 1516 ἔνωσις,
3757 1444 3769 1449 ’

2104 1542 2204 1598 καὶ
2251 1542 2392 1613 ὑπὲρ
2439 1542 2631 1614 ὅρασιν
2663 1541 2875 1613 ὅρασις.
2926 1541 3033 1595 Καὶ
3058 1539 3205 1608 λέγει
3237 1543 3265 1594 ὀ
3288 1541 3460 1609 μέγας
3495 1541 3690 1595 Διονύ-

2108 1649 2224 1697 σιος
2243 1648 2258 1665 ο
2297 1652 2314 1684 ι
2338 1633 2532 1703 Ψυχῆς
2564 1632 2779 1703 κίνησίς
2807 1634 2944 1698 ἐστι,
2974 1631 3207 1704 κυκλικῇ
3244 1632 3363 1702 μὲν,
3393 1635 3426 1704 ἡ
3450 1636 3529 1697 είς
3558 1635 3692 1687 ἐαυ-

2103 1722 2205 1790 τὴν
2257 1721 2460 1783 εἴσοδος
2514 1721 2620 1774 ἀπὸ
2669 1720 2957 1787 τῶνέξω,
2993 1721 3086 1774 καὶ
3124 1721 3233 1775 τῶν
3279 1721 3482 1792 νοερῶν
3513 1723 3693 1792 αὐτῆς

2103 1812 2390 1882 δυνάμεων
2418 1814 2452 1882 ἡ
2480 1811 2715 1883 ἐνοειδὴς
2742 1810 3029 1875 συνέλιξις,
3050 1810 3235 1884 ὥσπερ
3263 1811 3322 1865 έν
3348 1828 3453 1866 τινι
3476 1812 3690 1884 κύκλῳ,

442 1909 638 1976 ενι-εἰεί
664 1906 912 1963 eﬂ'ectam
946 1905 1212 1976 potentiis
1258 1903 1486 1958 ﬁrmiter
1512 1900 1768 1957 adunatis
1814 1897 2022 1953 adunat

2120 1903 2167 1958 ιδ
2185 1904 2422 1967 ἀπλανὲς
2446 1903 2583 1975 αὐτῇ
2610 1902 2949 1974 δωρουμένη,
2968 1903 3061 1957 καὶ
3085 1904 3192 1957 ἀπὸ
3214 1903 3322 1956 τῶν
3344 1905 3555 1957 πολλῶν
3574 1904 3697 1960 τῶν

441 2012 495 2054 ει
534 2002 607 2055 ita
635 1999 703 2055 ad
760 1998 1047 2070 pulchrum
1087 1998 1400 2065 bonumque
1434 2009 1598 2048 manu
1646 1991 1817 2055 ducit,
1871 1988 2020 2060 quod

441 2104 524 2149 est
551 2107 717 2162 super
748 2091 931 2147 omnia
966 2098 1023 2145 et
1046 2103 1217 2143 unum
1255 2095 1311 2141 et
1341 2085 1480 2141 idem
1514 2095 1568 2140 et
1626 2082 1932 2154 ingenitum
1967 2088 2021 2134 et

442 2183 753 2239 immurtale
786 2198 850 2238 ac
899 2177 1324 2236 aeternum.Per
1353 2176 1643 2231 circuitum
1686 2182 1865 2228 autem
1898 2169 2018 2224 ani-

442 2294 530 2332 ma
563 2283 841 2339 movetur,
878 2290 934 2329 tn
961 2279 1228 2344 quantum
1246 2269 1465 2341 proprie
1492 2283 1554 2323 se
1577 2266 1762 2322 divina
1791 2262 2021 2320 scientia

444 2373 727 2437 illustrat;
761 2384 871 2424 non
899 2365 1215 2423 mentaliler
1268 2375 1321 2420 et
1351 2362 1577 2425 unitive,
1612 2359 1708 2415 sed
1766 2357 1942 2427 logice
1969 2362 2024 2410 et

2105 1995 2305 2061 ἔξωθεν
2331 1995 2503 2062 αὐτήν
2524 2012 2536 2026 ·
2592 1995 3020 2063 ἐπιστρέφουσα,
3056 1994 3154 2047 καὶ
3180 1994 3489 2062 συνάγουσα
3535 1996 3697 2066 πρῶ-

2106 2107 2198 2145 τον
2229 2089 2308 2153 είς
2338 2090 2557 2161 ἑαυτὴν,
2615 2082 2735 2142 εἶτα
2766 2089 2843 2152 ὡς
2888 2088 3062 2159 ένοιδῆ
3098 2089 3433 2160 γενομένην,
3490 2089 3693 2144 ἐνοῦσα

2111 2205 2233 2267 ταῖς
2275 2199 2492 2261 ἑνιαίως
2521 2195 2834 2268 ἡνωμέναις
2866 2191 3151 2260 δυνάμεσι,
3189 2187 3283 2242 κατ⁸
3312 2185 3486 2247 οὕτως
3510 2184 3602 2237 ἐπὶ
3638 2182 3704 2236 τδ

2110 2294 2296 2358 καλὸν,
2352 2290 2449 2344 καὶ
2482 2287 2686 2356 ἀγαθὸν
2721 2280 3161 2357 χειραγωγοῦσα,
3223 2278 3284 2331 τὸ
3337 2277 3479 2346 ὑπὲρ
3518 2275 3704 2329 πάντα

2108 2388 2177 2440 τὰ
2197 2386 2347 2449 ὄντα,
2378 2382 2473 2437 καὶ
2501 2381 2559 2434 ἓν
2580 2380 2676 2434 καὶ
2704 2377 2927 2439 ταυτὸν,
2946 2376 3042 2428 καὶ
3066 2375 3325 2443 ἄναρχον,
3355 2372 3448 2422 καὶ
3475 2366 3705 2422 ἀτελεύο

444 2462 729 2535 puriudice
764 2470 823 2516 et
860 2469 1124 2529 tanquam
1179 2454 1484 2511 commistis
1515 2460 1571 2508 et
1609 2447 1911 2505 transitivis
1940 2444 2023 2499 fa-

2120 2495 2289 2548 τητον.
2330 2444 2669 2535 Ἕλικοειδῶς
2720 2470 2779 2525 δὲ
2809 2468 2958 2539 ψυχὴ
3010 2468 3262 2527 κινεῖται,
3310 2462 3432 2516 καθ’
3462 2462 3586 2514 ὅσον
3619 2461 3704 2513 oi.

443 2556 765 2611 eullatibus.
792 2553 959 2609 Recta
999 2560 1180 2606 autem
1214 2548 1298 2603 via
1325 2555 1433 2611 est,
1457 2542 1678 2615 quando
1702 2556 1809 2595 non
1830 2542 1893 2593 ad
1917 2535 2023 2593 sei-

445 2662 602 2721 psam
652 2645 982 2717 ingreditur,
1016 2649 1073 2697 et
1123 2655 1236 2695 uno
1277 2637 1554 2694 intellectu
1623 2642 1912 2697 movetur;
1946 2629 2026 2702 (id

449 2742 596 2796 enim
635 2737 908 2810 posterius
935 2745 1041 2802 est,
1070 2743 1131 2789 ut
1159 2734 1294 2800 dixi,
1334 2739 1519 2786 motus
1543 2743 1640 2799 per
1686 2723 2027 2794 circuitum),

451 2834 547 2889 sed
588 2833 656 2889 ad
688 2848 751 2888 ea
793 2846 915 2901 qua:
946 2838 1078 2886 sunt
1134 2828 1340 2883 circum
1389 2839 1449 2881 se
1478 2822 1803 2894 procedens,
1839 2819 1908 2874 ab
1935 2833 2028 2874 ex-

448 2925 644 2993 ternis,
681 2934 939 2993 tanquam
965 2936 996 2976 a
1024 2919 1196 2976 variis
1223 2916 1484 2985 symbolis
1514 2925 1570 2971 et
1615 2910 2030 2969 abundantibus

449 3021 519 3075 ad
551 3018 855 3089 simplicem
886 3024 939 3072 et
962 3027 1129 3079 unam
1150 3008 1667 3079 contemplationem
1693 3003 2024 3059 inducitur.)

450 3115 517 3170 Et
543 3122 763 3166 sanctus
787 3108 1059 3165 Maximus
1086 3124 1101 3161 :
1134 3125 1153 3159 ι
1184 3103 1566 3160 lmmediatam
1590 3114 1714 3155 cum
1735 3097 1846 3152 Deo
1874 3097 2035 3152 unio—

2111 2571 2273 2633 κείως
2305 2569 2470 2638 ἑαυτῇ
2510 2564 2611 2629 τὰς
2655 2563 2812 2625 θείας
2838 2561 3173 2630 ὲλλάμπεται
3202 2554 3434 2625 γνώσεις
3452 2570 3466 2582 ·
3496 2554 3557 2608 οὐ
3580 2569 3704 2605 νοε-

2115 2662 2245 2734 ρῶς,
2279 2662 2371 2715 καὶ
2397 2658 2634 2723 ένιαίως,
2659 2655 2797 2711 ἀλλά
2825 2653 3084 2723 λογικῶς,
3124 2652 3219 2704 καὶ
3248 2646 3580 2715 διεξοδικῶς,
3603 2646 3705 2699 καὶ

2112 2750 2221 2809 οἷον
2252 2751 2607 2822 συμμίκτοις,
2639 2749 2734 2803 καὶ
2764 2744 3163 2818 μεταὸατικαίς
3215 2739 3537 2811 ἐνεργείαις.
3586 2738 3708 2809 Τὴν

2113 2846 2233 2901 κατ’
2264 2838 2491 2897 εὐθεῖαν
2523 2841 2603 2907 δὲ,
2632 2841 2762 2894 ὅταν
2791 2839 2892 2892 οὐκ
2931 2838 3011 2901 είς
3058 2835 3266 2905 ἑαυτὴν
3311 2831 3576 2897 είσιοῦσα,
3604 2829 3706 2883 καὶ

2113 2940 2267 3010 ἑνικῇ
2290 2936 2572 3009 νοερότητι
2598 2931 2894 3002 κινουμένη
2918 2946 2932 2963 ο
2965 2927 3126 2983 τοῦτο
3138 2928 3269 2997 γὰρ,
3295 2925 3371 2988 ῶς
3401 2924 3560 2994 ἔφην,
3584 2921 3707 2975 ἐστι

2112 3033 2176 3085 τὸ
2204 3031 2345 3085 κατά
2371 3029 2594 3083 κύκλον.
2633 3024 2797 3080 Ἀλλά
2827 3023 2967 3095 πρὸς
3000 3021 3071 3074 τὰ
3118 3038 3184 3074 πε
3196 3023 3248 3091 pl.
3273 3018 3445 3089 αὐτὴν
3473 3013 3703 3087 προϊοῦο

2118 3142 2187 3177 σα
2219 3166 2235 3190 ,
2260 3124 2358 3177 καὶ
2389 3120 2496 3175 ἀπὸ
2525 3120 2634 3174 τῶν
2669 3116 2893 3185 ἔξωθεν,
2934 3114 3123 3184 ῶσπερ
3162 3110 3273 3167 ἀπό
3315 3126 3477 3163 τινων
3502 3106 3707 3177 συμϐό-

451 3222 579 3262 nem
615 3219 770 3259 mens
797 3201 1117 3272 accipiens;
1149 3197 1388 3268 cogitare
1440 3204 1495 3249 et
1524 3193 1753 3264 cogitari
1805 3191 2033 3245 omnino

2120 3218 2222 3268 >ων
2274 3209 2717 3281 πεποικιλμένων
2766 3207 2865 3261 καὶ
2932 3201 3413 3273 πεπληθυσμένων
3464 3197 3559 3250 ἐπὶ
3604 3196 3710 3259 τὰς

452 3313 627 3354 νειιιε
663 3307 718 3353 ει
744 3296 915 3351 libera
952 3299 1155 3365 potest.
1188 3288 1419 3357 Quando
1451 3287 1620 3359 igitur
1653 3301 1770 3339 eam
1804 3283 2032 3338 faculta-

452 3400 566 3446 tem
600 3388 781 3454 solvit,
811 3385 1016 3454 aliquid
1045 3398 1236 3440 eorum
1266 3395 1388 3451 quas
1422 3388 1545 3450 post
1568 3377 1736 3433 Deum
1766 3383 1916 3438 sunt,
1940 3388 2034 3427 eo-

456 3487 661 3556 gitans,
712 3478 959 3550 arguitur
1004 3476 1261 3531 unionem
1309 3488 1431 3542 quae
1452 3487 1616 3541 supra
1641 3468 2031 3540 cogitationem

459 3584 567 3637 εει,
588 3584 863 3640 rumpere,
891 3582 987 3638 per
1010 3581 1173 3637 quam
1205 3562 1463 3636 quamdiu
1488 3578 1612 3618 cum
1644 3560 1756 3616 Deo
1782 3568 1889 3621 est,
1921 3566 2042 3613 tan-

461 3681 627 3736 quam
661 3660 1098 3733 supernaturaiis
1151 3666 1205 3715 et
1237 3659 1353 3728 ipsa
1423 3654 1842 3725 participatione
1896 3651 2040 3706 Deus

463 3757 678 3823 eﬂ‘ecla,
710 3764 764 3811 ct
801 3770 914 3810 sua:
966 3762 1175 3808 natura
1207 3750 1403 3821 legem,
1441 3761 1701 3819 tanquam
1755 3746 2040 3800 immotum

465 3854 655 3917 ﬁnem,
696 3847 1030 3919 transponit.
1084 3844 1181 3901 »Ει
1208 3859 1429 3901 rursum
1464 3861 1480 3899 :
1511 3860 1532 3895 ι
1572 3842 1723 3896 Mens
1758 3854 1914 3909 pura,
1946 3850 2044 3907 per

464 3936 621 3999 suam
653 3958 775 3999 cum
839 3938 1112 4011 principio
1167 3936 1422 3992 unionem
1456 3935 1699 3990 habitum
1754 3931 1847 4001 qui
1878 3942 2045 3999 supra

467 4035 856 4108 c0gitationem
886 4040 993 4097 est,
1028 4029 1230 4096 induit,
1281 4028 1583 4084 secundum
1639 4038 1803 4095 quem
1861 4021 2045 4077 varios

467 4141 652 4186 motus
696 4136 752 4182 et
810 4125 1030 4182 habitus
1056 4123 1122 4179 ad
1180 4135 1243 4177 ea
1274 4136 1398 4190 quae
1429 4129 1582 4177 extra
1643 4117 1814 4187 ipsius
1845 4114 2047 4186 princi-

467 4226 617 4295 pium
648 4232 799 4285 sunt,
832 4218 1076 4289 deponit,
1107 4225 1162 4272 et
1221 4215 1324 4270 soli
1356 4212 1625 4285 principio
1664 4209 1925 4275 adhaeret,
1951 4221 2050 4280 per

467 4315 796 4371 ineffabilem
828 4312 1071 4383 requiem
1113 4310 1277 4378 hujus
1305 4306 1449 4378 quod
1476 4319 1643 4376 supra
1667 4300 2048 4373 cogitationem

469 4418 577 4472 esi,
646 4404 845 4461 silentii
895 4401 1129 4468 eil‘ecta;
1185 4398 1334 4471 quod
1398 4396 1691 4453 ostendere
1718 4408 1901 4451 sermo
1942 4406 2050 4448 non

470 4508 650 4571 potest
709 4510 887 4567 neque
954 4492 1233 4565 cogitatio,
1301 4490 1394 4547 sed
1448 4490 1565 4544 sola
1599 4501 1696 4555 per
1752 4481 2051 4555 participa-

469 4576 677 4648 tionem
725 4587 1091 4661 experientia,
1144 4600 1334 4642 eorum
1381 4583 1476 4653 qui
1515 4583 1619 4637 hac
1644 4592 1813 4649 supra
1845 4576 2051 4646 cogita-

470 4689 679 4743 tionem
716 4683 981 4739 fruitione
1012 4680 1162 4751 digni
1194 4675 1366 4732 habiti
1426 4683 1576 4740 sunt,
1611 4672 1771 4742 cujus
1834 4669 2051 4741 signum

470 4780 594 4834 visu
629 4776 788 4832 facile
832 4784 886 4830 et
914 4772 1173 4829 omnibus
1204 4768 1582 4831 manifestum,
1616 4774 1704 4821 est
1733 4759 2052 4818 omminoda

413 4870 421 4887 ‘
470 4887 571 4940 per
607 4867 1019 4938 dispositionem
1045 4862 1115 4919 ad
1143 4863 1248 4917 hoc
1291 4874 1535 4932 praesens
1562 4855 1819 4912 saeculum
1856 4853 2055 4908 anima:

474 4962 873 5019 insensibilitas
928 4967 984 5015 et
1034 4957 1271 5025 requies.
1306 4972 1324 5005 ι
1358 4951 1439 5006 Ad
1488 4950 1541 5005 id
1589 4948 1756 5019 igitur
1807 4961 1962 5001 mens
1984 4958 2082 5005 ex;

474 5058 655 5110 anima
688 5053 913 5107 minime
943 5061 1271 5119 couperans,
1302 5059 1482 5113 neque
1510 5041 1743 5111 seipsam
1775 5038 1843 5094 ad
1883 5035 2049 5092 Deum

478 5160 704 5199 movens
732 5156 913 5213 neque
934 5154 1097 5196 suum
1127 5141 1197 5191 ad
1225 5150 1285 5191 se
1320 5132 1551 5188 reditum
1582 5128 1844 5195 eﬂlciens,
1876 5140 2054 5196 neque

473 5239 538 5291 ad
572 5237 662 5290 Dei
694 5233 1081 5305 cogitationem
1116 5227 1440 5289 ascendens,
1470 5225 1583 5277 imo
1606 5237 1737 5277 vero
1759 5221 1811 5276 id
1836 5235 1901 5275 ex
1926 5234 2056 5275 neu-

473 5340 555 5382 lru
587 5336 740 5395 parte
772 5324 1101 5392 adimplcns,
1138 5320 1232 5376 sed
1268 5333 1392 5373 cum
1416 5315 1703 5386 phantasia
1739 5328 1797 5368 se
1820 5312 2054 5382 conjun-

474 5436 630 5490 gcns,
647 5418 759 5489 jam
783 5414 933 5471 vario
948 5412 1113 5468 modo
1131 5426 1190 5466 se
1214 5410 1403 5475 habet,
1422 5417 1475 5462 et
1497 5406 1657 5477 aDeo
1679 5406 1840 5475 longe
1865 5402 2051 5459 distat.

2122 3306 2301 3367 ἁπλᾶς
2335 3303 2429 3357 καὶ
2483 3299 2771 3374 ἡνωμένας
2838 3297 3111 3366 ἀνάγηται
3174 3291 3429 3361 Θεωρίας.
3472 3307 3491 3341 ι
3534 3288 3645 3339 Καὶ
3684 3286 3715 3339 ὁ

2117 3400 2273 3467 ἄγιος
2298 3395 2569 3467 Μάξιμος*
2598 3412 2618 3445 ι
2652 3395 2696 3447 Τ
2698 3393 2764 3464 ὴν
2790 3393 2997 3462 ἄμεσον
3017 3387 3200 3442 λαϐὼν
3221 3386 3415 3439 ἕνωσιν
3446 3381 3583 3454 πρὸς
3614 3381 3717 3434 τὸν

2117 3490 2249 3545 Θεὸν
2273 3492 2301 3543 ό
2332 3487 2483 3551 νοῦς,
2524 3486 2623 3557 τὴν
2658 3483 2754 3538 τοῦ
2784 3485 2925 3536 νοεῖν
2950 3520 2965 3545 ,
3007 3480 3103 3534 καὶ
3147 3476 3388 3533 νοεῖσθαι
3436 3472 3577 3527 κατά
3605 3471 3715 3541 φύ-

2120 3602 2208 3638 σιν
2267 3579 2551 3643 παντελῶς
2607 3577 2844 3648 δύναμιν
2875 3576 2989 3646 ἔχει
3031 3572 3434 3649 σχολάζουσαν·
3469 3565 3713 3634 ὁπηνίκα

2119 3675 2251 3744 γοῦν
2264 3673 2468 3741 ταύτην
2496 3670 2655 3742 λύσῃ,
2682 3666 2882 3740 νοήσας
2906 3684 2959 3720 τι
2982 3666 3090 3718 τῶν
3111 3663 3249 3735 μετὰ
3263 3656 3416 3723 Θεὸν,
3439 3655 3720 3725 διεκρίθη,

2117 3767 2302 3837 τεμὼν
2327 3764 2426 3836 τὴν
2455 3764 2596 3833 ὑπὲρ
2624 3756 2808 3833 νόησιν
2842 3760 3057 3825 ἕνωσιν,
3087 3755 3206 3810 καθ’
3238 3754 3305 3826 ἢν
3337 3752 3441 3815 ἕως
3486 3749 3603 3802 ἐστὶ
3631 3746 3716 3819 τῷ

2120 3860 2240 3931 Θεῷ
2273 3857 2639 3929 συνημμένος,
2658 3855 2733 3919 ὡς
2759 3853 2899 3924 ὑπὲρ
2926 3852 3109 3922 φύσιν,
3128 3849 3224 3904 καὶ
3242 3849 3311 3918 τῇ
3344 3842 3558 3917 μεθέξει
3579 3841 3719 3905 Θεθς

2122 3951 2513 4022 γεγενημένος,
2554 3947 2810 4016 καθάπερ
2871 3944 2997 4016 ὅρος
3055 3941 3337 4011 ἀκίνητον.
3374 3932 3574 3990 ἑαυτοῦ
3618 3930 3717 3986 τὸν

2123 4044 2222 4116 τῆς
2238 4044 2452 4113 φύσεως
2472 4038 2794 4110 μετατίθησι
2806 4037 2994 4106 νόμον.
3025 4054 3043 4087 ι
3068 4033 3178 4087 Καὶ
3200 4028 3379 4094 αὖθις⁹
3404 4047 3423 4081 ι
3442 4024 3585 4089 Νοῦς
3615 4040 3719 4077 κα-

2125 4136 2325 4207 θαρὸς,
2378 4134 2446 4205 τῇ
2481 4131 2611 4202 περὶ
2654 4130 2754 4203 τὴν
2807 4129 2989 4182 αἰτίαν
3031 4125 3227 4180 ὲνώσει
3284 4121 3471 4192 σχέσιν
3520 4116 3717 4171 Elasz

2125 4230 2266 4301 ὑπὲρ
2303 4228 2512 4298 νόησιν,
2557 4224 2680 4280 καθ’
2729 4224 2799 4294 ἢν
2836 4218 3172 4281 ἀποπαύσας
3196 4216 3295 4288 τὴν
3332 4209 3718 4267 πολυποίκιλον

2126 4320 2265 4393 πρὸς
2292 4319 2361 4373 τὰ
2410 4317 2550 4389 μετά
2598 4319 2698 4386 τὴν
2728 4314 2907 4368 αἰτίαν
2936 4309 3103 4365 αὑτοῦ
3148 4307 3383 4379 φυσικὴν
3413 4301 3626 4375 κίνησίν
3655 4316 3715 4354 τε

2127 4415 2224 4469 καὶ
2252 4414 2460 4484 σχέσιν,
2526 4411 2695 4482 μόνης
2744 4407 3040 4476 ἀγνώστως
3108 4400 3421 4472 ἀντέχεται,
3447 4396 3591 4450 κατά
3617 4394 3717 4465 τὴν

2128 4507 2434 4577 ἄφθεγκτον
2460 4502 2613 4573 λῆξιν
2641 4499 3030 4570 γεγενημένος,
3055 4496 3155 4565 τῆς
3191 4493 3332 4562 ὑπὲρ
3355 4491 3540 4559 νόησιν
3569 4501 3719 4558 trap-

2132 4597 2473 4671 μακαρίστου
2507 4593 2687 4664 σιγῆς,
2719 4592 2785 4663 ἣν
2818 4588 3060 4660 δηλῶσαι
3093 4582 3368 4645 πεντελῶς
3396 4581 3457 4634 οὗ
3487 4579 3716 4632 δύναται

2128 4695 2308 4764 λόγος,
2351 4693 2387 4763 ἢ
2420 4692 2628 4763 νόησις,
2658 4687 2799 4743 ἀλλά
2830 4687 2968 4758 μόνη
2997 4683 3140 4738 κατά
3194 4678 3412 4751 μέθεξιν
3442 4677 3476 4747 ἡ
3530 4673 3718 4764 πεῐρξι

2131 4756 2239 4841 τῶν
2270 4756 2614 4850 ἀξιωθέντων
2666 4781 2767 4850 τῆς
2816 4756 2957 4847 ύπὲρ
3007 4776 3195 4844 νόησιν
3245 4767 3621 4831 ἀπολαύσεως,
3650 4756 3719 4834 ἧς

2134 4878 2362 4948 σημεῖόν
2388 4878 2537 4929 ἐστιν
2561 4870 2868 4942 εὔγνωστόν
2898 4886 2958 4922 τε
3009 4868 3107 4921 καὶ
3148 4867 3283 4919 πᾶσι
3322 4857 3646 4930 κατάδηλον,
3684 4855 3719 4923 ἠ

2134 4970 2276 5024 κατὰ
2297 4968 2538 5022 διάθεσιν
2569 4964 2707 5035 πρὸς
2728 4964 2822 5017 τὸν
2852 4961 3026 5015 αἰῶνα
3049 4959 3239 5012 τοῦτον
3269 4950 3541 5021 παντελὴς
3568 4949 3735 5002 ἀναιο·

2138 5061 2336 5134 σθησία
2364 5062 2463 5131 τῆς
2491 5058 2672 5129 ψυχῆς
2723 5056 2819 5111 καλ⁸
2855 5056 3157 5115 διάστασις.
3194 5069 3214 5102 ι
3263 5048 3407 5119 Πρὸς
3430 5043 3589 5099 τοῦτο
3611 5037 3721 5094 τοι·

2138 5133 2233 5211 νυν
2266 5153 2342 5224 μὴ
2375 5149 2812 5221 συνεργούμενος
2841 5148 2871 5200 ὁ
2899 5145 3025 5209 νοῦς
3055 5142 3205 5213 παρά
3250 5141 3347 5209 τῆς
3376 5135 3579 5207 ψυχῆς,
3604 5133 3721 5201 ἢτοι

2137 5248 2198 5302 τὺ
2221 5247 2356 5317 πρὸς
2377 5243 2513 5298 Θεὸν
2541 5242 2629 5296 ἀεὶ
2661 5240 2953 5301 κινεῖσθαι,
3005 5238 3143 5305 μήτε
3177 5231 3270 5301 ἀφ’
3306 5226 3503 5284 ἑαυτοῦ
3529 5238 3725 5317 κατορ·

2140 5312 2279 5404 θῶν,-
2307 5338 2403 5392 καὶ
2423 5333 2716 5405 διενεργῶν
2732 5332 2794 5386 τὸ
2822 5330 3044 5394 οἰκεῖον,
3060 5328 3252 5397 ἤγουν,
3278 5324 3341 5376 τὸ
3366 5319 3503 5390 πρὸς
3533 5312 3723 5405 ἑαυτὸν

2138 5400 2683 5502 ἐπανέρχεσθαιίκαὶ
2717 5422 2891 5485 οὕτως
2924 5420 3169 5492 ἀσχέτως
3198 5417 3278 5479 είς
3306 5413 3407 5484 τὴν
3434 5408 3563 5502 περὶ
3591 5400 3724 5459 Θεοῦ

2140 5498 2712 5580 ἔννοιαν-’ἀναϐαίνειν
2751 5558 2765 5581 ,
2804 5514 3004 5587 μᾶλλον
3043 5510 3101 5565 δὲ
3154 5508 3230 5579 μὴ
3272 5503 3403 5575 παρ’
3453 5498 3725 5566 ἑκατέρων

2141 5617 2301 5672 τοῦτο
2354 5610 2758 5684 καρπούμενος,
2812 5605 2950 5661 ἀλλὰ
2995 5607 3059 5674 τῇ
3101 5598 3375 5670 φαντασία
3422 5592 3723 5684 ἑνούμενοςέ

2145 5711 2246 5781 ἠδη
2285 5676 2475 5761 λοιπόν
2513 5676 2608 5756 καὶ
2642 5698 3003 5763 ποικίλλεται,
3029 5695 3123 5748 καὶ
3155 5689 3375 5764 μακρὰν
3405 5684 3599 5755 ἀπέχει
3633 5676 3727 5735 τοῦ

2145 5801 2305 5856 Θεοῦ.

2861 5996 2899 6007 α
