4058 6450
341 395 436 467 761

644 687 766 738 "Et:
799 679 931 749 περὶ
959 675 1220 744 καθαρᾶς
1248 667 1619 738 προσευχῆς.

420 779 521 836 oa'.
565 779 671 831 Kal
715 777 863 844 λέγει
895 778 922 828 6
949 773 1104 841 ἅγιος
1137 771 1328 836 Νεῖλος
1350 786 1365 800 ·
1420 787 1439 821 ι
1476 765 1771 837 Ἀγωνίζου
1803 767 1934 838 στῆ-

353 892 440 929 σαι
487 871 580 924 τὸν
620 868 744 923 νοῦν
781 885 872 920 σου
907 865 1049 918 κατά
1087 863 1178 916 τὸν
1230 861 1420 932 καιρὸν
1449 861 1550 929 τῆς
1597 857 1929 930 προσευχῆς,

351 967 534 1033 κωνδν
565 963 658 1016 καὶ
696 961 912 1020 ἄλαλον,
946 957 1042 1012 καὶ
1066 955 1208 1010 οὕτω
1248 955 1458 1025 δυνήσῃ
1496 949 1930 1024 προσεύξασθαιο

351 1060 430 1112 ἔτι
460 1055 573 1126 ἐγὼ
614 1055 674 1108 τὸ
707 1053 840 1124 ἐμὸν
864 1051 1020 1119 λέξω,
1054 1050 1084 1102 ὃ
1112 1049 1208 1103 καὶ
1241 1048 1527 1117 νεωτέροις
1553 1046 1784 1116 εῐρηκα’
1825 1061 1932 1113 μα-

355 1151 546 1222 κάριός
578 1151 726 1201 ἐστιν
758 1148 786 1201 6
819 1143 964 1208 νοῦς,
983 1143 1042 1207 ὃς
1073 1141 1214 1196 κατά
1243 1140 1334 1194 τὸν
1362 1139 1552 1211 καιρὸν
1581 1138 1676 1207 τῆς
1701 1153 1934 1208 προσευ-

349 1248 450 1316 χῆς
481 1242 692 1296 τελείαν
722 1239 998 1311 ἀμορφίαν
1026 1239 1314 1307 ἐκτήσατο.
1357 1251 1375 1287 ι
1411 1233 1522 1286 Καὶ
1552 1233 1580 1284 6
1603 1231 1757 1298 ἅγιος
1784 1229 1936 1281 Φιλό-

354 1340 474 1400 θεος
496 1354 508 1367 ο
534 1356 551 1387 ι
581 1333 816 1387 Σπάνιόν
841 1332 988 1384 ἐστιν
1011 1329 1210 1397 εὑρεῖν,
1237 1325 1365 1388 τοὺς
1394 1323 1472 1394 τῷ
1500 1321 1703 1390 λογικῷ
1734 1320 1937 1390 ήσυχά-

353 1429 569 1491 ζοντας,
627 1420 895 1476 κάκείνων
954 1417 1132 1488 μόνων
1161 1414 1330 1479 ἐστὶν,
1387 1411 1581 1472 οἵτινες
1643 1408 1742 1478 τὴν
1787 1407 1936 1460 Θείαν

353 1517 530 1590 χαρὰν
575 1515 670 1567 καὶ
700 1509 1066 1582 παράκλησιν,
1096 1506 1185 1561 διὰ
1218 1503 1371 1559 τοῦδε
1400 1502 1495 1555 τοῦ
1526 1500 1852 1572 πράγματος
1879 1501 1936 1551 ἐν

353 1611 567 1671 ἑαυτοῖς
593 1607 737 1676 ἔχειν
753 1603 1043 1665 διαπαντὸς
1065 1599 1438 1673 μηχανῶνται.
1459 1615 1478 1648 ι
1509 1597 1618 1649 Καὶ
1645 1595 1673 1646 6
1695 1592 1865 1664 μέγας
1880 1591 1938 1646 δὲ

357 1702 659 1761 Βασίλειοςο
673 1719 691 1752 ι
723 1696 870 1766 Εὐχὴ
898 1694 1060 1762 καλὴ,
1080 1695 1113 1762 ή
1147 1697 1228 1745 ἐνε
1241 1691 1346 1762 ργῆ
1367 1687 1668 1758 ἐμποιοῦσα
1689 1684 1784 1739 τοῦ
1801 1683 1936 1737 θεοῦ

355 1792 564 1844 ἔννοιαν
597 1790 662 1859 τῇ
686 1787 829 1857 ψυχῇ
853 1802 866 1816 ⁸
904 1785 997 1838 καὶ
1029 1784 1186 1836 τοῦτὸ
1216 1784 1332 1836 ἐστι
1353 1779 1446 1832 τοῦ
1472 1776 1608 1830 Θεοῦ
1642 1774 1935 1842 ὲνοίκησις,

355 1886 415 1937 τὸ
448 1882 535 1936 διὰ
563 1881 662 1951 τῆς
706 1883 928 1950 μνήμης
972 1875 1320 1947 ἐνιδρυμένον
1350 1872 1495 1941 ἔχειν
1527 1872 1585 1922 ἐν
1619 1867 1797 1937 ἑαυτῷ
1847 1865 1938 1918 τὸν

356 1974 510 2038 Θεὸν,
537 1974 664 2024 ὅταν
694 1972 771 2042 μὴ
799 1969 1045 2042 φροντίσι
1068 1969 1288 2037 γηῖναις
1319 1965 1379 2018 τὸ
1412 1960 1635 2030 συνεχὲς
1667 1960 1769 2028 τῆς
1802 1959 1934 2028 μνήα

362 2082 466 2135 μης
489 2063 873 2131 διακόπτηται,
911 2061 1048 2132 μηδὲ
1076 2061 1190 2122 τοῖς
1237 2052 1674 2127 ἀπροσδοκήτοις
1708 2049 1939 2103 πάθεσιν

360 2155 386 2207 6
411 2149 534 2215 νοῦς
565 2152 994 2222 ὲκταράσσηται,
1023 2149 1159 2204 ἀλλά
1180 2147 1358 2202 πάντα
1384 2139 1714 2213 ἀποφεύγων
1738 2141 1766 2194 6
1786 2138 1943 2211 ιριλὸ-

364 2244 481 2308 θεος
505 2246 596 2297 ἐπὶ
619 2243 752 2297 Θεὸν
777 2243 1059 2314 ἀναχωρῇ.
1100 2260 1120 2293 ι

370 2376 500 2430 Ὅτι
530 2375 682 2429 ἄλλο
719 2372 975 2428 ἀπάθεια
1011 2369 1155 2436 νοὸς
1177 2412 1192 2436 ,
1235 2370 1334 2424 καὶ
1385 2368 1591 2436 ἕτερον
1625 2367 1940 2438 προσευχὴ

788 2442 1048 2511 ἀληθὴς,
1092 2441 1124 2496 ὃ
1155 2440 1255 2494 καί
1287 2439 1511 2511 μεῖζον.

438 2557 534 2630 οβ’.
582 2557 778 2612 ’ἰστέον
801 2556 980 2610 τοίνυν
1019 2555 1112 2608 καὶ
1141 2554 1321 2618 τοῦτο,
1352 2552 1452 2614 ὡς,
1484 2551 1644 2622 εἰπερ
1691 2550 1785 2604 καὶ
1811 2550 1951 2603 κατά

367 2626 640 2720 τεινῂᾶγιον
669 2650 953 2720 Μάξιμον,
1012 2666 1030 2699 ι
1066 2647 1142 2701 Οὐ
1188 2646 1412 2699 δύναται
1443 2635 1472 2696 6
1503 2643 1626 2706 νοῦς
1676 2643 1740 2695 ὲκ
1787 2626 1961 2712 μόνης

369 2745 470 2810 τῆς
501 2743 756 2813 πράξεως
785 2739 1003 2811 ἀπαθὴς
1027 2738 1304 2808 γενέσθαι,
1353 2736 1448 2789 ἐὰν
1473 2735 1548 2806 μὴ
1597 2734 1954 2804 διαδέχωνται

369 2837 530 2891 αὑτὸν
553 2835 743 2889 πολλαὶ
771 2834 864 2888 καὶ
895 2831 1135 2886 ποικίλαι
1184 2830 1429 2900 θεωρίαι,
1487 2828 1600 2882 ἀλλ’
1634 2823 1728 2881 οὖν
1759 2825 1946 2892 πάλιν,

370 2929 513 2982 κατά
535 2945 597 2996 γε
627 2927 719 2980 τὸν
749 2925 1023 2979 θειότατον
1047 2923 1261 2984 Νεῖλον,
1318 2910 1495 2974 ἔνεστι
1524 2918 1618 2972 καὶ
1647 2918 1832 2987 ἀπαθῆ
1862 2934 1956 2985 γε-

372 3018 694 3089 γενημένον,
724 3016 818 3070 καὶ
843 3015 918 3087 μὴ
954 3012 1356 3087 προσεύχεσθαι
1403 3010 1640 3081 ἀληθῶς,
1671 3009 1808 3062 ἀλλὰ
1839 3026 1960 3060 ποι-

374 3106 675 3173 κί).).εσθαι,
714 3105 811 3159 καὶ
856 3104 1074 3175 μακρὰν
1121 3103 1348 3172 ἀπέχειν
1401 3099 1513 3154 ἀπὸ
1560 3099 1718 3156 Θεοῦ.
1747 3117 1766 3151 ι
1820 3099 1959 3167 Φησὶ

1531 377 1924 440 ΟΙἮΞΕΗΙΛ
1965 375 2348 434 ᾹΞΩΕΤῙΟᾹ.

3489 369 3600 440 762

2415 674 2598 728 Adhuc
2628 673 2691 728 de
2722 674 2916 726 umnda
2947 672 3206 728 oratione.

2091 767 2178 819 7|.
2218 766 2285 820 Et
2315 765 2445 819 dicit
2472 776 2696 820 sanctus
2723 762 2879 821 Nilus
2912 783 2926 821 :
2969 785 2987 818 ι
3022 765 3243 819 Enitere
3274 773 3331 817 ttt
3362 774 3600 817 mentem

2021 869 2170 912 tuam
2201 858 2471 912 orationis
2503 868 2747 922 tempore
2772 859 2992 912 tacitam
3023 873 3088 913 ac
3112 838 3363 910 silentem
3389 864 3602 916 teneas,
3661 899 3666 901 .

2021 961 2073 1006 et
2099 954 2177 1007 sic
2211 966 2370 1006 orare
2408 949 2635 1020 poteris.
2677 967 2696 1000 ι
2733 948 2847 1019 Ego
2879 949 3056 1004 adhuc
3087 948 3230 1020 quod
3283 922 3462 1001 metum
3520 955 3604 1001 est

2024 1045 2203 1100 dicam
2251 1053 2304 1098 et
2338 1043 2481 1114 quod
2517 1042 2830 1113 junioribus
2860 1040 2974 1095 dixi
3013 1058 3026 1095 :
3066 1060 3083 1092 ι
3127 1040 3285 1094 Beata
3330 1051 3415 1094 est
3449 1055 3608 1094 mens

2024 1156 2142 1209 qua-
2179 1149 2425 1208 tempore
2462 1135 2651 1190 orandi
2712 1134 2952 1205 perfecte
3005 1133 3195 1188 formis
3239 1148 3408 1186 vacua
3439 1144 3544 1188 est.
3580 1150 3599 1184 ι

2026 1232 2094 1286 Ει
2141 1241 2366 1287 sanctus
2423 1229 2794 1286 Philotimus:
2839 1245 2857 1279 ι
2905 1225 3052 1281 Raro
3104 1226 3460 1280 inveniuntur
3509 1224 3606 1294 qui

2028 1325 2240 1380 ratione
2299 1339 2488 1394 pacem
2522 1333 2731 1393 agant;
2789 1331 2838 1377 et
2876 1336 3067 1376 eorum
3117 1330 3326 1374 tantum
3386 1330 3470 1374 est
3513 1320 3609 1387 qui

2028 1418 2290 1472 diviniam
2348 1417 2586 1472 laatitiam
2650 1414 3196 1480 consolationemque
3233 1427 3330 1481 per
3388 1411 3518 1465 idin
3553 1427 3614 1467 se

2030 1511 2232 1566 habere
2265 1518 2528 1580 perpetuo
2587 1506 2826 1563 student.
2864 1526 2881 1558 ι
2947 1505 3016 1560 Ει
3047 1505 3274 1574 Magnus
3333 1503 3610 1559 Basilius:

2039 1622 2057 1656 ι
2093 1602 2282 1658 Oratio
2312 1603 2477 1680 bona,
2509 1617 2570 1656 ea
2600 1610 2684 1656 est
2727 1615 2850 1671 qua:
2887 1597 3168 1654 efﬁcacem
3200 1596 3291 1649 Dei
3327 1596 3618 1666 cogitatio-

2033 1713 2154 1752 nem
2177 1697 2227 1750 in
2264 1695 2444 1750 anima
2475 1693 2771 1756 efformat;
2805 1699 2863 1747 et
2906 1707 2968 1746 ea
2999 1699 3081 1744 est
3136 1688 3230 1744 Dei
3263 1687 3619 1752 inhabitatio,

2033 1806 2230 1859 nempe
2282 1791 2337 1844 in
2373 1804 2430 1844 se
2457 1787 2628 1843 Deum
2663 1802 2761 1858 per
2795 1785 3118 1840 memoriam
3153 1793 3364 1847 tenere,
3397 1781 3621 1850 quando

2037 1883 2202 1938 nul'is
2245 1880 2598 1936 terrestribus
2647 1875 3074 1947 cositatiouibus
3131 1871 3409 1926 memoriae
3441 1868 3619 1924 couti—

2035 1975 2215 2029 nuitas
2245 1972 2642 2044 perrumpitur,
2692 1984 2869 2034 neque
2899 1968 3077 2022 obviis
3106 1965 3420 2035 quibusque
3463 1959 3621 2030 cupi-

2036 2065 2300 2121 ditatibus
2325 2079 2478 2120 mens
2500 2063 2873 2134 perturbatur,
2902 2061 2995 2116 sed
3031 2058 3212 2112 omnia
3273 2059 3384 2112 hate
3407 2052 3623 2126 fugiens

2039 2160 2132 2230 qui
2169 2161 2336 2214 Deum
2371 2159 2566 2228 diligit,
2592 2157 2658 2212 ad
2689 2157 2859 2211 Deum
2892 2151 3126 2208 accedit.
3166 2169 3186 2203 ι

2044 2368 2198 2434 Quod
2231 2363 2380 2420 aliud
2407 2373 2483 2417 est
2515 2359 2973 2434 mentisapathia.
3034 2366 3083 2410 et
3121 2353 3270 2411 aliud
3301 2354 3475 2408 oratio
3504 2368 3630 2408 cera

2504 2448 2619 2503 quis
2650 2431 2822 2484 adhuc
2855 2429 3028 2498 major
3068 2437 3167 2482 est.

2116 2531 2204 2585 79..
2244 2527 2538 2584 Sciendum
2592 2539 2808 2595 quoque
2835 2531 2890 2578 et
2941 2522 3116 2589 illud;
3153 2518 3454 2576 secundum
3505 2531 3632 2572 sane

2045 2634 2195 2680 ctum
2221 2620 2513 2677 ilaximum
2542 2635 2556 2672 :
2587 2637 2605 2670 ι
2643 2615 2760 2672 Non
2787 2624 2966 2687 potest
2996 2629 3153 2668 mens
3185 2628 3250 2667 ex
3285 2611 3397 2665 sola
3420 2608 3636 2663 actione

2046 2716 2251 2782 absque
2275 2711 2574 2779 cupiditate
2623 2710 2737 2763 fieri
2767 2725 2783 2768 :
2819 2707 2922 2762 nisi
2960 2719 3081 2761 eam
3139 2703 3328 2756 multa:
3372 2717 3435 2753 ac
3471 2697 3637 2752 varia:

2048 2806 2410 2877 cogitationes
2450 2801 2782 2872 suscipiant,
2833 2798 2950 2862 sed,
2989 2813 3056 2852 ex
3110 2794 3455 2849 divinissimo
3489 2789 3634 2850 Nilo.

2048 2897 2166 2953 ﬁeri
2203 2904 2380 2967 potest
2407 2904 2468 2950 ut
2510 2893 2604 2964 qui
2638 2890 3034 2962 cupiditatibus
3072 2887 3209 2941 liber
3257 2885 3484 2938 eiTecttts
3525 2894 3636 2941 est.

2051 3004 2161 3045 non
2189 3004 2318 3044 vere
2354 2996 2494 3053 oret,
2552 2987 2647 3043 sed
2701 2989 3024 3040 inconstans
3065 2982 3137 3036 sit
3187 2988 3240 3033 et
3272 2979 3431 3041 longe
3461 2993 3489 3029 a
3523 2975 3640 3028 Deo

2052 3085 2240 3140 distet.
2287 3101 2307 3135 ι
2341 3081 2416 3136 fta
2453 3080 2596 3135 enim
2633 3079 2723 3134 ille
2773 3077 2934 3133 Pater
2978 3076 3046 3130 de
3088 3074 3178 3129 illa
3205 3088 3306 3128 re:
3348 3090 3367 3123 ι
3410 3068 3640 3126 Etiamsi

373 3201 484 3268 γὰρ
506 3160 675 3261 οὗτος,
707 3199 736 3251 6
769 3160 1112 3267 Haahparspl.
1143 3160 1264 3247 τοῦ..
1301 3192 1545 3246 τοιούτου
1579 3190 1755 3246 οὕτω·
1786 3209 1806 3242 ι
1841 3160 1957 3245 Κάν

2055 3190 2211 3230 mens
2241 3189 2404 3243 supra
2436 3171 2776 3240 corporalem
2815 3166 3340 3236 contemplationem
3369 3160 3637 3218 ascende-

379 3288 518 3356 ὅπερ
542 3288 642 3357 τὴν
669 3287 989 3356 σωματικὴν
1021 3284 1255 3356 θεωρίαν
1283 3285 1312 3337 6
1349 3282 1477 3345 νοῦς
1506 3281 1756 3352 γένηται,
1805 3279 1959 3334 οὔπω

373 3380 580 3433 τέλειον
611 3378 700 3431 τὸν
732 3377 827 3431 τοῦ
859 3375 996 3430 Θεοῦ
1029 3377 1191 3430 τόπον
1217 3375 1480 3429 ὲθεάσατο
1513 3390 1527 3404 ο
1567 3373 1795 3426 δύναται
1848 3373 1960 3442 γὰρ

375 3472 434 3524 ἐν
466 3472 530 3540 τῇ
556 3470 664 3521 τῗ’ν
699 3468 988 3538 νοημίτων
1013 3461 1155 3518 εἶναι
1188 3463 1414 3533 γνώσει,
1465 3462 1560 3518 καὶ
1587 3462 1960 3516 ποικίλλεσθαι

353 3554 514 3632 ’πρὸς
545 3561 768 3630 αὐτήν.»
799 3561 920 3611 Ἐτι
942 3573 956 3587 ·
988 3577 1006 3610 ι
1041 3558 1193 3628 Οὐχὸ
1212 3557 1483 3618 ἀπαθείας
1501 3553 1838 3628 τετυχηκὼς,
1860 3555 1962 3626 ’ήδη

377 3651 472 3702 καὶ
499 3649 858 3720 προσεύχεται
884 3647 1110 3718 ἀληθῶς
1129 3663 1145 3678 ο
1180 3646 1404 3700 δύναται
1426 3647 1534 3716 γὰρ
1576 3646 1635 3698 ὲν
1655 3649 1768 3709 τοῖς
1787 3645 1960 3716 ψιλοῖς

378 3743 643 3810 νοήμασιν
699 3737 860 3802 εἶναι,
898 3741 994 3794 καὶ
1022 3743 1082 3794 ὲν
1125 3741 1246 3804 ταῖς
1277 3739 1543 3810 ἱστορίαις
1592 3738 1774 3791 αὐτῶν
1810 3755 1962 3808 περι-

382 3835 642 3902 σπᾶσθαι,
662 3834 754 3887 καὶ
783 3833 999 3904 μακρὰν
1025 3833 1248 3902 ἀπέχειν
1273 3831 1381 3886 ἀπὸ
1408 3831 1566 3886 Θεοῦ.
1582 3832 1736 3884 »Ἔτι
1756 3847 1770 3863 ο
1799 3849 1818 3882 ι
1850 3831 1964 3885 Οὐκ

383 3927 448 3980 ἂν
476 3928 559 3980 ὅτι
607 3925 680 3996 μὴ
713 3926 1006 3999 ὲγχρονίζῃ
1063 3927 1092 3978 6
1116 3924 1240 3989 νοῦς
1268 3926 1328 3978 ὲν
1377 3927 1490 3987 τοῖς
1517 3922 1692 3994 ψιλοῖς
1728 3925 1966 3994 νοήμασι

380 4018 489 4070 τῶν
513 4018 877 4088 πραγμάτων,
913 4017 1016 4088 ῆδη
1047 4017 1142 4070 καὶ
1197 4017 1509 4086 προσευχῆς
1547 4013 1844 4083 κατείληφε
1874 4013 1966 4066 τό·

384 4127 486 4162 πον
509 4127 521 4140 ·
544 4110 771 4163 δύναται
805 4109 914 4181 γὰρ
948 4109 1006 4163 ὲν
1026 4110 1095 4180 τῇ
1130 4107 1332 4180 θεωρίᾳ
1381 4102 1521 4159 εἶναι
1553 4105 1664 4159 τῶν
1704 4104 1966 4175 πραγμά-

383 4217 514 4263 των,
544 4201 637 4254 καὶ
667 4202 726 4254 ὲν
753 4202 866 4264 τοῖς
917 4200 1099 4268 λόγοις
1130 4199 1312 4253 αὐτῶν
1342 4197 1691 4269 ἀδολεσχεῖν·
1719 4196 1863 4268 ἅπερ
1919 4196 1968 4248 εί

387 4295 481 4346 καὶ
501 4293 630 4360 ψιλὰ
667 4291 890 4364 ῥήματά
912 4294 1069 4356 εἰσιν,
1089 4290 1297 4354 ἀλλ’ὡς
1331 4290 1672 4361 πραγμάτων
1687 4287 1816 4342 ὄντα
1839 4286 1974 4340 θεω-

390 4388 631 4456 ρ’,ματα,
663 4382 897 4438 τυποῦσι
924 4383 1018 4438 τὸν
1058 4383 1206 4449 νοῦν,
1243 4383 1340 4438 καὶ
1395 4381 1616 4453 μακρὰν
1663 4379 1972 4448 ἀπάγουσιν

390 4479 497 4532 ἀπῦ
520 4475 678 4530 Θεοῦ.
701 4496 722 4529 ι
743 4476 906 4544 Λέγει
927 4477 984 4531 δὲ
1001 4476 1096 4530 καὶ
1112 4478 1139 4530 6
1159 4477 1257 4546 τῆς
1280 4474 1572 4544 Κλίμακος
1587 4491 1600 4505 ·
1635 4492 1654 4526 ι
1681 4467 1782 4526 Ὧν
1801 4473 1832 4525 6
1849 4472 1974 4536 νοῦς

396 4570 717 4640 μεμάθηκεν
763 4568 982 4640 ἀληθῶς
1009 4566 1285 4638 εὔχεσθαι,
1337 4561 1485 4622 οὗτοι
1535 4565 1724 4637 Κυρίῳ
1771 4565 1977 4637 κυρίως

391 4660 612 4712 ὲνὼπιοι
665 4657 882 4729 ὲνωπίῳ
927 4657 1205 4724 λαλοῦσιν,
1261 4657 1338 4722 ὡς
1393 4658 1445 4712 οἱ
1477 4658 1614 4728 πρὸς
1657 4658 1719 4710 τὸ
1745 4653 1839 4720 οῦς
1880 4655 1976 4710 τοῦ

399 4750 665 4820 βασιλέως
684 4767 699 4783 ο
731 4751 796 4804 ἐκ
837 4750 894 4803 δὲ
921 4749 1128 4804 τούτων
1159 4749 1257 4804 καὶ
1280 4748 1392 4803 τῶν
1425 4749 1706 4816 τοιούτων,
1748 4748 1978 4803 δύνασαι

393 4840 637 4910 ἀκριϐῶς
667 4838 921 4904 συνιδεῖν,
953 4839 1052 4910 τὴν
1078 4837 1192 4892 τῶν
1231 4837 1511 4908 ἑκατέρων
1543 4836 1828 4892 πολιτειῶν
1859 4837 1979 4890 δια-

395 4933 591 5001 φορὰν,
623 4932 720 4986 καὶ⁸
740 4931 1072 5002 ἀσύγκριτον
1100 4928 1410 5001 σύγκρισιν,
1440 4933 1539 5000 τῆς
1573 4930 1714 4983 κατά
1737 4929 1979 5001 παραδο-

397 5025 519 5095 χὴν,
545 5024 748 5098 φαμὲν,
783 5023 880 5077 καὶ
908 5023 1006 5092 τῆς
1032 5023 1149 5076 κατ’
1180 5023 1462 5094 ἐπιϐολήν.
1493 5022 1604 5092 Τῆς
1637 5021 1736 5092 μὲν
1762 5021 1872 5093 γὰρ
1888 5019 1982 5092 ἔρ-

396 5136 511 5188 γον.
551 5119 800 5189 μελέταν
834 5119 931 5172 καὶ
959 5118 1174 5183 πολλαὶ,
1196 5117 1292 5171 καὶ
1321 5117 1564 5172 ποικίλαι
1602 5116 1983 5186 θεωρίαι.Τῆς

398 5213 455 5266 δὲ
487 5212 745 5283 ἐργασία,
802 5212 836 5282 ή
865 5210 1073 5282 ἀληθὴς
1103 5211 1408 5281 προσευχή.
1463 5209 1633 5280 Πρὸς·
1659 5208 1739 5272 δὲ,
1778 5210 1873 5264 καὶ
1901 5210 1984 5264 ὅτι

399 5305 529 5360 ἀλλο
566 5304 685 5367 νοὸς
705 5303 965 5370 ἀπάθεια,
1016 5303 1112 5357 καὶ
1153 5303 1342 5374 ἕτερον
1377 5301 1656 5374 προσευχὴ
1694 5301 1921 5371 ἀληθής.
1957 5318 1978 5354 ι

405 5397 526 5450 "E11
556 5414 615 5450 τε
643 5397 717 5459 ὡς
743 5398 772 5450 6
809 5395 950 5465 ἔχων
978 5395 1077 5466 τὴν
1104 5394 1281 5468 ἀληθῆ
1325 5394 1637 5466 προσευχὴν
1675 5394 1817 5447 κατά
1859 5395 1988 5458 τοὺς

401 5490 611 5557 ἁγίους,
639 5487 783 5542 κατά
807 5488 987 5540 πᾶσαν
1012 5486 1261 5556 ἀνάγκην
1283 5486 1488 5542 καὶτὸν
1516 5485 1642 5541 νοῦν
1672 5485 1859 5554 ἀπαθῆ
1891 5475 2010 5539 κε-’

403 5581 640 5651 κτῆσθαι
687 5579 953 5645 πέφυκεν,
978 5578 1040 5632 οὐ
1075 5577 1184 5649 μὴν
1213 5578 1290 5645 δὲ,
1325 5578 1420 5632 καὶ
1445 5580 1475 5632 6
1509 5578 1649 5648 ἔχων
1705 5576 1866 5646 μόνον
1896 5580 1990 5630 τὸν

403 5672 528 5730 νοῦν
553 5669 1056 5740 ἀπαθῆ,δεδύνηται
1071 5659 1371 5738 κεκτῆσθαι
1393 5669 1488 5724 καὶ
1501 5671 1600 5738 τὴν
1624 5668 1800 5741 ἀληθῆ
1824 5686 1989 5740 προσ-

406 5765 597 5835 ευχήν.
659 5763 770 5817 Καὶ
795 5761 969 5816 ταῦτα
1003 5762 1102 5832 μὲν
1135 5761 1338 5826 οὕτως·
1367 5763 1396 5815 6
1420 5762 1479 5816 δὲ
1506 5761 1662 5831 λόγος
1690 5761 1990 5832 ὲπανερχέ-

409 5857 523 5916 σθω
549 5856 679 5932 πρὸς
703 5855 770 5909 τὰ
798 5854 1162 5926 προκείμενα.
1181 5855 1334 5909 Ἐπεὶ
1355 5854 1450 5909 οὖν
1473 5854 1534 5908 οὐ
1563 5853 1721 5925 μόνον
1751 5853 1901 5926 παρά
1925 5855 1992 5908 τὰ

2055 3270 2150 3332 rit,
2185 3271 2425 3323 nondum
2461 3265 2761 3335 perfectqu
2803 3261 2895 3318 Dei
2927 3263 3107 3316 locum
3140 3258 3509 3326 contemplata
3532 3264 3642 3308 est.

2055 3362 2245 3418 Potest
2276 3361 2422 3417 enim
2455 3360 2508 3414 in
2551 3356 2903 3428 cogitationis
2949 3353 3179 3410 scientia
3213 3366 3355 3416 esse,
3395 3359 3452 3404 et
3493 3347 3642 3403 eirea

2056 3471 2178 3511 eam
2207 3454 2440 3508 variare.
2481 3470 2500 3504 ι
2537 3450 2601 3506 Et
2630 3451 2811 3506 adhuc
2851 3464 2866 3500 :
2909 3466 2928 3500 ι
2968 3445 3071 3512 Qui
3103 3441 3378 3515 apatltiam
3410 3453 3636 3495 assecu-

2059 3558 2148 3604 tus
2167 3555 2246 3600 est
2291 3544 2534 3602 nondum
2576 3558 2702 3598 vere
2727 3549 2885 3606 erat;
2914 3545 3094 3609 petest
3117 3537 3264 3591 enim
3300 3535 3356 3589 in
3388 3531 3646 3588 tenuibus

2060 3640 2317 3710 cogitatis
2345 3636 2572 3700 versari,
2604 3646 2660 3690 et
2707 3634 2762 3688 in
2808 3635 2926 3688 suis
2967 3631 3283 3685 notionibus
3313 3627 3568 3692 distrahi,
3594 3635 3654 3681 et

2061 3749 2092 3788 a
2135 3733 2243 3788 Deo
2273 3731 2436 3802 longe
2473 3729 2700 3784 distare.
2742 3743 2761 3778 ι
2821 3724 2886 3778 Ει
2923 3723 3102 3776 adhuc
3133 3739 3147 3775 :
3188 3741 3208 3772 ι
3241 3719 3361 3774 Non
3403 3735 3471 3774 eo
3503 3720 3653 3786 quod

2063 3841 2222 3880 mens
2259 3826 2311 3878 in
2345 3823 2608 3879 tenuibus
2640 3831 2822 3873 rerum
2851 3817 3107 3887 cogitatis
3159 3813 3503 3874 immoretur,
3535 3811 3652 3877 jam

2063 3917 2331 3972 orationis
2360 3915 2540 3969 locum
2570 3919 2818 3967 assecuta
2844 3917 2927 3965 est
2953 3924 2969 3973 ;
3004 3913 3183 3976 petest
3203 3903 3350 3958 enim
3383 3903 3434 3956 iu
3464 3917 3647 3956 rerum

2065 3987 2527 4076 contemplatione
2574 4001 2785 4059 versari
2843 4011 2896 4057 et
2928 4001 2982 4055 in
3015 3999 3129 4054 suis
3158 3995 3462 4051 rationibus
3511 4008 3656 4073 vana

2064 4114 2398 4166 eSse;qua:,
2432 4097 2535 4154 etsi
2601 4097 2783 4151 tenuia
2827 4095 2937 4151 sint
2987 4093 3175 4154 verba,
3235 4091 3330 4146 sed
3387 4071 3679 4160 quoniam'

2068 4209 2251 4248 terum
2298 4192 2453 4262 signa
2485 4197 2630 4256 sunt,
2667 4199 2905 4244 mentem
2960 4186 3288 4246 informant.
3339 4197 3573 4250 caroque.
3621 4195 3658 4236 a

2067 4281 2178 4338 Deo
2201 4289 2476 4350 separant.
2507 4299 2525 4332 ι
2563 4279 2705 4335 Dicit
2734 4287 2913 4332 autem
2939 4287 2991 4330 et
3025 4272 3355 4330 Clitnacicus
3389 4289 3404 4326 :
3443 4288 3464 4324 ι
3503 4270 3657 4337 Quo-

2068 4390 2189 4429 rum
2211 4389 2370 4430 mens
2387 4372 2574 4428 didicit
2588 4386 2717 4427 vere
2734 4385 2916 4436 orare,
2941 4370 2974 4424 ii
2994 4367 3227 4422 Domino
3243 4365 3590 4422 dominanter
3604 4373 3661 4417 et

2072 4466 2210 4522 facie
2237 4465 2304 4520 ad
2335 4465 2527 4520 faciem
2551 4465 2876 4534 loquuntur,
2896 4471 3157 4532 tanquam
3181 4459 3218 4514 ii
3243 4458 3335 4528 qui
3362 4459 3429 4528 ad
3466 4470 3661 4512 aurem

2004 4543 2046 4596 D
2079 4558 2222 4625 regis
2268 4557 2431 4612 verba
2459 4555 2692 4612 faciunt.
2725 4553 2800 4608 Ex
2833 4555 2902 4610 iis
2931 4565 3111 4608 autem
3161 4567 3227 4606 ac
3254 4550 3459 4606 talibus
3502 4556 3664 4618 potes

2077 4648 2324 4717 apprime
2355 4646 2664 4717 intelligere
2695 4646 2986 4712 utriusque
3030 4639 3263 4696 rationis
3293 4635 3660 4692 differentiam

2077 4749 2132 4795 et
2161 4755 2224 4794 ex
2259 4741 2669 4808 comparatione
2713 4734 3243 4793 dissimilitudinem,
3273 4744 3400 4784 cum
3441 4741 3547 4780 una
3592 4725 3666 4780 sit

2078 4849 2174 4904 per
2203 4833 2602 4901 acceptionem,
2622 4836 2676 4884 et
2702 4827 2869 4882 altera
2900 4841 2996 4896 per
3013 4831 3293 4878 conatum.
3317 4820 3490 4878 Unius
3512 4818 3663 4872 enim

2079 4942 2218 4996 opus
2242 4940 2390 4979 etme
2452 4931 2506 4977 et
2565 4924 2750 4976 multa:
2807 4933 2871 4973 ac
2923 4916 3090 4996 varia;
3151 4912 3663 4982 contemplationes.

2085 4994 2328 5076 Alteras
2356 5025 2572 5081 autem,
2598 5028 2724 5068 vera
2756 4994 3052 5066 oratio.Ad
3073 5009 3208 5070 hac,
3239 5006 3385 5061 aliud
3411 5013 3495 5058 est
3515 5019 3662 5058 men-

2085 5114 2155 5168 tis
2207 5111 2448 5181 apathia,
2513 5106 2658 5163 aliud
2709 5105 2885 5160 oratio
2923 5117 3074 5157 vera.
3111 5118 3130 5152 ι
3181 5098 3294 5153 lmo
3334 5097 3427 5168 qui
3480 5110 3672 5149 veram

2085 5206 2372 5260 orationen
2409 5200 2674 5269 possidet,
2721 5197 3022 5255 secundum
3057 5203 3300 5257 sanctos,
3357 5188 3678 5244 necessario

2085 5314 2304 5368 quoque
2335 5305 2575 5351 mentem
2602 5292 2812 5361 absque
2836 5288 3135 5359 cupiditate
3183 5285 3363 5339 habet.
3397 5280 3504 5348 Qui
3536 5294 3676 5333 vero

2086 5399 2296 5444 tantum
2351 5397 2589 5442 mentem
2635 5383 2845 5453 absque
2897 5380 3196 5450 cupiditate
3242 5375 3510 5446 possidet,
3558 5386 3673 5425 non
3771 5412 3780 5420 .

2084 5496 2300 5550 Semper
2327 5478 2502 5549 potuit
2529 5489 2711 5530 veram
2738 5471 3045 5528 orationem
3071 5468 3294 5521 habere.
3326 5462 3388 5517 Et
3411 5463 3528 5516 haec
3547 5459 3680 5528 qui-

2084 5577 2206 5630 dem
2236 5575 2306 5627 ita
2334 5589 2394 5626 se
2418 5571 2634 5625 habent.
2661 5567 2765 5623 Sed
2788 5566 2974 5621 redeat
2991 5577 3174 5618 sermo
3189 5560 3256 5614 ad
3277 5573 3340 5613 ea
3369 5571 3490 5627 qua:
3512 5553 3677 5609 nobis

2089 5669 2365 5740 ριυνο-ἰιτι
2399 5675 2548 5721 sunt.
2571 5663 2708 5718 Cum
2744 5675 2854 5715 non
2878 5659 3042 5714 modo
3069 5669 3133 5710 ea
3153 5668 3275 5724 qua:
3293 5644 3674 5712 diximus,sed

2086 5773 2140 5814 et
2174 5762 2290 5830 ipsa
2325 5759 2594 5813 bonorum
2625 5767 2690 5809 ac
2718 5751 2988 5805 malorum
3038 5742 3327 5807 memoria,
3360 5740 3676 5806 frequenter

2092 5829 2327 5912 mentem
2354 5849 2651 5906 informare
2665 5861 2727 5901 ac
2743 5843 2810 5901 ad
2835 5839 3178 5916 phantasiam
3206 5837 3407 5893 ducere
3437 5829 3676 5894 Sulcanl;
