4058 6446
302 389 408 457 705
1501 377 1898 442 Ol‘UStiULA
1930 380 2313 442 ASCETICA.
2546 447 2552 452 ,
3452 379 3557 443 7ίό

305 538 394 575 ται
419 518 507 572 τὸν
531 515 788 585 Κύριον.»
816 513 922 567 Kui
942 512 1078 583 μετά
1105 511 1312 582 βραχέα
1336 523 1346 535 ·
1381 527 1400 561 t
1431 507 1616 563 Ταῦτα
1653 509 1720 562 τά
1739 507 1915 576 τρία,έ

2016 501 2436 566 tisericordiam,
2473 501 2524 555 in
2581 515 2702 570 qua:
2759 513 2910 553 arma
2961 511 3029 552 ne
3088 495 3278 552 oculos
3333 497 3554 566 quidem

306 609 710 679 ἀκαταμάχητα
739 607 879 660 ὅπλα
913 603 1056 660 κατά
1107 604 1201 657 τοῦ
1229 603 1496 668 διαϐόλου,
1524 590 1725 672 άπερή
1756 601 1888 667 ἁγία

2016 592 2140 647 udet
2166 604 2492 646 convertere
2523 592 2835 646 dmmonum
2867 605 3116 646 examen.
3147 587 3266 643 Non
3296 597 3378 643 est
3411 588 3554 640 enim

307 677 638 774 Τριάςήὴμῒν
671 699 1002 768 ἐδωρήσατο,
1055 697 1384 748 ταπείνωσιν
1437 693 1601 762 λέγω,
1639 693 1885 761 ἀγάπην,

2016 682 2114 751 pud
2165 696 2260 736 eos
2317 681 2640 735 humilitatis
2692 680 3002 749 vestigium,
3037 677 3132 748 qui
3181 677 3400 747 quidem
3463 692 3562 744 per

309 767 403 849 xui
429 767 595 854 ἕλεος,
632 793 711 855 είς
747 767 891 859 άπερ
925 789 1044 843 οὐδὲ
1072 789 1390 858 ἀντιϐλέψαι
1444 788 1668 843 δύναται
1717 791 1827 850 πᾶς
1863 788 1891 838 6

2016 774 2289 843 uperbiam
2333 773 2386 826 in
2415 775 2671 827 tenebras
2703 773 2862 841 ejecti
2923 780 3074 837 sunt,
3122 769 3432 837 Quibusque
3479 767 3560 836 ig-

308 887 415 939 τῶν
440 884 711 954 δαιμόνων
731 882 919 951 ἐσμός.
955 883 1069 934 Οὐκ
1099 881 1345 952 ἔστιγὰρ
1381 881 1530 951 παρὰ
1561 883 1770 943 τούτοις
1793 897 1886 932 τα-

2018 867 2064 920 is
2101 877 2339 920 aeternus
2367 873 2700 933 paratusest.
2733 863 2836 918 Ubi
2871 864 3012 932 apud
3042 878 3136 917 eos
3168 863 3431 926 charitas,
3470 869 3566 913 aut

310 971 618 1033 πεινὼσεως
645 971 808 1039 ἴχνος,
839 969 893 1022 οἵ
917 985 980 1036 γε
1012 969 1099 1022 διὰ
1127 954 1226 1038 τὴν
1251 968 1480 1039 ἔπαρσιν
1505 968 1888 1039 ἐζοερὼθησαν,

2018 957 2376 1013 ιίεειὶροτιιίαξ
2407 957 2622 1022 umbra,
2651 955 2744 1024 qui
2801 956 3041 1008 humano
3068 955 3249 1024 generi
3282 954 3566 1006 incessaus

311 1068 402 1118 xui
451 1063 562 1134 πῦρ
593 1063 772 1125 αὐτοῖς
801 1061 1109 1141 ήτοιμάσθη
1143 1053 1380 1116 αἰώνῖον.
1431 1062 1540 1115 Ποῦ
1589 1063 1740 1132 παρά
1770 1062 1893 1115 τού-

2017 1050 2164 1105 dium
2193 1049 2396 1115 fovent,
2425 1055 2480 1100 et
2509 1048 2562 1100 iu
2621 1046 2750 1100 illud
2806 1060 3047 1115 pugnare
3104 1054 3212 1097 non
3265 1036 3569 1096 desinunt?

309 1173 425 1219 τοις
470 1133 660 1222 ἀγάπη
675 1172 712 1217 ·,
768 1136 806 1222 ἧ
849 1152 1031 1216 ἐλέους
1061 1152 1210 1219 σκιά,
1239 1151 1288 1204 οἳ
1319 1151 1454 1222 πρὸς
1503 1151 1565 1205 τὸ
1592 1153 1748 1220 γένος
1780 1151 1892 1206 τῶν

2016 1143 2077 1197 Iis
2107 1143 2273 1212 igitur
2308 1141 2478 1195 armis
2503 1139 2927 1200 circumdemur,
2993 1152 3116 1205 quae
3169 1135 3262 1204 qui
3306 1133 3567 1192 induerit,

310 1245 636 1315 ἀνθρώπιον,
661 1243 922 1297 ἄσπονδον
946 1244 1046 1312 τὴν
1066 1242 1268 1314 ἔχθραν
1291 1243 1612 1312 ἐκτήσαντο,
1663 1242 1756 1295 xui
1808 1242 1891 1295 δι-

2016 1233 2422 1305 nexpugnabilis
2439 1232 2693 1288 hostibus
2715 1229 2824 1284 (iet.
2859 1248 2876 1280 ι
2903 1230 2968 1283 Ει
2995 1229 3157 1298 paulo
3181 1236 3338 1295 post:
3367 1244 3384 1275 ι
3419 1225 3572 1276 lluuc

311 1339 522 1409 ηνεκῶς
554 1335 810 1405 πολεμεῖν
839 1335 900 1387 ού
940 1335 1238 1401 παύονταις
1279 1334 1504 1398 Τούτοις
1547 1334 1732 1388 λοιπὸν
1777 1337 1892 1398 τοῖς

2016 1326 2253 1393 riplicem
2287 1323 2468 1379 funem
2519 1337 2680 1392 quem
2737 1321 2899 1375 nobis
2948 1319 3296 1375 sanctissima
3331 1316 3572 1370 Trinitas

311 1433 494 1493 ὅπλοις
524 1431 977 1501 θωρακισθῶμεν,
1010 1429 1153 1501 ἆπερ
1179 1433 1207 1483 6
1251 1431 1579 1500 περιφέρων,
1616 1431 1891 1495 ἀνάλωτος

2016 1415 2262 1469 ontexuit
2288 1421 2342 1468 et
2367 1413 2682 1474 connexuit,
2735 1410 2986 1464 videmus
3013 1409 3115 1462 tria
3140 1424 3258 1462 esse
3275 1419 3330 1462 et
3361 1423 3526 1459 unum
3555 1422 3572 1469 ;

312 1525 422 1586 τοῖς
448 1521 726 1591 πολεμίοις
753 1521 1112 1591 καθέστηκε.»
1143 1522 1247 1574 Καὶ
1275 1522 1393 1590 μετ’
1424 1520 1643 1588 ὀλίγοιο(
1671 1521 1891 1590 Ταύτην

2016 1509 2087 1562 ria
2123 1507 2343 1577 quidem
2373 1505 2708 1567 nominibus,
2743 1505 2787 1559 si
2825 1505 2960 1559 velis
2995 1511 3048 1558 et
3071 1502 3320 1571 personis
3350 1516 3365 1563 ;
3399 1516 3570 1552 unum

313 1619 408 1686 τὴν
441 1615 728 1686 τρίπλοκον
752 1613 960 1684 σειρὰν,
991 1614 1059 1684 ἦν
1088 1615 1120 1682 ἡ
1150 1612 1278 1681 άγία
1315 1613 1485 1683 Τριάς
1516 1613 1748 1682 ὲξύφανε
1797 1613 1892 1666 xui

2024 1608 2166 1654 u-tem
2202 1598 2442 1668 potentia
2482 1607 2536 1651 et
2566 1596 2807 1652 eﬂicacia
2837 1605 2892 1651 et
2922 1611 2985 1649 ea
3018 1610 3139 1662 quae
3168 1609 3291 1647 cum
3329 1592 3434 1644 Deo
3467 1602 3572 1650 ρει,

315 1682 655 1769 συνέπλεξεν,
679 1682 895 1775 ὁρῶμεν
916 1682 1161 1774 καὶ-τρία
1187 1682 1372 1767 οὖσαν,
1400 1704 1495 1756 xui
1521 1704 1602 1757 ἓν.
1627 1705 1767 1774 Τρία
1792 1706 1890 1774 μὲν

2016 1691 2394 1760 trOpittquitate
2418 1698 2474 1744 et
2493 1689 2847 1742 inclinatione
2862 1696 2915 1741 et
2938 1686 3330 1740 familiaritate.
3353 1703 3370 1734 ι
3398 1682 3470 1738 De
3493 1683 3577 1736 Itis

314 1799 424 1859 τοῖς
460 1796 738 1865 ὀνόμασιν,
768 1797 814 1847 εἰ
842 1795 898 1846 δὲ
932 1793 1132 1863 βούλει,
1192 1795 1283 1846 καὶ
1317 1797 1436 1858 ταῖς
1488 1796 1889 1850 ὑποστάσεσινο

2016 1785 2254 1840 )omiuus
2285 1784 2424 1838 dixit
2455 1800 2468 1838 :
2508 1800 2527 1833 ι
2561 1780 2756 1852 Iugum
2785 1795 2968 1834 meum
3011 1795 3178 1834 suave
3210 1789 3315 1841 est,
3347 1788 3403 1831 et
3435 1792 3583 1830 onus-

401 1847 480 1951 ἑὲ,
502 1847 505 1848 ν
525 1847 592 1956 vi]
621 1847 848 1954 δυνάμει
877 1847 970 1937 κάλ
1008 1847 1280 1956 ἐνεργείᾳ,
1338 1847 1436 1938 xui
1457 1847 1709 1957 τῇπρὸής

2016 1891 2169 1931 neum
2235 1877 2350 1929 leve
2382 1876 2450 1928 ”.
2500 1892 2519 1925 ι
2567 1847 2656 1926 Et-
2688 1871 2978 1940 discipilus
3037 1886 3195 1937 quem
3267 1869 3532 1937 diligebat
3562 1883 3581 1918 :

315 1976 597 2046 ὲγγύτητι,
632 1976 726 2030 xui
758 1975 960 2040 νεύσει,
1002 1975 1096 2027 xui
1115 1976 1430 2046 οἰκειότητι.
1469 1997 1488 2030 ι
1523 1978 1660 2048 Περὶ
1685 1977 1889 2032 τούτων

2059 1967 2123 2022 Ει
2161 1967 2419 2021 mandata
2466 1965 2587 2035 ejus
2629 1964 2816 2036 gravia
2850 1977 2956 2016 non
2995 1970 3124 2017 sunt
3169 1960 3238 2013 ".
3277 1979 3296 2012 ι
3327 1957 3392 2012 Ει
3421 1958 3580 2026 paulo

317 2068 534 2140 εἴρηκεν
591 2069 624 2121 6
653 2067 950 2138 Δεσπότης,
989 2067 1070 2120 ὅτι
1123 2085 1143 2119 1
1180 2068 1244 2121 'O
1288 2067 1454 2138 ζυγός
1504 2087 1606 2140 μου
1654 2071 1892 2141 χρηστός

2016 2070 2111 2116 lost
2142 2079 2160 2115 ιΔ
2195 2079 2214 2112 ι
2245 2060 2374 2114 ldeo
2399 2060 2582 2113 anima
2623 2072 2746 2127 quae
2771 2071 2895 2111 cum
2927 2054 3038 2110 Deo
3065 2070 3162 2124 per
3198 2053 3395 2106 animae
3425 2051 3580 2119 puri-

322 2172 459 2235 ἐστι,
489 2171 582 2225 xui
610 2169 670 2224 τὸ
695 2170 916 2240 φορτίον
943 2185 1046 2240 μου
1072 2171 1335 2242 ἐλαφρόν
1367 2189 1386 2222 ι
1426 2171 1520 2224 xui
1549 2174 1578 2225 6
1602 2173 1893 2245 ἠγαπημέ-

2016 2162 2156 2208 atem
2186 2152 2471 2214 miscetur,
2504 2163 2560 2205 et
2583 2165 2682 2220 per
2728 2148 3110 2202 mandatorum
3139 2146 3576 2200 observationem

323 2280 411 2328 νος
431 2282 445 2296 ·
480 2282 504 2315 ο
524 2263 632 2316 Kui
661 2237 716 2316 ui
742 2237 954 2316 évtoiui
994 2262 1160 2315 αὑτοῦ
1184 2237 1406 2333 -βαρεῖαι
1447 2263 1547 2316 οὐκ
1576 2237 1702 2319 εἰσί.
1734 2283 1753 2316 ι
1779 2237 1897 2319 ’Καὶ

2016 2247 2114 2298 lum
2148 2246 2263 2299 hanc
2293 2245 2395 2296 tria
2447 2258 2599 2297 arma
2631 2257 2737 2311 qua
2772 2249 2901 2295 sunt
2943 2239 3061 2308 ipse
3100 2239 3264 2300 Deus,
3314 2237 3580 2306 possidet.

327 2326 464 2425 μετά
494 2369 634 2408 τινα⁴
673 2372 694 2406 ‹
728 2355 932 2408 Τούτου
955 2353 1117 2407 ἕνεκα
1135 2326 1341 2426 ψυχηή
1371 2356 1745 2424 ἁνακραθείσα
1775 2357 1897 2429 Θεῷ

2016 2336 2160 2390 )eum
2191 2335 2371 2403 ipsum
2425 2333 2620 2404 induit,
2651 2341 2706 2386 et.
2735 2332 2795 2386 (it
2821 2328 3225 2400 quodammodo
3277 2326 3443 2386 Deus.
3485 2339 3582 2395 per

321 2419 408 2500 6:5!
426 2445 542 2515 βίου
577 2445 946 2516 καθαρότητα,
978 2447 1071 2499 xui
1366 2419 1596 2516 ἐντολιῖιν
1622 2419 1893 2518 φυλακῆς,

2016 2428 2357 2484 tumilitatem
2388 2425 2994 2496 nempeetcharitatem
3024 2433 3076 2478 et
3106 2419 3537 2477 misericordiam
3566 2435 3581 2482 ;

322 2535 548 2589 καὶτῶν
575 2535 742 2607 τριῶν
788 2535 1003 2589 τούτων·
1045 2536 1252 2600 ὃπλων,
1304 2536 1449 2606 άπερ
1479 2537 1623 2589 εἰσὶν
1656 2538 1819 2602 αὐτὸς
1868 2541 1896 2592 6

2017 2520 2318 2575 laterialem
2346 2519 2581 2593 Dyadem
2614 2524 3224 2586 transmeat,caputquc
3267 2512 3425 2583 legis,
3458 2512 3587 2563 cha-

321 2627 475 2694 Θεὸς,
509 2601 623 2680 τὸν-
643 2627 778 2681 Θεὸν
833 2627 995 2682 αὑτὸν
1041 2629 1350 2692 ἐνεδύσατο,
1395 2601 1489 2682 xui
1530 2631 1720 2698 γέγονε
1751 2601 1898 2684 θέσει

2021 2615 2208 2669 itatem
2249 2612 2393 2678 dico,
2437 2611 2856 2675 transcendeus,
2890 2624 3014 2664 cum
3070 2601 3585 2676 supersubstantiali

323 2719 441 2782 θεὸς
464 2760 478 2780 ,
509 2718 601 2773 διὰ
625 2719 1032 2785 ταπεινώσεως,
1073 2721 1255 2783 ἐλέους
1301 2739 1363 2774 τε
1392 2723 1486 2774 καὶ
1513 2723 1754 2791 ἀγάπης,
1805 2723 1898 2776 καὶ

2016 2715 2044 2761 ῖι
2098 2705 2312 2760 viviﬁca
2365 2704 2633 2758 Trinitate
2665 2701 3042 2771 coniungitur,
3097 2697 3411 2752 immediate
3463 2710 3583 2748 cum

321 2811 418 2880 τὴν
449 2811 642 2882 ὑλικὴν
674 2812 840 2864 δυάδα
870 2813 1137 2882 περάσας,
1176 2813 1272 2865 xui
1321 2813 1673 2883 ὕπεραναϐἀς
1701 2815 1760 2867 τὸ
1801 2815 1896 2867 τοῦ

2016 2798 2084 2852 lla
2122 2795 2694 2859 conversans,lumen
2743 2792 2939 2847 lumini
2989 2789 3261 2860 adjiciens
3287 2796 3341 2842 et
3383 2787 3590 2840 indesi-

321 2878 486 2970 νόμου
515 2878 832 2968 κεῲάλαιον,
865 2878 962 2968 τὴν
1011 2900 1236 2969 ἀγάπην
1277 2878 1441 2967 λέγω,
1478 2903 1544 2970 τῇ
1594 2900 1900 2972 ὑπερουσίῳ

2016 2899 2154 2945 teute
2201 2903 2264 2944 ac
2293 2897 2498 2942 aeterno
2521 2887 2719 2957 gaudio
2764 2885 3006 2954 perfusa.
3038 2901 3056 2934 ›
3087 2881 3190 2935 Sed
3221 2880 3286 2934 de
3329 2878 3411 2932 Itis
3441 2879 3590 2932 sulli-

325 2993 415 3044 xui
435 2991 717 3062 ζωαρχικῇ
751 2989 942 3061 Τριάδι
972 2990 1240 3061 συνήφθη,
1277 2991 1624 3060 ἐντυγχάνων
1652 2971 1896 3061 ἀμέσως,

2016 2971 2145 3040 ιίυῐιί
2169 2999 2291 3054 quae
2338 2983 2599 3037 diximus.
2635 2978 2826 3048 Opera:
2881 2987 3062 3032 autem
3116 2975 3352 3045 pretium
3405 2979 3488 3026 est
3531 2981 3588 3022 ιιι

325 3087 463 3152 φωτὶ
489 3082 607 3151 φῶς.
637 3082 1097 3153 προσλαμϐάνων,
1149 3082 1243 3134 καὶ
1269 3081 1701 3153 εὐφραινόμενος
1723 3085 1900 3154 χαρὰν

2016 3074 2458 3148 [uemadmodum
2529 3074 2595 3129 de
2663 3073 2870 3127 erroris
2927 3085 2992 3125 ac
3031 3067 3282 3124 veritatis
3332 3064 3504 3134 signis
3535 3071 3590 3115 et

322 3173 598 3243 ἁδιάδοχον
624 3175 719 3228 xui
763 3174 1002 3228 αἰώνιον.
1038 3194 1057 3225 ι
1080 3174 1219 3226 Ἀλλ’
1253 3175 1468 3245 ἀπόχρη
1501 3176 1744 3243 καὶπερὶ
1777 3175 1870 3229 τού

2016 3169 2269 3225 'ructibus
2293 3182 2468 3242 pauca
2497 3181 2563 3221 ex
2590 3175 2745 3234 parte
2770 3163 3224 3225 memoravimus,
3252 3156 3420 3226 (unde
3440 3164 3491 3208 ct
3523 3170 3589 3208 ex

321 3279 448 3317 των·
491 3266 639 3329 εἰκ“μς
690 3265 746 3318 δὲ
795 3264 985 3335 ὥσπερ
1043 3264 1151 3334 ἄρα
1217 3265 1348 3336 περὶ
1389 3266 1498 3319 τῶν
1540 3266 1638 3338 τῆς
1695 3266 1902 3340 πλάνης

324 3359 538 3428 καὶτῆς
578 3356 838 3426 ἀληθείας
863 3356 1407 3428 διεμνημονεύσαμεν
1437 3358 1512 3422 ὡς
1543 3359 1652 3412 ἀπὸ
1703 3359 1903 3431 μέρους

320 3449 716 3520 γνωρισμάτων
768 3450 859 3503 xui
905 3450 1134 3522 καρπῶν
1176 3451 1321 3522 (ὅθεν
1346 3453 1438 3505 xui
1467 3451 1526 3516 ἐξ
1551 3452 1750 3513 αὐτῶν.
1783 3455 1903 3524 ἦτοι

319 3539 430 3590 τῶν
462 3540 714 3610 καρπῶν,
755 3539 896 3593 κατά
924 3543 1018 3594 τὸν
1049 3541 1191 3594 θεῖον
1225 3541 1437 3596 Παῦλον
1485 3544 1904 3614 ὲπιγνωσόμεθά

321 3648 440 3692 πως
463 3632 587 3694 τοὺς
619 3631 1182 3701 ὲνεργουμένους,οῐου
1208 3633 1514 3704 πνεύματὸς
1545 3636 1730 3702 εἰσιν),
1757 3635 1901 3689 οὕτω

2005 3259 2138 3330 ipsis
2164 3272 2359 3328 nempe
2390 3255 2687 3321 fructibus,
2737 3255 3042 3310 secundum
3080 3253 3326 3307 divinum
3361 3247 3589 3302 Paulum

2003 3361 2298 3422 operantes
2324 3349 2666 3410 noverimus,
2695 3347 2857 3415 cujus
2895 3345 3124 3415 spiritus
3156 3340 3315 3412 sint),
3352 3341 3426 3394 ita
3443 3349 3497 3392 et
3525 3339 3592 3391 de

2005 3454 2236 3514 utraque
2265 3442 2597 3496 excitatione
2630 3440 2698 3494 de
2739 3439 2922 3495 divina
2947 3450 3141 3505 nempe
3173 3449 3237 3490 ac
3257 3448 3382 3489 vera
3418 3433 3593 3502 gratia

2004 3545 2058 3592 et
2099 3538 2168 3591 de
2196 3536 2329 3590 l'als'a
2352 3544 2406 3592 et
2431 3533 2712 3590 contraria
2740 3545 2915 3602 pauca
2961 3546 3028 3584 ex
3063 3528 3316 3583 Patribus
3361 3528 3598 3580 dissera-

2005 3647 2150 3686 mus.
2189 3631 2280 3686 Sic
2310 3629 2475 3701 igitur
2508 3630 2573 3683 de
2598 3642 2662 3682 ea
2693 3624 2937 3695 loquitur
2965 3622 3125 3677 divus
3157 3619 3488 3673 Diadocltus.

329 3730 430 3783 xui
461 3735 591 3802 περὶ
635 3735 734 3803 τῆς
779 3733 839 3800 ἐξ
874 3735 1156 3802 ἑκατέρων
1205 3732 1635 3804 παρακλήσεως,
1690 3733 1792 3802 τῆς
1827 3733 1998 3801 θείας,
2031 3737 2235 3804 φαμὲν,
2279 3735 2374 3787 καὶ
2423 3732 2661 3804 ἀληθοῦς
2693 3735 2937 3804 χάριτος,
2973 3737 3068 3789 xui
3095 3736 3195 3806 τῆς
3223 3735 3595 3796 ἐπιπλάστου,

330 3826 424 3878 xui
456 3827 731 3893 ἐναντίας,
775 3828 1008 3898 κρήσεσι
1057 3829 1366 3897 Πατρικαίς
1398 3827 1518 3880 δέον
1569 3827 1768 3896 μικρόν
1820 3845 1874 3881 τι
1919 3828 2280 3899 διασημᾶναι.
2332 3828 2499 3895 Λέγει
2550 3827 2730 3881 τοίνυν
2764 3826 2897 3894 περὶ
2949 3824 3159 3896 ταύτης
3188 3823 3362 3888 οὕτως
3396 3826 3423 3877 6
3451 3825 3596 3886 θεῖος

331 3928 368 3978 Δ
380 3926 609 3992 ιάδοχος·
1221 3963 1230 3970 .

421 4005 560 4072 Περὶ
604 4007 1045 4076 παρακλήσεως
1067 4009 1254 4075 θείας,
1296 4011 1396 4064 καὶ
1420 4011 1822 4066 ἐπιπλάστου.

402 4093 493 4148 οδ¹.
527 4114 546 4147 ι
572 4096 739 4162 Ὅταν
768 4099 795 4149 ὁ
819 4097 944 4160 νοῦς
997 4099 1157 4168 ἡμῶν
1193 4100 1422 4168 ἄρξηται
1457 4101 1557 4170 τῆς
1608 4101 1701 4153 τοῦ
1754 4101 1914 4168 ἁγίου

335 4186 651 4257 Πνεύματος
684 4188 1044 4244 αἰσθάνεσθαι
1078 4193 1504 4264 παρακλήσεως,
1567 4195 1686 4246 τότε
1739 4196 1831 4247 xui
1887 4197 1916 4248 6

335 4281 579 4343 Σατανᾶς
606 4281 663 4333 ἐν
693 4282 955 4352 ήδυφανεῖ
975 4302 1082 4338 τινι
1113 4284 1388 4355 αἰσθήσει,
1427 4288 1485 4339 ὲν
1513 4291 1632 4350 ταῖς
1666 4305 1916 4359 νυκτεριη

334 4374 450 4434 ναῖς
477 4373 749 4443 ἡσυχίαις,
784 4375 876 4428 ὅτε
905 4392 990 4438 τις
1015 4375 1204 4446 ὥσπερ
1234 4379 1313 4439 εἰς
1337 4377 1506 4430 ὕπνου
1552 4377 1696 4441 τινὸς
1725 4380 1917 4432 λεπτο-

334 4464 494 4516 τάτου
524 4465 742 4536 ἔρχεται
778 4467 976 4538 ῥοπὴν,
1037 4468 1136 4539 τὴν
1185 4469 1364 4540 ψυχὴν
1418 4472 1748 4541 παρακαλεῖ.
1792 4474 1916 4526 Ἐὰν

335 4549 427 4605 οἶν
465 4556 524 4607 ἐν
549 4535 724 4626 θερμῇ
757 4535 879 4608 λίαν
910 4535 1104 4628 μνήμη
1143 4535 1340 4627 εύνρεθῇ
1371 4535 1590 4628 κρατῶν
1625 4559 1653 4611 6
1683 4559 1808 4623 νοῦς
1855 4561 1916 4612 τὸ
1941 4535 1986 4589 θ

335 4643 505 4714 ὄνομα
526 4644 586 4698 τὸ
612 4647 766 4714 ἅγιον
797 4646 891 4700 τοῦ
921 4649 1133 4719 Κυρίου
1176 4648 1375 4719 Ἰησοῦ,
1432 4651 1524 4703 xui
1557 4652 1746 4723 ὥσπερ
1767 4652 1916 4720 ὅπλῳ

335 4736 600 4806 κέχρηται
647 4738 788 4791 κατά
825 4739 924 4806 τῆς
971 4740 1189 4809 ἀπάτης
1238 4740 1317 4810 τῷ
1381 4742 1522 4811 ἁγίῳ
1571 4743 1666 4797 xui
1717 4744 1914 4814 ἐνδόξῳ

336 4827 530 4898 ἐκείνῳ
575 4829 820 4898 ὀνόματι,
850 4831 1124 4902 ἀναχωρεῖ
1173 4832 1272 4900 μὲν
1304 4834 1331 4885 6
1364 4833 1562 4899 πλάνος
1594 4834 1687 4887 τοῦ
1713 4836 1866 4889 δόλου
1895 4851 1912 4865 '

336 4923 416 4984 εἰς
463 4923 698 4992 πόλεμον
733 4925 789 4978 δὲ
841 4925 1025 4978 λοιπὸν
1079 4927 1447 4980 ἐνυπὸστατον
1479 4929 1773 4993 ἐξάπτεται
1815 4931 1914 5000 τῆς

335 5012 534 5082 ψυχῆς.
578 5014 738 5068 Ὅθεν
764 5017 1142 5084 ἐπιγινώσκων
1173 5019 1201 5070 6
1230 5019 1353 5081 νοῦς
1381 5018 1482 5090 τὴν
1509 5021 1724 5090 ἀπάτην
1750 5006 1924 5093 ἀκρισ-

339 5107 447 5168 6ῶς
498 5106 592 5158 τοῦ
623 5109 882 5178 πονηροῦ,
922 5107 1085 5161 πλέον
1119 5111 1199 5173 είς
1247 5111 1344 5180 τὴν
1385 5115 1579 5182 πεῖραν
1616 5114 1914 5184 προκόπτει

337 5197 432 5264 τῆς
457 5197 832 5266 διακρίσεως.»
855 5201 966 5253 Καὶ
983 5198 1140 5264 αὖθις
1162 5215 1174 5231 ⁶
1199 5221 1216 5253 ι
1241 5200 1306 5254 Ἦ
1331 5203 1509 5273 ἀγαθὴ
1545 5189 1913 5276 παράκλησις,

339 5286 701 5359 ἐγρηγορότος
730 5288 824 5343 τοῦ
873 5291 1124 5361 σώματος
1167 5293 1374 5360 γίνεται
1395 5311 1408 5326 ο
1441 5295 1472 5365 ἢ
1503 5296 1600 5350 xui
1627 5298 1705 5360 εἰς
1733 5296 1901 5350 ὕπνου

337 5379 478 5441 τινὸς
516 5380 798 5449 μέλλοντος
832 5382 1087 5453 ἔρχεσθαι
1142 5384 1400 5454 ἔμφασιν,
1437 5388 1523 5440 ὅτε
1549 5405 1632 5450 τις
1656 5389 1710 5442 ἐν
1734 5389 1911 5461 θερμῇ

341 5471 530 5540 μνήμῃ
555 5471 647 5523 τοῦ
685 5472 844 5538 Θεοῦ,
881 5477 946 5545 τῇ
977 5474 1143 5528 αὑτοῦ
1193 5475 1383 5547 ὥσπερ
1417 5478 1743 5547 κεκόλληται
1772 5481 1914 5543 ἀγά-

351 5576 427 5628 πῃ
462 5574 474 5587 ·
506 5563 539 5629 ἡ
569 5561 625 5614 δὲ
658 5563 756 5644 τῇς
781 5563 987 5634 πλάνης
1021 5568 1101 5629 είς
1123 5566 1319 5621 λεπτόν
1347 5585 1469 5621 τινα
1488 5570 1595 5626 ἀεὶ,
1629 5569 1704 5632 ὡς
1737 5567 1910 5633 εἷπον,

342 5646 507 5702 ὕπνον
537 5650 783 5716 ἐλθόντος
812 5652 905 5706 τοῦ
937 5656 1290 5725 ἁγνωνιστοῦ,
1329 5660 1463 5728 μετά
1489 5659 1660 5730 μέσης
1693 5662 1911 5731 μνήμης
1923 5645 1929 5650 ἠ

401 5833 442 5864 ⁸⁸
473 5833 662 5891 Matth.
701 5854 774 5904 χι,
819 5839 907 5893 50.
1014 5842 1058 5872 δ’
1090 5843 1107 5895 l
1142 5842 1294 5900 Joan.
1337 5863 1387 5908 ν,
1423 5848 1476 5901 5.
1533 5851 1540 5858 ’

2295 4013 2367 4066 De
2399 4012 2578 4065 divina
2625 4021 2676 4063 et
2708 4010 2772 4062 de
2806 4011 2944 4077 [also
2968 4011 3312 4062 excitatione.

2079 4107 2167 4160 74.
2208 4094 2438 4172 Quando
2470 4119 2624 4157 meus
2669 4113 2856 4157 ttostra
2893 4103 3086 4170 incipit
3139 4100 3381 4170 Spiritus
3425 4100 3601 4154 sancti

2008 4201 2394 4255 excitationem
2444 4195 2671 4259 sentire,
2731 4203 2864 4250 tunc
2892 4203 2946 4248 et
3005 4193 3238 4247 Satanas
3271 4193 3326 4247 in
3359 4191 3598 4260 quodam

2006 4307 2226 4349 amteno
2266 4306 2429 4345 sensu
2485 4301 2538 4343 et
2591 4289 2826 4360 quadam
2877 4299 3144 4342 nocturna
3191 4286 3602 4356 tranquillitate,

2006 4389 2226 4458 quando
2249 4384 2443 4454 quisin
2468 4383 2730 4437 levissimi
2781 4397 2959 4437 somni
3002 4381 3409 4435 inclinationem
3435 4380 3602 4439 venit.

2011 4479 2248 4533 animam
2289 4476 2509 4531 excitat.
2572 4493 2590 4525 ι
2624 4473 2680 4529 Si
2715 4475 2880 4546 igitur
2912 4489 3063 4527 mens
3089 4475 3141 4527 in
3175 4473 3388 4529 ardenti
3421 4472 3606 4525 minus

2018 4571 2282 4624 memoria
2323 4569 2638 4623 inveniatur
2667 4583 2867 4622 nomen
2921 4576 3176 4622 sanetum
3219 4566 3430 4620 Domini
3477 4563 3609 4619 .Iesu

2021 4677 2316 4731 occupans.
2349 4677 2522 4731 eoque
2560 4661 2914 4716 sanctissimo
2966 4669 3021 4714 et
3065 4659 3469 4729 gloriosissimo
3505 4674 3604 4711 no-
3639 4689 3647 4695 -

2021 4757 2168 4809 mine
2202 4764 2396 4809 contra
2449 4753 2823 4821 deceptionem
2882 4759 3088 4811 utatur,
3127 4749 3251 4802 dolo
3301 4749 3462 4802 linem
3507 4749 3614 4800 im-

2021 4845 2177 4915 ponit
2235 4843 2502 4909 dolosus;
2559 4841 2704 4896 bello
2761 4850 2943 4892 autem
3011 4835 3306 4890 manifesto
3364 4835 3618 4888 animam.

2021 4937 2177 5003 petit.
2208 4934 2363 4991 Unde
2392 4933 2550 4988 dolos
2600 4931 2822 4999 maligni
2857 4929 3105 5000 apprime
3137 4943 3394 4992 noscens,
3435 4926 3621 4995 magis

2014 5031 2072 5102 _iu
2124 5026 2471 5084 discretionis
2501 5025 2840 5094 experientia
2875 5022 3111 5092 proiicit.
3169 5040 3188 5074 ι
3238 5020 3304 5076 Et
3339 5023 3561 5074 rursum
3590 5035 3620 5072 :-

2023 5140 2041 5173 (
2075 5122 2222 5175 Bona
2271 5119 2527 5175 excitatio
2582 5117 2661 5184 ﬁt,
2715 5116 2974 5184 vigilante
3023 5128 3304 5183 corpore;
3356 5123 3622 5166 autcum

2015 5212 2148 5267 illttd
2179 5212 2232 5265 in
2261 5226 2326 5265 eo
2353 5218 2523 5266 estut
2549 5211 2604 5264 in
2651 5223 2832 5265 somnt
2865 5205 3153 5275 cujusdam
3195 5203 3606 5259 simulationem

2016 5307 2275 5370 introeat,
2310 5302 2530 5374 quando
2557 5303 2679 5373 quis
2719 5302 2774 5355 in
2807 5299 3018 5355 ardenti
3063 5297 3154 5352 Dei
3195 5296 3459 5350 memoria
3489 5293 3616 5362 ejus.-
3712 5293 3731 5304 '

2018 5397 2276 5452 cltaritati
2307 5397 2419 5451 fere
2448 5395 2762 5457 adunatur;
2793 5393 2982 5447 dolosa
3018 5400 3200 5446 autem
3261 5387 3520 5444 excitatiu
3549 5389 3618 5440 lit:
3679 5419 3694 5434 .

2017 5492 2260 5560 quando.
2292 5500 2350 5543 ut
2375 5489 2510 5555 dixi,
2543 5492 2597 5543 in
2631 5489 2801 5543 levem
2839 5486 3128 5557 quemdam
3163 5498 3419 5540 somnum
3456 5481 3616 5535 venit

2019 5591 2259 5637 certator
2293 5595 2417 5635 cum
2453 5581 2634 5635 media
2671 5579 2763 5634 Dei
2818 5579 3105 5633 memoria.
3139 5577 3319 5631 Altera
3357 5575 3601 5643 quidem.

2021 5687 2277 5745 tanquam
2316 5687 2381 5730 ex
2411 5673 2520 5730 Deo
2548 5684 2694 5741 orta,
2728 5672 3015 5727 mauiicste
3057 5673 3268 5724 animas
3297 5682 3485 5723 eorum
3513 5666 3617 5737 qui
