4058 6444
460 357 566 421 767

464 497 553 564 pie
593 502 859 565 pugnant,
906 494 959 549 in
1013 494 1184 551 multa
1233 498 1432 552 anima:
1466 497 1802 566 perl'usione,
1848 498 1916 554 ad
1964 500 2057 554 Dei

467 602 710 639 amorem
740 587 853 642 vult
874 586 1129 647 invitare.
1152 587 1336 643 Altera
1362 604 1513 655 vero,
1539 590 1801 659 quoniam
1823 591 2059 660 quodam

464 676 809 738 dcceplimtis
830 687 995 731 vento
1011 678 1249 733 animam
1268 680 1553 736 eradicare
1573 681 1731 746 solet,
1753 695 1849 752 per
1870 695 2065 750 corpo-

465 768 545 821 ris
569 782 825 822 somnum
863 783 1013 824 sanie
1041 771 1241 825 mentis
1264 785 1490 826 sensum
1542 761 1792 843 decipere
1812 772 2065 843 aggredi-

468 870 576 923 tur,
600 861 820 928 quando
841 863 1143 930 praesertim
1171 866 1319 919 circa
1345 863 1435 919 Dei
1458 865 1779 920 memoriam
1799 881 1856 920 se
1880 864 2058 919 molli-

471 963 553 1007 tur
574 954 755 1010 habet.
782 954 838 1009 Si
863 955 1028 1025 igitur
1056 956 1373 1013 inveniatur
1404 973 1580 1022 mens,
1602 968 1660 1013 ut
1682 960 1817 1025 dixi,
1843 958 2057 1014 Domini

470 1025 641 1099 nostri
664 1045 793 1102 Jesu
819 1046 1022 1101 Christi
1052 1063 1269 1115 semper
1304 1064 1535 1111 memor.
1565 1050 1795 1120 dissipat
1835 1060 2058 1105 ventum

468 1136 620 1190 ilium
656 1138 862 1194 iminici
895 1155 1064 1194 suave
1092 1138 1334 1207 ﬂantem,
1367 1145 1723 1212 gaudensque
1742 1144 1809 1197 ad
1838 1143 2058 1199 -bellum

467 1238 661 1283 contra
706 1245 834 1284 eum
883 1243 1152 1296 movetur,
1201 1241 1462 1302 tanquam
1510 1234 1679 1290 altera
1729 1250 1882 1290 arma
1936 1244 2060 1305 post

468 1322 700 1389 gratiam
725 1321 934 1378 habens
957 1364 973 1390 ,
994 1339 1190 1395 nempe
1221 1326 1570 1395 experientia
1601 1327 2003 1397 gloriationt'm.
2033 1350 2057 1384 ρ

470 1411 535 1466 Et
563 1430 875 1481 rursum”
908 1415 963 1471 Si
1016 1427 1167 1471 certo
1204 1419 1445 1488 quodam
1471 1429 1528 1475 et
1575 1422 2057 1491 imaginationibus

468 1505 676 1560 carenti
702 1515 853 1561 motu
880 1507 947 1563 ad
972 1509 1060 1564 Dei
1089 1525 1330 1566 amorem
1363 1528 1515 1567 mens
1536 1515 1826 1576 excitetur,
1856 1531 2056 1587 corpus

466 1610 522 1654 et
551 1601 726 1669 ipsum
754 1606 1158 1673 quodammodo
1185 1607 1467 1662 attrahens
1501 1609 1553 1661 in
1588 1609 1750 1679 hujus
1772 1611 2057 1668 cbaritatis

467 1693 759 1751 inritabilis
780 1696 1134 1766 profundum,
1156 1699 1412 1770 vigilante
1440 1717 1694 1772 corpore.
1720 1714 1830 1764 aut.
1861 1721 1927 1761 eo
1945 1721 2056 1776 quo

1302 360 1650 421 CALLlSTl
1691 358 1785 421 ET
1834 354 2131 417 lGNATll
2186 357 2895 424 XANTIIOI’ULORUM

2088 476 2133 526 A

3614 364 3733 441 776$

2165 492 2257 546 τοῦ
2280 492 2434 547 Θεοῦ.
2466 494 2529 548 Ἦ
2564 497 2663 565 μέν
2693 497 2803 568 γάρ
2830 498 2906 562 ὡς
2937 500 3001 553 ἐκ
3029 501 3164 556 Θεοῦ
3187 499 3342 571 οὖσα,
3375 496 3620 576 φανερῶς
3639 510 3733 572 τὰς

2163 585 2340 655 ψυχὰς
2395 587 2505 640 τῶν
2552 588 2651 658 τῆς
2697 590 2976 655 εὐσεϐείας
3011 596 3349 662 ἀγωνιστῶν,
3409 600 3467 650 ὲν
3515 600 3732 670 ἐκχύσει

2166 676 2329 748 πολλῇ
2354 677 2453 748 τῆς
2477 679 2675 750 ψυχῆς,
2697 685 3036 750 παρακαλεῖν
3057 686 3188 755 πρὸς
3218 688 3319 757 τὴν
3343 689 3562 760 ἀγάπην
3593 691 3733 745 θέλει

2163 769 2350 824 αὐτοῦ,
2392 770 2453 824 Ἡ
2483 770 2562 835 δὲ,
2591 774 2779 843 ἐπειδὴ
2810 775 2868 827 ἐν
2905 775 3092 845 ἀνέμῳ
3125 780 3233 831 τινὶ
3269 782 3474 852 πλάνης
3500 783 3733 852 ῥιπίζειν

2161 861 2260 932 τὴν
2287 862 2467 933 ψυχὴν
2495 863 2673 930 εἴωθε,
2698 865 2953 920 κλέπτειν
2974 868 3062 922 διὰ
3097 868 3192 923 τοῦ
3234 870 3405 926 ὕπνου
3428 875 3519 927 τοῦ
3549 874 3732 945 σώμα-

2162 968 2252 1014 τος
2286 953 2386 1023 τὴν
2414 954 2611 1023 πεῖραν
2661 958 2761 1027 τῆς
2792 956 3098 1028 αἰσθήσεως
3146 960 3241 1014 τοῦ
3275 962 3606 1032 ὑγιαίνοντος
3638 966 3731 1020 νοῦ

2160 1046 2447 1115 ἐπιχειρεῖ,
2495 1046 2584 1099 ὅτε
2617 1048 2850 1118 μάλιστα
2885 1051 3012 1120 περὶ
3043 1053 3142 1123 τὴν
3197 1055 3422 1127 μνήμην
3450 1057 3545 1110 τοῦ
3596 1058 3731 1112 Θεοῦ

2160 1134 2396 1205 χλιαρῶς
2446 1135 2580 1207 ἔχει.
2630 1137 2756 1193 Ἐὰν
2791 1135 2885 1193 οὖν
2930 1142 3126 1214 εὑρεθῇ
3175 1147 3204 1198 ό
3244 1147 3389 1210 νοῦς.
3422 1148 3498 1211 ὡς
3558 1146 3730 1214 εἷπον,

2164 1227 2509 1299 μεμνημένος
2538 1232 2823 1302 προπχῶς
2861 1233 2956 1287 τοῦ
3011 1237 3214 1306 Κυρίου
3256 1239 3430 1310 Ἰησοῦ
3475 1242 3731 1312 Χριστοῦ,

2164 1317 2447 1395 σκορπίζει
2483 1321 2583 1391 μὲν
2606 1321 2703 1394 τὴν
2740 1322 2911 1392 αὔραν
2941 1327 3157 1397 ἐκείνην
3199 1329 3299 1400 τὴν
3349 1332 3595 1404 ἡδυφανῆ
3635 1335 3728 1388 τοῦ

2162 1411 2380 1481 ἐχθροῦ,
2402 1413 2605 1483 χαίρων
2634 1414 2689 1467 δὲ
2713 1416 2792 1478 εἰς
2819 1418 2910 1470 τὴν
2943 1421 3063 1472 κατ’
3095 1422 3258 1475 αὑτοῦ
3295 1428 3522 1479 κινεῖται
3569 1428 3730 1480 πόλε-

2163 1521 2286 1574 μον,
2315 1505 2391 1568 ὡς
2412 1506 2574 1560 ὅπλον
2605 1508 2742 1578 ἔχων
2775 1509 3026 1581 δεύτερον
3056 1512 3241 1569 λοιπὸν
3273 1516 3444 1583 δεξιὸν
3468 1521 3604 1589 μετά
3631 1521 3731 1591 τὴν

2157 1599 2337 1667 χὶιριν,
2363 1598 2424 1651 τὸ
2453 1600 2518 1650 ἐκ
2537 1598 2638 1668 τῆς
2662 1600 2855 1670 πείρας
2886 1603 3200 1674 καύχημα.»
3220 1605 3331 1659 Καὶ
3349 1606 3509 1660 πάλιν
3526 1624 3541 1639 ο
3565 1600 3582 1661 t
3604 1609 3731 1663 Ἐὰν

2150 1690 2515 1759 ’ἁναμφιϐόλῳ
2534 1691 2631 1747 καὶ
2660 1693 2987 1762 ἀφαντάστῳ
3007 1696 3219 1765 κινήσει
3245 1698 3277 1767 ή
3301 1696 3447 1770 ψυχὴ
3482 1701 3614 1771 πρὸς
3632 1700 3731 1771 τὴν

466 1787 579 1839 dixi
608 1789 791 1854 modo,
843 1792 897 1845 in
935 1806 1190 1847 somnum
1223 1795 1483 1863 intrante,
1514 1795 1695 1851 divina
1727 1800 1899 1868 gratia
1932 1816 2056 1871 pro-

2156 1776 2381 1847 ἀγάπην
2404 1778 2704 1848 ἐξάπτηται
2731 1782 2826 1834 τοῦ
2860 1782 3015 1846 Θεοῦ,
3048 1785 3280 1840 ἕλκουσα
3311 1787 3499 1859 ὥσπερ
3527 1790 3618 1844 καὶ
3668 1791 3730 1845 τὺ
3788 1870 3801 1881 υ

465 1883 712 1947 ductum,
735 1881 868 1937 nihil
891 1883 1036 1939 aliud
1062 1885 1428 1957 cogitausuisi
1457 1888 1631 1944 solum
1653 1866 1787 1946 uniti
1814 1893 1880 1947 ad
1908 1866 2055 1963 quod

2156 1866 2315 1938 σῶμα
2346 1871 2425 1932 εἰς
2449 1870 2510 1922 τὺ
2544 1870 2706 1941 βάθος
2722 1872 2823 1943 τῆς
2850 1875 3070 1945 ἀγάπης
3102 1878 3320 1949 ἐκείνης
3345 1880 3443 1949 τῆς
3470 1883 3731 1954 ἀρρήτου.

467 1982 736 2037 μνη-(ξιον,
781 1976 1066 2029 sciendum
1099 1986 1183 2032 est
1211 1980 1388 2033 sancti
1433 1977 1675 2050 Spiritus
1705 1982 1901 2039 adesse
1938 1985 2053 2039 vir-

467 2072 659 2118 tute-ii.
692 2062 826 2121 Tota
858 2068 1004 2122 enim
1031 2068 1136 2124 hac
1187 2069 1450 2126 ineﬂ'abili
1490 2072 1781 2129 dulcedine
1804 2075 2050 2145 perfusa,

466 2154 602 2206 nihil
685 2156 830 2211 aliud
886 2160 1131 2226 coxitare
1207 2171 1407 2231 petest,
1468 2174 1763 2236 postquam
1853 2168 2052 2225 remis-

460 2264 525 2302 so
584 2263 867 2319 nunquam
922 2252 1124 2321 gaudio
1176 2253 1410 2309 bctatur.
1480 2256 1538 2311 Si
1568 2271 1698 2313 vero
1737 2261 2049 2328 ambiguam

461 2349 557 2390 aut
612 2339 892 2394 sordidam
950 2343 1244 2412 quamdam
1306 2347 1698 2417 cogitationem
1766 2366 1924 2409 mens
1992 2353 2049 2410 in

461 2432 746 2501 operando
808 2435 1121 2504 concipiat,
1193 2437 1413 2495 etiamsi
1482 2451 1676 2498 contra
1746 2446 2047 2517 malignum

459 2537 655 2580 sancto
687 2534 879 2582 utatur
930 2527 1173 2595 nomine,
1234 2545 1344 2586 non
1399 2542 1582 2590 autem
1620 2536 1803 2606 p0tius
1851 2539 1919 2595 ad
1954 2540 2046 2595 Dei

459 2637 705 2677 amni-cm
731 2624 1029 2694 putandum
1059 2635 1141 2681 est
1166 2640 1287 2681 eam
1318 2627 1705 2686 excitationem
1724 2634 2046 2706 decipientis

458 2732 605 2782 esse,
658 2732 784 2772 cum
815 2717 1015 2774 laetitiae
1048 2720 1426 2778 simulatione.
1465 2721 1560 2778 Illa
1601 2735 1783 2783 autem
1832 2730 2042 2796 laetitia,

458 2821 570 2864 t-ua
605 2811 867 2880 qualitate
895 2822 948 2868 et
973 2814 1167 2869 ordine
1189 2829 1408 2884 carens,
1436 2816 1648 2875 inimici
1684 2829 1770 2876 est
1799 2823 2041 2880 animam

457 2914 713 2971 stuprare
740 2902 997 2961 volentis.
1026 2904 1170 2961 Cum
1218 2908 1365 2963 enim
1411 2910 1557 2966 videt
1596 2922 1834 2970 mentem
1863 2915 2040 2986 ipsum

457 2996 700 3052 μαιιιδίεεο
719 3008 776 3052 et
828 2997 932 3052 hac
969 3000 1307 3070 experientia
1341 3002 1585 3074 gloriari,
1618 3014 1753 3064 tunc.
1807 3010 2042 3079 quihus-

456 3093 581 3143 dum
642 3092 1091 3161 excitationibus,
1150 3093 1279 3150 boui
1312 3099 1549 3168 speciem
1598 3101 1937 3171 gerentibus,
1982 3114 2043 3160 ut

2155 1959 2609 2032 ἐγρηγοροῦντος,
2640 1963 2697 2033 ἢ,
2729 1957 2775 2033 ᾦ
2806 1966 3005 2038 εἴρηκα
3029 1968 3234 2039 τρόπῳ,
3264 1972 3345 2034 εἰς
3376 1971 3545 2027 ὕπνον
3573 1976 3732 2045 ἐρχο-

2157 2054 2318 2122 μένου
2350 2054 2442 2108 τοῦ
2473 2056 2578 2110 ὑπὸ
2601 2058 2699 2128 τῆς
2728 2058 2889 2126 ἁγίας
2920 2061 3144 2130 χάριτος
3172 2064 3585 2136 ἐνεργουμένου,
3619 2085 3726 2138 μη-

2147 2154 2235 2208 δὲν
2262 2154 2393 2208 ἄλλο
2413 2155 2532 2207 τότε
2562 2154 2699 2218 ὅλως
2726 2156 3006 2221 ἐννοοῦσα,
3049 2159 3083 2229 ἢ
3109 2157 3270 2213 τοῦτο
3305 2162 3464 2231 μόνον
3489 2165 3568 2227 είς
3595 2163 3732 2236 ὅπερ

2148 2248 2398 2311 κινεῖται,
2430 2246 2632 2301 εἰδέναι
2657 2247 2740 2301 δεῖ
2767 2247 2861 2301 τοῦ
2894 2249 3051 2317 ἁγίου
3081 2250 3398 2320 ιῐνεύματος
3445 2249 3585 2308 εἶναι
3630 2254 3731 2326 τὴν

2147 2337 2428 2409 ἐνέργειαν
2448 2352 2463 2367 ⁸
2496 2338 2795 2410 ήδυνομένη
2826 2340 2937 2410 γάρ
2958 2340 3054 2412 ὅλη
3091 2342 3182 2396 ὑπ’
3201 2344 3419 2414 ἐκείνης
3440 2346 3536 2415 τῆς
3557 2346 3729 2416 ἀφράο

2147 2444 2274 2481 στου
2309 2428 2666 2497 γλυκύτητος,
2694 2431 2846 2486 οὐδὲν
2875 2431 3064 2504 ἕτερον
3093 2432 3321 2489 δύναται
3358 2436 3483 2491 τότε
3505 2438 3726 2506 ἐννοεῖν,

2146 2520 2333 2589 ἐπειδὴ
2385 2522 2651 2594 ἅνενδότῳ
2709 2524 2832 2578 τότε
2882 2525 3236 2597 εὐφραίνεται
3293 2529 3455 2600 χαρᾷ.
3500 2530 3625 2584 Ἐάν
3668 2531 3730 2585 δὲ

2147 2612 2478 2683 ἀμφιϐολίαν
2505 2615 2664 2679 ὅλως,
2720 2616 2753 2688 ἢ
2792 2618 3042 2690 ῥυπαράν
3080 2636 3201 2673 τινα
3224 2618 3435 2674 ἔννοιαν
3462 2622 3492 2674 ό
3519 2621 3641 2685 νοῦς
3665 2624 3726 2676 ἐν

2142 2703 2223 2775 τῷ
2253 2707 2592 2776 ἐνεργεῖσθαι
2620 2707 2881 2781 συλλόῶῃ,
2931 2711 2982 2763 εἰ
3036 2712 3131 2764 καὶ
3164 2710 3245 2783 τῷ
3277 2712 3422 2782 ἁγίῳ
3451 2714 3718 2784 κέχρηται

2142 2796 2368 2867 ὀνόματι
2418 2798 2553 2868 προς
2609 2798 2825 2869 ἄμυναν
2868 2800 2962 2854 τοῦ
2995 2802 3188 2865 κακοῦ,
3236 2803 3330 2857 καὶ
3364 2804 3492 2875 οὐχὶ
3524 2805 3722 2876 μᾶλλον

2144 2889 2280 2959 πρὸς
2306 2890 2527 2960 ἀγάπην
2579 2891 2741 2961 μόνον
2769 2890 2863 2946 τοῦ
2893 2893 3053 2958 Θεοῦ,
3106 2895 3189 2948 δεῖ
3215 2897 3379 2963 νοεῖν,
3427 2898 3510 2951 ὄτι
3540 2899 3603 2951 ἐκ
3630 2895 3721 2952 τοῦ

2141 2983 2454 3045 ἀπατεῶνός
2480 2984 2632 3037 ἐστιν
2661 2985 2845 3056 ἐκείνη
2877 2987 2910 3056 ἡ
2939 2987 3309 3060 παράκλησις,
3342 2991 3519 3061 χαρᾶς
3542 2990 3720 3062 ἐμφά-

2144 3091 2247 3127 σῖι.
2296 3075 2436 3127 Ἡδὲ
2472 3074 2617 3145 χαρά
2644 3075 2851 3147 ἐκείνη,
2889 3077 3077 3142 ἀποιός
3123 3081 3240 3133 ἐστι
3297 3081 3391 3134 καὶ
3445 3081 3721 3143 ἀδιάθετος

459 3183 594 3246 uixi,
629 3182 869 3238 animam
905 3183 1117 3251 invitat,
1147 3195 1228 3251 ut,
1256 3156 1385 3242 dum
1407 3203 1472 3244 ea
1507 3156 1959 3262 hacugloriatione
1989 3204 2045 3250 et
2070 3188 2071 3193 “

2145 3168 2265 3236 ὅλη,
2302 3167 2549 3231 θέλοντος
2602 3168 2951 3238 μοιχεύεσθαι
3013 3170 3111 3224 τοῦ
3152 3172 3348 3243 ἐχθροῦ
3379 3174 3478 3245 τὴν
3525 3173 3718 3243 ψυχήν.

458 3275 606 3328 molli
630 3275 897 3351 suavitate
917 3274 1161 3345 effertur,
1180 3274 1300 3334 eam
1327 3282 1548 3351 maligni
1569 3283 1835 3343 immistio
1858 3288 2042 3343 lateat.

460 3367 537 3421 lix
568 3368 669 3423 hoc
703 3369 868 3439 igitur
895 3368 1160 3441 Spiritum
1191 3374 1438 3431 veritatis
1459 3386 1514 3433 et
1547 3378 1811 3448 Spiritum
1837 3383 2046 3438 erraris

458 3476 881 3530 cognoscemus.
909 3462 1252 3536 Impossibile
1281 3478 1364 3524 est
1395 3477 1576 3527 tamen
1602 3472 1861 3528 diviniam
1884 3473 2046 3529 boni-

459 3563 625 3608 tutcm
660 3555 993 3613 sensibiliter
1043 3570 1264 3629 gustare
1306 3564 1542 3635 aliquem
1564 3606 1580 3631 ,
1613 3576 1707 3620 aut
1738 3568 2045 3623 daemonum

459 3648 722 3704 malitiam
752 3651 1084 3709 sensibiliter
1102 3655 1362 3724 experiri,
1385 3655 1490 3712 nisi
1509 3657 1555 3713 is
1573 3658 1675 3714 sibi
1700 3660 1798 3729 ipsi
1817 3675 2047 3731 persua-

457 3740 606 3807 deat,
635 3743 867 3813 gratiam
896 3743 1118 3813 quidem
1147 3744 1202 3799 in
1253 3747 1527 3816 profunda
1559 3760 1741 3804 mente
1783 3751 2045 3820 residere,

458 3833 637 3888 malos
662 3841 847 3890 autem
907 3835 1135 3906 spiritus
1167 3836 1223 3891 in
1274 3837 1461 3893 cordis
1487 3838 1734 3908 partibus
1780 3825 2044 3910 habitare,

460 3928 608 3995 quod
631 3944 912 3999 nunquam
937 3932 1081 4000 apud
1102 3931 1356 3986 homines
1370 3931 1517 3987 credi
1537 3934 1815 3991 daemones
1835 3935 2045 4003 volunt,

460 4036 531 4075 ne
555 4036 732 4086 mens,
766 4022 819 4077 id
844 4023 1093 4094 apprime
1143 4024 1349 4090 sciens,
1387 4024 1479 4079 Dei
1509 4028 1830 4082 memoriam
1854 4036 2046 4083 contra

458 4130 556 4168 t-os
590 4130 742 4170 arma
767 4124 971 4171 sumat.
1028 4115 1206 4172 Habes
1228 4117 1340 4187 jam
1367 4119 1433 4173 de
1455 4117 1559 4173 hoc
1580 4119 1724 4188 quod
1752 4118 1973 4186 sullicit,
1993 4129 2049 4176 et

458 4219 757 4265 contentus
785 4224 908 4265 esse
932 4209 1120 4265 debes.
1139 4208 1258 4264 Non
1291 4211 1436 4266 cnim
1462 4211 1601 4267 ultra
1633 4211 1834 4268 Gadira
1869 4224 2049 4269 trans-

458 4306 743 4368 eundum;
780 4307 835 4356 et
897 4302 1003 4356 mel
1034 4303 1343 4372 inveniens,
1377 4303 1657 4374 paululum
1701 4306 1947 4372 comede,
1980 4322 2048 4361 ne

462 4390 698 4451 satiatus
724 4395 858 4450 illud
880 4410 1125 4452 evomas.

647 5012 720 5065 l‘e
753 5012 932 5067 diuina
971 5012 1179 5078 latitia,
1216 5029 1334 5084 quia
1376 5030 1451 5069 ea:
1488 5015 1644 5072 corde
1673 5028 1907 5075 annuat.

534 5171 623 5224 73.
668 5170 781 5226 lino
812 5187 941 5228 vero
967 5174 1330 5244 opportunius
1378 5182 1435 5230 et
1469 5176 1653 5246 aptius
1679 5186 1765 5234 est
1812 5178 1999 5235 dicere
2030 5195 2047 5235 :

2144 3260 2310 3313 ,οταν
2335 3261 2446 3330 γάρ
2493 3260 2576 3331 ἴδῃ
2612 3262 2704 3314 τὸν
2730 3260 2856 3315 νοῦν
2884 3264 2949 3332 τῇ
2987 3262 3153 3334 πείρᾳ
3199 3265 3295 3335 τῆς
3341 3264 3503 3318 αὐτοῦ
3534 3264 3722 3334 αἰσθή-

2096 3376 2111 3383 -
2144 3368 2283 3415 σεως
2315 3351 2559 3421 ἀκριϐῶς
2588 3354 2965 3425 καυχώμενον,
2986 3356 3109 3409 τότε
3141 3357 3523 3429 παρακλήσεσι
3552 3375 3716 3423 τισιν,

2140 3442 2216 3506 ὡς
2238 3443 2396 3513 ἔφην,
2427 3446 2831 3515 χρηστοιρανέσι
2865 3448 3255 3516 προσκαλεῖται
3279 3449 3378 3519 τὴν
3408 3449 3608 3519 ψυχὴν,
3634 3448 3721 3502 ἵνα

2140 3534 2574 3606 διαφορουμένης
2604 3536 2778 3607 αὐτῆς
2814 3536 2922 3590 ὑπὸ
2960 3540 3062 3608 τῆς
3095 3539 3302 3609 χαύνης
3349 3540 3566 3611 ἐκείνης
3625 3541 3724 3596 καὶ

2141 3626 2419 3698 καθύγρου
2441 3627 2725 3700 ἡδύτητος.
2762 3629 3101 3702 ἀγνώριστος
3139 3633 3277 3702 αὐτῇ
3309 3632 3590 3703 γένηταιῆ
3625 3632 3719 3703 μί-

2142 3717 2224 3783 ξις
2252 3718 2347 3772 τοῦ
2385 3718 2582 3773 δολίου.
2640 3720 2735 3774 Ἐκ
2769 3721 2963 3775 τούτου
2992 3718 3087 3777 οὖν
3118 3724 3437 3795 γνωσόμεθα
3469 3725 3529 3779 τὸ
3559 3724 3727 3778 πνεῦ-

2144 3828 2221 3880 μα
2253 3814 2354 3881 τῆς
2384 3811 2664 3885 ἀληθείας,
2696 3812 2795 3867 καὶ
2822 3814 2884 3868 τὸ
2912 3814 3130 3885 πνεῦμα
3160 3818 3261 3887 τῆς
3291 3817 3519 3889 πλάνης.
3562 3816 3725 3871 Ἆδύο

2138 3919 2299 3957 νατον
2330 3903 2538 3973 μέντοι,
2574 3903 2608 3974 ἢ
2638 3904 2741 3975 τῆς
2777 3905 2924 3969 θείας
2955 3907 3329 3979 χρηστότητος
3377 3910 3434 3961 ἐν
3466 3907 3724 3977 αἰσθήσει

2139 3995 2443 4065 γεύσασθαί
2470 4013 2613 4063 τινα,
2648 3997 2681 4069 ἢ
2716 4000 2815 4068 τῆς
2848 3998 2956 4052 τῶν
2981 3999 3254 4069 δαιμόνων
3284 4000 3506 4073 πικρίας
3529 4001 3721 4071 αἰσθη-

2138 4087 2245 4149 τῶς
2260 4087 2646 4158 πειρασθῆναι,
2665 4089 2798 4159 είμή
2826 4106 2911 4152 τις
2933 4090 3125 4145 ἐαυτὸν
3157 4091 3585 4163 πληροφορήσει,
3607 4091 3707 4160 τὴν

2144 4176 2244 4250 μὲν
2289 4177 2473 4247 χάριν,
2506 4178 2585 4240 είς
2643 4176 2706 4231 τὸ
2744 4177 2909 4247 βάθος
2940 4178 3035 4233 τοῦ
3083 4178 3174 4233 νοῦ
3225 4178 3718 4250 κατεσκηνωκέναι,

2114 4268 2207 4321 ,τὰ
2234 4268 2294 4322 δὲ
2324 4267 2544 4339 πονηρά
2571 4269 2878 4340 πνεύματα,
2914 4270 3044 4341 περὶ
3073 4271 3141 4325 τά
3195 4271 3333 4342 μέλη
3365 4271 3467 4341 τῆς
3497 4271 3719 4341 καρδίας

2136 4359 2518 4430 ἐνδιατρίϐειν.
2550 4360 2688 4431 ὅπερ
2709 4360 2830 4414 ούδέ
2854 4378 2985 4414 ποτε
3005 4361 3221 4415 θέλουσι
3243 4361 3394 4433 παρά
3417 4360 3718 4431 ἀνθρώποις

2137 4452 2497 4522 πιστευθῆναι
2516 4453 2565 4506 οἱ
2609 4452 2884 4524 δαίμονες,
2917 4454 3003 4507 ἵνα
3033 4453 3109 4525 μὴ
3140 4456 3170 4508 ό
3198 4454 3323 4518 νοῦς
3372 4452 3532 4508 τοῦτο
3565 4451 3717 4515 εἰδὼς

2104 4543 2403 4615 ’ἀκριθῶςν
2434 4544 2535 4614 τὴν
2564 4545 2785 4615 μνήμην
2811 4545 2905 4599 τοῦ
2935 4544 3071 4600 Θεοῦ
3116 4545 3240 4600 κατ’
3267 4544 3449 4599 αὐτῶν
3491 4543 3714 4612 όπλίζη-

2134 4654 2246 4692 ται.
2288 4637 2474 4708 Ἔχεις
2504 4636 2606 4708 ἤδη
2656 4637 2754 4690 καὶ
2781 4637 2912 4708 περὶ
2941 4636 3134 4691 τούτου
3162 4636 3225 4691 τὸ
3261 4636 3465 4700 ἱκανὸν,
3496 4635 3589 4690 καὶ
3611 4635 3711 4705 ἀρ-

2134 4727 2395 4800 κέσθητισ
2442 4728 2502 4782 τὸ
2529 4728 2640 4798 γὰρ
2670 4727 2814 4799 πέρα
2863 4728 3160 4801 Γαδείρων,
3208 4729 3270 4782 οὐ
3306 4727 3563 4799 περατδν,
3603 4725 3713 4786 καὶ,

2136 4821 2260 4893 μέλι
2312 4820 2510 4893 εὑρὼν,
2545 4821 2727 4891 ὀλίγον
2757 4820 2918 4891 φάγε,
2958 4822 3045 4877 ἵνα
3097 4822 3174 4893 μὴ
3202 4820 3560 4892 ἐμπλησθεὶς,
3590 4817 3713 4889 ἐμέο

2140 4928 2241 4984 σῃς
2292 4913 2444 4967 αὑτό.
2494 4931 2513 4964 ι

2131 5025 2272 5097 Περὶ
2298 5025 2528 5097 ἡδονῆς
2582 5025 2765 5092 θείας,
2799 5025 3005 5166 ἐκ
3035 5012 3420 5095 τῆςκαρδίας
3462 5020 3709 5095 πηγαῖο-

2962 5116 3015 5162 ς.

2881 5113 2918 5149 ν
2999 5136 3015 5150 .

2198 5199 2290 5247 οεν.
2348 5190 2566 5247 Μᾶλλον
2621 5191 2679 5246 δὲ
2709 5113 3334 5262 εὖκέῗριᾘιςοίκειοτέρως
3379 5190 3553 5245 εἰπεῖν
3573 5205 3590 5221 ο
3619 5187 3713 5252 Τίς

463 5282 483 5315 ι
526 5265 659 5331 Quis
698 5267 876 5323 mellis
903 5268 1250 5325 dulcedinem
1284 5270 1656 5338 annuntiabit,
1694 5271 1761 5326 iis
1791 5274 1887 5343 qui
1918 5273 2049 5329 illud

2145 5285 2421 5354 Ξιναγγελεῖ
2457 5283 2772 5353 γλυκύτητα
2806 5284 3041 5355 μέλιτος,
3079 5285 3194 5348 τοῖς
3228 5283 3394 5355 μήπω
3435 5279 3709 5352 γευσαμέ-

458 5360 699 5414 uondnm
741 5372 1030 5427 gustavere
1075 5372 1131 5416 et
1184 5362 1361 5417 multo
1408 5362 1580 5434 magis
1627 5364 1867 5421 divinam
1900 5367 2047 5422 illam

2145 5392 2269 5441 θοις,
2302 5375 2398 5429 καὶ
2422 5373 2600 5444 πολλῷ
2629 5374 2795 5427 πλέον
2820 5374 3188 5444 ἀσυγκρίτως,
3215 5373 3411 5445 ἡδονὴν
3438 5372 3590 5426 θείαν
3615 5371 3709 5425 καὶ

457 5452 699 5507 laetitiam
758 5454 1130 5527 gaudiumque
1188 5457 1605 5525 supcrnaturale
1664 5465 1720 5513 e‘t
1767 5460 2044 5516 viviﬁcum

2145 5467 2471 5537 εὐφροσύνην
2525 5466 2784 5537 ὑπερφυᾶ
2830 5466 2924 5520 καὶ
2974 5467 3320 5539 ζωήρρυτον,
3354 5465 3452 5536 τὴν
3499 5465 3565 5518 ἐκ
3610 5461 3710 5531 τῆς

452 5546 599 5614 quod
627 5563 692 5602 ex
751 5547 956 5603 mundo
987 5547 1152 5602 corde
1191 5561 1247 5602 et
1284 5564 1412 5604 vera
1452 5551 1703 5605 oratioue
1756 5561 1946 5606 manat
1991 5562 2047 5608 et

2145 5557 2433 5627 ιαρδιακῆς
2465 5556 2733 5626 καθαρᾶς,
2768 5555 2863 5609 καὶ
2897 5554 3135 5626 ἀληθοῦς
3191 5555 3500 5625 προσευχῆς
3526 5566 3710 5622 πηγα-

451 5655 496 5692 si
516 5642 727 5695 aturit‘!
760 5640 829 5697 Ut
858 5642 991 5697 dicit
1019 5640 1160 5696 Deus
1189 5651 1245 5697 et
1272 5643 1437 5697 homo
1458 5642 1622 5700 Jesus
1653 5660 1669 5698 :
1704 5660 1724 5696 ι
1763 5646 1868 5708 Qui
1893 5645 2049 5701 bibe-

2145 5648 2381 5721 ζομένην,
2416 5648 2510 5702 καὶ
2539 5648 2845 5719 άλλομένην
2867 5646 3164 5712 ἀείσλυτα;
3192 5645 3267 5709 ὣς
3298 5660 3463 5715 φησιν
3498 5644 3527 5697 ό
3554 5642 3710 5696 θεάν-

452 5731 521 5783 rit
562 5746 626 5786 ex
674 5747 813 5801 aqua
841 5749 1004 5803 quam
1032 5748 1132 5805 ego
1155 5733 1205 5789 ei
1257 5735 1419 5802 dabo,
1484 5750 1595 5791 non
1665 5728 1817 5793 sitiet
1884 5739 1937 5792 in
1973 5753 2046 5792 a2-

2145 5742 2342 5811 lpwm;
2377 5738 2582 5811 Ἰησοῦς
2602 5753 2617 5772 ο
2657 5758 2675 5791 ι
2709 5740 2806 5802 Ὃς
2829 5739 2896 5794 ἂν
2923 5738 3021 5810 πίῃ
3052 5738 3116 5792 ἐκ
3150 5736 3244 5792 τοῦ
3281 5735 3490 5802 ὕδατος,
3520 5729 3581 5788 οῦ
3601 5732 3709 5801 ἐγὼ

451 5827 708 5889 ternum,
751 5827 842 5882 sed
875 5842 1016 5898 aqua
1074 5843 1238 5899 quam
1291 5843 1393 5900 ego
1418 5830 1467 5886 ei
1505 5829 1669 5897 dabo,
1729 5832 1820 5886 tiet
1885 5832 1939 5888 in
1976 5848 2043 5888 eo

2145 5829 2283 5885 ῑὼσω
2331 5828 2500 5901 αὐτῷ,
2535 5829 2594 5882 ού
2626 5829 2701 5902 μὴ
2727 5828 2931 5902 διψήσῃ
2972 5832 3051 5895 εἰς
3079 5828 3170 5883 τὸν
3214 5827 3387 5883 αἰῶνα
3410 5842 3423 5857 ⁶
3464 5824 3600 5881 ἀλλὰ
3647 5823 3708 5879 τὸ
