4058 6498
404 416 515 485 τε)

1602 404 1749 466 OPU
1761 402 1999 463 SCULA
2030 400 2425 463 ASCETICA.

3565 406 3668 465 T7!)

406 556 552 623 ὕδωρ
571 551 600 605 ὃ
635 548 790 603 δώσω
820 544 990 614 αὐτῷ,
1028 541 1314 611 γενήσεται
1345 537 1403 589 ἐν
1429 531 1577 603 αὐτῷ
1620 530 1770 603 πηγὴ
1801 528 1992 590 ὓδατος

2095 511 2211 568 lons
2278 530 2437 586 aqua:
2471 516 2718 571 salientis
2772 515 3020 571 inritam
3076 525 3337 571 aeternam
3392 515 3456 570 “.
3519 535 3538 569 ο
3610 519 3675 573 Et

408 620 705 713 ἁλλομένου
740 640 819 698 είς
851 636 994 706 ζωὴν
1027 633 1263 687 αἰώνιον.
1290 649 1309 681 δ
1344 628 1450 682 Καὶ
1473 621 1660 688 αὖθις·
1692 642 1710 673 ι
1751 620 1875 675 Ἐάν
1906 636 1991 682 τις

405 710 812 807 διψᾷ,ὲρχὲσθω
838 728 972 797 πρός
995 743 1083 796 με,
1116 724 1210 777 καὶ
1234 720 1451 774 πινέτω.
1479 735 1601 770 ι-ι
1637 713 1694 768 Ὀ
1725 710 1993 766 πιστεύων

410 802 489 893 είς
509 802 654 895 -ὲμὲ,
684 820 863 883 καθὼς
892 814 1045 872 εἶπεν
1066 818 1098 886 ἡ
1116 813 1331 885 Γραφὴς
1349 807 1584 880 ποταμοὶ
1600 809 1661 860 ὲκ
1791 802 1996 895 κοιλίας

392 919 573 975 ἀὐτοῦ
606 915 908 987 ῥεύσουσιν.
928 909 1119 971 ὕδατος
1155 906 1378 971 ζῶντος.
1414 900 1585 954 Τοῦτο
1612 899 1669 951 δὲ
1704 892 1824 949 εἷπε
1868 891 1998 975 περὶ

410 1010 506 1065 τοῦ
558 985 897 1075 Πνεύματος,
933 1021 950 1053 ι
989 1002 1136 1067 λέγει
1180 998 1209 1049 6
1248 991 1592 1063 Ἐπιστήθιος
1616 1031 1630 1055 ,
1669 1006 1687 1040 ι
1723 985 1998 1057 ὂέμελλον

413 1099 711 1171 λαμϐάνειν
756 1097 805 1149 οἱ
858 1090 1203 1151 πιστεύοντες
1242 1089 1325 1148 είς
1373 1083 1567 1138 αὐτόν·
1595 1101 1614 1135 ›
1650 1080 1794 1134 καὶὸ
1827 1077 1999 1149 μέγας

414 1166 658 1254 Ηαῦλοςο
686 1209 705 1243 ι
750 1184 1159 1254 Ἐξαπέστειλεν
1182 1183 1210 1234 6
1233 1180 1365 1242 Θεὸς
1403 1176 1464 1231 τὸ
1489 1173 1714 1242 Πνεῦμα
1740 1170 1836 1224 τοῦ
1873 1166 1999 1222 Υἱοῦ

417 1285 604 1351 αὐτοῦ,
620 1285 700 1348 είς
716 1282 813 1346 τὰς
841 1279 1064 1351 καρδίας
1081 1275 1258 1349 ημῶν,
1277 1269 1479 1345 κρᾶζον
1492 1285 1507 1302 ο
1525 1264 1694 1320 Ἀῦὸᾶ
1708 1267 1734 1318 6
1752 1263 1962 1332 Πατὴρ.
1976 1279 1995 1312 ι

423 1562 552 1615 Ὅτι
581 1559 620 1628 ἡ
650 1553 1023 1628 πνευματικὴ
1053 1550 1446 1628 αὕξηᾼὴόςονὴ,
1500 1549 1599 1604 καί
1644 1546 2004 1616 πολύσημός

877 1626 1031 1688 ἐστι,
1063 1625 1161 1677 καὶ
1193 1622 1531 1690 ἀνώνυμος.

487 1725 596 1783 ος·’.
630 1718 790 1780 Ἥτις
809 1713 970 1786 ἡδονὴ
1000 1713 1347 1784 πνευματικὴ
1376 1711 1661 1782 ὑπερφυὴς
1691 1715 1786 1763 καὶ
1816 1709 2000 1780 ζωήρ-

422 1811 602 1880 ρυτος,
633 1806 728 1860 καὶ
756 1803 1121 1866 ὲνυπόστατος
1164 1802 1463 1871 ἔλλαμψις⁸
1520 1801 1659 1870 ὑπὲρ
1707 1798 1883 1867 φωτός
1938 1812 1999 1849 τε

420 1897 638 1966 γνόφος.
669 1895 762 1948 καὶ
788 1893 984 1957 κάλλος
1009 1893 1310 1963 ἀμήχανον,
1364 1890 1459 1945 καὶ
1485 1889 1726 1961 όρεκτῶν
1754 1889 1814 1942 16
1839 1888 2006 1960 ἀκρό-

422 2005 600 2054 τατον,
625 1987 829 2057 ὲποψία
855 2003 916 2040 τε
950 1986 1045 2040 καὶ
1075 1984 1322 2048 θεοπτία,
1363 1984 1458 2036 καὶ
1483 1982 1679 2046 θέωσις
1708 1980 2007 2054 προσείρη-

426 2098 516 2135 ται
548 2078 845 2151 μυστικῶς,
895 2077 1272 2147 ἀνέκφραστος
1330 2075 1567 2145 μένουσα
1622 2071 1716 2126 καὶ
1762 2071 1900 2141 μετὰ
1941 2070 2003 2124 16

430 2169 734 2240 φρασθῆναι
763 2167 1136 2238 ὁπωσδήποτε,
1168 2167 1262 2220 καὶ
1292 2167 1569 2235 ἄγνωστος
1607 2163 1745 2233 μετά
1777 2164 1838 2216 16
1863 2181 2002 2230 γνω-

437 2259 648 2326 σθῆναι,
680 2257 776 2310 καὶ
812 2257 951 2327 μετὰ
984 2256 1043 2310 16
1080 2255 1429 2327 διανοηθῆναι
1483 2254 1857 2321 ἀνεπινόητος.
1897 2254 2006 2307 Καὶ

437 2349 582 2419 λέγει
611 2350 637 2401 ὁ
669 2348 838 2418 μέγας
866 2346 1141 2410 Διονύσιος
1163 2363 1178 2377 ο
1221 2364 1240 2397 ι
1268 2347 1424 2399 Κατὰ
1450 2343 1639 2398 τοῦτον
1664 2347 1822 2414 ἡμεῖς
1853 2343 2011 2411 γενέ-

442 2450 563 2489 συαι
611 2440 698 2489 16v
737 2438 1056 2507 ὑτῖέρφωτον
1077 2437 1351 2507 εὐχόμεθα
1381 2436 1602 2506 γνόφον,
1629 2436 1725 2489 καὶ
1749 2435 1819 2486 δι’
1847 2434 2015 2488 ἀϐλε-

431 2530 580 2598 ψίας,
616 2531 708 2583 καὶ
740 2531 1036 2599 ἀγνωσίας,
1070 2531 1197 2584 ίδεῖν
1220 2531 1315 2583 καὶ
1339 2529 1568 2598 γνῶναι,
1595 2529 1686 2583 16v
1716 2529 2011 2600 ὑπὲρεθέαν

430 2624 523 2675 καὶ
539 2622 760 2690 γνῶσιν,
779 2622 911 2676 αὐτὸ
931 2622 992 2675 16
1011 2622 1085 2693 μὴ
1118 2623 1265 2686 ἰδεῖν,
1294 2621 1428 2692 μηδὲ
1456 2621 1697 2690 γνῶναι·
1727 2623 1885 2675 τοῦτο
1906 2623 2015 2691 γάρ

430 2715 547 2766 ἐστι
570 2714 629 2768 16
672 2714 842 2779 ὅντως
885 2715 1012 2769 ἰδεῖν
1045 2716 1139 2768 καὶ
1176 2716 1403 2783 γνῶναι,
1432 2713 1645 2768 καὶτὸν
1687 2713 2015 2786 ὑπερούσιον

430 2808 771 2880 ὑπερουσίως
790 2808 1048 2880 ὑμνῆσαι,
1067 2807 1158 2862 διὰ
1172 2807 1272 2878 τῆς
1296 2807 1515 2862 πάντων
1534 2808 1642 2861 τῶν
1659 2807 1829 2860 ὄντων
1845 2809 2015 2875 ἀφαι-

431 2900 654 2972 ρέσεως.
674 2920 694 2954 ι
724 2902 844 2955 Ἔτι
874 2918 889 2932 ο
924 2920 943 2953 ι
987 2901 1046 2956 '0
1078 2901 1219 2965 θεῖος
1250 2901 1445 2970 γνόφος
1471 2901 1608 2965 ἐστὶ,
1632 2901 1694 2954 τὸ
1717 2901 2013 2969 ἀπρόσιτον

434 2993 571 3061 φῶς,
610 2987 728 3062 ὲνῷ
761 2996 1037 3049 κατοικεῖν
1080 2996 1108 3049 6
1145 2994 1278 3058 Θεὸς
1300 2994 1540 3063 λέγεται,
1570 2993 1665 3048 καὶ
1707 2994 1925 3064 ἀοράτῳ
1950 3009 2015 3062 γε

428 3086 562 3153 δντι,
579 3087 668 3142 διὰ
695 3089 793 3158 τὴν
810 3089 1183 3159 ὑπερέχουσαν
1200 3091 1497 3159 φανότητα,
1516 3089 1608 3141 καὶ
1629 3087 1910 3158 ἀπροσίτὶρ
1935 3085 2014 3157 τῷ

2091 620 2305 659 rursum
2338 620 2354 661 :
2390 624 2410 658 ι
2446 604 2503 661 Si
2537 606 2663 677 quis
2691 606 2828 672 sitit,
2862 606 3045 661 veniat
3082 607 3148 659 ad
3174 620 3260 662 me
3287 618 3340 662 et
3368 606 3520 662 hibat
3547 607 3614 662 “.
3649 633 3669 659 ι

2092 697 2193 763 Qui
2229 698 2403 753 credit
2457 698 2511 753 in
2569 715 2674 763 me,
2729 708 2788 754 ut
2820 699 2952 754 dicit
2998 699 3305 769 Scriptura,
3334 698 3562 756 ﬂumina
3608 702 3677 754 de

2090 799 2280 844 ventre
2306 788 2425 859 ejus
2461 790 2632 845 liuent
2671 806 2828 861 aquae
2874 791 3032 845 vivai.
3064 791 3180 847 lloc
3207 801 3387 847 autem
3445 792 3582 846 dixit
3605 793 3674 846 de

2095 880 2302 951 Spiritu
2335 882 2405 938 ".
2440 900 2460 934 ι
2495 882 2637 937 Dicit
2679 892 2903 939 sanctus
2928 881 3165 939 Joannes
3197 900 3212 938 :
3253 902 3272 936 ι
3310 882 3464 949 Quod
3513 884 3675 938 debe-

2092 972 2227 1028 bant
2264 974 2511 1044 accipere
2559 976 2845 1029 credentes
2892 976 2946 1029 in
3000 991 3125 1031 eum
3155 976 3221 1030 ⁸⁶.
3264 993 3283 1027 ι
3328 974 3393 1029 Et
3445 991 3674 1045 magum

2093 1065 2336 1122 Paulus:
2376 1084 2394 1118 ι
2433 1066 2577 1121 Misit
2626 1065 2766 1121 Deus
2802 1066 3060 1135 Spiritum
3118 1059 3238 1122 Filii
3287 1069 3369 1124 sui
3410 1069 3464 1123 in
3510 1072 3672 1123 Omnia

2093 1172 2282 1217 nostra
2315 1160 2641 1217 clamantem
2673 1162 2888 1227 :Abba,
2924 1159 3083 1215 Pater
3113 1162 3180 1215 ι’.
3215 1179 3236 1213 ι
3654 1141 3665 1152 ’

2098 1547 2252 1614 Quod
2273 1543 2573 1616 spiritualis
2595 1542 2704 1597 hac
2739 1538 2923 1596 hetitia
2957 1546 3008 1616 et
3042 1536 3209 1616 {nulla
3261 1536 3409 1606 signa
3446 1535 3673 1616 haberet

2621 1627 2806 1665 nonien
2830 1627 2936 1664 non
2966 1609 3142 1663 habet.
3524 1614 3548 1638 ‘
3614 1613 3629 1623 ‘

2167 1709 2256 1766 76.
2291 1707 2417 1763 llaec
2442 1705 2747 1777 spiritualis
2777 1704 2960 1759 laetitia
2994 1684 3433 1773 supernaluralis
3457 1710 3511 1756 et
3543 1702 3681 1752 vivi-

2100 1803 2197 1858 lica
2263 1811 2317 1856 et
2373 1799 2752 1856 substantialis
2798 1807 2882 1852 est
2932 1795 3502 1866 splendor;teuebr:e
3558 1810 3681 1863 quae

2093 1912 2257 1964 supra
2293 1895 2480 1950 lumen
2511 1903 2661 1957 sunt,
2685 1899 2740 1946 et
2769 1890 3124 1961 pulchritudo
3148 1888 3570 1959 inexplicabilis,
3624 1901 3678 1944 vt

2093 1987 2539 2044 desiderabilium
2593 1987 2914 2047 maximum,
2952 1981 3245 2051 inspectio,
3280 1991 3332 2036 et
3362 1980 3455 2036 Dei
3506 1981 3675 2043 visio,

2095 2091 2149 2137 et
2172 2080 2447 2136 deiﬁcatio
2470 2079 2699 2150 mystice
2721 2075 3048 2147 appellatur,
3082 2092 3097 2140 ;
3126 2075 3220 2131 sed
3255 2084 3504 2129 remanet
3562 2090 3670 2126 non

2095 2160 2399 2236 nominata,
2462 2179 2751 2240 postquam
2835 2166 3115 2223 nominata
3179 2173 3287 2230 est,
3356 2175 3410 2221 et
3468 2164 3674 2233 ignota,

2095 2276 2385 2336 postquam
2416 2263 2637 2333 cognita
2669 2270 2773 2327 est,
2802 2268 2857 2315 et
2913 2276 3022 2314 non
3072 2258 3331 2329 cogitata,
3379 2267 3672 2328 postquam

2096 2357 2332 2427 cogitata
2358 2365 2462 2410 est.
2484 2354 2551 2409 Et
2579 2354 2712 2408 dicit
2737 2367 2969 2424 magnus
3008 2351 3345 2421 Dionysius:
3390 2368 3409 2401 ι
3449 2349 3528 2403 Ad
3553 2350 3674 2403 ἰηις

2097 2464 2199 2505 nos
2236 2450 2522 2519 pervenire
2552 2448 2814 2503 tenebras
2843 2456 3120 2515 Optamus,
3153 2459 3275 2515 qua:
3301 2459 3463 2514 supra
3489 2443 3672 2498 lumen

2098 2547 2228 2594 sunt
2265 2549 2364 2605 ;et
2403 2553 2499 2608 per
2537 2537 2930 2593 obscuritatem
2987 2534 3135 2590 illam
3196 2545 3250 2590 et
3306 2535 3675 2605 ignorantiam

2098 2616 2287 2687 videre
2309 2644 2359 2684 et
2388 2645 2617 2687 noscere
2641 2646 2765 2685 eum
2794 2628 2888 2699 qui
2923 2643 3085 2697 supra
3121 2627 3385 2682 visionem
3411 2628 3678 2697 cognitio-

2098 2741 2331 2796 nemque
2371 2732 2475 2790 est,
2524 2724 2607 2780 sic
2663 2737 2860 2793 nempe
2897 2722 3083 2776 videre
3133 2731 3184 2777 et
3233 2737 3446 2776 noscere
3497 2721 3675 2789 ipsum

2098 2833 2207 2874 non
2236 2818 2439 2872 visibile
2467 2827 2646 2872 etnon
2684 2814 2956 2870 noscibile.
2996 2815 3050 2870 ld
3098 2815 3245 2871 enim
3297 2823 3381 2869 est
3437 2829 3563 2868 vere
3599 2815 3678 2865 vi-

2097 2911 2228 2966 dere
2277 2917 2329 2964 et
2399 2909 2562 2973 seire,
2615 2915 2669 2962 et
2724 2905 3304 2976 supersubstantialem
3378 2907 3678 2975 supersuh-

2098 3000 2428 3059 stantialiter
2487 3001 2787 3064 celebrare.
2852 3015 2949 3068 per
3002 2999 3248 3053 omnium
3300 3006 3673 3053 creaturarum

2100 3095 2451 3150 aldationem.
2487 3112 2506 3147 ι
2574 3092 2637 3147 Ει
2689 3092 2912 3147 adhuc:
2952 3111 2971 3143 ι
3005 3090 3210 3145 Divina:
3268 3091 3504 3145 tenebrae
3548 3102 3679 3145 sunt

428 3179 999 3252 αὺτῷ,δι’ύπερ6ολὴν
1029 3180 1355 3255 ύπερουσίου
1388 3180 1752 3252 φωτοχυσίας.
1772 3180 1860 3233 Ἐν
1891 3179 2007 3234 τού-

2095 3188 2279 3241 lnmen
2304 3184 2701 3247 inaeeessibile,
2724 3184 2774 3237 in
2796 3198 2907 3254 quo
2924 3184 3171 3239 habitare
3191 3185 3330 3237 Deus
3354 3182 3555 3237 dicitur
3580 3198 3596 3241 :
3623 3190 3678 3235 et

430 3291 506 3344 τῳ
529 3275 737 3342 γίνεται
765 3276 892 3339 πᾶς,
910 3277 938 3328 6
966 3274 1099 3329 Θεὸν
1132 3274 1356 3344 γνῶναι,
1388 3274 1482 3328 καὶ
1505 3274 1633 3327 ἰδεῖν
1653 3273 1972 3344 ἀξιούμενος
1993 3288 2010 3305 ’

427 3366 576 3438 αὑτῷ
619 3366 698 3435 τῷ
741 3366 816 3438 μὴ
853 3368 986 3439 ὀρᾷν
1022 3367 1157 3439 μηδὲ
1202 3365 1516 3437 γινώσκειν,
1554 3365 1791 3438 ἀληθῶς,
1831 3368 1890 3420 ἐν
1934 3367 2014 3439 τῷ

429 3458 568 3528 ύτὲρ
586 3460 798 3530 ὅρασιν,
832 3460 927 3513 καὶ
989 3459 1193 3527 γνῶσιν
1242 3459 1605 3530 γιγνόμενος·
1661 3458 1822 3513 τούτο
1877 3459 2014 3512 αὐτὸ

426 3552 733 3619 γινώσκων,
762 3554 845 3605 ὅτι
903 3571 968 3618 με
982 3554 1043 3607 τὰ
1072 3552 1253 3608 πάντα
1281 3553 1399 3607 ἐστὶ
1424 3552 1492 3607 τὰ
1519 3552 1756 3625 αἰσθητὰ
1814 3553 1909 3607 κοιλ¹
1946 3552 2014 3607 τὰ

426 3646 613 3715 νοητά.
628 3663 646 3697 ›
670 3644 777 3699 Καὶ
802 3647 829 3698 6
853 3645 1026 3715 μέγας
1052 3646 1332 3710 Βασίλειος
1347 3660 1363 3677 ⁸
1384 3665 1403 3698 ι
1419 3647 1684 3718 ’Λρρητοι
1715 3644 2011 3711 παντελῶς,

427 3734 523 3789 καὶ
551 3735 935 3806 ἀνεκδιήγητοι
962 3736 1058 3791 τοῦ
1118 3737 1264 3791 θείου
1311 3737 1544 3803 κάλλους
1583 3739 1641 3792 αί
1691 3738 2009 3808 ἀστραπαίο

427 3827 487 3881 οὐ
518 3828 817 3899 παρίστησι
850 3829 1031 3896 λόγος,
1063 3830 1123 3883 οὐ
1161 3830 1376 3901 δέχεται
1414 3831 1575 3900 ἀκοὴ,
1601 3831 1702 3885 κᾶν
1732 3830 2013 3899 ἑωσφόρου

426 3919 601 3988 αὐγὰς
633 3918 817 3992 εἴπῃς,
877 3922 982 3976 κᾶν
1036 3922 1267 3993 σελήνης
1299 3924 1668 3995 φαιδρότητα,
1721 3923 1826 3977 κᾶν
1859 3924 2012 3993 ἡλίου

428 4010 564 4080 φώς,
626 4013 805 4067 πάντα
836 4014 1008 4084 ἄτιμα
1039 4015 1175 4085 πρὸς
1221 4016 1473 4069 εἰκασίαν
1522 4018 1624 4086 τῆς
1675 4016 1856 4087 δόξης,
1916 4016 2013 4070 καὶ

429 4103 591 4157 πλέον
645 4105 1055 4177 ἀπολειπόμενα
1091 4108 1227 4179 πρὸς
1258 4106 1358 4179 τὴν
1392 4106 1487 4162 τοῦ
1540 4108 1794 4178 ἀληθινοῦ
1833 4109 2013 4177 φωτὸς

429 4195 741 4270 σύγκρισιν,
775 4199 806 4270 ἢ
839 4199 964 4254 ὅσον
1007 4200 1198 4270 βαθεῖα
1222 4202 1342 4268 νὺξ,
1372 4203 1467 4257 καὶ
1499 4202 1700 4274 στυγνὴ
1736 4204 2003 4274 σκοτομή-

425 4305 514 4357 νη,
560 4288 907 4361 μεσημϐρίας
932 4291 1526 4365 καθαρωτάτης.Τοῦτο
1553 4295 1614 4349 16
1641 4295 1854 4361 κάλλος,
1887 4313 2014 4367 σαρ-

428 4378 598 4440 κίνοις
630 4379 729 4449 μὲν
758 4379 1059 4452 ὀφθαλμοῖς
1113 4382 1447 4454 ἀθεώρητον.
1464 4386 1610 4457 ψυχῇ
1636 4387 1694 4439 δὲ
1729 4387 1866 4460 μόνῃ
1914 4391 2011 4445 καί

2096 3280 2387 3339 invisibile,
2415 3284 2641 3346 propter
2664 3276 2840 3346 ipsius
2889 3275 3220 3329 eminentem
3264 3274 3670 3341 silli-nidorem;

2094 3370 2470 3427 inaccCSSibile
2488 3383 2640 3433 vero,
2657 3376 2879 3438 pmpter
2898 3364 3677 3433 supersuhstantialiseﬂusin-

2093 3464 2180 3517 nis
2210 3477 2516 3517 excessum.
2552 3460 2611 3514 in
2653 3460 2759 3514 huc
2815 3459 3021 3513 lumine
3058 3460 3203 3513 totus
3237 3468 3321 3513 est
3382 3460 3473 3528 qui
3506 3457 3672 3513 Deum

2095 3568 2323 3610 noscere
2345 3563 2398 3608 et
2421 3554 2607 3608 videre
2628 3552 2858 3607 meritus
2886 3561 2971 3607 est
3003 3569 3019 3619 ;
3052 3552 3170 3621 ipso
3195 3568 3299 3606 non
3322 3554 3494 3606 videre
3515 3568 3679 3620 neque

2095 3663 2330 3713 noscere,
2365 3647 2419 3700 in
2445 3646 2497 3700 id
2521 3646 2665 3715 quod
2695 3658 2861 3714 supra
2902 3642 3164 3698 visionem
3191 3654 3274 3698 est
3301 3658 3368 3699 ac
3423 3646 3674 3699 substan-

2096 3741 2224 3796 tiam
2256 3739 2560 3794 translatus
2593 3755 2609 3804 ;
2659 3737 2897 3806 idipsum
2946 3736 3152 3800 sciens,
3184 3737 3331 3804 quiod
3369 3745 3452 3791 est
3509 3752 3675 3806 supva

2093 3832 2278 3886 omnia
2309 3829 2586 3886 sensibilia
2612 3837 2666 3883 et
2691 3827 3073 3897 intelligibilia.
3106 3846 3126 3880 ι
3165 3828 3225 3880 Et
3261 3843 3492 3897 magnus
3524 3827 3679 3881 Basi-

2096 3925 2203 3979 lius
2248 3940 2263 3977 :
2306 3940 2325 3974 ι
2358 3920 2664 3976 lnell'ahiles
2697 3921 2922 3975 omnino
2952 3930 3008 3974 et
3047 3920 3447 3974 inenarrabiles
3481 3919 3677 3974 divina:

2095 4016 2521 4087 pulchritudinis
2563 4014 2723 4071 radii.
2764 4013 2883 4068 Non
2918 4028 3014 4068 eos
3044 4014 3258 4083 attingit
3314 4028 3515 4087 sermo,
3568 4031 3674 4067 lmtl

2094 4085 2256 4166 aures
2278 4108 2471 4166 audire
2501 4116 2750 4178 possunt,
2785 4107 2999 4163 etiamsi
3049 4106 3260 4162 iucil'eri
3326 4085 3672 4175 splendorem

2095 4203 2249 4258 dicas
2268 4211 2323 4257 et
2354 4201 2497 4256 lunae
2523 4201 2854 4257 claritatem.
2877 4199 3073 4254 Omnia
3107 4198 3234 4299 vilia
3272 4213 3383 4268 pra:
3424 4200 3525 4254 hac
3559 4199 3676 4269 glo-

2095 4296 2198 4360 ria,
2230 4302 2285 4351 et
2313 4295 2489 4365 magis
2547 4292 2753 4350 distant
2804 4308 2832 4346 a
2889 4304 3018 4346 vero
3070 4289 3185 4345 illo'
3221 4289 3450 4354 lumine,
3506 4306 3672 4360 quam

2097 4398 2362 4460 quantum
2387 4386 2659 4458 profun'la
2705 4393 2757 4440 et
2802 4385 2989 4439 illunis
3013 4398 3121 4439 nox
3154 4399 3182 4437 a
3212 4383 3508 4453 purissimo
3554 4398 3672 4438 me-

426 4467 638 4540 διανοίᾳ
689 4472 1055 4545 καταληπτόν.
1105 4477 1213 4529 Καὶ
1253 4476 1308 4530 εί
1341 4477 1445 4531 πού
1481 4496 1633 4542 τινας
1666 4480 2007 4550 περιέλαμψε

2099 4483 2254 4538 ridie.
2284 4482 2378 4537 Illa
2415 4480 2780 4551 pulchritudo,
2813 4479 3027 4534 carneis
3044 4478 3262 4549 quidem
3316 4477 3494 4533 oculis
3542 4477 3679 4531 invi-
3722 4535 3741 4545 ,

426 4559 538 4614 τῶν
574 4562 766 4631 ἁγίων,
816 4565 1092 4638 ἀφόρητον
1120 4569 1217 4622 τοῦ
1254 4571 1416 4624 πόθου
1471 4572 1531 4624 τὸ
1565 4573 1790 4644 κέντρον
1822 4576 2008 4639 αὑτοῖς

427 4650 810 4719 ἐγκατέλιπεν,
841 4656 890 4710 οἳ
947 4658 1205 4723 ἀλύοντες
1241 4661 1377 4731 πρὸς
1436 4662 1536 4733 τὴν
1568 4662 1805 4718 ἐνταῦθα
1839 4664 2006 4735 ζωὴν,

427 4744 612 4812 ελεγον
639 4748 837 4818 τΟἴμοι
872 4750 884 4804 ι
918 4750 998 4803 ὅτι
1045 4754 1077 4823 ἡ
1111 4755 1370 4823 παροικία
1403 4772 1504 4825 μου
1538 4756 1882 4828 ἐμακρύνθη,
1915 4761 2012 4810 καὶ

428 4835 681 4907 ἐδίψησεν
708 4838 901 4910 ἡψυχὴ
939 4858 1042 4911 μου
1079 4841 1213 4911 πρὸς
1252 4843 1343 4896 τὸν
1379 4844 1508 4897 Θεὸν
1539 4844 1629 4898 16v
1661 4844 1880 4917 ἰσχυρὸν
1920 4846 2010 4899 τὸν

428 4926 607 4990 ζῶντα
634 4945 647 4959 ⁸
685 4931 813 4984 πότε
848 4933 983 5003 ἥξω,
1020 4934 1114 4986 καὶ
1147 4934 1455 5005 ὀφθήσομαι
1493 4935 1570 5005 τῷ
1601 4938 1877 5007 προσώπῳ
1915 4936 2010 4991 τοῦ

427 5018 562 5072 Θεοῦ
591 5039 730 5087 μους
760 5024 870 5077 Καὶ
898 5025 979 5091 16,
1029 5026 1322 5081 Ἀναλῠσαι
1353 5029 1448 5082 καὶ
1480 5029 1579 5083 σὺν
1602 5030 1823 5103 Χριστῷ
1847 5026 2007 5097 εἶναι,

429 5111 610 5183 πολλῷ
636 5116 837 5184 μᾶλλον
861 5120 1137 5188 κρεῖσσον.
1180 5119 1309 5186 Καὶ,
1335 5117 1453 5173 Νῦν
1474 5120 1734 5186 ἀπολύεις
1762 5124 1854 5176 τὸν
1888 5123 2011 5176 δοῦ-

429 5203 520 5259 λόν
544 5223 660 5273 σου,
695 5210 962 5277 Δέσποτα,
1002 5212 1143 5267 κατὰ
1175 5212 1236 5266 16
1268 5212 1424 5285 ῥῆμά
1458 5230 1554 5268 σου
1587 5215 1645 5268 ἐν
1677 5216 1869 5288 εἰρήνῃ
1890 5234 1903 5249 ·
1934 5217 2012 5281 ὡς

427 5296 803 5371 δεσμωτήριον
824 5303 920 5373 τὴν
954 5303 1187 5358 ἐνταῦθα
1213 5305 1513 5377 ἡγούμενοι
1542 5306 1689 5380 ζωήν
1708 5324 1723 5339 ⁵
1755 5309 1810 5363 οἵ
1832 5326 1894 5377 γε
1920 5309 2011 5363 διὰ

428 5390 489 5443 16
522 5393 834 5462 ἀκορέστως
872 5395 1018 5466 ἔχειν
1042 5396 1144 5466 τῆς
1180 5396 1415 5471 θεωρίας
1458 5399 1553 5453 τοῦ
1582 5399 1727 5454 θείου
1754 5401 2007 5468 κάλλους,

428 5482 596 5554 εὐχὴν
648 5486 950 5553 ἐποιοῦντο,
992 5488 1144 5561 πάσῃ
1205 5493 1273 5562 τῇ
1327 5492 1533 5562 αἰωνίῳ
1565 5492 1704 5563 ζωῇ,
1746 5510 2011 5565 συμπαρ-

428 5576 770 5631 ικτείνεσθαι
802 5579 901 5652 τὴν
947 5580 1183 5655 θεωρίαν
1210 5583 1311 5653 τῆς
1344 5584 1731 5656 λαμπρότητος
1754 5586 1848 5640 τοῦ
1904 5589 2014 5642 Κυ-

433 5666 721 5735 ρίου.›Καὶ
737 5671 765 5724 6
781 5670 1043 5741 Θεολόγος
1066 5691 1077 5705 ι
1103 5692 1120 5726 ι
1147 5666 1221 5729 Οὔ
1244 5676 1272 5728 6
1294 5676 1478 5745 φόϐος,
1500 5677 1729 5730 ἐντολῶν
1751 5679 2007 5750 τήρησις,

495 5801 817 5870 "luamm
860 5803 951 5859 l5.
1024 5802 1070 5834 “
1098 5799 1255 5857 Joan.
1299 5800 1527 5870 “1.57.,
1589 5796 1795 5855 “ibid.
1822 5801 1914 5857 58.

429 5872 475 5905 “
501 5870 646 5929 PSal.
688 5866 811 5942 ut,
837 5873 890 5927 5.
988 5874 1033 5905 ⁶⁰
1061 5872 1192 5927 Luc.
1230 5888 1296 5936 ιι,
1329 5871 1420 5925 ‘29.
1520 5866 1527 5873 ί

2010 5802 2054 5835 ⁸⁸
2079 5799 2100 5855 1
2129 5797 2294 5854 Joan.
2328 5808 2378 5861 v,
2421 5790 2476 5847 5.
2557 5788 2601 5822 "
2637 5787 2799 5847 mam.
2830 5802 2949 5853 vui,
2975 5787 3060 5844 l5.

2096 4575 2277 4633 sibilis
2303 4583 2406 4634 est.
2441 4575 2636 4628 animae
2664 4582 2847 4627 autem
2880 4572 2981 4628 soli
3007 4586 3071 4626 ac
3090 4570 3407 4641 cogitationi
3432 4586 3681 4638 compre-

2098 4662 2400 4722 hensibilis.
2429 4664 2494 4719 Et
2524 4667 2567 4721 si
2602 4665 2825 4734 quando
2884 4662 3164 4732 aliquibus
3191 4662 3397 4717 sanctis
3451 4662 3677 4723 eﬂ‘ulsit,

2097 4756 2500 4811 intolerandum
2530 4753 2806 4810 desideriii
2836 4751 3090 4806 aculeum
3131 4750 3186 4803 in
3242 4752 3376 4818 ipsis
3423 4751 3671 4820 reliquit,

2095 4850 2187 4919 qui
2212 4848 2277 4903 ad
2301 4848 2540 4902 [murum
2576 4848 2739 4900 vitam
2771 4860 2879 4913 pra.-
2908 4843 3108 4913 gaudio
3136 4842 3500 4908 exsultantes,
3526 4844 3679 4899 dieeo

2097 4941 2267 4995 bant:
2313 4955 2332 4990 ι
2379 4936 2502 4992 ileu'
2525 4938 2654 4990 mihi
2708 4937 2721 4989 ι
2759 4934 3182 5003 quiaincolatus
3209 4948 3361 5003 lucus
3393 4936 3680 5004 prolonga-

2068 5074 2071 5079 ι
2100 5046 2187 5088 tus
2216 5040 2303 5087 est
2328 5030 2374 5064 ⁸³
2409 5047 2424 5096 ;
2459 5050 2477 5082 ι
2508 5030 2614 5084 Et:
2684 5045 2703 5079 ι
2737 5026 2915 5082 Sitivil
2980 5025 3164 5079 anima
3219 5040 3336 5079 mea
3383 5027 3449 5080 ad
3511 5027 3678 5080 Deum

2096 5124 2321 5187 fortem,
2349 5124 2530 5176 vivum
2571 5135 2586 5187 ;
2622 5121 2844 5190 quando
2867 5120 3081 5174 veniam
3121 5127 3175 5173 et
3230 5117 3506 5186 apparebo
3553 5130 3682 5175 ante

2095 5217 2293 5273 faciem
2328 5215 2419 5270 Dei
2445 5212 2667 5268 mei"?
2703 5231 2722 5265 ι
2765 5210 2830 5265 Et
2855 5212 3074 5265 adhuc:
3118 5227 3138 5263 ι
3201 5209 3435 5266 Dissolvi
3478 5220 3533 5266 et
3561 5227 3682 5266 esse
3772 5240 3777 5244 ι

2098 5326 2222 5367 cum
2249 5307 2494 5372 Christo,
2524 5307 2699 5362 multo
2729 5305 2945 5360 melius.
2974 5321 2995 5356 ι
3036 5302 3147 5359 Et:
3189 5321 3209 5356 ι
3243 5303 3400 5359 Nunc
3452 5303 3682 5362 dimittis

2095 5416 2315 5459 servum
2352 5408 2529 5465 tuum,
2564 5397 2817 5464 nomine,
2873 5395 3181 5451 secundum
3231 5395 3459 5450 verbum
3518 5398 3679 5450 tuum

2096 5496 2150 5549 in
2181 5506 2314 5564 pace
2353 5489 2400 5521 “
2434 5506 2451 5558 ;
2483 5507 2501 5540 ι
2530 5497 2789 5558 tanquam
2817 5501 3091 5543 carcerem
3126 5487 3269 5541 banc
3290 5486 3456 5540 vitam
3477 5485 3684 5541 baben-
3763 5530 3774 5537 .

2099 5594 2186 5641 tes
2218 5602 2233 5652 ;
2272 5580 2367 5654 qui
2420 5581 2664 5652 quidem.
2704 5592 2829 5633 cum
2862 5577 3063 5635 divina:
3094 5577 3520 5650 pulchritudinis
3548 5592 3683 5633 con-

2105 5676 2464 5749 templatione
2518 5669 2707 5728 satiari
2764 5670 3408 5742 nequirent,cupiehant
3473 5679 3536 5727 ut
3585 5685 3683 5741 per

3164 5785 3208 5819 ⁶⁸
3235 5784 3381 5841 Psal.
3406 5799 3596 5854 cmx,
3625 5782 3681 5842 5.
