4058 6510
411 385 509 443 ἻἹ
1266 383 1613 444 GALLISTI
1662 384 1759 444 ET
1806 383 2106 442 IGNATtl
2147 385 2842 451 XA.‘\THOPULORU.\I

3584 395 3689 456 772

416 498 577 549 vitam
606 504 866 549 aeternam
930 493 1350 564 prolongaretur
1405 495 1510 548 sibi
1540 493 1728 563 gloria:
1788 491 2004 548 Domini

2106 485 2166 544 οῦ
2204 493 2269 545 δὲ
2297 492 2525 546 ἐντολῶν
2573 498 2824 567 τήρησις,
2886 499 3088 570 σαρκὸς
3117 502 3408 575 κάθαρσις,
3442 507 3535 562 τοῦ
3569 511 3688 565 ἐπι-

410 589 816 657 contemplatio.
839 605 859 639 ι
895 588 959 640 Ει
987 587 1297 659 Tlteologus
1327 605 1341 642 :
1382 607 1398 640 ι
1433 588 1607 656 Cujus
1637 588 1822 652 timor,
1854 602 2010 641 man-

411 683 663 736 datorum
691 679 1005 733 observatio
1033 688 1136 742 est,
1169 679 1357 734 carnis
1384 681 1693 742 inundatio.
1744 694 1868 746 quae
1890 689 2014 732 tan-

410 788 575 845 quam
607 772 780 826 nubes
802 771 1040 825 animam
1094 772 1426 836 circumdat,
1488 786 1663 837 neque
1703 770 1835 825 sinit
1887 784 2009 823 eam

408 866 627 917 divinos
651 862 831 916 radios
856 860 1043 914 videre
1078 859 1287 929 ;-cujus
1340 859 1649 923 inundatio,
1687 857 2011 913 illtnninatio

406 961 514 1015 est,
575 950 908 1005 illuminatio
964 959 1173 1016 autem,
1238 949 1499 1005 desiderii
1542 949 1879 1018 adimpletio,
1937 947 2011 1002 iis

411 1044 507 1114 qui
540 1045 778 1099 maxima
812 1052 910 1097 aut
933 1042 1238 1097 maximum
1285 1049 1380 1096 aut
1408 1056 1573 1111 supra
1602 1056 1794 1111 magna
1859 1039 2009 1094 desi-

411 1140 627 1194 derant.
660 1157 678 1191 ι
715 1136 783 1191 Ει
808 1137 968 1191 divus
996 1134 1298 1207 Gregorius
1354 1134 1677 1207 Nyssenus:
1717 1152 1735 1186 ι
1776 1132 1832 1188 Si
1878 1148 2008 1188 eva-

411 1230 695 1296 cuaveris,
727 1245 824 1299 per
863 1229 988 1283 vitae
1027 1243 1241 1292 rurant,
1267 1227 1586 1283 eil‘ormatas
1641 1226 1694 1281 in
1727 1226 1890 1281 corde
1917 1234 2011 1280 tuo

413 1320 629 1383 sordes,
653 1319 933 1391 eﬂ‘ulgebit
965 1320 1061 1374 tibi
1090 1319 1273 1375 divina
1339 1319 1713 1390 pulchritudo,
1747 1328 2010 1388 tanquam

413 1414 467 1467 in
506 1413 648 1467 ferro
684 1414 797 1467 tieri
828 1415 989 1467 solet.
1021 1411 1158 1468 Cum
1196 1411 1345 1465 enim
1383 1427 1480 1482 per
1519 1421 1695 1465 cotem
1757 1410 2005 1482 rubigine

419 1507 686 1560 nudatum
722 1516 803 1559 est
836 1506 985 1573 quod
1020 1508 1173 1575 prius
1215 1514 1396 1559 atrum
1426 1515 1568 1569 eral,
1609 1505 1793 1559 radios
1847 1519 2013 1575 quos-

420 1600 545 1651 dam
590 1614 616 1649 τι
646 1614 705 1652 se
729 1599 793 1652 ad
820 1598 990 1653 solem
1016 1608 1070 1652 et
1100 1598 1340 1668 fulgores
1378 1597 1558 1653 nitens
1603 1598 1803 1652 emittit
1856 1613 1872 1663 ;
1931 1598 2013 1653 sic

421 1700 479 1745 et
518 1685 682 1745 homo
711 1691 961 1759 interior,
1015 1706 1177 1760 quem
1246 1706 1344 1746 eor
1401 1692 1651 1746 nominat
1684 1691 2008 1758 Dominus;

419 1795 706 1855 postquam
741 1787 1027 1838 abstersus
1056 1783 1158 1838 erit
1210 1783 1535 1853 azruginnsis
1568 1784 1827 1841 sordibus
1879 1801 2004 1854 quae

415 1892 511 1945 per
539 1874 835 1943 malignum
868 1890 1153 1929 mucorem
1181 1875 1353 1945 ipsius
1386 1876 1781 1945 pulchritudini
1816 1877 2008 1932 adita:-

417 1978 628 2033 serunt,
669 1984 885 2024 rursum
935 1968 1353 2034 similitudinem
1395 1985 1518 2024 cum
1552 1970 1849 2041 archetypo
1895 1985 2018 2026 sus-

414 2065 600 2133 cipiet,
638 2072 693 2118 et
722 2062 1011 2118 bonuserit
1038 2080 1053 2129 ;
1087 2064 1291 2118 bonum
1319 2072 1406 2119 est
1435 2063 1584 2119 enim
1611 2064 1760 2133 quod
1801 2064 2009 2123 bonum

412 2157 691 2224 sequitur.
732 2171 750 2207 r
790 2154 854 2209 Ει
887 2164 1115 2211 sanctus
1161 2152 1320 2210 Nilus
1353 2172 1366 2208 :
1406 2173 1426 2207 ι
1472 2154 1676 2213 Beatus
1731 2155 1827 2225 qui
1858 2157 2017 2226 igno-

414 2247 649 2299 rautiam
672 2244 937 2313 .suscipit,
965 2259 1085 2300 eam
1139 2261 1262 2316 quae
1292 2247 1360 2301 ab
1416 2246 1668 2302 oratione
1734 2248 2017 2316 insepara-

414 2337 540 2394 bilis
584 2344 694 2393 est.
734 2355 753 2389 ι
805 2335 873 2390 Ει
916 2337 1127 2392 Climax
1168 2356 1183 2393 :
1243 2339 1490 2409 Abyssus
1540 2339 1760 2409 quidem
1813 2339 2018 2395 doloris

418 2430 861 2486 consolationem
893 2431 1052 2493 vidit,
1077 2430 1330 2501 purgatio
1353 2431 1537 2486 cordis
1565 2432 1809 2501 suscepit
1831 2433 2016 2503 splen-

414 2525 629 2588 dorem,
663 2520 934 2593 Splendor
969 2520 1385 2579 inelfabilisest
1416 2523 1614 2591 virtus,
1652 2539 1817 2594 quam
1872 2524 2016 2579 invi-

416 2617 654 2673 sibiliter
730 2616 1001 2681 videmus,
1052 2624 1107 2670 et
1172 2616 1355 2686 ignote
1409 2616 1734 2686 cogitamus.
1782 2614 2019 2687 Ideoque

417 2720 473 2765 et
503 2718 585 2764 ter
618 2709 785 2772 ba'ati,
810 2709 927 2779 qui,
958 2715 1019 2763 ιιι
1041 2710 1222 2778 prisca
1249 2709 1339 2765 illa
1358 2707 1555 2776 Maria,
1578 2709 1844 2783 optimam
1867 2710 2014 2765 illam

423 2812 637 2874 partem
668 2814 722 2858 et
755 2804 967 2859 vivendi
1002 2803 1269 2859 rationem
1305 2804 1616 2875 elegerunt,
1668 2804 2015 2872 spiritualem

419 2907 474 2951 ct
501 2912 622 2966 quae
648 2913 753 2951 non
790 2905 968 2967 potest
1029 2895 1258 2964 auferri,
1291 2905 1346 2952 et
1372 2897 1462 2951 tali
1498 2897 1812 2953 inmeditate
1875 2897 2015 2952 divi-

420 3004 491 3044 na
522 2990 673 3059 digni
705 2989 875 3044 habiti
907 3001 1061 3057 sunt,
1094 2989 1168 3043 ita
1224 2999 1286 3043 ut
1315 3004 1441 3045 cum
1504 2989 1674 3046 multa
1720 2990 2014 3059 voluptate

421 3079 690 3133 exstatica
717 3079 850 3149 ipsis
874 3096 998 3133 rum
1049 3079 1236 3134 divino
1289 3079 1466 3134 Paulo
1528 3079 1692 3135 liceat
1740 3080 2018 3150 inspirari

2106 586 2469 657 προσθοῦντος
2497 592 2564 661 τῇ
2594 589 2741 662 ψυχῇ
2779 593 2993 660 νέιρους,
3023 595 3117 647 καὶ
3159 597 3260 650 οὐκ
3291 599 3490 664 ἐῶντος
3517 604 3689 656 καθα-

2108 680 2215 747 ρῶς
2247 681 2375 735 ἰδεῖν
2400 682 2499 753 τὴν
2535 683 2685 741 θείαν
2710 687 2927 752 ἀκτῖνα,
2963 681 3025 740 οῦ
3059 688 3115 743 δὲ
3157 690 3451 762 κάθαρσις,
3479 692 3684 765 ἐλλαμ-

2103 770 2221 838 ψις,
2235 772 2504 842 ἐλλαμψις
2517 776 2599 838 δὲ,
2619 776 2785 830 πόθου
2806 778 3109 849 πλήρωσις,
3125 782 3367 846 τοίς-τῶν
3386 784 3681 853 μεγίστων,

2102 865 2135 935 ἢ
2167 863 2262 917 τοῦ
2297 864 2578 935 μεγίστου,
2681 869 2820 940 ὑπὲρ
2847 870 2908 923 τὸ
2940 874 3084 940 μέγα
3112 875 3449 943 ἐφιεμένοις.
3470 895 3492 928 ι
3519 879 3629 933 Καὶ
3651 882 3689 931 ὁ
3756 878 3761 881 ’

2102 958 2326 1031 Νύσσης
2347 961 2490 1025 θεῖος
2518 964 2821 1036 Γρηγόριος
2841 983 2854 996 ·
2872 968 2978 1023 ,ιΕί
3009 970 3382 1035 ἀποκλύσειας
3400 974 3467 1026 δι’
3496 976 3686 1045 ἐπιμε-

2102 1051 2250 1131 λείας
2274 1053 2417 1123 βίου,
2446 1055 2537 1108 τὸν
2570 1057 2972 1113 ἐπιτελεσθέντα
2999 1063 3065 1131 τῇ
3116 1062 3316 1133 καρδίᾳ
3348 1072 3439 1116 σου
3488 1065 3682 1134 ῥύπον,

2107 1144 2422 1217 ἀναλάμψει
2450 1165 2539 1203 σοι
2566 1148 2628 1202 τὸ
2650 1148 2883 1217 θεοειδές
2908 1151 3126 1217 κάλλος,
3139 1152 3330 1226 ὥσπερ
3362 1156 3454 1211 ἐπὶ
3478 1157 3570 1210 τοῦ
3600 1175 3683 1211 σι-

2100 1238 2268 1309 δήρου
2298 1239 2545 1308 γίνεσθαι
2584 1242 2851 1311 πέφυκεν.
2889 1245 3059 1298 Ὀταν
3103 1245 3214 1316 γὰρ
3246 1247 3314 1300 δι’
3344 1248 3543 1319 ἀκόνης
3585 1251 3679 1304 τοῦ

2105 1330 2182 1385 ίοῦ
2204 1331 2516 1403 γυμνωθείη
2563 1335 2592 1387 ὁ
2621 1336 2728 1403 πρὸ
2758 1334 2942 1404 ὀλίγου
2985 1335 3175 1406 μέλας,
3209 1339 3386 1406 αὐγάς
3411 1357 3564 1405 τινας
3587 1342 3681 1410 ἀφ’

2102 1424 2298 1478 ἑαυτοῦ
2350 1425 2482 1497 πρὸς
2512 1426 2603 1479 τὸν
2633 1427 2783 1497 ῆλιον
2815 1427 3045 1481 στίλϐων
3081 1431 3176 1482 καὶ
3205 1429 3558 1502 λαμπηδόνας
3585 1434 3680 1487 ὲκ-

2096 1520 2335 1573 δίδωσινο
2361 1518 2506 1575 οὕτω
2528 1520 2623 1574 καὶ
2649 1522 2676 1573 ὁ
2708 1520 2855 1577 ἔνδον
2878 1520 3184 1592 ἅνθρωπος,
3212 1523 3272 1576 ὃν
3301 1526 3681 1596 καρδίαν.ὀνο.

2105 1612 2267 1683 μάζει
2305 1613 2333 1666 ὁ
2358 1612 2564 1683 Κύριος
2602 1629 2615 1643 ·
2648 1613 2872 1667 ὲπειδάν
2911 1614 3251 1685 ἀποξύσηται
3305 1618 3397 1671 τὸν
3429 1618 3555 1691 ίώδη
3582 1620 3681 1692 ῥῦ-

2100 1722 2223 1769 ηπον,
2249 1705 2342 1758 τὸν
2364 1703 2453 1758 διὰ
2475 1703 2572 1759 τοῦ
2620 1704 2866 1774 πονηροῦ
2916 1705 3155 1775 εὐρῶτος
3186 1707 3567 1780 ὲπανθήσαντα
3609 1715 3677 1783 τῇ

2104 1797 2311 1866 μορφῇ,
2348 1793 2511 1848 πάλιν
2562 1795 2899 1865 ἀναλήψεται
2934 1797 3033 1867 τὴν
3086 1797 3223 1868 πρὸς
3278 1798 3340 1852 τὺ
3376 1801 3680 1871 ἀρχέτυπον

2101 1886 2419 1956 ὁμοιότητα,
2449 1888 2544 1939 καὶ
2570 1885 2774 1954 ἀγαθὸς
2805 1888 2978 1953 ἔσται,
3008 1886 3087 1956 τῷ
3114 1889 3223 1958 γάρ
3250 1889 3468 1959 ἀγαθῷ,
3498 1891 3681 1960 ὅμοιον

2098 1976 2304 2047 ἀγαθὸν
2340 1978 2558 2042 πάντως
2578 1978 2956 2033 ἐπακολουθεῖ.
2990 1997 3009 2032 ι
3044 1980 3156 2033 Καὶ
3188 1982 3234 2045 ιρ
3262 1981 3422 2049 ἅγιος
3444 1982 3634 2045 Νεῖλος
3662 1999 3677 2014 ο

2106 2091 2125 2124 ι
2140 2073 2424 2141 Μακάριος
2445 2074 2473 2124 ὁ
2491 2052 2816 2125 καταλαϐὼν
2831 2072 2929 2141 τὴν
2952 2071 3197 2141 ἄγνοιαν,
3215 2073 3314 2143 τὴν
3332 2074 3433 2144 τῆς
3449 2092 3680 2147 προσευ-

2100 2164 2200 2234 χῆς
2225 2162 2585 2233 ἀχώριστον.»
2612 2164 2721 2217 Καὶ
2742 2165 2770 2217 ὁ
2787 2163 2882 2234 τῆς
2913 2164 3192 2234 Κλίμακος
3211 2181 3224 2195 ·
3253 2184 3271 2216 ι
3289 2166 3558 2229 Ἀϐυσσος
3575 2168 3677 2238 μὲν

2100 2256 2352 2320 πένθους,
2412 2256 2759 2328 παράκλησιν
2789 2257 3070 2322 ἐθεάσατο,
3112 2257 3418 2328 καθαρότης
3450 2258 3509 2312 δὲ
3540 2277 3676 2328 καρο

2100 2347 2239 2413 δίας,
2260 2348 2481 2415 ἐδέξατο
2508 2348 2796 2420 ἐλλαμψιν,
2822 2348 3087 2420 ἐλλαμψίς
3107 2352 3255 2404 ἐστιν
3276 2351 3512 2423 nemo;
3534 2353 3617 2404 ὲνέ
3626 2371 3676 2422 ρ-

2103 2457 2248 2507 γεια,
2283 2439 2535 2511 ἐρωμένη
2594 2441 2863 2510 ἀοράτως,
2915 2443 3011 2501 καὶ
3040 2442 3306 2512 νοουμένη
3352 2443 3661 2510 ἀγνώστως.

2098 2546 2196 2599 Διά
2216 2562 2298 2607 τοι
2331 2544 2489 2598 τοῦτο
2516 2544 2610 2597 καὶ
2634 2544 2956 2614 τρισόλϐιοι,
2977 2544 3025 2595 oi
3060 2544 3201 2596 κατά
3230 2541 3329 2611 τὴν
3359 2541 3526 2594 πάλαι
3549 2542 3676 2595 Μα-

2100 2640 2241 2709 ρίαν,
2277 2638 2375 2707 τὴν
2427 2637 2638 2707 ἀγαθὴν
2680 2636 2889 2706 ταύτην
2916 2636 3109 2706 μερίδα
3154 2634 3249 2687 καὶ
3282 2634 3559 2688 πολιτείαν
3590 2635 3678 2687 tx-

2097 2729 2402 2801 λεξάμενοι,
2432 2729 2531 2801 τὴν
2571 2729 2953 2801 πνευματικὴν
3018 2729 3114 2782 καὶ
3144 2727 3528 2799 ἀναφαίρετον,
3584 2728 3678 2779 καὶ

2095 2824 2351 2893 τοιαύτης
2409 2823 2706 2894 εύκληρίας
2767 2821 3106 2876 θεοεικέλλου
3164 2819 3482 2891 ἠξιωμένοι,
3537 2819 3675 2874 ὥστε

2107 2917 2246 2986 μετὰ
2280 2916 2499 2982 πολλοῦ,
2526 2917 2622 2969 καὶ
2678 2914 3002 2969 ἐκστατικοῦ
3049 2913 3145 2967 τοῦ
3200 2913 3422 2980 γάνους,
3451 2912 3552 2967 σὺν
3599 2911 3676 2981 τῷ

2097 3009 2224 3079 θείῳ
2252 3009 2447 3080 Παύλῳ
2470 3010 2671 3072 ἐξεῖναι
2688 3008 2872 3071 αὐτοῖς
2899 3007 3206 3075 ἀναφανδὸν
3231 3005 3514 3075 ένθουσιᾷν
3534 3003 3674 3073 ἅμα,

2095 3103 2188 3153 καὶ
2223 3101 2351 3171 βοᾷν
2379 3100 2460 3163 τὸ,
2486 3100 2616 3153 Ὅτε
2649 3101 2681 3172 ἠ
2729 3101 3047 3175 χρηστότης
3091 3099 3185 3153 καὶ
3216 3100 3250 3170 ἡ
3299 3095 3678 3175 φιλανθρωπία

366 3247 372 3251 ⁴
419 3183 473 3224 et
501 3170 740 3225 clamare
766 3170 1034 3239 Apparuit
1065 3170 1239 3239 gratia
1289 3180 1342 3224 et
1376 3170 1682 3241 benignitas
1716 3169 2016 3225 Salvatoris

2099 3169 2340 3263 ἐπειράνη
2368 3192 2463 3246 τοῦ
2498 3169 2927 3265 Σωτῆροςημῶν
2945 3191 3103 3259 Θεοῦ,
3137 3193 3238 3246 οὐκ
3277 3190 3337 3255 ἐξ
3365 3173 3544 3262 ἔργων
3567 3188 3675 3243 τῶν

424 3263 598 3315 nostri
630 3260 750 3323 Dei,
782 3276 889 3314 non
931 3277 996 3316 ex
1028 3261 1291 3331 operibus
1312 3260 1561 3331 justitiaa,
1589 3260 1686 3316 sed
1712 3260 2013 3316 secundum

421 3368 575 3408 suam
611 3351 1048 3406 misericordiam
1080 3352 1314 3406 salvavit
1338 3368 1436 3408 nos
1465 3368 1559 3423 per
1630 3352 1910 3408 lavacrum
1936 3367 2022 3410 re-

419 3441 794 3517 generationis
822 3452 877 3499 et
901 3443 1277 3498 reuovatiouis
1341 3444 1581 3515 Spiritus
1632 3446 1833 3510 sancti,
1856 3460 2019 3514 quem

420 3538 617 3593 cil’udit
642 3536 696 3590 in
730 3551 829 3591 nos
857 3536 1073 3613 abunde
1101 3550 1201 3606 per
1236 3534 1427 3592 Jesutn
1453 3535 1729 3592 Christum
1777 3535 2021 3594 Salvato-

424 3645 538 3684 tem
573 3638 846 3693 nostrum,
873 3638 932 3683 ut
987 3627 1276 3699 iustiﬁcati
1308 3629 1483 3700 gratia
1533 3629 1728 3699 ipsius,
1774 3628 2021 3685 ltmredes

427 3722 607 3777 simus
634 3722 927 3775 secundum
963 3736 1117 3792 spem
1167 3722 1292 3777 vitae
1317 3732 1556 3777 aeternae.
1596 3740 1615 3774 ι
1652 3719 1717 3775 Et
1756 3735 2018 3779 rursum:

423 3813 529 3881 Qui
563 3813 719 3871 unxit
748 3827 844 3867 nos
875 3820 931 3866 et
953 3812 1194 3885 signavit
1230 3828 1353 3877 nos,
1384 3823 1441 3867 et
1470 3813 1797 3870 deditnobis
1824 3814 2021 3883 pignus

424 3906 661 3976 Spiritus
690 3904 744 3960 in
761 3906 1022 3961 cordibus
1054 3907 1276 3962 nostris.
1322 3925 1342 3959 ι
1367 3905 1434 3960 Ει
1465 3923 1481 3964 :
1519 3924 1538 3959 ι
1581 3905 1857 3973 Habemus
1894 3907 2017 3961 tlte-

436 4012 662 4051 δουναι»
691 3997 856 4052 istum
879 3998 932 4052 in
972 3999 1119 4053 vasis
1150 3998 1452 4064 fictilibus;
1490 4008 1546 4053 ut
1597 3998 1667 4054 sit
1698 3999 2020 4055 excellentia

426 4090 647 4145 virtutis
678 4089 796 4154 Dei,
837 4099 1020 4145 etnon
1053 4089 1333 4157 ex_nobis.
1372 4110 1391 4143 ι
1426 4092 1604 4161 Atque
1674 4091 1749 4146 ita
1798 4092 2020 4160 quidem

429 4182 543 4247 illi;
571 4184 717 4252 quod
743 4185 951 4238 utinam
984 4185 1146 4239 nobis
1165 4184 1260 4238 ﬁat
1291 4198 1386 4255 per
1411 4198 1602 4238 eorum
1630 4185 1692 4239 ad
1728 4184 2019 4243 Dominum

424 4274 679 4330 ardentes
704 4278 1010 4341 orationes,
1042 4291 1107 4330 ex
1139 4283 1316 4345 parte,
1342 4286 1402 4331 ut
1429 4275 1534 4330 illis
1554 4276 1805 4347 contigit,
1835 4293 1997 4349 agere

430 4363 808 4419 misericordia
849 4374 903 4421 et
963 4366 1137 4435 gratia
1182 4366 1197 4421 l
1826 4360 1843 4378 “

428 4599 587 4669 Quod
606 4606 911 4679 necessario
931 4617 1135 4671 oportet
1164 4607 1281 4661 miti
1312 4608 1470 4663 corde
1497 4624 1613 4663 esse
1644 4625 1761 4663 eum
1783 4610 1874 4679 qui
1902 4626 2014 4663 om-

854 4677 983 4730 nino
1000 4685 1364 4748 pacem‘agere
1394 4680 1590 4734 studet.

501 4922 592 4976 77.
620 4921 753 4974 Illud
814 4931 995 4976 autem
1060 4928 1275 4990 Oportet
1306 4930 1377 4982 te,
1409 4934 1442 4971 ο
1475 4917 1571 4983 (ili,
1604 4934 1711 4987 prae
1764 4916 2021 4972 (uultibus

426 5029 631 5089 etcum
681 5016 935 5072 omnibus
986 5014 1150 5083 scire,
1207 5028 1404 5083 nempe
1424 5014 1570 5083 quod
1617 5012 1710 5082 qui
1768 5013 2023 5085 sagittam

432 5110 548 5163 vult
572 5109 844 5170 emittere,
880 5123 986 5160 non
1014 5107 1224 5176 absque
1255 5105 1431 5176 signis
1458 5119 1582 5160 eam
1610 5105 1838 5171 emittit,
1867 5106 1942 5159 ita
1970 5113 2026 5160 et

430 5203 527 5272 qui
556 5215 743 5271 pacem
766 5200 879 5255 Vult
903 5214 1085 5267 agere,
1117 5199 1231 5253 tuiti
1277 5198 1442 5253 corde
1474 5214 1597 5253 esse
1618 5196 1798 5262 debet,
1844 5206 1900 5252 et
1923 5197 2026 5252 hoc

430 5298 647 5368 signum
677 5295 779 5349 sibi
821 5294 1044 5347 habere.
1081 5291 1149 5345 Et
1175 5291 1305 5345 dicit
1339 5300 1570 5345 sanctus
1596 5288 1842 5345 Isidorus
1870 5305 1886 5344 :
1941 5290 2024 5344 Ad

433 5388 691 5440 \it'ttllt‘ttl
734 5398 842 5438 non
877 5382 1082 5438 suibcit
1137 5381 1407 5445 exerceri,
1459 5380 1553 5437 scd
1618 5390 1836 5450 oportet
1884 5391 1939 5435 et
1972 5381 2025 5434 in

432 5477 697 5531 exercitio
731 5477 1068 5532 moderatum
1117 5488 1264 5528 esse.
1299 5471 1357 5527 Si
1385 5472 1529 5526 enim
1585 5473 2028 5528 mansuetudinis

434 5578 714 5621 Certamen
738 5565 1145 5635 aggredientes,
1174 5564 1390 5620 turbata
1413 5563 1671 5635 Opinione
1695 5579 2025 5634 pugnamus,

440 5657 572 5709 nihil
603 5658 746 5712 aliud
779 5667 1040 5726 estquam
1076 5655 1212 5711 velle
1231 5654 1452 5725 quidem
1486 5655 1719 5711 salutem
1755 5656 2026 5721 obtinere,

437 5759 615 5802 etnon
636 5750 771 5803 velle
798 5763 860 5803 ea
879 5762 1001 5819 qua:
1027 5748 1092 5802 ad
1125 5749 1297 5818 ipsam
1324 5749 1554 5804 ducunt.
1584 5767 1603 5803 ι
1635 5749 1695 5803 Ει
1722 5759 1846 5803 ante
1878 5749 2028 5802 illum

2053 4541 2097 4596 D

2094 3287 2152 3338 ὲν
2174 3285 2533 3359 δικαιοσύνῃ,
2564 3278 2640 3339 ὧν
2674 3286 3013 3357 ἐποιήσαμεν
3041 3288 3225 3357 ἡμεῖς,
3254 3284 3391 3339 ἀλλά
3418 3284 3560 3339 κατὰ
3584 3283 3674 3336 τὸν

2096 3378 2262 3433 αὑτοῦ
2298 3379 2466 3445 ἔλεον,
2523 3378 2729 3433 ἔσωσεν
2761 3382 2911 3449 ἡμᾶς
2963 3378 3053 3433 διά
3081 3376 3308 3449 λουτροῦ
3354 3377 3679 3445 παλιγγενε-

2097 3470 2239 3535 σίας,
2264 3473 2356 3523 καὶ
2387 3471 2819 3534 ἀνακαινώσεως.
2835 3471 3151 3540 Πνεύματος
3168 3470 3325 3538 ἁγίου
3346 3483 3360 3498 '
3385 3464 3446 3523 οῦ
3470 3468 3681 3538 ἐξέχεεν

2096 3566 2180 3634 ἐφ’
2214 3567 2361 3635 ἡμᾶς
2387 3565 2659 3628 πλουσίως
2687 3565 2777 3619 διά
2820 3563 2995 3635 Ἰησοῦ
3028 3561 3267 3634 Χριστοῦ
3298 3561 3392 3615 τοῦ
3424 3562 3678 3631 Σωτῆρος

2096 3658 2274 3729 ἡμῶν,
2317 3659 2403 3712 ἵνα
2428 3659 2811 3720 δικαιωθέντες
2840 3658 2906 3728 τῇ
2945 3656 3156 3710 ἐκείνου
3186 3654 3392 3725 χάριτι,
3426 3652 3682 3724 κληρονό-

2100 3745 2191 3820 μοι
2227 3748 2515 3822 γενώμεθα
2559 3750 2676 3803 κατ’
2705 3750 2897 3803 ἐλπίδα
2925 3750 3071 3819 ζωῆς
3120 3747 3340 3803 αίωνίου
3376 3747 3471 3801 καὶ
3496 3746 3678 3801 πάλιν*

2095 3843 2303 3913 Χρίσας
2343 3845 2491 3913 ἡμᾶς
2549 3844 2646 3898 καὶ
2688 3843 3156 3914 σφραγισάμενος,
3179 3841 3274 3895 καὶ
3302 3841 3428 3901 δοὺς
3452 3839 3545 3893 τδν
3575 3840 3679 3910 ἀῤ⁶

2096 3935 2316 4006 ῥαϐὦνα
2335 3936 2428 3989 τοῦ
2453 3935 2785 4006 Πνεύματος,
2814 3938 2894 3999 είς
2940 3934 3041 3996 τὰς
3068 3932 3293 4003 καρδίας
3336 3931 3494 4002 ήμῶν
3512 3946 3527 3961 ο
3559 3931 3675 3991 καὶ.

2101 4048 2120 4080 ι
2159 4029 2399 4098 Ἔχομεν
2443 4028 2502 4081 δὲ
2551 4027 2643 4081 τὸν
2686 4027 2961 4096 θησαυρὸν
3010 4025 3219 4089 τοῦτον,
3249 4028 3307 4078 ὲν
3336 4023 3678 4095 ὀστρακίνοις

2094 4118 2374 4172 σκεύεσιν·
2412 4117 2498 4171 ἵνα
2526 4120 2558 4189 ἡ
2589 4117 2867 4188 ὑπερϐολὴ
2900 4117 3001 4186 τῆς
3031 4112 3368 4189 δυνάμεωςῇ
3397 4112 3677 4180 τοῦ-Θεοῦ,

2092 4210 2188 4265 καὶ
2238 4210 2314 4280 μὴ
2353 4209 2411 4276 ἐξ
2441 4210 2618 4279 ἡμῶν.
2655 4228 2673 4261 ι
2710 4210 2987 4280 Κὰκεῖνοιθ
3008 4196 3140 4279 μὲν,
3175 4206 3319 4262 οὕτω
3346 4223 3361 4239 ο
3388 4207 3593 4275 γένοιτο
3621 4206 3678 4260 δὲ

2094 4304 2191 4361 καὶ
2250 4305 2383 4374 ἡμῖν
2413 4306 2575 4368 ,ταῖς
2631 4301 2860 4356 ἐκείνων
2919 4301 3057 4371 πρὸς
3096 4299 3325 4370 ιΚύριον
3378 4298 3679 4353 θεοπειθέσι

2092 4397 2285 4461 λιταῖς,
2306 4395 2415 4449 ἀπὸ
2447 4395 2648 4466 μέρους
2680 4395 2802 4448 κατ’
2830 4393 3072 4471 ἐκείνους
3103 4392 3441 4465 χρηματίσαι
3460 4408 3474 4423 ο
3505 4391 3677 4457 ἐλέει,

2092 4488 2183 4558 καὶ
2202 4488 2404 4558 χάριτι.

2095 4603 2227 4656 Ἔτι
2257 4601 2354 4656 δεῖ
2380 4605 2529 4659 κατά
2557 4602 2765 4658 πᾶσαν
2794 4603 3089 4673 ἀνάγκην.
3145 4601 3341 4669 πρᾶον
3383 4598 3537 4655 εἶναι
3565 4600 3680 4673 τὴν

2162 4674 2437 4795 νὲαρδίαν,
2466 4678 2575 4730 τὸν
2588 4670 2979 4745 ,βουλόμενον
3002 4672 3417 4742 ἠκριϐωμένως
3447 4670 3681 4740 ἡσυχά-

2210 4762 2291 4795 at.

2210 4762 2291 4799 αι.

2160 4904 2256 4971 οζ’.
2294 4906 2360 4959 Σὲ
2387 4905 2465 4973 δὲ,
2488 4899 2533 4958 ὧ
2568 4903 2781 4967 τέκνον,
2813 4900 2973 4956 τοῦτο
3022 4897 3117 4953 νῦν
3169 4896 3311 4952 κατὰ
3349 4892 3542 4964 καιρὸν
3573 4888 3679 4960 πρὸ

2091 4999 2203 5054 τῶν
2251 4998 2461 5062 ἄλλων,
2502 4996 2599 5051 καὶ
2658 4996 2796 5066 μετά
2848 4993 2956 5047 τῶν
2989 4991 3166 5047 ἄλλων
3205 4990 3285 5042 δεῖ
3346 4984 3562 5057 μαθεῖν,
3590 4983 3672 5036 ὅτι

2093 5093 2282 5162 ὥσπερ
2311 5093 2339 5146 ὁ
2368 5090 2611 5156 τοξεύειν
2642 5089 2836 5160 μαθεῖν
2881 5085 3064 5148 καλῶς
3126 5082 3349 5144 ἐθέλων,
3403 5078 3502 5131 ούκ
3548 5076 3675 5129 ἄνευ

2097 5184 2338 5257 σημείων
2368 5184 2430 5237 τὸ
2456 5182 2610 5247 τόξον
2636 5180 2821 5245 τείνει,
2856 5178 3031 5242 οὕτως
3060 5178 3088 5230 ὁ
3118 5172 3389 5248 ἡσυχάσαι
3423 5166 3680 5239 βουλόμε-

2096 5293 2185 5341 νος
2221 5274 2435 5346 μαθεῖν,
2471 5274 2533 5325 τὸ
2560 5273 2648 5325 ἀεὶ
2681 5271 2855 5342 πρᾶος
2894 5266 3038 5322 εἶναι
3070 5266 3170 5339 τὴν
3207 5262 3455 5334 καρδίαν,
3484 5257 3558 5319 ὡς
3586 5272 3681 5325 ση-

2102 5371 2252 5439 μεῖον
2287 5366 2478 5438 ἐχέτω.
2512 5365 2622 5418 Καὶ
2665 5364 2815 5430 λέγει
2867 5363 2895 5414 ὀ
2949 5360 3104 5429 ἅγιος
3160 5354 3460 5423 Ἰσίδωρος*
3523 5346 3681 5399 (Οὐκ

2098 5463 2260 5534 ἀρκεῖ
2296 5460 2438 5531 πρὸς
2476 5458 2699 5527 ἀρετὴν,
2752 5457 2812 5508 τὸ
2844 5455 3037 5507 ἀσκεῖν
3064 5491 3079 5517 ,
3123 5448 3261 5504 ἀλλά
3297 5446 3404 5518 χρὴ
3461 5446 3555 5498 καὶ
3590 5456 3683 5510 με·

2099 5555 2342 5628 τριὰζειν
2376 5552 2515 5624 πρὸς
2542 5552 2601 5604 τὸ
2632 5551 2841 5603 ἀσκεῖν.
2903 5548 2965 5600 Εἰ
2996 5546 3102 5615 γὰρ
3135 5543 3324 5611 ἀγῶνα
3374 5538 3682 5610 πραότητος

2105 5644 2515 5716 μετερχόμενοι,
2548 5639 2740 5710 γνώμῃ
2774 5638 2962 5693 τοῦτον
2985 5633 3290 5707 ταραχώδει
3317 5630 3681 5716 ὲγκόπτομεν,

2100 5713 2252 5785 οὐδὲν
2276 5713 2469 5801 γέτερὸν
2516 5730 2687 5788 ἐστιν,
2719 5727 2754 5797 ἢ
2794 5725 2972 5779 θέλειν
3007 5723 3105 5794 μὲν
3145 5718 3422 5789 σωτηρίας
3467 5713 3678 5781 τυχεῖν,

442 5840 656 5895 divinus
688 5840 852 5896 David
887 5856 901 5894 :
932 5857 951 5891 ι
993 5839 1208 5911 Dirigct
1235 5842 1390 5897 mites
1423 5841 1478 5896 in
1511 5840 1722 5913 judicio
1760 5858 1774 5909 ;
1812 5843 1926 5897 doc.
1952 5843 2016 5895 bit

2108 5828 2185 5900 μὴ
2211 5825 2385 5882 θέλειν
2412 5822 2470 5880 δὲ
2499 5823 2674 5876 ποιεῖν
2702 5822 2769 5876 τὰ
2810 5820 2946 5892 πρὸς
2980 5816 3152 5889 αὐτὴν
3185 5808 3626 5882 συμϐαλλόμενα.
3657 5820 3677 5855 ι
