4058 6456
387 330 492 391 ἹῊ

1589 328 1987 390 OI’USCULA
2025 330 2411 394 ASCE'l‘ICA.

3547 356 3651 415 74

390 450 503 499 Καὶ
534 447 641 515 πρὸ
674 463 734 514 γε
766 445 976 513 τούτου,
1009 448 1037 499 6
1070 446 1343 511 θειότατος
1378 447 1573 502 Δαδίδ⁸
1610 466 1630 500 ι
1679 449 1973 521 Ὀδηγήσει

2070 445 2229 499 miles
2261 444 2382 501 vias
2399 459 2528 502 suas
2554 447 2622 502 ⁹¹.
2662 465 2681 500 ι
2716 446 2784 504 Ει
2827 450 2967 509 filius
3021 453 3212 512 Siraclt
3249 476 3262 514 :
3301 479 3320 513 ι
3356 460 3652 524 Mansuetis

391 545 589 615 πραεῖς
627 545 686 596 ὲν
714 544 923 614 κρίσει·
958 544 1161 610 διδάξει
1186 547 1385 614 πραεῖς
1416 544 1572 608 ὁδοὺς
1595 545 1785 599 αὐτοῦ.
1816 565 1835 598 ι
1867 547 1973 601 Καὶ

2063 538 2380 594 revelantur
2441 541 2699 612 mysteria
2736 545 2803 599 “.
2846 564 2865 597 ι
2924 546 2992 601 Ει
3045 550 3401 613 dulcissimus
3446 556 3644 616 Jesus:

329 697 335 701 ,
388 637 417 688 6
452 633 651 705 Σειράχ
675 646 689 661 ⁸
715 651 733 683 ι
764 634 889 694 Τοῖς
917 634 1147 703 πραέσιν
1174 634 1657 689 ἀποκαλύπτονται
1681 637 1749 689 τὰ
1774 637 1979 707 μυστή-

391 745 503 800 ρια.
538 747 555 779 ι
603 727 711 779 Καὶ
739 725 1126 796 όγλυκύτατος
1172 726 1230 781 δὲ
1265 727 1471 798 Ἰησοῦς
1496 745 1510 759 ⁸
1547 747 1565 779 ι
1606 729 1825 783 Μάθετε
1877 731 1979 784 ἀπ’

389 816 549 888 ἐμοῦ,
580 818 662 870 ὅτι
690 817 863 888 πρᾶός
891 820 1042 888 είμι,
1079 819 1173 871 καὶ
1216 818 1474 882 ταπεινὸς
1520 822 1589 892 τῇ
1625 821 1847 892 καρδία,
1881 823 1976 876 καὶ

388 912 656 981 εὑρήσετε
682 910 989 964 ἀνάπαυσιν
1010 912 1131 972 ταῖς
1152 908 1352 982 ψυχαῖς
1372 911 1550 981 ὑμῶν.
1575 929 1592 963 ι
1617 912 1759 967 Καί·
1791 932 1810 965 ι
1850 914 1977 968 Ἐπὶ

387 1002 507 1079 τίνα
538 1000 841 1070 meum,
871 1000 985 1054 ἀλλ’
1012 1000 1053 1075 ’ἢ
1107 1002 1200 1054 ἐπὶ
1250 1002 1345 1056 τὸν
1385 1004 1561 1085 πρᾶον
1601 1006 1697 1057 καὶ
1725 1004 1970 1076 ἡσύχιον,

388 1093 481 1155 καὶ
507 1090 782 1163 τρέμοντά
802 1108 904 1161 μου
926 1091 1288 1160 τοὺςλόγους;
1325 1110 1344 1144 ι
1385 1093 1494 1145 Καί
1516 1108 1528 1121 ⁸
1559 1112 1578 1145 ι
1615 1094 1894 1166 Μακάριοι
1919 1097 1970 1149 οί

389 1190 605 1258 πραεῖς,
630 1187 711 1240 ὅτι
738 1186 897 1241 αὐτοὶ
950 1187 1421 1259 κληρονομήσουσι
1461 1188 1559 1260 τὴν
1618 1189 1726 1258 γῆν
1748 1206 1761 1220 ⁸
1786 1209 1804 1241 ι
1853 1192 1971 1263 ἤτοι

387 1280 487 1351 τὴν
508 1279 756 1349 καρδίαν,
800 1278 1261 1350 καρποφοροῦσαν
1290 1285 1356 1349 τῇ
1384 1281 1594 1350 χάριτι,
1631 1280 1690 1334 ἓν
1723 1282 1975 1352 τριάκον-

387 1389 476 1436 τα,
497 1373 592 1424 καὶ
615 1372 901 1442 ἐξήκοντα.
926 1372 1020 1424 καὶ
1046 1370 1262 1427 ἑκατόν.
1320 1371 1477 1432 Κατὰ
1509 1372 1622 1444 ιτὴν
1671 1374 1845 1440 τάξιν,
1870 1377 1972 1447 άρ-

387 1466 618 1535 χαρίων,
657 1464 838 1535 μέσων
870 1464 966 1518 καὶ
995 1464 1218 1519 τελείων
1243 1482 1257 1497 ⁸
1296 1464 1432 1534 μηδέ
1480 1483 1612 1519 ποτε
1670 1469 1730 1521 ἐν
1780 1469 1972 1539 μηδενὶ

387 1561 692 1630 ταράττων,
720 1558 753 1630 ἢ
779 1557 1202 1627 ταραττόμενος,
1224 1558 1273 1611 εἰ
1308 1559 1382 1630 μή
1415 1575 1503 1613 πω
1538 1561 1666 1631 περὶ
1687 1561 1970 1629 εὐσεϐείας

385 1652 413 1704 ὁ
442 1649 622 1717 λόγος.

2068 647 2087 680 ι
2131 629 2329 685 Discite
2360 646 2389 685 a
2415 647 2500 687 me
2524 633 2648 703 quia
2682 634 2980 693 mitis-sum
3007 648 3063 695 et
3099 643 3321 702 Immilis
3354 650 3541 714 corde.
3591 662 3647 707 et

2061 721 2357 778 invenietis
2384 726 2625 794 requiem
2667 727 2956 814 animabus
2988 734 3185 789 vestris
3211 736 3279 790 ⁸⁸.
3317 757 3336 790 ι
3371 739 3434 793 Et
3462 762 3477 794 :
3507 760 3524 793 ι
3563 745 3641 797 Ad

2060 829 2223 885 quem
2280 815 2594 886 respiciam,
2629 819 2732 875 nisi
2773 824 2841 876 ad
2897 839 3244 882 mansuetum
3276 839 3328 886 et
3354 835 3639 900 paciﬁcum

2061 917 2116 964 et
2162 915 2494 965 metuentem
2548 926 2833 971 sermones
2882 931 3034 973 meos
3056 920 3102 952 "
3131 919 3156 975 ἲ
3188 940 3207 974 ›
3257 924 3322 978 Ει
3373 940 3390 980 :
3432 943 3450 977 ι
3493 926 3639 983 Beati

2063 998 2242 1065 mites,
2274 1002 2534 1070 quoniam
2572 1003 2675 1074 ipsi
2704 1007 3104 1065 lnereditabuut
3161 1022 3360 1070 terram
3384 1018 3505 1073 ".‘t
3536 1019 3642 1075 Cor

2058 1091 2266 1146 scilicet
2299 1093 2445 1163 quod
2497 1096 2673 1164 gratia
2710 1098 2921 1157 fructus
2949 1101 3158 1171 afferet,
3191 1107 3263 1162 ita
3298 1118 3359 1163 ut
3407 1126 3636 1182 granum

2063 1199 2230 1237 unum
2258 1185 2475 1256 triginta
2510 1188 2613 1241 alia
2651 1198 2750 1244 aut
2776 1195 3080 1263 sexaginta,
3129 1206 3224 1252 aut
3250 1209 3467 1256 centum
3516 1204 3639 1259 red-

2062 1276 2172 1340 dat,
2200 1292 2296 1348 pro
2329 1279 2521 1335 ordine
2551 1281 2947 1352 incipientium,
2972 1288 3276 1346 mediorum
3299 1303 3352 1347 et
3368 1297 3640 1361 perfecto-

2060 1380 2204 1421 rum.
2237 1366 2354 1422 Non
2383 1371 2530 1424 enim
2566 1374 2649 1427 vir
2683 1373 2771 1430 ille
2802 1376 3066 1447 turbabit,
3101 1396 3280 1453 neque
3308 1386 3637 1455 turbabitur,

2061 1459 2105 1512 si
2139 1460 2385 1515 nondum
2408 1462 2478 1517 sit
2515 1463 2583 1519 de
2614 1467 2817 1537 pietate
2844 1484 3049 1527 sermo.
3082 1490 3104 1525 ι

387 1764 588 1827 ’Ὅπως
639 1762 717 1835 ἂν
767 1763 1159 1835 κᾳτορθωθείη
1202 1763 1357 1832 ’ἡμῖν
1411 1762 1449 1831 ἡ
1509 1768 1808 1835 πραότης,
1867 1769 1967 1822 καὶ

2065 1760 2336 1835 Quomodo
2376 1763 2650 1833 perﬁcitur
2686 1764 2741 1817 in
2775 1763 2926 1817 nobis
2953 1767 3304 1820 mansuetudo
3331 1777 3382 1821 et
3415 1767 3480 1823 de
3540 1766 3641 1820 tria

456 1826 588 1900 napi
619 1833 726 1915 to?
756 1832 869 1915 τῆς
897 1826 1736 1915 ιξυχῆς-τριιξεροῦξθυίιικοῦξ
1755 1826 1966 1895 ’ἐπιθυ-

2088 1826 2097 1827 ί
2130 1826 2489 1901 plicianinta}
2525 1835 2807 1900 iracanda,
2839 1848 2989 1904 appet
3016 1838 3127 1890 tina
3151 1848 3202 1891 et
3233 1839 3566 1895 rationabili.

452 1903 732 1974 μητικοῦ,
772 1904 873 1957 καὶ
908 1905 1283 1969 λογιστικοῦ.

456 2024 556 2087 οη’.
607 2015 778 2070 Τοῦτο
824 2016 882 2070 δὲ
934 2017 1175 2082 εὐκόλως
1221 2018 1289 2074 ἂν
1327 2021 1728 2092 κατορθώσαις,
1783 2025 1964 2078 πάντά

387 2109 651 2164 ἐκκλίνων
695 2108 832 2180 ἃμα,
864 2112 959 2163 καὶ
1002 2110 1142 2180 πρὸς
1181 2112 1406 2185 ἀγάπην
1434 2113 1534 2186 τὴν
1560 2115 1746 2186 ψυχὴν
1774 2118 1963 2183 κινῶν,

387 2202 458 2256 τὰ
496 2203 722 2257 πλεῖστά
770 2220 831 2257 τε
875 2204 1117 2270 σιωπῶν,
1167 2204 1461 2276 ἐμμέτρως
1514 2225 1573 2261 τε
1627 2209 1963 2281 σιτούμενος,

390 2296 482 2348 καὶ
528 2295 614 2349 ἀεὶ
652 2296 1106 2367 προσευχόμενος,
1136 2296 1212 2360 ὡς
1244 2298 1460 2368 ετρηται
1496 2302 1921 2373 τοῖςΠατράσιν
1945 2322 1959 2336 ⁸

394 2407 412 2441 ι
452 2390 573 2442 Ὅτι
625 2389 685 2443 τὸ
714 2389 1098 2460 θυμικδνπῆς
1145 2389 1343 2460 ψυχῆς,
1393 2392 1585 2466 ἀγάπῃ
1629 2394 1961 2465 χαλίνωσον⁸

388 2485 482 2536 καὶ
512 2482 572 2536 τὸ
606 2478 1005 2552 ἐπιθυμητικὸν
1031 2481 1204 2551 αὐτῆς
1229 2482 1529 2554 ἐγκρατείᾳ
1560 2484 1801 2555 μάρανον
1821 2504 1836 2519 ⁸
1867 2488 1964 2541 καὶ

385 2577 457 2631 τὸ
472 2576 777 2646 λογιστικὸν
814 2583 983 2651 αὐτῆς
1015 2584 1082 2654 τῇ
1113 2586 1393 2655 προσευχῇ
1428 2584 1709 2655 πτέρωσον
1728 2597 1744 2611 ⁸
1782 2582 1875 2636 καὶ
1903 2577 1988 2635 τδ

389 2671 503 2740 φῶς
531 2672 624 2726 τοῦ
644 2672 741 2726 νοῦ
790 2674 892 2728 οὐκ
920 2676 1271 2746 ’ἀμαυροῦται
1315 2692 1470 2730 ποτε.
1504 2694 1524 2728 t
1562 2677 1693 2741 Kal,
1729 2693 1748 2727 ι
1780 2674 1966 2744 Θυμοῦ

393 2762 492 2832 μὲν
536 2765 775 2834 χαλινὸς,
827 2767 856 2836 ἡ
908 2766 1164 2838 εὔκαιρος
1206 2770 1385 2838 σιωπή
1410 2783 1424 2798 ⁸
1457 2767 1656 2837 ἀλόγου
1684 2768 1741 2821 δὲ
1775 2768 1969 2822 ἐπιθυ-

394 2854 542 2924 μίας,
574 2855 608 2927 ἢ
645 2856 919 2928 ἔμμετρος
946 2857 1146 2930 ἑδωδή⁸
1173 2859 1546 2913 δυσκαθέκτου
1581 2859 1639 2912 δὲ
1680 2859 1968 2929 λογισμου,

389 2948 422 3016 ἡ
478 2946 854 3016 μοεωλόγιστος
906 2950 1205 3022 προσευχή.
1270 2967 1292 3001 ο
1332 2951 1456 3004 ’Καὶ
1504 2944 1697 3014 αὖθις·
1741 2967 1761 3002 ε
1808 2948 1972 3021 Τρεῖς

374 3040 532 3092 -εισιν
561 3039 774 3108 ἀρεταὶ,
804 3040 1010 3095 αἵτινες
1051 3041 1347 3111 χορηγοῦσι
1378 3041 1492 3111 φῶς
1519 3041 1598 3114 τῷ
1626 3041 1707 3112 νῷ
1734 3041 1971 3097 διαπαν-

392 3129 505 3193 τόςο
522 3129 584 3182 τὸ
609 3128 684 3201 μὴ
709 3131 1205 3203 είδὲναιπονηρίαν
1232 3131 1526 3202 ἀνθρώπου
1543 3134 1688 3197 τινός
1705 3148 1720 3164 ⁸
1749 3133 1812 3187 τὸ
1837 3134 1966 3186 ὑπο⁶

396 3220 582 3291 φέρειν
604 3222 669 3276 τὰ
699 3223 1042 3293 ἐπερχόμενα
1065 3206 1391 3293 ἀταράχως·
1420 3225 1519 3277 καὶ
1546 3222 1606 3277 τὸ
1635 3225 1973 3296 ἀγαθοποιῆα

399 3326 486 3363 σαι
510 3310 639 3373 τοὺς
673 3311 1127 3374 κακοποιοῦντας.
1158 3311 1223 3363 Αἱ
1252 3314 1404 3382 τρεῖς
1430 3306 1591 3367 αὗται
1630 3314 1823 3384 ἀρεταὶ
1854 3331 1974 3382 γεν·

395 3401 561 3454 νῶσιν
607 3401 774 3465 ἄλλας
813 3406 961 3472 τρεῖς
1003 3404 1206 3475 ἀρετὰς
1244 3404 1500 3475 μείζονας
1535 3404 1753 3457 αὐτῶν·
1806 3404 1866 3457 τὸ
1898 3404 1974 3475 μὴ

395 3492 593 3545 εἰδέναι
629 3496 894 3564 πονηρίαν
940 3497 1231 3568 ἀνθρώπου
1261 3498 1428 3568 γεννᾷ
1459 3496 1811 3568 τὴν-ἀγάπην
1831 3514 1844 3527 ⁸
1881 3497 1976 3550 καὶ

395 3582 456 3635 τὸ
486 3584 799 3655 ἐπενεγκεῖν
828 3585 897 3641 τὰ
937 3589 1282 3659 ἐπερχόμενα
1332 3588 1621 3660 ἀταράχως
1669 3590 1831 3660 γεννᾷ
1874 3588 1975 3659 τὴν

397 3676 676 3748 πραότητα
736 3678 831 3732 καὶ
862 3678 925 3732 τὸ
955 3679 1354 3751 ἀγαθοποιῆσαι
1386 3680 1512 3741 τοὺς
1543 3678 1977 3741 κακοποιοῦντας

398 3771 588 3823 κτᾶται
634 3771 734 3842 τὴν
764 3772 1009 3843 είρήνην.
1056 3791 1076 3825 ι
1135 3774 1247 3827 Καὶ
1294 3772 1494 3828 πάλιν
1546 3790 1565 3824 ι
1621 3774 1784 3844 Τρεῖς
1833 3773 1974 3825 εἰσιν

396 3860 584 3929 ἠθικαὶ
625 3863 1011 3929 καταστάσεις,
1044 3864 1404 3935 γενικώτεραι
1439 3865 1499 3918 ὲν
1535 3867 1649 3928 τοῖς
1679 3865 1934 3934 μοναχοῖς
1956 3878 1971 3894 ⁸

380 3954 490 4006 ικαὶ
512 3954 704 4025 πρώτη
735 3954 835 4026 μὲν
863 3957 979 4009 ἐστι
1001 3956 1061 4008 τὸ
1090 3956 1256 4028 μηδὲν
1285 3956 1626 4027 ἁμαρτάνειν
1665 3956 1786 4009 κατ’
1815 3955 1964 4025 ὲνέρ·

398 4058 584 4111 γειαν·
631 4043 858 4115 δευτέρα
908 4045 986 4110 δὲ,
1025 4045 1087 4098 τὸ
1143 4044 1219 4116 μὴ
1264 4045 1599 4115 ἐγχρονίζειν
1629 4046 1687 4098 ἐν
1727 4046 1793 4115 τῇ
1824 4044 1971 4113 ψυχῇ

396 4133 523 4196 τοὺς
563 4132 833 4203 ἐμπαθεῖς
879 4132 1208 4205 λογισμούς⁸
1254 4134 1365 4203 καὶ,
1390 4133 1572 4204 τρίτη,
1611 4132 1670 4186 τὸ
1702 4133 1798 4195 τὰς
1840 4148 1977 4204 μορ·

399 4225 503 4292 φὰς
522 4225 632 4278 τῶν
665 4225 964 4294 γυναικῶν,
1012 4227 1109 4281 καὶ
1155 4223 1267 4280 τῶν
1320 4225 1700 4293 λυπησάντων,
1728 4223 1974 4288 -ἀπαθῶς

399 4315 623 4388 θεωρεῖν
652 4306 795 4372 κατὰ
821 4317 1080 4374 διάνοιαν.
1122 4337 1142 4372 ι

401 4450 529 4521 Ὅτι
550 4450 777 4519 ταχέως
801 4450 897 4504 δεῖ
907 4451 1225 4520 μετανοεῖν
1245 4451 1317 4507 ἐν
1341 4452 1473 4519 ταῖς
1493 4452 1645 4507 κατὰ
1669 4454 1980 4521 σύμϐασιν
2080 4431 2231 4521 ουηοᾲά
2252 4428 2602 4521 ρξῗῗξξίξίίίζ
2644 4425 2893 4521 t’ffnffet‘f

467 4520 808 4651 Sligpaogaic,
830 4522 931 4576 καὶ
958 4522 1147 4588 οὕτως
1175 4524 1264 4590 είς
1288 4524 1356 4577 τὸ
1381 4523 1529 4589 ἑξῆς
1553 4520 1761 4592 σοφῶς(
1783 4524 1980 4592 ἀσφα-

562 4608 592 4644 ε
676 4608 761 4648 αι.

562 4608 761 4648 εσυαι.

468 4699 565 4756 00'.
595 4702 658 4755 Εἰ
685 4701 742 4756 δέ
766 4720 819 4758 τι
851 4702 1090 4776 συμϐαίη
1120 4703 1251 4757 ποτὲ
1276 4688 1704 4775 διαταραχθῆναί
1735 4720 1817 4769 σε,
1850 4703 1882 4774 ἢ
1921 4704 1979 4757 εν

2138 2014 2307 2072 Ἷ8.Ἰὶ]
2336 2025 2520 2072 autem
2560 2015 2938 2087 consequeris,
2975 2017 3043 2072 ab
3081 2018 3339 2074 omnibus
3398 2018 3639 2073 animum
3752 2087 3759 2091 _

2063 2121 2215 2167 tuam
2243 2118 2494 2165 avertens
2518 2118 2571 2165 et
2592 2109 2659 2165 ad
2678 2110 3001 2165 charitatem
3043 2110 3642 2183 dirigens,plerumque

2062 2218 2195 2261 vero
2247 2204 2435 2284 silens,
2490 2201 2951 2272 medioeriterqne
2979 2202 3100 2258 cibo
3139 2213 3296 2259 utens
3326 2214 3379 2259 et
3428 2219 3641 2273 semper
3686 2249 3694 2258 .

2039 2313 2253 2368 orans,
2302 2303 2364 2352 ut
2396 2312 2444 2351 'a
2498 2291 2752 2350 Patribus
2810 2295 3014 2350 dictum
3075 2302 3201 2351 est:
3239 2314 3256 2347 ι
3299 2295 3640 2351 lracundiam

2066 2390 2261 2445 anima:
2284 2388 2506 2445 [restans
2555 2399 2609 2445 et
2637 2389 2756 2459 ejus
2789 2389 3082 2460 appetitum
3120 2391 3496 2460 'lcntperantia
3531 2404 3645 2443 ma-

2067 2497 2286 2549 cerans,
2317 2481 2437 2552 ejus
2467 2481 2810 2538 rattouialas
2863 2489 3035 2551 aptes.
3092 2482 3160 2537 Et
3218 2482 3415 2537 montis
3464 2482 3643 2536 lumen

2066 2594 2343 2649 nunquam
2378 2578 2737 2634 ltebetabitnr.
2772 2595 2791 2630 ι
2824 2577 2929 2633 Et:
2960 2595 2980 2629 ί
3009 2576 3108 2632 Irae
3168 2577 3384 2647 quidem
3430 2575 3647 2632 frenum

2067 2680 2149 2727 est
2165 2679 2529 2743 opportunum
2541 2670 2845 2736 silentium;
2867 2670 3257 2725 irrationabilis
3278 2677 3458 2724 autem
3481 2685 3648 2740 appe-

2067 2769 2223 2828 titus.
2276 2766 2592 2819 moderatus
2622 2764 2773 2819 cibus
2809 2779 2825 2829 ;
2853 2763 3124 2818 ratiocinii
3158 2777 3288 2818 vero
3306 2761 3419 2818 fere
3439 2763 3653 2818 cohibi-

2042 2860 2125 2911 ‘tn
2155 2856 2410 2923 dilIicilis,
2447 2856 2714 2926 soliloqua
2745 2855 2942 2910 oratio.
2983 2875 3003 2908 ι
3046 2853 3113 2909 Ει
3143 2870 3365 2911 rursum
3401 2871 3414 2908 :
3457 2873 3474 2907 ι
3508 2852 3658 2909 Tres

1989 3174 2034 3237 C

2000 4577 2053 4637 D

2068 2964 2203 3026 sunt
2224 2951 2455 3005 virtutes
2477 2963 2600 3018 quas
2631 2948 2798 3003 menti
2833 2947 3015 3002 lumen
3044 2946 3469 3003 subministrant
3527 2961 3650 3016 per-

2069 3053 2233 3114 petuo
2270 3060 2285 3098 :
2316 3042 2533 3098 Nullius
2552 3041 2793 3096 hominis
2826 3039 3087 3095 malitiam
3126 3040 3267 3095 scire
3322 3038 3440 3094 sine
3487 3040 3655 3094 turba

2068 3155 2189 3209 quae
2213 3139 2486 3201 accidunt,
2515 3138 2787 3193 sustinere
2816 3152 2831 3202 ;
2859 3142 2915 3189 et
2936 3136 3138 3190 bonum
3192 3133 3377 3189 faccre
3407 3134 3493 3198 iis,
3555 3132 3649 3202 qui

2068 3234 2274 3290 faciunt
2294 3232 2518 3288 malum.
2548 3230 2685 3285 Tres
2720 3230 2823 3285 illae
2852 3230 3085 3283 virtutes
3122 3237 3233 3283 tres
3264 3228 3402 3305 alias
3423 3228 3651 3299 gignunt

2068 3325 2267 3395 seipsis
2295 3324 2570 3394 majores:
2606 3321 2867 3377 malitiam
2932 3319 3172 3375 heroinis
3222 3319 3437 3374 nescire
3481 3317 3655 3389 gignit

2071 3419 2391 3477 cltaritatem
2424 3434 2440 3484 ;
2477 3416 2598 3473 sine
2619 3415 2774 3471 turba
2809 3414 3106 3470 accidentia
3136 3412 3409 3470 sustinere
3431 3419 3656 3482 generat

2070 3512 2570 3579 mansuetudinem,
2606 3520 2659 3567 et
2682 3511 2883 3565 bonum
2915 3507 3093 3564 facere
3144 3506 3347 3563 malum
3408 3505 3656 3561 facienti-

2070 3606 2176 3662 bus
2200 3621 2393 3677 pacem
2424 3606 2649 3676 praebet.
2682 3621 2701 3655 ι
2735 3601 2798 3656 Ει
2822 3615 3039 3656 rursum
3070 3617 3084 3654 :
3133 3619 3153 3653 ι
3189 3599 3327 3655 Tres
3351 3607 3480 3656 sunt
3536 3613 3656 3653 tuo-

2071 3699 2214 3753 rales
2248 3704 2426 3752 status
2463 3693 2747 3749 monachis
2795 3690 3073 3762 generales
3106 3708 3122 3757 ;
3169 3690 3380 3760 primus
3428 3688 3653 3760 quidem

2073 3808 2181 3847 non
2207 3804 2398 3845 errare
2420 3786 2719 3843 secundum
2752 3786 3006 3838 virtutem
3037 3798 3053 3848 ;
3112 3783 3402 3846 secundus,
3440 3794 3551 3834 non
3598 3779 3653 3833 in

2073 3885 2255 3939 anima
2283 3894 2503 3938 servare
2538 3877 2735 3933 aﬂectu
2775 3883 3087 3930 commotas
3139 3872 3499 3944 c0gitationes
3532 3890 3548 3937 ;
3601 3881 3657 3925 et

2076 3973 2291 4038 tertius,
2322 3969 2611 4024 mulierum
2647 3966 2853 4021 lo’rmas
2868 3973 2923 4020 et
2950 3978 3140 4021 eorum
3159 3978 3283 4034 qua:
3305 3962 3663 4025 contristant.

2075 4066 2281 4135 absque
2308 4061 2505 4118 affectu
2542 4075 2639 4131 per
2659 4058 3043 4128 cogitationem
3075 4055 3297 4113 intueri.

2946 4422 2999 4475 in
3024 4421 3091 4475 iis
3113 4434 3230 4489 qua:
3278 4418 3527 4474 accidunt
3552 4417 3671 4472 dis-

2151 4492 2520 4568 tractionibus,
2551 4507 2602 4553 et
2641 4492 2723 4552 ita
2752 4495 2901 4551 sein
2958 4492 3196 4563 futuram
3225 4493 3490 4560 sapienter
3537 4505 3665 4543 con-

2150 4575 2388 4641 ﬁrmare.

2153 4688 2244 4744 79.
2270 4687 2422 4755 Quod
2448 4686 2496 4743 si
2529 4685 2740 4740 accidat
2767 4692 2819 4738 te
2852 4678 3148 4761 aliquando
3206 4678 3524 4733 conturbari
3568 4683 3665 4730 ant

399 4812 505 4850 τινι
549 4795 832 4867 όλισθῆσαι
880 4796 1269 4868 συμπτώματι,
1321 4798 1415 4851 καὶ
1458 4798 1556 4852 τοῦ
1605 4800 1973 4867 προσήκοντος

2081 4785 2135 4840 in
2167 4783 2403 4854 aliquem
2433 4793 2622 4835 casum
2652 4773 2973 4845 circumagi.
3004 4782 3055 4827 et
3085 4787 3115 4826 a
3161 4772 3304 4826 bono
3354 4768 3668 4832 deﬂectere,

400 4884 738 4957 διαμαρτεῖν,
764 4885 968 4951 εὐθέως
990 4887 1072 4941 δεῖ
1101 4887 1516 4943 διαλλάττεσθαι
1544 4889 1680 4960 πρὸς
1716 4889 1807 4943 τὸν
1827 4889 1980 4942 λελυ-

402 4977 636 5047 πηκότα,
667 4976 701 5049 ἢ
735 4978 831 5032 καὶ
867 4978 1180 5051 λυπηθέντα
1199 4997 1213 5012 ⁸
1241 4980 1337 5034 καὶ
1369 4984 1649 5048 μετανοεῖν
1670 4982 1735 5035 ὲκ
1763 4980 1941 5052 ψυχῆς
1960 4999 1974 5013 ⁸

404 5069 619 5124 πενθεῖν
670 5087 731 5123 τε
775 5071 871 5124 καὶ⁵
912 5071 1189 5143 δακρύειν,
1236 5073 1330 5127 καὶ
1381 5073 1574 5127 ἑαυτοῦ
1614 5074 1978 5144 καταμέμφε-

404 5158 529 5213 σθαι
551 5177 565 5192 ⁸
597 5160 690 5215 καλ⁵
717 5160 890 5225 οὕτως
922 5165 1002 5227 είς
1030 5163 1093 5217 τὸ
1118 5164 1245 5233 ἑξῆς
1279 5166 1589 5236 προσέχειν,
1623 5167 1719 5220 καὶ
1747 5167 1980 5237 άσιραλί·

402 5249 591 5314 ζεσθαι
619 5252 761 5306 πάνυ
792 5253 1366 5323 σοφῶς,·ὡς,διδάσκει
1415 5258 1444 5309 6
1495 5258 1697 5329 Κύριος
1744 5259 1976 5329 Ἰησοῦς,

402 5343 483 5397 ὅτι
518 5363 538 5397 ι
585 5345 712 5399 Ἐὰν
743 5348 1063 5421 προσφέρῃς
1121 5349 1182 5403 τὸ
1223 5350 1397 5421 δῶρόν
1437 5369 1530 5405 σου
1563 5352 1656 5405 ἐπὶ
1690 5352 1753 5406 τὸ
1786 5352 1978 5406 θυσια-

406 5437 645 5508 στήριον,
679 5441 775 5492 καὶ
805 5441 923 5493 ἐκεῖ
952 5441 1196 5514 μνησθῇς
1225 5443 1306 5497 ὅτι
1344 5444 1370 5496 6
1406 5443 1633 5513 ἁδελφός
1655 5462 1750 5497 σου
1779 5444 1979 5517 ἔχειςτι

392 5530 545 5583 κατὰ
576 5528 694 5597 σοῦ,
725 5531 861 5601 ἄφες
902 5535 1020 5587 ἐκεῖ
1053 5535 1115 5587 τὸ
1164 5535 1336 5606 δῶρόν
1384 5553 1475 5590 σου
1531 5537 1841 5608 ἔμπροσθεν
1882 5537 1978 5592 τοῦ

406 5617 796 5694 θυσιαστηρίου
821 5663 849 5691 ,,
881 5623 978 5678 καὶ
1029 5624 1208 5694 ὕπαγε
1264 5627 1481 5698 πρῶτον
1525 5616 1845 5701 διαλλάγηθι
1901 5629 1981 5702 τῷ

404 5711 618 5783 ἀδελφῷ
652 5731 778 5769 σου·
826 5715 921 5771 καὶ
971 5717 1093 5771 τότε
1144 5717 1338 5786 ὲλθὼν,
1380 5720 1658 5792 πρόσφερε
1697 5723 1757 5776 τὸ
1808 5722 1980 5794 δῶρόν

476 5841 515 5872 ⁸⁸
555 5841 698 5897 Psal.
731 5856 877 5908 ntv,
938 5839 991 5896 9.
1068 5839 1115 5873 "
1155 5837 1324 5897 Eccli.
1355 5856 1490 5909 ut},
1516 5840 1610 5895 ‘27.

407 5929 462 5974 v.
485 5913 572 5978 ‘23,
590 5913 679 5966 24.

1709 5839 1754 5872 ⁸³
1781 5838 1973 5894 Matth.
2000 5851 2076 5902 ιιι,
2101 5832 2194 5889 ‘29.
2288 5826 2337 5864 ”
2390 5825 2497 5883 Isa.
2549 5834 2701 5889 m1,
2737 5817 2793 5875 2.
2882 5813 2928 5847 "
2949 5811 3139 5869 Matth.
3161 5826 3212 5875 γ,
3239 5807 3294 5864 ι.

2078 4877 2188 4933 cito
2208 4880 2424 4947 oportet
2454 4881 2506 4926 te
2553 4866 2896 4925 reconciliari
2939 4878 3073 4919 cum
3119 4877 3186 4917 eo
3218 4860 3310 4931 qui
3364 4868 3416 4914 te
3466 4858 3662 4913 all'lixit

2079 4973 2354 5035 autquem
2387 4959 2671 5025 aﬂlixisti;
2725 4966 2780 5011 et
2835 4954 3076 5019 converti
3130 4967 3196 5007 ex
3240 4960 3354 5007 tota
3412 4950 3597 5005 anima
3629 4967 3653 5012 ;

2085 5057 2272 5113 dolere
2305 5065 2361 5111 et
2393 5053 2696 5124 lacrymare
2723 5056 2778 5105 et
2798 5048 3029 5117 teipsum
3064 5045 3373 5115 vituperare
3407 5061 3431 5109 ι
3490 5051 3665 5111 atque

2086 5151 2160 5208 ita
2194 5149 2289 5204 tibi
2305 5147 2358 5201 in
2378 5146 2626 5202 futurum
2652 5140 2939 5212 providere
2959 5147 3121 5208 teque
3136 5135 3461 5192 conﬁrmare
3483 5133 3664 5188 omni-

2089 5261 2161 5301 no
2187 5243 2487 5314 sapienter,
2522 5248 2583 5294 ut
2611 5238 2772 5293 docet
2823 5233 3090 5289 Dominus
3128 5230 3290 5286 Jesns
3331 5246 3346 5283 :
3385 5247 3405 5281 ι
3439 5226 3673 5282 Sioﬂ‘ers

2062 5349 2294 5393 ~munus
2320 5345 2472 5390 tuum
2498 5332 2566 5387 ad
2597 5329 2770 5384 altare
2800 5335 2857 5384 et
2876 5326 2951 5382 ibi
2975 5322 3297 5381 recordatus
3325 5319 3494 5375 fueris
3521 5318 3665 5388 quod

2083 5433 2254 5488 frater
2278 5438 2406 5485 tuus
2439 5426 2607 5482 habet
2628 5421 2833 5492 aliquid
2856 5418 3148 5474 adversum
3204 5422 3279 5480 te,
3312 5412 3560 5481 relinque
3591 5410 3664 5464 ibi

2082 5537 2285 5580 munus
2313 5532 2465 5576 tuum
2496 5525 2621 5574 ante
2645 5515 2913 5578 altare,et
2939 5509 3098 5575 vade,
3121 5506 3274 5579 prius
3314 5502 3679 5560 reconciliare

2084 5616 2239 5675 fratri
2269 5625 2383 5683 tuo,
2403 5624 2457 5670 et
2480 5621 2615 5667 tunc
2640 5609 2865 5665 veniens
2914 5604 3052 5662 oll‘er
3096 5617 3301 5658 munus
3331 5608 3486 5654 tuum
3515 5598 3584 5652 ⁸⁸.
3643 5614 3663 5647 ι

2085 5710 2152 5767 Et
2185 5708 2466 5781 apostolus
2514 5701 2714 5759 Paulus
2747 5716 2762 5755 :
2790 5718 2810 5753 ι
2844 5697 3038 5755 Omnis
3068 5691 3378 5748 amaritudo
3408 5695 3465 5745 et
3506 5688 3589 5742 ira
3617 5693 3675 5738 ct

3401 5805 3448 5839 ⁸⁵
3477 5799 3681 5862 Matth.
