4058 6456
299 371 408 434 7'17

1515 362 1809 427 OPUSCU
1822 362 1907 423 LA
1953 361 2332 426 ASCETIC.~\.

3442 367 3546 429 778

298 500 428 552 Ἔτι
472 495 607 564 περὶ
646 495 992 564 μετανοίας.
1044 495 1253 561 φόϐου,
1295 492 1551 563 ἀγάπης,
1590 493 1868 558 πένθους,

1973 472 2214 546 Sequitur
2242 476 2304 530 de
2328 478 2657 560 paenitentia,
2687 477 2893 560 timore,
2924 478 3204 559 cliarilqte,
3237 477 3440 544 dolore,
3468 480 3546 532 la-

634 565 930 633 δακρύων,
968 565 1067 618 καὶ
1096 566 1530 634 αὐτομεμψίας.

251 653 270 670 ⁸
365 664 475 712 πα’.
519 676 538 710 ι
568 655 842 710 Μετάνοιά
876 656 1012 722 ἐστι,
1047 654 1107 708 τὸ
1152 655 1368 708 πλοῖον·
1424 656 1454 708 6
1491 653 1673 723 φόϐος,
1705 654 1733 705 6
1777 669 1874 704 κυ-

292 747 752 821 ϐερνήτηςαύτοῦ
778 765 792 780 ο
823 749 856 819 ὴ
893 748 1105 818 ἀγάπη,
1132 748 1160 800 6
1201 747 1368 818 λιμὴν
1422 747 1450 800 6
1488 747 1686 811 θεῖκός.
1721 745 1872 799 Καθο

297 844 402 908 ίζει
441 839 534 897 οῦν
559 844 708 911 ἡμᾶς
737 842 766 895 6
813 839 984 910 φόϐος
1011 843 1069 894 ἐν
1100 839 1177 911 τῷ
1205 839 1373 911 πλοίῳ
1414 839 1514 910 τῆς
1563 838 1871 907 μετανοίας,

296 937 390 992 καὶ
437 934 744 997 διαϐιϐάζει
787 932 933 1003 ἡμᾶς
1001 933 1098 1002 τὴν
1144 932 1422 986 θάλασσαν
1463 930 1556 983 τοῦ
1593 929 1709 999 βίου
1774 929 1872 999 τὴν

297 1027 562 1098 ὸζομένην
581 1043 594 1056 ·
629 1025 881 1096 καὶπρὸς
905 1025 995 1078 τὸν
1028 1024 1224 1094 λιμένα
1250 1023 1340 1076 τὸν
1379 1023 1540 1088 θεῖον,
1571 1023 1628 1084 ὃς
1659 1023 1806 1074 ἐστιν
1836 1023 1868 1092 ἡ

296 1120 509 1188 ἀγάπη,
563 1117 748 1187 όδηγεῖ
801 1116 967 1187 ἡμᾶς,
1020 1119 1098 1180 είς
1128 1116 1186 1169 ὃν
1217 1115 1422 1186 περῶσι
1454 1115 1652 1178 πάντες
1681 1116 1728 1167 οἱ
1780 1131 1873 1167 κο·

297 1213 527 1273 πιῶντες
587 1210 682 1262 καὶ
708 1208 1130 1279 πεφορτισμένοι
1154 1209 1209 1261 ἐν
1247 1211 1314 1280 τῇ
1341 1208 1598 1279 μετανοίᾳ
1621 1223 1634 1236 ·
1671 1208 1763 1260 καὶ
1783 1207 1871 1259 ὅτε

298 1303 576 1372 φθάσομεν
603 1301 698 1370 τὴν
728 1300 970 1368 ἀγάπην,
1000 1299 1314 1368 ἐφθάσαμεν
1343 1300 1422 1362 εἰς
1452 1298 1541 1352 τὸν
1567 1298 1700 1352 Θεόν
1719 1315 1733 1330 ο
1778 1299 1873 1352 καὶ

296 1395 330 1464 ἠ
384 1393 501 1456 ὁδὸς
557 1390 712 1462 ἡμῶν
771 1389 1082 1459 ἐτελειώθη,
1133 1389 1228 1442 καὶ
1286 1387 1544 1458 διέϐημεν
1584 1388 1720 1458 πρὸς
1772 1387 1872 1458 τὴν

299 1485 458 1554 νῆσον
484 1482 583 1552 τὴν
611 1482 818 1534 ἐκεῖθεν
848 1480 942 1534 τοῦ
975 1481 1182 1550 κόσμου
1210 1478 1394 1545 οὖσαν,
1423 1481 1556 1534 ὅπου
1593 1483 1620 1534 6
1658 1480 1866 1554 Πατὴρ,

295 1578 390 1630 καὶ⁹
417 1579 444 1629 6
470 1576 618 1638 Υίὸς,
646 1573 828 1627 καὶτὸ
863 1572 1085 1640 Πνεῦμα
1111 1571 1171 1624 τὸ
1207 1571 1382 1638 ἅγιον.
1423 1591 1441 1623 ι
1479 1574 1612 1644 Περὶ
1646 1572 1702 1626 δὲ
1741 1573 1867 1626 πέν-

295 1667 418 1730 θους
441 1665 534 1718 τοῦ
553 1665 692 1717 κατά
711 1663 862 1729 Θεὸν,
885 1661 1026 1715 οὓτω
1049 1663 1210 1732 φησὶν
1232 1664 1260 1713 6
1284 1664 1473 1733 Σωτήρ
1492 1678 1505 1692 ·
1543 1682 1560 1714 ι
1596 1665 1872 1733 Μακάριοι

294 1759 344 1811 oi.
387 1754 731 1818 πενθοῦντες,
779 1755 860 1807 ὅτι
898 1755 1047 1807 οὗτοι
1093 1754 1625 1826 παρακληθήσονται.
1686 1773 1702 1806 ι
1751 1756 1868 1809 Ἔτι

294 1850 423 1920 περὶ
455 1816 726 1916 δακρύων,
770 1847 798 1899 6
833 1844 995 1910 αὐτὸς
1035 1816 1234 1916 γράφει
1261 1816 1416 1911 ὅσιος·
1459 1848 1644 1902 Ἰσαάκ
1673 1862 1688 1877 ⁸
1732 1867 1750 1900 ι
1788 1846 1869 1900 Τά
1904 1816 1943 1867 Β

295 1939 506 2010 δάκρυα
541 1937 608 1991 τὰ
649 1940 707 1991 ἐν
739 1939 803 2008 τῇ
839 1938 1248 2009 εὐχῇδσημεῖόν
1282 1940 1396 1992 ἐστι
1437 1938 1531 1992 τοῦ
1561 1940 1744 2005 ἐλέους
1772 1941 1868 1995 τοῦ

295 2030 452 2094 Θεοῦ,
487 2022 659 2100 οὗπερ
681 2029 884 2100 ἠξιώθη
921 2031 954 2100 ἠ
999 2029 1144 2100 ψυχὴ
1165 2033 1222 2084 ὲν
1247 2035 1312 2102 τῇ
1348 2032 1549 2103 ἑαυτῆς
1573 2033 1831 2106 μετανοίᾳ
1850 2051 1865 2066 ·

299 2121 392 2175 καὶ
419 2121 501 2174 ὅτι
533 2121 886 2192 προσεδέχθη,
919 2121 1013 2174 καὶ
1043 2120 1245 2193 ἤρξατο
1276 2122 1616 2195 είσέρχεσθαι
1647 2127 1726 2189 είς
1769 2127 1868 2198 τὴν

300 2212 520 2267 πεδιάδα
544 2213 640 2283 τῆς
666 2212 1034 2284 καθαρότητος
1057 2215 1115 2267 ἐν
1139 2217 1251 2278 τοῖς
1282 2215 1562 2286 δάκρυσιν.
1609 2218 1733 2272 Ἐάν
1758 2220 1869 2291 γὰρ

303 2304 376 2376 μὴ
405 2303 641 2374 ἀρθῶσιν
667 2305 716 2357 οἱ
753 2304 1003 2375 λογισμοὶ
1040 2304 1147 2358 τῶν
1171 2307 1619 2378 παρερχομένων,
1659 2311 1754 2363 καὶ
1785 2311 1867 2379 ῥί-

295 2395 470 2466 ψωσιν
496 2395 553 2461 ἐξ
602 2395 809 2450 ἑαυτῶν
844 2396 945 2466 τὴν
982 2396 1172 2450 ἐλπίδα
1233 2396 1327 2450 τοῦ
1371 2399 1599 2469 κόσμου,
1639 2401 1734 2454 καὶ
1777 2419 1866 2454 κι-

296 2486 429 2556 νηθῇ
461 2483 523 2549 ἐξ
552 2485 729 2538 αὐτῶν
757 2487 789 2556 ή
813 2487 1217 2558 καταφρόνησις
1246 2488 1410 2543 αὑτοῦ
1434 2528 1450 2554 ,
1478 2491 1572 2543 καὶ
1591 2490 1863 2561 ἄρξωνται

300 2583 481 2652 ἀγαθά
506 2583 692 2651 ἐφόδια
721 2582 818 2652 τῆς
847 2581 1027 2647 ἐξόδου
1062 2579 1244 2635 αὐτῶν
1277 2578 1742 2650 παρασκευάζειν,
1772 2580 1868 2632 καὶ

301 2677 572 2748 ἄρξωνται
607 2678 664 2729 ἐν
686 2679 750 2746 τῇ
773 2675 918 2746 ψυχῇ
939 2674 1188 2744 λογισμοὶ
1216 2674 1478 2727 κινεῖσθαί
1505 2689 1667 2726 τινων
1703 2672 1872 2724 ὄντων

301 2769 501 2832 ἐκεῖσε,
530 2767 588 2822 οὐ
611 2766 859 2820 δύνανται
884 2768 934 2819 οἱ
963 2763 1234 2834 ὀφθαλμοὶ
1256 2762 1532 2834 δακρύειν.
1559 2761 1641 2815 Τά
1660 2761 1872 2831 δάκρυα

301 2861 430 2932 γὰρ,
461 2861 526 2915 ἐκ
569 2861 667 2929 τῆς
705 2857 1037 2931 ἀκραιφνοῦς
1083 2855 1417 2926 ἀδολεσχίας,
1445 2856 1539 2909 καὶ
1565 2851 1870 2924 ἀμετεωρί-

304 2971 452 3018 στου,
492 2952 603 3006 τῶν
647 2949 922 3020 λογισμῶν
952 2967 1012 3001 τε
1039 2947 1149 3002 τῶν
1194 2946 1424 3012 πολλῶν,
1466 2945 1561 3003 καὶ
1608 2943 1869 3014 συνεχῶν,

303 3045 398 3098 καὶ
419 3043 653 3107 ἀκλινῶς
680 3042 1000 3112 γινομένων,
1027 3041 1120 3094 καὶ
1145 3041 1212 3093 ἐκ
1250 3039 1472 3109 μνήμης
1497 3037 1642 3100 τινὸς
1672 3033 1870 3090 λεπτοῦ

2327 549 2518 615 crymis
2565 557 2612 600 et
2663 549 2874 614 proprio
2905 546 3178 618 vitupert'o.

2045 655 2135 710 81.
2171 655 2499 712 Ρωηίιοηιίιι
2531 667 2612 713 est
2645 659 2920 728 navigium
2955 677 2968 725 ;
3025 661 3208 727 timor,
3264 670 3546 731 guberna-

1975 754 2114 814 tor;
2157 749 2414 816 Charitas,
2472 759 2663 819 portus
2699 750 2937 805 divinus.
2988 750 3173 806 Timor
3223 753 3388 823 igitur
3446 768 3546 808 nos

1974 838 2165 892 statuit
2189 838 2243 892 in
2266 839 2595 909 paenitentiae
2623 840 2856 910 navigio,
2882 853 2936 897 et
2983 858 3081 897 nos
3107 845 3426 898 transmittit
3451 860 3546 914 per

1977 929 2137 997 hujus
2165 931 2287 986 vita:
2337 947 2487 988 mare
2543 933 2831 998 fmtidum;
2866 942 2920 989 et
2969 935 3032 988 ad
3059 935 3301 989 divinum
3331 945 3546 1004 partum

1974 1021 2063 1089 qui
2094 1030 2178 1077 est
2206 1022 2466 1090 charitas,
2502 1037 2600 1078 nos
2619 1023 2841 1078 ducitin
2898 1040 3059 1094 quem
3103 1028 3329 1081 veniunt
3387 1035 3548 1096 quot-

1973 1123 2104 1181 quot
2132 1114 2446 1184 paenitentia
2480 1115 2728 1170 laborant
2764 1131 2827 1170 ac
2869 1118 3158 1171 sustinent.
3218 1119 3283 1172 Et
3331 1121 3550 1188 quando

1975 1206 2040 1260 ad
2068 1206 2388 1260 charitalcm
2425 1207 2766 1272 festinamus,
2803 1209 2870 1262 ad
2899 1207 3062 1261 Deum
3124 1209 3501 1265 l'esﬁnavimus
3533 1229 3549 1274 ;

1972 1306 2027 1350 ut
2091 1297 2180 1352 via
2249 1308 2436 1352 nostra
2503 1308 2720 1368 peracta
2787 1307 2892 1363 est,
2957 1308 3011 1354 et
3068 1303 3423 1358 transivimus
3481 1303 3548 1358 ad

1974 1391 2207 1444 insulam
2232 1405 2354 1459 quae
2383 1391 2523 1444 ultra
2567 1391 2713 1445 hunc
2744 1391 3011 1447 mundum
3043 1402 3147 1460 est,
3184 1394 3273 1448 ubi
3300 1393 3460 1450 Pater
3492 1408 3550 1450 et

1981 1481 2152 1538 Filius
2183 1493 2237 1538 et
2268 1482 2504 1553 Spiritus
2539 1493 2762 1540 sanctus
2799 1494 2903 1540 est.
2943 1504 2963 1536 ‹
2990 1485 3064 1540 De
3118 1487 3306 1541 dolore
3359 1503 3554 1542 secun-

1973 1575 2101 1629 dum
2136 1573 2306 1628 Deum
2339 1573 2411 1628 ita
2447 1575 2689 1644 loquitur
2719 1574 2970 1631 Salvator
3003 1595 3017 1633 :
3059 1597 3078 1630 ι
3106 1576 3251 1632 Beati
3309 1579 3405 1649 qui
3469 1581 3555 1636 lu-

1971 1675 2121 1735 gent,
2149 1666 2409 1734 quoniam
2433 1666 2534 1736 ipsi
2558 1655 3010 1724 consolabuntur.
3047 1689 3065 1722 »
3106 1672 3304 1726 Adhuc
3371 1673 3440 1727 de
3476 1673 3553 1726 la-

1971 1759 2172 1829 crymis
2196 1759 2301 1814 hoc
2362 1759 2552 1813 scribit
2610 1759 2734 1828 pius
2803 1763 3003 1820 Isaac:
3067 1765 3396 1836 «Lacrymaa
3457 1784 3554 1836 ρει·

1975 1851 2240 1907 orandum
2276 1853 2492 1922 signum
2525 1861 2656 1906 sunt
2685 1853 3084 1910 misericordiae
3144 1855 3262 1918 Dei,
3323 1874 3430 1926 qua
3469 1860 3554 1912 di-

1974 1960 2078 2015 gna
2127 1943 2309 1999 habita
2356 1952 2440 1999 est
2490 1946 2762 2013 paenitens
2815 1947 3289 2004 anima.'lndicant
3336 1968 3554 2022 quoque

1975 2053 2095 2092 eam
2135 2045 2416 2107 acceptam
2449 2052 2568 2093 esse
2596 2047 2648 2092 et
2671 2038 2787 2106 jam
2816 2039 3022 2094 intrare
3052 2043 3110 2094 ‘m
3149 2043 3405 2112 puritatis
3440 2046 3552 2114 pla-

1974 2128 2164 2186 nitiem
2203 2145 2296 2200 per
2321 2129 2589 2200 lacrymas
2623 2131 2884 2202 incipere.
2914 2132 3032 2188 Nisi
3057 2135 3203 2189 enim
3234 2136 3553 2205 rejiciantur

1972 2223 2244 2279 ﬂuxorum
2274 2224 2634 2292 cogitationes
2671 2234 2723 2280 et
2756 2241 2786 2280 a
2807 2228 3004 2296 seipsis
3039 2230 3369 2284 mundanam
3398 2247 3548 2300 spent

1978 2317 2297 2381 extrahant,
2323 2326 2695 2373 eLmoveatur
2719 2334 2784 2374 ex
2808 2321 2942 2388 ipsis
2962 2321 3146 2375 mundi
3172 2332 3546 2392 contemptus.

1977 2419 2031 2465 et
2063 2410 2328 2479 incipiant
2359 2409 2500 2464 bona
2561 2410 2755 2465 viatica
2787 2411 2966 2466 exitus
3001 2413 3066 2466 de
3101 2415 3304 2468 mundo
3338 2430 3550 2485 parare,

1973 2511 2027 2556 et
2064 2501 2118 2556 in
2149 2503 2330 2556 animo
2363 2503 2568 2558 moveri
2601 2504 2866 2574 incipiant
2894 2507 3285 2560 nonnullorum
3325 2523 3444 2578 qua:
3476 2510 3548 2563 ibi

1974 2593 2028 2647 in
2063 2593 2203 2649 cmlo
2234 2604 2385 2678 sunt,
2429 2595 2575 2649 oculi
2616 2597 2918 2666 lacrymarc
2941 2607 3239 2666 nequeunt.
3271 2599 3555 2672 Lacrymm

1973 2682 2118 2737 enim
2173 2698 2238 2739 ex
2294 2684 2510 2739 sincera
2563 2688 2979 2742 conversatione
3031 2699 3087 2744 et
3140 2693 3432 2757 constanti,
3487 2708 3553 2747 ex

1976 2775 2162 2830 multis
2201 2777 2592 2848 continuisqne
2623 2778 3077 2849 cogitationibus,
3105 2789 3160 2838 et
3215 2791 3360 2839 [ccta
3391 2785 3556 2839 adve-

1973 2865 2258 2922 nientibus
2286 2876 2341 2922 et
2371 2883 2435 2924 ex
2463 2870 2727 2925 memoria
2761 2872 2974 2941 exigua:
3015 2876 3092 2929 rei
3130 2875 3182 2928 in
3216 2879 3552 2948 cogitatione

1972 2957 2274 3015 ell‘ormatae
2311 2971 2366 3015 et
2399 2976 2494 3016 cor
2525 2977 2592 3016 ex
2625 2963 2730 3018 hac
2765 2965 3029 3020 memoria
3065 2968 3362 3038 tristantis,
3389 2989 3454 3027 ex
3484 2973 3554 3030 iis

1972 3049 2230 3123 lacrymae
2254 3054 2711 3124 multiplicantur,
2740 3066 2792 3110 et
2830 3058 3002 3127 magis
3024 3075 3086 3114 ac
3120 3061 3292 3130 magis
3350 3079 3556 3136 augt-n-

299 3137 586 3206 γινομένου
644 3136 701 3187 ἐν
733 3137 799 3206 τῇ
838 3133 1062 3204 διανοίᾳ,
1111 3133 1206 3187 καὶ
1241 3130 1536 3194 λυποῦντος
1584 3129 1683 3201 τὴν
1737 3143 1871 3198 καρ-

1976 3150 2083 3196 tur.
2110 3143 2180 3200 Et
2207 3146 2503 3202 Climacius
2535 3162 2549 3198 :
2581 3147 3083 3214 (Quemadmodum
3105 3129 3248 3222 ignis
3278 3129 3556 3215 calamum

300 3228 420 3282 δίαν
449 3231 512 3282 ἐκ
536 3229 634 3296 τῆς
661 3225 880 3296 μνήμης
915 3223 1100 3286 αὐτοῦ,
1132 3221 1227 3276 καὶ
1248 3225 1310 3276 ἐκ
1334 3220 1536 3275 τούτων
1566 3220 1635 3273 τὰ
1661 3217 1872 3288 δάκρυα

303 3317 684 3388 πληθύνονται,
716 3317 808 3372 καὶ
841 3316 1096 3369 ἐπιπλέην
1128 3313 1466 3380 αὐξάνονται.
1513 3329 1532 3362 ι
1567 3311 1676 3364 Καὶ
1703 3309 1732 3363 6
1771 3309 1872 3379 τῆς

304 3409 620 3481 Κλίμακος·
669 3427 689 3462 ι
729 3409 939 3480 Ὠσπερ
977 3408 1039 3462 τὸ
1073 3407 1185 3477 πῦρ
1208 3403 1553 3476 ἀναιρετικὸν
1597 3403 1869 3473 καλάμης,

301 3503 443 3558 οὕτω
469 3503 529 3557 τὸ
550 3503 782 3574 δάκρυον
802 3501 869 3556 τὰ
893 3502 1076 3569 ἁγνὸν,
1101 3501 1298 3564 παντὸς
1322 3500 1493 3572 ῥύπου
1524 3496 1871 3566 φαινομένου,

303 3597 397 3649 καὶ
425 3595 737 3664 νοουμένου.
765 3613 783 3646 ι
815 3595 965 3648 Ἔτι⁹
993 3613 1011 3644 ι
1039 3593 1119 3646 Τά
1139 3593 1238 3662 τῆς
1258 3592 1535 3663 ἡμετέρας
1562 3586 1872 3648 ἀναλύσεως

303 3685 521 3758 καθαρά
545 3686 638 3739 καὶ
663 3685 844 3749 ἄδολα,
876 3685 1087 3748 ἑαυτοῖς
1119 3680 1607 3755 περιποιησὼμεθα
1633 3680 1867 3751 δάκρυον

302 3781 361 3832 οὐ
386 3780 494 3850 γάρ
516 3779 742 3834 ἐστινέν
771 3778 954 3842 αὐτοῖς
980 3775 1174 3848 κλοπὴ,
1206 3775 1239 3846 ἢ
1270 3774 1446 3846 οἴησις
1467 3790 1481 3805 ⁸
1522 3774 1784 3843 κάθαρσις
1814 3770 1872 3824 δέ

306 3873 525 3944 μᾶλλον,
578 3874 672 3927 καὶ
722 3872 948 3942 ἀγάπης
995 3871 1092 3942 τῆς
1141 3872 1220 3934 είς
1269 3869 1402 3923 Θεὸν
1454 3867 1726 3938 προκοπὴ,
1779 3866 1873 3920 καὶ

302 3967 574 4038 ἁμαρτίας
616 3966 895 4030 έκπλυσις,
931 3965 1025 4019 καὶ
1059 3963 1350 4018 ἀπάθεια.»
1382 3961 1538 4014 Ἔτιο
1588 3978 1608 4012 ι
1647 3959 1738 4030 Μὴ
1784 3958 1872 4011 πί-

304 4077 459 4114 στευε
499 4062 618 4123 σαῖς
647 4061 874 4128 πηγαῖς,
912 4057 1018 4128 πρὸ
1042 4055 1258 4118 τελείας
1284 4053 1634 4123 καθάρσεως·
1671 4052 1730 4110 οὐ
1762 4051 1871 4120 γὰρ

302 4150 413 4220 ἔχει
445 4153 627 4205 πίστιν
671 4146 812 4210 οἶνος
855 4148 1057 4212 εὐθέως
1090 4148 1154 4201 ἐκ
1191 4145 1301 4200 τῶν
1338 4144 1513 4212 ληνῶν
1560 4142 1873 4210 ἐγκλειόμε-

302 4263 410 4308 νος.
455 4264 473 4296 ι
517 4245 673 4299 Ἔτι·
717 4263 736 4296 ι
782 4243 862 4296 Τὰ
908 4242 1006 4312 μὲν
1053 4243 1118 4295 ἐκ
1163 4239 1326 4310 φόϐου
1367 4239 1598 4306 δάκρυα,
1634 4235 1773 4290 αὒτά
1812 4235 1872 4288 ἐν

301 4338 514 4400 ἑαυτοῖς
535 4337 634 4408 τὴν
672 4335 919 4405 φυλακὴν
957 4334 1283 4404 κέκτηνται·
1320 4330 1391 4384 τὰ
1415 4329 1471 4383 δέ
1501 4328 1599 4399 τῆς
1628 4327 1868 4398 ἀγάπης,

302 4431 408 4500 πρὸ
435 4431 535 4500 τῆς
567 4429 778 4492 τελείας
805 4429 1044 4498 ἀγάπης,
1080 4425 1207 4488 ἴσως
1227 4423 1494 4494 εὺσύλητα
1516 4420 1573 4474 έν
1601 4417 1708 4474 τισι
1735 4417 1872 4472 καθ-

1975 3243 2274 3302 consumit.
2294 3242 2368 3297 ita
2387 3241 2643 3313 lacrymae
2666 3258 2788 3312 quae
2811 3245 3027 3300 munda:
3049 3255 3197 3314 sunt,
3216 3263 3411 3306 omnes
3439 3268 3560 3307 sor-

1973 3339 2074 3394 des
2113 3344 2441 3408 apparentes
2474 3345 2531 3390 et
2561 3337 2852 3406 cogitatas.
2885 3357 2902 3389 »
2932 3337 2994 3392 Et
3027 3341 3208 3395 adhuc
3241 3357 3255 3395 :
3294 3359 3313 3392 ι
3347 3343 3558 3399 Nosti-zu

1975 3429 2351 3486 dissolutionis
2367 3415 2531 3499 puras
2550 3444 2613 3484 ac
2626 3430 2877 3486 sinceras
2891 3431 3164 3502 lacrymas
3181 3435 3556 3503 acquiramus.

1971 3518 2029 3574 lu
2062 3521 2131 3575 iis
2157 3521 2301 3575 enim
2336 3534 2445 3574 non
2476 3529 2561 3575 est
2601 3529 2696 3574 aut
2727 3520 3011 3590 subreptio
3047 3534 3142 3577 aut
3190 3525 3414 3594 Opinio;
3446 3527 3558 3581 imo

1971 3625 2102 3666 vero
2128 3608 2438 3673 mundatio,
2470 3618 2525 3664 et
2567 3610 2768 3665 divinae
2815 3613 3105 3670 charitatis
3157 3617 3464 3686 profectus,
3503 3629 3558 3673 ct

1958 3703 2178 3774 peccati
2207 3703 2435 3768 ablutio,
2452 3711 2508 3758 et
2521 3703 2750 3760 affectus
2763 3705 3017 3774 privatio.
3038 3726 3056 3758 ι
3071 3707 3137 3762 Et
3151 3710 3329 3764 aillmc
3355 3729 3368 3765 :
3393 3730 3412 3763 ι
3426 3711 3558 3767 Tuis

1969 3794 2224 3866 lacrymis
2257 3809 2326 3850 ne
2363 3793 2625 3857 conﬁdas,
2661 3795 2984 3864 priusquam
3021 3799 3246 3854 oumino
3293 3813 3555 3869 purgatus

1968 3885 2047 3941 sis
2080 3903 2096 3951 ;
2136 3900 2246 3940 non
2272 3884 2418 3940 enim
2459 3885 2625 3939 lidere
2651 3886 2917 3941 debemus
2969 3887 3100 3942 vino
3151 3892 3294 3958 quod
3326 3893 3486 3945 modo
3525 3908 3556 3948 e

1974 3976 2231 4030 torculari
2248 3976 2301 4029 in
2321 3975 2482 4030 doliis
2500 3975 2850 4031 includitur.»
2874 3976 2940 4030 Et
2962 3979 3173 4035 adhuc:
3206 4001 3222 4032 ι
3247 3982 3379 4046 Qua:
3399 4000 3464 4038 ex
3484 3994 3555 4037 ll-

1973 4083 2126 4123 more
2146 4069 2452 4139 procedunt
2469 4068 2745 4138 lacrymze,
2766 4070 2872 4125 sibi
2889 4070 3024 4139 ipsis
3038 4074 3346 4128 custodiam
3362 4079 3557 4146 acqui-

1970 4164 2257 4225 siverunt;
2289 4176 2413 4230 quae
2443 4169 2628 4215 autem
2654 4178 2720 4216 ex
2760 4163 3026 4218 charitate
3055 4175 3203 4229 sunt,
3259 4179 3551 4234 antequam

1968 4253 2209 4324 perfecta
2243 4256 2315 4310 sit
2368 4254 2634 4320 Charitas,
2693 4254 3056 4324 spoliantihus
3120 4256 3172 4311 in
3221 4259 3551 4328 quibusdam

1972 4345 2242 4416 expositae
2279 4353 2432 4411 sunt,
2463 4345 2572 4401 nisi
2602 4344 2743 4400 forte
2786 4345 2928 4414 ignis
2962 4362 3180 4416 semper
3231 4364 3552 4405 memoran-

1967 4440 2092 4502 dus,
2129 4453 2247 4492 suzc
2281 4437 2504 4492 virtutis
2537 4445 2804 4504 tempore,
2838 4437 3068 4492 omnino
3091 4453 3187 4492 cor
3217 4442 3550 4498 accenderit.

299 4499 613 4592 εστήκασιν,
662 4522 710 4574 εί
774 4522 1022 4590 μήπουγε
1067 4518 1129 4570 τὸ
1179 4516 1510 4585 ἀείμνηστον
1557 4512 1669 4582 πῦρ
1703 4513 1760 4564 ἐν
1794 4509 1871 4580 τῷ

1973 4529 2035 4581 Et
2073 4499 2294 4590 mirum,
2323 4528 2625 4597 quomodo,
2651 4499 2800 4596 uuod
2832 4528 3098 4583 humilius
3127 4539 3233 4593 est,
3269 4529 3322 4582 in
3386 4531 3553 4600 hujus

300 4615 475 4686 καιρῷ
495 4615 592 4684 τῆς
625 4612 926 4684 ἐνεργείας,
947 4613 1087 4666 πάνυ
1119 4609 1217 4681 τὴν
1245 4608 1470 4677 καρδίαν
1495 4606 1736 4676 ἐξάψειε.
1761 4605 1871 4658 Καὶ

1974 4621 2116 4690 ignis
2137 4601 2417 4688 tempore,
2447 4620 2679 4673 solidius
2708 4634 2926 4686 quoque
2975 4628 3078 4674 est.
3109 4638 3128 4670 ι
3191 4619 3257 4674 Ει
3323 4622 3506 4676 adhuc
3534 4641 3550 4676 :

300 4707 632 4788 θαυμαστὸν,
657 4706 773 4769 πῶς
797 4706 857 4758 τὸ
882 4703 1268 4772 ταπεινότερον
1296 4700 1702 4770 ἀσφαλέστερόν
1723 4701 1870 4751 ἐστιν

1973 4712 2278 4781 ιιαςτγιιιαε
2301 4712 2483 4766 exitus
2500 4720 2808 4782 genuerunt
2826 4713 3076 4767 timorem
3100 4731 3114 4779 ;
3149 4723 3436 4784 postquam
3456 4731 3555 4769 au-

299 4799 356 4851 ἐν
379 4796 552 4866 καιρῷ
579 4794 766 4848 αὑτοῦ.
805 4813 824 4846 ι
859 4795 979 4846 Ἔτι
999 4810 1014 4825 ο
1061 4812 1080 4844 ι
1112 4792 1358 4861 Δάκρυον
1399 4790 1601 4855 ἐξόδου,
1634 4789 1868 4842 ἀπέτεκε

301 4887 495 4956 φόϐονο
521 4886 686 4956 φόϐου
716 4884 774 4938 δὲ
800 4885 1050 4948 τεκόντος
1097 4881 1352 4952 ἀφοϐίαν,
1397 4881 1643 4952 ἐπεφάνη
1689 4880 1865 4951 χαρά·

300 4979 472 5049 χαρᾶς
502 4979 558 5032 δὲ
585 4977 964 5047 ἀκαταλήκτου
988 4973 1227 5046 ληξάσης
1254 4976 1352 5044 τῆς
1377 4973 1533 5036 ὁσίας
1564 4973 1786 5043 ἀγάπης
1809 4969 1892 5033 τὸ,

300 5069 457 5134 ἀνθος
486 5069 748 5124 ἀνέτειλε.
797 5087 815 5120 ι
855 5066 988 5136 Περὶ
1022 5067 1203 5136 μέντοι
1227 5065 1626 5135 αύτομεμψίας,
1653 5065 1817 5134 φησὶν
1842 5063 1872 5116 6

305 5163 476 5232 μέγας
511 5160 830 5221 Ἀντὼνιοςο
879 5177 898 5210 ι
949 5157 1097 5227 Αὕτη
1149 5158 1297 5211 ἐστὶν
1328 5158 1361 5228 ἡ
1393 5157 1600 5228 μεγάλη
1642 5154 1872 5227 ἐργασία

299 5249 394 5303 τοῦ
423 5248 731 5321 ἀνθρώπου,
764 5249 853 5300 ἵνα
881 5247 941 5300 τὸ
978 5247 1203 5316 σφάλμα
1244 5247 1430 5309 αὑτοῦ,
1462 5248 1648 5301 ἐπάνω
1673 5244 1872 5300 ἑαυτοῦ

303 5341 471 5414 βάλλῃ
497 5340 727 5394 ἐνώπιον
759 5337 854 5393 τοῦ
893 5337 1049 5404 Θεοῦ,
1083 5339 1177 5392 καὶ
1203 5339 1514 5411 προδοκήσῃ
1546 5337 1870 5409 πειρασμὸν,

300 5435 404 5495 ἐως
427 5431 660 5501 ἐσχάτης
677 5429 1002 5498 ἀναπνοῆς.)
1027 5429 1140 5483 Καὶ
1155 5429 1340 5500 ἕτερος
1359 5428 1547 5498 Πατὴρ
1568 5430 1718 5497 ἅγιος
1737 5430 1874 5500 ἐρω‹

299 5523 480 5592 τηθεὶς
500 5563 516 5586 ,
554 5541 574 5574 ι
601 5520 666 5574 Τί
695 5520 855 5574 πλέον
877 5513 1056 5592 εὗρες,
1080 5521 1281 5591 Πάτερ,
1303 5522 1359 5574 ἐν
1378 5523 1442 5590 τῇ
1472 5519 1576 5590 ὁδῷ
1594 5521 1764 5592 ταύτῃ
1791 5538 1806 5587 ;
1846 5539 1865 5572 ι

300 5613 618 5686 ἀποκριθεὶς
645 5607 820 5675 εἶπεν,
847 5612 928 5674 τὸ,
971 5613 1029 5664 ἐν
1076 5613 1240 5665 παντὶ⁹
1288 5613 1480 5666 ἑαυτὸν
1527 5613 1870 5682 μέμφεσθαι·

303 5707 438 5776 ὅπερ
477 5706 572 5760 καὶ
615 5706 643 5758 6
698 5706 982 5776 ἐρωτήσας
1011 5704 1274 5775 ἐπῄνεσεο
1332 5707 1427 5758 καὶ
1486 5705 1636 5773 λέγει
1687 5707 1869 5776 αὐτῷ.

309 5819 328 5850 Ι
370 5799 537 5871 Ἄλλη
561 5798 678 5862 ὁδὸς
708 5797 808 5851 οὐκ
842 5796 957 5850 ἔστι
997 5796 1135 5864 πλὴν
1163 5796 1386 5861 ταύτης.
1425 5817 1442 5850 ι
1490 5799 1598 5851 Καὶ
1625 5800 1652 5852 6
1701 5799 1872 5863 ἀϐϐἄς

594 5917 865 5975 l’A'rnOL.
899 5919 942 5973 (ἶ
958 5936 1009 5973 u.
1056 5917 1345 5980 CXLVII.

1975 4816 2082 4858 tem
2121 4805 2287 4859 timor
2321 4804 2574 4874 genuerit
2615 4807 2994 4868 securitatem,
3022 4807 3272 4874 apparuit
3309 4808 3547 4862 laetitia.»

1975 4895 2046 4950 De
2075 4895 2164 4950 sui
2217 4905 2400 4948 autem
2469 4893 2742 4962 vituperio
2763 4893 2895 4948 dicit
2947 4909 3179 4966 magnus
3231 4896 3551 4951 Antonius:

1986 4985 2108 5039 (Ea
2159 4991 2246 5040 est
2300 5001 2496 5056 magna
2535 4983 2778 5038 hominis
2837 4986 3112 5053 operatio,
3166 4993 3227 5039 ut
3269 5001 3366 5040 sua
3421 4987 3554 5039 vitia

1977 5091 2144 5146 supra
2181 5089 2240 5130 se
2271 5089 2456 5130 coram
2488 5073 2598 5126 Deo
2616 5073 2804 5143 jaciat,
2828 5081 2884 5127 et
2935 5072 3294 5127 tentationem
3361 5087 3552 5142 exspe-

1979 5181 2085 5226 ctet
2109 5185 2283 5239 usque
2311 5171 2376 5222 ad
2408 5168 2664 5224 ultimum
2698 5167 2977 5236 spiritum.
3017 5183 3036 5218 ι
3078 5165 3141 5219 Ει
3166 5167 3307 5219 alius
3328 5173 3552 5220 sanctus

1977 5261 2136 5318 Pater
2169 5263 2539 5329 interrogatus
2581 5279 2593 5314 ε
2627 5259 2766 5325 Quid
2805 5258 2980 5324 inajus
3008 5259 3244 5321 invenis,
3278 5259 3461 5319 Pater,
3499 5259 3553 5311 in

1978 5356 2078 5409 hac
2113 5351 2244 5407 via?
2286 5354 2625 5422 respondens
2656 5350 2791 5403 dixit
2818 5366 2836 5408 :
2871 5369 2889 5401 ι
2917 5349 2972 5403 In
3027 5351 3282 5404 omnibus
3308 5350 3551 5420 SCianIII

1973 5450 2308 5518 vituperare.
2340 5445 2526 5512 »ρυοά
2555 5445 2648 5515 qui
2673 5443 3116 5513 interrogaverat
3174 5443 3443 5505 laudavit,
3501 5451 3557 5497 ct

1967 5542 2044 5597 illi
2077 5541 2214 5597 dixit
2252 5558 2266 5597 :
2311 5558 2329 5592 ι
2355 5539 2470 5594 Νοη
2499 5548 2584 5594 est
2607 5539 2713 5592 alia
2745 5539 2850 5604 via,
2883 5553 2944 5590 ea
2977 5545 3219 5605 excepta.
3245 5555 3264 5588 ι
3295 5536 3359 5589 Et
3383 5535 3556 5590 abbas

1967 5637 2186 5691 Pwmen
2215 5651 2228 5688 :
2252 5653 2269 5686 ι
2289 5635 2424 5689 Cum
2443 5633 2644 5703 gemitu
2661 5646 2855 5686 omnes
2875 5631 3103 5684 virtutes
3148 5630 3201 5682 in
3231 5629 3374 5683 hunc
3399 5645 3556 5681 mun-

1965 5725 2093 5782 dum
2118 5727 2379 5796 ingressa:
2405 5733 2554 5778 sunt.
2578 5720 2752 5776 Unam
2782 5723 3035 5776 virtutem
3058 5721 3295 5788 snscipc,
3334 5725 3555 5772 etextra

1966 5839 2108 5886 cant,
2142 5822 2192 5875 in
2233 5821 2419 5874 labore
2449 5821 2611 5873 homo
2637 5818 2837 5873 frustra
2908 5825 3180 5871 versatur.
3208 5834 3226 5864 ν
3267 5813 3331 5868 Et
3391 5813 3534 5869 inter

3120 5912 3203 5976 ‘25

3147 6019 3169 6044 Ι
