4058 6450
527 295 634 358 779

1389 303 1737 364 CALLISTI
1779 305 1875 365 ET
1917 307 2213 370 lGNATiI
2256 313 2946 383 XANTHOPUIORUM

3695 336 3798 399 780

524 417 857 478 rogaverunt
879 425 1004 464 cum
1035 427 1287 482 quzcnam
1323 425 1495 486 esset,
1535 425 1590 472 et
1651 419 1788 474 dixit
1822 437 1837 474 :
1874 440 1893 472 ι
1923 421 1990 477 Ut
2021 423 2119 478 ho-

2233 433 2442 502 Ποιμήν
2466 449 2479 463 ·
2526 450 2546 486 t
2578 432 2731 488 Μετὰ
2758 435 3067 507 στεναγμοῦ
3095 439 3266 494 πᾶσαι
3295 443 3352 496 al
3383 443 3575 515 ἀρεταὶ
3598 449 3676 514 εἰς
3703 451 3793 504 τὸν

527 515 616 553 mo
653 503 921 558 continuo
949 505 1192 575 seipsum
1229 507 1521 578 vituperet.
1542 528 1560 561 ι
1601 509 1663 564 Ει
1691 527 1912 568 rursum
1932 516 2071 569 dixit
2099 533 2114 572 :

530 610 549 642 ι
575 592 679 658 Qui
717 594 959 664 seipsum
994 597 1286 667 vituperat,
1318 600 1361 654 si
1399 598 1532 670 quid
1557 600 1658 672 ipsi
1723 604 1962 674 accidat,
1995 608 2113 662 sive

525 685 720 749 multa,
745 685 1124 752 siveiufamia,
1155 690 1270 747 sive
1300 692 1556 762 quaelibet
1585 694 1690 749 alia
1721 697 1964 762 amictio,
1987 715 2115 754 cum

523 797 586 836 ea
623 785 966 852 praavenerit,
1020 785 1272 856 scipsum
1311 788 1379 846 iis
1435 789 1662 862 dignum
1722 792 1961 863 judicat,
2005 810 2108 852 nec

499 869 637 926 ~ullo
671 872 1134 930 modoturbatur.
1150 893 1172 928 ι

577 1200 663 1256 De
693 1202 1012 1266 attentione,
1038 1208 1088 1255 et
1113 1200 1255 1270 quod
1283 1211 1485 1269 oportet
1512 1204 1787 1274 sapienter
1814 1206 2020 1263 ﬁrmari
2039 1249 2053 1264 .

591 1337 682 1392 8‘2.
721 1336 986 1392 Similiter
1015 1337 1081 1392 de
1105 1339 1406 1394 attentione
1433 1349 1490 1396 et
1513 1343 1946 1398 conﬁrmatione
1976 1344 2113 1398 scri-

521 1431 602 1483 hit
635 1431 794 1485 divus
826 1428 1070 1487 Paulus:
1103 1449 1122 1482 ι
1166 1430 1358 1487 Videte
1389 1435 1670 1503 quomodo
1701 1448 1859 1491 caute
1911 1436 2114 1490 ambu-

520 1525 678 1591 lutis;
715 1538 824 1578 non
872 1523 1033 1592 quasi
1081 1523 1437 1593 insipientes,
1473 1526 1568 1581 sed
1619 1529 1777 1595 quasi
1805 1528 2108 1600 sapientes,

521 1615 861 1670 redimentes
902 1625 1139 1685 tempus,
1187 1617 1450 1684 quoniam
1489 1617 1612 1673 dies
1643 1620 1773 1673 mali
1807 1630 1936 1676 sunt
1967 1621 2037 1674 “.
2083 1637 2102 1671 ι

518 1707 592 1764 Es
623 1721 848 1763 sam-tus
885 1709 1038 1763 lsaac
1080 1725 1095 1760 :
1141 1726 1160 1759 ι
1193 1706 1239 1762 0
1269 1708 1562 1779 sapientia,
1588 1725 1754 1780 quam
1786 1712 2110 1769 admiranda

2230 525 2432 595 κόσμον
2467 524 2656 580 τοῦτον
2685 526 2954 598 είσῆλθον.
3005 530 3250 602 Ἔπαρον
3276 535 3406 605 μίαν
3447 538 3664 611 ἀρετήν,
3701 545 3794 597 καὶ

2227 614 2382 678 ἐκτὸς
2411 615 2606 686 αὐτῆς,
2643 617 2796 691 κόπῳ
2817 619 3034 676 ἵσταται
3061 625 3089 677 6
3118 623 3422 697 ἄνθρωπος.
3455 648 3474 682 ι
3515 633 3622 687 Καὶ
3647 635 3793 704 ήρὼο

2225 723 2398 778 τησαν
2426 708 2608 775 αὐτὸν,
2643 727 2662 762 ι
2690 712 2824 766 Ποία
2854 714 3002 769 ἐστὶν
3029 714 3204 786 αὕτη;
3244 735 3264 772 ι
3283 719 3377 774 καὶ
3405 721 3554 792 λέγει
3573 741 3588 758 ο
3627 745 3646 779 ι
3678 728 3793 790 ’Ὶνα

2225 804 2254 855 6
2283 800 2568 874 ἄνθρωπος
2607 803 2898 870 διαπαντὸς
2931 807 3213 878 μέμφηται
3233 813 3442 868 ἐαυτόν.
3470 835 3490 869 ι
3526 815 3658 872 Εῐπε
3686 823 3790 875 πά-

2225 893 2308 946 λιν
2328 905 2342 926 ⁸
2372 912 2390 944 ι
2428 894 2486 948 '0
2511 895 2700 949 ἐαυτὸν
2727 900 3096 969 μεμφόμενος,
3115 903 3170 955 εί
3189 921 3241 956 τι
3269 903 3390 959 δ’ἂν
3417 909 3595 980 συμϐῇ
3625 913 3790 984 αὐτῷ,

2226 984 2336 1037 εἴτε
2361 984 2554 1055 ζημία,
2577 987 2688 1039 εἴτε
2711 987 2924 1058 ἀτιμία,
2957 992 3066 1043 εἴτε
3099 993 3388 1065 οίαδήποτε
3432 997 3630 1068 θλίψις,
3660 1019 3792 1072 προ-

2224 1074 2404 1130 λαεὼν
2428 1076 2540 1148 ἔχει
2564 1077 2755 1132 ἑαυτὸν
2779 1080 2948 1148 ἄξιον,
2977 1083 3352 1144 καὶ,ούδέποτε
3383 1091 3732 1161 ταράσσεται.
3763 1114 3781 1144 ι

2257 1215 2396 1284 Περὶ
2431 1215 2763 1285 προσοχῆς,
2792 1217 2890 1272 καὶ
2923 1219 3027 1274 τοῦ
3055 1221 3258 1291 σοφῶς
3297 1223 3749 1294 ἀσφαλίζὲσθαι.

2293 1323 2406 1394 πβθ.
2443 1323 2677 1395 Ὁμοίως
2732 1327 2789 1381 δὲ
2827 1330 2955 1400 περὶ
3005 1336 3278 1404 προσοχῆς
3326 1337 3421 1388 καὶ
3471 1339 3787 1408 ἀσφαλείας,

2221 1418 2421 1490 γράφει
2445 1421 2472 1473 6
2509 1419 2794 1484 θεσπέσιος
2826 1423 3064 1486 Παῦλοςο
3096 1443 3114 1475 ι
3153 1425 3385 1478 Βλέπετε
3411 1427 3528 1491 πῶς
3549 1431 3787 1502 ἀκριϐῶς

2221 1513 2605 1582 περιπατεῖτε·
2651 1513 2725 1584 μὴ
2770 1513 2847 1578 ὡς
2884 1515 3105 1585 ἄσοφοιο
3137 1515 3252 1570 ἀλλ’
3289 1518 3364 1582 ὡς
3397 1521 3570 1588 σοφοὶ,
3601 1521 3785 1592 ἐξαγοα

2224 1603 2512 1674 ραζόμενοι
2541 1604 2633 1658 τὸν
2654 1604 2865 1675 καιρὸν,
2896 1606 2978 1659 ὄτι
3015 1608 3069 1659 ai
3106 1608 3310 1679 ἡμέραι
3344 1612 3578 1681 πονηραί
3604 1613 3727 1666 είσι.
3763 1634 3780 1666 ι

2220 1693 2328 1747 Kal
2356 1696 2384 1748 6
2413 1693 2566 1764 ἅγιος
2607 1695 2825 1751 Ἰσαάκ·
2885 1715 2903 1749 ι
2956 1694 3026 1752 Ὦ
3059 1700 3241 1771 σοφία,
3289 1701 3456 1755 πόσον
3502 1703 3785 1775 θαυμαστὴ

516 1817 597 1865 es,
630 1810 686 1856 et
715 1812 826 1855 uta
868 1802 1166 1871 longinquo
1209 1801 1396 1856 omnia
1443 1802 1708 1873 praevides
1739 1805 1752 1858 l
1791 1804 1989 1864 Beatus
2017 1811 2112 1878 qui

2218 1785 2501 1857 ὑπάρχεις,
2535 1788 2629 1841 καὶ
2660 1788 2776 1850 πῶς
2803 1789 3131 1860 προὸλέπεις
3152 1791 3251 1854 τὰς
3273 1791 3449 1847 πάντα
3482 1795 3778 1868 πόρρωθενο

516 1894 722 1948 invenit
765 1904 853 1959 te;
905 1909 933 1946 a
961 1893 1278 1963 juventutis
1308 1893 1462 1949 enim
1501 1895 1808 1953 indolentia
1844 1897 2112 1958 liberatus

419 1991 431 2005 ‘
515 1996 620 2040 est.
655 1985 713 2040 Si
754 1987 905 2055 quis,
947 2001 1043 2056 per
1085 2000 1280 2056 parvas
1332 2001 1568 2056 merces,
1600 1989 1814 2045 lucrum
1874 2006 2106 2064 nempe,

516 2095 841 2150 magnorum
917 2080 1214 2136 aifectuum
1247 2081 1594 2138 sanationem
1647 2083 1917 2153 lucratur,
1975 2088 2112 2144 bene

513 2173 665 2230 facit.
698 2175 771 2228 Ea
809 2185 894 2230 est
927 2175 1074 2230 enim
1110 2175 1404 2246 sapientia.
1448 2184 1510 2231 ut
1552 2176 1758 2248 aliquis
1816 2181 1871 2235 in
1926 2184 2110 2251 parvis

511 2283 577 2324 ac
605 2267 848 2322 minimis
877 2266 994 2322 suis
1027 2268 1291 2338 operibus
1345 2283 1561 2338 semper
1606 2269 1816 2342 vigilet;
1843 2271 2109 2344 Requiem

510 2359 659 2414 enim
688 2375 940 2433 magnam
995 2359 1105 2414 sibi
1149 2361 1509 2425 thesaurizat,
1531 2377 1633 2417 nec
1653 2364 2112 2431 dormit,nei’orte

511 2451 644 2521 quid
694 2452 800 2522 ipsi
845 2453 1116 2507 contrarii
1159 2451 1404 2518 accidat,
1445 2455 1542 2510 sed
1577 2455 1708 2510 mali
1737 2471 1939 2514 causas
1978 2471 2106 2516 ante

515 2556 737 2615 tempus
779 2545 1024 2612 recidit,
1072 2555 1128 2601 et
1177 2562 1274 2616 per
1328 2546 1684 2605 brevissimas
1732 2565 1820 2607 res
1881 2567 2107 2622 parvam

512 2639 790 2694 tristitiam
829 2639 1103 2708 sustinet,
1156 2655 1256 2710 pcr
1284 2654 1404 2695 eam
1455 2640 1732 2712 dissipans
1760 2645 2019 2716 majores,
2054 2661 2109 2704 et

513 2733 834 2804 proci-dens.
869 2731 997 2790 Ideo
1024 2744 1079 2792 et
1105 2733 1242 2790 dicit
1288 2733 1522 2806 Sapiens
1547 2753 1563 2791 :
1597 2755 1615 2789 ι
1645 2736 1774 2796 Esto
1799 2740 2030 2812 vigilans
2055 2752 2109 2800 et

508 2836 754 2884 attentus
793 2842 894 2898 pro
925 2827 1038 2884 vita
1081 2837 1174 2885 tua
1203 2847 1217 2885 :
1251 2840 1523 2901 cognatus
1573 2831 1724 2887 enim
1759 2835 2106 2904 cogitationis

506 2936 742 2978 somnus
796 2931 904 2990 est,
947 2932 1004 2977 et
1051 2923 1233 2996 imago
1260 2926 1373 2982 veri
1428 2928 1774 2986 immortalis.
1810 2949 1831 2984 ι
1883 2928 2027 2986 Dicit
2053 2939 2108 2984 et

505 3015 804 3084 episcopus
879 3014 1160 3073 Basilius:
1203 3034 1222 3070 ι
1268 3017 1604 3091 Quicunque
1647 3022 1706 3077 in
1765 3023 1951 3094 parvis
2002 3038 2098 3078 ne-

498 3108 714 3179 gligens
771 3120 876 3177 est,
925 3125 994 3166 ne
1050 3111 1245 3168 credas
1300 3113 1406 3183 ipsi
1465 3129 1662 3186 magna
1692 3116 1849 3175 cordi
1881 3131 2029 3175 esse.
2077 3138 2095 3171 ι

505 3440 662 3506 Quod
697 3442 751 3525 in
768 3442 1489 3534 prmdiclis‘omnibua'serio
1519 3463 1673 3534 agere
1701 3462 1907 3534 oportet
1931 3471 1950 3519 ;
1977 3463 2101 3534 ante

577 3514 758 3567 omnia
786 3523 998 3595 autem,-
1012 3523 1067 3567 ut
1103 3518 1460 3595 tranquilli“
1488 3514 1639 3595 miles
1669 3514 1860 3595 simus,
1894 3514 2101 3595 etquod

578 3594 783 3663 oportet
815 3599 946 3663 pure
979 3587 1225 3642 invocare
1245 3586 1536 3663 Dominum
1579 3590 1760 3646 Iesum
1805 3586 2099 3663 Chrisium,

581 3655 637 3708 in
657 3655 832 3719 corde,
869 3655 917 3708 si
937 3670 1121 3723 pacem
1154 3674 1309 3729 agere
1343 3660 1674 3716 «adeamus.

575 3874 663 3929 85.
692 3872 921 3946 Propter
944 3877 1060 3933 hac
1084 3881 1290 3949 omnia,
1317 3882 1486 3948 serio,
1511 3899 1633 3956 quae
1664 3887 1923 3957 pradicta
1945 3899 2098 3957 sunt,

505 3975 638 4032 age;
677 3975 806 4020 ante
830 3967 1018 4022 omnia
1051 3978 1254 4035 autem,
1288 3984 1345 4028 ut
1369 3977 1701 4045 tranquillus
1723 3988 1777 4032 et
1802 3979 1949 4034 mitis
1972 3968 2096 4046 (ias,

506 4054 672 4108 etiam
709 4058 910 4112 munda
963 4060 1329 4130 conscientia,
1382 4064 1678 4121 Dominqu
1713 4065 1902 4124 Jesum
1941 4071 2100 4127 Chri-

505 4157 652 4200 stum
686 4149 741 4202 in
777 4150 972 4206 intimo
999 4154 1169 4210 corde
1203 4157 1422 4226 invoca,
1459 4167 1520 4213 ut
1545 4158 1811 4218 diximus.
1841 4163 1919 4218 Ita
1949 4164 2098 4221 enim

501 4241 808 4310 procedens
865 4242 1107 4299 divinam
1148 4249 1381 4317 gratiam
1413 4249 1470 4304 in
1519 4253 1704 4307 anima
1725 4254 2098 4323 quiescentem

503 4329 775 4396 possides.
801 4329 946 4387 Dicit
979 4333 1128 4388 enim
1183 4332 1532 4394 Cli’macius:
1597 4358 1616 4392 ι
1659 4341 1764 4409 Qui
1813 4345 2099 4403 iracundia

499 4429 555 4474 ιιι
582 4423 844 4492 opinione
892 4436 948 4478 et
994 4426 1276 4496 hypocrisi
1334 4440 1390 4486 et
1438 4430 1770 4501 iniuriarum
1826 4441 2096 4496 memoria

2219 1878 2488 1949 μακάριος
2512 1881 2540 1932 6
2573 1878 2749 1951 εὑρών
2775 1896 2856 1933 σε·
2889 1881 2954 1936 ἐκ
2979 1882 3084 1952 γὰρ
3115 1882 3213 1952 τῆς
3244 1883 3521 1955 ῥᾳθυμίας
3548 1886 3645 1955 τῆς
3669 1887 3783 1940 νεό-

2215 1985 2377 2041 τητος
2403 1969 2788 2040 ήλευθέρωται.
2843 1971 2912 2025 El'
2956 1990 3038 2037 τις
3070 1975 3434 2046 ἐμπορεύεται
3471 1977 3558 2031 διὰ
3585 1980 3781 2050 μικρᾶς

2217 2060 2622 2130 ἐμπορεύσεως,
2652 2062 2771 2135 ἦτοι
2807 2066 3228 2136 περιποιήσεως,
3262 2067 3360 2138 τὴν
3404 2069 3642 2139 ἰατρείαν
3675 2070 3782 2123 τῶν

2219 2152 2466 2221 μεγάλων
2491 2153 2700 2218 παθῶν,
2729 2155 2908 2218 καλῶς
2949 2158 3108 2210 ποιεῖ.
3140 2157 3311 2211 Τοῦτο
3353 2159 3462 2231 γάρ
3496 2163 3610 2214 ἐστι
3636 2161 3780 2230 φιλο-

2215 2244 2398 2312 σοφία,
2443 2245 2530 2299 ἵνα
2552 2263 2634 2309 τις
2677 2249 2774 2312 καὶ
2816 2249 2874 2302 ἐν
2919 2249 3032 2312 τοῖς
3079 2249 3400 2320 ἐλαχίστοις,
3442 2253 3534 2306 καὶ
3571 2257 3780 2323 μικροῖς

2209 2337 2323 2399 τοῖς
2355 2339 2664 2406 γινομένοις
2693 2339 2824 2411 παρ’
2856 2340 3046 2405 αὐτοῦ,
3087 2341 3174 2395 ἀεὶ
3210 2343 3375 2414 νήφῃ.
3423 2343 3778 2409 Ἀναπαύσεις

2213 2427 2324 2500 γὰρ
2362 2428 2601 2498 μεγάλας
2621 2429 2938 2501 θησαυρίζει
2970 2431 3168 2502 ἐαυτῷ,
3215 2435 3307 2488 καὶ
3337 2435 3434 2505 οὐχ
3461 2435 3616 2489 ὑπνοῖ
3639 2450 3654 2466 ⁸
3688 2437 3773 2488 ἵνα

2215 2526 2291 2596 μὴ
2320 2527 2500 2598 συμϐῇ
2532 2527 2680 2600 αύτῷ
2711 2545 2766 2583 τι
2791 2531 3050 2594 ἐναντίον,
3082 2531 3219 2586 ἀλλὰ
3243 2531 3340 2594 τὰς
3378 2530 3558 2594 αίτίας
3591 2531 3776 2586 κόπτει

2205 2618 2313 2689 πρὸ
2337 2619 2536 2691 καιροῦ
2551 2635 2568 2651 ο
2601 2621 2694 2674 καὶ
2713 2619 2800 2674 διὰ
2823 2621 2932 2674 τῶν
2955 2621 3252 2692 ἐλαχίστων
3280 2622 3622 2694 πραγμάτων
3644 2623 3774 2677 ὑπο-

2203 2711 2357 2783 φέρει
2385 2711 2484 2783 τήν
2515 2712 2720 2784 μικρὰν
2747 2712 2946 2784 λύπην,
2977 2715 3315 2785 ἐξαφανίζων
3343 2715 3410 2768 δι’
3433 2715 3622 2785 αὐτῆς,
3673 2714 3770 2786 τὴν

2204 2804 2446 2875 μεγάλην
2483 2805 2577 2858 καὶ
2603 2803 2823 2876 προῖὼν.
2852 2806 2942 2860 Διὸ
2981 2807 3074 2860 καὶ
3097 2807 3245 2874 λέγει
3272 2808 3300 2860 6
3329 2821 3489 2875 σοφός
3509 2823 3524 2838 ·
3561 2823 3580 2857 t
3612 2806 3769 2864 Γενοῦ

2201 2896 2506 2968 ἐγρήγορος
2535 2896 2627 2949 καὶ
2660 2896 2919 2966 νηφάλιος
2942 2897 3090 2967 ὑπὲρ
3140 2898 3239 2968 τῆς
3275 2897 3421 2967 ζωῆς
3455 2914 3546 2950 σου
3586 2912 3599 2927 ·
3646 2914 3769 2965 συγ-

2198 2989 2362 3060 γενὴς
2389 2989 2496 3060 γάρ
2523 2989 2671 3042 ἐστιν
2693 2989 2722 3042 6
2755 2987 2922 3053 ὕπνος
2950 2989 3048 3059 τῆς
3080 2989 3340 3053 διανοίας,
3365 2988 3459 3042 καὶ
3489 2986 3650 3041 εἰκὼν
3675 2987 3768 3041 τοῦ

2197 3078 2450 3150 ἀληθινοῦ
2494 3079 2784 3135 ἀθανάτου.
2811 3100 2830 3134 ο
2880 3081 3042 3148 Λέγει
3099 3081 3155 3136 δέ
3205 3083 3300 3135 καὶ
3347 3082 3375 3134 6
3433 3079 3765 3149 Ἰεροφάντης

2129 3169 2479 3235 (ἔΒασίλειος
2513 3188 2528 3204 ·
2567 3189 2587 3224 ι
2630 3171 2821 3234 Ὅστις
2870 3171 2950 3233 είς
2995 3173 3064 3226 τὰ
3113 3172 3285 3242 μικρὰ
3327 3168 3519 3224 ἐαυτοῦ
3544 3169 3766 3239 ὀκνηρός

2195 3262 2335 3328 ἐστι,
2392 3261 2472 3335 ’μὴ
2523 3261 2821 3332 πιστεύσης
2852 3260 3000 3334 αὐτῷ
3051 3265 3130 3328 είς
3164 3263 3234 3318 τὰ
3288 3261 3501 3334 μεγάλα
3551 3259 3764 3340 διαπρέ-

2194 3353 2315 3425 ψαι.
2356 3371 2375 3406 ι

2196 3490 2326 3575 ὀξε
2354 3492 2443 3575 εις
2467 3491 2785 3575 πάντα.δεῖ
2810 3495 3167 3575 σπουδάζειν
3196 3495 3267 3575 τὰ
3293 3496 3570 3575 εἰρημένα
3590 3512 3604 3526 ο
3637 3494 3748 3575 πρὸ

2263 3560 2621 3639 deficitaut,
2649 3561 3256 3639 ὼτε-ςῖναιΑῆσυχόη
3285 3560 3355 3639 ts
3542 3560 3758 3639 πρᾶόν.

2261 3631 2360 3685 καὶ
2380 3632 2648 3700 καθαρῶς
2675 3636 2967 3689 σπεύδειν
2977 3631 3519 3690 ἐπικαλεῖσθαίτύν
3542 3631 3758 3702 Κύριον

2263 3702 2512 3832 ἔησοῦν
2555 3704 2835 3773 Χριστὸν,
2880 3704 3061 3759 ἔνδον
3097 3705 3345 3774 καρδίας
3388 3704 3496 3758 τὸν
3534 3701 3761 3773 ἡσυχά-

2291 3789 2456 3827 οντα.

2255 3892 2371 3956 πγ⁹.
2400 3886 2499 3940 Διὰ
2526 3885 2590 3958 δὴ
2625 3885 2820 3951 ταῦτα,
2874 3888 3003 3960 περὶ
3050 3888 3226 3944 πάντα
3261 3887 3359 3960 μέν
3394 3885 3658 3950 σπούδαζε
3691 3885 3758 3939 τὰ

2187 3975 2452 4047 εἰρημένα
2476 3993 2490 4007 ·
2523 3977 2630 4048 πρὸ
2661 3979 2717 4032 δὲ
2748 3978 2986 4044 πάντων,
3017 3979 3102 4032 ἵνα
3130 3979 3368 4050 ήσύχως,
3405 3977 3499 4031 καὶ
3547 3975 3754 4046 πράως,

2185 4065 2281 4119 καὶ
2310 4064 2447 4136 μετὰ
2473 4055 2722 4131 καθαροῦ
2769 4065 2864 4120 τοῦ
2917 4067 3238 4131 συνειδότος,
3269 4067 3362 4120 τὸν
3413 4064 3616 4136 Κύριον
3654 4064 3753 4133 ’1η-

2185 4153 2314 4208 σοῦν
2359 4154 2596 4224 Χριστὸν
2626 4154 2771 4208 ἔνδον
2804 4154 3003 4225 βάθους
3033 4155 3261 4226 καρδίας
3303 4154 3558 4226 ἐπικαλῇ,
3587 4152 3754 4208 καθά-

2189 4263 2290 4316 περ
2322 4245 2554 4316 εφημεν.
2587 4245 2745 4300 υῦτω
2791 4247 2900 4318 γὰρ
2939 4247 3037 4318 τὴν
3078 4247 3246 4302 αὐτοῦ
3290 4247 3441 4302 θείαν
3469 4246 3627 4317 χάριν
3653 4243 3754 4314 ὁδῷ

2189 4337 2522 4408 προϐαίνων,
2556 4337 2984 4408 ἁναπαυομένην
3013 4337 3158 4409 ἔχεις
3189 4339 3297 4410 ila.
3320 4339 3511 4392 .ls/nst
3541 4335 3640 4408 είς]
3659 4335 3752 4407 τὴν

2179 4429 2378 4499 ψυχήν.
2429 4428 2593 4497 Λέγει
2622 4428 2717 4483 καὶ
2755 4430 2864 4500 γὰρ
2896 4432 2924 4484 6
2967 4431 3066 4500 τῆς
3113 4431 3434 4499 Κλίμακοςο
3489 4447 3509 4481 ι
3549 4427 3748 4498 Μηδεὶς

503 4516 821 4585 impeditur,
865 4534 973 4572 non
1019 4521 1217 4589 poterit
1254 4525 1675 4594 tranquillitatis
1716 4530 1948 4600 vestigia
2007 4536 2097 4588 vie-

2201 4519 2285 4574 ίπὺ
2311 4519 2504 4588 θυμοῦ,
2530 4520 2624 4573 καὶ
2645 4521 2898 4588 οἰήσεως,
2936 4520 3282 4592 ύποκρίσεώς
3314 4537 3374 4573 τε
3430 4519 3524 4574 καὶ
3558 4535 3749 4589 μνησιο

499 4606 656 4671 dcre,
719 4606 824 4662 nisi
891 4607 1016 4663 inde
1045 4609 1160 4678 jam
1207 4611 1488 4670 discedere
1552 4615 1810 4674 voluerit.
1863 4618 1921 4676 Si
1966 4623 2094 4694 quis

498 4710 680 4752 autem
715 4697 785 4754 iis
831 4714 1003 4767 purus
1056 4709 1163 4766 est,
1196 4702 1287 4758 ille
1324 4705 1471 4773 quod
1531 4707 1660 4763 utile
1718 4721 1801 4766 est
1839 4714 2092 4782 noverit;

498 4791 695 4860 opinor
720 4799 928 4855 autem,
955 4809 1134 4860 neque
1165 4796 1360 4864 solus.
1382 4797 1565 4868 Atque
1594 4800 1765 4869 igitur
1795 4818 1905 4858 non
1931 4807 2094 4860 modo

501 4882 935 4948 requiescentem
975 4886 1205 4942 habebis
1232 4886 1287 4940 in
1325 4889 1512 4943 anima
1553 4898 1648 4944 tua
1702 4893 1959 4960 gratiam,
1995 4897 2095 4952 sed

497 4983 552 5025 ct
581 4970 819 5025 animam
850 4962 1269 5044 tuam'periecte
1298 4978 1679 5048 quiescentem
1731 4985 1801 5036 ab
1862 4984 1930 5039 iis
1968 5002 2094 5054 qua:

503 5062 656 5132 prius
709 5063 884 5133 ipsam
952 5065 1349 5147 impediebant,
1411 5071 1752 5130 dannonibus
1789 5089 1985 5147 nempe
2038 5088 2094 5133 et

497 5154 807 5211 aﬂ'cctibus.
828 5154 884 5211 Si
909 5158 1052 5212 enim
1087 5171 1141 5214 et
1177 5145 1396 5215 rursum
1438 5177 1560 5216 eam
1595 5145 1931 5235 impediunt,
1959 5170 2096 5225 nihil

500 5259 683 5303 tamen
717 5251 1034 5321 proticiunt,
1058 5253 1186 5325 quia
1226 5270 1336 5310 non
1364 5256 1431 5310 iis
1463 5257 1726 5327 adhaeret,
1757 5276 1936 5331 neque
1960 5264 2098 5321 lani-

499 5345 630 5398 tiam
661 5360 785 5415 quae
825 5359 891 5400 ex
929 5347 997 5402 iis
1033 5357 1142 5410 est,
1175 5349 1350 5418 cupit.

501 5461 578 5516 De
598 5463 734 5515 bono
753 5471 804 5516 et
849 5465 1111 5517 eastatico
1151 5479 1333 5519 amore
1380 5475 1430 5520 et
1461 5465 1643 5524 divina
1668 5468 2089 5538 pulchritudine.

563 5617 656 5673 84.
685 5617 888 5674 Totum
933 5619 1316 5691 hujuscemodi
1367 5625 1469 5682 viri
1492 5627 1828 5687 desiderium
1865 5643 1952 5690 est
2003 5650 2086 5690 ms

601 5789 645 5822 “
695 5790 900 5864 Ephes.
970 5815 1022 5866 v,
1061 5786 1150 5855 i5.

2180 4611 2378 4674 κακίας
2422 4609 2773 4682 ὁχλούμενος,
2824 4611 2969 4682 ἴχνος
3025 4613 3255 4682 ἡσυχίας
3311 4610 3440 4664 ἰδεῖν
3497 4609 3750 4680 τολμήσει

2184 4702 2334 4766 ποτὲ,
2362 4703 2561 4773 μήπως
2601 4703 2859 4756 ἔκστασιν
2901 4703 3151 4756 ἐντεῦθεν
3196 4701 3432 4772 κερδήσῃ
3453 4716 3468 4732 ο
3503 4701 3552 4754 εί
3587 4698 3643 4753 δέ
3667 4714 3750 4761 τις

2183 4793 2386 4846 τούτων
2423 4793 2684 4864 καθαρὸς,
2731 4793 2895 4856 αὐτὸς
2931 4794 3116 4848 λοιπὸν
3155 4793 3421 4863 γνώσεται
3456 4791 3516 4846 τδ
3545 4789 3750 4861 συμφέ-

2181 4901 2273 4955 ρον
2294 4902 2306 4912 ·
2342 4881 2498 4954 οἶμαι
2524 4884 2601 4948 δὲ,
2632 4885 2751 4938 ούδέ
2787 4887 2972 4948 αὑτός.
3009 4903 3028 4938 t
3062 4885 3172 4939 Kal
3207 4884 3336 4953 γοῦν
3359 4885 3419 4938 οὐ
3447 4883 3604 4954 μόνον
3624 4883 3751 4936 ἀνα·

2179 4976 2494 5045 παυομένην
2539 4975 2683 5039 ἐξεις
2711 4975 2810 5044 τὴν
2855 4974 3016 5044 χάριν
3052 4977 3135 5046 τῇ·
3161 4977 3228 5045 σῇ
3273 4974 3442 5045 ψυχῇ,
3480 4971 3612 5025 ἀλλὰ
3655 4969 3750 5024 καὶ

2178 5065 2564 5120 διναπαύουσαν
2617 5065 2715 5136 τὴν
2767 5065 2947 5135 ψυχὴν
2998 5066 3221 5130 τελείως
3278 5065 3344 5118 ἐκ
3404 5063 3515 5118 τῶν
3561 5055 3748 5133 πρώην

2175 5155 2479 5226 ὀχλούντων
2505 5156 2668 5226 αὐτῇ,
2693 5154 2965 5234 δαιμόνων
2993 5171 3053 5208 τε
3074 5153 3166 5208 καὶ
3200 5153 3410 5207 παθῶν.
3443 5150 3509 5206 Et
3532 5149 3638 5220 γὰρ
3658 5147 3749 5202 καὶ

2177 5247 2484 5318 ἐνοχλοῦσιν
2517 5243 2698 5312 αὖθις,
2722 5245 2838 5300 ἀλλ’
2863 5247 2964 5300 ούκ
2995 5245 3333 5318 ἐνεργοῦσιν,
3361 5244 3444 5300 ὃτι
3477 5242 3551 5315 μὴ
3580 5239 3748 5312 πρόσ-

2176 5355 2354 5394 κειται
2382 5337 2587 5404 αὐτοῖς,
2618 5336 2752 5408 μηδὲ
2792 5337 2948 5390 ποθεῖ
2975 5336 3073 5407 τὴν
3105 5338 3170 5390 ἐκ
3192 5334 3400 5389 τούτων
3431 5331 3643 5405 ήδονήν.

2177 5469 2314 5538 Περὶ
2362 5467 2555 5523 καλοῦ
2596 5467 2694 5522 καὶ
2743 5467 3102 5590 ὲκσέῧέικοῦ
3153 5467 3393 5536 ἔρωτος,
3438 5465 3536 5520 καὶ
3590 5461 3749 5519 θείου

2816 5554 2851 5590 κ
2981 5555 3108 5590 ους.

2816 5554 3108 5604 καλλους.

2243 5653 2348 5707 πδ¹.
2382 5649 2541 5715 Ὄλος
2570 5650 2679 5722 γὰρ
2708 5650 2738 5704 6
2765 5649 2929 5714 πόθος
2961 5648 3055 5703 τοῦ
3086 5647 3350 5714 τοιούτου,
3373 5646 3467 5701 καὶ
3489 5647 3516 5700 6
3548 5641 3749 5713 ἐγκάρ-
