4058 6460
319 365 418 428 781

1525 365 1916 428 Oi‘USCULA
1961 366 2316 428 ASCETICA

3459 367 3563 430 τερ

329 476 442 538 διος
488 472 581 528 καὶ
609 471 924 535 ὲκστατικὸς
955 445 1116 542 Epeos.
1160 471 1256 525 καὶ
1284 471 1318 540 ἡ
1345 468 1501 545 ῥλικὴ
1530 469 1695 524 αὐτοῦ
1724 468 1874 524 διάθε
1901 482 1924 539 Α

2009 477 2144 532 imus
2201 478 2601 547 exstaticusque
2653 491 2842 543 amor;
2889 487 2940 533 et
2994 487 3107 535 tuta
3158 481 3322 554 hujus
3378 480 3562 551 dispo.

331 584 435 631 σις,
460 566 596 636 πρὸς
627 563 689 618 τδ
716 563 1024 635 ὑπέρκαλον
1054 563 1248 626 κάλλος
1278 563 1400 634 δρᾷ,
1429 562 1525 616 καὶ
1555 561 1904 633 μακαριώτα-

330 679 444 727 τον,
474 661 503 714 δ
527 661 623 713 καὶ
648 658 858 729 ἐφετῶν
878 639 990 721 τοῖς
1019 657 1298 727 Πατράσιν
1325 656 1544 725 εἴρηται
1582 653 1639 707 τδ
1677 654 1908 724 ἀκρότα·

328 774 445 810 τον.
481 754 592 810 Καί
619 769 786 826 φησιν
824 753 854 806 ό
901 752 1078 824 μέγας
1117 747 1433 812 Βασίλειοςο
1488 763 1508 798 ι
1546 745 1717 800 Ὅταν
1749 747 1778 798 ό
1808 745 1908 816 τῆς

329 846 615 910 εύσεσείας
646 844 785 915 ἔρως
813 842 912 913 τὴν
937 841 1116 913 ψυχὴν
1148 839 1418 910 κατάσχῃ,
1452 837 1601 893 ἆπαν
1631 837 1769 909 αὐτῇ
1804 854 1907 890 πο-

328 938 514 1007 λέμων
541 933 946 1004 καταγέλαστον
983 928 1145 997 εἶδος,
1188 930 1284 984 καὶ
1323 931 1526 993 πάντες
1570 927 1740 995 αὐτὴν
1770 928 1912 999 ὑπὲρ

330 1029 421 1082 τοῦ
450 1026 784 1096 ποθουμένου
817 1023 1260 1092 καταξαίνοντες,
1300 1021 1562 1092 τέρπουσι
1621 1019 1841 1090 μᾶλλον.
1876 1019 1905 1091 ἢ

330 1121 642 1190 πλήττουσι.
674 1136 693 1169 s
725 1118 834 1170 Καὶ
858 1111 1048 1178 αὖθις·
1089 1134 1110 1167 ι
1142 1113 1208 1168 Τί
1229 1111 1324 1167 τοῦ
1352 1112 1496 1166 θείου
1521 1109 1752 1173 κάλλους
1781 1109 1937 1163 θαυ-.

333 1211 712 1282 μασιῴτεροη
750 1210 845 1270 Τίς
893 1207 1071 1261 ἔννοια
1115 1205 1217 1276 τῆς
1254 1203 1349 1258 τοῦ
1381 1202 1516 1257 Θεοῦ
1567 1201 1911 1272 μεγαλοπρε-

331 1281 461 1356 πεία
477 1281 512 1367 θ,
542 1300 872 1370 χαριεστέρα
892 1317 908 1364 ;
937 1301 1094 1358 ﬂcio:
1123 1297 1286 1361 πόθος
1307 1295 1512 1367 ψυχῆς.
1531 1292 1676 1348 οὕτω
1689 1293 1906 1364 δριμὺς,

332 1392 426 1444 καὶ
458 1390 751 1461 ἀφόρητος,
803 1390 878 1454 ώς
924 1390 952 1441 ὁ
1003 1389 1112 1443 ἀπὸ
1139 1387 1276 1441 Θεοῦ
1310 1386 1662 1456 ὲγγινόμενος
1688 1385 1761 1454 τῇ.
1797 1382 1908 1437 ἀπὸ

335 1487 516 1556 πάσης
549 1484 744 1543 κακίας
789 1481 1179 1551 κεκαθαρμένη
1229 1479 1401 1550 ψυχῇ,
1441 1477 1538 1532 καὶ
1565 1476 1678 1532 ἀπὸ
1717 1473 1905 1546 ἀληθι-

333 1579 430 1648 νῆς
475 1577 767 1638 διαθέσεως
811 1570 1082 1642 λεγούσῃο
1151 1571 1485 1642 Τετρωμένη
1528 1569 1748 1639 ἀγάπης
1797 1565 1910 1636 ἐγώ

335 1779 473 1848 Περὶ
505 1778 793 1847 πολέμου,
835 1777 935 1831 καί
981 1771 1375 1848 παιδευτικῆς
1409 1769 1907 1848 παραχωρήσεως,

423 1841 520 1904 καί
557 1841 669 1916 τῆξ
705 1849 861 1902 κατά
881 1844 1284 1914 ἀποστροφὴν
1312 1841 1810 1912 ἐγκαταλείψεως.

1989 569 2116 626 sitio
2145 569 2211 623 ad
2249 580 2546 623 extremam
2582 569 3043 638 pulchritudinem
3073 573 3558 644 beatissimamque

1989 663 2181 728 tendit,
2214 677 2336 732 quae
2366 663 2810 718 desiderabilium
2871 679 3052 719 rerum
3105 683 3315 723 summa
3377 685 3405 722 a
3458 669 3561 725 Pa-

1989 753 2161 807 trihus
2183 753 2403 807 dicitur.
2435 752 2502 807 Et
2527 753 2659 810 dit-it
2682 770 2918 826 magnus
2951 754 3216 813 Basilius:
3274 777 3293 810 ι
3329 759 3561 826 Quando

1989 845 2205 915 pietatis
2231 861 2386 901 amor
2405 847 2642 902 animam
2672 857 2845 916 tenet,
2899 854 3076 906 omnis
3107 851 3374 908 bellorum
3435 869 3562 925 spe-

1988 937 2104 992 cies
2135 937 2357 992 ridenda
2404 939 2506 1008 ipsi
2548 950 2654 1005 est,
2711 950 2765 996 et
2805 943 3122 1013 quicunque
3185 960 3307 999 eam
3347 960 3445 1015 pro
3492 962 3560 1002 eo

1990 1043 2152 1098 quem
2190 1029 2382 1100 diligit,
2443 1030 2768 1097 dilacerant,
2819 1033 3015 1102 juvant
3060 1037 3237 1105 potius
3271 1051 3434 1106 quam
3480 1035 3561 1092 fe—

1989 1117 2160 1173 riunt.
2201 1137 2218 1171 ι
2258 1119 2320 1174 Ει
2357 1137 2575 1178 rursum
2607 1133 2674 1176 τ’(
2731 1122 2870 1191 Quid
2926 1125 3107 1179 divina
3159 1127 3564 1196 pulchritudine

1996 1212 2345 1268 mirabilius?
2367 1231 2490 1284 quae
2513 1217 2770 1287 cogitatio
2798 1217 3118 1286 jucundior,
3161 1233 3323 1288 quam
3363 1220 3558 1274 divina:

1993 1305 2456 1375 magnificentiae?
2505 1307 2788 1374 Quodnam
2840 1310 3039 1365 animm
3095 1309 3428 1366 desiderium
3485 1310 3558 1364 ita

1993 1397 2287 1452 vehemens
2318 1406 2374 1452 et
2401 1399 2764 1460 intolerabile.
2800 1409 2859 1456 ut
2898 1401 3028 1457 illud
3081 1404 3227 1473 quod
3255 1418 3284 1458 a
3313 1402 3421 1458 Deo
3447 1403 3560 1457 elli-

1991 1489 2134 1544 citur
2172 1491 2225 1545 in
2249 1493 2428 1546 anima
2458 1492 2606 1546 omni
2645 1494 2849 1547 malitia
2879 1505 3133 1565 purgata,
3154 1504 3209 1552 et
3229 1513 3348 1567 «μιιε
3375 1500 3558 1554 divina

1995 1581 2343 1652 dispositione
2372 1582 2533 1638 dicit:
2571 1601 2592 1636 ι
2620 1580 2914 1640 Vulnerata
2933 1587 3197 1642 charitate
3224 1603 3323 1654 ego
3344 1590 3512 1644 sum?
3539 1576 3558 1642 ι

1999 1757 2074 1814 De
2106 1755 2262 1820 bello,
2294 1766 2346 1810 et
2372 1757 2436 1812 de
2457 1757 2726 1880 erudizme
2747 1773 2962 1879 [recessu
3009 1775 3072 1812 ac
3103 1773 3195 1823 per
3243 1762 3566 1816 aversionem

2657 1844 2745 1880 ere
2769 1838 2979 1880 tcttone.

2657 1838 2979 1882 ereltcttone.

404 1885 520 1994 τῖξῖ
570 1885 922 2007 Πὲλεμεῖῇῗ
942 1936 1000 1990 δὲ
1048 1885 1240 1989 λζιπδδιί
1253 1973 1268 1999 ,
1322 1885 1463 1987 κατά
1511 1885 1910 2001 παρέχώρησιν

2069 1918 2158 1975 85.
2189 1917 2468 1988 Pugnatur
2497 1919 2849 1989 ceteroquin,
2879 1934 2976 1990 per
3003 1920 3342 1976 erudientem
3394 1937 3571 1979 reces-

335 2028 708 2099 παιδευτικὴν,
742 2028 804 2082 ού
853 2026 996 2081 κατά
1039 2023 1393 2096 ἀποστροφὴν
1442 2019 1906 2090 ἐγκαταλείψεως.

337 2123 434 2175 Διά
461 2121 550 2188 τί;
586 2119 705 2174 Ἵνα
737 2120 812 2191 μὴ
839 2119 1027 2189 ύψωθῇ
1051 2120 1081 2172 ό
1105 2117 1230 2180 νοῦς
1268 2115 1459 2178 αὐτοῦ,
1493 2115 1561 2168 δι’
1585 2115 1724 2182 ὅπερ
1752 2106 1910 2182 εὗρεν

335 2211 568 2281 ἀγαθόν·
604 2211 740 2267 ἀλλά
813 2204 1218 2280 πολεμούμενός
1249 2224 1310 2261 τε
1350 2206 1445 2260 καὶ
1497 2204 1907 2274 παιδευόμενος,

337 2299 742 2370 προσλαμϐάνει
779 2295 1114 2352 ταπείνωσιν
1139 2296 1250 2361 ἀεὶ,
1277 2295 1344 2350 δι’
1383 2291 1453 2365 ἦς
1489 2293 1680 2364 μόνης,
1714 2292 1777 2346 ού
1815 2292 1909 2362 μόο

337 2407 425 2444 νον
448 2392 571 2461 νικᾷ
593 2392 718 2455 τοὺς
747 2389 1114 2462 ὑπερηφάνως
1143 2385 1516 2457 πολεμοῦντας
1549 2384 1710 2440 αὐτόν
1730 2401 1744 2416 ·
1770 2381 1908 2438 ἀλλὰ

337 2481 429 2534 καὶ
451 2481 670 2552 δωρεῶν
699 2483 968 2554 μειζόνων
991 2480 1255 2552 διηνεκῶς
1283 2479 1550 2544 ἀξιοῦται,
1585 2477 1910 2550 προκόπτων

335 2573 456 2626 ὅσον
496 2573 722 2642 ἐφικτὸν
767 2572 1093 2642 ἀνθρωπίνῃ
1139 2571 1331 2640 φύσει,
1387 2573 1596 2640 σειραῖς
1647 2571 1909 2638 ἀφύκτοις

337 2668 429 2722 καὶ
478 2666 636 2739 βάρει
670 2671 873 2740 σαρκὸς
918 2669 1294 2740 πεπεδημένος
1325 2685 1385 2722 τε
1428 2669 1525 2722 καὶ
1567 2668 1911 2740 πιεζόμενος,

338 2760 431 2813 καὶ
458 2759 653 2832 χωρῶν
683 2760 821 2832 πρὸς
865 2761 964 2832 τὴν
993 2761 1136 2814 κατά
1164 2760 1399 2833 Χριστὸν
1444 2760 1778 2829 τελειότητα,
1816 2759 1912 2814 καὶ

338 2850 627 2906 ἀπάθειαν.
678 2852 788 2906 Καὶ
811 2851 961 2920 λέγει
1002 2853 1032 2905 ό
1079 2851 1235 2920 ἀγιος
1275 2851 1562 2922 Διάδοχος·
1621 2870 1641 2903 ι
1699 2851 1756 2904 Ὀ
1804 2849 1916 2904 Κύ-

2002 2027 2150 2076 sum,
2189 2027 2294 2066 non
2323 2027 2415 2078 per
2446 2010 2788 2067 eversionem
2819 2011 3211 2069 derelictionis.
3247 2015 3570 2082 Quare?Ne

2000 2104 2280 2174 superbiat
2308 2119 2460 2158 tuens
2487 2104 2629 2174 ejus,
2656 2112 2882 2172 propter
2914 2105 3118 2160 bonum
3143 2107 3288 2176 quod
3322 2108 3566 2175 invenit;

2001 2197 2095 2252 sed
2127 2195 2474 2266 impugnatus
2494 2204 2546 2250 et
2584 2195 2909 2259 instructus,
2953 2194 3314 2250 hmnilitatem
3351 2212 3570 2267 semper

2003 2289 2209 2357 induit,
2241 2303 2348 2357 qua
2376 2301 2484 2341 una
2513 2301 2621 2340 non
2641 2286 2802 2340 modo
2830 2300 2925 2340 eos
2954 2287 3229 2356 vincitqni
3251 2288 3350 2358 ipsi
3371 2288 3568 2344 bellum

2004 2383 2282 2448 inferunt,
2320 2378 2416 2436 sed
2447 2375 2501 2434 et
2523 2378 2822 2449 majoribus
2883 2378 3043 2435 donis
3079 2381 3340 2436 continue
3379 2382 3574 2452 dignus

2005 2473 2260 2540 allicitur,
2297 2470 2586 2542 proficiens
2607 2479 2875 2540 quantum
2905 2471 3157 2526 humanae
3185 2480 3392 2528 natura
3421 2473 3569 2534 licet.

2007 2569 2228 2626 funibus
2260 2566 2584 2625 necessariis
2610 2576 2665 2623 et
2714 2567 2894 2622 carnis
2948 2569 3184 2638 pondere
3215 2581 3471 2640 gravatus
3522 2581 3578 2626 et

2006 2673 2270 2722 oneratus
2296 2671 2351 2716 et
2376 2661 2443 2716 ad
2473 2675 2594 2729 eam
2648 2676 2772 2730 quae
2798 2662 3103 2716 secundum
3136 2661 3419 2719 Christum
3471 2675 3574 2730 est,

2010 2757 2400 2828 perfectionem
2434 2763 2490 2810 et
2525 2754 2799 2824 apathiam
2833 2767 3150 2824 properans.
3186 2753 3328 2810 Dicit
3357 2755 3575 2825 quidem

2007 2858 2232 2906 sanctus
2254 2846 2598 2902 Diadochus:
2632 2862 2653 2898 ι
2694 2848 2814 2916 Ipse
2853 2844 3119 2901 Dominus
3153 2847 3288 2902 dicit
3319 2847 3575 2902 Satanam

340 2959 456 3012 ριος
489 2942 652 3006 αὐτὸς
682 2943 851 3013 λέγει,
876 2945 968 2998 τὸν
1008 2944 1252 2998 Σατανᾶν
1283 2941 1360 3006 ώς
1386 2943 1676 3015 ἀστραπὴν
1706 2945 1770 2996 ὲκ
1806 2941 1916 2995 τῶν

2010 2952 2268 3013 tanquam
2304 2939 2485 3010 fulgur
2507 2953 2538 2993 e
2567 2938 2722 2995 caelis
2747 2937 3036 3000 decidisse.
3065 2952 3132 2993 ne
3174 2936 3439 2994 deformis
3484 2953 3580 2992 an-

344 3033 584 3102 σύρανῶν
636 3035 1008 3100 πεπτωκέναι,
1073 3036 1160 3089 ἵνα
1191 3035 1267 3106 μὴ
1326 3035 1508 3106 ἀφορᾷ
1559 3035 1641 3097 είς
1693 3033 1763 3088 τά
1807 3033 1918 3089 τῶν

2012 3033 2255 3105 gelorum
2281 3038 2598 3087 sanctorum
2631 3030 3025 3084 habitationem
3058 3029 3384 3086 intueretur.
3429 3031 3580 3097 Quo-

345 3126 512 3195 ἁγίων
535 3127 786 3196 ἀγγέλων
812 3129 841 3182 ό
883 3128 1130 3199 δυσειδὴς
1160 3127 1572 3198 ἐνδιαιτήματα.
1606 3127 1732 3191 Πῶς
1768 3126 1862 3182 οῦν
1889 3128 1918 3182 ό

2012 3127 2177 3183 modo
2211 3125 2378 3196 igitur
2407 3123 2500 3194 qui
2529 3122 2799 3178 bonorum
2861 3137 3144 3178 servorum
3197 3124 3582 3178 communione

350 3219 438 3286 τῆς
466 3216 575 3270 τῶν
609 3216 790 3271 καλῶν
815 3216 1018 3272 δούλων
1049 3217 1336 3282 κοινωνίας
1373 3217 1447 3289 μὴ
1471 3218 1916 3289 καταξιούμενος,

2015 3218 2214 3288 dignus
2270 3230 2378 3270 non
2465 3213 2714 3268 habitues
2773 3222 2894 3275 est,
2962 3227 3308 3268 communem
3393 3223 3578 3284 posset

345 3306 520 3360 κοινὸν
543 3306 768 3361 δύναται
810 3307 955 3378 ἔχειν
990 3305 1306 3380 οίκητήριον
1342 3310 1481 3379 μετά
1510 3308 1604 3363 τοῦ
1641 3308 1799 3376 Θεοῦ,
1828 3310 1922 3364 τὸν

2009 3315 2211 3366 habere
2237 3323 2361 3364 cum
2393 3306 2506 3364 Deo
2545 3307 2751 3372 sedem,
2784 3313 3024 3361 mentem
3074 3306 3366 3360 humanam
3393 3307 3418 3361 ?
3472 3305 3581 3362 Sed

346 3398 682 3470 ἀνθρώπινον
713 3400 868 3466 νοῦν;
914 3400 1057 3455 Ἀλλ’
1088 3400 1330 3470 ἐροῦσιν,
1370 3401 1451 3454 ὅτι
1491 3402 1636 3456 κατά
1663 3399 1924 3473 παραχώ-

2009 3404 2192 3460 dicent
2245 3401 2297 3457 id
2374 3415 2471 3472 per
2531 3414 2806 3455 recessum
2881 3398 2996 3452 fieri
3047 3413 3062 3462 ;
3117 3405 3173 3452 et
3233 3398 3406 3453 nihilo
3461 3399 3584 3468 plus

347 3505 506 3560 ρησιν
530 3489 716 3552 ,τοῦτο
765 3489 996 3560 γίνεται,
1028 3491 1125 3546 καὶ
1157 3489 1324 3546 πλέον
1367 3489 1524 3544 οὐδὲν
1555 3489 1819 3556 λέξουσιν.
1858 3492 1924 3546 Ἦ

2009 3497 2210 3552 dicent.
2242 3491 2508 3549 Eruditus
2556 3492 2704 3546 enim
2757 3505 3011 3546 recessus
3058 3490 3284 3545 minime
3342 3491 3583 3546 animam
3684 3536 3689 3541 .

348 3581 446 3650 μὲν
477 3582 588 3654 γὰρ
613 3583 935 3654 παιδευτικὴ
980 3582 1376 3656 παραχώρησις
1409 3584 1661 3656 οὐδαμῶς
1687 3585 1787 3657 τὴν
1819 3585 1925 3654 ψυ-

349 3673 448 3746 χὴν
475 3675 571 3729 τοῦ
606 3676 764 3730 Θείου
796 3679 977 3746 φωτὸς
1017 3679 1352 3748 ἀποστερεῖν
1392 3676 1628 3750 κρύπτει
1661 3678 1719 3731 δε
1745 3679 1924 3749 μόνον,

349 3765 424 3828 ὡς
450 3766 548 3820 καὶ
577 3767 679 3840 ἤδη
701 3763 855 3822 εἷπον
882 3769 1148 3833 ταπολλὰ,
1169 3768 1406 3834 τδνξνοῦν
1433 3768 1533 3841 τὴν
1561 3770 1761 3840 ἑαυτῆς
1789 3787 1928 3840 παρ-

350 3857 540 3910 ουσίαν
589 3858 626 3928 ή
671 3858 849 3931 χάρις,
899 3861 987 3914 ῐνα
1031 3859 1354 3931 προωθοϊτο,
1380 3859 1571 3932 ὥσπερ
1618 3861 1716 3933 τὴν
1748 3861 1928 3932 ψυχὴν

348 3948 419 4019 τῇ
451 3948 647 4020 πικρίᾳ
672 3949 782 4004 τῶν
805 3950 1100 4022 δαιμόνων,
1126 3950 1217 4006 διὰ
1242 3952 1305 4006 τδ
1337 3953 1474 4023 μετά
1504 3952 1706 4016 παντὸς
1737 3952 1926 4022 φόϐου,

353 4037 447 4092 καὶ
470 4038 676 4123 πολλῆς
698 4041 1080 4107 ταπεινώσεως
1108 4044 1359 4115 ὲκξητεῖν
1380 4044 1570 4115 αὐτὴν,
1591 4044 1688 4114 τὴν
1711 4045 1775 4097 ὲκ
1794 4042 1929 4097 Θεοῦ

357 4127 634 4200 βοήθειαν,
687 4132 786 4205 τὴν
821 4133 916 4188 τοῦ
973 4134 1172 4206 ἐχθροῦ
1230 4134 1404 4206 αὐτῆς
1463 4135 1931 4206 ὲπιγινώσκουσαν

358 4221 479 4274 κατ’
504 4223 686 4292 ὀλίγον
721 4226 943 4283 κακίαν.
985 4228 1083 4282 Ὃν
1105 4229 1307 4298 τρόπον
1327 4228 1423 4282 ἐὰν
1453 4229 1638 4300 μήτηρ
1663 4227 1926 4282 ἀτακτοῦι

355 4311 416 4366 τὸ
446 4314 642 4368 οίκεῖον
670 4317 802 4385 περὶ
828 4319 954 4382 τοὺς
980 4318 1220 4390 θεσμοὺς
1246 4321 1348 4391 τῆς
1374 4320 1671 4392 γαλουχίας
1707 4319 1931 4392 βρέφος,

361 4401 534 4476 βραχὺ
566 4406 675 4461 τῶν
709 4408 910 4480 ἑαυτῆς
932 4409 1162 4482 ὲξωθείη
1190 4410 1470 4480 ἀγκαλῶν,
1504 4411 1592 4465 ἵνα
1622 4410 1936 4481 καταπλητ-

359 4495 586 4567 τόμενον
632 4498 738 4553 ὑπό
779 4517 944 4555 τινων
984 4501 1372 4574 περιεστώτων
1413 4502 1560 4574 αὐτῷ
1603 4502 1938 4572 σαπροειδῶν

2014 3588 2108 3643 Dei
2133 3585 2340 3642 lumine
2372 3585 2628 3656 privabit.
2665 3583 2968 3642 Abscondit
2992 3591 3174 3637 autem
3215 3585 3583 3649 sommmodo,

2013 3689 2072 3735 ut
2126 3679 2240 3751 jam
2270 3679 2470 3750 saepius
2491 3677 2625 3740 dixi,
2654 3676 2822 3730 menti
2842 3691 2995 3731 suam
3023 3678 3360 3746 praesentiam
3386 3677 3584 3747 gratia,

2013 3779 2072 3826 ut
2101 3784 2222 3826 eam
2258 3767 2548 3838 propellat.
2579 3765 2779 3820 Anima
2805 3765 2977 3827 enim,
3006 3766 3318 3821 dmmonum
3377 3767 3585 3821 amari-

2013 3861 2221 3917 tudinis
2252 3872 2439 3924 causa,
2471 3857 2555 3913 sui
2594 3855 2800 3910 inimici
2869 3854 3023 3909 brevi
3081 3855 3340 3909 malitiam
3383 3869 3589 3925 cogno-

2013 3967 2199 4018 scens,
2222 3966 2346 4006 cum
2381 3949 2550 4003 multo
2584 3949 2780 4002 timore
2805 3954 2862 4001 et
2892 3944 3202 4001 humilitate
3244 3946 3312 4000 ad
3363 3944 3456 4000 Dei
3493 3961 3587 3999 au-

2015 4045 2203 4100 xilium
2235 4041 2625 4112 inquirendum
2655 4039 2976 4108 impellitur.
3035 4038 3507 4105 Quemadmodum
3538 4037 3584 4092 si

2017 4146 2190 4192 mater
2244 4131 2646 4188 inobedientem
2698 4139 2945 4200 tempore
3030 4130 3342 4186 lectationis
3416 4129 3584 4184 lilium

2017 4227 2224 4285 brevia
2249 4225 2363 4282 suis
2406 4221 2643 4279 brachiis
2681 4232 2946 4288 removet,
2983 4234 3041 4275 ut
3093 4222 3163 4276 ab
3220 4221 3586 4276 circumsmn-

2018 4319 2168 4375 tibus
2221 4315 2510 4372 horrendis
2577 4313 2892 4370 hominibus
2950 4313 3200 4374 territus.
3263 4322 3356 4366 aut
3401 4310 3590 4366 hostiis

2019 4409 2374 4485 quibuslibet,
2411 4422 2536 4462 cum
2572 4405 2742 4460 multo
2779 4405 2974 4459 timore
3004 4401 3346 4474 aclacrymis
3401 4401 3590 4456 multis

2021 4506 2086 4560 ad
2123 4513 2400 4559 maternos
2430 4501 2583 4555 sinus
2609 4507 2874 4552 recurrat.
2904 4495 3037 4563 Quae
3096 4505 3274 4549 autem
3307 4509 3402 4562 per
3431 4510 3594 4548 aver-

360 4587 752 4664 ἀνθρώπων,ῆ
791 4592 998 4664 θηρίων
1041 4594 1395 4666 οίωνδήποτε,
1439 4593 1579 4665 μετά
1618 4591 1784 4664 φόϐου
1812 4594 1924 4646 πολ-

2020 4600 2228 4653 sionem
2267 4594 2324 4648 fit
2375 4606 2647 4656 recessus,
2689 4591 2960 4645 nolentem
3025 4589 3193 4643 Deum
3249 4587 3449 4642 habere
3477 4587 3600 4640 ani-

361 4677 478 4746 λοῦ,
509 4683 605 4737 καὶ
633 4685 910 4755 δακρύων,
937 4687 1018 4751 είς
1034 4687 1160 4750 τοὺς
1195 4685 1484 4759 μητρὼους
1515 4686 1940 4758 ἀνθυποστρέφῃ

364 4771 616 4838 κόλπους.
651 4775 718 4830 Ἦ
744 4777 801 4831 δὲ
829 4779 972 4833 κατά
1002 4779 1360 4850 ἀποστροφὴν
1392 4779 1654 4850 γινομένη
1681 4777 1941 4855 παραχώ-

366 4879 522 4935 ρησις
547 4865 750 4921 ὡσανεὶ
784 4867 1009 4940 δέσμιον
1056 4869 1392 4940 παραδίδωσι
1426 4869 1524 4941 τὴν
1568 4869 1645 4940 μὴ
1678 4868 1942 4924 θέλουσαν

365 4953 544 5027 ψυχὴν
580 4957 725 5029 ιχειν
751 4960 844 5013 τὸν
871 4961 1026 5028 Θεὸν,
1061 4962 1176 5025 τοῖς
1217 4961 1490 5031 δαίμοσιν.
1529 4961 1723 5032 Ἡμεῖς
1751 4960 1810 5014 δὲ
1843 4961 1944 5016 ούκ

365 5045 534 5117 ἀσμὲν
585 5051 897 5123 ὑποστολῆς
940 5053 1126 5116 τέκνα,
1181 5053 1256 5125 μὴ
1309 5053 1548 5123 γένοιτοῑ
1597 5053 1735 5108 ἀλλὰ
1768 5053 1944 5124 βρέφη

367 5142 567 5212 γνήσια
612 5143 714 5213 τῆς
771 5143 864 5200 τοῦ
919 5144 1054 5198 Θεοῦ
1115 5141 1257 5200 εἶναι
1291 5149 1514 5218 χάριτος
1574 5145 1941 5217 πιστεύομενο

371 5239 596 5305 μικραῖς
627 5237 1084 5309 παραχωρήσεσι,
1139 5238 1235 5290 καὶ
1283 5239 1517 5301 πυκναῖς
1561 5239 1943 5312 παρακλήσεσι

370 5326 502 5396 παρ’
532 5327 706 5398 αὐτῆς
735 5329 1150 5400 γαλουχούμενα
1170 5347 1184 5360 ·
1218 5329 1307 5384 ίνα
1338 5330 1426 5384 διά
1445 5330 1546 5399 τῆς
1577 5331 1948 5402 χρηστότητος

368 5417 465 5472 τοῦ
497 5417 658 5484 Θεοῦ,
691 5420 991 5492 φθάσωμεν
1027 5421 1226 5487 ἐλθεῖν,
1278 5421 1359 5484 είς
1402 5422 1571 5494 ἄνδρα
1612 5423 1837 5486 τέλειον,
1868 5424 1949 5485 είς

375 5509 581 5582 μέτρον
597 5512 834 5584 ἡλικίας.
867 5530 886 5566 s
913 5513 1024 5568 Καὶ
1044 5510 1235 5578 αὖθιςο
1274 5533 1293 5567 ι
1333 5513 1396 5569 'H
1419 5514 1737 5583 παιδευτικὴ
1769 5532 1951 5587 παρα-

372 5602 613 5674 χώρησις
647 5605 805 5676 φέρει
838 5605 942 5677 μὲν
985 5605 1164 5678 λύπην
1214 5605 1418 5678 πολλὴν
1459 5607 1554 5660 καὶ
1599 5607 1949 5674 ταπείνωσιν,

374 5691 472 5746 καὶ
502 5693 854 5766 ἀπελπισμὸν
885 5696 1204 5767 σύμμετρον
1233 5699 1299 5768 τῇ
1328 5697 1499 5768 ψυχῇ,
1529 5697 1616 5752 ἵνα
1651 5697 1712 5751 τὸ
1740 5699 1950 5767 φιλόδο-

377 5784 466 5848 ξον
496 5785 669 5856 αὐτῆς
705 5787 802 5842 καὶ
833 5788 1110 5860 ἀπτόητον
1155 5789 1347 5860 μέρος,
1379 5789 1701 5859 πρεπόντως
1752 5791 1834 5854 είς
1865 5807 1935 5843 τα

381 5878 636 5934 πείνωσιν
683 5880 914 5953 ἔρχηται
937 5898 950 5912 ·
1005 5880 1211 5946 εὐθέως
1249 5883 1307 5936 δὲ
1340 5883 1506 5951 φόϐον
1550 5883 1700 5950 Θεοῦ,
1739 5885 1834 5938 καὶ
1862 5885 1950 5939 δά·

2024 4699 2192 4753 mam.
2226 4698 2285 4745 ut
2312 4688 2575 4751 vinctam,
2615 4682 2957 4739 daemonibus
3017 4681 3222 4746 tradit;
3254 4695 3354 4734 nos
3413 4687 3594 4733 autent

2024 4800 2138 4841 non
2161 4797 2354 4840 sumus
2393 4781 2704 4836 desertores
2735 4775 2851 4841 lilii,
2886 4775 3032 4842 quod
3090 4774 3295 4825 utinam
3339 4786 3447 4824 non
3502 4786 3590 4824 ac-

2023 4877 2170 4932 cidat
2203 4876 2217 4928 l
2247 4874 2343 4930 sed
2373 4871 2642 4942 legitimos
2682 4866 2774 4921 Dei
2803 4874 2993 4937 gratia:
3021 4863 3159 4918 filios
3212 4875 3335 4914 esse
3370 4860 3596 4914 conlidi-

2023 4965 2379 5038 mus,,parvis
2425 4960 2866 5023 remissionibus,
2933 4954 3425 5025 frequentibusque
3466 4967 3597 5005 con-

2024 5057 2387 5116 solationibus
2413 5055 2485 5110 ab
2536 5053 2651 5123 ipsa
2676 5052 2944 5114 laetatos;
2972 5055 3051 5114 ut,
3084 5046 3174 5100 Dei
3219 5041 3594 5099 misericordia

2027 5151 2355 5206 festinemus
2383 5145 2667 5218 pervenire
2708 5142 2762 5196 in
2793 5142 2972 5196 virum
3004 5135 3326 5208 perfectum,
3357 5134 3408 5188 in
3442 5149 3598 5185 men-

2027 5255 2212 5296 suram
2237 5237 2432 5295 :etatis.
2471 5255 2492 5290 ι
2536 5235 2600 5288 Et
2635 5245 2901 5289 rursum:
2961 5248 2980 5282 ι
3021 5226 3292 5282 Erudiens
3350 5237 3601 5278 recessus

2030 5333 2307 5387 tristitiam
2336 5329 2557 5400 quidem
2584 5325 2811 5381 multam
2838 5331 2893 5377 et
2920 5320 3282 5377 humilitatem
3316 5313 3496 5379 all'et-t,
3547 5322 3621 5368 et.
3707 5341 3718 5346 -

2033 5426 2370 5480 moderatam
2407 5422 2604 5476 anima
2653 5417 3032 5479 difﬁdentiam,
3087 5421 3147 5466 ut
3178 5411 3296 5478 ejus
3347 5406 3602 5476 superbia

2029 5528 2086 5572 et
2119 5514 2434 5587 arrogantia
2461 5513 2515 5567 in
2548 5511 2830 5566 decentem
2881 5505 3247 5562 humilitatem
3279 5507 3604 5555 convertan—

2033 5620 2149 5665 tur.
2184 5609 2306 5664 Mox
2360 5615 2542 5662 autem
2601 5602 2694 5657 Dei
2729 5602 2981 5658 timorem
3021 5606 3074 5651 et
3115 5593 3477 5676 confessionis
3527 5591 3604 5642 la-

2032 5703 2318 5775 crymasin
2351 5713 2448 5754 cor
2480 5695 2726 5760 adducit,
2771 5701 2827 5748 et
2855 5690 3044 5760 optimi
3071 5685 3271 5743 silentii
3309 5684 3604 5775 vehemens

1995 5770 2392 5852 'desideriuttt.
2435 5789 2568 5856 Quae
2628 5797 2808 5840 autem
2873 5785 2969 5853 per
3009 5780 3101 5834 Dci
3157 5776 3491 5830 aversionem
3548 5770 3605 5822 fit

2035 5886 2344 5952 derelictio,
2371 5881 2753 5951 desperatione
2783 5877 2946 5935 simul
2978 5883 3030 5932 et
3089 5865 3384 5928 diﬁidentia
3419 5873 3474 5921 et
3519 5863 3603 5919 ira
