4058 6448
497 325 636 390 Ten
1392 327 1734 388 CALLlSTl
1775 329 1870 389 ET
1915 329 2214 390 IGNATII
2259 331 2951 400 XANTIIOPUIDRUM
3689 348 3791 410 πει

532 451 777 495 animam
833 436 1048 504 impleri
1113 437 1261 494 sinit.
1319 437 1430 496 Nos
1489 441 1656 512 igitur
1718 444 1860 499 scire
1897 459 2098 515 oporte‘

2181 448 2386 538 lseptimo
2415 435 2854 516 ἐξομολογήσεως
2884 437 3082 518 ἐπάγει
3128 453 3194 526 τῇ
3253 457 3484 532 καρδίαο
3548 465 3638 517 καὶ
3686 467 3788 538 τῆς

533 533 825 600 utriusque
873 529 1248 586 derelictionis
1311 534 1787 603 experimentum;
1821 547 1874 592 et
1923 553 2090 593 secun

2215 523 2510 618 καλλίστης
2545 535 2774 604 σιωπῆς,
2820 539 3021 612 πολλὴν
3077 523 3394 618 ἐπιθυμίαν.
3424 523 3509 606 ’Ἦ
3552 556 3608 610 δέ
3647 523 3788 615 κατά

532 624 661 676 dum
733 621 1022 690 utriusque
1075 621 1299 676 modum
1349 623 1458 679 Deo
1508 628 1791 682 accedere.
1839 628 1914 683 Ibi
1967 629 2098 684 enin

2212 615 2566 718 ἀποστροφήν
2594 623 2690 676 τοῦ
2737 626 2871 682 Θεοῦ
2919 634 3202 704 γινομένη,
3246 615 3597 715 ἀπελπισμοῦ
3625 649 3784 718 ὁμοῦ,

531 713 738 784 gratias
776 727 900 766 cum
950 711 1334 768 satisfactione
1369 715 1434 769 ad
1494 732 1620 772 eum
1676 721 1903 774 reddere
1950 721 2098 775 debe'

2213 709 2617 814 καὶλάπιστίας,
2650 719 2740 770 καὶ
2765 718 2956 791 ὀργῆς,
2985 726 3080 778 καὶ
3101 728 3292 796 τύφου,
3325 733 3422 804 τήν
3451 709 3627 810 ψυχὴν
3653 709 3785 814 “itqu

535 824 699 872 mus,
750 807 947 875 quippe
980 808 1071 876 qui
1128 817 1328 862 nostra:
1387 810 1586 864 mentis
1633 810 2098 882 intemperantiae

2216 800 2459 870 ρωθῆναι
2490 813 2830 879 παραχωρεῖ.
2866 815 2959 866 Δεῖ
3003 815 3094 870 οῦν
3135 821 3283 890 ἡμᾶς
3312 800 3508 881 ειδέναι
3531 800 3636 902 τήν
3667 800 3786 887 πεί-

531 897 927 954 consolationis
979 897 1243 953 dilatione
1297 898 1628 968 castigavit,
1685 910 1743 955 ut
1798 902 2020 958 virtutis
2061 917 2098 957 ei

2216 909 2314 962 ραν
2340 895 2450 949 τῶν
2483 898 2810 971 ἀμφοτέρων
2841 913 3291 981 παραχωρήσεων
3315 932 3330 946 ·
3367 920 3462 971 καὶ
3507 895 3647 976 κατά
3692 927 3784 979 τὸν

532 989 754 1043 malitiae
807 987 986 1052 nobis,
1035 997 1094 1040 ut
1123 989 1300 1044 bonus
1329 1000 1501 1059 pater,
1532 991 1895 1048 differentiam
1924 1004 2079 1050 osten

2209 985 2446 1059 ἑκάστης
2480 991 2702 1061 τρόπον,
2737 988 3029 1066 προσιέναι
3044 1001 3123 1073 τῷ
3162 1004 3299 1076 Θεῷ.
3361 1009 3508 1064 Ἑκεῖ
3534 1015 3634 1084 μὲν
3673 1019 3782 1090 γὰρ

530 1083 703 1136 deret.
746 1080 847 1135 Hic
871 1088 1054 1136 autem
1088 1092 1440 1152 peccatorum
1482 1084 1894 1142 confessionem
1957 1089 2098 1146 inde

2206 1079 2562 1179 εὐχαριστίαν
2595 1087 2735 1154 μετά
2773 1089 2874 1158 τῆς
2907 1091 3208 1162 ἀπολογίας
3238 1079 3612 1172 προσαγαγεῖν
3634 1079 3782 1179 αύτῶ

528 1175 822 1238 sinenlem,
861 1173 1152 1227 continuas
1173 1173 1466 1245 lacrymas,
1494 1176 1755 1247 majorem
1786 1179 2107 1237 abscessum

527 1265 730 1332 facere,
753 1275 810 1320 ut
845 1266 918 1320 ita
959 1267 1236 1335 possimus
1298 1283 1584 1337 ptenarum
1639 1270 1912 1328 additione
1942 1273 2108 1331 Deum

526 1374 773 1424 movere,
805 1359 1094 1429 ipsumque
1138 1371 1192 1414 ιιι
1226 1362 1380 1431 prius
1409 1403 1424 1428 ,
1487 1365 1540 1418 in
1593 1366 1855 1422 cordibus
1906 1369 2110 1425 nostris

529 1453 754 1508 intueri.
789 1452 892 1508 Sed
948 1464 1126 1508 tamen
1182 1455 1466 1511 sciendum
1499 1467 1604 1520 est,
1662 1460 1833 1528 quod,
1888 1465 2108 1532 quando

529 1546 1010 1616 praelianturinter
1036 1547 1295 1602 scanima
1322 1563 1386 1604 ac
1449 1549 1619 1606 Satan
1677 1552 1767 1622 (de
1819 1556 2108 1613 erudiente

527 1640 880 1694 derelictione
908 1640 1144 1710 loquor)
1187 1680 1203 1706 ,
1257 1642 1512 1697 subducit
1545 1659 1643 1709 se,
1696 1655 1755 1700 ut
1805 1648 1917 1717 jam
1969 1650 2106 1718 dixi,

528 1731 1116 1801 gratiamcooperatur
1177 1743 1356 1788 autem
1390 1735 1530 1789 clam
1598 1753 1724 1793 cum
1774 1740 1957 1797 anima
2007 1758 2106 1798 au-

2203 1170 2512 1272 ήφεξλομεν,
2571 1176 2648 1240 ὡς
2689 1179 2750 1232 τὸ
2798 1181 2897 1251 τῆς
2951 1184 3178 1257 γνώμης
3213 1188 3324 1260 [Ion
3372 1193 3470 1263 τῆς
3503 1170 3779 1272 γνώσεωςῇ

2203 1263 2361 1334 ήμῶν
2385 1266 2704 1333 ἀκόλαστον,
2748 1275 2813 1343 τῇ
2861 1277 3024 1348 σχολῇ
3057 1281 3155 1350 τῆς
3189 1284 3591 1354 παρακλήσεως
3621 1263 3781 1345 κολά1

2200 1354 2347 1418 ζοντι
2381 1356 2491 1429 [Im
2528 1360 2864 1436 σχολάζοντι]
2885 1380 2898 1393 ο
2933 1366 3019 1420 ἵνα
3049 1368 3250 1440 ἀρετῆς
3274 1373 3423 1442 ήμᾶς
3455 1378 3546 1429 καὶ
3580 1381 3778 1444 κακίας

2199 1447 2276 1510 ώς
2298 1449 2490 1521 Πατὴρ
2528 1451 2753 1518 ἀγαθὸς,
2783 1453 3009 1530 διδάσκῃ
3053 1458 3152 1530 τὴν
3180 1461 3464 1534 διαφοράν.
3511 1467 3774 1524 Ἐνταῦθα

2198 1536 2276 1600 δέ,
2326 1539 2682 1611 ἐξαγόρευσιν
2727 1544 2838 1597 τῶν
2877 1547 3298 1619 ἁμαρτημάτων
3329 1554 3626 1623 ἄπαυστον,
3679 1562 3773 1614 καὶ

2197 1628 2436 1700 δάκρυον
2473 1632 2776 1702 ἀνελλιπὲς,
2810 1639 2904 1689 καὶ
2943 1640 3293 1714 ἀναχώρησιν
3333 1647 3553 1702 πλείονα
3577 1666 3591 1680 ⁸
3625 1652 3770 1716 ὃπως

2201 1716 2267 1772 ἂν
2300 1719 2444 1774 οὕτω
2477 1722 2798 1795 δυνηθῶμεν
2827 1730 2892 1799 τῇ
2929 1733 3216 1806 προσθήκῃ
3263 1736 3373 1792 τῶν
3405 1740 3602 1808 πόνων,
3649 1742 3772 1796 δυσ-

523 1821 658 1877 xilio
693 1838 814 1900 sup,
846 1831 905 1877 ut
929 1824 1214 1879 vietoriam
1243 1825 1442 1880 animae
1482 1828 1654 1885 solius
1700 1846 1846 1896 esse,
1871 1832 2098 1891 inimicis

2181 1812 2420 1882 ςωπῆσαί
2455 1833 2584 1870 ποτε
2611 1817 2702 1873 τὸν
2721 1819 2873 1886 Θεὸν,
2895 1823 3182 1896 ἐπιϐλέψαι
3212 1827 3290 1894 ὡς
3321 1831 3380 1883 τὸ
3410 1834 3539 1903 πρὶν
3563 1836 3642 1898 είς
3671 1837 3769 1902 τὰς

524 1914 696 1984 ipsius
736 1917 1016 1969 ostendat.
1069 1935 1087 1968 ›
1125 1915 1192 1970 Et
1250 1931 1476 1975 sanctus
1509 1920 1699 1978 Isaae:
1739 1943 1757 1976 ‹
1808 1923 1953 1982 Fieri
2001 1943 2112 1983 non

522 2015 705 2076 potest
733 2017 793 2061 ut
829 2008 882 2060 in
915 2009 1298 2076 spiritualibus
1337 2011 1523 2079 bellis,
1578 2015 1700 2071 sine
1759 2017 1826 2071 iis
1875 2033 1973 2089 per
2020 2019 2114 2076 de-

521 2100 860 2154 relictionem
890 2101 1333 2172 tentationibusl,
1362 2107 1583 2175 sapiens
1614 2108 1832 2173 evadat,
1859 2120 1914 2164 et
1947 2126 2108 2166 suum

519 2195 861 2263 provisorem
907 2204 1120 2260 noscat,
1147 2204 1203 2251 et
1237 2195 1404 2251 Deum
1449 2213 1612 2254 suum
1644 2202 1868 2268 sentiat,
1925 2203 2112 2260 ﬁrme-

503 2296 724 2354 -'turque
761 2286 814 2339 in
847 2284 954 2339 ﬁde
986 2286 1137 2342 illius
1187 2287 1532 2355 abscondite,
1583 2292 1688 2346 nisi
1738 2293 1790 2347 in
1824 2295 1971 2350 illius
2011 2312 2111 2351 ex-

501 2377 807 2446 ‘perientiie
834 2377 1031 2430 virtute
1067 2393 1232 2446 quam
1272 2382 1534 2450 suscepit.
1565 2382 1626 2436 Et
1662 2387 1882 2454 quando
1911 2389 2110 2444 viderit

520 2469 696 2538 gratia
721 2471 1034 2539 opinionem
1063 2471 1130 2525 de
1166 2486 1224 2526 se
1243 2486 1588 2543 arrogantem
1626 2493 1753 2531 eum
1783 2479 1837 2534 in
1867 2482 1984 2538 suis
2013 2499 2110 2538 co-

501 2563 880 2630 gitationibus
909 2562 1223 2627 admittere,
1251 2572 1307 2617 et
1335 2565 1449 2634 jam
1489 2567 1556 2620 de
1617 2584 1676 2623 se
1713 2587 1907 2639 magna
1961 2576 2110 2644 cogi-

504 2663 660 2718 .tarc,
713 2661 845 2709 tunc
903 2657 1176 2724 permittit
1239 2665 1298 2712 ut
1352 2670 1544 2713 contra
1593 2678 1718 2716 cum
1781 2667 2108 2724 tentationes

500 2743 812 2798 'ﬁrmentur
840 2756 894 2800 et
924 2747 1117 2802 validae
1147 2748 1299 2812 fiant,
1336 2751 1512 2806 donec
1538 2756 1816 2824 pmpriam
1872 2757 2107 2815 infirmi-

517 2846 686 2890 tatem
712 2840 950 2894 senserit
979 2851 1033 2894 et
1069 2841 1292 2911 fugerit,
1330 2853 1386 2898 et
1439 2845 1614 2901 Deum
1682 2848 1734 2904 in
1802 2851 2108 2908 humilitate

493 2932 824 3002 'possideat.
898 2933 961 2988 Et
988 2935 1072 2989 his
1124 2939 1371 3006 pervenit
1423 2938 1586 2993 homo
1657 2943 1706 2995 in
1741 2944 1834 2997 viri
1878 2948 2103 3014 perfecti

496 3040 855 3093 ‘mensuram,
890 3026 1007 3082 Filii
1041 3029 1132 3083 Dei
1168 3031 1273 3085 fide
1308 3044 1372 3087 ac
1415 3049 1532 3104 spe,
1593 3045 1647 3091 et
1679 3038 1744 3092 ad
1775 3039 2104 3095 charitatem

513 3118 820 3172 extollitur.
881 3118 1128 3174 Miranda
1193 3123 1336 3176 enim
1384 3125 1633 3179 noscitur
1687 3128 1779 3182 Dei
1834 3129 2100 3196 Charitas,

498 3226 636 3265 cum
681 3210 846 3264 homo
875 3211 929 3267 in
990 3213 1186 3267 mediis
1232 3216 1492 3284 periculis
1549 3220 1714 3273 fuerit
1763 3235 1885 3291 quae
1940 3237 2096 3278 suam

509 3318 662 3372 spem
713 3304 1013 3372 praecidere
1046 3305 1307 3368 valeant;
1364 3317 1419 3362 et
1470 3310 1542 3363 ibi
1603 3311 1747 3367 Deus
1794 3317 2097 3384 potentiam

507 3409 666 3449 suam
720 3411 845 3448 eum
902 3396 1170 3453 salvando
1221 3403 1543 3460 ostenderit.
1605 3403 1895 3476 Nunquam
1950 3409 2096 3463 enim

508 3485 680 3538 homo
713 3487 1016 3553 potentiam
1052 3487 1147 3542 Dei
1207 3489 1261 3542 in
1325 3491 1515 3560 requie
1563 3506 1627 3546 ac
1676 3493 1962 3550 latitudine
2009 3511 2095 3552 co-

2199 1905 2430 1976 καρδίας
2456 1909 2631 1979 ήμῶν.
2661 1913 2809 1985 Πλήν
2838 1916 2918 1970 δεῖ
2949 1919 3150 1975 εἰδέναι
3182 1923 3286 1985 ὅτι,
3333 1925 3462 1978 ὅταν
3493 1929 3632 1982 κατά
3676 1930 3766 1983 οὐ·

2199 1997 2364 2070 σιώδη
2399 2001 2673 2076 συμϐολὴν
2717 2010 2783 2078 τῇ
2834 2008 2980 2081 ψυχῇ
3031 2012 3127 2064 καὶ
3183 2013 3262 2084 τῷ
3297 2016 3514 2090 Σατανᾷ
3547 2022 3577 2091 ή
3618 2024 3765 2093 μάχη

2197 2088 2428 2156 γίνεται,
2465 2093 2557 2147 ἐπὶ
2595 2096 2695 2166 τῆς
2727 2099 3075 2182 παιδευτικῆς
3107 2103 3252 2172 λέγω
3295 2088 3760 2182 παραχωρήσειιέ,

2199 2177 2517 2272 ὕποστέλλει
2564 2185 2664 2255 μέν
2695 2187 2770 2252 ώς
2801 2178 2896 2244 καὶ
2928 2192 3026 2264 ήδη
3063 2193 3216 2248 εἷπον
3259 2177 3460 2269 ἑαυτὴν
3493 2177 3543 2272 ή⁷
3570 2177 3762 2272 χάρις⁸

2199 2271 2490 2340 ἀγνώστως
2540 2276 2598 2330 δέ
2648 2285 2902 2351 συνεργεῖ
2931 2288 2994 2355 τῇ
3037 2285 3182 2358 ψυχῇ
3237 2287 3479 2362 βοηθείᾳ,
3516 2271 3616 2345 νῐνα
3646 2271 3763 2365 τὴν

2193 2362 2374 2457 νίκην,
2405 2369 2506 2436 τῆς
2532 2368 2710 2440 ψυχῆς
2744 2369 2886 2428 εῖναι
2933 2377 3094 2445 μόνον
3140 2381 3382 2453 ἐπιδείξῃ
3409 2385 3521 2447 τοῖς
3548 2362 3763 2457 ἐχθροίς

2191 2450 2384 2522 αὐτῆς.
2421 2472 2443 2508 ι
2499 2459 2610 2512 Καὶ
2640 2461 2668 2513 6
2700 2461 2856 2530 ἅγιος
2895 2464 3082 2519 Ἰσαάκ
3107 2483 3121 2497 ·
3169 2486 3188 2520 ι
3227 2470 3303 2522 Οὐ
3350 2450 3759 2538 δυνατὸν-ἐκτὸς

2184 2551 2294 2605 τῶν
2327 2551 2469 2605 κατὰ
2498 2551 2896 2625 παραχώρησιν
2928 2561 3269 2628 πειρασμῶν,
3308 2566 3625 2632 σοφισθῆναι
3667 2572 3761 2619 τὸν

2183 2644 2469 2715 ἄνθρωπον
2500 2646 2558 2699 ὲν
2597 2648 2711 2710 τοῖς
2763 2647 3024 2719 πολέμοις
3064 2654 3174 2714 τοῖς
3208 2658 3617 2724 πνευματικοῖς,
3661 2659 3756 2711 καὶ

2181 2735 2384 2803 γνῶναι
2430 2736 2523 2790 τὸν
2565 2737 2758 2791 ἐαυτοῦ
2795 2741 3122 2812 προνοητὴν,
3172 2745 3267 2796 καὶ
3308 2746 3631 2818 αίσθηθῆναι
3660 2749 3755 2803 τοῦ

2179 2827 2316 2881 Θεοῦ
2364 2829 2552 2894 αὐτοῦ,
2606 2831 2702 2884 καὶ
2751 2834 3120 2904 στερεωθῆναι
3159 2837 3217 2888 ἐν
3254 2839 3317 2908 τῇ
3367 2839 3547 2892 πίστει
3588 2841 3750 2894 αὑτοῦ

2178 2921 2457 2989 κρυπτῶς,
2491 2923 2540 2976 εί
2575 2922 2648 2993 μὴ
2678 2925 2736 2976 ἐν
2763 2927 2826 2996 τῇ
2869 2926 3095 2996 δυνάμει
3136 2929 3233 2997 τῆς
3267 2930 3460 2999 πείρας
3493 2932 3652 2984 αὐτοῦ
3682 2929 3750 3003 ἦς

2177 3011 2428 3079 ἐδέξατοο
2483 3016 2576 3068 καὶ
2629 3016 2790 3087 ἡνίκα
2838 3018 2923 3090 ιδῃ
2957 3021 2989 3090 ή
3021 3021 3198 3092 χάρις,
3234 3021 3316 3075 ὅτι
3348 3023 3546 3094 ήρεατο
3591 3026 3646 3077 ἐν
3670 3025 3748 3094 τῷ

2175 3103 2424 3176 λογισμῷ
2454 3105 2619 3160 αὑτοῦ
2649 3109 2680 3176 ή
2711 3110 2889 3178 οἴησις
2921 3111 3136 3180 μικρὸν,
3176 3114 3271 3166 καὶ
3312 3113 3513 3185 ἤρξατο
3545 3115 3749 3183 λογίζε-

2179 3195 2300 3249 σθαι
2329 3198 2469 3267 μέγα
2497 3201 2624 3269 περὶ
2647 3200 2865 3264 ἑαυτοῦ,
2898 3203 3100 3267 εὐθέως
3130 3209 3453 3277 παραχωρεῖ
3480 3209 3604 3272 τοὺς
3630 3227 3745 3262 πει-

2177 3288 2420 3358 ρασμοῦς
2451 3291 2571 3343 κατ’
2595 3291 2760 3345 αὐτοῦ
2797 3294 3303 3368 ίσχυροποιηθῆναι,
3340 3299 3434 3352 καὶ
3472 3317 3738 3370 κραταιω-

2173 3377 2350 3448 θῆναι,
2401 3379 2507 3445 ἕως
2536 3381 2603 3435 ἂν
2635 3384 2782 3456 μάθῃ
2813 3384 2912 3456 τήν
2943 3386 3139 3440 ἑαυτοῦ
3177 3388 3480 3456 ἀσθένειαν,
3523 3392 3614 3444 καὶ
3645 3390 3744 3461 φύ-

2173 3485 2280 3536 γει,
2317 3471 2412 3525 καὶ
2462 3473 2712 3546 κατάσχῃ
2744 3476 2835 3528 τὸν
2867 3476 3002 3531 Θεὸν
3054 3478 3112 3532 ἐν
3158 3481 3505 3536 ταπεινώσει.
3540 3484 3647 3536 Καὶ
3686 3485 3743 3536 ἐν

507 3576 719 3643 gnoscit
748 3595 762 3643 ;
793 3593 892 3634 nec
927 3594 1168 3650 unquam
1206 3581 1352 3639 Deus
1382 3584 1492 3639 vim
1548 3601 1702 3641 suam
1763 3589 2098 3646 sensibiliter

2181 3559 2379 3622 τούτοις
2428 3560 2648 3630 ἔρχεται
2680 3566 2708 3616 6
2754 3564 3059 3636 ἄνθρωπος,
3096 3571 3176 3632 εἰς
3213 3569 3282 3622 τά
3311 3571 3485 3642 μέτρα
3523 3572 3614 3624 τοῦ
3659 3589 3740 3625 τε-

2181 3650 2312 3676 ι-ι-..
2362 3652 2551 3676 ὶ.-.ὶ-λ-
2625 3655 2680 3676 2.--
2714 3657 2771 3676 -εε
2828 3658 2939 3676 ,σέο
3109 3661 3123 3676 ο
3201 3664 3225 3676 ι-
3280 3663 3322 3676 ιι
3387 3663 3432 3676 ι-
3551 3665 3575 3676 η
3611 3665 3670 3676 ς..
3708 3665 3734 3676 ο

504 3670 764 3730 ο-ιριιιίίι,
802 3671 907 3725 nisi
943 3672 994 3725 in
1027 3675 1177 3741 pacis
1211 3675 1330 3730 loco
1357 3687 1413 3731 et
1449 3679 1500 3730 in
1566 3680 1864 3735 solitudine
1921 3693 1978 3738 et
2037 3684 2093 3737 in

2181 3650 2313 3703 λείου
2357 3652 2571 3722 ἀνδρὸς,
2623 3655 2680 3707 ἐν
2711 3657 2774 3725 τῇ
2823 3658 3002 3711 πίστει
3037 3661 3132 3713 καὶ
3165 3664 3230 3732 τῇ
3276 3663 3452 3717 ἐλπίδι
3485 3665 3578 3718 τοῦ
3611 3665 3736 3718 Υίοῦ

502 3763 642 3817 locis
689 3778 813 3832 quae
863 3766 1186 3821 occursibus
1239 3776 1294 3822 et
1343 3773 1661 3827 commercii
1727 3788 1854 3828 cum
1917 3776 2097 3830 homi-

2181 3742 2260 3793 τοῦ
2295 3741 2458 3795 Θεοῦ·
2493 3745 2586 3798 καὶ
2619 3745 2848 3814 ὑψοῦται
2879 3749 3014 3819 πρὸς
3049 3750 3148 3822 τὴν
3175 3753 3416 3823 ἀγάπην.
3444 3755 3738 3827 Θαυμαστὴ

501 3855 666 3909 nibus
690 3855 923 3910 lumultu
959 3873 1130 3912 vacua
1167 3870 1321 3916 sunt.

2181 3831 2282 3902 γὰρ
2319 3833 2643 3905 γνωρίζεται
2673 3841 2702 3908 ἡ
2730 3840 2917 3910 ἀγάπη
2957 3841 3049 3894 τοῦ
3083 3844 3219 3898 Θεοῦ
3252 3846 3388 3916 πρὸς
3418 3847 3508 3899 τὸν
3534 3847 3740 3918 ἀνθρω-

482 3972 610 4017 πον,
645 3953 772 4006 ὅταν
821 3949 955 4002 ποτέ
985 3949 1045 4001 ἐν
1077 3950 1232 4020 μέσῳ
1263 3947 1490 4016 γένηται
1539 3945 1909 4017 πραγμάτων,
1945 3943 2054 3997 τῶν
2104 3942 2510 3996 διακοτὲτόντων
2557 3941 2659 4013 τὴν
2692 3940 2886 3995 ἐλπίδα
2913 3942 3079 3994 αὐτοῦ
3100 3961 3114 3975 ·
3172 3945 3263 3995 καὶ
3294 3947 3473 3998 ἐκεῖσε
3503 3940 3746 3996 δεικνύει

484 4051 514 4103 6
551 4049 682 4113 Θεδς
711 4050 811 4120 τὴν
842 4047 1076 4114 δύναμιν
1106 4041 1328 4103 ἐαυτοῦ,
1361 4043 1418 4094 ἐν
1441 4042 1506 4112 τῇ
1535 4040 1784 4111 σωτηρίᾳ
1829 4041 1898 4109 τῇ
2047 4035 2686 4140 αὐτόν.-ξ>ὺδέποτῖγάρ
2719 4035 2986 4140 μμνθάνει
3079 4034 3360 4140 Liv-Optem;
3384 4034 3742 4140 cliv‘66vatftv

399 4131 404 4138 ’
485 4143 586 4215 τὴν
622 4141 830 4211 θεῐκήν,
863 4141 920 4193 ἐν
957 4136 1266 4192 ἀναπαύσει
1296 4136 1394 4189 καὶ
1437 4131 1744 4203 πλατυσμῷ
1767 4147 1781 4163 ⁸
1813 4131 1910 4184 καὶ
1939 4129 2198 4234 οὐδέποτε
2237 4127 2440 4234 ἔδειξεν
2462 4129 2491 4180 6
2525 4128 2660 4234 Θεδς
2717 4129 2819 4198 τὴν
2851 4127 3046 4234 ἑαυτοῦ
3075 4128 3361 4234 ἐνέργειαν
3389 4128 3744 4234 αἰσθητικῶς,

485 4242 534 4295 εί
571 4239 646 4309 μὴ
670 4239 728 4290 ἐν
750 4237 912 4310 χώρᾳ
942 4236 1195 4306 ἡσυχίας,
1223 4230 1324 4287 καὶ
1347 4231 1404 4283 ἐν
1428 4229 1641 4300 ἐρήμῳ,
1675 4225 1773 4280 καὶ
1803 4226 1864 4280 ἐν
1897 4224 2094 4288 τόποις
2131 4224 2524 4295 ἐστερημένοις
2565 4221 2677 4276 τῶν
2714 4222 3018 4291 συντυχιῶν
3037 4238 3053 4256 ο
3099 4223 3193 4276 καὶ
3239 4221 3338 4292 τῆς
3366 4221 3616 4292 ταραχῆς
3647 4224 3744 4291 τῆς

487 4333 966 4403 κατασκηνώσεως
1001 4331 1101 4399 τῆς
1127 4329 1269 4399 μετά
1303 4325 1414 4378 τῶν
1439 4320 1768 4394 ἀνθρώπων.
1807 4338 1827 4371 ι

666 4429 746 4484 De
773 4428 1010 4494 aoatln'a,
1042 4435 1090 4481 et
1113 4424 1245 4497 quid
1267 4434 1344 4480 est
1386 4424 1618 4478 humana
1645 4421 1886 4492 apathia.

563 4583 651 4638 86.
683 4580 814 4635 Post
846 4578 965 4632 hmc
994 4583 1177 4630 autem
1211 4581 1426 4644 oportet
1454 4587 1520 4627 ex
1549 4578 1702 4642 parte
1729 4570 1834 4627 hoc
1868 4571 1922 4625 in
1957 4569 2080 4628 loco

492 4678 559 4731 de
594 4691 660 4743 ap
681 4675 811 4728 :thia
843 4682 894 4726 et
926 4669 1264 4740 perfectione
1289 4680 1606 4722 sermonem
1642 4663 1847 4731 facere,
1884 4671 2080 4734 etpost

409 4788 412 4792 ί
487 4778 668 4842 pauca
693 4765 940 4837 praesenti
975 4763 1052 4819 rei
1085 4763 1246 4817 [luem
1280 4761 1582 4828 imponere.
1608 4759 1748 4813 Audi
1776 4759 1920 4828 quod
1947 4757 2082 4814 dicit

494 4876 728 4932 magnus
785 4858 1062 4913 Basilius:
1105 4875 1124 4908 ι
1169 4854 1276 4922 Qui
1313 4853 1403 4908 Dei
1458 4867 1587 4908 vere
1639 4859 1852 4905 amator
1885 4858 1990 4914 est,
2026 4857 2082 4902 et

491 4955 643 5008 illius
689 4951 1104 5022 tranquillitatis
1137 4951 1220 5004 vel
1257 4947 1541 5020 paululum
1567 4943 1772 5014 aliquid
1799 4942 2084 4997 vultcom-

493 5047 856 5118 prehendere,
894 5043 1358 5114 spiritualemque
1384 5039 1531 5093 illius
1572 5037 1946 5097 sanctitatem,
1986 5047 2082 5101 pa-

490 5153 633 5201 rem,
657 5134 922 5206 quietem,
950 5133 1320 5194 dulcedinem,
1348 5139 1403 5184 et
1430 5127 1674 5182 latitiam
1711 5123 2084 5224 gaudiumque

489 5231 637 5296 quod
682 5229 810 5283 inde
833 5235 1126 5300 generatur
1151 5232 1371 5295 gustare
1401 5219 1574 5290 cupit,
1610 5219 1771 5285 longe
1805 5215 1875 5269 ab
1932 5215 2081 5288 omni

494 5322 764 5380 materiali
817 5322 1018 5375 affectu
1073 5319 1167 5388 qui
1203 5317 1445 5370 animam
1507 5309 1784 5380 inquinat,
1841 5317 2078 5361 mentem

494 5418 779 5476 retrahere
837 5412 1084 5468 festinat.
1141 5408 1340 5464 Mundo
1384 5413 1565 5458 autem
1601 5413 1654 5455 et
1706 5401 1879 5455 nitido
1919 5399 2082 5454 oculo

494 5514 676 5566 tlirina
710 5512 990 5570 intuetur;
1023 5501 1425 5570 inexplebiliter
1461 5498 1586 5549 inde
1627 5496 1839 5549 oriente
1885 5494 2088 5546 lumine

499 5596 753 5660 vestitur,
785 5607 841 5651 et
873 5598 938 5648 ad
976 5595 1134 5648 talem
1165 5591 1413 5645 habitum
1475 5596 1798 5654 statumque
1845 5591 2084 5637 animam

499 5701 787 5761 postquam
866 5685 1136 5747 exercuit,
1187 5681 1319 5744 Deo,
1355 5688 1515 5748 prout
1561 5676 1822 5747 possibile
1856 5683 1958 5778 est.
2011 5674 2088 5729 si-

497 5784 644 5836 milis
679 5780 759 5844 fit,
821 5777 1080 5846 illumque
1105 5785 1247 5829 amat
1278 5784 1328 5829 et
1361 5772 1532 5840 cupit,
1575 5771 1776 5840 quippe
1834 5771 1928 5834 Qui
1975 5783 2089 5823 ma-

2093 4426 2140 4484 Α
2173 4419 2311 4488 Περὶ
2340 4417 2658 4482 ἀπαθείας,
2725 4416 2826 4471 καί
2852 4417 2984 4488 τοῦ,
3014 4418 3074 4471 τί
3105 4416 3281 4470 ἐστιν
3336 4413 3375 4481 ἡ
3403 4410 3746 4480 ἀνθρωπίνη

2827 4487 3103 4542 ἀπάθεπ.

2245 4566 2364 4633 πς⁹.
2401 4569 2546 4640 Πρὸς
2569 4568 2626 4622 δέ
2654 4568 2884 4632 τούτοις,
2926 4571 3047 4624 δέον
3081 4574 3145 4624 ὲκ
3177 4573 3378 4644 μέρους
3400 4573 3493 4627 καὶ
3529 4572 3619 4626 τὸν
3649 4572 3748 4643 τῆς

2173 4659 2442 4725 ἀπαθείας
2463 4662 2619 4730 λόγον
2656 4660 2889 4716 ἐνταῦθα
2922 4664 3243 4734 προσϐῆναι,
3276 4667 3368 4718 καὶ
3396 4665 3744 4734 τελειότητος,

2172 4753 2266 4806 καὶ
2298 4753 2438 4822 μετά
2493 4753 2690 4824 μικρὸν
2738 4753 2884 4807 οὕτω
2937 4754 3109 4826 πέρας
3155 4755 3336 4809 δοῦναι
3386 4759 3449 4828 τῇ
3502 4754 3745 4826 παρούσῃ

2173 4843 2553 4915 πραγματείᾳ.
2591 4846 2804 4899 Ἔνθεν”
2829 4845 2926 4900 καὶ
2954 4847 3104 4916 λέγει
3150 4851 3178 4902 6
3211 4847 3386 4919 μέγας
3435 4848 3742 4912 Βασίλειος·

2179 4952 2198 4985 ι
2245 4934 2305 4987 '0
2335 4934 2428 4987 τοῦ
2459 4934 2596 4988 Θεοῦ
2649 4937 2926 5002 καταστὰς
2975 4939 3234 5009 ἐραστὴς,
3289 4939 3383 4992 καὶ
3415 4939 3512 5008 τῆς
3543 4939 3746 4992 ἐκείνου

2174 5029 2444 5093 ἀπαθείας
2474 5030 2569 5082 καὶ
2596 5031 2657 5083 τὸ
2699 5031 3067 5100 σμικρότατον
3099 5035 3394 5100 κατασχεῖν
3439 5031 3745 5102 ἐφιέμενος,

2174 5123 2267 5175 καὶ
2311 5121 2410 5193 τῆς
2445 5122 2826 5192 πνευματικῆς
2877 5123 3189 5195 ἁγιότητος,
3238 5125 3480 5196 γαλήνης
3531 5141 3611 5191 τε,
3655 5123 3748 5178 καὶ

2173 5215 2511 5286 ἀταραξίας,
2571 5217 2665 5268 καὶ
2724 5218 3084 5286 ἡμερότητος,
3137 5219 3231 5272 καὶ
3282 5218 3382 5289 τῆς
3434 5220 3499 5272 ἐκ
3549 5217 3747 5270 τούτων

2171 5308 2502 5377 τικτομένης
2558 5308 2902 5379 εὐφροσύνης
2958 5299 3040 5373 τέ,
3096 5311 3193 5364 καὶ
3245 5311 3421 5381 χαρᾶς
3471 5310 3747 5380 ἐπιθυμῶν

2173 5399 2611 5468 ἀπογεύσασθαι,
2667 5401 2868 5464 παντὸς
2905 5401 3003 5472 μὲν
3037 5401 3226 5456 ὑλικοῦ
3281 5403 3487 5467 πάθους
3533 5402 3625 5456 τοῦ
3651 5402 3745 5472 τὴν

2171 5488 2350 5559 ψυχὴν
2378 5488 2778 5554 ἐπιθολοῦντος,
2817 5491 3006 5561 πόρρω
3036 5493 3161 5555 τοὺς
3192 5491 3484 5560 λογισμοὺς
3515 5492 3746 5560 ἀπάγειν

2173 5583 2501 5637 ἐσποὶδακε.
2541 5581 2782 5652 Καθαρῷ
2818 5581 2895 5646 δὲ,
2934 5584 3025 5636 καὶ
3061 5585 3469 5654 ἀνεπισκιάστῳ
3518 5585 3742 5655 ὄμματι,

2171 5675 2241 5729 τὰ
2295 5674 2413 5728 θεῖα
2455 5675 2777 5744 περιαθροί·
2835 5675 3128 5745 ἀπλήστως
3169 5677 3260 5730 τοῦ
3303 5677 3513 5731 ἐκεῖθεν
3574 5677 3748 5747 epis-ﬁ;

2173 5769 2581 5839 ἐμφορούμενος
2607 5784 2620 5797 ο
2653 5769 2732 5830 είς
2757 5767 3017 5840 τοιαύτην
3041 5787 3097 5822 τε
3124 5770 3260 5835 ἕξιν,
3298 5772 3390 5824 καὶ
3422 5771 3745 5825 κατάστασιν
