4058 6478
316 421 425 483 795

1540 432 1941 504 OPUSCULA
1980 444 2223 506 ASCET
2234 447 2368 509 lCA‘.

3492 456 3593 519 78.6

334 572 434 643 τὴν
460 568 637 640 ψυχὴν
660 569 992 640 ὲξασκήσας,
1020 565 1318 622 οἰκειοῦται
1352 566 1496 623 κατά
1516 572 1615 641 την
1637 569 1934 642 ὲγχωροῦ-.

2022 572 2174 627 gnum
2199 575 2265 617 ac
2298 560 2526 620 difﬁcile
2554 572 2837 622 certamen
2875 564 3227 632 sustinuerit,
3274 576 3331 624 et
3359 582 3426 625 ex
3487 579 3596 625 ter-

337 683 437 719 σαν
466 662 746 735 ὁμοίωσιν,
797 660 873 733 τῷ
919 659 1060 733 Θεῷ,
1094 661 1397 730 ὲπέραστός
1439 679 1498 716 τε
1533 661 1629 715 καὶ
1667 662 1913 718 ποθεινό-

335 772 497 818 τατος
552 753 701 823 αὐτῷ
749 753 984 820 γίνεται,
1022 746 1110 807 οἷα
1164 752 1228 823 δὴ
1284 753 1426 822 μέγα
1479 770 1540 807 τε
1602 748 1785 816 ἆθλον,
1818 754 1914 807 καὶ

334 848 632 917 δυσήνυτον
662 844 921 908 ἀνατλὰς,
964 844 1059 898 καὶ
1088 846 1153 898 ὲκ
1186 844 1285 913 τῆς
1314 844 1455 898 κατὰ
1490 844 1589 916 τὴν
1616 842 1750 915 ὕλην
1784 862 1916 914 συγ-

337 938 585 1010 κράσεως
616 934 888 1007 δυνηθεὶς,
932 938 1229 1008 ἀκραιφνεῖ
1278 936 1373 991 καὶ
1428 939 1811 1009 κεχωρισμένῃ
1843 939 1912 1009 τῇ

336 1028 547 1101 διανοίᾳ
580 1027 693 1097 τῆς.
722 1026 831 1080 τῶν
865 1026 1193 1096 σωματικῶν
1234 1025 1518 1097 ἐπιμιξίας
1547 1025 1734 1080 παθῶν
1773 1044 1912 1091 πως,

337 1114 598 1190 ὁμιλῆσαι
626 1117 769 1189 Θεῷ.
811 1136 829 1170 ι
862 1119 973 1171 Kal.
1003 1118 1161 1171 τοῦτο
1198 1117 1296 1188 μέν
1317 1119 1435 1171 ἐστι
1465 1118 1593 1189 περὶ
1624 1117 1911 1181 ἀπαθείας.

342 1211 477 1281 Περὶ
502 1210 560 1263 δὲ
591 1207 709 1276 τοῦ,
741 1207 793 1261 τί
819 1208 969 1260 ἑστιν
1000 1208 1033 1277 ἡ
1063 1206 1383 1278 ἀνθρωπίνη
1417 1206 1678 1269 ἀπάθεια,
1712 1207 1915 1274 γράφει

337 1301 512 1362 οῦτως
547 1300 575 1353 ὀ
608 1294 1024 1367 ἀγιοςἼσαάκ·
1082 1315 1105 1348 ι
1149 1296 1217 1349 Ἡ
1267 1294 1527 1360 ἀπάθεια,
1574 1294 1699 1364 οὐχὶ
1730 1294 1791 1346 τὸ
1839 1295 1915 1363 μὴ

340 1381 669 1463 αίσθῆθηναι
711 1391 823 1443 τῶν
869 1388 1060 1443 παθῶν
1090 1388 1273 1440 ἔστιν’
1314 1386 1450 1441 ἀλλά
1476 1385 1538 1439 τὸ
1566 1385 1641 1456 μὴ
1665 1385 1920 1451 δέξασθαι

343 1484 502 1538 αὐτά.
556 1484 653 1536 Ἐκ
700 1483 810 1535 τῶν
859 1480 1070 1534 πολλῶν
1101 1479 1210 1549 γὰρ
1255 1480 1352 1532 καὶ
1395 1477 1655 1532 ποικίλων
1684 1476 1916 1547 ἀρετῶν,

343 1570 418 1631 ὧν
447 1577 715 1644 ἐκτήσατο
741 1573 851 1626 τῶν
887 1572 1138 1643 φανερῶν
1168 1571 1263 1626 καὶ
1296 1569 1576 1642 κρυπτῶν,
1612 1568 1919 1640 ἡσθένησαν

343 1670 400 1720 ἐν
420 1667 608 1729 αὐτοῖς
637 1664 706 1718 τά
732 1663 901 1734 πάθη,
938 1663 1033 1717 καὶ
1061 1663 1121 1715 οὐ
1150 1662 1405 1716 δύνανται
1448 1659 1688 1730 εὐχερῶς
1716 1659 1922 1712 ἐπανα-

346 1758 535 1827 στῆναι
583 1754 728 1809 κατὰ
786 1755 886 1824 τῆς
921 1752 1133 1824 ψυχῆς*
1192 1752 1287 1806 καὶ
1327 1752 1362 1823 ἡ
1388 1751 1597 1805 διάνοια
1633 1750 1697 1803 οὐ
1728 1747 1922 1820 χρῄζει

2010 654 2179 709 restri
2205 654 2484 722 mistione,
2510 656 2725 714 sincera
2764 669 2820 717 et
2843 675 2874 716 a
2904 660 3285 732 corporalibus
3310 660 3598 720 aﬂ'eetibus

2010 746 2264 817 sejuncta
2296 748 2651 819 cogitatione,
2684 753 3091 821 quodammodo
3135 770 3259 811 cum
3306 755 3418 811 Deo
3465 770 3598 811 con-

2010 840 2224 896 versari
2256 840 2516 909 potuerit.
2558 861 2577 895 ι
2619 844 2682 899 Ει
2705 845 2758 899 id
2793 846 3012 916 quidem
3036 848 3210 904 estde
3245 847 3415 904 animi
3440 856 3595 902 tran-

2010 933 2302 1002 quillitate.
2355 932 2432 988 De
2480 933 2586 989 hoc
2638 944 2847 1004 autem,
2889 953 3104 1007 nempe,
3155 940 3289 1009 quid
3356 950 3439 996 est
3489 940 3597 995 hu-

2014 1036 2176 1077 mana
2208 1022 2379 1078 animi
2399 1024 2800 1095 tranquillitas,
2824 1026 2904 1083 sic
2930 1028 3123 1085 scribit
3144 1039 3370 1087 sanctus
3398 1028 3550 1087 Isaac
3578 1046 3596 1086 :

2019 1132 2041 1168 ι
2077 1113 2435 1185 Tranquillus
2460 1123 2681 1174 estnon
2711 1118 2805 1187 qui
2841 1118 3069 1177 affectus
3094 1136 3208 1177 non
3260 1122 3449 1190 sentit,
3500 1123 3597 1179 sed

2012 1206 2105 1277 qui
2136 1221 2234 1263 eos
2255 1224 2362 1263 non
2386 1207 2650 1266 admittit.
2678 1210 2751 1265 Ex
2789 1211 2981 1268 multis
3005 1212 3153 1267 enim
3199 1228 3264 1269 ac
3293 1214 3459 1270 rariis
3488 1216 3599 1268 vir-

2011 1296 2241 1362 tutibus,
2259 1299 2566 1358 manifestis
2592 1301 3018 1368 absconditisve,
3051 1319 3188 1374 quas
3212 1305 3480 1375 possidet,
3499 1306 3602 1361 .iu-
3689 1286 3693 1291 ἡ

2013 1387 2213 1443 firmati
2241 1401 2369 1445 sunt
2405 1390 2657 1457 aﬁ'ectus,
2691 1409 2872 1464 neque
2899 1394 3058 1450 facile
3094 1405 3326 1465 possunt
3381 1396 3434 1450 in
3480 1397 3602 1450 ani-

2009 1495 2154 1536 mam
2180 1481 2487 1547 insurgere.
2523 1482 2653 1538 Ideo
2684 1485 2833 1539 omni
2872 1492 3141 1564 tempore,
3186 1485 3241 1541 in
3296 1487 3414 1542 suis
3452 1487 3600 1559 cogi-

2008 1573 2312 1628 tationihus
2343 1573 2661 1630 dominatur
2704 1577 2910 1643 anima,
2968 1577 3218 1633 exercitii
3282 1579 3482 1649 gratia,
3545 1590 3602 1634 et

2007 1664 2341 1734 optimorum
2367 1681 2577 1721 morum
2636 1667 2999 1736 habitudinis,
3035 1670 3128 1741 qui
3162 1671 3218 1726 in
3272 1680 3456 1726 mente
3503 1686 3602 1741 per

2009 1744 2344 1811 intellectum
2389 1769 2704 1816 moventur.
2764 1759 2985 1817 Etcum
3044 1762 3317 1834 incipiunt
3368 1762 3599 1819 affectus

351 1848 583 1901 πάντοτε
635 1843 926 1914 προσέχειν
974 1843 1179 1905 αὐτοῖς.
1219 1840 1364 1895 Διότι
1409 1843 1468 1894 ὲν
1528 1838 1692 1894 παντὶ
1723 1836 1934 1926 καιρῷ,-

2022 1849 2218 1905 moveri
2242 1864 2307 1905 ac
2338 1850 2575 1918 turbari,
2597 1852 2783 1908 statim
2834 1855 3048 1923 rapitur
3079 1855 3238 1926 longe
3295 1857 3364 1910 ab
3401 1857 3469 1911 iis
3493 1871 3593 1911 co-

353 1936 762 2009 πεπληρωμένη
795 1935 943 1989 ἐστὶν
976 1936 1035 1988 ὲν
1063 1937 1174 1998 τοῖς
1206 1934 1472 2006 νοήμασιν
1497 1932 1687 2003 αὐτῆς,
1729 1933 1795 1987 ἑκ
1824 1922 1934 2003 τῆςῖ

2022 1940 2210 2012 ιίιειίο,
2232 1943 2468 2013 quodam
2500 1945 2555 2000 in
2583 1953 2765 2001 mente
2794 1921 3072 2004 insinuata
3101 1921 3403 2004 intellectu.
3435 1967 3453 2000 ι
3491 1948 3599 2004 Sed

355 2032 605 2103 μελέτης,
640 2029 860 2102 καὶτῆς
885 2030 1103 2115 ὁμιλίας
1134 2028 1244 2083 τῶν
1275 2028 1512 2100 ἀρίστων
1540 2025 1779 2097 τρόπων,
1810 2025 1923 2079 τῶν

2025 2052 2063 2091 n
2116 2045 2297 2093 mente
2360 2038 2522 2094 otiosi
2576 2039 2837 2094 deﬁciunt
2888 2040 3156 2113 affectus,
3203 2050 3263 2096 ut
3296 2043 3373 2097 ait
3399 2043 3596 2097 beatus

352 2126 409 2178 ὲν
476 2126 542 2195 τῇ
582 2122 795 2177 συνέσει
870 2120 1205 2192 κινουμένων
1255 2121 1315 2174 ιν
1375 2116 1455 2191 τῷ
1514 2118 1616 2173 νοτ.
1646 2116 1760 2171 Καὶ
1785 2116 1916 2171 όταν

2022 2128 2270 2185 llarcus:
2318 2150 2338 2184 ι
2372 2133 2531 2188 Mens
2597 2148 2718 2201 quae
2757 2133 2852 2190 Dei
2905 2133 3080 2206 gratia
3138 2135 3398 2191 virtutum
3442 2147 3598 2192 actus

350 2224 622 2290 ἄρξωνται
647 2224 715 2279 τά
748 2225 897 2297 πάθη
937 2227 1202 2282 κινεῖσθαι
1229 2228 1323 2281 καὶ
1350 2226 1744 2298 ταράσσεσθαι,
1774 2226 1920 2291 ἐξαί-

2022 2221 2291 2294 ιιιῑιηριει,
2328 2233 2384 2280 et
2406 2228 2648 2283 scientiae
2675 2228 2905 2291 accedit,
2937 2244 3131 2300 parum
3175 2228 3341 2285 sentit
3360 2228 3505 2299 quod
3539 2227 3595 2283 in

354 2332 494 2385 φνης
519 2316 820 2386 ἀρπάζεται
850 2318 1117 2390 ηδιάνοια
1147 2321 1212 2395 ἐκ
1243 2319 1350 2390 ,τῆς
1388 2317 1691 2389 ἐγγύτητως
1721 2317 1922 2383 αὐτῶν.

2022 2313 2191 2369 mima
2247 2316 2453 2371 malum
2500 2332 2566 2373 ac
2624 2318 2949 2376 irrationale
2999 2330 3105 2375 est.
3156 2318 3401 2375 Scientia
3444 2319 3592 2374 enim

353 2409 414 2462 ἐν
445 2408 658 2462 συνέσει
685 2410 812 2475 τινὶ,
840 2411 1210 2483 παρακυψάσῃ
1233 2413 1291 2465 ὲν
1313 2410 1392 2480 τῷ
1414 2410 1497 2466 νοτ
1517 2428 1530 2441 ·
1563 2411 1658 2464 καὶ
1685 2410 1927 2481 ἀπολιμ-

352 2503 611 2555 πάνονται
639 2502 790 2574 αὐτῷ
825 2504 895 2558 τά
922 2503 1071 2572 πάθη
1103 2502 1270 2574 ἀργὰ,
1292 2503 1548 2573 καθάπερ
1577 2499 1729 2555 εἶπεν
1758 2502 1787 2554 ὀ
1821 2520 1929 2573 μα-

355 2592 548 2664 κάριος
579 2594 835 2663 Μάρκος·
871 2593 996 2656 νοῦς
1025 2593 1129 2647 ὑπὸ
1162 2593 1261 2664 τῆς
1292 2592 1517 2663 χάριτος
1546 2590 1640 2645 τοῦ
1671 2590 1806 2644 Θεοῦ
1833 2593 1931 2654 τὰς

351 2685 582 2755 πράξεις
617 2686 728 2740 τῶν
756 2686 969 2757 ἀρετῶν
1019 2684 1269 2756 πληρῶν,
1303 2686 1399 2738 atat
1447 2686 1515 2756 τῇ
1551 2681 1749 2752 γνώσει
1788 2683 1932 2753 πλη»

354 2776 566 2843 σιάσας,
600 2778 781 2846 ὀλίγον
804 2779 1121 2833 αίσθάνεται
1161 2779 1226 2831 ὲκ
1251 2776 1347 2831 τοῦ
1388 2777 1590 2849 μέρους
1616 2775 1715 2830 τοῦ
1754 2776 1929 2830 κακοῦ

354 2873 450 2925 καὶ
498 2871 727 2941 ἀνοήτου
772 2871 872 2941 τῆς
902 2870 1102 2942 ψυχῆς.
1159 2868 1225 2924 Ἦ
1257 2870 1458 2940 γνῶσις
1484 2870 1594 2940 γὰρ
1625 2867 1792 2923 αὐτοῦ
1825 2870 1931 2940 ἀρ-

356 2964 517 3025 πάζει
541 2963 705 3017 αὐτὸν
733 2964 813 3027 είς
845 2965 906 3017 τὸ
943 2963 1097 3033 ὕψος,
1127 2962 1220 3016 καὶ
1250 2960 1608 3031 ἀπαλλοτριοῖ
1632 2960 1795 3014 αὐτὸν
1822 2958 1931 3014 ἀπὺ

353 3055 574 3108 πάντων
617 3054 728 3108 τῶν
775 3056 833 3107 ἐν
872 3054 949 3124 τῷ
993 3055 1218 3124 κόσμῳ·
1257 3053 1351 3107 καὶ
1383 3052 1470 3106 διά
1501 3051 1602 3122 τὴν
1643 3051 1701 3106 ὲν
1745 3051 1931 3113 αὐτοῖς

354 3146 602 3213 ἁγνείαν,
654 3148 750 3201 καὶ
791 3146 890 3218 τὴν
943 3147 1271 3217 λεπτότητα,
1303 3147 1398 3199 καὶ
1428 3143 1795 3216 ἐλαφρότητα,
1836 3144 1931 3197 καὶ

350 3234 591 3306 ὀξύτητα
629 3235 723 3290 τοῦ
747 3237 866 3301 νοὸς
910 3235 1110 3299 αὐτῶν,
1143 3233 1237 3288 καὶ
1262 3233 1351 3287 διὰ
1375 3233 1473 3304 τὴν
1498 3232 1736 3306 ἄσκησιν
1763 3233 1967 3306 πάλιν;

1942 3290 1989 3350 C

354 3328 559 3394 αὐτῶν,
583 3329 937 3400 καθαρίζεται
964 3329 1146 3383 αὐτῶν
1173 3330 1201 3382 ὀ
1226 3325 1371 3389 νοῦς,
1405 3327 1496 3380 καὶ
1527 3325 1754 3394 διαυγὴς
1791 3327 1928 3379 ἀπο-

354 3419 631 3476 δείκνυται
658 3437 672 3452 ·
700 3420 790 3474 διά
822 3421 883 3474 τὺ
915 3420 1013 3491 τὴν
1059 3420 1238 3491 σάρκα
1279 3418 1460 3474 αὐτῶν
1505 3417 1838 3489 ξηρανθῆναι
1865 3418 1931 3471 ὲκ

354 3512 454 3581 τῆς
502 3512 699 3584 σχολῆς
736 3515 836 3584 τῆς
884 3513 1134 3583 ἡσυχίας,
1170 3512 1265 3567 καὶ
1306 3511 1407 3582 τῆς
1440 3510 1644 3581 πολλῆς
1671 3508 1933 3581 διαμονῆς

355 3605 456 3676 τῆς
487 3609 544 3659 ἐν
573 3607 732 3677 αὐτῇ.
767 3605 970 3659 Τούτου
995 3605 1156 3677 χάριν
1181 3605 1420 3669 εὐκόλως
1453 3607 1549 3659 καὶ
1579 3603 1791 3675 ταχέως
1814 3604 1935 3655 ἐπι-

354 3696 564 3752 τίθεται
599 3697 835 3767 ἑκάστῳ,
889 3697 983 3750 καὶ
1012 3696 1198 3767 ὁδηγεῖ
1228 3697 1425 3759 αὐτοὺς
1468 3698 1502 3766 ὴ
1554 3695 1758 3766 θεωρία
1798 3697 1831 3764 ή
1875 3694 1934 3748 ἐν

359 3788 563 3852 αὐτοῖς,
595 3789 731 3859 πρὸς
761 3786 1024 3858 ἔκπληξιν
1050 3789 1151 3858 τὴν
1183 3787 1316 3859 παρ’
1345 3787 1484 3858 αὐτῇ
1507 3804 1520 3818 ·
1549 3787 1643 3840 καὶ
1670 3787 1728 3838 ἐν
1757 3789 1935 3856 τούτῳ

358 3878 647 3934 πολλοστὸν
686 3880 1050 3952 πληθύνονται
1078 3882 1200 3945 ταῖς
1235 3879 1522 3947 θεωρίαις
1554 3880 1650 3934 καὶ
1676 3878 1933 3932 οὐδέποτε

358 3972 663 4043 ὑστερεῖται
693 3972 828 4044 ὕλης
856 3974 1123 4037 συνέσεως
1146 3974 1180 4046 η
1209 3974 1420 4027 διάνοια
1447 3972 1627 4026 αὐτῶν
1645 3989 1658 4002 ·
1699 3972 1794 4025 καὶ
1817 3971 1937 4025 οὐδὲ

357 4056 517 4127 ὲκτδς
564 4064 789 4119 ἐκείνων
825 4065 977 4130 ποτε,
1017 4059 1093 4118 ὧν
1140 4064 1234 4118 τοῦ
1286 4064 1599 4134 πνεύματος
1649 4064 1678 4117 ὀ
1723 4062 1937 4133 καρπὸς

357 4156 579 4225 ἐμποιεῖ
608 4155 811 4221 αὐτοῖς,
850 4155 1205 4225 διαγίνονται.
1243 4156 1352 4210 Καὶ
1381 4158 1439 4208 ὲν
1476 4159 1543 4227 τῇ
1579 4155 1839 4226 συνηθείᾳ
1868 4156 1934 4226 τῇ

359 4247 717 4320 πολυχρονίῳ,
738 4248 1110 4318 ἑξαλείιρονται
1139 4250 1195 4302 at
1227 4250 1442 4319 μνῆμαι
1486 4249 1552 4302 ὲκ
1586 4248 1684 4316 τῆς
1710 4247 1938 4318 καρδίας

360 4338 559 4403 αὐτῶν,
604 4340 808 4404 αἵτινες
859 4340 1070 4395 κινοῦσι
1117 4340 1186 4394 τὰ
1217 4340 1367 4409 πάθη
1397 4341 1457 4393 ἐν
1484 4343 1551 4412 τῇ
1578 4340 1747 4410 ψυχῇ,
1779 4341 1873 4392 καὶ
1901 4339 1936 4408 ἡ
1963 4351 1991 4373 ο

361 4432 516 4502 ισχῦς
547 4435 645 4504 τῆς
674 4432 923 4499 ἔξουσίας
949 4434 1044 4489 τοῦ
1068 4435 1339 4490 διαϐόλου.
1376 4432 1545 4488 Ὅταν
1581 4432 1691 4504 γὰρ
1718 4435 1751 4503 ἠ
1790 4431 1939 4504 ψυχὴ

2013 2416 2251 2464 mentem
2289 2408 2343 2464 in
2399 2411 2678 2466 excelsum
2730 2412 2894 2482 rapit,
2950 2427 3184 2479 eamque
3234 2412 3305 2468 ab
3338 2413 3597 2469 omnibus

2012 2514 2135 2568 qua:
2159 2500 2212 2554 in
2246 2500 2452 2555 mundo
2504 2512 2634 2557 sunt
2685 2512 2924 2572 separat.
2986 2503 3051 2559 Et
3098 2513 3226 2560 tunc
3276 2505 3439 2560 homo
3497 2521 3594 2573 per

2016 2603 2171 2644 suam
2206 2592 2499 2660 puritatem
2542 2600 2598 2648 et
2656 2594 3010 2649 subtilitatem
3050 2604 3105 2651 et
3135 2594 3409 2649 levitatem
3449 2610 3600 2650 men—

2018 2681 2196 2752 tisque
2225 2698 2481 2748 acumen,
2514 2700 2579 2740 ac
2638 2700 2733 2756 per
2790 2687 3135 2752 exercitium,
3170 2697 3404 2742 mentem
3437 2688 3603 2743 habet

2017 2774 2334 2830 mundatam
2378 2792 2443 2831 ac
2471 2777 2708 2833 lucidam
2750 2777 3043 2844 eﬂéctam;
3084 2796 3213 2835 caro
3247 2781 3392 2835 enim
3437 2781 3602 2851 hujus

2021 2876 2299 2923 macerata
2336 2880 2423 2924 est
2478 2871 2895 2939 tranquillitatis
2955 2872 3604 2943 duratione,-multaque

2020 2957 2075 3011 in
2111 2972 2174 3013 ea
2200 2962 2639 3028 perseverantia.
2664 2961 2832 3031 Cujus
2861 2963 2936 3018 rei
2964 2963 3138 3032 gratia
3188 2963 3341 3019 brevi
3384 2964 3603 3019 unicui-

2020 3062 2126 3119 que
2152 3051 2377 3107 additur
2411 3052 2584 3120 aliud,
2622 3061 2677 3108 et
2701 3069 2799 3109 eos
2830 3054 3018 3121 dirigit
3048 3055 3440 3125 contemplatio
3483 3071 3606 3125 qua:

2012 3145 2076 3221 in
2136 3144 2217 3201 eis
2267 3156 2389 3212 est,
2432 3145 2501 3202 ad
2560 3146 2924 3218 cupiditatem
2974 3163 3109 3217 quae
3165 3149 3607 3219 contemplationi

2021 3235 2380 3303 adharet,et
2433 3238 2558 3293 ideo
2615 3240 3107 3309 contemplationes
3144 3240 3265 3309 ejus
3285 3241 3604 3306 dilatantur,

2022 3335 2080 3383 et
2125 3344 2406 3398 nunquam
2436 3329 2680 3385 materiae
2709 3329 2989 3386 intellectu
3028 3330 3265 3386 vincitur
3299 3344 3487 3397 eorum
3510 3345 3608 3385 co-

2023 3419 2237 3489 gitatio.
2258 3435 2654 3489 nunquamque
2703 3428 2865 3476 extra
2916 3435 2979 3476 ea
3037 3432 3325 3491 suntquae
3372 3420 3612 3490 Spiritus

2023 3510 2198 3565 sancti
2220 3509 2433 3566 fructus
2458 3512 2512 3566 in
2540 3512 2674 3582 ipsis
2702 3510 2981 3583 producit.
3033 3514 3113 3569 Ac
3171 3515 3428 3569 diuturna
3479 3529 3610 3569 con-

2028 3603 2322 3665 suetudine
2356 3604 2748 3661 oblitterantur
2779 3622 2843 3661 ex
2892 3609 3059 3663 corde
3094 3621 3289 3663 eorum
3328 3607 3607 3662 memoriae

2022 3708 2147 3762 quae
2172 3694 2400 3751 aifeetus
2437 3697 2490 3750 in
2518 3698 2701 3753 anima
2720 3706 3092 3765 commovent,
3122 3708 3178 3753 et
3202 3699 3457 3769 potentiae
3496 3699 3614 3752 dia-

2026 3781 2136 3839 boli
2171 3786 2377 3841 virtus.
2407 3786 2545 3842 Cum
2575 3798 2760 3844 autem
2789 3790 2970 3845 anima
3007 3806 3132 3846 cum
3165 3790 3450 3847 aﬂ'ectibus
3500 3806 3610 3847 non

2023 3873 2130 3928 erit
2151 3874 2454 3940 moderata,
2481 3876 2566 3930 vel
2596 3891 2655 3932 se
2672 3893 2865 3934 eorum
2889 3893 3032 3934 cum
3080 3895 3189 3935 non
3219 3879 3607 3944 assuefecerit,

2023 3981 2091 4021 eo
2119 3966 2265 4037 quod
2318 3978 2581 4038 perpetuo
2627 3970 2734 4025 alia
2784 3971 3116 4040 cogitatione
3161 3971 3371 4027 domita
3421 3970 3611 4035 fuerit,

2025 4072 2132 4111 non
2155 4066 2336 4128 potest
2363 4062 2634 4130 unguium
2680 4060 2909 4118 allectus
2939 4063 3020 4117 vis
3077 4062 3392 4130 spirituales
3437 4064 3611 4130 ipsius

2024 4162 2224 4204 sensus
2275 4151 2516 4207 vincere.
2585 4170 2605 4205 ι
2645 4150 2713 4207 Ει
2769 4154 2930 4209 divus
2982 4154 3336 4214 Diadochus:
3374 4173 3394 4207 ι
3438 4156 3615 4210 Tran-

2024 4239 2268 4309 quillitas
2313 4249 2419 4306 est,
2478 4258 2591 4299 non
2633 4259 2665 4299 ε
2716 4246 3060 4301 daemonibus
3119 4262 3225 4301 non
3280 4247 3612 4317 impugnari,

2023 4337 2305 4400 oporteret
2341 4331 2487 4387 enim
2522 4348 2622 4390 nos
2643 4336 2946 4390 secundum
2967 4335 3154 4391 divum
3178 4335 3523 4407 Apostolum,
3549 4338 3616 4392 de

2026 4425 2231 4481 mundo
2260 4425 2451 4494 exire;
2482 4428 2578 4483 sed
2614 4429 2848 4485 invictos
2871 4445 3112 4492 manere,
3145 4430 3359 4485 etiamsi
3385 4430 3455 4485 ab
3477 4429 3616 4501 ipsis

363 4523 438 4597 μὴ
475 4526 743 4599 μετριάσῃ
781 4527 917 4598 μετά
950 4527 1060 4582 τῶν
1102 4526 1313 4593 παθῶν,
1350 4526 1385 4599 ἢ
1421 4526 1736 4597 ἐταιρειάσῃ
1774 4525 1832 4577 ὲν
1871 4527 1934 4595 τῇ

2028 4518 2432 4589 impugnemur.
2491 4519 2692 4576 Milites
2761 4522 2910 4575 enim
2974 4520 3055 4576 illi
3092 4523 3184 4591 qui
3241 4522 3386 4578 ferro
3431 4522 3612 4577 induti

363 4616 562 4689 μελέτῃ
592 4621 660 4691 τῇ
704 4621 764 4674 ὲν
809 4620 1016 4687 αὐτοῖς,
1057 4620 1146 4675 διά
1184 4620 1246 4674 τὸ
1291 4615 1432 4674 εἶναι
1474 4617 1648 4690 αὐτὴν
1681 4616 1742 4682 ἐξ
1771 4616 1934 4685 ἄλλης

2032 4621 2185 4677 sunt,
2232 4610 2301 4665 ab
2335 4610 2669 4667 adversariis
2727 4611 2874 4669 ferro
2929 4621 3211 4683 petuntur,
3274 4625 3329 4669 et
3383 4629 3610 4668 arcuum

360 4712 637 4784 φροντίδος
672 4712 1089 4785 κεκρατημένην
1127 4713 1509 4776 ἀδιαλείπτως,
1543 4712 1605 4766 οὐ
1647 4710 1871 4764 δύναται
1903 4713 1934 4782 ἠ

2035 4700 2309 4755 fremitum
2331 4700 2585 4767 audiunt,
2616 4701 2712 4758 sed
2739 4712 2795 4757 et
2821 4703 3007 4757 omnia
3033 4702 3138 4758 tela
3173 4703 3381 4767 vident,
3413 4718 3534 4765 quae
3562 4701 3615 4755 iu

364 4805 517 4873 ἰσχὺς
558 4804 667 4859 τῶν
710 4803 917 4875 ὀνύχων
951 4805 1059 4858 τῶν
1103 4803 1315 4869 παθῶν,
1369 4798 1792 4879 κατακρατῆσαι
1830 4801 1942 4856 τῶν

362 4897 668 4969 αἰσθήσεων
693 4898 864 4969 αὐτῆς
884 4898 993 4951 τῶν
1030 4896 1441 4968 πνευματικῶν.
1492 4915 1512 4949 ι
1562 4895 1675 4950 Καὶ
1729 4898 1758 4950 ὀ
1800 4893 1942 4959 θεῖος

363 4987 647 5060 Διάδοχος·
699 5005 721 5041 ι
763 4985 1031 5042 ’Ᾱπάθειά
1084 4989 1253 5053 ἐστιν,
1285 4986 1348 5038 οὐ
1378 4985 1441 5040 τὸ
1474 4985 1549 5057 μὴ
1588 4984 1945 5054 πολεμεῖσθαι

365 5079 472 5134 ὑπὸ
490 5080 609 5135 τῶν
641 5079 947 5150 δαιμόνων’
999 5079 1124 5132 ἐπεὶ
1170 5079 1278 5148 ἄρα
1314 5078 1622 5149 ὀφείλομεν,
1669 5078 1810 5130 κατά
1854 5076 1945 5130 τὸν

288 5194 291 5197 ·
380 5172 718 5238 ’Δπόστολον,
768 5171 1149 5241 ἐξεληλυθέναι
1193 5174 1257 5224 ὲκ
1285 5170 1380 5224 τοῦ
1430 5171 1676 5241 κόσμου·
1722 5169 1858 5223 ἀλλά
1884 5169 1946 5222 τὸ

366 5264 810 5336 πολεμουμένους
840 5264 932 5318 ὑπ’
963 5264 1165 5330 αὐτῶν,
1199 5263 1578 5335 ἀπολεμήτους
1606 5262 1807 5333 μένειν.
1838 5261 1971 5316 Kal.-

367 5359 478 5428 γάρ
506 5357 556 5410 oi
589 5357 935 5429 σιδηροφόροι
969 5355 1319 5426 πολεμισταὶ,
1363 5353 1675 5419 τοξεύονται
1705 5354 1805 5424 μὲν
1842 5352 1949 5406 ὑπὸ

366 5443 472 5499 τῶν
495 5446 825 5510 ἀντιπάλων,
853 5446 946 5498 καὶ
974 5443 1070 5498 τοῦ
1099 5444 1235 5515 ἦχον
1264 5445 1365 5513 τῆς
1392 5442 1603 5508 τοξείας
1635 5441 1945 5507 ἀκούουσιν,

367 5539 508 5595 ἀλλὰ
550 5542 645 5594 καὶ
691 5540 832 5593 αὐτά
863 5538 1123 5610 βλέπουσι
1159 5539 1228 5592 τά
1262 5537 1591 5609 πεμπόμενα
1619 5536 1739 5590 κατ’
1768 5535 1950 5589 αὐτῶν

370 5632 556 5701 σχεδὸν
582 5631 800 5685 ἅπαντα
829 5630 979 5701 βέλη,
1014 5631 1074 5684 οὐ
1107 5632 1439 5701 πλήττονται
1471 5630 1528 5682 δὲ
1545 5628 1631 5683 διὰ
1659 5627 1758 5698 τὴν
1787 5628 1948 5701 στερ-

372 5726 572 5795 ρότητα
599 5724 707 5776 τῶν
736 5723 1047 5793 πολεμικῶν
1069 5723 1399 5791 ἐνδυμάτων.
1445 5721 1585 5774 Ἀλλ’
1619 5722 1818 5775 ἐκεῖνοι
1849 5719 1951 5791 μὲν

373 5817 578 5887 σιδήρῳ
601 5815 984 5886 φραττόμενοι,
1011 5816 1068 5868 ὲν
1082 5813 1161 5885 τῷ
1186 5814 1559 5883 πολεμεῖσθαι,
1584 5813 1644 5866 τὸ
1670 5811 1951 5884 ἀπολέμη-

374 5926 464 5964 τον
496 5908 713 5979 ἔχουσιν
738 5924 751 5939 ⁸
786 5911 949 5981 ἡμεῖς
974 5907 1032 5962 δὲ
1054 5910 1120 5980 τῇ
1157 5906 1252 5962 τοῦ
1288 5908 1464 5978 φωτὸς
1502 5905 1595 5962 τοῦ
1623 5907 1781 5978 ἁγίου
1813 5924 1942 5962 παν-

2032 4809 2093 4849 se
2117 4793 2423 4866 iaciuntur,
2454 4808 2640 4862 neque
2696 4794 2768 4849 ob
2806 4794 2987 4849 bellici
3015 4795 3332 4850 vestimenti
3372 4795 3619 4849 solidita~

2034 4896 2166 4956 tem,
2197 4888 2498 4959 quidquam
2549 4886 2871 4943 formidant.
2935 4884 3041 4942 Sed
3084 4886 3158 4941 illi
3210 4888 3428 4958 quidem
3472 4886 3619 4943 ferro

2035 4984 2251 5051 muniti,
2306 4983 2412 5040 etsi
2488 4983 2896 5053 impugnantur,
2954 4980 3146 5037 invicti
3213 4990 3438 5036 manent
3467 4998 3493 5048 ;.
3517 4997 3619 5038 nos

2033 5090 2167 5132 vero
2232 5075 2407 5132 sancti
2469 5075 2693 5131 luminis
2769 5082 3043 5129 armatura
3104 5081 3159 5128 et
3217 5083 3381 5130 scuto
3424 5073 3618 5128 salutis

2032 5185 2134 5240 per
2153 5168 2418 5240 quidquid
2454 5170 2660 5225 bonum
2685 5176 2767 5222 est
2811 5165 3035 5231 muniti,
3060 5165 3378 5221 tenebrosas
3418 5163 3621 5219 dzemo-

2037 5277 2169 5316 num
2231 5261 2536 5332 phalanges
2594 5273 2940 5329 rumpamus.
3010 5258 3129 5314 Non
3196 5259 3342 5313 enim
3401 5273 3431 5313 a
3473 5260 3619 5313 malo

2037 5361 2250 5416 tantum
2298 5351 2578 5407 abstinere
2635 5351 2931 5422 puritatem
3000 5358 3243 5421 prazstat,
3304 5351 3398 5406 sed
3455 5353 3620 5406 etiam

2037 5447 2165 5503 boni
2200 5461 2355 5513 cura,
2389 5448 2741 5503 vehementer
2783 5446 2927 5500 mala
2955 5446 3244 5516 abrogare.
3285 5465 3305 5499 ι
3365 5446 3431 5500 Ει
3488 5460 3614 5502 san-

2037 5542 2160 5591 ctus
2184 5533 2459 5588 Maximus
2495 5532 2931 5602 quadrupliciter
2980 5548 3104 5588 eam
3168 5533 3620 5603 tranquillitatem

2036 5628 2255 5696 dividit,
2307 5629 2389 5684 sic
2456 5629 2724 5696 loquens:
2789 5645 2809 5679 ι
2869 5625 3110 5682 Primam
3171 5627 3621 5695 tranquillitatem

2037 5723 2162 5778 dico
2190 5738 2311 5777 eam
2340 5737 2459 5791 quae
2485 5721 2549 5775 ad
2584 5732 2863 5790 peccatum
2896 5722 3098 5776 intacta
3129 5721 3348 5786 virtute,
3374 5721 3624 5790 corporis
3709 5746 3713 5751 -

2038 5808 2220 5870 motus
2293 5816 2373 5868 lit.
2434 5812 2737 5869 Secundam
2818 5814 3273 5883 tranquillitatem
3332 5812 3456 5869 dico
3526 5827 3623 5867 ea-

2042 5921 2166 5964 rum
2210 5908 2604 5979 qutexauituam
2660 5914 3008 5964 commovent
3059 5906 3452 5976 cogitationum
3501 5920 3630 5971 per-
