4058 6504
440 395 550 454 τρτ

1297 408 1640 470 CALLISTI
1689 409 1786 469 ET
1820 406 2114 467 IGNATII
2157 408 2850 476 XANTHOPULURU“

3588 419 3706 478 ’ΤΚΒ

446 513 642 566 lectam
693 511 898 582 fugam.
957 531 1055 584 per
1115 532 1276 586 quam
1331 519 1625 576 affectuum
1694 521 1786 577 ille
1846 526 2076 577 motus}

2129 518 2296 592 οπλίᾳ,
2357 518 2454 572 καὶ
2500 521 2567 591 τῇ
2635 517 2733 574 τοῦ
2793 518 3074 591 Σωτηρίου
3138 519 3558 594 περικεφαλαία,
3607 522 3698 576 διὰ

444 606 633 670 primat
653 606 856 672 speciei
884 608 1106 672 deci‘lit,
1133 610 1263 663 dum
1305 612 1482 665 anima
1509 614 1867 683 cogitationes
1917 631 2024 668 non

441 692 554 762 jam
599 696 901 766 habetque
920 715 1037 754 eam
1077 701 1144 757 ad
1175 691 1472 759 eﬂiéaciam
1507 705 1732 764 ducant.
1783 708 2022 762 Tertiam

442 789 896 858 tranquillitatem
947 792 1072 849 dico
1103 809 1222 849 eam
1266 813 1389 868 quae
1428 798 1574 854 circa
1623 799 1851 856 allectus
1903 816 2025 871 per-

442 882 639 937 tectam
662 883 824 940 habet
850 886 1109 942 desiderii
1154 889 1593 952 immobilitatem
1624 933 1638 956 .
1665 907 1730 948 ex
1789 909 1898 965 qua
1938 908 2025 950 se-

441 975 622 1030 cunda
664 977 926 1047 gignitur,
997 978 1126 1034 dum
1179 982 1576 1053 cogitationum
1622 984 1846 1055 puritati
1887 999 2023 1040 con-

437 1061 710 1138 iungitur.
751 1070 1013 1137 Quartam
1072 1075 1521 1144 tranquillitatem
1549 1077 1675 1133 dico
1725 1093 1844 1132 eam
1899 1093 2022 1148 quae

439 1176 636 1216 omnes
663 1163 958 1219 sensihiIes
1001 1167 1274 1236 imagines
1299 1183 1365 1224 ex
1395 1169 1726 1240 cogitatione
1783 1170 2019 1240 repellit,

437 1267 504 1305 ex
529 1268 635 1323 qua
662 1255 907 1309 nascitur
939 1256 1122 1323 tertia,
1155 1259 1285 1314 dum
1345 1260 1492 1316 mille
1516 1271 1644 1317 sunt
1678 1263 2018 1319 sensibilium

439 1346 709 1416 imagines
739 1363 861 1419 qua:
891 1349 1086 1405 anima:
1123 1350 1416 1406 aﬂc-ctuum
1447 1353 1660 1422 objecta
1721 1369 2024 1424 repraesen-

438 1448 576 1494 tent.
609 1459 629 1492 ι
666 1439 785 1497 lluc
836 1441 975 1497 adde
1006 1444 1152 1515 quod
1185 1445 1554 1516 tranquillitas
1619 1457 1703 1504 est
1758 1450 2019 1519 paciﬁcus

438 1533 636 1612 animm
697 1544 896 1603 status,
957 1549 1179 1609 propter
1235 1555 1396 1610 quem
1446 1542 1512 1596 ad
1560 1542 1764 1597 malum
1811 1542 2018 1600 moveri

436 1628 636 1682 nescit.

2121 611 2342 666 πάντων
2376 610 2485 665 τῶν
2524 610 2708 666 καλῶν
2750 611 3235 683 καθοπλισάμενοι,
3275 613 3373 677 τὰς
3418 616 3699 678 σκοτεινὰς

2120 701 2230 758 τῶν
2259 702 2531 773 δαιμόνων
2556 703 2900 772 διακόψωμεν
2927 703 3234 772 φάλαγγας.
3259 705 3336 757 Οὐ
3365 703 3475 776 γὰρ
3502 705 3562 758 τὸ
3590 723 3698 776 μη-

2121 796 2241 851 κέτι
2272 797 2477 866 πρᾶξαι
2507 798 2576 850 τὰ
2600 799 2749 852 κακὰ
2775 797 2936 869 μόνον
2966 798 3317 870 καθαρότητα
3356 799 3530 871 φέρει,
3562 800 3700 854 ἀλλὰ

2121 891 2218 944 καὶ
2248 889 2308 942 τὸ
2338 888 2627 959 ἐπιμελείᾳ
2667 889 2777 943 τῶν
2817 888 3020 954 καλῶν,
3065 891 3408 962 κατακράτος
3437 891 3698 960 ἀθετῆσαι

2119 980 2191 1034 τὰ
2216 979 2384 1035 κακά.
2432 998 2451 1033 ι
2492 981 2605 1034 Καὶ
2632 983 2661 1034 6
2689 981 2845 1048 ἅγιος
2874 967 3126 1051 Μάξιμος
3155 982 3212 1036 δὲ
3241 983 3521 1053 τετραχῶς
3561 1001 3695 1038 ταυ-

2119 1089 2222 1142 την
2249 1073 2469 1142 διαιρεῖ,
2495 1071 2639 1126 οὕτω
2659 1073 2882 1143 φάσκων
2902 1090 2916 1105 ·
2941 1092 2960 1125 ι
2988 1074 3220 1145 Πρώτην
3244 1075 3512 1129 ἀπάθειαν
3535 1074 3694 1144 λέγω,

2121 1164 2224 1237 τὴν
2253 1166 2392 1237 πρὸς
2423 1165 2699 1237 ἁμαρτίαν
2730 1165 2839 1225 ,τοῦ
2874 1165 3126 1236 σώματος
3158 1168 3279 1220 κατ’
3305 1167 3580 1239 ἐνέργειαν
3605 1168 3698 1221 ἀν-

2125 1259 2335 1327 έπαφον
2378 1259 2612 1330 κίνησιν.
2639 1259 2909 1328 Δευτέραν
2939 1259 3206 1312 ἀπάθειαν
3234 1259 3396 1328 λέγω,
3431 1261 3528 1330 τὴν
3557 1261 3698 1313 κατὰ

2122 1348 2302 1420 ψυχὴν
2331 1349 2441 1403 τῶν
2465 1350 2727 1420 ὲμπαθῶν
2755 1350 3034 1420 λογισμῶν
3067 1351 3280 1404 τελείαν
3309 1350 3600 1422 ἀποϐολὴν,
3627 1351 3696 1403 δι’

2123 1435 2192 1512 ἧς
2227 1443 2262 1511 ἡ
2300 1442 2409 1495 τῶν
2453 1441 2644 1496 παθῶν
2692 1443 3132 1515 ἀπομαραίνεται
3179 1442 3321 1496 κατὰ
3347 1441 3443 1512 τὴν
3476 1441 3698 1513 πρώτην

2124 1532 2397 1588 ἀπάθειαν
2424 1535 2657 1603 κίνησις,
2684 1533 3016 1599 ὲξάπτοντας
3051 1534 3223 1604 αὐτὴν
3256 1533 3392 1604 πρὸς
3419 1533 3696 1604 ἐνέργειαν

2124 1625 2226 1678 οὐκ
2257 1624 2455 1696 ἔχουσα
2500 1629 2625 1690 τοὺς
2657 1627 2924 1697 ἐμπαθεῖς
2950 1626 3267 1696 λογισμούς.
3311 1626 3516 1696 Τρίτην
3547 1625 3691 1678 ἀπά-

437 1720 592 1772 θειαν
622 1713 794 1781 λέγω,
823 1709 922 1783 τὴν
952 1709 1083 1780 περὶ
1114 1707 1182 1762 τὰ
1235 1705 1387 1776 πάθη
1420 1704 1637 1758 τελείαν
1670 1704 1772 1774 τῆς
1812 1703 2110 1774 ἐπιθυμίας
2148 1707 2468 1774 ἀκινησιαν,
2505 1706 2574 1760 δι’
2605 1709 2672 1781 ην
2703 1713 2798 1767 καὶ
2849 1715 2884 1785 η
2910 1714 3142 1786 δευτέρα
3176 1718 3423 1776 γίνεσθαι
3456 1721 3694 1788 πέφυκε,

443 1813 639 1883 17115;”,
676 1805 957 1877 λογισμῶν
1003 1802 1344 1873 καθαρότητι
1393 1801 1790 1872 συνισταμένη.
1846 1800 2132 1871 Τετάρτην
2190 1801 2464 1858 ἀπάθειαν
2510 1803 2682 1875 λέγω,
2740 1806 2840 1880 τὴν
2877 1809 3024 1865 κατὰ
3075 1812 3319 1868 διάνοιαν
3369 1814 3560 1868 πασῶν
3587 1815 3696 1868 τῶν

441 1907 720 1979 αἰσθητῶν
745 1905 1060 1976 φαντασιῶν
1093 1902 1307 1957 τελείαν
1354 1899 1644 1964 ἀπόθεσιν,
1681 1897 1805 1952 καθ’
1849 1895 1919 1969 ἢν
1948 1897 1982 1969 ἡ
2008 1899 2169 1970 τρίτη
2201 1899 2301 1968 τὴν
2330 1901 2548 1969 γένεσιν
2579 1903 2829 1973 εἴληφεν,
2873 1906 2976 1960 οὐκ
3000 1907 3235 1976 ἔχουσαν
3263 1909 3362 1970 τὰς
3393 1909 3696 1979 φαντασίας

441 2004 551 2058 τῶν
593 2001 893 2072 αἰσθητῶν,
935 1996 1313 2061 εἰδοποιούσας
1341 1997 1480 2067 αὐτῇ
1514 1993 1626 2048 τῶν
1650 1991 1838 2047 παθῶν
1863 1993 1964 2056 τὰς
2001 1993 2237 2058 εἰκόνας.
2279 2013 2300 2048 ι
2340 1995 2503 2050 ’Έτι⁹
2535 2013 2557 2049 ι
2585 1992 2859 2056 Ἀπάθειά
2889 2001 3039 2056 εστιν
3065 2003 3322 2075 εἰρηνικὴ
3354 2004 3692 2066 κατάστασις

442 2097 650 2173 ψυχῆς,
680 2093 805 2152 καθ’
835 2093 904 2163 ἢν
933 2092 1256 2154 δυσκίνητος
1291 2087 1505 2157 γίνεται
1538 2085 1677 2158 πρὸς
1703 2084 1922 2139 κακίαν.
1953 2101 1974 2137 ι

763 2262 897 2316 Item
930 2260 996 2316 de
1040 2260 1258 2328 apathia
1310 2267 1362 2318 et
1423 2257 1763 2327 perfectione.

523 2389 618 2447 87.
669 2391 838 2463 lgitur
877 2401 1100 2448 sanctus
1158 2389 1394 2462 Ephrem
1449 2389 1518 2444 de
1555 2387 1776 2457 apathia
1806 2397 1862 2443 et
1919 2401 2042 2456 per-

457 2484 694 2542 fectione
724 2485 800 2539 ita
831 2485 1057 2540 disserit
1094 2502 1109 2538 :
1151 2503 1170 2537 t
1211 2482 1312 2550 Qui
1343 2482 1630 2540 aﬂ‘ectibus
1690 2481 1875 2537 mundi
1916 2489 2045 2536 sunt

456 2587 511 2634 et
564 2578 634 2634 ad
693 2592 970 2633 summum
1035 2578 1238 2633 bonum
1301 2577 1560 2632 ardenter
1615 2573 1865 2637 tendunt,
1918 2573 2044 2627 inli—

459 2668 631 2722 nitam
665 2681 820 2725 suam
843 2665 1229 2738 perfectionem
1248 2667 1481 2735 faciunt,
1506 2681 1574 2723 eo
1601 2665 1747 2737 quod
1773 2670 2044 2720 honorum

460 2771 786 2818 nternorum
819 2777 927 2817 non
960 2772 1041 2819 est
1073 2762 1215 2819 linis.
1241 2759 1421 2818 Finita
1456 2762 1672 2832 quidem
1711 2769 1818 2828 est,
1858 2774 2047 2831 respe-

460 2867 546 2911 ctu
572 2856 639 2912 ad
667 2857 918 2911 humanae
950 2857 1206 2929 potentiae
1232 2872 1544 2913 mensuram
1571 2872 1586 2921 ;
1618 2855 1832 2913 inﬁnita
1893 2833 2047 2921 vero,

467 2959 654 3022 utpote
717 2951 958 3020 seipsam
1020 2949 1431 3019 transgrediens
1481 2948 1816 3018 quotidiauis
1869 2948 2050 3002 incre-

2336 2267 2465 2322 Ἔτι
2494 2267 2627 2337 περὶ
2657 2266 2950 2332 ἀπαθείας
2978 2263 3078 2320 καί
3105 2261 3492 2328 τελειότητος·

2217 2411 2329 2476 πζ’.
2366 2412 2476 2465 Καὶ
2505 2409 2637 2480 γοῦν
2661 2410 2758 2464 καὶ
2780 2411 2810 2463 6
2835 2409 2991 2476 ἆγιος
3029 2406 3294 2476 Ἐφραὶμ,
3319 2399 3458 2473 περί
3486 2415 3545 2452 τε
3578 2398 3725 2452 ἀπα-

2147 2506 2297 2569 θείας
2349 2504 2444 2559 καὶ
2469 2505 2826 2575 τελειότητος,
2871 2501 3014 2556 οὕτω
3046 2495 3388 2567 διαγορεύει·
3425 2511 3446 2545 ι
3489 2492 3552 2544 Ui
3583 2489 3727 2543 ἁπα-

2147 2599 2262 2668 θεῖς
2294 2601 2433 2672 πρὸς
2459 2598 2522 2652 τὸ
2567 2597 2739 2667 ἄκρον
2781 2594 2972 2664 ὲφετδν
3001 2590 3316 2663 ἀκορέστως
3347 2581 3729 2655 ὑπερεκτεινό-

2149 2714 2324 2769 μενοι,
2363 2692 2653 2748 ἀτέλεστον
2681 2687 2896 2742 ποιοῦσι
2941 2685 3042 2755 τὴν
3074 2681 3392 2751 τελειότητα
3414 2694 3430 2711 ο
3458 2675 3591 2730 διότι
3618 2673 3730 2725 τῶν

2149 2763 2383 2845 αἰωνίων
2414 2781 2638 2853 ἀγαθῶν
2676 2779 2831 2842 τέλος
2871 2778 2972 2831 οὐκ
3002 2775 3172 2829 ἐστιν.
3219 2773 3363 2835 Ἔτι,
3395 2766 3573 2822 τελεία
3607 2763 3728 2835 μὲν,

2148 2881 2272 2936 ὅσον
2321 2876 2459 2946 πρὸς
2506 2873 2568 2927 τὸ
2624 2871 2824 2942 μέτρον
2875 2867 2976 2938 τῆς
3028 2863 3378 2936 ἀνθρωπίνης
3425 2858 3729 2946 δυνάμεως.

2163 2945 2477 3029 Ἀτέλεστος
2499 2965 2578 3026 δὲ,
2601 2963 2676 3026 ὡς
2698 2960 2788 3015 ἀεὶ
2818 2957 3222 3028 ὑπερϐαίνουσα
3253 2952 3452 3020 ἑαυτὴν
3471 2950 3586 3010 ταῖς
3609 2945 3728 2999 καθ’

464 3045 686 3111 mentis,
746 3045 1100 3116 seipsamque
1148 3052 1414 3113 perpetuo
1453 3042 1712 3112 attollens
1773 3041 1841 3096 ad
1879 3038 2050 3095 Deum

2153 3065 2365 3137 ἡμέραν
2385 3057 2753 3131 προσθήκαις,
2767 3053 2863 3108 καὶ
2883 3051 3019 3121 ὑψου
3029 3050 3165 3121 μένη
3187 3044 3449 3118 διηνεκῶς
3463 3037 3734 3137 ταῖς-πρὸς

463 3139 827 3197 ascendendo.
849 3138 1114 3194 Similiter
1135 3148 1189 3194 et
1209 3147 1437 3195 sanctus
1459 3136 1613 3192 Nilus
1628 3135 1695 3192 de
1719 3134 2054 3207 perfectione

2317 3129 2669 3208 ἀναϐάσεσιν.
2707 3167 2726 3200 ι
2782 3144 3014 3215 Ὁμοίως
3042 3141 3102 3196 δὲ
3147 3138 3240 3192 καὶ
3284 3138 3314 3190 6
3358 3134 3512 3204 ἅγιος
3543 3129 3733 3191 Νεῖλος

465 3233 538 3288 ita
573 3231 816 3301 loquitur
847 3231 1027 3287 «Duas
1078 3228 1447 3301 perfectiones
1502 3244 1630 3285 esse
1695 3225 2047 3297 cogitandum

2154 3251 2297 3305 οὓτω
2325 3247 2453 3316 περί
2483 3241 2824 3309 τελειότητός
2853 3251 3026 3308 φησι·
3065 3251 3084 3286 ι
3107 3231 3229 3286 Δύω
3257 3226 3598 3294 τελειότητας
3618 3238 3734 3316 νοηξ

465 3333 545 3379 est
587 3341 602 3378 :
661 3339 828 3381 unam
875 3323 1098 3395 quidem
1150 3321 1540 3391 temporalem,
1582 3320 1810 3376 alteram
1867 3326 2050 3374 autem

2155 3343 2304 3397 τέον·
2356 3315 2484 3409 μίαν
2519 3334 2617 3405 μὲν
2648 3331 3004 3402 πρόσκαιρον,
3058 3325 3188 3396 μίαν
3222 3323 3280 3377 δὲ
3329 3320 3573 3374 αἰώνιον·
3610 3315 3738 3384 περὶ

468 3425 727 3473 aeternam
758 3430 774 3480 ;
810 3414 878 3470 de
897 3427 1003 3484 qua
1037 3412 1230 3468 scribit
1257 3413 1553 3483 Apostolus
1577 3410 1842 3477 «Quando
1871 3418 2052 3466 autem

2156 3427 2224 3505 ἦς
2255 3431 2456 3502 γράφει
2486 3430 2514 3482 6
2547 3422 2871 3484 Ἀπόστολος
2893 3437 2906 3453 ο
2945 3437 2964 3471 t
2995 3418 3167 3472 Ὅταν
3191 3416 3247 3469 δὲ
3277 3413 3407 3486 ἔλθῃ
3434 3411 3494 3465 τὸ
3518 3409 3738 3469 τέλειον,

470 3509 676 3565 venerit
705 3507 850 3578 quod
872 3503 1170 3576 perfectum
1210 3513 1314 3568 est.
1367 3512 1499 3559 tunc
1525 3503 1885 3558 evacuabitur
1909 3502 2054 3572 quod

2157 3499 2368 3578 sdrsvtrb
2414 3522 2478 3572 ἐκ
2515 3517 2716 3588 μέρους
2747 3509 3250 3582 καταργηθήσεται.
3287 3524 3308 3557 ι
3361 3503 3437 3556 T6
3463 3500 3592 3571 γὰρ,
3613 3499 3740 3552 ὅταν

472 3609 553 3655 est
566 3614 630 3655 ex
657 3606 810 3668 parte
833 3597 936 3653 ⁸³.»
957 3596 1092 3651 lllud
1111 3595 1282 3660 enim,
1311 3591 1910 3664 quandoveneritquod
1933 3606 2060 3661 per-

2161 3615 2294 3687 ἔλθῃ
2321 3613 2382 3667 τὸ
2414 3587 2644 3674 τέλειον,
2683 3605 2963 3678 σημαίνει,
2991 3604 3074 3656 ὄτι
3102 3596 3335 3654 ἐνταῦθα
3370 3594 3430 3649 οὒ
3462 3587 3734 3660 δυνάμεθα

473 3691 674 3749 lectum
702 3699 808 3757 est,
848 3689 1122 3762 significat
1149 3703 1249 3744 nos
1267 3688 1354 3743 hic
1378 3687 1606 3756 nequire
1662 3683 1902 3739 divinam
1935 3697 2058 3753 per-

2161 3673 2410 3779 χωρῖῆσαι
2453 3702 2554 3774 τὴν
2593 3673 3126 3765 θείαν-τελειότητα.
3169 3710 3190 3744 ι
3227 3690 3380 3742 Ἔτιο
3433 3709 3452 3738 ι
3495 3684 3614 3737 Δύω
3653 3698 3742 3779 τεο

475 3781 762 3838 lcctionern
797 3778 1046 3850 assequi.
1079 3795 1098 3830 ι
1137 3775 1206 3832 Ει
1229 3777 1432 3842 adhuc,
1462 3775 1640 3830 «Duas
1695 3774 2061 3845 perfectiones

2163 3770 2444 3868 λειότητας
2477 3770 2688 3856 Ῑίαῦλος
2725 3795 2758 3846 6
2799 3789 3090 3851 θεσπέσιος
3139 3783 3460 3838 ἐπίσταται*
3506 3779 3601 3831 καὶ
3636 3770 3742 3868 οἶδε

477 3873 691 3929 divinus
725 3869 929 3926 Paulus
963 3867 1164 3932 noscit,
1215 3865 1543 3922 eteumdem
1595 3863 1700 3918 scit
1757 3860 2058 3932 perfectum

2162 3893 2256 3947 τὸν
2318 3860 2481 3943 αὐτὸν
2531 3885 2736 3939 τέλειον
2762 3923 2778 3948 ,
2829 3880 2922 3935 καί⁵
2951 3880 3014 3933 οὐ
3059 3876 3265 3931 τέλειον
3311 3871 3596 3941 ἄνθρωπον
3621 3881 3639 3899 ο
3668 3865 3742 3926 ὡς

477 3973 528 4021 et
544 3980 656 4021 non
681 3960 985 4032 perlectum
1008 3959 1310 4023 hominem,
1342 3957 1522 4029 quoad
1543 3966 1864 4027 praesentem
1894 3954 2062 4008 vitam

2168 3986 2270 4057 μὲν
2298 3983 2437 4053 πρὸς
2482 3979 2576 4032 τὸν
2613 3975 2862 4047 παρόντα
2910 3972 3047 4043 βίον,
3093 3969 3296 4024 τέλειον
3328 3963 3620 4057 λεγόμενον
3651 3958 3745 4012 ἆν-

481 4060 753 4132 perfectus
776 4058 945 4112 homo
984 4069 1107 4108 esse
1129 4053 1333 4109 dicitur
1367 4070 1381 4108 :
1408 4058 1658 4120 respectu
1689 4056 1870 4103 autem
1907 4047 1976 4101 ad
2001 4045 2065 4101 il-

2168 4045 2392 4145 θρωπόν
2417 4087 2431 4101 ⁸
2458 4069 2533 4132 ὡς
2565 4068 2624 4122 δὲ
2651 4045 2787 4136 πρὸς
2810 4063 2904 4116 τδν
2927 4059 3146 4129 ἀληθῶς
3175 4057 3398 4119 τέλειον,
3432 4053 3492 4106 οὒ
3523 4050 3745 4104 τέλειον.

482 4165 588 4212 tum
611 4149 707 4220 qui
728 4162 855 4204 vere
880 4144 1151 4218 perlectus
1165 4151 1269 4207 est,
1293 4138 1839 4209 dicitur.imperl'ectu
1858 4151 1906 4193 s.
1935 4133 2067 4191 Ideo

2166 4133 2258 4220 Até
2283 4178 2469 4232 φησιν,
2498 4159 2612 4228 Οὐχ
2653 4133 2738 4210 ὅτι
2779 4153 2972 4206 ἔλαϐον
2996 4150 3100 4223 ἠδη
3145 4146 3526 4214 τετελείωμαι.
3563 4160 3582 4192 ι
3637 4139 3746 4232 Καὶ

480 4245 679 4316 inquit,
709 4239 860 4297 «Non
890 4238 1038 4310 quod
1066 4235 1274 4307 accepi.
1309 4236 1431 4290 ideo
1465 4233 1745 4306 perfectus
1774 4246 1897 4288 sum
1931 4231 2000 4286 “.
2041 4249 2061 4284 ι

2173 4254 2473 4330 μετ’όλίγα
2504 4251 2682 4322 λέγει·
2723 4268 2745 4302 ι
2772 4249 2928 4302 Ὅσοι
2955 4235 3062 4299 οὖν’
3086 4241 3304 4307 τέλειοι,
3335 4236 3495 4294 τοῦτο
3536 4231 3747 4306 φρονῶ-

482 4343 548 4398 Et
576 4343 740 4414 paulo
759 4347 903 4408 post:
932 4355 950 4390 ι
984 4335 1324 4406 Quicumque
1345 4332 1570 4404 perfecti
1595 4347 1812 4398 sumus,
1831 4328 2068 4400 idlpsum
2175 4328 2296 4420 μεν,
2340 4368 2359 4402 ,

482 4436 796 4490 sentiamus
815 4430 917 4484 ⁸⁸.»

557 4549 634 4604 De
665 4547 884 4617 affectu,
916 4545 981 4599 de
1005 4544 1199 4617 σπεεξη
1215 4542 1380 4605 dulci,
1409 4541 1473 4595 de
1497 4539 1695 4617 affectu
1752 4538 2070 4600 vehementi,

914 4626 964 4671 et
992 4612 1063 4670 de
1082 4615 1308 4684 eiectus
1347 4612 1610 4666 carentia.

556 4711 648 4768 88.
689 4709 828 4766 Dicit
856 4717 1038 4765 autem
1067 4716 1294 4764 sanctus
1337 4705 1486 4760 Elias
1510 4702 1675 4773 iudex
1707 4721 1722 4757 :
1757 4700 1926 4758 «Mala
1956 4715 2076 4755 ma-

491 4806 649 4872 teria,
686 4803 937 4875 corporis
973 4803 1218 4874 quidem,
1248 4799 1481 4856 allectus
1514 4804 1624 4865 est,
1658 4796 1859 4850 anima
1920 4807 2076 4858 vero,

2188 4851 2206 4884 ι
2248 4796 2388 4900 ’Ύλη
2420 4796 2656 4898 πονηρὰ,
2699 4826 2952 4898 σώματος
2992 4796 3112 4894 μέν,
3142 4821 3419 4895 έμπάθεια
3440 4838 3454 4855 ο
3479 4819 3656 4891 ψυχῆς
3679 4817 3755 4881 δὲ,

487 4901 720 4958 affectus
762 4897 944 4954 dulcis
972 4935 989 4963 ,
1010 4895 1210 4952 mentis
1253 4906 1459 4960 autem,
1491 4889 1724 4946 allectus
1760 4887 2076 4943 vehemens.

2181 4887 2488 4992 ἡδυπάθεια
2508 4935 2521 4948 ⁸
2546 4887 2916 4989 ’.προσπόίθεια
2952 4887 3032 4980 δέ,
3059 4887 3156 4967 τοῦ
3177 4887 3335 4977 ,νοός.
3370 4887 3759 4981 Κατηγορεῖται

489 4993 826 5049 Ριοεεάἰεειιιι-
856 5004 1022 5061 porro
1051 4989 1121 5044 de
1161 4987 1360 5058 prima,
1387 4994 1564 5042 tactus
1589 5023 1604 5050 ,
1634 4983 1702 5038 de
1721 4979 1985 5045 secunda,
2019 4995 2076 5035 re

2181 4979 2261 5078 ἑὲ,
2290 5013 2392 5084 τῆς
2423 5013 2543 5083 μὲν,
2587 4979 2738 5080 ἆφήο
2783 5009 2884 5078 τῆς
2903 5007 2983 5074 δι,
3014 5009 3069 5060 αἰ
3101 5005 3287 5058 λοιπαί
3313 4979 3615 5074 αἰσθήσεις.
3652 4998 3759 5067 Τῆς

493 5086 624 5156 liqui
649 5099 870 5140 sensus.
900 5081 972 5136 De
991 5081 1154 5137 tertia
1175 5080 1381 5144 autem,
1408 5075 1685 5134 contraria
1717 5073 2070 5144 dispositio.»

2183 5073 2602 5166 Semele-uratum
2637 5073 2862 5156 ἐναντία
2895 5094 3322 5161 διάθεσις.»⁹Ἐτι
3342 5111 3356 5125 ·
3388 5111 3407 5146 ι
3445 5073 3504 5147 Ὅ
3525 5092 3623 5163 μὲν
3640 5089 3760 5160 ἠδυ-

495 5179 561 5235 Ει
598 5178 778 5233 atlhuc
805 5212 823 5230 .
877 5193 896 5228 ι
927 5175 1030 5242 Qui
1066 5174 1258 5229 dulces
1283 5171 1512 5228 atl'ectus
1573 5170 1763 5232 sentit.
1793 5168 2076 5238 proximus

2186 5195 2368 5265 παθὴς
2396 5192 2627 5262 πλησίον
2660 5190 2779 5244 ἐστὶ
2811 5188 2908 5243 τοῦ
2933 5186 3216 5259 ὲμπαθοῦς
3235 5202 3250 5217 ο
3277 5187 3304 5239 6
3335 5184 3392 5239 δὲ
3418 5180 3755 5255 προσπαθὴς,

493 5282 576 5327 est
600 5272 650 5325 ei
674 5270 768 5339 qui
798 5282 1033 5340 corpore
1060 5265 1330 5330 adicitur;
1363 5263 1455 5331 qui
1480 5261 1856 5324 vehementes,
1890 5259 2076 5331 proxi-

2187 5289 2280 5343 τοῦ
2319 5259 2658 5358 ηδυπαθοῦς·
2695 5281 2913 5356 μακρὰν
2940 5281 3000 5335 δὲ
3028 5278 3376 5352 ἀμφοτέρων,
3407 5275 3437 5328 6
3465 5273 3698 5338 ἀπαθής.
3730 5290 3746 5323 ι

497 5378 620 5420 mus
647 5365 696 5418 ei
729 5363 824 5433 qui
855 5361 1045 5418 dulces
1072 5359 1304 5423 habeat;
1338 5358 1496 5429 longe
1526 5364 1730 5410 auten»
1749 5354 1820 5409 ab
1851 5362 2086 5424 utroque

498 5468 602 5520 est.
630 5458 724 5526 qui
763 5456 942 5510 nullos
997 5453 1302 5525 experitur.

502 5524 748 5618 Quid—est
793 5524 1127 5618 corporeum,
1169 5544 1403 5618 dulcem,
1443 5540 2084 5618 vehemententLttullum
2195 5524 2255 5579 Τί

605 5622 856 5692 aﬂ'ectttm
888 5612 1146 5688 experiri.
1165 5627 1216 5671 et
1241 5616 1303 5669 de
1328 5614 1655 5686 singulorum
1683 5612 1977 5669 curatione.

571 5713 661 5770 89.
702 5711 983 5784 Corporeo
1031 5709 1231 5765 all‘ectu
1265 5717 1368 5772 est,
1399 5705 1492 5776 qui
1527 5703 1791 5776 peccandi
1825 5704 1931 5759 vim
1965 5701 2081 5758 vio-

2104 4587 2150 4645 ο
2180 4553 2318 4622 Περί
2365 4551 2710 4625 ἐμπιιθεεᾳς,
2751 4545 3146 4645 ὴδρέρέείας,
3191 4543 3620 4616 προσπαθείας,
3655 4541 3753 4597 καί

2813 4618 3128 4684 ἀπαθείας.

2252 4742 2364 4806 πη’.
2423 4733 2590 4804 Λέγει
2648 4732 2706 4787 δὲ
2755 4732 2856 4787 καὶ
2905 4733 2934 4786 6
2985 4730 3143 4801 ἅγιος
3199 4729 3388 4794 Ἠλίας
3436 4730 3465 4784 6
3514 4726 3753 4788 ἔκδικος·

2305 5521 2478 5576 ἐστιν
2519 5509 2817 5584 ἐμπαθὴς,
2859 5500 3213 5584 ᾐδρπαθὴς,
3261 5487 3637 5584 ripae-3339915,
3667 5481 3762 5535 καί

2315 5561 2898 5656 ῖεὶἇὸήξτῖἇΐέτὶερὶ
2928 5561 3249 5642 θεραπείας
3277 5561 3642 5634 ἀμφοτέρων.

2265 5704 2374 5758 πθ’.
2423 5719 2443 5754 ι
2500 5693 2786 5768 Ἐμπαθής
2828 5692 2982 5746 ἔστιν
3021 5689 3050 5743 6
3097 5684 3156 5740 τδ
3207 5674 3585 5753 ἁμαρτητικὸν
3635 5668 3766 5736 ἔχων

577 5898 620 5929 ⁸³
647 5895 666 5951 1
691 5894 819 5951 l‘or.
863 5911 984 5963 χιιι,
1021 5894 1107 5950 ιο.
1218 5893 1261 5926 ⁸⁵
1289 5889 1529 5962 Philipp.
1561 5901 1644 5957 ut,
1675 5884 1761 5942 12.
1841 5885 1886 5918 ⁸⁵
1917 5884 2053 5942 Ibid.
2102 5885 2187 5942 13.
