4058 6450
333 388 437 449 78’¹

1545 389 1933 455 OPUSCULA
1976 400 2109 456 ASC
2121 402 2355 466 E'I'ICA.

3486 404 3592 466 790

336 525 429 582 τοῦ
479 522 739 593 λογισμοῦ
796 521 1119 593 βιαιότερον,
1171 520 1273 575 κᾶν
1320 517 1456 582 τέως
1498 517 1575 591 μὴ
1619 517 1934 587 ἁμαρτάνῃ

2027 518 2288 572 entioreui
2310 519 2477 574 sentit
2505 533 2667 589 quam
2693 518 3096 590 cogitationem.
3157 518 3327 575 Dulce
3358 518 3590 575 aﬂcitnr

332 619 512 682 ἐκτός.
569 614 881 685 Ἦδυπαθὴς
930 613 1010 677 δὲ,
1050 613 1078 666 6
1119 612 1218 682 τὴν
1264 610 1546 679 ἐνέργειαν
1589 607 1688 677 τῆς
1731 607 1910 675 ἀμαρ-

331 708 450 772 τίας
497 706 635 777 ἔχων
686 702 1085 774 ἀσθενεστέραν
1124 699 1217 754 τοῦ
1259 696 1547 769 λογισμοῦ,
1597 696 1702 751 κᾶν
1729 695 1915 767 πάσχῃ

332 798 483 862 ἐκτός
514 796 607 869 [ἐν
634 794 775 849 ἄλλ.
809 791 1007 865 ἐντός].
1040 791 1373 864 Προσπαθὴς
1410 790 1490 856 δὲ,
1526 790 1555 842 6
1591 789 1658 859 τῇ
1692 784 1910 839 ἐλευθε-

334 893 426 964 ρίᾳ
461 890 684 961 μᾶλλον,
728 886 763 957 ἢ
805 889 872 958 τῇ
899 886 1116 957 δουλείᾳ
1140 884 1249 939 τῶν
1284 884 1465 955 μέσων
1494 880 1914 952 προσκείμενος.

344 980 588 1051 Ἀπαθὴς
630 980 673 1032 δ’
702 977 767 1032 ἂν
812 977 922 1048 εῐη,
950 978 978 1031 6
1008 977 1213 1031 τούτων
1254 975 1472 1029 πάντων
1525 974 1623 1043 τὴν
1652 969 1918 1039 διαφοράν

332 1073 562 1143 ἀγνοῶν.
610 1071 887 1135 Ὡσαύτως
938 1070 1120 1141 μέντοι
1165 1068 1260 1123 καὶ
1288 1066 1547 1139 περὶτῆς
1589 1062 1919 1135 ἀμφοτέρων

258 1181 276 1200 ο
334 1164 654 1235 θεραπείας,
704 1162 829 1218 τάδε
871 1163 1158 1231 διασαφεῖ·
1210 1157 1510 1214 ἀπόλλυται
1578 1155 1644 1207 ἐκ
1715 1149 1916 1221 ψυχῆς,

333 1256 608 1328 ἐμπάθεια
651 1256 768 1326 μὲν,
798 1254 886 1309 διὰ
935 1251 1186 1324 νηστείας
1215 1250 1308 1304 καὶ
1338 1244 1684 1319 προσευχῆςτ
1711 1242 1919 1314 ὴδυπά·

335 1348 457 1401 θεια
488 1347 567 1411 δὲ,
600 1347 667 1400 δι’
701 1345 1031 1417 ἀγρυπνίας,
1081 1344 1176 1397 καὶ
1229 1341 1440 1410 σιωπῆς
1464 1356 1478 1371 ·
1511 1340 1544 1404 ἡ
1575 1338 1631 1391 δὲ
1667 1336 1919 1407 προσπά-

335 1442 477 1505 θεια,
506 1440 595 1494 διὰ
644 1440 893 1512 ἡσυχίας,
940 1440 1035 1493 καὶ
1075 1435 1371 1510 προσοχῆς·
1425 1430 1664 1488 ἀπάθεια
1700 1428 1757 1482 δὲ
1789 1445 1915 1481 συν.

337 1530 570 1593 ίσταται,
601 1532 664 1582 ἐκ
696 1530 916 1600 μνήμης
944 1524 1104 1580 Θεοῦ.
1141 1543 1160 1577 ι

542 1620 681 1689 Περὶ
708 1620 988 1683 πίστεως,
1018 1614 1290 1679 ἐλπίδος,
1324 1612 1423 1667 καί
1452 1604 1713 1683 ἀγάπης.

404 1735 473 1805 ιζ.
517 1733 658 1788 Ἀλλ’
707 1733 832 1787 ἐπεὶ
863 1732 1083 1786 πάντων
1129 1728 1349 1797 ἀγαθῶν
1402 1724 1571 1797 ἀρχὴ,
1619 1721 1715 1776 καὶ
1751 1720 1915 1791 μεσόσ

338 1845 456 1897 της,
506 1825 602 1879 καὶ
656 1823 830 1887 τέλος,
876 1822 925 1875 εί
960 1819 1165 1890 βούλοιο
1204 1816 1262 1872 δὲ
1288 1818 1492 1871 εἰπεῖν·
1530 1816 1625 1868 καὶ
1658 1811 1912 1885 χορηγὸς,

2018 609 2109 677 qui
2142 610 2351 679 peccati
2384 610 2683 666 emcaeiam
2724 612 3060 683 cogitatione
3098 610 3462 668 inﬁrmiorem
3492 613 3593 667 hac

2006 703 2117 769 bet,
2147 704 2251 758 etsi
2286 711 2438 758 extra
2472 704 2749 773 patiatur;
2786 706 3137 760 vehementer
3178 713 3382 770 autem,
3414 705 3505 773 qni
3527 705 3592 759 li-

2004 793 2196 847 bertati
2225 793 2570 863 magisquam
2589 794 2836 850 servituti
2854 793 3302 849 intermediornm
3324 793 3589 864 snbjacet.

2005 884 2221 939 Nullum
2245 894 2426 939 autem
2463 883 2714 939 aﬁ‘ectum
2752 884 3053 954 experitur,
3084 885 3176 954 qni
3208 886 3453 939 omnium
3489 885 3591 939 ho-

2012 991 2135 1031 rum
2166 975 2531 1031 differentiam
2561 976 2797 1047 ignorat.
2838 974 3105 1031 Similiter
3126 991 3290 1042 porro
3306 977 3371 1031 de
3394 990 3583 1029 eorum

2005 1070 2292 1125 curatione
2332 1070 2448 1125 haec
2482 1069 2730 1137 exponit.
2771 1070 2875 1124 «Ex
2906 1071 3086 1124 anima
3108 1070 3352 1140 rejicitnr
3392 1082 3591 1136 corpo-

2007 1177 2132 1216 reus
2157 1160 2380 1216 all‘ectus
2409 1160 2784 1231 perjejnninm
2810 1161 3180 1217 etorationem
3204 1179 3218 1225 ;
3250 1160 3429 1215 dulcis
3457 1159 3592 1214 aﬁ‘e—

2007 1261 2260 1323 ctus,per
2289 1252 2528 1324 vigiliam
2561 1263 2615 1307 et
2646 1253 2923 1309 silentium
2955 1270 2971 1318 ;
3001 1252 3291 1306 vehemens
3322 1266 3417 1319 per
3445 1262 3595 1305 tran-

2008 1345 2326 1415 quillitatem
2360 1354 2414 1400 et
2435 1345 2819 1411 attentionem;
2853 1344 3120 1399 formatur
3142 1360 3269 1398 vero
3297 1343 3589 1398 all'ectuum

2009 1438 2248 1493 carentia
2275 1452 2341 1492 ex
2376 1438 2468 1494 Dei
2499 1439 2781 1493 memoria,

2367 1613 2439 1669 De
2492 1614 2733 1685 ﬁde,spe
2753 1624 2800 1669 et
2856 1615 3139 1669 charitale.

2077 1703 2169 1761 90.
2207 1705 2312 1761 Sed
2369 1707 2629 1778 quoniam
2658 1708 2904 1763 omnium
2966 1707 3245 1761 bonorum
3268 1704 3595 1775 principium

2002 1807 2057 1853 et
2105 1798 2347 1853 medium
2405 1808 2460 1854 et
2507 1798 2665 1864 ﬁnis;
2699 1800 2743 1855 si
2774 1810 2957 1856 autem
2991 1799 3042 1853 id
3076 1800 3207 1855 velis
3232 1800 3433 1865 dicere,
3486 1800 3598 1853 dux

340 1875 1008 1986 ἐξί’πξᾶτανιξ,’ἑτεστιξ,
1053 1908 1229 1972 ἐλπὶς.
1264 1906 1483 1975 ἀγάπηο
1522 1902 1585 1956 τὸ
1622 1875 1915 1972 τρίπλοκον

2024 1899 2058 1945 -t
2093 1890 2342 1960 princeps
2382 1901 2513 1957 est,
2553 1892 2705 1959 ﬁdes,
2737 1906 2885 1961 spes,
2929 1891 3213 1958 charitas;
3275 1892 3466 1961 triplex
3505 1890 3599 1944 ille

340 2008 621 2079 σπαρτίον,
678 2006 773 2059 καὶ
826 2002 1178 2069 θεοΰφαντον,
1227 1999 1323 2053 καὶ
1371 1996 1573 2068 μᾶλλον
1626 1995 1843 2049 πάντων
1883 1994 1914 2064 ἡ

340 2099 549 2165 ἀγάπη,
579 2100 659 2152 ὅτι
702 2099 731 2150 6
778 2094 913 2157 Θεὸς
944 2092 1134 2163 ἀγάπη
1171 2092 1288 2146 ἐστί
1335 2107 1395 2144 τε
1438 2090 1532 2143 καὶ
1582 2087 1821 2155 λέγεται,
1851 2085 1913 2137 οὐ

339 2196 565 2258 δίκαιον,
601 2193 675 2266 μὴ
707 2193 803 2247 καὶ
839 2192 927 2248 διά
965 2190 1173 2248 τούτων
1215 2207 1278 2247 το
1310 2191 1405 2245 τοῦ
1456 2189 1723 2262 παρόντος
1780 2205 1913 2258 συγ-

341 2288 666 2360 γράμματος
717 2285 964 2340 ἐλλεῖπον
1014 2283 1410 2355 ἀναπληρῶσαι
1491 2301 1511 2337 ε
1575 2281 1791 2335 Μᾶλλον
1837 2278 1916 2345 δὲ,

330 2380 641 2451 ἐπειδήπερ
687 2378 781 2432 καὶ
825 2378 967 2430 κατά
998 2375 1092 2429 τὸν
1142 2375 1300 2443 ἀγιον
1342 2374 1532 2428 Ἰσαάκ
1578 2372 1678 2443 τὴν
1710 2368 1919 2423 τελειό-

338 2488 477 2544 τητα
511 2471 621 2525 τῶν
652 2470 866 2523 πολλῶν
916 2483 1146 2539 καρπων
1172 2464 1269 2519 τοῦ
1298 2464 1634 2535 πνεύματος,
1668 2461 1790 2517 τότε
1833 2476 1920 2524 τις

338 2566 569 2636 δέχεται,
597 2565 724 2619 ὅταν
754 2561 960 2632 ἀξιωθῇ
994 2562 1092 2632 τῆς
1114 2558 1328 2621 τελείας
1360 2557 1606 2637 ἀγάπης.
1650 2574 1669 2608 ›

408 2657 545 2728 Φέρε
576 2655 668 2709 καὶ
711 2655 841 2725 περὶ
881 2653 1054 2722 αὐτῆς
1111 2651 1307 2722 μικρὸν
1340 2642 1923 2722 διαμνημονεύσωμεν.

340 2747 452 2805 Καὶ
483 2745 616 2817 γοῦν
640 2745 842 2816 γράφει
870 2746 897 2798 6
929 2747 1027 2814 τῆς
1061 2742 1345 2812 Κλίμακος
1374 2758 1389 2773 ’
1422 2760 1441 2794 ι
1481 2742 1618 2797 Νυνὶ
1649 2741 1706 2797 δέ
1736 2741 1926 2796 λοιπὸν

345 2840 484 2913 μετά
523 2839 703 2893 πάντα
745 2838 814 2890 τὰ
856 2836 1258 2909 προειρημένα,
1312 2834 1463 2905 μένει
1495 2836 1565 2888 τὰ
1592 2833 1722 2904 τρία
1753 2832 1928 2889 ταῦτα

341 2930 435 2985 τὸν
470 2928 765 2998 σύνδεσμον
792 2927 1011 2981 πάντων
1038 2926 1455 2995 ἐπισφίγγοντα,
1478 2924 1574 2978 καὶ
1599 2914 1926 2996 κρατοῦντα,

348 3023 550 3086 πίστις,
582 3020 757 3083 ἐλπὶς,
787 3018 1008 3088 ἀγάπη·
1047 3017 1252 3086 μείζων
1284 3016 1341 3071 δέ
1380 3017 1605 3079 τούτων,
1639 3018 1673 3087 ὴ
1714 3016 1925 3087 ἀγάπηο

2001 1982 2149 2040 funis
2177 1993 2234 2039 et
2257 1999 2286 2038 a
2320 1982 2429 2040 Deo
2485 1986 2603 2056 ipso
2631 1993 2939 2051 contextus,
2968 1992 3024 2038 et
3067 1984 3272 2055 Optima
3305 2000 3370 2039 ex
3417 1983 3483 2039 iis
3514 1991 3600 2037 cst

2002 2078 2405 2144 charitas,cum
2443 2079 2586 2135 Dens
2609 2081 2851 2136 charitas
2889 2081 2959 2136 sit
2993 2089 3049 2135 et
3092 2080 3329 2145 dicatur,
3363 2095 3469 2134 non
3494 2081 3588 2147 ju-

2001 2180 2144 2225 stum
2174 2180 2322 2226 esset
2351 2187 2457 2226 non
2484 2188 2579 2241 per
2610 2189 2703 2229 eas
2746 2173 2973 2227 virtutes
2998 2172 3143 2242 quod
3160 2171 3285 2227 huic
3313 2172 3465 2242 operi
3502 2171 3596 2226 de-

2004 2260 2078 2317 sit
2104 2260 2420 2331 adimplere.
2450 2260 2561 2317 tEo
2597 2264 2982 2334 magis,.qnod,
3016 2263 3174 2334 juxta
3205 2273 3457 2318 sanctum
3488 2260 3600 2316 Isa-

2008 2368 2072 2409 ac
2104 2353 2404 2410 multorum
2426 2354 2669 2426 Spiritus
2694 2357 2868 2412 sancti
2894 2357 3172 2412 fructuum
3202 2355 3597 2427 perfectionem

2007 2447 2208 2517 aliquis
2277 2448 2496 2520 accipit,
2556 2464 2679 2505 cum
2739 2450 2977 2521 perfecta
3027 2450 3305 2506 charitate
3382 2449 3586 2518 dignus

2010 2540 2233 2595 habitus
2252 2550 2357 2596 est.

2079 2631 2261 2689 Pauca
2295 2634 2458 2703 igitur
2495 2645 2551 2693 et
2577 2635 2647 2693 de
2688 2651 2752 2692 ea
2796 2650 3193 2692 memoremus.
3229 2635 3439 2691 Scribit
3486 2634 3602 2690 Cli-

2013 2740 2135 2780 max
2173 2742 2190 2781 :
2235 2744 2254 2779 ι
2284 2726 2442 2782 Nunc
2482 2738 2604 2799 post
2648 2730 2834 2785 omnia
2873 2745 2998 2801 quae
3024 2729 3270 2785 diximus
3314 2737 3604 2783 remanent

2013 2817 2113 2873 tria
2140 2819 2254 2874 haec
2283 2821 2528 2876 omnium
2551 2821 2829 2878 vinculum
2864 2821 3307 2892 constringentia
3333 2829 3387 2875 et
3424 2819 3601 2875 domi-

2013 2912 2223 2980 nantia,
2258 2911 2393 2969 ﬁdes
2423 2929 2638 2985 nempe,
2668 2930 2794 2984 spes
2818 2922 2874 2969 et
2897 2913 3137 2970 charitas
3163 2931 3179 2980 ;
3220 2914 3393 2984 major
3417 2922 3607 2967 autem

2015 3003 2233 3067 horum,
2266 3004 2508 3061 charitas
2536 3021 2567 3090 ς,
2593 3006 2840 3062 charitas
2887 3006 3036 3063 enim
3072 3005 3221 3062 Deus
3258 3005 3600 3060 nominatur.

346 3117 374 3168 6
402 3113 535 3177 Θεὸς
556 3112 665 3181 γὰρ
686 3109 1032 3180 ὀνομάζεται.
1066 3107 1213 3179 Πλὴν
1240 3107 1438 3178 ἔγωγε,
1462 3108 1562 3178 τὴν
1586 3108 1708 3178 μὲν,
1735 3108 1933 3164 ἀκτῖνα

2024 3093 2128 3167 Ego
2160 3106 2368 3161 tamen,
2407 3112 2574 3153 unam
2616 3098 2861 3169 quidem,
2900 3106 2962 3154 ut
2993 3099 3208 3153 radium
3245 3097 3426 3163 video,
3458 3098 3598 3152 alte-

346 3203 476 3275 όρῶ,
503 3204 602 3273 τὴν
628 3203 704 3265 δὲ,
729 3200 865 3271 φῶς,
891 3200 987 3272 τὴν
1010 3199 1091 3265 δὲ,
1115 3199 1333 3266 κύκλον,
1353 3200 1531 3254 πάντα
1559 3200 1637 3267 δὲ,
1671 3200 1730 3253 ἓν
1755 3200 1932 3255 ἀπαύ-

2024 3200 2164 3250 ram,
2201 3185 2408 3253 lumen,
2437 3188 2654 3243 tertiam
2677 3195 2863 3244 autem
2893 3187 3193 3253 circulum,
3228 3200 3421 3240 omnes
3451 3199 3604 3246 vero,

349 3313 558 3366 γασμα,
597 3295 692 3349 καὶ
730 3294 860 3365 μίαν
909 3293 1296 3364 λαμπρότητα.
1341 3292 1407 3347 Ἠ
1453 3294 1554 3364 μὲν
1595 3294 1706 3365 γάρ
1754 3295 1934 3350 πάντα

2024 3294 2192 3334 unum
2228 3279 2497 3352 fulgorem
2522 3294 2577 3339 et
2599 3282 2971 3349 splendorem.
3018 3277 3139 3334 Una
3169 3279 3391 3350 quidem
3422 3277 3607 3333 omnia

349 3385 571 3440 δύναται
614 3388 787 3440 ποιεῖν
826 3386 917 3438 καὶ
959 3385 1333 3457 δημιουργεῖν,
1380 3384 1480 3456 τὴν
1511 3385 1568 3438 δὲ
1601 3386 1752 3451 ἔλεος
1797 3385 1934 3441 Θεοῦ

351 3476 693 3545 περικυκλοῖ,
748 3475 845 3527 καὶ
885 3472 1318 3543 άκαταίσχυντον
1367 3473 1534 3537 ποιεῖ,
1584 3473 1616 3544 ἡ
1660 3472 1716 3525 δὲ
1746 3473 1805 3526 οὐ
1847 3472 1937 3527 πί-

355 3584 499 3632 πτει,
528 3567 649 3620 οὐδὲ
702 3566 892 3634 στήκει
921 3563 1016 3616 τοῦ
1048 3562 1212 3626 θέειν,
1246 3562 1368 3616 οὐδὲ
1397 3563 1488 3616 τὸν
1516 3562 1792 3630 τρωθέντα
1823 3561 1947 3637 λοι-σί

352 3656 452 3711 πὺν
483 3658 711 3727 ἠρεμεῖν
737 3655 837 3725 τῆς
868 3654 1147 3725 μακαρίας
1203 3652 1400 3721 μανίας
1427 3653 1512 3724 ἐᾷ.
1556 3654 1763 3718 [Ἔτιο
1806 3672 1824 3706 ι
1876 3652 1938 3708 ’0

357 3750 484 3821 περὶ
519 3748 741 3818 ἀγάπης
769 3748 949 3815 λόγος,
981 3746 1238 3815 ἀγγέλοις
1288 3744 1591 3818 γνώριμος,
1639 3745 1937 3813 κάκείνοις,

354 3840 497 3895 κατὰ
540 3840 638 3911 τὴν
687 3839 970 3908 ἐνέργειαν
1002 3839 1100 3909 τῆς
1152 3837 1493 3908 ἐλλάμψεως,
1526 3836 1716 3908 ἀγάπη
1750 3837 1779 3889 6
1806 3838 1941 3902 Θεός

355 3934 523 3986 ἐστιν.
585 3931 646 3985 '0
700 3933 825 4001 ὅρον
880 3931 935 3983 δὲ
991 3930 1183 3984 τούτου
1239 3929 1420 3999 λέγειν
1478 3930 1821 4001 βουλόμενος,
1880 3932 1940 3985 ἐν

354 4024 578 4096 ἀϐύσσῳ
617 4024 948 4093 τυφλώττων
991 4022 1091 4093 τὴν
1143 4010 1371 4093 ψάμμον
1422 4024 1634 4093 μετρεῖ.
1700 4022 1939 4093 ’Δγάπη,

357 4118 495 4171 σοιτά
541 4118 638 4186 μέν
681 4116 781 4186 τὴν
838 4115 1124 4186 ποιότητα,
1171 4114 1433 4185 ὁμοίωσις
1488 4114 1647 4180 Θεοῦ,
1704 4113 1938 4168 καθόσον

356 4208 576 4279 ἐφικτὸν
621 4207 863 4280 βροτοῖςο
900 4206 1043 4261 κατά
1083 4207 1139 4261 δὲ
1192 4206 1497 4278 ἐνέργειαν,
1554 4206 1694 4278 μέθη
1723 4206 1939 4277 ψυχῆς·

358 4303 496 4357 κατὰ
536 4302 592 4355 δὲ
622 4301 721 4372 τὴν
760 4301 1021 4372 ἰδιότητα,
1056 4300 1209 4371 πηγὴ
1258 4299 1519 4363 πίστεως,
1556 4299 1795 4362 άὸυσσος
1834 4317 1944 4371 μα-

358 4392 692 4463 κροθυμίας’,
725 4391 968 4446 θάλασσα
1006 4391 1413 4456 ταπεινώσεως.
1456 4392 1676 4464 Ἀγάπη
1702 4393 1819 4446 ἐστὶ
1851 4410 1949 4446 κυ-

364 4483 494 4552 ρίως
548 4483 810 4548 ἀπόθεσις
853 4484 1115 4547 παντοίας
1161 4482 1411 4547 ἐναντίας
1444 4483 1653 4546 ἐννοίας
1674 4524 1688 4549 ,
1720 4483 1879 4554 εἴπερ
1912 4484 1948 4552 ἠ

2033 3382 2213 3444 potest
2262 3375 2446 3431 facere
2471 3384 2528 3431 et
2562 3374 2779 3446 operari
2812 3391 2828 3442 ;
2890 3372 3189 3432 secundam
3225 3368 3612 3427 misericordia

2025 3464 2115 3520 Dei
2138 3464 2511 3523 circumdatet
2533 3482 2640 3522 non
2661 3466 2923 3523 confundi
2946 3465 3113 3533 sinit;
3143 3464 3303 3519 tertia
3325 3475 3605 3530 nunquam

2024 3558 2230 3627 deﬁcit,
2283 3575 2461 3630 neque
2499 3560 2990 3625 currerc‘desinit,
3037 3572 3218 3628 neque
3267 3571 3396 3613 eum
3440 3569 3605 3625 quem

2025 3653 2407 3720 vulneravit,a
2460 3655 2623 3711 beato
2674 3652 2767 3709 illo
2805 3653 3005 3709 ardore
3046 3653 3335 3722 quiescere
3387 3649 3538 3705 sinit.
3585 3667 3606 3701 ι

2026 3742 2092 3797 Ει
2118 3742 2338 3800 adhuc:
2388 3763 2407 3796 ι
2439 3742 2631 3800 Sermo
2664 3744 2732 3800 de
2761 3744 3052 3810 charitate,
3084 3741 3296 3812 angelis
3331 3750 3516 3805 notus,
3557 3749 3613 3796 et

2024 3836 2134 3892 illis
2177 3852 2273 3906 per
2301 3837 2725 3893 illuminatiouis
2748 3838 3034 3902 virtutem,
3064 3834 3308 3890 charitas
3336 3832 3481 3888 Dens
3506 3844 3611 3890 est.

2026 3929 2130 3995 Qui
2152 3930 2300 3985 illius
2328 3931 2624 3985 terminum
2652 3930 2768 3985 vult
2790 3930 2997 3993 dicere,
3019 3944 3200 3985 caicus
3222 3938 3305 3984 est
3331 3928 3386 3982 in
3410 3928 3613 3998 abysso

2028 4036 2253 4076 arenam
2288 4021 2544 4077 metiens.
2568 4020 2847 4087 Charitas,
2874 4036 2976 4092 pro
3006 4019 3126 4089 ejus
3153 4021 3435 4090 qualitate,
3462 4019 3616 4075 simi-

2028 4113 2200 4168 Iitudo
2230 4126 2355 4168 cum
2390 4112 2501 4167 Deo
2530 4122 2633 4178 est,
2690 4124 2963 4183 quantum
2996 4112 3325 4168 mortalibus
3353 4113 3617 4167 accedere

2028 4208 2095 4262 ad
2122 4223 2245 4262 eum
2273 4207 2432 4273 licet;
2463 4222 2560 4277 pro
2597 4206 2821 4272 virtute,
2844 4208 3054 4273 anima:
3086 4216 3172 4263 est
3200 4207 3441 4261 ebrietas
3469 4221 3484 4269 ;
3522 4220 3614 4261 sc—

2006 4300 2267 4356 ‘cundum
2322 4299 2739 4369 proprietatem,
2777 4299 2901 4354 fons
2950 4310 3036 4356 est.
3082 4299 3318 4365 lidncim,
3360 4298 3619 4368 longani-

2031 4393 2239 4448 mitatis
2295 4392 2552 4464 abyssus,
2612 4393 2947 4449 humilitatis
3000 4408 3175 4449 mare.
3216 4393 3474 4448 Charitas
3528 4402 3615 4447 est

2032 4502 2159 4541 vere
2200 4485 2449 4556 cujusvis
2519 4488 2815 4542 contrariae
2856 4486 3207 4558 cogitationis
3239 4486 3505 4556 repnlsio,
3540 4485 3617 4542 sis

359 4577 571 4647 ἀγάπη,
594 4577 655 4629 οὐ
676 4576 955 4645 λογίζεται
982 4576 1044 4628 τὸ
1072 4564 1261 4629 κακόν.
1302 4575 1539 4646 Ἀγάπη,
1570 4576 1664 4629 καὶ
1689 4576 1934 4644 ἀπάθεια1

2036 4583 2257 4651 quidem
2296 4581 2540 4636 charitas
2586 4596 2694 4637 non
2742 4581 2948 4651 c0gitat
2984 4581 3215 4636 malum.
3252 4580 3534 4646 Charitas,
3564 4589 3622 4635 et

361 4673 457 4727 καὶ
481 4671 628 4727 υίοθε
638 4674 749 4739 σία,
767 4675 879 4733 τοῖς
896 4672 1120 4743 ὀνόμασι
1138 4671 1476 4743 διακρίνεται
1496 4672 1698 4742 μόνοις,
1716 4672 1791 4735 ὡς
1808 4674 1946 4742 φῶς,

365 4767 460 4819 καὶ
486 4765 621 4836 πῦρ,
649 4766 744 4819 καὶ
774 4764 929 4834 φλὸξ,
969 4766 1049 4828 εἰς
1075 4764 1206 4835 μίαν
1234 4765 1621 4837 συντρέχουσιν
1646 4766 1945 4836 ἐνέργειαν,

362 4856 506 4912 οὕτω
539 4857 634 4911 καὶ
662 4859 792 4929 περὶ
836 4858 1045 4911 τούτων
1083 4874 1176 4925 μοι
1212 4857 1347 4911 νόει.
1388 4876 1405 4909 ι
1440 4858 1550 4912 Καὶ
1582 4859 1610 4911 6
1645 4857 1800 4926 άγιος
1825 4860 1951 4914 Διά-

363 4951 545 5022 δοχοςο
581 4970 599 5003 ι
636 4953 825 5020 Πάσης
858 4950 1257 5021 πνευματικῆς,
1289 4950 1511 5021 ἀδελφοὶ
1531 4952 1793 5023 ,ἡγείσθω
1814 4953 1951 5007 θεω-

367 5043 512 5115 ρίας,
538 5043 740 5107 πίστις,
759 5043 935 5107 ἐλπὶς,
961 5043 1177 5112 ἀγάπη⁹
1197 5043 1363 5096 πλέον
1384 5044 1439 5096 δὲ
1462 5046 1493 5113 ἡ
1520 5044 1730 5115 ἀγάπη.
1754 5043 1821 5097 Δί
1852 5045 1953 5114 μὲν

367 5134 500 5205 γάρ,
523 5138 889 5207 καταφρονεῖν
905 5135 1016 5189 τῶν
1041 5116 1334 5206 ὁρωμένων
1352 5135 1731 5190 ἐκδιδάσκουσι
1750 5136 1949 5204 καλῶν,

368 5228 401 5297 ἠ
426 5227 483 5280 δὲ
516 5228 733 5297 ἀγάπη,
760 5228 932 5297 αὐτὴν
957 5227 1220 5280 συνάπτει
1246 5227 1345 5297 τὴν
1374 5229 1555 5299 ψυχὴν
1588 5230 1706 5293 ταῖς
1733 5229 1955 5300 ἀρεταῖς

370 5318 466 5373 τοῦ
517 5318 675 5382 Θεοῦ,
725 5319 978 5387 αἰσθήσει
1019 5318 1215 5389 νοερᾷ,
1259 5317 1350 5372 τὸν
1405 5320 1637 5389 ἀόρατον
1687 5321 1822 5373 Θεὸν
1869 5320 1955 5387 ἐξ·

371 5410 676 5483 ιχνεύουσα.
714 5429 733 5463 ι
774 5412 895 5464 Ἔτι
920 5428 934 5443 ο
974 5428 993 5462 ι
1041 5409 1208 5481 ’Λλλη
1245 5412 1393 5464 ἐστὶν
1424 5414 1455 5481 ὴ
1492 5410 1681 5479 ἀγάπη
1708 5410 1808 5481 τῆς
1851 5411 1955 5481 ψυ-

350 5505 475 5578 .κῆς
504 5506 536 5574 ἡ
582 5504 819 5574 φυσικὴ,
856 5504 951 5557 καὶ
974 5503 1131 5573 άλλη,
1160 5505 1193 5574 ή
1228 5504 1293 5557 ἐκ
1328 5502 1611 5572 τοῦάγίου
1641 5502 1959 5574 Πνεύματος

374 5597 510 5666 αὐτῇ
546 5595 969 5667 προσγινομένη.
1012 5596 1075 5647 Ἦ
1113 5595 1212 5665 μὲν
1242 5595 1372 5666 γὰρ,
1423 5596 1488 5647 ἐκ
1523 5596 1622 5665 τῆς
1657 5595 1957 5667 ἡμετέραις.

375 5689 462 5743 ὅτε
498 5689 745 5759 θέλομεν,
794 5687 1127 5758 συμμέτρως
1161 5690 1393 5740 κινεῖται
1432 5686 1729 5759 θελήσεως,
1765 5688 1959 5758 διόπερ

378 5781 472 5833 καὶ
500 5779 742 5850 εὐχερῶς
771 5779 878 5831 ὑπὸ
905 5777 1013 5831 τῶν
1050 5776 1304 5847 πονηρῶν
1330 5778 1659 5846 πνευμάτων
1689 5778 1850 5850 ἡνίκα
1884 5778 1959 5849 μὴ

380 5871 469 5941 βίᾳ
517 5870 811 5943 κρατῶμεν
847 5872 947 5941 τῆς
1005 5868 1213 5924 ἑαυτῶν
1264 5867 1670 5938 προαιρέσεως,
1728 5867 1960 5938 διαρπά-

2035 4673 2411 4745 trauqnillitas
2456 4674 2524 4730 ab
2557 4674 2865 4741 aﬁ'ectihns,
2915 4682 2971 4729 et
3008 4674 3251 4745 adoptio,
3301 4676 3621 4729 nominibus

2038 4767 2170 4822 solis
2210 4767 2625 4834 discernuntur,
2662 4777 2719 4822 nt
2753 4768 2960 4833 lumcn,
2997 4775 3052 4821 et
3090 4768 3255 4836 ignis.
3288 4778 3344 4822 et
3375 4766 3615 4834 llanuna,

2039 4860 2093 4914 in
2125 4874 2288 4914 unam
2320 4869 2662 4915 concurrunt
2688 4858 3011 4913 cﬁicaciam.
3056 4855 3134 4913 lta
3179 4858 3313 4913 mihi
3344 4859 3412 4913 de
3441 4859 3509 4913 iis
3536 4859 3621 4911 vi-

2039 4954 2220 5008 detur.
2254 4970 2274 5004 ι
2332 4951 2396 5006 Et
2433 4960 2660 5007 sanctus
2707 4950 3061 5005 Diadochus:
3109 4969 3127 5002 ι
3170 4948 3407 5004 Omnem
3454 4948 3620 5017 spiri-

2042 5045 2270 5111 tualem,
2328 5044 2548 5109 fratres,
2598 5043 3130 5114 contemplationem
3173 5043 3410 5112 dirigant
3462 5042 3620 5104 ﬁdes,

2041 5150 2193 5205 spes,
2241 5136 2527 5202 charitas,
2580 5135 2820 5190 maxime
2868 5141 3053 5189 autem
3090 5134 3361 5190 charitas.
3408 5133 3627 5188 Pl‘iOl‘l'S

2041 5229 2265 5299 quidem
2320 5227 2555 5283 visibilia
2592 5229 2734 5281 bona
2781 5227 3067 5297 despicere
3099 5226 3335 5291 dooent;
3381 5228 3629 5283 charitas

2045 5338 2176 5377 vero
2195 5323 2492 5377 virtutibus
2515 5321 2605 5377 Dei
2630 5322 2871 5375 animam
2896 5320 3141 5391 adoptat,
3164 5320 3437 5391 spirituali
3461 5336 3628 5375 sensu

2047 5415 2381 5471 lnvisihilem
2416 5414 2585 5468 Deum
2620 5414 2980 5484 investigatis.
3019 5432 3037 5464 ι
3078 5412 3144 5467 Et
3175 5414 3399 5468 adhuc:
3434 5433 3453 5466 ι
3498 5414 3622 5469 Alia

2044 5515 2131 5561 est
2158 5505 2405 5560 charitas
2433 5504 2632 5558 animae
2663 5502 2955 5565 naturalis,
2988 5512 3043 5556 ct
3072 5504 3178 5556 alia
3201 5518 3323 5573 qua:
3342 5520 3403 5558 ea
3435 5514 3632 5557 sancto

2049 5600 2263 5669 Spiritu
2288 5599 2343 5653 in
2372 5598 2493 5668 ipsa
2523 5594 2773 5650 t-llicitur.
2808 5597 2929 5650 Alia
2952 5593 3121 5659 enim,
3148 5607 3360 5660 nostra,
3387 5612 3512 5650 cum
3542 5614 3633 5651 vo-

2050 5693 2257 5756 lumus,
2308 5691 2594 5745 voluntate
2655 5688 2935 5743 moderate
2969 5689 3267 5753 excitatur,
3303 5698 3357 5743 et
3420 5688 3635 5743 idcirco

2052 5785 2209 5840 facile
2239 5800 2268 5838 a
2302 5784 2461 5838 malis
2491 5781 2799 5851 spiritibus,
2833 5782 3054 5851 quando
3106 5796 3215 5835 non
3244 5782 3517 5837 violenter
3541 5799 3635 5835 uo.

2050 5887 2218 5932 stram
2255 5874 2594 5929 voluntatem
2634 5869 2926 5937 vincimus,
2960 5868 3253 5943 abripitur.
3302 5869 3423 5925 Alia
3449 5879 3641 5926 autem
