4058 6504
451 373 552 434 791

1315 371 1668 432 CALLlSTI
1696 369 1791 429 ΕΤ
1839 364 2140 427 IGNATII
2184 359 2881 425 XANTHOPULORUM

3618 366 3726 432 792

452 490 589 544 adeo
619 490 859 544 animam
899 490 1142 546 incendit
1203 492 1270 546 ad
1300 493 1394 547 Dei
1429 505 1698 556 amorem,
1731 497 1792 544 ut
1837 502 2033 542 omnes

2147 485 2301 551 ζεται
2327 503 2342 518 ο
2376 487 2409 557 ἡ
2451 488 2529 554 δὲ,
2580 491 2835 548 τοσοῦτον
2883 493 3095 550 ἐκκαίει
3127 498 3223 570 τὴν
3257 501 3432 572 ψυχὴν
3463 503 3600 576 πρὸς
3624 509 3724 580 τὴν

447 581 648 635 anima:
676 589 858 650 partes
885 581 1148 638 ineffabili
1182 583 1355 638 divini
1388 582 1650 639 desiderii
1695 581 2038 636 excellentiae

447 674 763 728 adunentur
791 674 845 729 in
871 675 1142 730 immensa
1186 676 1426 745 quadam
1454 675 1827 745 simplicitatis
1856 675 2038 743 dispo-

446 769 668 822 sitione.
697 766 915 823 Referta
937 769 1082 824 enim
1113 769 1384 840 spirituali
1412 771 1614 824 virtute
1641 783 1816 829 mens.
1844 783 2035 838 quem-

446 860 574 912 dam
634 861 924 916 charitatis
976 877 1040 914 ac
1099 863 1301 917 laetitiae
1357 860 1564 917 fontem
1621 862 1843 918 emittit.
1889 880 1908 913 ι
1968 860 2036 915 Ει

445 959 671 1005 sanctus
691 950 880 1006 lsa-ic:
925 970 944 1003 ι
976 951 1234 1007 Charitas
1258 967 1382 1022 quae
1414 969 1480 1008 ex
1505 953 1837 1023 quibusdam
1867 953 2034 1008 rebus

446 1040 700 1103 tellit-itur,
747 1053 831 1096 est
877 1052 1134 1113 tanquam
1193 1060 1360 1114 parva
1391 1046 1616 1102 lucerna
1643 1046 1764 1102 oleo
1800 1044 2030 1110 nutrita,

443 1141 499 1187 et
543 1132 624 1186 sic
659 1133 827 1187 alitur
852 1133 973 1204 ejus
1024 1135 1235 1202 lumen,
1271 1148 1366 1191 aut
1407 1146 1669 1208 tanquam
1700 1149 1919 1195 torrens
1965 1155 2030 1193 ex

446 1222 627 1292 pluvia
659 1226 1036 1297 rttens,jcujus
1066 1224 1270 1281 ﬂuctus
1300 1237 1541 1294 cessant,
1577 1228 1669 1282 ubi
1700 1227 1888 1284 deficit
1913 1245 2034 1300 qua:

443 1329 541 1370 eos
590 1315 846 1385 producit
899 1319 1156 1374 materia.
1193 1309 1452 1374 Charitas
1515 1335 1648 1376 vero
1703 1336 1825 1392 qua:
1859 1318 2028 1376 Deum

443 1421 727 1466 auctorem
757 1413 942 1480 habet,
971 1425 1056 1470 est
1087 1423 1346 1486 tanquam
1387 1417 1514 1474 fons
1547 1419 1776 1486 saliens,
1813 1427 1869 1474 et
1891 1436 2032 1474 nuu-

445 1517 611 1572 quam
651 1503 857 1562 ﬂuctus
899 1507 1021 1574 ejus
1053 1497 1576 1578 interrumpnntur:
1613 1511 1730 1581 ipse
1759 1511 1904 1566 enim
1937 1527 2029 1567 so-

446 1593 532 1648 lus
554 1605 642 1650 est
673 1595 798 1651 fons
827 1596 1119 1654 cbaritatis
1147 1608 1202 1654 et
1226 1599 1346 1672 ejus
1369 1600 1696 1657 indeficiens
1721 1602 1970 1658 materia.
2003 1621 2023 1656 ι

455 1684 522 1739 Et
562 1702 786 1742 rursum
814 1690 1188 1762 interrogatus
1219 1707 1472 1763 quaenam
1497 1694 1569 1749 sit
1598 1693 1895 1748 multorum
1921 1695 2033 1764 spi-

444 1778 586 1834 ritus
617 1780 895 1836 fructuum
927 1784 1215 1853 perfectio,
1260 1788 1585 1858 respondit:
1625 1786 1888 1855 «Quando
1905 1787 2030 1858 quis

443 1873 644 1942 dignus
693 1875 936 1944 perfecta
998 1879 1089 1933 Dei
1143 1880 1417 1936 charitate
1474 1881 1702 1937 habitus
1755 1891 1863 1938 est.
1907 1900 1927 1934 ι
1966 1880 2032 1938 Et

443 1966 626 2019 denuo
679 1967 1059 2037 interrogatus
1103 1973 1249 2026 unde
1277 1954 1479 2044 aliquis
1519 1973 1662 2029 sciat
1689 1989 1748 2030 se
1775 1975 1845 2029 ad
1884 1975 2028 2030 hanc

441 2059 698 2113 virtutem
729 2063 1097 2130 processisse,
1125 2064 1262 2119 dixit
1289 2079 1302 2117 :
1345 2084 1364 2117 ι
1390 2065 1525 2121 Cum
1559 2068 1822 2122 memoria
1855 2068 1949 2123 Dei
1977 2070 2028 2122 in

444 2151 565 2222 ejus
617 2155 956 2226 cegitatione
1003 2158 1240 2214 excitata
1294 2159 1487 2224 fuerit,
1525 2161 1713 2218 statim
1762 2177 1864 2217 cor
1911 2161 2031 2231 ejus

446 2244 538 2298 Dei
563 2246 839 2303 charitate
865 2249 1166 2318 excitatur,
1199 2261 1254 2305 et
1283 2255 1406 2322 ejus
1432 2253 1580 2308 oculi
1618 2255 1820 2312 multas
1847 2255 2031 2310 eﬂun-

438 2338 580 2394 dunt
630 2340 928 2414 lacrymas.
963 2342 1119 2398 Ilauc
1169 2347 1317 2400 enim
1353 2351 1812 2406 consuetudinem
1866 2350 2030 2406 habet

443 2431 709 2498 eharitas,
761 2449 829 2488 ex
863 2438 1131 2490 memoria
1166 2438 1333 2508 hujus
1368 2456 1532 2511 quem
1568 2452 1716 2498 amat
1757 2443 2029 2515 lacrymas

439 2522 695 2578 eliciendi
731 2543 746 2591 ;
780 2536 831 2580 et
863 2529 955 2597 qtti
986 2529 1312 2586 charitatcm
1341 2533 1528 2600 habet,
1563 2551 1850 2606 nunquam
1891 2551 1922 2590 a
1946 2536 2026 2591 la-

443 2616 648 2686 crymis
700 2617 906 2674 deficit.
951 2618 1246 2692 Nunquam
1289 2627 1434 2680 enim
1468 2626 1544 2681 illi
1595 2629 1750 2684 deest
1793 2628 2024 2683 materia

441 2723 566 2777 qua:
597 2709 776 2780 ipsum
822 2713 888 2767 ad
927 2711 1018 2768 Dei
1054 2713 1191 2770 ferat
1234 2719 1579 2786 memoriam,
1631 2719 1704 2774 ita
1743 2730 1801 2776 ut
1833 2721 1916 2776 vel
1967 2720 2023 2775 in

437 2815 637 2856 somno
680 2817 782 2857 suo
805 2819 931 2860 cum
956 2805 1068 2862 Deo
1098 2820 1470 2865 conversetur.
1494 2808 1849 2867 Consuetudo
1874 2812 2021 2868 enim

440 2894 731 2950 chartiatis
759 2907 844 2952 est
896 2899 1028 2954 talia
1059 2915 1220 2970 agere
1259 2911 1313 2954 et
1345 2902 1461 2974 ipsa
1514 2912 1598 2958 cst
1633 2904 1919 2959 hominum
1969 2907 2022 2959 in

437 2987 818 3058 hujuscemodi
888 2994 1004 3049 vita
1067 2995 1356 3065 perfectio.
1400 3015 1419 3049 ι
1457 2997 1522 3052 Ει
1555 2998 1774 3054 adhuc:
1822 3019 1842 3052 ι
1880 2999 2022 3056 Cha-

436 3082 572 3137 ritas
617 3083 710 3138 Dei
741 3094 936 3142 natura
987 3089 1166 3154 ardet,
1197 3097 1253 3146 et
1290 3091 1512 3161 quando
1560 3091 1914 3148 vehementer
1965 3095 2020 3148 in

2146 577 2372 649 ἀγάπην
2405 580 2500 634 τοῦ
2544 581 2704 648 Θεοῦ,
2753 583 2896 639 ὥστε
2936 587 3114 643 πάντα
3161 591 3239 644 τὰ·
3257 594 3356 663 τῆς
3403 595 3578 668 ψυχῆς
3605 577 3727 656 τότε

2147 672 2316 743 μέρη,
2369 676 2440 744 τῇ
2489 673 2582 727 τοῦ
2633 675 2780 730 θείου
2841 677 3010 733 πόθου
3063 681 3315 756 άλαλήτῳ
3367 685 3726 754 ἐγκολλᾶσθαι

2145 765 2501 837 χρηστότητι,
2554 769 2613 820 ἐν
2666 769 2882 842 ἀπείρῳ
2938 772 3046 826 τινὶ
3091 774 3355 847 ἁπλότητι
3411 780 3722 850 διαθέσεως·

2143 857 2402 928 ἐγκύμων
2430 861 2540 931 γὰρ
2583 861 2772 933 ὥσπερ
2805 865 2834 916 δ
2863 864 2987 928 νοῦς
3011 866 3135 920 τότε
3166 868 3272 924 ὑπὸ
3302 871 3400 943 τῆς
3426 890 3724 946 πνευματι-

2143 949 2246 1018 κῆς
2290 951 2571 1022 ἐνεργείας
2613 954 2918 1024 γινόμενος,
2975 959 3160 1029 πηγήν
3192 977 3312 1016 τινα
3341 964 3560 1037 ἀγάπης
3587 969 3722 1022 ἀνα-

2143 1037 2331 1104 ϐλύζει
2387 1042 2483 1095 καὶ
2531 1046 2728 1115 χαρᾶς.
2793 1064 2812 1097 t
2869 1049 2981 1101 Καὶ
3029 1049 3058 1102 ό
3091 1049 3247 1121 ἅγιος
3315 1054 3532 1110 Ἰσαάκ·
3586 1077 3605 1110 ι
3658 1059 3721 1115 Ἡ

2140 1128 2350 1199 ἀγάπη,
2380 1134 2413 1203 ἡ
2444 1132 2508 1186 ἐκ
2535 1151 2696 1188 τινων
2714 1137 2972 1210 γινομένη
3001 1143 3362 1212 πραγμάτων,
3392 1147 3468 1210 ὡς
3498 1147 3720 1218 λαμπάς

2137 1222 2254 1273 ἐστι
2290 1224 2483 1294 μικρὰ,
2519 1227 2582 1278 ἐκ
2605 1225 2698 1279 τοῦ
2727 1226 2909 1282 ἐλαίου
2928 1231 3260 1301 τρεφομένη,
3295 1234 3389 1288 κα)⁵
3418 1235 3560 1291 οὕτω
3595 1255 3720 1293 συν-

2139 1305 2354 1363 ίσταται
2379 1311 2440 1363 τὸ
2475 1312 2590 1382 φῶς
2614 1314 2784 1385 αὐτῆς
2808 1333 2822 1349 ο
2851 1317 2884 1388 ἦ
2931 1319 3024 1371 καὶ
3055 1320 3131 1382 ὼς
3159 1322 3458 1394 χείμαρρος
3491 1326 3627 1396 ῥέων
3654 1332 3718 1384 ἐκ

2132 1401 2228 1454 τοῦ
2260 1402 2440 1468 ὑετοῦ,
2485 1397 2658 1477 οὗπερ
2696 1407 2729 1478 ὴ
2780 1407 2967 1479 ῥεῦσις
3008 1413 3410 1482 καταπαύεται,
3440 1419 3539 1489 τῆς
3593 1437 3718 1474 συν-

2137 1494 2376 1566 ιστώσης
2393 1497 2557 1551 αὐτὸν
2589 1498 2738 1570 ῦλης,
2765 1499 2939 1571 λεῖψιν
2969 1503 3269 1576 παθούσης.
3297 1506 3362 1561 Ἠ
3380 1509 3564 1583 ἀγάπη
3583 1512 3658 1577 δὲ,
3676 1514 3710 1584 ἡ

2130 1584 2221 1639 τὸν
2251 1587 2384 1642 Θεὸν
2430 1591 2602 1644 αἴτιον
2636 1592 2852 1663 ἐχουσα,
2880 1594 2956 1659 ὡς
2985 1597 3138 1668 πηγή
3175 1599 3290 1652 ἐστι
3323 1599 3583 1672 βρύουσα,
3617 1607 3713 1659 καὶ

2129 1677 2252 1767 οὐδέ
2286 1697 2417 1734 ποτε
2442 1683 2512 1736 τὰ
2537 1683 2786 1755 ῥεύματα
2808 1686 2980 1757 αὐτῆς
3002 1688 3392 1745 ἀνακόπτεται·
3419 1693 3577 1758 αὐτὸς
3604 1696 3712 1767 γὰρ

2135 1766 2297 1838 μόνος
2341 1772 2460 1825 ἐστὶ
2492 1773 2588 1844 τῆς
2628 1775 2850 1847 ἀγάπης
2883 1779 3056 1850 πηγὴ,
3090 1782 3183 1834 καὶ
3215 1783 3505 1854 ἀνελλιπὴς
3542 1787 3573 1857 ή
3607 1766 3708 1858 ὕλη

2064 1847 2104 1902 Β
2131 1861 2320 1932 αὐτῆς.
2348 1881 2368 1915 t
2397 1864 2506 1918 Kal
2532 1862 2689 1930 αὖθις
2715 1847 3034 1941 ἐρωτηθεὶς,
3061 1873 3187 1926 ποία
3210 1875 3407 1946 ἐστὶνη
3438 1847 3709 1948 τελειότης

2129 1953 2241 2010 τῶν
2287 1959 2500 2012 πολλῶν
2563 1965 2792 2034 καρπῶν
2849 1964 2943 2019 τοῦ
3007 1968 3350 2040 πνεύματος,
3405 1973 3710 2043 ἀπεκρίθη·

2137 2063 2160 2100 ο
2196 2047 2366 2103 Ὅταν
2393 2067 2478 2116 τις
2504 2054 2711 2128 ἀξιωθῇ
2743 2059 2842 2129 τῆς
2872 2057 3085 2124 τελείας
3119 2061 3340 2132 ἀγάπης
3364 2063 3460 2116 τοῦ
3488 2058 3645 2118 Θεοῦ.
3688 2084 3708 2117 ι

2125 2162 2236 2217 Καὶ
2285 2155 2442 2223 αὖθις
2485 2157 2800 2228 ἐρωτηθεὶς,
2835 2157 2932 2211 καὶ
2984 2156 3148 2209 πόθεν
3177 2153 3438 2224 γινώσκει
3477 2171 3580 2220 τις,
3621 2155 3701 2208 ὅτι

2123 2251 2359 2319 ἔφθασεν
2389 2251 2469 2312 είς
2495 2249 2735 2317 ταύτην,
2771 2248 2874 2318 ἐφη
2895 2264 2908 2278 ο
2949 2265 2968 2297 ι
3010 2247 3181 2300 Ὅταν
3209 2245 3405 2318 κινηθῇ
3447 2247 3480 2316 ἠ
3515 2247 3701 2317 μνήμη

2121 2337 2214 2391 τοῦ
2247 2337 2383 2390 Θεοῦ
2414 2340 2472 2390 ἐν
2516 2339 2583 2408 τῇ
2617 2335 2828 2408 διανοίᾳ
2863 2335 3051 2402 αὐτοῦ,
3082 2336 3284 2400 εὐθέως
3313 2337 3347 2408 ἡ
3377 2335 3572 2408 καρδία
3599 2335 3696 2389 αύ-

2119 2428 2238 2493 τοῦ,
2283 2430 2514 2482 κινεῖται
2547 2431 2606 2482 ἐν
2644 2431 2711 2500 τῇ
2741 2429 2934 2501 ἀγάπῃ
2965 2428 3151 2494 αὑτοῦ,
3201 2428 3297 2482 καὶ
3345 2430 3394 2481 οί
3431 2427 3698 2497 ὀφθαλμοὶ

2119 2520 2286 2576 αὐτοῦ
2317 2520 2690 2592 καταφέρουσι
2721 2521 2934 2592 δάκρυα
2962 2520 3230 2591 δαψιλῶς⁸
3265 2520 3386 2584 ἔθος
3429 2520 3537 2592 γάρ
3583 2520 3693 2591 ἔχει

2118 2613 2153 2683 ἡ
2184 2612 2394 2683 ἀγάπη,
2444 2613 2511 2666 ἐκ
2554 2613 2655 2681 τῆς
2700 2614 2920 2685 μνήμης
2958 2611 3068 2666 τῶν
3095 2611 3416 2682 ἀγαπητῶν,
3447 2611 3698 2677 ἐξάπτειν

2117 2704 2349 2775 δάκρυα,
2373 2706 2468 2759 καὶ
2495 2705 2735 2766 τοιοῦτος
2760 2703 2858 2771 ὣν,
2886 2704 3140 2759 οὐδέποτε
3165 2705 3473 2775 ὕστερεῖται
3502 2707 3566 2758 ἐκ
3588 2705 3694 2759 τῶν

2115 2798 2391 2869 δακρύων.
2425 2799 2571 2852 Διότι
2603 2799 2663 2852 οὐ
2697 2798 2872 2850 λείπει
2903 2795 3052 2868 αὐτῷ
3081 2797 3166 2850 ἀεὶ
3196 2796 3295 2868 ῦλη
3332 2799 3572 2868 φέρουσα
3599 2796 3694 2850 αύ-

2118 2890 2207 2944 τδν
2233 2891 2314 2953 είς
2351 2892 2575 2960 μνήμην
2601 2889 2698 2944 τοῦ
2733 2888 2891 2954 Θεοῦ,
2925 2888 3065 2942 ὥστε
3093 2889 3186 2942 καὶ
3221 2889 3280 2942 ἐν
3308 2888 3385 2958 τῷ
3415 2888 3567 2959 ὕπνῳ
3600 2889 3694 2942 αύ-

2117 2981 2232 3045 τοῦ,
2267 2980 2547 3051 συνομιλεί
2575 2980 2651 3046 τῷ
2673 2979 2792 3050 Θεῷ
2813 2996 2827 3010 ⁸
2860 2979 2982 3044 ἔθος
3011 2979 3120 3050 γὰρ
3148 2981 3214 3050 τῇ
3247 2980 3459 3051 ἀγάπῃ.
3493 2978 3694 3048 πρᾶξαι

2115 3074 2184 3126 τά
2221 3071 2468 3136 τοιαῦτα,
2507 3072 2602 3125 καὶ
2633 3063 2770 3141 αὕτη
2801 3071 2950 3124 ἐστὶν
2980 3071 3013 3142 η
3043 3071 3318 3140 τελειότης
3345 3071 3454 3125 τῶν
3487 3071 3694 3143 ἀνθρὼ-

437 3172 673 3242 aliquem
706 3175 920 3241 incidit,
956 3179 1097 3235 hanc
1155 3184 1397 3237 animam
1431 3193 1584 3238 extra
1613 3198 1673 3239 se
1711 3199 1835 3241 esse
1869 3183 2020 3242 facit.

2118 3180 2234 3216 πων
2256 3163 2315 3216 ὲν
2338 3164 2402 3233 τῇ
2427 3162 2538 3234 ζωῇ
2562 3163 2744 3243 αὐτῶν
2761 3163 2953 3236 ταύτῃ.
2993 3182 3011 3214 ι
3045 3165 3190 3217 Ἔτι’
3229 3182 3248 3215 t
3295 3163 3359 3216 Ἠ
3391 3163 3576 3234 ἀγάπη
3603 3163 3695 3216 τοῦ

436 3263 564 3320 ldco
594 3281 690 3320 cor
715 3285 822 3322 non
856 3280 1034 3338 potest
1056 3287 1178 3326 eam
1204 3287 1233 3326 a
1265 3274 1536 3330 charitate
1557 3291 1722 3346 quam
1756 3277 2021 3348 percepit,

438 3357 750 3430 sejungere,
784 3372 875 3416 aut
910 3379 1028 3418 eam
1071 3373 1406 3434 temperare,
1441 3368 1534 3423 sed
1571 3384 1671 3438 pro
1699 3369 1816 3440 ejus
1848 3371 2026 3441 quali-

442 3453 570 3507 tatis
604 3455 770 3510 modo
795 3466 849 3510 et
895 3457 948 3512 in
997 3473 1117 3513 eam
1193 3463 1611 3529 superveniente
1641 3463 1933 3531 charitate,
1969 3468 2022 3520 iu

441 3560 504 3600 ea
549 3557 777 3616 apparet
825 3551 1045 3606 insolita
1071 3555 1385 3609 conversio.
1437 3556 1504 3610 Et
1540 3558 1815 3613 haec.sunt
1843 3559 2022 3614 sensi—

440 3637 567 3693 bilia
592 3640 712 3709 ejus
747 3641 937 3713 signa:
976 3644 1034 3698 fit
1068 3647 1308 3703 hominis
1343 3651 1526 3704 vultus
1563 3651 1773 3721 igneus,
1814 3651 1970 3707 lzetns
2003 3692 2016 3717 ,

439 3743 496 3788 et
548 3749 751 3806 corpus
799 3737 921 3809 ejus
962 3741 1164 3808 calefit,
1223 3743 1292 3798 ab
1345 3758 1412 3798 eo
1450 3745 1614 3800 timor
1663 3747 1908 3813 recedit;
1965 3757 2023 3802 ut

441 3841 632 3882 amens
663 3828 916 3896 efﬁcitur,
954 3843 1190 3890 mortem
1233 3851 1357 3906 qua:
1388 3847 1495 3892 tam
1523 3838 1797 3893 horrenda
1828 3850 1932 3906 est,
1964 3852 2023 3896 ut

437 3919 684 3975 laetitiam
728 3923 913 3988 habet,
962 3938 1016 3981 et
1054 3943 1338 3998 nunquam
1387 3931 1588 3985 mentis
1620 3926 1740 4000 ejus
1776 3941 2020 3987 contem-

437 4013 605 4082 platio
634 4030 663 4069 a
695 4017 999 4072 caelestium
1032 4022 1364 4090 COgitatione
1391 4022 1752 4078 defectionem
1782 4026 2020 4093 patitur:

435 4116 489 4162 et
511 4107 712 4163 absens
735 4119 995 4181 tanquam
1033 4129 1296 4182 prsesens,
1325 4125 1707 4181 conversatur,
1739 4131 1769 4170 a
1796 4117 2018 4172 nomine

439 4201 612 4258 visus.
645 4204 886 4260 Scientia
939 4206 1060 4276 ejus
1083 4222 1147 4262 ac
1189 4211 1322 4264 visio
1355 4209 1620 4264 naturalis
1668 4218 2019 4278 pruztereunt,

437 4309 619 4366 neque
655 4298 992 4352 sensibiliter
1025 4308 1233 4354 mulum
1260 4316 1424 4355 suum
1478 4302 1872 4357 animadvertit
1906 4318 2016 4370 quo

2114 3255 2276 3323 Θεοῦ,
2306 3256 2482 3328 θερμή
2515 3258 2632 3310 ἐστι
2661 3259 2728 3327 τῇ
2773 3257 2933 3325 φύσει
2955 3299 2968 3322 ,
3013 3258 3106 3310 καὶ
3135 3257 3262 3311 ὅταν
3294 3256 3548 3328 ἀμέτρως
3575 3258 3695 3310 ἐπιε

2117 3349 2258 3421 πέσῃ
2305 3351 2431 3413 τινὶ,
2487 3351 2635 3404 ποιεῖ
2683 3349 2899 3420 ἐκείνην
2952 3349 3050 3419 τὴν
3098 3349 3296 3420 ψυχὴν,
3344 3350 3690 3421 ἐκστατικὴν.

2116 3443 2215 3497 Διά
2246 3441 2402 3495 τοῦτο
2429 3443 2491 3496 ού
2539 3441 2760 3496 δύναται
2803 3443 2844 3514 ἡ*
2879 3443 3075 3514 καρδία
3103 3441 3196 3495 τοῦ
3228 3441 3575 3512 αἰσθηθέντος
3601 3443 3694 3493 αύ-

2115 3533 2233 3602 τῆς,
2269 3533 2519 3605 χωρῆσαι
2553 3533 2744 3605 αὐτὴν,
2777 3535 2871 3587 καὶ
2900 3533 3265 3604 καρτερῆσαι,
3306 3533 3441 3587 άλλά
3470 3532 3610 3587 κατά
3636 3532 3695 3586 τὸ

2117 3625 2315 3697 μέτρον
2359 3627 2461 3697 τῆς
2520 3627 2806 3691 ποιότητος
2866 3626 2961 3680 καὶ
3006 3628 3106 3696 τῆς
3169 3625 3502 3696 ἐπελθούσης
3549 3623 3697 3694 αὐτῷ

2113 3718 2356 3787 ἀγάπης,
2384 3719 2579 3789 ὁρᾶται
2619 3720 2678 3771 ἐν
2712 3717 2860 3788 αὐτῷ
2901 3717 3188 3780 ἀλλοίωσις
3237 3715 3532 3788 ἀσυνήθης.
3587 3715 3695 3769 Καὶ

2111 3809 2287 3864 ταῦτα
2313 3809 2381 3863 τά
2407 3812 2609 3880 σημεῖα
2634 3810 2807 3879 αὐτῆς
2837 3809 2907 3863 τά
2934 3810 3186 3880 αἰσθητάο
3213 3809 3422 3879 γίνεται
3447 3809 3509 3862 τὸ
3530 3809 3694 3879 πρόσ-

2110 3921 2260 3958 ωπον
2319 3901 2416 3956 τοῦ
2466 3902 2779 3973 ἀνθρώπου,
2837 3903 3070 3974 πυρρὸν,
3121 3903 3442 3975 περιχαρὲς,
3495 3903 3589 3956 καὶ
3632 3899 3694 3952 τδ

2113 3995 2273 4066 σῶμα
2323 3993 2489 4049 αὑτοῦ
2539 3995 2915 4065 θερμαίνεται,
2962 3995 3260 4064 ἀφίσταται
3315 3995 3410 4048 ἀπ’
3453 3992 3617 4048 αὐτοῦ
3667 3996 3694 4046 ὁ

2111 4089 2297 4159 φόϐος,
2325 4089 2422 4142 καὶ
2449 4090 2483 4159 ἠ
2517 4088 2704 4150 αἰδὼς,
2735 4087 3064 4156 καὶγίνεται
3092 4087 3167 4152 ὡς
3216 4086 3559 4150 ἐκστατικδς,
3597 4084 3694 4138 καὶ

2109 4181 2142 4251 ἡ
2186 4179 2417 4250 δύναμις
2463 4181 2497 4251 ἡ
2547 4179 2858 4247 συνάγουσα
2893 4180 2986 4232 τὸν
3015 4179 3141 4232 νοῦν
3166 4179 3357 4247 φεύγει
3408 4176 3466 4243 ἐξ
3504 4177 3690 4243 αὑτοῦ,

2110 4271 2204 4325 καὶ
2225 4270 2300 4333 ὡς
2330 4271 2551 4341 ἔκφρων
2573 4271 2806 4339 γίνεται,
2833 4273 2924 4325 τὸν
2949 4270 3181 4343 φοϐερδν
3225 4271 3691 4341 θάνατονήγεῖται

435 4389 492 4441 in
528 4387 694 4443 rebus
731 4400 1000 4443 movetur.
1040 4391 1175 4446 Etsi
1221 4393 1351 4460 quid
1384 4405 1529 4463 agat,
1566 4409 1674 4447 non
1707 4393 1760 4446 id
1792 4395 2020 4446 omnino

2118 4363 2306 4436 ίαράν,
2332 4364 2427 4416 καὶ
2459 4363 2718 4417 οὐδέποτε
2757 4366 2790 4433 ἡ
2825 4363 3032 4431 θεωρία
3074 4361 3169 4417 τοῦ
3201 4363 3319 4425 νοὸς
3351 4362 3538 4428 αὐτοῦ,
3580 4362 3692 4416 δια-

437 4480 628 4545 sentit,
662 4491 900 4536 tuentem
929 4483 1137 4538 habens
1175 4486 1225 4538 in
1261 4489 1362 4539 hac
1392 4487 1857 4555 contemplatione
1917 4485 2025 4540 llu-

432 4586 738 4640 etuantem,
768 4587 824 4632 et
876 4577 1042 4648 hujus
1072 4581 1331 4650 cogitatio
1362 4596 1573 4650 semper
1608 4597 1731 4636 cum
1771 4582 1880 4637 alio
1912 4584 2013 4637 ali-

433 4685 548 4741 quo
573 4669 929 4741 colloquitur.
965 4672 1079 4728 Hac
1121 4673 1393 4743 spirituali
1442 4676 1708 4731 ebrietate
1731 4677 1872 4732 ebrii
1898 4678 2021 4732 fue-

438 4770 567 4816 runt
589 4763 718 4817 olim
745 4763 976 4834 apostoli
1005 4774 1053 4820 et
1083 4778 1388 4838 martyres;
1417 4777 1470 4822 et
1491 4755 1582 4823 alii
1615 4770 1834 4838 quidem
1861 4786 2024 4826 mun-

433 4856 564 4911 dum
605 4860 924 4913 universum
964 4871 1372 4928 percurrentes,
1420 4863 1759 4930 laborantes,
1799 4863 2021 4934 injuriis

431 4947 686 5014 onerati;
740 4949 834 5005 alii
873 4967 1024 5017 vero,
1062 4953 1318 5010 laceratis
1346 4955 1634 5022 membris,
1689 4958 2020 5029 sanguinem

434 5057 595 5095 suum
633 5041 948 5098 effuderunt
977 5054 1238 5116 tanquam
1270 5063 1494 5116 aquam,
1527 5058 1583 5105 et
1610 5051 1885 5129 horrenda
1921 5067 2010 5122 pa.

434 5136 654 5201 tientes,
691 5151 798 5191 non
822 5137 1168 5204 deciderunt.
1196 5145 1290 5197 sed
1316 5151 1584 5213 generose
1611 5146 2016 5202 sustinuerunt.

430 5228 498 5282 lit
567 5244 693 5282 cum
737 5240 924 5285 essent
983 5232 1286 5302 sapientes,
1343 5244 1404 5291 ut
1460 5238 1789 5306 insipientes
1849 5239 2018 5294 habiti

431 5329 583 5386 sunt,
619 5331 675 5376 et
706 5324 798 5378 alii
837 5324 891 5378 in
922 5326 1161 5384 desertis
1192 5342 1520 5386 erraverunt
1541 5341 1597 5386 et
1622 5333 1934 5396 montibus,
1967 5343 2022 5388 et

431 5416 486 5470 in
517 5417 795 5485 speluncis
849 5428 901 5472 et
955 5421 1008 5473 in
1036 5425 1286 5477 cavernis
1320 5433 1502 5489 terrae,
1533 5434 1588 5479 et
1621 5425 1673 5480 in
1715 5441 1778 5479 ea
1813 5428 2021 5481 tumul-

431 5511 681 5566 tuatione
707 5527 815 5566 non
860 5515 1161 5581 perturbati
1190 5517 1433 5570 fuerunt.
1469 5517 1566 5573 Det
1593 5519 1752 5574 nobis
1786 5519 1930 5576 Deus
1952 5522 2018 5576 ad

435 5604 576 5659 hanc
608 5604 907 5659 amentiam
935 5607 1240 5676 pervenire.

2110 4451 2286 4520 κοπήν
2302 4467 2424 4502 τινα
2448 4451 2655 4524 πάσχῃ,
2685 4454 2748 4505 ἐκ
2773 4453 2872 4522 τῆς
2899 4453 3007 4506 τῶν
3039 4453 3305 4523 οὐρανίων
3337 4453 3684 4524 διανοήσεως.

2045 4542 2220 4619 θΚαὶ
2251 4540 2428 4606 ἀπὼν,
2445 4542 2522 4606 ὡς
2544 4542 2738 4614 παρὼν
2764 4544 2961 4614 ὁμιλεῖ,
2989 4545 3063 4612 μὴ
3087 4544 3365 4617 ὁρώμενος
3391 4544 3498 4598 ὑπό
3526 4559 3688 4606 τινος.

2123 4632 2184 4687 Ἦ
2215 4633 2438 4701 γνῶσις,
2476 4635 2571 4688 καὶ
2599 4637 2630 4706 ὴ
2677 4635 2870 4706 ὅρασις
2902 4637 3068 4690 αὐτοῦ
3093 4653 3107 4668 ·
3141 4637 3498 4708 παρέρχεται,
3532 4637 3565 4706 ὴ
3593 4651 3690 4706 φυ·

2111 4726 2260 4797 σικὴ,
2307 4728 2403 4780 καὶ
2437 4728 2538 4782 οὐκ
2587 4728 2902 4785 αἰσθάνεται
2955 4729 3230 4800 αἰσθητῶς
3274 4731 3375 4800 τῆς
3429 4729 3690 4800 κινήσεως

2109 4815 2297 4882 αὐτοῦ,
2351 4811 2420 4889 ἦς
2477 4819 2537 4871 ἐν
2573 4821 2689 4881 τοῖς
2741 4820 3032 4890 πράγμασι
3088 4823 3343 4874 κινεῖται.
3409 4820 3529 4873 Κᾶν
3585 4818 3689 4887 γὰρ

2111 4909 2330 4980 πράττῃ
2374 4927 2458 4976 τι,
2497 4910 2558 4963 ού
2594 4910 2815 4974 τελείως
2866 4911 3033 4965 αὑτοῦ
3085 4911 3423 4972 αἰσθάνεται,
3479 4910 3553 4973 ὡς
3601 4909 3690 4961 τὸν

2107 5000 2234 5055 νοῦν
2282 5001 2421 5073 έχων
2471 5004 2530 5055 ἐν
2576 5005 2642 5072 τῇ
2702 5001 2908 5073 θεωρίᾳ
2957 5003 3255 5074 μετέωρον,
3286 5002 3436 5072 καὶὴ
3488 5001 3688 5055 διάνοια

2107 5092 2298 5159 αὑτοῦ,
2357 5095 2444 5147 ἀεὶ
2493 5094 2571 5158 ὡς
2619 5093 2759 5163 μετά
2798 5093 2958 5148 ἄλλου
2989 5095 3290 5164 ἀδολεσχεῖ.
3325 5092 3544 5163 Ταύτην
3591 5091 3688 5161 τὴν

2111 5189 2488 5261 πνευματικὴν
2522 5189 2716 5260 μέθην,
2747 5187 3130 5260 ἐμεθύσθησάν
3151 5205 3282 5242 ποτε
3309 5187 3358 5241 οἱ
3383 5186 3686 5252 ἀπόστολοι,

2107 5282 2202 5336 καὶ
2229 5285 2276 5335 οἱ
2310 5282 2604 5352 μάρτυρες,
2642 5282 2736 5334 καὶ
2775 5283 2823 5334 οἱ
2859 5281 2979 5351 μὲν,
3009 5281 3132 5334 ὅλον
3179 5279 3274 5334 τὸν
3303 5280 3508 5350 κόσμον
3550 5277 3697 5331 διελο.

2109 5374 2318 5439 θόντες,
2347 5373 2670 5437 κοπιῶντες,
2700 5374 2794 5427 καὶ
2824 5372 3232 5444 ὀνειδιζόμενοι,
3265 5375 3315 5425 οί
3344 5372 3422 5436 δὲ,
3455 5370 3522 5424 τά
3555 5370 3685 5440 μέλη

2107 5467 2611 5536 κατακοπτόμενοι,
2663 5465 2888 5536 ἐξέχεαν
2941 5466 3008 5520 τὰ
3062 5467 3272 5536 αἵματα
3317 5466 3517 5530 αὐτῶν,
3563 5462 3688 5515 ὠσεὶ

2109 5561 2274 5634 ὕδωρ,
2305 5561 2402 5614 καὶ¹
2427 5561 2494 5614 τὰ
2520 5559 2802 5614 δεινότατα
2836 5559 3162 5629 πάσχοντες,
3187 5559 3286 5612 οὐκ
3308 5555 3688 5629 ὠλιγώρησαν,

433 5696 571 5750 ἀλλά
599 5696 865 5764 γενναίως
893 5696 1215 5764 ὑπήνεγκαν
1248 5711 1262 5726 ο
1315 5696 1411 5750 καὶ
1438 5697 1593 5761 ὄντες
1640 5699 1817 5767 σοφοὶ,
1877 5698 1952 5762 ὡς
1984 5697 2226 5769 ἄφρονες
2257 5700 2652 5770 ἐνομίσθησαν,
2690 5702 2784 5754 καὶ
2818 5701 2969 5757 ἄλλοι
2998 5703 3057 5756 ἐν
3089 5702 3351 5775 ἐρημίαις
3387 5702 3698 5771 ἐπλανήθη-

432 5809 558 5853 σαν,
588 5793 687 5843 καὶ
714 5791 891 5861 όρεσι,
924 5792 1018 5843 καὶ
1045 5792 1103 5843 ἐν
1139 5792 1450 5860 σπηλαίοις,
1481 5793 1576 5848 καὶ
1599 5795 1718 5856 ταῖς
1748 5793 1911 5856 ὀπαῖς
1956 5794 2052 5864 τῆς
2075 5796 2202 5864 γῆς,
2229 5796 2288 5849 ἐν
2323 5793 2598 5864 ἀταξίαις,
2635 5795 2888 5851 εὔτακτοι
2913 5797 3089 5862 ὄντες.
3131 5795 3350 5862 Ταύτην
3373 5797 3472 5868 τὴν
3493 5797 3697 5860 ἄνοιαν,

431 5883 662 5948 ἀξιώσαι
691 5887 836 5950 ἡμᾶς
864 5888 889 5938 ὀ
919 5884 1050 5948 Θεὸς
1086 5886 1312 5951 φθάσαι.
1353 5904 1372 5935 ι
