4058 6450
369 377 472 442 193

1591 378 1988 442 OPUSCULA
2026 381 2417 446 ASCETICA.

3536 391 3643 453 7M

373 516 515 583 Περὶ
549 513 656 582 τῆς
685 513 1218 585 ἁγίαςικοινωνίας,
1249 513 1348 585 καὶ
1383 513 1512 581 τοῦ,
1539 514 1703 570 ὅσων
1724 516 1963 585 ἀγαθῶν

2058 497 2123 553 De
2160 513 2347 585 sancta
2379 506 2794 585 communione;
2836 515 2883 560 et
2914 505 3055 576 quod
3081 507 3216 585 bona
3249 506 3396 585 nobis
3421 509 3639 585 prmbet.

451 585 596 654 ἡμῖν
625 583 1010 672 feriferi-6971}
1052 583 1341 672 συνεχως,
1361 586 1513 654 μετὰ
1542 583 1828 672 καθαροῦ,
1851 587 1959 642 τοῦ

445 654 799 720 συνειδότος
824 654 1046 722 ταύτης
1069 654 1430 723 μετάληψις,
1459 657 1558 709 καί
1587 654 1887 712 κοινωνία.

445 767 553 837 ια’.
589 768 754 821 Οὐδὲν
779 768 838 822 δὲ
882 766 1022 821 οὕτω
1053 768 1190 839 πρός
1222 786 1282 822 τε
1310 769 1492 840 ψυχῆς
1538 770 1830 841 κάθαρσιν,
1866 772 1960 825 καὶ

372 860 652 932 φωτισμὸν
670 859 809 925 νοὸς,
824 862 918 913 καὶ
931 860 1182 931 σώματος
1201 861 1493 932 άγιασμὸν,
1512 864 1608 915 καὶ
1631 863 1841 933 ἀμφοτέ
1851 881 1958 935 ρων

371 955 508 1028 πρὸς
551 954 611 1006 τὸ
642 953 914 1023 θειότερον
953 953 1439 1024 μεταστοιχείωσιν
1491 955 1588 1008 καὶ
1618 955 1920 1008 ἀθανασίαν
1942 973 1958 991 ο

370 1045 462 1099 ναὶ
495 1042 624 1115 μὴν,
657 1045 750 1098 καὶ
777 1043 916 1114 πρὸς
954 1043 1272 1114 ἀποτροπὴν
1313 1041 1505 1095 παθῶν
1538 1043 1632 1096 καὶ
1661 1043 1954 1113 δαιμόνων,

369 1137 403 1206 ἢ
435 1136 636 1207 μᾶλλον
663 1134 1009 1204 οἰκειοτέρως
1039 1136 1236 1200 εἰπεῖν,
1275 1133 1410 1205 πρὸς
1439 1135 1657 1199 ἕνωσιν,
1686 1135 1782 1187 καὶ
1817 1134 1955 1188 Θεοῦ

370 1227 520 1280 θείαν
542 1227 799 1296 ὑπερφυᾶ
813 1243 873 1280 τε
901 1226 1198 1294 συνάφειαν
1219 1226 1313 1278 καὶ
1341 1225 1666 1296 ἀνάκρασιν,
1701 1231 1958 1297 συνεργεῖ

370 1319 462 1373 καὶ
493 1317 866 1387 συμϐάλλεται
912 1318 1065 1388 ἡμῖν,
1102 1317 1176 1380 ὼς
1207 1317 1239 1387 ἡ
1269 1317 1327 1381 ἐξ
1367 1316 1695 1386 εἰλικρινοῦς
1726 1318 1956 1389 καρδίας

367 1427 426 1464 τε
461 1409 556 1462 καὶ⁸
590 1408 909 1474 διαθέσεως,
945 1409 1066 1462 κατ’
1116 1409 1336 1478 ἐφικτὸν
1386 1408 1682 1480 ἀνθρώπῳ,
1725 1409 1956 1480 συνεχὴς

371 1503 673 1574 μετάληψις
699 1504 792 1556 καὶ
818 1503 1094 1567 κοινωνία,
1143 1501 1252 1554 τῶν
1287 1502 1480 1570 ἁγίων,
1522 1503 1829 1573 ἀχράντων,
1860 1503 1955 1556 καὶ

364 1593 673 1659 ἀθανάτων,
723 1594 818 1646 καὶ
858 1592 1136 1663 ζωοποιῶν
1185 1593 1534 1663 μυστηρίωνο
1569 1592 1733 1648 αὐτοῦ
1769 1611 1954 1664 φαμεν

361 1684 454 1739 τοῦ
493 1685 681 1756 τιμίου
733 1684 1010 1755 σώματος,
1060 1684 1156 1738 καὶ
1184 1684 1418 1754 αἵματος
1461 1683 1555 1738 τοῦ
1595 1685 1823 1756 Κυρίου,
1860 1686 1951 1739 καὶ

361 1775 520 1842 Θεοῦ,
557 1777 650 1829 καὶ
682 1776 932 1846 Σωτῆρος
987 1775 1145 1847 ἡμῶν
1206 1775 1382 1846 Ἰησοῦ
1416 1775 1677 1847 Χριστοῦ.
1723 1775 1824 1828 Διά
1867 1792 1953 1829 τοι

364 1834 524 1924 τοῦτο
573 1834 872 1936 ἀναγκαῖον
912 1834 1281 1938 ώςῃμάλιστα
1310 1868 1406 1922 καὶ
1451 1834 1580 1940 περὶ
1623 1867 1816 1923 τούτου
1847 1871 1956 1925 ἀπὸ
1986 1834 2026 1889 Β

374 1975 576 2044 σάρκα,
603 1973 696 2024 καὶ
725 1971 894 2024 πίνων
926 1987 1027 2040 μου
1057 1969 1120 2021 τὸ
1149 1961 1309 2038 αἷμα,
1343 1968 1398 2019 ἐν
1430 1966 1550 2034 ἐμοὶ
1588 1963 1760 2034 μένει,
1795 1963 1952 2032 κάγὼ

375 2066 433 2117 ὲν
466 2063 637 2133 αὐτῷ.
672 2060 869 2124 Καθὼς
907 2058 1196 2114 ἀπέστειλέ
1243 2075 1310 2127 με
1337 2059 1364 2110 6
1396 2055 1503 2121 ζῶν
1549 2057 1757 2125 Πατὴρ,
1795 2054 1953 2123 κάγὼ

379 2155 457 2220 ζῶ
481 2154 569 2208 διὰ
592 2154 687 2207 τὸν
730 2153 949 2221 Πατέρα
970 2167 984 2181 ο
1016 2152 1110 2204 καὶ
1141 2150 1168 2202 6
1200 2151 1429 2220 τρώγων
1463 2165 1550 2220 με,
1578 2149 1831 2211 κάκεῖνος
1859 2147 1953 2217 ζή-

382 2262 534 2299 σεται
559 2246 624 2298 δι*
655 2243 775 2313 ὲμέ.
808 2237 976 2306 Οὗτός
1003 2244 1152 2296 ἐστιν
1184 2244 1212 2295 6
1242 2241 1428 2312 ἄρτος,
1459 2242 1486 2294 6
1515 2242 1579 2293 ὲκ
1603 2239 1694 2292 τοῦ
1724 2239 1953 2311 οὐρανοῦ

380 2335 642 2399 καταϐάςο
664 2335 760 2387 καὶ
774 2339 801 2388 6
817 2333 1046 2404 τρώγων
1066 2350 1169 2404 μου
1194 2331 1382 2385 τοῦτον
1401 2331 1490 2385 τὸν
1512 2331 1695 2400 ἄρτον,
1728 2330 1956 2402 ζήσεται

314 2480 336 2484 -
378 2429 458 2491 εἰς
478 2431 567 2480 τὸν
587 2427 774 2481 αἰῶνα.
817 2445 835 2478 ι
867 2429 976 2481 Καὶ
996 2429 1023 2480 6
1052 2425 1497 2498 Χριστοφόροςδὲ
1523 2423 1754 2487 Παῦλος,
1779 2423 1958 2477 τοιάδε

377 2520 572 2589 φτλσίνο
605 2537 623 2570 ι
671 2518 942 2588 Ἀδελφοὶ,
985 2518 1095 2586 ἐγὼ
1130 2517 1436 2588 παρέλαϐον
1471 2515 1580 2569 άπὸ
1610 2515 1710 2570 τοῦ
1734 2515 1957 2586 Κυρίου,

376 2614 405 2666 ὃ
442 2613 537 2667 καὶ
577 2613 874 2682 παρέδωκα
926 2613 1075 2682 ὑμῖν,
1115 2612 1195 2663 ὅτι
1243 2613 1270 2664 6
1299 2609 1503 2680 Κύριος
1547 2608 1778 2679 Ἰησοῦς,
1807 2609 1865 2660 ὲν
1893 2609 1958 2678 τῇ

380 2704 539 2758 νυκτὶ
622 2705 961 2777 παρεδίδοτο,
989 2702 1179 2755 ἔλαϐεν
1210 2702 1393 2772 ἄρτον,
1418 2702 1510 2777 καλ
1534 2700 1959 2784 εὐχαριστήσας,

377 2794 598 2861 ἔκλασε,
617 2797 710 2849 καὶ
732 2791 854 2848 εἷπε
880 2813 892 2824 -
925 2794 1153 2858 Λάϐετε,
1179 2795 1402 2862 φάγετε,
1425 2792 1584 2846 τοῦτό
1617 2791 1718 2863 μού
1744 2795 1861 2844 ἐστι
1897 2793 1960 2842 τὸ

379 2886 541 2957 σῶμα
565 2886 628 2940 τὸ
653 2887 792 2953 ὑπὲρ
818 2886 972 2956 ὑμῶν
1001 2884 1282 2954 κλώμενον
1303 2899 1318 2915 ο
1342 2882 1501 2936 τοῦτο
1527 2885 1730 2936 ποιεῖτε
1759 2884 1839 2946 είς
1865 2882 1962 2953 τὴν

379 2978 518 3049 ἐμὴν
548 2978 872 3048 ἀνάμνησιν.
917 2977 1188 3038 Ὡσαύτως
1240 2975 1336 3029 καὶ
1382 2974 1444 3027 τὸ
1489 2974 1767 3044 ποτήριον,
1826 2975 1966 3044 μετὰ

381 3069 444 3124 τδ
473 3071 776 3140 δειπνῆσαι,
816 3069 1019 3138 λέγων’
1068 3069 1238 3121 Τοῦτο
1290 3067 1350 3121 τὸ
1385 3067 1663 3137 ποτήριον,
1717 3069 1750 3137 ἠ
1801 3065 1964 3136 καινὴ

384 3162 618 3233 διαθήκη
661 3162 833 3225 ἐστὶν,
888 3163 944 3213 ὲν
975 3159 1053 3230 τῷ
1108 3159 1227 3229 ἐμῷ
1280 3158 1502 3229 αἵματι·
1561 3157 1720 3210 τοῦτο
1760 3159 1963 3210 ποιεῖτε
1979 3199 2020 3252 c

383 3255 571 3314 ὁσάκις
603 3253 669 3305 ἂν
712 3251 926 3322 πίνητε,
961 3251 1040 3314 εἰς
1068 3249 1165 3320 τὴν
1198 3250 1334 3320 ἐμὴν
1375 3248 1698 3320 ἀνάμνησιν.
1744 3249 1964 3311 Ὁσάκις

385 3345 493 3414 γὰρ
525 3343 591 3397 ἂν
627 3343 844 3415 ἐσθίητε
888 3343 980 3395 τὸν
1010 3343 1172 3411 ἄρτον
1204 3341 1412 3406 τοῦτον,
1470 3342 1561 3394 καὶ
1594 3341 1656 3393 τὸ
1705 3343 1966 3410 πὸτήριον

385 3436 544 3489 τοῦτο
566 3435 756 3504 πίνητε
779 3475 795 3500 ,
822 3433 914 3487 τὸν
939 3433 1169 3486 θάνατον
1191 3431 1282 3484 τοῦ
1310 3431 1516 3504 Κυρίου
1539 3431 1962 3500 καταγγέλλετε,

387 3528 546 3597 ἄχρις
563 3520 625 3580 οὗ
651 3525 716 3578 ἂν
749 3524 899 3596 ἔλθῃ.
933 3524 1118 3590 Ὥστε,
1144 3523 1202 3586 ὃς
1233 3521 1297 3576 ἂν
1328 3523 1484 3594 ἐσθίῃ
1514 3522 1604 3576 τὸν
1637 3523 1803 3593 ἄρτον
1842 3522 1966 3576 τοῦ-

386 3615 558 3687 τον,ἢ
594 3616 724 3686 πίνῃ
748 3614 808 3667 τὸ
842 3614 1101 3684 ποτήριον
1133 3612 1225 3666 τοῦ
1250 3613 1454 3681 Κυρίου
1493 3611 1747 3678 ἀναξίως,
1779 3612 1965 3683 ἔνοχος

387 3707 541 3759 ἔσται
578 3705 674 3758 τοῦ
728 3703 1000 3774 σώματος,
1049 3704 1144 3757 καὶ
1183 3705 1276 3757 τοῦ
1323 3705 1555 3773 αἵματος
1591 3703 1686 3756 τοῦ
1733 3705 1963 3776 Κυρίου.

388 3795 740 3867 Δοκιμαζέτω
786 3796 844 3849 δὲ
879 3795 1166 3865 ἄνθρωπος
1195 3796 1410 3860 ἑαυτὸν,
1437 3797 1531 3850 καὶ
1572 3794 1746 3859 οὕτως
1775 3797 1840 3848 ὲκ
1871 3795 1964 3847 τοῦ

387 3889 554 3957 ἄρτου
589 3887 835 3954 ἐσθιέτω,
870 3887 965 3939 καὶ
997 3889 1062 3939 ὲκ
1086 3880 1179 3940 τοῦ
1205 3886 1469 3956 ποτηρίου
1500 3887 1724 3941 πινέτω.
1773 3886 1829 3940 '0
1854 3887 1966 3956 γάρ

389 3977 583 4032 ἐσθίων
624 3980 722 4031 καὶ
758 3979 928 4031 πίνων
961 3966 1214 4044 ἀναξίως,
1250 3981 1426 4048 κρῖμα
1457 3979 1634 4048 ἐαυτῷ
1673 3978 1841 4031 ἐσθίει
1872 3979 1966 4032 καὶ

393 4068 555 4134 πίνει,
591 4069 665 4140 μὴ
695 4068 987 4138 διακρίνων
1018 4069 1079 4122 τὸ
1111 4069 1269 4137 σῶμα
1297 4069 1391 4123 τοῦ
1427 4070 1654 4140 Κυρίου.
1684 4072 1781 4124 Διά
1805 4071 1966 4139 τοῦτο

398 4167 596 4241 μέρους
622 4169 918 4235 διαλαϐεῖν,
944 4171 1038 4222 καὶ
1066 4171 1143 4240 τῷ
1174 4169 1362 4236 τοιῷδε
1398 4171 1654 4234 συντάξαι
1678 4169 1974 4241 πονήματι,

394 4263 490 4314 καὶ
510 4259 653 4314 οὕτω
679 4261 852 4332 πέρας
873 4261 1054 4315 δοῦναι
1079 4260 1156 4330 τῷ
1188 4261 1353 4333 λόγῳ.
1392 4263 1502 4315 Καὶ
1532 4261 1691 4314 τοῦτο
1729 4262 1861 4329 γοῦν
1884 4261 1978 4332 δῆ-

391 4351 507 4418 λον,
547 4352 610 4406 οὐ
664 4352 824 4422 μόνον
866 4351 926 4418 ἐξ
968 4345 1042 4405 ὧν
1087 4352 1416 4422 φθέγγονται
1451 4355 1500 4406 οί
1537 4354 1703 4422 ἅγιοι,
1746 4355 1884 4408 άλλά
1913 4372 1977 4425 γε

393 4441 574 4513 πολλῷ
603 4444 787 4510 πλέον,
821 4443 880 4510 ἐξ
917 4443 1097 4496 αὐτῶν
1130 4444 1238 4497 τῶν
1267 4444 1367 4513 τῆς
1405 4444 1706 4516 αὐτοζωῆς,
1738 4445 1834 4501 καὶ
1875 4447 1976 4501 αὑ-

2127 574 2392 656 continua.
2428 575 2587 643 hujus
2629 592 2749 630 cum
2799 574 2934 646 puro
2983 578 3307 631 conscientia
3334 577 3560 643 receptio
3590 587 3638 630 et

2122 656 2446 698 communio.

2123 776 2213 832 91.
2249 775 2395 832 Nihil
2441 779 2630 848 utique
2655 779 2720 833 ad
2752 780 2947 835 anima:
2983 781 3362 850 purgationem
3402 790 3452 835 et
3487 795 3639 834 men-

2055 865 2123 924 tis
2167 867 2627 924 illuminationem
2658 880 2711 924 et
2742 871 2989 938 corporis
3037 870 3530 926 sanetifieationem
3583 883 3640 924 et

2051 959 2342 1014 amborum
2391 961 2458 1014 ad
2521 959 2691 1015 Deum
2751 961 3166 1015 translationem
3247 961 3638 1015 immortalita-

2051 1055 2271 1119 temqne
2297 1051 2372 1105 ita
2400 1051 2646 1116 confert;
2675 1051 2785 1105 imo
2815 1067 2945 1106 vero
2972 1060 3024 1107 et
3056 1053 3120 1106 ad
3149 1053 3510 1121 cupiditatum
3535 1053 3642 1107 da:-

2052 1155 2392 1211 monumque
2429 1143 2822 1212 repulsionem,
2886 1153 3003 1208 aut,
3040 1152 3101 1198 ut
3133 1146 3315 1213 aptius
3342 1145 3544 1210 dicam,
3572 1146 3641 1200 ad

2053 1234 2315 1288 unionem
2373 1244 2430 1290 et
2493 1236 2966 1304 supernaluralem
3011 1251 3134 1290 cum
3162 1236 3274 1290 Deo
3305 1235 3644 1304 conjunctio-

2053 1345 2180 1386 nem
2213 1339 2268 1386 et
2290 1331 2704 1392 immistionem,
2761 1331 2896 1385 nihil
2929 1331 3000 1386 ita
3042 1333 3094 1386 in
3129 1333 3287 1388 nobis
3320 1343 3647 1400 cooperator

2053 1433 2109 1479 et
2144 1424 2464 1488 auxiliatur,
2521 1435 2580 1477 ut
2623 1424 2888 1478 continua
2939 1434 3285 1486 sanctorum,
3333 1423 3641 1480 mundissi-

2054 1530 2295 1582 morum,
2344 1515 2760 1582 immortalium,
2818 1515 3165 1571 viviﬂcorum
3246 1517 3637 1587 mysteriorum

2053 1605 2302 1671 receptio
2335 1619 2399 1659 ac
2446 1605 2784 1670 communio,
2837 1619 2963 1660 cum
3013 1619 3155 1675 puro
3189 1605 3360 1661 corde
3385 1620 3451 1660 ae
3495 1614 3644 1659 recta

2055 1696 2438 1765 dispositione,
2469 1705 2736 1766 quantum
2767 1697 2971 1751 homini
3009 1697 3272 1768 possibile
3299 1708 3406 1762 est,
3441 1697 3644 1767 ipsius.

2053 1787 2314 1855 dicimus,
2355 1790 2657 1844 venerandi
2713 1789 2964 1859 corporis
3003 1797 3059 1844 et
3104 1787 3390 1858 sanguinis
3425 1788 3642 1842 Domini

2056 1889 2110 1935 et
2144 1877 2241 1934 Dei
2293 1889 2348 1935 et
2400 1880 2710 1937 Salvatoris
2756 1879 2936 1934 nostri
2967 1877 3361 1935 Jesu-Christi.
3407 1877 3644 1948 Ideoque

2057 1971 2430 2025 necessarium
2457 1981 2541 2025 est
2579 1977 2638 2025 ut
2665 1969 2812 2025 etde
2844 1983 2910 2025 eo
2959 1967 3224 2024 nonnulla
3275 1982 3644 2038 exponamus,

2053 2075 2108 2120 et
2159 2066 2287 2120 huic
2340 2081 2485 2120 curae
2539 2075 2752 2136 tempus
2808 2065 3216 2136 impendamus.
3286 2065 3481 2136 sicque
3539 2074 3646 2121 ter-

2053 2157 2260 2211 minum
2291 2165 2476 2212 nostro
2510 2158 2743 2212 sermoni
2777 2157 3149 2226 imponamus.

2127 2251 2304 2319 Atque
2333 2249 2388 2304 id
2425 2250 2592 2318 igitur
2643 2249 3000 2304 manifestum
3041 2257 3150 2315 est,
3209 2264 3319 2304 non
3369 2249 3533 2305 modo
3576 2265 3642 2304 ex

2053 2343 2140 2398 his
2169 2355 2292 2411 quas
2319 2341 2496 2397 sancti
2525 2340 2740 2402 dicunt.
2798 2339 2894 2396 sed
2944 2340 3122 2395 multo
3157 2341 3333 2410 magis
3381 2355 3446 2394 ex
3505 2340 3644 2412 ipsis

2053 2439 2182 2491 vitta
2211 2451 2276 2491 ac
2302 2435 2551 2492 veritatis
2580 2436 2826 2490 auctoris
2857 2427 3107 2499 vocibus,
3151 2433 3514 2489 manifestius.
3551 2431 3648 2486 Di-

2053 2528 2128 2584 cit
2159 2529 2302 2584 enim
2338 2544 2353 2582 :
2385 2546 2404 2580 ι
2449 2527 2560 2598 Ego
2589 2541 2709 2582 sum
2743 2526 2900 2595 panis
2926 2525 3046 2580 vitae
3069 2526 3157 2592 ⁶⁶;
3195 2544 3215 2578 ι
3253 2535 3325 2587 et.
3361 2543 3379 2576 ι
3415 2525 3523 2580 lste
3566 2531 3649 2578 est

2053 2620 2211 2692 panis
2246 2603 2315 2673 de
2342 2619 2482 2674 cmlo
2507 2618 2874 2682 descendens,
2906 2625 2967 2670 ut
3005 2616 3052 2672 si
3082 2617 3208 2688 quis
3239 2632 3304 2670 ex
3340 2617 3460 2686 ipso
3491 2631 3646 2670 man-

2054 2711 2359 2778 ducaverit,
2400 2725 2507 2765 non
2549 2710 2842 2765 moriatur.
2875 2706 2990 2780 Ego
3021 2725 3141 2764 sum
3173 2709 3334 2778 panis
3373 2707 3528 2762 vivus
3551 2707 3642 2776 qui

2053 2807 2120 2858 de
2154 2801 2295 2856 coelo
2357 2798 2675 2865 descendit;
2711 2797 2756 2852 si
2790 2797 2914 2867 quis
2969 2797 3386 2853 manducaverit
3444 2812 3510 2850 ea
3545 2796 3648 2850 hoc

2054 2909 2212 2960 pane,
2246 2893 2392 2948 vivet
2451 2893 2507 2946 in
2538 2899 2825 2946 aeternum.
2864 2887 2932 2944 Et
2962 2891 3120 2959 panis
3169 2905 3331 2958 quem
3381 2905 3480 2958 ego
3506 2888 3651 2943 dabo

2053 2997 2183 3038 caro
2235 2998 2352 3037 mea
2375 2991 2458 3037 est
2485 2995 2585 3052 pro
2615 2977 2802 3034 mundi
2841 2979 2952 3034 vita
2983 2979 3050 3033 ⁸⁷.
3094 2997 3114 3031 ι
3161 2979 3246 3047 Ει,
3289 2997 3308 3031 ι
3346 2979 3464 3033 Nisi
3497 2993 3651 3033 man-

2053 3075 2388 3132 ducaveritis
2445 3091 2667 3132 carnem
2711 3074 2830 3131 Filii
2882 3072 3141 3141 hominis,
3171 3083 3226 3127 et
3258 3071 3506 3128 hiberitis
3532 3069 3650 3139 ejus

2053 3169 2396 3238 sanguinem,
2421 3187 2529 3226 non
2559 3171 2830 3228 habebitis
2853 3171 3021 3226 vitam
3053 3170 3108 3224 in
3141 3165 3334 3232 vobis;
3368 3165 3460 3235 qui
3490 3178 3650 3218 man-

2055 3262 2221 3317 ducat
2271 3279 2450 3318 meam
2505 3279 2728 3318 carnem
2775 3275 2830 3319 et
2884 3263 3019 3318 bibit
3067 3277 3248 3316 meum
3303 3257 3650 3328 sanguinem,

2057 3355 2217 3410 habet
2265 3355 2429 3410 vitam
2482 3367 2742 3411 aeternam
2779 3356 2846 3409 ⁸⁸.
2889 3376 2908 3408 ι
2941 3355 3006 3409 Ει
3043 3354 3268 3408 adhuc:
3305 3370 3323 3402 ι
3359 3351 3504 3404 Caro
3533 3361 3650 3402 mea

2055 3461 2184 3501 vere
2211 3456 2294 3502 est
2315 3447 2493 3512 cibus,
2525 3454 2580 3502 et
2608 3447 2834 3516 sanguis
2867 3461 3022 3501 meus
3069 3459 3195 3499 vere
3217 3451 3301 3498 est
3328 3449 3528 3512 potus;
3558 3440 3650 3508 qui

2057 3541 2354 3596 manducat
2391 3555 2569 3594 meam
2601 3554 2822 3594 carnem
2852 3547 2907 3593 et
2933 3536 3067 3592 bibit
3093 3551 3273 3590 meum
3299 3531 3648 3603 sanguinem,

2057 3633 2112 3688 in
2151 3648 2237 3688 me
2269 3641 2489 3698 manet,
2526 3641 2580 3688 et
2609 3646 2710 3703 ego
2740 3631 2794 3685 in
2834 3630 2950 3689 illo.
2987 3626 3458 3696 Quemadmodum
3507 3621 3657 3677 misit

2060 3743 2148 3782 me
2171 3729 2360 3782 vivens
2391 3725 2568 3790 Pater,
2618 3733 2674 3780 et
2713 3738 2814 3792 ego
2862 3721 2989 3775 vivo
3046 3728 3267 3789 propter
3317 3717 3652 3780 Patrem;et

2058 3819 2153 3890 qui
2195 3817 2491 3873 manducat
2521 3831 2627 3877 me,
2657 3825 2712 3870 et
2743 3815 2833 3868 ille
2879 3813 3022 3868 vivet
3058 3820 3277 3881 propter
3307 3824 3412 3863 me.
3449 3806 3547 3860 Hic
3567 3819 3655 3862 εει

2058 3912 2215 3981 panis
2264 3909 2358 3979 qui
2419 3906 2490 3963 de
2539 3907 2681 3962 coelo
2738 3905 3064 3963 descendit:
3115 3913 3172 3958 et
3223 3902 3317 3972 qui
3359 3901 3657 3956 manducat

2059 4004 2205 4058 hunc
2241 4009 2454 4069 panem,
2493 4000 2639 4054 vivet
2668 3999 2722 4053 in
2751 4006 3014 4054 aeternum
3043 3998 3109 4052 θ’,
3147 4015 3166 4048 ι
3214 3996 3282 4050 Et
3344 3994 3546 4050 Christi
3576 3994 3661 4048 di.

2058 4094 2308 4164 scipulus
2364 4093 2566 4148 Paulus
2617 4091 2733 4145 haec
2770 4089 2885 4144 ait:
2923 4109 2940 4140 τ
2977 4087 3220 4154 Fratres,
3273 4100 3376 4157 ego
3406 4085 3591 4155 accepi
3625 4098 3656 4138 a

2061 4185 2294 4240 Domino
2339 4183 2468 4240 Jesu
2503 4183 2652 4254 quod
2683 4191 2736 4238 et
2766 4181 2965 4237 tradidi
3023 4180 3203 4244 vobis,
3243 4177 3502 4249 quoniam
3544 4175 3657 4230 Do-

2062 4281 2247 4335 minus
2279 4276 2442 4333 Jesus
2463 4275 2520 4330 in
2544 4291 2651 4348 qua
2681 4283 2840 4330 nocte
2865 4273 3199 4337 tradebatur,
3227 4270 3439 4341 accepit
3460 4283 3658 4338 panem

2061 4381 2118 4428 et
2157 4370 2363 4442 gratias
2392 4384 2580 4441 agens,
2617 4365 2779 4437 fregit
2817 4379 2883 4420 ac
2917 4363 3057 4420 dixit
3095 4381 3110 4418 :
3141 4362 3391 4432 Accipite
3419 4373 3474 4416 et
3505 4374 3662 4415 man-

2065 4466 2267 4521 ducate
2299 4481 2316 4520 :
2349 4464 2454 4518 hoc
2489 4474 2797 4532 estcorpus
2826 4474 3030 4524 meum,
3061 4457 3207 4528 quod
3240 4469 3342 4525 pro
3365 4455 3521 4510 vobis
3548 4465 3658 4509 tra-

393 4531 714 4595 τοαληθείας
752 4533 1034 4604 ῥημάτων,
1067 4534 1320 4604 ἐκδηλότε
1331 4552 1442 4606 ρον.
1465 4556 1484 4589 ι
1517 4538 1682 4606 Λέγει
1708 4537 1801 4592 καὶ
1826 4537 1965 4608 γάρί

2071 4561 2226 4612 detur
2261 4573 2278 4612 :
2322 4557 2424 4612 hoc
2455 4555 2616 4610 facite
2647 4555 2700 4610 in
2739 4568 2912 4608 meam
2943 4548 3548 4606 commemorationem.
3574 4544 3660 4600 Si-

401 4645 420 4677 ι
472 4625 613 4694 Ἐγώ
647 4626 763 4696 είμι
790 4624 818 4676 6
851 4623 1018 4695 ἄρτος
1047 4625 1147 4696 τῆς
1181 4626 1345 4698 ζωῆς.
1378 4645 1397 4680 ι
1435 4627 1545 4682 Καὶ
1577 4623 1730 4691 οὗτός
1779 4629 1925 4684 ἐστιν
1947 4631 1976 4682 6

394 4719 559 4788 ἄρτος
585 4720 612 4771 6
643 4719 708 4770 ὲκ
736 4717 831 4769 τοῦ
857 4716 1089 4788 οὐρανοῦ
1135 4717 1502 4786 καταϐαίνων,
1535 4720 1624 4774 ἵνα
1660 4737 1744 4784 τις
1775 4721 1833 4788 ἐξ
1875 4721 1976 4774 αὒ-

392 4809 487 4863 τοῦ
515 4812 686 4881 φάγῃ,
711 4813 802 4862 καὶ
827 4809 901 4882 μὴ
927 4809 1194 4881 ἀποθάνῃ.
1234 4810 1378 4879 Ἐγώ
1403 4815 1519 4882 εἰμι
1544 4815 1572 4866 6
1597 4813 1759 4882 ἄρτος
1786 4814 1815 4865 6
1841 4812 1972 4880 ζῶν,

391 4903 420 4954 6
450 4903 514 4954 ὲκ
543 4901 636 4956 τοῦ
677 4901 908 4972 οὐρανοῦ
943 4901 1190 4963 καταϐάς
1215 4916 1226 4931 ·
1259 4902 1353 4954 ἐάν
1392 4921 1474 4967 τις
1505 4905 1655 4976 φάγῃ
1693 4907 1759 4958 ὲκ
1783 4904 1974 4958 τούτου

391 4993 488 5047 τοῦ
546 4995 735 5065 ἄρτου,
782 4993 1008 5064 ζήσεται
1053 4997 1132 5058 είς
1177 4995 1268 5046 τὸν
1310 4996 1510 5050 αίῶνω
1543 4997 1640 5048 καὶ
1668 4999 1696 5050 6
1725 4997 1887 5068 ἄρτος
1917 4997 1974 5052 ὃν

393 5084 505 5154 ἐγὼ
529 5086 706 5152 δώσω,
733 5087 764 5155 ἡ
789 5085 925 5156 σάρξ
955 5099 1057 5156 μου
1087 5089 1254 5152 ἐστὶν,
1288 5087 1355 5157 ἣν
1380 5086 1490 5156 ἐγὼ
1513 5087 1690 5154 δώσω,
1713 5089 1854 5161 ὑπὲρ
1878 5091 1973 5159 τῆς

392 5177 487 5231 τοῦ
541 5177 747 5245 κόσμου
789 5177 955 5246 ζωῆς.
991 5197 1009 5230 ι
1073 5179 1224 5232 Καί·
1261 5197 1280 5230 t
1327 5179 1453 5234 Ἐὰν
1501 5181 1574 5251 μὴ
1616 5183 1828 5251 φάγητε
1877 5183 1972 5252 τὴν

397 5270 576 5341 σάρκα
605 5270 697 5322 τοῦ
729 5269 858 5322 Υίοῦ
897 5270 991 5322 τοῦ
1025 5270 1338 5341 ἀνθρώπου,
1374 5273 1469 5325 καλ⁹
1518 5273 1678 5342 πίητε
1716 5273 1882 5327 αὑτοῦ
1914 5275 1975 5328 τὸ

395 5356 556 5428 αἷμα,
586 5362 686 5414 οὐκ
716 5360 867 5430 ἔχετε
896 5359 1040 5432 ζωὴν
1074 5364 1128 5414 ἐν
1150 5363 1357 5424 ἑαυτοῖς
1377 5377 1392 5392 ·
1425 5365 1452 5416 6
1483 5365 1709 5431 τρώγων
1739 5383 1840 5433 μου
1863 5345 1971 5437 ’τὴν

395 5454 596 5522 σάρκα,
621 5453 716 5505 καὶ
747 5453 918 5504 πίνων
953 5471 1051 5520 μου
1080 5454 1139 5506 τὸ
1164 5449 1322 5522 αἷμα,
1355 5454 1467 5524 ἔχει
1499 5455 1644 5526 ζωὴν
1669 5457 1906 5512 αἰώνιον.
1943 5478 1961 5510 ι

395 5541 547 5592 'Ett'
587 5559 607 5593 ι
659 5541 722 5593 Ἠ
754 5542 861 5610 γὰρ
895 5539 1034 5611 σάρξ
1057 5560 1180 5612 μου,
1214 5545 1420 5615 ἀληθής
1452 5547 1567 5598 ἐστι
1599 5547 1834 5619 βρῶσις,
1876 5553 1970 5602 καὶ

391 5632 454 5685 τὸ
477 5626 620 5700 αἷμά
649 5649 771 5701 μου.
809 5633 1018 5704 ἀληθής
1047 5635 1165 5686 ἐστι
1200 5636 1390 5700 πόσιςο
1419 5638 1446 5690 6
1475 5644 1701 5707 τρώγων
1734 5656 1836 5710 μου
1870 5641 1969 5710 τὴν

472 5841 517 5872 ο.
545 5840 700 5896 ποδη,
747 5840 820 5904 γε,
864 5839 953 5893 55.
1059 5840 1102 5872 ον
1156 5839 1286 5895 ibid.
1341 5840 1533 5899 τεο-δε.

1641 5846 1684 5879 ⁵⁸
1721 5847 1849 5904 ibid.
1896 5851 2082 5909 5-4-55.

2069 4651 2271 4706 militer
2302 4659 2359 4704 et
2392 4649 2642 4713 calicem,
2676 4656 2966 4716 postquam
3001 4642 3256 4704 coenavit,
3294 4638 3487 4693 dicens
3519 4653 3533 4690 :
3561 4635 3663 4690 Hie

2067 4741 2206 4798 calix
2259 4755 2465 4795 novum
2523 4737 2934 4793 Testamentum
2969 4742 3060 4786 est
3102 4733 3158 4784 in
3205 4744 3327 4784 meo
3357 4726 3660 4798 sanguine;

2067 4835 2176 4890 hoe
2229 4833 2418 4898 facite,
2472 4831 2916 4902 quotiescunque
2945 4825 3170 4888 hibetis,
3206 4821 3267 4902 in
3299 4834 3476 4874 meam
3510 4832 3664 4873 com-

2068 4901 2549 4982 memorationem.
2609 4920 3065 4988 Quotiescunque
3087 4917 3233 4970 enim
3260 4901 3661 4968 manducabitis

2069 5034 2259 5084 panem
2295 5021 2461 5082 hunc,
2493 5022 2550 5070 et
2579 5014 2806 5070 calicem
2840 5010 2991 5066 illum
3031 5009 3253 5074 hibetis,
3286 5015 3517 5060 mortem
3547 5003 3660 5058 Do-

2071 5114 2206 5168 mini
2231 5109 2659 5173 annuntiabitis,
2679 5106 2857 5163 donec
2881 5102 3087 5158 veniat.
3112 5101 3216 5168 Qui
3247 5097 3665 5154 manducaverit

2071 5221 2264 5276 panem
2296 5205 2464 5269 hunc,
2503 5201 2588 5256 vel
2635 5197 2836 5254 biberit
2884 5195 3111 5252 calicem
3151 5191 3367 5248 Domini
3421 5190 3663 5261 indigne,

2071 5313 2200 5353 reus
2233 5296 2340 5351 erit
2369 5292 2617 5364 corporis
2646 5303 2700 5346 et
2745 5289 3028 5359 sanguinis
3057 5286 3305 5348 Domini.
3342 5283 3543 5339 Probet
3565 5282 3666 5349 igi-

2069 5404 2158 5448 tur
2193 5391 2436 5459 seipsum
2487 5389 2672 5447 homo,
2713 5392 2767 5436 et
2797 5382 2879 5437 sic
2919 5381 2988 5436 de
3021 5396 3158 5451 pane
3200 5381 3294 5434 illo
3323 5377 3578 5434 comedat
3603 5385 3659 5429 et

2067 5488 2138 5544 de
2169 5486 2344 5541 calice
2379 5483 2554 5538 bibat.
2589 5480 2692 5546 Qui
2753 5477 3054 5531 mandueat
3105 5483 3160 5528 et
3221 5474 3359 5528 bibit
3424 5471 3667 5540 indigne,

2067 5579 2335 5652 judicium
2358 5575 2463 5630 sibi
2483 5573 2648 5628 mand
2667 5581 2798 5627 ucat
2817 5580 2871 5626 et
2888 5569 3044 5631 bibit,
3071 5583 3178 5621 non
3203 5565 3522 5636 dijudicans
3543 5576 3668 5616 cor-

2071 5690 2176 5745 pus
2213 5669 2454 5726 Domini.
2489 5667 2618 5722 ldeo
2650 5668 2793 5721 inter
2821 5677 2920 5718 vos
2964 5660 3120 5716 multi
3157 5658 3371 5716 infirmi
3413 5663 3470 5720 et
3493 5655 3671 5711 imbe-

2195 5850 2239 5882 θ’
2271 5847 2403 5905 ibid.
2432 5843 2620 5902 56-59.
