4058 6450
445 372 554 436 ’195

1290 372 1642 435 CALLISTI
1681 370 1779 433 ET
1829 371 2134 433 IGNATII
2169 366 2876 431 XANTHOPULORUM

3611 370 3716 438 796

447 486 604 542 cilles
656 496 704 540 et
737 484 1020 542 dormiunt
1063 483 1241 540 multi.
1273 483 1330 541 Si
1364 487 1732 559 nosmetipsos
1765 485 2038 558 dijudica-

2153 481 2214 534 ἐν
2243 481 2373 552 ήμϊν
2403 483 2588 538 πολλοὶ
2625 465 2873 551 ἀσθενεῖς
2906 492 3000 542 καὶ
3031 491 3326 563 ἄρρωστοι,
3363 497 3454 551 καὶ
3489 503 3728 570 κοιμῶν-

451 591 660 639 remus,
692 591 802 631 non
839 576 1452 647 utiquejudicaremur.
1503 576 1641 632 Dum
1679 587 1859 632 antem
1887 577 2034 648 judi-

447 683 660 734 camur,
715 682 746 722 a
804 667 1036 722 Domino
1103 670 1452 739 corripimur,
1503 681 1564 726 ut
1615 685 1722 724 non
1771 684 1896 725 cum
1931 669 2039 725 hoc

449 757 656 813 mundo
683 757 1012 830 damnemur
1034 760 1102 812 ".
1141 779 1162 812 ι

447 865 602 933 Quod
637 884 844 941 necesse
876 879 954 924 est
984 869 1186 924 discere
1211 887 1489 925 sacrorum
1523 871 1900 941 mysteriorum
1941 873 2040 924 mi-

520 939 765 1013 raculum
785 955 805 1003 ς
829 949 880 994 et
909 942 1037 1013 quid
1066 951 1166 1007 est,
1197 952 1247 995 et
1279 958 1446 1012 quare
1471 939 1658 997 datum
1693 953 1794 1008 est,
1821 950 1873 997 et
1895 958 2042 1013 quar-

522 1025 646 1062 nam
686 1010 834 1064 illins
867 1010 1097 1064 utilitas.

521 1123 614 1181 92.
642 1123 852 1180 Scribit
874 1134 1056 1180 autem
1088 1125 1520 1196 Chrysostomus
1553 1143 1568 1181 :
1600 1144 1620 1179 ι
1653 1126 2039 1198 Mysteriorum

367 1203 372 1209 ’
451 1218 779 1273 miraculum
841 1219 974 1288 quid
1005 1219 1080 1274 sit
1130 1219 1346 1274 discere
1405 1221 1778 1276 necessarium
1827 1230 1932 1286 est,
1985 1230 2042 1276 et

445 1324 699 1378 quamam
732 1313 806 1366 sit
824 1310 991 1380 hujus
1013 1311 1091 1365 rei
1124 1311 1353 1366 utilitas.
1386 1309 1566 1366 Unum
1599 1327 1803 1382 corpus
1823 1324 2067 1376 sumus,‘

445 1407 501 1454 et
535 1401 779 1455 membra
821 1415 886 1454 ex
916 1415 1083 1455 carne
1117 1400 1330 1455 Domini
1370 1402 1542 1456 nostri
1579 1401 1706 1457 Jesu
1735 1401 1965 1467 Christi,
1989 1411 2045 1458 et

445 1508 511 1546 ex
538 1491 757 1550 ossibus
787 1493 930 1563 ejus.
971 1492 1078 1559 Qui
1123 1503 1304 1549 autem
1357 1493 1559 1550 initiati
1597 1507 1745 1561 sunt,
1801 1496 1870 1551 iis
1919 1511 2045 1566 quae

446 1583 711 1638 dicuntur
744 1599 933 1640 aurem
963 1593 1225 1655 praestent
1251 1625 1267 1649 ,
1297 1593 1357 1640 ut
1404 1599 1512 1640 non
1540 1585 1706 1641 modo
1733 1587 2041 1642 secundum

447 1675 774 1731 cliaritatein
803 1676 861 1732 id
903 1678 1121 1743 (lamus,
1157 1679 1251 1734 sed
1284 1679 1458 1748 reipsa
1494 1678 1548 1734 in
1605 1694 1770 1734 unam
1822 1695 2042 1734 carnem

452 1765 822 1834 misceamur;
860 1768 911 1822 id
942 1784 1039 1837 per
1058 1769 1242 1824 cibum
1278 1769 1532 1824 eﬂ‘ectum
1559 1780 1664 1835 est,
1693 1785 1855 1841 quem
1885 1771 2044 1828 nobis

449 1857 678 1927 largitus
703 1867 810 1926 est,
849 1861 1010 1916 nobis
1037 1875 1280 1917 amorem
1304 1877 1467 1932 quem
1510 1863 1567 1918 in
1600 1879 1703 1921 nos
1745 1864 1929 1928 habet,
1949 1878 2042 1916 vo-

448 1949 570 2005 lens
626 1952 940 2008 ostendere.
973 1953 1098 2010 ldeo
1133 1956 1293 2012 nobis
1351 1957 1597 2027 seipsum
1633 1957 1957 2024 immiscuit,
1987 1966 2044 2014 et

447 2044 682 2100 inseruit
711 2045 764 2100 in
802 2047 962 2104 nobis
984 2062 1184 2118 corpus
1206 2063 1394 2114 suum,
1423 2058 1482 2104 ut
1515 2064 1687 2104 unum
1715 2049 2043 2118 eﬂiciamur,

449 2144 710 2208 tanquam
746 2154 948 2210 corpus
997 2141 1166 2212 capiti
1205 2143 1444 2198 unitum.
1482 2141 1541 2199 ld
1567 2143 1714 2198 enim
1743 2152 1828 2197 est
1873 2142 2041 2197 vehe-

447 2241 659 2289 menter
702 2233 1071 2306 diligentium.
1109 2236 1268 2302 Quod
1305 2238 1540 2293 innuens
1567 2236 1674 2292 Job
1723 2237 1940 2291 dicebat
1973 2235 2044 2290 de

448 2323 624 2380 servis
659 2325 797 2391 suis,
821 2327 1025 2396 quibus
1068 2340 1189 2382 erat
1223 2329 1404 2384 vivide
1455 2328 1860 2392 desiderabilis,
1889 2327 2038 2399 quod

448 2429 693 2472 amorem
731 2431 892 2472 suum
945 2419 1265 2473 ostendendi
1312 2434 1478 2474 causa
1511 2419 1770 2475 dicebant
1815 2437 1830 2473 :
1873 2418 2041 2485 «Quis

451 2509 546 2563 det
578 2509 739 2566 nobis
771 2509 839 2564 de
879 2512 1143 2566 carnibus
1166 2512 1286 2583 ejus
1329 2513 1567 2567 saturari
1591 2512 1618 2566 ?
1651 2513 1774 2568 Ideo
1802 2521 1859 2568 et
1881 2510 2042 2567 Chri-

448 2607 571 2656 stus
606 2601 739 2658 illud
766 2601 968 2668 eiecit,
1009 2603 1076 2658 ad
1127 2603 1392 2674 majorem
1439 2606 1738 2662 amicitiam
1785 2619 1887 2661 nos
1933 2605 2040 2659 du-

449 2708 603 2760 rens,
643 2705 698 2750 et
751 2712 914 2752 suum
953 2699 1009 2752 in
1039 2713 1142 2754 nos
1185 2713 1430 2754 amorem
1480 2700 1797 2762 ostendens,
1835 2714 1943 2754 non
1977 2713 2041 2753 se

451 2789 834 2842 tantummodo
861 2789 1023 2844 nobis
1063 2790 1360 2846 videndum
1386 2791 1642 2863 praebuit,
1673 2790 1771 2848 sed
1797 2798 1852 2845 et
1885 2790 2042 2860 cupi-

452 2878 673 2933 entibus
703 2882 1035 2951 tangenduin
1067 2898 1133 2939 ac
1159 2884 1638 2950 manducandum;
1668 2895 1722 2938 et
1747 2883 1901 2939 carni
1925 2898 2041 2939 suae

460 2990 562 3031 nos
589 2977 730 3032 uniri
767 2979 934 3034 voluit
989 2988 1045 3036 et
1073 2983 1318 3037 connecti
1359 2991 1416 3038 et
1472 2992 1646 3037 totum
1701 2981 2038 3037 desiderium

455 3081 704 3126 nostrum
732 3075 1016 3143 compleri.
1056 3093 1076 3126 ι
1113 3072 1179 3128 Et
1201 3075 1381 3131 adhuc
1408 3092 1426 3132 :
1459 3092 1480 3128 ι
1514 3075 1621 3143 Qui
1649 3074 1778 3130 huic
1806 3074 2044 3129 sanctis-

455 3163 598 3218 simo
632 3167 852 3236 corpori
885 3181 951 3221 ac
1001 3169 1318 3224 venerando
1369 3168 1626 3240 sanguini
1683 3167 2038 3238 participant,
2071 3199 2114 3257 ο

451 3271 579 3310 cum
631 3258 840 3326 angelis
869 3267 924 3314 et
944 3261 1289 3330 archangelis
1324 3275 1388 3316 ac
1423 3260 1746 3316 caelestibus
1776 3259 2040 3329 potentiis

455 3348 668 3412 sedent,
726 3352 926 3419 regiam
965 3351 1170 3407 Christi
1219 3362 1428 3408 vestem
1481 3353 1767 3407 induentes
1794 3359 1852 3408 et
1888 3367 2039 3407 arma

453 3447 721 3503 habentes
760 3447 1024 3504 cielestis.
1056 3443 1158 3504 Sed
1199 3461 1307 3503 non
1343 3446 1526 3504 adhuc
1566 3444 1864 3514 quidquam
1891 3444 2045 3500 dixe-

456 3551 628 3610 runt;
662 3542 838 3613 ipsum
871 3541 1018 3598 enim
1063 3556 1247 3611 regem
1281 3542 1597 3597 induerunt.
1641 3539 1748 3598 Sed
1776 3539 2044 3611 quemad—

462 3639 688 3692 modum
721 3635 855 3692 illud
882 3646 967 3690 est
997 3650 1256 3704 magnum
1285 3645 1339 3690 et
1374 3636 1720 3690 tremendum
1750 3643 1807 3690 et
1835 3634 2046 3689 miran-

457 3729 610 3796 dum,
651 3729 725 3783 ita
777 3729 822 3784 si
867 3745 992 3786 cum
1031 3730 1287 3800 puritate
1326 3728 1583 3793 accedas,
1639 3726 1924 3782 accessisti
1974 3723 2045 3780 ad

453 3822 690 3878 salutem
720 3837 736 3887 ;
767 3822 813 3876 si
844 3836 975 3877 vero
1005 3836 1131 3877 cum
1172 3822 1314 3876 mala
1345 3819 1704 3883 conscientia,
1738 3822 1790 3873 in
1825 3832 2043 3890 pcenam

453 3929 519 3971 ac
569 3914 922 3985 supplicium.
945 3912 1051 3980 Qui
1083 3914 1230 3967 enim
1265 3927 1470 3982 corpus
1494 3923 1550 3966 et
1579 3910 1902 3982 sanguinem
1938 3908 2046 3964 Do-

453 4007 588 4062 mini
612 4008 906 4062 manducat
934 4021 999 4062 ac
1021 4005 1159 4061 bibit
1185 4006 1430 4077 indigne,
1453 4003 1724 4076 judicium
1754 4003 1860 4060 sibi
1885 4017 2046 4058 mau-

451 4103 620 4157 ducat
648 4115 715 4156 ac
745 4101 900 4156 bibit.
937 4101 996 4156 Si
1045 4099 1190 4154 enim
1231 4101 1324 4170 qni
1364 4099 1569 4169 regiam
1612 4111 1912 4169 purpuram
1960 4095 2046 4152 itt-

452 4196 844 4266 quinaverunl,
879 4208 993 4248 non
1037 4195 1220 4248 minus
1250 4179 1554 4260 puniuntur
1584 4205 1747 4262 quam
1791 4189 1887 4261 qui
1922 4204 2045 4246 eam

451 4289 854 4348 laceraverunt,
897 4284 1124 4339 omnino
1152 4293 1586 4340 consentaneum
1617 4292 1705 4338 est
1746 4292 1809 4338 ut
1851 4293 1912 4338 et
1949 4282 2046 4354 qui

451 4390 654 4446 corpus
682 4389 808 4430 cum
840 4375 1131 4444 inquinata
1169 4374 1507 4430 conscientia
1543 4375 1872 4444 receperint,
1898 4390 2050 4431 eam-

446 4471 570 4525 dem
597 4481 814 4537 pinnam
844 4468 1074 4521 subeant
1117 4481 1183 4522 ac
1203 4467 1296 4535 qui
1320 4481 1418 4536 per
1449 4465 1631 4521 clavos
1656 4467 1787 4522 illud
1814 4468 2046 4540 fregere.

2152 590 2243 627 ται
2295 575 2488 629 ίκανοί.
2537 576 2600 629 Εί
2649 579 2760 649 γὰρ
2817 581 3044 646 ἑαυτοὺς
3096 585 3462 658 διεκρίνομεν,
3513 593 3612 645 οὐκ
3661 595 3728 650 ἂν

2153 667 2509 738 ἐκρινόμεθαο
2563 670 2877 741 κρινόμενοι
2927 673 2984 726 δὲ
3047 675 3152 728 ὑπὸ
3202 676 3295 730 τοῦ
3336 681 3542 750 Κυρίου
3599 701 3726 738 παι-

2152 756 2440 828 δευόμιθα,
2472 759 2560 812 ἵνα
2595 761 2670 832 μὴ
2699 761 2797 815 σὺν
2832 763 2902 834 τῷ
2932 765 3120 837 κόσμῳ
3144 771 3588 844 κατακριθῶμεν.
3629 794 3649 827 s

2153 891 2285 944 Ὅτι
2345 893 2676 978 ἀναγκαῖον
2717 897 2940 978 ,μαθεῖν
2966 973 2978 978 _
3007 901 3076 978 τὸ
3128 903 3356 978 θαῦμα-
3378 903 3504 978 τῶν,
3551 909 3728 978 ἁγίων

2217 967 2602 1048 μυστηρίων-ς
2633 967 2730 1048 καὶ
2753 968 2811 1020 τί
2835 973 2983 1024 ποτά
3007 971 3142 1026 ἐστι
3161 989 3173 1002 °
3206 967 3303 1028 κὶιί
3328 974 3426 1029 διὰ
3447 977 3505 1030 τί
3530 967 3729 1048 ἐδῖζθη,

2224 1038 2322 1086 καὶ
2349 1036 2442 1099 τίς
2480 1035 2519 1102 ἠ
2559 1033 2840 1104 ὠφέλεια.

2223 1143 2332 1214 ιιβο.
2370 1145 2580 1217 Γράφει
2608 1146 2665 1200 δὲ
2691 1149 2786 1202 καὶ
2817 1149 2845 1201 ὁ
2871 1150 3318 1223 Χρυσορρήμων·
3347 1171 3367 1206 ι
3414 1156 3726 1226 Ἀναγκαῖον

2155 1236 2348 1306 μαθεῖν
2391 1237 2454 1290 τὸ
2502 1237 2688 1308 θαῦμα
2727 1240 2839 1293 τῶν
2881 1243 3195 1315 μυστηρίων
3221 1245 3275 1298 τί
3311 1248 3438 1300 ποτέ
3465 1249 3603 1315 ἐστι,
3638 1252 3725 1306 καὶ

2149 1326 2238 1379 διὰ
2265 1327 2318 1380 τί
2347 1327 2527 1398 ἐδόθη,
2556 1331 2651 1383 καὶ
2678 1331 2756 1393 τίς
2789 1333 2822 1401 ἡ
2862 1332 3102 1401 ὠφέλεια
3133 1336 3227 1389 τοῦ
3255 1337 3595 1409 πράγματος.
3633 1343 3729 1394 Ἐν

2153 1417 2314 1487 σῶμά
2362 1421 2550 1489 ἐσμεν,
2601 1421 2693 1473 καὶ
2739 1421 2899 1492 μέλη,
2933 1425 2997 1476 ἐκ
3040 1427 3140 1495 τῆς
3173 1427 3374 1498 σαρκὸς
3397 1427 3491 1481 τοῦ
3522 1431 3726 1502 Κυρίου

2151 1510 2309 1580 ήμῶν
2347 1510 2522 1580 Ἰησοῦ
2555 1511 2814 1583 Χριστοῦ,
2847 1515 2942 1567 καὶ
2973 1516 3038 1568 ἐκ
3085 1517 3193 1569 τῶν
3227 1519 3430 1572 ὀστέων
3455 1520 3637 1574 αὑτοῦ.
3665 1524 3726 1575 Ui

2151 1601 2209 1654 δὲ
2241 1601 2604 1673 μεμυημένοι,
2638 1603 3224 1675 παρακολουθείτωσαν
3257 1611 3365 1672 τοῖς
3395 1610 3722 1680 λεγομένοιςο

2155 1695 2244 1748 ἶνα
2282 1691 2374 1749 οὖν
2398 1695 2474 1765 μὴ
2503 1696 2662 1766 μόνον
2702 1699 2844 1751 κατὰ
2868 1699 2968 1768 τὴν
2997 1699 3218 1770 ἀγάπην
3243 1700 3401 1754 τοῦτο
3422 1702 3724 1771 γενώμεθα,

2155 1787 2292 1840 ἀλλὰ
2336 1789 2429 1840 καὶ
2463 1790 2581 1841 κατ’
2633 1789 2765 1842 αὐτὸ
2813 1790 2875 1842 τὸ
2903 1791 3138 1860 πρᾶγμα
3169 1794 3249 1855 εἰς
3287 1793 3504 1862 ἐκείνην
3531 1795 3727 1848 ἀνακε-

2156 1885 2445 1956 ρασθῶμεν
2474 1886 2573 1956 τὴν
2619 1885 2821 1956 σάρκα,
2848 1887 2936 1940 διὰ
2964 1869 3169 1958 τροφῆς
3199 1887 3360 1941 τοῦτο
3393 1889 3621 1956 γίνεται,
3662 1891 3726 1960 ῆν

2153 1977 2462 2048 ἐχαρίσατο,
2510 1977 2831 2049 βουλόμενος
2897 1980 3031 2048 ⁴ἡμῖν
3077 1979 3247 2044 δεῖξαι
3301 1980 3390 2033 τὸν
3436 1980 3618 2046 πόθον,
3666 1981 3724 2033 δν

2153 2069 2266 2142 εχει
2305 2069 2442 2140 πρὸς
2491 2071 2660 2142 ἡμᾶς.
2704 2071 2804 2125 Διὰ
2839 2070 2998 2125 τοῦτο
3033 2073 3291 2141 ἀνέμιξεν
3330 2073 3460 2142 ἡμῖν
3506 2073 3716 2136 ἑαυτὸν,

2148 2171 2245 2224 καὶ
2277 2171 2514 2241 ἅνέφυρε
2540 2171 2603 2225 τὸ
2629 2172 2788 2240 σῶμα
2819 2171 2986 2226 αὐτοῦ
3013 2173 3094 2235 είς
3129 2171 3299 2242 ἡμᾶς,
3339 2171 3426 2224 ἵνα
3459 2169 3515 2222 ἓν
3548 2169 3720 2236 γενώ-

2151 2247 2304 2332 μεθα
2328 2263 2582 2333 καθάπερ
2612 2264 2773 2334 σῶμα
2816 2264 3027 2334 κεφαλῇ
3072 2262 3440 2334 συνημμένον.
3465 2261 3587 2314 Τῶν
3615 2263 3722 2330 γὰρ

2149 2354 2354 2424 σφόδρα
2399 2354 2706 2408 ποθούντων
2749 2356 2867 2408 ἐστὶ
2910 2355 3089 2412 τοῦτο.
3135 2355 3307 2410 Τοῦτο
3355 2355 3485 2425 γοῦν
3526 2356 3554 2408 ό
3602 2353 3720 2408 Ἰὼϐ

2146 2445 2540 2514 αἰνιττόμενος,
2567 2445 2722 2514 ἔλεγε
2768 2447 2900 2518 περὶ
2939 2447 3049 2500 τῶν
3101 2448 3352 2514 οἰκετῶν,
3383 2442 3466 2510 οἷς
3501 2441 3569 2517 ἦν
3605 2444 3719 2517 μεθ’

2146 2535 2455 2606 ὑπερϐολῆς
2478 2536 2746 2600 ποθεινὸς.
2776 2537 2858 2592 ὅτι
2887 2539 2952 2609 δὴ
2982 2539 3075 2591 τὸν
3104 2539 3268 2592 πόθον
3300 2536 3718 2608 ἐνδεικνύμενοι,

2145 2624 2331 2695 ἔλεγον
2353 2641 2366 2657 ο
2409 2625 2505 2690 Τίς
2536 2627 2600 2680 ἂν
2625 2627 2735 2698 δῴη
2768 2629 2899 2698 ἡμῖν
2930 2631 2992 2680 ἐκ
3017 2627 3128 2698 τῶν
3159 2627 3379 2700 σαρκῶν
3414 2627 3578 2680 αὑτοῦ
3623 2628 3722 2696 ἐμ-

2145 2715 2451 2786 πλησθῆναι
2473 2732 2488 2782 ;
2514 2716 2604 2769 Διὸ
2632 2717 2697 2788 δὴ
2720 2719 2813 2769 καὶ
2835 2719 2863 2770 ὁ
2885 2719 3117 2788 Χριστὸς
3140 2718 3271 2774 αὐτὸ
3296 2716 3616 2785 πεποίηκεν,
3645 2715 3721 2778 είς

2147 2805 2328 2873 φιλίαν
2375 2807 2522 2876 ἡμᾶς
2567 2807 2718 2876 ἄγων
2767 2806 3025 2877 μείζονα,
3085 2806 3302 2860 καὶτὸν
3351 2804 3515 2858 αὐτοῦ
3560 2805 3720 2858 πόθον

2145 2897 2556 2968 ἐνδεικνύμενος
2610 2899 2741 2969 περὶ
2780 2900 2952 2969 ἡμᾶς,
2999 2900 3098 2951 οὐκ
3161 2899 3290 2951 ίδεϊν
3341 2898 3500 2968 μόνον
3535 2896 3721 2950 ἑαυτὸν

2147 2991 2402 3060 παρέχων
2435 2991 2546 3053 τοῖς
2587 2989 2966 3060 ἐπιθυμοῦσιν,
3017 2990 3150 3043 ἀλλὰ
3199 2990 3293 3043 καὶ
3327 2988 3593 3058 ἅψασθαι,
3631 2989 3721 3042 καὶ

2145 3083 2373 3148 φαγεῖνο
2416 3081 2511 3133 καὶ
2541 3081 2783 3152 ἐμπῆξαι
2824 3084 2888 3152 τῇ
2924 3082 3125 3150 σαρκίο
3158 3083 3250 3136 καὶ
3297 3082 3718 3153 συμπλακῆναι,
3787 3122 3792 3126 -

2147 3174 2243 3226 καὶ
2289 3173 2380 3226 τὸν
2416 3172 2580 3227 πόθον
2615 3173 2895 3244 ἐμπλῆσαι
2929 3176 3131 3228 πάντα.
3172 3193 3191 3226 ι
3245 3176 3394 3229 Ἔτι·
3437 3194 3454 3226 ι
3493 3175 3557 3228 Oi
3593 3192 3720 3245 μετ-

2145 3264 2361 3334 έχοντες
2391 3264 2486 3318 τοῦ
2515 3265 2786 3334 παναγίου
2820 3267 3094 3335 σώματος,
3116 3268 3210 3321 καὶ
3238 3265 3330 3320 τοῦ
3357 3267 3537 3337 τιμίου
3556 3267 3720 3337 αἵμα-

2145 3375 2233 3420 τος
2256 3397 2271 3420 ,
2311 3359 2451 3428 μετὰ
2495 3360 2744 3428 ἀγγέλων
2778 3362 2872 3414 καὶ¹
2919 3361 3299 3433 ἁρχαγγέλων,
3334 3361 3428 3414 καὶ
3470 3360 3577 3414 τῶν
3611 3361 3722 3414 ἄνω

2142 3449 2430 3519 δυνάμεων
2475 3451 2793 3521 ἑστήκασιν,
2829 3453 3000 3524 αὐτὴν
3035 3453 3410 3525 περικείμενοι
3453 3455 3546 3508 τοῦ
3588 3457 3721 3524 Χρι-

2146 3540 2276 3595 στοῦ
2327 3543 2426 3610 τὴν
2477 3542 2769 3613 βασιλικὴν
2819 3544 3051 3615 στολὴν,
3102 3546 3170 3597 τὰ
3204 3543 3346 3598 ὅπλα
3399 3543 3612 3614 ἔχοντες
3653 3545 3720 3598 τὰ

2143 3633 2506 3700 πνευματικά.
2551 3633 2693 3686 Ἀλλ’
2735 3634 2887 3687 οὐδὲν
2915 3629 3071 3688 είπον
3102 3635 3223 3688 οὐδέ
3254 3651 3339 3687 πω
3360 3651 3375 3666 ο
3415 3635 3575 3689 αὑτὸν
3609 3636 3717 3706 γάρ

2145 3723 2282 3776 εἰσιν
2325 3722 2668 3795 ἐνδεδυμένοι
2719 3725 2810 3779 τὸν
2859 3726 3104 3798 βασιλέα.
3171 3726 3310 3781 Ἀλλ’
3364 3726 3552 3797 ὥσπερ
3604 3728 3718 3780 ἐστὶ

2148 3819 2312 3888 μέγα,
2342 3818 2438 3871 κα)⁸
2471 3819 2720 3892 φρικτὸν,
2766 3821 2862 3874 καὶ
2897 3820 3232 3890 θαυμαστὸν,
3277 3819 3448 3884 οὕτως
3483 3819 3546 3873 ἂν
3582 3818 3719 3889 μετά

2144 3908 2518 3978 καθαρότητος
2542 3909 2866 3984 προσέλθῃς,
2889 3911 2969 3974 είς
2995 3911 3273 3981 σωτηρίαν
3297 3910 3620 3982 προσῆλθες,
3651 3909 3716 3964 ἂν

2143 4001 2203 4055 δὲ
2243 4003 2381 4072 μετὰ
2413 4003 2650 4073 πονηροῦ
2693 4003 3012 4066 συνειδότος,
3048 4005 3126 4065 είς
3158 4002 3398 4066 κόλασιν,
3430 4003 3520 4055 καὶ
3546 4020 3716 4072 τιμω-

2151 4090 2291 4160 ρίαν.
2326 4092 2387 4144 '0
2423 4091 2533 4161 γὰρ
2579 4091 2794 4158 ἐσθίων,
2842 4095 2938 4148 καὶ
2981 4094 3152 4147 πίνων
3178 4093 3410 4156 ἀναξίως
3459 4093 3519 4145 τὸ
3559 4092 3717 4162 σῶμα

2148 4187 2242 4240 καὶ
2275 4182 2412 4256 αἷμα
2461 4185 2555 4239 τοῦ
2585 4185 2814 4256 Κυρίου,
2849 4188 3026 4257 κρῖμα
3069 4185 3246 4256 ἐαυτῷ
3278 4185 3468 4252 ἐσθίει,
3499 4188 3593 4239 καὶ
3627 4186 3718 4238 πί-

2147 4293 2250 4330 νει.
2286 4277 2349 4330 Εί
2389 4276 2498 4348 γὰρ
2531 4279 2580 4330 οἱ
2624 4276 2926 4350 ρυποῦντες
2967 4278 3066 4348 τὴν
3111 4281 3398 4349 πορφύραν
3431 4279 3526 4350 τὴν
3569 4277 3718 4348 βασι-

2148 4368 2321 4440 λικὴν,
2358 4369 2678 4434 κολάζονται
2711 4373 2934 4442 ὁμοίως,
2969 4370 3159 4441 ὥσπερ
3193 4375 3242 4424 οί
3271 4371 3715 4442 διαῤῥηγνύντες,

2148 4462 2299 4515 οὐδὲν
2327 4462 2552 4524 ἀπεικὸς
2571 4500 2586 4527 ,
2625 4463 2720 4516 καὶ
2758 4465 2884 4526 τοὺς
2912 4445 3207 4535 ἀκαθάρτῳ
3257 4465 3469 4536 διανοίᾳ
3498 4463 3717 4534 δεχομέ-

451 4559 587 4616 Vide
632 4559 800 4632 igitur
825 4559 1104 4630 quomodo
1139 4556 1344 4614 Paulus
1374 4559 1516 4614 hanc
1543 4573 1762 4630 pinnam
1789 4563 2048 4616 ostende-

2149 4573 2273 4620 νους
2304 4555 2364 4608 τὸ
2412 4556 2594 4626 σῶμα,
2622 4557 2722 4628 τὴν
2748 4558 2919 4628 αὐτὴν
2955 4560 3246 4629 ὑπομείναι
3285 4558 3576 4629 τιμωρίαν,
3613 4560 3718 4621 τοῖς

448 4655 540 4722 rit,
565 4655 796 4710 dicens:
831 4669 855 4705 ι
889 4652 995 4721 Qui
1029 4653 1199 4725 legem
1223 4650 1426 4726 Moysis
1471 4655 1822 4724 contempsit,
1843 4655 2053 4728 absque

453 4745 858 4811 misericordia,
897 4746 1113 4802 duobus
1145 4747 1226 4801 vel
1261 4747 1438 4802 tribus
1469 4745 1702 4802 testibus
1731 4757 2052 4814 accusatus,

454 4836 709 4893 morltur.
760 4836 980 4904 Quanto
1011 4839 1220 4908 majora
1275 4839 1480 4909 putatis
1527 4839 1727 4895 mereri
1758 4839 2052 4910 supplicia,

449 4929 546 5001 qui
573 4927 774 4984 Filium
828 4931 923 4986 Dei
953 4933 1381 4997 conculcaverit,
1416 4941 1471 4988 et
1515 4933 1838 5002 sanguinem
1888 4942 2030 4990 testa

454 5021 622 5077 menti
644 5022 910 5092 pollutum
937 5025 1174 5087 duxerit,
1199 5025 1252 5079 in
1277 5040 1388 5094 quo
1413 5027 1789 5082 sanctilicatus
1813 5035 1896 5082 est
1917 5027 1989 5080 ⁷ίῖ
2019 5045 2039 5080 ι

452 5113 783 5185 Quicunque
834 5115 1003 5186 igitur
1035 5115 1167 5173 huic
1204 5118 1423 5186 corpori
1457 5119 1878 5187 participamus,
1919 5119 2044 5190 qui—

452 5222 672 5279 cunque
727 5207 876 5264 hunc
921 5209 1242 5280 sanguinem
1281 5219 1588 5280 gustamus,
1650 5212 1886 5279 cogitate
1945 5227 2046 5268 nos

453 5299 607 5354 illum
637 5300 732 5371 qui
767 5315 992 5357 sursum
1035 5303 1209 5368 sedet,
1245 5303 1342 5373 qui
1390 5303 1460 5357 ah
1517 5304 1725 5375 angelis
1763 5306 2045 5372 adoratnr,

453 5396 546 5464 qui
582 5395 992 5465 omnipotentis
1015 5394 1422 5466 proximusest,
1446 5404 1757 5467 degustare.
1787 5398 1890 5455 Oh!
1917 5409 2049 5469 quot

453 5486 522 5540 ad
555 5487 788 5542 salutem
812 5487 913 5542 viae
943 5488 1104 5545 nobis
1146 5498 1348 5559 apertae
1394 5492 1553 5545 sunt!
1589 5489 1700 5546 Nos
1733 5509 1893 5547 suum
1920 5509 2048 5548 cor-

457 5593 557 5645 pus
587 5578 786 5644 eﬂ'ecit.
824 5596 923 5636 nos
963 5581 1049 5637 sui
1096 5585 1348 5651 corporis
1379 5585 1672 5655 participes
1709 5587 1972 5656 reddidit,
2001 5596 2056 5644 et

457 5669 594 5726 nihil
625 5672 826 5728 horum
859 5689 963 5729 nos
999 5691 1028 5728 a
1066 5676 1213 5731 malo
1253 5678 1517 5732 retrahit!
1562 5681 1604 5732 0
1639 5678 2003 5738 indolentiam
2033 5684 2050 5742 ι

531 5852 623 5910 "1
671 5855 798 5913 Cor.
858 5872 932 5924 xi,
981 5856 1050 5912 25
1082 5859 1174 5914 52.
1271 5860 1311 5891 ⁷³
1355 5858 1520 5917 Hebr.
1562 5881 1615 5931 ιι,
1645 5863 1738 5932 28,
1771 5864 1863 5920 29.

2149 4650 2280 4703 αὐτὸ
2312 4649 2638 4722 διαρῤήξασι
2675 4651 2762 4704 διὰ
2791 4652 2900 4705 τῶν
2927 4651 3091 4723 ἥλων.
3129 4653 3269 4724 Ὅρα
3299 4653 3447 4720 γοῦν,
3478 4652 3594 4715 πῶς
3627 4669 3719 4720 φο-

2148 4741 2317 4813 ϐερὰν
2361 4741 2563 4808 ἔδειξεν
2594 4743 2622 4796 ὁ
2657 4741 2866 4807 Παῦλος
2893 4745 2992 4816 τὴν
3026 4745 3269 4811 κόλασιν,
3305 4745 3476 4798 είπὼν
3502 4763 3516 4776 ο
3572 4745 3718 4797 Ἀθε·

2146 4838 2317 4906 στήσας
2345 4853 2429 4898 τις
2460 4836 2622 4906 νόμον
2647 4837 2910 4904 Μωσέως,
2953 4837 3122 4908 χωρίς
3153 4838 3476 4908 οἰκτιρμῶν,
3504 4838 3596 4890 ἐπὶ
3625 4838 3715 4890 δυ-

2147 4928 2252 4988 σὶν.
2304 4927 2335 4998 ἢ
2404 4927 2551 4998 τρισὶ
2602 4928 2872 4999 μάρτυσιν
2906 4929 3267 5001 ἀποθνήσκει.
3319 4929 3478 5000 Πόσῳ
3518 4927 3718 4982 δοκεῖτε

2143 5019 2388 5092 χείρονος
2423 5021 2765 5094 ἀξιωθήσετε
2794 5026 3090 5096 τιμωρίας,
3120 5027 3147 5078 ό
3187 5026 3278 5079 τὸν
3311 5026 3434 5078 Υίὸν
3464 5023 3555 5078 τοῦ
3587 5021 3717 5077 Θεοῦ

2143 5114 2562 5184 καταπατήσας,
2587 5117 2680 5168 καὶ
2703 5116 2765 5168 τδ
2795 5112 2936 5188 αἷμα
2957 5117 3058 5185 τῆς
3083 5117 3351 5188 διαθήκης
3378 5116 3558 5171 κοινὸν
3583 5118 3719 5186 ήγη·

2143 5205 2396 5274 σάμενος,
2445 5207 2504 5258 ἐν
2553 5203 2597 5276 ᾦ
2647 5208 2920 5280 ήγιὰσθη;
2979 5210 3136 5264 Ὅσοι
3191 5210 3370 5264 τοίνυν
3416 5209 3717 5280 μετέχομεν

2141 5296 2330 5350 τούτου
2352 5298 2446 5352 τοῦ
2480 5300 2758 5370 σώματος,
2787 5305 2905 5357 ὅσοι
2928 5304 3018 5359 τοῦ
3047 5304 3280 5375 αἵματος
3311 5300 3714 5373 ἀπογευόμεθα,

2141 5388 2371 5442 ἐννοεῖτε
2399 5392 2481 5444 ὅτι
2506 5393 2716 5447 ἐκείνου
2741 5396 2834 5448 τοῦ
2859 5397 2971 5451 ἄνω
3001 5396 3337 5467 καθημένου,
3355 5394 3448 5448 τοῦ
3477 5409 3712 5464 προσκυ-

2139 5481 2399 5550 νουμένου
2429 5484 2579 5556 παρὰ
2599 5485 2868 5554 ἀγγέλων,
2891 5488 2985 5541 τοῦ
3010 5488 3105 5559 τῆς
3129 5490 3407 5559 ἀκηράτου
3439 5485 3716 5554 δυνάμεως
3782 5503 3789 5509 ·

2140 5575 2328 5645 ἐγγὺς,
2356 5577 2547 5632 τούτου
2581 5580 2986 5652 ἀπογευόμεθα.
3027 5581 3211 5651 Οίμοι,
3246 5581 3409 5634 πόσαι
3450 5579 3584 5650 πρὸς
3612 5594 3716 5628 σω·

2138 5669 2331 5741 τηρίαν
2361 5672 2493 5741 ἡμῖν
2520 5669 2664 5726 όδοίί
2711 5672 2878 5745 Σῶμα
2910 5674 3058 5745 ἡμᾶς
3089 5672 3282 5727 ἐαυτοῦ
3327 5671 3576 5733 ἐποίησε,
3617 5667 3716 5722 σώ-
