4058 6464
430 377 540 442 799

1260 374 1614 437 CALLISTI
1648 373 1746 434 ET
1792 340 2108 432 IGNATIIV
2140 365 2838 433 XANTHOPULORUM

3605 368 3706 432 800

431 491 557 554 guis
591 489 798 545 Christi
852 487 986 553 sint,
1021 488 1114 542 sed
1161 489 1309 558 quod
1345 504 1503 566 nunc
1534 486 1762 557 quidem
1826 500 1924 555 per
1957 497 2021 539 ea

2126 476 2182 530 δὲ
2217 479 2384 549 λέγω,
2411 481 2512 536 οὐκ
2542 485 2782 555 ἀναιρῶν
2815 486 2913 558 τὴν
2943 489 3038 542 τοῦ
3073 489 3330 558 σώματος
3359 493 3540 563 φύσιν,
3571 499 3696 554 ἀλλὰ

431 584 640 639 Christi
695 581 1005 638 divinitatis
1043 583 1349 652 participes
1391 581 1692 645 efficimur,
1746 589 1879 633 tunc
1925 593 2026 631 au-

433 691 541 732 tem
574 677 942 748 spiritualiter
981 693 1080 746 per
1119 676 1292 732 solam
1326 674 1870 744 contemplationem.
1905 690 1924 724 »
1961 669 2026 724 Et

430 770 591 826 divus
617 768 934 824 Macarius:
981 787 999 821 ι
1034 768 1509 835 Quemadmodum
1536 767 1720 820 vinum
1754 765 1807 818 in
1836 763 2021 816 omnia

433 863 674 919 bibentis
718 863 965 918 membra
995 861 1344 924 diminditur,
1382 870 1436 914 et
1466 869 1551 914 est
1577 860 1766 913 vinum
1800 859 1940 911 ineo
1971 864 2024 909 et
2060 912 2064 917 ,

432 956 482 1009 is
531 955 587 1008 in
635 954 787 1015 vino,
843 953 921 1008 ita
969 963 1024 1008 et
1061 953 1154 1022 qui
1221 953 1362 1008 bibit
1415 952 1744 1023 sanguinem
1791 951 2022 1013 ChriSIi,

429 1047 625 1117 spiritu
667 1046 980 1101 Divinitatis
1010 1055 1253 1116 potatur,
1286 1057 1340 1100 et
1386 1047 1480 1101 ille
1517 1044 1763 1115 Spiritus
1795 1043 1848 1097 in
1897 1059 2020 1108 pcr-

434 1137 582 1192 fccta
610 1138 796 1191 anima
827 1135 1152 1192 diﬂ‘unditur
1182 1145 1236 1192 et
1287 1138 1470 1191 anima
1513 1137 1567 1190 in
1608 1135 1726 1197 illo,
1753 1143 1916 1205 atque
1950 1133 2023 1187 ita

432 1227 778 1281 sanctilicata
813 1225 1046 1281 Domino
1079 1227 1242 1293 digna
1295 1227 1578 1282 consistit.
1615 1224 1819 1280 Omnes
1843 1220 2023 1288 enim;

433 1320 640 1390 inquit,
675 1321 728 1374 in
787 1336 897 1375 uno
948 1320 1152 1390 Spiritu
1202 1323 1369 1390 potati
1418 1336 1634 1383 sumus,
1695 1329 1744 1374 et
1779 1317 1874 1388 qui
1928 1335 2024 1388 per

435 1415 595 1482 panis
635 1415 1031 1469 eucharistiam
1091 1414 1356 1484 Spiritum
1392 1423 1646 1470 sanctum
1703 1415 1756 1468 in
1791 1415 2022 1467 veritate

433 1508 742 1577 recipiunt,
777 1509 926 1581 digni
959 1519 1088 1564 sunt
1119 1510 1212 1580 qui
1256 1511 1422 1579 hujus
1458 1512 1588 1564 liant
1617 1509 1934 1578 participes.
1970 1516 2023 1560 et

436 1601 519 1655 sic
579 1614 814 1671 possunt
849 1619 943 1674 per
1007 1606 1206 1659 satcula
1259 1605 1456 1660 animm
1487 1604 1665 1672 dignm
1713 1603 1916 1657 vivere.
1957 1600 2021 1655 Ει

433 1695 900 1762 quemadmodum
945 1712 1146 1767 corpus
1181 1713 1288 1752 non
1319 1713 1383 1751 ex
1410 1697 1594 1766 scipso
1633 1696 1796 1749 vitam
1834 1697 2017 1759 habet,

433 1786 528 1842 sed
562 1787 808 1851 aliunde,
867 1787 921 1843 id
965 1799 1049 1844 est
1079 1806 1107 1842 a
1141 1800 1308 1854 terra,
1345 1788 1427 1844 sic
1462 1797 1516 1841 et
1571 1788 1810 1841 animam
1873 1786 2019 1842 Deus

2124 569 2186 624 τὸ
2225 571 2487 637 ζωοποιδν
2537 579 2633 632 καὶ
2663 578 2806 633 θεῖον
2844 581 3036 635 τούτου
3075 583 3314 653 δηλῶσαι
3361 587 3699 661 βουλόμενος.

2124 662 2313 718 Ταῦτα
2362 668 2549 736 μέντοι
2593 671 2865 727 ἀντίτυπα
2918 675 3026 728 τῶν
3079 677 3381 748 μελλόντων
3434 681 3699 751 λέγονται,

2122 755 2219 824 οὐχ
2244 755 2319 816 ὡς
2345 760 2421 828 μὴ
2453 760 2581 814 ὄντα
2623 763 2838 834 ἀληθῶς
2880 767 3059 837 σῶμα,
3111 771 3205 824 καὶ
3253 766 3394 842 αἷμα
3442 776 3698 845 Χριστοῦ,

2123 847 2239 902 ἀλλ’
2266 851 2350 904 ὃτι
2381 851 2475 906 νῦν
2509 853 2630 924 μὲν,
2679 857 2746 910 δι’
2777 858 2958 912 αὐτῶν
2992 863 3296 934 μετέχομεν
3330 866 3429 936 τῆς
3464 869 3721 939 Χριστοῦ-

2124 940 2401 1012 θεότητος,
2433 945 2554 998 τότε
2580 947 2658 1014 δὲ,
2685 949 2893 1020 νοητῶς
2922 952 3010 1006 διὰ
3042 955 3206 1026 μόνης
3233 957 3332 1026 τῆς
3358 957 3506 1020 Θέας.
3538 977 3554 1009 ι
3591 961 3701 1013 Καὶ

2124 1033 2152 1086 6
2184 1033 2459 1099 θειότατος
2503 1038 2820 1109 Μακάριοςο
2866 1061 2886 1094 ι
2925 1045 3135 1118 Ὠσπερ
3169 1048 3196 1100 6
3221 1043 3384 1112 οἶνος.
3421 1052 3498 1113 είς
3528 1051 3700 1105 πάντα

2121 1123 2188 1175 τὰ
2226 1125 2368 1195 μέλη
2394 1127 2487 1179 τοῦ
2513 1129 2759 1194 πίνοντος
2781 1135 3056 1205 κιρνᾶται,
3089 1139 3183 1190 καὶ
3205 1138 3415 1207 γίνεται
3435 1143 3460 1194 6
3481 1137 3616 1203 οἶνος
3641 1144 3700 1197 ἐν

2120 1215 2303 1286 αὐτῷ,
2337 1219 2434 1271 καὶ
2458 1222 2621 1286 αὐτὸς
2649 1224 2706 1276 ὲν
2740 1224 2818 1296 τῷ
2845 1228 2997 1298 οἴνῳ,
3021 1229 3195 1295 οὕτως
3223 1235 3250 1284 ὁ
3271 1235 3444 1286 πίνων
3479 1235 3538 1288 τὸ
3561 1231 3698 1307 αἷμα

2119 1309 2214 1360 τοῦ
2257 1309 2516 1381 Χριστοῦ,
2566 1315 2626 1366 τὸ
2678 1316 2902 1388 Πνεῦμα
2933 1324 3034 1387 τῆς
3091 1322 3357 1395 Θεότητος
3400 1327 3694 1396 ποτίζεται,

2118 1405 2213 1454 καὶ
2242 1406 2496 1493 κιρνᾶται
2518 1409 2575 1459 ὲν
2595 1411 2662 1480 τῇ
2691 1412 2873 1484 τελείᾳ
2892 1416 3062 1486 ψυχῇ,
3088 1421 3184 1470 καὶ
3211 1419 3243 1488 ἡ
3269 1419 3412 1490 ψυχὴ
3441 1421 3498 1475 ὲν
3527 1422 3691 1493 αὐτῷ,

2117 1495 2214 1585 καὶ
2243 1492 2418 1560 οὕτως
2446 1499 2778 1566 ἁγιασθεῖσα
2795 1543 2812 1585 ,
2847 1505 2972 1569 ἀξία
2994 1507 3088 1560 τοῦ
3117 1510 3322 1582 Κυρίου
3356 1492 3692 1570 καθίσταται.

2119 1583 2328 1648 Πάντες
2354 1587 2483 1659 γὰρ,
2514 1592 2671 1660 φησὶ,
2701 1595 2762 1647 τὸ
2786 1583 2919 1650 αὐτὸ
2942 1599 3166 1669 Πνεῦμα
3195 1602 3580 1673 ἐποτίσθημεν,
3604 1608 3694 1659 καὶ

2115 1675 2205 1728 διὰ
2234 1680 2334 1749 τῆς
2357 1681 2712 1753 εὐχαριστίας
2753 1687 2849 1742 τοῦ
2883 1689 3070 1761 ἄρτου,
3105 1693 3424 1765 Πνεύματος
3452 1696 3606 1765 ἁγίου
3644 1699 3693 1750 oi

2117 1768 2260 1823 κατὰ
2289 1770 2551 1844 ἀλήθειαν
2585 1780 3101 1852 μεταλαμϐάνοντες
3152 1786 3536 1854 καταξιοῦνται
3571 1789 3694 1860 μέτ-

431 1880 650 1949 probat,
687 1896 794 1936 non
841 1898 907 1936 ex
970 1883 1190 1952 propria
1253 1883 1374 1952 ejus
1435 1891 1656 1947 natura,
1689 1881 1782 1936 sed
1821 1896 1887 1934 ex
1926 1896 2025 1934 sua

2115 1878 2229 1934 οχοι
2251 1867 2526 1936 γενέσθαι,
2559 1874 2652 1925 καὶ
2673 1873 2817 1930 οὕτω
2841 1877 3095 1932 δύνανται
3124 1882 3202 1944 είς
3235 1882 3437 1945 αἰῶνας
3464 1884 3518 1936 ai
3549 1856 3692 1948 ἀξίαι

435 1972 612 2042 ipsius
661 1973 968 2038 divinitate,
1010 1991 1074 2030 ex
1128 1979 1353 2044 pr0prio
1410 1976 1586 2045 ipsius
1619 1974 1815 2044 spiritu
1853 1983 1906 2026 et
1943 1973 2038 2028 lu-.

437 2066 608 2132 mine,
635 2067 820 2120 cibum
863 2067 1090 2130 habere,
1126 2077 1316 2136 potum
1347 2085 1412 2123 ac
1450 2069 1864 2131 vestimentum,
1901 2080 2027 2135 qua!

433 2174 561 2212 vere
585 2168 724 2214 sunt
749 2160 950 2214 animm
995 2161 1126 2214 vita.
1180 2149 1372 2216 Divina
1404 2161 1550 2215 enim
1592 2170 1790 2214 natura
1827 2175 2022 2229 panem

432 2253 556 2308 vita:
597 2254 758 2308 habet
784 2269 908 2308 eum
930 2255 1022 2324 qui
1064 2255 1238 2309 dixit:
1276 2275 1295 2307 ι
1323 2255 1439 2323 Ego
1457 2269 1576 2308 sum
1620 2254 1774 2321 panis
1810 2254 1967 2314 vitae;
2001 2271 2018 2302 ι

433 2354 490 2400 ει
523 2360 722 2413 aquam
778 2346 1052 2401 viventem
1085 2359 1138 2401 et
1172 2347 1357 2401 vinum
1405 2348 1712 2410 lwtilicans,
1743 2357 1795 2401 et
1842 2346 2020 2400 Olt'lllll

429 2438 843 2496 cxsultationis.
894 2456 912 2490 ι
951 2437 1018 2492 Et
1064 2447 1292 2493 sanctus
1327 2437 1610 2495 Isidorus:
1649 2457 1666 2489 ι
1701 2438 2023 2493 Communis

431 2538 625 2584 vocata
648 2540 732 2586 est
753 2531 1066 2586 divinorum
1094 2534 1480 2602 mysteriorum
1503 2534 1764 2603 receptio,
1787 2547 1852 2588 eo
1873 2533 2020 2604 quod

433 2641 537 2679 nos
567 2639 694 2678 cum
727 2625 954 2683 Christo
987 2629 1213 2694 adnuet,
1243 2637 1298 2682 ct
1333 2629 1626 2700 participes
1659 2631 1836 2701 ipsius
1868 2631 2018 2700 regni

430 2716 650 2772 efﬁciat.
693 2737 712 2771 ι
748 2717 815 2774 Ει
854 2720 978 2789 pius
1031 2719 1225 2778 Nilus:
1269 2740 1288 2775 ι
1319 2722 1523 2792 Nequit
1549 2724 1750 2779 salvari
1797 2724 2022 2780 aliunde

432 2808 608 2864 fidelis
651 2819 707 2864 et
743 2812 1126 2867 remissionem
1162 2823 1516 2883 peccatorum
1546 2815 1798 2884 accipere
1829 2826 1881 2870 et
1919 2832 2008 2871 re-

428 2916 600 2967 gnum
649 2905 917 2957 caelorum
971 2904 1219 2974 assequi,
1257 2905 1365 2961 nisi
1411 2920 1538 2960 cum
1589 2917 1854 2972 tremore,
1890 2922 2016 2962 cum

433 2991 539 3048 title
578 3003 634 3048 et
679 2994 959 3051 desiderio
1011 2998 1306 3068 mysticum
1367 3006 1423 3053 et
1466 3013 1663 3068 purum
1701 3016 1901 3066 corpus
1965 3008 2017 3054 ct

431 3088 756 3158 sanguinem
841 3088 1044 3143 Christi
1105 3090 1356 3159 accipiat.
1398 3107 1419 3142 ι
1489 3088 1760 3146 Similiter
1823 3089 2018 3145 scribit

2115 1958 2284 2030 ψυχαὶ
2334 1961 2518 2030 ζῆσαι.
2561 1967 2670 2020 Καὶ
2697 1967 2886 2040 ῶσπερ
2926 1971 3004 2042 τῷ
3043 1971 3256 2042 σώματι
3299 1976 3331 2044 ἡ
3365 1975 3476 2044 ζωὴ
3507 1977 3605 2029 οὐκ
3638 1975 3694 2041 ἐξ

2116 2051 2310 2105 ἑαυτοῦ
2334 2055 2504 2124 ἐστιν,
2546 2058 2662 2110 ἀλλ’
2699 2061 2900 2124 ἔξωθεν
2932 2063 3122 2128 αὐτοῦ,
3149 2066 3431 2120 τουτέστιν
3465 2069 3569 2120 ἀπὸ
3597 2067 3694 2137 τῆς

2115 2143 2245 2215 γῆς,
2271 2145 2414 2200 οὕτω
2459 2150 2554 2204 καὶ
2587 2153 2684 2222 τὴν
2713 2153 2890 2225 ψυχὴν
2921 2157 3222 2227 εὐδόκησεν
3255 2161 3282 2212 6
3318 2160 3471 2224 Θεὸς,
3497 2161 3594 2213 οὐκ
3633 2161 3694 2213 ὲκ

2117 2236 2218 2308 τῆς
2251 2237 2388 2314 ιδίας
2436 2241 2673 2310 φύσεως,
2705 2246 2822 2299 ἀλλ’
2848 2249 2912 2300 ὲκ
2942 2251 3038 2318 τῆς
3095 2249 3261 2302 αὐτοῦ
3300 2251 3582 2317 Θεόττετος,
3629 2254 3691 2305 ἐκ

2121 2344 2214 2397 τοῦ
2253 2345 2384 2398 ἰδίου
2421 2344 2758 2415 Πνεύματος,
2791 2345 2886 2398 καὶ
2917 2345 3118 2413 φωτὸς,
3154 2343 3296 2411 ἔχειν
3325 2340 3549 2413 βρῶσιν,
3597 2340 3695 2392 πό-

2121 2457 2226 2508 σιν,
2259 2442 2485 2512 ἔνδυμα,
2517 2439 2552 2494 ὅ.
2583 2441 2731 2495 ἐστιν
2763 2442 2797 2511 ἠ
2828 2441 2997 2502 ὅντως
3029 2439 3142 2508 ζωὴ
3174 2438 3274 2506 τῆς
3310 2437 3508 2507 ψυχῆς.
3543 2437 3694 2506 Ἔχει

2119 2532 2286 2603 γὰρὴ
2327 2531 2448 2586 θεία
2487 2530 2669 2600 φύσις,
2719 2531 2813 2584 καὶ
2863 2531 3028 2602 ἄρτον
3079 2529 3246 2599 ζωῆς,
3298 2530 3390 2581 τὸν
3438 2527 3692 2590 εἰπόντα,

2132 2625 2274 2696 Ἐγώ
2325 2625 2443 2696 είμι
2489 2625 2518 2677 6
2546 2623 2710 2695 ἄρτος
2739 2624 2836 2693 τῆς
2876 2622 3056 2693 ζωῆς,
3091 2623 3183 2674 καὶ
3228 2621 3370 2692 ὕδωρ
3421 2619 3562 2686 ζῶν,
3603 2620 3694 2673 καὶ

2117 2717 2259 2775 οἶνον
2302 2719 2686 2790 εὐφραίνοντα,
2736 2718 2832 2772 καὶ
2865 2717 3043 2771 ἔλαιον
3081 2715 3476 2785 ἀγαλλιάσεως.
3517 2732 3536 2765 ι
3587 2712 3696 2767 Kal.

2117 2817 2144 2869 6
2176 2815 2331 2883 ἅγιος
2370 2813 2660 2882 Ἰσίδωρος*
2691 2831 2710 2862 ί
2753 2811 3022 2865 Κοινωνία
3050 2810 3311 2878 κέκληται
3340 2811 3373 2878 ἡ
3407 2807 3515 2860 τῶν
3539 2805 3695 2860 θείων

2117 2905 2455 2975 Μυστηρίων
2498 2904 2824 2974 μετάληψις,
2872 2903 2961 2955 διὰ
2992 2903 3072 2964 τὸ,
3123 2904 3223 2970 τὴν
3277 2901 3411 2970 πρὸς
3463 2899 3694 2970 Χριστὸν

2119 3002 2249 3072 ἡμῖν
2276 2998 2600 3070 χαρίζεσθαι
2629 2997 2846 3061 ἕνωσιν,
2877 2997 2971 3050 καὶ
3019 2997 3306 3057 κοινωνοὺς
3343 2996 3488 3064 ἡμᾶς
3522 2994 3693 3046 ποιεῖν

2114 3095 2214 3160 τῆς
2246 3092 2411 3145 αὐτοῦ
2454 3090 2750 3162 βασιλείας.
2789 3110 2807 3142 ι
2844 3091 2954 3143 Καὶ
2991 3090 3191 3152 eam;
3216 3089 3438 3160 Νεῖλοςο
3477 3106 3494 3138 ι
3545 3083 3691 3138 ’Δδύ-

431 3195 663 3252 magnus
714 3181 954 3237 Basilius
998 3184 1052 3236 in
1100 3182 1332 3254 epistola
1382 3183 1449 3237 ad
1502 3181 1797 3238 Caesariam
1847 3184 2020 3252 patri-

2117 3203 2276 3239 νατον
2309 3186 2485 3248 ἄλλως
2533 3185 2776 3254 σωθῆναι
2815 3185 2908 3238 τὸν
2959 3183 3171 3247 πιστὸν,
3231 3183 3323 3236 καὶ
3373 3183 3566 3251 ἄφεσιν
3594 3177 3691 3248 τὴν

429 3275 574 3330 ciam
617 3293 632 3330 :
669 3293 687 3327 ι
719 3273 979 3340 Quotidie
1001 3277 1420 3332 communicare
1456 3287 1509 3330 ct
1537 3285 1794 3331 sanctum
1822 3292 2021 3345 corpus

431 3383 498 3423 ac
527 3367 851 3438 sanguinem
884 3368 1106 3423 Domini
1139 3369 1412 3439 accipere,
1451 3368 1714 3436 Optimum
1741 3378 1795 3422 et
1843 3370 2021 3422 utilis-

431 3463 633 3517 simum
669 3471 774 3528 est,
816 3462 937 3532 ipso
965 3461 1198 3518 Domino
1239 3463 1493 3518 dicente:
1541 3481 1560 3514 ι
1593 3462 1694 3528 Qui
1726 3462 2022 3518 manducat

437 3569 612 3610 meam
645 3571 865 3612 carnem
921 3567 977 3612 et
1009 3559 1149 3613 bibit
1207 3573 1388 3613 meum
1425 3559 1773 3627 sanguinem,
1830 3559 1884 3612 in
1935 3573 2023 3613 me

435 3657 624 3702 manet
652 3655 709 3702 et
754 3661 857 3717 ego
905 3647 960 3702 in
1000 3643 1125 3716 illo,’
1153 3656 1207 3704 et
1239 3647 1405 3703 habet
1444 3648 1612 3702 vitam
1672 3655 1958 3702 aeternam.
1995 3667 2014 3701 ι

431 3740 570 3807 Quis
605 3742 750 3797 enim
779 3742 1009 3813 ambigit
1038 3743 1360 3798 continuam
1396 3742 1519 3797 vitae
1543 3742 2020 3814 participationem

435 3835 574 3890 nihil
625 3836 774 3891 aliud
820 3851 966 3902 esse,
1010 3852 1175 3905 quam
1225 3835 1590 3891 multifariam
1649 3834 1875 3890 vivere?
1911 3835 2022 3889 Nos

431 3939 617 3985 tamen
643 3938 838 4000 quater
866 3929 1096 4001 singulis
1122 3929 1489 3986 hebdomadis
1515 3930 2019 3993 communicanius,

433 4021 748 4086 Dominica,
785 4021 922 4078 feria
967 4033 1187 4093 quarta,
1222 4021 1529 4078 Parasceve
1559 4032 1613 4077 et
1669 4021 1933 4088 Sabbato,
1967 4029 2022 4077 et

426 4117 554 4171 aliis
584 4116 802 4183 diebus,
850 4119 899 4174 si
951 4117 1096 4174 adsit
1150 4119 1389 4190 alicujus
1435 4118 1612 4174 sancti
1663 4123 1957 4174 memoria.
1997 4137 2015 4170 ι

427 4209 641 4278 Quibus
699 4211 916 4274 diebus,
978 4212 1196 4281 opinor,
1254 4226 1414 4268 sacra
1475 4211 1710 4268 faciebat
1753 4223 2020 4278 sanctus;

431 4317 541 4358 non
582 4302 728 4357 enim
769 4304 1019 4374 quotidie
1051 4314 1294 4374 poterat,
1329 4306 1501 4362 tantis
1537 4307 1689 4360 curis
1733 4305 2018 4376 fatigatus.

427 4395 579 4450 Dixit
619 4403 800 4452 autem
836 4407 890 4452 et
926 4407 1152 4452 sanctus
1206 4389 1403 4467 Apollo
1435 4418 1449 4454 :
1487 4417 1506 4450 ‹
1552 4397 1782 4468 Oportet
1825 4414 2020 4454 mona—

427 4489 619 4556 chum,
655 4490 700 4545 si
755 4493 953 4562 possit,
981 4493 1216 4563 singulis
1244 4493 1460 4562 diebus,
1488 4496 1765 4565 mysteriis
1809 4495 2016 4550 Christi

2115 3278 2610 3350 πλημμελημάτων
2665 3278 2889 3342 λαϐεῖν,
2953 3277 3049 3328 καὶ⁵
3104 3275 3382 3346 βασιλείας
3448 3271 3691 3342 οὐρανῶν

2114 3375 2414 3442 ἐπιτυχεῖν,
2449 3374 2498 3424 εί
2543 3371 2617 3442 μὴ
2653 3371 3063 3441 μεταλαμϐάνει
3105 3369 3246 3438 μετὰ
3277 3368 3442 3437 φόϐου
3477 3367 3570 3419 καὶ
3600 3365 3690 3418 πί-

2115 3483 2285 3528 στεως
2337 3466 2432 3519 καὶ
2493 3464 2660 3517 πόθου
2707 3465 2816 3518 τῶν
2877 3465 3178 3535 μυστικῶν,
3235 3463 3329 3516 καὶ
3385 3460 3688 3532 ἁχράντων,

2117 3560 2367 3628 σώματος
2393 3556 2744 3628 κα“ιάἴματος
2765 3557 2860 3611 τοῦ
2885 3556 3142 3629 Χριστοῦ.
3177 3575 3196 3609 ι
3231 3555 3462 3626 Ὁμοίως
3492 3554 3689 3624 γράφει

2114 3653 2208 3706 καὶ
2240 3655 2268 3705 ὁ
2300 3653 2471 3724 μέγας
2507 3653 2809 3719 Βασίλειος,
2841 3655 2900 3708 ὲν
2931 3656 2997 3724 τῇ
3029 3651 3167 3724 πρὸς
3201 3650 3508 3719 Καισαρίαν
3579 3648 3688 3699 Πα-

2111 3748 2330 3820 τρικίαν
2358 3749 2614 3820 ἐπιστολῇ
2641 3765 2655 3781 ο
2694 3767 2713 3800 ι
2752 3748 2863 3802 Καὶ
2895 3747 2957 3800 τὸ
2991 3748 3268 3801 κοινωνεῖν
3303 3744 3361 3798 δὲ
3401 3743 3521 3797 καθ’
3557 3742 3687 3796 ἐκά-

2113 3859 2245 3913 στην
2268 3840 2504 3911 ἡμέραν,
2531 3842 2624 3894 καὶ
2651 3840 3088 3910 μεταλαμϐάνειν
3112 3836 3206 3892 τοῦ
3229 3837 3385 3905 ἁγίου
3415 3835 3684 3905 σώματος,

2110 3920 2466 4006 καὶάῖματος
2502 3933 2595 3986 τοῦ
2624 3931 2887 4004 Χριστοῦ,
2932 3933 3096 3986 καλὸν
3129 3932 3223 3984 καὶ
3263 3929 3560 3997 ὲπωφελὲς,
3589 3929 3685 3980 αὐ-

2107 4027 2203 4082 τοῦ
2254 4028 2444 4096 σαφῶς
2485 4027 2774 4096 λέγοντος·
2837 4028 2893 4081 Ὀ
2933 4026 3165 4098 τρώγων
3215 4043 3316 4096 μου
3355 4024 3455 4094 τὴν
3490 4023 3681 4092 σάρκα,

2108 4123 2204 4176 καὶ
2245 4121 2417 4175 πίνων
2465 4139 2567 4192 μου
2611 4121 2673 4174 τὸ
2727 4117 2891 4192 αἷμα,
2926 4122 2984 4174 ἐν
3027 4122 3154 4191 ἐμοὶ
3212 4121 3387 4189 μένει,
3445 4117 3597 4186 κάγὼ
3627 4118 3682 4168 ἐν

2107 4213 2278 4285 αὐτῷ,
2339 4215 2433 4268 καὶ
2470 4213 2584 4284 ἔχει
2634 4213 2780 4285 ζωὴν
2812 4215 3050 4268 αίώνιον.
3093 4213 3188 4275 Τίς
3219 4211 3325 4282 γὰρ
3355 4207 3682 4280 ἀμφιϐάλλει

2105 4311 2187 4363 ὅτι
2213 4311 2273 4362 τὸ
2304 4309 2552 4380 μετέχειν
2583 4309 2825 4378 συνεχῶς
2854 4309 2952 4377 τῆς
2984 4307 3150 4377 ζωῆς,
3177 4307 3328 4358 οὐδὲν
3353 4305 3480 4358 ἄλλο
3515 4305 3680 4367 ἐστὶν,

2107 4402 2275 4474 ἢζῇν
2318 4403 2631 4472 πολλαχῶς;
2681 4403 2869 4472 Ἡμεῖς
2919 4403 3190 4468 μέντοιγε,
3245 4399 3505 4468 τέταρτον
3560 4394 3679 4447 καθ’

2106 4496 2345 4564 ἑκάστην
2388 4494 2657 4564 ἑϐδομάδα
2689 4494 3076 4561 κοινωνοῦμεν,
3115 4493 3171 4545 ἐν
3217 4493 3282 4562 τῇ
3318 4490 3592 4560 Κυριακῇ,
3625 4488 3681 4539 ὲν

427 4584 861 4639 communicare.
895 4584 998 4652 Qui
1039 4588 1183 4640 enim
1212 4602 1272 4642 se
1305 4588 1374 4643 ab
1397 4587 1482 4643 his
1512 4589 1774 4653 abstinet,
1818 4602 1849 4642 a
1904 4586 2016 4642 Deo

2114 4590 2170 4659 τῇ
2201 4587 2440 4658 τετράδι,
2468 4589 2525 4640 ὲν
2554 4590 2620 4657 τῇ
2656 4589 3003 4656 παρασκευῇ,
3046 4588 3138 4639 καὶ
3167 4585 3244 4654 τῷ
3277 4583 3555 4651 Σαϐϐάτῳ,
3590 4577 3682 4632 καὶ

429 4675 674 4743 recedit;
712 4679 807 4747 qui
845 4688 1026 4734 autem
1053 4679 1106 4735 id
1136 4681 1399 4738 continue
1445 4681 1600 4744 facit,
1639 4695 1860 4735 carnem
1890 4696 2022 4736 con-

428 4767 584 4825 tinue
637 4772 850 4842 recipit.
905 4773 1049 4829 Dicit
1092 4777 1239 4830 enim
1289 4791 1394 4830 vox
1444 4774 1781 4830 salutifera:
1837 4793 1856 4827 ι
1915 4775 2016 4841 Qui

429 4867 728 4922 manducat
785 4882 963 4924 meam
1006 4884 1232 4925 carnem
1285 4878 1341 4926 et
1379 4871 1516 4924 bibit
1561 4885 1746 4924 meum
1797 4868 2019 4941 sangui-

429 4975 578 5024 nem,
605 4961 658 5015 in
693 4977 778 5015 ine
807 4970 1012 5028 manet,
1048 4971 1102 5017 et
1136 4977 1240 5032 ego
1265 4962 1320 5016 in
1349 4962 1460 5017 illo.
1489 4961 1882 5017 Monachorum
1917 4963 2020 5033 igi-

426 5063 521 5111 tur
555 5054 724 5111 refert
750 5056 1052 5112 salutiferae
1073 5056 1352 5127 passionis
1377 5057 1703 5110 memoriam
1746 5066 2018 5127 perpetuo

423 5147 630 5205 facere.
658 5149 765 5206 Eos
799 5151 970 5222 igitur
1003 5166 1231 5221 semper
1263 5165 1390 5205 esse
1421 5161 1648 5219 paratos
1692 5160 1929 5218 oportet,
1965 5161 2018 5207 et

422 5241 636 5310 seipsos
668 5241 743 5296 ita
775 5242 1091 5311 disponere,
1118 5249 1178 5296 ut
1223 5241 1374 5311 digni
1403 5241 1534 5304 sint,
1569 5243 1665 5312 qui
1703 5259 1863 5299 sacra
1895 5260 2014 5315 my-

423 5335 590 5390 steria
624 5336 925 5402 recipiant;
980 5338 1242 5405 quoniam
1287 5337 1362 5388 ita
1419 5346 1772 5403 peccatorum
1811 5339 2016 5394 remis-

425 5429 584 5483 sione
633 5428 780 5499 digni
834 5427 1127 5484 efﬁcimur.
1169 5447 1187 5481 δ
1244 5410 1389 5483 Dicit
1423 5437 1609 5485 autem
1646 5439 1700 5486 et
1747 5431 2012 5488 Cliinax:

428 5539 447 5572 ι
491 5520 547 5575 Si
583 5534 786 5591 corpus
822 5522 970 5576 aliud
1019 5536 1224 5591 corpus
1277 5531 1582 5579 attrectans
1637 5524 1888 5580 efficacia
1921 5543 2016 5582 va-

427 5613 624 5682 riatur,
667 5615 944 5684 quomodo
993 5629 1100 5668 non
1155 5615 1458 5670 variabitur
1513 5616 1604 5686 qui
1669 5615 1760 5670 Dei
1808 5634 2011 5688 corpus

428 5704 674 5760 innoxiis
710 5705 963 5760 inanibus
993 5707 1343 5762 attrectabit?
1378 5726 1395 5758 ι
1435 5706 1712 5778 Scriptum
1743 5718 1924 5765 autem
1957 5722 2013 5766 et

426 5795 480 5849 in
515 5795 825 5851 Geronticos
857 5813 874 5850 :
912 5817 929 5849 ι
961 5795 1206 5852 Joannes
1238 5795 1557 5864 Bostrenus,
1592 5801 1674 5855 vir
1705 5811 1925 5858 sanctus
1955 5815 2012 5857 ct

429 5897 748 5950 potestatem
781 5889 991 5946 habens
1018 5895 1069 5945 in
1097 5891 1323 5961 spiritus
1365 5893 1699 5961 immundos,
1733 5893 2010 5955 daemones

2105 4681 2164 4732 ὲν
2205 4682 2324 4741 ταῖς
2353 4679 2539 4744 ἄλλαις
2590 4683 2846 4750 ἡμέραις,
2879 4680 2974 4732 ἐὰν
3087 4678 3274 4748 μνήμη
3317 4675 3471 4742 ἁγίου
3503 4671 3676 4734 “MV
3779 4729 3804 4750 κ

2103 4775 2162 4826 ὲν
2190 4769 2276 4835 αἷς
2309 4769 2481 4843 οἶμαι,
2518 4775 2610 4825 καὶ
2661 4773 2994 4844 ἐλειτούργει
3032 4776 3058 4826 6
3094 4773 3245 4839 ἅγιος
3269 4786 3285 4802 ο
3325 4769 3385 4821 οὐ
3413 4769 3519 4838 γὰρ
3559 4763 3679 4818 καθ’

2108 4864 2346 4938 ἑκάστην
2371 4865 2622 4935 ἠδύνατο,
2650 4865 2756 4918 ὑπὸ
2782 4865 3052 4919 τοσούτων
3087 4865 3383 4935 φροντίδων
3417 4861 3678 4932 ὀχλούμε-

2107 4977 2216 5023 νος.
2257 4981 2275 5014 ι
2310 4956 2444 5015 Eine
2499 4961 2554 5014 δὲ
2605 4960 2700 5013 καὶ
2728 4963 2755 5014 6
2781 4959 2937 5029 ἅγιος
2995 4957 3258 5020 Ἀπολλὼ,
3288 4959 3368 5010 ὅτι
3405 4977 3424 5009 ι
3457 4959 3548 5009 Δεῖ
3589 4955 3678 5007 τὸν

2110 5056 2365 5125 μοναχὸν,
2407 5056 2454 5106 εί
2499 5053 2743 5117 δυνατὸν,
2776 5055 2896 5108 καθ’
2926 5054 3164 5122 εκάστην
3205 5052 3418 5122 ἡμέραν
3442 5051 3549 5104 τῶν
3579 5068 3680 5120 μυ-

2108 5149 2348 5220 στηρίων
2380 5147 2472 5201 τοῦ
2517 5149 2757 5220 Χριστοῦ
2794 5151 3090 5203 κοινωνεῖν.
3139 5150 3197 5200 ’0
3242 5148 3351 5217 γὰρ
3392 5143 3680 5215 μακρύνων

2106 5245 2298 5299 ἑαυτὸν
2329 5244 2435 5297 ἀπὸ
2467 5244 2691 5308 τούτων,
2724 5244 3059 5314 μακρύνεται
3091 5243 3197 5294 ἀπὸ
3229 5242 3386 5305 Θεοῦ,
3418 5242 3446 5293 6
3470 5239 3525 5292 δὲ
3556 5255 3679 5291 συν-

2107 5338 2246 5406 εχῶς
2279 5337 2438 5389 τοῦτο
2468 5336 2658 5399 ποιῶν,
2677 5339 2774 5406 τὴν
2798 5338 2976 5405 σάρκα
3013 5335 3252 5404 συνεχῶς
3277 5333 3592 5401 ὑποδέχεται
3616 5345 3625 5353 ·
3653 5346 3672 5380 ι

2104 5435 2137 5504 ἡ
2170 5435 2278 5504 γὰρ
2310 5433 2575 5503 σωτήριος
2617 5434 2765 5501 φωνή
2822 5449 2986 5500 φησιν
3009 5447 3021 5459 ·
3055 5448 3073 5480 ι
3133 5431 3190 5482 Ὀ
3227 5428 3420 5480 ἐσθίων
3454 5445 3552 5497 μου
3585 5425 3679 5494 τὴν

2107 5527 2307 5596 σάρκα,
2338 5531 2431 5580 καὶ
2463 5527 2632 5579 πίνων
2665 5544 2766 5594 μου
2803 5528 2862 5577 τὸ
2888 5521 3049 5595 αἷμα,
3085 5527 3142 5577 ὲν
3172 5525 3293 5593 ἐμοὶ
3327 5523 3496 5593 μένει,
3531 5517 3681 5588 κάγὼ

2106 5625 2164 5676 ὲν
2210 5622 2378 5693 αὐτῷ.
2437 5621 2606 5675 Τοῦτο
2658 5619 2749 5674 οὖν
2795 5621 3066 5691 συμφέρει
3096 5622 3205 5681 τοῖς
3241 5619 3517 5686 μοναχοῖέ,
3553 5615 3681 5668 ὑπό-

2105 5733 2304 5786 μνησιν
2337 5715 2430 5769 τοῦ
2461 5715 2728 5784 σωτηρίου
2764 5715 2970 5777 πάθους
3022 5713 3263 5782 συνεχῶς
3320 5711 3678 5780 ποιουμένοις.

2106 5807 2242 5861 Καθ’
2276 5808 2486 5878 ἡμέραν
2515 5801 2607 5860 οὖν
2645 5805 2859 5875 ἕτοιμον
2890 5802 3027 5858 εἶναι
3069 5804 3168 5869 δεῖ,
3204 5807 3296 5858 καὶ
3328 5801 3679 5873 παρασκευά-

2106 5901 2218 5960 ζειν
2249 5902 2440 5956 ἑαυτὸν
2466 5898 2726 5960 τοιοῦτον.
2761 5897 2900 5953 ὥστε
2932 5898 3081 5961 ἄξιον
3113 5895 3248 5952 εῖναι
3277 5898 3528 5962 πάντοτε,
3557 5897 3680 5967 περὶ
