4058 6450
369 376 472 441 set
1566 373 1965 436 OPUSCULA
2008 373 2398 440 ASCETICA.
2978 389 2982 394 λ
3544 403 3650 466 302

381 497 480 566 τὴν
513 495 623 549 τῶν
657 495 828 564 ἁγίων
871 496 1186 568 μυστηρίων
1217 495 1487 570 ὑποδοχήν
1508 516 1521 532 ο
1555 501 1678 556 ἐπεὶ
1715 505 1810 558 καὶ
1851 505 1958 574 ἁφ-

2064 491 2414 567 interrogavit
2445 501 2538 571 qui
2600 502 2654 558 in
2699 504 3031 575 quibusdam
3087 509 3283 580 puellis
3335 513 3648 578 furentibus

382 589 552 678 έσεως
580 587 885 658 ἁμαρτιῶν,
915 587 1059 641 οὓτω
1087 590 1516 660 καταξιούμεθα.
1541 610 1560 644 ›
1591 594 1753 663 Λέγει
1777 594 1833 648 δὲ
1864 598 1959 652 καὶ

2065 596 2120 642 et
2157 593 2227 643 ab
2259 591 2394 659 Ipsis
2452 594 2593 649 male
2629 597 2874 654 multatis
2925 611 3104 668 erant,
3166 603 3396 662 dicens:
3449 627 3469 661 ι
3509 609 3648 678 Quid

381 680 408 732 6
449 676 552 747 τῆς
595 677 913 746 Κλίμακοςο
971 695 989 728 t
1031 679 1092 730 Ei
1135 677 1295 748 σῶμα
1347 677 1558 749 σώματι
1604 682 1956 752 προσψαύων,

2064 696 2091 735 a
2120 681 2451 740 Christianis
2483 687 2685 744 timetis
2705 690 2757 744 ί»
2795 691 2897 758 Qui
2929 695 3263 764 respondere
3291 716 3303 752 :
3336 718 3354 752 ι
3380 701 3518 758 Vere
3535 676 3648 760 tria

378 769 686 824 ἀλλοιοῦται
719 771 786 841 τῇ
835 771 1106 841 ἐνεργείᾳ,
1159 771 1278 834 πῶς
1304 771 1403 824 οὐκ
1444 771 1892 844 ἀλλοιωθήσεται,
1927 775 1957 830 6

2064 772 2274 829 habetis
2325 793 2557 846 magna;
2594 795 2763 835 unum
2795 784 3043 853 quidem,
3077 787 3223 855 quod
3274 789 3328 845 in
3366 793 3512 846 collo
3555 811 3650 851 ve-

377 859 514 913 θεοῦ
564 858 776 928 σώματι
823 859 1154 930 προσψαύων
1191 859 1388 924 ἀθώοις
1442 863 1597 933 χερσί
1614 882 1630 932 ;
1671 883 1691 917 ι
1743 864 1952 936 Γέγρα-

378 970 512 1006 πται
541 952 597 1004 δὲ
628 953 723 1004 καὶ
754 953 810 1005 ἐν
841 952 919 1021 τῷ
951 953 989 1003 Γ
993 952 1256 1024 εροντικῷ
1276 971 1288 984 ·
1323 973 1340 1006 ι
1382 956 1631 1027 Ἰωάννης
1659 960 1687 1010 6
1711 960 1954 1030 Βοστρη-

376 1043 487 1108 νὸς,
519 1043 660 1112 ἀνὴρ
691 1042 864 1112 ἅγιος,
892 1044 983 1096 καὶ
1005 1044 1256 1110 ἐξουσίαν
1287 1045 1424 1116 ἔχων
1455 1048 1596 1103 κατά
1627 1049 1952 1118 πνευμάτων

375 1135 724 1206 ἀκαθάρτων,
753 1134 1004 1206 ἠρώτησε
1031 1136 1314 1207 δαίμονας,
1335 1139 1386 1192 οἳ
1409 1134 1549 1210 ἦσαν
1574 1141 1952 1207 κατοικοῦντες

375 1231 455 1292 είς
493 1229 663 1300 κόρας
719 1219 1246 1301 τινὰςμαινομένας
1279 1230 1374 1285 καὶ
1419 1234 1820 1304 ἐνεργουμέναρ
1860 1237 1949 1290 ὑπ’

2058 872 2190 969 stre.
2211 869 2465 936 portatis.
2498 881 2551 926 et
2584 873 2844 940 alterum,
2875 878 3024 946 quod
3081 879 3136 936 in
3182 881 3425 939 Ecclesia
3472 887 3648 943 ablui-

2058 959 2214 1022 mini,
2246 968 2301 1014 et
2329 962 2575 1028 tertium,
2607 967 2755 1034 quod
2810 967 2862 1021 in
2907 981 3183 1028 conventu
3233 985 3417 1031 vestro
3453 993 3645 1035 come-

2053 1050 2202 1107 ditis.
2235 1052 2373 1109 Cum
2398 1071 2624 1112 rursum
2649 1057 2970 1132 interrogati
3004 1075 3213 1132 essent,
3245 1082 3310 1121 ex
3344 1068 3432 1124 his
3463 1070 3642 1129 tribus

2053 1145 2328 1216 quodnam
2389 1151 2561 1221 magis
2590 1151 2973 1221 formidarent,
3027 1160 3439 1228 responderunt
3474 1181 3488 1218 :
3524 1181 3543 1215 ι
3579 1163 3638 1220 Si

2051 1241 2192 1296 bene
2245 1245 2571 1302 custodiatis
2617 1252 2765 1318 quod
2824 1253 3138 1323 accepistis,
3196 1271 3356 1310 nemo
3391 1271 3635 1313 nostrum

375 1322 556 1376 αὐτῶν
599 1323 870 1393 πονηρῶς,
921 1323 1122 1377 εἰπών’
1174 1326 1300 1376 ποῖα
1345 1326 1644 1395 πράγματα
1700 1329 1951 1394 φοϐεῖσθε

2064 1335 2196 1390 valet
2242 1336 2573 1396 Christianis
2625 1341 2883 1411 injuriam
2943 1322 3172 1403 inferre.
3241 1348 3382 1404 Sunt
3451 1360 3636 1406 autem

374 1415 484 1468 ἀπὸ
513 1415 623 1469 τῶν
648 1416 991 1488 Χριστιανῶν
1012 1415 1094 1480 ;οἳ
1119 1416 1372 1484 λέγουσιν
1391 1432 1406 1446 ·
1430 1418 1619 1488 Ἔχετε
1636 1419 1804 1481 ὅντως
1825 1420 1954 1492 τρία

2064 1440 2174 1496 mae
2205 1429 2389 1524 hostes
2447 1433 2624 1488 nostri
2687 1434 2991 1493 formidant
3042 1440 3170 1510 plus
3219 1458 3382 1512 quam
3415 1454 3634 1511 caetera,

373 1507 680 1578 πράγματα
729 1508 937 1578 μεγάλα
959 1547 974 1572 ,
1027 1507 1084 1562 ἓν
1139 1508 1261 1578 μὲν,
1295 1510 1432 1578 ὅπερ
1467 1512 1706 1581 φορεῖτε,
1742 1512 1822 1574 είς
1861 1511 1952 1564 τὸν

2064 1533 2203 1586 :rux,
2245 1521 2552 1592 baptismus
2575 1535 2631 1582 et
2662 1532 3004 1587 communio.

374 1600 635 1673 τράχελον
665 1600 844 1670 ὑμῶν,
888 1602 986 1655 καὶ
1014 1600 1094 1667 ἐν,
1123 1602 1262 1670 ὅπερ
1305 1601 1531 1656 λούεσθε
1571 1603 1655 1668 είς
1701 1604 1802 1668 τὴν
1854 1602 2208 1674 Ἐκκλησίαν,
2259 1610 2353 1662 καὶ
2398 1610 2480 1675 ἓν,
2509 1613 2648 1680 ὅπερ
2673 1616 2914 1683 τρώγετε
2950 1619 3033 1680 είς
3065 1619 3168 1686 τὴν
3199 1619 3443 1688 σύναξιν.
3487 1623 3642 1695 Ἐρο-

374 1698 535 1808 μένου
641 1697 828 1761 πάλιν,
858 1697 922 1808 ἐκ
954 1695 1162 1808 τρύτων
1187 1695 1304 1808 τῶν·
1323 1698 1524 1808 θτριῶῖ
1570 1701 1720 1808 ποῖρν
1751 1699 2007 1808 φρῗεῖσθε
2045 1702 2242 1770 πλέως
2276 1706 2678 1775 ἀπεκρίθησαν.
2713 1711 2763 1761 εί
2794 1711 3132 1776 ὲφυλάσσετε
3162 1716 3344 1780 καλῶς
3371 1719 3510 1792 ὅπερ
3541 1739 3641 1791 με-

377 1793 778 1863 ταλαμϐάνετε,
833 1796 933 1848 οὐκ
985 1793 1210 1864 ἴσχυσεν
1253 1793 1428 1854 οὐδεὶς
1460 1793 1519 1857 ἐξ
1564 1794 1725 1863 ἡμῶν
1777 1795 2036 1864 ἀδικῆσαι
2079 1797 2410 1867 Χριστιανόν
2441 1819 2454 1832 ·
2501 1803 2612 1855 εἰσὶ
2661 1802 2717 1853 δὲ
2763 1801 2799 1855 ἃ
2846 1803 3135 1874 δυσμενεῖς
3176 1810 3470 1878 φοϐοῦνται
3522 1817 3635 1870 τῶν

375 1891 552 1945 ἀλλων
583 1888 769 1952 πλέον,
801 1889 829 1942 6
861 1888 1120 1958 σταυρὸς,
1153 1891 1185 1958 ἡ
1215 1887 1499 1958 βάπτισις,
1536 1889 1628 1941 καὶ
1655 1889 1688 1956 ἡ
1717 1891 1998 1948 κοινωνία.
2036 1909 2055 1943 ι

388 1975 566 2040 Τέλος
597 1974 718 2028 τῶν
743 1971 894 2026 κατὰ
933 1971 1161 2037 πλάτος
1194 1970 1410 2024 πασῶν
1455 1971 1823 2039 ὑποθέσεων,
1855 1973 1953 2028 καὶ

449 2043 661 2115 μερικὴ
687 2043 1040 2110 παραίνεσις
1069 2041 1218 2109 πρὸς
1237 2043 1344 2094 τὸν
1366 2040 1848 2108 ἐπερωτήσαντα.

453 2155 562 2225 ια’.
598 2155 728 2210 Ἰδοὺ
748 2154 835 2226 δὴ,
852 2153 1043 2208 τέκνον
1067 2154 1342 2224 φίλτατον,
1365 2155 1676 2208 τετέλεσται
1702 2172 1796 2210 σου
1818 2158 1852 2228 ἡ
1876 2158 1960 2211 αῖ-

389 2266 564 2319 τησις,
599 2248 695 2300 σὺν
712 2247 850 2318 Θεῷ-
871 2248 921 2299 εί
947 2247 1044 2318 μὲν
1072 2245 1215 2300 κατὰ
1237 2245 1462 2316 γνώμην
1483 2246 1582 2314 τὴν
1614 2247 1712 2318 σὴν
1739 2249 1833 2302 καὶ
1862 2249 1960 2320 τὴν

366 2341 664 2412 πρόθεσιν,
693 2339 940 2410 ἀκριϐῶς
967 2339 1068 2393 οὑκ
1097 2339 1338 2409 οἴδαμεν,
1374 2338 1557 2409 μέντοι
1586 2356 1649 2408 γε
1683 2340 1824 2394 κατὰ
1861 2343 1962 2412 τὴν

389 2434 662 2504 ἡμετέραν
694 2433 941 2503 δύναμιν,
980 2431 1075 2486 καὶ
1105 2431 1224 2501 Θεῷ
1252 2431 1310 2484 δὲ
1341 2431 1514 2500 φίλον,
1550 2432 1610 2484 τὸ
1641 2433 1782 2487 κατά
1805 2433 1965 2486 δύνα-

391 2542 502 2595 μιν.
549 2524 691 2594 Ὅρα
724 2524 922 2587 τοίνυν,
961 2523 1049 2576 ἴνα
1084 2523 1158 2593 μὴ
1193 2522 1354 2593 μέχρι
1407 2521 1599 2575 τούτου
1644 2525 1742 2594 στῇ
1783 2523 1844 2576 τὸ
1872 2523 1964 2577 σὸν

388 2615 708 2686 φιλομαθὲς,
738 2617 830 2669 καὶ
856 2617 1135 2680 ἐπίπονον,
1169 2615 1285 2668 ἀλλ’
1322 2615 1409 2669 ἵνα
1457 2616 1555 2670 καὶ
1581 2615 1762 2687 ἔργοις
1792 2615 1964 2686 ὀφθῇς

390 2707 716 2777 φιλομαθὴς,
766 2709 859 2761 καὶ
905 2707 1219 2772 σπουδαῖος.
1262 2708 1404 2779 Φησὶ
1433 2707 1528 2761 καὶ
1557 2709 1667 2779 γὰρ
1697 2709 1726 2761 6
1755 2707 1964 2770 κλεινὸς

389 2800 709 2867 ἀδελφόθεος
732 2816 745 2830 ·
781 2819 800 2852 ‹
848 2799 1091 2868 Ἀδελφοί
1115 2791 1216 2870 μου
1241 2799 1538 2870 ἀγαπητοὶ,
1566 2798 1782 2868 γίνεσθε
1809 2817 1967 2867 ποιη-

389 2894 481 2946 ταὶ
509 2893 692 2960 λόγου,
723 2892 817 2946 καὶ
847 2893 921 2963 μὴ
955 2893 1116 2964 μόνον
1152 2893 1440 2964 ἀκροαταὶ,
1473 2891 1967 2964 παραλογιζόμενοι

391 2984 642 3048 ἑαυτοὺς,
673 2983 775 3048 ὅτι,
807 2983 859 3034 si
900 3000 984 3046 τις
1037 2981 1314 3053 ἀκροατὴς
1364 2981 1530 3052 νόμου
1580 2981 1717 3046 ἐστὶ,
1759 2981 1852 3033 καὶ
1904 2978 1966 3033 οὐ

394 3075 648 3147 ποιητὴς,
681 3069 835 3138 οὗτος
870 3075 1048 3128 ἔοικεν
1099 3074 1275 3146 ἀνδρὶ,
1318 3072 1670 3126 κατανοοῦντι
1702 3071 1762 3124 τὸ
1799 3073 1970 3142 πρόσ-

2063 1975 2220 2032 Finis
2252 1971 2487 2032 omnium
2518 1976 2810 2032 secundum
2838 1976 3180 2031 latitudinem
3223 1975 3567 2045 quaesitorum
3591 1985 3645 2031 et

2166 2050 2413 2117 specialis
2443 2049 2744 2102 exhortatio
2787 2049 2855 2101 ad
2899 2063 3016 2102 eum
3047 2047 3138 2118 qui
3164 2047 3534 2116 interrogavit.

2131 2140 2223 2197 93.
2254 2141 2392 2197 Ecce
2419 2142 2610 2213 igitur,
2639 2155 2674 2196 o
2699 2141 2772 2195 fili
2803 2141 3186 2213 dilectissime,
3210 2139 3504 2209 adimpleta
3535 2146 3640 2202 est,

2065 2250 2192 2290 cum
2230 2233 2364 2300 Deo,
2402 2244 2494 2289 tua
2555 2234 2948 2303 interrogatio;
3001 2249 3069 2288 an
3127 2234 3432 2289 secundum
3488 2239 3639 2284 tuutu

2061 2328 2404 2398 propositum
2436 2342 2501 2382 ac
2530 2325 2894 2390 desiderium,
2926 2341 3033 2381 non
3066 2327 3314 2396 apprime
3364 2323 3640 2387 novimus,

2060 2420 2155 2476 sed
2188 2430 2370 2475 tamen
2409 2436 2508 2490 pro
2543 2420 2752 2475 nostris
2783 2420 3035 2481 viribus;
3067 2428 3121 2474 et
3146 2428 3360 2487 gratum
3400 2416 3509 2470 Deo
3533 2425 3641 2479 est,

2061 2511 2108 2567 si
2136 2513 2262 2582 quis
2293 2520 2420 2580 agat
2453 2526 2551 2579 pro
2585 2510 2818 2566 viribus.
2851 2507 2988 2563 Vide
3030 2509 3215 2578 igitur,
3251 2521 3321 2562 ne
3365 2520 3540 2574 usque
3575 2503 3642 2558 ad

2060 2604 2112 2659 id
2144 2613 2352 2659 tantum
2386 2603 2659 2658 consistat
2687 2610 2780 2654 tua
2825 2599 3076 2656 discendi
3123 2598 3644 2667 aviditastuusque

2058 2699 2255 2765 ardor;
2284 2699 2379 2754 sed
2431 2706 2492 2752 ut
2533 2705 2587 2751 et
2621 2695 2883 2765 operibus
2919 2707 3190 2763 appareas
3238 2692 3485 2748 discendi
3541 2706 3643 2746 cu-

2057 2792 2218 2864 pidus
2255 2800 2306 2846 et
2353 2790 2598 2845 fervens.
2635 2788 2780 2844 Dicit
2838 2788 2987 2843 enim
3043 2787 3282 2845 illusuis
3339 2787 3434 2840 ille
3475 2783 3645 2840 frater

2056 2888 2310 2943 Domini:
2343 2905 2363 2939 ι
2404 2886 2623 2940 Fratres
2652 2883 2759 2938 mei
2810 2881 3176 2946 dilectissimi,
3203 2888 3379 2936 estote
3405 2879 3643 2934 factores

2056 2979 2235 3045 verbi,
2267 2985 2322 3033 et
2352 2993 2459 3032 non
2501 2976 2784 3030 auditores
2837 2983 3075 3037 tantum,
3113 2973 3477 3042 vosmetipsos
3505 2987 3642 3026 con-

2057 3073 2387 3134 siderantes,
2421 3069 2572 3138 quia,
2614 3070 2660 3124 si
2710 3068 2836 3138 quis
2865 3067 3082 3121 auditor
3123 3076 3210 3121 est
3245 3066 3377 3135 legis
3417 3074 3473 3120 et
3527 3079 3640 3119 non

393 3186 542 3222 ωπον
577 3171 678 3240 τῆς
716 3169 984 3236 γενέσεως
1025 3167 1212 3232 αὐτοῦ,
1264 3167 1322 3218 ἐν
1355 3165 1639 3235 ἐσόπτρῳο
1673 3161 1980 3232 κατενόησε⁴

2064 3165 2248 3230 factor,
2273 3163 2470 3219 similis
2495 3169 2580 3216 est
2614 3161 2820 3214 homini
2852 3159 3229 3214 consideranti
3257 3158 3466 3211 vultum
3494 3157 3642 3210 nati-

395 3262 505 3330 γὰρ
537 3260 754 3324 ἐαυτὸν,
803 3260 900 3313 καὶ
922 3247 1284 3330 ἀπελήλυθεν,
1319 3257 1415 3310 καὶ
1445 3254 1740 3310 ἐπελάθετο
1785 3255 1970 3316 ὁποῖος

2057 3257 2242 3312 vitatis
2296 3270 2410 3311 suae
2451 3255 2504 3308 in
2563 3251 2823 3322 speculo;
2872 3249 3244 3306 consideravit
3282 3249 3428 3304 enim
3476 3264 3556 3314 se,
3586 3257 3643 3303 et

393 3351 482 3425 ἦν,
507 3355 536 3407 6
553 3353 610 3407 δέ
635 3351 964 3424 παρακύψας
989 3351 1069 3415 εἰς
1088 3351 1252 3421 νόμον
1277 3349 1484 3403 τέλειον
1506 3348 1604 3420 τῆς
1633 3345 1969 3417 ἐλευθερίας,

2064 3349 2227 3413 Ihiit;
2258 3354 2313 3400 et
2372 3345 2580 3399 oblitus
2616 3352 2700 3397 est
2738 3342 2920 3411 qualis
2975 3350 3160 3406 esset;
3219 3340 3315 3410 qui
3368 3348 3552 3394 autem
3581 3352 3644 3393 se

396 3445 490 3497 καὶ
526 3444 904 3516 παραμείνας,
954 3437 1106 3505 οὗτος
1158 3441 1259 3494 οὐκ
1290 3440 1568 3513 ἀκροατὴς
1601 3437 1973 3508 ἐπιλησμονῆς

2064 3439 2340 3494 inclinavit
2377 3438 2431 3492 in
2488 3437 2663 3507 legem
2703 3435 2976 3491 libertatis
3031 3432 3353 3505 perfectam,
3405 3447 3471 3486 ac
3521 3447 3643 3500 per-

398 3535 712 3605 γενόμενος,
745 3534 882 3587 ἀλλά
924 3533 1154 3604 ποιητὴς
1198 3531 1384 3604 ἔργου,
1421 3525 1574 3594 οὗτος
1622 3529 1888 3601 μακάριος
1915 3529 1974 3581 ἐν

2064 3533 2279 3596 mansit,
2306 3531 2397 3586 hic
2424 3547 2532 3585 non
2555 3529 2776 3586 auditor
2794 3528 3100 3583 obliviosus
3119 3527 3319 3592 factus,
3343 3525 3439 3580 sed
3467 3525 3642 3579 factor

399 3629 466 3698 τῇ
497 3627 709 3694 ποιήσει
732 3623 898 3679 αὐτοῦ
928 3623 1104 3679 ἔσται.
1141 3642 1161 3676 ι

2054 3627 2260 3697 operis,
2295 3626 2485 3680 beatus
2517 3623 2572 3677 itt
2602 3623 2727 3693 ejus
2757 3620 3159 3690 adimpletione
3195 3620 3322 3672 erit.
3367 3635 3388 3668 ι

402 3764 604 3831 Ὅπως
643 3761 732 3817 δεῖ
757 3761 1003 3816 ἀκούειν
1042 3760 1140 3814 καὶ
1167 3759 1567 3831 ἐκλαμϐάνειν
1605 3759 1678 3813 τὰ
1710 3755 1830 3812 τῶν
1860 3759 1979 3811 Πα-
2057 3742 2338 3809 Ωαονηοαο
2397 3747 2601 3810 οροτίεί
2891 3738 3268 3831 “ffowcipere
3317 3730 3634 3802 δρίνίηιαίίσ

756 3833 939 3900 τέρων
967 3829 1340 3901 πνευματικὰ
1353 3829 1614 3900 ῥήματα.

472 3971 572 4045 κδ’.
614 3974 724 4028 Καὶ
765 3972 871 4043 πρό
919 3987 984 4040 γε
1032 3969 1258 4034 τούτων,
1310 3968 1398 4021 ἵνα
1440 3965 1665 4032 πιστῶς,
1717 3964 1810 4019 καὶ
1843 3962 1982 4034 μετά

405 4070 503 4138 τῆς
557 4063 943 4139 προσηκούσης
991 4060 1302 4126 εὐλαϐείας,
1354 4059 1710 4129 ἐκλαμϐάνῃς
1753 4055 1848 4110 καὶ
1897 4057 1981 4108 δι-

406 4159 631 4232 ακοῦῃς,
650 4159 717 4211 τὰ
743 4155 848 4210 τῶν
864 4154 1122 4224 Πατέρων
1148 4151 1288 4213 θεῖα.
1309 4151 1405 4206 καὶ
1423 4149 1770 4221 πνευματικά
1789 4147 1984 4202 θεσπί-

409 4270 594 4322 σματα
619 4264 634 4280 ⁸
688 4249 824 4321 φησὶ
855 4250 963 4318 γὰρ
998 4249 1026 4300 6
1067 4245 1222 4316 ἅγιος
1263 4244 1580 4316 Μακάριος·
1634 4261 1655 4296 ι
1698 4239 1987 4310 Ἀψαυστά

409 4345 527 4398 ἐστι
571 4344 683 4406 τοῖς
725 4339 995 4409 ἀπείροις,
1033 4339 1104 4392 τὰ
1144 4335 1520 4407 πνευματικά·
1552 4333 1698 4406 ψυχῇ
1744 4333 1801 4387 δέ
1830 4331 1984 4402 ἁγίᾳ,

2613 3809 2838 3863 Patrum
2890 3807 3066 3860 verba.

2140 3940 2230 3994 95.
2271 3941 2334 3993 Et
2366 3924 2493 3991 ante
2527 3937 2641 3990 haec
2673 3932 2880 3994 omnia,
2917 3928 3152 3984 ﬁdeliter
3193 3935 3399 3981 etcum
3438 3926 3650 3980 decenti

2068 4033 2294 4106 pietate,
2353 4031 2596 4098 excipias
2647 4036 2704 4081 et
2737 4025 2932 4080 audias
2985 4022 3172 4078 divina
3227 4035 3291 4075 ac
3344 4019 3650 4088 spiritualia

2068 4129 2293 4184 Patrum
2335 4124 2584 4181 oracula.
2638 4119 2781 4174 Dicit
2827 4117 2974 4174 enim
3039 4123 3267 4170 sanctus
3325 4112 3650 4167 Macarius:

2075 4242 2094 4277 t
2130 4218 2502 4278 lntractabilia
2530 4225 2659 4270 sunt
2701 4211 3002 4282 inexpertis
3037 4206 3385 4278 spiritualia;
3411 4203 3652 4258 animam

2066 4334 2199 4372 vero
2222 4322 2470 4373 sanctam
2514 4325 2579 4365 ac
2608 4308 2822 4364 fidelem
2849 4300 3269 4374 comprehendit
3301 4298 3478 4355 sancti
3530 4295 3652 4366 Spi-

411 4435 509 4489 καὶ
560 4389 747 4504 πιστῇ,
791 4389 1298 4502 πμδςᾮατόιληῴιν.
1338 4389 1764 4498 ἔρχεταιιήῆτοῦ
1828 4389 1980 4491 ἁγίου

2067 4413 2210 4469 ritus
2261 4404 2600 4470 communio,
2645 4411 2702 4456 et
2748 4400 3002 4456 emlestes
3032 4395 3274 4466 Spiritus
3304 4391 3572 4456 thesauri,
3603 4389 3653 4446 ei

566 4484 747 4504 ----ν..,
800 4484 849 4502 ν.
906 4484 924 4496 .
1177 4484 1216 4498 ,.
1370 4484 1436 4498 ,η
1605 4484 1616 4497 ,
1877 4484 1887 4491 ,

413 4525 728 4596 Πνεύματος
767 4520 1053 4586 κοινωνία,
1102 4521 1197 4573 καὶ
1235 4521 1283 4572 oi.
1323 4517 1636 4589 ἐπουράνιοι
1684 4515 1777 4570 τοῦ
1814 4514 1980 4569 Ilvati-

2069 4505 2173 4562 soli
2206 4502 2297 4575 qui
2329 4515 2427 4555 eos
2455 4505 2716 4568 expertus
2743 4503 2848 4558 est,
2906 4489 3306 4561 superveniunt
3339 4484 3652 4550 manifesti;

417 4577 908 4687 ματοςθησαυροὶ,
952 4577 1237 4684 τῷΙπείρᾳ
1271 4577 1487 4666 λαϐόντι
1546 4610 1692 4680 μόνῳ
1747 4608 1980 4677 γίνονται

2069 4614 2180 4654 non
2214 4596 2431 4652 initiato
2465 4603 2673 4658 autem,
2714 4603 2897 4658 neque
2949 4599 3046 4640 eos
3093 4583 3340 4653 cogitare
3395 4577 3656 4649 possibile

2333 4686 2359 4687 η
2427 4685 2436 4687 μ
2646 4681 2679 4687 _
2961 4675 2998 4687 ..
3094 4672 3183 4687 ...
3269 4685 3279 4687 Α
3559 4666 3652 4687 .,._.

1004 4666 1017 4684 .
1169 4666 1223 4684 ..
1546 4666 1561 4678 .
1663 4666 1675 4680 .
1758 4666 1769 4677 .

415 4711 772 4777 καταφανεῖς,
803 4708 1034 4778 ἀμυὴτῳ
1087 4706 1166 4768 δὲ,
1211 4703 1332 4758 οὐδὲ
1367 4703 1619 4771 ἐννοῆσαι
1654 4700 1878 4754 δυνατὸν
1900 4717 1980 4753 το-

2068 4699 2174 4747 est.
2222 4687 2300 4742 De
2328 4686 2395 4741 iis
2425 4685 2594 4753 igitur
2645 4681 2838 4735 Patres
2870 4675 2999 4730 audi
3033 4672 3309 4741 religiose,
3344 4670 3520 4724 donec
3559 4666 3654 4722 tibi

724 4759 982 4859 ἔὺλαὸῶς
1006 4759 1190 4849 ἶιτοίνυνν
1219 4795 1347 4863 περὶ⁹
1374 4759 1556 4846 αὐτῶν
1582 4792 1768 4858 ἄκουε,
1795 4792 1980 4862 μέχρις

2070 4777 2316 4837 credenti
2355 4775 2636 4842 contingat
2674 4770 2899 4838 dignum
2945 4777 3068 4818 esse
3097 4761 3192 4832 qui
3237 4775 3334 4814 eos
3377 4759 3654 4814 obtineas.

419 4893 509 4956 ἂν,
543 4893 638 4945 καὶ
673 4893 754 4945 σοὶ
801 4892 1012 4958 γένοιτο
1054 4874 1386 4951 πιστεύοντι,
1421 4884 1826 4954 καταξιωθῆναι
1868 4881 1994 4935 τού-

418 5003 527 5040 των
557 4986 735 5056 τυχεῖν
757 4998 771 5012 ’
796 4983 918 5036 τότε
949 4982 1058 5052 γὰρ
1089 4981 1211 5051 εἴσῃ
1241 4979 1390 5052 ,αὐτῇ
1426 4978 1592 5049 πείρᾳ
1629 4976 1737 5038 τῶν
1765 4977 1864 5046 τῆς
1894 4973 1997 5043 ψυ-

419 5077 520 5150 χῆς
553 5076 870 5147 ὀφθαλμῶν,
906 5074 1032 5127 οίων
1056 5071 1298 5141 ἀγαθῶν,
1329 5068 1797 5141 καῖ’μυστηρίων,
1827 5065 1996 5139 ψυχαὶ

421 5168 768 5242 Χριστιανῶν
805 5164 1086 5222 κάνταῦθα
1122 5165 1399 5219 κοινωνεῖν
1445 5162 1721 5216 δύνανται.
1778 5178 1797 5210 ι
1840 5157 1998 5212 Οὕτω

422 5263 531 5332 γὰρ
564 5262 722 5334 ἔχων,
754 5260 984 5330 τάχιστα
1026 5257 1124 5312 καὶ
1155 5257 1254 5328 τὴν
1300 5255 1410 5310 τῶν
1451 5253 1858 5324 γεγραμμένων
1903 5248 1998 5302 καὶ

423 5353 854 5410 ἀκουτισθέντων
922 5350 1293 5414 ἐπισυλλέξεις
1355 5347 1697 5417 ἐπικαρπίαν
1775 5361 1835 5398 τε
1903 5342 1999 5396 καὶ

424 5448 716 5518 ὠφέλειαν,
741 5446 834 5500 καὶ
856 5445 965 5500 ἀπὸ
986 5443 1078 5498 τοῦ
1105 5443 1420 5513 μανθάνειν,
1445 5443 1538 5495 καὶ
1561 5439 1843 5511 πράττειν,
1869 5452 2000 5508 προ-

426 5543 636 5611 κόψεις,
688 5542 768 5604 εἰς
817 5539 876 5592 τὸ
923 5540 1019 5592 καὶ
1063 5538 1255 5600 ἄλλους
1305 5536 1592 5607 παραινεῖν
1650 5534 1745 5587 καὶ
1789 5531 2004 5601 ὁδηγεῖν

389 5637 566 5720 ,αὐτῇ
619 5632 806 5703 πείρᾳ,
855 5630 992 5698 πρὸς
1036 5629 1105 5682 τὰ
1150 5628 1421 5699 θειότερα,
1477 5627 1569 5681 καὶ
1623 5627 1738 5687 τοῖς
1789 5624 2003 5687 πολλοῖς

429 5729 682 5800 ἀμύητα·
718 5726 747 5781 ὃ
783 5726 877 5780 καὶ
905 5723 1114 5794 γένοιτό
1157 5740 1261 5791 σοι,
1295 5726 1360 5794 τῇ
1404 5721 1499 5776 τοῦ
1554 5720 1761 5791 Κυρίου
1827 5715 2004 5789 Ἰησοῦ

431 5821 666 5893 Χριστοῦ
720 5815 1139 5888 παναλκεστόιτῃ
1172 5815 1401 5887 παλάμῃ
1432 5812 1851 5885 ἐπερειδομένῳ,
1907 5809 2003 5863 καὶ

434 5912 730 5968 κατευθυνο
737 5912 900 5978 μένῳ·
933 5909 984 5964 Ἀ
995 5909 1120 5978 μήν.
1141 5909 1294 5964 Ἐπεὶ
1309 5908 1363 5962 δὲ
1386 5907 1545 5978 κόρος
1559 5905 1874 5974 λόγου,πολὲ
1885 5917 2006 5970 μιος

2071 4873 2226 4928 Tunc
2254 4868 2402 4925 enim
2432 4865 2573 4920 scies
2603 4863 2720 4931 ipsa
2748 4857 3035 4914 oculorum
3065 4853 3265 4907 animae
3292 4849 3653 4920 experientia,

2070 4963 2291 5036 quantis
2323 4959 2488 5015 bonis
2536 4969 2600 5008 ac
2647 4949 2924 5022 mysteriis
2975 4946 3420 5001 Christianorqu
3461 4941 3656 4996 animat

2071 5033 2202 5113 tunc
2229 5049 2642 5109 communicare
2693 5043 2930 5113 possint.
2973 5056 2991 5090 ι
3039 5035 3132 5090 Sic
3165 5037 3398 5103 teipsum
3448 5033 3656 5086 habens

2072 5163 2237 5219 quatn
2264 5142 2534 5198 citissime
2559 5152 2747 5192 eorum
2773 5146 2883 5202 qua
2911 5131 3114 5198 scripta
3139 5130 3249 5182 sint
3275 5127 3356 5178 vel
3389 5125 3656 5189 audieris,

2073 5217 2286 5298 fructus
2313 5247 2365 5293 et
2388 5232 2676 5292 commoda
2700 5228 2960 5299 colliges;
2991 5235 3043 5279 et
3077 5233 3368 5294 postquam
3395 5217 3657 5274 didiceris

2073 5346 2127 5394 et
2162 5334 2366 5404 egeris,
2398 5327 2650 5402 proﬁcies
2689 5326 2763 5379 ita
2804 5331 2944 5378 utet
2987 5318 3124 5372 alios
3166 5313 3375 5369 hortari
3436 5330 3498 5367 ac
3537 5313 3654 5379 ipsa

2073 5427 2410 5501 experientia
2451 5423 2692 5493 dirigere
2727 5415 2905 5487 possis
2940 5412 3006 5466 ad
3056 5425 3145 5464 res
3199 5407 3412 5463 divinas
3446 5415 3500 5460 et
3540 5405 3659 5476 ple-

2076 5500 2264 5595 risque
2296 5525 2531 5592 ignotas.
2564 5515 2718 5582 Quod
2745 5515 2954 5568 utinam
2984 5511 3080 5563 tibi
3124 5506 3408 5575 contingat
3441 5500 3658 5556 Domini

2070 5592 2202 5673 Iesu
2261 5613 2468 5670 Christi
2531 5624 2695 5665 manu
2751 5607 3044 5662 fortissima
3095 5603 3236 5658 freto
3282 5615 3348 5654 ac
3393 5592 3653 5652 directo!

2072 5711 2274 5765 Amen.
2307 5706 2577 5773 Quoniam
2616 5711 2799 5756 autem
2851 5699 3121 5754 orationis
3170 5695 3395 5751 satietas
3431 5687 3660 5743 auribus

2076 5802 2299 5858 inimica
2331 5809 2434 5862 cst,
2468 5793 2934 5868 quemadmodum
2982 5787 3200 5860 corpori
3245 5785 3450 5840 nimius
3482 5779 3659 5842 cibus,

2079 5897 2258 5954 omnis
2288 5909 2415 5950 vero
2439 5904 2696 5947 mensura
2732 5887 2940 5954 Optima
2969 5893 3075 5950 est,
3109 5890 3328 5948 oportet
3357 5893 3458 5933 nos
3490 5881 3660 5930 satie-
