4058 6444
426 369 527 433 803

1277 350 1623 416 CALLISTI
1650 352 1743 412 ET
1786 346 2087 411 [GNATII
2126 349 2827 419 XANTHOPULORUM

3590 364 3691 429 8:14

428 500 592 540 tatem
647 480 939 553 fugientes,
983 474 1332 540 modumque
1371 478 1431 524 ut
1489 466 1755 539 optimum
1805 460 2058 530 aliquid,

2134 458 2338 553 ἀκοαῖς,
2498 464 2915 534 ὑπερϐάλλουσα
2954 469 3129 540 τροφὴ
3164 470 3405 542 σώμασι,
3439 474 3554 543 καὶ,
3590 481 3696 534 πᾶν

429 580 740 653 amplexos,
796 570 1053 630 nonnihil
1090 570 1272 621 adlmc
1315 564 1560 619 sermoni
1596 557 1903 621 immorari,
1959 564 2011 610 et

433 688 693 744 tanquam
726 651 1195 737 icompendiosam
1231 663 1391 730 hujus
1422 658 1666 714 materiae
1695 651 2024 723 recapitula-

434 771 634 824 tionem
662 762 1091 836 perscribentes,
1118 757 1193 813 ibi
1213 753 1483 810 orationis
1504 751 1804 807 anchoram
1834 749 2025 815 (igere.

454 1037 870 1110 Recapitulatio.
914 1044 969 1110 et;
984 1034 1247 1110 quomodo
1271 1042 1489 1110 oportet
1518 1049 1696 1110 orare,
1724 1041 1775 1087 et
1819 1032 1883 1087 de
1919 1048 2041 1087 vero

838 1106 1039 1162 lumine
1077 1123 1140 1160 ac
1179 1106 1357 1162 divina
1391 1106 1648 1176 potentia.

524 1311 616 1365 95.
649 1309 852 1364 Dicunt
892 1308 1081 1364 Patres
1111 1324 1127 1362 :
1160 1326 1181 1361 ι
1219 1308 1321 1373 Qui
1360 1321 1490 1362 vere
1518 1306 1746 1377 vigilare
1782 1305 2041 1371 intendit,

455 1417 671 1472 semper
717 1418 813 1473 per
854 1403 1004 1457 naris
1059 1399 1482 1469 inspirationem
1512 1400 1570 1455 in
1622 1399 1818 1454 intimo
1854 1400 2042 1468 corde,

452 1484 664 1551 nitatur
706 1512 840 1566 pure
894 1504 950 1550 et
1002 1506 1323 1551 constanter
1352 1510 1535 1559 orare,
1598 1494 1736 1550 solis
1776 1494 2048 1549 orationis

459 1591 640 1644 verbis
678 1589 991 1653 attendens,
1048 1588 1432 1658 meditansqne
1467 1598 1521 1642 et
1550 1585 1890 1657 cogitatione
1924 1601 2050 1639 ver-

458 1698 586 1737 sans
619 1683 716 1736 has
769 1696 952 1747 voces,
994 1696 1189 1752 nempe
1223 1696 1238 1735 :
1281 1697 1300 1731 ι
1337 1680 1565 1735 Domine
1608 1678 1739 1736 Jesu
1800 1676 2044 1742 Christe,

459 1772 561 1827 Fili
587 1771 679 1828 Dei
725 1772 855 1839 vivi,
889 1773 1155 1827 miserere
1185 1774 1328 1838 mei;
1360 1771 1537 1826 donee
1572 1786 1728 1825 mens
1777 1769 1833 1824 in
1878 1769 2045 1824 corde

461 1867 822 1926 illuminetur,
855 1876 915 1918 ut
978 1866 1057 1918 ait
1113 1874 1337 1919 sanctus
1389 1862 1702 1918 Diadoebns
1750 1880 1765 1918 :

461 1975 678 2029 cnnqne
713 1958 927 2012 Domini
968 1954 1100 2012 Jesu
1136 1957 1439 2027 gloriosum
1471 1953 1884 2025 amandumqne
1943 1969 2040 2009 no-

462 2070 588 2109 men
626 2053 678 2106 in
722 2051 990 2122 profundo
1047 2049 1218 2105 corde
1272 2049 1649 2104 indesinenter
1687 2046 2046 2112 meditantur,

461 2150 497 2202 ii
529 2156 760 2218 possunt
783 2153 838 2199 et
865 2144 1068 2199 mentis
1096 2144 1283 2198 lumen
1336 2140 1636 2210 aliquando
1694 2140 1899 2194 videre.
1928 2138 2049 2205 Quo

458 2240 648 2296 divina
693 2239 870 2308 gratia
909 2234 1124 2301 ell‘eeto,
1174 2244 1307 2289 tunc
1358 2232 1629 2301 reliquum
1669 2231 1796 2285 vita:
1845 2239 2050 2283 nosme

457 2347 683 2388 cursum
734 2329 1035 2386 secundum
1072 2328 1263 2389 Deum,
1294 2336 1554 2395 tanquam
1586 2324 1641 2378 in
1674 2323 1884 2378 lumine
1927 2336 2047 2377 am-

462 2425 741 2487 bulantes,
771 2422 884 2476 imo
929 2434 1057 2475 vero
1086 2419 1311 2473 luminis
1342 2419 1438 2472 lilii
1470 2416 1676 2481 elfecti,
1724 2417 1933 2487 absque
1962 2431 2050 2470 er-

464 2532 587 2572 rore
615 2524 668 2570 et
688 2512 993 2570 oll‘ensione
1018 2510 1410 2581 procedemns,
1436 2519 1494 2563 ut
1517 2511 1594 2563 ait
1618 2508 1842 2562 luminis
1866 2508 2048 2573 dator,

460 2609 623 2666 Jesus
657 2624 672 2662 :
702 2625 722 2659 ι
762 2606 901 2662 Dum
928 2606 1104 2660 lucem
1142 2604 1381 2669 habetis,
1411 2602 1619 2657 credite
1659 2602 1713 2656 in
1746 2602 1949 2665 lucem,
1992 2610 2051 2654 nt

463 2702 559 2759 lilii
580 2702 719 2756 lucis
744 2700 967 2767 sitis";
1000 2716 1019 2749 ι
1050 2707 1105 2753 et
1133 2698 1315 2752 adhuc
1340 2714 1353 2750 :
1386 2713 1403 2747 ι
1436 2696 1546 2764 Ego
1567 2710 1688 2750 sum
1710 2694 1800 2747 lux
1827 2692 2046 2759 mundi;

463 2794 558 2865 qui
606 2792 855 2863 sequitur
890 2805 998 2855 me,
1036 2804 1145 2844 non
1190 2786 1495 2843 ambulabit
1539 2790 1593 2840 in
1640 2783 1908 2849 tenebris,
1951 2785 2048 2840 sed

462 2887 890 2944 liabebitlumen
924 2884 1047 2939 vita:
1065 2883 1135 2937 ⁷⁸.
1158 2901 1177 2935 ι
1208 2881 1272 2937 Ει
1312 2880 1481 2936 David
1505 2880 1636 2935 talia
1662 2880 1729 2933 ad
1755 2878 2049 2933 Dominum

463 2980 723 3035 inclamat
756 2996 771 3032 :
806 2996 826 3029 ι
868 2976 924 3030 In
952 2974 1160 3030 lumine
1192 2985 1289 3029 tuo
1342 2972 1652 3027 videbimus
1697 2972 1881 3025 lumen
1904 2968 1973 3025 ".
2021 2985 2042 3021 ι

462 3071 530 3128 Et
550 3073 934 3129 divinissimus
959 3069 1167 3125 Paulus
1198 3085 1214 3124 :
1248 3088 1268 3121 ι
1300 3067 1466 3131 Deus,
1500 3068 1597 3133 qui
1623 3066 1764 3122 dixit
1796 3067 1863 3121 de
1898 3074 2050 3121 tene-

1826 1880 1844 1913 .
1910 1860 2046 1927 Qni-
2085 1836 2099 1889 '

2130 550 2327 621 μέτρον
2359 551 2603 624 ἄριστον,
2634 554 2753 609 δέον
2779 557 2874 609 καὶ
2904 559 3051 628 ἡμᾶς
3076 560 3168 613 τὸν
3192 561 3353 632 κόρον
3375 564 3693 634 φεύγοντας,

2128 646 2223 697 καὶ⁵
2253 647 2313 697 τὸ
2343 645 2618 719 ἔμμετρον
2658 649 3074 720 ἀσπαζομένους
3104 652 3181 715 ὡς
3224 654 3468 723 ἄριστον,
3505 660 3698 729 μικρὸν

2127 735 2207 790 ἔτι
2233 736 2312 806 τῷ
2341 737 2486 808 λόγῳ
2517 740 3072 812 προσδιατρίψαντας,
3108 744 3204 799 καὶ
3230 747 3393 801 οἱονεί
3418 766 3543 802 τινα
3572 751 3699 804 σύν-

2124 846 2292 898 τομον
2336 831 2815 900 ἀνακεφαλαίωσιν
2858 834 2956 904 τῆς
2989 836 3271 907 παρούσης
3317 844 3698 911 πραγματείας

2124 917 2559 989 διαγράψαντας,
2603 920 2775 985 οὕτως
2809 925 2989 978 ἐκεῖσε
3016 926 3115 997 τὴν
3158 928 3253 982 τοῦ
3295 928 3454 1000 λόγου
3490 934 3698 1002 ἐρεῖσαι

2126 1012 2398 1084 ἄγκυραν.

2136 1149 2712 1234 ’Λνακεςρατίαίωσιφ
2745 1153 2843 1234 καὶ
2876 1153 3038 1234 dare)?
3072 1155 3180 1234 ῥεῖ
3226 1160 3694 1234 προσεύχεσθαι,

2188 1220 2464 1359 ῗιὲὲςςτερὶ
2511 1224 2820 1293 φωτισμοῦ
2871 1220 3160 1293 ἀληθοῦς,
3186 1220 3286 1282 καί
3326 1220 3695 1295 aetas!!de

2214 1405 2311 1476 Ae’.
2354 1410 2523 1465 Φασὶν
2555 1413 2605 1466 oi
2634 1412 2902 1486 Πατέρες,
2940 1418 2968 1470 6
2998 1418 3055 1471 ἐν
3098 1418 3243 1491 λόγῳ
3272 1421 3463 1491 νήφειν
3490 1421 3707 1493 ἐθέλων,

2138 1500 2227 1555 ἀεὶ
2279 1502 2348 1555 δι’
2398 1504 2655 1577 είσπνοῆς
2709 1506 2859 1576 ῥινὸς
2918 1509 3065 1563 ἔνδον
3125 1513 3353 1584 καρδίας
3406 1516 3709 1583 ἐπειγέσθω

2139 1596 2535 1667 προσεύχεσθαι
2584 1599 2865 1670 καθαρῶς,
2895 1603 2990 1655 καὶ
3026 1604 3445 1675 ἀρῤεμϐάστως,
3478 1610 3613 1680 μόνα
3642 1612 3710 1665 τά

2135 1688 2235 1757 τῆς
2264 1691 2427 1760 εὐχῆς
2459 1692 2762 1763 προσέχων,
2797 1700 2890 1748 καὶ
2921 1697 3184 1765 μελετῶν,
3212 1700 3307 1753 καὶ
3336 1701 3707 1772 διανοούμενος

2136 1779 2380 1851 ῥήματα,
2416 1782 2583 1853 ήγουν
2634 1783 2715 1851 τὸ,
2768 1786 2941 1854 Κύριε
2978 1788 3152 1855 Ἰησοῦ
3202 1792 3423 1861 Χριστέ,
3482 1795 3575 1848 Υίέ
3607 1797 3703 1850 τοῦ

2105 1840 2296 1941 ’θέοῑη
2347 1840 2569 1948 ἐλέησόν
2618 1840 2714 1949 με,
2744 1840 2872 1951 ἀχρί
2927 1840 3122 1952 καιροῦ
3172 1840 3456 1952 magis
3488 1840 3712 1948 $45,};

2137 1972 2357 2042 καρδίᾳ,
2408 1968 2482 2034 ὥς
2518 1988 2683 2041 φησιν
2722 1973 2750 2023 6
2799 1972 2953 2039 ἅγιος
2993 1972 3267 2043 Διάδοχος,
3296 1973 3378 2026 δτι
3415 1991 3434 2025 ι
3465 1974 3618 2027 Ὅσοι
3648 1975 3712 2026 τὸ

2135 2064 2227 2118 τοῦ
2258 2064 2466 2134 Κυρίου
2518 2064 2693 2138 Ἰησοῦ
2726 2065 2956 2131 ἔνδοξον,
2992 2065 3085 2119 καὶ
3125 2066 3500 2131 πολυπόθητον
3541 2067 3710 2137 δνομα

2136 2159 2194 2210 ἐν
2218 2157 2296 2228 τῷ
2326 2156 2479 2227 βάθει
2504 2158 2605 2227 τῆς
2635 2159 2861 2228 καρδίας
2897 2157 3191 2228 μελετῶσιν
3220 2156 3533 2221 ἀπαύστως,
3564 2148 3712 2211 οὗτοι

2134 2248 2389 2302 δύνανται
2430 2251 2526 2304 καὶ
2569 2251 2631 2303 τὸ
2660 2250 2775 2319 φῶς
2824 2249 2916 2302 τοῦ
2956 2249 3049 2304 νοῦ
3096 2252 3227 2321 όρᾷν
3260 2266 3427 2302 ποτεο
3472 2270 3491 2302 ι
3530 2243 3589 2304 οὗ
3620 2266 3711 2319 γε-

2134 2341 2460 2411 γενημένου,
2495 2342 2631 2394 Θεοῦ
2664 2341 3047 2413 ῥοπῇηέκτοτε
3077 2342 3169 2395 τὸν
3199 2341 3489 2394 ὑπόλοιπον
3514 2340 3710 2411 δρόμον

2136 2436 2234 2503 τῆς
2267 2437 2407 2487 κατὰ
2441 2435 2575 2487 Θεὸν
2611 2436 2888 2499 πολιτείας
2939 2435 3115 2505 ἡμῶν,
3157 2434 3232 2497 ὡς
3287 2435 3346 2487 ἐν
3395 2435 3532 2503 φωτὶ
3560 2450 3711 2504 περι-

2138 2527 2457 2592 πατοῦντες,
2491 2528 2693 2597 μᾶλλον
2740 2528 2798 2582 δέ
2850 2527 3026 2597 φωτὸς
3075 2529 3181 2581 υἱοὶ
3213 2526 3384 2591 ὄντες,
3438 2523 3708 2588 ἀπλανῶς,

2135 2619 2230 2672 καὶ
2257 2620 2621 2689 ἀπροσκόπως
2642 2619 2957 2690 ὁδεύσομεν,
2987 2618 3063 2683 ὥς
3087 2635 3249 2689 φησιν
3272 2620 3300 2672 6
3326 2616 3708 2687 φωτοπάροχος

2147 2712 2373 2784 Ἰησοῦς,
2409 2733 2427 2765 ι
2468 2715 2613 2778 Ἕως
2639 2714 2698 2767 τὸ
2722 2715 2837 2782 φῶς
2866 2714 3040 2784 ἔχετε,
3066 2714 3349 2766 πιστεύετε
3380 2713 3458 2775 είς
3486 2711 3547 2765 τὸ
3572 2710 3708 2779 φῶς,

2139 2804 2229 2856 ἵνα
2251 2804 2356 2855 υἱοὶ
2386 2805 2565 2869 φωτὸς
2605 2804 2861 2874 γένησθε.
2902 2823 2920 2855 ι
2960 2803 3073 2858 Kal
3121 2805 3223 2856 ὅτιο
3265 2820 3285 2855 ι
3336 2802 3475 2870 Ἑγὼ
3506 2802 3620 2871 είμι
3651 2800 3709 2853 τὸ

2137 2893 2256 2962 φῶς
2274 2894 2369 2947 τοῦ
2389 2895 2618 2965 κόσμου,
2636 2897 2663 2947 6
2684 2894 2992 2947 ἀκολουθῶν
3010 2894 3151 2964 ἐμοὶ,
3172 2892 3233 2946 ού
3255 2893 3329 2963 μὴ
3350 2891 3709 2963 περιπατήσει

2136 2985 2194 3036 ἐν
2222 2986 2287 3051 τῇ
2322 2984 2533 3054 σκοτίᾳ,
2566 2984 2681 3037 ἀλλ’
2729 2982 2842 3048 ἕξει
2891 2983 2951 3036 τὸ
2995 2983 3109 3051 φῶς
3137 2981 3239 3051 τῆς
3272 2980 3436 3049 ζωῆς.
3475 2997 3494 3030 ι
3531 2977 3637 3032 Kal
3680 2978 3709 3029 6

2136 3075 2300 3129 Δαὸὶδ
2351 3076 2407 3130 δὲ
2463 3077 2638 3131 τοιάδε
2673 3077 2811 3148 πρὸς
2845 3077 3049 3144 Κύριον
3084 3075 3212 3146 βοᾷ·
3252 3093 3271 3126 ι
3322 3073 3410 3126 Ἐν
3452 3070 3529 3143 τῷ
3571 3072 3706 3141 φωτί

462 3168 579 3221 bris
603 3166 783 3219 lumen
827 3164 1241 3235 splendescere,
1280 3160 1399 3230 ipse
1446 3160 1627 3215 illuxit
1671 3159 1725 3214 in
1783 3158 2045 3215 cordibus

2139 3185 2232 3223 σου
2261 3169 2508 3238 ὀψόμεθα
2538 3172 2675 3239 φῶς.
2710 3188 2730 3223 ›
2763 3169 2871 3222 Kal
2897 3171 2925 3222 6
2950 3169 3227 3231 θειότατος
3257 3164 3489 3230 Παῦλος·
3535 3183 3553 3217 ι
3579 3162 3708 3225 Θεὸς

459 3257 666 3313 nostris
689 3256 759 3309 ".
788 3274 807 3307 ι
840 3257 943 3309 Per
974 3255 1153 3323 ipsum
1182 3255 1351 3320 enim,
1371 3253 1530 3323 quasi
1558 3266 1656 3323 per
1680 3252 2047 3323 inexstingui-

458 3350 623 3405 bilem
652 3348 936 3403 lucernam
982 3356 1039 3401 et
1070 3344 1597 3416 splendidissimam,
1630 3345 1948 3414 diriguntur
1990 3352 2049 3399 et

459 3441 763 3512 procedunt
807 3441 901 3510 qui
942 3453 1071 3493 vere
1103 3437 1292 3493 ﬁdeles
1337 3446 1489 3503 sunt,
1547 3436 1692 3491 ultra
1728 3435 2045 3502 sensibilia;

459 3542 517 3589 et
550 3533 684 3602 ipsis
723 3531 1059 3601 aperientur,
1110 3537 1301 3598 utpote
1355 3528 1577 3584 mundis
1638 3530 1826 3593 corde,
1864 3528 2048 3600 janua:

458 3624 727 3687 celestes,
759 3622 943 3693 januae
973 3636 1166 3691 nempe
1196 3620 1362 3691 hujus
1412 3622 1537 3676 vita:
1562 3620 1887 3690 angelorum
1917 3621 2044 3675 vita:

455 3704 655 3773 similis
675 3724 731 3772 et
753 3715 917 3785 hujus
946 3714 1201 3770 sublimis
1218 3723 1416 3770 status.
1446 3712 1515 3768 Et
1538 3728 1758 3769 rursum
1800 3713 1887 3781 iis,
1926 3722 2048 3768 tan-

456 3821 621 3876 quam
650 3806 817 3861 solari
851 3804 1027 3872 disco,
1051 3806 1225 3859 oritur
1255 3813 1313 3860 et
1368 3805 1608 3861 scrutari
1633 3813 1689 3859 et
1738 3804 2047 3876 dijudicare

454 3910 509 3955 et
537 3900 851 3955 discernere
890 3908 946 3954 et
1000 3899 1322 3969 praevidere,
1362 3909 1415 3952 et
1446 3897 1670 3952 similia.
1707 3896 1776 3953 Et
1819 3898 2047 3954 omnino

457 4008 553 4063 per
582 3993 761 4062 ipsum
789 4001 917 4047 ante
946 3991 1141 4047 oculos
1166 4005 1359 4045 eorum
1394 3990 1683 4060 splendent
1712 4003 2043 4045 arcanorum

456 4087 848 4157 mysteriorum
904 4083 1167 4140 revelatio
1195 4093 1250 4139 et
1275 4083 1683 4149 manifestatio;
1715 4092 2044 4151 supernatu—

456 4178 555 4233 rali
582 4192 645 4233 ac
683 4178 869 4232 divina
898 4177 1142 4246 potentia
1177 4175 1459 4246 replentur
1488 4177 1542 4230 in
1583 4185 1774 4230 saneto
1800 4174 2043 4246 Spiritu;

453 4279 509 4324 et
550 4284 645 4339 per
696 4269 841 4323 hanc
890 4266 1233 4337 spiritualem
1288 4266 1589 4336 potentiam
1645 4282 1809 4337 agger
1848 4280 2042 4320 eorum

454 4362 766 4426 alleviatur,
807 4361 892 4415 vel
922 4361 1108 4430 potius
1138 4359 1326 4416 carnis
1352 4360 1571 4431 pondus
1615 4360 1905 4421 minuitur,
1942 4358 2045 4413 tol-

454 4454 586 4509 litur
647 4468 713 4508 ac
776 4451 1158 4522 supervolitat.
1188 4449 1365 4522 Hujus
1403 4449 1645 4522 Spiritus
1693 4450 1867 4506 sancti
1919 4448 2041 4503 illu-

2133 3262 2162 3314 ὁ
2196 3259 2365 3314 εἰπὼν
2398 3262 2461 3313 ἐκ
2487 3261 2712 3323 σκότους
2746 3261 2861 3329 φῶς
2887 3259 3123 3330 λάμψαι,
3156 3258 3215 3321 ὃς
3247 3256 3489 3327 ἔλαμψεν
3511 3257 3568 3308 ἐν
3591 3254 3709 3315 ταῖς

2136 3352 2393 3420 καρδίαις
2418 3352 2599 3422 ἡμῶν.
2632 3371 2651 3404 ι
2684 3354 2763 3406 Δι’
2791 3352 2958 3406 αὑτοῦ
3002 3354 3098 3406 καὶ
3128 3352 3256 3423 γὰρ,
3291 3351 3365 3413 ὡς
3394 3350 3485 3402 διὰ
3516 3346 3705 3417 λύχνου

2135 3444 2425 3510 ἀσϐέστου,
2457 3444 2553 3497 καὶ
2586 3443 2906 3514 παμφαοῦς,
2955 3440 3298 3514 όδηγοῦνται,
3344 3441 3439 3494 καὶ
3478 3435 3710 3492 ἐνατενί-

2136 3533 2323 3598 ζουσιν
2349 3534 2397 3583 οἱ
2428 3532 2505 3604 τῷ
2528 3534 2642 3589 δντι
2670 3536 2871 3597 πιστοὶ,
2904 3536 2986 3598 είς
3009 3535 3077 3587 τὰ
3108 3534 3365 3587 ἐπέκεινα
3386 3531 3496 3584 τῶν
3524 3529 3715 3599 αισθήο

2138 3643 2298 3689 σεων,
2348 3627 2444 3679 καὶ
2490 3627 2773 3695 ἀνοίγεται
2800 3628 3008 3692 αὐτοῖς,
3040 3628 3118 3690 ὡς
3144 3626 3405 3696 καθαροῖς
3434 3624 3536 3694 τὴν
3580 3638 3710 3692 stap-

2134 3718 2275 3781 δίαν,
2305 3720 2339 3789 ἡ
2383 3720 2637 3792 οὐράνιος
2674 3720 2843 3791 πύλη,
2878 3723 3064 3793 πάσης
3111 3721 3209 3791 τῆς
3258 3716 3572 3787 ίσαγγέλου,
3620 3713 3712 3769 καὶ

2137 3812 2346 3882 ὑψηλῆς
2378 3814 2679 3878 πολιτείας,
2710 3816 2807 3867 καὶ
2834 3813 3244 3876 καταστάσεως.
3282 3810 3391 3864 Kal
3424 3808 3580 3872 αὖθις
3619 3806 3711 3860 οῦ-

2134 3921 2243 3967 τως
2271 3903 2348 3967 ὡς
2399 3904 2461 3968 ἐξ
2510 3898 2742 3976 ἡλιακοῦ
2790 3905 2998 3969 δίσκου,
3037 3902 3318 3958 ἀνατέλλει
3374 3900 3600 3964 τούτοις,
3652 3896 3711 3950 τὸ

2136 3998 2468 4069 ἀνακρίνειν,
2508 3998 2568 4051 τὸ
2614 3998 2939 4067 διακρίνειν,
2987 3997 3048 4049 τὸ
3083 3996 3289 4065 διορᾷν,
3338 3994 3399 4047 τὸ
3448 3989 3708 4063 προορᾷν.

2136 4092 2232 4144 καὶ
2255 4090 2327 4143 τὰ
2357 4090 2736 4162 παραπλήσια.
2765 4088 2875 4142 Kal
2901 4085 3237 4152 ἁπαξαπλῶς
3259 4085 3327 4139 δι’
3351 4082 3515 4139 αὐτοῦ
3537 4084 3711 4137 ἀπαυ-

2137 4179 2293 4249 γάζει
2333 4179 2545 4244 τούτοις
2591 4181 2625 4250 ἡ
2670 4179 2782 4231 τῶν
2823 4178 3037 4248 ἀδήλων
3092 4177 3408 4249 μυστηρίων
3441 4176 3588 4229 πᾶσα
3617 4173 3711 4243 δή·

2138 4272 2304 4336 λωσίς
2338 4290 2397 4327 τε
2426 4272 2523 4326 καὶ
2566 4271 2939 4342 ἀποκάλυψις,
2972 4268 3255 4341 δυνάμεώς
3283 4285 3343 4323 τε
3374 4264 3709 4337 ὑπερφυοῦς,

2137 4366 2232 4419 καὶ
2258 4365 2429 4431 θείας,
2475 4365 2533 4418 ἐν
2584 4365 2857 4435 πνεύματι
2908 4364 3300 4435 ἐμπίπλανται,
3344 4362 3440 4415 καὶ
3480 4359 3569 4413 διὰ
3613 4359 3712 4429 τῆς

2135 4455 2345 4532 τωᾶσδε
2370 4455 2688 4528 ὑπερφυοῦς
2715 4456 3023 4526 δυνάμεως,
3046 4455 3142 4507 καὶ
3164 4456 3192 4507 6
3224 4453 3352 4524 χοῦς
3380 4450 3557 4505 αὐτῶν
3582 4465 3711 4502 κου-

453 4545 719 4601 minantis
765 4546 1021 4613 potentiae
1073 4544 1282 4614 gratia,
1342 4521 1598 4614 quamvis
1646 4543 1827 4596 adhuc
1873 4556 2040 4595 carne

2136 4521 2448 4616 φῖξόμενος,
2481 4521 2541 4617 ’ἢγ
2575 4546 2777 4615 μᾶλλον
2815 4521 2877 4598 τδ
2926 4544 3108 4616 βρίθον
3152 4521 3255 4613 τῆς
3283 4542 3483 4619 σαρκδς
3514 4537 3710 4594 ἀπολε-

451 4638 630 4693 induti
660 4637 882 4703 fuerint,
911 4637 1135 4707 quidam
1171 4636 1345 4692 sancti
1374 4635 1589 4701 Patres,
1626 4644 1886 4704 tanquam
1921 4649 2041 4688 ma-

474 4728 603 4783 eriae
657 4736 717 4795 et
758 4728 1006 4796 corporis
1057 4739 1332 4799 expertes,
1393 4729 1672 4783 inaccessa
1728 4724 1954 4780 ﬂumina
1986 4736 2041 4781 et

450 4822 621 4877 maria
674 4822 911 4877 navibus
966 4824 1241 4886 meabilia,
1279 4821 1506 4892 pedibus
1572 4836 1681 4875 non
1740 4820 2034 4884 submersi,

449 4916 754 4984 transiere;
790 4931 985 4972 cursus
1023 4917 1208 4987 longos
1238 4923 1294 4969 et
1326 4914 1617 4969 multorum
1654 4913 1865 4967 dierum
1924 4929 2039 4967 mo-

448 5016 740 5063 mantanee
772 5007 1138 5077 perfecerunt,
1174 5018 1229 5062 et
1265 5007 1372 5060 alia
1412 5006 1637 5060 modum
1690 5005 2035 5070 excedentia,

447 5100 503 5155 in
536 5100 699 5164 cmlo,
732 5099 787 5153 in
830 5109 998 5165 terra,
1029 5099 1081 5152 in
1135 5102 1270 5164 sole,
1303 5098 1356 5150 in
1392 5096 1554 5163 mari,
1593 5098 1645 5149 in
1685 5097 1942 5162 desertis,
1978 5099 2031 5152 in

450 5193 705 5255 urbibus,
738 5191 794 5245 in
819 5194 968 5245 omni
1007 5191 1123 5246 Io'co
1154 5200 1210 5246 et
1257 5189 1510 5260 regione,
1543 5190 1598 5243 in
1627 5190 1841 5253 bestiis,
1867 5191 1920 5244 in
1948 5207 2036 5245 re.

446 5281 692 5351 ptilibus.
718 5293 773 5337 et
828 5297 936 5335 uno
964 5280 1129 5335 verbo
1183 5281 1237 5334 in
1263 5280 1411 5334 omni
1447 5280 1727 5335 creatione
1782 5286 1837 5334 ct
1865 5281 2039 5335 omni-

446 5374 550 5429 bus
581 5374 867 5430 elcmentis
912 5373 1123 5443 operati
1176 5389 1271 5444 per
1319 5376 1501 5428 omnia
1549 5373 1833 5444 glorilieati
1888 5386 2037 5439 sunt,

446 5471 501 5517 et
531 5464 659 5518 dum
696 5464 750 5518 in
794 5464 1043 5519 oratione
1082 5464 1319 5531 stabant,
1352 5479 1545 5518 eorum
1586 5474 1774 5520 sancta
1802 5473 1856 5520 et
1883 5480 2043 5520 vene-

447 5556 617 5610 randa
649 5569 904 5627 corpora,
958 5573 988 5612 e
1018 5566 1186 5618 terra,
1230 5567 1489 5628 tanquam
1522 5558 1637 5615 alas
1691 5559 2033 5625 habuissent,

448 5646 914 5717 sublevabantur;
948 5649 1133 5704 divino
1153 5650 1245 5705 illo
1270 5661 1324 5707 et
1345 5654 1669 5709 absumente
1695 5662 1751 5708 et
1779 5652 2037 5708 immate-

523 5826 743 5887 "Joan.
778 5852 872 5903 χιι,
902 5835 993 5889 '56.
1106 5833 1152 5865 "
1181 5830 1344 5895 Joan.
1376 5855 1494 5910 vm,
1542 5842 1629 5897 12.

1740 5841 1786 5873 ⁷⁸
1816 5839 1962 5899 Psal.
1990 5860 2155 5910 xxxv,
2192 5848 2273 5901 l0.

2134 4636 2472 4707 πτυνόμενον
2521 4638 2614 4689 καὶ
2654 4636 3143 4707 μετεωριζόμενον,
3190 4632 3583 4704 ύπερίπταται.
3612 4630 3709 4683 Διά

2132 4730 2335 4801 ταύτης
2362 4731 2459 4800 τῆς
2488 4730 2547 4785 ἐν
2578 4731 2718 4801 ἁγίῳ
2749 4728 3027 4800 Πνεύματι
3046 4727 3385 4799 φωτιστικῆς
3407 4724 3705 4793 δυνάμεως,

2132 4824 2212 4877 ἔτι
2246 4822 2386 4895 μετά
2425 4823 2624 4893 σαρκὸς
2669 4823 2852 4887 ὄντεςο
2882 4822 2975 4876 καί
3014 4839 3162 4885 τινες
3189 4820 3298 4874 τῶν
3334 4816 3502 4888 ἀγίων
3536 4814 3708 4870 Πατέ-

2134 4935 2265 4988 ρων,
2293 4917 2367 4981 ὡς
2393 4916 2546 4971 sum
2570 4917 2664 4969 καὶ
2692 4914 2998 4983 ἀσώματοι,
3029 4916 3311 4984 ποταμοὺς
3335 4911 3589 4974 ἀϐάτους,
3617 4907 3709 4961 καὶ

2133 5006 2403 5071 θαλάττας
2431 5007 2817 5078 ναυσιπόρους,
2851 5008 3009 5059 ποσὶν
3039 5004 3290 5076 ἀϐρόχως
3311 5000 3549 5072 διῆλθον,
3584 4996 3703 5069 δρόο

2132 5113 2264 5166 γους
2302 5114 2361 5150 τε
2400 5099 2645 5172 μακροὺς
2690 5099 2788 5151 καὶ
2838 5096 3244 5169 πολυημέρους,
3285 5091 3589 5165 ἀκαριαίως
3629 5090 3705 5142 δι-

2132 5187 2395 5252 ώδευσαν,
2418 5187 2513 5240 καὶ
2536 5187 2952 5259 ἐτεραέξαίσια,
2969 5188 3028 5242 ἐν
3041 5184 3279 5258 οὐρανῷ,
3303 5182 3539 5255 ἐνῖγῇ,ἐν
3555 5179 3702 5253 ήλίῳ’

2134 5282 2192 5334 ἐν
2213 5279 2483 5353 θαλάσσῃ,
2516 5282 2572 5333 ἐν
2604 5280 2889 5352 ἐρημίαις,
2916 5282 2975 5334 ἐν
3001 5280 3250 5344 πόλεσιν,
3282 5278 3340 5333 ἐν
3371 5274 3534 5330 παντὶ
3562 5273 3706 5341 τόπῳ

2133 5373 2229 5427 καὶ
2254 5371 2431 5444 χώρᾳ,
2482 5374 2541 5426 ἐν
2574 5372 2807 5443 θηρίοις,
2854 5378 2951 5426 καὶ
2994 5374 3266 5442 ἑρπετοῖς,
3306 5370 3399 5424 καὶ
3428 5365 3613 5431 ἁπλῶς
3651 5365 3707 5416 ἐν

2136 5466 2285 5539 πάσῃ
2320 5470 2389 5537 τῇ
2418 5466 2614 5532 κτίσει,
2669 5466 2763 5519 καὶ
2796 5468 2930 5519 πᾶσι
2964 5466 3079 5529 τοῖς
3107 5462 3414 5534 στοιχείοις,
3465 5457 3703 5530 ὲξειργάο

2137 5573 2321 5621 σαντο,
2353 5557 2449 5611 καὶ
2477 5555 2565 5609 διὰ
2615 5556 2835 5609 πάντων
2868 5554 3255 5625 ἐδοξάσθησαν,
3305 5551 3401 5606 καὶ
3440 5553 3499 5605 ἐν
3542 5565 3705 5619 προσ-

2135 5651 2320 5718 ευιαῖς
2348 5648 2407 5704 δέ
2444 5648 2650 5703 τούτων
2699 5648 3028 5718 ἱσταμένων,
3058 5647 3154 5703 καὶ
3185 5646 3254 5701 τὰ.
3297 5644 3482 5700 αὐτῶν
3518 5642 3707 5711 εύαγῆ,

2378 5847 2422 5877 ⁷³
2466 5847 2509 5901 ll
2557 5846 2683 5901 Cor.
2720 5861 2791 5912 Iv,
2854 5849 2905 5904 6.
