4058 6452
377 348 484 413 805
1563 376 1964 443 OPUSCULA
2002 379 2367 444 'ASCETICA
2380 429 2396 446 .

3557 388 3664 450 83ft

386 495 478 549 ml
508 493 667 563 τίμια
695 491 941 564 σώματα,
980 493 1148 564 γῆθεν
1172 495 1246 559 ὠς
1276 495 1561 566 ὑπόπτερα
1591 495 1958 568 ὑπερῄροντο·

2076 500 2192 554 riali
2233 502 2425 572 gratia!
2463 501 2608 569 igne,
2659 502 2937 574 corporali
2977 503 3349 580 crassitudine
3404 521 3470 562 ac
3524 523 3661 577 pono

386 587 464 659 τῷ
502 585 847 656 ἀναλωτικῷ,
897 587 989 640 καὶ
1047 585 1236 657 ἐνθέῳ,
1281 587 1378 641 καὶ
1411 588 1559 659 ἀύλῳ
1597 589 1734 660 πυρὶ
1762 587 1842 660 τῷ
1867 590 1958 661 τῆς

2071 593 2202 646 dere
2259 594 2568 662 exonerati,
2601 611 2766 667 seque
2816 598 3007 652 leviter
3067 598 3393 654 sustollendi
3444 599 3661 658 habiles

383 679 626 750 χάριτος,
654 676 714 730 τὸ
732 678 1047 755 σωματικὸν
1077 677 1272 748 πάχος,
1303 681 1390 732 va‘t
1421 681 1530 750 μὴν
1560 680 1740 734 καὶτὸ
1774 679 1962 752 βάρος,

384 767 854 839 ἀποτεφρούμενοι
873 806 890 832 ,
921 766 1140 837 κούφως
1170 785 1231 821 τε
1265 770 1515 840 αἴρεσθαι
1547 771 1961 842 ἐνεργούμενοι.

391 863 458 914 Ὢ
484 860 578 915 τοῦ
605 861 910 931 θαύματοςὶ
934 861 1530 932 μεταστοιχειούμενοι,
1565 864 1661 916 καὶ
1697 865 1966 934 μεταχαλ-

385 957 674 1024 χευάμενοι
706 953 843 1024 πρὸς
884 953 946 1006 τὸ
1001 954 1294 1026 θειότερον,
1347 958 1414 1025 τῇ
1444 955 1690 1026 θεουργῷ
1735 957 1964 1030 παλάμῃ

385 1048 483 1117 τῆς
542 1047 912 1116 ἐνσκηνούσης
960 1047 1141 1111 αὐτοῖς
1191 1047 1399 1118 ίσχύος,
1432 1050 1528 1102 καὶ
1575 1049 1820 1120 χάριτος.
1857 1051 1964 1104 Kal

387 1137 526 1207 μετά
575 1136 727 1201 τέλος
768 1138 846 1205 δέ,
883 1137 1042 1192 ἐνίων
1071 1140 1163 1192 καὶ
1193 1139 1262 1193 τὰ
1293 1139 1563 1210 σεὸάσμια
1605 1139 1866 1212 σώματα,
1901 1141 1964 1194 τὸ

382 1228 670 1282 ἀδιάλυτον
697 1230 944 1300 φέρουσι,
976 1231 1259 1301 προδήλως
1286 1232 1387 1302 τὴν
1410 1231 1726 1287 ἐνοικοῦσαν
1754 1232 1962 1298 αὐτοῖς,

383 1319 479 1373 καὶ
513 1320 649 1372 πᾶσι
694 1323 807 1383 τοῖς
858 1320 1258 1392 βεϐαιοπίστοις
1289 1322 1429 1393 ὑπὲρ
1479 1323 1642 1392 φύσιν
1670 1324 1831 1395 χάριν
1867 1327 1960 1379 καὶ

381 1409 611 1481 δύναμιν
663 1409 1020 1482 πιστούμενα.
1067 1413 1178 1466 Kal
1218 1414 1362 1481 μετά
1406 1414 1506 1485 τὴν
1556 1417 1743 1487 κοινὴν
1777 1417 1961 1487 μέντοι

381 1517 468 1568 γε,
513 1502 608 1554 καὶ
638 1503 983 1572 παγκόσμιον
1013 1503 1394 1571 ἐξανάστασιν,
1441 1506 1511 1558 δι’
1555 1508 1729 1576 αὑτῆς
1775 1508 1874 1579 τῆς
1904 1509 1962 1563 ἐν

381 1593 656 1664 πνεύματι
686 1596 1019 1666 φωτιστικῆς
1043 1597 1349 1668 δύναμεως,
1375 1594 1486 1654 οἷόν
1511 1617 1628 1659 πως
1651 1603 1964 1673 πτεροφυὴ-

381 1702 595 1751 σαντες,
626 1687 1037 1758 ἀρπαγήσονται
1065 1692 1121 1744 ἐν
1148 1693 1399 1761 νεφέλαις
1427 1696 1505 1756 είς
1538 1694 1842 1766 ἀπάντησιν
1865 1694 1960 1749 τοῦ

381 1778 613 1847 Κυρίου,
650 1780 729 1841 είς
758 1781 918 1850 ἀέρα,
952 1779 1026 1844 ῶς
1061 1801 1226 1854 φησιν
1253 1787 1281 1838 6
1309 1785 1418 1838 τῶν
1456 1787 1711 1859 ἀρρήτων
1748 1788 1959 1858 μύστης

2069 685 2274 741 εσεοιί.
2321 685 2367 742 0
2407 701 2519 742 rem
2546 689 2882 744 mirandam!
2939 689 3222 745 reformati
3281 705 3347 747 ac
3393 691 3565 748 relicti
3589 695 3658 748 ad

2069 775 2272 846 aliquid
2316 778 2576 843 divinius,
2644 789 2848 848 potenti
2886 782 3104 837 virtutis
3144 799 3209 838 ac
3266 785 3457 854 gratim
3511 787 3657 855 apud

2069 870 2219 941 ipsos
2237 871 2540 928 habitantis
2565 874 2776 928 dextra.
2800 873 2863 929 Et
2887 884 3006 942 post
3032 885 3261 931 mortem
3291 881 3655 946 quorumdam

2066 969 2123 1016 et
2153 971 2339 1016 sancta
2371 977 2597 1031 corpora
2629 964 3027 1043 indissolubilia
3057 967 3168 1023 visa
3195 977 3346 1032 sunt,
3367 969 3656 1027 manifeste

2067 1067 2213 1116 cam,
2247 1068 2370 1118 quae
2399 1057 2544 1124 apud
2571 1055 2721 1125 ipsos
2749 1057 3029 1113 habitabat
3068 1067 3121 1112 et
3144 1060 3288 1129 apud
3326 1075 3519 1116 omnes
3541 1062 3657 1117 sin-

2072 1155 2202 1201 cere
2235 1147 2442 1210 fideles,
2476 1150 2953 1217 supernaturalem
2995 1151 3227 1222 gratiam
3289 1153 3656 1223 virtutemque

2069 1239 2349 1293 testantia.
2376 1239 2471 1295 Est
2497 1251 2617 1308 post
2635 1257 2982 1298 communem
3004 1255 3058 1300 et
3077 1245 3438 1301 universalem
3469 1262 3654 1302 resur-

2066 1331 2394 1398 rectionem,
2433 1349 2530 1404 pcr
2561 1335 2812 1390 eamdem
2848 1336 2995 1390 illam
3033 1337 3084 1390 in
3121 1337 3317 1408 spiritu
3361 1339 3652 1408 splenden-

2064 1427 2173 1476 tem
2207 1423 2487 1488 virtutem,
2521 1434 2781 1495 tanquam
2819 1429 2933 1482 alas
2960 1428 3404 1498 acquisivissent,
3431 1429 3653 1500 rapien-

2067 1522 2156 1567 tur
2187 1514 2241 1568 in
2282 1517 2518 1571 nubibus
2553 1515 2605 1570 in
2632 1533 2923 1572 occursum
2965 1519 3206 1586 Domini,
3239 1530 3296 1574 ut
3319 1519 3396 1574 ait
3417 1533 3649 1576 arcano-

2063 1623 2184 1661 rum
2227 1607 2443 1673 doctor,
2485 1610 2867 1664 diviniSsitnus
2894 1611 3136 1665 Paulus:
3166 1629 3185 1662 ι
3225 1611 3290 1665 Ει
3318 1611 3398 1666 sic
3430 1625 3651 1682 semper

2062 1712 2187 1750 cum
2223 1697 2451 1752 Domino
2481 1710 2644 1754 erunt
2670 1702 2737 1755 ".
2771 1719 2790 1752 ι
2821 1702 2902 1756 Ad
2930 1701 3066 1769 haec,
3103 1710 3158 1758 et
3188 1701 3488 1772 inspiratus
3547 1709 3653 1758 ila-

2061 1787 2148 1840 vid
2177 1787 2398 1856 psallit:
2428 1806 2448 1840 ι
2476 1789 2724 1856 Domine,
2763 1791 2816 1846 in
2843 1792 3056 1846 lumine
3086 1793 3269 1848 vultus
3295 1796 3370 1848 tui
3401 1793 3653 1848 ambula-

380 1869 657 1932 θειότατος
704 1872 966 1936 Παῦλος·
1033 1893 1050 1926 ι
1095 1877 1203 1929 Καὶ
1245 1877 1390 1931 οὕτω
1449 1880 1684 1933 πάντοτε
1736 1881 1834 1936 σὺν
1882 1881 1958 1953 τῷ

2059 1853 2291 1943 bunt,et
2315 1881 2366 1934 in
2399 1883 2620 1937 nomine
2643 1892 2736 1937 tuo
2768 1885 3126 1940 exsultabunt
3159 1895 3274 1940 tota
3305 1885 3416 1951 die,
3453 1902 3650 1957 nempe
3677 1903 3684 1911 ·

380 1959 569 2032 Κυρίῳ
611 1962 846 2018 ἔσονται.
891 1984 910 2018 ι
950 1966 1090 2034 Πρὸς
1131 1967 1196 2039 δὴ
1220 1969 1427 2037 ταῦτα,
1462 1971 1556 2024 καὶ
1588 1971 1618 2022 6
1648 1988 1959 2039 πνευματο-

375 2049 611 2121 φθόγγος
664 2052 856 2121 ψάλλει
916 2055 1078 2108 Δαϐἱδ
1109 2073 1122 2088 ⁸
1165 2076 1184 2109 ι
1224 2059 1423 2129 Κύριε,
1460 2063 1519 2115 ἐν
1571 2063 1650 2136 τῷ
1703 2069 1842 2136 φωτὶ
1871 2069 1964 2124 τοῦ

379 2143 675 2213 προσώπου
708 2162 800 2198 σου
834 2148 1216 2216 πορεύσονται,
1272 2154 1364 2206 καὶ
1396 2156 1454 2209 ἐν
1477 2154 1556 2225 τῷ
1597 2157 1821 2228 ὀνόματί
1871 2179 1964 2217 σου

379 2234 795 2301 ἁγαλλιάσονται
819 2237 947 2308 ὃλην
976 2240 1075 2311 τὴν
1104 2243 1340 2313 ἡμέραν,
1368 2244 1571 2318 δηλαδὴ
1593 2249 1693 2320 τὴν
1721 2251 1962 2320 αἰώνιον,

381 2329 476 2382 καὶ
509 2330 567 2382 ἐν
589 2333 650 2401 τῇ
685 2332 1002 2406 δικαιοσύνῃ
1028 2353 1122 2389 σου
1156 2337 1551 2409 ὑψωθήσονται,
1584 2344 1666 2398 ὅτι
1696 2348 1963 2420 καύχημα

379 2419 475 2488 τῆς
503 2420 780 2492 δυνάμεως
809 2425 991 2479 αὑτῶν
1024 2427 1090 2480 σὺ
1125 2425 1192 2482 εἴ.
1230 2449 1250 2481 ι
1291 2433 1428 2499 Kal,
1471 2453 1489 2486 ι
1538 2433 1626 2488 Ἐν
1654 2439 1719 2508 τῇ
1745 2419 1966 2514 εὐδοκία

379 2530 472 2568 σου
509 2515 856 2587 ὑψωθήσεται
899 2520 962 2574 τὸ
987 2522 1154 2593 κέρας
1188 2525 1372 2594 ἡμῶν.
1414 2545 1432 2579 ι
1469 2530 1580 2584 Kal
1624 2527 1804 2597 αὖθις·
1843 2551 1864 2587 ι
1897 2537 1966 2590 0t

375 2606 470 2660 τοῦ
515 2608 652 2662 Θεοῦ
698 2613 975 2681 κραταιοὶ,
1019 2614 1121 2685 τῆς
1175 2618 1278 2686 γῆς
1307 2620 1512 2690 σφόδρα
1551 2624 1895 2696 ἐπήρθησαν.
1937 2647 1956 2680 ι

378 2700 491 2753 Καὶ
519 2703 548 2755 6
574 2704 1090 2776 μεγαλοφωνότατος
1114 2709 1170 2764 δέ
1210 2710 1438 2776 Ἡσαΐας
1463 2714 1606 2770 οὕτω
1629 2717 1960 2790 διαγορεύει·

380 2810 401 2844 ι
438 2794 501 2848 Οί
548 2794 919 2866 ὑπομένοντες
947 2799 1040 2853 τὸν
1069 2799 1295 2872 Κύριον,
1337 2809 1806 2879 πτεροφυήσουσιν
1827 2828 1841 2842 ·
1872 2811 1964 2864 ἀλ-

374 2883 637 2950 λάξουσιν
685 2887 836 2957 ίσχὺν
888 2888 1090 2946 αὑτῶν.
1135 2909 1155 2943 ι
1208 2891 1320 2946 Kal
1369 2895 1398 2946 6
1449 2894 1604 2963 ἅγιος
1655 2887 1970 2969 Μακάριος,

379 2995 402 3031 ι
441 2980 597 3033 Πᾶσα
628 2979 774 3051 ψυχὴ
805 2981 838 3051 ἡ
871 2980 958 3035 διὰ
989 2983 1246 3048 πίστεως,
1275 2987 1370 3040 xal
1400 2988 1590 3042 πασῶν
1620 2989 1728 3043 τῶν
1753 2991 1965 3061 ἀρετῶν

374 3071 632 3140 σπουδῆς,
682 3072 906 3138 τελείως
948 3075 1039 3130 τὸν
1079 3077 1313 3148 Χριστὸν
1347 3080 1678 3137 ἐνδύσασθαι
1709 3086 1963 3142 ἐντεῦθεν

2059 1969 2113 2025 in
2146 1983 2439 2038 aeternum,
2467 1982 2522 2028 et
2562 1974 2616 2028 in
2651 1975 2867 2043 justitia
2903 1987 2995 2031 tua
3057 1977 3466 2044 exaltabuntur,
3503 1994 3648 2049 quo-

2059 2064 2204 2117 niam
2232 2066 2405 2136 gloria
2438 2066 2657 2123 virtutis
2694 2084 2886 2124 eorum
2917 2080 2972 2124 tu
2999 2086 3059 2126 es
3082 2070 3150 2123 ".
3184 2089 3202 2122 ι
3231 2072 3293 2128 Et
3321 2089 3335 2125 :
3368 2090 3387 2123 ι
3415 2069 3472 2125 lu
3503 2073 3646 2128 bona

2056 2155 2338 2212 voluntate
2368 2167 2461 2213 tua
2485 2161 2816 2216 exaltabitur
2847 2178 3018 2218 cornu
3055 2179 3243 2218 eorum
3274 2164 3341 2218 ⁷⁸.
3381 2182 3400 2216 ι
3428 2163 3492 2218 Et
3525 2179 3647 2218 rur-

2059 2261 2181 2303 sum
2216 2266 2230 2303 :
2282 2267 2300 2300 ι
2342 2248 2671 2308 Fortes-Dei
2725 2268 2756 2308 e
2821 2263 2964 2310 terra
3028 2255 3390 2310 elevabuntur
3418 2257 3487 2311 ".
3521 2275 3542 2308 ι
3580 2257 3646 2312 Et

2058 2338 2308 2393 sublimis
2361 2340 2452 2394 ille
2486 2342 2655 2398 isaias
2718 2343 2792 2398 ita
2843 2345 3130 2415 loquitur:
3175 2364 3194 2397 ι
3234 2345 3338 2413 Qui
3373 2351 3647 2403 sustinent

2058 2433 2375 2499 Dominum,
2410 2449 2616 2503 pennas
2649 2439 2953 2505 producent
2983 2454 2998 2490 :
3035 2445 3424 2508 permutabunt
3468 2442 3642 2496 virtu-

2057 2534 2163 2580 tem
2196 2540 2350 2581 suatn
2385 2527 2484 2582 ⁸⁰.ι
2527 2527 2590 2582 Et
2629 2540 2854 2585 sanctus
2891 2532 3162 2587 Macarius
3193 2549 3208 2587 :
3234 2551 3252 2585 ι
3284 2531 3476 2590 Omnis
3524 2536 3643 2589 ani-

2055 2633 2142 2672 ma
2183 2635 2305 2690 qua:
2349 2635 2442 2689 per
2472 2621 2629 2677 fidem
2667 2632 2720 2676 et
2767 2627 3014 2679 omnium
3068 2626 3332 2682 virtutum
3389 2628 3639 2684 ardorem

2052 2709 2296 2779 perfecte
2331 2710 2610 2766 Christum
2651 2714 2879 2768 induere
2911 2716 2964 2770 in
3005 2717 3208 2773 virtute
3241 2735 3304 2774 ac
3352 2719 3456 2776 fide
3478 2723 3641 2792 digna

2051 2813 2135 2858 est
2158 2801 2370 2868 effecta,
2402 2815 2455 2859 el
2488 2807 2694 2861 caelesti
2731 2809 3164 2880 incorruptibilis
3190 2812 3444 2883 imaginis
3476 2813 3644 2869 lumi-

2053 2894 2110 2949 nl
2178 2895 2330 2950 unita
2397 2909 2502 2964 est,
2545 2891 2850 2955 caelestium
2895 2906 3277 2975 mysteriorum
3346 2908 3634 2962 scientiam

2052 2985 2490 3046 substantialiter
2543 2994 2791 3064 accipere
2848 3006 3112 3063 meretur,
3148 2999 3202 3053 in
3255 3000 3344 3054 illa
3384 3015 3638 3055 resurre-

2050 3081 2252 3136 ctionis
2275 3083 2379 3146 die,
2417 3084 2627 3141 caelesti
2660 3087 2748 3142 illa
2785 3089 2968 3159 gloria;
3006 3091 3242 3162 imagine
3285 3107 3410 3146 cum
3451 3094 3632 3147 anima

375 3165 433 3216 ἐν
461 3163 712 3234 δυνάμει,
765 3168 863 3220 καὶ
910 3167 1258 3244 πληροφορίᾳ
1285 3171 1708 3243 καταξιωθεῖσα,
1755 3180 1850 3233 καὶ
1885 3180 1958 3249 τῷ

2056 3170 2526 3241 conglorillcatum
2556 3190 2781 3247 corpus,
2803 3189 2857 3234 et
2884 3179 2938 3233 in
2973 3181 3146 3236 ccelos
3172 3197 3203 3236 a
3229 3191 3423 3237 sancto
3455 3180 3633 3253 Spiri-

375 3255 685 3328 ἐπουρανίῳ
729 3257 831 3327 τῆς
888 3259 1172 3331 ἀφθάρτου
1221 3264 1434 3328 εἰκόνος
1488 3269 1629 3336 φωτὶ
1674 3271 1958 3340 ἐνωθεῖσα,

2055 3271 2136 3328 ιιι,
2170 3272 2228 3318 ιιι
2254 3265 2519 3337 scriptum
2552 3278 2657 3334 est,
2689 3280 2903 3340 raptum
2928 3271 2983 3327 in
3049 3288 3343 3329 occursum
3393 3275 3636 3338 Domini,

377 3347 692 3417 μυστηρίων
723 3348 991 3419 οὑρανίων
1018 3349 1221 3419 γνῶσιν
1248 3355 1305 3406 ἐν
1335 3353 1633 3413 ὑποστάσει
1661 3359 1958 3430 λαμϐάνειν

2056 3356 2105 3410 ἱιι
2148 3372 2297 3423 aera,
2327 3369 2382 3413 et
2411 3361 2631 3430 dignunt
2660 3362 2916 3418 effectum
2953 3375 3009 3419 ut
3028 3367 3397 3422 conformetur
3416 3370 3637 3440 corpori

375 3435 606 3489 πάντοτε
636 3437 1013 3503 καταξιοῢται.
1058 3441 1148 3495 Ἐν
1178 3442 1236 3496 δὲ
1274 3445 1338 3513 τῇ
1371 3445 1555 3518 ἡμέρᾳ
1585 3449 1682 3520 τῆς
1719 3449 1958 3505 ἀναστά-

2056 3449 2240 3520 gloriae
2260 3451 2404 3522 ejus,
2443 3455 2496 3507 iit
2522 3456 2721 3530 saecula
2747 3473 2868 3510 cum
2899 3459 3082 3514 anima
3107 3461 3486 3533 couregnabit.
3514 3480 3537 3518 ι

378 3579 541 3631 σεως,
574 3569 641 3639 τῇ
678 3569 818 3675 αὑτῇ
855 3566 1170 3646 ἐπουρανίῳ
1199 3579 1303 3651 τῆς
1323 3581 1481 3653 δόξης
1505 3584 1704 3653 είκόνι,
1732 3585 1794 3640 τὺ
1819 3588 1982 3660 σῶμα
2013 3593 2081 3664 τῇ
2107 3591 2252 3675 ψυχῇ
2285 3593 2667 3662 συνδοξασθδν,
2698 3595 2794 3650 καὶ
2826 3583 3200 3670 είςοὺρανοὺς
3221 3601 3327 3656 ὑπὸ
3350 3604 3446 3658 τοῦ
3468 3605 3641 3659 πνεύ-

376 3675 567 3772 ματος,
594 3665 738 3772 κατά
765 3667 832 3722 τὸ
858 3675 1281 3744 γεγραμμένον,
1314 3677 1569 3747 άρπαγέν
1590 3680 1672 3743 είς
1692 3679 2006 3753 ἀπάντησιν
2031 3687 2123 3740 τοῦ
2150 3665 2382 3757 Κυρίου,
2413 3689 2494 3753 είς
2516 3689 2657 3759 ἀέρα
2680 3705 2695 3720 ’
2720 3675 2814 3744 καὶ
2841 3665 3170 3764 σύμμορφον
3187 3696 3266 3768 τῷ
3299 3699 3512 3770 σώματι
3535 3704 3636 3772 τῆς

371 3750 536 3824 δόξης
573 3758 742 3814 αὑτοῦ
777 3763 1038 3830 γενέσθαι
1073 3766 1443 3834 καταξιωθέν,
1476 3771 1559 3834 ei;
1589 3772 1796 3836 αἰῶνας
1825 3750 1941 3829 alta
1967 3777 2113 3853 ψυχῇ
2146 3750 2253 3833 καὶ.
2273 3750 2489 3855 σώματι
2518 3750 3093 3839 συμϐασιλεύσουσιν..
3112 3804 3134 3839 ι

773 3893 974 3963 Ἑτέρα
1001 3898 1552 3980 ἀνακεφαλαίωσις.

445 4028 562 4118 ις’.
601 4027 823 4084 Τούτων
859 4032 969 4085 τῶν
1018 4038 1242 4101 καινῶν,
1278 4044 1373 4095 καὶ
1401 4043 1542 4115 ὑπὲρ
1575 4045 1735 4116 λόγον
1760 4047 1956 4118 λόγων,

375 4116 542 4212 ἀρχὴ,
581 4121 678 4172 καὶ
706 4124 1021 4196 γεννήτρια,
1059 4129 1090 4198 ἡ
1137 4137 1688 4204 προμνημονευθεῖσα
1730 4143 1788 4194 ἐν
1818 4116 1955 4212 ἀμε-

375 4210 565 4304 ρι-μνίᾳ
594 4213 776 4304 eum,
823 4218 1053 4288 ἡσυχία,
1099 4227 1344 4297 προσοχή
1396 4244 1457 4280 τε
1507 4230 1603 4283 καὶ
1656 4210 1954 4304 προσευχὴ,

371 4300 601 4397 βάθρον-
620 4300 733 4359 οἶόν
782 4326 898 4373 πως
947 4311 1201 4384 βεϐηκὸς,
1244 4320 1338 4371 καὶ
1381 4318 1605 4386 ἔπαλξιν
1647 4300 1956 4397 ἀπόρθητον

371 4391 704 4449 πλουτοῦσαι
725 4414 739 4430 ο
776 4398 880 4470 τὴν
912 4405 1058 4455 κατά
1080 4404 1310 4477 δύναμιν
1331 4411 1525 4467 πασῶν
1552 4414 1662 4468 τῶν
1693 4415 1960 4472 θεοποιῶν

369 4484 597 4538 ἐντολῶν
624 4489 997 4561 ἐκπλήρωσιν.
1042 4495 1136 4550 Ἐκ
1167 4498 1224 4552 δὲ
1250 4501 1354 4571 τῆς
1387 4503 1724 4577 ἀμεριμνίας
1755 4512 1956 4580 φαμὲν,

368 4578 619 4677 ἡσυχίας,
653 4586 929 4656 προσοχῆς
957 4604 1039 4655 τε,
1071 4590 1169 4643 καὶ
1203 4597 1537 4667 προσευχῆς,
1571 4600 1605 4671 ἡ
1647 4602 1708 4653 ἐν
1759 4578 1958 4677 καρδίᾳ

368 4669 582 4766 κίνησις
629 4675 724 4736 καὶ
770 4676 972 4749 θέρμη,
1018 4683 1054 4750 ἡ
1097 4682 1165 4735 τὰ
1202 4685 1372 4758 πάθη,
1413 4690 1509 4742 καὶ
1537 4669 1663 4754 τοὺς
1693 4669 1958 4766 δαίμονας

367 4761 782 4860 φλέγουσαηκαὶ
807 4770 907 4842 τὴν
931 4774 1160 4845 καρδίαν
1186 4777 1258 4842 ὡς
1285 4781 1344 4831 ἐν
1371 4783 1573 4855 χωνείᾳ
1595 4761 1954 4860 καθαίρουσα·

369 4852 465 4949 καί
492 4856 556 4908 ἐκ
585 4856 815 4930 ταύτης,
863 4863 893 4915 6
926 4863 1066 4935 πρὸς
1093 4865 1187 4920 τὸν
1222 4868 1426 4939 Κύριον
1476 4852 1689 4944 Ἰησοῦν
1718 4852 1955 4949 Χριστὸν

367 4944 556 5044 πάθος,
581 4950 678 5044 καὶ
699 4949 939 5022 ἄληκτος
980 4955 1141 5028 ἔρως.
1185 4960 1279 5013 Ἐκ
1305 4961 1369 5034 δὴ
1399 4965 1611 5031 τούτου,
1648 4969 1682 5039 ἡ
1711 4944 1954 5044 γλυκερά

362 5035 474 5129 τῶν
522 5041 837 5110 καρδιακῶν
869 5046 1123 5118 δακρύων
1149 5052 1383 5125 ἐπιρροὴ
1412 5035 1733 5129 κρουνηδδν,
1775 5062 1844 5116 δι’
1877 5035 1952 5119 ῶν

362 5127 590 5228 ἡψυχὴ,
619 5134 714 5187 καὶ
754 5135 1045 5228 Δτδσῶμα,
1076 5140 1152 5208 ὡς
1189 5143 1448 5219 ὑσσώπῳ,
1475 5153 1540 5222 τῇ
1573 5127 1850 5226 μετανοίᾳ,
1881 5159 1948 5228 τῇ

363 5216 558 5292 ἀγάπη
583 5226 644 5275 ’τε
680 5225 776 5279 καὶ
803 5227 1148 5304 εὐχαριστίᾳ,
1179 5234 1274 5287 καὶ
1309 5216 1716 5310 ἐξομολογήσει,
1750 5216 1950 5300 uallat:

365 5325 519 5410 ρεται
543 5316 638 5369 καὶ
664 5318 964 5376 πιαίνεται.
1008 5323 1104 5378 Ἐκ
1143 5325 1201 5379 δὲ
1230 5327 1458 5397 τούτων,
1493 5334 1526 5403 ἡ
1553 5335 1796 5408 γαλήνηο
1824 5339 1858 5410 ἡ
1889 5357 1949 5395 τε

361 5401 553 5493 εἰρήνη
581 5406 690 5461 τῶν
717 5407 1018 5482 λογισμῶν,
1045 5411 1114 5488 ἦς
1141 5419 1294 5472 οὐδὲν
1321 5422 1488 5493 ὅριον,
1616 5401 1795 5485 πάντά
1820 5401 1949 5489 νοῦν

254 5563 256 5565 η
359 5491 728 5590 ὑπερέχουσα.
777 5501 872 5554 Ἐκ
895 5503 954 5557 δέ
982 5505 1209 5573 τούτων,
1243 5511 1278 5580 ἡ
1320 5491 1828 5590 χιονοφεγγόφωτος
1857 5523 1948 5578 ἕλ-

359 5582 718 5685 λαμιξιςο-καὶ
744 5591 975 5685 τέλος,ἡ
1004 5598 1148 5652 κατά
1183 5582 1470 5674 ἄνθρωπον
1504 5582 1741 5664 ἀπάθεια
1761 5631 1776 5644 ο
1883 5631 1944 5670 τε

357 5671 455 5741 τῆς
483 5674 662 5749 ψυχῆς
685 5680 792 5752 πρὸ
815 5683 908 5736 τοῦ
958 5685 1206 5758 σώματος
1229 5671 1606 5762 ἐξανάστασις,
1639 5701 1734 5761 καὶ
1755 5705 1789 5774 ἡ
1812 5671 1948 5777 πρὸς

431 5868 475 5898 τι
506 5869 521 5922 ι
563 5867 758 5926 Thess.
785 5885 858 5942 tv,
893 5870 981 5929 l6.
1080 5875 1127 5909 "
1155 5875 1304 5933 Psal.
1340 5893 1606 5952 Lxxxvttt,
1639 5885 1722 5955 l7,
1761 5885 1845 5942 18.

1951 5889 1998 5921 ⁷⁸
2030 5889 2162 5948 ibid.
2244 5892 2286 5924 "‘
2342 5891 2490 5947 Psztl.
2543 5909 2686 5962 snt,
2747 5894 2830 5950 10.

2549 3907 2675 3961 Alia
2702 3905 3103 3976 recapitulatt'o.

2121 4039 2216 4096 96.
2248 4032 2456 4094 Harum
2482 4054 2745 4093 novarum
2768 4047 2823 4092 et
2871 4054 3036 4110 supra
3070 4039 3335 4095 rationem
3359 4039 3635 4096 rationum

2049 4133 2379 4205 principium
2415 4148 2477 4187 ac
2511 4135 2800 4201 generatio
2859 4143 2944 4188 est
3000 4134 3154 4204 prius
3216 4143 3517 4191 memorata
3579 4137 3635 4192 in

2050 4229 2200 4284 omni
2241 4228 2538 4282 securitate
2569 4227 2938 4298 tranquillitas
2967 4239 3024 4284 et
3047 4231 3280 4284 attentio
3309 4239 3365 4285 et
3431 4230 3631 4298 Oratio,

2050 4321 2464 4376 fundamentum
2510 4320 2746 4375 solidum
2784 4327 2841 4376 et
2905 4324 3330 4389 munimentum,
3388 4325 3637 4380 omnium

2048 4413 2361 4469 divinorum
2398 4412 2782 4468 mandatorum
2812 4427 2911 4484 pro
2940 4415 3152 4471 viribus
3186 4417 3636 4486 adimpletionetn

2049 4505 2411 4575 possidentes.
2439 4505 2516 4558 Ex
2549 4505 2652 4559 hae
2706 4520 2871 4575 porro
2939 4506 3263 4571 securitate,
3325 4509 3639 4579 tranquilli-

2049 4607 2178 4665 tate,
2200 4599 2530 4661 attentione,
2563 4597 2833 4662 oratione,
2862 4596 2920 4651 tit
2944 4599 2998 4651 in
3019 4599 3186 4652 corde
3213 4609 3392 4656 motus
3418 4610 3473 4655 et
3512 4601 3624 4657 fer-

2049 4707 2149 4748 vor
2179 4691 2272 4760 qui
2301 4691 2529 4746 affectus
2554 4700 2607 4744 et
2635 4689 2910 4746 daemones
2935 4690 3138 4754 adurit,
3164 4701 3218 4746 et
3235 4707 3354 4760 eor,
3375 4704 3636 4765 tanquam

2049 4783 2104 4837 itt
2134 4783 2381 4848 fornace,
2445 4781 2715 4851 purificat.
2742 4779 2808 4834 Et
2831 4796 2897 4834 ex
2916 4783 3019 4836 hoc
3046 4783 3240 4838 ardore
3297 4786 3548 4855 sequitur
3569 4787 3639 4844 ad

2051 4874 2344 4930 Dominum
2369 4872 2558 4930 Jesum
2592 4875 2875 4929 Christum
2912 4874 3252 4930 desiderium
3308 4887 3364 4933 et
3399 4879 3642 4938 indefes-

2047 4983 2145 5024 sus
2176 4983 2370 5026 amor:
2399 4983 2464 5022 ex
2491 4967 2818 5036 quo.dulces
2852 4970 3033 5024 cordis
3065 4971 3319 5042 lacrymae
3349 4975 3639 5030 abundan-

2050 5072 2133 5119 ter
2163 5061 2362 5128 ﬂuunt,
2389 5077 2486 5132 per
2511 5076 2651 5129 quas
2678 5063 2861 5116 anima
2895 5071 2951 5116 et
2975 5079 3200 5133 corpus,
3228 5081 3293 5118 ex
3315 5067 3636 5135 paenitentia

2048 5163 2309 5224 tanquam
2331 5169 2397 5208 ex
2422 5154 2676 5225 hyssopo,
2736 5155 3000 5208 charitate
3027 5157 3394 5224 etgratiarum
3423 5159 3640 5214 actione

2051 5255 2107 5302 et
2141 5245 2808 5302 confessionemundatur
2827 5255 2883 5301 et
2904 5247 3209 5316 saginatur.
3245 5247 3323 5302 Ex
3355 5249 3456 5316 bis,
3478 5251 3636 5320 quies

2051 5347 2106 5396 et
2136 5354 2242 5410 pax
2293 5337 2741 5408 cogitationum,-
2781 5338 2944 5406 cujus
3007 5355 3115 5394 non
3178 5351 3262 5395 est
3321 5341 3632 5408 terminus;

2050 5432 2249 5503 quippe
2287 5444 2410 5501 qua
2440 5439 2677 5484 mentem
2706 5445 2924 5486 omnem
2952 5445 3197 5501 superat.
3237 5433 3310 5487 Ex
3365 5435 3448 5487 his
3477 5450 3633 5497 vero,

2052 5526 2212 5580 niveo
2274 5524 2566 5593 splendore
2628 5523 2984 5586 illuminatio,
3044 5539 3109 5578 ac
3157 5523 3408 5589 demum,
3458 5540 3641 5594 quau-

2054 5625 2174 5671 tum
2217 5616 2270 5670 in
2303 5614 2525 5671 homine
2554 5625 2733 5685 potest
2766 5615 2908 5680 fieri,
2941 5615 3186 5686 apathia,
3251 5627 3306 5671 et
3336 5617 3532 5671 animae
3553 5633 3642 5674 το-

2057 5708 2354 5771 surreetio,
2395 5719 2521 5762 ante
2560 5708 2812 5777 corporis
2851 5709 3338 5774 resurrectionem,
3366 5708 3434 5763 ad
3470 5709 3636 5782 hujus

2938 5893 2983 5926 ⁸⁰
3037 5896 3142 5955 lsa.
3208 5911 3294 5964 xc,
3360 5899 3450 5952 51.
