2029 3221
230 176 282 206 8³7

656 172 832 204 CALLISTI
849 172 898 202 ET
920 173 957 203 IG
964 173 1074 204 NATII
1086 174 1190 206 XANT
1199 176 1439 206 HOPULUHUM

1810 184 1861 216 N8

230 231 391 266 posterioris
418 230 564 265 imaginem
596 237 630 258 ac
657 230 889 269 similitudinem;
923 235 950 257 et
977 237 1023 264 per

1059 230 1101 259 ,τὸ
1114 231 1174 258 κατ’
1185 232 1288 267 είκόνα,
1309 235 1356 261 καὶ
1379 234 1441 261 καθ’
1464 235 1595 271 ὁμοίωσιν
1605 244 1613 253 ·
1628 236 1672 264 διὰ
1688 238 1812 273 πράξεώς
1826 248 1854 266 τε

227 283 306 304 actus
323 280 351 303 et
374 275 646 310 contemplationem,
674 283 724 310 per
752 276 831 303 [idem
847 283 879 303 ac
906 283 983 310 spem
995 280 1023 303 et

227 322 390 349 charitatem
408 320 568 348 reformatio
581 328 613 348 ac
625 321 785 349 conversio.
808 322 849 348 Ad
874 320 960 348 Deum
978 321 1023 348 di-

229 368 314 396 rectio
328 376 360 396 ac
376 368 443 396 unio
462 368 618 395 immediata
634 375 698 394 cum
714 367 771 400 illo,
788 367 917 400 exstasis,
931 375 1023 395 cessa-

228 414 277 447 tio,
291 415 369 449 quies
385 414 516 449 perfecta,
534 414 663 448 praesenti
676 414 787 449 quidem
802 419 927 448 tempore
954 418 1001 441 tan

227 467 310 494 quam
331 459 357 486 in
375 459 486 495 speculo
503 464 530 487 ct
547 459 574 486 in
593 459 738 495 aenigmate
751 463 778 486 et
802 458 829 486 in
848 459 960 494 pignore
973 467 980 491 ;
993 458 1021 486 in

228 505 319 532 futuro
337 509 441 538 autem,
458 504 527 532 facie
540 504 574 532 ad
606 505 702 532 faciem
728 505 807 536 visio.
838 509 865 532 et
899 505 1020 540 perfecta

228 550 274 578 Dei
293 551 442 586 possessio.
457 555 486 578 et
500 556 600 578 atem:
617 551 676 586 ejus
704 550 809 578 fruitio.

228 617 304 650 Quod
320 624 422 646 rectae!
437 627 498 646 vera
514 625 539 646 et
553 628 569 646 a
585 619 712 646 Pluribus
728 619 826 646 tradita
836 623 859 645 et
877 619 1020 646 secundum

265 655 347 680 Deum
365 655 419 681 vita
438 659 478 681 est
490 654 675 689 tranquillitas
688 661 721 681 η
734 655 901 687 obedientia;
919 662 977 689 qua
993 660 1019 681 et

262 689 410 750 in‘Christa
426 690 581 717 abscondita
590 690 647 717 vita
662 689 777 725 legitime
786 698 802 716 a
816 692 916 717 sanctis
925 694 1017 716 uocata

262 732 288 750 es
304 743 311 750 .

260 822 372 853 97.Ilzec
385 827 428 850 est
442 824 486 851 via
500 828 527 851 et
553 824 710 852 secundum
740 825 826 853 Deum
862 826 1016 861 spiritualis

1066 277 1115 304 καὶ
1138 278 1266 314 θεωρίας,
1289 280 1408 313 πίστεώς
1422 289 1452 307 τε
1476 282 1524 308 καὶ
1536 282 1654 316 ἐλπίδος,
1670 284 1719 310 καὶ
1735 284 1853 319 ἀγάπης,

1066 323 1261 359 ἁναμόρφωσις
1288 327 1335 353 καὶ
1358 327 1498 360 ἐπάνοδος.
1515 328 1551 355 Ἦ
1570 337 1600 355 τε
1615 329 1684 365 πρὸς
1699 329 1765 357 Θεδν
1779 330 1855 366 ὑλικὴ

1066 370 1211 404 ἁνάτασις,
1235 372 1282 398 καὶ
1306 372 1408 408 ἄμεσος
1436 373 1555 406 ἓνωσις,
1585 374 1714 407 ἔκστασις
1737 383 1781 407 τε,
1808 376 1855 402 καὶ

1067 415 1168 449 παῦλα,
1183 417 1231 443 καὶ
1247 418 1352 451 στάσις,
1370 420 1439 446 κατὰ
1455 419 1507 453 μὲν
1521 420 1552 446 τὸ
1567 421 1666 456 παρὸν,
1682 421 1720 453 ὡς
1734 422 1750 457 ἡ
1767 422 1797 448 ὲν
1811 422 1855 448 ἐσ-

1065 461 1170 497 όπτρῳ,
1182 462 1230 489 καὶ
1244 463 1273 489 ὲν
1288 465 1442 499 αἰνίγματι,
1456 466 1503 492 καὶ
1518 466 1670 501 ἀρραϐὦνι.
1686 466 1764 493 Κατὰ
1784 466 1811 493 δὲ
1825 467 1854 493 τὸ

1066 505 1174 541 μέλλον,
1201 508 1217 542 ὴ
1246 507 1315 543 πρὸς
1346 509 1491 544 πρόσωπον
1514 512 1669 546 πρόσωπον,
1696 512 1742 538 καὶ¹
1764 511 1855 540 τελεία

1063 552 1175 584 τελείως
1187 552 1235 579 τοῦ
1253 553 1322 580 Θεοῦ
1335 554 1454 589 μέθεξις,
1475 557 1523 583 καὶ
1538 557 1631 589 ἀῖδίως
1642 557 1801 591 ἀπόλαυσις.

1063 603 1128 628 Ὀτι
1140 603 1224 640 Δαὕτη
1242 603 1337 640 ὅντως
1348 603 1464 640 eat-iri}
1481 603 1633 640 ἀπλανὴς,
1654 604 1703 631 καὶ
1720 606 1847 640 ἀληθὴς,

1098 637 1147 674 grai
1163 637 1506 674 πατροπαράδοτοςηκαι
1521 640 1596 665 κατὰ
1613 641 1688 667 Θεὸν
1702 637 1847 674 πολιτεία,

1095 672 1239 712 δηλονότι
1253 673 1272 706 ἡ
1285 673 1319 705 ἐξ
1335 673 1475 712 ὑπακοῆς
1499 674 1635 712 ’ἡσυχίαν
1658 674 1724 712 ἣτις
1753 676 1801 712 καὶ
1813 672 1849 703 ἑτι

1096 708 1213 750 Χριστῷ
1239 709 1431 743 κεκρυμμέναι
1456 708 1524 743 ζωὴ,
1543 710 1664 743 εἰκότως
1676 710 1734 744 τοῖς
1753 711 1848 745 ἁγίοις

1097 750 1289 778 προσειρηται
1294 763 1301 770 .

1097 814 1149 848 ιιζν.
1165 814 1239 850 Αὕτη
1255 816 1272 850 ἡ
1285 816 1354 848 ὁδὸς,
1382 817 1429 843 καὶ
1451 817 1523 844 κατὰ
1536 817 1603 845 Θεὸν
1619 818 1700 854 νοερὰ
1717 817 1847 850 πολιτεία,

224 870 280 896 vita
294 874 322 897 et
331 877 406 897 sacra
421 871 544 904 operatio
562 878 626 899 vere
643 871 865 899 Christianorum
883 881 891 903 ;
910 881 973 900 vera
988 878 1016 901 et

1064 862 1110 888 ul.
1137 861 1197 897 ιερὰ
1215 862 1342 897 ἐργασία,
1359 862 1412 889 τῶν
1427 863 1466 898 τῷ
1481 863 1537 890 ὄντι
1553 863 1738 899 Χριστιανῶν·
1754 863 1850 899 ήὰλη-

224 920 297 941 recta
308 918 335 941 et
349 914 455 942 sincera
470 919 497 942 et
514 915 656 949 praeclara,
676 923 738 950 qua
755 916 783 943 in
810 915 922 944 Christo
952 917 1018 944 abs-

1061 907 1122 943 θὴς,
1146 908 1194 934 καὶ
1210 908 1345 944 ἀπλανὴς,
1359 909 1406 935 καὶ
1423 909 1578 944 ἁκίὸδηλος,
1592 909 1639 936 καί
1654 918 1686 943 γε
1701 909 1847 944 ἀριδήλως,

223 960 334 987 condita
350 961 403 986 vita
415 965 468 988 est.
496 960 562 987 Eam
594 962 704 996 quidem
732 962 840 997 aperuit
864 967 891 989 et
923 962 1017 990 docuit

1062 955 1126 989 ήὲν
1137 952 1248 989 Χριστῷ
1275 950 1455 986 κεκρυμμένη
1479 950 1547 985 ζωή.
1570 950 1678 985 Ταύτην
1706 950 1784 984 ἔτεμε
1794 950 1844 984 μὲν

224 1005 402 1033 Deus—Homo
412 1010 439 1033 et
452 995 630 1034 dulcissimus
644 1006 725 1035 Jesus
738 995 962 1043 {percurrerunt
973 1008 1017 1035 di-

1062 1000 1110 1026 καὶ
1137 996 1372 1034 ὲμυσταγώγησεν
1385 996 1398 1022 ὁ
1412 995 1597 1031 θεάνθρωπος,
1612 996 1659 1022 καὶ
1678 995 1844 1029 γλυκύτατος

222 1051 277 1077 vini
292 1051 430 1086 apostoli;
447 1059 517 1087 quos
533 1053 578 1079 alii
595 1053 683 1080 secuti
703 1041 778 1084 sunt»,
795 1054 914 1082 illustres
931 1054 1016 1081 nostri

1064 1045 1167 1080 Ἰησοῦς
1181 1053 1188 1059 ·
1211 1042 1359 1069 διώδευσαν
1372 1042 1396 1068 οἱ
1418 1041 1484 1068 θεῖοι
1511 1041 1675 1068 ἀπόστολοι·
1692 1041 1843 1077 ἐπηκολοῦ-

222 1096 304 1124 duces
321 1105 353 1125 ac
366 1097 488 1133 magistri
505 1106 512 1131 ;
528 1098 574 1133 qui
593 1099 628 1125 ab
652 1099 744 1131 initio,
769 1106 866 1134 nempe
881 1107 895 1126 a
927 1099 1016 1135 prima

1059 1091 1144 1126 θησαν
1156 1090 1196 1121 δὲ,
1211 1090 1236 1116 οἱ
1254 1089 1313 1124 μετ’
1343 1088 1454 1120 αὐτοὺς,
1482 1088 1574 1119 αὐτοῖς
1590 1088 1627 1119 ὡς
1648 1087 1690 1114 δεῖ
1706 1087 1843 1123 ἑπόμενοι,

221 1143 323 1171 Christi
338 1144 363 1170 in
379 1144 480 1171 mundo
496 1145 643 1179 praesentia
658 1149 686 1171 et
700 1152 789 1179 usque
803 1145 837 1172 ad
862 1134 935 1179 nos,
955 1150 1016 1172 tan-

1059 1138 1082 1163 oi
1096 1136 1198 1163 κλεινοὶ
1226 1135 1417 1170 καθηγεμόνες
1431 1134 1510 1169 ἡμῶν
1521 1135 1569 1161 καὶ
1584 1134 1749 1161 διδάσκαλοι·
1762 1134 1787 1160 oi
1797 1134 1844 1161 ἀπ’

221 1197 304 1224 quant
320 1190 464 1216 luminaria
482 1190 509 1217 in
527 1190 629 1218 mundo
655 1191 880 1225 splenduerunt;
910 1192 962 1219 vivi
972 1192 1015 1219 ﬁci

1059 1183 1157 1218 ἀρχῆς,
1186 1181 1272 1217 αὐτῆς
1298 1181 1331 1216 δὴ
1362 1181 1412 1216 τῆς
1437 1181 1485 1206 ἐπὶ
1510 1180 1562 1215 γῆς
1591 1179 1703 1215 πρώτης
1727 1179 1843 1215 Χριστοῦ

222 1235 358 1262 Sermonis
379 1235 486 1270 fulgore
499 1240 525 1262 et
545 1236 622 1263 miris
635 1237 693 1263 suis
710 1236 857 1271 operibus;
872 1239 919 1272 qui
930 1246 1016 1273 usque

1059 1229 1226 1265 παρουσίας,
1265 1229 1314 1255 καὶ
1334 1228 1417 1263 μέχρι
1438 1227 1559 1262 τήμερον
1588 1226 1625 1257 ὠ;
1651 1226 1792 1262 φωστῆρες
1814 1228 1843 1253 ὲν

221 1280 255 1307 ad
273 1287 323 1307 nos
339 1280 391 1307 hoc
401 1282 501 1307 hortum
523 1288 628 1314 semen,
640 1281 692 1309 hoc
709 1289 817 1310 sacrum
835 1283 1014 1318 fermentum,

1059 1278 1153 1312 κόσμῳ
1168 1275 1332 1311 λάμποντες,
1358 1275 1417 1305 ταῖς
1429 1274 1483 1300 τῶν
1504 1273 1617 1308 ζωηρῶν
1632 1274 1719 1306 λόγων
1736 1281 1844 1308 μαρμα-

222 1326 342 1353 radicem
359 1331 495 1358 sanctam,
510 1326 668 1355 inviolabile
688 1327 855 1362 depositum.
885 1331 1013 1365 gratiam,

1059 1323 1166 1358 ρυγαῖς,
1194 1322 1242 1348 καὶ
1268 1322 1328 1351 ταῖς
1351 1320 1404 1346 τῶν
1429 1319 1518 1355 ἔργων
1531 1319 1769 1354 παραδοξοποιίαις
1785 1327 1792 1333 ·
1818 1318 1843 1345 οἶ

222 1372 351 1398 virtutem
367 1379 401 1398 ex
415 1372 485 1402 alio,
503 1373 651 1406 pretiosam
678 1374 867 1408 margaritam,
892 1376 1012 1405 divinam

1059 1370 1104 1395 καὶ
1129 1369 1169 1399 εἰς
1186 1369 1248 1399 τοὺς
1264 1367 1325 1393 καθ’
1342 1367 1424 1402 ἡμᾶς,
1444 1367 1473 1392 τδ
1492 1365 1612 1391 τοιοῦτον
1626 1365 1707 1391 καλὸν
1725 1365 1842 1400 σπέρμα,

220 1417 313 1443 Patris
329 1418 527 1449 haereditatem,
550 1419 711 1445 thesaurum
735 1420 760 1446 in
779 1428 844 1454 agro
869 1422 1012 1450 abscondi-

221 1468 292 1494 tum,
310 1464 408 1498 pignus
427 1463 547 1498 Spiritus
577 1465 676 1498 sancti,
695 1466 799 1500 regium
828 1468 1009 1503 signaculum,

220 1509 354 1535 virentem
369 1514 395 1536 et
415 1511 609 1537 scaturientem
640 1518 737 1546 aquam
763 1512 885 1540 divinum
910 1514 1009 1548 ignem,

220 1555 379 1589 religiosum
396 1555 446 1587 sal,
464 1556 579 1589 donum,
596 1556 784 1590 signaculum,
800 1558 903 1591 lumen,
918 1560 963 1587 alii
976 1561 1008 1587 ad

220 1602 288 1629 ali05
306 1601 452 1635 tradidere,
468 1602 542 1637 quod
558 1606 585 1629 et
597 1603 649 1629 erit
666 1603 693 1629 in
706 1603 894 1631 hereditatem
905 1605 1008 1638 datum,

219 1652 247 1674 et
259 1655 307 1681 per
329 1648 523 1681 generationes
555 1649 670 1683 mystice
682 1649 855 1683 translatum,
874 1652 1011 1685 quoadus-

219 1700 272 1726 que
285 1694 405 1719 secundo
415 1693 540 1720 Christus
552 1694 578 1720 in
594 1698 665 1721 terra
681 1694 815 1723 videatur.
826 1695 884 1722 Non
896 1698 1010 1724 mendax

219 1742 262 1765 est
276 1738 349 1764 enim
362 1739 408 1773 qui
427 1738 495 1765 illud
512 1739 660 1773 promisit:
677 1748 686 1765 ‹
706 1740 777 1767 hcce
796 1748 846 1775 ego
863 1742 1007 1769 vobiscum

220 1792 278 1811 sum
292 1785 420 1812 omnibus
441 1785 539 1813 diebus
567 1793 652 1819 usque
676 1786 710 1813 ad
740 1790 1008 1816 consummationem

219 1830 311 1857 surculi
327 1831 361 1857 ⁸⁸.
380 1840 389 1857 ι
411 1831 508 1859 Amen.

1057 1419 1106 1451 τὴν
1119 1416 1194 1452 ἱερὰν
1225 1416 1325 1450 ζύμην,
1340 1416 1389 1449 τὴν
1401 1414 1528 1449 ἀπαρχὴν
1543 1414 1591 1448 τὴν
1608 1413 1700 1447 ἁγίαν,
1718 1413 1765 1448 τὴν
1777 1414 1842 1439 ἄσυ-

1058 1463 1103 1489 λον
1118 1461 1366 1498 παρακαταθήκην,
1389 1460 1437 1495 τὴν
1451 1460 1540 1494 χάριν,
1555 1459 1604 1494 τὴν
1619 1458 1649 1491 ἐξ
1671 1458 1753 1493 ὕψους
1766 1458 1841 1485 δύνα-

1059 1518 1116 1544 μιν,
1132 1510 1178 1535 τὸν
1204 1507 1353 1542 πολύτιμον
1377 1506 1562 1541 μαργαρίτην,
1583 1504 1628 1531 τὸν
1642 1505 1733 1531 ἔνθεον
1749 1512 1841 1539 πατρι-

1058 1556 1106 1582 κὺν
1120 1555 1229 1589 κλῆρον,
1246 1555 1291 1580 τὸν
1301 1555 1328 1579 ὲν
1346 1553 1385 1588 τῷ
1399 1552 1476 1587 ἀγρῴ
1491 1551 1682 1586 κεκρυμμένον
1698 1550 1841 1585 θησαυρὸν,

1057 1601 1102 1626 τὸν
1117 1599 1264 1635 ἀρραϐῶνα
1279 1598 1325 1624 τοῦ
1344 1597 1512 1632 Πνεὺματος,
1525 1597 1555 1622 τὺ
1570 1596 1707 1631 βασιλικὸν
1723 1596 1842 1631 σημεῖον,

1057 1647 1087 1673 τὸ
1106 1646 1160 1677 ζῶν
1190 1646 1238 1672 καὶ
1267 1645 1414 1679 ἁλλόμενον
1432 1643 1514 1678 ὕδωρ,
1535 1643 1564 1668 τὸ
1581 1643 1651 1669 θεῖον
1665 1642 1735 1677 πῦρ,
1755 1643 1786 1668 τὸ
1801 1650 1843 1667 σε-

1058 1693 1173 1727 δάσμιον
1208 1692 1287 1722 ἃλας,
1315 1690 1344 1716 τὸ
1356 1690 1489 1725 χάρισμα,
1499 1689 1528 1715 τὸ
1545 1689 1716 1723 σφράγισμα,
1737 1689 1766 1714 τὺ
1777 1687 1842 1722 φῶς,

1058 1739 1105 1765 xai.
1124 1738 1158 1764 τὰ
1173 1738 1253 1772 ὅμοια
1279 1737 1395 1769 τούτοις,
1410 1735 1477 1771 πρὸς
1510 1734 1642 1769 ἀλλήλους
1668 1733 1817 1760 διέδωκαν·
1829 1732 1842 1759 ὃ

1058 1784 1104 1810 καὶ
1120 1783 1196 1809 ἔσται
1213 1781 1471 1817 κληροδοτούμενον,
1488 1782 1535 1807 καὶ¹
1551 1780 1622 1806 κατὰ
1638 1779 1735 1814 γενεὰς
1745 1777 1843 1812 γενεῶν

1059 1829 1197 1864 μυστικῶς
1228 1828 1506 1863 διαπορθμευόμενον,
1533 1827 1596 1862 ἄχρι
1628 1826 1676 1853 καὶ
1699 1825 1784 1860 αὐτῆς
1795 1825 1844 1859 τῆς

220 1876 349 1909 δευτέρας
372 1876 451 1905 αὖθις
474 1875 520 1902 ἐπὶ
537 1875 590 1910 γῆς
613 1876 731 1911 Χριστοῦ
754 1875 917 1910 παρουσίας.
939 1873 1070 1909 ’Λψευδὴς
1086 1874 1141 1908 γὰρ
1164 1876 1178 1901 ὁ
1194 1876 1444 1910 ἐπαγγειλάμενος,
1461 1876 1503 1909 τὸ,
1523 1885 1533 1903 ‹
1556 1877 1611 1903 Καὶ
1630 1876 1686 1903 ίδοὺ
1711 1876 1767 1908 ἐγὼ
1787 1876 1848 1911 μεθ’

221 1921 298 1956 ὑμῶν
313 1923 371 1956 είμι
386 1924 477 1955 πάσας
492 1924 540 1955 τὰς
558 1925 674 1958 ἡμέρας,
688 1923 740 1954 ἕως
753 1923 805 1958 τῆς
824 1921 979 1953 συντελείας
991 1920 1040 1947 τοῦ
1052 1922 1162 1953 αἰῶνος.
1182 1922 1278 1957 Ἀμήν.
1303 1934 1313 1950 ι

221 1969 309 2003 Quod,
322 1968 371 1994 etsi
393 1967 446 1993 sint
465 1966 526 2003 alia:
541 1965 634 2003 salntis
648 1965 706 2003 vita.
718 1972 757 2003 _ea
772 1970 858 2003 tamen
868 1969 907 1991 est
922 1965 1009 1993 excel-

307 2004 402 2030 lentior
415 2007 438 2029 et
448 2002 538 2036 regina
552 2005 576 2027 et
592 2001 618 2027 in
632 1999 797 2033 adoptionem
809 2000 917 2028 ducens.

251 2105 299 2132 98.
308 2102 363 2130 Etsi
375 2106 401 2129 et
412 2102 471 2128 alize
481 2108 530 2128 vra:
541 2101 636 2128 etvita'.
643 2099 777 2131 rationes.
800 2103 837 2133 et,
848 2099 872 2127 si
885 2100 937 2132 vis,
947 2108 1012 2135 ope-

220 2152 340 2178 rationes
350 2150 428 2176 home
440 2148 495 2175 sint
507 2152 534 2174 ct
547 2147 581 2174 ad
588 2147 704 2173 salutem
717 2147 845 2181 dirigant,
854 2150 882 2173 et
891 2154 952 2173 eum
963 2146 1009 2180 qui

1061 1968 1121 1993 ’Ὁτι
1142 1967 1201 1993 πᾶν
1221 1967 1270 1993 καὶ
1296 1967 1388 1994 ἄλλαι
1401 1963 1478 1993 ὦσιν
1507 1965 1570 1992 ὁδοὶ
1599 1964 1749 1999 σωτήριοι,
1777 1963 1845 1990 (tu

1094 2002 1169 2035 αὕτη
1181 2003 1199 2035 ἡ
1211 2003 1380 2035 πρόκριτος,
1413 2002 1463 2029 καὶ
1480 2000 1617 2033 βασιλὶς,
1634 2001 1682 2027 καὶ
1696 2001 1739 2032 εις
1750 1999 1843 2026 υἱοθε-

1094 2037 1167 2064 σίαν
1176 2037 1321 2071 φέρουσα.

1096 2094 1152 2130 ιιηζ
1169 2095 1201 2121 Et
1216 2094 1243 2120 δὲ
1256 2095 1303 2121 καὶ
1318 2094 1397 2121 ἄλλαι
1423 2093 1488 2125 ὁδοὶ,
1500 2092 1547 2119 καὶ
1559 2091 1702 2124 πολιτεῖαι,
1719 2090 1742 2116 εί
1756 2087 1845 2125 βούλει

1059 2140 1145 2167 δὲκαὶ
1171 2141 1298 2176 ἐργασίαι
1331 2140 1447 2175 χρησταὶ
1459 2139 1607 2173 πεφύκασι,
1623 2137 1691 2172 πρὸς
1710 2135 1845 2170 σωτηρίαν

219 2204 266 2223 eas
275 2195 409 2230 sequitur,
419 2194 445 2220 in
455 2193 552 2228 quiete
563 2196 696 2226 statuunt,
707 2192 935 2227 quemadmodum
949 2196 1012 2220 sunt

1059 2186 1215 2222 ὁδηγοῦσαι,
1244 2187 1291 2213 καὶ
1311 2186 1521 2213 καταπαύουσαι
1532 2184 1577 2211 τὸν
1591 2183 1693 2213 ταύτας
1708 2182 1844 2217 μετιόντα,

219 2251 279 2279 quae
295 2243 327 2270 ad
343 2243 500 2269 servitutem
515 2246 542 2267 et
557 2240 730 2266 mercenaria
754 2246 837 2273 opera
855 2246 937 2265 manu
958 2238 1009 2266 du-

1059 2233 1154 2269 ὥσπερ
1171 2234 1224 2269 ἄρα
1242 2233 1288 2259 καὶ
1306 2233 1370 2264 εἰσὶ,
1404 2233 1452 2259 καὶ
1468 2232 1536 2267 πρὸς
1548 2229 1708 2263 δουλείαν,ῆ
1729 2227 1844 2264 μισθαρ-

219 2294 284 2317 cunt
298 2294 321 2316 et
339 2288 446 2320 ﬁniunt,
471 2285 702 2321 quemadmodum
730 2285 823 2311 multa:
849 2284 1008 2312 mansiones

218 2336 289 2372 apud
308 2335 415 2362 Patrem
432 2341 492 2361 esse
512 2341 526 2359 a
543 2332 686 2359 Salvatore
709 2331 790 2358 dicta:
808 2335 891 2363 sunt;
911 2331 958 2358 sed
976 2339 1006 2358 ea

219 2389 308 2410 tamen
325 2386 365 2409 est
383 2381 476 2415 regina
489 2384 514 2407 et
550 2378 793 2408 excellentissima,
820 2382 847 2404 ct
878 2378 1008 2405 omnibus

218 2429 346 2464 operibus
361 2432 505 2462 praestans,
520 2431 548 2453 ut
561 2425 652 2452 anima
668 2424 776 2458 corpori
788 2428 899 2458 praeswt
910 2423 1007 2458 ;quip-

219 2483 251 2511 pe
266 2482 327 2509 quae.
339 2474 366 2501 in
382 2474 553 2508 adoptionem
566 2471 612 2498 Dei
627 2479 660 2497 ex
674 2475 747 2497 terra
759 2474 786 2497 et
801 2469 913 2504 pulvere
928 2476 1007 2495 reno-

219 2529 272 2555 vet,
285 2529 318 2548 ac
335 2521 419 2547 Deum
437 2520 556 2547 eilicrens
570 2518 599 2545 in
616 2517 719 2551 Spiritu
744 2515 816 2542 miro
843 2514 922 2541 modo
943 2521 1005 2541 eum

220 2568 357 2595 hominem
373 2566 420 2601 qui
438 2567 464 2592 in
480 2558 567 2599 ipsam
595 2563 756 2598 ingreditur,
774 2566 804 2588 ut
827 2561 865 2587 ait
892 2568 1007 2594 magnus

220 2614 362 2641 Basilius:
384 2622 393 2638 ι
408 2611 529 2646 Spiritus
542 2613 656 2638 sanctus
679 2616 741 2635 cum
764 2607 884 2634 hominis
910 2608 1009 2633 anima:

219 2659 417 2695 supervenerit,
433 2660 457 2685 ei
471 2658 554 2684 vitam
572 2656 657 2687 dedit,
668 2653 742 2682 dedit
760 2652 1007 2685 immortalitatem,

218 2705 351 2738 jacentem
367 2702 521 2731 suscitavit.
533 2711 542 2727 ι
557 2700 636 2734 Quod
649 2705 740 2726 autem
757 2707 772 2727 a
791 2699 893 2734 Spiritu
911 2703 1007 2726 sancto

221 2755 322 2777 αξιοι-ηε
338 2753 480 2780 movetur,
508 2748 635 2774 animans
662 2751 788 2773 sanctum
817 2744 917 2772 factum
945 2749 1008 2777 est;

219 2796 322 2831 accepit
334 2801 426 2822 autem
443 2795 525 2822 homo
541 2793 699 2828 dignitatem
717 2792 837 2828 Spiritus
860 2792 947 2820 sancti
979 2791 1006 2818 in

256 2884 276 2899 "
299 2883 393 2911 Matth.
409 2890 508 2916 xxvni,
525 2881 572 2908 20.

1059 2281 1130 2311 νίαν,
1167 2279 1399 2315 χειραγωγοῦσαι,
1418 2278 1465 2305 καὶ
1484 2277 1698 2311 καταλήγουσαι,
1713 2273 1785 2301 καθὰ
1798 2273 1843 2300 καὶ

1058 2327 1155 2352 πολλαὶ
1182 2326 1261 2361 μοναὶ
1284 2325 1322 2360 τῷ
1348 2325 1455 2359 Σωτῆρι
1481 2323 1557 2358 παρὰ
1580 2321 1619 2357 τῷ
1647 2321 1734 2356 Πατρὶ
1761 2318 1842 2346 αὐτοῦ

1058 2374 1194 2409 ὑπάρχειν
1211 2373 1336 2408 εἴρηνται
1348 2380 1355 2387 ⁸
1382 2372 1440 2398 ἀλλ’
1455 2371 1501 2398 οῦν
1516 2370 1585 2405 αὕτη
1601 2369 1746 2404 πέφυκενή
1765 2367 1841 2402 pact-

1057 2420 1108 2452 λὶς,
1125 2421 1174 2447 καὶ
1194 2420 1351 2455 πρόκριτος,
1377 2418 1423 2445 καὶ
1440 2417 1535 2444 πασῶν
1551 2415 1698 2455 ἐργασιῶν,
1715 2414 1753 2446 ὡς
1772 2411 1843 2448 ψυχὴ

1058 2466 1184 2501 σώματος
1213 2465 1409 2501 ὑπερκειμένη,
1431 2465 1477 2491 καὶ
1504 2464 1707 2498 ὑπερφέρουσα,
1737 2461 1784 2488 ἅτε
1805 2460 1843 2490 είς

1057 2513 1193 2539 υἱοθεσίαν
1208 2512 1275 2538 Θεοῦ
1293 2510 1492 2546 καινουργοῦσα
1509 2511 1540 2537 ἐκ
1556 2511 1608 2544 γῆς
1619 2510 1666 2535 καὶ
1687 2504 1843 2538 σποδοῦρεαὶ

1057 2558 1122 2585 Θεὸν
1140 2557 1309 2593 ἐργαζομένη
1322 2557 1481 2592 παραδόξως
1499 2557 1528 2582 ὲν
1538 2554 1683 2589 πνεύματι.
1693 2553 1738 2580 τὸν
1751 2559 1843 2588 μετερ-

1057 2605 1171 2639 χόμενον
1185 2604 1280 2638 αὐτὴν,
1292 2604 1329 2634 ὡς
1345 2603 1428 2635 εἰκὸς,
1441 2602 1487 2628 ἄνθ
1493 2609 1592 2637 ρωπον,
1602 2601 1639 2631 ὥς
1647 2608 1729 2634 φησιν
1737 2600 1750 2626 ὁ
1761 2597 1843 2633 μέγας

1058 2651 1195 2682 Βασίλειος
1204 2660 1211 2666 ·
1232 2660 1241 2676 ι
1258 2650 1369 2684 Πνεῦμα
1385 2650 1462 2683 ἂγιον
1476 2647 1588 2675 ἐπελθὸν
1598 2648 1635 2678 είς
1645 2647 1733 2682 ψυχὴν
1740 2643 1843 2678 ἀνθρὼ-

1057 2706 1120 2729 που,
1142 2697 1226 2724 ἔδωκε
1237 2697 1286 2732 μὲν
1296 2697 1378 2731 ζωὴν,
1388 2696 1470 2722 ἔδωκε
1480 2695 1507 2722 δὲ
1518 2693 1676 2728 ἀθανασίαν,
1685 2693 1779 2728 ἤγειρε
1791 2689 1842 2718 xei-

1059 2750 1150 2777 Διιενον.
1167 2752 1175 2767 ι
1190 2742 1225 2767 Τὸ
1239 2742 1267 2768 δὲ
1283 2741 1394 2775 κινηθὲν
1406 2741 1514 2774 κίνησιν
1528 2739 1612 2766 ἀΐδιον
1624 2737 1677 2764 ὑπὸ
1688 2735 1841 2771 Πνεὺματος

1058 2789 1149 2824 ἁγίου,
1171 2787 1239 2821 ζῶον
1253 2788 1330 2822 ἅγιον
1348 2788 1466 2822 ἐγένετο,
1481 2786 1542 2823 ἔσχε
1556 2786 1584 2813 δὲ
1600 2784 1742 2819 ἄνθρωπος
1755 2781 1841 2815 ἀξίαν,
