4058 6456
452 337 558 404 815

447 733 542 788 cit.

487 881 571 966 ⁴7.
618 913 702 968 Ab
753 919 999 975 externis
1044 923 1307 979 mundata
1357 941 1538 990 mens.
1573 939 1630 985 et
1661 947 1784 1003 quae
1833 950 2036 993 sensus

444 1001 674 1058 omnino
725 1020 826 1077 per
877 1023 1202 1078 generosam
1252 1015 1508 1074 virtutem
1561 1001 1796 1094 subegit,
1847 1035 2036 1082 manet
2118 1057 2231 1103 σεις
2289 1040 2488 1105 ὑλικῶς
2551 1042 2688 1096 ὑποτ

443 1091 766 1164 immobilis,
801 1107 1064 1171 tanquam
1095 1105 1366 1164 caelorum
1400 1111 1540 1179 axis,
1585 1091 1772 1171 cordis
1802 1118 2029 1187 profun-

443 1182 571 1237 dum
607 1201 827 1258 semper
857 1201 1174 1263 aSpectans,

435 1559 581 1612 tens.

507 1643 561 1698 8.
615 1645 808 1717 Nemo,
861 1654 1107 1725 quandiu
1140 1658 1283 1715 inter
1330 1663 1570 1722 initiatos
1602 1678 1698 1725 aut
1735 1669 1875 1728 lacte
1933 1657 2027 1730 in-l

1620 355 1969 420 CALLISTI
2011 361 2108 422 DE
2146 367 2654 445 PRECATIONE.

456 465 514 509 ut
541 457 611 510 ita
647 455 848 525 dicam,
881 474 1099 531 semper
1133 472 1383 526 movetur
1431 482 1524 537 per
1579 468 1848 540 Spiritum
1909 489 1999 529 san

2092 480 2310 551 ιπλήρη
2369 487 2531 536 ποιεῖ·
2563 487 2624 537 τὸ
2651 484 2708 539 δὲ
2739 486 3033 559 ἁῗοΜμενον

450 557 620 615 ctum,
660 555 836 606 totum
876 551 1198 610 interiorem
1236 555 1515 615 hominem
1578 560 1772 632 implet
1801 578 1926 620 rore
1955 565 2041 623 di.

366 707 372 713 _
447 639 578 694 vino
608 653 672 696 ac
734 641 980 712 spiritu;
1048 649 1371 708 exteriorem
1425 667 1557 710 vero
1605 657 1884 714 ardentem
1930 660 2044 716 eili-

1214 1206 1275 1252 ut
1315 1202 1594 1270 quoddam
1646 1217 1921 1274 centrum,
1973 1219 2026 1266 et
2115 1202 2345 1297 κέντρον
2385 1202 2692 1296 άφορῶντὺ
2763 1202 2866 1298 τῆς
2924 1202 3384 1302 καρδίαςήβάθος,

445 1286 610 1346 caput
649 1278 922 1351 dirigens,
955 1283 1092 1341 illud
1124 1288 1190 1344 ad
1229 1290 1428 1347 cmlum
1463 1297 1640 1364 vertit,
1677 1303 2023 1358 coruscatio-

441 1383 537 1422 nes
567 1369 777 1427 habens
803 1375 1153 1444 c03itationis
1186 1383 1394 1452 radios,
1428 1386 1552 1442 inde
1582 1390 1830 1446 coelestia
1869 1395 2021 1466 cogi-

440 1468 554 1515 tata
617 1463 920 1531 trahentes,
963 1477 1019 1524 et
1047 1485 1242 1530 omnes
1275 1479 1526 1547 corporis
1558 1494 1754 1538 sensus
1791 1463 2025 1541 submit-

3098 493 3310 549 ἐκεῖθεν
3344 497 3410 551 ἐκ
3442 497 3712 572 1:731:19-

2125 573 2262 637 δίας,
2300 576 2394 628 καὶ
2420 577 2495 640 ὡς
2521 580 2696 634 εἰπεῖν
2749 583 3080 654 ἀεικινήτως
3131 588 3452 660 κινούμενον
3507 592 3592 646 διὰ
3620 595 3710 646 τοῦ

2128 667 2464 737 Πνεύματος.
2538 671 2659 724 ὅλον
2706 672 2797 726 τὸν
2838 673 2946 727 ἔσω
3016 676 3303 748 ἄνθρωπον
3339 681 3518 754 πλήρη
3571 689 3713 738 ποιεῖ

2124 758 2314 828 δρόσου
2379 761 2530 826 θείας
2578 765 2673 818 καὶ
2736 766 3088 837 πνεύματος”
3119 765 3300 826 ceves
3331 773 3457 840 ἔξω,
3486 775 3710 846 πύρινον

2124 853 2526 925 ἀπεργάζεται.

2191 945 2258 1009 ζ’.
2291 946 2435 1010 Νοῦς
2450 947 2749 1019 καθαρθεὶς
2775 951 2839 1004 ὲκ
2870 952 2978 1004 τῶν
3003 953 3226 1020 ἔξωθεν,
3264 956 3359 1010 καὶ
3391 958 3492 1022 τὰς
3516 960 3706 1032 αἰσθή-

2697 1043 2828 1110 Ξιξας
2874 1045 2964 1099 διὰ
3010 1048 3110 1116 τῆς
3173 1049 3451 1121 πατρικῆς
3478 1053 3703 1123 ἀρετῆς,

2115 1133 2372 1204 ἀκίνητος
2402 1134 2578 1204 μένει,
2617 1136 2916 1208 καθάπερὸ
2944 1140 3195 1212 οὐράνιος
3256 1143 3420 1210 ἄξων,
3455 1143 3530 1207 ὡς
3568 1146 3704 1214 πρὸς

3443 1237 3539 1288 καὶ
3569 1237 3694 1305 ἡγε-

2117 1316 2361 1387 μονεύων
2434 1319 2532 1387 τῆς
2591 1318 2859 1390 κεφαλῆς,
2893 1322 3195 1376 ἀποϐλέπει
3229 1326 3431 1386 ἐκεῖσε,
3488 1324 3699 1395 βολίδας

2111 1406 2251 1476 ἔχων
2309 1409 2476 1462 οἱονεὶ
2546 1410 2646 1474 τὰς
2696 1412 2797 1480 τῆς
2863 1412 3106 1478 διανοίας
3141 1416 3336 1484 αὐγὰς,
3393 1419 3698 1488 ἀρυομένοις

2111 1501 2322 1555 ἐκεῖθεν
2350 1502 2418 1556 τὰ
2445 1503 2566 1556 θεῖα
2590 1505 2862 1575 νοήματα,
2900 1507 2994 1559 καὶ
3027 1506 3349 1561 ὖποτάσσων
3373 1509 3470 1572 τὰς
3503 1510 3694 1583 άισθή-

2112 1612 2227 1659 σεις
2255 1595 2477 1660 ἁπάσας
2506 1596 2598 1649 τοῦ
2629 1596 2905 1668 σώματος.

2179 1695 2249 1759 η’.
2286 1688 2514 1758 Μηδεὶς,
2571 1689 2786 1744 ἀκούων
2839 1691 2951 1745 τῶν
3016 1694 3301 1764 ἀμυήτων,
3343 1695 3375 1768 ἦ
3424 1696 3692 1769 δεομένων

433 1735 684 1806 digentes
718 1743 855 1813 agit,
902 1760 964 1800 ea
1007 1764 1128 1819 quae
1169 1754 1527 1821 prohibentur
1556 1770 1764 1833 tangat,
1796 1769 1999 1836 quandi

436 1838 544 1860 nm,
600 1837 682 1860 Μ.
732 1843 1098 1860 M---...__--__
1171 1839 1240 1860 η-
1407 1847 1417 1857 -
1612 1850 1624 1860 -

2185 1735 2249 1759 -ι-
2286 1735 2514 1758 νυν-νυ
2572 1735 2780 1744 -τ-σ--τυ
2851 1735 2946 1745 --σ-
3017 1735 3301 1764 *ΓνΊυυυνι
3349 1735 3375 1768 ιι
3424 1735 3690 1769 καθ-’μενων

2110 1781 2405 1850 γάλακτος,
2439 1781 2646 1854 ἅψηται
2670 1784 2778 1838 τῶν
2807 1785 3070 1841 τοιούτων
3105 1788 3592 1860 ἀπηγορευμένων,
3633 1795 3690 1846 ἐν

434 1838 544 1879 non
600 1837 688 1883 est
730 1843 1122 1903 opportunum.
1169 1839 1280 1899 Eos
1332 1847 1478 1902 enim
1530 1850 1626 1920 qui
1687 1863 1818 1910 ante
1879 1837 2166 1926 tem-Br};

433 1931 534 2020 pus
583 1935 647 1975 ea
685 1938 807 1992 qute
845 1927 1009 1999 hujus
1037 1936 1302 2005 temporis
1347 1951 1476 1995 sunt
1516 1955 1772 2012 quarunt
1801 1958 1856 2003 et
1881 1965 2017 2020 quo.

425 2008 722 2070 dammodo
764 2017 832 2072 ad
881 2022 1116 2088 apathiae
1179 2036 1397 2097 portum
1460 2008 1669 2092 intrare
1729 2008 2012 2108 festinant,

427 2113 537 2155 non
567 2116 631 2158 ea
657 2103 926 2166 habentes
955 2126 1076 2180 qua:
1115 2124 1331 2184 Oportet
1357 2118 1581 2186 habere,
1613 2127 1787 2180 sancti
1822 2103 2013 2186 Patres

428 2195 668 2265 quodam
720 2201 920 2258 mentis
971 2221 1162 2263 errore
1211 2208 1467 2269 laborare
1522 2217 1896 2276 crediderunt.
1950 2221 2014 2276 lit

423 2287 562 2344 nihil
598 2291 858 2362 amplius.
889 2282 1038 2353 Fieri
1075 2299 1218 2354 enim
1251 2305 1463 2373 nequit,
1499 2316 1558 2362 ut
1588 2309 1681 2379 qui
1715 2313 1895 2369 nescit
1921 2315 2011 2368 lit-

421 2394 568 2438 teras
597 2383 653 2441 in
687 2384 873 2441 tabula
902 2388 1046 2460 legat

493 2471 549 2528 9.
592 2473 750 2540 Quod
774 2492 840 2532 ex
865 2483 1167 2539 certamine
1205 2485 1257 2541 in
1291 2488 1474 2545 anima
1506 2507 1536 2546 a
1579 2492 1764 2549 divino
1801 2493 2008 2564 Spititu

423 2573 698 2632 movetur,
722 2572 1077 2640 tranquillam
1113 2577 1274 2632 eilieit
1311 2591 1546 2638 mentem
1597 2600 1719 2654 qua:
1755 2594 1954 2644 clamat
1992 2608 2006 2645 :

421 2655 599 2723 Abba,
631 2658 832 2729 Pater;
864 2664 960 2719 sed
992 2665 1121 2721 illud
1149 2681 1234 2725 est
1260 2672 1468 2741 absque
1501 2675 1673 2732 forma
1702 2689 1756 2732 et
1793 2681 1964 2752 figura
1991 2700 2006 2750 ;

423 2763 525 2804 nos
566 2761 750 2808 autem
795 2753 967 2812 divini
1003 2759 1242 2832 Spiritus
1282 2764 1495 2838 fulgore
1531 2773 1912 2841 transformat,
1955 2786 2008 2830 et

419 2844 659 2915 reﬁngit,
700 2861 760 2905 ut
812 2850 988 2919 decet,
1044 2855 1214 2913 divini
1258 2858 1494 2931 Spiritus
1534 2865 1764 2933 ardore,
1823 2872 1916 2924 sed
1953 2881 2006 2926 et

423 2937 700 3010 immutat,
734 2951 792 2998 et
820 2943 1004 3001 divina
1033 2958 1325 3022 potestate,
1347 2966 1406 3011 ut
1441 2957 1592 3014 solus
1630 2959 1747 3030 ipse
1780 2979 1878 3018 uos
1901 2979 2002 3033 po-

422 3039 527 3086 test
556 3031 795 3102 eﬂicere,
821 3035 1072 3097 diversos
1110 3041 1262 3100 facit.

2194 1873 2390 1944 καιρῷ.
2443 1874 2582 1938 Τοὺς
2612 1874 2720 1947 γάρ
2759 1877 3041 1943 τοιούτους
3076 1879 3125 1932 οἱ
3156 1878 3289 1932 θεῖοι
3314 1881 3554 1952 Πατέρες
3585 1883 3690 1953 πρὸ

2102 1964 2197 2018 τοῦ
2237 1963 2432 2035 καιροῦ
2463 1964 2532 2018 τὰ
2561 1967 2654 2019 τοῦ
2693 1967 2883 2036 καιροῦ
2940 1968 3306 2042 ζητήσαντας,
3375 1973 3469 2026 καὶ
3524 1974 3687 2026 οἱονεὶ

2101 2055 2240 2126 πρὸς
2308 2057 2400 2109 τὸν
2432 2057 2533 2127 τῆς
2560 2059 2832 2124 ἀπαθείας
2866 2062 3062 2132 λιμένα
3083 2063 3479 2127 σπουδάζοντας
3510 2066 3685 2118 εἰσελ-

2101 2147 2321 2215 θεῖν,οὐ
2358 2152 2497 2218 μετὰ
2554 2151 2649 2206 τοῦ
2706 2155 3098 2226 προσήκοντος,
3162 2155 3418 2210 ἔκστασιν
3474 2159 3681 2229 φρενῶν

2099 2239 2361 2310 ἐνόμισαν
2397 2241 2456 2295 τὸ
2481 2243 2727 2298 τοιοῦτον
2753 2261 2767 2274 ·
2829 2247 2924 2299 καὶ
2974 2246 3137 2300 πλέον
3183 2248 3358 2302 οὐδέν.
3396 2249 3680 2304 ’Λδύνατον

2098 2331 2206 2403 γὰρ
2235 2333 2326 2385 τὸν
2362 2331 2438 2403 μὴ
2468 2330 2650 2386 εἰδότα
2672 2331 2982 2404 γράμματα
3010 2333 3069 2386 ὲν
3099 2332 3270 2401 δέλτῳ
3297 2334 3555 2406 μελετᾷν.

2119 2491 2124 2496 ’
2171 2498 2235 2552 θ’.
2269 2499 2341 2552 Τὸ
2379 2499 2598 2570 κινηθὲν
2656 2498 2716 2566 ἐξ
2751 2499 2964 2569 ἀγῶνος
3029 2501 3087 2553 ἐν
3135 2502 3200 2572 τῇ
3234 2500 3378 2572 ψυχῇ
3433 2499 3537 2554 ὑπὸ
3587 2499 3682 2555 τοῦ

2100 2590 2246 2645 θείου
2307 2591 2646 2661 Πνεύματος,
2708 2593 2952 2664 γαληνὴν
3005 2594 3218 2648 ἐκτελεῖ
3264 2595 3363 2665 τὴν
3422 2595 3678 2666 καρδίαν,

2098 2683 2322 2756 κράζον,
2368 2684 2559 2749 Ἀϐὃᾶ,
2601 2685 2628 2736 ὁ
2669 2686 2881 2757 Πατήρ*
2940 2685 3056 2740 ἀλλ’
3090 2687 3265 2740 ἐκεῖνο
3297 2687 3396 2755 μὲν
3423 2687 3677 2758 ἀσχημά-

2097 2786 2279 2830 τιστον
2313 2777 2341 2846 ἢ
2375 2780 2470 2830 καὶ
2501 2777 2768 2850 ἇμορςροψ
2828 2780 2975 2849 ἡμᾶς
2999 2779 3056 2832 δὲ
3111 2779 3581 2850 μετασχηματίξει
3609 2782 3673 2849 τῇ

2097 2869 2258 2940 αἴγλῃ
2293 2868 2389 2922 τοῦ
2445 2868 2592 2922 θείου
2637 2869 2845 2940 φωτὸς,
2884 2872 2979 2923 καὶ
3031 2873 3360 2942 μορφοποιεῖ
3396 2871 3472 2934 ὡς
3510 2869 3671 2934 εἰκὸς,

2095 2960 2213 3029 ἅμα
2237 2962 2303 3030 τῇ
2336 2959 2581 3031 πυρώσει
2649 2960 2742 3014 τοῦ
2799 2960 2946 3014 θείου
3029 2962 3372 3031 Πνεύματος,
3420 2961 3676 3014 ἀλλὰκαὶ

2092 3051 2316 3116 ἀλλοιοῖ,
2373 3052 2468 3104 καὶ
2519 3053 2869 3123 μεταμείϐει,
2893 3052 2969 3116 ὠς
2999 3054 3162 3124 μόνος
3215 3051 3357 3107 οἶδεν
3397 3053 3577 3120 αὐτὸς,
3606 3056 3674 3124 τῇ

2029 3115 2072 3176 C
2094 3143 2248 3215 θεῖκῇ
2269 3144 2506 3216 ἐξουσίᾳ.

495 3211 583 3268 10.
626 3213 779 3270 Mens
802 3231 903 3286 per
938 3217 1277 3288 vigilantiam
1312 3224 1619 3295 purificata,
1654 3229 1818 3286 facile
1848 3242 1999 3288 tene-

495 3306 534 3340 ἰι
568 3307 898 3340 ιιιηιηηηιιηι.
976 3312 1080 3340 ..τοι
1135 3315 1387 3340 “una”...
1448 3316 1568 3340 1,---
1827 3326 1838 3336 .
1973 3330 1983 3340 .

2166 3211 2247 3290 ι’.”
2287 3235 2428 3299 Νοῦς
2462 3211 2772 3308 ⁷καθαρθεὶς
2800 3237 2889 3290 διὰ
2933 3237 3031 3307 τῆς
3073 3236 3308 3307 νήψεως,
3335 3237 3528 3340 ῥᾳδίως
3560 3255 3674 3291 σκοο

420 3305 536 3361 bris
568 3296 920 3375 obscuratur,
975 3312 1080 3367 nisi
1131 3315 1393 3372 continua
1441 3316 1571 3375 Jesu
1611 3326 1896 3392 memoria,
1933 3330 1999 3384 ab

2092 3329 2320 3395 τίζεται,
2352 3296 2518 3401 εί-μὴ
2565 3296 2639 3402 τῇ.
2666 3296 2879 3401 συνεχεῖ
3171 3328 3266 3383 τοῦ
3308 3329 3507 3400 Ἰησοῦ,
3535 3332 3675 3384 ἁπο-

419 3403 665 3459 externis
691 3404 918 3460 omnino
957 3408 1198 3464 recedat.
1236 3410 1370 3478 Qua:
1399 3423 1584 3470 autem
1619 3426 1798 3473 actum
1824 3421 1999 3476 sociat

2093 3424 2363 3496 σχολεῖται
2429 3423 2607 3495 πάντη
2634 3423 2743 3476 τῶν
2773 3424 2995 3491 ἔξωθεν.
3045 3426 3104 3476 '0
3133 3424 3190 3476 δὲ
3229 3425 3329 3493 τὴν
3355 3423 3668 3494 πρακτικὴν

420 3495 896 3566 contemplationi,
923 3498 977 3554 id
1008 3510 1112 3566 est,
1142 3503 1344 3560 mentis
1374 3509 1666 3578 custodite,
1701 3514 1997 3570 tumultum

2093 3495 2439 3587 συναρμόσας
2471 3519 2538 3588 τῇ
2567 3515 2795 3589 θεωρίᾳ,
2851 3517 3012 3570 οἱονεὶ
3045 3519 3113 3588 τῇ
3143 3516 3236 3571 τοῦ
3267 3517 3386 3580 νοὸς
3415 3519 3668 3588 τηρήσει,

418 3602 528 3643 non
564 3587 782 3659 rejicit:
818 3592 1112 3648 tumultum
1150 3611 1347 3668 nempe
1379 3598 1674 3658 confusum
1715 3606 1799 3661 vel
1829 3608 1997 3664 etiam

2092 3609 2292 3679 ψόφους
2352 3609 2454 3664 οὐκ
2519 3587 2912 3665 ἀπαναίνεταν
2947 3587 3190 3675 κτύπους
3246 3611 3574 3680 ἀνάρθρους,
3632 3610 3664 3681 ἦ

412 3697 525 3737 non
573 3680 866 3770 confusum
915 3699 1027 3740 non
1059 3689 1305 3757 expellit.
1349 3689 1547 3748 Attinta
1581 3696 1728 3752 enim
1759 3714 1883 3769 qua:
1915 3703 1996 3757 di-

412 3775 541 3808 ι-ἶηιι
571 3770 773 3808 FBHM:
809 3778 1008 3808 ιιι-,ΙΛ-ιι
1050 3782 1332 3808 mulum“...
1374 3796 1450 3808 Δ..
1524 3803 1579 3808 ,μ
1612 3807 1635 3808 η
1743 3805 1753 3808 -

2092 3701 2182 3754 καὶ
2239 3700 2536 3772 ἐνάρθρους
2578 3702 2679 3757 οὐκ
2745 3701 3089 3756 ἀποσείεται.
3155 3701 3459 3808 Τρωθεῖσέι..
3490 3699 3660 3808 γὰρὴ

411 3775 541 3832 vino
571 3770 777 3834 Chiisti
807 3760 1009 3835 ardore
1050 3782 1336 3840 vulnerata
1369 3796 1478 3853 est,
1517 3803 1642 3845 eum
1699 3805 1758 3849 ut
1789 3810 1994 3867 cogna-

2092 3791 2229 3864 ψυχὴ
2243 3793 2322 3865 τῷ
2341 3760 2482 3864 ’θείῳ
2511 3760 2674 3863 έρωτι
2692 3793 2785 3848 τοῦ
2815 3792 3073 3865 Χριστοῦ,
3101 3793 3176 3856 ὡς
3205 3760 3468 3874 haereret;
3494 3792 3665 3862 τούτῳ

409 3882 524 3926 tum
561 3871 830 3943 sequitur.

481 3966 570 4020 Η.
608 3966 803 4023 Carnis
851 3969 1183 4040 cupiditates
1230 3977 1534 4047 reprimere
1581 3989 1636 4037 et
1681 3997 1871 4038 earum
1911 3989 1993 4042 itt-

408 4061 591 4118 snltus
623 4071 840 4131 Oportet
885 4077 982 4120 eos
1016 4068 1108 4136 qui
1162 4068 1218 4123 in
1269 4073 1475 4128 mundo
1510 4087 1802 4134 versantur
1829 4120 1845 4147 ,
1897 4093 1993 4138 aut

401 4169 526 4209 cum
562 4153 775 4209 ratione
822 4155 1190 4226 requiescere,
1222 4160 1380 4228 juxta
1419 4163 1594 4221 illud:
1637 4185 1658 4220 ι
1701 4167 1903 4226 Vacate
1934 4186 1990 4228 et

402 4245 580 4319 videte
607 4244 934 4300 rationabile
964 4262 1088 4303 esse
1121 4248 1174 4303 id
1200 4250 1347 4318 fieri;
1372 4271 1391 4305 ι
1426 4254 1648 4311 abolere
1678 4268 1860 4316 autem
1894 4273 1990 4318 aut

402 4334 676 4404 dissipare
711 4334 1056 4404 impossibile
1078 4348 1180 4394 est.
1211 4339 1329 4397 Vita
1364 4355 1545 4401 autem
1583 4351 1865 4408 eremitiea
1897 4369 1986 4411 εον

403 4431 475 4484 let
538 4428 867 4497 cupiditates
927 4431 1251 4502 exstirpare.

472 4519 561 4574 l2.
604 4519 681 4574 Ex
720 4522 881 4590 aquis
933 4523 1260 4582 salientibus
1302 4529 1474 4585 altera
1517 4533 1738 4602 quidem
1772 4539 1985 4596 violen-

402 4611 594 4666 tiorem
628 4611 796 4668 habet
834 4623 1041 4669 motum
1073 4633 1088 4682 ;
1133 4619 1306 4674 altera
1344 4636 1472 4677 vero
1518 4630 1878 4698 tranquillum
1929 4647 1984 4691 et

404 4705 716 4760 lentiorem.
756 4706 913 4761 Prior
941 4716 1128 4764 autem
1163 4715 1372 4770 turbari
1400 4716 1515 4773 fere
1549 4723 1738 4791 nequit
1764 4728 1836 4780 ob
1864 4743 1984 4783 mo-

405 4801 492 4846 tus
526 4792 866 4861 rapiditatem
897 4812 910 4862 ;
941 4797 1086 4866 quod
1118 4799 1162 4853 si
1199 4807 1481 4870 paululum
1516 4811 1788 4877 turbetur,
1824 4814 1982 4874 facile

401 4899 621 4938 rursum
672 4886 992 4952 mundatur,
1025 4891 1230 4962 quippe
1267 4911 1388 4965 quae
1421 4903 1582 4954 talem
1629 4903 1828 4961 habeat
1865 4924 1980 4963 uto-

396 4983 532 5027 tum.
569 4975 866 5046 Postquam
913 4996 1044 5037 vero
1086 4995 1331 5044 mutatus
1363 5000 1448 5046 est
1494 5008 1654 5064 aqua:
1684 5013 1882 5056 cursus
1921 5014 1978 5059 et

391 5081 594 5134 parvus
620 5068 846 5126 effectus
875 5082 982 5138 est,
1012 5091 1117 5132 non
1151 5081 1314 5135 modo
1341 5085 1617 5153 turbatur,
1651 5092 1747 5145 sed
1778 5103 1832 5146 et
1861 5096 1977 5152 fere

387 5160 648 5217 immotus
677 5173 904 5219 manet:
937 5168 1143 5240 indiget
1164 5173 1308 5228 enim
1358 5179 1592 5245 quadam
1635 5198 1778 5238 nova
1814 5203 1976 5243 mun-

392 5250 636 5320 datione,
670 5266 731 5311 ut
761 5256 832 5310 ita
871 5259 1071 5327 dicant,
1104 5272 1158 5318 et
1189 5282 1328 5323 novo
1355 5280 1528 5327 motu.

460 5345 549 5397 15.
594 5345 778 5416 iisqni
809 5348 1196 5419 ingrediuntur
1218 5371 1270 5411 et
1297 5375 1477 5417 mores
1499 5363 1799 5426 informant.
1817 5387 1970 5441 suos,

384 5442 438 5489 et
471 5448 660 5507 agunt,
706 5456 802 5509 per
835 5444 1130 5501 tumultum
1179 5453 1472 5508 confusum
1510 5458 1593 5512 vel
1641 5461 1805 5517 etiam
1861 5482 1969 5522 non

384 5527 703 5595 confusum,
746 5532 958 5589 dmmon
1014 5537 1346 5608 ingreditur.
1393 5545 1464 5600 lis
1501 5563 1630 5603 vero
1681 5555 1774 5623 qui
1831 5571 1969 5612 con-

386 5623 741 5690 templantur,
776 5629 1046 5711 quasdam
1083 5633 1403 5701 phantasias
1429 5641 1657 5711 objicit;
1703 5646 1777 5700 ita
1813 5659 1869 5703 ut
1903 5650 1970 5706 iis

387 5712 634 5769 videatur
663 5710 869 5786 aerem,
909 5731 1165 5793 tanquam
1191 5728 1400 5797 lumen,
1437 5735 1620 5789 colore
1644 5751 1765 5794 esse
1796 5744 1966 5795 vesti-

384 5811 537 5870 tum;
574 5811 708 5867 alias
755 5825 811 5868 ut
852 5816 1056 5886 ignem,
1093 5836 1184 5878 eas
1218 5825 1450 5897 profert,
1487 5840 1543 5884 ut
1582 5847 1678 5902 per
1737 5846 1963 5892 contra~

2084 3901 2147 3954 γε
2179 3885 2595 3940 κατακολουθεῖ.

2156 3983 2244 4032 ια’.
2300 3978 2504 4048 Στῆσαι
2577 3977 2677 4047 μὲν
2715 3976 2783 4031 τὰ
2816 3977 2914 4047 τῆς
2976 3975 3180 4048 σαρκὸς
3235 3977 3418 4046 πάθη,
3473 3974 3661 4031 καὶτὰ

2085 4070 2436 4140 σκιρτήματα
2466 4063 2589 4133 τοῦς
2630 4069 2686 4122 ὲν
2720 4068 2914 4139 κόσμῳ
2945 4068 3322 4140 διατρίϐοντας
3341 4085 3354 4100 ⁸
3393 4069 3541 4138 ἧκα).
3565 4069 3661 4121 σὺν

2082 4159 2226 4231 λόγῳ
2267 4159 2568 4230 σχολάζειν,
2626 4159 2769 4213 κατὰ
2799 4160 2859 4213 τό
2880 4173 2893 4187 ·
2925 4177 2943 4210 ι
2963 4159 3294 4230 Σχολάσατε,
3339 4161 3432 4213 καὶ
3461 4158 3656 4227 γνῶτε,

2082 4252 2228 4315 εἰκὸς
2285 4249 2424 4304 εἶναι
2477 4249 2748 4319 γενέσθαι.
2783 4269 2802 4302 ι
2842 4250 3156 4320 Ἐξαλεῖψαι
3213 4251 3270 4304 δὲ
3320 4250 3351 4319 ἢ
3397 4250 3657 4318 ἀφανίσαι

2080 4343 2362 4398 ἀδύνατον.
2404 4346 2462 4398 '0
2488 4345 2548 4398 δὲ
2580 4344 2846 4416 ὲρημικὸς
2894 4344 3008 4415 βίος
3036 4343 3218 4412 σαφῶς
3245 4342 3496 4414 ἐκριζοῢν
3521 4339 3657 4396 οἶδεν

2020 4467 2062 4522 D
2079 4434 2238 4488 αὑτά.

2148 4529 2236 4597 ιβ’.
2285 4527 2410 4582 Ἐπὶ
2448 4527 2544 4580 τοῦ
2580 4527 2878 4598 ἁλλομένου
2917 4526 3107 4590 ὕδατος
3150 4526 3211 4579 τὸ
3243 4527 3361 4595 μὲν.
3397 4524 3654 4592 ὀξυτέοαν

2075 4622 2188 4693 ἔχει
2242 4620 2337 4690 τὴν
2389 4620 2619 4689 κίνησιν·
2649 4618 2710 4672 τὸ
2745 4618 2824 4684 δὲ,
2857 4619 3101 4688 γαληνὴν
3163 4618 3259 4670 καὶ
3299 4617 3651 4688 βραδυτέραν.

2078 4713 2151 4766 Τὸ
2182 4713 2279 4783 μὲν
2307 4711 2397 4765 οῦν
2431 4712 2718 4783 πρότερον,
2752 4710 2874 4762 οὐδὲ
2919 4708 3222 4779 θολωθῆναι
3264 4709 3465 4780 ῥᾳδίως
3495 4707 3651 4761 δύνα-

2077 4822 2166 4860 ται
2190 4804 2279 4856 διὰ
2302 4804 2363 4857 τὸ
2383 4803 2483 4872 τῆς
2503 4802 2772 4872 κινήσεως
2797 4800 2982 4870 τάχος.
3010 4801 3071 4853 Εἰ
3093 4800 3149 4852 δὲ
3180 4800 3274 4852 καὶ
3299 4801 3436 4870 πρὸς
3461 4798 3653 4870 μικρὸν

2075 4915 2359 4987 θολωθείη,
2399 4917 2528 4987 ῥᾷον
2557 4913 2715 4977 αὖθις
2761 4913 3116 4984 καθαίρεται·
3153 4912 3248 4966 ἆτε
3284 4909 3347 4979 δὴ
3399 4905 3656 4976 τοιαύτην

2075 5008 2200 5079 ἔχον
2237 5009 2338 5077 τὴν
2398 5007 2636 5075 κίνησιν.
2678 5004 2935 5058 Ἐπειδὰν
2963 5004 3020 5057 δὲ
3047 5004 3107 5057 τὸ
3135 5001 3314 5101 ῥεῦμα
3334 5000 3433 5101 τοῦ
3467 4999 3653 5101 ῦδατος

2070 5101 2403 5164 ἀλαττωθὲν,
2472 5096 2838 5168 σμικρότατον
2871 5097 3096 5165 γένηται
3117 5115 3130 5128 ·
3160 5095 3220 5148 ού
3283 5093 3441 5163 μόνον
3474 5091 3655 5144 θολου-

2070 5211 2179 5252 ται,
2213 5192 2349 5244 ἀλλὰ
2410 5193 2597 5262 σχεδὸν
2661 5191 2755 5244 καὶ
2820 5191 3077 5257 ἀκίνητον
3124 5189 3311 5258 μένει·
3342 5185 3511 5238 δεῖται
3549 5184 3655 5254 γάρ

2071 5301 2216 5346 τινος
2246 5284 2697 5352 ἁνακαθάρσεως,
2723 5283 2796 5344 ὼς
2827 5283 3028 5344 εἰπεῖν,
3055 5281 3148 5333 καὶ
3189 5279 3477 5346 κινήσεως.

2147 5382 2236 5444 ιγ’.
2283 5377 2409 5437 Τοῖς
2473 5376 2568 5444 μὲν
2619 5374 3033 5442 είσαγωγικοῖς,
3094 5371 3190 5424 καὶ
3248 5370 3460 5440 ἠθικοῖς
3493 5391 3512 5430 λ

2071 5471 2450 5540 πρακτικοῖςὸ
2481 5468 2689 5537 δαίμων
2745 5467 2831 5520 διὰ
2880 5466 3069 5534 ψόφων
3116 5463 3428 5533 ἁνάρθρων,
3480 5462 3511 5530 ἦ
3563 5462 3654 5513 καὶ

2072 5561 2357 5632 ἐνάρθρων
2409 5560 2812 5630 ἐπεισέρχεται.
2858 5558 2996 5620 Τοὺς
3024 5557 3079 5610 δὲ
3112 5558 3239 5628 περὶ
3269 5555 3366 5626 τὴν
3397 5554 3651 5622 θεωρίαν,
3686 5625 3698 5633 .

2071 5656 2370 5722 φαντασίας
2404 5636 2555 5714 τινὰς
2587 5653 2938 5707 είδωλοποιεί·
2970 5652 3045 5715 ὡς
3073 5651 3253 5704 δοκεῖν
3283 5647 3652 5718 χρωματίζειν

2070 5746 2157 5798 τὸν
2188 5747 2346 5814 ἀέρα,
2379 5747 2538 5816 δίκην
2595 5749 2794 5816 eme;-
2828 5746 2958 5799 ποτε
2985 5745 3039 5798 δὲ
3080 5745 3179 5796 καὶ
3200 5742 3271 5804 ὡς
3303 5740 3412 5810 πῦρ
3444 5740 3652 5799 ταύτας

2073 5838 2360 5910 προφέρει,
2392 5840 2478 5892 ἵνα
2504 5838 2594 5892 διά
2648 5843 2745 5909 τῆς
2782 5837 3031 5899 ἐναντίας
3071 5837 3267 5906 μοίρας
3290 5829 3652 5899 ἀποπλανήτῃ

3562 5369 3654 5420 καὶ
