4058 6458
333 375 432 439 8Π

341 498 431 548 τὸν
457 492 552 547 τοῦ
585 491 827 565 Χριστοῦ
862 488 1128 560 ἀθλητήν.

417 691 496 746 ιδ’.
535 692 596 743 ΕΞ
622 689 800 760 βούλει
839 688 1031 758 μαθεῖν
1063 687 1180 748 πῶς
1209 686 1291 738 δεῖ
1323 676 1749 754 προσεύχεσθαι,
1795 674 1924 726 σκό-

342 805 437 840 πει
463 787 524 838 τὸ
564 785 715 847 τέλος
764 783 865 852 τῆς
907 780 1204 852 προσοχῆς,
1252 777 1285 848 ἦ
1318 776 1414 829 καὶ
1458 775 1555 842 τῆς
1588 767 1922 842 προσευχῆς,

337 869 436 932 ’καὶ
488 879 560 948 μὴ
621 875 838 930 ἁπατῶ.
898 874 1120 942 Ταύτης
1175 872 1283 941 γὰρ
1323 868 1384 922 τὸ
1431 866 1601 928 τέλος,
1653 861 1928 932 άγαπητὲ,

342 969 640 1035 κατάνυξίς
676 971 792 1020 ἐστι
823 965 1102 1036 διηνεκὴς,
1157 959 1420 1030 συντριὸὴ
1453 956 1708 1026 καρδίας,
1741 955 1929 1023 ἀγάπη

344 1066 480 1135 πρὸς
538 1063 629 1116 τὸν
703 1060 932 1131 πλησίον
973 1075 988 1090 ·
1061 1057 1122 1110 τὸ
1187 1055 1244 1108 δὲ
1305 1047 1548 1106 ἕναντίον
1622 1047 1887 1118 πρόδηλον
1917 1084 1934 1110 ,

344 1155 646 1225 ἐπιθυμίας
709 1151 997 1222 λογισμὸς,
1034 1147 1366 1209 καταλαλιᾶς
1393 1141 1750 1214 ψιθυρισμὸς,
1778 1141 1934 1210 μῖσος

347 1252 482 1321 πρὸς
521 1251 612 1302 τὸν
636 1246 887 1318 πλησίον,
916 1245 1011 1298 καὶ
1039 1246 1139 1298 ὅσα
1164 1241 1377 1303 τούτοις
1412 1237 1710 1309 παρόμοια.

356 1453 434 1464 ν...

1053 373 1268 437 CALL.
1295 365 1704 434 TELlCUDzE
1744 364 1840 426 DE
1876 360 2168 436 QUIETA
2203 351 2858 422 CONVERSA'I‘IONE.

1892 482 1898 491 '
1937 483 1984 539 Δ
2016 480 2153 532 ram
2189 484 2391 529 sortem
2427 489 2548 527 eum
2581 469 2790 524 Christi
2823 464 3090 520 athletam
3135 460 3186 514 in
3229 470 3474 514 crrorcm
3534 454 3612 506 in-

2027 572 2215 626 ducat.

3512 341 3613 401 813

2104 665 2190 720 M.
2260 662 2314 718 Si
2373 661 2457 715 vis
2513 658 2726 712 discere
2776 652 3051 725 quomodo
3108 664 3270 705 orare
3339 653 3613 715 oporteat.

2033 761 2252 814 intuere
2293 752 2616 810 attentionis
2662 750 2826 804 linem
2884 754 2979 801 aut
3031 743 3198 799 etiam
3239 740 3528 800 orationis,
3566 747 3619 791 ct

2033 852 2142 906 noli
2200 862 2405 924 errare.
2461 843 2638 913 llnjus
2690 841 2835 896 cnim
2907 839 3053 904 finis,
3106 833 3484 897 dilectissime,
3535 841 3619 885 est

2035 944 2360 1000 indesincns
2387 937 2764 1008 compunctio,
2795 934 2978 989 cordis
3024 929 3309 993 contritio,
3344 927 3396 980 in
3433 925 3618 995 proxi-

2036 1057 2184 1095 mum
2223 1037 2490 1092 charitas.
2522 1030 2876 1088 Contrarium
2905 1035 3088 1082 antem
3124 1021 3474 1078 manifestum
3508 1027 3617 1082 est,

2037 1133 2355 1203 cupiditatis
2407 1125 2692 1198 cogitatio,
2751 1121 3042 1177 calumnia:
3093 1133 3379 1184 murmur,
3431 1115 3618 1171 odium

2037 1227 2092 1284 in
2128 1224 2462 1296 proximum,
2507 1229 2560 1274 ct
2590 1219 2692 1272 alia
2729 1215 3062 1272 istiusmodi.

2448 1432 3363 1456 .-—-——-——-——_——-————-—-
3377 1425 3586 1444 -οοα

899 1613 1250 1747 ΤΟΥ
1328 1608 1968 1744 ΚΥΡΙοΥ

2063 1596 3059 1772 ΚΑΛΛΙΣΤΟΥ

1672 1847 1758 1902 ΤΟ
1771 1851 1810 1903 Υ
1873 1847 2284 1902 ΤΗΛῙΚΟΥΔΙῙ

1161 2020 1420 2106 ΠΕΡΙ
1498 2013 2289 2106 ΗΣΥΧΑΣΤΙΚΗΣ
2362 2013 2432 2096 Τ
2442 2008 2799 2096 ΡΙΒΗΣ.-

1299 2377 1855 2507 DOMINI
1918 2372 2654 2504 CALLISTI

1407 2697 1410 2700 ,
1759 2622 2219 2720 τειισουυίιι

1059 2798 1207 2888 DE
1267 2797 1717 2906 QUIETA
1793 2788 2804 2886 CONVERSA'I‘IONE
2874 2771 2940 2871 ’⁸.

440 3162 553 3214 Οὐκ
597 3160 714 3212 ἐστι
777 3155 1135 3225 μετανοῆσαι,
1171 3152 1341 3224 χωρὶς
1373 3149 1605 3221 ἡσυχίας
1639 3166 1653 3181 ο
1690 3148 1811 3202 οὐδὲ
1841 3145 1985 3206 ἔστι]

2123 3141 2239 3199 Non
2295 3143 2423 3199 licet
2469 3142 2738 3213 poenitere
2771 3141 2983 3212 alisque
3032 3141 3470 3212 tranquillitate;
3519 3159 3632 3198 non

371 3254 464 3304 καὶ
513 3249 764 3304 ὁπωσοῦν
817 3247 1195 3316 καθαρότητος
1248 3242 1513 3314 ἅψασθαι,
1545 3241 1955 3311 ἀναχωρήσεως

373 3344 531 3397 ἄνευ’
567 3339 688 3394 οὐδὲ
745 3338 882 3410 μετὰ
913 3337 1014 3404 τῆς
1047 3334 1266 3404 ὁμιλίας
1308 3331 1404 3384 καὶ
1453 3331 1697 3400 ὁράσεως
1734 3327 1841 3380 τῶν
1863 3327 1958 3380 ἀν-

374 3435 630 3502 θρώπων,
694 3428 919 3483 δυνατὸν
952 3427 1052 3496 τῆς
1090 3425 1308 3496 ὁμιλίας
1345 3423 1439 3477 καὶ
1470 3420 1705 3493 θεωρίας
1726 3419 1960 3490 ἀξιωθῆιο

373 3542 458 3576 ναι
493 3522 587 3576 τοῦ
643 3521 803 3575 Θεοῦ.
837 3519 937 3573 Διὰ
985 3517 1147 3571 τοῦτο
1177 3511 1257 3580 οἷς
1290 3515 1508 3584 ἐγένετο
1530 3513 1618 3567 διὰ
1654 3511 1958 3584 φροντίδος,

377 3615 902 3687 μεταγνῶναιὲνεκα
937 3611 1047 3666 τῶν
1080 3608 1295 3664 ἑαυτῶν
1318 3607 1698 3678 ἐσφαλμένων,
1733 3602 1962 3659 καὶτῶν

377 3709 565 3763 παθῶν
622 3706 1004 3777 καθαρθῆναι,
1063 3704 1160 3757 καὶ
1203 3703 1389 3773 τυχεῖν
1420 3742 1435 3765 ,
1502 3701 1597 3752 καὶ
1651 3695 1960 3751 ἀπολαῦσαι

374 3800 612 3870 ὁμιλίας,
659 3799 753 3852 καὶ
789 3797 1026 3870 θεωρίας
1061 3795 1220 3862 Θεοῦ,
1249 3794 1275 3848 5
1298 3793 1474 3863 πέρας
1505 3792 1600 3846 καὶ
1631 3789 1832 3852 σκοπὸς
1852 3787 1962 3842 τῶν

377 3891 518 3945 κατὰ
565 3889 700 3943 Θεὸν
749 3886 1213 3958 πολιτευομένων,
1254 3885 1351 3938 καὶ
1375 3883 1656 3956 ἀρραϐὼν,
1694 3881 1764 3934 ἵν’
1792 3880 1959 3943 είπω,

375 3983 472 4052 τῆς
505 3983 727 4037 αἰωνίου
767 3981 1140 4052 κληρονομίας
1173 3979 1262 4032 καὶ
1294 3975 1389 4030 τοῦ
1427 3974 1588 4040 Θεοῦ,
1609 3975 1710 4046 ὅσῃ
1744 3973 1960 4045 μηχανῇ

378 4074 609 4145 ἡσυχίαν
673 4072 1098 4144 μεταδιώκουσιο
1160 4069 1259 4123 καὶ
1287 4069 1592 4138 ἀναχωρεῖν
1615 4068 1710 4119 καὶ
1737 4063 1966 4145 φεύγειν

376 4139 519 4232 τοὺς⁷
550 4139 872 4239 ἀνθρώπους
929 4162 1206 4234 προῦργου
1262 4160 1561 4223 ποιοῦνται,
1637 4157 1777 4229 μετὰ
1828 4139 1965 4210 καθ·-

382 4276 605 4330 ηκοντος
631 4259 726 4313 τοῦ
759 4259 859 4328 τῆς
885 4255 1062 4326 ψυχῆς
1086 4255 1436 4322 διακειμένου
1465 4252 1686 4318 παντὸς,
1713 4248 1967 4305 ἐντεῦθεν

377 4353 514 4423 δῆτα
549 4351 761 4414 τούτοις
811 4349 977 4420 ἁρχὴ,
1013 4348 1072 4401 ἐν
1111 4345 1315 4418 ἡσυχίᾳ
1369 4347 1430 4398 τὸ
1467 4343 1697 4406 πένθος’
1729 4345 1764 4414 ἡ
1799 4342 1965 4396 αὐτο-

384 4446 616 4518 μεμψία,
641 4447 675 4516 ή
705 4442 917 4498 ἑαυτῶν
969 4439 1338 4509 κατάγνωσις,
1397 4438 1465 4492 δι’
1492 4437 1528 4492 ἃ
1557 4437 1642 4490 ἵνα
1712 4434 1968 4510 καθαρώ-

381 4559 535 4612 τερον
587 4539 839 4610 γένηται”
876 4535 1200 4608 ἀγρυπνίαι,
1229 4533 1324 4588 καὶ
1377 4533 1618 4596 στάσεις,
1648 4529 1742 4584 καὶ¹
1765 4528 1967 4600 ἐγκρά-

380 4651 518 4696 τεια,
550 4633 644 4709 καὶ
666 4631 836 4694 κόπος
868 4627 1201 4699 σωματικὸς,
1235 4619 1310 4680 ὧν
1331 4624 1392 4678 τὸ
1427 4625 1603 4696 πέρας
1637 4622 1965 4694 συλλήϐδην,

377 4730 412 4796 ὴ
443 4726 552 4780 τῶν
610 4723 866 4795 δακρύων
919 4721 1041 4793 ῥοὴ,
1109 4717 1379 4791 προϊοῦσα
1414 4717 1474 4784 ἐξ
1509 4715 1802 4785 ὀφθαλμῶν
1832 4731 1967 4785 φρο-

380 4819 615 4872 νούντων
655 4817 912 4881 ταπεινὰ,
946 4815 1004 4866 ἐν
1041 4809 1336 4875 κατανύξει
1368 4809 1526 4880 δήπω
1559 4807 1808 4880 καρδίας.
1857 4806 1968 4860 Καὶ

383 4911 518 4981 πρὸς
561 4910 831 4981 κάθαρσιν
894 4905 1038 4960 οὕτω
1087 4887 1452 4976 προσέχουσιν
1487 4942 1503 4967 ,
1561 4900 1706 4954 οὕτω
1764 4899 1968 4970 ταύτης

382 4999 842 5070 ἐπιτυγχάνουσιν
906 4995 998 5050 διὰ
1068 4992 1343 5066 πράξεως.
1417 4992 1509 5044 Ἐν
1549 4989 1762 5052 τούτοις
1813 4987 1970 5052 αὖθις

383 5093 554 5164 πέρας
589 5090 841 5162 ἡείρήνη
895 5086 1007 5141 τῶν
1065 5083 1362 5155 λογισμῶν,
1412 5082 1602 5155 ὥσπερ
1635 5083 1694 5135 ὲν
1737 5079 1970 5144 ἐκείνοις

383 5190 416 5256 ἠ
463 5186 570 5239 τῶν
636 5181 910 5254 δακρύων,
938 5179 1013 5244 ὡς
1060 5177 1292 5249 ἔφημεν,
1351 5176 1606 5248 ὲπιῤῥοή.
1656 5171 1970 5228 Κὰντεῦθεν

382 5275 836 5348 ἄρχεταιὸνοῦς,
898 5272 1183 5342 πεφυκότα
1230 5271 1453 5342 τρόπον,
1486 5268 1584 5332 τὰς
1628 5267 1819 5338 φύσεις
1861 5267 1969 5320 τῶν

381 5370 552 5422 ὄντων
590 5368 945 5431 ἀνασκοπεϊν,
977 5365 1072 5418 καὶ
1102 5363 1201 5435 τὴν
1227 5363 1424 5433 τέχνην
1464 5359 1969 5430 καταστοχάζεσθαι

383 5460 478 5514 τοῦ
516 5459 675 5526 Θεοῦ,
709 5459 805 5512 καὶ
831 5455 985 5510 θείαν
1013 5455 1223 5508 ἔννοιαν
1271 5452 1693 5523 συλλαμϐάνειν,
1736 5449 1832 5504 καὶ
1869 5450 1970 5521 τῆς

385 5554 690 5624 δυνάμεως,
733 5550 831 5605 καὶ
873 5547 1091 5617 σοφίας,
1124 5546 1218 5601 καὶ
1241 5545 1421 5615 δόξης,
1451 5544 1546 5598 καὶ
1605 5543 1980 5614 ἀγαθότητος,

387 5645 611 5701 καὶτῶν
664 5641 840 5698 ἄλλων
859 5641 960 5696 ὅσα
1011 5639 1142 5712 περ).
1170 5638 1304 5692 Θεὸν
1327 5635 1674 5708 θεωρεῖσθαι,
1701 5635 1862 5709 ἔργον
1887 5635 1987 5705 γι...

2050 3239 2174 3292 licet
2237 3240 2531 3306 puritatem
2590 3235 2808 3305 assequi
2870 3235 2990 3292 sine
3063 3236 3389 3301 solitudine;
3457 3251 3634 3305 neque

2049 3345 2174 3385 cum
2206 3328 2651 3399 frequentatione
2699 3342 2767 3383 ac
2813 3328 2936 3383 visu
2990 3328 3273 3383 hominum
3331 3343 3627 3397 possumus

2050 3423 2199 3495 digni
2253 3422 2444 3478 haberi
2499 3421 2594 3492 qui
2638 3435 2763 3477 cum
2816 3421 2928 3476 Deo
2961 3436 3352 3478 cnnvcrsemur
3398 3435 3638 3490 eumque

2025 3516 2511 3586 'contemplemur.
2551 3513 2682 3570 Ideo
2714 3513 2807 3584 qui
2845 3513 3112 3583 paenitere
3141 3521 3336 3567 curant
3365 3513 3432 3566 de
3461 3512 3640 3582 culpis

2051 3625 2190 3681 quas
2220 3609 2515 3674 admisere,
2546 3614 2603 3662 et
2635 3622 2665 3661 a
2697 3605 3095 3676 cupidiwibus
3143 3604 3421 3670 mundari,
3448 3616 3499 3659 et
3549 3619 3642 3658 as-

2055 3702 2214 3772 sequi
2259 3709 2315 3757 et
2356 3709 2583 3772 gustare
2634 3697 2732 3753 Dei
2779 3696 3253 3753 conversationem
3303 3696 3642 3766 contempla-

2052 3797 2366 3864 tionemque
2427 3793 2544 3864 (qui
2595 3790 2864 3846 terminus
2911 3797 2996 3844 est
3031 3803 3222 3843 eorum
3287 3787 3378 3856 qui
3443 3801 3640 3842 secun-

2054 3891 2185 3946 dum
2219 3888 2390 3944 Deum
2421 3887 2634 3950 vivunt,
2658 3894 2714 3939 et
2740 3884 2961 3956 pignus,
2994 3892 3052 3936 ut
3083 3881 3156 3936 ita
3183 3881 3385 3945 dicam,
3417 3889 3648 3935 arternee‘

2055 3982 2150 4038 Dei
2183 3978 2561 4058 liaereditatis),
2582 3976 2714 4031 totis
2746 3975 2956 4030 viribus
2981 3971 3432 4044 tranquillitatem
3460 3985 3642 4038 perse-

2055 4080 2336 4144 quuntur;
2385 4078 2440 4125 et
2500 4068 2756 4124 recedere
2810 4081 2877 4122 ac
2935 4065 3126 4136 fugere
3172 4063 3427 4118 homines
3483 4062 3659 4115 multi

2058 4167 2290 4230 faciunt,
2323 4163 2580 4221 omnibus
2607 4177 2729 4233 qua:
2764 4161 2818 4216 in
2859 4159 3039 4215 anima
3071 4167 3200 4213 sunt
3233 4165 3379 4212 recte
3408 4155 3642 4225 disposi-

2057 4265 2168 4330 tis;
2205 4260 2332 4316 inde
2366 4274 2501 4315 sane
2545 4257 2614 4313 iis
2640 4254 2970 4328 principium
3007 4261 3111 4319 est,
3143 4253 3194 4305 in
3235 4249 3662 4319 tranquillitate-

2059 4355 2240 4420 dolor,
2271 4349 2553 4423 proprium
2582 4347 2666 4404 sui
2702 4345 3034 4416 vituperium
3061 4353 3118 4397 et
3150 4341 3454 4404 accusatio,
3483 4340 3558 4394 ita
3590 4348 3647 4393 ut

2062 4443 2237 4514 magis
2269 4441 2640 4502 mundentur;
2674 4434 2894 4506 vigilite,
2919 4431 3188 4488 stabilitas
3211 4469 3226 4495 ,
3259 4427 3643 4498 temperantia,

2061 4547 2116 4595 et
2144 4534 2453 4604 corporalis
2484 4533 2658 4594 labor,
2684 4543 2917 4600 quorum
2949 4525 3071 4580 linis
3107 4522 3337 4578 omnino
3365 4531 3447 4575 est
3471 4521 3647 4590 lat-ry—

2064 4642 2282 4685 marum
2309 4624 2506 4681 eﬂ‘usio
2538 4638 2604 4679 ex
2636 4620 2815 4677 oculis
2849 4615 3072 4671 humilia
3104 4613 3468 4668 sentientibus
3499 4611 3650 4666 deci-

2062 4721 2220 4785 dens,
2255 4732 2455 4787 nempe
2493 4716 2550 4771 iu
2589 4712 2774 4770 cordis
2808 4708 3258 4779 compunctione.
3303 4707 3370 4761 Et
3405 4705 3488 4760 sic
3533 4718 3647 4757 sua:

2064 4813 2397 4872 incumbunt
2443 4803 2810 4871 mundatioui,
2841 4815 3074 4870 eamque
3123 4813 3220 4867 per
3253 4806 3409 4851 actus
3455 4808 3647 4847 consc-

2064 4915 2332 4978 quuntur.
2375 4905 2434 4956 ln
2469 4901 2539 4956 iis
2571 4899 2740 4970 igitur
2773 4895 3041 4951 terminus
3085 4889 3486 4962 cogitationum
3519 4901 3646 4955 pax,

2065 4977 2127 5055 ut
2169 5008 2225 5054 ct
2272 4999 2326 5052 in
2361 4995 2488 5060 illis,
2520 5001 2580 5047 ut
2630 4991 2895 5055 diximus,
2929 4987 3295 5057 lacryniarum
3326 4979 3542 5035 effusio.
3584 4977 3649 5031 Et

2071 5093 2200 5148 inde
2249 5105 2404 5145 mens
2440 5087 2632 5156 incipit
2681 5082 2847 5141 modo
2888 5078 3149 5144 naturali,
3201 5086 3432 5131 naturas
3465 5086 3646 5126 rerum

2069 5185 2408 5245 examinare,
2442 5187 2496 5234 et
2538 5177 2632 5233 Dei
2673 5183 2848 5231 artem
2889 5172 3262 5235 considerare,
3297 5167 3652 5232 divinamque

2072 5280 2458 5352 cogitationem
2491 5273 2785 5343 concipere
2831 5278 2883 5324 et
2919 5265 3173 5338 potentia:
3203 5273 3257 5318 ct
3283 5257 3570 5332 sapientia:
3597 5265 3651 5309 ct

2073 5373 2258 5444 gloriae
2289 5381 2344 5426 et
2375 5365 2639 5424 bonitatis
2672 5374 2729 5419 et
2758 5361 2992 5419 aliorum
3029 5369 3152 5429 quae
3182 5355 3250 5410 de
3281 5353 3394 5408 Deo
3420 5355 3652 5420 possunt

2073 5464 2278 5536 inquiri
2306 5482 2320 5530 ;
2360 5472 2416 5518 et
2447 5461 2498 5515 in
2531 5457 2834 5528 Scriptum
2865 5449 3122 5524 mysteria
3159 5448 3351 5514 intrat,
3380 5455 3434 5500 et
3465 5455 3657 5511 super-

2073 5534 2348 5615 naiuralia
2402 5559 2590 5626 gustat
2643 5551 2826 5614 bona,
2886 5548 2943 5602 et
3008 5539 3388 5613 supercoalesti
3451 5534 3654 5590 fruitur

2075 5646 2509 5722 pulchritudine,
2531 5652 2586 5700 et
2632 5641 2829 5697 divina:
2864 5637 3146 5694 charitatis
3186 5632 3452 5689 formatur
3491 5642 3655 5697 capa-

459 5819 531 5882 ("l
561 5815 750 5889 “Win
775 5815 1048 5887 Ρίζίίοεαιὲτι
1093 5815 1495 5877 ριἀδιτράθηιΊωε
1543 5817 1778 5869 continue
1803 5815 2151 5873 adnectantur,
2185 5808 2486 5871 interposito
2521 5806 2708 5854 tantum
2741 5795 2890 5850 titulo
2912 5807 3064 5860 quem
3096 5769 3475 5856 exscripsimus,
3498 5784 3659 5836 nulla-
3685 5831 3688 5834 .

459 5894 493 5928 re
516 5894 768 5928 mmmtssa
803 5879 1116 5928 biogranhica
1150 5880 1339 5928 notitia.
1370 5831 1501 5928 ἑυιτ.

392 5879 493 5946 que
516 5879 768 5944 prtemissa
803 5879 1116 5943 biographica
1150 5880 1339 5930 notitia.
1370 5879 1501 5930 Emr.
