4058 6500
441 283 662 374 82ι’

1630 272 1635 275 ’
1705 315 2048 379 CALLlSTl
2092 318 2501 383 nucum;

3604 327 3709 390 t2!

443 425 663 481 Priores
693 427 912 496 quidem
956 426 1332 495 incipientinm
1370 437 1516 495 sunt,
1550 431 1880 499 posteriores
1906 446 2011 486 νοτε

2103 448 2218 493 ,σια
2241 445 2254 459 ·
2279 430 2347 483 τὰ
2379 431 2575 504 πρῶτα
2603 433 2722 504 μὲν,
2755 434 3060 508 ἀρχαρίων,
3082 441 3159 494 τὰ
3187 440 3264 507 δὲ,
3294 446 3707 521 ἀφικνουμέωι

441 537 632 576 eorum
662 522 754 591 qui
782 537 877 589 per
907 521 1139 592 gratiam
1164 521 1234 577 ad
1261 523 1653 590 perfectionem
1716 524 1965 578 tendunt.

513 612 768 681 Quinque
799 623 921 665 sunt
953 614 1363 680 tranquillitatis
1381 616 1565 681 opera!
1600 613 1809 681 Oratio,
1845 632 2041 678 nempe

2123 525 2205 587 είς
2229 523 2545 597 τελειότητα
2570 526 2657 579 διὰ
2686 527 2785 599 τῆς
2815 530 3059 605 χάριτος.

2195 616 2363 713 Πέντε
2393 618 2897 690 ὲργασίαιὴσυχίας
2924 622 3031 675 εἰσί
3052 640 3067 654 ο
3099 630 3398 701 προσευχὴ,
3425 633 3543 704 ἦτοι
3573 641 3709 713 μνή-

390 709 700 765 .continna
771 705 1131 764 Iesu-Christi
1203 710 1487 773 memoria,
1525 726 1620 779 per
1685 709 2011 795 spirati'onen

2125 725 2200 778 μη
2231 707 2543 808 τοῦςίησοῦ
2568 709 2847 808 διηνεκὴς,
2874 715 3211 791 είσαγομένη
3243 722 3331 776 διὰ
3363 727 3530 798 πνοῆς
3547 705 3611 783 εὖ
3636 705 3702 808 τῇ

445 799 495 851 in
530 814 624 852 (-or
678 799 987 855 introducta
1037 802 1242 869 absque
1324 803 1432 856 til'a
1491 802 1881 870 cogitatione;‘
1919 817 2011 870 qua

2120 802 2321 874 καρδία
2336 802 2459 874 δίχα
2482 803 2581 875 τῆς
2614 806 2835 861 οίασοῦν
2864 809 3094 878 ἑννοίας,
3118 813 3241 884 ἥτις
3272 817 3341 871 δι’
3372 799 3700 894 ἐγκρατείας

440 908 536 962 per
578 897 996 974 temperantiam
1048 897 1258 953 ventris
1311 898 1622 952 universam
1686 906 1740 952 et
1778 896 1957 952 somni
1985 915 2011 954 e

2119 896 2481 968 περιεκτικῆς
2504 899 2745 970 γαστρὸς
2774 900 2941 971 λέγω,
2968 905 3066 959 καὶ
3101 904 3299 974 ὕπνου,
3342 915 3438 967 καὶ
3463 904 3571 970 τῶν
3611 921 3707 974 ἅλ-

439 987 669 1042 aliornm
690 971 951 1043 sensuum
970 989 1244 1046 exercitiis
1284 990 1425 1045 intra
1444 989 1688 1046 cellulam
1722 1005 1844 1045 cum
1864 991 2011 1045 humi

2117 988 2226 1043 λων
2254 989 2563 1067 αἰσθήσεων
2588 993 2737 1049 ἔνδον
2756 994 2849 1049 τοῦ
2882 998 3097 1053 κελλίου
3123 1002 3222 1055 σὺν
3237 1008 3533 1063 ταπεινῶσι
3570 1030 3705 1068 κατ-

440 1080 595 1135 lEtate
616 1081 932 1149 perﬁcitur:
962 1082 1263 1151 psabnoil.a
1292 1099 1386 1153 per
1409 1093 1623 1154 partes;
1658 1084 1821 1139 lectio
1837 1083 2011 1138 simili

2114 1079 2405 1153 ορθοῦταισ
2432 1084 2722 1158 ψαλμῳδία
2760 1090 2963 1161 μερική
2987 1106 3005 1124 ο
3044 1092 3355 1163 ἀνάγνωσις
3390 1100 3590 1170 ὁμοίως
3637 1107 3706 1160 ἐκ

352 1166 355 1173 “
440 1182 524 1228 ter
549 1166 861 1230 divinorum
901 1176 1317 1245 Evangeliorum
1343 1186 1399 1231 et
1422 1185 1733 1232 sanctorum
1762 1177 1987 1232 Patrum

2118 1179 2227 1231 τῶν
2250 1177 2414 1233 θείων
2446 1180 2795 1249 Εὐαγγελίων
2824 1182 2919 1236 καὶ
2948 1182 3059 1236 τῶν
3101 1185 3262 1241 θείων
3284 1166 3564 1265 Πατέ-ρων,
3606 1200 3707 1256 καὶ

437 1275 491 1318 et
510 1265 874 1334 quorumdam
896 1265 965 1321 de
983 1267 1232 1322 oratione
1271 1267 1533 1336 capitum,
1560 1267 1859 1334 prcsertim
1872 1265 2005 1336 juve

2128 1268 2238 1324 τῶν
2282 1271 2412 1341 περὶ
2461 1275 2773 1344 προσευχῆς
2816 1276 3152 1345 κεφαλαίων,
3190 1281 3426 1348 μάλιστα
3452 1285 3545 1338 τοῦ
3582 1289 3705 1344 νέου

439 1359 527 1412 nis
571 1357 831 1427 Theologi
862 1369 916 1415 et
950 1359 1199 1433 llcsyc!.ii
1235 1371 1287 1415 rt
1336 1360 1625 1432 Nic-ephori
1655 1378 1673 1427 ;
1698 1360 2011 1426 iudiciorun

2127 1360 2416 1430 Θεολόγου,
2450 1362 2545 1417 καὶ
2573 1362 2851 1436 Ἡσυχίου,
2870 1368 2964 1422 καὶ
2983 1368 3299 1443 Νικηφόρου
3321 1389 3336 1403 ⁶
3363 1374 3560 1449 μελέτη
3586 1381 3708 1450 κρί.

438 1450 535 1505 Dei
564 1452 844 1507 meditatio
868 1463 960 1508 aut
1023 1457 1218 1509 mortis
1253 1455 1525 1508 inetnoria-
1569 1463 1623 1508 et
1672 1452 1933 1513 similum,
1982 1468 2010 1502 ο

2131 1469 2269 1518 gem;
2291 1452 2449 1517 Θεοῦ,
2479 1453 2512 1525 ἢ
2538 1455 2762 1526 μνήμης
2797 1456 3053 1526 θανάτου,
3086 1462 3182 1514 καὶ
3210 1461 3320 1517 τῶν
3351 1465 3571 1535 ὁμοίων,
3609 1470 3708 1523 καὶ

442 1544 695 1597 manuale
726 1543 1006 1623 paululum
1040 1559 1201 1613 opus;
1230 1553 1281 1599 et
1315 1558 1532 1597 rursum
1580 1542 1646 1595 ad
1723 1542 2010 1598 orationen

2128 1544 2329 1616 μικρὸν
2377 1546 2729 1616 ὲργόχειροψ
2764 1548 2863 1601 καὶ
2916 1550 3078 1604 πάλιν
3123 1553 3576 1626 ἑπανακάμπτειν
3622 1562 3705 1625 είς

441 1634 669 1699 reditus,
695 1634 909 1691 etiamsi
943 1635 1048 1690 vim
1101 1636 1198 1691 tibi
1253 1635 1454 1690 inferre
1482 1634 1704 1702 debeas,
1733 1635 1908 1688 donec
1939 1642 2011 1689 tu:

2125 1638 2458 1713 προσευχῂν,
2494 1638 2596 1691 κᾶν
2628 1638 2747 1709 βίαν
2776 1638 2876 1714 ἔχῃ
2928 1642 2988 1696 τὺ
3018 1646 3272 1716 πρᾶγμα,
3304 1647 3409 1711 ἕως
3437 1641 3498 1703 οῦ
3550 1651 3705 1725 ἐθίσῃ

438 1743 594 1783 mens
640 1730 942 1785 assueverit
991 1724 1433 1782 inconstantiam“
1466 1726 1738 1795 deponere
1812 1724 2008 1781 Domin

2103 1730 2150 1815 l6
2179 1727 2325 1792 νοῦς,
2362 1731 2455 1783 τὸν
2483 1733 2807 1803 ῥεμϐασμὸν
2836 1736 3191 1791 ἀποτίθεσθαι
3239 1740 3434 1795 ἑαυτοῦ
3456 1746 3521 1814 τῇ
3566 1724 3704 1815 πρὸς

441 1822 706 1877 memoria
735 1830 791 1877 et
810 1822 1068 1876 continua
1083 1821 1149 1875 ad
1167 1821 1350 1876 cordis
1376 1820 1616 1875 laborem
1654 1819 2009 1875 inclinatione

2103 1807 2328 1893 ίΚύριον
2389 1801 2605 1895 μνήμῃ,
2640 1801 2735 1878 xci.
2765 1829 2831 1897 τῇ
2887 1829 2968 1891 είς
2997 1828 3089 1882 τὸν
3119 1829 3219 1900 τῆς
3272 1801 3521 1903 καρδίας.
3542 1801 3705 1892 πόνον

440 1914 511 1969 Ea
525 1925 610 1971 est
627 1916 1017 1977 monachorum
1035 1918 1126 1985 qui
1149 1930 1334 1982 pacem
1355 1929 1518 1983 agere
1537 1914 1810 1983 incipiunt
1846 1929 2011 1985 opera

2124 1916 2336 1982 συνεχεῖ
2356 1914 2651 1969 ἐπινεύσει.
2697 1916 2845 1984 Αὕτη
2904 1919 2938 1989 ἡ
2983 1920 3216 1991 ἐργασία
3268 1923 3378 1977 τῶν
3421 1926 3703 1999 ἁρχαρίων

435 2010 532 2065 tio.
581 2007 964 2080 [hujuscemodi
1022 2009 1325 2063 monachus
1355 2022 1463 2062 non
1512 2008 1671 2063 debet
1719 2006 2011 2078 frequente:

2123 2005 2377 2075 μοναχῶν
2401 2004 2513 2059 τῶν
2535 2005 2798 2062 θελόντων
2830 2009 3126 2081 ἡσυχάσαι.
3162 2014 3223 2067 '0
3242 2014 3421 2070 τοίνυν
3460 2019 3701 2084 τοιοῦτος

435 2120 499 2157 ex
519 2102 711 2158 cellula
727 2103 896 2170 exire;
921 2102 1082 2177 debet
1101 2117 1131 2156 e
1156 2102 1432 2157 contrario
1454 2103 1697 2156 omnium
1722 2100 2011 2172 frequenta

2119 2093 2323 2165 ὀφείλει
2353 2096 2429 2167 μὴ
2463 2098 2704 2170 συνεχῶς
2736 2098 3059 2172 ἐξέρχεσθαι
3090 2104 3191 2175 τῆς
3218 2106 3441 2179 κέλλης·
3480 2109 3703 2181 ὁμιλίας

435 2197 580 2251 tione
612 2197 1149 2265 eteontemplaiione
1181 2210 1241 2251 se
1292 2195 1590 2257 abstinere,
1644 2196 1749 2250 nisi
1808 2204 2032 2265 propter

434 2304 685 2359 magnam
722 2290 1128 2353 necessitatem;
1170 2296 1226 2342 et
1256 2302 1402 2343 nunc
1446 2303 1569 2343 cum
1619 2289 1923 2345 attentione
1977 2298 2031 2344 et

433 2383 720 2452 vigilantia
742 2393 795 2441 ct
820 2400 969 2450 raro;
997 2399 1121 2452 quia
1149 2397 1260 2437 non
1288 2382 1453 2437 modo
1490 2382 1898 2451 incipientibus,
1931 2383 2025 2436 sed

431 2476 596 2532 etiam
628 2477 697 2532 iis
737 2476 831 2547 qui
890 2475 1165 2548 progressi
1218 2482 1368 2542 sunt,
1422 2474 1830 2529 mundationmt
1900 2474 2027 2526 talia

432 2577 720 2640 prmstant.

504 2747 639 2812 Qua:
660 2764 784 2802 cum
817 2751 1121 2804 attentione
1174 2750 1231 2803 lit
1283 2751 1455 2805 oratio
1491 2751 1698 2819 alisque
1759 2750 1862 2805 ulla
1917 2744 2021 2804 alia

432 2840 765 2910 cogitatione
790 2859 883 2912 per
916 2843 1014 2896 has
1049 2860 1248 2899 voces:
1304 2862 1323 2895 ο
1355 2844 1580 2898 Domine
1607 2842 1736 2898 Jesu
1780 2843 2020 2909 Christe,

435 2933 535 2993 Fili
564 2934 709 2997 Dei,»
737 2945 970 2990 mentem
992 2937 1351 3008 spiritualiter
1376 2950 1428 2992 et
1455 2939 1800 2992 inetlahititer
1817 2938 1881 2993 ad
1910 2955 2020 2993 me-

436 3037 709 3083 moratum
745 3027 1035 3082 Dominum
1065 3028 1272 3099 dirigit.
1300 3028 1404 3084 Per
1432 3031 1561 3083 illud
1585 3031 1765 3088 enim:
1808 3051 1827 3082 ι
1860 3031 2020 3086 Mise-

431 3138 551 3177 rere
575 3122 707 3188 mei,
734 3141 754 3175 ι
792 3124 861 3178 ad
883 3123 1121 3193 seipsam
1152 3123 1528 3189 convertitur;
1568 3139 1676 3178 non
1738 3127 2017 3183 sustinens

429 3234 542 3273 non
603 3234 701 3288 pro
756 3234 815 3274 se
845 3234 1006 3274 orare
1040 3237 1055 3287 ;
1088 3220 1155 3274 ad
1183 3218 1506 3274 charitatem
1541 3234 1671 3274 vero
1696 3220 2013 3289 proﬁciens,

430 3326 530 3381 per
557 3312 957 3381 experientiam
992 3312 1203 3367 unitive
1252 3312 1319 3367 ad
1356 3313 1533 3381 ipsum
1573 3313 1862 3367 Dominum
1896 3325 2018 3368 ten-

433 3405 535 3472 dit,
565 3412 857 3476 postquam
907 3404 1136 3459 seenndi
1171 3408 1581 3474 persuasionem
1620 3407 1853 3475 accepit.
1890 3406 2016 3462 ldeo

432 3513 543 3554 non
570 3512 789 3567 semper
821 3499 1137 3555 universam
1167 3499 1473 3555 oratiOnem
1517 3498 1745 3554 tradunt
1785 3498 2012 3555 Patres:

431 3592 529 3649 sed
585 3592 733 3648 alius
788 3591 1013 3662 quidem
1048 3592 1484 3656 uuiVersam,ut
1543 3590 2009 3665 Ch‘rysostomus:

432 3684 574 3742 alios
593 3699 747 3747 vero.
793 3703 813 3737 ι
846 3683 1134 3739 Dominum
1159 3684 1347 3741 Jesum
1382 3703 1428 3751 ι,
1462 3695 1520 3742 ιιι
1549 3684 1777 3750 Paulus,
1808 3686 2014 3743 addens

434 3776 488 3831 In
523 3774 727 3846 Spiritu
768 3788 982 3842 sancto,
1009 3776 1059 3833 id
1093 3788 1199 3845 est,
1239 3788 1529 3848 postquam
1567 3776 1807 3850 Spiritus
1835 3777 2013 3834 sancti

431 3869 727 3927 efﬁcaciam
764 3885 859 3927 cor
886 3854 1181 3941 acceperit,
1214 3885 1310 3936 per
1337 3886 1502 3942 quam
1564 3882 1617 3927 et
1644 3878 1763 3926 orat
1795 3889 1807 3925 :
1867 3870 2013 3940 quod

431 3979 620 4018 comm
645 3972 729 4019 est
782 3963 874 4034 qui
901 3964 1276 4034 profecerunt,
1309 3965 1410 4019 etsi
1443 3980 1552 4019 non
1584 3980 1858 4020 summum
1887 3965 2017 4019 aui-—

430 4058 629 4126 gerint,
670 4057 817 4128 quod
867 4068 950 4113 est
989 4057 1338 4114 illuminatio.
1389 4056 1604 4113 Clima:
1638 4058 1804 4113 dicit:
1852 4056 2014 4111 «No-

432 4154 578 4210 mine
608 4152 734 4210 Jesu
783 4155 974 4211 hostes
1024 4156 1273 4220 verbera,
1303 4163 1360 4211 et
1419 4153 1548 4213 Jesu
1609 4155 1869 4212 memoria
1906 4164 2013 4210 tua:

434 4249 779 4318 respirationi
827 4249 1124 4316 adttnetur,
1148 4267 1168 4302 ι
1206 4258 1261 4305 et
1303 4248 1436 4305 nihil
1468 4248 1615 4304 aliud
1656 4249 1824 4304 addit.
1860 4247 2015 4304 Licet

430 4338 617 4395 autem
643 4350 697 4397 et
722 4341 1129 4409 incipientibus,
1157 4357 1303 4396 nunc
1331 4340 1553 4411 quidem
1583 4339 1855 4396 universis
1885 4355 2014 4395 ora-

431 4431 596 4485 tionis
631 4431 856 4485 vocibus
907 4446 1104 4494 orare,
1153 4445 1298 4484 nime
1342 4443 1532 4484 earum
1579 4440 1732 4499 parte
1776 4436 2005 4494 tantum,

2118 2207 2179 2243 τε
2216 2193 2310 2243 καὶ
2356 2192 2587 2262 θεωρίας
2624 2193 2943 2264 ἀπέχεσθαι.
2969 2195 3210 2264 πάντων,
3249 2201 3299 2252 εί
3327 2200 3405 2271 μὴ
3440 2200 3528 2255 διὰ
3562 2203 3699 2257 πολ-

2118 2285 2218 2357 λὴν
2246 2285 2524 2356 ἀνάγκην·
2558 2289 2653 2340 καὶ
2705 2288 2827 2340 τότε
2876 2291 3016 2360 μετὰ
3064 2294 3341 2363 προσοχῆς
3390 2295 3487 2350 καὶ
3517 2297 3699 2365 ἀσφα-

2116 2375 2284 2442 λείας,
2338 2380 2430 2431 καὶ
2466 2382 2742 2442 σπανὶως·
2778 2380 2861 2434 ὅτι
2889 2382 2966 2454 μὴ
3017 2383 3178 2453 μόνον
3218 2388 3525 2458 ἀρχαρίοις,
3558 2389 3695 2443 ἀλλὰ

2116 2472 2206 2523 καὶ
2240 2473 2424 2534 αὐτοῖς
2476 2473 2590 2535 τοῖς
2650 2472 3057 2544 προκόπτουσιν
3101 2475 3224 2547 ἤδη,
3259 2481 3597 2552 σκορπιςμὸν
3625 2484 3696 2537 τὰ

2114 2562 2334 2617 τοιαῦτα
2366 2564 2634 2634 προξενεῖ.

2199 2757 2263 2812 Ἦ
2297 2761 2394 2814 σὺν
2451 2761 2693 2831 προσοχῇ
2727 2759 2989 2833 γινομένη
3026 2761 3165 2835 αῦτη
3203 2764 3482 2837 προσευχὴ
3520 2765 3692 2837 χωρὶς

2112 2851 2320 2916 ἐννοίας
2347 2851 2591 2923 δηλονότι
2618 2855 2784 2921 τινος,
2816 2853 2907 2907 διὰ
2956 2854 3056 2926 μὲν
3083 2856 3202 2920 τοῦ,
3243 2854 3450 2925 Κύριε,
3495 2857 3687 2926 Ἰησοῦ

2110 2944 2353 3014 Χριστὲ,
2364 2944 2456 2999 Υίέ
2468 2945 2572 2999 τοῦ
2590 2945 2761 3011 Θεοῦ,
2780 2946 2917 3017 πρὸς
2929 2946 3092 3000 αὑτὸν
3111 2948 3289 3012 ἀΰλως
3302 2949 3398 3002 καὶ
3410 2949 3687 3014 ἁλαλύτως

2118 3037 2437 3093 παντάπασι
2472 3039 2951 3110 μνημονευόμενον
2987 3039 3190 3109 Κύριον
3220 3043 3247 3094 6
3269 3040 3390 3104 νοῦς
3414 3042 3689 3095 ἀνατείνε-

2043 3174 2087 3234 C
2110 3148 2222 3186 ται.
2245 3130 2345 3184 Διὰ
2377 3130 2431 3183 δὲ
2455 3131 2572 3195 τοῦ,
2604 3129 2870 3199 ἐλέησόν
2897 3149 2995 3201 με,
3031 3132 3168 3201 πρὸς
3226 3133 3451 3185 ἑαυτόν·
3488 3132 3562 3204 μὴ
3588 3134 3686 3188 ἅν·
3730 3182 3735 3187 .

2113 3225 2374 3295 εχόμενος
2401 3223 2598 3277 ἑαυτοῦ
2633 3224 2709 3295 μὴ
2756 3225 3189 3299 ύπερεύχιισθαν
3220 3226 3355 3295 πρὸς
3391 3226 3609 3297 ἀγάπην
3631 3226 3689 3279 δὲ

2110 3314 2395 3386 προκόψας
2426 3313 2513 3368 διὰ
2542 3316 2737 3383 πείρας
2767 3314 2983 3382 ἑνικῶς,
3012 3317 3145 3384 προς
3172 3316 3332 3370 αὑτὸν
3356 3316 3453 3370 τὸν
3482 3319 3689 3388 Κύριον

2109 3407 2472 3475 ἀνατείνεται,
2511 3406 2606 3462 τοῦ
2649 3407 2907 3481 δευτέρου
2949 3409 3323 3480 πληροφορίαν
3353 3410 3553 3465 λαϐὼν.
3595 3411 3691 3463 Διὸ

2109 3499 2215 3553 οὐκ
2275 3499 2364 3552 ἀεὶ
2408 3499 2510 3569 τὴν
2567 3498 2736 3569 εὐχὴν
2773 3499 3068 3570 ὁλόκληρον
3098 3501 3145 3553 οί
3181 3501 3422 3570 Πατέρες
3463 3501 3693 3570 παραδι-

2107 3591 2290 3655 δόντες
2318 3590 2628 3660 φαίνονται·
2673 3590 2790 3645 ἀλλ’
2818 3593 2846 3648 6
2875 3592 2975 3663 μὲν
3022 3592 3338 3665 ὁλόκληρον,
3367 3594 3441 3658 ὡς
3471 3596 3501 3647 6
3538 3596 3689 3665 Χρυ-

2110 3684 2411 3753 σόστομοςο
2443 3683 2472 3735 6
2512 3683 2568 3736 δὲ
2612 3684 2705 3736 τὸν
2754 3682 2960 3756 Κύριον
3018 3684 3247 3754 Ἰησοῦν,
3276 3684 3352 3750 ὡς
3393 3687 3420 3739 ὁ
3454 3684 3686 3750 Παῦλος,

2109 3774 2424 3847 προστιθεὶς
2455 3776 2513 3830 ὲν
2537 3774 2815 3845 Πνεῦματι
2843 3775 3005 3848 ἁγίῳ,
3032 3777 3332 3844 τουτέστιν,
3360 3777 3487 3831 ὅταν
3535 3776 3690 3848 ἐνέρ-

2105 3884 2262 3937 γειαν
2296 3866 2618 3939 Πνεύματος
2649 3867 2808 3937 ἁγίου
2837 3871 2871 3938 ἡ
2914 3868 3113 3941 καρδία
3141 3869 3382 3940 δέξηται,
3409 3869 3476 3923 δι’
3497 3864 3564 3942 ἧς
3592 3873 3688 3923 καὶ

2106 3960 2502 4033 προσεύχεται·
2556 3961 2694 4033 ὅπερ
2729 3962 2844 4015 ἐστὶ
2892 3961 3000 4014 τῶν
3033 3961 3444 4033 προκοψάντων,
3492 3964 3541 4014 εί
3591 3961 3688 4015 καὶ

2107 4056 2183 4125 μὴ
2218 4054 2440 4119 τελείως
2487 4053 2674 4124 ἀκμήν
2696 4069 2710 4082 ·
2770 4054 2910 4124 ὅπερ
2943 4053 3093 4107 ἐστὶν
3140 4056 3168 4108 6
3193 4052 3493 4124 φωτισμός.
3537 4052 3597 4109 '0
3626 4052 3687 4106 δὲ

2102 4148 2201 4218 τῆς
2234 4145 2520 4217 Κλίμακος
2562 4161 2765 4216 φησιν·
2815 4145 2989 4216 Ἰησοῦ
3025 4145 3251 4215 ὀνόματι
3307 4146 3538 4216 μάστιζε
3585 4160 3687 4196 ποο

2100 4239 2343 4309 λεμίους,
2374 4239 2467 4292 καὶ
2507 4238 2683 4310 Ἰησοῦ
2720 4239 2915 4310 μνήμη
2958 4238 3292 4309 κολληθείτω
3311 4244 3377 4312 τῇ
3411 4243 3547 4313 πνοῇ
3567 4256 3681 4294 σουο

2100 4332 2196 4384 καὶ
2218 4329 2371 4385 οὐδὲν
2409 4329 2598 4401 ἕτερον
2649 4331 3031 4401 προστίθησιν.
3073 4332 3293 4399 Ἔξεστί
3338 4331 3397 4387 δὲ
3425 4332 3529 4415 ,καὶ
3574 4334 3681 4415 τοῖς

2097 4424 2411 4496 ἁρχαρίοις,
2444 4424 2577 4480 ποτὲ
2614 4424 2738 4495 μὲν,
2766 4425 2909 4490 ὅλοις
2937 4428 3050 4490 τοῖς
3082 4425 3184 4496 τῆς
3225 4414 3537 4498 προσευχῆς
3581 4414 3682 4498 pq?

430 4521 733 4576 secundum
758 4530 1027 4597 tuentem,
1062 4530 1121 4576 ut
1147 4522 1354 4577 dictum
1383 4529 1488 4577 est.
1533 4519 1650 4575 Non
1673 4519 1875 4577 debent
1918 4529 2003 4576 ta-

2103 4532 2261 4588 μασι,
2284 4516 2417 4572 ποτὲ
2447 4515 2505 4570 δὲ
2550 4517 2611 4569 ὲν
2661 4517 2819 4590 μέρει
2852 4517 3056 4589 ταύτης
3090 4519 3498 4592 προσεύχεσθαι
3540 4518 3684 4574 κατὰ

431 4629 553 4668 men
573 4612 836 4668 continuo
877 4624 1113 4676 mutare,
1145 4629 1211 4670 ne
1269 4615 1395 4669 inde
1439 4614 1852 4683 dissipationem
1920 4630 2014 4685 pa-

431 4710 658 4762 tiantur.
695 4706 752 4762 Si
782 4708 908 4778 quis
941 4708 1213 4779 praedicta:
1269 4724 1422 4780 purae
1448 4710 1717 4766 orationis
1749 4710 2008 4768 methodo

429 4797 727 4864 adlueroat,
776 4800 1033 4870 quamvis
1070 4816 1176 4855 non
1209 4801 1438 4856 omnino
1469 4816 1604 4873 pure
1665 4802 1782 4859 ﬁeri
1834 4805 2008 4875 possit

430 4900 654 4960 preptcr
707 4890 997 4948 obstacula
1041 4908 1163 4962 qua:
1224 4895 1625 4964 superveniunt
1688 4906 1743 4951 et
1800 4896 2006 4953 mentis

430 4983 846 5052 distractiones,
880 4986 1196 5057 assequitur
1248 4990 1500 5043 coiiando
1533 4989 1766 5044 libenter
1813 4990 2005 5047 orandi

438 5078 707 5147 habitum,
743 5096 810 5137 eo
842 5081 989 5150 quod
1025 5097 1181 5139 mens
1209 5083 1359 5139 cordi
1396 5083 1657 5149 adimeret,
1684 5099 1859 5154 neque.
1886 5085 2006 5140 vio-

435 5172 612 5228 lenter
638 5188 736 5242 per
789 5175 1204 5246 inspirationem
1271 5177 1551 5233 inducitur
1581 5193 1761 5248 neque
1782 5193 2002 5234 rursum

423 5263 608 5318 statim
640 5264 936 5334 educitur;
978 5268 1071 5323 sed
1105 5267 1220 5338 ipse
1240 5268 1383 5340 apud
1413 5284 1472 5324 se
1508 5269 1611 5323 hac
1639 5267 1893 5324 methodo
1915 5285 2003 5323 re-

422 5365 607 5412 manet
629 5367 682 5413 et
706 5368 847 5415 orat.
867 5360 999 5428 Quae
1024 5362 1220 5428 oratio,
1237 5361 1420 5419 cordis
1443 5362 1618 5417 oratio
1634 5372 1999 5433 nuncupatur.

425 5447 693 5506 Praecedit
716 5462 903 5507 autem
937 5467 1059 5508 eam
1113 5453 1337 5523 quidam
1360 5455 1553 5530 fervor
1593 5455 1646 5510 in
1680 5460 1868 5522 corde,
1899 5459 1997 5530 qui

426 5541 607 5612 rejicit
632 5542 898 5611 quidquid
966 5546 1189 5616 impedit
1245 5527 1375 5616 quin
1435 5548 1535 5602 hac
1563 5549 1740 5604 oratio
1764 5527 2001 5620 perfecte

424 5650 556 5699 l-nra
604 5638 894 5693 etliciatur.
950 5638 1130 5708 Atque
1181 5640 1254 5694 ita
1285 5657 1438 5695 mens
1486 5644 1769 5700 adhaerens
1793 5646 2000 5717 absque

422 5728 818 5796 impedimento
849 5731 902 5785 in
937 5734 1103 5786 corde
1132 5741 1271 5788 orat.
1308 5731 1363 5787 In
1423 5736 1525 5790 hoc
1550 5744 1729 5790 autem
1782 5739 1999 5794 fervore

420 5826 476 5870 et
502 5822 755 5879 oratione
824 5823 951 5882 .lssu
978 5824 1134 5894 cujus
1190 5828 1459 5899 meminit,
1488 5829 1724 5886 charitas
1754 5832 1805 5885 in
1833 5834 1996 5889 corde

2099 4609 2245 4675 νοῦν,
2283 4611 2360 4676 ὡς
2404 4611 2621 4682 εἴρηται
2646 4626 2661 4640 ⁸
2694 4613 2770 4682 μὴ
2805 4610 2907 4681 μέν
2934 4628 3017 4665 τοι
3044 4611 3285 4682 συνεχῶς
3314 4610 3679 4676 ἐναλλάττειν,

2100 4704 2189 4760 ῐνα
2224 4704 2301 4776 μὴ
2331 4706 2395 4757 ἐκ
2442 4702 2635 4757 τούτου
2670 4702 2942 4775 μερισμὸν
2976 4702 3186 4779 πάσχῃ,
3217 4706 3284 4758 ἐκ
3310 4704 3406 4758 τοῦ
3438 4704 3683 4777 προσμέ-

2098 4813 2212 4850 νειν
2240 4799 2306 4868 τῇ
2355 4795 2625 4869 εἰρημένῃ
2666 4796 2878 4868 μεθόδῳ
2920 4796 3022 4868 τῆς
3054 4797 3302 4869 καθαρᾶς
3335 4797 3642 4869 προσευχῆς
3662 4812 3679 4828 ⁶

2097 4890 2147 4941 εί
2176 4889 2272 4942 καὶ
2301 4889 2377 4961 μὴ
2410 4888 2671 4961 καθαρῶς
2695 4888 2896 4955 ἄλλως,
2922 4889 3162 4961 δηλονότι
3194 4890 3284 4945 διὰ
3309 4891 3409 4955 τὰς
3428 4890 3679 4961 ἐμποδὼν

2094 4982 2266 5055 ταύτῃ
2318 4982 2610 5055 γινομένας
2667 4981 3008 5053 προσλήψεις
3053 4982 3150 5037 καὶ
3186 4983 3313 5047 τοὺς
3360 4981 3675 5052 λογισμοὺς,

2095 5075 2314 5146 ἔρχεται
2338 5077 2368 5129 6
2402 5074 2811 5146 ἀγωνιζόμενος
2840 5076 2899 5127 ὲν
2931 5073 3045 5140 ἕξει
3073 5074 3169 5129 τοῦ
3198 5075 3476 5138 ἀϐιάστως
3504 5089 3676 5145 προσ-

2096 5167 2377 5239 εύχεσθαι,
2406 5168 2487 5240 τῷ
2514 5167 2852 5241 προσμένειν
2877 5169 2936 5222 ὲν
2958 5170 3025 5239 τῇ
3057 5168 3255 5240 καρδίᾳ
3283 5168 3374 5222 τὸν
3405 5165 3551 5235 νοῦν,
3585 5165 3678 5221 καὶ

2098 5259 2173 5331 μὴ
2204 5260 2395 5331 βιαίως
2424 5259 2514 5313 διὰ
2563 5263 2665 5332 τῆς
2702 5261 2963 5332 είσπνοῆς
3008 5259 3486 5329 είσάγεσθαι,’καὶ
3520 5253 3677 5321 αὖθις

2092 5352 2255 5416 εὐθὺς
2286 5352 2573 5423 άποπηδᾷν
2594 5365 2607 5378 ·
2638 5352 2755 5405 ἀλλ’
2790 5352 2953 5406 αὑτὸν
2979 5352 3112 5422 παρ’
3143 5351 3322 5424 ἑαυτῷ
3349 5332 3676 5422 προσμένειν

2090 5443 2289 5517 ταύτῃ,
2322 5445 2414 5498 καὶ
2452 5443 2872 5515 προσεύχεσθαι.
2930 5443 3039 5496 Καὶ
3068 5442 3227 5498 τοῦτο
3258 5446 3375 5497 ἐστι
3417 5443 3512 5497 καὶ¹
3553 5443 3673 5496 ὀνο-

2098 5535 2332 5608 μάζεται
2361 5536 2642 5606 προσευχὴ
2678 5536 2975 5607 καρδιακή.
3017 5535 3353 5605 Προηγεῖται
3383 5534 3442 5588 δὲ
3474 5534 3673 5603 ταύτης

2093 5630 2271 5701 θέρμη
2303 5647 2385 5691 τις
2437 5630 2495 5681 ὲν
2524 5631 2591 5699 τῇ
2640 5626 2855 5699 καρδίᾳ,
2896 5627 3019 5697 ἥτις
3052 5627 3316 5682 ἀποσοῦεί
3342 5628 3410 5682 τὰ
3453 5627 3670 5697 ἐμποδί-

2093 5720 2257 5784 ζοντα
2305 5721 2405 5789 τὴν
2447 5716 2722 5789 προτέραν
2763 5718 3013 5790 καθαρὰν
3067 5717 3289 5783 τελείως
3335 5717 3670 5771 ἐκτελεῖσθαι

2095 5815 2425 5884 προσευχήν,
2463 5811 2571 5867 Καὶ
2604 5808 2778 5875 οὕτως
2809 5813 2835 5865 6
2860 5811 2981 5877 νοῦς
3008 5811 3354 5883 προσμένων,
3376 5808 3668 5872 ἀκωλύτως
