4058 6454
339 346 441 414 825

1407 340 1503 402 DE
1546 339 1831 414 QUlETA
1873 336 2532 408 CONVERSATIONE.

3505 335 3611 401 326

344 470 403 516 ἐν
434 461 635 534 καρδίᾳ
664 458 906 531 εὓχεται.
955 458 1045 511 Ἑν
1073 456 1129 511 δὲ
1170 457 1234 528 τῇ
1265 454 1494 527 τοιαύτῃ
1518 454 1697 527 θέρμῃ
1738 471 1798 507 τε
1830 455 1921 507 καὶ

2023 463 2267 531 g'gnitur
2302 504 2316 527 ,
2345 480 2407 519 ex
2447 479 2553 533 qua
2590 462 2841 534 lacrymze
2871 475 3033 530 quam
3060 455 3380 514 dulcissime
3409 434 3605 517 ﬂuunt,

346 557 647 629 προσευχῇ,
690 553 723 623 ἡ
759 552 895 623 πρὸς
924 550 1016 604 τὸν
1051 549 1527 621 μνημονευόμενον
1578 549 1783 619 Κύριον
1821 549 1926 620 Ἰη-

347 647 474 701 σοῦν
504 647 696 715 ἀγάπη
732 646 789 697 ὲν
822 642 1026 714 καρδίᾳ
1052 643 1330 695 τίκτεται·
1355 640 1415 706 ὲξ
1452 636 1518 712 ἦς
1544 641 1637 694 καὶ
1662 640 1920 710 δάκρυον,

346 737 613 807 γλυκερὸν
632 737 714 789 ὄτι
756 733 1007 789 πλεῖστον
1032 775 1047 802 ,
1078 734 1336 806 ἀπορρεῖ,
1390 733 1558 787 πόθου
1587 732 1681 786 τοῦ
1710 750 1921 805 μνημο-

346 827 640 897 νευομένου
676 825 872 895 Ἰησοῦ.

418 919 516 971 'lv'
552 913 645 971 οὖν
675 934 757 981 τις
790 916 1048 987 ἀξιωθείη
1081 914 1287 971 τούτων
1314 955 1329 979 ,
1366 915 1592 970 καὶτῶν
1626 914 1763 985 μετὰ
1792 911 1924 968 ταῦὶ

344 1029 412 1064 τα
452 1010 672 1064 πάντων
693 1039 708 1051 -
734 1009 771 1064 ἃ
792 1009 887 1063 νῦν
944 1010 1125 1079 λέγειν
1154 1010 1214 1062 οὐ
1250 1010 1442 1080 καιρός
1465 1025 1479 1040 ο
1519 1008 1771 1061 σπεύδειν
1791 1007 1919 1077 χρὴ,

344 1103 602 1175 καθάπερ
630 1104 868 1174 εἴρηται.
903 1103 993 1156 τὶν
1025 1101 1160 1156 Θεοῦ
1192 1102 1356 1171 φόϐον
1405 1100 1550 1171 ἔχειν
1582 1098 1690 1169 πρὸ
1722 1098 1922 1166 ὀφθαλ-

348 1197 485 1269 μῶν,
522 1198 660 1269 μετά
686 1197 783 1267 τῆς
811 1196 1034 1268 μνήμης
1064 1194 1155 1247 τοῦ
1194 1194 1396 1263 Ἰησοῦ,
1426 1193 1571 1246 ἔνδον
1606 1194 1663 1245 ὲν
1700 1190 1920 1261 καρδία,

344 1291 441 1346 καὶ
473 1290 571 1360 ο·⁹›χ
593 1288 781 1351 ἁπλῶς
815 1287 990 1352 ἐκτὸς,
1047 1285 1113 1338 ἶν’
1142 1283 1312 1348 οὕτως
1350 1284 1570 1353 ὲκκλίνῃ
1608 1280 1805 1352 ῥᾳδίως
1849 1280 1913 1332 οὐ

344 1382 456 1438 τῶν
493 1382 674 1454 ἔργων
710 1381 816 1436 τῶν
851 1381 1104 1452 πονηρῶν
1157 1381 1339 1451 μόνον,
1387 1379 1525 1435 ἀλλὰ
1553 1381 1648 1435 καὶ
1679 1383 1786 1436 τῶν
1823 1383 1923 1453 ἔμ-

345 1472 530 1527 ποθῶν
575 1470 870 1541 λογισμῶν,
907 1473 997 1526 καὶ
1042 1475 1121 1535 είς
1162 1472 1441 1545 προκοκὴν
1471 1473 1619 1547 ἔλθῃ,
1649 1473 1746 1527 τοῦ
1779 1474 1922 1548 πλη-

348 1561 608 1631 ροφορίαν
628 1560 881 1614 ἐντεῦθεν
914 1563 1087 1632 σχεῖν,
1117 1562 1214 1632 τῆς
1235 1562 1372 1635 πρὸς
1398 1563 1562 1617 αὐτὸν
1592 1561 1811 1635 ἀγάπης
1825 1567 1921 1620 τοῦ

345 1649 482 1703 Θεοῦ
510 1667 524 1681 ·
552 1650 715 1721 μόνον
738 1650 898 1713 αὐτὸς
934 1651 1008 1721 μὴ
1040 1650 1269 1720 ζητείτω
1298 1651 1715 1722 τὴνέμφάνειαν
1733 1651 1920 1719 αὐτοῦ,

345 1740 434 1795 ἵνα
468 1741 544 1811 μὴ
570 1740 788 1810 δέξηται
817 1742 908 1794 τὸν
939 1742 1129 1805 σκότος
1150 1742 1302 1807 ὄντα,
1334 1744 1427 1797 καὶ
1462 1744 1577 1814 φῶς
1606 1740 1747 1800 εἶναι
1786 1747 1922 1801 ὑποο

347 1832 690 1902 κρινόμενον.
731 1833 897 1886 Ὀταν
934 1835 1043 1905 γὰρ
1075 1837 1104 1886 ό
1137 1836 1261 1909 νοῦς
1292 1837 1459 1889 αὐτοῦ
1505 1837 1580 1908 μὴ
1611 1838 1922 1908 ζητοῦντος.

348 1923 462 1991 φῶς
488 1925 611 1993 όρξί,
669 1925 744 1995 μὴ
805 1927 1221 1996 παραδεχέοθω,
1257 1928 1395 1997 μήτε
1448 1927 1555 2000 μὴν
1584 1932 1925 1999 καταργείτω

346 2013 522 2069 τοῦτο.
543 2013 683 2069 Ἀλλ’
702 2016 962 2087 ἐρωτάτω
988 2018 1082 2071 τὸν
1098 2018 1290 2087 ἔχοντα
1317 2017 1549 2087 δύναμιν
1571 2018 1804 2085 διδάξαι.
1828 2022 1924 2075 καὶ

346 2106 409 2161 τδ
430 2107 630 2178 ἀληθὲς
669 2109 1011 2179 μανθανέτω,
1049 2110 1145 2164 καὶ
1165 2111 1216 2163 εί
1238 2110 1335 2178 μὲν
1364 2108 1504 2181 εὕρῃ
1525 2109 1618 2163 τὸν
1642 2109 1926 2177 διδάξοντα

350 2200 409 2252 οὐ
457 2198 639 2264 καθὼς
690 2201 850 2272 μόνον
876 2200 988 2255 ἀπὸ
1029 2201 1129 2270 τῆς
1157 2200 1307 2264 θείας
1331 2200 1556 2273 Γραφῆς
1586 2200 1728 2271 ἔγνω
1749 2217 1762 2230 °
1789 2202 1927 2257 ἀλλὰ

353 2293 447 2347 καὶ
479 2294 638 2357 αὐτὸς
671 2295 880 2357 ἐκεῖνος
933 2292 1221 2364 μακαρίως
1263 2291 1433 2346 ἔπαθε
1478 2292 1571 2346 τὸν
1620 2292 1924 2363 φωτισμὸν,

349 2384 428 2456 τῷ
459 2384 575 2454 θεῷ
607 2386 782 2457 χάρις.
806 2386 867 2439 Εί
898 2384 943 2439 δ’
975 2381 1069 2439 οὖν
1107 2387 1363 2456 κρεῖσσον
1393 2384 1456 2438 τὸ
1500 2384 1574 2456 μὴ
1614 2384 1925 2456 παραδέξα-

350 2475 495 2537 σθαι,
521 2475 634 2529 ἀλλ’
659 2478 717 2528 ὲν
746 2474 1080 2530 ταπεινώσει
1107 2475 1243 2546 πρὸς
1273 2474 1363 2528 τὸν
1391 2474 1524 2527 Θεὸν
1557 2480 1923 2544 καταφυγεῖν,

346 2564 564 2631 ἀνάξιον
618 2566 812 2620 ἑαυτὸν
872 2565 1164 2622 ἀποκαλῶν
1214 2565 1310 2635 τῆς
1355 2564 1614 2636 τοιαύτης
1667 2564 1926 2636 θεωρίας,

347 2657 531 2721 καθὼς
588 2659 680 2711 καὶ
724 2656 884 2711 τοῦτο
932 2656 1086 2725 παρὰ
1129 2657 1236 2710 τῶν
1263 2658 1523 2727 Πατέρων
1565 2656 1928 2728 ἐδιδάχθημεν

348 2749 518 2822 ἔργῳ.
544 2749 608 2803 Εί
642 2752 751 2822 γάρ
780 2751 875 2804 καὶ
899 2751 959 2802 ὲν
983 2750 1165 2812 ἄλλοις
1207 2749 1389 2803 αὐτῶν
1421 2748 1821 2819 συγγράμμασι
1860 2749 1929 2803 τὰ

351 2844 553 2910 σημεῖα
581 2841 674 2895 τοῦ
710 2841 1009 2906 ἀπλανοῦς,
1036 2843 1128 2894 καὶ
1159 2841 1254 2894 τοῦ
1277 2844 1375 2911 τῆς
1409 2841 1619 2911 πλάνης
1644 2840 1928 2911 φωτισμοῦ

352 2951 541 3002 φασιν,
566 2935 680 2988 ἀλλ’
705 2934 894 3007 ὥσπερ
917 2936 983 2989 τά
1013 2936 1393 3006 προειρημένα
1424 2935 1599 2988 πάντα
1628 2935 1717 2988 διὰ
1744 2932 1929 3003 ζώσης

237 3072 243 3077 .
353 3026 535 3094 φωνῆς
560 3026 819 3097 ἤκουσας,
851 3026 1000 3085 οὕτω
1023 3026 1085 3098 δὴ
1124 3028 1217 3080 καὶ
1256 3028 1386 3098 περὶ
1416 3027 1609 3081 τούτου
1640 3025 1781 3087 κατά
1805 3041 1931 3080 και·

355 3115 445 3185 ρδν
469 3115 697 3168 ἀκοῦσαι
717 3130 730 3143 θ
765 3116 860 3170 νῦν
889 3116 999 3189 γάρ
1032 3118 1095 3170 οὐ
1121 3116 1337 3187 καιρός.
1375 3116 1546 3170 Τοῦτο
1576 3116 1632 3170 δὲ
1664 3114 1760 3169 νῦν
1794 3115 1932 3186 μᾶλ-

2018 558 2144 614 J--su
2187 558 2472 611 memorati
2527 555 2821 612 desiderio.

2105 904 2175 960 Ut
2210 903 2376 972 igitur
2408 903 2490 957 his
2517 901 2715 967 a'iqnis
2743 902 2940 964 dignus
2969 902 3038 954 sit
3070 910 3125 955 rt
3159 901 3278 956 aliis
3310 916 3431 968 qum
3476 899 3603 953 inde.

2028 1007 2367 1062 sequuntur,
2407 1008 2552 1046 nunc
2581 992 2870 1045 dicendum
2902 1001 3143 1044 remanet
3171 1009 3186 1057 ;
3219 991 3404 1045 conari
3436 1005 3601 1056 opor-

2022 1098 2095 1141 tet
2135 1087 2227 1139 Dei
2262 1086 2512 1141 timorem
2546 1093 2670 1137 ante
2732 1083 2920 1136 oeulos
2952 1083 3150 1135 habere.
3183 1098 3304 1136 cum
3337 1079 3601 1135 memoria

2021 1181 2146 1235 Jesu
2174 1181 2225 1234 in
2258 1180 2443 1239 corde.
2471 1193 2647 1241 neque
2673 1177 2993 1242 simpliciter
3021 1185 3173 1227 extra
3197 1191 3308 1231 cur.
3337 1184 3391 1226 nt
3413 1175 3484 1226 ita
3505 1172 3604 1226 de-

2020 1276 2186 1329 clinet
2221 1273 2376 1327 facile
2404 1288 2509 1328 non
2545 1271 2706 1325 modo
2736 1287 2764 1325 a
2801 1268 2983 1334 pravis
3010 1267 3283 1334 operibus,
3320 1266 3412 1319 sed
3433 1266 3600 1319 etiam

2021 1375 2088 1423 ab
2110 1369 2285 1421 ohtiis
2313 1366 2757 1429 cogitationibus.
2776 1373 2830 1418 et
2852 1364 2916 1417 ad
2944 1360 3242 1427 profectum
3270 1358 3448 1413 veniat
3477 1373 3599 1427 per-

2019 1465 2331 1518 suasionem
2398 1459 2628 1514 habendi
2661 1457 2947 1512 charitatis
3003 1454 3093 1509 Dei
3158 1469 3281 1525 erga
3337 1452 3600 1520 seipsum.

2022 1555 2177 1610 Modo
2203 1569 2310 1607 non
2344 1559 2557 1623 qnmrat
2578 1550 2696 1620 ejus
2722 1546 3247 1608 manifestationem,
3280 1557 3348 1596 ne
3376 1540 3603 1610 recipiat

2021 1661 2146 1702 eum
2177 1645 2270 1715 qui
2291 1643 2509 1699 tenebra
2528 1652 2613 1699 est
2642 1651 2694 1697 et
2724 1656 2783 1697 se
2813 1655 2932 1695 esse
2956 1638 3132 1693 lucem
3171 1635 3343 1705 tingit.
3367 1630 3603 1700 Quando

2020 1740 2166 1795 enim
2217 1753 2372 1793 mens
2412 1736 2559 1790 illius
2612 1749 2717 1789 non
2750 1732 3046 1803 qumentis
3101 1728 3280 1783 lucem
3311 1727 3457 1780 ridet
3486 1741 3502 1787 ;
3533 1739 3603 1777 ne

2021 1852 2137 1888 eam
2169 1833 2424 1900 accipiat,
2466 1844 2643 1899 neque
2669 1842 2787 1883 eam
2846 1823 3135 1893 despiciat.
3163 1819 3256 1875 Sic
3289 1818 3466 1888 igitur-
3489 1830 3603 1869 me-

2022 1928 2125 1981 lius
2182 1935 2266 1981 est
2318 1940 2437 1979 eam
2470 1938 2577 1977 non
2634 1918 2907 1988 accipere,
2946 1915 3041 1971 sed
3096 1914 3150 1967 in
3199 1910 3507 1967 humilitate
3535 1908 3601 1960 ad

2018 2020 2188 2075 Deum
2253 2016 2570 2087 confugere,
2608 2013 2851 2083 seipsum
2888 2008 3177 2077 indignum
3214 2002 3460 2061 clamans
3506 1998 3597 2053 tali

2018 2109 2507 2180 contemplatione.
2544 2101 3004 2175 quemadmodum
3047 2113 3077 2154 a
3115 2094 3373 2152 Patribus
3432 2106 3600 2160 opere

2016 2178 2329 2255 didicimus.
2362 2194 2419 2251 Si
2444 2195 2591 2252 enim
2625 2194 2677 2248 in
2701 2192 2823 2248 aliis
2853 2191 2969 2246 suis
2994 2186 3252 2257 operibus
3312 2198 3419 2238 non
3473 2178 3597 2235 falsi

2015 2291 2243 2349 luminis
2271 2290 2427 2362 signa
2458 2298 2511 2345 et
2542 2288 2660 2344 falsi
2686 2284 2933 2349 tradunt,
2986 2284 3081 2337 sed
3137 2275 3599 2351 quemadmodum

2016 2383 2271 2454 praedicta
2303 2381 2486 2436 omnia
2519 2379 2638 2434 viva
2655 2392 2793 2433 voce
2818 2373 3042 2437 audisti,
3066 2371 3140 2426 ita
3170 2383 3302 2426 sane
3321 2374 3375 2422 et
3398 2367 3467 2422 de
3494 2363 3599 2418 hoc

2018 2478 2234 2541 ultimo,
2284 2482 2533 2544 tempore
2565 2482 2896 2543 opportuno,
2933 2468 3163 2522 audies:
3222 2475 3366 2517 nunc
3415 2470 3597 2515 autem
3662 2526 3665 2527 ν

2016 2586 2123 2626 non
2153 2578 2238 2626 est
2262 2579 2493 2638 tempus.
2513 2566 2670 2621 Nune.
2701 2573 2879 2618 autem
2900 2577 3022 2617 cum
3051 2558 3173 2614 aliis
3193 2566 3247 2613 et
3267 2565 3391 2610 ante
3415 2553 3518 2609 alia
3547 2560 3602 2607 te

2015 2664 2229 2720 discere
2257 2668 2492 2732 oportet,
2526 2657 2695 2729 quod,
2726 2652 3191 2727 quemadmodum
3224 2650 3312 2703 ille
3352 2647 3446 2718 qui
3480 2644 3595 2699 vult

2015 2760 2264 2829 sagittam
2297 2755 2547 2810 emittere
2573 2790 2588 2815 ,
2619 2767 2725 2805 non
2760 2750 2967 2818 absque
2994 2747 3149 2814 signo
3179 2744 3351 2798 tendit
3384 2756 3599 2803 arcum,

2017 2853 2088 2905 ita
2118 2848 2211 2920 qui
2237 2849 2353 2903 vult
2384 2843 2839 2913 tranquillitatem
2905 2840 3138 2899 discere,
3164 2851 3224 2890 se
3257 2833 3372 2888 miti
3430 2831 3600 2887 corde

2013 2957 2138 2998 csse
2156 2940 2370 2996 debere
2403 2947 2658 3007 tanquam
2696 2934 2912 3004 signum
2942 2930 3159 2991 habeat,
3191 2939 3473 2995 nunquam
3542 2923 3598 2977 iu

2014 3033 2263 3104 quolibet
2343 3027 2751 3100 perturbantem
2815 3037 2992 3094 neque
3058 3019 3489 3091 perturbatum:
3551 3015 3597 3069 si

2018 3125 2260 3178 nondum
2293 3122 2361 3175 de
2394 3121 2592 3190 pietate
2621 3117 2694 3172 sit
2736 3129 2938 3171 sermo.
2970 3113 3028 3167 ld
3086 3118 3269 3164 autem
3308 3106 3467 3162 facile
3496 3104 3599 3174 ipsi

351 3205 440 3302 λον
471 3207 607 3275 μετὰ
634 3206 742 3259 τῶν
765 3207 962 3270 ἄλλων,
990 3207 1084 3259 καὶ
1111 3206 1217 3277 πρὸ
1260 3206 1369 3259 τῶν
1397 3206 1570 3260 ἄλλων
1600 3204 1680 3259 δεῖ
1714 3203 1928 3275 μαθεῖν,

2020 3215 2304 3274 succedet.
2338 3214 2407 3268 ab
2441 3210 2698 3267 omnibus
2742 3207 2907 3264 simul
2941 3202 3236 3261 declinanti
3272 3209 3326 3257 et
3356 3201 3599 3268 plerum-

350 3298 452 3362 ὅτι,
482 3298 669 3368 ὥσπερ
699 3300 731 3357 ό,
757 3298 999 3364 τοξεύειν
1054 3298 1247 3368 μαθεῖν
1302 3297 1471 3351 θέλων
1502 3297 1603 3351 οὐκ
1655 3297 1783 3351 ἄνευ
1831 3312 1923 3365 ση·

355 3389 508 3455 μείου
537 3390 596 3441 τδ
624 3390 778 3455 τόξον
802 3389 993 3455 τείνει,
1025 3388 1198 3453 οὕτως
1230 3392 1258 3443 ὁ
1290 3391 1563 3462 ἡσυχάσαι
1593 3389 1784 3460 μαθεῖν
1811 3388 1933 3445 ἑθέ-

353 3482 562 3545 λων,τδ
599 3484 687 3537 ἀεὶ⁸
749 3487 922 3555 πρᾶος
963 3481 1106 3540 εἶναι
1156 3487 1255 3555 τὴν
1302 3486 1553 3557 καρδίαν,
1581 3486 1656 3549 ὡς
1707 3486 1963 3556 σημεῖονσ

352 3578 543 3646 ἐχέτω,
574 3579 847 3649 μηδέποτε
873 3579 932 3632 ὲν
965 3580 1158 3648 μηδενὶ
1181 3580 1491 3652 ταράττων,
1524 3580 1557 3651 ἢ
1593 3579 1935 3651 ταραττόμε-

352 3688 443 3734 νος
466 3687 479 3700 ·
507 3675 556 3725 εἰ
593 3674 781 3744 μήπου
819 3674 951 3743 περὶ
972 3673 1261 3737 εὐσεϐείας
1294 3675 1324 3728 ό
1352 3674 1533 3743 λόγος.
1570 3673 1744 3728 Τοῦτο
1768 3673 1825 3728 δὲ
1847 3672 1936 3726 εὐ-

354 3764 523 3827 κόλως
555 3764 622 3819 ἂν
671 3764 1071 3835 κατορθωθείη,
1108 3766 1327 3819 πάντων
1360 3766 1628 3820 ἐκκλίνων
1667 3765 1804 3838 ἅμα,
1839 3762 1937 3819 καὶ

353 3856 424 3909 τὰ
452 3856 684 3911 πλεῖστα
721 3856 966 3912 σιωπῶν.
999 3858 1064 3912 Ri
1091 3857 1151 3912 δέ
1177 3874 1232 3911 τι
1261 3858 1358 3912 καὶ⁵
1381 3857 1622 3929 συμϐαίη
1663 3857 1816 3923 ποτὶ,
1840 3872 1939 3927 με·

354 3952 562 4004 τανοεῖν
608 3949 789 4015 εὐθὺς,
837 3951 930 4005 καὶ
955 3950 1152 4004 ἑαυτοῦ
1196 3947 1699 4020 καταμέμφεσθαι,
1733 3949 1829 4002 καὶ
1853 3948 1934 4011 είς

354 4042 415 4094 τει
438 4042 564 4112 ἑξῆς
587 4043 898 4114 προσέχειν,
924 4042 990 4097 ἵν’
1021 4042 1239 4114 ἡσύχως
1271 4060 1331 4095 τε
1363 4041 1457 4095 καὶ
1521 4041 1661 4112 μετά
1687 4039 1930 4110 καθαροῦ

357 4136 656 4200 συνειδότος
701 4137 794 4190 τὸν
839 4136 1045 4207 Ἰησοῦν
1096 4135 1272 4208 ἀρχὴν
1327 4134 1502 4206 βαλὼν
1530 4132 1930 4199 ἐπικαλεῖσθαι,

357 4224 432 4285 ὡς
460 4225 694 4295 ἔφημεν,
727 4226 826 4296 τὴν
857 4225 1024 4279 αὑτοῦ
1071 4226 1223 4278 θείαν
1270 4227 1453 4296 χάριν,
1482 4225 1588 4296 ὀδῷ
1624 4223 1935 4296 προϐαίνων

358 4316 787 4386 ἀναπαυομένην
818 4314 918 4388 ἓξῃ
942 4318 1009 4386 τῇ
1066 4316 1214 4386 ψυχῇ
1241 4331 1256 4347 ’
1311 4317 1405 4368 καὶ
1437 4314 1499 4368 οὗ
1555 4315 1714 4386 μόνον
1755 4313 1932 4379 τοῦτο,

358 4406 495 4475 ἀλλὰ
546 4409 642 4461 καὶ
686 4387 1078 4463 ἀναπαύουσαν
1130 4390 1232 4481 τὴν
1273 4407 1450 4479 ψυχὴν
1483 4408 1681 4472 τελέως
1718 4409 1784 4462 ἐκ
1827 4387 1936 4461 τῶν

358 4498 553 4568 πρώην
603 4499 910 4569 όχλούντων
941 4501 1078 4571 αὐτῇ
1114 4500 1390 4571 δαιμόνων
1428 4499 1524 4553 καὶ
1571 4499 1783 4565 παθῶν,
1840 4499 1936 4553 καὶ

2021 3306 2364 3377 quetaceuti.
2404 3303 2461 3359 Si
2521 3302 2652 3373 quid
2684 3309 2864 3354 autem
2927 3297 3162 3361 accidat,
3218 3293 3401 3349 statim
3431 3288 3621 3363 pteni—_

2022 3403 2244 3458 tentiam
2290 3409 2437 3473 agat,
2462 3409 2516 3454 et
2554 3397 2794 3468 seipsum
2834 3395 3125 3464 vituperet,
3187 3388 3243 3444 et
3290 3388 3357 3442 ad
3388 3401 3449 3440 ea
3481 3399 3603 3454 qua:

2022 3504 2148 3550 ante
2175 3496 2351 3565 ipsum
2410 3501 2542 3547 sunt
2593 3490 2798 3548 tendat.
2827 3496 2887 3542 ut
2947 3484 3173 3556 pacitice
3229 3489 3435 3535 etcum
3466 3490 3601 3545 pura

2022 3587 2361 3645 conscientia
2382 3585 2568 3659 {csum
2597 3583 3013 3638 fundamentum
3040 3585 3224 3647 ponat,
3250 3574 3601 3638 invocetque,

2023 3692 2084 3737 ut
2137 3682 2401 3745 diximus,
2455 3678 2696 3733 divinam
2750 3675 2898 3728 illius
2962 3670 3214 3739 gratiam,
3242 3676 3601 3735 progressus-

2020 3788 2132 3845 que
2158 3787 2279 3827 eam
2307 3771 2360 3824 in
2389 3771 2572 3851 anima
2611 3766 2987 3837 quiescentem
3041 3760 3258 3814 habeat.
3314 3753 3501 3823 Neque
3550 3751 3604 3807 id

2020 3863 2393 3930 solummodo,
2424 3848 2591 3917 sedet
2621 3858 2860 3913 animam
2904 3854 3099 3909 habeat
3138 3848 3375 3921 perfecte
3428 3861 3458 3901 a
3487 3845 3603 3901 da:-

2021 3959 2268 4014 monibes
2288 3953 2810 4025 cupiditatibusque,
2843 3961 3101 4019 qumeam
3131 3943 3284 4013 prius
3312 3939 3602 4002 vexabant,

2020 4054 2414 4125 quiescentem,
2472 4057 2528 4103 et
2574 4044 2838 4101 ineﬂabili
2894 4041 3076 4096 laetitia
3131 4038 3479 4108 gaudentem.
3543 4031 3603 4087 Si

2019 4150 2165 4202 enim
2189 4152 2239 4198 et
2270 4157 2491 4199 rursum
2521 4155 2641 4194 eam
2671 4135 3028 4199 conturbent,
3075 4130 3266 4188 saltem
3297 4142 3422 4182 mox
3455 4126 3509 4179 in
3537 4139 3603 4179 ea

2021 4236 2467 4295 dominabuntur.
2488 4232 2613 4303 quia
2644 4245 2752 4286 non
2805 4229 2873 4283 iis
2924 4227 3186 4290 adhaeret,
3217 4236 3395 4292 neque
3452 4218 3602 4273 tolu-

2022 4340 2226 4405 ptatcm
2254 4329 2382 4385 inde
2401 4325 2808 4399 provenientem
2841 4320 3006 4391 cupit.
3028 4320 3225 4375 Totum
3248 4316 3366 4385 ejus
3390 4314 3605 4371 deside.

2024 4425 2167 4479 rium
2205 4420 2271 4476 ad
2301 4418 2595 4473 Dominum
2633 4415 2805 4470 tendit
2854 4414 2945 4484 qui
2980 4412 3133 4467 dedit
3167 4408 3440 4482 gratiam:
3481 4420 3606 4475 per-

2026 4515 2195 4571 mittit
2217 4512 2435 4583 quidem
2473 4518 2533 4564 ut
2562 4507 2743 4562 adhuc
2810 4515 3075 4569 tentetur,
3106 4504 3326 4558 sednon
3358 4515 3480 4555 eam
3514 4498 3607 4552 dc-

357 4592 586 4662 ἁρῤήτῳ
617 4590 925 4664 εὐφροσύνῃ
948 4592 1349 4663 εὐφραίνουσαν
1370 4592 1563 4662 αὑτήν.
1600 4592 1664 4645 Εί
1688 4592 1798 4662 γάρ
1838 4591 1928 4646 καὶ

2024 4607 2307 4677 relinquit.
2384 4602 2610 4671 Quare?
2657 4601 2736 4657 Ne
2770 4614 2927 4654 mens
2985 4596 3292 4666 superbiat,
3346 4609 3411 4647 eo
3461 4593 3606 4659 quod

357 4682 664 4753 ἐνοχλοῦσιν
686 4680 863 4748 αὖθις,
895 4684 1010 4738 ἀλλ’
1037 4687 1139 4739 οὐκ
1172 4686 1512 4756 ἐνεργοῦσιν,
1541 4684 1622 4739 ὅτι
1658 4683 1733 4756 μὴ
1765 4683 1937 4758 πρόσ-

358 4795 536 4832 κειται
583 4777 789 4843 αὐτοῖς,
837 4778 974 4849 μηδὲ
1024 4778 1186 4832 ποθεῖ
1212 4781 1315 4850 τὴν
1355 4780 1420 4832 ὲκ
1456 4776 1665 4842 τούτων
1691 4777 1886 4849 ἡδονήν
1914 4789 1934 4808 ⁸

2022 4708 2224 4757 bonum
2259 4697 2552 4769 invenerit.
2598 4693 2704 4750 Sed
2756 4693 2943 4747 adhuc
3019 4690 3336 4758 impugnata
3392 4697 3609 4754 semper

2021 4791 2260 4861 concipit
2294 4789 2657 4845 humilitatem
2679 4801 2775 4856 per
2802 4797 2964 4855 quam
3002 4797 3108 4837 non
3143 4780 3305 4832 modo
3335 4789 3607 4845 supernos

357 4871 477 4972 δλος
511 4874 622 4972 γὰρ
647 4871 871 4972 oft-600.;
902 4870 994 4925 τοῦ
1017 4870 1260 4927 τοιούτου
1294 4873 1431 4945 πρὸς
1464 4873 1557 4926 τὸν
1609 4870 1815 4943 Κύριον
1843 4870 1928 4924 τὸν

2024 4886 2212 4940 hostes
2246 4883 2440 4947 vincit,
2472 4880 2565 4936 sed
2609 4887 2663 4935 et
2693 4875 2999 4947 majoribus
3060 4871 3240 4926 adhuc
3258 4868 3417 4923 donis
3445 4866 3607 4936 digna

357 4960 513 5014 δόντα
535 4960 704 5015 αὐτοῦ
759 4962 859 5033 τὴν
893 4963 1076 5035 χάριν,
1107 4964 1439 5018 ἁνατέταται
1459 4980 1474 4996 ·
1509 4963 1824 5033 πολεμεῖται
1875 4960 1928 5017 δὲ

2021 4985 2125 5033 est.
2157 4973 2375 5041 Quibus
2408 4972 2620 5027 utinam
2645 4968 2798 5039 digni
2829 4967 3007 5022 simus
3076 4979 3171 5034 per
3197 4960 3479 5018 Christum
3512 4956 3606 5026 qui

359 5055 564 5167 λριπὸν¹
581 5061 1002 5131 παραχωρήσει,
1038 5060 1154 5116 ἀλλ’
1181 5063 1280 5115 οὐκ
1304 5061 1709 5131 ἐγκαταλείψω
1735 5058 1890 5115 Διατί
1913 5077 1928 5128 ;

2019 5068 2263 5137 seipsum
2309 5079 2407 5135 pro
2459 5063 2616 5118 uobis
2669 5057 3003 5124 humiliavit,
3030 5065 3088 5110 et
3116 5056 3183 5110 iis
3212 5052 3305 5123 qui
3333 5066 3392 5105 se
3424 5048 3607 5103 burni-

390 5150 479 5204 Ινα
506 5151 582 5221 μὴ
615 5152 804 5223 ὑψωθῇ
834 5155 863 5206 ὁ
893 5152 1020 5214 νοῦς
1042 5152 1316 5221 αὐτοῦ,δι⁹
1344 5155 1482 5226 ὅπερ
1507 5148 1665 5224 εὗρεν
1687 5154 1888 5223 ἀγαθόν
1914 5169 1928 5185 ·

2019 5165 2156 5220 liant
2189 5163 2417 5234 gratiam
2454 5175 2608 5216 suam
2668 5157 3013 5212 abundanter
3068 5159 3326 5223 prastat,
3359 5161 3508 5202 nunc
3554 5153 3610 5202 et

356 5244 494 5299 ἀλλά
520 5244 955 5317 πολεμούμενος,
985 5248 1398 5318 προσλαμϐάνει
1432 5247 1761 5301 ταπείνωσιν
1799 5244 1886 5299 ἀεί
1914 5256 1927 5269 ‘

2021 5270 2231 5326 seraper
2252 5263 2307 5309 et
2339 5253 2394 5308 in
2428 5251 2626 5307 sacula
2679 5248 3028 5305 saeculorum.
3066 5245 3262 5300 Amen.

352 5342 423 5398 δι’
451 5340 519 5418 ἧς
551 5346 723 5414 μόνης
759 5346 822 5398 οὗ
862 5344 1031 5416 μόνον
1058 5343 1187 5412 νικᾷ
1221 5342 1350 5404 τοὺς
1382 5336 1772 5412 ὑπερηφάνους
1812 5337 2209 5408 πολεμοῦντας,
2240 5339 2378 5394 ἀλλά
2409 5340 2507 5394 καὶ
2539 5341 2758 5413 δωρεῶν
2787 5340 2876 5394 ἀεὶ
2923 5339 3193 5408 μειζόνων
3223 5339 3492 5405 ἀξιοῦται.
3521 5335 3627 5395 Ἦν

357 5440 729 5512 ἀξιωθείημεν
772 5443 868 5494 καὶ
923 5442 1087 5511 ἡμεῖς
1136 5437 1281 5491 οὕτω
1316 5438 1468 5508 παρὰ
1511 5434 1777 5507 Χριστοῦ,
1828 5433 1925 5488 τοῦ
1979 5436 2426 5497 ταπεινώσαντος
2480 5437 2676 5491 ἑαυτὸν
2725 5435 2869 5507 ὑπὲρ
2903 5435 3084 5507 ἡμῶν,
3147 5435 3240 5489 καὶ
3270 5438 3381 5498 τοῖς
3410 5433 3623 5498 τούτοις

352 5548 549 5590 ταπειν
581 5538 632 5597 I;
682 5537 785 5606 τὴν
814 5536 976 5606 χάριν
1010 5532 1180 5588 αὑτοῦ
1216 5533 1542 5603 παρέχοντα,
1584 5530 1879 5594 πλουσίοις,
1930 5529 2027 5585 νῦν
2072 5532 2166 5585 καὶ
2200 5532 2308 5597 ἀεὶ,
2343 5531 2436 5586 καὶ
2468 5532 2547 5591 είς
2598 5532 2724 5597 τοὺς
2754 5532 2959 5594 αἰῶνας
2995 5531 3104 5582 τῶν
3139 5529 3371 5584 αἰώνων.
3422 5531 3623 5600 Ἀμήν.
