4058 6442
319 333 426 398 8'29

1330 333 1426 396 DE
1464 333 1860 395 ORATIONE
1905 337 1999 397 ET
2040 339 2558 411 ATTENTIUNE.

3470 343 3578 410 830

327 433 668 522 ἐκπέσωμεν,
681 452 815 507 ἀλλά
832 453 924 507 καὶ
940 454 1056 518 ταῖς
1075 453 1136 508 οὖ
1145 472 1216 508 τω
1233 452 1493 525 φοϐεραῖς
1509 451 1756 518 ἀπειλαῖς
1773 454 1930 508 ὑπο-ι

2017 453 2120 518 eia,
2159 470 2289 510 suas
2317 456 2686 528 cogitationes
2717 462 2771 516 io
2804 464 3044 520 animam
3087 463 3310 532 paciﬁce
3332 472 3387 519 et
3419 473 3575 519 tran-

329 547 602 615 πέσωμεν.
631 545 800 599 Ὅταν
819 545 875 598 δὲ
900 547 928 598 ό
957 545 1199 609 διάὄολος
1235 546 1605 600 ἐπιϐουλεύειν
1628 549 1902 618 ἐπιχειρῇ,

328 639 422 692 καὶ
438 638 794 709 μετὰπολλῆς
806 638 905 708 τῆς
927 639 1305 710 σφοδρότητος,
1325 636 1645 710 ὥσπερτινα
1664 638 1791 709 βέλη
1812 656 1903 691 πε-

332 731 654 800 πυρωμένα,
685 732 812 795 τοὺς
841 731 971 804 παρ’
998 733 1191 786 ἑαυτοῦ
1219 734 1509 802 λογισμοὺς
1537 734 1745 804 ἐνίησιν
1775 736 1908 802 ἡσυ-

331 818 572 890 χαζούσῃ
596 819 690 871 καὶ
715 819 995 891 ἡρεμούσῃ
1026 823 1090 890 τῇ
1107 821 1274 892 ψυχῇ,
1296 823 1388 874 καὶ
1407 827 1609 894 ταύτην
1630 824 1910 889 αἰφνιδίως

332 909 607 980 ἐμπιπρᾷ,
647 909 740 962 καὶ
762 910 980 980 χρονίας
1010 913 1104 964 καὶ
1143 913 1508 976 δυσεκλύτους
1559 917 1660 976 τὰς
1691 916 1911 984 μνήμας

332 1003 442 1054 τῶν
470 999 620 1065 ἅπαξ
647 1001 1034 1073 ἐμὸληθέντων
1058 1004 1377 1073 ἐργάζηται,
1397 1005 1699 1076 τηνικαῦτα
1727 1007 1908 1076 νήψει,

335 1095 431 1146 καὶ
463 1094 762 1166 προσεχείᾳ
799 1097 1171 1168 συντονωτέρᾳ
1211 1097 1307 1160 τὰς
1340 1098 1593 1160 τοιαύτας
1621 1099 1912 1164 ἐπιδουλὰς

337 1184 732 1250 ὑπεξίστασθαι
795 1187 902 1241 δείο
941 1189 1195 1260 καθάπερ
1246 1189 1481 1258 ἀθλητοῦ
1513 1207 1656 1252 τινος
1686 1191 1912 1260 ἀκριϐε-

339 1279 511 1350 στάτῃ
537 1279 772 1350 φυλακῇ,
807 1280 902 1332 καὶ
926 1281 1083 1350 τάχει
1132 1280 1403 1352 σώματος,
1438 1282 1534 1344 τὰς
1567 1283 1762 1352 βουλὰς
1804 1285 1912 1338 τῶν

337 1371 647 1427 ἀντιπάλων
677 1374 1111 1444 ἐκτρεπομένου·
1145 1377 1236 1429 καὶ
1265 1375 1326 1429 τὸ
1362 1377 1473 1429 πᾶν
1497 1378 1562 1446 τῇ
1614 1382 1910 1448 προσευχῇ,

339 1466 436 1518 καὶ
474 1467 758 1536 ἐπικλήσει
797 1469 898 1538 τῆς
922 1467 1130 1522 ἀνωθεν
1167 1469 1487 1539 συμμαχίας
1522 1469 1752 1537 διδόναι,
1812 1472 1915 1543 τὴν

339 1554 432 1609 τοῦ
462 1556 706 1627 πολέμου
755 1558 1101 1628 καθαίρεσιν,
1144 1562 1238 1613 καὶ
1268 1561 1368 1631 τὴν
1419 1562 1532 1616 τῶν
1570 1563 1916 1633 τοξευμάτων

341 1649 685 1722 ἀποτροπήν.
730 1650 904 1704 Τοῦτο
929 1651 1036 1722 γὰρ
1096 1652 1244 1722 ἡμᾶς
1291 1653 1320 1705 ὁ
1355 1652 1566 1716 Παῦλος
1600 1654 1805 1722 ἐδίδαξε
1829 1655 1918 1708 λέ-

1997 551 2166 620 quille
2228 565 2500 621 agentem,
2554 557 2817 621 immittit,
2873 573 3109 625 eamque
3157 558 3341 612 subito
3377 558 3566 611 incen-

2000 646 2103 707 dit.
2137 656 2190 700 ct
2217 647 2504 700 diuturnas
2533 659 2582 701 et
2605 647 3018 716 inexplicabiles
3064 649 3361 702 memorias
3381 663 3573 702 eorum

1999 753 2120 803 qna.-
2155 739 2320 792 semel
2351 751 2731 805 occurrerunt,
2766 741 2813 793 ei
2841 742 3041 806 iniicit,
3071 753 3200 795 tunc
3234 741 3428 808 majori
3480 742 3567 792 vi-

2004 830 2231 898 gilantia
2265 845 2325 881 ac
2359 831 2660 884 attentione
2683 848 2821 898 opus
2848 842 3014 886 estut
3066 832 3148 884 lite
3178 832 3392 886 insidiae
3442 829 3604 898 ἀρθῇ--

2001 923 2258 987 ciantttr,
2310 925 2566 990 tanquam
2632 924 2849 977 athleta-
2907 925 3188 991 cnjus'datn
3230 921 3580 977 accuratiss’-

2002 1031 2089 1069 ma
2142 1016 2390 1070 custodia
2447 1027 2503 1070 et
2551 1019 2804 1084 corporis
2859 1018 3082 1070 lctilale
3140 1017 3574 1071 adversariorum

2002 1107 2232 1162 insidias
2263 1107 2606 1164 deturbante.
2640 1110 2864 1164 Summa
2891 1111 3073 1177 operis
3105 1110 3342 1163 orationi
3370 1119 3426 1163 et
3480 1125 3576 1162 su-

2009 1199 2166 1268 perni
2227 1202 2418 1255 auxilii
2453 1202 2784 1256 invocationi
2821 1203 2998 1256 danda
3021 1211 3122 1262 est.
3158 1204 3212 1256 in
3261 1204 3403 1254 bono
3454 1201 3577 1255 belii

2007 1292 2178 1362 hujus
2203 1295 2352 1348 exitu
2377 1303 2429 1346 ct
2461 1296 2516 1348 in
2542 1295 2770 1349 telorum
2807 1295 3138 1364 repulsione.
3169 1295 3324 1361 Quod
3359 1296 3580 1348 nosdo-

2004 1389 2117 1444 euit
2149 1388 2348 1444 Paulus
2373 1386 2561 1443 dicens
2601 1407 2613 1442 :
2652 1408 2672 1442 ι
2705 1390 2762 1444 lu
2827 1391 3084 1444 omnibus
3119 1399 3401 1444 sumentes
3455 1405 3583 1444 scu-

2003 1488 2119 1533 tum
2151 1481 2274 1534 lidei
2315 1480 2361 1512 ⁸⁷
2388 1499 2408 1532 ι
2445 1490 2500 1536 et
2539 1491 2758 1536 etctera.
2797 1480 3029 1548 Quando
3061 1483 3228 1547 igitur
3257 1481 3438 1536 anima
3491 1497 3603 1538 co-i

2004 1573 2284 1643 gitationis
2321 1575 2428 1627 vim
2452 1583 2507 1629 et
2561 1576 2922 1630 attentionem
2949 1576 3192 1642 relaxat,
3261 1575 3583 1629 memorias-

2008 1679 2116 1732 que
2147 1664 2417 1733 quaslibet
2444 1665 2638 1720 obvias
2661 1669 3072 1721 Occurrentium
3103 1680 3291 1722 rerum
3321 1667 3580 1732 admittit,

339 1758 475 1805 γωνο
514 1760 533 1794 ι
579 1744 702 1797 Ἐπὶ
755 1746 921 1798 πᾶσιν
950 1728 1310 1817 ἀναλαϐόντες
1347 1745 1438 1799 τὺν
1464 1745 1657 1816 θυρεὸν
1687 1747 1786 1817 τῆς
1824 1747 1915 1800 πίε

2017 1764 2136 1810 mnc
2160 1756 2421 1825 cogitatio
2454 1758 2706 1825 imperite
2736 1767 2790 1810 et
2825 1758 3002 1813 inscie
3029 1758 3097 1812 ad
3130 1759 3231 1814 has
3249 1759 3585 1813 recordatio-

343 1848 535 1897 στεως,
575 1852 594 1886 ι
633 1833 728 1886 καὶ
761 1834 831 1886 τὰ
866 1834 1013 1904 ἑξῆς.
1046 1834 1215 1889 Ὅταν
1247 1831 1342 1890 οὖν
1389 1837 1423 1906 ἡ
1447 1835 1594 1908 ψυχὴ
1626 1837 1688 1890 τὸ
1717 1837 1919 1892 πυκνὸν

2017 1862 2108 1902 nes
2139 1862 2196 1902 se
2229 1848 2430 1914 ferens,
2471 1848 2647 1920 iisque
2683 1853 2991 1917 adhaerens,
3029 1864 3244 1905 errores
3285 1865 3348 1903 ex
3371 1850 3580 1903 errori-

343 1923 440 1978 καὶ
491 1921 744 1977 σύντονον
791 1923 888 1994 τῆς
945 1925 1185 1988 διανοίας
1232 1925 1623 1996 ὐωχαλάσασα
1648 1966 1664 1988 ,
1698 1930 1920 1997 μνήμας

343 2015 445 2080 τὰς
472 2015 916 2087 παρατυχούσας,
943 2018 1040 2069 καὶ
1066 2015 1174 2069 τῶν
1201 2018 1476 2087 τυχόντων
1503 2017 1750 2090 ἀναφέρῃ
1779 2033 1920 2087 πρα-

344 2108 591 2179 γμάτων,
628 2109 974 2178 τηνικαῦταό
997 2108 1258 2178 λογισμὸς
1295 2109 1658 2177 ἀπαιδεύτως,
1681 2112 1775 2164 καὶ
1823 2111 1921 2164 ἀν-

350 2200 734 2271 επιστημόνως
767 2199 903 2273 πρὸς
935 2200 1006 2255 τὰ
1035 2201 1502 2273 (μνημονευθέντα
1528 2202 1636 2256 τῶν
1660 2203 1920 2274 πραγμά-

349 2308 456 2345 των
507 2292 824 2364 φερόμενος,
871 2293 1080 2356 τούτοις
1129 2293 1389 2348 ἐπιπλέον
1439 2294 1918 2366 ἐνασχολούμενος,

351 2386 582 2449 πλάνους
619 2389 685 2442 ἐκ
714 2386 932 2440 πλάνων
960 2387 1280 2458 μεταμείϐει
1313 2386 1580 2457 μακροὺς,
1612 2389 1706 2440 καὶ
1740 2391 1818 2452 είς
1843 2392 1925 2443 αἰ-

349 2479 650 2550 σχρότητας
670 2478 950 2543 πολλάκις,
967 2480 1059 2533 καὶ
1071 2480 1302 2545 ἀτοπίας
1318 2481 1536 2533 ἐννοιῶν
1553 2484 1923 2554 καταστρέφει

345 2569 408 2624 σὺ
429 2571 958 2642 τελευταῖον.)ωά
997 2570 1098 2642 τὴν
1161 2572 1262 2642 μὲν
1318 2573 1577 2644 τοιαύτην
1632 2573 1924 2646 ὀλιγωρίαν

345 2663 444 2732 τῆς
488 2663 688 2733 ψυχῆς,
740 2663 836 2716 καὶ
855 2663 1168 2728 διάστασιν,
1199 2662 1511 2735 πυκνοτέρᾳ
1539 2665 1634 2717 καὶ
1671 2666 1924 2735 ἐπιστρεο

348 2758 593 2827 φεστέρᾳ
622 2759 688 2828 τῇ
708 2757 805 2826 τῆς
826 2755 1067 2818 διανοίας
1097 2755 1344 2809 ἐπιτάσει
1367 2755 1712 2826 διορθοῦσθαι
1735 2757 1925 2810 δεῖκαὶ

348 2849 666 2918 ἐπανάγεω,
702 2849 795 2902 καὶ
832 2851 901 2920 τῇ
936 2848 1074 2920 πρὸς
1099 2848 1162 2902 τὸ
1193 2848 1368 2920 παρὸν
1389 2849 1476 2901 ἀεὶ
1505 2851 1635 2920 περὶ
1688 2851 1756 2902 τὰ
1785 2851 1925 2905 καλὰ

347 2943 630 3013 διασκέψει
671 2941 1086 3013 προσασχολεῖν.
1123 2940 1182 2995 ⁸0
1208 2939 1314 3011 γὰρ
1351 2940 1583 3013 ἀκριϐὴς
1635 2941 1925 3011 φιλόσοφος

350 3038 762 3109 φροντιστήριον
787 3036 928 3108 ἔχων
971 3037 1033 3090 τὺ
1078 3035 1258 3105 σῶμα,
1306 3037 1402 3091 καὶ
1451 3035 1794 3105 καταγώγιον
1827 3040 1924 3107 τῆς

2006 1939 2109 1995 bus
2145 1941 2338 2008 longos
2365 1941 2592 2010 patitur.
2625 1959 2688 1997 ac
2715 1943 2914 2012 Sil'pitls
2939 1942 2990 1996 in
3025 1942 3393 2010 turpitudines
3433 1942 3586 1995 inde-

2005 2043 2303 2101 centesque
2348 2035 2710 2101 cogitationes
2737 2037 2954 2090 detnum
2987 2035 3320 2090 devolvitur.
3364 2033 3469 2089 Sed
3501 2044 3587 2087 ta-

2006 2125 2110 2178 lem
2145 2129 2340 2181 animae
2361 2127 2774 2197 depressionem
2805 2139 2862 2184 et
2888 2129 3303 2198 dissipationem
3327 2126 3581 2182 vividiori

2006 2226 2060 2271 et
2092 2218 2486 2273 vehementiori
2519 2223 2871 2291 cogitationis
2903 2222 3207 2276 attentione
3268 2220 3466 2290 corrigi
3528 2230 3584 2274 et

2009 2310 2196 2364 reduci
2229 2321 2466 2380 oportet,
2501 2328 2735 2382 eamque
2763 2314 2950 2368 statim
2996 2313 3143 2369 circa
3171 2315 3375 2369 bonum
3427 2327 3584 2367 exer-

2009 2403 2144 2456 ceri.
2184 2404 2286 2469 Qui
2327 2405 2472 2459 enim
2526 2421 2654 2460 vero
2709 2406 2929 2476 sapiens
2960 2413 3067 2468 est,
3121 2419 3319 2474 corpus
3377 2403 3585 2458 habens

2012 2505 2268 2564 tanquam
2299 2499 2494 2551 animm
2543 2512 2765 2552 servum
2805 2511 3173 2565 securumque
3221 2494 3586 2558 domicilium,

2010 2589 2111 2668 etsi
2149 2591 2203 2644 in
2241 2589 2360 2644 foro
2397 2600 2666 2656 versetur,
2697 2600 2793 2644 aut
2827 2590 2879 2643 in
2925 2589 3208 2646 hominum
3258 2587 3586 2656 frequentia,

2013 2683 2180 2737 autin
2209 2693 2410 2747 monte,
2431 2691 2525 2736 aut
2553 2683 2608 2737 in
2644 2699 2797 2754 agro,
2817 2692 2910 2738 aut
2940 2684 2993 2738 in
3020 2682 3195 2738 media
3220 2681 3589 2741 multitudine,

2015 2775 2067 2829 in
2108 2777 2339 2830 naturali
2383 2776 2716 2832 monasterio
2745 2778 2921 2837 sedet,
2956 2776 3102 2830 intus
3126 2775 3394 2842 colligens
3425 2790 3583 2828 men-

2012 2873 2145 2932 tem,
2172 2876 2226 2921 et
2257 2868 2524 2922 meditans
2567 2883 2684 2936 quae
2728 2867 2969 2937 seipsum
2999 2866 3219 2922 decent.
3256 2864 3398 2920 Fieri
3444 2863 3588 2917 enim

2015 2969 2195 3032 potest
2250 2970 2304 3014 ttt
2345 2961 2438 3030 qui
2500 2961 2643 3014 domi
2676 2961 2929 3015 indolcns
2947 2960 3114 3025 sedet,
3165 2957 3410 3014 exterius
3447 2967 3592 3010 erret

2014 3053 2367 3122 Cogitationc.
2402 3061 2459 3104 ut
2493 3052 2540 3108 is
2576 3068 2708 3106 vero
2737 3053 2830 3123 qui
2876 3051 2930 3106 in
2986 3051 3106 3107 l'oro
3141 3059 3245 3113 est,
3277 3058 3330 3106 et
3363 3048 3594 3115 vigilans

352 3129 529 3199 ψυχῆς
552 3127 810 3198 ἀσφαλὲς,
841 3127 944 3182 κᾶν
966 3127 1054 3181 ια’
1075 3128 1281 3198 ἀγορᾶς
1303 3126 1462 3199 τύχῃ,
1481 3127 1587 3181 κᾶν
1605 3129 1665 3182 ἐν
1683 3127 1926 3197 πανηγύ-

2017 3155 2122 3208 est,
2149 3156 2411 3216 tanquam
2439 3145 2492 3198 in
2522 3145 2742 3200 deserto
2769 3145 2888 3199 loco
2921 3144 3014 3208 sit,
3055 3142 3122 3197 ad
3159 3158 3219 3197 se
3248 3151 3301 3195 et
3322 3139 3388 3195 ad
3421 3141 3594 3194 Deum

352 3241 459 3294 ρει,
481 3221 584 3276 κᾶν
625 3223 685 3275 ἐν
716 3221 855 3294 δρει,
878 3221 984 3276 κᾶν
1024 3223 1084 3275 ἐν
1108 3219 1286 3293 ἀγρῷ,
1318 3219 1421 3275 κᾶν
1454 3220 1657 3291 μεταξὺ
1688 3221 1924 3292 πλήθους

353 3316 572 3378 πολλοῦ,
593 3319 650 3369 ἐν
677 3316 754 3386 τῷ
777 3314 995 3386 φυσικῷ
1027 3314 1374 3385 μοναστηρίῳ
1405 3313 1746 3384 καθίδρυται,
1778 3315 1928 3369 ἔνδον

352 3412 599 3480 συνάγων
620 3410 711 3464 τὸν
740 3408 884 3474 νοῦν,
903 3409 998 3463 καὶ
1019 3406 1324 3478 φιλοσοφῶν
1361 3406 1431 3460 τὰ
1451 3407 1598 3476 αῦτῷ
1626 3407 1925 3478 πρέποντα.

351 3501 584 3556 Δυνατδν
611 3501 720 3572 γὰρ
749 3501 845 3554 καὶ
871 3500 1008 3553 olunt.
1051 3497 1358 3570 καθήμενον
1385 3497 1477 3552 τὸν
1511 3496 1776 3568 ῥᾴθυμον,
1818 3497 1926 3564 ἔξω

352 3600 793 3674 περιπλανᾶσθαι
815 3603 928 3664 τοῖς
945 3600 1251 3671 λογισμοῖς,
1270 3598 1365 3654 καὶ
1394 3600 1486 3654 τδν
1502 3601 1596 3655 ἐπὶ
1610 3601 1706 3671 τῆς
1735 3601 1944 3672 ἀγορᾶς

361 3695 514 3754 ὄντα,
542 3693 780 3763 νήφοντα
801 3691 879 3756 δέ,
906 3690 982 3754 ὡς
1017 3691 1103 3744 ἐπ’
1125 3691 1364 3763 ἐρημίας
1398 3687 1560 3755 εἶναι,
1590 3691 1725 3760 πρὸς
1751 3689 1942 3744 ἑαυτόν

366 3801 422 3838 τε
457 3785 551 3838 καὶ
585 3785 722 3855 πρὸς
756 3775 856 3837 ’τὸν
881 3784 1014 3837 Θεὸν
1052 3783 1216 3854 μόνον
1243 3784 1730 3855 ἐπιστρεφόμενον,
1755 3784 1849 3836 καὶ
1876 3783 1942 3836 οὗ

363 3877 650 3949 δεχόμενον
691 3879 812 3939 ταῖς
850 3876 1139 3946 αξσθήσεσι
1167 3877 1394 3941 reiicit:
1427 3876 1538 3929 τῶν
1557 3875 1832 3945 αίσθητῶν
1870 3876 1941 3946 τῇ

362 3969 508 4042 ψυχῇ
535 3967 797 4041 θορύϐους
816 3968 1284 4038 προσπίπτοντας.
1305 3970 1398 4020 Δεῖ
1419 3965 1513 4021 οῦν
1540 3966 1631 4020 τὸν
1647 3967 1941 4036 προσιόντα

363 4061 442 4131 τῷ
471 4059 688 4130 σώματι
716 4061 812 4114 καὶ
835 4059 914 4130 τῷ
951 4057 1144 4128 αἵματι
1185 4057 1280 4111 τοῦ
1315 4056 1556 4128 Χριστοῦ
1582 4059 1664 4120 είς
1696 4056 1945 4127 ἀνάμνη-

368 4171 452 4208 σιν
481 4153 647 4207 αὑτοῦ
673 4151 774 4208 τοῦ
799 4152 941 4222 δπέρ
963 4152 1121 4222 ἡμῶν
1147 4151 1535 4214 ἀποθανόντος,
1565 4151 1660 4203 καὶ
1687 4149 1942 4221 ἐγερθὲνο

366 4263 478 4310 τος,
507 4245 582 4316 μὴ
611 4245 773 4318 μόνον
797 4245 1126 4316 καθαρεύειν
1151 4244 1261 4299 ἀπὸ
1283 4244 1487 4308 παντὸς
1512 4242 1785 4315 μολυσμοῦ
1816 4257 1948 4312 σαρ-

368 4338 461 4400 7.0;
484 4337 578 4391 καὶ
609 4335 945 4408 πνεύματος,
979 4337 1069 4390 ἵνα
1095 4337 1170 4409 μὴ
1205 4340 1285 4401 είς
1317 4339 1491 4409 κρῖμα
1523 4337 1672 4409 φάγῃ
1702 4334 1796 4389 καὶ
1821 4334 1944 4406 πίῃ,

368 4428 502 4484 ἀλλὰ
532 4431 629 4484 καὶ
673 4430 926 4500 ἐναργῶς
980 4430 1250 4483 δεικνύειν
1294 4431 1393 4499 τὴν
1424 4429 1652 4499 γνώμην
1679 4427 1770 4480 τοῦ
1807 4427 1945 4497 ὑπὲρ

368 4523 524 4592 ἡμῶν
551 4496 918 4586 ἀποθανόντος
945 4523 1040 4576 καὶ
1062 4496 1403 4594 ἑγερθὲντος,
1655 4521 1817 4591 μόνον
1846 4496 2003 4573 ttat-0

369 4616 624 4686 θαρεύειν
656 4617 766 4673 ἀπὸ
793 4617 973 4686 πάσης
997 4616 1298 4689 ἁμαρτίας,
1329 4616 1467 4670 ἀλλά
1501 4614 1824 4686 νεκροῦοθαι
1847 4614 1950 4686 μὲν

365 4711 429 4779 τῇ
461 4709 729 4781 ἁμαρτίᾳ,
760 4710 857 4762 καὶ
904 4708 980 4778 τῷ
1021 4710 1230 4780 κόσμῳ,
1268 4724 1362 4762 και
1396 4709 1597 4779 ἑαυτῷ,
1645 4710 1745 4777 ζῇν
1772 4707 1826 4760 δέ
1865 4705 1950 4777 τῷ

365 4800 504 4872 Θεῷ.
547 4799 669 4853 Τῶν
694 4801 949 4871 πονηρῶν
977 4802 1254 4872 λογισμῶν
1297 4802 1346 4854 οἱ
1387 4801 1493 4870 μὲν
1521 4800 1749 4864 οὑδό).ως
1791 4798 1953 4870 ἡμῶν

366 4891 709 4946 ἐπιϐαίνουσι
738 4893 836 4961 τῆς
863 4893 1063 4965 ψυχῆς,
1085 4893 1150 4947 ἂν
1174 4893 1343 4965 πολλῇ
1375 4892 1803 4964 περιφράξοιμεν
1824 4894 1951 4946 ἐαυ-

363 4983 490 5042 τοὺς
517 4983 820 5055 dispalatos
854 4985 903 5036 οί
931 4985 988 5038 δὲ
1029 4986 1305 5038 τίκτονται
1348 4986 1447 5056 μὲν
1496 4984 1647 5039 ἔνδον
1691 4984 1947 5056 ρᾳθυμη-

252 5086 261 5094 ’
369 5075 578 5128 σάντων
603 5075 768 5146 ἡμῶν
799 5077 896 5128 καὶ
915 5075 1339 5145 βλαστάνουσιν·
1371 5077 1436 5132 ἂν
1454 5077 1510 5130 δὲ
1537 5076 1949 5147 προληφθῶσιν,

366 5166 760 5236 ἀποπνίγονται
799 5169 1009 5239 ταχέως
1031 5170 1126 5223 καὶ
1159 5170 1822 5240 καταχώννυνται.”Αλλοι
1850 5169 1948 5224 καὶ

365 5260 640 5313 τίκτονται
682 5261 775 5314 καὶ
810 5262 1136 5328 αὑξάνονται
1171 5265 1266 5317 καὶ
1296 5264 1433 5336 πρὸς
1457 5264 1555 5326 τὰς
1583 5263 1825 5336 πονηρὰς
1843 5265 1948 5336 ἐμ-

367 5351 609 5408 ϐαίνουσι
640 5353 889 5425 πράξεις,
922 5356 1016 5409 καὶ
1045 5357 1224 5410 πᾶσαν
1247 5357 1404 5427 ήμῶν
1430 5358 1620 5426 ὑγείαν
1647 5358 1745 5426 τῆς
1769 5358 1950 5428 ψυχῆς

367 5443 794 5516 διαφθείρουσιν,
845 5448 976 5502 ὅταν
1015 5450 1074 5502 ἐν
1128 5450 1299 5522 πολλῇ
1347 5449 1635 5522 γενώμεθα
1681 5451 1946 5524 ῥᾳθυμίᾳ.

368 5537 441 5589 Τὸ
474 5538 576 5606 μὲν
625 5535 718 5591 οὖν
752 5540 1053 5614 μακάριον,
1085 5543 1146 5596 τὸ
1183 5543 1431 5616 μηδὸλως
1464 5543 1722 5612 δέξασθαι
1776 5561 1948 5617 πονη-

368 5629 461 5700 ρὸν
481 5630 745 5703 λογισμόν
779 5633 896 5688 ἐστι
925 5651 940 5667 ο
971 5635 1032 5690 τὸ
1054 5635 1110 5691 δὲ
1137 5637 1257 5709 μετ’
1291 5637 1493 5706 ἐκεῖνο,
1533 5636 1949 5702 ἐπεισελθόντας

338 5854 339 5857 ‘
446 5839 494 5874 ⁸⁷
539 5839 737 5913 Ephcs.
763 5855 838 5910 vt,
873 5838 971 5895 ιο,

2017 3239 2190 3294 solum
2229 3254 2543 3302 conversus,
2586 3253 2760 3307 neque
2787 3237 3038 3292 sensibus
3061 3252 3161 3292 eos
3188 3237 3282 3306 qui
3312 3250 3378 3289 ex
3413 3235 3599 3288 sensi-

2020 3332 2216 3387 hilihus
2249 3333 2502 3385 oriuntur
2537 3333 2803 3384 tumultus
2832 3329 3169 3399 percipiens.
3222 3329 3451 3396 Oportet
3492 3327 3602 3395 ἰεί-

2019 3429 2109 3472 tur
2132 3435 2255 3472 eum
2291 3420 2380 3486 qui
2407 3420 2615 3473 accedit
2650 3420 2716 3473 ad
2737 3433 2939 3488 corpus
2962 3428 3016 3474 et
3037 3418 3362 3488 sanguinem
3389 3417 3597 3471 Christi

2022 3518 2077 3572 in
2116 3518 2435 3572 memoriam
2466 3517 2640 3587 ipsius
2687 3533 2786 3587 pro
2841 3517 3002 3573 nobis
3033 3514 3234 3571 mortui
3263 3528 3329 3569 ac
3359 3511 3606 3568 resusci-

2022 3610 2120 3667 tati
2151 3626 2257 3664 non
2309 3611 2473 3665 modo
2507 3626 2630 3666 esse
2662 3611 2732 3666 ali
2753 3611 2904 3664 omni
2945 3609 3196 3679 corporis
3245 3622 3312 3662 ac
3364 3605 3596 3674 spiritus

2023 3702 2146 3757 lalte
2178 3718 2396 3771 purum,
2435 3718 2502 3756 ne
2571 3703 2623 3756 in
2675 3702 2943 3770 judicium
2991 3701 3282 3754 manducet
3329 3707 3386 3753 et
3430 3697 3608 3759 bibat.

2025 3793 2122 3850 sed
2169 3795 2504 3849 voluntati-tn
2542 3806 2804 3864 praestare
2831 3793 2998 3863 hujus
3030 3793 3123 3862 qui
3148 3809 3246 3860 pro
3266 3791 3426 3845 nobis
3455 3806 3613 3843 mor-.

2025 3895 2149 3940 tuus
2180 3897 2263 3938 est
2284 3900 2348 3939 ac
2376 3885 2697 3947 resurrexit,
2733 3899 2842 3937 non
2878 3881 3040 3937 modo
3076 3897 3135 3936 se
3165 3881 3232 3935 ab
3258 3881 3410 3934 omni
3439 3879 3597 3948 cuipa

2025 3979 2405 4044 mundantem,
2436 3978 2530 4033 sed
2587 3986 2643 4031 et
2674 3975 3017 4030 ostemlendo
3052 3990 3112 4029 se
3155 3963 3433 4027 mortuum
3478 3987 3613 4029 esse

2024 4083 2078 4128 et
2125 4083 2354 4143 peccato
2385 4081 2438 4124 et
2471 4069 2676 4124 mundo
2712 4076 2770 4124 et
2813 4069 2938 4135 sibi,
2999 4065 3108 4121 Deo
3155 4077 3338 4120 autem
3394 4065 3612 4120 vivere.

2024 4165 2326 4222 Pravarum
2365 4161 2756 4232 cogitationum
2788 4160 2908 4214 aliae
2962 4159 3184 4230 quidem
3218 4173 3502 4229 nunquam
3548 4158 3604 4212 in

2025 4257 2266 4313 animam
2301 4264 2546 4310 nostram
2585 4252 2910 4319 ascendunt,
2945 4250 2991 4306 si
3025 4266 3126 4307 nos
3177 4248 3344 4303 multa
3385 4249 3602 4303 securi-

2026 4359 2138 4406 tate
2158 4350 2501 4412 muniamus;
2534 4345 2654 4400 alize
2682 4333 2813 4401 vero
2869 4344 3023 4398 intus
3052 4343 3350 4414 gignuntur
3407 4347 3610 4395 nostra:

2032 4443 2343 4501 indolentia:
2375 4458 2540 4497 causa
2559 4449 2608 4494 et
2641 4447 2937 4502 crescunt;
2974 4436 3022 4490 si
3041 4451 3170 4489 vero
3201 4434 3611 4505 praecipiantur,

2031 4539 2182 4595 brevi
2231 4536 2664 4591 suﬂocantur‘et
2703 4532 2758 4586 in
2799 4529 3131 4602 profundum
3201 4529 3609 4596 demerguntur.

2025 4629 2158 4686 Aliae
2195 4641 2381 4684 autem
2419 4637 2472 4683 et
2505 4627 2808 4698 gignuntur
2846 4632 2899 4677 ct
2930 4632 3200 4693 augentur
3229 4628 3284 4674 et
3340 4619 3405 4672 ad
3443 4617 3620 4671 malos

2026 4733 2182 4781 actus
2223 4705 2550 4794 proeedttnt,
2581 4729 2635 4774 et
2661 4732 2880 4772 omnem
2911 4716 3107 4769 anima:
3159 4722 3359 4767 nostra:
3393 4713 3608 4765 sanita-

2027 4825 2136 4872 tem
2163 4820 2550 4883 corrumpunt,
2593 4810 2813 4882 quando
2857 4807 2920 4862 in
2958 4806 3126 4861 multa
3156 4804 3452 4858 indolentia
3486 4818 3611 4858 ver-

2027 4924 2235 4967 santur.
2271 4905 2649 4962 Beatissimum
2701 4905 2865 4973 igitur
2889 4909 2992 4967 est,
3042 4898 3085 4953 si
3137 4897 3339 4951 nullam
3374 4897 3605 4949 omnino

2037 5012 2254 5069 pravam
2329 4995 2683 5050 admittamus
2748 4990 3178 5080 cogitationem;
3251 4985 3379 5041 huic
3433 4995 3620 5040 autem

2038 5088 2288 5146 felicitati
2349 5087 2656 5157 proximum
2705 5093 2788 5138 est
2821 5079 3192 5152 ingredientes
3247 5079 3620 5146 cOgitationes

2036 5183 2302 5240 citissime
2333 5180 2592 5251 repellere
2623 5192 2798 5248 neque
2831 5193 2925 5231 eas
2979 5175 3185 5229 diutius
3219 5171 3505 5226 immorari
3541 5170 3616 5222 si-

2039 5293 2189 5344 nere,
2226 5278 2298 5329 ita
2329 5284 2386 5328 ut
2417 5281 2602 5327 nostra
2644 5286 2847 5340 pascua
2897 5267 3041 5321 mala
3075 5281 3182 5318 nott
3209 5264 3518 5318 reddamus.

2036 5387 2200 5443 porro
2223 5385 2287 5424 eo
2322 5383 2495 5439 usque
2521 5364 2820 5419 indolentes
2843 5364 3039 5426 simus,
3076 5359 3243 5426 hujus
3277 5353 3621 5418 indolctttim,

2035 5463 2414 5519 misericordia
2463 5461 2575 5533 Dei,
2615 5459 2766 5513 adest
2793 5454 3100 5510 consolatio
3151 5459 3206 5505 et
3265 5448 3456 5512 multa,
3519 5446 3620 5500 hac

2033 5555 2294 5613 ineﬂ‘abili
2331 5553 2592 5617 bonitate,
2625 5547 2785 5602 nobis
2840 5551 3030 5617 parata
3079 5551 3206 5595 sunt
3259 5533 3627 5591 rrmedia.’l‘e

2034 5653 2200 5727 igitur
2229 5651 2421 5705 hortor
2457 5655 2536 5712 ut,
2568 5649 2832 5712 quantum
2866 5649 3070 5707 corpus
3105 5636 3266 5700 sinit,
3315 5643 3411 5685 cor
3462 5635 3615 5682 tuum
