4058 6474
461 370 565 436 831

1418 362 1760 424 CALLISTI
1811 355 2224 421 TELICUDIE
2261 355 2356 415 DE
2390 353 2810 416 ORATIONE.

3631 349 3735 413 8.32

462 503 570 540 non
602 484 893 539 dissolvas.
938 482 1409 549 Quemadmodum
1458 481 1602 535 enim
1647 476 1887 550 agricola
1939 487 2047 528 non

2153 462 2279 526 τοὺς
2304 463 2622 533 λογισμοὺς,
2663 464 2874 536 ταχέως
2907 464 3258 529 ἀπώσασθαι,
3286 466 3382 520 καὶ
3414 466 3490 538 μὴ
3520 486 3730 538 συγχω-

463 590 643 651 potest
689 582 755 632 de
797 579 982 633 fructu
1019 577 1112 647 qui
1157 577 1211 630 in
1265 592 1396 644 agro
1428 584 1512 629 est
1543 575 1846 644 quidquam
1901 571 2046 641 pati;

464 677 636 727 nescit
693 673 838 731 cnim
894 673 1020 741 quid
1073 681 1397 724 eventurum
1448 668 1559 734 sit,
1620 669 1944 737 priusquam
1997 664 2048 717 iu

468 768 680 821 horreis
734 765 853 834 ejus
918 767 1316 830 concludatur;
1374 763 1444 817 ita
1503 763 1668 816 homo
1718 762 1910 829 nequit
1957 774 2053 812 cor

465 879 624 917 Stlttttt
655 862 975 927 dissolvere,
1011 863 1257 932 quatidiu
1297 861 1350 914 in
1379 860 1609 914 naribus
1656 861 1778 929 ejus
1805 867 1889 912 est
1941 856 2054 924 spio

466 958 624 1009 ritus.
661 957 724 1008 Et
754 954 1218 1024 quemadmodum
1278 957 1444 1008 homo
1477 954 1651 1007 nescit
1675 953 1804 1022 quid
1861 967 2054 1020 passu-

467 1063 558 1099 rus
593 1048 682 1113 sit,
725 1063 896 1116 usque
931 1048 995 1099 ad
1033 1047 1286 1100 ultimum
1318 1046 1595 1116 spiritum,
1633 1046 1715 1100 sic
1747 1053 1799 1098 et
1858 1059 2054 1098 mona-

465 1140 571 1192 ι·Ιιυ
603 1157 710 1192 non
739 1140 861 1194 lieet
886 1156 980 1193 cor
1009 1138 1330 1205 dissolvere,
1352 1137 1598 1207 quandiu
1653 1137 2048 1206 aspirationem

468 1233 632 1285 habet
671 1250 684 1285 :
719 1233 814 1286 sed
837 1244 1050 1300 oportet
1074 1232 1214 1295 feum
1235 1241 1495 1302 perpetuo
1526 1230 1592 1285 ad
1636 1229 1805 1284 Deum
1850 1231 2090 1290 clama-.

469 1342 547 1392 re,
588 1337 809 1395 propter
845 1341 1072 1397 regnum
1105 1326 1225 1396 ejus
1266 1335 1320 1379 et
1386 1323 1847 1378 misericordiam.
1901 1322 2055 1378 Mali-

467 1436 607 1486 gnus
642 1429 848 1486 autem,
910 1437 1034 1473 cum
1076 1421 1322 1490 apprime
1394 1421 1530 1476 sciat
1581 1419 1819 1474 maxima
1890 1435 2057 1490 posse

469 1510 769 1577 adimplere
795 1527 918 1567 eum
950 1514 1041 1582 qui
1076 1530 1184 1570 non
1232 1515 1492 1571 distracte
1527 1515 1696 1572 Deum
1721 1524 1864 1582 orat,
1927 1513 2058 1567 niti-

472 1613 560 1654 tur
593 1604 899 1659 rationabili
933 1616 1028 1660 aut
1060 1607 1424 1665 irrationabili
1476 1611 1636 1666 modo
1669 1617 1903 1664 mentem
1938 1609 2056 1664 dis-

471 1697 707 1751 tra'here.
741 1696 846 1751 Sed
889 1714 989 1754 nos
1011 1699 1140 1755 illud
1165 1702 1365 1771 edocti,
1421 1712 1610 1757 nostro
1647 1703 1890 1759 inimico
1949 1719 2054 1773 pu-

469 1798 699 1856 gnantes
729 1789 1085 1855 resistamus;
1127 1803 1180 1849 et
1211 1798 1432 1863 quando
1483 1796 1550 1850 ad
1605 1797 1874 1851 orandum
1945 1805 2057 1850 sta-

473 1893 593 1932 mus
629 1887 685 1934 et
711 1896 884 1950 genua
911 1882 1202 1954 flet-timus,
1243 1887 1446 1940 nullam
1487 1888 1716 1944 omnino
1763 1887 2057 1959 cogitatio-

470 1985 592 2024 nem
628 1972 681 2028 in
705 1989 800 2027 cor
826 1985 1072 2030 nostrum
1107 1979 1312 2032 intrare
1342 1981 1610 2049 sinamus,
1645 1986 1822 2052 neque
1845 1982 2052 2048 albam,

469 2077 646 2132 neque
705 2066 938 2134 nigram,
995 2085 1171 2139 neque
1231 2075 1534 2141 devitet-am,
1596 2090 1774 2145 neque
1836 2075 2052 2142 laevam,

466 2171 644 2224 neque
695 2161 956 2228 scriptam
991 2177 1302 2230 nequenon
1351 2167 1648 2236 scriptam;
1683 2175 1909 2239 excepta
1960 2167 2058 2224 Dei

465 2250 868 2318 supplicatione
894 2260 949 2308 et
979 2269 1040 2308 ea
1075 2272 1196 2322 qua:
1223 2259 1389 2312 menti
1432 2262 1747 2328 supervenit
1774 2261 1842 2316 de
1901 2260 2058 2318 caelis

465 2343 865 2400 illuminatioue
894 2361 959 2401 ac
998 2349 1562 2406 irradiationentlulto
1594 2366 1792 2409 conatu
1827 2369 1892 2413 ac
1919 2365 2060 2411 tem-

467 2452 598 2502 pore
645 2436 698 2490 in
724 2439 1070 2496 orationibus
1101 2457 1238 2511 opus
1267 2453 1373 2512 est,
1415 2459 1472 2500 ut
1509 2447 1861 2516 cogitationis
1891 2466 2060 2522 expc.-

465 2529 638 2581 ditum
690 2539 894 2584 statum
929 2534 1313 2604 inveniamus,
1345 2539 1490 2592 aliud
1530 2541 1805 2608 quoddam
1871 2544 2056 2599 cordis

466 2621 687 2689 carlum,
727 2625 816 2678 uhi
870 2626 1076 2681 habitat
1128 2630 1412 2699 Christus,
1466 2641 1524 2686 ut
1578 2635 1655 2686 ait
1717 2636 2054 2704 Apostolus:

470 2732 490 2764 ι
521 2716 599 2767 An
634 2717 854 2772 nescitis
877 2722 1136 2788 quoniam
1180 2723 1430 2778 Christus
1475 2726 1684 2781 habitat
1713 2727 1767 2781 in
1805 2730 2004 2785 nobis?
2031 2750 2050 2783 ι

468 2803 523 2857 Si
560 2806 686 2874 quis
744 2811 873 2862 velit
921 2813 1120 2867 mentis
1156 2824 1359 2869 statum
1418 2819 1620 2886 videre,
1683 2822 1928 2892 St-lpSllm
1987 2823 2056 2878 ab

466 2899 720 2953 omnibus
747 2901 1171 2968 cogitationibus
1193 2909 1489 2976 custodiat,
1537 2919 1593 2964 et
1644 2921 1755 2966 tum
1811 2914 2053 2982 Seipsatu

470 3004 626 3044 utens
662 2991 862 3046 videbit
895 2995 1155 3063 sapphiro
1194 3005 1248 3049 et
1289 2999 1498 3054 cwleSti
1547 3001 1720 3056 colori
1791 3004 2054 3060 similem.

465 3079 584 3134 Non
633 3081 935 3136 intuebitur
969 3101 1124 3140 mens
1175 3087 1268 3140 Dei
1326 3089 1506 3144 locum
1573 3093 1626 3146 in
1686 3095 1888 3164 seipse,
1948 3097 2054 3151 nisi

463 3166 723 3225 omnibus
753 3190 933 3228 rerum
975 3178 1403 3245 cogitationibus
1426 3184 1699 3240 excelsior
1753 3186 1895 3241 facta
1958 3189 2051 3244 sit.
2082 3180 2125 3239 C

465 3259 580 3315 mm
614 3266 701 3318 {iet
726 3279 903 3321 autem
939 3271 1232 3338 excelsior,
1287 3274 1392 3329 nisi
1451 3277 1777 3344 cupiditates
1812 3282 2049 3350 emerit,

467 3373 588 3424 qua:
654 3360 824 3428 ipsam
859 3376 954 3428 per
1010 3379 1193 3416 rerum
1255 3369 1598 3423 sensibilium
1667 3374 2050 3441 cogitationem

469 3449 805 3519 impediunt;
847 3463 902 3508 et
958 3456 1286 3525 cupiditates
1339 3463 1639 3517 virtutibus
1670 3466 2048 3533 expelluntur;

429 3544 699 3609 .graciles
725 3556 906 3600 autem
953 3551 1318 3621 cogitationes
1373 3556 1650 3623 Spirituali
1695 3561 2049 3630 cogitatione,

467 3643 522 3686 et
554 3649 616 3688 ea
651 3652 870 3692 rursum
905 3642 1255 3700 manifestato
1287 3647 1407 3717 ipso
1449 3649 1675 3705 lumine.

2155 551 2323 622 ρῆσαι
2377 552 2722 623 ἐνδιατρῖψαι
2786 553 2972 620 πλέον,
3009 554 3151 608 ὥστε
3187 556 3262 627 μὴ
3315 559 3558 627 πονηρὰν
3597 560 3732 628 ἡμῖν

2153 641 2491 710 ἐργάσασθαι
2525 644 2624 713 τὴν
2649 646 2842 715 νομήν.
2880 647 2941 698 Εἰ
2989 647 3043 698 δὲ
3079 646 3171 699 καὶ
3200 647 3362 717 μέχρι
3397 649 3586 700 τούτου
3635 652 3730 721 ρᾳο

2157 733 2516 804 θυμήσωμεν,
2547 735 2683 802 ἔστι,
2713 737 2799 790 διὰ
2824 737 2920 808 τῆς
2970 738 3063 791 τοῦ
3111 738 3247 791 Θεοῦ
3301 740 3728 809 φιλανθρωπίας,

2153 826 2248 877 καὶ
2278 826 2374 895 τῆς
2403 827 2678 898 ραθυμίας
2706 829 2909 900 ταύτης
2938 830 3283 900 παραμυθία,
3309 833 3400 883 καὶ
3428 832 3598 885 πολλά
3632 851 3732 887 πα-

2158 917 2228 988 ρά
2280 920 2382 988 τῆς
2414 919 2751 988 ἁγαθότητος
2786 922 3002 990 ἐκείνης
3036 925 3134 992 τῆς
3179 923 3387 991 ἀφάτου
3421 925 3530 984 τοῖς
3559 923 3729 976 τοιού-

2153 1029 2267 1074 τοις
2301 1011 2582 1083 τραύμασι.
2625 1015 3038 1084 κατεσκευάσθη
3070 1014 3137 1068 τὰ
3163 1015 3447 1085 φάρμακα.
3477 1019 3730 1085 Παρακα-

2153 1102 2230 1154 λῶ
2265 1120 2322 1155 σε
2352 1101 2465 1164 οὖν,
2511 1106 2570 1157 ἐν
2601 1106 2710 1175 ὅσῳ
2742 1101 2792 1158 εἴ
2822 1109 2878 1159 ὲν
2917 1106 2995 1176 τῷ
3052 1107 3287 1178 σώματι,
3325 1107 3400 1178 μὴ
3455 1107 3728 1182 ἀπολύσῃς

2156 1213 2250 1248 σου
2285 1198 2384 1268 τὴν
2417 1199 2661 1265 καρδίαν.
2697 1199 2909 1271 Ὠσπερ
2941 1200 3047 1270 γάρ
3080 1204 3107 1254 ὁ
3153 1203 3396 1271 γεωργὸς
3457 1202 3517 1254 οὐ
3574 1202 3729 1256 δύνα-

2152 1307 2243 1343 ται
2311 1291 2624 1344 πεποιθέναι
2678 1294 2770 1345 ἐπι
2818 1311 2925 1346 τινι
2979 1294 3143 1347 αὐτοῦ
3221 1295 3443 1364 καρπῷ,
3501 1297 3732 1368 ἀνερχο-

2155 1383 2303 1454 μένῳ
2327 1386 2384 1436 ἐν
2410 1384 2487 1453 τῷ
2511 1385 2664 1456 ἀγρῷ
2684 1387 2846 1440 αὑτοῦ
2869 1403 2883 1418 ’
2913 1388 2976 1441 οὐ
3006 1389 3114 1458 γὰρ
3137 1383 3244 1441 οἶδε
3271 1389 3323 1441 τι
3345 1389 3492 1459 αὑτῷ
3507 1390 3732 1444 ἀποϐαί-

2152 1491 2254 1537 νει,
2311 1477 2442 1546 πρὶν
2501 1478 2883 1548 ἐγκλεισθῆναι
2939 1480 2996 1532 ἐν
3033 1483 3146 1543 τοῖς
3197 1479 3488 1550 θησαυροῖς
3517 1481 3680 1536 αὑτοῦ
3711 1497 3728 1514 θ

2153 1569 2329 1632 οὕτως
2365 1569 2656 1641 ἄνθρωπος
2695 1570 2755 1623 οὐ
2814 1571 3038 1624 δύναται
3101 1573 3370 1626 ἀπολῦσαι
3415 1574 3578 1627 αὑτοῦ
3634 1575 3730 1646 τὴν

2153 1660 2404 1730 καρδίαν,
2458 1662 2652 1731 ἐφόσον
2705 1662 2818 1732 ἔχει
2881 1664 3049 1735 πνοὴν
3075 1665 3133 1717 ἐν
3167 1668 3231 1734 τῇ
3263 1666 3369 1734 ῥινὶ
3401 1666 3588 1720 αὐτοῦ.
3625 1669 3729 1721 Καὶ

2153 1750 2342 1823 ὥσπερ
2373 1752 2660 1823 ἄνθρωπος
2714 1755 2814 1807 οὐκ
2861 1751 2968 1808 οἶδε
3005 1758 3168 1811 ’ποῖον
3215 1757 3385 1819 πάθος
3429 1759 3728 1828 ἀπαντήσει

2093 1833 2130 1888 Β
2152 1840 2325 1912 αὐτῷ,
2358 1841 2460 1905 ἕως
2491 1843 2728 1914 ἐσχάτης
2767 1844 2939 1898 αὑτοῦ
2980 1846 3278 1917 ἀναπνοῆς,
3331 1846 3505 1913 οὕτως
3542 1849 3601 1902 οὑ
3633 1853 3727 1904 δυ-

2153 1933 2314 1988 νατὸν
2341 1934 2419 2005 τῷ
2467 1934 2684 2006 μοναχῷ
2713 1936 2986 1992 ἀπολῦσαι
3035 1939 3201 1993 αὐτοῦ
3240 1939 3345 2009 τὴν
3391 1941 3634 2011 καρδίαν,
3672 1943 3728 1995 ἐν

2153 2027 2263 2097 ὅσῳ
2301 2026 2414 2096 ἔχει
2444 2029 2725 2098 ἀναπνοήν
2749 2045 2765 2059 ·
2796 2029 2932 2083 ἀλλὰ
2983 2030 3088 2100 χρὴ
3130 2030 3294 2083 ἀὑτὸν
3326 2032 3560 2103 ἀναϐοᾷν
3593 2034 3726 2087 πάν·

2153 2133 2276 2169 τοτε
2311 2117 2448 2188 πρὸς
2477 2119 2570 2172 τὸν
2595 2119 2750 2186 Θεὸν,
2771 2119 2862 2172 διὰ
2891 2119 2990 2188 τὴν
3021 2119 3301 2188 βασιλείαν
3329 2120 3516 2182 αὐτοῦ,
3545 2122 3637 2173 καὶ
3668 2121 3728 2172 τὸ

2155 2209 2326 2272 ἐλεος.
2354 2207 2526 2274 Εἰδὼς
2554 2210 2647 2264 οὖν
2670 2211 2917 2282 ἀκριϐῶς
2938 2211 2966 2263 6
2997 2211 3255 2281 πονηρὸς,
3284 2212 3365 2264 ὅτι
3397 2215 3625 2280 μέγιστα
3646 2213 3729 2266 δυ·

2155 2302 2380 2372 νήσεται
2427 2301 2624 2357 ἀνῦσαι
2649 2304 2678 2356 6
2726 2302 3122 2374 ἀπερισπάστῳ
3162 2302 3239 2372 τῷ
3270 2303 3390 2372 θεῷ
3437 2304 3726 2376 προσευχό-

2159 2410 2340 2464 μενος,
2374 2393 2599 2447 σπεύδει
2652 2395 2760 2448 τενι
2793 2395 2983 2466 τρόπῳ
3018 2394 3250 2465 εὐλόγῳ,
3283 2394 3316 2466 ἢ
3351 2395 3530 2464 ἀλόγῳ
3594 2398 3726 2468 ῥέμ-

2157 2485 2273 2539 ϐειν
2302 2484 2392 2538 τὸν
2422 2485 2570 2541 νοῦν.
2612 2486 2752 2540 Ἀλλ’
2796 2489 2958 2557 ἡμεῖς
2988 2486 3148 2540 τοῦτο
3180 2486 3555 2558 ἐπιστάμενοι,
3584 2490 3729 2542 ἀντι-

2157 2567 2620 2648 στρατευσώμεθα
2649 2580 2995 2650 τῷὴμετέρῳ
3025 2579 3236 2650 ἐχθρῷ·
3267 2581 3361 2634 καὶ
3377 2581 3727 2650 ὃτανστῶμεν

2153 2673 2234 2734 εἰς
2259 2669 2446 2740 εὐχὴν,
2480 2671 2576 2723 καὶ⁹
2604 2671 2812 2739 γόνατα
2843 2671 3138 2742 κλίνωμεν,
3173 2671 3376 2744 μηδένα
3416 2673 3725 2726 παντάπασι

2152 2766 2413 2836 λογισμὸν
2455 2768 2536 2829 εἰς
2564 2766 2664 2838 τὴν
2707 2766 2936 2837 καρδίαν
2969 2767 3420 2837 συγχωρήσωμεν
3449 2767 3724 2831 εἰσελθεῖν,

2157 2859 2233 2930 μὴ
2257 2859 2473 2924 λευκὸν,
2512 2859 2587 2931 μὴ
2627 2859 2852 2930 μέλανα,
2885 2859 2959 2929 μὴ
2983 2859 3181 2924 δεξιὸν,
3218 2859 3292 2929 μὴ
3316 2859 3622 2931 ἀριστερὸν,
3652 2861 3724 2930 μὴ

2153 2953 2477 3026 γραφικὺνῆ
2502 2953 2751 3023 ἄγραφον
2772 2968 2788 2983 ο
2834 2952 2971 3024 πλὴν
3003 2956 3103 3023 τῆς
3142 2954 3280 3023 πρὸς
3315 2953 3447 3007 Θεον
3497 2955 3721 3018 ἱκεσξας,

2153 3047 2247 3100 καὶ
2275 3047 2372 3116 τῆς
2407 3047 2470 3099 ἐκ
2496 3046 2590 3100 τοῦ
2623 3045 2856 3117 οὐρανοῦ
2907 3046 3271 3116 ἐγγινομένης
3301 3047 3379 3116 τῷ
3421 3048 3726 3118 ἡγεμονικῷ

2152 3139 2471 3209 ἐλλάμψεως
2507 3139 2602 3192 καὶ
2645 3139 2971 3210 ἡλιοὸολίας.
3010 3139 3211 3192 Πολλοῦ
3250 3139 3459 3206 ἀγῶνος
3483 3139 3579 3193 καὶ
3602 3141 3725 3211 χρό-

2153 3253 2246 3290 νου
2284 3234 2443 3307 χρεὶα
2481 3238 2538 3289 ἐν
2563 3239 2684 3298 ταῖς
2742 3237 3096 3306 προσευχαῖς,
3133 3235 3281 3298 ὅπως
3331 3233 3581 3305 εὕρωμεν
3631 3238 3725 3304 τὴν

2151 3329 2595 3400 ἀπαρενόχλητον
2624 3330 2721 3397 τῆς
2759 3328 3000 3392 διανοίας
3033 3313 3394 3390 κατάστασιν,
3433 3327 3620 3396 ἕτερόν
3650 3346 3726 3381 τι·

2151 3434 2218 3474 να
2246 3422 2534 3493 ἐγκάρδιον
2564 3419 2814 3491 οὐρανὸν,
2849 3420 2980 3473 ἔνθα
3002 3421 3144 3472 οἰκεῖ
3177 3421 3204 3472 6
3230 3418 3488 3489 Χριστὸς,
3518 3419 3593 3482 ὦς
3623 3436 3724 3489 φη-

2153 3531 2237 3565 σιν
2257 3515 2284 3565 6
2324 3513 2646 3575 Ἀπόστολος
2671 3530 2683 3543 ο
2721 3513 2821 3565 «Ἦ
2849 3513 2950 3564 οὐκ
2984 3509 3374 3578 ἐπιγινώσκετε
3397 3511 3476 3563 ὅτι
3499 3508 3726 3578 Χριστὸς

2153 3606 2292 3658 οἰκεῖ
2324 3605 2381 3656 ἐν
2432 3605 2602 3673 ἡμῖν;
2639 3623 2656 3654 ι
2695 3603 2763 3657 Εἴ
2816 3621 2901 3666 τις
2944 3603 3186 3673 βούλοιτο
3227 3603 3354 3656 ἰδεῖν
3382 3601 3481 3674 τὴν
3514 3602 3607 3656 τοῦ
3636 3601 3725 3656 νοῦ

2165 3697 2520 3758 κατάστασιν,
2553 3696 2849 3764 τηρησὰτω
2887 3695 3077 3750 ἐαυτὸν
3121 3697 3186 3749 ὲκ
3219 3695 3432 3748 πάντων
3457 3694 3564 3748 τῷν
3607 3712 3728 3765 νοη-

465 3769 833 3833 κατὰστασιν,
874 3772 1176 3841 τηρησάτω
1207 3771 1403 3825 ἑαυτὸν
1444 3775 1509 3826 ἐκ
1541 3779 1761 3826 πάντων
1810 3775 1919 3828 τῶν
1955 3780 2270 3849 νοημάτων,
2307 3783 2402 3836 καὶ
2431 3785 2552 3836 τότε
2585 3784 2778 3854 ὄψεται
2815 3786 3014 3840 ἑαυτὸν
3040 3789 3068 3841 6
3102 3788 3228 3854 νοῦς
3253 3791 3544 3862 σαπφείρῳ
3565 3792 3728 3863 οὐρας

466 3865 564 3935 vim
587 3864 838 3936 χρώματι
861 3867 1222 3938 παρεμφερῆ.
1252 3868 1365 3922 Οὐκ
1401 3869 1466 3922 ἂν
1489 3869 1587 3922 ῐδοι
1618 3868 1648 3920 6
1667 3872 1791 3934 νοῦς
1821 3870 1911 3925 τὸν
1934 3872 2028 3924 τοῦ
2054 3875 2189 3928 Θεοῦ
2212 3876 2376 3928 τόπον
2405 3879 2462 3930 ἐν
2487 3878 2687 3946 ἐαυτῷ,
2722 3878 2799 3950 μὴ
2833 3880 3052 3934 πάντων
3067 3882 3178 3934 τῶν
3200 3884 3258 3937 ἐν
3289 3887 3403 3948 τοῖς
3439 3887 3726 3958 πράγμασι

465 3964 760 4034 νοημάτων
791 3963 1128 4036 ὑψηλότερος
1160 3966 1402 4033 γεγονώς
1426 3985 1439 4000 ο
1465 3969 1533 4053 οὐ.
1553 3970 1848 4040 γενήσεται
1882 3973 1941 4026 δὲ
1974 3974 2332 4046 ὑψηλότερος,
2372 3976 2446 4046 μὴ
2482 3978 2551 4030 τά
2583 3977 2729 4048 πάθη
2765 3980 3242 4050 ἀπεκδυσάμενος,
3267 3983 3336 4037 τὰ
3364 3987 3724 4056 συνδεσμοῦν-

463 4076 537 4113 τα
566 4057 732 4110 αὐτὸν
761 4058 850 4112 διὰ
881 4057 994 4112 τῶν
1029 4058 1324 4128 νοημάτων
1347 4063 1460 4125 τοῖς
1498 4049 1796 4136 πράγμασι
1823 4067 1936 4128 τοῖς
1960 4068 2266 4137 αἰσθητοῖς,
2299 4070 2397 4125 καὶ
2425 4071 2496 4124 τά
2522 4073 2622 4142 μὲν
2658 4073 2808 4144 πάθη
2834 4074 3190 4145 ἀπωθήσεται
3225 4078 3312 4134 διὰ
3337 4080 3445 4134 τῶν
3474 4049 3686 4150 ἀρετῶν
3709 4096 3722 4110 ·

464 4153 600 4217 τοὺς
631 4153 688 4207 δὲ
718 4153 913 4224 ψιλοὺς
941 4152 1240 4224 λογισμοὺς
1269 4155 1358 4210 διά
1385 4157 1484 4227 τῆς
1517 4161 1904 4232 πνευματικῆς
1930 4158 2188 4232 θεωρίας,
2224 4163 2322 4218 καὶ
2372 4164 2584 4234 ταύτην
2611 4167 2801 4236 πάλιν,
2829 4169 3190 4238 ἐπιφανέντος
3220 4170 3387 4226 αὐτοῦ
3415 4170 3506 4227 τοῦ
3532 4172 3726 4242 φωτός.
