4058 6444
348 405 452 468 837

1464 401 1562 466 DE
1605 400 1782 463 VITA
1820 397 2493 464 CONTEMPLATIVA.

3509 402 3618 468 8378

424 523 496 597 Υ.
529 524 716 580 Πάντα
748 525 817 578 τά
856 524 984 578 ὄντα
1017 525 1082 579 ὲκ
1110 522 1204 578 τοῦ
1239 523 1606 596 πεποιηκότος
1638 523 1777 578 αὐτά
1799 518 1952 577 κατὰ.

2091 513 2148 568 5.
2165 512 2513 582 Quacunque
2535 520 2662 568 sunt
2683 525 2748 566 ex
2765 525 2866 566 suo
2882 510 3151 583 principio
3170 512 3472 570 secundum
3489 531 3620 586 pro-

353 618 512 688 λόγον
567 619 667 691 τὴν
707 618 860 687 σφῶν
886 618 1069 673 αὐτῶν
1109 619 1298 689 εἴληφε
1346 619 1580 690 κίνησιν,
1631 620 1723 672 καὶ
1757 618 1816 671 τὸ
1845 635 1946 688 φυ-

357 712 505 789 σικὸν
544 711 696 775 ἴδιον,
723 693 851 765 ’ὅθεν
903 710 1214 774 ἀκολούθως
1285 710 1382 764 καὶ
1431 713 1460 765 6
1521 709 1666 774 νοῦς.
1710 708 1852 762 Ἀλλ’
1905 709 1942 777 ἠ

354 803 445 855 τοῦ
477 803 568 856 νοῦ
601 802 815 871 κίνησις
865 801 979 873 ἔχει
1030 802 1092 855 τὸ
1133 803 1241 864 ἀεὶ,
1273 803 1332 856 τὸ
1366 803 1412 856 δ’
1454 804 1539 856 ἀεὶ
1577 804 1804 873 ἄπειρον
1850 800 1944 856 καὶ

355 893 629 960 ἀόριστον.
682 891 840 961 Ποιρά
883 891 982 961 τὴν
1023 891 1158 945 ίδίαν
1189 892 1298 962 ἀρα
1349 891 1507 957 ἀξίαν
1558 893 1654 947 καὶ⁵
1679 891 1742 946 r6
1770 909 1945 960 πεφυο

357 985 452 1046 κὸς
493 983 698 1052 κυρίως
750 982 919 1052 αὐτῷ,
945 983 1097 1037 ἔσται
1145 984 1451 1056 κινουμένῳ
1487 985 1942 1056 πεπερασμένως,

357 1075 389 1145 ἢ
422 1075 765 1144 ὡρισμένως.
815 1075 991 1128 Τοῦτο
1034 1075 1091 1128 δὲ
1123 1075 1397 1140 πείσεται,
1429 1077 1589 1147 εἴπερ
1621 1079 1678 1130 ἐν
1709 1094 1946 1144 πεπερα-

359 1167 578 1236 σμένοις
612 1169 833 1232 κινοῖτο,
866 1169 958 1222 καὶ
987 1167 1340 1244 ὡρισμένοις·
1369 1168 1431 1222 οὐ
1468 1169 1576 1239 γὰρ
1607 1169 1774 1233 ἔστιν,
1803 1164 1944 1222 εἶναι

361 1260 460 1330 μὲν
501 1259 564 1311 r6
589 1260 824 1330 πρᾶγμα
880 1261 1304 1331 πεπερασμένον
1353 1262 1450 1314 καὶ
1479 1262 1806 1332 ὡρισμένον,
1840 1264 1874 1332 ἡ
1898 1261 1944 1315 δ’

361 1353 448 1405 ἐπ’
479 1350 592 1423 [Ion
646 1352 746 1422 τὴν
790 1351 840 1405 δ’
891 1353 978 1405 ἐπ’
1018 1351 1374 1425 (ὀρθότερονη
1406 1353 1562 1415 αὐτὸ,
1598 1353 1783 1424 ἤπερ).
1813 1353 1947 1406 αὐτὸ

359 1444 576 1514 κίνησις
603 1444 697 1498 τοῦ
728 1444 823 1498 νοῦ
852 1446 1105 1516 προῖέναι
1147 1445 1233 1498 ἐπ’
1255 1447 1506 1515 ἄπειρον.
1539 1449 1720 1498 Δετται
1747 1444 1810 1516 δὴ
1839 1443 1947 1516 ἀρα

357 1537 419 1591 τδ
472 1537 567 1592 τοῦ
627 1538 745 1602 νοὸς
788 1539 1098 1607 ἀεικίνητον
1157 1538 1500 1608 γιγνομένως
1560 1538 1789 1609 ἀπείρου
1847 1537 1946 1590 καὶ

359 1630 616 1702 ἀορίστου
645 1631 810 1697 τινὸς,
842 1630 981 1699 πρὸς
1028 1630 1057 1684 ὃ
1102 1632 1244 1684 κατά
1272 1629 1431 1697 λόγον
1469 1631 1564 1683 καὶ
1589 1629 1646 1684 τὸ
1682 1631 1945 1699 σφέτερον

363 1722 631 1789 πεφυκὸς,
666 1724 754 1792 εἴη
781 1722 832 1791 γ’
871 1722 939 1777 ἂν
968 1721 1314 1793 κινούμενον.
1355 1722 1518 1776 Ἀλλὰ
1553 1721 1942 1792 μὴνιάπειρον,

360 1816 456 1870 καὶ
502 1813 580 1886 τῷ
613 1815 729 1869 δντι
772 1813 1030 1887 ἀόριστόν
1073 1817 1221 1869 ἔστιν
1268 1815 1442 1878 οὐδὲν,
1479 1815 1616 1885 πλὴν
1645 1814 1739 1868 τοῦ
1784 1813 1943 1881 Θεοῦ,

2034 607 2211 676 priam
2245 605 2748 669 rationem,motum
2774 618 3035 674 accepere
3087 613 3142 660 et
3197 609 3474 676 propriam
3521 624 3623 664 na-

2036 704 2239 760 turam;
2263 693 2406 748 unde
2430 703 2836 763 consequenter
2855 702 2907 748 et
2933 709 3108 750 utens.
3130 692 3235 750 Sed
3267 702 3450 750 motus
3470 712 3624 753 men-

2032 787 2100 842 tis
2123 786 2534 856 perpetuitatem
2555 786 2740 849 habet,
2773 801 2896 856 quas
2941 794 3027 840 est
3065 786 3276 841 infinita
3306 788 3622 844 etindeter-

2037 878 2262 932 minata.
2283 876 2592 932 Secundum
2613 875 2886 945 propriam
2904 878 3066 946 igitur
3086 875 3398 946 dignitatem
3428 886 3475 931 et
3499 892 3622 946 pro-

2031 969 2204 1039 priam
2242 976 2494 1022 naturam
2527 968 2644 1021 sine
2676 966 2781 1020 line
2811 982 2876 1021 ac
2911 967 3146 1021 termino
3176 977 3448 1021 movetur.
3481 967 3620 1022 lllud

2030 1068 2213 1114 autem
2249 1061 2513 1130 patietur,
2541 1059 2586 1114 si
2623 1059 2676 1112 in
2719 1056 2948 1112 inﬁnitis
2983 1065 3039 1112 et
3078 1058 3446 1114 interminatis
3503 1075 3621 1112 mo-

2029 1151 2265 1207 vebitur.
2330 1149 2449 1206 Non
2513 1151 2659 1206 enim
2720 1150 2833 1204 ﬁeri
2886 1159 3066 1220 potest
3119 1159 3180 1205 ut
3240 1164 3330 1205 res
3394 1151 3616 1221 quidem

2035 1242 2198 1301 linem
2261 1243 2457 1298 habeat
2495 1258 2555 1296 ac
2589 1245 2880 1296 terminum
2907 1280 2923 1304 ,
2954 1242 3153 1297 utentis
3195 1256 3324 1297 vero
3372 1242 3436 1296 ad
3465 1242 3614 1296 illam

2032 1347 2126 1391 aut
2175 1335 2320 1391 circa
2364 1335 2510 1389 illam
2548 1343 2730 1390 motus
2777 1333 2832 1388 in
2876 1333 3145 1388 inﬁnitum
3197 1333 3474 1402 procedat.
3503 1331 3622 1386 Mo-

2029 1430 2112 1484 tui
2136 1433 2300 1500 igitur
2323 1430 2521 1484 mentis
2555 1427 2768 1482 intinito
2809 1441 2947 1496 Opus
2975 1435 3058 1480 est
3109 1441 3170 1480 re
3199 1425 3436 1496 quadam
3497 1425 3623 1480 iuli-

2032 1524 2143 1578 uita
2181 1539 2246 1577 ac
2301 1523 2417 1578 sine
2463 1522 2717 1584 termino,
2761 1518 2829 1573 ad
2886 1534 3053 1589 quam
3105 1517 3410 1574 secundum
3459 1517 3625 1570 ratio-

2032 1633 2154 1672 nem
2192 1630 2257 1670 ac
2304 1627 2544 1669 nostram
2597 1624 2846 1667 naturam
2912 1595 3066 1666 mens
3125 1626 3345 1679 semper,
3402 1623 3625 1663 movea-

2033 1719 2151 1763 tur.
2180 1711 2434 1762 Attamen
2477 1705 2608 1759 nihil
2637 1713 2718 1760 esl
2753 1703 3024 1758 Inﬁnitum
3056 1711 3110 1756 et
3150 1704 3327 1772 reipsa
3361 1688 3480 1756 sine
3511 1711 3625 1756 ter-

2033 1801 2202 1864 mino,
2227 1809 2455 1868 excepto
2488 1798 2618 1860 Dco,
2650 1799 2742 1867 qui
2771 1805 2964 1850 natura
2988 1803 3043 1851 et
3074 1804 3292 1865 proprie
3313 1810 3454 1849 unus
3484 1805 3567 1850 est
3601 1837 3620 1861 ,

360 1909 518 1979 φύσει
543 1875 638 1962 καὶ
655 1875 858 1979 κυρίως
871 1908 1022 1971 ὄντος
1045 1907 1182 1970 ἑνός’
1201 1907 1334 1979 πρὸς
1356 1875 1464 1978 ἀρα
1479 1907 1540 1960 τὸ
1563 1875 1764 1978 κυρίως
1786 1875 1946 1962 ἀπειλ

2040 1899 2248 1961 oportet
2287 1891 2453 1961 igitur
2482 1899 2714 1944 mentem
2753 1886 2818 1941 ad
2850 1885 2976 1939 illud
3021 1901 3188 1940 unum
3251 1900 3378 1941 vere
3444 1885 3626 1940 inlini-

362 2018 454 2071 pov
484 1999 565 2064 ἓν,
587 1999 677 2054 τὸν
703 2000 859 2066 Θεὸν,
894 1999 1279 2062 ἀνατετᾶσθαι,
1311 2001 1405 2054 καὶ
1416 1999 1646 2070 ἀφορᾷν,
1666 1998 1760 2051 καὶ
1776 1999 1946 2050 κινεῖ·-

362 2095 486 2149 σθαι
515 2094 606 2148 τὸν
637 2092 762 2148 νοῦν
801 2093 932 2164 χρὴ,
953 2093 1110 2148 τοῦτο
1136 2093 1244 2164 γὰρ
1267 2092 1472 2164 κυρίως
1503 2093 1748 2161 πέφυκεν
1772 2088 1944 2161 αὐτῷ.

430 2185 494 2240 δ’.
533 2186 773 2256 Ἀπειρά
809 2186 927 2239 ἐστι
975 2186 1071 2241 καὶ
1104 2186 1333 2256 ἀόριστα
1382 2185 1450 2240 τὰ
1486 2186 1614 2255 περὶ
1646 2183 1779 2237 Θεὸν
1807 2182 1945 2237 θεω-

367 2275 624 2348 ρούμενα.
673 2275 790 2329 ἀλλ’
839 2277 990 2345 ὅμως
1037 2275 1148 2329 οὐδ’
1179 2277 1237 2327 ὲν
1267 2275 1478 2336 τούτοις
1520 2274 1704 2328 τέλεον
1733 2274 1948 2344 χαίρειν

363 2369 474 2440 ἔχει
502 2370 532 2422 6
569 2368 691 2431 νοῦς
723 2368 901 2439 ζητῶν
928 2369 1020 2422 τὸν
1057 2369 1116 2434 ἐξ
1146 2363 1230 2431 οὗ,
1260 2369 1382 2422 ἐπεὶ
1415 2369 1507 2421 καὶ
1532 2367 1640 2438 γάρ
1669 2368 1746 2436 τῷ
1776 2367 1948 2437 ὁμοίῳ

362 2459 557 2514 ἑαυτοῦ
609 2460 840 2514 ἕκαστον
889 2460 1211 2528 πεφυκότως
1275 2460 1478 2530 χαίρειο
1521 2456 1603 2523 εἷς
1659 2459 1734 2512 ὡν
1763 2461 1792 2512 6
1821 2459 1948 2522 νοῦς

359 2553 457 2625 τὴν
487 2553 671 2622 φύσιν,
713 2553 762 2606 εἰ
807 2553 903 2606 καὶ
938 2552 1111 2606 πολλά
1147 2555 1267 2612 ταῖς
1303 2553 1572 2623 νοήσεσιν,
1599 2552 1950 2621 ἀνατεινόμεο

361 2665 472 2713 νος,
532 2647 627 2700 καὶ
682 2642 798 2700 οἷον
842 2645 1160 2716 κινούμενος
1192 2645 1326 2714 πρὸς
1365 2646 1518 2708 Θεὸν,
1575 2646 1667 2699 τὸν
1715 2645 1812 2699 ἕνα
1843 2645 1945 2715 τὴν

362 2740 546 2809 φύσιν,
589 2739 686 2792 καὶ
709 2737 877 2792 πολλὰ
899 2739 999 2807 τὴν
1032 2738 1333 2807 ἐνέργειαν,
1378 2738 1699 2792 ἀνένδεκτον
1733 2738 1948 2809 χαίρειν

365 2831 694 2902 ὁλοσχερῶς,
734 2830 867 2900 πρὶν
907 2829 975 2884 ἂν
1029 2831 1088 2884 ὲν
1134 2831 1211 2896 τῷ
1244 2832 1565 2898 nerunt/iret;
1594 2830 1833 2902 ἀορίστῳ
1867 2832 1948 2885 ἑνὶ

366 2922 452 2976 ate
483 2921 795 2991 πνεύματος
827 2921 1057 2988 γένοιτο,
1097 2921 1205 2974 ἀπὸ
1236 2921 1344 2974 τῶν
1369 2922 1578 2976 πολλῶν
1608 2922 1796 2994 ὥσπερ
1825 2923 1946 2977 δια-

364 3015 487 3079 ϐάς.
506 3015 595 3068 Ἑν
626 3014 772 3084 μόνῳ
807 3015 915 3084 ἄρα
948 3015 976 3065 6
1002 3013 1126 3077 νοῦς
1143 3013 1220 3083 τῷ
1237 3013 1356 3084 Θεῷ
1387 3015 1710 3082 πεφυκότως
1740 3016 1949 3087 χαίρειν

365 3106 478 3177 ἔχει
503 3105 828 3176 ὁλοσχερῶς.
867 3103 1024 3158 Ἀλλὰ
1053 3105 1160 3174 μὴν
1184 3105 1292 3159 τῶν
1314 3105 1502 3170 ὄντων,
1524 3107 1756 3161 ἕκαστον
1786 3108 1947 3178 μάλι-

2033 1995 2171 2048 tum,
2206 1983 2397 2047 Deum,
2417 1982 2639 2037 tendere
2664 1990 2719 2034 et
2737 1978 2984 2049 aspicere
2998 1986 3053 2032 et
3070 1975 3298 2031 moveri:
3319 1975 3449 2029 illud
3473 1974 3622 2030 enim

2032 2078 2133 2148 ipsi
2176 2091 2304 2132 vere
2332 2078 2614 2146 proprium
2644 2084 2751 2130 est.

2105 2167 2159 2221 4.
2202 2166 2420 2221 inﬁnita
2444 2177 2574 2221 sunt
2598 2182 2663 2221 ae
2696 2167 2816 2235 sine
2837 2166 3094 2229 termino,
3113 2181 3235 2236 qua:
3264 2164 3406 2220 circa
3452 2164 3618 2218 Deum

2034 2259 2498 2324 considerantur;
2543 2258 2634 2313 sed
2686 2269 2867 2313 tamen
2903 2273 3076 2326 neque
3148 2259 3200 2312 in
3256 2257 3323 2311 iis
3381 2257 3622 2325 perfecte

2035 2351 2202 2407 lauari
2241 2367 2391 2406 mens
2426 2356 2603 2418 potest
2657 2349 2940 2418 inquirens
2983 2368 3003 2400 ι
3043 2362 3168 2404 eum
3212 2364 3277 2404 ex
3318 2363 3428 2418 quo
3455 2357 3563 2410 est,
3597 2364 3617 2397 ο

2033 2444 2293 2514 quoniam
2324 2443 2504 2498 simile
2533 2443 2638 2497 sibi
2685 2445 3112 2511 unumquodque
3148 2449 3341 2496 natura
3403 2441 3624 2511 gaudet.

2033 2537 2168 2592 Cum
2209 2552 2364 2591 mens
2399 2545 2595 2590 natura
2626 2549 2732 2588 una
2768 2543 2862 2597 sit,
2887 2533 2988 2588 etsi
3051 2533 3225 2586 multa
3282 2531 3626 2599 cogitationi-

2032 2631 2152 2694 bus,
2188 2631 2418 2688 tendens
2447 2643 2532 2695 ιο,
2568 2637 2627 2681 ιιι
2658 2627 2731 2681 ita
2766 2627 2973 2692 dicam,
3045 2635 3191 2686 mota
3227 2625 3291 2680 ad
3330 2624 3495 2678 Deum
3528 2623 3622 2688 qui

2033 2733 2226 2777 natura
2253 2737 2397 2779 unus
2425 2731 2508 2776 est
2539 2729 2594 2776 et
2630 2720 2833 2776 multus
2863 2735 2957 2787 per
2986 2718 3242 2773 virtutem
3265 2759 3278 2782 ,
3299 2715 3414 2772 ﬁeri
3441 2719 3628 2786 nequit
3683 2790 3690 2794 _

2033 2826 2093 2874 ut
2121 2819 2278 2888 plene
2338 2815 2573 2880 laetetur,
2627 2815 2944 2885 priusquam
2995 2812 3049 2866 in
3107 2813 3198 2866 illo
3249 2827 3375 2867 vere
3416 2811 3628 2866 iniinito

2034 2927 2143 2966 uno
2170 2926 2271 2979 per
2295 2908 2560 2980 Spiritum
2581 2917 2832 2964 sanctum
2864 2906 3008 2961 facta
3031 2907 3120 2970 sit,
3145 2920 3242 2975 per
3290 2903 3460 2958 multa
3519 2904 3623 2956 alia

2033 3014 2292 3072 tanquam
2326 3002 2622 3057 transiens.
2669 3001 2748 3056 Ex
2804 3000 2874 3054 iis
2927 3014 3048 3068 qua:
3102 3009 3231 3053 sunt
3281 2997 3630 3066 unumquod-

2033 3111 2140 3166 que
2172 3096 2475 3166 pragsertint
2513 3094 2734 3164 pr0prio
2760 3092 2994 3146 naturali
3023 3091 3240 3158 gaudet;
3278 3089 3408 3142 illud
3445 3098 3624 3142 autem

367 3213 465 3249 στα
486 3195 564 3265 τῷ
588 3195 702 3265 ίδίῳ
715 3194 892 3265 χαίρει
910 3194 1144 3265 φυσικιῖν
1164 3196 1392 3265 φυσικόν
1413 3198 1559 3250 ἐστιν
1588 3197 1720 3252 ἴδιον
1735 3198 1843 3271 ἀρα
1868 3200 1945 3266 τῷ

2040 3191 2312 3260 proprium
2339 3187 2506 3242 tuenti
2555 3185 2800 3242 naturale
2828 3193 2934 3248 est,
2974 3183 3026 3236 in
3066 3181 3175 3235 Deo
3240 3182 3356 3235 solo
3415 3180 3628 3246 simpli—-

367 3286 443 3357 νῷ
478 3289 574 3341 καὶ
607 3286 843 3357 μάλιστά
867 3303 954 3354 γε,
989 3285 1050 3341 τὸ
1090 3287 1148 3340 ὲν
1183 3286 1262 3358 τῷ
1312 3288 1433 3359 Θεῷ
1471 3289 1617 3361 μόνῳ
1653 3288 1732 3361 τῷ
1757 3289 1946 3354 ἀπλῶς

365 3398 458 3450 καὶ
487 3397 758 3468 ἀορίστως
809 3398 911 3464 ἑνί,
944 3399 1039 3453 καὶ
1089 3396 1380 3463 κινεῖσθαι,
1414 3397 1510 3451 καὶ
1539 3395 1946 3463 ἀνατείνεσθαι,

363 3489 458 3543 καὶ
489 3489 758 3559 γίνεσθαι,
791 3490 887 3546 καὶ
933 3490 1146 3562 χαίρειν
1172 3489 1498 3562 ὁλοσχερῶς.

435 3585 501 3637 t'.
538 3581 698 3636 Πᾶσα
739 3583 1072 3656 οίουδήτινος
1112 3583 1334 3638 κτιστοῦ
1377 3583 1598 3654 κίνησις
1629 3581 1726 3636 καὶ
1755 3582 1818 3653 δὴ
1857 3581 1954 3636 καὶ

362 3668 528 3723 αὐτοῦ
571 3670 702 3738 νοῦ,
740 3673 879 3742 πρὸς
933 3673 1121 3728 στάσιν
1170 3673 1266 3726 καὶ
1318 3672 1554 3741 ἠρεμίαν
1613 3671 1955 3740 γιγνομένως

366 3763 607 3829 σπεύδει,
643 3767 738 3819 καὶ
771 3767 970 3838 ἀφορᾷ’
1023 3767 1117 3820 καὶ
1161 3766 1222 3819 τὸ
1268 3767 1459 3835 στῆναι
1517 3764 1793 3834 γενέσθαι,
1859 3765 1956 3817 καὶ

363 3856 644 3927 ἠρεμῆσαι
683 3858 802 3911 κατ’
832 3858 1026 3929 αὐτὴν,
1061 3859 1157 3912 καὶ
1204 3858 1379 3923 τέλος,
1422 3857 1519 3911 καὶ
1569 3855 1628 3922 ἐξ
1658 3857 1955 3926 ἐφαμίλλου

365 3949 676 4011 ἀνάπαυσις
729 3948 808 4020 τῷ
863 3949 1088 4020 κτιστῴ.
1140 3949 1300 4004 Ἀλλά
1335 3949 1441 4019 μὴν
1473 3949 1566 4017 ὅγε
1615 3947 1739 4008 νοῦς
1772 3941 1850 4009 εἷς
1879 3944 1956 3999 ὢν

366 4041 476 4094 τῶν
527 4041 785 4107 κτιστῶν,
841 4043 899 4095 ἐν
951 4044 1193 4106 κτιστοίς
1247 4042 1514 4105 στάσεως,
1579 4041 1674 4094 καὶ
1717 4038 1958 4110 ἠρεμίας

370 4130 750 4203 μετειληχέναι
803 4131 1124 4202 κινούμενος
1163 4133 1224 4186 οὐ
1270 4131 1580 4203 δεδύνηται,
1614 4129 1709 4184 τοῦ
1738 4132 1846 4202 γάρ
1873 4147 1956 4184 τοι

367 4222 590 4277 κτιστοῦ
634 4223 966 4295 ’κατάλληλα
993 4224 1318 4294 δεδεγμένου
1360 4223 1424 4277 τὸ
1461 4222 1829 4293 πεπεράνθαι,
1861 4220 1958 4274 Ere

367 4316 669 4387 ἠργμένον,
693 4317 756 4370 τὸ
791 4317 885 4370 τοῦ
913 4317 1034 4382 νοὸς
1083 4317 1181 4370 σὺν
1231 4318 1355 4390 δίκῃ
1397 4317 1708 4386 ἀεικίνητον
1739 4314 1962 4370 ἀπολειὲ

369 4410 530 4483 φθείη
555 4413 610 4481 γ’
642 4411 731 4480 ἂν,
762 4411 858 4465 καὶ
902 4410 1262 4477 ὲξακολούθου
1294 4410 1529 4484 ζητήσῃ,
1571 4402 1633 4464 οὗ
1667 4409 1966 4481 κινηθήσεα

2035 3286 2169 3338 citer
2198 3291 2251 3336 et
2275 3281 2487 3335 infinite
2517 3297 2626 3334 uno
2653 3289 2706 3334 et
2740 3277 2948 3332 moveri
2975 3283 3030 3330 et
3055 3274 3277 3330 tendere
3304 3283 3358 3330 et
3406 3272 3520 3327 tieri
3571 3281 3627 3326 et

2036 3393 2160 3430 Olllil
2175 3377 2266 3430 iuo
2285 3375 2476 3429 lauari.

2112 3579 2164 3635 ε.
2197 3576 2390 3634 Omnis
2410 3576 2703 3645 Clljllsiiiilfl
2737 3585 2942 3629 natura‘
2961 3583 3142 3628 malus
3181 3581 3236 3627 et
3285 3587 3418 3627 sane
3461 3571 3631 3640 ipsius

2041 3677 2240 3730 utentis
2303 3676 2369 3723 ad
2431 3682 2634 3722 statum
2702 3667 3265 3736 tranquillitatemque
3340 3667 3632 3719 ellitaciter

2042 3769 2214 3833 tendit
2246 3776 2299 3821 et
2333 3764 2552 3819 festinat
2579 3775 2629 3816 et
2656 3762 2918 3831 pmspicit
2952 3778 2967 3826 ;
2999 3768 3053 3813 et
3081 3761 3164 3812 hic
3195 3769 3370 3814 status
3405 3769 3455 3812 ct
3484 3769 3632 3812 tran-
3669 3783 3673 3794 ι

2039 3861 2283 3931 quillitas
2311 3858 2362 3911 iu
2383 3857 2560 3924 seipsa
2587 3865 2640 3909 ct
2661 3854 2785 3908 linis
2819 3865 2871 3908 et
2915 3862 3038 3923 post
3090 3863 3367 3908 certamen
3413 3854 3632 3923 requies

2039 3962 2120 4007 est
2147 3959 2433 4005 creaturae.
2463 3949 2715 4002 Attamen
2764 3947 2884 4015 ipsa
2913 3959 3092 4005 mens.
3117 3959 3238 3998 cum
3290 3949 3362 3999 sit
3418 3961 3522 3998 una
3559 3962 3628 3999 ex

2041 4043 2331 4106 creaturis,
2365 4042 2416 4096 in
2437 4040 2706 4096 creaturis
2740 4047 2884 4092 mota
2919 4045 3024 4091 n'on
3050 4045 3226 4106 potest
3253 4053 3436 4106 pacem
3480 4040 3634 4092 inve-

2041 4138 2160 4192 nire
2201 4153 2215 4189 :
2246 4151 2370 4188 cum
2404 4143 2656 4189 creatura
2694 4131 3024 4185 necessario,
3061 4131 3405 4195 termiuelur,
3437 4133 3635 4202 quippe

2042 4245 2163 4300 quae
2196 4227 2430 4284 coercita
2460 4224 2550 4287 sit,
2603 4223 2968 4294 sempiternus
2994 4224 3192 4279 mentis
3221 4237 3396 4281 motus
3442 4228 3637 4280 merito

2041 4323 2320 4384 deﬁceret,
2341 4329 2394 4375 et
2421 4329 2822 4387 consequenter
2844 4333 2998 4372 mens
3021 4330 3289 4385 quareret
3314 4319 3402 4373 ubi
3427 4335 3484 4373 se
3513 4335 3638 4390 agr-

2043 4426 2147 4480 ret,
2173 4429 2354 4485 neque
2375 4427 2615 4484 unquam
2649 4413 2989 4480 requiescere
3016 4422 3223 4483 posset,
3243 4424 3336 4466 aut
3359 4413 3635 4483 preprintn

366 4523 476 4570 ται,
515 4507 610 4562 καὶ
635 4507 840 4579 ἥκιστα
883 4509 1210 4578 τοπαράπαν
1239 4508 1350 4574 ἕξει
1397 4509 1457 4562 τὸ
1499 4509 1748 4580 ἠρεμεῖν,
1787 4507 1820 4577 ἢ
1857 4507 1952 4568 τοῦ

2046 4509 2206 4563 linem
2243 4507 2533 4570 inVeniret,
2566 4520 2743 4575 neque
2779 4521 2994 4573 semper
3065 4505 3266 4558 moveri
3331 4515 3536 4574 posset.
3582 4516 3643 4558 ιιι

371 4599 502 4651 ἰδίου
532 4599 722 4664 τέλους
752 4600 1034 4670 ἐπιτυχεῖν
1065 4601 1097 4671 ἢ
1129 4601 1191 4654 τὸ
1225 4603 1534 4671 ἀεικίνητον
1557 4601 1656 4671 οὐχ
1685 4601 1796 4667 ἕξει
1840 4601 1952 4671 μετ)⁴

2047 4602 2307 4663 diximus,
2328 4598 2635 4654 terminatis
2663 4613 2726 4652 ac
2760 4598 2925 4650 tinitis
2954 4596 3314 4662 circumdata,
3344 4598 3489 4665 quod
3525 4601 3642 4651 Inn-

367 4689 566 4745 ἑαυτοῦ
618 4692 760 4746 κατά
812 4693 882 4746 τά
926 4693 1306 4764 προκείμενα-,
1345 4695 1460 4758 τοῖς
1505 4694 1832 4765 ὡρισμένοις
1865 4695 1966 4749 καὶ

366 4786 809 4856 πεπερασμένοις
865 4786 1361 4860 συμπεριληφθεὶς,
1409 4789 1548 4863 ὅπερ
1607 4788 1796 4858 πόρρω
1860 4786 1962 4841 τοῦ

367 4877 507 4931 κατὰ
544 4876 672 4932 νοῦν
703 4879 962 4948 φυσικοῦ,
1020 4879 1340 4950 περιφανῶς
1394 4880 1706 4951 ἀεικινήτου
1757 4880 1966 4952 τυγχά-

365 4983 572 5029 νοντος.
606 4968 722 5024 Οὐκ
775 4970 883 5040 ἀρα
917 4971 1065 5025 ἐστὶν
1114 4973 1264 5034 εἰκὸς
1298 4971 1592 5043 εὑρηκέναι
1622 4970 1683 5025 r6
1726 4971 1960 5043 ἦρεμον,

364 5059 396 5130 ἢ
429 5060 619 5130 στῆναι
646 5062 772 5116 νοῦν
797 5066 854 5116 ἐν
879 5064 1052 5135 δήπου
1085 5068 1327 5129 κτιστοῖς
1357 5067 1667 5136 γινόμενον.
1704 5065 1815 5118 Ποῦ
1851 5067 1966 5119 τοί-

365 5169 461 5205 νυν
487 5154 742 5224 χρήσαιτ’
775 5155 842 5209 ἂν
885 5157 913 5209 6
968 5156 1094 5221 νοῦς
1141 5157 1220 5227 τῷ
1270 5156 1467 5210 ἑαυτοῦ
1522 5155 1698 5225 temp,
1744 5155 1826 5226 τῷ
1875 5157 1965 5211 διὰ

364 5247 634 5315 κινήσεως
670 5247 927 5303 ἵστασθαι
967 5248 1169 5322 δηλαδὴ
1202 5291 1216 5314 ,
1255 5252 1349 5304 καὶ
1381 5248 1556 5312 οὕτως
1588 5251 1823 5320 ἠρεμεῖν
1868 5250 1964 5303 καὶ

364 5337 591 5409 είρήνην
653 5340 831 5410 ἄγειν,
885 5344 980 5397 καὶ
1022 5344 1345 5414 ἀνιπαύλης
1395 5344 1641 5415 δεδέχθαι
1701 5343 1964 5410 αἴσθησιν

363 5430 656 5499 ἀσφαλῶς,
697 5433 748 5486 εί
777 5433 854 5504 μὴ
909 5436 967 5487 ἐν
1017 5453 1080 5504 γε
1141 5437 1403 5507 ἀκτίστῳ,
1453 5439 1548 5490 καὶ
1589 5437 1963 5508 ἀπεριγράφῳ

363 5519 603 5587 γένοιτος
642 5523 802 5579 τοῦτο
829 5527 885 5578 δέ
933 5527 1083 5581 ἐστιν
1109 5527 1138 5580 ὁ
1168 5527 1302 5591 Θεὸς
1331 5529 1562 5600 κυρίως.
1592 5529 1686 5583 καὶ
1718 5531 1959 5601 ὑπερκοο

367 5614 541 5680 auito;
571 5613 634 5668 ἓν
662 5614 757 5671 ὢν.
812 5617 902 5671 Ἑν
949 5620 1058 5690 ἄρα
1113 5618 1310 5691 τουτῳῒ
1339 5619 1416 5691 τῷ
1464 5621 1563 5683 ἐνὶ,
1617 5621 1716 5676 καὶ
1764 5622 1964 5692 ἀπεριο

365 5705 596 5779 γράπτῳ
632 5708 880 5776 γίνεσθαι
925 5711 1016 5766 διά
1042 5715 1312 5783 κινήσεως
1341 5716 1433 5767 τὸν
1463 5715 1587 5768 νοῦν
1627 5717 1729 5780 δεῖ,
1768 5715 1844 5779 ὡς
1893 5715 1964 5770 ἂν

365 5798 466 5870 τὴν
501 5803 774 5875 σφετέραν
805 5805 1048 5877 φυσικὴν
1082 5807 1322 5877 ⁴ὴρεμίιιν
1355 5808 1716 5880 ἐξευρηκότα,
1745 5809 1805 5862 ὲν
1831 5810 1966 5865 ἀναν

369 5890 568 5947 παύσει
605 5897 703 5971 στῇ
737 5899 900 5971 νοερᾷ
954 5899 1095 5954 κατά
1147 5899 1209 5954 τὸ
1251 5899 1422 5964 simi;
1485 5903 1678 5968 στάσις
1726 5902 1837 5976 γὰρ
1871 5903 1960 5958 διά

2051 4709 2116 4763 ge
2147 4696 2306 4747 abest
2333 4707 2364 4746 a
2403 4691 2619 4761 propria
2657 4690 2855 4743 utentis
2880 4698 3098 4752 natura,
3138 4702 3262 4757 quae
3309 4701 3523 4756 setttpur
3585 4689 3636 4742 in

2052 4795 2197 4840 motu
2230 4798 2352 4838 esse
2372 4784 2556 4838 debet.
2585 4779 2728 4834 Fieri
2764 4780 2928 4849 igitur
2961 4779 3150 4847 nequit
3175 4786 3234 4831 ut
3279 4793 3431 4832 mens
3496 4788 3644 4834 tran-

2049 4877 2375 4946 quillitatem
2433 4876 2676 4929 inveniat
2701 4883 2797 4927 aut
2852 4872 2903 4925 iu
2964 4870 3233 4927 creaturis
3303 4871 3641 4940 requiescat.

2052 4966 2289 5024 Ubinam
2317 4967 2485 5037 igitur
2519 4981 2672 5020 tnetts
2723 4963 2942 5033 propria
3000 4972 3194 5017 natura
3233 4977 3332 5018 sua
3375 4971 3641 5031 uteretur,

2051 5072 2347 5132 possetque
2373 5063 2461 5118 vel
2522 5071 2670 5117 mota
2691 5071 2863 5126 stare,
2899 5071 3062 5131 atque
3093 5061 3166 5115 ita
3189 5061 3642 5134 tranquillitatem

2052 5166 2112 5213 et
2139 5172 2326 5228 pacem
2351 5170 2533 5226 agere,
2556 5163 2610 5210 et
2629 5155 2830 5225 quietis
2856 5168 3077 5208 sensum
3124 5167 3317 5210 secure
3372 5154 3642 5222 accipere,

2053 5252 2154 5306 nisi
2187 5249 2242 5304 in
2266 5251 2509 5304 increato
2545 5258 2601 5302 et
2630 5233 3106 5316 incircumscripto
3129 5243 3331 5299 tie-reti
3365 5243 3518 5310 Quod
3556 5252 3642 5299 est

2055 5344 2195 5398 Deus
2223 5343 2364 5416 ipse,
2423 5343 2516 5411 qui
2564 5340 2981 5411 supernaturale
3031 5353 3198 5393 unum
3251 5348 3360 5394 est.
3417 5337 3644 5406 Oportet

2053 5440 2221 5510 igitur
2252 5446 2488 5493 mentem
2524 5435 2579 5490 in
2613 5435 2705 5488 illo
2753 5447 2866 5509 uno
2914 5441 2970 5487 et
3017 5431 3497 5501 incircumscripto
3523 5444 3645 5484 esse

2053 5547 2150 5602 per
2177 5541 2411 5594 motum,
2441 5539 2498 5583 et
2525 5537 2814 5598 postquam
2870 5541 3025 5582 suam
3095 5523 3401 5580 naturalem
3455 5537 3641 5590 pesem
3730 5536 3736 5540 ·

2056 5626 2350 5683 invenerit.
2387 5623 2584 5676 merito
2650 5620 2705 5675 in
2733 5610 2864 5690 pace
2894 5616 3162 5688 spirituali
3195 5626 3361 5672 stare.
3391 5615 3468 5672 lbi
3498 5615 3646 5670 enim

2057 5731 2154 5788 per
2171 5715 2422 5784 spiritum
2449 5712 2718 5768 stabilitas
2745 5721 2798 5767 et
2830 5721 3052 5780 accepta
3066 5709 3304 5780 requies,
3323 5715 3378 5763 et
3399 5704 3646 5762 omnium

2057 5809 2354 5873 terminus,
2391 5806 2485 5876 qui
2519 5813 2603 5861 est
2632 5805 2754 5860 sine
2784 5803 3042 5870 termino,
3096 5810 3153 5857 et
3204 5813 3386 5857 motus
3449 5800 3501 5855 in
3553 5798 3650 5852 illo

2060 5914 2171 5956 uno
2194 5912 2472 5969 nunquam
2501 5893 2893 5964 mcntidelicit,
2919 5910 3042 5952 cum
3075 5895 3140 5952 ad
3159 5892 3432 5950 infinitum
3466 5901 3519 5947 ct
3539 5903 3650 5945 non
