4058 6442
429 400 536 461 839

1555 381 1913 444 CALLISTI
1971 383 2162 444 CATA
2175 383 2277 442 PH
2290 385 2390 446 UG
2405 385 2597 446 lOT.-E

3605 392 3704 452 Sil

436 511 784 563 terminatum
829 504 1142 574 pervenerit
1189 510 1240 554 et
1300 497 1840 566 incircutnscriptum
1870 505 1923 552 et
1953 495 2020 550 ad

2125 500 2434 571 πνεύματος
2468 503 2606 569 ἐκεῖ,
2633 502 2730 556 καὶ
2759 501 3083 573 ξενότροπος
3108 499 3433 563 ἀνάπαυσις,
3464 500 3555 552 καὶ
3581 514 3708 553 παν-

430 604 563 657 illud
603 600 746 670 quod
784 603 901 654 sine
930 598 1124 661 forma,
1159 597 1277 650 sine
1313 595 1484 667 ligura
1535 600 1621 647 est
1679 599 1734 646 et
1791 591 2020 646 omnino

431 694 927 766 simplicissimum.
979 690 1108 744 'l‘ale
1146 690 1292 744 enim
1343 696 1427 742 cst
1479 684 1627 754 quod
1679 684 1885 742 dictum
1939 693 2025 739 est

432 804 625 850 unum,
663 787 714 841 id
744 794 826 840 est
860 787 1025 839 Dens.

512 1065 566 1118 6.
605 1059 662 1114 Si
687 1059 838 1126 facit,
871 1058 1176 1114 secundum
1243 1056 1524 1118 Davidem,
1598 1053 1739 1109 Deus
1797 1052 2025 1120 angelos

431 1174 563 1214 suos
592 1156 841 1225 spiritus,
906 1153 982 1207 ita
1041 1163 1096 1205 et
1137 1165 1234 1205 eos
1292 1150 1543 1204 homines
1575 1162 1716 1224 quos
1774 1146 2014 1212 Spiritus

435 1262 661 1306 sanctus
689 1247 882 1318 gignit,
913 1247 1140 1315 Spiritus
1165 1243 1350 1308 ellicit,
1385 1253 1443 1295 tit
1497 1240 1760 1295 Dominus
1811 1238 1950 1292 dixit
2008 1252 2025 1289 :

437 1343 665 1410 angelus
685 1340 832 1393 enim
871 1337 1012 1404 alius
1063 1343 1145 1388 est
1181 1335 1344 1386 homo
1392 1333 1484 1402 qui
1543 1346 1611 1384 ex
1659 1329 1852 1398 spiritu
1917 1341 2030 1380 ma-

441 1435 635 1489 nifesta
669 1431 832 1500 hujus
861 1429 1279 1498 participatione
1325 1434 1618 1493 generatus
1647 1432 1766 1487 cst;
1803 1421 1896 1474 sed
1933 1434 2031 1472 att—

440 1528 684 1596 gelorum
720 1539 856 1593 opus
885 1533 961 1575 est
991 1529 1254 1589 perpetuo
1283 1517 1452 1586 hujus
1515 1516 1606 1584 qui
1674 1515 1726 1567 in
1753 1513 1908 1567 caelis
1945 1521 2032 1566 est

439 1620 650 1672 vultum
699 1613 1088 1682 contemplari,
1152 1606 1618 1679 quemadmodum
1673 1616 1725 1658 et
1760 1605 2024 1657 Dominus

434 1711 575 1766 dixit
604 1726 618 1762 :
648 1709 832 1778 igitur,
857 1706 947 1775 qui
1007 1705 1291 1759 manifeste
1324 1703 1561 1772 Spiritus
1621 1701 1796 1754 sancti
1857 1698 2033 1774 factus

435 1813 519 1856 est
597 1799 910 1869 particeps,
963 1804 1182 1864 Oportet
1261 1803 1320 1846 ut
1383 1791 1472 1845 Dei
1552 1789 1763 1842 vultum
1827 1795 2031 1838 attente

435 1893 856 1960 contempletur,
892 1901 950 1944 ut
988 1891 1198 1958 justum
1235 1897 1335 1940 est.
1368 1884 1493 1938 Ideo
1531 1895 1581 1936 ct
1627 1885 1788 1937 docet
1833 1881 2024 1942 David,

443 2006 460 2038 ι
507 1986 744 2051 Quaerite
785 1983 1096 2043 Dominum,
1157 1980 1349 2032 dicens
1380 2017 1396 2041 ,
1454 1985 1509 2029 et
1563 1973 1969 2030 Confirmeniini
2010 1991 2023 2026 :

433 2080 664 2148 quierite
723 2078 919 2132 faciem
976 2075 1099 2144 ejus
1155 2087 1371 2140 semper
1396 2071 1464 2124 ”.
1510 2089 1528 2120 ι
1589 2066 1706 2123 Νοιι
1746 2069 1913 2137 igitur
1943 2082 2030 2120 ra-

437 2175 639 2228 tionem
695 2171 968 2242 sequitur,
1037 2167 1140 2238 qui
1195 2166 1476 2235 particeps
1525 2163 1706 2217 lactus
1761 2161 1936 2216 sancti
1964 2175 2030 2214 ac

436 2264 638 2318 viviﬁci
689 2273 739 2317 ct
797 2260 1167 2315 illuminantis
1221 2266 1279 2313 et
1335 2256 1692 2311 dilectionem
1747 2253 2032 2323 operantis

441 2356 706 2425 Spiritus,
730 2363 787 2408 et
835 2353 1136 2406 ineli‘ahilis
1166 2348 1540 2420 generationis
1567 2363 1690 2416 qua:
1715 2361 1779 2400 ex
1816 2345 2028 2414 Spiritu

435 2449 670 2501 cllicitur
705 2447 758 2500 in
795 2453 996 2499 sortem
1024 2443 1174 2496 venit
1199 2450 1255 2496 et
1288 2441 1341 2494 in
1371 2440 1674 2508 angelicam
1705 2435 2027 2510 dignitatern

438 2540 746 2602 festinavit,
797 2553 863 2591 ac
915 2536 1115 2590 deinde
1168 2551 1262 2604 per
1315 2536 1538 2587 nimiam
1605 2531 2026 2596 sollicitudinem

438 2631 754 2698 comprimit
803 2647 961 2685 suum
1007 2629 1350 2698 spiritualem
1405 2629 1471 2681 ad
1536 2625 1704 2680 Deum
1763 2642 2028 2689 sensmn,

440 2741 616 2794 neque
681 2723 796 2778 vult
847 2724 912 2778 ad
976 2721 1148 2775 Deum
1205 2723 1428 2776 tendere
1487 2735 1550 2775 ac
1600 2720 1818 2784 divina;
1867 2721 2032 2789 idque

439 2817 723 2874 Salvatore
776 2816 1007 2885 jubente
1055 2829 1156 2869 nos
1203 2815 1255 2868 in
1294 2815 1414 2883 ipso
1473 2828 1729 2877 manere,
1765 2813 2028 2882 quoniam

435 2923 493 2965 et
523 2916 642 2979 ipse
677 2910 728 2962 in
763 2907 921 2961 nobis
952 2915 1136 2959 manet
1166 2923 1180 2970 ;
1220 2916 1389 2974 atque
1437 2903 1551 2957 ltzec
1583 2901 1788 2957 Davide
1844 2901 2032 2955 dicen-

437 3014 537 3058 te:
587 3021 606 3054 ι
645 3001 901 3056 Accedite
941 3001 1007 3054 ad
1051 3015 1210 3059 eum.
1249 3007 1303 3050 et
1368 2997 1755 3050 illuminetnini
1797 2995 1864 3050 ’°.
1914 3013 1932 3046 ι
1964 2993 2052 3049 Et.

439 3112 568 3150 vere
600 3097 642 3148 si
696 3112 757 3148 ea
799 3111 922 3165 utne
956 3091 1268 3146 necessaria
1297 3099 1426 3144 sunt
1460 3100 1512 3142 et
1542 3104 1787 3157 congrua
1823 3087 2022 3141 facturi

2116 609 2226 646 των
2266 593 2438 663 πέρας
2465 595 2526 648 τὸ
2556 594 2803 666 ἄπειρον.
2842 595 2936 648 καὶ
2971 595 3184 664 κίνησις
3219 596 3279 648 ὲν
3313 595 3393 671 τῷ
3436 597 3516 648 ἐνὶ
3563 614 3679 662 γινο

2123 683 2269 752 μένῳ
2306 683 2503 755 ἐκείνῳ
2535 686 2637 740 οὐκ
2674 685 3035 739 ἀπολείπεται
3058 685 3314 757 οὐδαμῶς
3337 688 3501 741 παντὶ
3528 687 3622 757 νῷ,
3650 687 3709 740 τὸ

2119 777 2373 846 ἀόριστον
2400 779 2495 830 καὶ
2535 778 2842 848 ἀπέραντον
2876 778 3204 848 πεφθακότι,
3235 780 3295 832 τό
3318 797 3375 832 τε
3407 779 3711 850 ἀπερίγρα-

2121 883 2279 930 πτον,
2341 870 2604 938 ἀνείδεον,
2645 871 2742 926 καὶ
2791 871 3228 942 ἀσχημάτιστον,
3279 873 3374 925 καὶ
3429 871 3712 935 ἀποὶύτως

2122 961 2345 1015 ἁπλοῦνο
2371 963 2697 1036 τοιοῦτογάρ
2721 969 2782 1018 τὸ
2802 965 3092 1037 εἰρημένον
3115 965 3193 1031 ἓν,
3213 966 3490 1019 τουτέστιν
3510 969 3538 1019 ὁ
3559 967 3712 1028 Θεός.

2197 1054 2273 1120 ς’.
2311 1057 2370 1110 Εἰ
2419 1061 2584 1121 ποιεῖ,
2621 1059 2764 1112 κατά
2813 1059 2906 1112 τὸν
2942 1059 3132 1122 Δαδίδ,
3158 1060 3289 1122 τοὺς
3322 1060 3588 1129 ἀγγέλους
3616 1061 3714 1114 αὐ-

2121 1146 2215 1200 τοῦ
2240 1149 2268 1200 ὁ
2299 1146 2431 1211 Θεὸς
2462 1149 2772 1220 πνεύματα,
2799 1152 2894 1204 καὶ
2923 1149 3018 1216 οὒς
3042 1151 3100 1204 δὲ
3121 1149 3230 1204 τῶν
3262 1149 3566 1222 ἀνθρώπων
3587 1167 3712 1218 γεν-

2122 1241 2190 1310 νᾷ
2216 1239 2278 1292 τὸ
2308 1240 2557 1312 Πνεῦμα,
2601 1241 2823 1313 πνεῦμα
2881 1243 3084 1305 αὐτοὺς
3139 1246 3304 1308 ποιεῖ,
3331 1244 3407 1308 ὡς
3453 1245 3482 1296 ὁ
3511 1244 3715 1314 Κύριος

2125 1335 2347 1404 εἴρηκεν
2367 1348 2381 1363 ⁶
2415 1335 2648 1404 ἄγγελος
2681 1337 2788 1408 ἄρα
2819 1336 2980 1400 ἄλλος
3017 1337 3349 1407 χρηματίζει
3397 1338 3427 1389 ό
3460 1352 3714 1407 γεγεννη-

2129 1426 2290 1495 μένος
2318 1427 2606 1497 ἀνθρωπος
2662 1430 2726 1481 ὲκ
2772 1428 2868 1482 τοῦ
2909 1430 3142 1501 ὲναργεῖ
3168 1428 3478 1499 πνεύματος
3509 1434 3711 1500 μετοχῇ

2126 1519 2293 1572 αὑτοῦ
2325 1535 2338 1547 ·
2367 1521 2502 1574 ἀλλά
2537 1521 2645 1593 μὴν
2675 1521 2924 1590 ἀγγέλων
2953 1523 3114 1592 ἔργον
3153 1522 3214 1576 τὸ
3240 1522 3332 1577 διὰ
3351 1523 3553 1587 παντὸς
3591 1524 3716 1577 θεωσ

2131 1613 2245 1681 ρείν
2274 1613 2336 1666 τὸ
2385 1613 2677 1685 πρόσωπον
2713 1613 2807 1668 τοῦ
2844 1617 2902 1668 ὲν
2960 1616 3233 1686 οὐρανοῖς,
3288 1615 3365 1680 ὡς
3414 1617 3510 1670 καὶ
3559 1617 3714 1670 τοῦτο

2126 1698 2280 1759 εἶπεν
2322 1707 2351 1759 ό
2404 1706 2629 1776 Κύριος·
2655 1707 2851 1761 οὐκοῦν
2885 1707 2982 1762 καὶ
3013 1709 3042 1761 ὁ
3074 1707 3389 1780 ΙΙνεύματος
3420 1709 3577 1777 ἁγίου
3621 1727 3713 1762 πεο

2131 1798 2362 1869 ριφανὴς
2399 1799 2626 1870 μέτοχος
2654 1799 2767 1872 [ῖσ.
2799 1800 2890 1855 τὸν
2915 1801 3234 1870 Πνεῦματος
3264 1801 3422 1870 ἁγίου
3440 1805 3710 1872 περιφανῆ

2131 1890 2383 1964 μέτοχον]
2426 1891 2532 1962 χρὴ
2576 1892 2804 1964 θεωρεῖν
2853 1894 3294 1963 ἀνατεινόμενος,
3323 1893 3400 1957 ὡς
3434 1895 3582 1957 είκὸς
3605 1935 3620 1956 ,
3655 1895 3714 1948 τὸ

2129 1985 2422 2055 πρόσωπον
2460 1986 2554 2039 τοῦ
2599 1985 2756 2040 Θεοῦ.
2817 1986 2908 2040 Διὸ
2947 1987 3190 2041 διδάσκει
3233 1985 3501 2057 δήπουθεν
3553 1990 3646 2041 καὶ
3687 1991 3715 2041 ό

2128 2072 2312 2126 Δαϐίδ·
2372 2091 2391 2124 ι
2443 2077 2726 2146 Ζητήσατε
2776 2075 2869 2129 τὸν
2914 2076 3155 2146 Κύριον,
3208 2076 3407 2144 λέγων,
3442 2078 3537 2131 καὶ
3582 2092 3715 2149 xpu-

2127 2163 2418 2235 ταιώθητε,
2451 2165 2726 2239 ζητήσατε
2753 2169 2815 2221 τὸ
2841 2169 3134 2238 πρόσωπον
3159 2167 3328 2223 αὐτοῦ
3353 2169 3441 2223 διὰ
3459 2171 3707 2233 παντός.»

2129 2256 2243 2308 οὐκ
2274 2257 2382 2328 ἀρα
2429 2260 2592 2330 τηρεῖ
2633 2259 2694 2313 τὺ
2721 2258 2868 2323 εἰκὸς
2921 2260 3015 2314 καὶ
3039 2260 3362 2330 γιγνόμενον
3385 2299 3400 2326 ,
3433 2262 3462 2314 ό
3491 2261 3716 2332 μέτοχος

2127 2349 2370 2417 γεγονὼς
2405 2351 2499 2403 τοῦ
2531 2353 2708 2420 ἁγίου,
2741 2352 2836 2406 καὶ
2894 2351 3182 2418 ζωοποιοῦ,
3233 2353 3328 2407 καὶ
3363 2353 3710 2421 φωτιστικοῦ,

2127 2441 2225 2494 καὶ
2250 2443 2449 2511 ὲρωτοε
2461 2442 2593 2513 ργοῦ
2624 2443 2964 2515 Πνεῦματος,
2981 2445 3077 2496 καὶ
3096 2444 3178 2508 είς
3206 2446 3402 2515 πεῖραν
3419 2443 3516 2514 τῆς
3535 2446 3711 2516 appi-

2129 2551 2220 2586 του
2271 2535 2422 2606 ἥκων
2454 2537 2763 2606 γεννήσεως
2790 2537 2892 2606 τῆς
2933 2538 2997 2590 ὲκ
3025 2535 3118 2590 τοῦ
3152 2536 3493 2606 Πνεῦματος,
3521 2537 3616 2590 καὶ
3636 2539 3714 2599 εἰς

2130 2625 2290 2691 ἀξίαν
2349 2629 2586 2697 ἀγγέλου
2649 2630 3119 2702 ἀναδεδραμηκὼς
3148 2671 3164 2694 ,
3209 2630 3386 2684 ἔπειθ’
3431 2630 3574 2685 οὕτω
3625 2632 3713 2684 διὰ

2133 2720 2393 2790 περιττὴν
2418 2721 2707 2776 εὐλάϐειαν
2752 2723 2910 2793 μύειν
2945 2723 3114 2776 ποιῶν
3143 2723 3241 2794 τὴν
3275 2723 3408 2792 πρὸς
3441 2723 3572 2775 Θεὸν
3602 2741 3714 2775 νοε-

2134 2810 2232 2881 ράν
2263 2797 2515 2881 αἴσθησιν
2553 2814 2743 2879 αὐτοῦ,
2778 2817 2872 2868 καὶ
2906 2817 2979 2885 μὴ
3011 2816 3218 2868 ἐθέλειν
3254 2815 3391 2884 πρὸς
3431 2814 3562 2868 Θεὸν
3589 2815 3711 2868 ἀνα-

2128 2903 2423 2973 τείνεσθαι,
2455 2909 2549 2959 καὶ
2573 2907 2640 2960 τὰ
2671 2907 2812 2967 θεῖα,
2844 2910 2938 2962 καὶ
2979 2908 3150 2961 ταῦτα
3183 2907 3276 2961 τοῦ
3315 2907 3566 2977 Σωτῆρος
3597 2907 3714 2960 ἐπι-

2129 2997 2414 3062 τάττοντος
2450 3002 2633 3067 μεῖναι
2667 3002 2725 3053 ὲν
2770 3000 2941 3070 αὐτῷ,
2979 3001 3100 3053 ἐπεὶ
3135 3002 3228 3053 καὶ
3268 3000 3430 3062 αὐτὸς
3477 3001 3624 3069 μένει
3657 3001 3712 3051 ἐν

2129 3089 2301 3160 ἡμῖν’
2339 3091 2436 3144 καὶ
2466 3091 2560 3144 τοῦ
2605 3092 2766 3146 Δαὸἳδ
2799 3093 3121 3161 φάσκοντος·
3161 3111 3178 3142 ι
3219 3091 3550 3161 Προσέλθετε
3580 3092 3714 3162 πρὸς

443 3204 714 3251 essemus,
747 3190 798 3240 in
832 3187 949 3255 ipso
988 3184 1079 3238 Dei
1113 3182 1292 3236 Patris
1323 3181 1551 3244 lumine,
1579 3180 1786 3233 scilicet
1819 3180 1872 3232 in
1907 3181 2030 3248 Spi-

2131 3182 2290 3237 at'itbv
2315 3185 2408 3237 καὶ
2434 3185 2761 3253 φωτίσθητε.
2799 3207 2816 3238 ι
2859 3187 2967 3239 Καὶ
2995 3185 3210 3256 ἀληθῶς
3252 3185 3306 3238 εί
3331 3202 3392 3252 γε
3428 3184 3713 3254 μέλλοιμεν

447 3285 553 3334 ritu
603 3290 819 3341 sancto,
846 3279 1160 3332 videremus
1191 3276 1372 3328 lumen
1404 3276 1548 3342 quod
1568 3274 1812 3327 estciri-a
1837 3271 2032 3338 Deum,

440 3377 492 3428 itl
524 3382 608 3427 est
637 3374 874 3427 divinam
916 3371 1204 3424 veritatem
1234 3407 1248 3426 .
1280 3367 1382 3421 nisi
1431 3367 1682 3436 imperite
1710 3366 1776 3420 ad
1813 3366 2035 3420 divinos

441 3470 625 3522 radios
654 3465 899 3520 converti
937 3463 1227 3518 nollemus.

519 3760 571 3814 7.
602 3758 803 3814 Tribus
853 3759 1033 3813 modis
1086 3774 1244 3811 mens
1283 3757 1349 3812 ad
1385 3758 1476 3813 Dei
1519 3761 2033 3831 (cntemplationem

441 3853 713 3914 ascendit,
772 3849 995 3920 proprio
1021 3859 1210 3914 'tnotu,
1253 3851 1480 3907 alterius
1507 3863 1679 3918 motu,
1709 3864 1763 3906 et
1793 3858 2032 3922 quodam

443 3946 584 3999 inter
634 3945 823 3998 ambos
863 3953 1033 3997 motu.
1077 3942 1154 3997 Ac
1203 3944 1382 4012 plllIIO
1431 3945 1636 4014 proprii
1693 3953 1880 4002 motus
1917 3961 2037 4002 mo-

439 4040 545 4093 dus
598 4037 798 4092 mentis
854 4045 1049 4090 natura
1115 4035 1464 4091 solummodo
1529 4037 1851 4106 perficitur,
1911 4056 2034 4110 quae

440 4149 541 4188 sua
593 4133 873 4185 voluntate
933 4145 1029 4197 per
1081 4130 1432 4197 phantasiam
1467 4127 1682 4194 utitur;
1719 4130 2031 4201 cujusmoili

441 4224 812 4280 terminusest
839 4222 1155 4275 divinarum
1211 4237 1394 4275 rerum
1447 4224 1875 4292 contemplatio;
1911 4241 2035 4294 quae

440 4325 494 4370 et
523 4315 753 4384 gentiles
797 4313 900 4380 ipsi
938 4313 1218 4380 imaginati
1247 4322 1378 4364 sunt
1409 4328 1426 4378 ;
1480 4316 1758 4370 secundus
1795 4331 1926 4370 vero
1949 4328 2034 4371 est

441 4423 608 4476 supra
639 4406 993 4467 voluntatem,
1031 4415 1084 4458 et
1144 4405 1319 4459 solius
1351 4403 1443 4459 Dei
1481 4405 1690 4461 lumine
1713 4411 2030 4478 praestitus;

444 4501 590 4553 unde
617 4506 672 4552 et
699 4497 885 4552 divino
927 4494 1112 4549 afﬂatu
1157 4505 1366 4550 tantum
1394 4498 1696 4565 invenitur,
1719 4511 1774 4556 et
1802 4501 1855 4556 in
1889 4505 2032 4558 divi-

2132 3278 2306 3328 ποιεῖν
2328 3277 2392 3328 τὰ
2417 3276 2603 3329 δέοντα
2629 3279 2721 3329 καὶ
2747 3279 3008 3347 ἑπόμενα,
3036 3279 3091 3328 ἐν
3115 3277 3192 3328 τῶ
3217 3276 3308 3328 τοῦ
3337 3276 3470 3328 Θεοῦ
3503 3277 3710 3346 Πατρδε

2124 3372 2288 3440 φωτὶ,
2322 3369 2464 3435 λέγω
2493 3369 2548 3421 δὲ
2591 3367 2651 3420 τὸ
2684 3367 2904 3435 Πνεῦμα
2938 3368 3000 3419 τὸ
3029 3365 3204 3434 ἅγιον,
3231 3365 3473 3436 ὀψόμεθα
3505 3383 3620 3436 φως
3655 3366 3714 3418 τὸ

2124 3465 2258 3533 ’περὶ
2293 3463 2382 3516 τὸν
2416 3461 2566 3523 Θεὸν,
2603 3460 2854 3512 τουτέστι
2907 3460 3005 3528 τὴν
3032 3458 3181 3511 θείαν
3207 3458 3492 3529 ἀλήθειαν,
3531 3459 3578 3511 εί
3635 3458 3708 3528 μή

2130 3573 2247 3615 πως
2303 3553 2755 3621 ἀνεπιστημόνως
2800 3552 2936 3620 πρὸς
2988 3551 3087 3616 τὰς
3147 3551 3296 3616 θείας
3351 3552 3574 3615 ἀκτῖνας
3637 3551 3713 3620 μὴ

2125 3647 2482 3715 ἐπιστρέφειν
2510 3645 2836 3716 αἱρούμεθα.

2196 3737 2260 3804 ζ’.
2298 3739 2460 3809 Τρισὶ
2510 3733 2732 3809 τρόποις
2781 3737 3052 3791 ἐπιϐαίνει
3101 3738 3129 3788 ὁ
3170 3737 3294 3799 νοῦς
3321 3739 3386 3807 τῇ
3433 3736 3527 3789 τοῦ
3577 3733 3712 3788 Θεοῦ

2127 3832 2354 3904 θεωρίᾳ.
2403 3832 2802 3902 αὑτοκινὴτως,
2860 3832 3292 3902 ἐτεροκινήτως,
3344 3831 3439 3884 καὶ
3508 3827 3712 3898 μεταξὺ

2125 3923 2349 3978 τούτων.
2381 3924 2491 3977 Καὶ
2511 3925 2539 3976 ό
2569 3923 2668 3994 μὲν
2698 3923 3052 3992 αὐτοκίνητος
3100 3923 3302 3994 τρόπος
3336 3922 3440 3976 ὑπὸ
3473 3921 3574 3990 τῆς
3612 3921 3715 3989 φύ-

2129 4034 2266 4080 σεως
2294 4015 2389 4070 τοῦ
2421 4016 2515 4070 νοῦ
2552 4018 2714 4086 μόνον
2765 4015 3025 4079 τελεῖται,
3063 4015 3281 4086 θελήσει
3305 4018 3370 4086 τῇ
3404 4014 3597 4068 ἑαυτοῦ
3627 4014 3714 4067 διὰ

2127 4108 2429 4176 φαντασίας
2487 4107 2793 4179 χρώμενος,
2853 4101 2915 4160 οῦ
2959 4110 3132 4180 πέρας
3183 4110 3216 4178 ὴ
3269 4108 3377 4161 τῶν
3425 4107 3554 4178 περὶ
3583 4107 3716 4160 Θεὸν

2127 4202 2369 4273 θεωρίαν
2422 4204 2458 4258 ἃ.
2513 4203 2610 4256 καὶ
2650 4202 2927 4272 Ἑλλήνων
2985 4203 3248 4272 ἀμηγέπη
3299 4201 3714 4270 ἐφαντάσθησαν

2127 4297 2317 4358 παῖδες
2345 4311 2357 4324 °
2412 4299 2440 4349 ό
2480 4296 2525 4348 δ’
2565 4295 2753 4367 ἕτερός
2803 4296 2952 4347 ἐστιν
3011 4294 3296 4364 ὑπερφυὴς
3333 4294 3568 4360 θελήσει,
3622 4293 3714 4345 καὶ

2126 4387 2393 4458 φωτισμῷ
2429 4389 2594 4457 μόνου
2639 4387 2776 4440 Θεοῦ
2812 4386 3159 4456 γιγνόμενοςο
3190 4387 3314 4440 ὅθεν
3347 4386 3442 4438 καὶ
3477 4386 3581 4438 ὑπὸ
3617 4386 3712 4455 τὴν

2128 4479 2280 4534 θείαν
2314 4480 2553 4550 κατοχὴν
2600 4479 2722 4534 τότε
2771 4479 2908 4543 ὅλως
2961 4478 3299 4549 εὑρίσκεται,
3332 4477 3426 4531 καὶ
3461 4478 3540 4540 εἰς
3564 4475 3713 4538 θείας

445 4607 544 4646 nas
567 4589 934 4646 revelationes
951 4589 1250 4658 abripitur,
1286 4602 1342 4644 et
1390 4605 1595 4646 arcana
1631 4593 1726 4648 Dei
1769 4597 2030 4664 mysteria

2127 4572 2498 4641 ἀποκαλύψεις
2529 4572 2852 4641 ἀρπάζεται,
2891 4571 2986 4624 καὶ
3021 4572 3350 4642 ἀπορρήτων
3376 4570 3594 4638 γεύεται
3619 4569 3712 4622 τοῦ

447 4693 653 4754 gustat,
673 4692 728 4737 et
773 4681 1087 4736 futurorum
1114 4691 1342 4736 eventus
1369 4682 1534 4736 videt.
1561 4683 1667 4750 Qui
1690 4697 1874 4741 autem
1895 4689 2039 4742 inter

447 4780 640 4833 ambos
659 4777 851 4831 modus
872 4785 975 4841 est,
1003 4777 1274 4830 ainbobus
1292 4791 1513 4846 quoque
1534 4794 1602 4832 ex
1626 4791 1778 4849 parte
1803 4783 2038 4851 conjun-

441 4874 608 4942 gitur.
635 4869 924 4924 Voluntate
949 4869 1170 4938 quidem
1195 4878 1249 4922 et
1271 4870 1563 4937 phantasia
1592 4875 1813 4942 prOpria
1843 4890 2038 4943 apera-

445 4974 570 5029 tur;
601 4963 833 5032 propriae
856 4963 1121 5014 voluntati
1153 4977 1433 5031 congruus
1450 4965 1780 5030 ostenditur,
1806 4969 1932 5021 alter
1951 4969 2035 5022 ius

443 5069 627 5111 autem
725 5056 1023 5109 voluntatis
1103 5064 1188 5110 est
1255 5058 1578 5126 particeps,
1642 5059 1710 5112 in-
1763 5070 2031 5129 quantum

443 5152 625 5206 divina
660 5151 1060 5204 illuminatione
1099 5151 1166 5204 ad
1190 5151 1425 5218 seipsam
1453 5152 1664 5230 unitnr,
1734 5165 1789 5208 et
1845 5155 2038 5211 int-lia-

443 5246 628 5300 bilitcr
654 5245 827 5299 Deum
861 5243 1009 5298 videt
1043 5243 1183 5296 ultra
1219 5245 1494 5312 propriam
1521 5245 2037 5313 Spiritu‘aleniuniov

444 5352 590 5392 nem.
625 5335 880 5390 Omnium
905 5336 1050 5388 enini
1083 5350 1208 5404 quae
1238 5337 1386 5389 circa
1427 5337 1595 5389 Deum
1667 5340 1924 5394 videntur
1979 5355 2034 5398 et

442 5430 700 5483 dicuntur
725 5435 878 5482 extra
902 5428 1038 5482 lines
1073 5432 1202 5489 exit,
1235 5442 1414 5496 neque
1460 5427 1884 5498 providentiam,
1933 5451 2030 5489 ne.

443 5537 550 5590 quc
591 5521 914 5590 potentiam,
959 5536 1133 5588 neque
1159 5520 1507 5590 prudentiam
1571 5538 1746 5590 neque
1791 5526 2028 5583 aliorum

439 5614 750 5668 divinorum
809 5613 1107 5683 quidquam
1171 5613 1359 5678 videt;
1411 5615 1652 5684 repletus
1718 5622 2021 5687 praesertim

441 5708 711 5775 spirituali
745 5707 972 5771 lumine,
1007 5716 1061 5762 et
1091 5708 1272 5762 laetitia
1305 5712 1588 5768 exsultans
1623 5713 1820 5768 divinte
1849 5719 2027 5772 chari-

442 5801 576 5855 tatis
618 5801 741 5870 igne
768 5800 1056 5869 producta.

512 5914 559 5947 "
592 5914 739 5972 Psal.
771 5931 881 5984 Civ,
924 5919 979 5972 ι.
1082 5921 1127 5953 °°
1159 5918 1303 5976 Psal.
1337 5938 1528 5994 xxxm,
1561 5925 1614 5980 6.

2125 4665 2258 4718 Θεοῦ
2283 4666 2618 4736 μυστηρίων,
2645 4667 2741 4718 καὶ
2775 4663 3079 4732 μελλόντων
3108 4663 3364 4723 ἐκϐάσεις
3400 4663 3522 4733 ὁρᾷ.
3573 4662 3628 4714 '0
3657 4660 3713 4712 δὲ

2128 4743 2334 4826 μέταξὺ
2383 4757 2614 4809 τουτωνὶ
2662 4755 2886 4822 τρόπος,
2933 4758 3048 4818 τοῖς
3095 4755 3250 4808 δυσὶν
3288 4757 3344 4808 ὲν
3382 4755 3539 4824 μέρει
3590 4770 3712 4805 συν·

2123 4851 2376 4902 ἀπτεταιο
2415 4843 2586 4923 ᾖῠμὲν
2617 4848 2728 4919 γὰρ
2765 4847 2986 4918 θελήσει
3033 4849 3128 4901 καὶ
3173 4847 3447 4918 φαντασίᾳ
3490 4847 3596 4915 ἰδίᾳ.
3622 4849 3713 4916 ὲρυ

2123 4941 2371 5008 γάζεται,
2427 4941 2505 5010 τῷ
2553 4941 2893 5012 αὐτοκινήτῳ
2925 4942 3216 5013 σύμφωνος
3277 4943 3573 5005 δείκνυται,
3635 4942 3712 5010 τῷ

2123 5036 2485 5106 έτεροκινήτῳ
2541 5035 2595 5089 δὲ
2643 5039 2910 5098 κοινωνεῖ,
2967 5037 3052 5106 ἐφ’
3085 5038 3209 5090 ὅσον
3255 5037 3360 5090 ὑπὸ
3410 5037 3511 5105 τῆς
3563 5037 3712 5096 θείας

2123 5127 2336 5180 ἑνοῦται
2379 5127 2514 5198 πρὸς
2551 5128 2742 5181 ἑαυτὸν
2776 5128 3118 5199 ἐλλάμψεωτ,
3160 5129 3253 5182 καὶ
3306 5130 3560 5201 ἀρρήτως
3612 5128 3714 5196 ὁρᾷ

2121 5223 2211 5300 τὸν
2269 5220 2423 5286 Θεὸν,
2483 5221 2744 5274 ἐπέκεινα
2801 5222 2899 5291 τῆς
2957 5221 3152 5276 ἑαυτοῦ
3201 5227 3394 5294 νοερᾶς
3444 5223 3709 5283 ὲνὼσεως.

2119 5315 2347 5368 Πάντων
2379 5314 2488 5386 γὰρ
2511 5315 2622 5367 τῶν
2664 5315 2791 5384 περὶ
2832 5314 2966 5367 Θεὸν
3001 5315 3316 5384 ὁρωμένων.
3360 5315 3456 5368 καὶ
3487 5315 3712 5382 λεγομέ-

2117 5429 2224 5462 νων
2263 5409 2369 5472 ἔξω
2401 5409 2614 5477 γίνεται
2645 5407 2927 5478 τηνικάδε,
2967 5407 3090 5460 οὔτε
3119 5409 3481 5477 ἀγαθαρχίαν,
3517 5407 3548 5476 ἦ
3579 5406 3708 5459 θέω·

2121 5519 2224 5560 σιν,
2257 5501 2379 5554 οὔτε
2420 5501 2634 5567 σοφίαν,
2664 5501 2696 5572 ἧ
2728 5500 3094 5570 δυναμοποιδν
3118 5502 3338 5570 κράτος,
3366 5501 3396 5569 ἢ
3430 5499 3706 5568 πρόνοιαν,

2121 5597 2153 5667 ἢ
2183 5596 2310 5648 ἄλλο
2328 5613 2382 5646 τι
2410 5594 2518 5646 τῶν
2549 5595 2710 5647 θείων
2741 5595 2904 5664 όρῶνο
2937 5594 3188 5663 ἔμπλεως
3225 5593 3624 5661 καθιστάμενος
3654 5594 3709 5654 ἐς

2118 5689 2427 5757 ταμάλιστα
2454 5687 2641 5756 νοεροῦ
2671 5687 2872 5755 φωτὸς,
2904 5687 3000 5740 καὶ
3026 5689 3125 5757 μέν
3162 5705 3224 5755 γε
3251 5688 3423 5756 χαρᾶς
3459 5688 3712 5756 ἐνεργου-

2123 5781 2293 5852 μένης
2334 5779 2440 5834 ὑπὸ
2476 5780 2623 5834 θείου
2654 5781 2828 5850 πυρὸς
2875 5781 3066 5851 ἀγάπῃ
3103 5777 3565 5849 συγκιρναμένου.
