4058 6462
264 405 364 472 Sil

1377 397 1475 459 DE
1515 396 1689 457 Yle
1734 378 2397 450 CO‘N'I‘EMPLATEVA.

3421 363 3529 433 8i!

340 528 411 593 η’.
445 520 589 586 Νοῦς
642 522 710 593 τῇ
745 518 852 593 ἰδίᾳ
892 517 1168 590 φαντασίᾳ
1228 514 1367 589 πρὸς
1415 516 1478 570 τὸ
1524 515 1749 588 θεωρεῖν
1785 511 1854 568 τὰ

2001 501 2057 557 8.
2103 500 2285 566 Mens;
2330 495 2553 568 propria
2607 489 2992 563 imaginatione
3041 486 3109 542 ad
3170 483 3349 540 divina
3396 497 3532 540 cor-

263 591 479 690 ἀόρατα
526 591 835 689 χρώμενος,
883 613 1067 667 πίστει
1114 611 1411 683 ὁδηγεῖται·
1441 609 1858 682 ὲλλαμπόμενος
1935 591 2249 665 templanda
2292 598 2473 690 υξξεξὶει

2525 585 2630 641 Ilde
2673 583 2958 654 dirigitur;
3003 579 3180 649 gratia
3230 590 3362 632 vero
3404 575 3529 628 illn-

264 667 478 769 Ξῗῖιῖιζῖ
496 667 889 783 τ’ξίξᾷἀριέᾶς,
921 708 987 779 τῇ
1022 667 1234 761 ἐλπίδι..
1273 667 1611 777 βεϐαιοῦταί,
1651 667 1758 758 ιὲτδ
1800 667 1858 756 δὲ

1944 695 2131 748 strata,
2153 699 2250 754 spe
2269 681 2564 745 solidatur;
2581 677 2765 734 divino
2789 671 3258 751 lumineabrepta,
3276 667 3531 783 Ialmenus

266 805 359 861 τοῦ
395 804 543 859 θείου
567 801 749 871 φωτὸς
795 799 1202 874 ἁρπαζόμενος,
1232 800 1483 869 ταμιεῖον
1517 797 1742 867 ἀγάπης
1772 794 1856 863 γί-

266 915 420 953 νεται
450 894 758 967 ἀνθρώπων
783 935 798 960 ,
848 893 947 948 καὶ
982 891 1164 963 πολλῷ
1215 908 1281 960 γε
1319 890 1522 962 μᾶλλον
1569 886 1664 943 τοῦ
1697 885 1858 941 Θεοῦ.

267 988 512 1059 Οῦτωςή
542 987 742 1060 τρισσὴ
762 984 856 1040 τοῦ
876 984 968 1039 νοῦ
1000 983 1156 1049 τάξις
1185 983 1278 1038 καὶ
1304 982 1428 1054 κίνη

268 1083 364 1139 καὶ
393 1081 594 1147 ἐλπίδι,
630 1081 727 1134 καὶ
760 1079 975 1150 ἀγάπῃ,
1007 1076 1189 1131 τελεία
1212 1074 1309 1130 καὶ⁹
1334 1073 1603 1139 θεοποιδς,
1643 1070 1860 1144 βέϐαιός

267 1192 329 1228 τε
358 1174 454 1229 καλ⁵
491 1171 718 1244 ἀκλινὴς
756 1171 966 1241 γίνεται
993 1211 1009 1235 ,
1059 1168 1154 1223 καὶ
1185 1166 1388 1238 ταύτην
1435 1164 1733 1236 πεφθακὼς
1761 1164 1861 1234 τὴν

269 1265 615 1338 εὐρυχωρίαν
642 1264 743 1335 τῆς
770 1262 1145 1335 ἀκροπόλεως,
1175 1261 1251 1326 ὡς
1277 1259 1344 1315 ἄν
1382 1277 1473 1333 τις
1498 1260 1665 1324 είποι,
1690 1260 1770 1321 εἰς
1798 1256 1861 1312 τὸ

268 1360 372 1430 τῆς
430 1344 657 1430 ἀγάπης
711 1354 973 1429 φρούριον
1031 1352 1226 1408 ἑαυτὸν
1279 1352 1636 1424 ἠσφαλίσατο.
1697 1350 1860 1406 Ὅθεν

270 1452 442 1518 ἐστὶν,
463 1452 493 1506 ὃ
510 1450 734 1521 λέγεται
762 1447 916 1521 παρὰ
940 1445 1034 1503 τοῦ
1064 1446 1297 1501 Παύλουο
1338 1464 1356 1498 ι
1378 1446 1439 1499 Ἥ
1467 1445 1655 1515 ἀγάπη
1682 1443 1859 1499 πάντα

271 1548 478 1617 στέγει,
514 1546 695 1601 πάντα
737 1528 1022 1613 ὑπομένει,
1060 1559 1079 1593 ι
1108 1539 1197 1594 διά
1245 1539 1311 1592 τὸ
1339 1539 1440 1611 τῆς
1473 1538 1716 1600 πίστεως
1763 1539 1861 1593 καϊ

271 1638 490 1702 ἐλπίδος
512 1634 742 1706 ἀγαθόν·
783 1650 802 1686 ι
852 1631 916 1686 Ἥ
946 1632 1159 1703 ἀγάπη,
1192 1631 1382 1701 φησὶν,
1416 1629 1676 1685 οὐδέποτε
1703 1630 1860 1684 ἐκπί-

271 1749 422 1797 πτει,
472 1748 492 1783 ι
533 1728 624 1783 διὰ
677 1726 778 1799 τὴν
812 1725 948 1798 πρὸς
980 1723 1115 1780 Θεὸν
1143 1723 1315 1795 αὐτῆς
1342 1722 1594 1796 ἔμπυρον
1640 1722 1857 1789 ἕνωσιν,

270 1825 365 1880 καὶ
398 1821 699 1890 συνάφειαν
727 1818 987 1893 ἄρρητον.
1612 1890 1619 1897 1

342 1921 410 1976 θ’.
456 1919 547 1973 Ἐν
573 1917 748 1973 οὐδενὶ
776 1915 982 1986 κτιστῷ
1006 1913 1284 1987 ἐξαίρετόν
1317 1913 1432 1968 ὲστι
1460 1913 1520 1967 τὸ
1552 1912 1633 1968 ἓν.
1667 1914 1860 1983 Διενη-

271 2014 504 2086 νοχέναι·
521 2010 623 2082 μὲν
648 2008 760 2080 γὰρ
787 2007 1023 2062 ἕκαστον
1067 2006 1299 2061 ἑκάστου
1326 2005 1472 2061 κατά
1516 2021 1637 2061 τινα
1659 2007 1861 2080 τρόπον

276 2107 561 2179 ἰδιότητος,
594 2104 697 2159 οὐκ
726 2102 959 2159 ἄπεστιν
988 2102 1207 2157 εἰδέναιο
1300 2102 1357 2155 δὲ
1387 2086 1861 2167 κτιστάξὲκαστον

274 2200 506 2256 ἑκάστου
539 2201 599 2254 οὐ
634 2196 944 2269 διενήνοχεν
987 2184 1264 2268 ὴρῆμένον
1300 2210 1359 2250 τε
1383 2194 1478 2250 καὶ
1504 2196 1862 2268 πεπερασμέ-

276 2309 389 2357 νον,
451 2292 546 2346 καλ⁸
603 2289 709 2345 ὑπὸ
759 2288 923 2360 φύσιν
960 2287 1194 2352 τελοῦν,
1244 2287 1341 2342 καὶ
1394 2288 1497 2342 οὐκ
1554 2287 1614 2342 ὃν
1654 2290 1862 2361 κυρίως

275 2383 481 2440 ἁπλοῦν
509 2362 569 2439 ἐν
598 2398 615 2416 ⁸
662 2381 825 2454 μόνον
851 2381 962 2453 γὰρ
990 2379 1049 2435 ἓν
1078 2380 1158 2452 τῷ
1185 2380 1319 2444 ὄντι,
1356 2380 1473 2434 ἐστὶ
1497 2381 1557 2435 τὸ
1581 2382 1858 2449 ἄκτιστον,

273 2475 347 2541 ὡς
379 2473 608 2539 ἁπλοῦν,
654 2471 733 2538 ὡς
776 2470 1037 2543 ἄναρχον,
1076 2469 1155 2534 ὡς
1189 2466 1571 2540 ἀτελεύτητον,
1591 2469 1683 2523 καὶ
1703 2468 1860 2538 adpr—

276 2586 423 2634 στον,
472 2565 571 2622 καὶ
618 2564 708 2620 διὰ
750 2562 912 2619 τοῦτο
960 2561 1208 2635 ἄπειρον,
1243 2562 1383 2635 ὅπερ
1430 2564 1579 2617 ἐστιν
1636 2563 1666 2617 6
1701 2563 1856 2628 Θεύς.

275 2661 427 2732 Πρὸς.
444 2658 493 2724 ὃ,
527 2658 582 2713 εῐ
611 2674 678 2728 γε
725 2657 754 2712 6
804 2654 932 2720 νοῦς
958 2654 1111 2729 ὁρώῃ
1136 2653 1278 2726 μετά
1311 2656 1546 2727 μετοχῆς
1567 2656 1662 2711 τοῦ
1690 2656 1859 2712 πνεύ-

275 2766 464 2823 ματος,
498 2748 598 2804 καὶ
644 2747 817 2822 ῥοπῆς
850 2744 947 2800 τοῦ
1000 2744 1270 2810 ζωοποιοῦ
1294 2786 1309 2812 ,
1353 2746 1476 2802 ὅσαι
1508 2746 1717 2820 ἡμέραι
1755 2748 1860 2822 τὴν

229 2885 235 2891 .
273 2842 423 2914 αὐτῷ
473 2841 865 2914 προσήκουσαν
918 2824 1094 2908 αύξην
1129 2837 1367 2909 δέχεται,
1408 2839 1689 2912 ἡνωμένος
1711 2878 1728 2905 ,
1762 2840 1860 2896 καὶ

271 2924 629 3006 ήπλωμένος,
650 2931 747 2986 καὶ
772 2928 1103 3000 θεουργικῆς
1136 2928 1395 3001 ἐχόμενος
1438 2931 1855 2997 καταστάσεως.

270 3024 384 3081 Καί
436 3040 502 3094 γε
538 3022 745 3095 σφόδρα
777 3006 981 3093 συνῆκε
1030 3020 1242 3091 σαφῶς,
1275 3021 1359 3077 ὃτι
1404 3021 1497 3077 τοῦ
1544 3022 1664 3088 ἐνὸς
1692 3023 1855 3096 πλὴν,

271 3116 370 3173 καὶ
408 3116 511 3187 τῆς
538 3114 687 3188 πρὸς
719 3111 854 3169 αὒτδ
901 3112 960 3166 ὲν
995 3110 1272 3184 πνεύματι
1309 3111 1687 3184 ἀποδλὲψεως,
1728 3114 1858 3169 νοῦν

275 3211 484 3283 βέλτιον
512 3207 659 3276 ἕξειν
690 3207 998 3279 ἀμήχανον·
1030 3203 1191 3260 τοῦτο
1221 3204 1344 3278 μὲν,
1375 3206 1458 3260 ὅτι
1483 3207 1512 3261 6
1539 3207 1666 3272 νοῦς
1694 3206 1856 3262 ἐσκέ-

1939 778 2226 836 charitatis
2274 775 2332 830 [lt
2377 773 2669 829 thesaurus
2697 809 2713 836 ,
2758 770 2813 824 et
2850 765 3026 822 multo
3070 763 3246 835 magis
3292 758 3389 816 Dei
3446 761 3527 829 ip-

1944 873 2085 932 sius.
2121 871 2203 928 lta
2239 868 2437 941 triplex
2473 863 2672 920 mentis
2697 863 2834 918 ordo
2864 869 2920 915 et
2946 865 3148 922 motus,
3187 853 3241 909 in
3275 852 3403 917 ﬁde,
3436 866 3533 919 spe

1436 998 1542 1046 σις,
1566 982 1627 1035 ἐν
1651 978 1857 1041 πίστει,

1944 975 1997 1024 et
2020 967 2314 1027 charitate,
2338 959 2610 1032 perfectus
2628 972 2693 1013 ac
2712 953 2958 1014 deiﬁcus,
2989 949 3198 1006 solidus
3224 955 3276 1002 et
3306 942 3534 1000 indecli-

1940 1058 2141 1116 nabilis
2162 1054 2241 1122 lit,
2276 1063 2327 1111 et
2359 1060 2647 1125 postquam
2681 1060 2836 1103 mens
2865 1042 3105 1099 adhunc
3125 1047 3339 1094 vastum
3375 1048 3533 1089 acro-

1940 1153 2083 1226 polis
2112 1152 2312 1215 locum,
2341 1155 2402 1203 ut
2426 1148 2500 1201 ita
2528 1144 2731 1205 dicam,
2756 1136 3082 1210 pervenerit,
3113 1133 3186 1189 ibi
3207 1132 3262 1226 in
3295 1128 3532 1226 charita-
3596 1162 3601 1167 ρ

1942 1219 2011 1302 iis
2042 1243 2261 1300 civitate
2286 1241 2524 1310 seipsam
2562 1235 2813 1290 munivit.
2852 1227 3006 1284 Unde
3037 1226 3091 1281 id
3123 1223 3266 1294 quod
3299 1237 3327 1275 a
3357 1219 3529 1274 Paulo

1941 1338 2147 1395 dicitur
2176 1354 2192 1391 :
2232 1352 2253 1386 ι
2289 1332 2544 1390 Charitas
2567 1326 2751 1384 omnia
2786 1322 2938 1394 tegit,
2969 1318 3157 1375 omnia
3189 1314 3453 1376 sustinet,
3492 1331 3511 1362 ι
3606 1345 3620 1355 .

1945 1438 2170 1503 propter
2204 1426 2325 1482 ﬁdei
2373 1432 2428 1479 et
2473 1421 2589 1493 spei
2644 1419 2848 1474 bunum
2878 1430 2894 1468 :
2932 1430 2953 1466 ι
2988 1408 3245 1466 Charitas
3274 1446 3290 1472 ,
3323 1402 3528 1473 inquit,

1943 1535 2224 1594 nunquam
2273 1517 2476 1573 excidit
2504 1515 2571 1578 ",
2627 1530 2647 1565 ι
2687 1517 2909 1582 propter
2939 1505 3168 1577 ignitam
3206 1513 3362 1556 suam
3397 1511 3523 1554 cum

1944 1616 2056 1673 Deo
2092 1612 2349 1670 unionem
2381 1617 2436 1664 et
2463 1605 2791 1663 lneﬂ'ahilem
2822 1596 3287 1670 coniunctionem.

2023 1893 2077 1950 9.
2111 1892 2170 1949 in
2218 1892 2368 1947 nulla
2419 1895 2672 1944 creatura
2722 1885 2985 1943 eximium
3034 1891 3119 1941 est
3163 1896 3354 1939 unum.
3416 1879 3535 1936 Non

1883 1957 1926 2018 Β
1953 1986 2174 2044 difﬁcile
2221 1985 2362 2042 scitu
2414 1993 2499 2038 est
2549 1979 2980 2052 unumquodque
3022 1977 3092 2033 ab
3143 1977 3254 2032 alio
3294 1976 3535 2045 quodam

1951 2080 2298 2151 proprietatis
2333 2078 2493 2135 modo
2521 2076 2761 2133 ditierrc.
2792 2076 2850 2131 In
2877 2082 3143 2145 quantum
3174 2081 3356 2128 autem
3386 2085 3544 2126 crea-

1950 2181 2006 2230 ta
2046 2182 2192 2241 sunt,
2246 2171 2678 2244 unumquodque
2710 2171 2778 2226 ab
2810 2183 3142 2265 upoquoque
3191 2182 3300 2222 non
3357 2165 3538 2220 ditl'ert

1949 2268 2251 2326 coercitum
2285 2275 2342 2323 et
2384 2266 2678 2322 limitatum
2725 2273 2782 2320 et
2818 2262 3016 2319 natura
3066 2262 3277 2318 ﬁnitum
3302 2301 3319 2328 ,
3363 2276 3538 2331 neque

1950 2361 2171 2436 proprie
2225 2361 2547 2431 simpliciter
2594 2375 2787 2415 unum.
2844 2356 3034 2415 Solum
3095 2357 3272 2427 reipsa
3330 2366 3416 2412 est
3452 2356 3539 2411 in.

1952 2468 2201 2514 creatum
2225 2498 2242 2525 ,
2279 2467 2338 2513 ιιι
2369 2457 2600 2528 simplex
2637 2462 2691 2510 et
2723 2455 2930 2527 absque
2973 2454 3245 2526 principio
3278 2465 3333 2510 et
3376 2466 3536 2510 mter-

1952 2566 2082 2607 num
2112 2560 2165 2606 et
2193 2549 2469 2605 inﬁnitum
2493 2591 2507 2614 ,
2535 2548 2681 2619 quod
2704 2557 2807 2633 est.
2825 2547 2989 2605 Deus.
3019 2547 3100 2602 Atl
3133 2548 3281 2619 quod
3307 2549 3353 2604 si
3381 2565 3537 2603 mons

1950 2659 2076 2700 cum
2106 2642 2344 2713 Spiritus
2374 2642 2790 2713 participatione
2815 2641 3088 2710 aspexerit
3114 2649 3170 2696 et
3201 2641 3532 2698 virilia-antis

1951 2736 2099 2796 illius
2130 2745 2304 2805 motu,
2337 2735 2569 2807 singulis
2599 2736 2792 2790 diebus
2837 2735 2938 2806 ipsi
2970 2734 3303 2791 conveniens
3355 2737 3533 2790 incre-

1950 2840 2196 2885 mentum
2227 2828 2461 2900 accipit,
2497 2828 2651 2885 unita
2693 2841 2758 2883 ac
2794 2828 3024 2898 simplex
3057 2827 3246 2885 eﬂ'ecta
3271 2870 3285 2894 ,
3313 2838 3369 2883 et
3396 2845 3539 2886 con-

1951 2922 2290 2978 stitutionem
2333 2921 2574 2987 divinam
2612 2928 2889 2978 assecuta.
2933 2919 3003 2975 Et
3031 2936 3167 2977 sane
3196 2922 3530 2978 nitidissima

1950 3012 2219 3069 intellexit
2257 3013 2600 3097 impossibile
2631 3028 2754 3070 esse
2794 3022 3030 3069 mentem
3065 3014 3258 3070 melius
3290 3015 3529 3087 seipsam

1951 3106 2193 3185 habere,
2223 3106 2329 3162 nisi
2363 3120 2459 3178 per
2504 3106 2639 3163 illud
2682 3117 2850 3162 unum
2888 3117 2944 3162 et
2988 3122 3150 3163 suum
3186 3107 3256 3163 ad
3297 3108 3431 3163 illud
3475 3109 3532 3163 in

1953 3198 2158 3272 Spiritu
2200 3209 2534 3272 respectum.
2580 3198 2747 3271 quue
2773 3242 2787 3264 ,
2837 3200 3099 3272 quoniam
3141 3216 3295 3258 mens
3358 3202 3533 3259 divisa

270 3307 501 3371 δασται,
540 3302 618 3372 τῷ
684 3298 1000 3371 πολυσχιδετ
1044 3300 1261 3370 κόσμῳ,
1318 3297 1413 3354 καὶ
1465 3300 1579 3364 τοῖς
1623 3298 1856 3355 πάθεσιν

1954 3301 2037 3351 est
2068 3294 2272 3350 mundo
2312 3294 2407 3349 illo
2451 3293 2702 3360 discisso,
2749 3305 2804 3349 et
2841 3293 3233 3366 cupiditatibus
3285 3295 3531 3363 subjecta

273 3398 556 3462 ὑπενδοῦς,
596 3395 695 3450 καὶ
724 3393 894 3448 δεῖται
925 3391 1239 3457 ἀκολούθως
1282 3390 1661 3464 ὕπερκοσμίου
1701 3391 1859 3449 6W6.-

276 3490 444 3547 μεως,
476 3478 572 3541 καὶ
612 3476 896 3549 ἑπομένως
921 3479 1238 3552 ὑπερφυοῦς
1265 3479 1384 3543 ἑνὸς
1423 3480 1502 3545 είς
1533 3479 1856 3550 ἀπόϐλεψιν,

272 3565 341 3621 ἶν’
370 3566 512 3622 οὕτω
555 3568 667 3624 τῶν
716 3571 992 3643 μεριστῶν
1031 3572 1325 3647 ἁρπαγεὶς,
1368 3570 1474 3640 ἔξω
1505 3572 1730 3644 γένηται
1751 3572 1862 3627 τῶν

276 3661 490 3729 παθῶν,
538 3664 634 3718 καὶ
661 3665 761 3735 τῆς
800 3664 1143 3738 διαιρέσεως,
1172 3665 1268 3722 καὶ
1298 3665 1443 3721 οῦτω
1473 3665 1627 3738 τύχοι
1669 3666 1736 3721 ἂν
1764 3665 1860 3720 τοῦ

256 3753 567 3821 -θεοειδοῦς,
600 3756 702 3812 Διά
736 3774 820 3813 τοι
860 3760 1022 3815 τοῦτο
1057 3760 1152 3814 καὶ
1198 3761 1226 3812 6
1264 3760 1472 3834 Κύριος
1511 3759 1861 3832 παράκλησιν

275 3849 509 3901 ποιεῖται
553 3849 691 3921 πρὸς
723 3850 816 3904 τὸν
847 3851 1093 3926 Πατέρα,
1119 3853 1188 3908 ἵν’
1211 3846 1364 3924 ὦμεν
1394 3851 1455 3907 ἓν
1492 3853 1543 3907 οί
1592 3852 1777 3906 πιστοὶ
1802 3852 1859 3903 ἐν

272 3938 351 4007 τῷ
372 3940 568 4012 nam,
602 3943 700 3996 καὶ
730 3942 881 4015 αὖτῷ
908 3944 1043 4015 Υίῷ,
1066 3943 1156 4000 διὰ
1185 3944 1526 4016 Πνεύματος,
1559 3943 1655 3999 καὶ
1686 3941 1860 4004 οὕτως

272 4029 351 4095 ἓν,
378 4031 455 4095 ὡς
506 4033 663 4088 αὐτοί
704 4036 844 4091 είσιν
877 4035 937 4089 ἓν
969 4051 984 4068 ⁸
1018 4034 1119 4110 (μὴ
1162 4036 1470 4104 κακοδόξως
1511 4034 1754 4107 δηλονότι
1781 4032 1860 4097 ὡς

275 4125 565 4191 Σασέλλιος
593 4122 718 4183 εῖπε
740 4127 801 4182 τὸ
824 4126 927 4201 ἓν.)
944 4128 1026 4194 ὡς
1052 4128 1120 4184 ἂν
1153 4122 1326 4201 ὦμεν,
1422 4127 1549 4201 χρὴ,
1573 4126 1860 4183 τετελειωι-

274 4217 448 4287 μένοι,
482 4220 581 4275 καὶ
617 4222 803 4294 χάριτι
851 4224 1121 4289 ἐνίζοντος
1155 4222 1494 4294 Πνεύματος,
1524 4221 1622 4277 καὶ
1654 4219 1860 4292 θεωρίᾳ

269 4312 514 4380 ἐνοειδεῖ,
546 4316 606 4370 ἐν
631 4315 714 4370 ἑνὶ
751 4314 832 4388 τῷ
877 4316 1017 4388 Θεῷ.
1051 4316 1223 4371 Τοῦτο
1246 4317 1381 4389 ἡμῖν
1408 4314 1662 4385 ἐκφανῶς
1700 4314 1734 4385 ἡ
1766 4312 1860 4366 ὅν-

266 4420 380 4468 τως
410 4404 718 4475 βελιίωσις,
759 4407 854 4462 καὶ
898 4409 1060 4463 τοῦτο
1109 4407 1285 4473 τέλος,
1323 4407 1422 4462 καὶ
1469 4404 1714 4479 ἀληθὴς,
1763 4403 1861 4459 καὶ

270 4498 411 4571 μόνη
442 4499 776 4567 ἀνάπαυσις.
807 4503 907 4557 Διά
930 4499 1091 4557 τοῦτο
1117 4501 1215 4559 καὶ
1235 4503 1271 4576 ἡ
1312 4500 1571 4574 φθονερὰ,
1603 4501 1700 4554 καὶ
1731 4516 1853 4571 μισ-

263 4591 559 4664 άνθρωπος
592 4595 884 4668 δαιμονικὴ
928 4595 1248 4669 συμμορία,
1290 4595 1373 4660 είς
1434 4594 1650 4649 πολλῶν
1695 4592 1880 4669 θεῶν,ἰ

260 4683 345 4748 ὡς
373 4685 472 4740 οὐκ
504 4685 689 4756 ὅφελε,
740 4688 908 4750 σέϐας
934 4687 1380 4760 διασκορπίσασα
1400 4727 1416 4753 ,
1449 4687 1508 4740 ὲν
1538 4685 1719 4759 πλάνῃ
1752 4684 1857 4738 ὑπ-

261 4776 494 4851 έσπειρε
539 4779 604 4833 τὸ
656 4779 753 4834 τοῦ
797 4781 917 4844 νοδς
946 4782 1170 4848 ἑνιαῖον,
1218 4780 1315 4835 καὶ
1343 4779 1445 4833 οὐκ
1491 4777 1675 4849 ἀφῆκε
1712 4777 1856 4831 τοῦτ’

258 4867 413 4936 ἔχειν
460 4869 560 4940 τὴν
610 4870 705 4925 τοῦ
747 4870 1122 4943 ύπερκοσμέου
1178 4871 1483 4942 φαντασίαν
1515 4869 1671 4934 ἑνός·
1708 4870 1858 4933 ὅπως

259 4959 339 5014 ἂν
382 4962 448 5031 τῇ
484 4961 543 5014 ἐν
576 4961 796 5026 πολλοῖς
825 4962 1075 5033 λατρεία,
1128 4962 1427 5032 ἀπούλέψει
1457 4978 1516 5015 τε
1547 4960 1639 5016 καὶ
1659 4958 1858 5030 διαιρέ-

260 5071 377 5124 σει,
430 5056 584 5128 παρά
627 5056 726 5128 τὴν
769 5057 966 5112 ἑαυτοῦ
1005 5057 1169 5128 φύσιν
1198 5057 1544 5112 ἀναπείσασα
1587 5053 1856 5108 κινεῖσθαι

258 5148 365 5201 τὸν
379 5145 527 5214 νοῦν,
559 5147 832 5203 παντοίων
859 5147 1051 5204 παθῶν
1081 5147 1429 5220 ἐπιθυμητὴν
1469 5145 1723 5216 ἀναδείξῃ
1763 5145 1859 5197 καὶ

134 5271 149 5280 -
257 5238 517 5309 ψεύδους,
566 5239 690 5295 ἀντὶ
737 5238 837 5312 τῆς
879 5239 1139 5311 ἀληθείας
1195 5241 1290 5294 καὶ
1344 5240 1442 5308 τῆς
1482 5238 1704 5308 ἀρετῆς.
1743 5237 1859 5289 Ἐνι-

256 5331 459 5387 τεῦθεν
490 5333 553 5387 τὸ
596 5332 825 5404 Πνεῦμα
878 5337 1137 5402 παραινεῖ
1188 5334 1275 5387 διὰ
1322 5332 1417 5387 τοῦ
1459 5332 1750 5404 Προφήτου
1795 5328 1859 5382 τὸ

256 5424 445 5492 ἅγιονο
500 5443 518 5478 ι
561 5425 900 5498 Προσελθετε
957 5426 1097 5498 πρὸς
1142 5425 1326 5491 αὐτὸν,
1381 5425 1576 5494 λέγον,
1613 5423 1706 5477 τὸν
1758 5421 1857 5474 ἕνα

168 5562 185 5576 .
254 5519 494 5592 δηλαδὴ,
527 5522 622 5576 καὶ
652 5520 990 5592 φωτίοθητε.
1030 5539 1049 5573 ι
1088 5521 1199 5575 Καὶ
1240 5519 1322 5573 ἔτι
1361 5517 1622 5589 ἀλλαχοῦο
1645 5536 1664 5570 ι
1712 5506 1857 5584 Ἐγῶ

256 5613 397 5677 Θεὸς
426 5614 662 5684 πρῶτος,
694 5614 789 5669 καὶ
837 5613 950 5684 ἐγὼ
995 5615 1134 5685 μετά
1178 5613 1373 5675 ταῦτα,
1404 5613 1500 5668 καὶ
1529 5610 1668 5684 πλὴν
1719 5608 1855 5680 ἐμοῦ

253 5706 366 5761 οὐκ
393 5707 541 5762 ἔστιν
563 5707 719 5771 ἄλλος
737 5707 893 5772 Θεὸςο
924 5727 944 5761 ι
980 5707 1077 5762 καὶ
1097 5707 1280 5762 πάλιν
1306 5727 1326 5759 ι
1353 5705 1576 5772 Ἀκουε,
1618 5704 1855 5776 Ἰσραὴ),

254 5799 472 5871 Κύριος
508 5802 536 5856 6
574 5800 707 5865 Θεός
744 5817 862 5866 σου,
896 5799 1100 5871 Κύριος
1136 5795 1215 5865 εἷς
1242 5799 1416 5854 ἐστιν.
1459 5815 1480 5851 ι
1517 5797 1592 5852 Οὐ
1625 5797 1733 5869 γάρ
1775 5812 1856 5849 τοι

384 5949 431 5981 ἰ
496 5945 513 6000 I
565 5946 696 5998 (lor.
737 5959 858 6007 xm,
908 5944 1106 6008 isrqq.

558 6029 801 6104 Pusam.
877 6045 989 6100 tiu.
1038 6035 1324 6098 Nihili.

1952 3402 2058 3452 εει,
2087 3394 2142 3443 et
2170 3397 2572 3459 consequenter
2600 3398 2719 3458 eget
2751 3388 3157 3458 supernaturali
3192 3387 3464 3458 potentia,
3485 3396 3543 3444 et

1949 3480 2387 3552 supernaturalis
2433 3478 2602 3535 Unius
2668 3488 2911 3550 aspectu.
2958 3489 3019 3535 ut
3072 3480 3149 3538 ita
3190 3479 3277 3536 lus
3332 3479 3539 3537 distra-

1947 3573 2224 3631 ctionibus
2258 3574 2499 3644 abrepta,
2531 3581 2684 3629 extra
2716 3572 3044 3644 cupiditates
3065 3572 3166 3628 .ﬁat
3207 3582 3261 3629 et
3299 3574 3538 3646 dissipa.

1949 3667 2153 3722 tionem
2183 3676 2238 3721 et
2259 3666 2338 3721 sic
2357 3662 2590 3722 formam
2628 3664 2868 3721 divinam
2919 3674 3269 3737 assequatur.
3298 3665 3537 3738 [deoque

1947 3758 2213 3814 Dominus
2249 3761 2465 3814 Patrem
2508 3766 2649 3822 orat,
2691 3768 2751 3813 ut
2788 3772 2891 3814 nos
2927 3758 3113 3815 ﬁdeles
3141 3775 3310 3815 unum
3352 3762 3530 3817 simus

1948 3851 2002 3907 in
2037 3850 2197 3907 Patre
2224 3859 2280 3906 et
2311 3847 2453 3905 Filio
2489 3865 2585 3921 per
2638 3848 2926 3920 Spiritum.
2956 3859 3012 3905 et
3044 3852 3117 3907 ita
3148 3868 3342 3919 unum,
3379 3863 3439 3908 ut
3481 3866 3538 3909 et

1947 3946 2051 4016 ipsi
2077 3962 2246 4001 unum
2288 3953 2414 4001 sunt
2446 3945 2595 4019 (non
2622 3944 2718 4000 illo
2743 3959 3000 4015 perverso
3028 3947 3193 4003 modo
3234 3957 3297 4002 ut
3332 3943 3533 4003 Sabel-

1947 4038 2056 4094 lius
2093 4053 2256 4092 unum
2287 4037 2494 4106 dixit);
2526 4047 2586 4094 ut
2610 4037 2787 4093 simus
2811 4076 2826 4101 ,
2862 4047 2923 4093 ut
2969 4046 3226 4108 oportet,
3277 4040 3530 4110 perfecti,

1947 4130 2189 4186 unientis
2214 4129 2453 4200 Spiritus
2482 4129 2675 4202 gratia,
2704 4139 2760 4185 et
2795 4130 2999 4185 unitiva
3031 4132 3525 4202 contemplatione,

1946 4223 2001 4280 in
2036 4239 2144 4281 uno
2173 4212 2263 4279 illo
2288 4225 2418 4300 Deo.
2461 4222 2519 4280 ld
2549 4239 2648 4280 nos
2679 4239 2806 4279 vere
2826 4224 3082 4281 meliores
3109 4225 3260 4293 facit,
3288 4227 3334 4283 is
3372 4227 3531 4283 nobis

1948 4318 2070 4375 linis
2094 4326 2150 4375 et
2175 4332 2302 4374 vera
2332 4326 2388 4374 et
2407 4317 2524 4375 sola
2555 4317 3159 4390 requies.Quapropter
3193 4320 3526 4376 invidiosum

1944 4422 1998 4469 et
2042 4411 2328 4469 hominum
2360 4411 2489 4467 odio
2532 4411 2752 4482 plenum
2796 4411 3106 4467 dcemonum
3149 4413 3439 4484 collegium
3474 4414 3529 4469 in

1945 4502 2240 4560 multorum
2269 4504 2522 4571 deorum,
2552 4510 2612 4558 ut
2646 4503 2765 4559 fieri
2799 4519 2906 4558 non
2942 4515 3078 4571 erat,
3120 4509 3525 4563 venerationem

1947 4594 2263 4665 abripiens,
2288 4596 2490 4651 mentis
2526 4595 2787 4651 unionem
2822 4596 3041 4653 subruit
3075 4613 3253 4664 neque
3275 4600 3530 4669 permisit

1948 4696 2008 4745 ut
2033 4688 2184 4745 illius
2207 4689 2645 4760 supernaturalis
2671 4687 2844 4746 Unius
2878 4691 3329 4762 imaginationem
3364 4693 3529 4749 liabe-

1942 4789 2065 4849 ret;
2092 4781 2166 4837 ita
2204 4790 2266 4838 ut
2297 4782 2595 4838 multorum
2640 4783 2860 4838 illorum
2904 4784 3088 4839 cultus
3125 4783 3416 4841 intuitione
3459 4799 3526 4840 ac

1941 4876 2317 4941 diSIinctione,
2356 4876 2522 4932 menti
2554 4876 2889 4948 persuaserit
2917 4885 2989 4947 ut
3009 4885 3204 4933 contra
3237 4892 3397 4933 suam
3430 4894 3527 4934 na-

1940 4978 2118 5026 turam
2154 4979 2468 5026 moveretur
2493 4970 2851 5041 omniumque
2897 4970 3257 5041 cupiditatqu
3285 4981 3341 5027 et
3370 4988 3526 5029 men-

1939 5066 2221 5121 daciorum
2251 5078 2311 5120 se
2354 5062 2657 5119 studiosam
2685 5063 3020 5129 ostenderet,
3048 5064 3248 5120 nedum
3277 5065 3524 5121 veritatis
3623 5078 3627 5083 '

1938 5168 1994 5214 et
2014 5157 2252 5213 virtutis.
2300 5154 2457 5212 Unde
2507 5155 2748 5227 Spiritus
2791 5167 3014 5213 sanctus
3061 5171 3158 5227 per
3201 5158 3522 5228 prophetam

1941 5249 2193 5303 hortatur
2233 5247 2474 5303 dicens:
2527 5264 2547 5297 ι
2579 5246 2836 5301 Accedite
2882 5249 2949 5302 ad
3003 5262 3154 5313 eum,
3204 5261 3400 5319 nempe
3452 5252 3523 5304 a.l
3561 5248 3565 5253 ’

1940 5337 2145 5406 Unum,
2181 5348 2237 5394 et
2280 5336 2688 5394 illuminetniui.
2727 5357 2746 5390 ι
2793 5339 2860 5395 Ει
2906 5338 3088 5395 adhuc
3130 5339 3238 5395 alio
3266 5339 3322 5396 in
3357 5341 3521 5397 loco:

1946 5452 1965 5485 ι
2002 5432 2119 5504 Ego
2154 5431 2298 5486 Deus
2330 5431 2561 5503 primus,
2591 5442 2647 5488 et
2673 5447 2773 5504 ego
2808 5443 2934 5502 post
2961 5447 3025 5489 ea
3050 5474 3066 5499 ,
3112 5441 3167 5489 et
3198 5442 3399 5504 praeter
3436 5450 3525 5492 me

1946 5541 2052 5581 non
2083 5533 2169 5582 est
2199 5524 2342 5580 alius
2377 5524 2517 5580 Deus
2543 5526 2617 5585 "._
2643 5544 2664 5577 ι
2693 5523 2756 5581 Ει
2784 5541 3004 5582 rursum
3040 5543 3054 5582 :
3084 5544 3105 5575 ι
3135 5525 3305 5592 Audi,
3334 5525 3526 5595 Israel,
3588 5570 3592 5575 .

1946 5616 2211 5673 Dominus
2264 5616 2404 5671 Deus
2449 5623 2602 5684 tuus,
2641 5616 2910 5673 Dominus
2952 5606 3093 5671 mins
3131 5625 3217 5673 est
3239 5618 3308 5672 ’³.
3344 5636 3364 5670 ι
3405 5616 3525 5675 Νοιι

1944 5708 2089 5764 enim
2124 5707 2319 5779 triplex
2356 5707 2522 5763 unius
2550 5707 2777 5764 Deitatis
2801 5708 3113 5780 hypostasis
3144 5709 3361 5767 unicam
3390 5712 3529 5766 divi.

1943 5800 2023 5856 dit
2048 5799 2454 5867 substantiam;
2482 5799 2576 5855 sed
2610 5809 2665 5855 et
2691 5807 2802 5857 tres
2832 5809 2963 5856 sunt
2991 5800 3211 5870 quidem
3255 5819 3528 5891 personae,

1199 5938 1374 5992 "lsa.
1409 5951 1552 5999 xmv,
1587 5933 1639 5990 ὒν
1734 5931 1779 5961 θ’
1814 5929 1967 5984 Deut.
2037 5943 2109 5994 vt,
2172 5929 2220 5986 ί,

3088 6013 3161 6076 27
