4058 6444
505 391 611 456 8th
1640 362 1981 445 CALHSTI
2022 373 2627 440 CATAPHUGIOTE
3685 373 3785 439 ενι

508 510 599 565 :‘ed
633 519 852 562 rursum
886 499 1241 561 nihilominus
1275 517 1438 556 unum
1470 499 1795 559 substantia,
1826 505 1874 550 et
1907 503 2099 565 poten-

2200 486 2259 541 1:6
2301 487 2734 557 τρισυπόστατον
2762 483 2861 552 τῆς
2897 484 3025 553 μιᾶς
3053 480 3314 549 Θεότητος
3353 478 3449 550 τὴν
3486 478 3611 548 μίαν
3639 477 3775 530 διαι-

508 603 607 662 tia,
647 599 927 654 voluntate
976 607 1030 653 et
1072 594 1334 660 t-ﬂicacia,
1373 604 1428 649 et
1476 593 1597 648 aliis
1640 587 2090 647 st'tltstantialilnts

513 695 690 751 bouis.
741 691 846 750 Uni
900 695 1065 762 igitur
1125 689 1236 744 Deo
1281 688 1486 744 servire
1527 696 1580 740 et
1621 700 1745 739 eum
1787 679 1984 736 intueri
2039 685 2093 732 et

509 804 635 841 eum
685 802 752 841 eo
791 785 966 849 uniri,
1001 797 1105 854 pro
1137 782 1368 845 viribus,
1423 796 1452 834 a
1487 779 1784 843 multisque
1818 773 2092 834 recedere,

512 881 763 935 voluntas
808 886 893 933 est
930 876 1025 931 Dei
1051 886 1110 931 'et
1147 875 1342 928 mentis
1391 870 1732 932 meliorntio,
1779 876 1836 922 ut
1877 863 2097 940 et‘veri-

513 975 644 1027 tatis
675 973 917 1026 inventio
972 980 1026 1022 et
1077 970 1276 1022 divina:
1317 965 1596 1022 cltaritatis
1623 974 1674 1018 et
1705 964 2099 1030 eottseqttenter

511 1066 822 1135 adoptionis
851 1063 1149 1133 generatio.

590 1313 676 1371 10.
711 1315 770 1372 Si
805 1319 1150 1402 mendacium
1189 1325 1406 1393 quidem
1441 1338 1518 1383 est
1554 1327 1788 1383 divisum
1814 1370 1830 1394 ,
1863 1347 1966 1384 una
2005 1346 2103 1386 au-

520 1415 629 1460 tem
665 1418 749 1463 est
781 1413 1008 1478 veritas,
1043 1430 1198 1470 mens
1244 1419 1405 1486 igitur
1445 1421 1509 1474 ad
1543 1439 1707 1475 unum
1741 1425 1972 1479 tendens
2009 1441 2103 1478 su-

518 1502 904 1567 pernaturale,
952 1506 1196 1560 omnium
1226 1524 1534 1579 summum,
1569 1516 1634 1566 ad
1695 1515 1824 1568 illud
1881 1531 1944 1569 ex
1995 1531 2105 1585 quo

523 1595 735 1659 omnia,
783 1596 848 1650 ad
885 1597 1055 1667 ipsam
1101 1603 1381 1656 veritatem
1418 1607 1605 1660 tendit.
1643 1607 1747 1660 Sed
1783 1617 1962 1663 tamen
1997 1623 2104 1664 non

519 1691 691 1748 potest
750 1701 900 1742 tuens
953 1691 1340 1756 cupiditatibus
1393 1694 1558 1751 libera
1595 1697 1731 1758 fleti,
1770 1699 1870 1752 nisi
1907 1701 2106 1755 veritas

2197 583 2286 652 ρετ
2315 579 2636 650 κυριότητα,
2695 576 2834 631 ἀλλὰ
2888 576 2984 630 καὶ
3024 574 3150 645 τρία
3206 574 3353 626 ἐστὶν
3407 570 3649 643 ἀκριϐῶς
3711 571 3779 624 τὰ

2195 673 2487 744 πρόσωπα,
2536 672 2632 724 καὶ
2682 669 2838 732 αὖθις
2872 667 3025 722 οὐδὲν
3072 661 3235 737 ἦττον
3274 663 3353 729 ἓν,
3403 666 3468 734 τῇ
3501 681 3563 730 γε
3603 662 3775 731 οὐσίᾳ,

2196 767 2291 819 καὶ
2309 765 2559 835 δυνάμει,
2589 763 2804 832 θελήσει
2833 777 2890 814 τε
2919 760 3012 813 καὶ
3036 757 3307 828 ἐνεργείᾳ,
3340 757 3430 808 καὶ
3462 756 3573 816 τοῖς
3601 753 3780 813 ἄλλοις

2195 855 2515 910 οὐσιιῖιδεσιν
2552 854 2797 920 ἀγαθοῖς.
2829 851 2903 904 Τὸ
2949 850 3059 920 ἄρα
3087 847 3370 919 λατρεύειν
3406 844 3483 916 τῷ
3517 843 3610 896 τοῦ
3642 843 3775 895 Θεοῦ

2195 949 2401 1020 ἐνιαίῳ,
2435 948 2530 1001 καὶ
2563 946 2930 1007 ἀποσκοπεῖν,
2964 942 3059 996 καὶ
3090 939 3419 1008 συνάγεσθαι
3441 937 3593 1006 ..ὅσῃ
3623 935 3780 987 66v:-

2199 1057 2313 1112 μις,
2346 1039 2485 1109 πρὸς
2513 1026 2647 1090 αὐτὸ
2688 1037 2797 1090 ἀπὸ
2843 1035 2952 1089 τῶν
2995 1032 3230 1095 πολλῶν,
3261 1031 3470 1099 θέλημα
3500 1027 3657 1089 Θεοῦ,
3690 1026 3781 1076 καὶ

2198 1138 2316 1201 νοὸς
2350 1132 2658 1207 βελτίωσις,
2683 1135 2756 1198 ὼς
2791 1130 3050 1203 ἀληθείας
3082 1128 3323 1200 εὕρημα,
3358 1125 3452 1179 καὶ
3485 1124 3624 1177 θείου
3652 1122 3783 1192 ἐρευ-

2195 1249 2307 1302 τος,
2330 1235 2424 1288 καὶ
2450 1233 2734 1303 ἑπομένως
2771 1229 3022 1292 θεὼσεως
3060 1228 3329 1297 γέννημα.

2272 1335 2325 1384 ι’.
2346 1328 2482 1382 Εξτδ
2505 1327 2606 1399 μὲν
2623 1325 2818 1397 ψεῦδός
2844 1326 2961 1378 ἐστι
2980 1320 3317 1390 πολυσχιδὲς,
3339 1317 3396 1370 ἓν
3410 1316 3464 1368 δὲ
3486 1317 3516 1387 ἡ
3537 1313 3779 1384 ἀλήθεια,
3871 1347 3876 1352 ι

2196 1423 2286 1493 ἄρ’
2321 1425 2350 1475 ὁ
2381 1423 2438 1474 ἐν
2469 1419 2754 1489 Πνεύματι
2787 1417 2922 1488 πρὸς
2969 1415 3029 1467 τὸ
3083 1413 3142 1466 ἓν
3174 1410 3585 1478 ἀνατεινόμενος
3630 1405 3776 1466 νοῦς,

2197 1517 2258 1572 τὸ
2293 1516 2687 1586 ὑπερκόσμιον,
2711 1511 2995 1582 τὸκέξοχον
3015 1509 3122 1562 τῶν
3155 1507 3392 1566 πάντων,
3418 1502 3498 1560 τὸ.
3535 1501 3594 1566 ἐξ
3620 1494 3680 1554 οὗ
3712 1501 3780 1554 τὰ

2199 1611 2394 1675 πολλὰ,
2428 1610 2567 1680 πρὸς
2595 1606 2769 1676 αὐτὴν
2793 1604 2892 1676 τὴν
2917 1603 3176 1672 ἀλήθειαν
3225 1598 3585 1652 ἀνατείνεται.
3622 1593 3780 1647 Ἀλλὰ

2204 1703 2311 1774 μὴν
2333 1702 2398 1755 οῦ
2444 1700 2670 1755 δύναται
2704 1695 2958 1766 γενέσθαι
2989 1697 3016 1748 ὁ
3049 1693 3175 1757 νοῦς
3213 1690 3501 1759 ἐλεύθερος
3537 1686 3642 1740 ἀπὸ
3675 1685 3780 1739 τῶν

517 1789 635 1826 eam
661 1775 1000 1846 liberaverit;
1025 1797 1174 1836 utens
1199 1784 1363 1851 igitur
1389 1788 1776 1854 cupiditatibus
1799 1806 1964 1844 vacua
1985 1791 2107 1845 red-

2200 1795 2390 1851 παθῶν
2411 1835 2424 1857 ,
2459 1795 2507 1846 εἰ
2550 1793 2624 1862 μή
2658 1808 2711 1843 τι
2748 1791 2781 1858 ἡ
2819 1787 3051 1858 ἀλήθεια
3083 1779 3430 1854 ἐλευθερώσῃ
3461 1778 3644 1843 αὐτὸν,
3674 1776 3780 1847 ἄρα

515 1868 976 1935 ditur,inclinans
1007 1891 1070 1930 ac
1104 1879 1240 1931 tniro
1274 1880 1432 1934 modo
1463 1884 1688 1938 tendens
1719 1884 1786 1951 ad
1821 1900 1986 1938 ttnum
2018 1901 2106 1937 sn-
2138 1870 2225 1942 Βὸ
2268 1887 2394 1948 νοῦς
2425 1885 2616 1938 παθῶν
2645 1881 2934 1952 ἐλεύθερος
2983 1876 3442 1936 ἀποκαθίσταται,
3490 1869 3777 1935 νενευκὼς,

518 1962 999 2028 persnbstantiale.
1047 1967 1207 2022 Menti
1257 1979 1438 2025 autem
1479 1972 1700 2028 lilu-rtas
1742 1976 1998 2028 convenit
2037 1974 2107 2029 ad

2200 1980 2296 2036 καὶ
2324 1977 2746 2046 ἀνατεινόμενος
2797 1973 2880 2026 ἐνὶ
2928 1969 3004 2041 τῷ
3049 1969 3235 2040 τρόπῳ
3271 1967 3407 2037 πρὸς
3454 1964 3513 2018 τὸ
3548 1962 3780 2032 ὑπερκό-

515 2053 870 2122 cupiditatum
899 2061 1220 2125 earcntiam,
1253 2064 1317 2115 ad
1342 2063 1585 2117 divinum
1622 2076 1844 2126 statum,
1869 2083 1928 2120 ac
1951 2055 2108 2136 spiri-

2200 2091 2360 2146 σμιον
2386 2072 2466 2126 ἓν.
2500 2070 2776 2140 Προσήκει
2801 2067 2858 2120 δὲ
2893 2067 2926 2136 ἠ
2959 2061 3244 2132 ἐλευθερίᾳ
3267 2059 3343 2130 τῷ
3372 2058 3446 2130 τῷ
3477 2057 3611 2126 πρὸς
3647 2055 3782 2110 ἁπά-

519 2149 720 2202 tnaletn
763 2151 1148 2220 adoptionem,
1201 2156 1430 2210 minime
1482 2168 1663 2212 autem
1715 2163 1986 2227 servitus,
2039 2175 2108 2216 eo

2200 2167 2375 2231 θειαν,
2421 2163 2518 2219 καὶ
2547 2161 2756 2230 θεοειδῆ
2783 2159 3142 2222 κατάστασιν,
3169 2155 3264 2208 καὶ
3303 2151 3574 2206 υἱοθεσίαν
3620 2165 3778 2201 πνευ-

521 2241 666 2308 quod
701 2257 895 2300 servus
945 2246 1150 2300 ncsriat
1195 2250 1322 2316 quid
1353 2250 1517 2306 faciat
1559 2253 1816 2307 dominus
1848 2271 2004 2310 sutis.
2049 2254 2104 2308 Si

519 2344 704 2386 autem
744 2335 1053 2405 ignorantia
1088 2341 1230 2393 servi
1282 2352 1387 2406 est,
1419 2354 1566 2412 patet
1589 2346 1856 2402 libertatis
1889 2349 2108 2417 partici-

521 2436 640 2489 pent
695 2424 866 2492 patris
917 2431 1172 2499 mysu-ria
1232 2449 1456 2488 noscere
1490 2445 1543 2490 et
1578 2453 1642 2491 ex
1681 2439 1979 2493 certamine
2032 2441 2105 2495 illi

519 2515 843 2584 eontigisse,
896 2531 956 2574 ιιι
1005 2526 1071 2575 ad
1127 2523 1321 2592 bonam
1357 2530 1752 2602 pulchramque
1799 2535 2108 2603 adaptionis

521 2609 840 2678 dignitatem
899 2618 1227 2682 perveniret.
1279 2620 1753 2686 Quemadmodum
1813 2628 1956 2682 enim
2009 2645 2105 2683 ne-

519 2703 662 2758 scire
697 2719 760 2760 ac
795 2707 940 2763 scire
966 2711 1252 2767 manifeste
1285 2717 1558 2772 contraria
1593 2726 1738 2783 sunt,
1783 2719 1855 2774 ita
1888 2736 2021 2775 sane
2053 2711 2132 2774 et-

521 2803 665 2855 δοινί
703 2805 836 2857 ordo
869 2806 1155 2862 manifeste
1187 2807 1501 2866 contrarius
1533 2822 1618 2867 est
1651 2811 1746 2868 ﬁlii
1792 2815 1992 2870 ordini.
2035 2813 2102 2868 Et

519 2897 565 2951 si
599 2896 692 2966 qui
749 2900 945 2967 nescit,
984 2917 1173 2958 servus
1215 2912 1320 2972 est,
1356 2906 1450 2975 qui
1479 2907 1603 2972 scit,
1635 2908 2107 2980 tninime.servus,

519 2992 616 3046 sed
662 2991 832 3057 liber,
863 3003 956 3048 aut
979 3034 995 3058 ,
1027 3006 1082 3050 ιιι
1118 2995 1191 3051 ita
1230 2997 1408 3053 dicam
1435 3039 1449 3062 ,
1485 3001 1653 3055 filius.
1694 2999 1930 3071 Spiritus
1961 3003 2106 3058 enim

520 3087 788 3152 veritatis,
838 3090 1014 3156 reipsa
1049 3088 1312 3152 liberans.
1348 3093 1491 3148 idem
1541 3095 1633 3150 Dei
1668 3096 1807 3152 filios
1852 3097 1984 3153 facit
2015 3114 2109 3154 eos

2201 2259 2439 2332 ματικὴν
2482 2255 2794 2327 ταμάλιστα
2815 2291 2830 2316 ,
2880 2249 3134 2319 οὐδαμῶς
3167 2249 3201 2319 ἡ
3238 2246 3451 2300 δουλεία
3472 2289 3486 2309 ,
3518 2244 3585 2297 δι’
3625 2243 3651 2296 ὃ
3677 2260 3725 2296 τι
3751 2241 3779 2294 6

2196 2353 2403 2417 δοῦλος,
2433 2348 2618 2421 φησιν,
2650 2346 2752 2399 οὐκ
2774 2340 2884 2399 οἶδε
2918 2343 2973 2397 τί
3003 2343 3149 2396 ποιεῖ
3176 2343 3203 2394 6
3228 2338 3415 2410 κύριος
3441 2334 3625 2391 αὑτοῦ·
3661 2336 3707 2387 εί
3733 2333 3779 2387 δ’

2198 2449 2232 2517 ἠ
2268 2447 2462 2515 ἄγνοια
2513 2442 2606 2496 τοῦ
2633 2441 2822 2495 δούλου
2853 2438 2993 2501 ἐστὶ,
3026 2435 3261 2507 φανερὸν
3295 2436 3376 2488 ὅτι
3413 2434 3441 2485 6
3472 2429 3782 2502 ἐλευθερίας

2201 2536 2564 2611 μετειληχὼς,
2589 2529 2700 2588 οἶδε
2723 2535 2792 2587 τὰ
2825 2531 2914 2586 τοῦ
2947 2529 3158 2599 [ἰατρὸς
3191 2528 3464 2600 μυστήρια
3484 2566 3498 2587 ,
3526 2525 3619 2577 καὶ
3650 2524 3781 2577 ἀνα-

2197 2630 2496 2702 ϐεϐηκέναι
2531 2630 2588 2696 ἐξ
2631 2627 2936 2698 ἐφαμίλλου
2985 2625 3208 2693 γέγονεν
3261 2620 3411 2691 αὐτῷ
3457 2619 3549 2672 ἐττί
3595 2617 3655 2670 1:6
3681 2617 3781 2684 τῆς

2195 2723 2474 2787 υἱοθεσίας
2523 2715 2583 2775 εὖ
2625 2721 2722 2775 καὶ
2773 2717 2954 2781 καλῶς
3010 2716 3250 2786 ἀξίωμα.
3321 2713 3409 2775 Ὦς
3449 2712 3556 2780 γὰρ
3604 2708 3662 2762 τὸ
3705 2707 3779 2777 μὴ

2196 2817 2398 2875 εἰδέναι
2435 2815 2532 2870 τοῦ
2576 2813 2779 2868 είδέναι
2821 2810 3067 2864 ἐναντίον
3119 2806 3464 2880 περιφανῶς,
3505 2802 3648 2856 οὕτω
3683 2803 3777 2869 δή·

2200 2910 2402 2965 πουθεν
2433 2909 2528 2963 καὶ
2561 2909 2594 2978 ἡ
2641 2905 2829 2960 δούλου
2865 2903 3038 2968 τάξις.
3077 2901 3336 2964 ἐναντίως
3379 2899 3490 2968 ἔχει
3522 2897 3653 2967 πρὸς
3683 2894 3779 2965 τὴν

2200 3005 2383 3076 υἱῖκὴν
2416 3001 2704 3073 ἐκφανῶς·
2736 2998 2829 3053 καὶ
2859 3000 2907 3051 εἱ
2942 2999 2970 3050 6
3013 2995 3089 3066 μὴ
3121 2993 3298 3058 εἰδὼς,
3318 2991 3520 3051 δοῦλος,
3553 2989 3580 3040 6
3603 2985 3775 3052 εἰδὼς,

2198 3095 2466 3168 οὐμενοῦν
2517 3093 2724 3156 δοῦλος.
2771 3091 2887 3147 ἀλλ’
2909 3088 3231 3171 ἐλεύθερος,
3267 3086 3300 3156 ἢ
3334 3085 3398 3138 ἶν’
3437 3081 3596 3146 εἴπω,
3643 3081 3774 3140 υίὸῖ.

523 3181 576 3232 in
629 3196 768 3248 quos
822 3185 1159 3251 supervenit.
1212 3203 1231 3237 ι
1275 3186 1604 3256 Quicunque
1660 3191 1848 3256 enim,
1903 3191 2104 3261 inquit,

2200 3192 2274 3243 T6
2316 3188 2544 3260 Πνεῦμα
2576 3184 2809 3255 καὶγὰρ
2863 3183 2964 3252 τῆς
3015 3179 3293 3250 ἀληθείας,
3333 3173 3649 3245 ἐλευθεροῦν
3690 3191 3777 3268 γι-

523 3272 730 3341 ὃρίι·ἱιιι
764 3273 855 3326 Dei
898 3285 1154 3345 aguntur,
1183 3277 1221 3331 ii
1268 3288 1394 3333 Sunt
1423 3280 1514 3333 lilii
1556 3279 1648 3334 Dei
1681 3282 1748 3336 ".
1791 3301 1811 3335 ι
1855 3283 1911 3337 Si
1941 3260 2108 3353 igitur

2200 3283 2500 3353 γνομέέως,
2541 3278 2686 3333 τοῦτ’
2716 3278 2848 3353 αὐτὸ
2878 3275 3112 3330 υἱοθετεῖ
3137 3273 3214 3342 τῷ
3251 3269 3391 3339 Θεῷ,
3422 3269 3569 3331 τοὺς,
3602 3268 3658 3319 ἐν
3699 3260 3776 3328 οἷς

523 3368 808 3436 spirituale
853 3385 1022 3423 unum
1075 3373 1466 3442 contemplari,
1529 3374 1773 3428 veritatis
1840 3384 1924 3429 est
1988 3391 2110 3444 pro-

525 3461 705 3528 prium
733 3477 748 3526 ;
786 3463 834 3514 si
865 3465 1066 3517 veritas
1101 3466 1267 3517 menti
1300 3465 1604 3519 libet-tatem
1638 3477 1880 3535 praestat,
1907 3467 1951 3521 si
1981 3483 2106 3537 por.

523 3571 589 3605 ro
625 3555 851 3609 libertas
895 3564 981 3609 est
1029 3555 1227 3610 divitne
1275 3557 1585 3624 adoptionis
1632 3560 2106 3616 evidentissimum

523 3648 765 3714 signum,
801 3647 904 3702 huc
929 3648 1241 3718 adoptionis
1272 3651 1417 3704 dono
1450 3651 1587 3706 ttiltil
1623 3663 1706 3706 est
1738 3653 1939 3721 majus,
1977 3656 2108 3709 nilul

527 3749 781 3793 naturam
819 3741 1141 3796 rationalem
1174 3743 1348 3812 magis
1376 3745 1594 3800 decens.
1622 3743 1791 3802 Valde
1820 3745 1988 3814 igitur
2021 3763 2110 3799 t-a-

530 3833 666 3887 lieni
727 3846 1152 3890 consentaneum
1192 3845 1358 3892 estet
1391 3837 1544 3891 valde
1585 3840 1951 3893 necessarium
1991 3847 2113 3892 teu-

527 3928 661 3980 itere
700 3933 754 3980 ct
793 3927 1040 3997 aspicere
1091 3937 1148 3982 et
1205 3929 1566 3998 spititualiter
1618 3931 1800 4000 colligi
1849 3941 2110 3992 mentem,

533 4037 630 4091 pro
665 4023 898 4093 vitibus,
949 4025 1017 4080 ad
1072 4027 1494 4097 supernaturale
1535 4043 1741 4094 unum,
1779 4029 1852 4083 id
1884 4038 1988 4094 est,
2045 4030 2112 4083 ad

529 4117 722 4172 Deum.
1177 4110 1184 4117 ’

607 4393 694 4444 Η.
730 4392 996 4447 Dominus
1027 4391 1169 4446 Deus
1202 4400 1349 4454 tuus,
1381 4370 1560 4462 iuqu't
1589 4391 1825 4461 Spiritus
1864 4402 2112 4460 sanctus,

2199 3375 2266 3430 ἂν
2300 3352 2532 3443 γένοιτο.
2559 3372 2713 3426 Ὅσοι
2729 3352 2868 3441 τγὰρ,
2890 3368 3046 3439 φησὶ,
3074 3364 3355 3435 Πνεύματι
3375 3360 3508 3414 Θεοῦ
3534 3360 3774 3428 ἄγονται,

2203 3463 2349 3526 οῦτοὶ
2387 3469 2526 3520 εἰσιν
2551 3464 2659 3519 υῑοὶ
2684 3462 2844 3518 Θεοῦ.
2886 3463 2947 3516 Εἰ
2979 3461 3157 3514 τοίνυν
3189 3457 3249 3511 τὸ
3279 3457 3412 3526 πρὸς
3443 3455 3501 3508 τδ
3531 3450 3766 3517 ὑπερομ-

2201 3577 2316 3614 σιον
2356 3558 2416 3611 ἐν
2449 3557 2682 3628 ἁφορᾷν,
2718 3555 2817 3624 τῆς
2851 3551 3107 3623 ἀληθείας
3136 3546 3277 3603 εἷναί
3303 3550 3472 3606 ἐστιν,
3504 3543 3538 3612 ἡ
3564 3542 3620 3594 δὲ
3645 3539 3776 3608 ἁλή-

2196 3653 2318 3708 θεια
2346 3653 2444 3722 τὴν
2475 3650 2793 3722 ἐλευθερίαν
2819 3648 2898 3720 τῷ
2924 3647 2998 3718 νῷ
3038 3645 3286 3716 χορηγεῖ,
3311 3644 3345 3713 ἡ
3383 3639 3426 3694 δ’
3473 3635 3774 3706 ἐλευθερία,

2198 3749 2472 3811 υἱοθεσίας
2505 3747 2659 3809 θείας
2691 3746 2918 3815 σημεῖον
2945 3740 3198 3812 ἐναργὲς,
3219 3737 3373 3791 τοῦδε
3399 3735 3454 3789 δέ
3481 3731 3575 3788 τοῦ
3607 3729 3778 3799 δώρου

2194 3842 2294 3909 τῆς
2326 3839 2622 3904 υἱοθεσίας,
2679 3836 2803 3891 οὔτε
2857 3833 3043 3907 μεῖζον
3077 3832 3253 3893 οὐδὲν,
3299 3829 3424 3884 οὔτε
3477 3825 3581 3897 μὴν
3619 3821 3780 3892 φύσει

2196 3934 2389 4005 λογικῇ
2432 3933 2634 4003 μᾶλλον
2662 3931 2940 4002 προσῆκον
2980 3927 3186 4000 ἕτερον·
3215 3925 3336 3978 λίαν
3377 3919 3780 3987 λελογισμένον,

2196 4029 2293 4084 καὶ
2342 4028 2550 4098 σφόδρα
2595 4026 2703 4079 τῶν
2739 4023 3059 4093 ἀναγκαίων
3102 4014 3178 4074 ’ἂν
3210 4019 3294 4089 εἴη
3329 4016 3459 4085 ἄρα,
3504 4011 3564 4064 τὸ
3591 4011 3782 4063 ἀνατε-

2201 4109 2418 4185 τᾶσθαι,
2458 4120 2553 4174 καὶ¹
2604 4119 2843 4190 ἀφορᾷν,
2895 4116 2992 4170 καὶ
3042 4111 3373 4181 συνάγεσθαι
3405 4117 3782 4174 πνευματοφο-

2199 4215 2378 4286 ρήτως
2401 4215 2491 4266 τὸν
2513 4211 2660 4276 νοῦν,
2689 4211 2790 4280 ὅση
2812 4228 2876 4279 γε
2903 4209 3157 4278 δύναμις,
3180 4204 3314 4276 πρὶς
3334 4201 3393 4255 τὺ
3415 4196 3784 4267 ὑπερκόσμιον

2197 4308 2276 4372 ἓν,
2308 4307 2555 4362 τουτέστι
2585 4305 2676 4359 τὸν
2706 4304 2861 4360 Θεόν.

2273 4408 2361 4455 ια’.
2401 4400 2629 4473 Κύριος,
2662 4401 2796 4470 φησὶ
2845 4397 2906 4451 τὸ
2961 4395 3188 4466 Πνεῦμα
3253 4392 3312 4446 τὸ
3359 4388 3531 4459 ἅγιον,
3572 4387 3599 4437 ὁ
3653 4380 3782 4444 Θεός

535 4487 800 4542 ηυιιιίιιιιε
848 4503 990 4542 unus
1016 4496 1120 4543 est.
1151 4486 1223 4541 lta
1261 4502 1393 4541 sane
1425 4495 1640 4556 oportet
1671 4496 1733 4541 ut
1773 4487 1956 4542 divino
1989 4488 2108 4557 Spi-

2201 4513 2319 4562 σου,
2345 4495 2548 4566 Κύριος
2582 4491 2664 4559 εἱς
2693 4495 2844 4548 ἐστιν
2873 4508 2887 4522 ⁶
2912 4490 3058 4544 οὕτω
3089 4506 3170 4542 τοι
3201 4485 3421 4558 φροντὶς
3451 4483 3516 4552 τῇ
3552 4477 3784 4542 θειότητι

533 4584 674 4636 ritus
712 4580 887 4635 sancti
923 4588 1073 4634 tnotu
1102 4591 1333 4634 mentem
1369 4581 1435 4634 ad
1479 4581 1899 4648 supernatnrale
1942 4596 2108 4635 unum

2200 4589 2292 4644 τοῦ
2331 4590 2649 4660 Πνεύματος
2679 4588 2903 4654 ἀνάγειν
2940 4585 3032 4640 τὸν
3069 4582 3194 4637 νοῦν
3245 4580 3381 4654 πρὸς
3437 4578 3499 4629 τὸ
3552 4567 3785 4660 ὑπερκόέ

533 4676 870 4742 dirigamus,
903 4689 1079 4741 neque
1113 4673 1239 4728 licet
1275 4689 1438 4726 unum
1477 4672 1696 4744 quidem
1745 4674 1878 4728 illud
1926 4674 2108 4744 pracdi-

2201 4701 2359 4753 σμιον
2387 4659 2594 4748 ἒνίκαὶ
2626 4683 2726 4752 μὲν
2774 4681 2860 4752 δὴ,
2890 4681 3014 4750 οὐχὶ¹
3058 4678 3119 4732 τὸ
3149 4677 3207 4730 ἒν
3241 4670 3566 4744 κηρύττειν,
3603 4663 3697 4734 τὴν
3727 4659 3783 4712 δὲ

531 4785 678 4832 care,
709 4770 909 4822 mentis
933 4782 1064 4822 vero
1095 4766 1161 4820 ad
1233 4766 1362 4820 illttd
1405 4767 1820 4822 conversionem
1851 4775 1907 4821 et
1940 4783 2108 4836 respe-

2200 4776 2292 4829 τοῦ
2349 4776 2468 4839 νοὸς
2519 4774 2878 4845 ἐπιστροφὴν,
2944 4773 3040 4826 καὶ
3085 4765 3389 4834 ἁπόϐλεψιν
3425 4757 3783 4825 ἀποστέργειν

536 4873 688 4917 ctum
728 4861 1020 4932 negligere.
1061 4861 1214 4926 Quod
1252 4860 1395 4914 enim
1423 4861 1553 4916 dicit
1585 4859 1826 4932 Spiritus
1872 4871 2108 4916 sanctus

2201 4865 2423 4937 θεμιτόν
2465 4868 2582 4920 ἐστι
2612 4865 2813 4934 λέγειν·
2837 4864 2865 4918 6
2903 4863 3011 4934 γὰρ
3047 4863 3106 4916 1:6
3146 4859 3306 4928 ἅγιον
3351 4857 3500 4925 λέγει
3531 4847 3777 4937 Πνεῦμα.

533 4955 665 5008 illttd
703 4964 756 5008 et
808 4954 924 5006 \ttlt
974 4954 1242 5021 cogitari;
1277 4954 1422 5022 quod
1476 4964 1658 5008 autem
1715 4954 2005 5022 cog'tatur,
2057 4952 2123 5006 ad

532 5047 666 5102 illud
698 5057 932 5101 mentem
961 5047 1232 5102 converti.
1268 5047 1324 5100 Si
1366 5047 1512 5101 enim
1569 5045 1712 5100 absit
1739 5046 1812 5099 ad
1852 5044 2112 5115 intalligi-

533 5141 640 5195 bile
672 5140 866 5194 mentis
893 5139 1215 5205 conversio;
1250 5148 1304 5194 et
1331 5139 1475 5208 quod
1511 5152 1667 5192 meus
1695 5136 1982 5204 intelligat,
2016 5137 2116 5191 ab-

531 5241 637 5297 ρει,
680 5248 745 5287 ae
801 5232 1004 5286 frustra
1047 5231 1361 5286 necessario
1407 5230 1570 5284 unius
1609 5230 1928 5299 praedicatio
1973 5227 2116 5284 facta

532 5330 658 5393 erit,
698 5337 750 5381 et
786 5341 907 5396 quae
941 5342 1039 5396 per
1078 5341 1195 5380 eam
1230 5327 1362 5379 fides
1402 5334 1504 5378 est.
1535 5322 1591 5377 Si
1625 5339 1790 5392 porro
1831 5323 1881 5377 id
1919 5323 2115 5378 mirum

531 5433 635 5486 est,
671 5422 870 5474 tnirum
900 5435 1119 5488 quoque
1163 5418 1287 5480 erit,
1325 5418 1370 5471 si
1415 5432 1583 5472 unntn
1625 5415 1755 5471 illud
1789 5431 1895 5470 non
1919 5417 2123 5487 cogite-

536 5523 662 5576 tur,
716 5523 899 5568 mente
957 5515 1021 5567 ad
1057 5513 1232 5582 ipsum
1286 5525 1394 5564 non
1451 5524 1720 5565 com'ersa
1774 5524 1950 5579 neque
2008 5519 2129 5565 ten-

532 5609 695 5662 dente

607 5701 696 5754 12.
731 5700 786 5755 Si
821 5700 1087 5762 causalis.
1122 5699 1360 5757 maxime
1387 5711 1571 5756 autem
1621 5699 1983 5758 rationalibus
2015 5715 2114 5758 na-

615 5878 658 5912 "
692 5878 852 5935 Rom.
887 5897 1005 5948 vtti,
1045 5880 1129 5934 l4.

2200 4959 2359 5012 τοῦτο
2383 4962 2478 5013 καὶ
2509 4958 2745 5012 νοεῖσθαι
2773 4956 3046 5028 βούλεται·
3080 4954 3108 5007 ὃ
3137 4954 3194 5006 δὲ
3223 4952 3445 5012 νοεῖται,
3472 4943 3604 5014 πρὸς
3630 4951 3785 5028 τουτς

2198 5052 2295 5105 καὶ
2321 5050 2413 5104 τὸν
2440 5049 2566 5104 νοῦν
2617 5047 3068 5118 ἐπιστρέφεσθαι.
3117 5043 3394 5110 Ἀπούσης
3423 5037 3532 5106 γὰρ
3563 5033 3656 5101 τῆς
3691 5024 3784 5080 τοῦ

2200 5145 2291 5198 νοῦ
2323 5143 2568 5216 στροφῆς
2619 5143 2755 5214 πρὶς
2797 5143 2858 5194 1:6
2897 5139 3110 5210 νοητὸν,
3162 5137 3261 5190 καὶ
3313 5132 3342 5186 ὂ
3390 5130 3632 5208 νοήσειεν
3665 5121 3729 5216 αν
3756 5119 3786 5172 6

2200 5236 2346 5300 νοῦς,
2381 5213 2600 5299 ἄπεστι,
2635 5213 2730 5288 καὶ
2774 5233 2926 5286 ἔσται
2974 5230 3034 5295 ἐξ
3061 5229 3306 5296 ἀνάγκης
3335 5219 3608 5291 τηνάλλως
3633 5213 3786 5282 εῑρηο

2205 5330 2367 5401 μένον
2395 5329 2456 5382 τὸ
2495 5328 2588 5381 τοῦ
2641 5326 2846 5382 ἐνιαίου
2900 5325 3186 5394 κήρυγμα,
3237 5318 3334 5372 καὶ
3357 5312 3422 5369 δι’
3458 5308 3587 5366 αὐτὸ
3618 5303 3712 5401 καὶ.
3753 5302 3786 5368 ἡ

2201 5425 2420 5487 πίστις·
2455 5424 2502 5475 εἰ
2539 5422 2595 5476 δὲ
2633 5421 2787 5474 τοῦτο
2833 5419 3058 5481 ἄτοπον,
3090 5415 3150 5467 το
3195 5413 3268 5482 μὴ
3311 5401 3637 5463 διανοεῖσθαι
3683 5397 3788 5466 ἄρα

2201 5517 2262 5570 τὸ
2307 5515 2366 5570 ἓν
2398 5515 2866 5586 ἐπιστρεφόμενον
2921 5510 3012 5564 τὸν
3043 5507 3167 5562 νοῦν
3199 5506 3335 5578 πρὸς
3362 5498 3514 5565 αὐτὸ,
3543 5493 3635 5548 καὶ
3658 5492 3788 5544 ἁνα-

2202 5611 2530 5680 τεινόμενον,
2563 5609 2785 5663 ἄτοπον.

2193 5735 2198 5737 -
2277 5704 2363 5776 ιβ’.
2403 5705 2464 5758 El
2497 5702 2656 5771 φύσις
2697 5705 2810 5766 τοῖς
2851 5697 3117 5760 αἰτιατοῖς
3149 5693 3241 5749 καὶ
3269 5689 3503 5763 μάλιστα
3547 5677 3784 5752 λογικοῖς
