4058 6446
393 426 499 491 8ιῖ

1486 428 1581 489 DE
1628 431 1804 492 ΥΠΑ
1843 427 2497 492 ΕΟΝΤΕΜΡῙΛΤΙΧἈ.

3542 442 3647 506 816

385 562 521 632 πρὸς
576 561 638 614 τὸ
672 557 1261 621 αίτιονάνατετᾶσθαι,
1308 556 1404 610 καὶ
1460 555 1671 626 ἀφορᾷν
1720 553 1965 623 ἐπιστρει

2070 552 2187 595 tura
2211 551 2311 605 est,
2348 551 2408 595 ut
2429 543 2496 597 ad
2545 557 2769 598 causam
2800 543 3046 611 tendant,
3076 547 3143 599 ad
3174 560 3407 617 eamque
3438 559 3645 604 attente

382 656 618 720 πτικῶς,
653 654 714 727 ἐξ
748 654 930 715 αίτίας
974 652 1031 706 δὲ
1068 652 1248 715 πάντα
1278 648 1565 722 παρῆκται
1598 645 1693 701 τοῦ
1724 642 1883 707 Θεοῦ,
1914 640 1976 708 ἐξ

383 741 445 801 οὗ
479 748 575 803 καὶ
623 748 653 800 ὁ
682 746 827 812 νοῦς,
863 748 891 800 ὁ
941 745 998 799 δὶ
1051 744 1185 808 Θεὸς
1213 745 1332 798 ἐστι
1386 739 1450 796 τὸ
1501 739 1823 811 κορυφαῖον,
1880 733 1977 790 καὶ

386 841 572 901 ἁπλῶς
613 840 695 893 ἓνο
728 841 892 908 φύσις
917 838 1026 909 ἄρα
1050 837 1129 909 τῷ
1163 835 1241 908 νῷ
1271 837 1412 908 πρὸς
1439 835 1500 891 τὸ
1546 836 1845 907 κορυφαῖον
1879 829 1979 887 καὶ

377 931 573 994 anno;
610 928 692 994 ἒν,
744 928 819 992 ὡς
874 928 1013 999 πρὸς
1065 927 1240 982 αἴτιον
1274 927 1745 1001 ἐπιστρεφομένῳ,
1780 926 1977 980 ἀνατε-

374 1027 600 1084 ντᾶτοαι,
638 1025 733 1077 καὶ
760 1023 993 1094 ἀφορᾷν.

458 1117 548 1184 ιγ’.
600 1117 661 1170 El
715 1115 775 1181 ἐξ
810 1113 1001 1181 αὑτοῦ,
1042 1114 1139 1168 καὶ
1192 1113 1260 1167 δι’
1317 1113 1507 1176 αὐτοῦ,
1542 1113 1635 1166 καὶ
1686 1112 1769 1177 είς
1811 1109 1978 1166 αὐτὸν

385 1213 455 1263 τλ
488 1211 687 1270 πάντα,
721 1209 835 1262 ἔστι
870 1208 926 1260 δὲ
966 1207 1062 1262 καὶ
1100 1210 1129 1261 ὁ
1159 1206 1282 1270 νοῦς
1315 1207 1424 1259 τῶν
1467 1205 1723 1260 ἁπάντων
1754 1202 1834 1268 ἒν,
1867 1203 1977 1275 ἄρα

385 1300 445 1365 ἐξ
485 1298 674 1362 αὐτοῦ,
710 1299 806 1352 καὶ
840 1297 907 1351 δι’
941 1296 1107 1351 αὐτοῦ
1159 1297 1257 1349 καὶ
1309 1296 1496 1350 οὐτοσὶ
1521 1338 1535 1359 ,
1585 1293 1683 1349 καὶ
1741 1294 1977 1364 μάλιστα

387 1390 819 1464 προσεχέστερόν
845 1407 908 1458 γε
940 1390 998 1456 ἐξ
1027 1387 1216 1454 αὐτοῦ,
1263 1388 1359 1442 καὶ
1388 1388 1455 1442 δι’
1485 1386 1651 1443 αὐτοῦ
1688 1390 1851 1454 αὐτὸς
1884 1387 1975 1442 διὰ

385 1486 445 1538 τ’.
481 1482 805 1537 θεοείκελον
837 1482 1035 1536 οὐκοῦν
1055 1484 1151 1536 καὶ
1185 1480 1387 1551 μᾶλλον
1412 1471 1567 1544 οὗτος
1589 1481 1799 1553 ἀφορᾷν
1827 1480 1978 1549 ὀφεί-

383 1580 467 1633 λει
502 1578 556 1648 γ’
583 1577 663 1641 είς
692 1575 879 1629 αὐτόν.
911 1574 986 1628 Τὸ
1023 1574 1081 1628 δὲ
1116 1575 1199 1653 είς
1232 1573 1398 1628 αὐτὸν
1425 1572 1742 1644 λεγόμενον,
1771 1574 1850 1637 είς
1877 1574 1975 1645 τὴν

368 1672 479 1726 ιτοῦ
505 1667 879 1741 ὑπερκοσμίου
906 1666 1026 1731 ἑνὸς
1042 1666 1241 1738 χρῆναι
1274 1665 1513 1738 ἔμφασιν
1535 1666 1976 1736 ὲπιστρεπτικῶς

383 1765 596 1835 ἀφορᾷν
636 1761 809 1833 δηλοῐο
837 1760 920 1824 είς
957 1756 1021 1813 τὸ
1043 1757 1104 1812 ἓν
1132 1756 1243 1829 ἄρα
1275 1758 1305 1812 ὁ
1344 1755 1472 1823 νοῦς
1502 1754 1709 1827 ὀφείλει
1737 1756 1972 1829 ἀφορᾷν.

459 1934 542 1990 ιδ’.
581 1935 673 2003 Ἐξ
700 1935 820 2000 ἑνὸς
869 1936 1095 2009 προΐασι
1134 1937 1206 1993 τὰ
1228 1939 1420 2003 πολλὰ,
1451 1941 1553 1995 οὐκ
1577 1941 1659 1995 ἔτι
1691 1941 1749 1997 δὲ
1773 1943 1839 1999 ὲκ
1868 1943 1979 2000 τῶν

386 2027 600 2082 πολλῶν
625 2029 687 2083 τὸ
708 2027 786 2084 ἓν.
805 2028 1131 2104 ’Δλλαμὴνή
1153 2031 1332 2097 κτίσις
1354 2031 1557 2090 ἐστιτὰ
1572 2034 1763 2100 πολλὰ,
1779 2036 1978 2092 οὐκοῦν

386 2121 447 2187 ἐξ
477 2120 599 2187 ἑνὸς
638 2125 672 2193 ἠ
724 2123 904 2187 κτίσις
960 2123 1231 2196 ἐναργῶς.
1286 2126 1444 2181 Ἐστι
1482 2127 1540 2182 δὲ
1583 2128 1677 2183 καὶ
1707 2130 1848 2205 ὑπὲρ
1875 2131 1977 2202 τὴν

387 2213 587 2280 κτίσιν,
623 2213 700 2278 ὡς
731 2214 973 2283 Κτίστης
1004 2216 1099 2268 καὶ
1131 2217 1479 2291 Δημιουργὸς
1508 2220 1685 2274 ἐκεῖνο
1722 2221 1782 2274 τὸ
1823 2222 1905 2275 ἓν·
1945 2224 1975 2278 ὁ

386 2306 493 2376 ἄρα
524 2305 623 2377 τὴν
662 2304 844 2360 κτίσιν
875 2305 953 2371 ὡς
977 2306 1060 2361 δεῖ
1083 2306 1327 2381 θεωρῶν,
1364 2307 1426 2377 ἐξ
1462 2310 1710 2383 ἀνάγκης
1749 2312 1887 2384 πρὸς
1912 2313 1975 2368 τὸ

384 2399 758 2471 ὁπερκόσμιον
790 2397 849 2453 ἓν
878 2398 990 2466 ἕξει
1017 2398 1078 2454 τὸ
1102 2399 1300 2456 ἑαυτοῦ
1351 2402 1455 2474 τῆς
1492 2403 1728 2477 θεωρίας
1756 2407 1974 2479 συμπέ·

380 2512 589 2568 ρασμα,
623 2495 858 2564 ἐπείπερ
906 2495 1000 2551 καὶ
1040 2496 1217 2551 ἔνεστι
1246 2498 1359 2561 τοῖς
1386 2498 1650 2565 αἱτιατοῖς
1674 2501 1973 2572 πάμπολλα

377 2584 472 2640 τοῦ
507 2586 681 2641 αἰτίου
716 2586 920 2641 ὡσανεὶ
950 2588 1318 2660 ἀπηχήματα,
1349 2589 1418 2644 δι’
1463 2582 1540 2647 ὧν
1585 2593 1915 2668 γνωρίζεται
1941 2596 1973 2650 ὁ

372 2676 562 2749 τέχνῃ,
593 2677 690 2732 καὶ
715 2676 900 2750 σοφίᾳ,
922 2676 1152 2749 δυνάμει
1185 2697 1246 2733 τε
1289 2681 1384 2735 καὶ
1409 2680 1710 2755 ἁγαθὸτητι
1730 2702 1970 2760 προνοη-

374 2768 544 2833 τικῶς
571 2768 642 2822 τὰ
695 2769 875 2824 πάντα
921 2771 1263 2844 παραγαγὼν
1296 2772 1373 2837 ὡς
1400 2773 1653 2847 ἠθέλησε.
1685 2777 1786 2832 Διὰ
1808 2777 1970 2835 τοῦτο

370 2861 468 2917 καὶ
503 2862 751 2930 Ἡσαΐας,
775 2864 834 2917 ὲν
861 2863 940 2935 τῷ
977 2864 1311 2936 Πνεύματι,‹
1334 2854 1630 2940 Ἐπάρατε,
1664 2871 1819 2941 φησὶ,
1840 2872 1969 2938 τοὺς

371 2954 688 3028 ὀφθαλμοὺς
745 2956 922 3028 ὑμῶν,
979 2958 1074 3013 καὶ
1116 2960 1257 3014 ἴδετε
1315 2961 1402 3026 τίς
1460 2962 1741 3029 κατέδειξε
1791 2965 1967 3023 ταῦτα

370 3049 572 3106 πάντα.
613 3067 632 3101 ι
662 3049 744 3102 τὰ
774 3049 873 3120 μὲν
896 3049 1070 3105 ταῦτα
1101 3050 1281 3106 πάντα
1319 3051 1410 3107 διὰ
1431 3052 1502 3108 τὰ
1529 3053 1700 3110 πολλὰ
1722 3055 1966 3129 εἰρηκὼς

370 3138 612 3204 αἰτιατὰ,
642 3138 705 3193 τὸ
730 3138 790 3192 δὲ
820 3139 924 3206 τίς,
961 3140 1098 3211 πρὸς
1121 3141 1213 3196 τὸν
1243 3142 1301 3209 ἐξ
1333 3136 1395 3198 οῦ
1421 3143 1597 3200 ταῦτα
1622 3146 1782 3219 (ὅπερ
1812 3146 1964 3203 ἐστὶν

369 3230 557 3296 ἁπλῶς
585 3232 729 3288 κατὰ
765 3231 928 3302 φύσιν
962 3233 1043 3294 ἓν)
1072 3235 1292 3306 ἀνάγων
1330 3237 1425 3291 τὸν
1455 3237 1601 3296 νοῦν.

445 3524 524 3578 ιε’.
557 3520 863 3591 Συνάγεται
897 3522 993 3577 καὶ
1023 3524 1058 3596 ἠ
1094 3524 1274 3588 κτίσις
1307 3526 1388 3591 είς
1420 3524 1501 3590 ἒν,
1530 3523 1669 3582 ἀλλὰ
1698 3524 1955 3581 σύνθετον
2029 3583 2033 3586 ,

360 3613 454 3667 καὶ
501 3613 832 3688 πολυμερὲς,
883 3615 979 3671 καὶ
1025 3618 1128 3672 οὐκ
1163 3617 1420 3693 ἄναρχον,
1455 3617 1553 3675 ὅτε
1591 3619 1833 3675 κτιστύν.
1868 3619 1944 3674 Τὸ
1990 3654 2003 3659 -

354 3705 413 3761 δὲ
453 3706 638 3773 κτίζον
682 3708 763 3776 ἓν,
793 3709 856 3764 οὐ
899 3710 1061 3780 μόνον
1095 3710 1155 3765 ἓν
1202 3710 1278 3775 ὡς
1310 3711 1522 3768 πολλῶν
1552 3712 1646 3767 καὶ
1675 3712 1952 3785 διαφόρων

359 3800 681 3869 συμφωνίας
737 3802 817 3866 είς
871 3802 1001 3873 μίαν
1061 3802 1369 3875 σύμπνοιαν
1422 3804 1518 3860 τοῦ
1578 3807 1800 3870 παντὸς,
1854 3804 1951 3857 καὶ

356 3893 561 3947 σκοπὸν
605 3896 911 3965 ποιητικὸν,
938 3897 1055 3951 ἀλλ’
1080 3897 1188 3970 ήδη
1217 3898 1314 3953 καὶ
1352 3900 1608 3954 ἄκτιστον
1633 3899 1707 3963 ὡς
1739 3916 1949 3970 προκα-

354 3982 657 4054 ταρκτικὸν
708 3986 924 4053 αἴτιον,
970 3989 1138 4046 ἀνιὼν
1188 3991 1283 4046 ἐπὶ
1319 3989 1382 4045 τὸ
1437 3991 1670 4046 κατόπιν
1717 3992 1746 4046 ὁ
1798 3989 1948 4055 νοῦς,

248 4122 257 4126 -
355 4075 574 4147 ἀνάγκη
603 4072 938 4150 καταντῆσαι
968 4076 1062 4130 ἐπί
1088 4093 1142 4130 τι
1164 4076 1222 4130 ἓν
1251 4077 1513 4146 ἀρκτικὸν
1536 4091 1597 4127 τε
1625 4074 1724 4127 καὶ
1753 4089 1942 4127 τακτι-

354 4168 450 4223 κδν
487 4169 651 4240 τῆσδε
681 4171 782 4241 τῆς
832 4167 1168 4239 φαινομένης
1210 4165 1320 4221 τῶν
1382 4165 1556 4220 ὄντων
1584 4165 1813 4232 τάξεως,
1847 4164 1944 4218 καὶ

355 4260 647 4328 γενέσεως,
677 4261 942 4333 ἁρμονίας
977 4278 1036 4314 τε
1066 4262 1162 4315 καὶ
1198 4258 1500 4330 συμπνοίας
1527 4259 1628 4330 τῆς
1657 4258 1737 4322 είς
1768 4258 1830 4310 τὸ
1860 4255 1940 4324 ἓν,

356 4353 416 4420 ἦ.
444 4355 494 4407 εί
530 4352 605 4423 μὴ
633 4352 812 4420 τοῦτο,
837 4353 924 4406 ἐπ’
953 4353 1183 4424 ἄπειρον
1223 4352 1392 4425 προΐῃ
1419 4350 1506 4416 ἂν,
1547 4351 1687 4423 ὅπερ
1720 4350 1941 4404 ἄτοπον.

358 4445 475 4500 Πᾶν
502 4444 611 4517 γὰρ
646 4446 708 4500 τὸ
736 4445 1059 4516 κινούμενον
1079 4484 1095 4510 ,
1146 4445 1244 4499 καὶ
1295 4444 1645 4514 γιγνόμενον,
1682 4444 1833 4499 ἐστιν
1866 4443 1945 4497 ὅτ’

360 4537 461 4591 οὐκ
510 4534 600 4611 ἢν,
629 4538 724 4592 καὶ
756 4537 832 4609 μὴ
873 4536 955 4604 by,
982 4536 1186 4610 ἦρξατο
1207 4577 1221 4603 ,
1254 4538 1303 4590 εί
1336 4536 1381 4590 δ’
1410 4536 1638 4608 ἦρξα-ιο,
1670 4536 1767 4590 καὶ
1796 4536 1941 4590 κεκί-

360 4647 544 4699 νηται.
577 4630 643 4683 Τί
671 4630 734 4683 τὸ
759 4632 991 4700 κινῆσαν
1016 4628 1200 4700 ζητεῖν
1229 4627 1420 4682 δεῖκαὶ
1448 4629 1529 4692 είς
1562 4627 1779 4697 γένεσιν
1808 4627 1947 4695 ἀγα-

360 4722 479 4793 γδν,
541 4722 677 4792 ὅπερ
733 4720 891 4775 ἔσται
949 4720 1019 4775 ἂν
1072 4718 1170 4774 καὶ
1213 4719 1493 4790 ἀκίνητον,
1529 4718 1619 4788 ἐφ’
1667 4719 1793 4773 ὅσον
1829 4718 1987 4772 ἐστὶ⁶

361 4814 565 4879 κινοῦνο
597 4817 647 4868 εἰ
673 4814 784 4885 γὰρ
809 4811 894 4876 οὔ,
929 4812 981 4867 τί
1011 4812 1073 4866 τὸ
1096 4810 1283 4866 κινοῦν
1308 4811 1368 4865 τὸ
1391 4810 1467 4882 μὴ
1495 4810 1601 4865 ὑπὸ
1630 4811 1824 4882 ἑτέραν
1850 4810 1950 4882 ἀρε

362 4907 463 4979 χὴν
481 4905 692 4973 τελοῦν,
714 4905 921 4960 ἑπείτοι
944 4923 1008 4973 γε
1037 4904 1135 4959 ἄνα
1148 4920 1305 4976 ρχον;
1337 4905 1385 4957 εί
1406 4902 1451 4957 δ’
1477 4902 1756 4977 ἀκίνητον,
1785 4903 1948 4976 ἄτρε-

366 5016 518 5056 πτοψ
577 5001 625 5054 εί
659 5000 704 5054 δ’
754 5000 865 5071 ἄρα
891 4998 1074 5062 τοῦτο,
1124 4998 1342 5061 πάντως
1373 4997 1465 5052 καὶ
1497 4997 1723 5065 ἁπλοῦν,
1742 4992 1844 5052 ’ἵνα
1875 4996 1950 5068 μὴ

367 5092 622 5146 σύνθετον
645 5090 705 5145 ὃν
729 5091 991 5162 τραπείη,
1021 5090 1116 5160 ὅγε
1141 5090 1409 5162 ἄτρεπτον
1433 5090 1566 5161 ἡμῖν
1588 5088 1948 5159 ἐκπέφανταιο

367 5182 617 5246 σύνθεσις
644 5183 774 5253 γὰρ,
809 5182 953 5255 ἀρχὴ
991 5183 1254 5245 στάσεως.
1297 5181 1362 5235 Ἥ
1394 5181 1475 5246 δὲ,
1498 5179 1727 5245 λύσεως,
1763 5179 1826 5234 τὸ
1853 5178 1954 5249 τῆς

364 5281 633 5352 κινήσεως
658 5279 908 5351 ἔσχατον.
943 5278 1155 5334 Οὔκουν
1184 5278 1363 5333 τοίνυν
1416 5279 1534 5332 ἐκεῖ
1567 5275 1839 5340 σύνθεσις,
1864 5275 1954 5329 ίνα

369 5368 444 5439 μὴ
477 5369 573 5422 καί⁵
597 5368 945 5431 στάσις.οὺδὲ
967 5369 1179 5437 στάσις,
1211 5368 1300 5423 ἵνα
1335 5368 1410 5440 μὴ
1429 5369 1522 5422 καὶ
1546 5366 1723 5432 λύσις,
1742 5366 1863 5420 οὐδέ
1888 5382 1954 5434 γε

365 5458 541 5525 λύσις,
576 5461 666 5517 ἵνα
698 5461 775 5533 μὴ
796 5462 891 5516 καὶ
917 5461 1118 5534 τροπὴ,
1163 5460 1259 5517 καὶ
1287 5461 1503 5531 κίνησις
1533 5460 1664 5530 περὶ
1716 5456 1811 5514 τὸν
1839 5456 1950 5530 lla.

366 5551 451 5626 τδ]
484 5553 758 5625 ἄτρεπτον
810 5555 1153 5627 ἀποφανθείη
1183 5555 1277 5609 καὶ
1304 5555 1581 5627 ἀκίνητον,
1606 5552 1681 5616 ὡς
1748 5549 1955 5615 κινοῦν,

367 5646 430 5699 οὐ
461 5646 805 5718 κινούμενον,
835 5648 931 5702 καὶ
959 5649 1043 5713 είς
1064 5648 1281 5717 γένεσιν
1309 5647 1463 5718 ἄγον,
1484 5647 1605 5718 οὐχὶ
1642 5644 1956 5715 γενόμενον,

369 5737 404 5805 ἢ
431 5737 735 5811 γινόμενον.
762 5739 827 5793 Ei
849 5739 956 5810 ἄρα
987 5740 1257 5811 ἄτρεπτον
1285 5739 1684 5809 καὶτᾶκίνητον,
1707 5736 1766 5804 ἐξ
1791 5734 1960 5804 ἀνάγ-

455 5912 500 5943 ”
521 5909 621 5963 La.
659 5923 745 5973 ιιι,
794 5905 883 5989 26.

1985 1891 2029 1947 Β

2068 641 2337 704 spectent,
2365 635 2408 689 si
2433 649 2598 704 porro
2632 636 2816 692 omnia
2837 653 2902 692 ex
2939 636 3046 693 Deo
3079 646 3340 709 tanquam
3370 653 3439 695 ex
3473 655 3642 697 causa

2066 726 2362 796 pendeant,
2384 743 2446 782 ex
2483 740 2591 794 quo
2622 743 2778 784 mens
2810 731 2923 799 ipsa
2951 745 2966 796 ;
3001 728 3146 787 Deus
3172 738 3353 786 autem
3385 743 3469 787 est
3490 749 3635 788 sum-

2064 834 2215 874 mum
2271 833 2337 874 ac
2396 819 2718 889 simpliciter
2779 837 2988 889 unum;
3043 824 3211 878 menti
3246 823 3410 895 igitur
3441 834 3639 879 natura

2063 916 2148 965 est
2173 908 2239 963 ad
2269 923 2543 963 summum
2573 925 2638 964 ac
2672 910 2994 981 simpliciter
3020 929 3189 967 unum
3220 954 3236 974 .
3273 923 3534 983 tanquam
3568 915 3637 971 ad

2063 1014 2281 1055 causam
2315 1015 2611 1067 conversas,
2637 1003 2859 1058 tendere
2890 1013 2945 1059 ει
2979 1018 3250 1074 spectare.

2136 1092 2225 1148 15.
2262 1090 2320 1147 Si
2353 1109 2417 1147 ex
2453 1093 2592 1163 ipso,
2635 1103 2690 1150 et
2738 1095 2791 1149 in
2834 1095 2954 1166 ipso
2988 1110 3053 1151 ac
3092 1112 3187 1167 per
3217 1097 3399 1168 ipsum
3426 1102 3634 1164 omnia,
3684 1146 3699 1163 .,

2063 1183 2109 1240 si
2143 1200 2305 1253 porro
2344 1202 2499 1242 mens
2528 1187 2722 1242 borum
2773 1188 3021 1242 omnium
3068 1204 3234 1242 unum
3295 1189 3505 1259 aliquid
3543 1191 3637 1255 sit,
3682 1187 3691 1261 ξ

2062 1276 2236 1348 igitur
2296 1294 2360 1333 ex
2403 1280 2522 1348 ipso
2556 1287 2609 1334 et
2641 1295 2737 1349 per
2762 1280 2940 1351 ipsum
2969 1294 3125 1334 mens
3157 1294 3223 1335 ac
3254 1282 3530 1350 praecipue
3570 1297 3636 1337 ex
3688 1276 3700 1289 ’

2062 1369 2187 1436 ipso
2228 1372 2428 1441 pendet
2469 1380 2524 1429 et
2566 1387 2660 1440 per
2686 1377 2866 1444 ipsum
2894 1381 2979 1428 est
3012 1384 3236 1444 propter
3267 1390 3392 1429 cum
3428 1374 3540 1431 Deo
3566 1360 3667 1430 εἰ(

2061 1464 2468 1530 militudinem;
2507 1465 2671 1534 igitur
2715 1474 2771 1520 et
2818 1465 2992 1520 multo
3047 1467 3221 1535 magis
3272 1465 3359 1521 illa
3407 1466 3475 1521 ad
3508 1482 3634 1522 eum

2060 1555 2304 1625 aspicere
2337 1556 2529 1611 debet.
2554 1555 2710 1624 Quod
2741 1568 2921 1612 autem
2956 1556 3160 1612 dicitur
3191 1558 3261 1610 ad
3293 1572 3434 1625 eum,
3464 1557 3639 1619 signi-

2058 1649 2185 1704 lieat
2211 1664 2331 1704 eam
2358 1659 2608 1719 oportere
2653 1650 2720 1704 ad
2763 1649 3203 1719 supernaturalis
3256 1646 3434 1705 Unius
3467 1651 3639 1705 mani-

2058 1740 2401 1797 festationem
2428 1741 2602 1797 vivide
2648 1742 2912 1814 aspicere.
2964 1742 3022 1798 In
3074 1757 3243 1799 unum
3279 1742 3443 1814 igitur
3470 1757 3638 1799 mens

2059 1835 2223 1891 debet
2251 1837 2518 1905 aspicere.

2132 1925 2219 1981 M.
2260 1925 2341 1981 Ex
2399 1942 2508 1983 uno
2551 1920 2735 1984 omnia
2785 1928 3115 2000 procedunt,
3171 1945 3278 1986 non
3330 1939 3517 1987 autem
3565 1925 3636 1985 ei

2058 2019 2245 2075 multis
2298 2010 2490 2076 unum.
2524 2019 2627 2076 Sed
2657 2004 2869 2077 creatio'
2896 2022 3061 2076 multa
3087 2029 3170 2077 est
3201 2039 3215 2090 ;
3242 2039 3350 2077 non
3378 2022 3543 2094 igitur
3565 2022 3651 2076 ex'

2058 2127 2169 2167 uno
2224 2121 2474 2167 creatura
2511 2113 2779 2183 procedit.
2826 2116 2973 2183 quod
3017 2112 3368 2169 manifestum
3404 2124 3509 2169 est.
3539 2113 3635 2168 Est

2057 2216 2238 2261 autem
2269 2219 2436 2276 supra
2466 2206 2826 2272 creationem,
2863 2215 3123 2277 tanquam
3151 2206 3387 2263 Creator
3415 2215 3470 2261 et
3501 2221 3636 2263 con-

2057 2299 2204 2355 ditor
2255 2299 2418 2365 Deus,
2453 2297 2633 2355 Unum
2659 2299 2815 2355 illud.
2848 2298 2954 2367 Qui
2978 2299 3146 2371 igitur
3174 2301 3534 2366 creationem,
3574 2309 3636 2355 ut

2057 2397 2293 2460 oportet,
2340 2390 2629 2456 intuetur,
2676 2405 2744 2446 ex
2779 2384 3109 2449 necessitate
3158 2394 3225 2449 ad
3284 2394 3413 2450 illud
3456 2391 3634 2450 Unum

2057 2482 2475 2553 supernaturale
2503 2496 2615 2537 suae
2644 2482 3121 2554 contemplationis
3139 2485 3434 2540 terminum
3468 2486 3635 2541 liabe-

2057 2573 2141 2630 bit
2177 2614 2193 2640 ,
2220 2576 2503 2647 ‘quoniam
2553 2583 2609 2630 et
2640 2576 2831 2632 insunt
2871 2579 3116 2633 causalis
3152 2586 3413 2649 tanquam
3451 2579 3635 2633 multa:

2056 2682 2121 2723 ex
2159 2683 2326 2725 causa
2382 2669 2852 2740 repercussiones,
2888 2686 2985 2742 per
3019 2687 3142 2741 qute
3173 2672 3524 2742 cognoscitur
3546 2654 3647 2728 ille

2058 2761 2152 2832 qui
2182 2772 2301 2816 arte
2326 2769 2381 2816 et
2405 2744 2676 2831 sapientia
2699 2770 2754 2816 et
2776 2762 3020 2831 potentia
3049 2773 3104 2817 et
3127 2763 3374 2817 bonitate
3406 2762 3633 2829 provide

2058 2858 2283 2918 cuncta,
2316 2860 2377 2906 ut
2409 2851 2602 2920 voluit,
2642 2851 2921 2921 produxit.
2971 2851 3101 2908 Ideo
3132 2861 3187 2906 et
3218 2853 3386 2909 Isaias
3424 2851 3478 2906 in
3516 2851 3633 2921 spi-

2056 2944 2205 3000 ritus
2239 2961 2258 2996 ι
2300 2942 2606 3010 Sustollilc,
2644 2944 2843 3015 inquit,
2871 2946 3061 3002 oculos
3087 2957 3325 3012 vestros,
3360 2952 3417 2999 et
3444 2943 3627 2998 videte

2056 3037 2181 3108 quis
2243 3036 2428 3092 omnia
2477 3037 2594 3093 haec
2643 3037 2951 3093 ostenderit
3013 3040 3106 3095 ³⁵.
3144 3059 3164 3093 ι
3221 3038 3452 3107 Quando
3500 3037 3636 3092 dicit

2056 3129 2254 3192 onmia,
2308 3144 2373 3184 ea
2436 3130 2602 3185 multa
2670 3145 2792 3199 qua;
2855 3141 3080 3188 causata
3134 3141 3282 3198 sunt,
3315 3130 3630 3204 signiﬁcat;

1975 3241 2023 3307 ο
2055 3222 2497 3294 quando‘autem
2540 3222 2617 3279 ait
2664 3226 2806 3295 quis,
2842 3234 3077 3280 mentem
3114 3225 3180 3281 ad
3218 3241 3344 3280 eum
3378 3225 3530 3280 ducit
3562 3240 3631 3280 ex

2053 3330 2165 3386 quo
2190 3330 2252 3371 ea
2283 3324 2411 3371 sunt
2440 3333 2456 3383 ;
2482 3318 2629 3386 quod
2656 3324 2744 3373 est
2768 3316 3092 3388 simpliciter
3121 3326 3178 3373 et
3200 3317 3501 3374 secundum
3537 3334 3638 3373 na—
3712 3380 3717 3385 ,

2052 3416 2230 3465 turam
2260 3405 2459 3463 Unum.
2704 3420 2714 3430 ‘
2900 3396 2903 3399 Ἴ

2123 3501 2213 3558 15.
2236 3499 2529 3572 Colligitur
2551 3500 2604 3556 in
2642 3517 2810 3557 unum
2850 3503 3056 3558 rreatio
3080 3544 3094 3569 ,
3127 3501 3223 3559 sed
3265 3502 3629 3574 compositum

2051 3610 2117 3652 ac
2147 3594 2452 3666 multiplex,
2482 3610 2593 3650 non
2621 3592 2802 3651 autem
2835 3595 3043 3666 absque
3069 3596 3340 3668 principio
3372 3636 3388 3662 ,
3444 3604 3632 3666 utpote

2049 3686 2463 3745 creatum.Cnm
2483 3687 2649 3757 igitur
2675 3689 2899 3743 mensin
2927 3687 3056 3743 illud
3079 3685 3251 3742 Unum
3266 3688 3409 3758 quod
3427 3686 3632 3743 creavit

2050 3789 2105 3835 et
2135 3780 2281 3851 quod
2313 3788 2398 3836 est
2432 3794 2626 3846 unum,
2657 3795 2766 3834 non
2807 3779 2973 3835 modo
3002 3795 3099 3850 per
3126 3795 3457 3836 concursum
3492 3780 3630 3833 ιιιιιΙ-

2051 3881 2230 3930 torum
2261 3888 2323 3928 ac
2360 3873 2708 3928 diversorum
2741 3873 2796 3928 in
2832 3874 3000 3928 unam
3043 3858 3215 3928 totius
3243 3872 3479 3943 alicujus
3518 3872 3630 3926 l‘or-

2051 3980 2200 4021 mam
2232 3979 2297 4021 ac
2322 3962 2573 4020 ell‘ectum
2603 3965 2925 4030 terminum,
2955 3963 3050 4019 sed
3082 3964 3392 4020 increatum
3425 3979 3489 4018 ac
3516 3965 3629 4034 pri-

2048 4064 2195 4115 inam
2225 4076 2446 4117 causam
2477 4060 2729 4116 ascendit
2750 4069 2810 4116 ut
2839 4061 3257 4131 contempletur,
3295 4076 3522 4134 necesse
3545 4070 3629 4114 est

2049 4152 2108 4208 ut
2141 4152 2210 4207 ad
2245 4152 2449 4223 aliquid
2480 4167 2650 4207 unum
2694 4152 2838 4223 quod
2884 4151 3156 4208 creaverit
3193 4166 3260 4207 ac
3291 4149 3629 4206 ordinaverit

2043 4238 2316 4302 visibilem
2370 4245 2519 4301 hunc
2555 4260 2736 4301 rerum
2794 4246 3041 4301 ordinem
3090 4260 3156 4300 ac
3194 4242 3624 4315 generationem,

2047 4336 2391 4394 harmoniam
2431 4344 2485 4393 et
2525 4338 2984 4410 conspirationem
3034 4338 3090 4392 in
3151 4337 3324 4393 t0tius
3392 4336 3627 4406 alicujus

2045 4428 2279 4490 formam
2307 4432 2453 4501 ;vel,
2478 4432 2526 4491 si
2549 4432 2624 4489 ita
2649 4449 2759 4491 non
2788 4441 2954 4499 esset,
2973 4432 3033 4488 in
3061 4430 3336 4488 inﬁnitum
3364 4431 3629 4502 procede-

2033 4533 2118 4583 ret
2154 4541 2169 4580 :
2203 4523 2352 4595 quod
2386 4532 2472 4580 est
2500 4520 2800 4580 absurdum
2851 4522 3130 4594 Quidquid
3164 4530 3349 4580 autem
3383 4530 3637 4581 movetur

2029 4630 2083 4676 et
2111 4618 2316 4674 factum
2343 4627 2449 4683 est,
2471 4615 2771 4689 aliquando
2798 4632 2906 4672 non
2936 4627 3074 4684 erat,
3096 4625 3150 4672 et
3176 4631 3300 4671 cum
3324 4633 3435 4673 non
3459 4628 3630 4688 esset,

2032 4713 2201 4782 coepit
2244 4726 2370 4767 esse
2405 4720 2460 4768 et
2491 4720 2699 4767 motum
2734 4708 2860 4765 fuit.
2894 4707 3040 4777 Quid
3083 4725 3227 4780 opus
3256 4719 3361 4776 est,
3393 4709 3446 4766 id
3479 4712 3628 4782 quod

2032 4805 2204 4885 movit
2225 4812 2280 4861 et
2307 4803 2374 4860 ad
2407 4806 2824 4878 generationem
2853 4803 3100 4871 adducit,
3129 4804 3410 4874 inquirere
3429 4804 3453 4859 ?
3472 4804 3628 4873 Quod

2031 4904 2117 4950 est
2145 4902 2300 4951 certo
2331 4892 2637 4955 immobile.
2671 4907 2798 4947 cum
2855 4900 3097 4948 moveat.
3134 4893 3248 4948 Nisi
3298 4892 3445 4947 enim
3482 4902 3632 4949 esset

2033 4987 2339 5055 immobile,
2367 4987 2503 5059 quid
2537 4986 2706 5059 igitur
2739 4994 2984 5042 moveret
3019 4984 3156 5041 illud
3207 4985 3356 5055 quod
3388 4985 3457 5042 ad
3491 4986 3633 5041 alte-

2033 5098 2159 5138 rum
2189 5083 2522 5154 principium
2552 5096 2659 5137 non
2695 5090 2948 5152 spectat,
2970 5095 3097 5136 cum
3129 5080 3203 5136 sit.
3232 5080 3443 5152 absque
3475 5079 3630 5151 prin-

2032 5170 2220 5251 cipio?
2252 5178 2309 5235 Si
2338 5171 2522 5236 autem
2554 5177 2840 5236 immobile
2860 5190 2968 5246 est,
2995 5172 3145 5251 ergo'
3160 5188 3216 5233 et
3244 5176 3630 5245 immutabile;

2034 5276 2080 5331 si
2112 5276 2282 5348 igitur
2309 5283 2366 5332 et
2408 5273 2566 5342 illud,
2603 5271 2830 5329 omnino
2858 5287 3079 5344 quoque
3110 5270 3343 5344 simplex
3391 5279 3498 5340 est,
3535 5285 3629 5335 ne.

2034 5367 2080 5425 si
2105 5369 2472 5438 compositum
2511 5368 2608 5436 sit,
2638 5375 3019 5433 convertatur,
3049 5366 3195 5444 quod
3238 5365 3400 5422 nobis
3436 5373 3498 5420 ut
3527 5364 3632 5420 im-

2037 5462 2303 5518 mutabile
2332 5471 2584 5533 apparet.
2613 5452 2954 5530 Compositio
2987 5459 3134 5516 enim
3175 5456 3513 5531 principium
3548 5469 3636 5514 est

2034 5555 2361 5622 discordias;
2412 5556 2529 5611 haec
2575 5567 2759 5610 autem
2810 5554 3227 5622 dissolutionis;
3272 5569 3392 5624 quae
3438 5553 3632 5610 ultima

2035 5654 2218 5703 motus
2250 5648 2396 5703 linea
2431 5657 2537 5705 est.
2572 5648 2693 5703 Non
2725 5659 2807 5705 est
2839 5647 3007 5721 igitur
3047 5649 3103 5705 in
3136 5648 3228 5704 illo
3272 5647 3628 5719 compositio,

2040 5757 2111 5800 ne
2144 5739 2311 5800 simul
2343 5740 2476 5801 insit
2517 5741 2833 5813 discordia;
2884 5758 3063 5816 neque
3105 5741 3406 5811 discordia,
3440 5740 3633 5823 ne‘tlat
