4058 6438
511 317 615 385 847
1649 326 1994 392 CALLISTI
2038 325 2474 388 CATAPHUGI
2499 330 2646 390 ma
3645 333 3736 396 an

508 440 822 511 dissolutio,
882 459 1058 518 neque
1105 444 1420 514 dissolutio,
1471 461 1540 502 ne
1574 447 1785 502 accidat
1837 447 2082 510 mutatio,

2181 462 2284 515 κης
2334 445 2663 509 ἀσύνθετον,
2717 446 2808 500 καὶ
2869 447 2954 500 διὰ
3011 447 3169 502 τοῦτο
3221 449 3606 515 ἁπλούστατον,
3647 456 3728 509 καὶ

510 551 687 606 neque
719 539 969 605 mutatio,
995 556 1063 595 ne
1087 547 1269 596 motus
1297 552 1557 612 appareat
1589 542 1730 610 apud
1768 540 1921 608 illud,
1949 539 2082 609 quod

2179 537 2467 602 ἁπολύτως
2507 539 2564 592 ἓν
2600 541 2993 612 ὑπερκόσμιον.
3034 541 3178 611 Πρὸς
3206 542 3338 611 ὅπερ
3362 544 3389 595 ό
3415 543 3733 613 ἀνατεινόμε-

507 634 848 690 immutabile
875 645 928 691 et
972 637 1274 706 immobile,
1328 648 1586 709 tanquam
1623 654 1876 707 movens,
1914 653 2082 708 neque

2178 645 2270 694 νος
2299 631 2444 698 νοῦς,
2474 633 2586 685 τῶν
2617 634 2857 693 πάντων,
2907 633 3082 685 πάντα
3111 634 3330 705 τρόπον,
3372 634 3471 698 ἔξω
3501 634 3734 688 καθίστα-

510 736 737 791 motum,
769 736 824 783 et
851 729 916 782 ad
937 734 1347 799 generationem
1383 734 1685 796 adducens,
1706 748 1882 804 neque
1909 733 2082 802 ipsum

2179 739 2291 789 ται,
2325 723 2413 781 διὰ
2463 726 2563 797 τὴν
2593 727 2731 797 πρὸς
2757 726 2816 778 τὸ
2849 726 3158 797 ὑπέρκαλον
3205 729 3272 799 ἢν
3314 726 3422 797 ἔχει
3457 727 3733 796 ἀπόϐλεῲιν

507 829 849 884 generatum.
898 822 953 877 Si
989 825 1155 892 igitur
1200 826 1542 880 immutabile
1590 835 1643 879 et
1681 826 1964 878 immotum
1996 825 2090 893 sit,

508 913 822 965 necessario
846 925 892 967 et
923 915 1375 988 incompositum,
1393 925 1444 972 et
1468 918 1594 972 ideo
1616 919 2087 986 simplicissimum

505 1012 558 1055 et
597 1020 764 1058 unum
807 1009 1034 1062 omnino
1071 1011 1510 1080 supernaturale.
1569 1013 1646 1066 Ad
1684 1013 1824 1079 quod
1861 1030 2012 1068 mons
2044 1011 2088 1067 si

503 1095 712 1162 tendat,
747 1099 1062 1154 omnimodo
1112 1111 1265 1156 extra
1318 1104 1502 1158 omnia
1548 1105 1831 1166 statuitur,
1869 1118 2091 1171 propter

505 1189 652 1243 hunc
693 1207 855 1261 quem
888 1209 1079 1250 versus
1112 1193 1246 1249 illud
1296 1197 1727 1267 pulcherriumvn
1779 1213 2086 1267 respeetum

505 1283 668 1338 habet
692 1297 746 1339 et
779 1303 938 1342 suum
969 1291 1034 1340 ad
1065 1289 1192 1342 illud
1228 1292 1371 1360 quod
1407 1309 1574 1361 super
1597 1310 1759 1348 omne
1784 1302 1886 1354 est,
1922 1295 2092 1362 imsz-

504 1387 660 1446 tum;
711 1380 822 1433 imo
851 1397 980 1435 vero
1010 1383 1074 1435 all
1110 1383 1240 1438 illud
1273 1402 1336 1439 ex
1371 1403 1482 1456 quo
1526 1389 1711 1440 omnia
1743 1397 1790 1443 et
1831 1388 1892 1441 a-l
1943 1387 2087 1457 quod

503 1472 686 1524 omnia
733 1473 984 1529 tendunt.
1038 1474 1094 1529 Si
1151 1492 1280 1530 vero
1329 1478 1379 1531 id
1434 1480 1736 1534 secundum
1789 1496 2084 1548 congrua-ut

507 1565 779 1617 rationem
819 1566 929 1622 tiat.
959 1575 1093 1622 tunc
1125 1586 1279 1624 mens
1309 1581 1460 1626 extra
1487 1575 1812 1641 cupiditates
1843 1575 2084 1640 ponitur.

503 1657 638 1722 Quae
683 1661 827 1713 inim
862 1677 1083 1716 sursum
1115 1672 1171 1718 et
1200 1662 1266 1717 ad
1301 1665 1729 1733 pulcherrimum
1773 1667 1896 1721 tend
1928 1677 1961 1720 t.
2005 1667 2086 1720 id-

503 1765 610 1818 que
646 1751 981 1818 assequitur,
1019 1755 1432 1822 quomodojam
1481 1757 1534 1810 in
1572 1756 1938 1826 cupiditatum
1973 1769 2083 1810 tur-

501 1841 752 1910 pitudine
791 1859 1074 1901 remanere
1103 1849 1326 1916 posset?
1359 1849 1486 1905 lJco
1520 1850 1652 1904 illud
1689 1867 1845 1906 sacra
1883 1851 1966 1905 It'\'
2004 1853 2084 1904 ,ιιι

499 1931 573 1986 rit
605 1951 621 1987 :
659 1951 679 1985 ι
723 1933 804 1989 Illi
833 1935 932 1989 soli
962 1937 1206 2004 servies;
1256 1958 1272 1992 ι
1303 1939 1430 2004 Uni,
1464 1957 1682 2012 nempe.
1720 1942 2082 1998 Τιξιι-ίριιλῐιιιιι

499 2026 672 2095 igitur
704 2039 787 2083 est
823 2032 886 2086 ad
936 2031 1066 2086 illud
1105 2048 1381 2089 summum
1433 2053 1624 2102 unum,
1672 2038 1718 2094 si
1769 2037 1862 2093 Dei
1907 2040 2082 2110 legem

498 2121 799 2186 adimplere
826 2124 1079 2178 volumus
1110 2135 1162 2181 rt
1194 2140 1361 2196 supra
1392 2130 1723 2199 cupiditates
1750 2132 2006 2187 inveniri.

571 2207 658 2270 ιθ.
706 2233 724 2268 ι
770 2210 1056 2284 Dom'nns,
1086 2215 1287 2290 ἰιιιμιίι,
1313 2222 1465 2277 solus
1488 2223 1595 2278 dux
1618 2239 1806 2278 eorum
1834 2222 1958 2287 fuit,
1988 2241 2087 2280 nec

496 2309 599 2363 init
631 2327 752 2362 rum
797 2311 862 2365 iis
921 2307 1057 2367 deus
1097 2313 1334 2369 alienus.
1379 2333 1398 2367 ι
1443 2311 1608 2372 Vides
1647 2317 1810 2374 unius
1833 2329 1886 2375 et
1916 2321 2087 2375 solus

496 2405 790 2471 potentiam
811 2397 1136 2470 iQnomodo
1159 2422 1266 2462 non
1286 2417 1548 2464 eratcum
1576 2409 1644 2466 iis
1690 2411 1827 2469 deus
1849 2412 2085 2476 alienus,

497 2497 548 2550 in
579 2506 844 2566 quantum
875 2499 1025 2553 solus
1052 2515 1148 2554 eos
1183 2500 1418 2557 ducebat
1449 2503 1761 2562 Dominus?
1818 2507 2086 2564 Dominus

497 2603 594 2644 eos
620 2589 712 2655 qui
745 2587 920 2654 ipsmu
951 2602 1260 2658 sequuntur
1283 2608 1460 2663 nequc
1482 2593 1552 2649 ab
1581 2595 1704 2666 ipso
1730 2608 2083 2665 sep-trantur,

495 2681 671 2734 ducit.
711 2678 862 2746 Quod
919 2691 1098 2736 autem
1140 2684 1339 2754 aliquis
1395 2698 1668 2757 sequitur,
1727 2689 1794 2744 ad
1844 2685 1974 2745 illud
2033 2702 2088 2748 et

495 2782 861 2826 conuertitur.
896 2773 950 2829 Si
989 2773 1157 2844 igitur
1190 2777 1431 2834 nolimus
1471 2778 1638 2834 Deum
1672 2781 1941 2851 alienum,
1991 2794 2088 2840 aut

2181 816 2278 867 καὶ
2313 815 2413 886 τὴν
2469 815 2659 885 ἔφεσιν
2695 818 2824 889 περ)⁵
2857 818 2916 870 τὸ
2949 818 3091 889 ὑπὲρ
3148 819 3276 872 πᾶν·
3317 819 3512 888 μᾶλλον
3542 819 3593 872 δὲ
3623 819 3734 888 περὶ

2179 907 2241 960 τὸ
2268 907 2324 974 ἐξ
2370 902 2431 961 οὗ
2461 909 2522 962 τὸ
2568 911 2698 974 πᾶν,
2739 911 2833 964 καὶ
2870 913 2948 974 είς
2985 911 3013 963 ὃ
3046 911 3114 964 τὰ
3149 911 3325 966 πάντα
3359 910 3593 981 φυσικῶς
3621 913 3736 963 ἀνα-

2178 1001 2436 1056 τείνεται.
2482 1003 2686 1056 Τούτου
2742 1002 2798 1056 δὲ
2851 1003 3142 1074 γινομένου
3195 1004 3334 1058 κατὰ
3392 1004 3542 1080 λόγον
3589 1019 3737 1073 προσ-

2180 1095 2404 1165 ήκοντα,
2445 1100 2536 1148 καὶ
2569 1095 2757 1148 παθῶν
2788 1096 2891 1162 ἔξω
2921 1098 3154 1163 γίνεταιο
3184 1099 3211 1151 6
3239 1098 3347 1168 γὰρ
3386 1097 3627 1165 ὑπεράνω
3657 1095 3739 1148 καὶ

2180 1186 2292 1239 τῶν
2341 1189 2669 1256 ύπερκέλων
2715 1189 3236 1260 ύπερεκτεινόμενος
3286 1191 3378 1244 καὶ
3422 1189 3738 1258 γιγνόμενος,

2185 1279 2347 1351 σχολῇ
2374 1281 2424 1347 γ’
2452 1279 2518 1334 ἂν
2547 1281 2759 1348 γένοιτο
2785 1281 3142 1350 ὲναπομεῖναι
3173 1281 3250 1353 τῷ
3285 1282 3461 1350 αἴσχει
3506 1281 3605 1332 τῶν
3647 1297 3740 1332 πα-

2183 1372 2314 1428 θῶν.
2351 1375 2448 1426 Διὰ
2493 1373 2675 1436 τοῦτο,
2720 1391 2739 1425 ι
2776 1373 2937 1445 Αὐτῷ
2973 1374 3120 1444 μόνῳ
3149 1373 3486 1443 λατρεύσεις.
3525 1393 3542 1424 ι
3578 1371 3648 1441 τῷ
3671 1371 3741 1422 ἑνὶ

2181 1467 2446 1537 δηλονότι,
2473 1469 2500 1520 ό
2553 1467 2696 1538 ἱερός
2739 1484 2873 1536 φησι
2931 1467 3113 1536 νόμος.
3167 1466 3314 1537 Πρὸς
3357 1467 3463 1535 ἄρα
3495 1465 3552 1517 τὸ
3597 1479 3742 1533 κορυ-

2183 1562 2344 1627 φαῖον
2373 1559 2430 1612 ἓν
2458 1558 2823 1612 ἀνατετᾶσθαι
2865 1559 2966 1623 δεῖ,
2997 1558 3046 1611 εί
3084 1557 3375 1629 μέλλοιμεν
3419 1557 3512 1610 καὶ
3546 1555 3632 1608 τὸν
3655 1553 3742 1606 τοῦ

2182 1652 2319 1705 Θεοῦ
2374 1655 2538 1723 νόμον
2597 1650 2882 1725 πληροῦν,
2916 1651 3013 1707 καὶ
3069 1651 3327 1724 ὑπεράνω
3385 1650 3566 1708 παθῶν
3612 1646 3743 1720 εὑρί-

2185 1763 2280 1798 σκε
2293 1745 2435 1800 σθαι.

2225 2222 2352 2290 ,ιςῖ
2391 2225 2616 2297 Κύριος,
2651 2229 2810 2300 φησὶ,
2845 2231 3006 2301 μόνος
3032 2230 3166 2304 ἦγεν
3192 2235 3411 2300 αὐτοὺς,
3445 2233 3538 2288 καὶ
3566 2231 3658 2286 οὐκ
3687 2225 3747 2303 ἦν

2183 2317 2302 2386 μετ’
2354 2319 2536 2373 αὐτῶν
2572 2321 2705 2386 Θεὸς
2739 2323 3040 2396 ἀλλότριος.
3085 2325 3252 2397 Ὁρᾷς
3304 2327 3402 2382 τοῦ
3441 2327 3630 2381 ἑνιαίου
3664 2327 3747 2380 καὶ

2183 2410 2348 2478 μόνου
2414 2415 2514 2485 τὴν
2558 2414 2828 2486 δύναμινς
2886 2418 3004 2483 πῶς
3043 2419 3142 2473 οὐκ
3183 2416 3250 2492 ἦν
3281 2422 3404 2490 μετ’
3436 2420 3610 2494 αὐτῶν
3632 2420 3749 2483 Θεὸς

2179 2501 2479 2576 ἀλλότριος,
2517 2508 2602 2576 ἐφ’
2655 2510 2781 2562 ὅσον
2815 2512 2974 2580 μόνος
3032 2511 3231 2578 αὐτοὺς
3278 2509 3416 2586 ἦγεν
3453 2516 3481 2568 6
3531 2513 3744 2585 Κύριοςς

2175 2597 2429 2670 ἀλλαμὴν
2459 2603 2487 2654 ὁ
2509 2603 2711 2676 Κύριος
2740 2603 3064 2678 ἑπομένους,
3099 2609 3201 2663 οὐκ
3223 2608 3748 2680 ἀποστρεφομένους,

2176 2690 2322 2760 ἄγευ
2375 2683 2420 2761 ᾧ
2448 2693 2505 2748 δέ
2532 2711 2617 2760 τις
2658 2696 2873 2764 ἕπεται,
2906 2698 3044 2771 πρὸς
3073 2699 3208 2754 αὐτὸ
3240 2702 3338 2757 καὶ
3372 2702 3744 2771 ὲπέστραπταν

2175 2783 2376 2838 οὐκοῦν
2408 2785 2459 2839 εί
2494 2786 2786 2860 μέλλοιμεν
2839 2789 2974 2843 Θεὸν
3004 2791 3214 2862 ἕτερον,
3243 2791 3495 2863 δαίμονα,
3529 2791 3560 2864 ἢ
3594 2789 3748 2851 πάθος

495 2870 802 2919 tta-monent
837 2880 922 2921 aut
962 2870 1316 2936 cupiditatem
1350 2874 1634 2930 uobiscum
1667 2877 1891 2944 habere,
1923 2881 2081 2934 illum

2177 2875 2301 2946 μεθ’
2329 2877 2487 2948 ἡμῶν
2549 2878 2626 2952 μὴ
2683 2879 2846 2950 ἔχειν,
2874 2881 3134 2954 ὲψὼμεθα
3177 2882 3256 2955 τῷ
3288 2886 3438 2956 μόνῳ
3472 2886 3561 2939 καὶ
3591 2883 3663 2937 ἐνὶ
3685 2872 3745 2934 δι’

496 2960 672 3012 solum
722 2973 772 3015 et
813 2959 990 3016 Umnn
1039 2979 1134 3034 per
1169 2966 1369 3022 tltelllis
1412 2971 1831 3027 conversionem
1885 2958 2082 3044 sequa-

2174 2971 2522 3043 ὲπιστροφῆς
2580 2975 2797 3044 νοερᾶς,
2831 2975 2981 3041 ὅπως
3026 2976 3093 3031 ἂν
3154 2978 3415 3048 καὶπερὶ
3471 2977 3620 3048 ἡμῶν
3657 2975 3746 3028 οὐκ

495 3069 638 3113 mur,
671 3053 741 3106 ita
769 3065 822 3106 ut
859 3055 991 3109 t'lnd
1025 3059 1090 3112 de
1117 3059 1277 3113 ttohts
1309 3061 1686 3117 verisitniliter
1714 3064 1924 3120 dictum
1960 3085 2082 3125 esse

2172 3062 2480 3140 ἀπεικότως
2529 3062 2785 3134 λελέχθαι
2835 3064 3006 3129 δόξειέ
3046 3066 3090 3132 γ’
3118 3065 3202 3121 ἄν’
3237 3067 3321 3120 ὅτι
3371 3066 3570 3136 Κύριος
3603 3063 3744 3133 μόνος

493 3147 743 3202 videatur
776 3165 790 3204 :
827 3169 846 3200 ι
894 3150 1158 3207 Doninus
1199 3152 1353 3209 solos
1397 3155 1551 3209 ducit
1597 3151 1716 3222 eus,
1770 3173 1948 3231 neque
1999 3172 2080 3218 e.-.t

2173 3157 2294 3221 ἄγει
2330 3157 2550 3223 αὐτοὺς,
2584 3157 2708 3212 ὃθεν
2747 3158 2842 3212 καὶ
2871 3159 3004 3222 Θεὸς
3028 3159 3306 3232 ἀλλότριος
3341 3162 3444 3215 οὐκ
3476 3158 3588 3212 ἔστι
3635 3152 3742 3225 μετ’

493 3251 616 3290 cum
640 3239 719 3293 eis
759 3240 891 3301 deus
924 3241 1158 3297 alienus.
1205 3261 1224 3296 ι

2171 3265 2205 3298 α
2220 3247 2372 3302 ιτῶν.

567 3333 654 3388 l7.
699 3335 808 3388 Etsi
854 3352 917 3390 ex
958 3353 1090 3402 uno,
1142 3339 1237 3395 sed
1283 3344 1469 3400 omnia
1512 3347 1674 3403 modo
1708 3348 1962 3406 dissimili
2015 3368 2082 3408 ex

2242 3339 2328 3402 ιζ’.
2376 3339 2439 3394 Εί
2494 3341 2592 3396 καὶ
2625 3342 2685 3408 ἐξ
2713 3341 2855 3406 ἑνὸς,
2887 3342 3024 3396 ἀλλὰ
3068 3343 3347 3416 διαφόρως
3381 3343 3516 3399 εἰσιν
3545 3341 3600 3408 ἐξ
3639 3337 3745 3399 ὲνδς

495 3423 608 3479 υειυ
631 3436 794 3494 sunt;
825 3444 891 3482 eo
923 3446 1120 3502 nempe
1152 3435 1296 3502 quod
1333 3436 1590 3495 diversus
1630 3441 1827 3499 modus
1863 3453 1943 3499 est
1972 3461 2082 3513 quo

2171 3430 2240 3482 τὰ
2259 3430 2449 3485 πολλὰ·
2479 3432 2560 3486 ὅτι
2607 3432 2746 3502 δῆτα
2788 3435 2884 3487 καὶ
2920 3434 3028 3487 τῶν
3055 3434 3225 3488 ὄντων
3251 3437 3280 3489 6
3309 3436 3530 3508 τρόπος,
3556 3430 3669 3486 καθ’
3692 3427 3743 3481 όν

491 3507 640 3571 entia
674 3534 739 3573 ex
789 3523 963 3589 prima
1000 3524 1212 3581 unitate
1251 3530 1574 3598 procedunt.
1627 3532 1690 3588 Et
1719 3537 1822 3589 alia
1856 3507 2080 3607 qtti.lem

2170 3523 2342 3578 ταῦτα
2389 3527 2455 3579 ὲκ
2487 3526 2587 3591 τῆς
2617 3526 2842 3600 πρώτης
2888 3529 3073 3593 ὲνάδος
3124 3523 3744 3634 Mauram”?ng

491 3625 592 3664 cna
632 3620 684 3664 ta
721 3623 775 3668 et
805 3624 990 3670 creata
1020 3626 1171 3677 sunt.
1213 3619 1314 3675 alia
1344 3638 1472 3677 vero
1503 3624 1746 3681 incre.:ta
1780 3637 1832 3682 et
1867 3639 2081 3700 tempoo

2171 3618 2270 3687 μὲν
2311 3617 2420 3690 γὰρ
2461 3619 2669 3673 τούτων
2699 3621 2956 3691 ὴργμένα
2987 3621 3048 3675 τέ
3092 3624 3210 3676 ἐστι
3244 3623 3338 3676 καὶ
3365 3620 3581 3685 κτιστὰ,
3612 3617 3674 3669 τὰ
3701 3613 3726 3666 δ

492 3697 622 3757 ralis
665 3704 807 3758 initii
852 3707 1118 3762 rationem
1173 3707 1466 3780 fugientia,
1528 3725 1585 3770 et
1639 3719 1899 3773 omnibus
1955 3697 2083 3791 qui-

490 3797 613 3853 dem
645 3801 869 3854 omnino
902 3816 1066 3856 causa
1109 3813 1193 3859 est
1230 3804 1360 3860 illud
1397 3813 1820 3878 supernaturale
1856 3810 2078 3886 Unum;

488 3893 585 3946 sed
631 3886 752 3948 aliis
781 3911 844 3947 ex
875 3895 1179 3963 creasione,
1213 3899 1334 3955 aliis
1367 3918 1496 3957 vero
1529 3918 1593 3958 ex
1633 3915 1867 3973 natura;
1903 3925 2080 3980 neque

488 3986 746 4042 omnibus
772 3979 1092 4059 simpliciter
1125 4000 1208 4046 est
1238 3993 1649 4066 adhaercnjum,
1685 4015 1862 4070 neque
1891 4003 2078 4059 omnia

487 4081 870 4150 atuplectcuda
919 4091 1048 4139 sunt
1095 4083 1286 4164 eodem
1327 4088 1527 4156 modo;
1581 4091 1677 4146 sed
1737 4092 1804 4148 iis
1852 4095 2074 4164 quidem

486 4187 607 4239 qua:
643 4172 856 4226 initium
907 4172 1112 4230 habent
1143 4162 1212 4228 ἰιι
1249 4189 1434 4234 creata
1485 4190 1637 4247 sunt,
1688 4184 2074 4242 adhmrendum

486 4271 572 4319 est
606 4275 826 4333 pr0pter
855 4262 1006 4320 aliud
1035 4265 1332 4335 quoddam,
1359 4286 1537 4339 neque
1563 4283 1788 4342 propter
1810 4275 1950 4344 ipsa,
1977 4279 2073 4335 sed

489 4369 714 4427 prepfer
746 4356 797 4411 id
830 4359 972 4427 quod
1007 4359 1060 4411 in
1097 4359 1188 4426 iis,
1215 4367 1472 4430 tanquam
1509 4363 1565 4418 in
1599 4370 1849 4436 speculo,
1882 4387 2077 4442 reprm-

485 4457 760 4504 scutatum
817 4459 872 4504 et
925 4462 1209 4507 ostensum
1263 4464 1370 4509 est.
1432 4451 1548 4512 Non
1604 4459 1766 4514 a'iter
1823 4475 2074 4521 creatura

2164 3711 2419 3778 ἄκτιστα,
2460 3715 2555 3766 καὶ
2612 3714 2704 3768 τὸν
2753 3715 2852 3783 τῆς
2898 3717 3160 3788 χρονικῆς
3182 3716 3358 3788 ἀρχῆς
3391 3716 3548 3785 λόγον
3593 3715 3744 3765 ἐκπε-

2164 3803 2428 3872 φευγότα,
2466 3805 2560 3858 καὶ
2587 3807 2724 3859 πᾶσι
2753 3806 2853 3876 μὲν
2881 3806 3024 3860 κατὰ
3054 3807 3233 3862 πάντα
3258 3808 3466 3880 τρόπον
3496 3806 3662 3860 αῐτιον
3688 3799 3742 3853 1:6

2163 3895 2490 3968 ὕπερούσιον
2543 3897 2622 3960 ἒν,
2659 3897 2795 3951 ἀλλὰ
2848 3902 2961 3963 τοῖς
3011 3899 3112 3968 μὲν
3173 3899 3604 3972 δημιουργικῶς,
3639 3894 3741 3955 τοῖς

2161 3987 2219 4041 δὲ
2249 3988 2517 4057 φυσικῶς,
2547 3990 2642 4042 καὶ
2672 3990 2731 4042 ού
2769 3992 2904 4044 πᾶσι
2936 3989 3191 4058 καθάπαξ
3223 3990 3310 4044 διὰ
3356 3991 3514 4045 τοῦτο
3544 3986 3739 4046 τούτοις

2159 4079 2360 4145 ἐπίσης
2393 4080 2736 4151 προσίεσθαι,
2789 4083 2880 4136 καὶ
2924 4081 3129 4136 τούτων
3177 4082 3500 4153 ἀντέχεσθαι
3545 4077 3734 4153 χρεὼν.

2161 4171 2299 4224 ἀλλὰ
2320 4174 2434 4236 τοῖς
2474 4172 2574 4243 μὲν
2610 4173 2716 4226 ὑπὸ
2742 4173 2918 4247 ἀρχὴν
2958 4175 3051 4228 καὶ
3091 4174 3267 4229 κτίσιν
3300 4175 3549 4240 τελοῦσι,
3579 4185 3736 4241 προσ-

2163 4263 2304 4318 ιτέον
2328 4265 2444 4317 ἐστὶ
2467 4264 2537 4318 δι’
2571 4264 2720 4332 ἄλλο,
2755 4268 2848 4320 καὶ
2876 4267 2935 4319 ού
2968 4266 3092 4320 καθ’
3113 4267 3265 4330 αὐτὸ,
3290 4267 3365 4331 ὡς
3394 4269 3471 4339 τῷ
3499 4266 3737 4332 ἐσόπτρῳ

2158 4355 2248 4410 διὰ
2281 4355 2344 4409 τὸ
2375 4357 2432 4408 ὲν
2467 4355 2616 4427 αὐτῷ
2673 4359 3108 4430 μορφαζόμενον,
3143 4359 3174 4430 ἢ
3219 4359 3731 4431 παραδεικνύμενον·

2159 4445 2388 4509 ἀλλοίως
2429 4446 2540 4518 γὰρ
2583 4449 2616 4518 ὴ
2657 4446 2838 4511 κτίσις
2887 4449 3025 4520 πρὸς
3059 4449 3342 4520 βελτίωσιν
3383 4454 3446 4506 οὐ
3480 4446 3729 4523 προσιτὲσ

486 4543 739 4600 adeunda
775 4552 878 4612 est,
916 4554 975 4599 ut
1023 4546 1280 4602 meliores
1335 4550 1553 4614 liamus,
1593 4552 1700 4607 nisi
1753 4567 1979 4626 propter
2022 4559 2076 4616 id

2170 4541 2337 4604 ἐστὶν,
2365 4542 2447 4596 ὅτι
2476 4544 2551 4615 μὴ
2583 4543 2670 4598 διὰ
2701 4545 2761 4599 τδ
2795 4547 2854 4598 ἐν
2885 4547 3022 4616 αὐτῇ
3052 4544 3146 4598 τοῦ
3177 4545 3345 4616 ἄκρου
3375 4544 3496 4608 ἐνὸς
3521 4554 3737 4612 προφαι-

485 4637 629 4708 quod
663 4637 842 4693 exillo
874 4654 1093 4694 StltlllllO
1127 4638 1248 4696 Uno
1279 4642 1423 4711 apud
1459 4659 1577 4698 cam
1613 4659 1861 4717 apparet.
1896 4651 1977 4707 Α]
2010 4669 2076 4708 ea

485 4747 618 4788 vero
643 4749 763 4801 quae
789 4733 996 4802 absque
1019 4734 1174 4789 initio
1199 4745 1253 4790 et
1279 4737 1552 4792 naturalia
1583 4750 1734 4808 sunt,
1759 4745 2078 4803 accedimus

489 4841 597 4879 non
630 4837 856 4896 propter
885 4827 1055 4892 aliud,
1095 4827 1189 4881 sed
1230 4843 1451 4900 propter
1481 4848 1541 4885 ea
1589 4834 1725 4899 sola,
1768 4845 1821 4891 et
1857 4849 2080 4908 propter

487 4919 618 4973 i~lud
645 4935 708 4974 ex
731 4936 842 4990 quo
863 4930 1010 4976 Slllll.
1051 4919 1122 4974 Eo
1153 4926 1296 4976 cnim
1329 4933 1456 4978 sunt
1481 4942 1599 4994 qua:
1625 4931 2079 5000 pr0ptt-rscipsas

489 5015 687 5068 debent
737 5013 899 5078 adiri,
936 5029 1238 5084 eorumque
1272 5027 1356 5072 cst
1393 5019 1601 5074 unitive
1651 5030 1704 5074 et
1755 5025 2081 5080 naturaliter

489 5121 765 5159 summum
801 5105 933 5160 illud
968 5105 1188 5177 Unum;
1225 5113 1331 5164 into
1364 5128 1493 5166 vero
1524 5114 1755 5173 unitive.
1787 5127 1863 5179 et,
1903 5124 1960 5171 ut
1993 5118 2079 5172 di-

488 5211 637 5251 crum
695 5205 819 5264 est,
867 5201 1202 5256 naturaliter
1257 5217 1387 5257 sunt
1442 5205 1591 5260 illius
1644 5208 1839 5260 summi
1881 5208 2077 5267 Unius.

486 5288 714 5357 Oportet
747 5305 876 5345 sane
906 5308 1012 5346 non
1052 5295 1210 5348 modo
1240 5295 1302 5349 ad
1327 5312 1390 5350 ea
1417 5296 1698 5362 accedere,
1738 5299 1832 5354 sed
1863 5310 1916 5355 et
1951 5317 2078 5358 cum

495 5383 603 5436 it|:s
631 5385 888 5452 adunari,
935 5394 990 5438 et
1021 5385 1087 5440 ad
1135 5388 1295 5456 primi
1346 5400 1398 5443 et
1433 5389 1600 5446 unius
1649 5391 1809 5458 hujus
1859 5396 2077 5464 pulchri

490 5475 850 5529 imitationem
901 5491 998 5546 per
1030 5476 1116 5530 illa
1152 5477 1459 5546 informari,
1497 5489 1554 5533 ut
1591 5484 1781 5552 gratia:
1811 5500 2079 5556 coopera-

490 5567 639 5620 tionc
662 5576 714 5620 et
745 5567 974 5629 auxilio,
1003 5567 1100 5622 Dei
1136 5567 1326 5638 gloria:
1366 5586 1462 5640 per
1490 5572 1784 5643 imaginem
1822 5591 1886 5630 ac
1921 5578 2078 5632 simi-

487 5657 775 5714 lttudiaem
810 5661 1133 5731 dignitatem
1190 5664 1514 5719 habeamus.
1555 5667 1774 5723 Auente
1819 5672 2076 5727 conside-

489 5753 737 5810 rantibus
767 5769 828 5808 ea
861 5768 981 5822 quae
1028 5770 1123 5826 per
1153 5757 1481 5811 creationem
1514 5770 1734 5815 cauertta
1763 5770 1913 5830 sunt,
1950 5780 2081 5820 con-

493 5841 648 5900 tinuit
675 5854 729 5896 ut
758 5854 985 5900 mentem
1011 5849 1076 5900 ad
1100 5847 1262 5904 unius
1276 5852 1794 5918 comemplationem
1811 5863 2100 5932 tanquam,

2164 4631 2410 4699 νόμενον.
2463 4635 2589 4697 Τοῖς
2637 4634 2682 4688 δ’
2715 4636 2974 4707 ἀνάρχοις
3007 4635 3296 4705 πρόσιμεν,
3329 4635 3426 4688 καὶ
3481 4628 3734 4702 φυσικοῖς,

2161 4723 2223 4776 οὑ
2255 4724 2321 4777 δι’
2350 4723 2497 4787 ἄλλο,
2523 4724 2659 4778 ἀλλὰ
2688 4725 2755 4778 δι’
2787 4725 2947 4787 αὐτὰ,
2984 4725 3080 4778 καὶ
3110 4724 3170 4776 τὸ
3201 4725 3258 4789 ἐξ
3292 4717 3352 4777 οῦ
3378 4739 3392 4755 ⁶
3429 4724 3611 4777 ἐκεῖνα
3640 4715 3736 4785 γάρ

2163 4817 2281 4870 ἐστι
2321 4818 2392 4870 τὰ
2430 4817 2507 4888 τῷ
2540 4818 2654 4872 ὄντι
2689 4819 2957 4890 προσιτέα
2989 4817 3113 4872 καθ’
3143 4817 3309 4879 αὐτὰ,
3334 4815 3601 4869 κάκείνων
3634 4807 3738 4861 ἐστὶ

2161 4911 2458 4982 προσεχῶς
2491 4929 2552 4964 τε
2611 4912 2708 4966 καὶ
2743 4912 2991 4981 φυσικῶς
3018 4911 3078 4965 τὸ
3110 4913 3406 4981 κορυφαῖον
3438 4909 3516 4970 ἒν,
3551 4903 3738 4976 μᾶλλον

2164 5003 2266 5072 μὲν
2295 4997 2387 5055 οὖν
2423 5001 2518 5055 τοῦ
2551 5002 2747 5074 ἄκρου,
2787 5003 2883 5056 καὶ
2915 5001 3217 5073 κορυφαίου
3253 4999 3406 5054 ταῦτ’
3432 4998 3570 5051 είσὶν
3607 4990 3735 5093 ῖνὺςῖ

2161 5095 2447 5166 προσεχῶς
2483 5096 2610 5160 καὶ,
2669 5096 2744 5160 ὠς
2791 5095 3066 5159 λέλεκται,
3123 5091 3390 5162 φυσικῶς.
3437 5092 3529 5142 Δεῖ
3575 5083 3658 5154 δὴ,
3682 5083 3736 5133 οὐ

2163 5191 2325 5261 μόνον
2378 5190 2590 5252 τούτοις
2632 5188 2979 5261 προσίεσθαι,
3019 5187 3155 5243 ἀλλὰ
3217 5187 3311 5240 καὶ
3348 5177 3735 5276 προσφύεσθμσιέ

2160 5285 2256 5338 καὶ⁵
2284 5284 2419 5356 πρὸς
2447 5283 2544 5356 τὴν
2581 5284 2888 5354 ὲκμξμησιν
2919 5281 3012 5336 τοῦ
3041 5281 3256 5353 πρώτου
3300 5278 3396 5332 καὶ
3428 5275 3546 5338 ὲνδς
3579 5270 3736 5326 καὶ-ον

2159 5378 2246 5432 διὰ
2275 5378 2481 5432 τούτων
2511 5377 2760 5430 σπεύδειν
2789 5373 3226 5456 ἀποτυποῦσθαι,
3267 5373 3470 5438 ἵναπερ
3520 5369 3586 5438 τῇ
3619 5379 3736 5416 συν·

2159 5469 2340 5543 εργὶᾳ,
2384 5471 2478 5524 καὶ
2521 5471 2782 5542 ἐπαρωγῇ
2835 5468 2934 5537 τῆς
2964 5467 3187 5538 χάριτος
3212 5508 3226 5531 ,
3261 5465 3365 5535 τῆς
3405 5459 3528 5516 κατ’
3565 5455 3739 5509 εἰκόνα

2160 5565 2255 5618 καὶ
2293 5563 2558 5634 ὁμοίωσιν
2611 5563 2771 5632 δόξης
2801 5561 2895 5616 τοῦ
2939 5561 3078 5614 Θεοῦ
3121 5561 3386 5632 σχοίημεν
3422 5555 3484 5610 τδ
3507 5553 3737 5620 ἀξίωμα.

2171 5656 2454 5711 Ἐντεῦθεν
2486 5655 2881 5725 σκοπουμένοις
2911 5654 3109 5727 ὀρθῶς,
3139 5657 3252 5718 τοῖς
3300 5650 3739 5749 μὲν-δημιουργιμ

2159 5751 2274 5813 κῶς
2310 5751 2596 5813 αἰτιατοϊς,
2645 5747 2938 5820 συμϐαίνει
2997 5747 3354 5818 θεωρητικῶς
3401 5743 3626 5810 ἀνάγειν
3656 5743 3742 5786 τῖμν

2158 5845 2285 5901 νοῦν
2311 5844 2446 5916 προς
2470 5843 2559 5898 τόν
2588 5841 2954 5914 ἐνοπτρισμδν
2980 5841 3074 5896 τοῦ
3103 5840 3242 5908 ἐνὸς,
3271 5840 3366 5894 καὶ
3391 5834 3546 5892 ἑνοῦν
3579 5827 3735 5885 αὑτὸν
