4058 6524
456 382 555 447 851

1587 384 1728 446 CA1.
1739 384 1929 445 LISTI
1974 385 2163 445 CATA
2176 387 2384 450 PllUG
2400 390 2594 451 IOTJ'I

3671 400 3776 466 852

455 519 563 564 non
603 522 746 562 nunc
791 507 1015 577 quidem
1067 507 1312 564 hebeseit
1364 519 1541 566 meus.
1575 522 1723 561 nunc
1766 519 1899 561 vero
1946 511 2033 561 est

2137 514 2301 552 τινων
2337 503 2753 574 συνιστάμενος,
2787 504 2979 576 ὥσπερ
3019 508 3389 578 συμϐήσεται
3415 550 3433 575 ,
3472 512 3574 566 καὶ
3620 515 3671 568 εἰ
3722 514 3784 567 τὸ

455 602 671 670 rapida.
703 627 773 642 —
800 598 897 656 Vel
930 601 1097 657 etiam
1133 600 1238 655 hoc
1292 599 1475 655 modo.
1531 598 1850 670 Composita
1892 604 2039 653 esset

455 704 509 750 et
562 706 669 748 tton
724 694 955 764 simplex
1006 692 1369 750 dissimilibus
1418 692 1667 765 partibus
1716 691 2036 756 constituta,

455 803 678 858 quoquo
709 788 868 843 modo
902 787 1199 854 acciderit;
1230 796 1281 843 et
1314 787 1359 842 si
1391 802 1499 842 una
1530 799 1659 857 pars
1692 783 1907 849 videat,
1929 784 2038 837 alia

454 897 586 937 vero
623 882 689 937 ad
724 882 886 936 aliam
923 881 1215 951 quamdam
1246 880 1586 950 operationis
1616 879 1856 950 speciem
1883 879 2037 933 ordi-

455 987 652 1045 netur;
702 991 822 1032 eam
868 976 1012 1031 enim
1066 974 1481 1045 compositionis
1517 972 1933 1045 appellationem
1971 971 2039 1027 de

457 1072 658 1125 mentis
676 1069 1027 1141 simplicitate
1052 1070 1158 1127 dici
1180 1065 1747 1140 ncquil.Quapropter
1776 1063 1958 1119 unitas
1982 1072 2041 1117 et

455 1164 1024 1236 simplicitas’mentis.
1048 1165 1092 1219 si
1125 1163 1256 1218 illud
1290 1177 1456 1217 unum
1491 1159 1819 1233 simpliciter
1844 1155 2035 1213 consi-

414 1255 629 1321 ‘deret,
673 1270 779 1311 una
823 1270 1045 1328 quoque
1089 1257 1207 1325 ipsa
1242 1253 1484 1311 emeacia
1516 1261 1623 1317 est,
1671 1261 1728 1309 et
1771 1253 1815 1307 si
1857 1266 2031 1306 unum

452 1360 592 1405 esset
624 1349 968 1420 simpliciter,
1009 1349 1242 1418 simplex
1275 1362 1441 1402 unum
1471 1345 1639 1415 videt.
1677 1346 1835 1402 Aetio
1872 1345 2039 1417 igitur

453 1455 800 1513 quaecunque
841 1441 914 1496 sit
963 1453 1059 1494 aut
1113 1438 1504 1508 contemplatio
1553 1453 1622 1493 ex
1684 1437 2039 1493 necessittnte

458 1533 588 1589 ferri
618 1535 780 1589 debet
802 1532 868 1588 ad
900 1533 1037 1588 illud
1078 1548 1245 1587 unum
1275 1532 1419 1603 quod
1452 1546 1617 1603 supra
1648 1539 1889 1586 mentem
1917 1537 2035 1595 est;

456 1629 505 1681 si
535 1627 738 1694 minus,
773 1626 905 1681 nihil
943 1636 1295 1694 assequetur,
1330 1624 1427 1681 sed
1460 1622 1666 1681 frustra
1699 1638 1858 1679 mens
1891 1621 2039 1676 vide-

459 1723 607 1775 bitur
638 1735 806 1790 agens
850 1728 943 1774 aut
973 1720 1374 1789 contemplans.
1425 1716 1540 1772 Erit
1563 1717 1729 1787 igitur
1763 1715 2040 1785 cupidita-

458 1824 575 1871 tttm
604 1813 877 1878 eﬂ‘ectrix,
922 1814 968 1868 si
1016 1810 1273 1867 divisioni
1323 1808 1624 1878 subiaceat,
1660 1824 1767 1863 non
1817 1808 2036 1863 sublata

457 1910 652 1964 animae
678 1924 842 1963 sensu
872 1907 938 1963 ad
973 1907 1228 1962 unionem
1265 1922 1389 1962 cum
1421 1906 1513 1960 illo
1547 1919 1656 1961 uno
1685 1905 1831 1975 quod
1865 1919 2033 1974 supra

458 2013 693 2059 tuentem
739 2011 858 2071 est;
894 2016 1018 2072 qua:
1062 2001 1195 2057 unio
1236 2000 1568 2071 despumare
1596 2001 1741 2057 valet
1770 1983 1830 2057 et
1874 2014 2038 2055 mnu-

454 2098 587 2153 dare
616 2099 736 2156 vim,
761 2096 959 2152 mentis
996 2093 1480 2166 contemplativam
1510 2092 1642 2151 illud
1687 2108 1856 2166 unum
1891 2093 2038 2163 aspi-

454 2194 690 2248 cientem
723 2191 1169 2261 intuentemque,
1211 2203 1267 2243 et
1296 2186 1375 2242 illi
1418 2187 1789 2243 adhaerentem
1823 2200 1890 2242 ex
1927 2201 2037 2257 quo

455 2287 642 2342 omnia
676 2293 733 2339 et
767 2285 820 2339 itt
851 2283 1001 2355 quod
1030 2282 1280 2354 pervenit
1306 2290 1362 2337 et
1395 2290 1477 2337 est
1506 2288 1563 2337 et
1591 2280 1864 2337 subsistit.

537 2378 625 2434 l9.
658 2376 916 2433 Omnium
951 2374 1403 2431 desiderabilium
1431 2388 1706 2431 summum
1737 2372 2037 2428 est~diviua

456 2485 581 2525 eum
615 2471 797 2523 anima
827 2477 882 2521 et
932 2480 1100 2535 supra
1152 2473 1391 2519 mentem
1446 2464 1598 2518 ttuio.
1648 2463 1752 2520 Per
1792 2463 2033 2519 divinam

453 2564 598 2619 hanc
650 2561 908 2616 unionem
968 2558 1281 2615 necessaria
1330 2566 1417 2614 est
1464 2556 1648 2612 divina
1698 2555 2037 2624 similitudo;

455 2671 551 2726 per
579 2654 820 2710 divinant
849 2652 987 2708 hanc
1014 2649 1453 2718 similitudinem,
1478 2663 1704 2709 necesse
1731 2658 1818 2705 est
1841 2662 2038 2703 secun-

452 2750 583 2805 dtttn
632 2754 868 2803 mentem
916 2746 1154 2817 operari,
1205 2743 1417 2799 scilicet
1471 2740 1857 2813 contemplati.
1905 2740 2038 2798 Tale

450 2842 600 2898 enim
650 2852 736 2897 est
783 2840 1061 2905 divinum,
1096 2855 1163 2896 ex
1198 2854 1311 2911 quo
1339 2846 1396 2897 et
1442 2837 1576 2896 illud
1622 2838 1789 2909 Deus,
1836 2854 2036 2895 nomen

453 2937 561 3007 ipsi
594 2934 827 2991 inditum
867 2943 971 2991 est.
1015 2933 1391 3004 Contemplari
1435 2925 1566 2990 vero
1604 2934 1793 3005 rapide
1826 2934 1892 2987 ad
1939 2932 2037 2989 Dei

456 3030 849 3101 cogitationem
893 3027 1176 3098 pertingit.
1222 3023 1482 3096 Undique
1507 3025 1656 3082 enim
1689 3034 1744 3081 et
1775 3027 1828 3081 in
1858 3027 2037 3082 omni.

451 3121 580 3187 bus,
615 3120 879 3191 quosdam
925 3128 1183 3189 tanquam
1228 3118 1419 3174 radios
1444 3120 1503 3175 in
1550 3119 2039 3188 contemplativam

2138 586 2248 665 μὲν.
2272 591 2366 646 τοῦ
2420 593 2645 658 σκίέλους
2673 596 2799 667 ὁρᾷ,
2836 595 2898 649 τὸ
2934 596 2991 651 δὲ
3035 598 3175 670 πρὸς
3213 598 3363 655 ἄλλο
3390 618 3451 655 τι
3492 603 3784 671 ἐνεργεία-

2135 677 2279 747 ιῐδος
2305 684 2588 740 τέτακται·
2637 687 2942 753 συνθέσεως
2996 689 3104 763 γὰρ
3142 692 3250 745 καὶ
3298 692 3479 753 τοῦτο
3534 697 3775 766 κατηγό-

2139 791 2311 846 ρημα,
2357 775 2386 830 ὃ
2420 778 2548 846 περὶ
2570 778 2632 831 τὸ
2669 778 2764 833 τοῦ
2815 780 2933 845 νοὸς
2961 782 3163 838 ἁπλοῦν
3186 785 3408 851 εἰπεῖν,
3439 785 3594 839 πάνυ
3621 789 3767 842 asty.

2134 867 2344 923 δεκτον.
2381 868 2460 922 Δι’
2486 869 2597 943 ἄρα
2644 871 2816 926 ταῦτα
2863 873 2924 926 τὸ
2971 875 3198 942 ἐνιαῖον,
3257 879 3369 932 καὶ
3431 879 3655 934 ἁπλοῦν
3686 881 3766 935 τοί
3854 922 3861 929 .

2133 958 2275 1025 νοὶς,
2304 962 2353 1014 εί
2380 961 2442 1014 τὸ
2471 962 2659 1026 (irriti);
2689 963 2748 1017 ἓν
2775 967 3198 1038 κατασκέψοιτο,
3229 968 3296 1021 ἓν
3327 971 3433 1023 καὶ
3450 973 3595 1024 αὐτὸ
3629 974 3773 1043 ἐνερο

2132 1050 2258 1122 γείᾳ
2286 1051 2424 1118 ἐστὶ,
2469 1054 2566 1107 καὶ
2605 1059 2653 1109 εί
2714 1056 2774 1109 ἓν
2808 1056 2896 1127 εἴη
2925 1058 3132 1125 ἁπλῶς,
3161 1060 3229 1114 τὸ
3270 1060 3504 1115 ἁπλοῦν
3551 1061 3615 1116 ἒν
3653 1067 3777 1136 ὁρᾷ.

2133 1143 2341 1213 Πρᾶξις
2357 1146 2654 1216 τοιγαροῦν
2683 1149 3057 1217 ὀποιατισοῦν,
3090 1151 3123 1224 ἦ
3149 1150 3404 1224 θεωρία,
3433 1154 3501 1220 ἐξ
3524 1156 3781 1227 ἀνάγκης

2136 1238 2403 1309 φέρεσθαι
2436 1239 2645 1308 ὀφείλει
2685 1241 2820 1315 πρὸς
2854 1243 2915 1296 τὸ
2938 1244 3079 1317 ὑπὲρ
3107 1247 3236 1300 νοῦν
3269 1246 3360 1313 ἓν,
3395 1248 3450 1301 εί
3488 1248 3539 1302 δ’
3563 1247 3653 1317 οὓ,
3674 1250 3773 1304 οὐκ

2131 1329 2320 1383 ἀνύσει
2349 1330 2534 1397 οὐδὲν,
2587 1331 2725 1387 ἀλλὰ
2779 1334 2959 1406 μάτην
3018 1337 3339 1408 ὀφθήσεται
3409 1340 3768 1410 πράττων,ῆ

2133 1420 2356 1493 θεωρῶν
2396 1424 2426 1477 ὁ
2464 1423 2613 1487 νοῦςσ
2648 1424 2806 1480 ἔσται
2837 1426 2945 1497 γὰρ
2977 1426 3167 1482 παθῶν
3194 1430 3446 1502 ἐνεργὸς
3482 1432 3595 1486 ὑπὸ
3632 1433 3769 1488 διαί-

2135 1529 2288 1584 ρεσιν
2322 1513 2595 1580 κείμενος,
2655 1516 2731 1585 μὴ
2773 1517 3075 1588 φερόμενος
3137 1521 3419 1592 αἰσθήσει
3472 1522 3663 1594 ψυχῆς
3692 1529 3773 1589 εἰς

2137 1604 2237 1676 τὴν
2264 1605 2357 1658 τοῦ
2383 1606 2522 1678 ὑπερ
2551 1606 2674 1660 νοῦν
2704 1609 2820 1670 ἑνὸς
2845 1609 3094 1674 ένοειδῶς
3116 1612 3343 1676 ἕνωσιν,
3374 1614 3511 1685 ἥτις
3537 1616 3606 1684 δὴ
3639 1617 3761 1671 ἕνωο

2136 1714 2221 1760 σις
2272 1697 2532 1764 διυλίζειν
2568 1696 2697 1764 οἶδε,
2758 1701 2853 1754 καὶ
2905 1702 3194 1773 καθαίρειν
3236 1705 3309 1758 τὸ
3357 1706 3620 1777 θεωροῦν
3675 1710 3766 1763 τοῦ

2130 1790 2272 1855 νοὸς,
2302 1791 2441 1862 πρὸς
2472 1794 2650 1846 ἐκεῖνο
2680 1793 2740 1846 τὸ
2770 1792 2828 1848 ἓν
2866 1795 3356 1866 μετεωριζόμενον
3387 1802 3489 1852 καὶ
3516 1801 3763 1874 ἀφορῶν,

2070 1864 2371 1953 Βκάκείνῳ
2422 1885 2783 1954 προσπάσχον
2826 1884 2904 1957 τῷ
2937 1887 3029 1954 ἀφ’
3055 1864 3123 1942 οὗ
3166 1864 3238 1942 τὰ
3282 1890 3521 1958 πάντα,
3698 1864 3767 1947 δέ

2129 1971 2214 2047 οῦ,
2237 1981 2333 2035 καὶ
2362 1983 2420 2035 έν
2528 1985 2598 2036 τὰ
2638 1986 2834 2053 πάντα,
2886 1987 2983 2042 καὶ
3014 1990 3095 2054 εἰς
3123 1987 3153 2041 ὃ
3195 1991 3294 2047 καὶ
3327 1990 3625 2060 γίγνεται,
3667 1988 3762 2045 καὶ

2130 2074 2272 2142 ἔστι,
2301 2074 2398 2131 καὶ
2428 2076 2760 2148 ὑφέστηκεν.

2200 2379 2287 2437 ιθ’.
2315 2382 2439 2438 Τῶν
2468 2381 2687 2437 πάντων
2731 2383 2943 2453 ἐφετῶν
2976 2382 3168 2455 ἄκρον,
3205 2386 3240 2457 ἡ
3289 2386 3446 2455 μετὰ
3498 2385 3603 2455 τῆς
3659 2383 3748 2454 ,ζησ-

2122 2472 2225 2545 χῆς
2257 2472 2395 2538 θεία,
2428 2474 2525 2527 καὶ
2556 2475 2698 2545 ὑπὲρ
2732 2474 2857 2529 νοῦν
2902 2473 3118 2539 ἓνωσις·
3149 2476 3239 2531 διὰ
3281 2475 3391 2548 τὴν
3420 2476 3580 2531 θείαν
3615 2477 3746 2530 ἔνω-

2124 2580 2235 2628 σιν,
2262 2564 2539 2633 ἀναγκαία
2568 2567 2603 2638 ἡ
2629 2565 2749 2621 θεία
2780 2566 3061 2638 ὁμοίωσις.
3098 2566 3186 2621 διὰ
3211 2567 3313 2640 τὴν
3350 2569 3515 2624 θείαν
3545 2569 3746 2640 ὁμοίω-

2126 2671 2232 2719 σιν,
2261 2656 2563 2725 ἀναγκαῖον
2591 2657 2654 2711 τὸ
2683 2660 2828 2712 κατὰ
2858 2656 2986 2711 νοῦν
3020 2659 3289 2730 ἐνεργεῖν,
3326 2661 3458 2733 ἦτοι
3490 2662 3741 2731 θεωρεῖν.

2128 2748 2355 2806 Τοιοῦτο
2385 2752 2493 2822 γάρ
2524 2770 2606 2806 τοι
2636 2753 2731 2807 καὶ
2780 2754 2843 2807 τὸ
2911 2754 3054 2808 θεῖόν
3096 2757 3267 2817 ἐστιν,
3322 2757 3388 2820 es
3431 2751 3497 2810 οῦ
3534 2755 3631 2807 καὶ
3653 2752 3735 2817 τὸ,

2123 2843 2282 2914 Θεὸς,
2305 2845 2477 2916 ὄνομα
2499 2846 2675 2918 τούτῳ
2711 2849 3137 2919 ἀπονενεμηται.
3190 2847 3357 2902 ’Δλὶα
3366 2848 3481 2920 μὴν
3511 2848 3575 2901 τὸ
3604 2849 3741 2900 θεω-

2128 2939 2265 3010 ρεῖν,
2290 2938 2455 3002 εὐθὺς
2495 2941 2579 3004 είς
2618 2939 2719 3011 τὴν
2745 2939 2842 2995 τοῦ
2873 2940 3011 2995 Θεοῦ
3043 2941 3254 2995 ἔννοιαν
3288 2941 3500 2996 ἄπιστ’
3537 2953 3741 2992 πανταο

2122 3031 2221 3102 χοῦ
2253 3031 2362 3103 γὰρ
2394 3032 2488 3086 καὶ
2515 3035 2573 3085 έν
2607 3034 2797 3099 πᾶσιν,
2836 3034 3062 3098 ἀκτῖνας
3085 3033 3238 3088 ὥσπε
3249 3051 3283 3105 ρ
3325 3033 3499 3097 τινὰς
3529 3032 3737 3101 ἐνίησιν

2123 3125 2154 3178 ὁ
2186 3122 2320 3191 Θεὸς
2359 3125 2440 3197 τῷ
2469 3124 2796 3198 θεωρητικῷ
2828 3126 2926 3197 νῷ,
2960 3126 3058 3180 καὶ
3087 3126 3213 3191 νοῦς
3248 3126 3464 3198 θεωρὸς
3496 3121 3736 3180 ἀντικεί-

452 3222 690 3270 mentem
739 3212 926 3279 mittit,
976 3218 1045 3268 et“
1082 3227 1237 3268 mens
1285 3212 1675 3284 contemplans
1730 3227 1763 3269 e
1816 3216 2037 3284 regione

2130 3235 2291 3288 μενον
2324 3217 2440 3289 ἔχει
2471 3218 2566 3272 τὸν
2586 3218 2744 3285 Θεὸν,
2778 3217 2911 3283 Θεὸς
2942 3218 3000 3272 δέ
3030 3219 3181 3273 ἐστιν
3223 3218 3283 3272 ἓν
3330 3217 3731 3290 ὑπερκόσμιον.

452 3307 691 3376 positum
712 3304 879 3360 Deum
908 3305 1106 3371 habet;
1140 3303 1282 3365 Deus
1314 3313 1499 3360 autem
1523 3315 1608 3362 est
1635 3321 1806 3361 unum
1836 3319 2035 3376 super—-

454 3399 728 3453 naturale.
790 3395 887 3452 Est
918 3405 1098 3451 autem
1129 3395 1330 3451 mentis
1362 3404 1562 3451 natura
1604 3396 1764 3453 talem
1794 3399 2035 3453 cllieacia

455 3490 594 3557 lieri,
627 3487 812 3559 qualia
861 3495 991 3544 sunt
1038 3501 1105 3544 ea
1139 3503 1260 3559 qua:
1304 3487 1470 3555 videt,
1538 3496 1601 3543 ut
1626 3498 1682 3544 et
1727 3490 2037 3561 theologica

455 3583 568 3637 divi
607 3579 858 3651 Gregorii
891 3594 1001 3635 vox
1043 3580 1307 3647 ostendtt,
1340 3579 1535 3636 dicens
1577 3591 1814 3638 mentem
1846 3583 2036 3653 splen-

452 3677 644 3730 derent
678 3672 769 3729 Dei
792 3682 846 3729 et
872 3671 1059 3726 videre
1087 3680 1140 3726 et
1168 3672 1300 3741 pati.
1330 3671 1485 3738 Quod
1513 3672 1664 3728 enim
1684 3687 1841 3729 mens
1868 3674 2036 3742 videt,

454 3764 509 3818 id
565 3771 621 3818 et
678 3766 905 3834 patitur,
964 3772 1019 3817 et
1082 3764 1209 3818 talis
1258 3762 1514 3820 cllicitnr.
1571 3760 1826 3834 Tingitur
1885 3766 2034 3820 enim

455 3873 632 3921 tttens,
661 3866 720 3912 ttt
750 3855 946 3912 Petrus
968 3854 1342 3913 Datnasrenns
1369 3856 1466 3922 ait,
1493 3857 1799 3914 secundum
1819 3872 1881 3913 ea
1913 3873 2036 3929 quae

453 3951 895 4021 contemplatur;
950 3958 1005 4006 et
1054 3950 1203 4005 sicut
1270 3949 1491 4020 quando
1544 3951 1723 4006 divisa
1770 3966 1837 4006 ac
1878 3952 2039 4006 varia

455 4047 621 4111 videt,
659 4047 900 4100 variatur
949 4059 1016 4100 ac
1064 4044 1349 4112 dividitur,
1398 4046 1495 4111 ita,
1526 4059 1650 4101 eum
1691 4045 1938 4101 a‘seendit
1967 4046 2039 4100 ad

452 4136 971 4207 contemplationem
1035 4134 1470 4204 supernaturalis
1556 4149 1622 4189 ac
1712 4135 2035 4201 simpliciter

455 4227 643 4296 unius,
670 4237 1072 4299 consequenter
1115 4243 1284 4282 unum
1332 4228 1541 4300 aliquid
1588 4228 1850 4295 eﬂisitur,
1898 4238 1958 4285 ut
2003 4242 2041 4283 a

456 4337 544 4374 me
605 4322 758 4390 prius
818 4321 1024 4375 dictum
1095 4328 1215 4386 est;
1260 4327 1556 4390 postquam
1592 4308 1797 4375 'autem
1863 4335 2037 4376 unum

455 4412 644 4468 θεῖοι-ιιι
671 4422 776 4476 est,
804 4411 1108 4481 ingenitum
1138 4425 1194 4467 et
1224 4412 1501 4467 infinitum
1520 4420 1577 4469 et
1598 4428 1704 4468 non
1739 4412 2036 4485 ﬁguratum

456 4521 509 4562 et
544 4506 775 4578 simplex
807 4508 973 4560 videt.
1005 4504 1137 4561 Tale
1159 4506 1306 4561 enim
1339 4518 1420 4562 est
1454 4522 1650 4563 unum.
1710 4506 1869 4564 Unde
1900 4522 2037 4566 sane

2129 3311 2288 3365 Ἔστι
2313 3312 2372 3366 δὲ
2402 3310 2567 3382 φύσις
2592 3310 2689 3365 τοῦ
2719 3312 2838 3375 νοὸς
2869 3311 3124 3381 γίνεσθαι
3163 3310 3416 3377 τοιοῦτος
3451 3309 3729 3381 ἐνεργείᾳ.

2122 3401 2212 3461 οἷα
2234 3406 2362 3477 ὁρᾷ,
2392 3407 2469 3471 ὡς
2498 3406 2594 3460 καὶ
2624 3407 2658 3477 ἡ
2690 3404 2941 3475 θεολόγος
2974 3405 3071 3460 τοῦ
3101 3405 3387 3460 θειοτάτου
3426 3400 3730 3475 Γρηγορίου

2125 3498 2277 3569 φωνὴ
2329 3498 2505 3568 δηλοῖ,
2537 3498 2905 3571 λαμπρότητα
2955 3497 3121 3564 Θεοῦ,
3165 3498 3432 3565 λέγουσα,
3468 3496 3567 3550 καὶ
3602 3494 3728 3547 ἰδεῖν

2124 3592 2222 3646 καὶ
2246 3590 2539 3647 παθεῖν.⁶“ο
2566 3592 2677 3663 γὰρ
2705 3591 2829 3657 νοῦς
2856 3591 3090 3663 ἑώρακε,
3124 3591 3283 3644 τοῦτο
3303 3590 3404 3645 καὶ
3435 3586 3727 3649 πέπονθεν,

2125 3685 2162 3759 ἢ
2185 3686 2250 3756 δὴ
2279 3685 2520 3751 τοιοῦτος
2549 3686 2645 3739 καὶ
2671 3684 2884 3755 γέγονε·
2920 3680 3155 3755 βᾶφεται
3184 3682 3293 3754 γὰρ
3326 3686 3355 3737 ὁ
3387 3683 3537 3746 νοῦς,
3564 3678 3727 3751 φησιν

2127 3783 2157 3836 ὁ
2181 3780 2289 3834 ἀπὸ
2312 3779 2613 3850 Δαμασκοῦ
2645 3780 2853 3851 Πέτρος
2882 3778 3026 3832 κατὰ
3061 3778 3131 3832 τὰ
3157 3778 3306 3847 αὐτῷ
3342 3774 3723 3849 θεωρούμενα,

2124 3873 2218 3928 καὶ
2243 3871 2319 3935 ὡς
2354 3872 2413 3924 έν
2441 3870 2790 3943 διῃρημένοις
2845 3867 2991 3941 ὁρῶν
3044 3868 3136 3923 καὶ
3183 3866 3477 3930 ποικίλοις,
3524 3860 3726 3917 ποικίλ-

2127 3964 2303 4032 λεται,
2345 3968 2444 4018 καὶ
2489 3964 2801 4036 διαιρεῖται,
2837 3960 2980 4016 οὕτω
3008 3978 3091 4016 τοι
3130 3960 3266 4032 πρὸς
3294 3960 3396 4029 τὴν
3431 3953 3724 4022 ἀπόϐλεψν

2130 4057 2226 4113 τοῦ
2258 4058 2637 4130 ὐπερκοσμίου
2668 4056 2766 4110 καὶ
2796 4054 2988 4117 ἁπλῶς
3012 4055 3131 4118 ἑνὸς
3164 4050 3550 4123 ἀναϐεϐηκὼς,
3595 4049 3722 4100 ἁκο-

2132 4151 2338 4217 λούθως
2379 4150 2440 4205 ἓν
2461 4149 2692 4219 γίνεται,
2716 4148 2792 4213 ὧς
2823 4165 2913 4220 μοι
2944 4147 3199 4202 λέλεκται
3236 4147 3500 4217 πρόσθεν,
3529 4141 3649 4196 ἐπεὶ
3667 4138 3719 4189 δὲ

2132 4246 2191 4299 ἐν
2216 4243 2294 4315 τῷ
2324 4244 2404 4297 ὲνὶ
2431 4246 2662 4313 γένοιτο,
2703 4242 2765 4295 τὸ
2804 4239 3062 4312 ἄναρχον,
3094 4241 3187 4294 καὶ
3215 4239 3445 4309 ἄπειρον
3475 4236 3601 4307 ὁρᾷ,
3629 4229 3717 4284 καὶ

2125 4336 2555 4409 ἀσχημάτιστον,
2583 4335 2682 4399 καὶ
2706 4333 2911 4388 ἁπλοῦν
2943 4350 2958 4365 ’
2993 4333 3203 4386 τοιοῦτο
3232 4330 3340 4401 γὰρ
3379 4332 3444 4384 τὸ
3475 4328 3533 4382 ἐν
3560 4343 3574 4358 ο
3601 4325 3716 4378 ὅθεν

2130 4429 2269 4503 δῆτα
2298 4430 2394 4484 καὶ
2428 4430 2590 4494 αὐτὸς
2623 4429 2879 4500 ἄναρχος,
2905 4427 3131 4497 ἄπειρος
3156 4425 3253 4478 καὶ⁵
3293 4422 3714 4495 ἀσχημάτιστος,

2130 4524 2229 4579 καὶ
2264 4522 2469 4587 ἁπλοῦς
2502 4523 2626 4576 κατ’
2662 4521 2944 4592 ἐνέργειαν
2993 4518 3450 4573 ἀποκαθίσταται’
3481 4511 3636 4567 τοῦτο
3662 4504 3715 4556 δὲ

456 4609 515 4654 et
562 4602 680 4669 ipsa
718 4615 875 4655 tuens
927 4599 1083 4668 quasi
1128 4609 1333 4655 aeterna
1376 4606 1431 4654 et
1475 4598 1689 4654 inﬁnita
1737 4609 1793 4655 et
1831 4601 2038 4672 absque

2135 4614 2438 4683 πεπονθὼς,
2475 4615 2571 4669 καὶ
2596 4613 2770 4676 οὕτως
2795 4611 3127 4675 ἁλλοιωθεῖς,
3159 4611 3240 4674 εἰς
3267 4609 3366 4681 τὴν
3391 4596 3704 4676 ἐξομοίωσίν

459 4695 632 4762 ﬁgura
665 4703 719 4750 et
748 4693 983 4764 simplex
1028 4709 1127 4764 per
1159 4693 1416 4747 virtutem
1443 4693 1703 4750 elilcitur.
1758 4693 1894 4751 Illud
1939 4709 2040 4750 au-

459 4797 569 4841 teut
617 4800 743 4840 cum
792 4800 961 4857 passa
986 4795 1072 4841 est
1115 4794 1285 4856 atque
1335 4785 1418 4842 sic
1473 4794 1705 4849 mutata,
1753 4786 1807 4842 in
1867 4786 2039 4842 divini

458 4878 880 4935 similitudinem
965 4879 1268 4935 secundum
1328 4879 1596 4936 unitatem
1663 4876 1926 4947 edicitur;
1986 4887 2042 4935 et

458 4971 589 5027 inde
619 4971 858 5027 accurrit
888 4970 954 5026 ad
978 4973 1227 5027 omnium
1255 4972 1705 5029 desiderabilium
1733 4987 2040 5036 summum,

458 5065 705 5119 divinam
728 5074 779 5119 et
814 5080 982 5138 supra
1015 5076 1257 5122 mentent
1293 5073 1349 5121 et
1380 5064 1715 5122 iuell'abilem
1737 5067 2029 5128 unionem.

414 5148 419 5157 ’
459 5158 551 5228 qui
586 5166 672 5213 est
706 5174 961 5214 summus
996 5160 1300 5215 secundum
1333 5158 1502 5214 Deum
1539 5158 1835 5227 terminus.
1864 5150 2063 5228 Oper?

461 5260 540 5306 tet
576 5250 746 5322 igitttr
794 5263 1028 5307 mentem
1066 5254 1300 5320 intendi,
1344 5252 1611 5322 omnique
1642 5251 1809 5305 modo
1847 5252 2041 5306 cenavi

458 5354 514 5400 et
564 5342 772 5416 Spiritu
842 5354 1039 5402 sancto
1114 5346 1316 5400 intueri
1384 5342 1819 5416 supernaluralt's
1878 5343 2047 5399 unius

454 5438 974 5509 coittemplationem
1002 5449 1054 5494 et
1081 5446 1386 5511 aspectum.

529 5530 621 5587 20.
652 5530 885 5598 Quando
911 5546 1067 5587 mens
1096 5531 1150 5586 in
1176 5532 1365 5587 multis
1393 5539 1488 5588 aut
1514 5532 1706 5588 saltem
1735 5533 1787 5587 in
1820 5532 2038 5588 duobus

459 5634 564 5692 est,
610 5624 962 5680 manifestum
1013 5635 1099 5681 est
1158 5639 1278 5679 eam
1335 5640 1442 5680 non
1497 5626 1823 5696 simpliciter
1871 5616 2043 5679 unum

460 5716 671 5774 Videre.
704 5717 834 5773 Ideo
866 5717 1016 5771 [inita
1044 5728 1129 5773 est
1152 5727 1208 5773 et
1244 5719 1541 5774 terminata
1573 5727 1629 5773 et
1663 5719 1881 5786 tenuis;
1920 5736 2044 5791 qua:

430 5812 437 5817 ’
462 5810 603 5865 enim
629 5826 732 5864 non
755 5809 984 5865 Omnino
1008 5809 1277 5881 simplicia
1302 5819 1454 5876 sunt,
1475 5812 1601 5867 talia
1631 5821 1781 5869 sunt.
1809 5813 2043 5880 Quando

464 5910 614 5960 lens
641 5903 814 5974 reipsa
835 5910 919 5957 est
944 5901 997 5956 in
1029 5902 1192 5975 huius
1218 5903 1380 5961 unius
1410 5907 1791 5963 contractione
1814 5908 2043 5979 intacta,

2133 4728 2239 4766 που
2260 4707 2360 4765 τοῦ
2401 4707 2552 4763 θείου
2596 4706 2738 4760 κατὰ
2770 4704 2832 4759 τὸ
2862 4704 2983 4758 ἐνὸν
3035 4702 3352 4774 εὑρίσκεται
3376 4739 3391 4763 ,
3426 4689 3709 4752 κάντεῦθεν

2124 4793 2411 4865 ἀνατρέχει
2442 4791 2578 4865 πρὸς
2606 4790 2669 4845 τὸ
2699 4788 2917 4844 πάντων
2948 4788 3156 4858 ἐφετῶν
3188 4787 3379 4858 ἄκρον,
3398 4786 3498 4856 τὴν
3531 4778 3701 4837 θείαν,

2122 4888 2218 4943 καὶ
2252 4887 2394 4957 ὑπὲρ
2428 4884 2575 4949 νοῦν,
2629 4882 2723 4935 καὶ
2767 4882 3007 4954 ἄρρητον
3065 4879 3282 4944 ἕνωσιν,
3330 4878 3469 4949 ὅπερ
3499 4871 3641 4927 ἐστὶν
3669 4865 3697 4918 6

2125 4983 2295 5052 ἄκρος
2333 4979 2476 5034 κατὰ
2517 4978 2649 5031 Θεδν
2676 4975 2898 5038 σκοπός.
2930 4975 3021 5027 Δεῖ
3051 4973 3115 5045 δὴ
3152 4973 3242 5027 διὰ
3281 4970 3441 5025 ταῦτ’
3468 4969 3575 5039 ἄρα
3609 4962 3695 5052 τὸν

2125 5050 2253 5127 νοῦν
2309 5067 2696 5135 ἀνατετᾶσθαι,
2751 5069 2966 5139 μηχανῇ
3015 5066 3164 5135 πάσῃ
3222 5063 3557 5132 ἐπείγεσθαι,
3606 5050 3695 5108 καὶ

2130 5163 2342 5233 ἀφορᾷν
2371 5158 2649 5230 Πνεῦματι
2697 5156 2836 5228 πρὸς
2896 5156 2996 5228 τὴν
3046 5154 3145 5210 τοῦ
3187 5150 3558 5225 ὑπερκοσμίου
3586 5141 3696 5202 ἑνδς

2130 5255 2365 5327 θεωρίαν
2387 5252 2481 5306 καὶ
2500 5249 2819 5321 ἀπόϐλεψιν.

2200 5531 2270 5586 κ’.
2309 5529 2479 5584 Ὅταν
2502 5525 2532 5580 ὀ
2561 5522 2683 5589 νοῦς
2731 5523 2790 5576 ὲν
2831 5516 3067 5584 πολλοῖς,
3102 5516 3136 5591 ἢ
3165 5498 3568 5601 τούλάχιστοῖξῇ

2129 5627 2188 5679 ὲν
2216 5622 2359 5689 δυσὶ,
2407 5619 2568 5691 δῆλον
2600 5617 2683 5671 ὅτι
2719 5614 2841 5685 οὐχὶ
2882 5612 2944 5666 τὸ
2977 5609 3162 5672 ἁπλῶς
3190 5606 3250 5661 ἓν
3272 5604 3396 5677 ὁρᾷ.
3425 5598 3523 5656 Διὰ
3551 5598 3694 5691 tolli?

2131 5678 2436 5786 ὡρισμένος
2462 5678 2522 5763 τέ
2552 5709 2691 5770 ἐστι,
2719 5678 2819 5758 καῖ
2838 5698 3282 5771 πεπερασμένος,
3325 5692 3422 5748 καὶ
3446 5678 3692 5786 ἐμνδρόξζ

2375 5763 2451 5875 μί]
2483 5763 2765 5861 ἀπολύτως
2789 5795 2959 5860 ἁπλᾶ,
2990 5763 3217 5848 τοιαῦτα
3249 5789 3407 5841 εἰσιν.
3444 5776 3621 5837 Ἥνίκα
3645 5763 3696 5876 δξ

2136 5856 2340 5972 male?)
2369 5856 2481 5951 ἐντι
2525 5893 2642 5957 ένδς
2676 5894 2732 5945 ἐν
2768 5891 2953 5961 ἐπαφῇ
3003 5887 3226 5954 γένηται
3257 5879 3541 5949 ἅνεπάφῳ,
3571 5856 3699 5920 κατά
