4058 6506
348 329 456 391 8ῗῦ

1496 336 1592 399 DE
1630 335 1807 400 VITA
1846 335 2513 401 CONTEMPLATIVA.

3504 343 3617 407 854'

358 460 553 532 vespa):
587 460 764 533 τούτῳ
817 462 875 515 ἐν
926 462 1210 534 Πνεῦματι
1254 461 1555 533 άπὸΰλεψιν
1609 463 1942 534 ἀνομμάτως

2044 469 2131 524 per
2189 455 2528 526 spiritualem
2576 455 2632 510 in
2700 456 2803 512 hoc
2864 458 3059 526 spiritu
3120 464 3427 526 respectum
3487 457 3610 513 sine

357 554 656 621 ἐπιϐαλὼν,
686 555 945 624 ἄναρχος,
972 556 1221 627 ἄπειρος,
1248 556 1520 628 ἀόριστος,
1536 554 1944 628 ἀσχημάτιστός

355 664 416 700 τε
447 647 543 700 καὶ
582 648 825 711 ἁνείδεος
863 648 1096 716 γίνεται,
1129 648 1225 703 καὶ
1269 649 1368 719 τὴν
1399 648 1641 720 ἀφασίαν
1672 647 1940 714 ἐνδύεται,

357 739 453 793 καὶ
477 740 539 793 τὸ
570 741 780 812 σιωπᾷν
815 742 976 796 ἀσκεῖ
1024 743 1143 812 μετ’
1171 740 1509 814 ἐκπλήξεως,
1540 742 1634 795 καὶ
1668 740 1945 811 ἐμπίπλαο

357 849 447 884 ται
476 832 785 903 τερπωλῆς,
810 832 905 886 καὶ
938 833 1137 903 πάσχει
1161 833 1230 889 τά
1257 834 1621 906 άνεκλάλητα.
1649 836 1942 905 ’Λναρχον,

256 949 261 953 ·
359 924 454 976 καὶ
503 923 730 994 ἄπειρον
776 924 855 991 δὲ,
904 926 1001 982 καὶ
1053 926 1332 998 ἀόριστον,
1371 927 1445 998 μὴ
1476 928 1600 980 κατ’
1632 926 1822 981 οὐσίαν
1875 942 1943 997 με

358 1013 520 1084 εἴπῃς
576 1013 808 1081 λέγοντα
869 1014 1150 1084 γίγνεσθαι
1179 1055 1196 1081 ,
1262 1016 1398 1070 ἀλλὰ
1459 1015 1580 1070 κατ’
1637 1017 1941 1086 ἐνέργειαν.

371 1106 608 1160 Ἐπείτοι
659 1122 724 1175 γε
785 1105 882 1160 καὶ
925 1106 955 1160 ὃ
997 1108 1324 1178 μεταϐάλλει
1369 1109 1516 1175 νοῦς,
1560 1109 1659 1180 οὐχ
1695 1109 1729 1178 ἡ
1785 1106 1945 1161 οὐσία

359 1196 507 1250 ἐστὶν
530 1196 716 1259 αὐτοῦ,
748 1196 919 1268 ἀλλ’ἢ
950 1197 1227 1269 ἐνέργεια.
1273 1199 1336 1252 Et
1362 1199 1471 1269 γάρ
1498 1215 1582 1252 τοι
1610 1198 1729 1251 κατ’
1754 1196 1946 1250 οὐσίαν

357 1289 640 1358 ἠλλοὶωτο,
679 1288 801 1345 ίδὼν
841 1290 938 1344 καὶ
969 1290 1156 1345 παθὼν
1179 1291 1278 1361 τὴν
1309 1290 1524 1354 θέωσιν,
1555 1290 1672 1362 ἢτοι
1697 1287 1944 1354 θεωθεὶς,

359 1383 426 1435 ἐκ
452 1382 547 1435 τοῦ
585 1383 680 1436 τὸν
726 1382 860 1437 Θεὸν
913 1382 1163 1455 θεωρεῖν,
1205 1379 1274 1453 ἦν
1301 1381 1368 1437 ἂν
1408 1383 1531 1437 κατ’
1565 1382 1756 1437 οὐσίαν
1789 1382 1945 1446 Θεός.

372 1474 651 1545 Ἀλλαμὴν
694 1475 792 1528 οὐκ
823 1475 938 1529 ἔστι
964 1473 1147 1540 τοῦτο,
1181 1474 1291 1528 οὐδ’
1322 1475 1390 1530 ἂν
1435 1474 1544 1529 τῶν
1578 1475 1828 1544 ἀγγέλων
1854 1475 1948 1528 οὐ·

357 1564 491 1630 δεὶς,
541 1564 679 1638 πλὴν
723 1566 817 1618 τοῦ
852 1567 1039 1637 μόνου,
1067 1566 1162 1621 καὶ
1193 1567 1387 1639 ἄκρου,
1412 1567 1510 1621 καὶ
1543 1567 1664 1631 ένὺς
1696 1566 1857 1632 Θεοῦ,
1885 1565 1947 1620 τδ

361 1656 483 1708 κατ’
519 1655 709 1709 οὐσίαν
744 1651 884 1709 εἶναι
909 1655 1066 1722 Θεός.
1114 1658 1178 1711 ΕΞ
1205 1658 1388 1711 τοίνυν
1416 1658 1540 1711 κατ’
1573 1658 1763 1712 οὕσίαν
1795 1656 1949 1710 θεοῦο

363 1745 488 1799 σθαι
519 1747 613 1801 τὸν
643 1746 769 1801 νοῦν
822 1749 999 1802 εἰπεῖν
1046 1749 1269 1815 ἄτοπον,
1300 1749 1547 1804 λείπεται
1573 1749 1756 1819 λέγειν
1786 1750 1947 1802 τοῦτο

2033 548 2212 604 oculis
2243 564 2560 620 assurgens,
2618 561 2749 606 tunc
2798 560 3025 617 aeterna,
3071 551 3308 617 inﬁnita,
3361 552 3613 606 intermi-

2035 653 2191 708 nata,
2250 643 2371 697 sine
2426 642 2601 696 fmma
2653 651 2709 698 et
2758 642 2929 713 figura
2979 642 3058 708 ﬁt,
3115 642 3607 714 impotentiamque

2034 733 2296 802 loquendi
2336 733 2533 800 induit,
2570 735 2732 789 silere
2756 751 2879 790 cum
2899 745 3123 806 stupore
3153 737 3335 801 discit.
3375 746 3429 793 et
3464 737 3608 793 inef-

2033 823 2233 879 fabilia‘
2259 825 2483 893 patitur.
2521 823 2599 879 Ne
2635 824 2791 880 dicas
2820 840 2907 881 me
2932 827 3142 882 dixisse
3164 842 3285 882 eam
3328 827 3444 883 ﬁeri
3479 829 3614 883 sub-

2030 918 2368 973 stantialiter
2388 928 2644 993 wternam
2664 929 2718 973 et
2737 919 3005 974 inﬁnitam
3031 928 3081 974 et
3106 935 3214 975 non
3236 921 3610 984 terminatam.

2031 1011 2128 1065 sed
2181 1008 2525 1065 solummodo
2583 1026 2681 1080 per
2712 1012 3113 1081 operationem.
3169 1012 3324 1081 Quod
3373 1015 3518 1068 enim
3555 1016 3608 1068 in

2032 1111 2220 1158 mente
2245 1109 2517 1168 mutatur,
2551 1119 2659 1158 non
2694 1118 2829 1159 sane
2857 1113 2942 1160 est
2967 1105 3300 1173 substantia,
3343 1106 3437 1160 sed
3474 1122 3611 1174 ope-

2035 1197 2196 1251 ratio.
2244 1195 2301 1252 Si
2343 1196 2491 1252 enim
2538 1195 2973 1252 substantialiter
3015 1205 3339 1263 mutaretur,
3390 1200 3613 1268 quando

2033 1287 2298 1343 Deitatem
2338 1287 2489 1343 videt
2535 1298 2587 1342 et
2621 1288 2849 1358 patitur,
2908 1287 3163 1343 deiﬁcata
3213 1303 3428 1357 nempe,
3469 1297 3604 1343 tunc

2032 1394 2098 1435 ex
2133 1379 2227 1436 Dei
2264 1381 2751 1451 contemplatione,
2788 1380 2936 1436 Deus
2983 1379 3101 1451 ipsa
3136 1395 3234 1449 per
3267 1380 3611 1449 contempla-

2033 1470 2238 1527 tionem
2274 1472 2448 1527 fleret.
2504 1471 2614 1527 Sed
2665 1488 2775 1549 non
2808 1473 2881 1527 ita
2919 1482 3026 1534 est,
3079 1486 3262 1542 neque
3297 1473 3348 1526 id
3404 1474 3614 1542 angelis

2034 1568 2328 1636 contingit,
2366 1582 2469 1622 nec
2494 1577 2577 1623 est
2626 1567 2737 1622 nisi
2772 1567 2924 1622 solus
2976 1573 3032 1623 et
3079 1580 3330 1622 summus
3361 1574 3414 1619 et
3473 1581 3615 1619 unus

2036 1659 2476 1716 Substamialiter
2514 1659 2678 1714 Deus.
2709 1657 2768 1713 Si
2795 1659 2961 1729 igitur
2982 1657 3284 1713 absurdum
3320 1665 3402 1711 est
3428 1658 3614 1713 dicere

2036 1763 2274 1807 mentem
2301 1752 2740 1807 subsrantialiter
2768 1751 3031 1814 deiﬁcari.
3064 1749 3356 1827 dicendum
3377 1758 3462 1805 est
3491 1764 3615 1804 eam

362 1838 594 1909 πάσχειν
643 1840 827 1906 αὐτὸν,
863 1840 1013 1912 αὐτῷ
1045 1842 1124 1913 τῷ
1154 1843 1309 1913 ὀρᾷν.
1342 1843 1458 1897 Οὐκ
1486 1842 1595 1914 ἄρα
1626 1842 1789 1912 φύσιν
1832 1842 1947 1914 ἔχει

2044 1847 2088 1900 id
2134 1846 2243 1915 pati
2294 1846 2415 1915 ipso
2445 1855 2695 1915 aspectu.
2750 1843 2872 1899 Non
2932 1845 3101 1915 igitur
3160 1853 3356 1898 natura
3418 1843 3617 1897 mentis

362 1932 705 1987 ἀλλοιοῦσθαι
744 1934 844 2005 τὴν
890 1934 1081 1988 οὐσίαν
1113 1936 1299 2001 αὐτὸν,
1331 1937 1470 1991 ἀλλὰ
1510 1932 1610 2008 τὴν
1638 1937 1943 2007 ἐνέργειαν,

362 2023 537 2089 ἄλλως
564 2042 646 2090 τε,
673 2027 720 2078 εἰ
753 2027 1149 2097 μεταϐάλλεται
1189 2030 1511 2098 πεφυκότως
1549 2030 1599 2083 ὁ»
1619 2028 1765 2093 νοῦς,
1800 2024 1948 2103 ⁴ᾗπερ

362 2116 595 2187 εἴρηται,
624 2117 763 2172 κατά
785 2118 856 2172 τὰ
877 2119 1025 2191 αὐτῷ
1050 2121 1423 2193 θεωρούμενα,
1443 2124 1640 2194 θεωρεῖ
1664 2122 1722 2176 δὲ
1743 2122 1947 2195 ἥκιστα

364 2208 582 2261 πάντων
609 2208 709 2280 τὴν
754 2209 907 2264 θείαν
956 2211 1166 2277 οὐσίαν,
1200 2212 1339 2268 ἀλλὰ
1371 2212 1470 2285 τὴν
1497 2214 1801 2284 ἐνέργειαν,
1834 2213 1947 2267 οὐδ’

367 2296 529 2361 αὐτὸς
573 2296 683 2367 ἄρα
711 2299 834 2353 κατ’
891 2299 1082 2353 οὐσίαν
1118 2300 1570 2373 άλλοιωθήσεται,
1620 2288 1767 2355 ’ἀλλὰ
1822 2299 1946 2354 κατ’

366 2389 669 2461 ἐνέργειαν.

437 2489 543 2538 καθ.
577 2484 658 2537 Τὰ
704 2484 882 2539 πάντα
928 2487 994 2539 ὲκ
1033 2485 1129 2539 τοῦ
1182 2485 1559 2557 ύπερκοσμίου
1598 2486 1719 2550 ἑνὸς
1758 2484 1951 2558 ὥσπερ

364 2575 742 2647 ἔκλάμψαντα,
769 2579 870 2632 οὐκ
893 2578 1237 2650 ἀπέστησαν,
1267 2579 1392 2633 ὅθεν
1425 2579 1585 2650 ἔσχον
1607 2579 1708 2651 τὴν
1734 2580 1951 2651 γένεσιν

364 2667 553 2738 τρόπῳ
579 2671 762 2732 παντὶ,
796 2669 912 2723 ἀλλ’
962 2670 1020 2724 ὲν
1048 2670 1246 2742 ἐκείνῳ
1294 2670 1484 2743 ὥσπερ
1513 2672 1781 2740 ἐγένοντο,
1807 2669 1953 2726 οὕτω

365 2763 460 2816 καὶ
489 2762 824 2830 συνέχονται,
870 2762 966 2815 καὶ
1002 2761 1359 2818 τελειοῦνται.
1404 2764 1514 2817 Καὶ
1541 2764 1693 2818 οὐδέν
1723 2765 1870 2818 ἐστιν
1895 2765 1953 2818 ὲν

363 2855 539 2909 οὐδενὶ
570 2854 678 2908 τῶν
713 2854 987 2919 ἁπάντων,
1042 2855 1101 2907 ὲν
1144 2848 1189 2924 ᾧ
1231 2856 1332 2909 οὐκ
1358 2855 1506 2909 ἐστιν
1534 2857 1825 2928 ἀπόρῤοια,
1858 2858 1954 2912 καὶ

366 2949 569 3002 ὡσανεί
621 2965 706 3012 τις
740 2947 885 3020 ὀσμὴ
930 2949 1142 3002 ἐκείνου
1176 2948 1270 3002 τοῦ
1332 2950 1771 3022 ποιητικοῦ,“καὶ
1799 2953 1951 3018 ὄντος

368 3024 491 3107 ἑνός
508 3060 522 3076 ο
557 3042 651 3095 καὶ
683 3041 860 3096 πάντα
891 3042 961 3094 τὰ
1004 3041 1154 3104 ὄντος
1184 3021 1478 3112 μετέχοντα
1515 3021 1798 3116 μονονουχὶ⁹
1833 3063 1949 3116 φωο

366 3137 465 3206 νὴν
489 3136 701 3205 ἀφιᾶσι,
749 3133 1186 3204 παραδεικνύντα
1229 3135 1350 3205 οὐχὶ
1395 3135 1456 3188 τὸ
1483 3136 1853 3207 ὑπερκόσμιον
1893 3137 1952 3191 ἓν

369 3227 548 3290 (τοῦτο
591 3226 701 3299 γὰρ
752 3226 1106 3297 ὑπερίδρυται
1156 3226 1334 3298 πάσης
1363 3227 1465 3299 τῆς
1512 3217 1805 3283 ὁποιασοῦν
1840 3230 1950 3283 εἴτε

369 3322 625 3394 θεωρίας,
659 3321 769 3374 εἴτε
799 3318 1082 3392 νοήσεως),
1111 3320 1245 3373 ἀλλά
1284 3337 1405 3374 τινα
1435 3321 1628 3374 ἀκτῖνα
1659 3321 1752 3375 τοῦ
1781 3323 1950 3393 ὑπερ-

368 3410 597 3481 κοσμίου
649 3410 783 3472 ἑνός.
827 3409 991 3463 Ὅθεν
1017 3410 1140 3463 ἐπεὶ
1179 3408 1269 3464 διὰ
1299 3411 1516 3464 πάντων
1565 3412 1855 3466 ἐπιϐοᾶται
1885 3413 1951 3468 τὺ

366 3496 449 3563 ἓν,
485 3497 580 3550 καὶ
616 3496 794 3553 πάντα
832 3496 985 3573 νεύει.
1024 3498 1161 3569 πρὸς
1202 3496 1284 3562 ἓν,
1312 3498 1408 3553 καὶ
1433 3500 1565 3554 αὐτὸ
1617 3502 1682 3555 τὸ
1714 3503 1951 3575 ὑπερκό-

371 3607 530 3658 σμιον
559 3589 617 3643 ἓν
654 3589 742 3644 διὰ
770 3590 990 3644 πάντων
1035 3590 1144 3643 τῶν
1172 3590 1342 3669 ὄντων
1374 3592 1666 3669 προφαίνει
1694 3596 1854 3650 έαυτδ
1876 3595 1954 3667 τῷ

369 3681 450 3734 νοῒ
474 3698 486 3711 ·
531 3681 745 3751 ἀνάγκη
789 3668 1287 3752 χειραγωγεῖσθαι,⁸
1324 3684 1416 3737 καὶ
1448 3668 1823 3755 ποδηγεῦθαι,
1855 3689 1956 3744 καὶ

371 3775 600 3843 ἄγεσθαι
654 3774 793 3845 πρὸς
851 3775 914 3828 τὸ
958 3774 1336 3845 ὑπερκόσμιον
1379 3775 1438 3830 ἓν
1483 3777 1576 3832 τὸν
1604 3780 1764 3832 νοῦν·
1794 3780 1954 3836 τοῦτο

374 3869 497 3938 μὲν,
527 3870 593 3939 τῇ
621 3868 730 3920 τῶν
759 3866 966 3921 πολλῶν
998 3868 1170 3921 ὄντων
1216 3870 1393 3923 πειθοί
1423 3869 1766 3940 βιαζόμενον,
1797 3873 1954 3927 τοῦτο

358 3961 426 4016 ,δὲ
454 3960 547 4015 καὶ
584 3961 667 4015 ὅτι
696 3959 758 4012 τὸ
802 3957 989 4024 κτίζον
1025 3958 1108 4025 ἓν,
1147 3962 1274 4031 περὶ
1317 3956 1380 4015 οὗ
1411 3979 1475 4030 γε
1512 3965 1646 4033 ἡμῖν
1681 3965 1779 4036 ἠδη
1809 3967 1837 4019 ὁ
1868 3965 1956 4019 λόο

370 4071 465 4122 γος
494 4052 629 4114 ἐστὶ,
681 4051 929 4123 βούλεται
982 4051 1216 4123 ὁρᾶσθαι
1256 4053 1360 4106 ὑπὸ
1392 4054 1486 4106 τοῦ
1517 4054 1635 4118 νοὸς
1665 4057 1954 4128 περιουσῖᾳ

370 4147 761 4218 χρηστότητος,
781 4144 850 4200 ἶν’
875 4146 904 4200 ὁ
935 4144 1059 4208 νοῦς
1087 4147 1143 4198 ὲν
1193 4144 1374 4216 τούτῳ
1403 4145 1588 4218 πάσχῃ
1640 4146 1701 4199 τὸ
1731 4147 1850 4218 ζῇν,
1877 4146 1953 4211 ὡς

369 4237 504 4291 αύτὸ
536 4253 668 4307 φησι
710 4234 773 4289 τδ
801 4236 1042 4307 άρρητον
1070 4235 1131 4289 ἓν
1158 4253 1173 4269 ο
1211 4235 1382 4305 «Ἐγώ
1434 4238 1550 4309 εἰμι
1579 4239 1613 4309 ἡ
1659 4238 1804 4308 ζωήη
1857 4238 1955 4292 καὶ

371 4329 509 4399 αῦτη
534 4329 684 4382 ἐστὶν
710 4330 744 4400 ἡ
775 4329 994 4394 αἰώνιος
1019 4328 1154 4400 ζωὴ,
1190 4329 1278 4383 ἵνα
1305 4329 1615 4399 γινώσκωσι
1642 4348 1702 4384 σε
1742 4331 1835 4385 τὸν
1859 4331 1955 4400 μό-

1967 3187 2015 3249 C

2038 1944 2325 2001 natatur,
2345 1936 2438 1991 sed
2467 1937 2589 2006 ejus
2621 1935 2890 2005 operatio.
2915 1934 2970 1990 Si
3002 1935 3144 1990 enim
3170 1949 3325 1989 mens
3349 1941 3617 1994 mutatur,

2036 2039 2100 2086 ut
2135 2029 2341 2084 dictum
2396 2037 2502 2092 cst,
2552 2028 2855 2084 secundum
2909 2043 2971 2082 ea
3009 2043 3132 2096 qua:
3187 2026 3614 2093 contemplatur,

2037 2127 2267 2181 minime
2297 2125 2442 2179 videt
2482 2123 2721 2178 divinam
2754 2123 3072 2187 essentiam,
3104 2120 3198 2177 sed
3239 2118 3613 2190 operationem

2038 2218 2322 2285 divinam;
2361 2233 2538 2288 neque
2571 2218 2685 2288 ipsa
2719 2217 2889 2287 igitur
2906 2213 3348 2269 substantialiter
3377 2231 3408 2266 ιι
3434 2209 3618 2267 utabi-

2040 2319 2152 2375 tur,
2186 2309 2281 2366 sed
2325 2310 2627 2367 secundum
2661 2309 3062 2380 operationem.

2110 2490 2203 2549 ει.
2230 2489 2429 2543 Omnia
2467 2504 2530 2543 ex
2565 2486 2970 2559 supernalurali
3006 2500 3116 2539 uno
3140 2493 3399 2554 tanquam
3433 2484 3616 2553 splen-

2043 2585 2252 2653 (lentia,
2279 2598 2387 2638 non
2421 2590 2768 2638 recesserunt
2807 2581 2877 2638 ab
2915 2596 2982 2634 eo
3015 2579 3162 2637 unde
3195 2578 3618 2648 generationem

2042 2678 2362 2735 omnimodo
2419 2676 2680 2738 habuere,
2744 2675 2840 2730 sed
2898 2674 2951 2727 in
3016 2673 3109 2727 illo
3158 2671 3619 2742 quemadmodum

2042 2781 2165 2824 acta
2227 2776 2376 2830 sunt,
2413 2767 2488 2821 ita
2544 2776 2598 2821 et
2668 2765 2975 2820 adhaerent
3005 2770 3060 2819 et
3116 2763 3497 2833 perﬁciuntur.
3556 2761 3621 2816 Et

2045 2862 2183 2916 nihil
2216 2870 2301 2915 est
2336 2861 2387 2914 in
2421 2875 2531 2929 quo
2579 2873 2687 2914 non
2719 2859 2792 2933 sit
2815 2855 3072 2920 efﬂuxus,
3104 2865 3158 2912 et
3192 2866 3452 2925 tanquam
3489 2857 3623 2910 odor

2045 2953 2245 3021 aliquis
2271 2952 2434 3021 hujus
2477 2950 2761 3007 Creatoris
2800 2957 2856 3004 et
2886 2950 3070 3005 unitrs.
3128 2948 3198 3003 Et
3254 2948 3440 3002 omnia
3499 2962 3625 3017 qua;

2045 3044 2317 3101 exsistunt
2347 3042 2638 3101 manifeste
2667 3042 2968 3098 ostendunt
2997 3057 3107 3097 non
3139 3042 3320 3112 ipsum
3352 3056 3591 3112 superna
3616 3070 3627 3081 -

2045 3137 2224 3192 turale
2256 3150 2422 3190 unutn
2479 3135 2635 3204 (illud
2666 3135 2810 3190 enim
2868 3140 2956 3190 est
3014 3147 3183 3203 supra
3220 3147 3439 3187 onmem
3489 3148 3622 3186 con-

2052 3224 2458 3294 templationem
2520 3233 2614 3279 aut
2672 3223 3143 3296 cogitationem),
3205 3224 3299 3280 sed
3354 3225 3621 3293 quosdam

2048 3317 2201 3381 illius
2228 3317 2432 3373 radios.
2465 3317 2648 3385 Unde,
2683 3332 2808 3371 eum
2835 3317 3095 3373 omnibus
3124 3316 3455 3371 inclametnr
3490 3314 3625 3368 illul

2051 3428 2218 3469 unum
2251 3421 2307 3467 et
2334 3412 2517 3466 omnia
2548 3410 2613 3464 ad
2648 3425 2818 3464 unum
2862 3409 3111 3476 tendant,
3149 3417 3203 3463 et
3225 3409 3402 3478 ipsum
3435 3422 3629 3474 supero

2046 3506 2299 3560 naturale
2354 3518 2522 3559 unum
2557 3504 2801 3573 seipsum
2839 3500 3005 3555 menti
3038 3517 3135 3571 per
3162 3501 3355 3555 omnia
3400 3499 3630 3557 manife-

2055 3609 2184 3663 st-et,
2221 3612 2445 3653 necesse
2493 3603 2581 3652 est
2611 3606 2670 3649 ιιι
2709 3610 2865 3650 mens
2892 3594 3047 3665 quasi
3091 3607 3255 3648 manu
3301 3592 3536 3647 ducatur
3571 3603 3630 3655 ot

2049 3694 2186 3765 pede
2248 3691 2316 3745 ad
2382 3690 2517 3746 illud
2568 3688 2992 3760 supernat-urale
3055 3700 3267 3751 unum;
3331 3693 3446 3738 tum
3496 3683 3628 3753 quia

2049 3788 2297 3843 omnium
2356 3785 2715 3857 persuasione
2760 3783 2995 3853 cogitur,
3057 3792 3171 3835 tum
3239 3789 3294 3832 ct
3354 3795 3419 3833 eo
3483 3779 3625 3848 quod

2049 3881 2226 3949 ipsum
2267 3880 2397 3934 illud
2432 3893 2622 3941 unum,
2673 3876 2839 3929 nimia
2899 3890 2998 3929 sua
3052 3872 3316 3938 bonitate,
3369 3886 3399 3924 a
3448 3881 3629 3925 tuente

2052 3971 2482 4039 vultaspertari,
2509 3977 2565 4022 ιιι
2597 3983 2752 4023 mens
2781 3969 2835 4022 in
2872 3980 2938 4021 eo
2975 3976 3206 4034 aspectu
3248 3965 3414 4017 vitam
3458 3962 3631 4032 patia-

2050 4074 2164 4127 tur,
2229 4063 2686 4133 quemadmodum
2748 4059 2896 4123 dicit
2938 4057 3070 4112 illud
3121 4055 3397 4115 incll'abile
3433 4070 3627 4119 unum,

2054 4156 2219 4226 «Ego
2264 4170 2387 4210 sum
2421 4156 2569 4220 vita;
2618 4171 2638 4202 ι
2674 4161 2729 4207 et
2765 4171 2779 4209 :
2824 4171 2840 4203 ι
2871 4150 2993 4205 Ila-c
3024 4156 3112 4207 est
3162 4148 3273 4203 vita
3328 4156 3531 4202 aeterna
3568 4154 3629 4203 ut

2051 4260 2387 4325 cognoscant
2444 4257 2499 4304 te
2551 4248 2730 4304 solum
2792 4245 2959 4299 Deum
2992 4257 3222 4311 verum;
3256 4260 3276 4295 ι
3304 4240 3382 4299 'et
3448 4242 3578 4296 alibi
3612 4259 3628 4296 :

2057 4362 2077 4394 ι
2106 4343 2341 4408 Quaerite
2374 4340 2683 4427 'Daminuin
2725 4347 2779 4393 et
2812 4341 2953 4409 vivet
2999 4336 3179 4390 anima
3235 4345 3444 4390 vestra.
3483 4352 3501 4385 ι
3546 4333 3624 4390 Ex

369 4440 459 4476 νον
484 4421 734 4491 ἀληθινὸν
758 4421 910 4474 Θεόν.
926 4440 944 4473 ι
974 4423 1086 4474 Καὶ
1111 4422 1348 4493 ἀλλαχοῦ
1371 4439 1384 4453 ·
1421 4443 1440 4476 ‹
1464 4422 1836 4493 Ἐκζητήσατε
1864 4423 1953 4476 τὸν

2054 4434 2412 4502 inquisitione
2458 4421 2607 4487 enim
2645 4430 2824 4499 visio;
2870 4446 2934 4484 ex
2965 4443 3026 4483 ea
3084 4438 3269 4483 autem
3329 4428 3463 4484 vita.
3527 4427 3629 4481 Et:

371 4512 595 4583 Κύριον,
631 4512 727 4566 καὶ
762 4511 990 4583 ζήσεται
1022 4513 1071 4590 η
1105 4511 1252 4583 ψυχὴ
1278 4511 1437 4581 ἡμῶν
1459 4529 1471 4543 ·
1525 4514 1587 4565 ἐκ
1641 4511 1751 4581 γὰρ
1794 4510 1953 4581 ζητὴ·

2059 4526 2464 4590 «Εκιιιιιινθιιιιο,
2525 4532 2579 4578 rt
2619 4523 2986 4586 illuminctur,
3048 4529 3104 4576 et
3140 4522 3379 4586 laetetur,
3438 4530 3499 4575 ut
3551 4521 3630 4575 ait

371 4622 532 4670 σεως,
584 4606 618 4677 ἡ
673 4605 885 4677 ὅρασις.
948 4604 1043 4657 Ἐκ
1104 4604 1310 4674 ταύτης
1361 4602 1437 4668 δὲ,
1507 4604 1537 4672 ἡ
1599 4601 1732 4674 ζωή.
1773 4621 1791 4655 ι
1824 4601 1953 4668 Καὶ,

2054 4619 2247 4683 David,
2284 4618 2428 4686 quod
2481 4617 2781 4672 lmtantium
2834 4615 3075 4669 omnium
3118 4613 3384 4669 habitatio
3435 4621 3521 4667 cst
3578 4613 3631 4664 in
3698 4672 3705 4689 ί

378 4698 599 4762 ι”Οπως
633 4696 889 4765 γάννυτο,
945 4695 1045 4749 καὶ
1091 4694 1403 4763 φωτίξοιτο,
1450 4696 1547 4748 καὶ
1586 4694 1953 4765 εὐφραίνοιτο,

2058 4720 2144 4777 te;
2171 4727 2190 4760 ι
2229 4717 2316 4764 et:
2352 4725 2370 4759 ι
2419 4707 2478 4762 Ιιι
2517 4706 2722 4761 lumine
2750 4714 2843 4760 tuo
2874 4705 3184 4759 videbimus
3220 4704 3463 4757 lumen.»
3520 4700 3627 4755 Ant

366 4788 443 4852 ὡς
475 4790 502 4842 ὁ
531 4788 694 4842 Δαὸίδ
748 4804 937 4859 φησιν,
969 4787 1052 4841 ὅτι
1097 4786 1206 4839 τῶν
1249 4785 1695 4858 εὐφραινομένων
1737 4784 1953 4840 πάντων

2058 4800 2332 4870 quomodo
2363 4809 2596 4857 mentem
2639 4798 2859 4869 quidem
2908 4795 3311 4864 contemplandi
3371 4807 3630 4863 capacem

364 4891 399 4962 ἡ
429 4889 685 4949 κατοικία
715 4890 775 4942 ὲν
797 4887 901 4943 σοί.
934 4905 954 4940 ι
991 4887 1100 4941 Καί
1126 4902 1140 4917 ·
1185 4904 1204 4937 ι
1228 4886 1317 4939 Ἐν
1344 4886 1422 4957 τῷ
1459 4886 1601 4956 φωτί
1633 4903 1729 4941 σου
1765 4887 1966 4960 ὀψόμε-

366 4983 435 5038 θα
467 4984 603 5054 φῶς.
631 5000 651 5034 ι
710 4981 791 5035 ’Ἧι
833 4980 953 5045 πῶς
980 4978 1071 5032 τὸν
1107 4978 1209 5050 μὲν
1259 4977 1385 5033 νοῦν
1431 4978 1615 5033 ἔκτισε
1643 4979 1870 5053 θεωρὸν,
1898 4981 1970 5035 τά

369 5072 563 5128 ἑαυτοῦ
592 5072 648 5126 δὲ
677 5072 737 5124 ὲν
764 5071 937 5125 ἅπασι
957 5071 1068 5134 τοῖς
1093 5064 1214 5124 οὖσι
1241 5068 1542 5140 διέσπειρε,
1567 5070 1633 5124 δι’
1660 5063 1757 5135 ὧν,
1776 5069 1926 5124 ὥσπε
1936 5089 1969 5142 ρ

330 5235 340 5244 ἱ
369 5167 461 5222 διά
483 5184 644 5220 τινων
675 5164 909 5234 θυρίδων
933 5163 993 5217 ὲν
1023 5161 1351 5233 διαυγασμῷ
1377 5162 1552 5233 νοερῷ
1572 5163 1650 5233 τῷ
1676 5162 1758 5217 νοῒ
1789 5181 1970 5235 παρα.

294 5328 305 5339 I
369 5259 721 5328 δεικνύμενον
748 5255 934 5325 θέλγει
964 5254 1149 5309 κινοῦν
1181 5252 1372 5309 τοῦτον
1404 5254 1543 5326 πρὸς
1576 5254 1738 5331 ἑαυτὸ
1763 5254 1966 5328 ἐλλαμ-

370 5351 606 5424 πόμενον
632 5367 648 5416 ;

441 5444 546 5516 κβη
585 5444 649 5498 '0
674 5443 829 5507 Θεὸς,
863 5440 999 5513 ὅπερ
1023 5439 1144 5494 ἐστὶ
1168 5440 1229 5495 τὸ
1269 5440 1560 5515 Τριαδικδν
1594 5441 1799 5509 ἀγαθὸν
1829 5439 1910 5505 ἓν,
1939 5440 1969 5495 δ

372 5524 885 5605 πεποίηὲιε,’θέλων
922 5530 1260 5602 πεποίηκεν·
1293 5530 1552 5603 άλλαμὴν
1589 5530 1620 5584 δ
1647 5530 1676 5584 ὁ
1719 5529 1854 5596 Θεὸς
1881 5530 1970 5584 θέ-

370 5628 475 5691 λει,
509 5628 680 5698 ἄκρον
706 5628 857 5682 ἐστὶν
886 5624 1093 5696 ἀγαθόν
1118 5642 1134 5659 ο
1165 5624 1330 5695 φύσις
1361 5625 1473 5699 γάρ
1511 5626 1662 5680 ἐστιν
1686 5626 1720 5695 ἡ
1759 5625 1967 5695 ἀγαθόν

371 5737 468 5788 τηις
498 5717 668 5789 αὐτῷ.
699 5717 977 5790 Πεποίηκε
1019 5715 1304 5788 τοιγάρτοι
1339 5715 1434 5771 τὸν
1482 5715 1631 5780 νοῦν,
1681 5716 1903 5784 ἑαυτοῦ,
1935 5716 1969 5788 ἢ

372 5814 482 5868 τῶν
529 5813 725 5871 ἑαυτοῦ
759 5813 963 5885 θεωρόν
983 5829 995 5845 ’
1039 5812 1068 5868 δ
1100 5814 1357 5883 συνάγειν
1384 5807 1493 5869 οἶδε
1520 5811 1611 5867 τὸν
1659 5810 1979 5883 θεωροῦντα

2055 4892 2286 4958 crearit,
2352 4907 2457 4948 sua
2482 4906 2612 4946 vero
2663 4892 2718 4945 in
2770 4890 3029 4944 omnibus
3091 4902 3430 4958 qumcnnque
3483 4897 3633 4951 sunt,

2056 4988 2337 5057 disp-rsit,
2377 5001 2472 5056 per
2515 4999 2639 5055 qua:
2677 4994 2935 5050 tanquam
2972 4996 3068 5051 per
3118 4981 3382 5051 quasdam
3438 4980 3635 5049 januas

2059 5080 2112 5134 in
2148 5079 2440 5149 Splendore
2504 5076 2770 5145 spirituali
2828 5075 2995 5147 menti
3062 5075 3303 5143 seipsum
3372 5072 3636 5139 ostentm,

2059 5196 2176 5231 cum
2211 5175 2570 5229 iliutuiltalam
2599 5172 2665 5226 ad
2691 5185 2751 5226 se
2791 5170 3115 5227 attrahens?

2131 5450 2220 5505 εε.
2267 5447 2431 5507 Deus,
2460 5457 2660 5514 nempe
2693 5456 2862 5495 unum
2897 5441 3100 5495 bonum
3134 5438 3189 5495 in
3211 5434 3392 5490 tribus
3441 5447 3638 5505 pereo.

2060 5546 2145 5601 nis
2174 5543 2364 5596 volens
2405 5536 2533 5594 fecit
2551 5533 2813 5606 quidquid
2850 5528 3112 5598 fecit;sed
3152 5527 3298 5600 quod
3330 5524 3474 5581 Deus
3498 5525 3640 5590 vult,

2061 5635 2194 5691 illud
2234 5644 2510 5687 summum
2549 5628 2754 5682 bonum
2785 5628 2893 5685 est;
2924 5630 3123 5678 natura
3164 5619 3312 5674 enim
3366 5616 3487 5685 eius
3552 5626 3639 5670 est

2061 5725 2299 5783 bonitas.
2331 5720 2487 5777 Fecit
2508 5735 2640 5777 vero
2673 5727 2908 5773 mentem
2936 5712 3047 5780 sui,
3093 5720 3189 5767 aut
3221 5723 3446 5765 suorum
3501 5722 3640 5762 enn-
3730 5789 3735 5793 ξ

2060 5816 2363 5876 tcmnlmdi
2389 5828 2643 5877 capacem
2675 5827 2691 5879 ;
2728 5808 2872 5880 quod
2899 5805 3356 5875 contemplantem
3410 5800 3477 5858 ad
3508 5798 3645 5861 illud
