  <div class='ocr_page' id='page_1' title='image "/cluster/home/n/w/nwhite01/storage/ocr_20150623/147:no.3/coo.31924054870526/437.png"; bbox 0 0 4058 6510; ppageno 0'>
   <div class='ocr_carea' id='block_1_1' title="bbox 470 331 2061 430">
    <p class='ocr_par' dir='ltr' id='par_1_1' title="bbox 470 345 2061 430">
     <span class='ocr_line' id='line_1_1' title="bbox 470 345 2061 430; baseline -0.018 -1"><span class='ocrx_word' id='word_1_1' title='bbox 470 370 576 430; x_wconf 68' lang='lat'><strong>855</strong></span> <span class='ocrx_word' id='word_1_2' title='bbox 1189 384 1194 394; x_wconf 70' lang='grc'><em>’</em></span> <span class='ocrx_word' id='word_1_3' title='bbox 1553 398 1561 408; x_wconf 90' lang='grc'>.</span> <span class='ocrx_word' id='word_1_4' title='bbox 1597 345 1946 412; x_wconf 74' lang='lat' dir='ltr'><strong>CALLIS&#39;H</strong></span> <span class='ocrx_word' id='word_1_5' title='bbox 1978 345 2061 405; x_wconf 64' lang='lat' dir='ltr'><strong>CA</strong></span> 
     </span>
    </p>
   </div>
   <div class='ocr_carea' id='block_1_2' title="bbox 2158 331 3801 430">
    <p class='ocr_par' dir='ltr' id='par_1_2' title="bbox 2158 331 3801 416">
     <span class='ocr_line' id='line_1_2' title="bbox 2158 331 3801 416; baseline -0.002 -18"><span class='ocrx_word' id='word_1_6' title='bbox 2158 331 2594 401; x_wconf 62' lang='lat' dir='ltr'><strong>;PlIUGlOT.E</strong></span> <span class='ocrx_word' id='word_1_7' title='bbox 3699 352 3801 416; x_wconf 63' lang='lat'><strong>556</strong></span> 
     </span>
    </p>
   </div>
   <div class='ocr_carea' id='block_1_3' title="bbox 470 444 2061 544">
    <p class='ocr_par' dir='ltr' id='par_1_3' title="bbox 470 457 2045 544">
     <span class='ocr_line' id='line_1_3' title="bbox 470 457 2045 544; baseline -0.014 -15"><span class='ocrx_word' id='word_1_8' title='bbox 470 489 639 529; x_wconf 90' lang='lat' dir='ltr'><strong>unum</strong></span> <span class='ocrx_word' id='word_1_9' title='bbox 671 472 923 544; x_wconf 76' lang='lat' dir='ltr'><strong>colligere</strong></span> <span class='ocrx_word' id='word_1_10' title='bbox 978 471 1140 526; x_wconf 84' lang='lat' dir='ltr'><strong>valet.</strong></span> <span class='ocrx_word' id='word_1_11' title='bbox 1174 468 1315 524; x_wconf 83' lang='lat' dir='ltr'><strong>Deus</strong></span> <span class='ocrx_word' id='word_1_12' title='bbox 1373 472 1554 522; x_wconf 83' lang='lat' dir='ltr'><strong>autem</strong></span> <span class='ocrx_word' id='word_1_13' title='bbox 1608 471 1664 517; x_wconf 91' lang='lat' dir='ltr'><strong>et</strong></span> <span class='ocrx_word' id='word_1_14' title='bbox 1723 457 1948 513; x_wconf 83' lang='lat' dir='ltr'><strong>omnino</strong></span> <span class='ocrx_word' id='word_1_15' title='bbox 1991 462 2045 508; x_wconf 90' lang='lat' dir='ltr'><strong>et</strong></span> 
     </span>
    </p>
   </div>
   <div class='ocr_carea' id='block_1_4' title="bbox 2158 444 3787 544">
    <p class='ocr_par' dir='ltr' id='par_1_4' title="bbox 2158 444 3787 518">
     <span class='ocr_line' id='line_1_4' title="bbox 2158 444 3787 518; baseline 0.002 -21"><span class='ocrx_word' id='word_1_16' title='bbox 2158 444 2291 514; x_wconf 85' lang='grc' dir='ltr'>πρὸς</span> <span class='ocrx_word' id='word_1_17' title='bbox 2330 445 2409 500; x_wconf 78' lang='grc' dir='ltr'><strong>ἓν.</strong></span> <span class='ocrx_word' id='word_1_18' title='bbox 2431 445 2669 518; x_wconf 81' lang='grc' dir='ltr'>Θελητόν</span> <span class='ocrx_word' id='word_1_19' title='bbox 2693 445 2841 500; x_wconf 77' lang='grc' dir='ltr'>ἐστιν</span> <span class='ocrx_word' id='word_1_20' title='bbox 2866 446 2973 518; x_wconf 79' lang='grc' dir='ltr'>ἄρα</span> <span class='ocrx_word' id='word_1_21' title='bbox 3003 444 3081 517; x_wconf 82' lang='grc' dir='ltr'>τῷ</span> <span class='ocrx_word' id='word_1_22' title='bbox 3110 445 3256 518; x_wconf 84' lang='grc' dir='ltr'>Θεῷ,</span> <span class='ocrx_word' id='word_1_23' title='bbox 3290 446 3358 500; x_wconf 87' lang='grc' dir='ltr'><strong>τὸ</strong></span> <span class='ocrx_word' id='word_1_24' title='bbox 3403 445 3622 516; x_wconf 87' lang='grc' dir='ltr'>θεωρὸν</span> <span class='ocrx_word' id='word_1_25' title='bbox 3644 445 3787 501; x_wconf 78' lang='grc' dir='ltr'>εἶναι</span> 
     </span>
    </p>
   </div>
   <div class='ocr_carea' id='block_1_5' title="bbox 470 539 2061 637">
    <p class='ocr_par' dir='ltr' id='par_1_5' title="bbox 470 551 2047 637">
     <span class='ocr_line' id='line_1_5' title="bbox 470 551 2047 637; baseline -0.013 -12"><span class='ocrx_word' id='word_1_26' title='bbox 470 567 790 637; x_wconf 75' lang='lat' dir='ltr'><strong>simpliciter</strong></span> <span class='ocrx_word' id='word_1_27' title='bbox 827 580 993 620; x_wconf 89' lang='lat' dir='ltr'><strong>unum</strong></span> <span class='ocrx_word' id='word_1_28' title='bbox 1025 579 1184 621; x_wconf 92' lang='lat' dir='ltr'><strong>suum</strong></span> <span class='ocrx_word' id='word_1_29' title='bbox 1221 562 1428 616; x_wconf 90' lang='lat' dir='ltr'><strong>bonum</strong></span> <span class='ocrx_word' id='word_1_30' title='bbox 1482 558 1550 612; x_wconf 90' lang='lat' dir='ltr'><strong>ad</strong></span> <span class='ocrx_word' id='word_1_31' title='bbox 1595 555 1739 625; x_wconf 84' lang='lat' dir='ltr'><strong>quod</strong></span> <span class='ocrx_word' id='word_1_32' title='bbox 1801 551 2047 621; x_wconf 89' lang='lat' dir='ltr'><strong>aspicere</strong></span> 
     </span>
    </p>
   </div>
   <div class='ocr_carea' id='block_1_6' title="bbox 2158 539 3784 637">
    <p class='ocr_par' dir='ltr' id='par_1_6' title="bbox 2158 539 3784 614">
     <span class='ocr_line' id='line_1_6' title="bbox 2158 539 3784 614; baseline 0.001 -18"><span class='ocrx_word' id='word_1_33' title='bbox 2158 540 2242 596; x_wconf 86' lang='grc' dir='ltr'><strong>τὸν</strong></span> <span class='ocrx_word' id='word_1_34' title='bbox 2278 541 2402 596; x_wconf 92' lang='grc' dir='ltr'>νοῦν</span> <span class='ocrx_word' id='word_1_35' title='bbox 2429 539 2627 596; x_wconf 78' lang='grc' dir='ltr'>ἑαυτοῦ</span> <span class='ocrx_word' id='word_1_36' title='bbox 2664 556 2677 570; x_wconf 89' lang='grc'><strong>·</strong></span> <span class='ocrx_word' id='word_1_37' title='bbox 2721 540 2999 595; x_wconf 76' lang='grc' dir='ltr'>καὶτοῦτο</span> <span class='ocrx_word' id='word_1_38' title='bbox 3026 541 3094 594; x_wconf 85' lang='grc' dir='ltr'>δι’</span> <span class='ocrx_word' id='word_1_39' title='bbox 3135 541 3275 595; x_wconf 82' lang='grc' dir='ltr'>αὐτὸ</span> <span class='ocrx_word' id='word_1_40' title='bbox 3311 542 3521 614; x_wconf 79' lang='grc' dir='ltr'>ἄκρως</span> <span class='ocrx_word' id='word_1_41' title='bbox 3555 543 3784 611; x_wconf 75' lang='grc' dir='ltr'>ἀγαθόν.</span> 
     </span>
    </p>
   </div>
   <div class='ocr_carea' id='block_1_7' title="bbox 471 649 1943 731">
    <p class='ocr_par' dir='ltr' id='par_1_7' title="bbox 471 649 1943 731">
     <span class='ocr_line' id='line_1_7' title="bbox 471 649 1943 731; baseline -0.015 -15"><span class='ocrx_word' id='word_1_42' title='bbox 471 671 526 716; x_wconf 93' lang='lat' dir='ltr'><strong>et</strong></span> <span class='ocrx_word' id='word_1_43' title='bbox 562 660 746 731; x_wconf 77' lang='lat' dir='ltr'><strong>colligi</strong></span> <span class='ocrx_word' id='word_1_44' title='bbox 769 658 998 729; x_wconf 88' lang='lat' dir='ltr'><strong>simplici</strong></span> <span class='ocrx_word' id='word_1_45' title='bbox 1037 657 1216 721; x_wconf 87' lang='lat' dir='ltr'><strong>modo,</strong></span> <span class='ocrx_word' id='word_1_46' title='bbox 1245 655 1426 718; x_wconf 82' lang='lat' dir='ltr'><strong>debet,</strong></span> <span class='ocrx_word' id='word_1_47' title='bbox 1464 661 1522 706; x_wconf 86' lang='lat' dir='ltr'><strong>ut</strong></span> <span class='ocrx_word' id='word_1_48' title='bbox 1576 649 1779 705; x_wconf 86' lang='lat' dir='ltr'><strong>dictum</strong></span> <span class='ocrx_word' id='word_1_49' title='bbox 1835 653 1943 700; x_wconf 88' lang='lat' dir='ltr'><strong>est.</strong></span> 
     </span>
    </p>
   </div>
   <div class='ocr_carea' id='block_1_8' title="bbox 2151 726 3786 799">
    <p class='ocr_par' dir='ltr' id='par_1_8' title="bbox 2151 726 3786 799">
     <span class='ocr_line' id='line_1_8' title="bbox 2151 726 3786 799; baseline 0 -17"><span class='ocrx_word' id='word_1_50' title='bbox 2151 728 2365 799; x_wconf 78' lang='grc' dir='ltr'>ἀφορᾷν</span> <span class='ocrx_word' id='word_1_51' title='bbox 2399 727 2492 780; x_wconf 81' lang='grc' dir='ltr'>καὶ</span> <span class='ocrx_word' id='word_1_52' title='bbox 2525 726 2857 797; x_wconf 81' lang='grc' dir='ltr'>συνάγεσθαι</span> <span class='ocrx_word' id='word_1_53' title='bbox 2898 727 3171 793; x_wconf 78' lang='grc' dir='ltr'>ὲνοειδῶς,</span> <span class='ocrx_word' id='word_1_54' title='bbox 3200 727 3410 799; x_wconf 82' lang='grc' dir='ltr'>ἄκρως</span> <span class='ocrx_word' id='word_1_55' title='bbox 3443 728 3684 798; x_wconf 75' lang='grc' dir='ltr'>ἀγαθὸν,</span> <span class='ocrx_word' id='word_1_56' title='bbox 3711 729 3786 794; x_wconf 85' lang='grc' dir='ltr'><strong>ὡς</strong></span> 
     </span>
    </p>
   </div>
   <div class='ocr_carea' id='block_1_9' title="bbox 2149 821 2442 875">
    <p class='ocr_par' dir='ltr' id='par_1_9' title="bbox 2149 821 2442 875">
     <span class='ocr_line' id='line_1_9' title="bbox 2149 821 2442 875; baseline 0.003 -1"><span class='ocrx_word' id='word_1_57' title='bbox 2149 821 2442 875; x_wconf 75' lang='grc' dir='ltr'><strong>δέδεικται.</strong></span> 
     </span>
    </p>
   </div>
   <div class='ocr_carea' id='block_1_10' title="bbox 2221 908 3784 986">
    <p class='ocr_par' dir='ltr' id='par_1_10' title="bbox 2221 908 3784 986">
     <span class='ocr_line' id='line_1_10' title="bbox 2221 908 3784 986; baseline 0.001 -16"><span class='ocrx_word' id='word_1_58' title='bbox 2221 913 2330 984; x_wconf 83' lang='grc' dir='ltr'>κγ’.</span> <span class='ocrx_word' id='word_1_59' title='bbox 2390 915 2452 967; x_wconf 72' lang='lat' dir='ltr'><strong>Et</strong></span> <span class='ocrx_word' id='word_1_60' title='bbox 2504 908 2586 978; x_wconf 74' lang='grc' dir='ltr'>εἷς</span> <span class='ocrx_word' id='word_1_61' title='bbox 2635 915 2752 968; x_wconf 78' lang='grc' dir='ltr'>ἐστι</span> <span class='ocrx_word' id='word_1_62' title='bbox 2818 915 2914 967; x_wconf 74' lang='grc' dir='ltr'>καὶ</span> <span class='ocrx_word' id='word_1_63' title='bbox 2956 917 3422 986; x_wconf 85' lang='grc' dir='ltr'>συνεπτυγμένος</span> <span class='ocrx_word' id='word_1_64' title='bbox 3469 917 3500 970; x_wconf 99' lang='lat'><strong>6</strong></span> <span class='ocrx_word' id='word_1_65' title='bbox 3545 916 3784 971; x_wconf 78' lang='grc' dir='ltr'>καθόλου</span> 
     </span>
    </p>
   </div>
   <div class='ocr_carea' id='block_1_11' title="bbox 2151 1006 3782 1081">
    <p class='ocr_par' dir='ltr' id='par_1_11' title="bbox 2151 1006 3782 1081">
     <span class='ocr_line' id='line_1_11' title="bbox 2151 1006 3782 1081; baseline 0.001 -20"><span class='ocrx_word' id='word_1_66' title='bbox 2151 1007 2310 1081; x_wconf 79' lang='grc' dir='ltr'>ἔρως,</span> <span class='ocrx_word' id='word_1_67' title='bbox 2345 1006 2489 1061; x_wconf 71' lang='grc' dir='ltr'>κατὰ</span> <span class='ocrx_word' id='word_1_68' title='bbox 2546 1007 2648 1078; x_wconf 81' lang='grc' dir='ltr'>τὴν</span> <span class='ocrx_word' id='word_1_69' title='bbox 2681 1007 2792 1060; x_wconf 82' lang='grc' dir='ltr'><strong>τῶν</strong></span> <span class='ocrx_word' id='word_1_70' title='bbox 2843 1008 3119 1076; x_wconf 80' lang='grc' dir='ltr'>θεοσὸφων</span> <span class='ocrx_word' id='word_1_71' title='bbox 3174 1009 3495 1081; x_wconf 79' lang='grc' dir='ltr'><strong>ὑφήγησιν,</strong></span> <span class='ocrx_word' id='word_1_72' title='bbox 3559 1009 3622 1062; x_wconf 80' lang='grc' dir='ltr'><strong>’ἐν</strong></span> <span class='ocrx_word' id='word_1_73' title='bbox 3667 1011 3782 1063; x_wconf 77' lang='grc' dir='ltr'>ἐστι</span> 
     </span>
    </p>
   </div>
   <div class='ocr_carea' id='block_1_12' title="bbox 2149 1096 3783 1171">
    <p class='ocr_par' dir='ltr' id='par_1_12' title="bbox 2149 1096 3783 1171">
     <span class='ocr_line' id='line_1_12' title="bbox 2149 1096 3783 1171; baseline 0 -17"><span class='ocrx_word' id='word_1_74' title='bbox 2149 1099 2393 1171; x_wconf 74' lang='grc' dir='ltr'>δηλονότι</span> <span class='ocrx_word' id='word_1_75' title='bbox 2430 1100 2526 1152; x_wconf 72' lang='grc' dir='ltr'>καὶ</span> <span class='ocrx_word' id='word_1_76' title='bbox 2575 1099 2636 1151; x_wconf 68' lang='grc' dir='ltr'><strong>τὸ</strong></span> <span class='ocrx_word' id='word_1_77' title='bbox 2690 1099 2946 1170; x_wconf 82' lang='grc' dir='ltr'>ὲραστὸν.</span> <span class='ocrx_word' id='word_1_78' title='bbox 2997 1101 3059 1152; x_wconf 69' lang='lat' dir='ltr'><strong>Et</strong></span> <span class='ocrx_word' id='word_1_79' title='bbox 3097 1101 3208 1169; x_wconf 79' lang='grc' dir='ltr'>γὰρ</span> <span class='ocrx_word' id='word_1_80' title='bbox 3237 1096 3398 1170; x_wconf 82' lang='grc' dir='ltr'>ἦσαν</span> <span class='ocrx_word' id='word_1_81' title='bbox 3434 1099 3553 1154; x_wconf 83' lang='grc' dir='ltr'>δὺω</span> <span class='ocrx_word' id='word_1_82' title='bbox 3586 1101 3783 1154; x_wconf 82' lang='grc' dir='ltr'><strong>τοὺλά-</strong></span> 
     </span>
    </p>
   </div>
   <div class='ocr_carea' id='block_1_13' title="bbox 2151 1191 3779 1266">
    <p class='ocr_par' dir='ltr' id='par_1_13' title="bbox 2151 1191 3779 1266">
     <span class='ocr_line' id='line_1_13' title="bbox 2151 1191 3779 1266; baseline -0.001 -18"><span class='ocrx_word' id='word_1_83' title='bbox 2151 1212 2337 1266; x_wconf 86' lang='grc' dir='ltr'>χιστον</span> <span class='ocrx_word' id='word_1_84' title='bbox 2367 1193 2436 1248; x_wconf 73' lang='grc' dir='ltr'>τὰ</span> <span class='ocrx_word' id='word_1_85' title='bbox 2463 1193 2690 1265; x_wconf 76' lang='grc' dir='ltr'>ἐραστὰ,</span> <span class='ocrx_word' id='word_1_86' title='bbox 2722 1192 2754 1264; x_wconf 81' lang='grc' dir='ltr'>ἢ</span> <span class='ocrx_word' id='word_1_87' title='bbox 2788 1191 2900 1247; x_wconf 86' lang='grc' dir='ltr'><strong>δύω</strong></span> <span class='ocrx_word' id='word_1_88' title='bbox 2931 1194 3176 1264; x_wconf 81' lang='grc' dir='ltr'><strong>ὑπῆρχον</strong></span> <span class='ocrx_word' id='word_1_89' title='bbox 3208 1193 3279 1247; x_wconf 80' lang='grc' dir='ltr'>ἂν</span> <span class='ocrx_word' id='word_1_90' title='bbox 3313 1193 3559 1263; x_wconf 81' lang='grc' dir='ltr'><strong>ἔρωτες,</strong></span> <span class='ocrx_word' id='word_1_91' title='bbox 3596 1195 3630 1266; x_wconf 78' lang='grc' dir='ltr'>ἢ</span> <span class='ocrx_word' id='word_1_92' title='bbox 3660 1195 3779 1264; x_wconf 79' lang='grc' dir='ltr'>διχῆ</span> 
     </span>
    </p>
   </div>
   <div class='ocr_carea' id='block_1_14' title="bbox 2148 1280 3782 1357">
    <p class='ocr_par' dir='ltr' id='par_1_14' title="bbox 2148 1280 3782 1357">
     <span class='ocr_line' id='line_1_14' title="bbox 2148 1280 3782 1357; baseline -0.001 -16"><span class='ocrx_word' id='word_1_93' title='bbox 2148 1286 2546 1357; x_wconf 81' lang='grc' dir='ltr'>διαμεμέριστο</span> <span class='ocrx_word' id='word_1_94' title='bbox 2600 1285 2694 1353; x_wconf 85' lang='grc' dir='ltr'>ὅγε</span> <span class='ocrx_word' id='word_1_95' title='bbox 2744 1280 2825 1348; x_wconf 76' lang='grc' dir='ltr'>εἷς</span> <span class='ocrx_word' id='word_1_96' title='bbox 2855 1285 3018 1356; x_wconf 75' lang='grc' dir='ltr'>ἔρως,</span> <span class='ocrx_word' id='word_1_97' title='bbox 3071 1286 3442 1356; x_wconf 61' lang='grc' dir='ltr'>καΓῆκιστα</span> <span class='ocrx_word' id='word_1_98' title='bbox 3487 1287 3782 1357; x_wconf 84' lang='grc' dir='ltr'>ὠνόμαστο</span> 
     </span>
    </p>
   </div>
   <div class='ocr_carea' id='block_1_15' title="bbox 2151 1373 3779 1452">
    <p class='ocr_par' dir='ltr' id='par_1_15' title="bbox 2151 1373 3779 1452">
     <span class='ocr_line' id='line_1_15' title="bbox 2151 1373 3779 1452; baseline 0.001 -19"><span class='ocrx_word' id='word_1_99' title='bbox 2151 1375 2255 1446; x_wconf 75' lang='grc' dir='ltr'>εἷς,</span> <span class='ocrx_word' id='word_1_100' title='bbox 2286 1379 2382 1434; x_wconf 74' lang='grc' dir='ltr'><strong>καὶ</strong></span> <span class='ocrx_word' id='word_1_101' title='bbox 2408 1377 2872 1449; x_wconf 82' lang='grc' dir='ltr'>συνεπτυγμένος.</span> <span class='ocrx_word' id='word_1_102' title='bbox 2901 1379 3042 1432; x_wconf 78' lang='grc' dir='ltr'>Νυνὶ</span> <span class='ocrx_word' id='word_1_103' title='bbox 3072 1379 3130 1433; x_wconf 85' lang='grc' dir='ltr'>δὲ</span> <span class='ocrx_word' id='word_1_104' title='bbox 3160 1373 3240 1444; x_wconf 75' lang='grc' dir='ltr'>εἷς</span> <span class='ocrx_word' id='word_1_105' title='bbox 3268 1376 3425 1436; x_wconf 76' lang='grc' dir='ltr'>εἶναι</span> <span class='ocrx_word' id='word_1_106' title='bbox 3453 1379 3779 1452; x_wconf 86' lang='grc' dir='ltr'>λεγόμενος,</span> 
     </span>
    </p>
   </div>
   <div class='ocr_carea' id='block_1_16' title="bbox 2152 1469 3779 1544">
    <p class='ocr_par' dir='ltr' id='par_1_16' title="bbox 2152 1469 3779 1544">
     <span class='ocr_line' id='line_1_16' title="bbox 2152 1469 3779 1544; baseline 0.002 -19"><span class='ocrx_word' id='word_1_107' title='bbox 2152 1472 2249 1526; x_wconf 73' lang='grc' dir='ltr'><strong>καὶ</strong></span> <span class='ocrx_word' id='word_1_108' title='bbox 2283 1469 2730 1542; x_wconf 82' lang='grc' dir='ltr'>συνεπτυγμὲνος</span> <span class='ocrx_word' id='word_1_109' title='bbox 2768 1471 2797 1524; x_wconf 90' lang='lat'><strong>6</strong></span> <span class='ocrx_word' id='word_1_110' title='bbox 2841 1470 3074 1539; x_wconf 80' lang='grc' dir='ltr'>καθόλου</span> <span class='ocrx_word' id='word_1_111' title='bbox 3118 1471 3283 1544; x_wconf 80' lang='grc' dir='ltr'>ἔρως,</span> <span class='ocrx_word' id='word_1_112' title='bbox 3321 1473 3530 1544; x_wconf 82' lang='grc' dir='ltr'>σαφῶς</span> <span class='ocrx_word' id='word_1_113' title='bbox 3557 1476 3779 1544; x_wconf 85' lang='grc' dir='ltr'>νοητέον</span> 
     </span>
    </p>
   </div>
   <div class='ocr_carea' id='block_1_17' title="bbox 483 1555 2061 1639">
    <p class='ocr_par' dir='ltr' id='par_1_17' title="bbox 483 1555 2061 1614">
     <span class='ocr_line' id='line_1_17' title="bbox 483 1555 2061 1614; baseline -0.002 -1"><span class='ocrx_word' id='word_1_114' title='bbox 483 1562 704 1613; x_wconf 69' lang='lat' dir='ltr'><strong>tamtum</strong></span> <span class='ocrx_word' id='word_1_115' title='bbox 745 1568 829 1614; x_wconf 90' lang='lat' dir='ltr'><strong>est</strong></span> <span class='ocrx_word' id='word_1_116' title='bbox 867 1574 1035 1613; x_wconf 89' lang='lat' dir='ltr'><strong>unum</strong></span> <span class='ocrx_word' id='word_1_117' title='bbox 1075 1573 1196 1613; x_wconf 91' lang='lat' dir='ltr'><strong>esse</strong></span> <span class='ocrx_word' id='word_1_118' title='bbox 1239 1559 1317 1612; x_wconf 56' lang='lat' dir='ltr'><strong>et‘</strong></span> <span class='ocrx_word' id='word_1_119' title='bbox 1353 1556 1606 1612; x_wconf 77' lang='lat' dir='ltr'><strong>amabile.</strong></span> <span class='ocrx_word' id='word_1_120' title='bbox 1664 1555 1768 1611; x_wconf 98' lang='lat' dir='ltr'><strong>Sed</strong></span> <span class='ocrx_word' id='word_1_121' title='bbox 1825 1557 2061 1610; x_wconf 78' lang='lat' dir='ltr'><strong>amabile</strong></span> 
     </span>
    </p>
   </div>
   <div class='ocr_carea' id='block_1_18' title="bbox 2158 1555 3778 1639">
    <p class='ocr_par' dir='ltr' id='par_1_18' title="bbox 2158 1559 3778 1639">
     <span class='ocr_line' id='line_1_18' title="bbox 2158 1559 3778 1639; baseline 0.001 -22"><span class='ocrx_word' id='word_1_122' title='bbox 2158 1561 2218 1617; x_wconf 76' lang='grc' dir='ltr'><strong>ἂν</strong></span> <span class='ocrx_word' id='word_1_123' title='bbox 2251 1563 2363 1631; x_wconf 80' lang='grc' dir='ltr'>εἴη,</span> <span class='ocrx_word' id='word_1_124' title='bbox 2396 1562 2454 1616; x_wconf 80' lang='grc' dir='ltr'>ἓν</span> <span class='ocrx_word' id='word_1_125' title='bbox 2477 1559 2619 1632; x_wconf 73' lang='grc' dir='ltr'>εἶναι</span> <span class='ocrx_word' id='word_1_126' title='bbox 2655 1564 2749 1616; x_wconf 75' lang='grc' dir='ltr'>καὶ</span> <span class='ocrx_word' id='word_1_127' title='bbox 2783 1562 2844 1616; x_wconf 86' lang='grc' dir='ltr'><strong>τὸ</strong></span> <span class='ocrx_word' id='word_1_128' title='bbox 2882 1563 3135 1633; x_wconf 87' lang='grc' dir='ltr'>ὲραστόν.</span> <span class='ocrx_word' id='word_1_129' title='bbox 3183 1563 3357 1619; x_wconf 82' lang='grc' dir='ltr'>Ἀλλὰ</span> <span class='ocrx_word' id='word_1_130' title='bbox 3403 1566 3521 1636; x_wconf 79' lang='grc' dir='ltr'>μὴν</span> <span class='ocrx_word' id='word_1_131' title='bbox 3555 1566 3778 1639; x_wconf 70' lang='grc' dir='ltr'>πρόεστι</span> 
     </span>
    </p>
   </div>
   <div class='ocr_carea' id='block_1_19' title="bbox 485 1629 2061 1725">
    <p class='ocr_par' dir='ltr' id='par_1_19' title="bbox 485 1647 2053 1720">
     <span class='ocr_line' id='line_1_19' title="bbox 485 1647 2053 1720; baseline -0.004 -16"><span class='ocrx_word' id='word_1_132' title='bbox 485 1651 742 1720; x_wconf 67' lang='grc' dir='ltr'>ιιι-ιιπουιιιι</span> <span class='ocrx_word' id='word_1_133' title='bbox 772 1666 898 1706; x_wconf 85' lang='lat' dir='ltr'><strong>eum</strong></span> <span class='ocrx_word' id='word_1_134' title='bbox 948 1649 1038 1720; x_wconf 92' lang='lat' dir='ltr'><strong>qui</strong></span> <span class='ocrx_word' id='word_1_135' title='bbox 1074 1649 1221 1705; x_wconf 90' lang='lat' dir='ltr'><strong>circa</strong></span> <span class='ocrx_word' id='word_1_136' title='bbox 1265 1647 1441 1718; x_wconf 90' lang='lat' dir='ltr'><strong>ipsum</strong></span> <span class='ocrx_word' id='word_1_137' title='bbox 1477 1657 1748 1711; x_wconf 74' lang='lat' dir='ltr'><strong>versatur,</strong></span> <span class='ocrx_word' id='word_1_138' title='bbox 1783 1659 2053 1713; x_wconf 85' lang='lat' dir='ltr'><strong>amorem;</strong></span> 
     </span>
    </p>
   </div>
   <div class='ocr_carea' id='block_1_20' title="bbox 2158 1629 3776 1725">
    <p class='ocr_par' dir='ltr' id='par_1_20' title="bbox 2158 1629 3776 1725">
     <span class='ocr_line' id='line_1_20' title="bbox 2158 1629 3776 1725; baseline 0.004 -19"><span class='ocrx_word' id='word_1_139' title='bbox 2158 1653 2211 1707; x_wconf 91' lang='grc' dir='ltr'><strong>τὸ</strong></span> <span class='ocrx_word' id='word_1_140' title='bbox 2257 1629 2490 1725; x_wconf 78' lang='grc' dir='ltr'>ἐραστὸν</span> <span class='ocrx_word' id='word_1_141' title='bbox 2528 1629 2638 1706; x_wconf 73' lang='grc' dir='ltr'><strong>τοῦ</strong></span> <span class='ocrx_word' id='word_1_142' title='bbox 2695 1654 2828 1723; x_wconf 79' lang='grc' dir='ltr'>περὶ</span> <span class='ocrx_word' id='word_1_143' title='bbox 2865 1629 3001 1707; x_wconf 85' lang='grc' dir='ltr'>αὑτὸ</span> <span class='ocrx_word' id='word_1_144' title='bbox 3047 1652 3275 1724; x_wconf 79' lang='grc' dir='ltr'>ἔρωτος,</span> <span class='ocrx_word' id='word_1_145' title='bbox 3333 1629 3440 1710; x_wconf 70' lang='grc' dir='ltr'><strong>καὶ</strong></span> <span class='ocrx_word' id='word_1_146' title='bbox 3473 1629 3776 1712; x_wconf 45' lang='grc' dir='ltr'>ὀὑκ-ἐστιν</span> 
     </span>
    </p>
   </div>
   <div class='ocr_carea' id='block_1_21' title="bbox 487 1738 2061 1822">
    <p class='ocr_par' dir='ltr' id='par_1_21' title="bbox 487 1738 2058 1814">
     <span class='ocr_line' id='line_1_21' title="bbox 487 1738 2058 1814; baseline -0.005 -16"><span class='ocrx_word' id='word_1_147' title='bbox 487 1761 662 1814; x_wconf 68' lang='lat' dir='ltr'><strong>neque</strong></span> <span class='ocrx_word' id='word_1_148' title='bbox 693 1744 806 1799; x_wconf 80' lang='lat' dir='ltr'><strong>ﬁeri</strong></span> <span class='ocrx_word' id='word_1_149' title='bbox 834 1750 1014 1814; x_wconf 78' lang='lat' dir='ltr'><strong>potest</strong></span> <span class='ocrx_word' id='word_1_150' title='bbox 1040 1748 1100 1796; x_wconf 85' lang='lat' dir='ltr'><strong>ut</strong></span> <span class='ocrx_word' id='word_1_151' title='bbox 1120 1743 1439 1811; x_wconf 61' lang='lat' dir='ltr'><strong>priusquam</strong></span> <span class='ocrx_word' id='word_1_152' title='bbox 1477 1738 1712 1794; x_wconf 81' lang='lat' dir='ltr'><strong>amabile</strong></span> <span class='ocrx_word' id='word_1_153' title='bbox 1739 1745 2058 1808; x_wconf 91' lang='lat' dir='ltr'><strong>perceptum</strong></span> 
     </span>
    </p>
   </div>
   <div class='ocr_carea' id='block_1_22' title="bbox 2158 1738 3774 1822">
    <p class='ocr_par' dir='ltr' id='par_1_22' title="bbox 2158 1747 3774 1822">
     <span class='ocr_line' id='line_1_22' title="bbox 2158 1747 3774 1822; baseline 0.003 -22"><span class='ocrx_word' id='word_1_154' title='bbox 2158 1747 2325 1812; x_wconf 77' lang='grc' dir='ltr'>ὅπως,</span> <span class='ocrx_word' id='word_1_155' title='bbox 2357 1749 2490 1817; x_wconf 76' lang='grc' dir='ltr'>πρὶν</span> <span class='ocrx_word' id='word_1_156' title='bbox 2524 1749 2591 1802; x_wconf 72' lang='grc' dir='ltr'>ἄν</span> <span class='ocrx_word' id='word_1_157' title='bbox 2614 1764 2698 1810; x_wconf 88' lang='grc' dir='ltr'><strong>τις</strong></span> <span class='ocrx_word' id='word_1_158' title='bbox 2734 1747 2955 1801; x_wconf 77' lang='grc' dir='ltr'>λάϐοιτο</span> <span class='ocrx_word' id='word_1_159' title='bbox 2986 1747 3079 1801; x_wconf 91' lang='grc' dir='ltr'><strong>τοῦ</strong></span> <span class='ocrx_word' id='word_1_160' title='bbox 3119 1749 3363 1820; x_wconf 79' lang='grc' dir='ltr'><strong>ἐραστοῦ</strong></span> <span class='ocrx_word' id='word_1_161' title='bbox 3429 1751 3774 1822; x_wconf 71' lang='grc' dir='ltr'>ὁπηδήποτε,</span> 
     </span>
    </p>
   </div>
   <div class='ocr_carea' id='block_1_23' title="bbox 483 1830 2061 1912">
    <p class='ocr_par' dir='ltr' id='par_1_23' title="bbox 483 1830 2061 1901">
     <span class='ocr_line' id='line_1_23' title="bbox 483 1830 2061 1901; baseline -0.004 -9"><span class='ocrx_word' id='word_1_162' title='bbox 483 1843 573 1901; x_wconf 80' lang='lat' dir='ltr'><strong>sit,</strong></span> <span class='ocrx_word' id='word_1_163' title='bbox 608 1839 751 1893; x_wconf 86' lang='lat' dir='ltr'><strong>illius</strong></span> <span class='ocrx_word' id='word_1_164' title='bbox 783 1853 935 1891; x_wconf 80' lang='lat' dir='ltr'><strong>anior</strong></span> <span class='ocrx_word' id='word_1_165' title='bbox 965 1838 1250 1890; x_wconf 77' lang='lat' dir='ltr'><strong>habeatur.</strong></span> <span class='ocrx_word' id='word_1_166' title='bbox 1281 1835 1452 1887; x_wconf 83' lang='lat' dir='ltr'><strong>Amor</strong></span> <span class='ocrx_word' id='word_1_167' title='bbox 1499 1841 1680 1886; x_wconf 88' lang='lat' dir='ltr'><strong>autem</strong></span> <span class='ocrx_word' id='word_1_168' title='bbox 1730 1839 1813 1885; x_wconf 91' lang='lat' dir='ltr'><strong>est</strong></span> <span class='ocrx_word' id='word_1_169' title='bbox 1850 1830 2061 1885; x_wconf 83' lang='lat' dir='ltr'><strong>intenta</strong></span> 
     </span>
    </p>
   </div>
   <div class='ocr_carea' id='block_1_24' title="bbox 2158 1830 3776 1912">
    <p class='ocr_par' dir='ltr' id='par_1_24' title="bbox 2158 1838 3776 1912">
     <span class='ocr_line' id='line_1_24' title="bbox 2158 1838 3776 1912; baseline -0.003 -17"><span class='ocrx_word' id='word_1_170' title='bbox 2158 1841 2243 1895; x_wconf 82' lang='grc' dir='ltr'><strong>τὸν</strong></span> <span class='ocrx_word' id='word_1_171' title='bbox 2274 1840 2456 1910; x_wconf 73' lang='grc' dir='ltr'>ἔρωτα</span> <span class='ocrx_word' id='word_1_172' title='bbox 2508 1841 2662 1911; x_wconf 85' lang='grc' dir='ltr'>σχοίη</span> <span class='ocrx_word' id='word_1_173' title='bbox 2697 1838 2807 1911; x_wconf 69' lang='grc' dir='ltr'><strong>[τον.</strong></span> <span class='ocrx_word' id='word_1_174' title='bbox 2864 1838 3038 1911; x_wconf 86' lang='grc' dir='ltr'>σχεῖν]</span> <span class='ocrx_word' id='word_1_175' title='bbox 3071 1840 3259 1894; x_wconf 83' lang='grc' dir='ltr'>αὑτοῦ.</span> <span class='ocrx_word' id='word_1_176' title='bbox 3302 1840 3475 1894; x_wconf 84' lang='grc' dir='ltr'>Ἐστι</span> <span class='ocrx_word' id='word_1_177' title='bbox 3499 1841 3603 1895; x_wconf 86' lang='grc' dir='ltr'>δ’ὁ</span> <span class='ocrx_word' id='word_1_178' title='bbox 3640 1843 3776 1912; x_wconf 80' lang='grc' dir='ltr'>ἔρως</span> 
     </span>
    </p>
   </div>
   <div class='ocr_carea' id='block_1_25' title="bbox 483 1922 2061 2005">
    <p class='ocr_par' dir='ltr' id='par_1_25' title="bbox 483 1922 2061 2000">
     <span class='ocr_line' id='line_1_25' title="bbox 483 1922 2061 2000; baseline -0.008 -12"><span class='ocrx_word' id='word_1_179' title='bbox 483 1935 729 1988; x_wconf 80' lang='lat' dir='ltr'><strong>eharitas</strong></span> <span class='ocrx_word' id='word_1_180' title='bbox 769 1945 927 2000; x_wconf 80' lang='lat' dir='ltr'><strong>quam</strong></span> <span class='ocrx_word' id='word_1_181' title='bbox 980 1944 1082 1984; x_wconf 89' lang='lat' dir='ltr'><strong>nos</strong></span> <span class='ocrx_word' id='word_1_182' title='bbox 1128 1930 1329 1983; x_wconf 86' lang='lat' dir='ltr'><strong>habere</strong></span> <span class='ocrx_word' id='word_1_183' title='bbox 1359 1927 1411 1981; x_wconf 91' lang='lat' dir='ltr'><strong>in</strong></span> <span class='ocrx_word' id='word_1_184' title='bbox 1443 1926 1610 1982; x_wconf 90' lang='lat' dir='ltr'><strong>Deum</strong></span> <span class='ocrx_word' id='word_1_185' title='bbox 1639 1937 1691 1979; x_wconf 91' lang='lat' dir='ltr'><strong>et</strong></span> <span class='ocrx_word' id='word_1_186' title='bbox 1718 1922 1981 1978; x_wconf 88' lang='lat' dir='ltr'><strong>naturalis</strong></span> <span class='ocrx_word' id='word_1_187' title='bbox 2011 1929 2061 1976; x_wconf 80' lang='lat' dir='ltr'><strong>et</strong></span> 
     </span>
    </p>
   </div>
   <div class='ocr_carea' id='block_1_26' title="bbox 2158 1922 3774 2005">
    <p class='ocr_par' dir='ltr' id='par_1_26' title="bbox 2158 1933 3774 2005">
     <span class='ocr_line' id='line_1_26' title="bbox 2158 1933 3774 2005; baseline -0.001 -16"><span class='ocrx_word' id='word_1_188' title='bbox 2158 1933 2520 2005; x_wconf 73' lang='grc' dir='ltr'>ὲπιτεταμένη</span> <span class='ocrx_word' id='word_1_189' title='bbox 2551 1933 2766 2004; x_wconf 83' lang='grc' dir='ltr'><strong>ἀγάπη,</strong></span> <span class='ocrx_word' id='word_1_190' title='bbox 2816 1935 2884 2005; x_wconf 79' lang='grc' dir='ltr'>ἢν</span> <span class='ocrx_word' id='word_1_191' title='bbox 2915 1933 3053 2005; x_wconf 79' lang='grc' dir='ltr'>πρὸς</span> <span class='ocrx_word' id='word_1_192' title='bbox 3096 1933 3229 1986; x_wconf 84' lang='grc' dir='ltr'>Θεὸν</span> <span class='ocrx_word' id='word_1_193' title='bbox 3260 1933 3426 2005; x_wconf 77' lang='grc' dir='ltr'>ἔχειν</span> <span class='ocrx_word' id='word_1_194' title='bbox 3448 1936 3624 2004; x_wconf 71' lang='grc' dir='ltr'>ἡμᾶς,</span> <span class='ocrx_word' id='word_1_195' title='bbox 3661 1936 3688 1988; x_wconf 82' lang='grc' dir='ltr'>ὅ</span> <span class='ocrx_word' id='word_1_196' title='bbox 3716 1952 3774 1987; x_wconf 90' lang='grc' dir='ltr'><strong>τε</strong></span> 
     </span>
    </p>
   </div>
   <div class='ocr_carea' id='block_1_27' title="bbox 481 2014 2061 2098">
    <p class='ocr_par' dir='ltr' id='par_1_27' title="bbox 481 2014 2061 2094">
     <span class='ocr_line' id='line_1_27' title="bbox 481 2014 2061 2094; baseline -0.009 -14"><span class='ocrx_word' id='word_1_197' title='bbox 481 2025 684 2094; x_wconf 83' lang='lat' dir='ltr'><strong>scripta</strong></span> <span class='ocrx_word' id='word_1_198' title='bbox 732 2028 819 2078; x_wconf 80' lang='lat' dir='ltr'><strong>lex</strong></span> <span class='ocrx_word' id='word_1_199' title='bbox 848 2021 1044 2092; x_wconf 89' lang='lat' dir='ltr'><strong>jubet;</strong></span> <span class='ocrx_word' id='word_1_200' title='bbox 1083 2036 1192 2074; x_wconf 88' lang='lat' dir='ltr'><strong>una</strong></span> <span class='ocrx_word' id='word_1_201' title='bbox 1223 2019 1448 2090; x_wconf 84' lang='lat' dir='ltr'><strong>quidem</strong></span> <span class='ocrx_word' id='word_1_202' title='bbox 1499 2016 1671 2071; x_wconf 86' lang='lat' dir='ltr'><strong>menti</strong></span> <span class='ocrx_word' id='word_1_203' title='bbox 1714 2014 1843 2070; x_wconf 90' lang='lat' dir='ltr'><strong>boni</strong></span> <span class='ocrx_word' id='word_1_204' title='bbox 1875 2017 2061 2081; x_wconf 65' lang='lat' dir='ltr'><strong>aulica:</strong></span> 
     </span>
    </p>
   </div>
   <div class='ocr_carea' id='block_1_28' title="bbox 2158 2014 3772 2098">
    <p class='ocr_par' dir='ltr' id='par_1_28' title="bbox 2158 2025 3772 2098">
     <span class='ocr_line' id='line_1_28' title="bbox 2158 2025 3772 2098; baseline 0 -18"><span class='ocrx_word' id='word_1_205' title='bbox 2158 2026 2405 2098; x_wconf 73' lang='grc' dir='ltr'>φυσικὸς,</span> <span class='ocrx_word' id='word_1_206' title='bbox 2437 2026 2531 2080; x_wconf 72' lang='grc' dir='ltr'>καὶ</span> <span class='ocrx_word' id='word_1_207' title='bbox 2554 2027 2583 2081; x_wconf 92' lang='lat'><strong>6</strong></span> <span class='ocrx_word' id='word_1_208' title='bbox 2613 2025 2862 2097; x_wconf 90' lang='grc' dir='ltr'>γραπτὸς</span> <span class='ocrx_word' id='word_1_209' title='bbox 2899 2027 3065 2096; x_wconf 83' lang='grc' dir='ltr'>νόμος</span> <span class='ocrx_word' id='word_1_210' title='bbox 3111 2025 3206 2080; x_wconf 88' lang='grc' dir='ltr'><strong>τοῦ</strong></span> <span class='ocrx_word' id='word_1_211' title='bbox 3255 2028 3406 2080; x_wconf 74' lang='grc' dir='ltr'>θεοῦ</span> <span class='ocrx_word' id='word_1_212' title='bbox 3441 2029 3673 2081; x_wconf 79' lang='grc' dir='ltr'>ἀπαιτεῖ</span> <span class='ocrx_word' id='word_1_213' title='bbox 3695 2043 3708 2058; x_wconf 76' lang='grc'><strong><em>³</em></strong></span> <span class='ocrx_word' id='word_1_214' title='bbox 3745 2029 3772 2080; x_wconf 90' lang='lat'><strong>6</strong></span> 
     </span>
    </p>
   </div>
   <div class='ocr_carea' id='block_1_29' title="bbox 485 2108 2061 2190">
    <p class='ocr_par' dir='ltr' id='par_1_29' title="bbox 485 2108 2061 2184">
     <span class='ocr_line' id='line_1_29' title="bbox 485 2108 2061 2184; baseline -0.008 -12"><span class='ocrx_word' id='word_1_215' title='bbox 485 2121 720 2172; x_wconf 76' lang='lat' dir='ltr'><strong>suadens</strong></span> <span class='ocrx_word' id='word_1_216' title='bbox 753 2125 814 2172; x_wconf 93' lang='lat' dir='ltr'><strong>ut</strong></span> <span class='ocrx_word' id='word_1_217' title='bbox 849 2115 1075 2171; x_wconf 89' lang='lat' dir='ltr'><strong>meliore</strong></span> <span class='ocrx_word' id='word_1_218' title='bbox 1107 2114 1376 2184; x_wconf 83' lang='lat' dir='ltr'><strong>capiatur,</strong></span> <span class='ocrx_word' id='word_1_219' title='bbox 1408 2111 1552 2180; x_wconf 80' lang='lat' dir='ltr'><strong>quod</strong></span> <span class='ocrx_word' id='word_1_220' title='bbox 1581 2120 1664 2167; x_wconf 90' lang='lat' dir='ltr'><strong>est</strong></span> <span class='ocrx_word' id='word_1_221' title='bbox 1698 2110 1862 2174; x_wconf 85' lang='lat' dir='ltr'><strong>Deus;</strong></span> <span class='ocrx_word' id='word_1_222' title='bbox 1893 2108 2061 2163; x_wconf 81' lang='lat' dir='ltr'><strong>altera</strong></span> 
     </span>
    </p>
   </div>
   <div class='ocr_carea' id='block_1_30' title="bbox 2158 2108 3773 2190">
    <p class='ocr_par' dir='ltr' id='par_1_30' title="bbox 2158 2117 3773 2190">
     <span class='ocr_line' id='line_1_30' title="bbox 2158 2117 3773 2190; baseline 0 -18"><span class='ocrx_word' id='word_1_223' title='bbox 2158 2119 2254 2190; x_wconf 79' lang='grc' dir='ltr'><strong>μὲν</strong></span> <span class='ocrx_word' id='word_1_224' title='bbox 2285 2120 2471 2190; x_wconf 74' lang='grc' dir='ltr'>ἄκρως</span> <span class='ocrx_word' id='word_1_225' title='bbox 2499 2117 2592 2172; x_wconf 83' lang='grc' dir='ltr'><strong>τὸν</strong></span> <span class='ocrx_word' id='word_1_226' title='bbox 2624 2117 2752 2172; x_wconf 86' lang='grc' dir='ltr'>νοῦν</span> <span class='ocrx_word' id='word_1_227' title='bbox 2796 2118 3088 2189; x_wconf 78' lang='grc' dir='ltr'><strong>φιλόκαλον</strong></span> <span class='ocrx_word' id='word_1_228' title='bbox 3141 2119 3275 2172; x_wconf 72' lang='grc' dir='ltr'>ὄντα</span> <span class='ocrx_word' id='word_1_229' title='bbox 3324 2120 3543 2174; x_wconf 86' lang='grc' dir='ltr'>πείθων</span> <span class='ocrx_word' id='word_1_230' title='bbox 3568 2119 3773 2174; x_wconf 81' lang='grc' dir='ltr'>ἀντιλε-</span> 
     </span>
    </p>
   </div>
   <div class='ocr_carea' id='block_1_31' title="bbox 553 913 2050 984">
    <p class='ocr_par' dir='ltr' id='par_1_31' title="bbox 553 913 2050 984">
     <span class='ocr_line' id='line_1_31' title="bbox 553 913 2050 984; baseline -0.004 -13"><span class='ocrx_word' id='word_1_231' title='bbox 553 915 642 971; x_wconf 79' lang='lat'><strong>9.5.</strong></span> <span class='ocrx_word' id='word_1_232' title='bbox 678 914 733 971; x_wconf 90' lang='lat' dir='ltr'><strong>Si</strong></span> <span class='ocrx_word' id='word_1_233' title='bbox 765 931 906 970; x_wconf 89' lang='lat' dir='ltr'><strong>unus</strong></span> <span class='ocrx_word' id='word_1_234' title='bbox 973 923 1141 970; x_wconf 81' lang='lat' dir='ltr'><strong>estet</strong></span> <span class='ocrx_word' id='word_1_235' title='bbox 1205 914 1566 984; x_wconf 89' lang='lat' dir='ltr'><strong>complicatus</strong></span> <span class='ocrx_word' id='word_1_236' title='bbox 1627 913 1680 968; x_wconf 92' lang='lat' dir='ltr'><strong>in</strong></span> <span class='ocrx_word' id='word_1_237' title='bbox 1735 913 2050 966; x_wconf 80' lang='lat' dir='ltr'><strong>universum</strong></span> 
     </span>
    </p>
   </div>
   <div class='ocr_carea' id='block_1_32' title="bbox 475 1010 2054 1078">
    <p class='ocr_par' dir='ltr' id='par_1_32' title="bbox 475 1010 2054 1078">
     <span class='ocr_line' id='line_1_32' title="bbox 475 1010 2054 1078; baseline -0.005 -14"><span class='ocrx_word' id='word_1_238' title='bbox 475 1026 648 1076; x_wconf 82' lang='lat' dir='ltr'><strong>amor,</strong></span> <span class='ocrx_word' id='word_1_239' title='bbox 691 1020 748 1062; x_wconf 92' lang='lat' dir='ltr'><strong>ut</strong></span> <span class='ocrx_word' id='word_1_240' title='bbox 778 1010 1054 1078; x_wconf 87' lang='lat' dir='ltr'><strong>sapientes</strong></span> <span class='ocrx_word' id='word_1_241' title='bbox 1105 1017 1411 1075; x_wconf 79' lang='lat' dir='ltr'><strong>exponunt,</strong></span> <span class='ocrx_word' id='word_1_242' title='bbox 1458 1021 1625 1061; x_wconf 92' lang='lat' dir='ltr'><strong>unum</strong></span> <span class='ocrx_word' id='word_1_243' title='bbox 1694 1019 1912 1073; x_wconf 84' lang='lat' dir='ltr'><strong>quoque</strong></span> <span class='ocrx_word' id='word_1_244' title='bbox 1969 1013 2054 1060; x_wconf 83' lang='lat' dir='ltr'><strong>est</strong></span> 
     </span>
    </p>
   </div>
   <div class='ocr_carea' id='block_1_33' title="bbox 475 1095 2071 1157">
    <p class='ocr_par' dir='ltr' id='par_1_33' title="bbox 475 1095 2071 1157">
     <span class='ocr_line' id='line_1_33' title="bbox 475 1095 2071 1157; baseline -0.004 -1"><span class='ocrx_word' id='word_1_245' title='bbox 475 1117 528 1156; x_wconf 88' lang='lat' dir='ltr'><strong>et</strong></span> <span class='ocrx_word' id='word_1_246' title='bbox 562 1103 817 1157; x_wconf 87' lang='lat' dir='ltr'><strong>amabile.</strong></span> <span class='ocrx_word' id='word_1_247' title='bbox 852 1101 909 1155; x_wconf 89' lang='lat' dir='ltr'><strong>Si</strong></span> <span class='ocrx_word' id='word_1_248' title='bbox 941 1101 1086 1156; x_wconf 90' lang='lat' dir='ltr'><strong>enim</strong></span> <span class='ocrx_word' id='word_1_249' title='bbox 1127 1100 1238 1155; x_wconf 91' lang='lat' dir='ltr'><strong>duo</strong></span> <span class='ocrx_word' id='word_1_250' title='bbox 1263 1109 1450 1157; x_wconf 85' lang='lat' dir='ltr'><strong>essent</strong></span> <span class='ocrx_word' id='word_1_251' title='bbox 1497 1099 1750 1152; x_wconf 81' lang='lat' dir='ltr'><strong>amabilia</strong></span> <span class='ocrx_word' id='word_1_252' title='bbox 1796 1105 1889 1154; x_wconf 82' lang='lat' dir='ltr'><strong>aut</strong></span> <span class='ocrx_word' id='word_1_253' title='bbox 1939 1095 2071 1150; x_wconf 52' lang='lat' dir='ltr'><strong>duos</strong></span> 
     </span>
    </p>
   </div>
   <div class='ocr_carea' id='block_1_34' title="bbox 477 1190 2053 1261">
    <p class='ocr_par' dir='ltr' id='par_1_34' title="bbox 477 1190 2053 1261">
     <span class='ocr_line' id='line_1_34' title="bbox 477 1190 2053 1261; baseline -0.003 -13"><span class='ocrx_word' id='word_1_254' title='bbox 477 1209 714 1259; x_wconf 88' lang='lat' dir='ltr'><strong>amores,</strong></span> <span class='ocrx_word' id='word_1_255' title='bbox 771 1193 1106 1248; x_wconf 85' lang='lat' dir='ltr'><strong>divideretur</strong></span> <span class='ocrx_word' id='word_1_256' title='bbox 1165 1193 1354 1261; x_wconf 85' lang='lat' dir='ltr'><strong>utique</strong></span> <span class='ocrx_word' id='word_1_257' title='bbox 1416 1191 1666 1244; x_wconf 79' lang='lat' dir='ltr'><strong>bifariam</strong></span> <span class='ocrx_word' id='word_1_258' title='bbox 1744 1190 1833 1244; x_wconf 90' lang='lat' dir='ltr'><strong>ille</strong></span> <span class='ocrx_word' id='word_1_259' title='bbox 1908 1204 2053 1243; x_wconf 89' lang='lat' dir='ltr'><strong>unus</strong></span> 
     </span>
    </p>
   </div>
   <div class='ocr_carea' id='block_1_35' title="bbox 479 1281 2053 1355">
    <p class='ocr_par' dir='ltr' id='par_1_35' title="bbox 479 1281 2053 1355">
     <span class='ocr_line' id='line_1_35' title="bbox 479 1281 2053 1355; baseline -0.003 -17"><span class='ocrx_word' id='word_1_260' title='bbox 479 1302 654 1348; x_wconf 86' lang='lat' dir='ltr'><strong>amor,</strong></span> <span class='ocrx_word' id='word_1_261' title='bbox 719 1299 819 1341; x_wconf 91' lang='lat' dir='ltr'><strong>nec</strong></span> <span class='ocrx_word' id='word_1_262' title='bbox 870 1284 983 1355; x_wconf 84' lang='lat' dir='ltr'><strong>jam</strong></span> <span class='ocrx_word' id='word_1_263' title='bbox 1048 1283 1329 1338; x_wconf 85' lang='lat' dir='ltr'><strong>diceretur</strong></span> <span class='ocrx_word' id='word_1_264' title='bbox 1386 1298 1528 1338; x_wconf 91' lang='lat' dir='ltr'><strong>unus</strong></span> <span class='ocrx_word' id='word_1_265' title='bbox 1565 1290 1619 1336; x_wconf 92' lang='lat' dir='ltr'><strong>et</strong></span> <span class='ocrx_word' id='word_1_266' title='bbox 1670 1281 2053 1350; x_wconf 83' lang='lat' dir='ltr'><strong>complicatus.</strong></span> 
     </span>
    </p>
   </div>
   <div class='ocr_carea' id='block_1_36' title="bbox 481 1373 2050 1442">
    <p class='ocr_par' dir='ltr' id='par_1_36' title="bbox 481 1373 2050 1442">
     <span class='ocr_line' id='line_1_36' title="bbox 481 1373 2050 1442; baseline -0.003 -10"><span class='ocrx_word' id='word_1_267' title='bbox 481 1379 635 1432; x_wconf 70' lang='lat' dir='ltr'><strong>Mue</strong></span> <span class='ocrx_word' id='word_1_268' title='bbox 673 1387 852 1432; x_wconf 82' lang='lat' dir='ltr'><strong>autem</strong></span> <span class='ocrx_word' id='word_1_269' title='bbox 892 1392 1016 1431; x_wconf 79' lang='lat' dir='ltr'><strong>eum</strong></span> <span class='ocrx_word' id='word_1_270' title='bbox 1094 1391 1236 1431; x_wconf 89' lang='lat' dir='ltr'><strong>unus</strong></span> <span class='ocrx_word' id='word_1_271' title='bbox 1290 1375 1506 1430; x_wconf 88' lang='lat' dir='ltr'><strong>dicatur</strong></span> <span class='ocrx_word' id='word_1_272' title='bbox 1571 1383 1626 1430; x_wconf 93' lang='lat' dir='ltr'><strong>et</strong></span> <span class='ocrx_word' id='word_1_273' title='bbox 1690 1373 2050 1442; x_wconf 71' lang='lat' dir='ltr'><strong>complicaius</strong></span> 
     </span>
    </p>
   </div>
   <div class='ocr_carea' id='block_1_37' title="bbox 483 1464 2033 1536">
    <p class='ocr_par' dir='ltr' id='par_1_37' title="bbox 483 1464 2033 1536">
     <span class='ocr_line' id='line_1_37' title="bbox 483 1464 2033 1536; baseline -0.005 -13"><span class='ocrx_word' id='word_1_274' title='bbox 483 1470 570 1531; x_wconf 85' lang='lat' dir='ltr'><strong>ille</strong></span> <span class='ocrx_word' id='word_1_275' title='bbox 633 1470 688 1524; x_wconf 93' lang='lat' dir='ltr'><strong>iu</strong></span> <span class='ocrx_word' id='word_1_276' title='bbox 718 1468 1033 1523; x_wconf 86' lang='lat' dir='ltr'><strong>universum</strong></span> <span class='ocrx_word' id='word_1_277' title='bbox 1067 1482 1246 1533; x_wconf 88' lang='lat' dir='ltr'><strong>amor,</strong></span> <span class='ocrx_word' id='word_1_278' title='bbox 1286 1466 1578 1523; x_wconf 80' lang='lat' dir='ltr'><strong>manifeste</strong></span> <span class='ocrx_word' id='word_1_279' title='bbox 1610 1480 1828 1536; x_wconf 76' lang='lat' dir='ltr'><strong>quoque</strong></span> <span class='ocrx_word' id='word_1_280' title='bbox 1880 1464 2033 1532; x_wconf 85' lang='lat' dir='ltr'><strong>cogi-</strong></span> 
     </span>
    </p>
   </div>
   <div class='ocr_carea' id='block_1_38' title="bbox 2159 633 3880 708">
    <p class='ocr_par' dir='ltr' id='par_1_38' title="bbox 2159 633 3880 708">
     <span class='ocr_line' id='line_1_38' title="bbox 2159 633 3880 708; baseline -0.001 -17"><span class='ocrx_word' id='word_1_281' title='bbox 2159 633 2224 692; x_wconf 83' lang='lat'><strong>&#39;0</strong></span> <span class='ocrx_word' id='word_1_282' title='bbox 2251 635 2382 699; x_wconf 81' lang='grc' dir='ltr'>Θεὸς</span> <span class='ocrx_word' id='word_1_283' title='bbox 2410 635 2469 690; x_wconf 79' lang='grc' dir='ltr'>δέ</span> <span class='ocrx_word' id='word_1_284' title='bbox 2526 636 2643 689; x_wconf 72' lang='grc' dir='ltr'>ἐστι</span> <span class='ocrx_word' id='word_1_285' title='bbox 2675 635 2736 688; x_wconf 78' lang='grc' dir='ltr'><strong>τὸ</strong></span> <span class='ocrx_word' id='word_1_286' title='bbox 2792 635 2998 706; x_wconf 82' lang='grc' dir='ltr'>κυρίως</span> <span class='ocrx_word' id='word_1_287' title='bbox 3050 635 3146 689; x_wconf 77' lang='grc' dir='ltr'>καὶ</span> <span class='ocrx_word' id='word_1_288' title='bbox 3192 634 3400 700; x_wconf 83' lang='grc' dir='ltr'>ἁπλῶς</span> <span class='ocrx_word' id='word_1_289' title='bbox 3457 636 3560 698; x_wconf 82' lang='grc' dir='ltr'>ἓν,</span> <span class='ocrx_word' id='word_1_290' title='bbox 3597 636 3735 706; x_wconf 77' lang='grc' dir='ltr'>πρὸς</span> <span class='ocrx_word' id='word_1_291' title='bbox 3761 637 3788 690; x_wconf 85' lang='grc' dir='ltr'><strong>ὃ</strong></span> <span class='ocrx_word' id='word_1_292' title='bbox 3868 688 3880 708; x_wconf 68' lang='grc'><strong>,</strong></span> 
     </span>
    </p>
   </div>
   <div class='ocr_carea' id='block_1_39' title="bbox 481 2202 2057 2278">
    <p class='ocr_par' dir='ltr' id='par_1_39' title="bbox 481 2202 2057 2278">
     <span class='ocr_line' id='line_1_39' title="bbox 481 2202 2057 2278; baseline -0.009 -11"><span class='ocrx_word' id='word_1_293' title='bbox 481 2229 610 2268; x_wconf 75' lang='lat' dir='ltr'><strong>veru</strong></span> <span class='ocrx_word' id='word_1_294' title='bbox 647 2211 881 2267; x_wconf 86' lang='lat' dir='ltr'><strong>dicens:</strong></span> <span class='ocrx_word' id='word_1_295' title='bbox 919 2226 938 2259; x_wconf 78' lang='grc' dir='ltr'><strong>ι</strong></span> <span class='ocrx_word' id='word_1_296' title='bbox 976 2209 1174 2278; x_wconf 75' lang='lat' dir='ltr'><strong>Diliges</strong></span> <span class='ocrx_word' id='word_1_297' title='bbox 1223 2205 1514 2266; x_wconf 85' lang='lat' dir='ltr'><strong>Dominum</strong></span> <span class='ocrx_word' id='word_1_298' title='bbox 1563 2202 1732 2258; x_wconf 90' lang='lat' dir='ltr'><strong>Deum</strong></span> <span class='ocrx_word' id='word_1_299' title='bbox 1778 2211 1934 2256; x_wconf 87' lang='lat' dir='ltr'><strong>tuum</strong></span> <span class='ocrx_word' id='word_1_300' title='bbox 1987 2214 2057 2255; x_wconf 73' lang='lat' dir='ltr'><strong>ex</strong></span> 
     </span>
    </p>
   </div>
   <div class='ocr_carea' id='block_1_40' title="bbox 482 2295 2062 2364">
    <p class='ocr_par' dir='ltr' id='par_1_40' title="bbox 482 2295 2062 2364">
     <span class='ocr_line' id='line_1_40' title="bbox 482 2295 2062 2364; baseline -0.006 -10"><span class='ocrx_word' id='word_1_301' title='bbox 482 2315 594 2358; x_wconf 85' lang='lat' dir='ltr'><strong>tota</strong></span> <span class='ocrx_word' id='word_1_302' title='bbox 653 2305 834 2357; x_wconf 89' lang='lat' dir='ltr'><strong>anima</strong></span> <span class='ocrx_word' id='word_1_303' title='bbox 889 2309 1024 2364; x_wconf 87' lang='lat' dir='ltr'><strong>tua,</strong></span> <span class='ocrx_word' id='word_1_304' title='bbox 1092 2308 1278 2353; x_wconf 82' lang='lat' dir='ltr'><strong>et-ex</strong></span> <span class='ocrx_word' id='word_1_305' title='bbox 1336 2306 1450 2352; x_wconf 87' lang='lat' dir='ltr'><strong>toto</strong></span> <span class='ocrx_word' id='word_1_306' title='bbox 1505 2295 1668 2351; x_wconf 82' lang='lat' dir='ltr'><strong>corde</strong></span> <span class='ocrx_word' id='word_1_307' title='bbox 1720 2303 1856 2358; x_wconf 86' lang='lat' dir='ltr'><strong>tuo,</strong></span> <span class='ocrx_word' id='word_1_308' title='bbox 1921 2300 2062 2346; x_wconf 79' lang='lat' dir='ltr'><strong>etex</strong></span> 
     </span>
    </p>
   </div>
   <div class='ocr_carea' id='block_1_41' title="bbox 481 2383 2065 2456">
    <p class='ocr_par' dir='ltr' id='par_1_41' title="bbox 481 2383 2065 2456">
     <span class='ocr_line' id='line_1_41' title="bbox 481 2383 2065 2456; baseline -0.009 -6"><span class='ocrx_word' id='word_1_309' title='bbox 481 2409 590 2450; x_wconf 87' lang='grc' dir='ltr'>ι›ιι</span> <span class='ocrx_word' id='word_1_310' title='bbox 630 2405 807 2456; x_wconf 66' lang='lat' dir='ltr'><strong>mente</strong></span> <span class='ocrx_word' id='word_1_311' title='bbox 842 2405 958 2447; x_wconf 81' lang='lat' dir='ltr'><strong>tua.</strong></span> <span class='ocrx_word' id='word_1_312' title='bbox 985 2410 1115 2445; x_wconf 79' lang='grc' dir='ltr'>ι-ι</span> <span class='ocrx_word' id='word_1_313' title='bbox 1146 2388 1407 2444; x_wconf 81' lang='lat' dir='ltr'><strong>Dominus</strong></span> <span class='ocrx_word' id='word_1_314' title='bbox 1435 2388 1577 2443; x_wconf 84' lang='lat' dir='ltr'><strong>Deus</strong></span> <span class='ocrx_word' id='word_1_315' title='bbox 1617 2393 1772 2448; x_wconf 90' lang='lat' dir='ltr'><strong>tuus,</strong></span> <span class='ocrx_word' id='word_1_316' title='bbox 1804 2383 2065 2437; x_wconf 82' lang='lat' dir='ltr'><strong>Dominus</strong></span> 
     </span>
    </p>
   </div>
   <div class='ocr_carea' id='block_1_42' title="bbox 493 2475 2061 2551">
    <p class='ocr_par' dir='ltr' id='par_1_42' title="bbox 493 2475 2061 2551">
     <span class='ocr_line' id='line_1_42' title="bbox 493 2475 2061 2551; baseline -0.006 -13"><span class='ocrx_word' id='word_1_317' title='bbox 493 2507 628 2544; x_wconf 70' lang='lat' dir='ltr'><strong>mus</strong></span> <span class='ocrx_word' id='word_1_318' title='bbox 669 2497 774 2542; x_wconf 91' lang='lat' dir='ltr'><strong>est.</strong></span> <span class='ocrx_word' id='word_1_319' title='bbox 816 2504 835 2538; x_wconf 77' lang='grc' dir='ltr'><strong>ι</strong></span> <span class='ocrx_word' id='word_1_320' title='bbox 879 2485 1062 2541; x_wconf 90' lang='lat' dir='ltr'><strong>Unum</strong></span> <span class='ocrx_word' id='word_1_321' title='bbox 1112 2481 1281 2551; x_wconf 81' lang='lat' dir='ltr'><strong>igitur</strong></span> <span class='ocrx_word' id='word_1_322' title='bbox 1330 2489 1414 2535; x_wconf 89' lang='lat' dir='ltr'><strong>est</strong></span> <span class='ocrx_word' id='word_1_323' title='bbox 1455 2477 1714 2542; x_wconf 88' lang='lat' dir='ltr'><strong>amabile,</strong></span> <span class='ocrx_word' id='word_1_324' title='bbox 1769 2475 1916 2546; x_wconf 87' lang='lat' dir='ltr'><strong>quod</strong></span> <span class='ocrx_word' id='word_1_325' title='bbox 1974 2483 2061 2529; x_wconf 83' lang='lat' dir='ltr'><strong>est.</strong></span> 
     </span>
    </p>
   </div>
   <div class='ocr_carea' id='block_1_43' title="bbox 484 2568 2062 2640">
    <p class='ocr_par' dir='ltr' id='par_1_43' title="bbox 484 2568 2062 2640">
     <span class='ocr_line' id='line_1_43' title="bbox 484 2568 2062 2640; baseline -0.01 -4"><span class='ocrx_word' id='word_1_326' title='bbox 484 2582 770 2636; x_wconf 81' lang='lat' dir='ltr'><strong>Trinitatis</strong></span> <span class='ocrx_word' id='word_1_327' title='bbox 815 2578 1018 2634; x_wconf 89' lang='lat' dir='ltr'><strong>unitas.</strong></span> <span class='ocrx_word' id='word_1_328' title='bbox 1070 2575 1204 2640; x_wconf 75' lang='lat' dir='ltr'><strong>Qua:</strong></span> <span class='ocrx_word' id='word_1_329' title='bbox 1257 2573 1422 2627; x_wconf 86' lang='lat' dir='ltr'><strong>menti</strong></span> <span class='ocrx_word' id='word_1_330' title='bbox 1476 2572 1627 2640; x_wconf 85' lang='lat' dir='ltr'><strong>prius</strong></span> <span class='ocrx_word' id='word_1_331' title='bbox 1677 2582 1800 2623; x_wconf 87' lang='lat' dir='ltr'><strong>esse</strong></span> <span class='ocrx_word' id='word_1_332' title='bbox 1854 2568 2062 2631; x_wconf 87' lang='lat' dir='ltr'><strong>debet,</strong></span> 
     </span>
    </p>
   </div>
   <div class='ocr_carea' id='block_1_44' title="bbox 483 2663 2060 2744">
    <p class='ocr_par' dir='ltr' id='par_1_44' title="bbox 483 2663 2060 2744">
     <span class='ocr_line' id='line_1_44' title="bbox 483 2663 2060 2744; baseline -0.01 -17"><span class='ocrx_word' id='word_1_333' title='bbox 483 2688 648 2744; x_wconf 80' lang='lat' dir='ltr'><strong>quam</strong></span> <span class='ocrx_word' id='word_1_334' title='bbox 687 2671 861 2742; x_wconf 90' lang='lat' dir='ltr'><strong>ipsius</strong></span> <span class='ocrx_word' id='word_1_335' title='bbox 892 2684 1068 2724; x_wconf 92' lang='lat' dir='ltr'><strong>amor.</strong></span> <span class='ocrx_word' id='word_1_336' title='bbox 1102 2665 1334 2721; x_wconf 82' lang='lat' dir='ltr'><strong>Mentem</strong></span> <span class='ocrx_word' id='word_1_337' title='bbox 1383 2663 1552 2735; x_wconf 90' lang='lat' dir='ltr'><strong>igitur</strong></span> <span class='ocrx_word' id='word_1_338' title='bbox 1591 2668 1810 2732; x_wconf 88' lang='lat' dir='ltr'><strong>oportet</strong></span> <span class='ocrx_word' id='word_1_339' title='bbox 1855 2671 2060 2729; x_wconf 87' lang='lat' dir='ltr'><strong>cupere</strong></span> 
     </span>
    </p>
   </div>
   <div class='ocr_carea' id='block_1_45' title="bbox 485 2749 2063 2831">
    <p class='ocr_par' dir='ltr' id='par_1_45' title="bbox 485 2749 2063 2831">
     <span class='ocr_line' id='line_1_45' title="bbox 485 2749 2063 2831; baseline -0.01 -9"><span class='ocrx_word' id='word_1_340' title='bbox 485 2777 544 2822; x_wconf 92' lang='lat' dir='ltr'><strong>ut</strong></span> <span class='ocrx_word' id='word_1_341' title='bbox 574 2764 642 2822; x_wconf 84' lang='lat' dir='ltr'><strong>ad</strong></span> <span class='ocrx_word' id='word_1_342' title='bbox 674 2763 804 2831; x_wconf 78' lang='lat' dir='ltr'><strong>illud</strong></span> <span class='ocrx_word' id='word_1_343' title='bbox 833 2774 1000 2820; x_wconf 74' lang='lat' dir='ltr'><strong>Unum</strong></span> <span class='ocrx_word' id='word_1_344' title='bbox 1023 2757 1230 2827; x_wconf 71' lang='lat' dir='ltr'><strong>tendat,</strong></span> <span class='ocrx_word' id='word_1_345' title='bbox 1261 2756 1435 2813; x_wconf 80' lang='lat' dir='ltr'><strong>donec</strong></span> <span class='ocrx_word' id='word_1_346' title='bbox 1474 2752 1622 2807; x_wconf 88' lang='lat' dir='ltr'><strong>illius</strong></span> <span class='ocrx_word' id='word_1_347' title='bbox 1655 2749 1975 2806; x_wconf 83' lang='lat' dir='ltr'><strong>inventione</strong></span> <span class='ocrx_word' id='word_1_348' title='bbox 2007 2757 2063 2806; x_wconf 88' lang='lat' dir='ltr'><strong>et</strong></span> 
     </span>
    </p>
   </div>
   <div class='ocr_carea' id='block_1_46' title="bbox 483 2841 2061 2930">
    <p class='ocr_par' dir='ltr' id='par_1_46' title="bbox 483 2841 2061 2930">
     <span class='ocr_line' id='line_1_46' title="bbox 483 2841 2061 2930; baseline -0.015 -13"><span class='ocrx_word' id='word_1_349' title='bbox 483 2858 963 2930; x_wconf 82' lang='lat' dir='ltr'><strong>contemplatione,</strong></span> <span class='ocrx_word' id='word_1_350' title='bbox 990 2866 1142 2914; x_wconf 84' lang='lat' dir='ltr'><strong>amor</strong></span> <span class='ocrx_word' id='word_1_351' title='bbox 1174 2848 1270 2906; x_wconf 82' lang='lat' dir='ltr'><strong>Dei</strong></span> <span class='ocrx_word' id='word_1_352' title='bbox 1300 2845 1594 2911; x_wconf 75' lang='lat' dir='ltr'><strong>illaecscat</strong></span> <span class='ocrx_word' id='word_1_353' title='bbox 1621 2851 1672 2900; x_wconf 89' lang='lat' dir='ltr'><strong>et</strong></span> <span class='ocrx_word' id='word_1_354' title='bbox 1699 2844 1860 2900; x_wconf 88' lang='lat' dir='ltr'><strong>homo</strong></span> <span class='ocrx_word' id='word_1_355' title='bbox 1889 2841 2061 2913; x_wconf 85' lang='lat' dir='ltr'><strong>possit</strong></span> 
     </span>
    </p>
   </div>
   <div class='ocr_carea' id='block_1_47' title="bbox 484 2935 2059 3021">
    <p class='ocr_par' dir='ltr' id='par_1_47' title="bbox 484 2935 2059 3021">
     <span class='ocr_line' id='line_1_47' title="bbox 484 2935 2059 3021; baseline -0.015 -10"><span class='ocrx_word' id='word_1_356' title='bbox 484 2956 598 3012; x_wconf 81' lang='lat' dir='ltr'><strong>ﬁeri</strong></span> <span class='ocrx_word' id='word_1_357' title='bbox 636 2952 874 3009; x_wconf 86' lang='lat' dir='ltr'><strong>mandati</strong></span> <span class='ocrx_word' id='word_1_358' title='bbox 911 2950 1075 3021; x_wconf 84' lang='lat' dir='ltr'><strong>hujus</strong></span> <span class='ocrx_word' id='word_1_359' title='bbox 1115 2947 1454 3009; x_wconf 86' lang='lat' dir='ltr'><strong>observator,</strong></span> <span class='ocrx_word' id='word_1_360' title='bbox 1484 2939 1740 3012; x_wconf 73' lang='lat' dir='ltr'><strong>diligens,</strong></span> <span class='ocrx_word' id='word_1_361' title='bbox 1769 2946 1828 2992; x_wconf 93' lang='lat' dir='ltr'><strong>ut</strong></span> <span class='ocrx_word' id='word_1_362' title='bbox 1856 2935 2059 2991; x_wconf 79' lang='lat' dir='ltr'><strong>dictum</strong></span> 
     </span>
    </p>
   </div>
   <div class='ocr_carea' id='block_1_48' title="bbox 481 3042 1330 3112">
    <p class='ocr_par' dir='ltr' id='par_1_48' title="bbox 481 3042 1330 3112">
     <span class='ocr_line' id='line_1_48' title="bbox 481 3042 1330 3112; baseline -0.012 -6"><span class='ocrx_word' id='word_1_363' title='bbox 481 3057 588 3112; x_wconf 89' lang='lat' dir='ltr'><strong>est,</strong></span> <span class='ocrx_word' id='word_1_364' title='bbox 625 3047 912 3104; x_wconf 87' lang='lat' dir='ltr'><strong>Dominum</strong></span> <span class='ocrx_word' id='word_1_365' title='bbox 945 3042 1116 3098; x_wconf 91' lang='lat' dir='ltr'><strong>Deum</strong></span> <span class='ocrx_word' id='word_1_366' title='bbox 1147 3053 1330 3097; x_wconf 89' lang='lat' dir='ltr'><strong>suum.</strong></span> 
     </span>
    </p>
   </div>
   <div class='ocr_carea' id='block_1_49' title="bbox 2150 2211 3768 2284">
    <p class='ocr_par' dir='ltr' id='par_1_49' title="bbox 2150 2211 3768 2284">
     <span class='ocr_line' id='line_1_49' title="bbox 2150 2211 3768 2284; baseline 0 -18"><span class='ocrx_word' id='word_1_367' title='bbox 2150 2211 2355 2283; x_wconf 78' lang='grc' dir='ltr'>λῆφθαι</span> <span class='ocrx_word' id='word_1_368' title='bbox 2383 2211 2478 2266; x_wconf 89' lang='grc' dir='ltr'><strong>τοῦ</strong></span> <span class='ocrx_word' id='word_1_369' title='bbox 2507 2212 2842 2284; x_wconf 81' lang='grc' dir='ltr'>κρείσσονος,</span> <span class='ocrx_word' id='word_1_370' title='bbox 2873 2212 2901 2266; x_wconf 86' lang='lat'><strong>6</strong></span> <span class='ocrx_word' id='word_1_371' title='bbox 2931 2214 3080 2266; x_wconf 80' lang='grc' dir='ltr'>ἐστιν</span> <span class='ocrx_word' id='word_1_372' title='bbox 3115 2215 3143 2267; x_wconf 92' lang='lat'><strong>6</strong></span> <span class='ocrx_word' id='word_1_373' title='bbox 3183 2214 3320 2278; x_wconf 76' lang='grc' dir='ltr'><strong>Θεὸς</strong></span> <span class='ocrx_word' id='word_1_374' title='bbox 3340 2231 3356 2247; x_wconf 77' lang='grc' dir='ltr'><strong><em>ο</em></strong></span> <span class='ocrx_word' id='word_1_375' title='bbox 3385 2217 3413 2269; x_wconf 94' lang='lat'><strong>6</strong></span> <span class='ocrx_word' id='word_1_376' title='bbox 3441 2215 3522 2278; x_wconf 78' lang='grc' dir='ltr'><strong>δὲ,</strong></span> <span class='ocrx_word' id='word_1_377' title='bbox 3563 2233 3581 2266; x_wconf 78' lang='grc' dir='ltr'><strong>ι</strong></span> <span class='ocrx_word' id='word_1_378' title='bbox 3606 2215 3768 2282; x_wconf 71' lang='grc' dir='ltr'><strong>⁹Δγα-</strong></span> 
     </span>
    </p>
   </div>
   <div class='ocr_carea' id='block_1_50' title="bbox 2152 2303 3769 2376">
    <p class='ocr_par' dir='ltr' id='par_1_50' title="bbox 2152 2303 3769 2376">
     <span class='ocr_line' id='line_1_50' title="bbox 2152 2303 3769 2376; baseline 0 -18"><span class='ocrx_word' id='word_1_379' title='bbox 2152 2306 2369 2376; x_wconf 76' lang='grc' dir='ltr'>πήσεις,</span> <span class='ocrx_word' id='word_1_380' title='bbox 2427 2304 2623 2374; x_wconf 83' lang='grc' dir='ltr'>λέγων,</span> <span class='ocrx_word' id='word_1_381' title='bbox 2677 2304 2884 2376; x_wconf 79' lang='grc' dir='ltr'>Κύριον</span> <span class='ocrx_word' id='word_1_382' title='bbox 2921 2305 3011 2358; x_wconf 88' lang='grc' dir='ltr'><strong>τὸν</strong></span> <span class='ocrx_word' id='word_1_383' title='bbox 3041 2305 3174 2358; x_wconf 86' lang='grc' dir='ltr'>Θεόν</span> <span class='ocrx_word' id='word_1_384' title='bbox 3210 2303 3307 2360; x_wconf 71' lang='grc' dir='ltr'>ο⁴ου</span> <span class='ocrx_word' id='word_1_385' title='bbox 3371 2307 3435 2372; x_wconf 80' lang='grc' dir='ltr'>ἐξ</span> <span class='ocrx_word' id='word_1_386' title='bbox 3491 2307 3622 2376; x_wconf 77' lang='grc' dir='ltr'>ὅλης</span> <span class='ocrx_word' id='word_1_387' title='bbox 3672 2305 3769 2374; x_wconf 83' lang='grc' dir='ltr'><strong>τῆς</strong></span> 
     </span>
    </p>
   </div>
   <div class='ocr_carea' id='block_1_51' title="bbox 2150 2396 3766 2468">
    <p class='ocr_par' dir='ltr' id='par_1_51' title="bbox 2150 2396 3766 2468">
     <span class='ocr_line' id='line_1_51' title="bbox 2150 2396 3766 2468; baseline 0.001 -20"><span class='ocrx_word' id='word_1_388' title='bbox 2150 2396 2330 2468; x_wconf 71' lang='grc' dir='ltr'>ψυχῆς</span> <span class='ocrx_word' id='word_1_389' title='bbox 2390 2415 2506 2463; x_wconf 83' lang='grc' dir='ltr'>σου,</span> <span class='ocrx_word' id='word_1_390' title='bbox 2539 2398 2634 2451; x_wconf 70' lang='grc' dir='ltr'>καὶ</span> <span class='ocrx_word' id='word_1_391' title='bbox 2683 2396 2743 2462; x_wconf 76' lang='grc' dir='ltr'><strong>ἐξ</strong></span> <span class='ocrx_word' id='word_1_392' title='bbox 2779 2397 2910 2468; x_wconf 82' lang='grc' dir='ltr'>ὅλης</span> <span class='ocrx_word' id='word_1_393' title='bbox 2964 2398 3066 2466; x_wconf 78' lang='grc' dir='ltr'><strong>τῆς</strong></span> <span class='ocrx_word' id='word_1_394' title='bbox 3115 2399 3350 2467; x_wconf 85' lang='grc' dir='ltr'>καρδίας</span> <span class='ocrx_word' id='word_1_395' title='bbox 3404 2416 3526 2464; x_wconf 80' lang='grc' dir='ltr'>σου,</span> <span class='ocrx_word' id='word_1_396' title='bbox 3589 2399 3682 2452; x_wconf 75' lang='grc' dir='ltr'>καὶ</span> <span class='ocrx_word' id='word_1_397' title='bbox 3710 2397 3766 2462; x_wconf 79' lang='grc' dir='ltr'>ἐξ</span> 
     </span>
    </p>
   </div>
   <div class='ocr_carea' id='block_1_52' title="bbox 2151 2488 3765 2561">
    <p class='ocr_par' dir='ltr' id='par_1_52' title="bbox 2151 2488 3765 2561">
     <span class='ocr_line' id='line_1_52' title="bbox 2151 2488 3765 2561; baseline -0.002 -17"><span class='ocrx_word' id='word_1_398' title='bbox 2151 2491 2280 2560; x_wconf 76' lang='grc' dir='ltr'>ὅλης</span> <span class='ocrx_word' id='word_1_399' title='bbox 2309 2490 2408 2559; x_wconf 81' lang='grc' dir='ltr'><strong>τῆς</strong></span> <span class='ocrx_word' id='word_1_400' title='bbox 2437 2489 2678 2552; x_wconf 77' lang='grc' dir='ltr'>διανοίας</span> <span class='ocrx_word' id='word_1_401' title='bbox 2723 2507 2838 2545; x_wconf 88' lang='grc' dir='ltr'>σου,</span> <span class='ocrx_word' id='word_1_402' title='bbox 2877 2509 2895 2541; x_wconf 73' lang='grc' dir='ltr'><strong>ι</strong></span> <span class='ocrx_word' id='word_1_403' title='bbox 2950 2520 3022 2530; x_wconf 92' lang='lat'><strong>-—</strong></span> <span class='ocrx_word' id='word_1_404' title='bbox 3081 2511 3097 2542; x_wconf 80' lang='grc' dir='ltr'><strong>ι</strong></span> <span class='ocrx_word' id='word_1_405' title='bbox 3129 2488 3337 2561; x_wconf 80' lang='grc' dir='ltr'>Κύριος</span> <span class='ocrx_word' id='word_1_406' title='bbox 3376 2493 3435 2546; x_wconf 81' lang='grc' dir='ltr'><em>δέ</em></span> <span class='ocrx_word' id='word_1_407' title='bbox 3470 2510 3552 2544; x_wconf 86' lang='grc' dir='ltr'><strong>τοι</strong></span> <span class='ocrx_word' id='word_1_408' title='bbox 3583 2493 3610 2545; x_wconf 82' lang='lat'><strong>6</strong></span> <span class='ocrx_word' id='word_1_409' title='bbox 3639 2491 3765 2553; x_wconf 68' lang='grc' dir='ltr'>Θεές</span> 
     </span>
    </p>
   </div>
   <div class='ocr_carea' id='block_1_53' title="bbox 2153 2577 3759 2655">
    <p class='ocr_par' dir='ltr' id='par_1_53' title="bbox 2153 2577 3759 2655">
     <span class='ocr_line' id='line_1_53' title="bbox 2153 2577 3759 2655; baseline -0.001 -18"><span class='ocrx_word' id='word_1_410' title='bbox 2153 2601 2268 2643; x_wconf 83' lang='grc' dir='ltr'>σου,</span> <span class='ocrx_word' id='word_1_411' title='bbox 2326 2583 2530 2653; x_wconf 84' lang='grc' dir='ltr'>Κύριος</span> <span class='ocrx_word' id='word_1_412' title='bbox 2563 2577 2644 2645; x_wconf 77' lang='grc' dir='ltr'>εἷς</span> <span class='ocrx_word' id='word_1_413' title='bbox 2675 2582 2818 2636; x_wconf 75' lang='grc' dir='ltr'>ἐστι.</span> <span class='ocrx_word' id='word_1_414' title='bbox 2854 2603 2870 2633; x_wconf 78' lang='grc' dir='ltr'><strong>ι</strong></span> <span class='ocrx_word' id='word_1_415' title='bbox 2935 2584 3032 2636; x_wconf 79' lang='grc' dir='ltr'><strong>’Ἑν</strong></span> <span class='ocrx_word' id='word_1_416' title='bbox 3090 2584 3198 2652; x_wconf 83' lang='grc' dir='ltr'>ἄρα</span> <span class='ocrx_word' id='word_1_417' title='bbox 3233 2587 3355 2638; x_wconf 72' lang='grc' dir='ltr'>ἐστὶ</span> <span class='ocrx_word' id='word_1_418' title='bbox 3404 2586 3466 2639; x_wconf 84' lang='grc' dir='ltr'><strong>τὸ</strong></span> <span class='ocrx_word' id='word_1_419' title='bbox 3513 2585 3759 2655; x_wconf 76' lang='grc' dir='ltr'>ἐραστὸν,</span> 
     </span>
    </p>
   </div>
   <div class='ocr_carea' id='block_1_54' title="bbox 2150 2675 3761 2748">
    <p class='ocr_par' dir='ltr' id='par_1_54' title="bbox 2150 2675 3761 2748">
     <span class='ocr_line' id='line_1_54' title="bbox 2150 2675 3761 2748; baseline -0.001 -18"><span class='ocrx_word' id='word_1_420' title='bbox 2150 2677 2289 2747; x_wconf 86' lang='grc' dir='ltr'>ὅπερ</span> <span class='ocrx_word' id='word_1_421' title='bbox 2320 2678 2471 2729; x_wconf 70' lang='grc' dir='ltr'>ἐστὶν</span> <span class='ocrx_word' id='word_1_422' title='bbox 2520 2677 2553 2745; x_wconf 78' lang='grc' dir='ltr'>ἡ</span> <span class='ocrx_word' id='word_1_423' title='bbox 2587 2675 2851 2747; x_wconf 81' lang='grc' dir='ltr'>Τριαδικὴ</span> <span class='ocrx_word' id='word_1_424' title='bbox 2889 2677 3014 2740; x_wconf 61' lang='lat' dir='ltr'><strong>sva;</strong></span> <span class='ocrx_word' id='word_1_425' title='bbox 3039 2694 3054 2711; x_wconf 80' lang='grc' dir='ltr'><strong><em>ο</em></strong></span> <span class='ocrx_word' id='word_1_426' title='bbox 3100 2677 3219 2748; x_wconf 80' lang='grc' dir='ltr'>ἥτις</span> <span class='ocrx_word' id='word_1_427' title='bbox 3248 2677 3314 2748; x_wconf 79' lang='grc' dir='ltr'>δὴ</span> <span class='ocrx_word' id='word_1_428' title='bbox 3373 2680 3472 2731; x_wconf 74' lang='grc' dir='ltr'><strong>καὶ</strong></span> <span class='ocrx_word' id='word_1_429' title='bbox 3516 2679 3761 2746; x_wconf 80' lang='grc' dir='ltr'>προεῖναι</span> 
     </span>
    </p>
   </div>
   <div class='ocr_carea' id='block_1_55' title="bbox 2149 2767 3760 2841">
    <p class='ocr_par' dir='ltr' id='par_1_55' title="bbox 2149 2767 3760 2841">
     <span class='ocr_line' id='line_1_55' title="bbox 2149 2767 3760 2841; baseline -0.001 -19"><span class='ocrx_word' id='word_1_430' title='bbox 2149 2767 2356 2836; x_wconf 75' lang='grc' dir='ltr'>ὀφείλει</span> <span class='ocrx_word' id='word_1_431' title='bbox 2413 2767 2489 2838; x_wconf 83' lang='grc' dir='ltr'>τῷ</span> <span class='ocrx_word' id='word_1_432' title='bbox 2538 2767 2614 2839; x_wconf 80' lang='grc' dir='ltr'>νῷ</span> <span class='ocrx_word' id='word_1_433' title='bbox 2663 2768 2758 2822; x_wconf 82' lang='grc' dir='ltr'><strong>τοῦ</strong></span> <span class='ocrx_word' id='word_1_434' title='bbox 2799 2769 2930 2839; x_wconf 59' lang='grc' dir='ltr'><strong>περ’(¹</strong></span> <span class='ocrx_word' id='word_1_435' title='bbox 2984 2769 3157 2838; x_wconf 80' lang='grc' dir='ltr'>αὐτὴν</span> <span class='ocrx_word' id='word_1_436' title='bbox 3207 2768 3462 2840; x_wconf 74' lang='grc' dir='ltr'>ἔρωτος’</span> <span class='ocrx_word' id='word_1_437' title='bbox 3520 2769 3657 2841; x_wconf 78' lang='grc' dir='ltr'>πρὸς</span> <span class='ocrx_word' id='word_1_438' title='bbox 3704 2769 3760 2821; x_wconf 85' lang='grc' dir='ltr'><strong>τὸ</strong></span> 
     </span>
    </p>
   </div>
   <div class='ocr_carea' id='block_1_56' title="bbox 2151 2859 3759 2934">
    <p class='ocr_par' dir='ltr' id='par_1_56' title="bbox 2151 2859 3759 2934">
     <span class='ocr_line' id='line_1_56' title="bbox 2151 2859 3759 2934; baseline -0.002 -18"><span class='ocrx_word' id='word_1_439' title='bbox 2151 2862 2524 2934; x_wconf 75' lang='grc' dir='ltr'>ὑπερκὸσμιον</span> <span class='ocrx_word' id='word_1_440' title='bbox 2555 2861 2664 2931; x_wconf 80' lang='grc' dir='ltr'>ἄρα</span> <span class='ocrx_word' id='word_1_441' title='bbox 2713 2861 2772 2914; x_wconf 80' lang='grc' dir='ltr'>ἓν</span> <span class='ocrx_word' id='word_1_442' title='bbox 2813 2859 3178 2914; x_wconf 80' lang='grc' dir='ltr'>ἀνατετᾶσθαι</span> <span class='ocrx_word' id='word_1_443' title='bbox 3221 2861 3317 2914; x_wconf 76' lang='grc' dir='ltr'><strong>τὸν</strong></span> <span class='ocrx_word' id='word_1_444' title='bbox 3356 2861 3486 2914; x_wconf 83' lang='grc' dir='ltr'>νοῦν</span> <span class='ocrx_word' id='word_1_445' title='bbox 3517 2860 3759 2930; x_wconf 71' lang='grc' dir='ltr'>ἐφίεσθαι</span> 
     </span>
    </p>
   </div>
   <div class='ocr_carea' id='block_1_57' title="bbox 2148 2952 3756 3031">
    <p class='ocr_par' dir='ltr' id='par_1_57' title="bbox 2148 2952 3756 3031">
     <span class='ocr_line' id='line_1_57' title="bbox 2148 2952 3756 3031; baseline -0.004 -20"><span class='ocrx_word' id='word_1_446' title='bbox 2148 2956 2248 3021; x_wconf 80' lang='grc' dir='ltr'>δεῖ,</span> <span class='ocrx_word' id='word_1_447' title='bbox 2307 2956 2384 3019; x_wconf 80' lang='grc' dir='ltr'>ὡς</span> <span class='ocrx_word' id='word_1_448' title='bbox 2428 2954 2495 3009; x_wconf 83' lang='grc' dir='ltr'>ἂν</span> <span class='ocrx_word' id='word_1_449' title='bbox 2541 2957 2607 3026; x_wconf 74' lang='grc' dir='ltr'>τῇ</span> <span class='ocrx_word' id='word_1_450' title='bbox 2653 2953 2889 3024; x_wconf 78' lang='grc' dir='ltr'>εὑρέσει,</span> <span class='ocrx_word' id='word_1_451' title='bbox 2941 2954 3035 3008; x_wconf 71' lang='grc' dir='ltr'>καὶ</span> <span class='ocrx_word' id='word_1_452' title='bbox 3084 2953 3291 3031; x_wconf 64' lang='grc' dir='ltr'>θεωρίᾳ</span> <span class='ocrx_word' id='word_1_453' title='bbox 3327 2955 3549 3022; x_wconf 73' lang='grc' dir='ltr'>τούτου,</span> <span class='ocrx_word' id='word_1_454' title='bbox 3597 2955 3686 3008; x_wconf 82' lang='grc' dir='ltr'><strong>καὶ</strong></span> <span class='ocrx_word' id='word_1_455' title='bbox 3730 2952 3756 3005; x_wconf 88' lang='lat'><strong>6</strong></span> 
     </span>
    </p>
   </div>
   <div class='ocr_carea' id='block_1_58' title="bbox 2151 3044 3754 3120">
    <p class='ocr_par' dir='ltr' id='par_1_58' title="bbox 2151 3044 3754 3120">
     <span class='ocr_line' id='line_1_58' title="bbox 2151 3044 3754 3120; baseline -0.004 -19"><span class='ocrx_word' id='word_1_456' title='bbox 2151 3047 2284 3120; x_wconf 71' lang='grc' dir='ltr'>περὶ</span> <span class='ocrx_word' id='word_1_457' title='bbox 2334 3047 2468 3102; x_wconf 84' lang='grc' dir='ltr'>αὑτὸ</span> <span class='ocrx_word' id='word_1_458' title='bbox 2498 3045 2798 3118; x_wconf 65' lang='grc' dir='ltr'><strong>ἀναλάμψῃ</strong></span> <span class='ocrx_word' id='word_1_459' title='bbox 2827 3045 2989 3115; x_wconf 77' lang='grc' dir='ltr'>ἔρως,</span> <span class='ocrx_word' id='word_1_460' title='bbox 3024 3045 3118 3098; x_wconf 73' lang='grc' dir='ltr'><strong>καὶ</strong></span> <span class='ocrx_word' id='word_1_461' title='bbox 3153 3045 3458 3116; x_wconf 78' lang='grc' dir='ltr'>πληρωτὴς</span> <span class='ocrx_word' id='word_1_462' title='bbox 3494 3049 3521 3099; x_wconf 81' lang='lat'><strong>6</strong></span> <span class='ocrx_word' id='word_1_463' title='bbox 3553 3044 3754 3110; x_wconf 72' lang='grc' dir='ltr'><strong>ᾶ-..θρω-</strong></span> 
     </span>
    </p>
   </div>
   <div class='ocr_carea' id='block_1_59' title="bbox 479 3120 3751 3214">
    <p class='ocr_par' dir='ltr' id='par_1_59' title="bbox 479 3120 3751 3214">
     <span class='ocr_line' id='line_1_59' title="bbox 479 3120 3751 3214; baseline -0.006 -22"><span class='ocrx_word' id='word_1_464' title='bbox 479 3157 579 3201; x_wconf 65' lang='grc' dir='ltr'><strong>τος</strong></span> <span class='ocrx_word' id='word_1_465' title='bbox 607 3141 863 3207; x_wconf 58' lang='grc' dir='ltr'>γενέσθαι</span> <span class='ocrx_word' id='word_1_466' title='bbox 891 3139 1151 3214; x_wconf 81' lang='grc' dir='ltr'><strong>δυνηθείη</strong></span> <span class='ocrx_word' id='word_1_467' title='bbox 1174 3139 1267 3196; x_wconf 84' lang='grc' dir='ltr'><strong>τοῦ</strong></span> <span class='ocrx_word' id='word_1_468' title='bbox 1300 3156 1359 3192; x_wconf 90' lang='grc' dir='ltr'><strong>τε</strong></span> <span class='ocrx_word' id='word_1_469' title='bbox 1379 3139 1544 3209; x_wconf 61' lang='grc' dir='ltr'>νόμον</span> <span class='ocrx_word' id='word_1_470' title='bbox 1571 3137 1666 3192; x_wconf 80' lang='grc' dir='ltr'>καὶ</span> <span class='ocrx_word' id='word_1_471' title='bbox 1704 3137 1804 3209; x_wconf 78' lang='grc' dir='ltr'><strong>τῆς</strong></span> <span class='ocrx_word' id='word_1_472' title='bbox 1833 3139 2073 3208; x_wconf 73' lang='grc' dir='ltr'>ἓντολῆς,</span> <span class='ocrx_word' id='word_1_473' title='bbox 2111 3132 2410 3214; x_wconf 73' lang='grc' dir='ltr'>ἀγαπὴσκς</span> <span class='ocrx_word' id='word_1_474' title='bbox 2445 3127 2588 3186; x_wconf 78' lang='grc' dir='ltr'>κατὰ</span> <span class='ocrx_word' id='word_1_475' title='bbox 2612 3127 2680 3180; x_wconf 80' lang='grc' dir='ltr'>τὰ</span> <span class='ocrx_word' id='word_1_476' title='bbox 2717 3128 2987 3200; x_wconf 71' lang='grc' dir='ltr'>εἰρημένα</span> <span class='ocrx_word' id='word_1_477' title='bbox 3026 3128 3232 3199; x_wconf 81' lang='grc' dir='ltr'>Κύριον</span> <span class='ocrx_word' id='word_1_478' title='bbox 3257 3132 3353 3181; x_wconf 68' lang='grc' dir='ltr'><strong>τὸν</strong></span> <span class='ocrx_word' id='word_1_479' title='bbox 3407 3130 3464 3175; x_wconf 63' lang='lat' dir='ltr'><strong>ﬂ,</strong></span> <span class='ocrx_word' id='word_1_480' title='bbox 3485 3127 3546 3178; x_wconf 78' lang='grc' dir='ltr'><strong>ὸν</strong></span> <span class='ocrx_word' id='word_1_481' title='bbox 3570 3120 3751 3186; x_wconf 81' lang='grc' dir='ltr'>αὑτοῦ,</span> 
     </span>
    </p>
   </div>
   <div class='ocr_carea' id='block_1_60' title="bbox 554 3209 2061 3298">
    <p class='ocr_par' dir='ltr' id='par_1_60' title="bbox 554 3209 2061 3298">
     <span class='ocr_line' id='line_1_60' title="bbox 554 3209 2061 3298; baseline -0.007 -13"><span class='ocrx_word' id='word_1_482' title='bbox 554 3231 646 3290; x_wconf 65' lang='grc'><strong>24,</strong></span> <span class='ocrx_word' id='word_1_483' title='bbox 678 3209 1020 3298; x_wconf 73' lang='lat' dir='ltr'><strong>lmpOSsibile</strong></span> <span class='ocrx_word' id='word_1_484' title='bbox 1050 3209 1145 3282; x_wconf 90' lang='lat' dir='ltr'><strong>est</strong></span> <span class='ocrx_word' id='word_1_485' title='bbox 1166 3235 1402 3280; x_wconf 90' lang='lat' dir='ltr'><strong>mentem</strong></span> <span class='ocrx_word' id='word_1_486' title='bbox 1453 3226 1517 3278; x_wconf 88' lang='lat' dir='ltr'><strong>ad</strong></span> <span class='ocrx_word' id='word_1_487' title='bbox 1550 3222 1686 3280; x_wconf 90' lang='lat' dir='ltr'><strong>illud</strong></span> <span class='ocrx_word' id='word_1_488' title='bbox 1721 3239 1886 3292; x_wconf 88' lang='lat' dir='ltr'><strong>supra</strong></span> <span class='ocrx_word' id='word_1_489' title='bbox 1913 3221 2061 3290; x_wconf 87' lang='lat' dir='ltr'><strong>cogi-</strong></span> 
     </span>
    </p>
   </div>
   <div class='ocr_carea' id='block_1_61' title="bbox 2158 3209 3763 3298">
    <p class='ocr_par' dir='ltr' id='par_1_61' title="bbox 2231 3209 3763 3286">
     <span class='ocr_line' id='line_1_61' title="bbox 2231 3209 3763 3286; baseline -0.002 -17"><span class='ocrx_word' id='word_1_490' title='bbox 2231 3213 2331 3270; x_wconf 84' lang='grc' dir='ltr'>κδ’.</span> <span class='ocrx_word' id='word_1_491' title='bbox 2390 3215 2720 3286; x_wconf 78' lang='grc' dir='ltr'>Ἀμήχανον,</span> <span class='ocrx_word' id='word_1_492' title='bbox 2769 3215 3153 3286; x_wconf 75' lang='grc' dir='ltr'>ἁναόεόηκότα</span> <span class='ocrx_word' id='word_1_493' title='bbox 3200 3214 3294 3268; x_wconf 79' lang='grc' dir='ltr'><strong>τὸν</strong></span> <span class='ocrx_word' id='word_1_494' title='bbox 3353 3215 3487 3268; x_wconf 85' lang='grc' dir='ltr'>νοῦν</span> <span class='ocrx_word' id='word_1_495' title='bbox 3544 3213 3678 3284; x_wconf 78' lang='grc' dir='ltr'>πρὸς</span> <span class='ocrx_word' id='word_1_496' title='bbox 3709 3209 3763 3258; x_wconf 77' lang='grc' dir='ltr'>τὸ</span> 
     </span>
    </p>
   </div>
   <div class='ocr_carea' id='block_1_62' title="bbox 488 3311 2066 3391">
    <p class='ocr_par' dir='ltr' id='par_1_62' title="bbox 488 3311 2066 3391">
     <span class='ocr_line' id='line_1_62' title="bbox 488 3311 2066 3391; baseline -0.006 -13"><span class='ocrx_word' id='word_1_497' title='bbox 488 3325 749 3378; x_wconf 81' lang='lat' dir='ltr'><strong>tationem</strong></span> <span class='ocrx_word' id='word_1_498' title='bbox 779 3337 974 3391; x_wconf 90' lang='lat' dir='ltr'><strong>unum,</strong></span> <span class='ocrx_word' id='word_1_499' title='bbox 1010 3318 1129 3376; x_wconf 90' lang='lat' dir='ltr'><strong>sine</strong></span> <span class='ocrx_word' id='word_1_500' title='bbox 1164 3318 1325 3387; x_wconf 82' lang='lat' dir='ltr'><strong>hujus</strong></span> <span class='ocrx_word' id='word_1_501' title='bbox 1358 3331 1545 3372; x_wconf 89' lang='lat' dir='ltr'><strong>amore</strong></span> <span class='ocrx_word' id='word_1_502' title='bbox 1591 3329 1898 3371; x_wconf 86' lang='lat' dir='ltr'><strong>remanere.</strong></span> <span class='ocrx_word' id='word_1_503' title='bbox 1926 3311 2066 3368; x_wconf 59' lang='lat' dir='ltr'><strong>Inel‘.</strong></span> 
     </span>
    </p>
   </div>
   <div class='ocr_carea' id='block_1_63' title="bbox 491 3407 2064 3479">
    <p class='ocr_par' dir='ltr' id='par_1_63' title="bbox 491 3407 2064 3479">
     <span class='ocr_line' id='line_1_63' title="bbox 491 3407 2064 3479; baseline -0.004 -11"><span class='ocrx_word' id='word_1_504' title='bbox 491 3416 670 3471; x_wconf 78' lang='lat' dir='ltr'><strong>rabilis</strong></span> <span class='ocrx_word' id='word_1_505' title='bbox 713 3415 858 3468; x_wconf 91' lang='lat' dir='ltr'><strong>enim</strong></span> <span class='ocrx_word' id='word_1_506' title='bbox 909 3422 963 3466; x_wconf 92' lang='lat' dir='ltr'><strong>et</strong></span> <span class='ocrx_word' id='word_1_507' title='bbox 1007 3409 1380 3478; x_wconf 83' lang='lat' dir='ltr'><strong>inscrutabilis</strong></span> <span class='ocrx_word' id='word_1_508' title='bbox 1432 3407 1785 3479; x_wconf 86' lang='lat' dir='ltr'><strong>pulchritudo</strong></span> <span class='ocrx_word' id='word_1_509' title='bbox 1842 3422 1909 3461; x_wconf 85' lang='lat' dir='ltr'><strong>ex</strong></span> <span class='ocrx_word' id='word_1_510' title='bbox 1943 3407 2064 3476; x_wconf 92' lang='lat' dir='ltr'><strong>ipso</strong></span> 
     </span>
    </p>
   </div>
   <div class='ocr_carea' id='block_1_64' title="bbox 488 3498 2064 3580">
    <p class='ocr_par' dir='ltr' id='par_1_64' title="bbox 488 3498 2064 3580">
     <span class='ocr_line' id='line_1_64' title="bbox 488 3498 2064 3580; baseline -0.004 -20"><span class='ocrx_word' id='word_1_511' title='bbox 488 3507 790 3580; x_wconf 78' lang='lat' dir='ltr'><strong>procedens</strong></span> <span class='ocrx_word' id='word_1_512' title='bbox 829 3514 1087 3575; x_wconf 85' lang='lat' dir='ltr'><strong>tanquam</strong></span> <span class='ocrx_word' id='word_1_513' title='bbox 1129 3517 1194 3557; x_wconf 82' lang='lat' dir='ltr'><strong>ex</strong></span> <span class='ocrx_word' id='word_1_514' title='bbox 1232 3501 1592 3571; x_wconf 88' lang='lat' dir='ltr'><strong>omnipotenti</strong></span> <span class='ocrx_word' id='word_1_515' title='bbox 1638 3499 1844 3564; x_wconf 81' lang='lat' dir='ltr'><strong>radice,</strong></span> <span class='ocrx_word' id='word_1_516' title='bbox 1891 3498 2064 3554; x_wconf 84' lang='lat' dir='ltr'><strong>menti</strong></span> 
     </span>
    </p>
   </div>
   <div class='ocr_carea' id='block_1_65' title="bbox 488 3591 2063 3665">
    <p class='ocr_par' dir='ltr' id='par_1_65' title="bbox 488 3591 2063 3665">
     <span class='ocr_line' id='line_1_65' title="bbox 488 3591 2063 3665; baseline -0.006 -12"><span class='ocrx_word' id='word_1_517' title='bbox 488 3603 750 3655; x_wconf 77' lang='lat' dir='ltr'><strong>occurrit.</strong></span> <span class='ocrx_word' id='word_1_518' title='bbox 789 3597 857 3652; x_wconf 87' lang='lat' dir='ltr'><strong>Et</strong></span> <span class='ocrx_word' id='word_1_519' title='bbox 889 3606 1149 3665; x_wconf 87' lang='lat' dir='ltr'><strong>tanquam</strong></span> <span class='ocrx_word' id='word_1_520' title='bbox 1182 3601 1296 3649; x_wconf 88' lang='lat' dir='ltr'><strong>rete</strong></span> <span class='ocrx_word' id='word_1_521' title='bbox 1329 3592 1476 3662; x_wconf 91' lang='lat' dir='ltr'><strong>quod</strong></span> <span class='ocrx_word' id='word_1_522' title='bbox 1504 3601 1786 3662; x_wconf 86' lang='lat' dir='ltr'><strong>captorum</strong></span> <span class='ocrx_word' id='word_1_523' title='bbox 1830 3591 2063 3661; x_wconf 89' lang='lat' dir='ltr'><strong>piscium</strong></span> 
     </span>
    </p>
   </div>
   <div class='ocr_carea' id='block_1_66' title="bbox 435 3682 2066 3768">
    <p class='ocr_par' dir='ltr' id='par_1_66' title="bbox 435 3682 2066 3768">
     <span class='ocr_line' id='line_1_66' title="bbox 435 3682 2066 3768; baseline -0.004 -25"><span class='ocrx_word' id='word_1_524' title='bbox 435 3765 438 3768; x_wconf 8' lang='grc' dir='ltr'><strong><em>ἢ</em></strong></span> <span class='ocrx_word' id='word_1_525' title='bbox 491 3690 837 3745; x_wconf 86' lang='lat' dir='ltr'><strong>multitudine</strong></span> <span class='ocrx_word' id='word_1_526' title='bbox 873 3689 985 3758; x_wconf 68' lang='lat' dir='ltr'><strong>jam</strong></span> <span class='ocrx_word' id='word_1_527' title='bbox 1035 3687 1087 3741; x_wconf 91' lang='lat' dir='ltr'><strong>in</strong></span> <span class='ocrx_word' id='word_1_528' title='bbox 1134 3700 1201 3741; x_wconf 93' lang='lat' dir='ltr'><strong>eo</strong></span> <span class='ocrx_word' id='word_1_529' title='bbox 1256 3693 1337 3741; x_wconf 88' lang='lat' dir='ltr'><strong>est</strong></span> <span class='ocrx_word' id='word_1_530' title='bbox 1391 3694 1449 3740; x_wconf 92' lang='lat' dir='ltr'><strong>ut</strong></span> <span class='ocrx_word' id='word_1_531' title='bbox 1504 3693 1816 3754; x_wconf 87' lang='lat' dir='ltr'><strong>rumpatur,</strong></span> <span class='ocrx_word' id='word_1_532' title='bbox 1876 3682 2066 3740; x_wconf 87' lang='lat' dir='ltr'><strong>divino</strong></span> 
     </span>
    </p>
   </div>
   <div class='ocr_carea' id='block_1_67' title="bbox 486 3773 2065 3856">
    <p class='ocr_par' dir='ltr' id='par_1_67' title="bbox 486 3773 2065 3856">
     <span class='ocr_line' id='line_1_67' title="bbox 486 3773 2065 3856; baseline -0.008 -16"><span class='ocrx_word' id='word_1_533' title='bbox 486 3784 777 3856; x_wconf 78' lang='lat' dir='ltr'><strong>splendore</strong></span> <span class='ocrx_word' id='word_1_534' title='bbox 803 3780 1020 3852; x_wconf 82' lang='lat' dir='ltr'><strong>capitur</strong></span> <span class='ocrx_word' id='word_1_535' title='bbox 1045 3787 1099 3834; x_wconf 92' lang='lat' dir='ltr'><strong>et</strong></span> <span class='ocrx_word' id='word_1_536' title='bbox 1130 3779 1387 3847; x_wconf 84' lang='lat' dir='ltr'><strong>obstupet</strong></span> <span class='ocrx_word' id='word_1_537' title='bbox 1411 3776 1886 3847; x_wconf 83' lang='lat' dir='ltr'><strong>supernaturalem</strong></span> <span class='ocrx_word' id='word_1_538' title='bbox 1923 3773 2065 3828; x_wconf 91' lang='lat' dir='ltr'><strong>hanc</strong></span> 
     </span>
    </p>
   </div>
   <div class='ocr_carea' id='block_1_68' title="bbox 488 3866 2062 3948">
    <p class='ocr_par' dir='ltr' id='par_1_68' title="bbox 488 3866 2062 3948">
     <span class='ocr_line' id='line_1_68' title="bbox 488 3866 2062 3948; baseline -0.004 -21"><span class='ocrx_word' id='word_1_539' title='bbox 488 3875 944 3948; x_wconf 54' lang='lat' dir='ltr'><strong>puli-Inritudinem</strong></span> <span class='ocrx_word' id='word_1_540' title='bbox 970 3871 1369 3940; x_wconf 87' lang='lat' dir='ltr'><strong>contemplans;</strong></span> <span class='ocrx_word' id='word_1_541' title='bbox 1390 3881 1444 3926; x_wconf 89' lang='lat' dir='ltr'><strong>et</strong></span> <span class='ocrx_word' id='word_1_542' title='bbox 1475 3879 1736 3940; x_wconf 86' lang='lat' dir='ltr'><strong>tanquam</strong></span> <span class='ocrx_word' id='word_1_543' title='bbox 1763 3869 1889 3924; x_wconf 89' lang='lat' dir='ltr'><strong>vino</strong></span> <span class='ocrx_word' id='word_1_544' title='bbox 1912 3866 2062 3923; x_wconf 80' lang='lat' dir='ltr'><strong>ebria</strong></span> 
     </span>
    </p>
   </div>
   <div class='ocr_carea' id='block_1_69' title="bbox 485 3963 2067 4036">
    <p class='ocr_par' dir='ltr' id='par_1_69' title="bbox 485 3963 2067 4036">
     <span class='ocr_line' id='line_1_69' title="bbox 485 3963 2067 4036; baseline -0.006 -12"><span class='ocrx_word' id='word_1_545' title='bbox 485 3979 593 4035; x_wconf 84' lang='lat' dir='ltr'><strong>est,</strong></span> <span class='ocrx_word' id='word_1_546' title='bbox 632 3977 684 4024; x_wconf 77' lang='lat' dir='ltr'><strong>et</strong></span> <span class='ocrx_word' id='word_1_547' title='bbox 704 3980 958 4036; x_wconf 88' lang='lat' dir='ltr'><strong>tauquam</strong></span> <span class='ocrx_word' id='word_1_548' title='bbox 980 3965 1208 4034; x_wconf 84' lang='lat' dir='ltr'><strong>demens</strong></span> <span class='ocrx_word' id='word_1_549' title='bbox 1232 3963 1492 4029; x_wconf 72' lang='lat' dir='ltr'><strong>exsultat,</strong></span> <span class='ocrx_word' id='word_1_550' title='bbox 1518 3973 1570 4016; x_wconf 88' lang='lat' dir='ltr'><strong>et</strong></span> <span class='ocrx_word' id='word_1_551' title='bbox 1593 3976 1756 4031; x_wconf 86' lang='lat' dir='ltr'><strong>supra</strong></span> <span class='ocrx_word' id='word_1_552' title='bbox 1783 3973 1948 4030; x_wconf 82' lang='lat' dir='ltr'><strong>quam</strong></span> <span class='ocrx_word' id='word_1_553' title='bbox 1973 3973 2067 4014; x_wconf 89' lang='lat' dir='ltr'><strong>eo-</strong></span> 
     </span>
    </p>
   </div>
   <div class='ocr_carea' id='block_1_70' title="bbox 484 4051 2056 4134">
    <p class='ocr_par' dir='ltr' id='par_1_70' title="bbox 484 4051 2056 4134">
     <span class='ocr_line' id='line_1_70' title="bbox 484 4051 2056 4134; baseline -0.006 -18"><span class='ocrx_word' id='word_1_554' title='bbox 484 4064 640 4134; x_wconf 68' lang='lat' dir='ltr'><strong>gitari</strong></span> <span class='ocrx_word' id='word_1_555' title='bbox 679 4068 881 4132; x_wconf 85' lang='lat' dir='ltr'><strong>potest,</strong></span> <span class='ocrx_word' id='word_1_556' title='bbox 909 4057 1328 4118; x_wconf 84' lang='lat' dir='ltr'><strong>admirationem</strong></span> <span class='ocrx_word' id='word_1_557' title='bbox 1356 4055 1583 4126; x_wconf 88' lang='lat' dir='ltr'><strong>patitur,</strong></span> <span class='ocrx_word' id='word_1_558' title='bbox 1631 4053 1869 4124; x_wconf 80' lang='lat' dir='ltr'><strong>ingentis</strong></span> <span class='ocrx_word' id='word_1_559' title='bbox 1906 4051 2056 4107; x_wconf 90' lang='lat' dir='ltr'><strong>illius</strong></span> 
     </span>
    </p>
   </div>
   <div class='ocr_carea' id='block_1_71' title="bbox 487 4143 2065 4225">
    <p class='ocr_par' dir='ltr' id='par_1_71' title="bbox 487 4143 2065 4225">
     <span class='ocr_line' id='line_1_71' title="bbox 487 4143 2065 4225; baseline -0.008 -17"><span class='ocrx_word' id='word_1_560' title='bbox 487 4153 912 4225; x_wconf 77' lang='lat' dir='ltr'><strong>pulchritudinis</strong></span> <span class='ocrx_word' id='word_1_561' title='bbox 941 4148 1462 4219; x_wconf 87' lang='lat' dir='ltr'><strong>contemplationem</strong></span> <span class='ocrx_word' id='word_1_562' title='bbox 1511 4161 1618 4202; x_wconf 91' lang='lat' dir='ltr'><strong>non</strong></span> <span class='ocrx_word' id='word_1_563' title='bbox 1660 4147 1850 4202; x_wconf 88' lang='lat' dir='ltr'><strong>valens</strong></span> <span class='ocrx_word' id='word_1_564' title='bbox 1899 4143 2065 4200; x_wconf 82' lang='lat' dir='ltr'><strong>susti-</strong></span> 
     </span>
    </p>
   </div>
   <div class='ocr_carea' id='block_1_72' title="bbox 484 4238 2066 4307">
    <p class='ocr_par' dir='ltr' id='par_1_72' title="bbox 484 4238 2066 4307">
     <span class='ocr_line' id='line_1_72' title="bbox 484 4238 2066 4307; baseline -0.001 -9"><span class='ocrx_word' id='word_1_565' title='bbox 484 4260 635 4298; x_wconf 71' lang='lat' dir='ltr'><strong>nere.</strong></span> <span class='ocrx_word' id='word_1_566' title='bbox 689 4241 844 4298; x_wconf 87' lang='lat' dir='ltr'><strong>Unde</strong></span> <span class='ocrx_word' id='word_1_567' title='bbox 890 4258 1023 4297; x_wconf 90' lang='lat' dir='ltr'><strong>sane</strong></span> <span class='ocrx_word' id='word_1_568' title='bbox 1072 4249 1126 4307; x_wconf 85' lang='lat' dir='ltr'><strong>et</strong></span> <span class='ocrx_word' id='word_1_569' title='bbox 1180 4238 1471 4296; x_wconf 87' lang='lat' dir='ltr'><strong>eharitatis</strong></span> <span class='ocrx_word' id='word_1_570' title='bbox 1521 4238 1758 4294; x_wconf 80' lang='lat' dir='ltr'><strong>vinculis</strong></span> <span class='ocrx_word' id='word_1_571' title='bbox 1811 4252 2066 4307; x_wconf 57' lang='lat' dir='ltr'><strong>compre-x</strong></span> 
     </span>
    </p>
   </div>
   <div class='ocr_carea' id='block_1_73' title="bbox 487 4314 2061 4402">
    <p class='ocr_par' dir='ltr' id='par_1_73' title="bbox 487 4314 2061 4402">
     <span class='ocr_line' id='line_1_73' title="bbox 487 4314 2061 4402; baseline -0.005 -14"><span class='ocrx_word' id='word_1_572' title='bbox 487 4334 762 4396; x_wconf 75' lang='lat' dir='ltr'><strong>ln-mlitur,</strong></span> <span class='ocrx_word' id='word_1_573' title='bbox 793 4332 1012 4402; x_wconf 84' lang='lat' dir='ltr'><strong>etjacet</strong></span> <span class='ocrx_word' id='word_1_574' title='bbox 1037 4341 1295 4400; x_wconf 85' lang='lat' dir='ltr'><strong>tauquam</strong></span> <span class='ocrx_word' id='word_1_575' title='bbox 1325 4314 1418 4385; x_wconf 30' lang='lat' dir='ltr'><strong>&#39;siti</strong></span> <span class='ocrx_word' id='word_1_576' title='bbox 1440 4328 1655 4384; x_wconf 83' lang='lat' dir='ltr'><strong>adusta.</strong></span> <span class='ocrx_word' id='word_1_577' title='bbox 1688 4325 1866 4382; x_wconf 90' lang='lat' dir='ltr'><strong>Unum</strong></span> <span class='ocrx_word' id='word_1_578' title='bbox 1892 4327 2061 4394; x_wconf 89' lang='lat' dir='ltr'><strong>enim,</strong></span> 
     </span>
    </p>
   </div>
   <div class='ocr_carea' id='block_1_74' title="bbox 483 4419 2064 4501">
    <p class='ocr_par' dir='ltr' id='par_1_74' title="bbox 483 4419 2064 4501">
     <span class='ocr_line' id='line_1_74' title="bbox 483 4419 2064 4501; baseline -0.002 -25"><span class='ocrx_word' id='word_1_579' title='bbox 483 4437 568 4479; x_wconf 64' lang='lat' dir='ltr'><strong>est</strong></span> <span class='ocrx_word' id='word_1_580' title='bbox 608 4425 738 4478; x_wconf 80' lang='lat' dir='ltr'><strong>illud</strong></span> <span class='ocrx_word' id='word_1_581' title='bbox 775 4425 1190 4501; x_wconf 62' lang='lat' dir='ltr'><strong>supernaturale</strong></span> <span class='ocrx_word' id='word_1_582' title='bbox 1251 4436 1458 4477; x_wconf 86' lang='lat' dir='ltr'><strong>unum:</strong></span> <span class='ocrx_word' id='word_1_583' title='bbox 1511 4424 1605 4476; x_wconf 83' lang='lat' dir='ltr'><strong>sed</strong></span> <span class='ocrx_word' id='word_1_584' title='bbox 1639 4419 1895 4476; x_wconf 88' lang='lat' dir='ltr'><strong>omnibus</strong></span> <span class='ocrx_word' id='word_1_585' title='bbox 1936 4435 2064 4490; x_wconf 87' lang='lat' dir='ltr'><strong>pro-</strong></span> 
     </span>
    </p>
   </div>
   <div class='ocr_carea' id='block_1_75' title="bbox 485 4517 2060 4589">
    <p class='ocr_par' dir='ltr' id='par_1_75' title="bbox 485 4517 2060 4589">
     <span class='ocr_line' id='line_1_75' title="bbox 485 4517 2060 4589; baseline -0.004 -13"><span class='ocrx_word' id='word_1_586' title='bbox 485 4522 750 4576; x_wconf 75' lang='lat' dir='ltr'><strong>clamatur</strong></span> <span class='ocrx_word' id='word_1_587' title='bbox 810 4527 868 4572; x_wconf 93' lang='lat' dir='ltr'><strong>ut</strong></span> <span class='ocrx_word' id='word_1_588' title='bbox 901 4517 1145 4578; x_wconf 84' lang='lat' dir='ltr'><strong>omnium</strong></span> <span class='ocrx_word' id='word_1_589' title='bbox 1178 4520 1350 4586; x_wconf 86' lang='lat' dir='ltr'><strong>prima</strong></span> <span class='ocrx_word' id='word_1_590' title='bbox 1398 4532 1588 4588; x_wconf 87' lang='lat' dir='ltr'><strong>causa,</strong></span> <span class='ocrx_word' id='word_1_591' title='bbox 1620 4528 1680 4572; x_wconf 89' lang='lat' dir='ltr'><strong>ut</strong></span> <span class='ocrx_word' id='word_1_592' title='bbox 1710 4518 2060 4589; x_wconf 88' lang='lat' dir='ltr'><strong>principium,</strong></span> 
     </span>
    </p>
   </div>
   <div class='ocr_carea' id='block_1_76' title="bbox 2159 3301 3754 3380">
    <p class='ocr_par' dir='ltr' id='par_1_76' title="bbox 2159 3301 3754 3380">
     <span class='ocr_line' id='line_1_76' title="bbox 2159 3301 3754 3380; baseline -0.004 -18"><span class='ocrx_word' id='word_1_593' title='bbox 2159 3307 2306 3380; x_wconf 83' lang='grc' dir='ltr'>ὑπὲρ</span> <span class='ocrx_word' id='word_1_594' title='bbox 2357 3306 2600 3362; x_wconf 82' lang='grc' dir='ltr'>διάνοιαν</span> <span class='ocrx_word' id='word_1_595' title='bbox 2632 3305 2712 3372; x_wconf 76' lang='grc' dir='ltr'>ἓν,</span> <span class='ocrx_word' id='word_1_596' title='bbox 2745 3307 3047 3378; x_wconf 74' lang='grc' dir='ltr'>ἀνέραστον</span> <span class='ocrx_word' id='word_1_597' title='bbox 3081 3323 3199 3371; x_wconf 84' lang='grc' dir='ltr'><strong>πως</strong></span> <span class='ocrx_word' id='word_1_598' title='bbox 3244 3308 3537 3376; x_wconf 83' lang='grc' dir='ltr'>γεγονέναι</span> <span class='ocrx_word' id='word_1_599' title='bbox 3579 3301 3754 3360; x_wconf 76' lang='grc' dir='ltr'>αὑτοῦ.</span> 
     </span>
    </p>
   </div>
   <div class='ocr_carea' id='block_1_77' title="bbox 2160 3397 3756 3469">
    <p class='ocr_par' dir='ltr' id='par_1_77' title="bbox 2160 3397 3756 3469">
     <span class='ocr_line' id='line_1_77' title="bbox 2160 3397 3756 3469; baseline -0.005 -15"><span class='ocrx_word' id='word_1_600' title='bbox 2160 3399 2372 3463; x_wconf 84' lang='grc' dir='ltr'>Κάλλος</span> <span class='ocrx_word' id='word_1_601' title='bbox 2429 3397 2538 3468; x_wconf 83' lang='grc' dir='ltr'>γὰρ</span> <span class='ocrx_word' id='word_1_602' title='bbox 2584 3398 2858 3469; x_wconf 72' lang='grc' dir='ltr'>ἄρρητον,</span> <span class='ocrx_word' id='word_1_603' title='bbox 2899 3397 2994 3450; x_wconf 75' lang='grc' dir='ltr'><strong>καὶ</strong></span> <span class='ocrx_word' id='word_1_604' title='bbox 3033 3397 3392 3468; x_wconf 79' lang='grc' dir='ltr'>ἁνεπινὸητον</span> <span class='ocrx_word' id='word_1_605' title='bbox 3449 3399 3756 3468; x_wconf 77' lang='grc' dir='ltr'>προκῦπτον</span> 
     </span>
    </p>
   </div>
   <div class='ocr_carea' id='block_1_78' title="bbox 2161 3491 3752 3565">
    <p class='ocr_par' dir='ltr' id='par_1_78' title="bbox 2161 3491 3752 3565">
     <span class='ocr_line' id='line_1_78' title="bbox 2161 3491 3752 3565; baseline -0.004 -19"><span class='ocrx_word' id='word_1_606' title='bbox 2161 3494 2220 3561; x_wconf 81' lang='grc' dir='ltr'>ἐξ</span> <span class='ocrx_word' id='word_1_607' title='bbox 2251 3492 2441 3556; x_wconf 82' lang='grc' dir='ltr'>αὑτοῦ,</span> <span class='ocrx_word' id='word_1_608' title='bbox 2474 3492 2559 3557; x_wconf 79' lang='grc' dir='ltr'>ὡς</span> <span class='ocrx_word' id='word_1_609' title='bbox 2599 3492 2707 3546; x_wconf 86' lang='grc' dir='ltr'>ἀπὸ</span> <span class='ocrx_word' id='word_1_610' title='bbox 2738 3491 3248 3564; x_wconf 79' lang='grc' dir='ltr'>παντοκρατορικῆς</span> <span class='ocrx_word' id='word_1_611' title='bbox 3300 3494 3465 3565; x_wconf 74' lang='grc' dir='ltr'>ῥίζης</span> <span class='ocrx_word' id='word_1_612' title='bbox 3511 3491 3752 3561; x_wconf 78' lang='grc' dir='ltr'>ἀπαντᾷο</span> 
     </span>
    </p>
   </div>
   <div class='ocr_carea' id='block_1_79' title="bbox 2161 3581 3751 3656">
    <p class='ocr_par' dir='ltr' id='par_1_79' title="bbox 2161 3581 3751 3656">
     <span class='ocr_line' id='line_1_79' title="bbox 2161 3581 3751 3656; baseline -0.004 -17"><span class='ocrx_word' id='word_1_613' title='bbox 2161 3588 2249 3640; x_wconf 85' lang='grc' dir='ltr'><strong>ὅτε</strong></span> <span class='ocrx_word' id='word_1_614' title='bbox 2306 3587 2400 3639; x_wconf 70' lang='grc' dir='ltr'><strong>καὶ</strong></span> <span class='ocrx_word' id='word_1_615' title='bbox 2447 3585 2650 3638; x_wconf 76' lang='grc' dir='ltr'>ὡσανεὶ</span> <span class='ocrx_word' id='word_1_616' title='bbox 2685 3584 2902 3637; x_wconf 89' lang='grc' dir='ltr'>δίκτυον</span> <span class='ocrx_word' id='word_1_617' title='bbox 2949 3582 3320 3656; x_wconf 72' lang='grc' dir='ltr'>διαρραγῆναι</span> <span class='ocrx_word' id='word_1_618' title='bbox 3357 3583 3665 3637; x_wconf 72' lang='grc' dir='ltr'>κινδυνεῦον</span> <span class='ocrx_word' id='word_1_619' title='bbox 3695 3581 3751 3650; x_wconf 79' lang='grc' dir='ltr'>τῇ</span> 
     </span>
    </p>
   </div>
   <div class='ocr_carea' id='block_1_80' title="bbox 2161 3677 3752 3750">
    <p class='ocr_par' dir='ltr' id='par_1_80' title="bbox 2161 3677 3752 3750">
     <span class='ocr_line' id='line_1_80' title="bbox 2161 3677 3752 3750; baseline -0.004 -18"><span class='ocrx_word' id='word_1_620' title='bbox 2161 3681 2269 3733; x_wconf 57' lang='grc' dir='ltr'><strong>τῶν</strong></span> <span class='ocrx_word' id='word_1_621' title='bbox 2299 3680 2510 3734; x_wconf 80' lang='grc' dir='ltr'>πολλῶν</span> <span class='ocrx_word' id='word_1_622' title='bbox 2539 3679 2737 3750; x_wconf 72' lang='grc' dir='ltr'>ἰχθύων</span> <span class='ocrx_word' id='word_1_623' title='bbox 2762 3678 2977 3750; x_wconf 81' lang='grc' dir='ltr'>εὑρέσει</span> <span class='ocrx_word' id='word_1_624' title='bbox 3009 3681 3102 3731; x_wconf 76' lang='grc' dir='ltr'>καὶ</span> <span class='ocrx_word' id='word_1_625' title='bbox 3131 3679 3294 3750; x_wconf 84' lang='grc' dir='ltr'>ὁλκῇ,</span> <span class='ocrx_word' id='word_1_626' title='bbox 3333 3679 3442 3733; x_wconf 84' lang='grc' dir='ltr'><strong>ὑπὸ</strong></span> <span class='ocrx_word' id='word_1_627' title='bbox 3467 3678 3574 3732; x_wconf 82' lang='grc' dir='ltr'><strong>τῶν</strong></span> <span class='ocrx_word' id='word_1_628' title='bbox 3605 3677 3752 3730; x_wconf 78' lang='grc' dir='ltr'>θείων</span> 
     </span>
    </p>
   </div>
   <div class='ocr_carea' id='block_1_81' title="bbox 2160 3767 3751 3844">
    <p class='ocr_par' dir='ltr' id='par_1_81' title="bbox 2160 3767 3751 3844">
     <span class='ocr_line' id='line_1_81' title="bbox 2160 3767 3751 3844; baseline -0.006 -16"><span class='ocrx_word' id='word_1_629' title='bbox 2160 3772 2484 3844; x_wconf 68' lang='grc' dir='ltr'>ἐλλάμψεων</span> <span class='ocrx_word' id='word_1_630' title='bbox 2522 3773 2551 3825; x_wconf 84' lang='lat'><strong>6</strong></span> <span class='ocrx_word' id='word_1_631' title='bbox 2596 3771 2722 3836; x_wconf 86' lang='grc' dir='ltr'>νοῦς</span> <span class='ocrx_word' id='word_1_632' title='bbox 2777 3771 3115 3843; x_wconf 87' lang='grc' dir='ltr'>εὑρίσκεται,</span> <span class='ocrx_word' id='word_1_633' title='bbox 3178 3774 3270 3826; x_wconf 74' lang='grc' dir='ltr'><strong>καὶ</strong></span> <span class='ocrx_word' id='word_1_634' title='bbox 3325 3774 3389 3826; x_wconf 85' lang='grc' dir='ltr'><strong>τὸ</strong></span> <span class='ocrx_word' id='word_1_635' title='bbox 3441 3772 3580 3840; x_wconf 83' lang='grc' dir='ltr'>ὑπὲρ</span> <span class='ocrx_word' id='word_1_636' title='bbox 3636 3767 3751 3822; x_wconf 72' lang='grc' dir='ltr'>νοῦν</span> 
     </span>
    </p>
   </div>
   <div class='ocr_carea' id='block_1_82' title="bbox 2160 3863 3751 3936">
    <p class='ocr_par' dir='ltr' id='par_1_82' title="bbox 2160 3863 3751 3936">
     <span class='ocr_line' id='line_1_82' title="bbox 2160 3863 3751 3936; baseline -0.005 -15"><span class='ocrx_word' id='word_1_637' title='bbox 2160 3867 2356 3930; x_wconf 72' lang='grc' dir='ltr'>κάλλος</span> <span class='ocrx_word' id='word_1_638' title='bbox 2391 3865 2755 3936; x_wconf 78' lang='grc' dir='ltr'>ἐκπλήττεται</span> <span class='ocrx_word' id='word_1_639' title='bbox 2797 3863 3022 3932; x_wconf 86' lang='grc' dir='ltr'>θεωρῶν</span> <span class='ocrx_word' id='word_1_640' title='bbox 3044 3883 3058 3897; x_wconf 77' lang='grc' dir='ltr'><strong><em>ο</em></strong></span> <span class='ocrx_word' id='word_1_641' title='bbox 3103 3867 3200 3920; x_wconf 67' lang='grc' dir='ltr'><strong>καλ⁸</strong></span> <span class='ocrx_word' id='word_1_642' title='bbox 3248 3865 3322 3929; x_wconf 80' lang='grc' dir='ltr'>ὡς</span> <span class='ocrx_word' id='word_1_643' title='bbox 3352 3866 3462 3921; x_wconf 84' lang='grc' dir='ltr'><strong>ἀπὸ</strong></span> <span class='ocrx_word' id='word_1_644' title='bbox 3489 3865 3630 3918; x_wconf 79' lang='grc' dir='ltr'>οἴνου</span> <span class='ocrx_word' id='word_1_645' title='bbox 3662 3875 3751 3927; x_wconf 82' lang='grc' dir='ltr'>με-</span> 
     </span>
    </p>
   </div>
   <div class='ocr_carea' id='block_1_83' title="bbox 2161 3953 3748 4032">
    <p class='ocr_par' dir='ltr' id='par_1_83' title="bbox 2161 3953 3748 4032">
     <span class='ocr_line' id='line_1_83' title="bbox 2161 3953 3748 4032; baseline -0.01 -14"><span class='ocrx_word' id='word_1_646' title='bbox 2161 3960 2420 4032; x_wconf 72' lang='grc' dir='ltr'>θύσκεται</span> <span class='ocrx_word' id='word_1_647' title='bbox 2444 3977 2457 3990; x_wconf 87' lang='grc'><strong>·</strong></span> <span class='ocrx_word' id='word_1_648' title='bbox 2491 3959 2587 4013; x_wconf 76' lang='grc' dir='ltr'>καὶ</span> <span class='ocrx_word' id='word_1_649' title='bbox 2629 3959 2705 4025; x_wconf 85' lang='grc' dir='ltr'>ὡς</span> <span class='ocrx_word' id='word_1_650' title='bbox 2733 3959 2762 4012; x_wconf 90' lang='lat'><strong>6</strong></span> <span class='ocrx_word' id='word_1_651' title='bbox 2811 3958 3002 4030; x_wconf 77' lang='grc' dir='ltr'>ἄφρων</span> <span class='ocrx_word' id='word_1_652' title='bbox 3029 3959 3330 4024; x_wconf 75' lang='grc' dir='ltr'>ἐξίσταται,</span> <span class='ocrx_word' id='word_1_653' title='bbox 3367 3960 3462 4012; x_wconf 60' lang='grc' dir='ltr'>καὶ</span> <span class='ocrx_word' id='word_1_654' title='bbox 3503 3958 3590 4010; x_wconf 80' lang='grc' dir='ltr'><strong>τὸν</strong></span> <span class='ocrx_word' id='word_1_655' title='bbox 3620 3953 3748 4022; x_wconf 75' lang='grc' dir='ltr'>ὑπὲρ</span> 
     </span>
    </p>
   </div>
   <div class='ocr_carea' id='block_1_84' title="bbox 2161 4043 3747 4124">
    <p class='ocr_par' dir='ltr' id='par_1_84' title="bbox 2161 4043 3747 4124">
     <span class='ocr_line' id='line_1_84' title="bbox 2161 4043 3747 4124; baseline 0.001 -17"><span class='ocrx_word' id='word_1_656' title='bbox 2161 4053 2370 4108; x_wconf 71' lang='grc' dir='ltr'>ἔννοιαν</span> <span class='ocrx_word' id='word_1_657' title='bbox 2405 4053 2603 4124; x_wconf 82' lang='grc' dir='ltr'>πάσχει</span> <span class='ocrx_word' id='word_1_658' title='bbox 2651 4052 3001 4124; x_wconf 79' lang='grc' dir='ltr'>θαυμασμὸν,</span> <span class='ocrx_word' id='word_1_659' title='bbox 3045 4052 3139 4106; x_wconf 87' lang='grc' dir='ltr'><strong>τοῦ</strong></span> <span class='ocrx_word' id='word_1_660' title='bbox 3167 4053 3406 4119; x_wconf 79' lang='grc' dir='ltr'>ἐξαισίου</span> <span class='ocrx_word' id='word_1_661' title='bbox 3443 4050 3664 4109; x_wconf 64' lang='grc' dir='ltr'>κάλλους</span> <span class='ocrx_word' id='word_1_662' title='bbox 3697 4043 3747 4095; x_wconf 67' lang='grc' dir='ltr'><strong>τδ</strong></span> 
     </span>
    </p>
   </div>
   <div class='ocr_carea' id='block_1_85' title="bbox 2161 4143 3746 4221">
    <p class='ocr_par' dir='ltr' id='par_1_85' title="bbox 2161 4143 3746 4221">
     <span class='ocr_line' id='line_1_85' title="bbox 2161 4143 3746 4221; baseline -0.008 -17"><span class='ocrx_word' id='word_1_663' title='bbox 2161 4149 2471 4221; x_wconf 75' lang='grc' dir='ltr'>ὑπέρκαλον</span> <span class='ocrx_word' id='word_1_664' title='bbox 2529 4149 2711 4219; x_wconf 82' lang='grc' dir='ltr'>θέαμα</span> <span class='ocrx_word' id='word_1_665' title='bbox 2763 4147 2841 4220; x_wconf 82' lang='grc' dir='ltr'><strong>μὴ</strong></span> <span class='ocrx_word' id='word_1_666' title='bbox 2882 4149 3076 4220; x_wconf 84' lang='grc' dir='ltr'>χωρῶν</span> <span class='ocrx_word' id='word_1_667' title='bbox 3119 4149 3380 4219; x_wconf 82' lang='grc' dir='ltr'>καθορᾷν.</span> <span class='ocrx_word' id='word_1_668' title='bbox 3418 4147 3580 4201; x_wconf 86' lang='grc' dir='ltr'>Ὅθεν</span> <span class='ocrx_word' id='word_1_669' title='bbox 3621 4143 3746 4210; x_wconf 79' lang='grc' dir='ltr'>δῆτα</span> 
     </span>
    </p>
   </div>
   <div class='ocr_carea' id='block_1_86' title="bbox 2161 4234 3745 4315">
    <p class='ocr_par' dir='ltr' id='par_1_86' title="bbox 2161 4234 3745 4315">
     <span class='ocr_line' id='line_1_86' title="bbox 2161 4234 3745 4315; baseline -0.003 -17"><span class='ocrx_word' id='word_1_670' title='bbox 2161 4245 2254 4298; x_wconf 69' lang='grc' dir='ltr'><strong>καὶ</strong></span> <span class='ocrx_word' id='word_1_671' title='bbox 2285 4243 2505 4315; x_wconf 73' lang='grc' dir='ltr'>δεσμοῖς</span> <span class='ocrx_word' id='word_1_672' title='bbox 2557 4242 2778 4314; x_wconf 82' lang='grc' dir='ltr'>ἀγάπης</span> <span class='ocrx_word' id='word_1_673' title='bbox 2818 4244 3123 4313; x_wconf 80' lang='grc' dir='ltr'>συνέχεται,</span> <span class='ocrx_word' id='word_1_674' title='bbox 3172 4242 3268 4294; x_wconf 71' lang='grc' dir='ltr'>καὶ</span> <span class='ocrx_word' id='word_1_675' title='bbox 3305 4241 3382 4305; x_wconf 87' lang='grc' dir='ltr'>ὼς</span> <span class='ocrx_word' id='word_1_676' title='bbox 3430 4240 3535 4293; x_wconf 82' lang='grc' dir='ltr'><strong>ὑπὸ</strong></span> <span class='ocrx_word' id='word_1_677' title='bbox 3571 4234 3745 4301; x_wconf 63' lang='grc' dir='ltr'>δίψους</span> 
     </span>
    </p>
   </div>
   <div class='ocr_carea' id='block_1_87' title="bbox 2159 4325 3741 4405">
    <p class='ocr_par' dir='ltr' id='par_1_87' title="bbox 2159 4325 3741 4405">
     <span class='ocr_line' id='line_1_87' title="bbox 2159 4325 3741 4405; baseline -0.009 -15"><span class='ocrx_word' id='word_1_678' title='bbox 2159 4335 2429 4391; x_wconf 84' lang='grc' dir='ltr'>διάκειται</span> <span class='ocrx_word' id='word_1_679' title='bbox 2481 4334 2983 4404; x_wconf 70' lang='grc' dir='ltr'>καταφλεγόμενος.</span> <span class='ocrx_word' id='word_1_680' title='bbox 3037 4335 3132 4388; x_wconf 80' lang='grc' dir='ltr'><strong>’Ἐν</strong></span> <span class='ocrx_word' id='word_1_681' title='bbox 3186 4335 3297 4405; x_wconf 78' lang='grc' dir='ltr'>γὰρ</span> <span class='ocrx_word' id='word_1_682' title='bbox 3351 4337 3467 4387; x_wconf 81' lang='grc' dir='ltr'>ἐστι</span> <span class='ocrx_word' id='word_1_683' title='bbox 3513 4333 3571 4384; x_wconf 83' lang='grc' dir='ltr'><strong>τὸ</strong></span> <span class='ocrx_word' id='word_1_684' title='bbox 3614 4325 3741 4391; x_wconf 72' lang='grc' dir='ltr'>ὑπὲρ</span> 
     </span>
    </p>
   </div>
   <div class='ocr_carea' id='block_1_88' title="bbox 2159 4415 3740 4498">
    <p class='ocr_par' dir='ltr' id='par_1_88' title="bbox 2159 4415 3740 4498">
     <span class='ocr_line' id='line_1_88' title="bbox 2159 4415 3740 4498; baseline -0.009 -17"><span class='ocrx_word' id='word_1_685' title='bbox 2159 4426 2402 4481; x_wconf 79' lang='grc' dir='ltr'>διάνοιαν</span> <span class='ocrx_word' id='word_1_686' title='bbox 2433 4425 2492 4479; x_wconf 84' lang='grc' dir='ltr'><strong>’ἐν</strong></span> <span class='ocrx_word' id='word_1_687' title='bbox 2516 4442 2531 4458; x_wconf 78' lang='grc'><strong><em>⁸</em></strong></span> <span class='ocrx_word' id='word_1_688' title='bbox 2559 4425 2674 4479; x_wconf 84' lang='grc' dir='ltr'>ἀλλ’</span> <span class='ocrx_word' id='word_1_689' title='bbox 2711 4425 2816 4479; x_wconf 73' lang='grc' dir='ltr'><strong>ὑπὸ</strong></span> <span class='ocrx_word' id='word_1_690' title='bbox 2847 4425 3065 4480; x_wconf 77' lang='grc' dir='ltr'>πάντων</span> <span class='ocrx_word' id='word_1_691' title='bbox 3101 4426 3460 4498; x_wconf 73' lang='grc' dir='ltr'>κηρύσσεται,</span> <span class='ocrx_word' id='word_1_692' title='bbox 3498 4422 3572 4481; x_wconf 80' lang='grc' dir='ltr'>ὡς</span> <span class='ocrx_word' id='word_1_693' title='bbox 3613 4415 3740 4470; x_wconf 71' lang='grc' dir='ltr'>πάν·</span> 
     </span>
    </p>
   </div>
   <div class='ocr_carea' id='block_1_89' title="bbox 2161 4506 3738 4592">
    <p class='ocr_par' dir='ltr' id='par_1_89' title="bbox 2161 4506 3738 4592">
     <span class='ocr_line' id='line_1_89' title="bbox 2161 4506 3738 4592; baseline -0.003 -20"><span class='ocrx_word' id='word_1_694' title='bbox 2161 4536 2270 4574; x_wconf 78' lang='grc' dir='ltr'><strong>των</strong></span> <span class='ocrx_word' id='word_1_695' title='bbox 2301 4517 2782 4592; x_wconf 79' lang='grc' dir='ltr'>προκαταρκτικὸν</span> <span class='ocrx_word' id='word_1_696' title='bbox 2825 4517 3020 4583; x_wconf 76' lang='grc' dir='ltr'>αἴτιον,</span> <span class='ocrx_word' id='word_1_697' title='bbox 3058 4517 3133 4582; x_wconf 85' lang='grc' dir='ltr'>ὡς</span> <span class='ocrx_word' id='word_1_698' title='bbox 3164 4519 3329 4590; x_wconf 78' lang='grc' dir='ltr'>ἀρχὴ,</span> <span class='ocrx_word' id='word_1_699' title='bbox 3362 4519 3437 4581; x_wconf 86' lang='grc' dir='ltr'>ὼς</span> <span class='ocrx_word' id='word_1_700' title='bbox 3467 4516 3632 4577; x_wconf 76' lang='grc' dir='ltr'>τέλος,</span> <span class='ocrx_word' id='word_1_701' title='bbox 3671 4506 3738 4567; x_wconf 77' lang='grc' dir='ltr'><strong>ὠς</strong></span> 
     </span>
    </p>
   </div>
   <div class='ocr_carea' id='block_1_90' title="bbox 487 4598 2061 4710">
    <p class='ocr_par' dir='ltr' id='par_1_90' title="bbox 487 4611 2060 4676">
     <span class='ocr_line' id='line_1_90' title="bbox 487 4611 2060 4676; baseline -0.003 -8"><span class='ocrx_word' id='word_1_702' title='bbox 487 4626 543 4668; x_wconf 84' lang='grc' dir='ltr'>ιιι</span> <span class='ocrx_word' id='word_1_703' title='bbox 587 4614 731 4676; x_wconf 77' lang='lat' dir='ltr'><strong>linis,</strong></span> <span class='ocrx_word' id='word_1_704' title='bbox 763 4619 820 4666; x_wconf 92' lang='lat' dir='ltr'><strong>ut</strong></span> <span class='ocrx_word' id='word_1_705' title='bbox 860 4613 1102 4667; x_wconf 86' lang='lat' dir='ltr'><strong>universi</strong></span> <span class='ocrx_word' id='word_1_706' title='bbox 1128 4613 1430 4674; x_wconf 79' lang='lat' dir='ltr'><strong>vinculum.</strong></span> <span class='ocrx_word' id='word_1_707' title='bbox 1461 4611 1565 4667; x_wconf 89' lang='lat' dir='ltr'><strong>Sed</strong></span> <span class='ocrx_word' id='word_1_708' title='bbox 1605 4621 1777 4674; x_wconf 88' lang='lat' dir='ltr'><strong>totum</strong></span> <span class='ocrx_word' id='word_1_709' title='bbox 1814 4611 2060 4667; x_wconf 84' lang='lat' dir='ltr'><strong>omnium</strong></span> 
     </span>
    </p>
   </div>
   <div class='ocr_carea' id='block_1_91' title="bbox 2158 4598 3737 4710">
    <p class='ocr_par' dir='ltr' id='par_1_91' title="bbox 2164 4598 3737 4710">
     <span class='ocr_line' id='line_1_91' title="bbox 2164 4598 3737 4686; baseline -0.01 -20"><span class='ocrx_word' id='word_1_710' title='bbox 2164 4611 2366 4686; x_wconf 70' lang='grc' dir='ltr'>συνοχὴ</span> <span class='ocrx_word' id='word_1_711' title='bbox 2407 4611 2503 4666; x_wconf 88' lang='grc' dir='ltr'><strong>τοῦ</strong></span> <span class='ocrx_word' id='word_1_712' title='bbox 2550 4611 2786 4675; x_wconf 86' lang='grc' dir='ltr'>παντός·</span> <span class='ocrx_word' id='word_1_713' title='bbox 2840 4609 2976 4665; x_wconf 77' lang='grc' dir='ltr'>ἀλλὰ</span> <span class='ocrx_word' id='word_1_714' title='bbox 3012 4611 3124 4664; x_wconf 86' lang='grc' dir='ltr'><strong>τῶν</strong></span> <span class='ocrx_word' id='word_1_715' title='bbox 3169 4610 3349 4665; x_wconf 83' lang='grc' dir='ltr'>καλῶν</span> <span class='ocrx_word' id='word_1_716' title='bbox 3395 4611 3489 4664; x_wconf 74' lang='grc' dir='ltr'><strong>καὶ</strong></span> <span class='ocrx_word' id='word_1_717' title='bbox 3529 4598 3737 4672; x_wconf 65' lang='grc' dir='ltr'>ἀγαθῶν</span> 
     </span>
     <span class='ocr_line' id='line_1_92' title="bbox 2176 4687 3716 4710; baseline 0 0"><span class='ocrx_word' id='word_1_718' title='bbox 2176 4705 2189 4710; x_wconf 82' lang='grc'><strong>-</strong></span> <span class='ocrx_word' id='word_1_719' title='bbox 2262 4705 2272 4710; x_wconf 90' lang='grc'><strong>-</strong></span> <span class='ocrx_word' id='word_1_720' title='bbox 2508 4701 2519 4710; x_wconf 87' lang='grc'>.</span> <span class='ocrx_word' id='word_1_721' title='bbox 2667 4701 2682 4710; x_wconf 77' lang='grc'>.</span> <span class='ocrx_word' id='word_1_722' title='bbox 2700 4701 2715 4710; x_wconf 67' lang='grc' dir='ltr'><strong>ι</strong></span> <span class='ocrx_word' id='word_1_723' title='bbox 2805 4699 2819 4710; x_wconf 75' lang='grc' dir='ltr'>ι</span> <span class='ocrx_word' id='word_1_724' title='bbox 2986 4699 3000 4710; x_wconf 70' lang='grc' dir='ltr'>ι</span> <span class='ocrx_word' id='word_1_725' title='bbox 3061 4700 3075 4710; x_wconf 73' lang='grc' dir='ltr'>ι</span> <span class='ocrx_word' id='word_1_726' title='bbox 3168 4701 3191 4710; x_wconf 62' lang='grc' dir='ltr'><strong>Α</strong></span> <span class='ocrx_word' id='word_1_727' title='bbox 3212 4698 3224 4710; x_wconf 77' lang='grc' dir='ltr'><strong>ι</strong></span> <span class='ocrx_word' id='word_1_728' title='bbox 3436 4698 3450 4710; x_wconf 73' lang='grc' dir='ltr'>ι</span> <span class='ocrx_word' id='word_1_729' title='bbox 3636 4687 3716 4710; x_wconf 61' lang='grc'><strong>1--</strong></span> 
     </span>
    </p>
   </div>
   <div class='ocr_carea' id='block_1_92' title="bbox 484 4706 2060 4779">
    <p class='ocr_par' dir='ltr' id='par_1_92' title="bbox 484 4706 2060 4779">
     <span class='ocr_line' id='line_1_93' title="bbox 484 4706 2060 4779; baseline 0 -17"><span class='ocrx_word' id='word_1_730' title='bbox 484 4725 605 4776; x_wconf 71' lang='lat' dir='ltr'><strong>qua:</strong></span> <span class='ocrx_word' id='word_1_731' title='bbox 661 4709 884 4779; x_wconf 88' lang='lat' dir='ltr'><strong>pulchra</strong></span> <span class='ocrx_word' id='word_1_732' title='bbox 945 4714 1093 4774; x_wconf 90' lang='lat' dir='ltr'><strong>sunt,</strong></span> <span class='ocrx_word' id='word_1_733' title='bbox 1158 4707 1594 4776; x_wconf 84' lang='lat' dir='ltr'><strong>pulchritudines</strong></span> <span class='ocrx_word' id='word_1_734' title='bbox 1679 4714 1734 4761; x_wconf 88' lang='lat' dir='ltr'><strong>et</strong></span> <span class='ocrx_word' id='word_1_735' title='bbox 1767 4706 2060 4774; x_wconf 88' lang='lat' dir='ltr'><strong>bonitates,</strong></span> 
     </span>
    </p>
   </div>
   <div class='ocr_carea' id='block_1_93' title="bbox 485 4800 2060 4874">
    <p class='ocr_par' dir='ltr' id='par_1_93' title="bbox 485 4800 2060 4874">
     <span class='ocr_line' id='line_1_94' title="bbox 485 4800 2060 4874; baseline -0.001 -19"><span class='ocrx_word' id='word_1_736' title='bbox 485 4803 706 4874; x_wconf 87' lang='lat' dir='ltr'><strong>pulchra</strong></span> <span class='ocrx_word' id='word_1_737' title='bbox 737 4811 790 4857; x_wconf 83' lang='lat' dir='ltr'><strong>et</strong></span> <span class='ocrx_word' id='word_1_738' title='bbox 819 4802 960 4856; x_wconf 89' lang='lat' dir='ltr'><strong>bona</strong></span> <span class='ocrx_word' id='word_1_739' title='bbox 998 4800 1294 4863; x_wconf 81' lang='lat' dir='ltr'><strong>eﬂieientes</strong></span> <span class='ocrx_word' id='word_1_740' title='bbox 1357 4800 1609 4870; x_wconf 66' lang='lat' dir='ltr'><strong>potentia:</strong></span> <span class='ocrx_word' id='word_1_741' title='bbox 1675 4801 2060 4868; x_wconf 87' lang='lat' dir='ltr'><strong>redundantia,</strong></span> 
     </span>
    </p>
   </div>
   <div class='ocr_carea' id='block_1_94' title="bbox 484 4893 2063 4967">
    <p class='ocr_par' dir='ltr' id='par_1_94' title="bbox 484 4893 2063 4967">
     <span class='ocr_line' id='line_1_95' title="bbox 484 4893 2063 4967; baseline 0.001 -21"><span class='ocrx_word' id='word_1_742' title='bbox 484 4894 602 4967; x_wconf 88' lang='lat' dir='ltr'><strong>ipse</strong></span> <span class='ocrx_word' id='word_1_743' title='bbox 634 4895 887 4965; x_wconf 67' lang='lat' dir='ltr'><strong>produxit</strong></span> <span class='ocrx_word' id='word_1_744' title='bbox 915 4893 1008 4964; x_wconf 86' lang='lat' dir='ltr'><strong>qui</strong></span> <span class='ocrx_word' id='word_1_745' title='bbox 1040 4909 1204 4962; x_wconf 84' lang='lat' dir='ltr'><strong>supra</strong></span> <span class='ocrx_word' id='word_1_746' title='bbox 1243 4908 1458 4957; x_wconf 84' lang='lat' dir='ltr'><strong>omnem</strong></span> <span class='ocrx_word' id='word_1_747' title='bbox 1493 4893 1954 4963; x_wconf 84' lang='lat' dir='ltr'><strong>pulchritudinem</strong></span> <span class='ocrx_word' id='word_1_748' title='bbox 2004 4901 2063 4948; x_wconf 86' lang='lat' dir='ltr'><strong>et.</strong></span> 
     </span>
    </p>
   </div>
   <div class='ocr_carea' id='block_1_95' title="bbox 486 4985 2062 5057">
    <p class='ocr_par' dir='ltr' id='par_1_95' title="bbox 486 4985 2062 5057">
     <span class='ocr_line' id='line_1_96' title="bbox 486 4985 2062 5057; baseline -0.001 -15"><span class='ocrx_word' id='word_1_749' title='bbox 486 4989 780 5042; x_wconf 84' lang='lat' dir='ltr'><strong>bonitatem</strong></span> <span class='ocrx_word' id='word_1_750' title='bbox 845 4985 1053 5042; x_wconf 74' lang='lat' dir='ltr'><strong>infinite</strong></span> <span class='ocrx_word' id='word_1_751' title='bbox 1111 4987 1449 5041; x_wconf 81' lang='lat' dir='ltr'><strong>constitutus</strong></span> <span class='ocrx_word' id='word_1_752' title='bbox 1518 4995 1572 5040; x_wconf 85' lang='lat' dir='ltr'><strong>et</strong></span> <span class='ocrx_word' id='word_1_753' title='bbox 1657 4985 2062 5057; x_wconf 89' lang='lat' dir='ltr'><strong>incomparabi-</strong></span> 
     </span>
    </p>
   </div>
   <div class='ocr_carea' id='block_1_96' title="bbox 488 5077 2061 5147">
    <p class='ocr_par' dir='ltr' id='par_1_96' title="bbox 488 5077 2061 5147">
     <span class='ocr_line' id='line_1_97' title="bbox 488 5077 2061 5147; baseline 0.001 -17"><span class='ocrx_word' id='word_1_754' title='bbox 488 5078 608 5133; x_wconf 88' lang='lat' dir='ltr'><strong>liter</strong></span> <span class='ocrx_word' id='word_1_755' title='bbox 646 5088 731 5133; x_wconf 89' lang='lat' dir='ltr'><strong>cst</strong></span> <span class='ocrx_word' id='word_1_756' title='bbox 768 5092 932 5130; x_wconf 89' lang='lat' dir='ltr'><strong>unum</strong></span> <span class='ocrx_word' id='word_1_757' title='bbox 974 5077 1429 5147; x_wconf 79' lang='lat' dir='ltr'><strong>supernaturale;</strong></span> <span class='ocrx_word' id='word_1_758' title='bbox 1485 5092 1649 5134; x_wconf 92' lang='lat' dir='ltr'><strong>unum</strong></span> <span class='ocrx_word' id='word_1_759' title='bbox 1703 5078 1847 5132; x_wconf 90' lang='lat' dir='ltr'><strong>enim</strong></span> <span class='ocrx_word' id='word_1_760' title='bbox 1908 5093 2061 5132; x_wconf 84' lang='lat' dir='ltr'><strong>ama-</strong></span> 
     </span>
    </p>
   </div>
   <div class='ocr_carea' id='block_1_97' title="bbox 485 5172 2063 5240">
    <p class='ocr_par' dir='ltr' id='par_1_97' title="bbox 485 5172 2063 5240">
     <span class='ocr_line' id='line_1_98' title="bbox 485 5172 2063 5240; baseline 0 -13"><span class='ocrx_word' id='word_1_761' title='bbox 485 5173 595 5227; x_wconf 81' lang='lat' dir='ltr'><strong>bile</strong></span> <span class='ocrx_word' id='word_1_762' title='bbox 633 5188 795 5239; x_wconf 58' lang='lat' dir='ltr'><strong>supra</strong></span> <span class='ocrx_word' id='word_1_763' title='bbox 823 5172 1006 5227; x_wconf 86' lang='lat' dir='ltr'><strong>omnia</strong></span> <span class='ocrx_word' id='word_1_764' title='bbox 1037 5172 1314 5237; x_wconf 84' lang='lat' dir='ltr'><strong>amabilia,</strong></span> <span class='ocrx_word' id='word_1_765' title='bbox 1337 5183 1594 5240; x_wconf 75' lang='lat' dir='ltr'><strong>tanquam</strong></span> <span class='ocrx_word' id='word_1_766' title='bbox 1626 5173 1801 5227; x_wconf 92' lang='lat' dir='ltr'><strong>solum</strong></span> <span class='ocrx_word' id='word_1_767' title='bbox 1836 5173 2063 5227; x_wconf 89' lang='lat' dir='ltr'><strong>omnino</strong></span> 
     </span>
    </p>
   </div>
   <div class='ocr_carea' id='block_1_98' title="bbox 485 5261 2064 5336">
    <p class='ocr_par' dir='ltr' id='par_1_98' title="bbox 485 5261 2064 5336">
     <span class='ocr_line' id='line_1_99' title="bbox 485 5261 2064 5336; baseline 0.003 -20"><span class='ocrx_word' id='word_1_768' title='bbox 485 5265 771 5336; x_wconf 86' lang='lat' dir='ltr'><strong>pulchrum</strong></span> <span class='ocrx_word' id='word_1_769' title='bbox 813 5273 865 5319; x_wconf 89' lang='lat' dir='ltr'><strong>et</strong></span> <span class='ocrx_word' id='word_1_770' title='bbox 893 5263 1095 5318; x_wconf 91' lang='lat' dir='ltr'><strong>bonum</strong></span> <span class='ocrx_word' id='word_1_771' title='bbox 1134 5261 1359 5317; x_wconf 86' lang='lat' dir='ltr'><strong>cuilibet</strong></span> <span class='ocrx_word' id='word_1_772' title='bbox 1385 5263 1611 5331; x_wconf 80' lang='lat' dir='ltr'><strong>pulchro</strong></span> <span class='ocrx_word' id='word_1_773' title='bbox 1666 5275 1720 5317; x_wconf 91' lang='lat' dir='ltr'><strong>et</strong></span> <span class='ocrx_word' id='word_1_774' title='bbox 1750 5264 1892 5319; x_wconf 91' lang='lat' dir='ltr'><strong>bono</strong></span> <span class='ocrx_word' id='word_1_775' title='bbox 1927 5279 2064 5334; x_wconf 69' lang='lat' dir='ltr'><strong>prte-</strong></span> 
     </span>
    </p>
   </div>
   <div class='ocr_carea' id='block_1_99' title="bbox 488 5350 2064 5422">
    <p class='ocr_par' dir='ltr' id='par_1_99' title="bbox 488 5350 2064 5422">
     <span class='ocr_line' id='line_1_100' title="bbox 488 5350 2064 5422; baseline 0.003 -18"><span class='ocrx_word' id='word_1_776' title='bbox 488 5361 640 5404; x_wconf 84' lang='lat' dir='ltr'><strong>stans</strong></span> <span class='ocrx_word' id='word_1_777' title='bbox 665 5359 717 5403; x_wconf 90' lang='lat' dir='ltr'><strong>et</strong></span> <span class='ocrx_word' id='word_1_778' title='bbox 747 5350 924 5406; x_wconf 90' lang='lat' dir='ltr'><strong>solum</strong></span> <span class='ocrx_word' id='word_1_779' title='bbox 960 5351 1078 5420; x_wconf 88' lang='lat' dir='ltr'><strong>lege</strong></span> <span class='ocrx_word' id='word_1_780' title='bbox 1102 5360 1311 5404; x_wconf 74' lang='lat' dir='ltr'><strong>natura:</strong></span> <span class='ocrx_word' id='word_1_781' title='bbox 1335 5360 1388 5405; x_wconf 88' lang='lat' dir='ltr'><strong>et</strong></span> <span class='ocrx_word' id='word_1_782' title='bbox 1416 5351 1626 5405; x_wconf 90' lang='lat' dir='ltr'><strong>ordinis</strong></span> <span class='ocrx_word' id='word_1_783' title='bbox 1680 5351 1858 5422; x_wconf 63' lang='lat' dir='ltr'><strong>rcipsa</strong></span> <span class='ocrx_word' id='word_1_784' title='bbox 1911 5369 2064 5408; x_wconf 89' lang='lat' dir='ltr'><strong>ama-</strong></span> 
     </span>
    </p>
   </div>
   <div class='ocr_carea' id='block_1_100' title="bbox 488 5441 2061 5511">
    <p class='ocr_par' dir='ltr' id='par_1_100' title="bbox 488 5441 2061 5511">
     <span class='ocr_line' id='line_1_101' title="bbox 488 5441 2061 5511; baseline 0.003 -16"><span class='ocrx_word' id='word_1_785' title='bbox 488 5441 594 5506; x_wconf 74' lang='lat' dir='ltr'><strong>biie</strong></span> <span class='ocrx_word' id='word_1_786' title='bbox 626 5481 640 5504; x_wconf 93' lang='lat'><strong>,</strong></span> <span class='ocrx_word' id='word_1_787' title='bbox 702 5450 960 5511; x_wconf 85' lang='lat' dir='ltr'><strong>tanquam</strong></span> <span class='ocrx_word' id='word_1_788' title='bbox 1016 5441 1262 5496; x_wconf 90' lang='lat' dir='ltr'><strong>omnium</strong></span> <span class='ocrx_word' id='word_1_789' title='bbox 1317 5457 1500 5495; x_wconf 89' lang='lat' dir='ltr'><strong>rerum</strong></span> <span class='ocrx_word' id='word_1_790' title='bbox 1528 5457 1718 5508; x_wconf 81' lang='lat' dir='ltr'><strong>causa,</strong></span> <span class='ocrx_word' id='word_1_791' title='bbox 1761 5453 1816 5498; x_wconf 88' lang='lat' dir='ltr'><strong>et</strong></span> <span class='ocrx_word' id='word_1_792' title='bbox 1851 5454 2061 5500; x_wconf 85' lang='lat' dir='ltr'><strong>tantum</strong></span> 
     </span>
    </p>
   </div>
   <div class='ocr_carea' id='block_1_101' title="bbox 486 5535 2063 5604">
    <p class='ocr_par' dir='ltr' id='par_1_101' title="bbox 486 5535 2063 5604">
     <span class='ocr_line' id='line_1_102' title="bbox 486 5535 2063 5604; baseline 0.004 -18"><span class='ocrx_word' id='word_1_793' title='bbox 486 5535 738 5588; x_wconf 85' lang='lat' dir='ltr'><strong>amabilia</strong></span> <span class='ocrx_word' id='word_1_794' title='bbox 770 5536 953 5590; x_wconf 89' lang='lat' dir='ltr'><strong>omnia</strong></span> <span class='ocrx_word' id='word_1_795' title='bbox 985 5544 1038 5589; x_wconf 93' lang='lat' dir='ltr'><strong>et</strong></span> <span class='ocrx_word' id='word_1_796' title='bbox 1087 5535 1477 5589; x_wconf 79' lang='lat' dir='ltr'><strong>desiderabilia</strong></span> <span class='ocrx_word' id='word_1_797' title='bbox 1509 5537 1939 5604; x_wconf 85' lang='lat' dir='ltr'><strong>pulchritudinis</strong></span> <span class='ocrx_word' id='word_1_798' title='bbox 2009 5549 2063 5593; x_wconf 89' lang='lat' dir='ltr'><strong>et</strong></span> 
     </span>
    </p>
   </div>
   <div class='ocr_carea' id='block_1_102' title="bbox 484 5627 2064 5696">
    <p class='ocr_par' dir='ltr' id='par_1_102' title="bbox 484 5627 2064 5696">
     <span class='ocr_line' id='line_1_103' title="bbox 484 5627 2064 5696; baseline 0.004 -16"><span class='ocrx_word' id='word_1_799' title='bbox 484 5627 744 5690; x_wconf 77' lang='lat' dir='ltr'><strong>hoziitatis</strong></span> <span class='ocrx_word' id='word_1_800' title='bbox 788 5643 1014 5683; x_wconf 80' lang='lat' dir='ltr'><strong>excessu</strong></span> <span class='ocrx_word' id='word_1_801' title='bbox 1066 5627 1473 5696; x_wconf 78' lang='lat' dir='ltr'><strong>transgrediens</strong></span> <span class='ocrx_word' id='word_1_802' title='bbox 1516 5669 1531 5693; x_wconf 90' lang='lat'><strong>,</strong></span> <span class='ocrx_word' id='word_1_803' title='bbox 1597 5639 1652 5682; x_wconf 90' lang='lat' dir='ltr'><strong>et</strong></span> <span class='ocrx_word' id='word_1_804' title='bbox 1698 5646 1863 5683; x_wconf 91' lang='lat' dir='ltr'><strong>unum</strong></span> <span class='ocrx_word' id='word_1_805' title='bbox 1938 5647 2064 5687; x_wconf 90' lang='lat' dir='ltr'><strong>vere</strong></span> 
     </span>
    </p>
   </div>
   <div class='ocr_carea' id='block_1_103' title="bbox 487 5718 2061 5788">
    <p class='ocr_par' dir='ltr' id='par_1_103' title="bbox 487 5718 2061 5788">
     <span class='ocr_line' id='line_1_104' title="bbox 487 5718 2061 5788; baseline 0.006 -20"><span class='ocrx_word' id='word_1_806' title='bbox 487 5718 927 5786; x_wconf 80' lang='lat' dir='ltr'><strong>superuaturale,</strong></span> <span class='ocrx_word' id='word_1_807' title='bbox 967 5725 1230 5785; x_wconf 80' lang='lat' dir='ltr'><strong>tanquam</strong></span> <span class='ocrx_word' id='word_1_808' title='bbox 1260 5719 1437 5770; x_wconf 79' lang='lat' dir='ltr'><strong>solum</strong></span> <span class='ocrx_word' id='word_1_809' title='bbox 1463 5734 1557 5787; x_wconf 89' lang='lat' dir='ltr'><strong>per</strong></span> <span class='ocrx_word' id='word_1_810' title='bbox 1615 5735 1675 5773; x_wconf 88' lang='lat' dir='ltr'><strong>se</strong></span> <span class='ocrx_word' id='word_1_811' title='bbox 1728 5721 2061 5788; x_wconf 87' lang='lat' dir='ltr'><strong>subsistens,</strong></span> 
     </span>
    </p>
   </div>
   <div class='ocr_carea' id='block_1_104' title="bbox 399 5808 2064 5881">
    <p class='ocr_par' dir='ltr' id='par_1_104' title="bbox 399 5808 2064 5881">
     <span class='ocr_line' id='line_1_105' title="bbox 399 5808 2064 5881; baseline 0.007 -22"><span class='ocrx_word' id='word_1_812' title='bbox 399 5855 404 5859; x_wconf 84' lang='lat'><strong>.</strong></span> <span class='ocrx_word' id='word_1_813' title='bbox 487 5823 535 5865; x_wconf 62' lang='grc' dir='ltr'>γι</span> <span class='ocrx_word' id='word_1_814' title='bbox 569 5812 814 5861; x_wconf 76' lang='grc' dir='ltr'>(ιιιιιιίιιιιι</span> <span class='ocrx_word' id='word_1_815' title='bbox 846 5824 1027 5862; x_wconf 78' lang='lat' dir='ltr'><strong>rcium</strong></span> <span class='ocrx_word' id='word_1_816' title='bbox 1062 5809 1308 5863; x_wconf 84' lang='lat' dir='ltr'><strong>Creator.</strong></span> <span class='ocrx_word' id='word_1_817' title='bbox 1344 5808 1452 5865; x_wconf 77' lang='lat' dir='ltr'><strong>Nos</strong></span> <span class='ocrx_word' id='word_1_818' title='bbox 1490 5811 1659 5881; x_wconf 70' lang='lat' dir='ltr'><strong>igitur</strong></span> <span class='ocrx_word' id='word_1_819' title='bbox 1691 5825 1862 5881; x_wconf 71' lang='lat' dir='ltr'><strong>operta</strong></span> <span class='ocrx_word' id='word_1_820' title='bbox 1887 5825 1906 5868; x_wconf 88' lang='lat' dir='ltr'><strong>t</strong></span> <span class='ocrx_word' id='word_1_821' title='bbox 1936 5830 2064 5870; x_wconf 86' lang='lat' dir='ltr'><strong>eon-</strong></span> 
     </span>
    </p>
   </div>
   <div class='ocr_carea' id='block_1_105' title="bbox 489 5901 2062 5978">
    <p class='ocr_par' dir='ltr' id='par_1_105' title="bbox 489 5901 2062 5978">
     <span class='ocr_line' id='line_1_106' title="bbox 489 5901 2062 5978; baseline 0.01 -27"><span class='ocrx_word' id='word_1_822' title='bbox 489 5902 646 5966; x_wconf 56' lang='lat' dir='ltr'><strong>mai,</strong></span> <span class='ocrx_word' id='word_1_823' title='bbox 692 5902 832 5968; x_wconf 58' lang='lat' dir='ltr'><strong>bima</strong></span> <span class='ocrx_word' id='word_1_824' title='bbox 870 5901 1107 5968; x_wconf 62' lang='grc' dir='ltr'>[ριἰιιιιτι,</span> <span class='ocrx_word' id='word_1_825' title='bbox 1142 5913 1196 5958; x_wconf 85' lang='grc' dir='ltr'>ιιι</span> <span class='ocrx_word' id='word_1_826' title='bbox 1233 5903 1454 5976; x_wconf 72' lang='lat' dir='ltr'><strong>die&#39;tur,</strong></span> <span class='ocrx_word' id='word_1_827' title='bbox 1489 5908 1540 5959; x_wconf 92' lang='lat' dir='ltr'><strong>iu</strong></span> <span class='ocrx_word' id='word_1_828' title='bbox 1565 5909 1758 5978; x_wconf 69' lang='lat' dir='ltr'><strong>spiritu</strong></span> <span class='ocrx_word' id='word_1_829' title='bbox 1792 5909 1854 5964; x_wconf 83' lang='lat' dir='ltr'><strong>ad</strong></span> <span class='ocrx_word' id='word_1_830' title='bbox 1893 5910 2062 5978; x_wconf 72' lang='lat' dir='ltr'><strong>solius</strong></span> 
     </span>
    </p>
   </div>
   <div class='ocr_carea' id='block_1_106' title="bbox 2164 4687 3740 4768">
    <p class='ocr_par' dir='ltr' id='par_1_106' title="bbox 2164 4687 3740 4768">
     <span class='ocr_line' id='line_1_107' title="bbox 2164 4687 3740 4768; baseline -0.011 -9"><span class='ocrx_word' id='word_1_831' title='bbox 2164 4705 2423 4759; x_wconf 84' lang='grc' dir='ltr'>ἁπάντων</span> <span class='ocrx_word' id='word_1_832' title='bbox 2463 4701 2563 4765; x_wconf 86' lang='grc' dir='ltr'>τὰς</span> <span class='ocrx_word' id='word_1_833' title='bbox 2594 4699 2882 4767; x_wconf 76' lang='grc' dir='ltr'>καλλονᾶς,</span> <span class='ocrx_word' id='word_1_834' title='bbox 2913 4699 3011 4753; x_wconf 71' lang='grc' dir='ltr'>καὶ</span> <span class='ocrx_word' id='word_1_835' title='bbox 3050 4698 3398 4768; x_wconf 73' lang='grc' dir='ltr'>ἀγαθὸτητας</span> <span class='ocrx_word' id='word_1_836' title='bbox 3428 4687 3740 4758; x_wconf 74' lang='grc' dir='ltr'>ὑπερθλὺσεο</span> 
     </span>
    </p>
   </div>
   <div class='ocr_carea' id='block_1_107' title="bbox 2163 4790 3736 4865">
    <p class='ocr_par' dir='ltr' id='par_1_107' title="bbox 2163 4790 3736 4865">
     <span class='ocr_line' id='line_1_108' title="bbox 2163 4790 3736 4865; baseline -0.011 -11"><span class='ocrx_word' id='word_1_837' title='bbox 2163 4797 2480 4863; x_wconf 83' lang='grc' dir='ltr'>καλοποιοῦ,</span> <span class='ocrx_word' id='word_1_838' title='bbox 2531 4799 2625 4852; x_wconf 71' lang='grc' dir='ltr'><strong>καὶ</strong></span> <span class='ocrx_word' id='word_1_839' title='bbox 2675 4795 3009 4865; x_wconf 79' lang='grc' dir='ltr'>ἀγαθοποιοῦ</span> <span class='ocrx_word' id='word_1_840' title='bbox 3056 4794 3344 4864; x_wconf 70' lang='grc' dir='ltr'>δυνάμεως</span> <span class='ocrx_word' id='word_1_841' title='bbox 3413 4790 3544 4847; x_wconf 82' lang='grc' dir='ltr'>αὑτὸ</span> <span class='ocrx_word' id='word_1_842' title='bbox 3606 4797 3736 4852; x_wconf 69' lang='grc' dir='ltr'>παρ·</span> 
     </span>
    </p>
   </div>
   <div class='ocr_carea' id='block_1_108' title="bbox 2162 4877 3734 4963">
    <p class='ocr_par' dir='ltr' id='par_1_108' title="bbox 2162 4877 3734 4963">
     <span class='ocr_line' id='line_1_109' title="bbox 2162 4877 3734 4963; baseline -0.011 -17"><span class='ocrx_word' id='word_1_843' title='bbox 2162 4891 2551 4963; x_wconf 79' lang='grc' dir='ltr'>ήγαγεν,ὑπὲρ</span> <span class='ocrx_word' id='word_1_844' title='bbox 2572 4888 2839 4958; x_wconf 83' lang='grc' dir='ltr'>καλλονὴν</span> <span class='ocrx_word' id='word_1_845' title='bbox 2869 4889 3072 4955; x_wconf 76' lang='grc' dir='ltr'>πᾶσαν,</span> <span class='ocrx_word' id='word_1_846' title='bbox 3101 4889 3197 4942; x_wconf 78' lang='grc' dir='ltr'>καὶ</span> <span class='ocrx_word' id='word_1_847' title='bbox 3226 4886 3537 4955; x_wconf 78' lang='grc' dir='ltr'>ἁγαθοτητα</span> <span class='ocrx_word' id='word_1_848' title='bbox 3568 4877 3734 4932; x_wconf 79' lang='grc' dir='ltr'>πᾶσαν</span> 
     </span>
    </p>
   </div>
   <div class='ocr_carea' id='block_1_109' title="bbox 2160 4963 3732 5054">
    <p class='ocr_par' dir='ltr' id='par_1_109' title="bbox 2160 4963 3732 5054">
     <span class='ocr_line' id='line_1_110' title="bbox 2160 4963 3732 5054; baseline -0.007 -16"><span class='ocrx_word' id='word_1_849' title='bbox 2160 4985 2458 5054; x_wconf 82' lang='grc' dir='ltr'>ἀπειράκις</span> <span class='ocrx_word' id='word_1_850' title='bbox 2492 4984 2736 5053; x_wconf 80' lang='grc' dir='ltr'>ἀπείρως</span> <span class='ocrx_word' id='word_1_851' title='bbox 2771 4980 3145 5053; x_wconf 73' lang='grc' dir='ltr'>ἐνιδρυμένον,</span> <span class='ocrx_word' id='word_1_852' title='bbox 3185 4978 3284 5033; x_wconf 73' lang='grc' dir='ltr'>καὶ</span> <span class='ocrx_word' id='word_1_853' title='bbox 3314 4973 3651 5046; x_wconf 79' lang='grc' dir='ltr'>ἀσυγκρίτως</span> <span class='ocrx_word' id='word_1_854' title='bbox 3680 4963 3732 5017; x_wconf 78' lang='grc' dir='ltr'><strong>ἓν</strong></span> 
     </span>
    </p>
   </div>
   <div class='ocr_carea' id='block_1_110' title="bbox 2159 5057 3732 5149">
    <p class='ocr_par' dir='ltr' id='par_1_110' title="bbox 2159 5057 3732 5149">
     <span class='ocr_line' id='line_1_111' title="bbox 2159 5057 3732 5149; baseline -0.011 -18"><span class='ocrx_word' id='word_1_855' title='bbox 2159 5077 2218 5132; x_wconf 72' lang='grc' dir='ltr'>ὃν</span> <span class='ocrx_word' id='word_1_856' title='bbox 2269 5078 2671 5149; x_wconf 80' lang='grc' dir='ltr'>ὑπερκόσμιον·</span> <span class='ocrx_word' id='word_1_857' title='bbox 2735 5075 2897 5145; x_wconf 76' lang='grc' dir='ltr'>μόνον</span> <span class='ocrx_word' id='word_1_858' title='bbox 2957 5072 3119 5142; x_wconf 80' lang='grc' dir='ltr'>φύσει</span> <span class='ocrx_word' id='word_1_859' title='bbox 3178 5073 3408 5143; x_wconf 83' lang='grc' dir='ltr'>ὲραστὸν</span> <span class='ocrx_word' id='word_1_860' title='bbox 3455 5067 3591 5133; x_wconf 82' lang='grc' dir='ltr'>ὑπὲρ</span> <span class='ocrx_word' id='word_1_861' title='bbox 3636 5057 3732 5114; x_wconf 76' lang='grc' dir='ltr'>πᾶν</span> 
     </span>
    </p>
   </div>
   <div class='ocr_carea' id='block_1_111' title="bbox 2161 5156 3732 5243">
    <p class='ocr_par' dir='ltr' id='par_1_111' title="bbox 2161 5156 3732 5243">
     <span class='ocr_line' id='line_1_112' title="bbox 2161 5156 3732 5243; baseline -0.011 -19"><span class='ocrx_word' id='word_1_862' title='bbox 2161 5172 2415 5243; x_wconf 82' lang='grc' dir='ltr'>ὲραστὸν,</span> <span class='ocrx_word' id='word_1_863' title='bbox 2445 5170 2521 5233; x_wconf 85' lang='grc' dir='ltr'>ὡς</span> <span class='ocrx_word' id='word_1_864' title='bbox 2567 5170 2728 5240; x_wconf 79' lang='grc' dir='ltr'>μόνον</span> <span class='ocrx_word' id='word_1_865' title='bbox 2753 5167 2960 5237; x_wconf 88' lang='grc' dir='ltr'>κυρίως</span> <span class='ocrx_word' id='word_1_866' title='bbox 3011 5165 3178 5220; x_wconf 84' lang='grc' dir='ltr'>καλὸν</span> <span class='ocrx_word' id='word_1_867' title='bbox 3206 5167 3301 5219; x_wconf 81' lang='grc' dir='ltr'><strong>καὶ</strong></span> <span class='ocrx_word' id='word_1_868' title='bbox 3345 5162 3549 5234; x_wconf 81' lang='grc' dir='ltr'>ἀγαθὸν</span> <span class='ocrx_word' id='word_1_869' title='bbox 3576 5156 3732 5220; x_wconf 75' lang='grc' dir='ltr'>ὑπερο</span> 
     </span>
    </p>
   </div>
   <div class='ocr_carea' id='block_1_112' title="bbox 2159 5244 3731 5332">
    <p class='ocr_par' dir='ltr' id='par_1_112' title="bbox 2159 5244 3731 5332">
     <span class='ocr_line' id='line_1_113' title="bbox 2159 5244 3731 5332; baseline -0.011 -15"><span class='ocrx_word' id='word_1_870' title='bbox 2159 5263 2411 5332; x_wconf 83' lang='grc' dir='ltr'>κείμενον</span> <span class='ocrx_word' id='word_1_871' title='bbox 2447 5263 2647 5324; x_wconf 81' lang='grc' dir='ltr'>παντὸς</span> <span class='ocrx_word' id='word_1_872' title='bbox 2683 5258 2851 5313; x_wconf 79' lang='grc' dir='ltr'>καλοῦ</span> <span class='ocrx_word' id='word_1_873' title='bbox 2877 5259 2970 5314; x_wconf 78' lang='grc' dir='ltr'><strong>καὶ</strong></span> <span class='ocrx_word' id='word_1_874' title='bbox 3001 5257 3234 5327; x_wconf 83' lang='grc' dir='ltr'>ἀγαθοῦ,</span> <span class='ocrx_word' id='word_1_875' title='bbox 3260 5259 3355 5311; x_wconf 74' lang='grc' dir='ltr'>καὶ</span> <span class='ocrx_word' id='word_1_876' title='bbox 3397 5254 3554 5326; x_wconf 82' lang='grc' dir='ltr'>μόνον</span> <span class='ocrx_word' id='word_1_877' title='bbox 3596 5244 3731 5313; x_wconf 85' lang='grc' dir='ltr'>νόμῳ</span> 
     </span>
    </p>
   </div>
   <div class='ocr_carea' id='block_1_113' title="bbox 2159 5341 3730 5424">
    <p class='ocr_par' dir='ltr' id='par_1_113' title="bbox 2159 5341 3730 5424">
     <span class='ocr_line' id='line_1_114' title="bbox 2159 5341 3730 5424; baseline -0.013 -16"><span class='ocrx_word' id='word_1_878' title='bbox 2159 5353 2376 5424; x_wconf 78' lang='grc' dir='ltr'>φύσεώς</span> <span class='ocrx_word' id='word_1_879' title='bbox 2403 5370 2463 5406; x_wconf 89' lang='grc' dir='ltr'><strong>τε</strong></span> <span class='ocrx_word' id='word_1_880' title='bbox 2494 5353 2588 5407; x_wconf 80' lang='grc' dir='ltr'>καὶ</span> <span class='ocrx_word' id='word_1_881' title='bbox 2621 5351 2826 5419; x_wconf 82' lang='grc' dir='ltr'>τάξεως</span> <span class='ocrx_word' id='word_1_882' title='bbox 2864 5350 3058 5421; x_wconf 85' lang='grc' dir='ltr'>τῳόντι</span> <span class='ocrx_word' id='word_1_883' title='bbox 3085 5348 3392 5419; x_wconf 84' lang='grc' dir='ltr'>ἀγαπητὸν.</span> <span class='ocrx_word' id='word_1_884' title='bbox 3430 5347 3503 5410; x_wconf 76' lang='grc' dir='ltr'>ὡς</span> <span class='ocrx_word' id='word_1_885' title='bbox 3531 5341 3730 5396; x_wconf 80' lang='grc' dir='ltr'>πάντων</span> 
     </span>
    </p>
   </div>
   <div class='ocr_carea' id='block_1_114' title="bbox 2159 5435 3739 5520">
    <p class='ocr_par' dir='ltr' id='par_1_114' title="bbox 2159 5435 3739 5520">
     <span class='ocr_line' id='line_1_115' title="bbox 2159 5435 3739 5520; baseline -0.008 -18"><span class='ocrx_word' id='word_1_886' title='bbox 2159 5450 2352 5513; x_wconf 81' lang='grc' dir='ltr'>αἴτιον,</span> <span class='ocrx_word' id='word_1_887' title='bbox 2403 5448 2497 5502; x_wconf 73' lang='grc' dir='ltr'>καὶ</span> <span class='ocrx_word' id='word_1_888' title='bbox 2540 5447 2616 5510; x_wconf 84' lang='grc' dir='ltr'>ὼς</span> <span class='ocrx_word' id='word_1_889' title='bbox 2661 5446 2940 5509; x_wconf 83' lang='grc' dir='ltr'>τοσοῦτον,</span> <span class='ocrx_word' id='word_1_890' title='bbox 2985 5445 3108 5498; x_wconf 79' lang='grc' dir='ltr'>ὅσον</span> <span class='ocrx_word' id='word_1_891' title='bbox 3139 5444 3207 5498; x_wconf 72' lang='grc' dir='ltr'>τὰ</span> <span class='ocrx_word' id='word_1_892' title='bbox 3243 5440 3502 5520; x_wconf 69' lang='grc' dir='ltr'>ἀγαπητὰ</span> <span class='ocrx_word' id='word_1_893' title='bbox 3548 5435 3739 5490; x_wconf 67' lang='grc' dir='ltr'>πάντα..</span> 
     </span>
    </p>
   </div>
   <div class='ocr_carea' id='block_1_115' title="bbox 2159 5528 3729 5613">
    <p class='ocr_par' dir='ltr' id='par_1_115' title="bbox 2159 5528 3729 5613">
     <span class='ocr_line' id='line_1_116' title="bbox 2159 5528 3729 5613; baseline -0.01 -18"><span class='ocrx_word' id='word_1_894' title='bbox 2159 5542 2254 5595; x_wconf 81' lang='grc' dir='ltr'><strong>καὶ</strong></span> <span class='ocrx_word' id='word_1_895' title='bbox 2311 5540 2519 5613; x_wconf 77' lang='grc' dir='ltr'>ἐραστὰ</span> <span class='ocrx_word' id='word_1_896' title='bbox 2578 5539 2856 5610; x_wconf 76' lang='grc' dir='ltr'>ὑπερϐολῇ</span> <span class='ocrx_word' id='word_1_897' title='bbox 2927 5537 3194 5608; x_wconf 82' lang='grc' dir='ltr'>καλλονῆς</span> <span class='ocrx_word' id='word_1_898' title='bbox 3252 5537 3348 5590; x_wconf 77' lang='grc' dir='ltr'>καὶ</span> <span class='ocrx_word' id='word_1_899' title='bbox 3415 5528 3729 5602; x_wconf 79' lang='grc' dir='ltr'>ἀγαθότητος</span> 
     </span>
    </p>
   </div>
   <div class='ocr_carea' id='block_1_116' title="bbox 2159 5613 3728 5706">
    <p class='ocr_par' dir='ltr' id='par_1_116' title="bbox 2159 5613 3728 5706">
     <span class='ocr_line' id='line_1_117' title="bbox 2159 5613 3728 5706; baseline -0.006 -17"><span class='ocrx_word' id='word_1_900' title='bbox 2159 5633 2680 5706; x_wconf 78' lang='grc' dir='ltr'>ὑπεραναθεόηκός·</span> <span class='ocrx_word' id='word_1_901' title='bbox 2733 5633 2826 5685; x_wconf 70' lang='grc' dir='ltr'><strong>καὶ</strong></span> <span class='ocrx_word' id='word_1_902' title='bbox 2876 5630 2933 5684; x_wconf 85' lang='grc' dir='ltr'>ἓν</span> <span class='ocrx_word' id='word_1_903' title='bbox 2980 5631 3352 5702; x_wconf 83' lang='grc' dir='ltr'>ὑπερκὸσμιον</span> <span class='ocrx_word' id='word_1_904' title='bbox 3408 5621 3630 5695; x_wconf 75' lang='grc' dir='ltr'>ἀληθῶς,</span> <span class='ocrx_word' id='word_1_905' title='bbox 3661 5613 3728 5706; x_wconf 62' lang='grc' dir='ltr'><strong>ᾡς</strong></span> 
     </span>
    </p>
   </div>
   <div class='ocr_carea' id='block_1_117' title="bbox 2163 5705 3724 5798">
    <p class='ocr_par' dir='ltr' id='par_1_117' title="bbox 2163 5705 3724 5798">
     <span class='ocr_line' id='line_1_118' title="bbox 2163 5705 3724 5798; baseline -0.014 -18"><span class='ocrx_word' id='word_1_906' title='bbox 2163 5729 2323 5798; x_wconf 73' lang='grc' dir='ltr'>μόνον</span> <span class='ocrx_word' id='word_1_907' title='bbox 2349 5726 2514 5788; x_wconf 72' lang='grc' dir='ltr'>ὅντως</span> <span class='ocrx_word' id='word_1_908' title='bbox 2557 5724 2638 5790; x_wconf 81' lang='grc' dir='ltr'><strong>δν,</strong></span> <span class='ocrx_word' id='word_1_909' title='bbox 2675 5724 2770 5776; x_wconf 75' lang='grc' dir='ltr'><strong>καὶ</strong></span> <span class='ocrx_word' id='word_1_910' title='bbox 2794 5723 3017 5777; x_wconf 84' lang='grc' dir='ltr'>πάντων</span> <span class='ocrx_word' id='word_1_911' title='bbox 3056 5723 3168 5775; x_wconf 85' lang='grc' dir='ltr'><strong>τῶν</strong></span> <span class='ocrx_word' id='word_1_912' title='bbox 3199 5722 3370 5775; x_wconf 72' lang='grc' dir='ltr'>ὄντων</span> <span class='ocrx_word' id='word_1_913' title='bbox 3397 5705 3724 5788; x_wconf 83' lang='grc' dir='ltr'>παρεκτικόν.</span> 
     </span>
    </p>
   </div>
   <div class='ocr_carea' id='block_1_118' title="bbox 2171 5796 3725 5891">
    <p class='ocr_par' dir='ltr' id='par_1_118' title="bbox 2171 5796 3725 5891">
     <span class='ocr_line' id='line_1_119' title="bbox 2171 5796 3725 5891; baseline 0.003 -17"><span class='ocrx_word' id='word_1_914' title='bbox 2171 5796 2600 5891; x_wconf 79' lang='grc' dir='ltr'>Ἒπιστρεπτέον</span> <span class='ocrx_word' id='word_1_915' title='bbox 2649 5813 2764 5880; x_wconf 75' lang='grc' dir='ltr'>οὖν,</span> <span class='ocrx_word' id='word_1_916' title='bbox 2797 5816 2977 5887; x_wconf 75' lang='grc' dir='ltr'>ἀγαθῇ</span> <span class='ocrx_word' id='word_1_917' title='bbox 3033 5814 3196 5888; x_wconf 81' lang='grc' dir='ltr'>τύχῃ,</span> <span class='ocrx_word' id='word_1_918' title='bbox 3240 5815 3268 5868; x_wconf 84' lang='grc' dir='ltr'><strong>ὃ</strong></span> <span class='ocrx_word' id='word_1_919' title='bbox 3311 5813 3372 5886; x_wconf 83' lang='grc' dir='ltr'>δὴ</span> <span class='ocrx_word' id='word_1_920' title='bbox 3416 5810 3643 5876; x_wconf 65' lang='grc' dir='ltr'><strong>λέγεται»</strong></span> <span class='ocrx_word' id='word_1_921' title='bbox 3673 5796 3725 5891; x_wconf 50' lang='grc' dir='ltr'><strong>ἐγ</strong></span> 
     </span>
    </p>
   </div>
   <div class='ocr_carea' id='block_1_119' title="bbox 2163 5882 3723 5986">
    <p class='ocr_par' dir='ltr' id='par_1_119' title="bbox 2163 5882 3723 5986">
     <span class='ocr_line' id='line_1_120' title="bbox 2163 5882 3723 5986; baseline -0.013 -18"><span class='ocrx_word' id='word_1_922' title='bbox 2163 5915 2436 5986; x_wconf 54' lang='lat' dir='ltr'><strong>llas-73:17:</strong></span> <span class='ocrx_word' id='word_1_923' title='bbox 2498 5909 2631 5983; x_wconf 53' lang='grc' dir='ltr'>πρὶς</span> <span class='ocrx_word' id='word_1_924' title='bbox 2685 5910 2781 5980; x_wconf 66' lang='grc' dir='ltr'>τὴν</span> <span class='ocrx_word' id='word_1_925' title='bbox 2832 5907 2924 5962; x_wconf 72' lang='grc' dir='ltr'><strong>τοῦ</strong></span> <span class='ocrx_word' id='word_1_926' title='bbox 2980 5907 3140 5981; x_wconf 60' lang='grc' dir='ltr'>μύκον</span> <span class='ocrx_word' id='word_1_927' title='bbox 3199 5907 3315 5970; x_wconf 79' lang='grc' dir='ltr'>ἑνὸς</span> <span class='ocrx_word' id='word_1_928' title='bbox 3368 5903 3593 5982; x_wconf 75' lang='grc' dir='ltr'>ιῦρετιν,</span> <span class='ocrx_word' id='word_1_929' title='bbox 3643 5882 3723 5946; x_wconf 57' lang='grc' dir='ltr'><strong>κκῖ</strong></span> 
     </span>
    </p>
   </div>
  </div>
