4058 6482
463 336 573 399 859

1603 329 1694 389 CA
1704 326 1950 389 LLISTI
1983 322 2169 383 CATA
2184 320 2275 381 Pl]
2289 319 2392 382 UG
2404 319 2599 383 ΙΟΤιΕ

3629 330 3733 395 8ῖο
3760 410 3763 413 _

460 448 1086 521 εἱιιιριει-ι-ιίιιίίηίιιιιη
1110 457 1167 505 et
1221 463 1413 506 revera
1477 464 1645 503 unum
1705 446 1954 514 aspicere
1996 457 2026 494 e

2140 447 2254 497 τος,
2275 430 2550 503 ἀοριστία,
2585 432 2682 488 καὶ
2712 432 2977 510 ἁπλότης,
3016 436 3111 494 καὶ
3128 439 3193 497 τδ
3242 437 3425 507 ἀειδὲς
3486 443 3719 512 ἑνοειδῶς

463 545 712 613 tendere,
758 553 812 599 et
867 545 994 601 inde
1047 543 1334 608 illustrari,
1369 550 1425 597 et
1467 557 1591 598 cum
1628 540 1718 594 illa
1767 537 2051 593 collectiva

2140 524 2465 597 γιγνομένη,
2496 526 2791 601 ἐπέρηται
2824 547 2839 561 ο
2867 530 2964 585 καὶ
3020 531 3117 586 τοῦ
3145 532 3466 605 ὑπερφυοῦς
3496 540 3589 592 καὶ
3622 542 3717 612 ap-

464 637 675 693 unitate
734 638 992 701 adunari,
1021 645 1075 691 et
1103 636 1227 692 ideo
1261 651 1449 692 secum
1486 653 1504 702 ;
1563 643 1625 690 ιιι
1682 650 1789 688 non
1824 631 1989 687 modo
2023 647 2032 684 :

2143 617 2445 688 ρητοτατου
2497 619 2728 685 κάλλους
2780 622 2882 676 οὐκ
2920 623 3227 694 ἐφικνεῖται
3288 627 3391 698 τὴν
3425 634 3719 698 φαντασίαν

459 730 689 785 meliore
713 730 990 801 diligatur,
1026 738 1084 785 ut
1139 729 1471 792 consimilis,
1512 728 1781 799 quantum
1824 726 1929 798 ipsi
1984 724 2052 781 li-

458 831 567 885 cet,
596 832 649 877 et
678 822 1049 888 inlinitudine,
1072 833 1126 878 et
1157 822 1508 891 simplicitate
1537 832 1590 877 et
1621 821 2049 890 spiritualitate;

2142 710 2354 766 παθεῖν.
2396 713 2491 766 Δεῖ
2536 713 2601 784 δὴ
2635 714 2745 785 ἀρα
2801 714 2895 770 τὸν
2959 718 3086 773 νοῦν
3144 720 3281 793 πρὸς
3343 723 3407 776 τὸ
3458 725 3720 797 ἄναρχον,

2141 802 2369 868 ἁπλοῦν,
2411 806 2506 860 καὶ
2543 808 2820 877 ἀόριστον,
2855 810 2951 865 καὶ
2992 812 3187 884 τῳόντι
3242 814 3301 868 ἓν
3353 817 3584 888 ἀφορᾷν.
3631 821 3723 874 καὶ

459 914 557 968 sed
590 923 647 969 et
676 913 794 982 ipsa
820 915 1061 969 divinam
1098 923 1152 971 et
1192 929 1461 970 summam
1493 912 1955 983 pulchritudinem
1998 927 2025 967 ι’

2138 892 2520 952 ἀνατείνεσθαι
2550 916 2565 930 ·
2588 903 2846 957 κάκεῖθεν
2896 905 3216 973 ἐπείγεσθαι
3250 910 3721 980 καταλάμπεσθαι,

461 1007 940 1073 supernaturalem
977 1005 1397 1076 possitdiligere
1423 1022 1438 1069 ;
1468 1006 1672 1075 quippe
1697 1020 1820 1074 qua:
1857 1019 2051 1059 cucur-

459 1099 595 1152 rerit
620 1098 918 1154 secundum
941 1115 1003 1154 ea
1027 1115 1150 1169 quae
1180 1099 1325 1155 dicta
1351 1107 1503 1167 sunt,
1522 1099 1592 1153 ad
1614 1097 2046 1153 similitudinem.

459 1187 733 1255 Quoniam
768 1191 915 1244 enim
957 1191 1231 1248 similibus
1284 1191 1487 1247 similia
1527 1190 1850 1245 naturaliter
1908 1187 2051 1243 solet

460 1295 585 1334 esse
614 1280 881 1352 diligendi
930 1280 1244 1352 dispositio,
1306 1291 1457 1354 patet
1520 1290 1757 1338 mentem
1806 1296 2045 1352 quoque.

461 1372 924 1441 quemadmodum
959 1387 991 1428 a
1028 1373 1142 1430 Deo
1188 1375 1471 1447 diligetur,
1510 1375 1684 1443 ipsam
1717 1375 1883 1428 Deum
1908 1372 2046 1428 dile-

458 1472 672 1519 cturam
702 1480 865 1535 esse;
925 1466 1105 1525 simile
1165 1468 1311 1523 enim
1369 1467 1537 1522 simili
1587 1466 1946 1522 assimilatnr.
1983 1464 2047 1520 Et

459 1557 921 1624 quemadmodum
992 1559 1300 1616 similitudo
1361 1559 1775 1616 conversionem
1855 1557 2042 1621 habet,

459 1643 533 1698 ita
553 1644 775 1702 hahehit
794 1651 1016 1704 omnino
1035 1665 1273 1707 amorem
1293 1650 1386 1707 Dei
1409 1651 1580 1705 amori
1597 1649 2042 1720 respondentem;

459 1751 570 1804 quo
600 1739 786 1796 nullus
814 1742 987 1811 major
1013 1750 1100 1799 est
1125 1742 1364 1799 allectus
1423 1743 1563 1797 inter
1618 1743 1789 1798 Deum
1832 1750 1889 1798 et
1920 1742 2041 1797 ani-

462 1844 607 1885 tuam

2142 987 2237 1040 καὶ
2263 988 2330 1060 τῇ
2366 990 2807 1065 ἀρχισυναγώγῳ
2829 996 2978 1051 ένάδι
3003 998 3279 1063 ἐνοῦσοαι,
3324 1004 3420 1056 καὶ
3453 1004 3546 1057 διὰ
3576 1005 3725 1059 τοῦτο

2141 1076 2320 1148 ἑαυτῷ
2347 1097 2360 1112 ·
2392 1083 2460 1135 ἵν’
2489 1084 2551 1137 οὐ
2597 1086 2759 1156 μόνον
2794 1089 3109 1161 ἀγαπηθείη
3172 1093 3324 1163 παρά
3353 1094 3449 1147 τοῦ
3489 1097 3723 1164 κρείττο-

2141 1188 2251 1237 νος,
2272 1171 2347 1236 ὡς
2374 1174 2688 1244 ὀμοιωθεὶς,
2788 1180 2997 1236 ἔνεστιν
3024 1183 3195 1255 αὐτῷ,
3241 1188 3306 1257 τῇ
3352 1204 3412 1240 τε
3456 1189 3721 1259 ἀοριστίξι,

2141 1262 2238 1315 καὶ
2281 1264 2570 1339 ἁπλότητι,
2620 1271 2699 1342 τῷ
2757 1265 2980 1346 ἁνειδέῴ
3032 1292 3093 1328 τε
3162 1277 3259 1330 καὶ⁹
3311 1278 3722 1350 ἀσχηματίστῳ,

2138 1352 2277 1410 ἀλλὰ
2346 1358 2442 1412 καὶ
2484 1360 2651 1424 αὐτὸς
2704 1362 2767 1416 τὸ
2815 1363 2959 1417 θεῖον
3005 1366 3100 1419 καὶ
3141 1367 3454 1439 ὑπέρκαλον
3519 1373 3724 1434 κάλλος,

2142 1447 2239 1499 καὶ
2265 1448 2545 1518 ὑπερφυὲς
2599 1453 2883 1525 ἀγαπῆσαι
2912 1457 3190 1532 δυνηθείη,
3224 1459 3300 1524 ὡς
3356 1460 3726 1532 ἀναδεδραμη-

2143 1538 2256 1592 κὼς
2304 1541 2445 1593 κατά
2503 1542 2571 1596 τὰ
2600 1546 2872 1616 εἰρημένα
2918 1549 3056 1618 πρὸς
3084 1550 3185 1620 τὴν
3229 1552 3515 1621 ὁμοίωσιν.
3583 1558 3725 1609 Ἐτεὶ

2142 1630 2253 1701 γὰρ
2288 1634 2403 1695 τοῖς
2433 1634 2642 1702 ὁμοίοις
2664 1636 2952 1705 γίγνεσθαι
2993 1641 3239 1709 φυσικῶς
3271 1641 3469 1696 εἴωθεν
3518 1647 3723 1716 ἀγαπη-

2141 1722 2268 1792 τικὴ
2293 1723 2536 1790 διάθεσις
2561 1726 2701 1800 πρὸς
2752 1730 2820 1784 τά
2861 1730 3044 1801 ὃμοια,
3082 1732 3316 1804 φανερδν
3363 1734 3629 1806 δήπουθεν
3657 1739 3726 1803 ὡς

2077 1794 2582 1891 Βάγαπηθήσεται,
2629 1827 2723 1880 καὶ
2768 1827 3146 1894 ἀνταγαπῆσει
3189 1829 3218 1881 6
3266 1828 3396 1894 νοῦς
3446 1832 3539 1887 τὸν
3581 1832 3724 1886 Θεόν.

464 1910 541 1967 T6
566 1915 676 1986 γάρ
707 1932 788 1969 τοι
843 1915 1032 1986 ὅμοιον
1077 1913 1251 1984 ὁμοίῳ
1310 1912 1464 1966 ἐστιν
1505 1913 1712 1984 ὅμοιον.
1767 1914 1878 1967 Καὶ
1924 1913 1999 1976 ὡς
2058 1913 2093 1984 ἡ
2148 1915 2407 1986 ὁμοιότης
2460 1919 2578 1990 ἔχει
2626 1918 2689 1973 τὸ
2738 1919 3147 1990 ἀντιστρέφειν,
3179 1919 3294 1986 ἕξει
3346 1923 3562 1986 πάντως
3589 1919 3723 1976 οὕτω

461 2014 560 2066 καὶ
615 2011 751 2079 πρδ;
806 2010 884 2083 τῷ
921 2013 1145 2084 ἀγαπᾷν
1187 2009 1250 2064 τὸ
1278 2010 1736 2078 ἀνταγαπᾶσθαι·
1763 2009 1825 2063 ού
1859 2010 2048 2079 μεῖζον
2079 2009 2315 2083 πάθημα
2349 2018 2556 2086 μεταξὺ
2586 2016 2727 2069 Θεοῦ
2763 2016 2861 2070 καὶ
2888 2016 3069 2084 ψυχῆς
3102 2016 3251 2070 ἔστιν
3280 2016 3460 2071 οὐδέν.

531 2102 622 2179 26.
684 2104 858 2175 Supra
920 2108 1203 2178 propriam
1267 2119 1523 2166 naturam
1573 2126 1733 2169 mens
1780 2112 2046 2183 assurgit,

462 2196 687 2264 quando
710 2198 783 2252 ad
818 2198 950 2254 illud
981 2202 1248 2274 assurgit,
1272 2203 1416 2271 quod
1444 2210 1531 2259 est
1559 2218 1725 2274 supra
1760 2213 1997 2262 mentem
2026 2221 2046 2273 ;

459 2288 631 2357 lltque
661 2290 889 2361 simplex
919 2300 972 2347 et
1002 2292 1214 2363 absque
1238 2293 1444 2359 forma,
1474 2302 1531 2351 et
1551 2293 1736 2351 divine
1767 2296 1890 2352 sine
1910 2296 2049 2368 ligu-

458 2396 514 2432 ra
539 2384 839 2438 constituta
857 2394 965 2448 est,
992 2394 1194 2441 aeterna
1219 2386 1533 2454 acinllnita,
1561 2397 1640 2451 et,
1663 2397 1723 2442 ut
1747 2388 1821 2443 ita
1839 2387 2042 2457 dicam,

455 2484 628 2544 supra
662 2474 939 2544 propriam
978 2476 1265 2533 unitatem.
1301 2477 1530 2545 Quando
1562 2494 1694 2534 vero
1729 2479 1780 2535 id
1829 2480 1898 2536 de
1936 2494 2048 2550 quo

463 2565 672 2637 cogitat
703 2582 890 2622 secum
925 2568 1107 2633 habet,
1146 2580 1223 2638 et,
1256 2572 1302 2626 si
1334 2572 1390 2626 in
1422 2571 1623 2627 divinis
1645 2581 1700 2628 et
1724 2572 2048 2645 intelligibi-

457 2658 608 2721 libus
635 2669 903 2730 Occupata
930 2662 1023 2730 sit,
1061 2670 1190 2719 tunc
1232 2665 1565 2722 naturaliter
1603 2666 1808 2724 dicitur
1832 2669 2043 2726 moveri

453 2762 510 2808 et
536 2757 755 2824 operari
786 2763 840 2811 et
867 2756 923 2810 in
961 2757 1238 2828 propriam
1274 2769 1530 2815 naturam
1557 2762 1724 2817 statui
1754 2779 1771 2831 ;
1806 2764 2041 2819 multum

452 2857 635 2900 autem
666 2857 889 2917 pra-stat
911 2849 1145 2906 naturali
1175 2856 1620 2924 supernatnrale,
1652 2865 1709 2911 et
1743 2858 1917 2913 multo
1940 2875 2045 2915 ex-

451 2938 656 2996 celsius
686 2950 806 2999 est:
841 2953 1055 3014 Oportet
1089 2955 1272 3002 autem
1324 2951 1746 3018 supernaturale
1811 2953 2042 3024 assequi

451 3030 665 3099 conari,
717 3040 903 3104 utpote
935 3035 1156 3101 melius,
1177 3038 1483 3093 secundum
1522 3040 1839 3096 mandatum
1903 3042 2039 3098 cha-

2220 2124 2336 2174 κς.
2380 2107 2560 2180 ’Υπὲρ
2584 2109 2682 2179 τὴν
2712 2109 2908 2164 ἑαυτοῦ
2941 2109 3104 2177 φύσιν
3131 2110 3253 2162 τότε
3283 2111 3311 2164 6
3341 2109 3468 2174 νοῦς
3498 2110 3715 2176 γίνεται.

2145 2201 2278 2257 ὅταν
2322 2203 2405 2265 είς
2451 2203 2514 2256 τὸ
2566 2203 2711 2273 ὑπὲρ
2738 2202 2864 2257 νοῦν
2898 2203 3120 2274 γίνηται
3151 2201 3463 2269 παντελῶς,
3493 2204 3719 2264 ἀνείδεός

2145 2311 2205 2348 τε
2232 2296 2328 2349 καὶ
2358 2295 2794 2366 ἀσχημάτιστος,
2822 2296 2919 2350 καὶ
2940 2297 3000 2350 τὸ
3032 2296 3155 2350 ὅλον
3171 2296 3375 2360 ὲνθέως
3399 2296 3711 2368 ἀμόρφωτος

2145 2388 2453 2454 καταστὰς,
2511 2388 2747 2459 ἀναρχὸς
2798 2407 2859 2443 τε
2922 2389 3018 2443 καὶ
3061 2390 3310 2460 ἀπειρος,
3346 2394 3448 2444 καὶ
3479 2389 3553 2453 ὡς
3598 2388 3719 2452 ἔπος

2143 2479 2344 2544 εἰπεῖν,
2370 2479 2514 2552 ὑπὲρ
2539 2480 2637 2552 τὴν
2666 2481 2805 2536 ἰδίαν
2834 2481 3055 2535 ἕνωσιν.
3084 2480 3256 2536 Ὅταν
3293 2480 3351 2534 δὲ
3380 2479 3443 2534 τὸ
3470 2480 3719 2549 σφέτερον

2144 2568 2529 2641 διανοούμενον
2588 2571 2688 2644 ἔχῃ
2728 2572 2850 2643 μεθ’
2878 2572 3073 2627 ἑαυτοῦ
3100 2613 3116 2637 ,
3154 2573 3260 2628 κᾶν
3293 2576 3415 2637 τοῖς
3449 2572 3606 2634 θείοις
3636 2572 3713 2641 είη

2142 2661 2240 2720 καὶ
2293 2663 2505 2734 νοητοῖς
2550 2662 2949 2733 ἀσχολούμενον
2976 2706 2992 2732 ,
3031 2666 3152 2719 τότε
3208 2665 3461 2733 φυσικῶς
3509 2663 3715 2732 λέγεται

2114 2746 2437 2820 κινεῖσθαι,
2477 2758 2574 2809 καὶ
2606 2757 2874 2827 ἐνεργεῖν,
2908 2757 3005 2812 καὶ
3062 2760 3143 2819 είς
3185 2759 3284 2830 τὴν
3315 2755 3518 2812 ἑαυτοῦ
3562 2757 3714 2826 φύσιν

2144 2845 2398 2900 ῐστασθαι
2423 2861 2440 2878 ⁸
2481 2847 2627 2902 κατὰ
2673 2849 2809 2903 πολὺ
2843 2849 2900 2903 δὲ
2935 2849 3259 2919 ὑπέρκειται
3290 2850 3349 2904 τὸ
3397 2851 3536 2919 ὑπὲρ
3565 2850 3716 2918 φύσιν

2138 2937 2237 2992 τοῦ
2271 2938 2412 2993 κατά
2446 2940 2614 3009 φύσιν
2637 2981 2653 3006 ,
2686 2941 2784 2995 καὶ
2834 2941 2953 2996 ἐστι
3012 2943 3155 2997 πάνυ
3210 2942 3512 3015 ἀνώτερον.
3538 2945 3626 2996 Δεῖ
3652 2940 3711 3012 δὴ

2140 3029 2315 3100 φιλεῖν
2344 3031 2439 3086 τοῦ
2467 3033 2607 3103 ὑπὲρ
2639 3033 2802 3100 φύσιν
2834 3035 3088 3102 γενέσθαι
3113 3037 3464 3106 ιπείγεσθαι,
3485 3036 3558 3101 ὡς
3584 3035 3716 3104 μᾶ).-

451 3122 683 3180 rismata
721 3126 947 3183 meliora
999 3143 1099 3184 nos
1154 3131 1401 3187 aemulari
1452 3133 1673 3202 iubens.
1731 3133 1842 3191 Sed
1894 3147 2032 3207 patet

2140 3120 2232 3176 λόν
2266 3137 2334 3190 γε
2382 3124 2694 3193 κρείττονος
2751 3126 2896 3180 κατά
2955 3126 3056 3198 τὴν
3102 3129 3430 3198 φάσκουσαν
3481 3128 3710 3196 ἔντολὴν,

450 3227 693 3272 mentem
717 3217 770 3273 in
792 3222 1196 3291 supernaturali
1228 3226 1611 3289 constitutam,
1647 3227 1700 3282 in
1734 3229 1842 3285 Deo
1874 3246 2030 3288 esse:

451 3305 600 3361 Deus
654 3310 800 3365 enim
859 3322 943 3367 est
967 3322 1124 3368 extra
1162 3328 1379 3371 omnem
1441 3326 1739 3386 naturam,
1807 3322 1902 3391 qui
1951 3332 2038 3378 est

450 3409 711 3454 Meritum
784 3416 848 3458 ac
876 3404 1201 3475 simpliciter
1246 3421 1433 3462 unum.
1499 3408 1728 3480 Oportet
1764 3413 1933 3484 igitur
1965 3415 2033 3470 ad

451 3501 719 3549 aeternum
776 3504 831 3551 et
899 3497 1224 3567 simpliciter
1276 3515 1445 3556 unum
1481 3513 1718 3560 mentem
1769 3510 2030 3573 extendi,

452 3586 698 3658 illudque
731 3592 1088 3662 contemplari
1131 3602 1186 3649 et
1236 3596 1300 3651 ad
1333 3597 1464 3653 illttd
1513 3599 1661 3663 duci,
1728 3612 1790 3657 ut
1842 3603 1910 3659 ad
1941 3618 2036 3658 su-

452 3683 803 3753 pernatnrale
878 3700 1048 3741 unum
1079 3724 1094 3751 ,
1141 3703 1437 3760 assurgens
1504 3691 1606 3748 hoc
1654 3693 1814 3751 modo
1864 3710 2033 3767 supra

453 3778 732 3848 propriam
768 3794 832 3834 ac
867 3781 1167 3837 naturalem
1196 3784 1495 3851 virtutem,
1563 3787 1760 3845 melius
1812 3790 2031 3855 habeat,

451 3882 716 3940 tanquam
753 3872 806 3927 in
846 3874 1084 3945 prepriis
1133 3879 1437 3933 secundum
1499 3892 1757 3936 naturam
1819 3885 2032 3940 consti-

448 3972 589 4019 luta.

516 4053 608 4109 27.
641 4052 994 4127 Unaquaeque
1029 4073 1119 4114 res
1154 4061 1389 4131 propriis
1456 4064 1680 4121 dotibus
1734 4065 1951 4124 laetatur
1976 4078 2032 4125 et

445 4146 501 4201 in
528 4146 595 4201 iis
624 4148 948 4204 naturaliter
977 4152 1319 4222 requiescit;
1344 4170 1467 4224 quze
1492 4159 1680 4213 omnia
1721 4159 1775 4213 in
1818 4170 2029 4217 aeterno

441 4250 691 4297 creatore
724 4243 1026 4297 secundum
1062 4244 1393 4302 uniformem
1422 4264 1642 4305 causam
1675 4255 2024 4319 praeexstite-

445 4348 595 4389 runt.
624 4333 977 4407 Tunc'igitur
1003 4339 1055 4391 in
1090 4355 1273 4394 veram
1309 4342 1550 4396 laetitiam
1587 4359 1746 4400 mens
1805 4356 2031 4402 natura-

445 4428 573 4483 litcr
590 4429 769 4483 veniet
793 4439 844 4483 et
872 4431 1129 4500 gaudium
1163 4432 1387 4487 habebit
1421 4451 1773 4507 nequaquam
1815 4440 1982 4496 breve
2008 4484 2025 4510 ,

2140 3210 2337 3284 ζηλοῦν
2366 3230 2431 3284 γε
2459 3214 2530 3269 τὰ
2561 3217 2845 3284 κρείττονα
2864 3218 2972 3271 τῶν
3008 3220 3371 3291 χαρισμάτων
3408 3239 3424 3253 -
3453 3221 3584 3275 ἀλλά
3612 3218 3712 3288 μὴν

2139 3308 2384 3376 δηλονότι
2417 3310 2446 3362 6
2483 3310 2609 3375 νοῦς
2643 3313 2723 3374 είς
2755 3312 2819 3366 τδ
2866 3312 3009 3385 ὑπὲρ
3059 3313 3221 3384 φύσιν
3243 3313 3340 3380 ὢν,
3378 3314 3530 3368 ἔστιν
3559 3314 3613 3366 ὲν
3638 3309 3707 3380 τῷ

2139 3398 2259 3468 Θεῷ
2278 3419 2293 3431 ·
2325 3398 2590 3473 έξώτερος
2618 3401 2730 3472 γάρ
2760 3419 2841 3456 τοι
2889 3405 3231 3473 γιγνομένοις
3286 3403 3507 3471 φύσεως
3534 3405 3561 3456 6
3591 3404 3713 3463 θεὸς

2135 3493 2381 3562 ἀπάσης,
2431 3494 2491 3559 ὃς
2538 3492 2677 3566 δῆτά
2733 3497 2851 3550 ἐστι
2906 3495 2968 3549 τὸ
2995 3496 3348 3568 ἀρχαίτατον,
3381 3497 3484 3551 καὶ
3540 3497 3710 3555 ἁπλοῖς

2133 3585 2214 3639 ἓν.
2248 3588 2339 3640 Δεῖ
2388 3587 2490 3655 ὅρα
2541 3589 2681 3658 προς
2736 3589 2797 3642 τὸ
2830 3588 3170 3660 ἀρχαίτατον
3206 3591 3299 3643 καὶ
3327 3589 3521 3652 ἁπλῶς
3544 3589 3601 3643 ἓν
3625 3588 3710 3640 τὸν

2130 3677 2255 3732 νοῦν
2313 3680 2731 3746 ἀνατείνεσθαι,
2793 3682 2888 3737 καὶ
2946 3682 3267 3751 ἐπείγεσθαι
3323 3683 3585 3754 ἀφορᾷν,
3621 3680 3709 3733 καὶ

2128 3774 2483 3839 ἀνάγεσθαι,
2550 3774 2625 3837 ὡς
2687 3775 2757 3829 ἂν
2799 3776 2880 3840 είς
2934 3775 2997 3829 τὺ
3068 3776 3351 3847 ὑπερφυὲς
3413 3777 3511 3842 έν,
3565 3775 3696 3842 ὑπὲρ

2124 3865 2225 3934 τὴν
2258 3867 2529 3934 σφετέραν
2562 3868 2802 3939 φυσικὴν
2849 3871 3138 3938 ὲνέρ-[ειαν
3167 3868 3544 3939 ἀναϐεϐηκὼς,
3579 3867 3689 3938 35').-

2125 3973 2239 4011 τιον
2273 3958 2388 4031 Ean,
2418 3960 2562 4032 ᾗπερ
2592 3963 2670 4023 εἰς
2697 3962 2757 4015 τὸ
2791 3961 2986 4015 ἑαυτοῦ
3017 3964 3159 4016 κατά
3191 3961 3353 4031 φύσιν
3388 3963 3688 4032 ἱστάμενος.

2199 4047 2303 4114 κζ’.
2333 4051 2605 4105 Ἔκαστον
2637 4052 2750 4105 τῶν
2780 4053 2952 4107 ὄντων
2981 4056 3089 4115 τοῖς
3122 4054 3316 4107 ἑαυτοῦ
3353 4055 3540 4117 ίδικοίς
3567 4053 3686 4120 γάν-

2124 4145 2282 4196 νυταί
2336 4161 2395 4197 τε
2448 4147 2540 4199 καὶ
2596 4146 2985 4200 ἀναπέπαυται
3040 4147 3282 4214 φυσικῶς
3312 4163 3326 4177 ·
3367 4147 3404 4201 ἃ
3434 4148 3608 4201 πάντα
3638 4146 3691 4196 ὲν

2121 4235 2199 4304 τῷ
2231 4227 2545 4308 ἀρχαιτάτῳ
2572 4238 2733 4308 αἰτίῳ
2761 4242 3152 4310 προϋφέστηκε
3178 4239 3298 4291 κατ’
3324 4241 3506 4292 αἰτίαν
3537 4239 3700 4289 Evect-

2121 4328 2209 4398 δῆ.
2250 4328 2389 4382 Τότε
2430 4329 2615 4383 τοίνυν
2660 4332 2743 4394 είς
2799 4330 3063 4399 ἀληθινάς
3115 4331 3459 4402 εὐφροσύνας
3509 4332 3535 4383 6
3582 4325 3699 4388 νοῦς

2122 4428 2405 4484 ἐλεύσεται
2447 4428 2716 4498 φυσικῶς,
2772 4429 2866 4483 καὶ
2911 4426 3109 4496 γάννος
3157 4427 3269 4494 ἕξει
3313 4428 3462 4483 οῦτοι
3510 4436 3699 4501 βραχυ.

437 4527 497 4573 et
531 4521 841 4589 requiescet
873 4533 1150 4592 potenter,
1229 4526 1449 4595 quando
1483 4535 1668 4583 omnia
1711 4545 2028 4600 praetercur-

2129 4522 2216 4573 καὶ
2243 4519 2620 4574 ἀναπαύσεται
2665 4520 2818 4592 κατὰ,
2859 4522 3082 4591 κράτος,
3116 4522 3248 4575 ὅταν
3291 4522 3474 4577 πάντα
3518 4521 3702 4584 διαϐάς

440 4626 571 4666 rens
608 4619 663 4667 et
694 4613 1027 4683 relinquens,
1059 4615 1110 4670 in
1143 4616 1498 4687 principalem
1535 4620 1683 4674 illam
1710 4638 1772 4678 ac
1791 4623 2021 4694 primam

435 4718 659 4761 causam
683 4717 909 4764 extensa
943 4710 1049 4764 erit
1077 4718 1131 4764 et
1178 4710 1250 4766 ibi
1289 4727 1385 4781 per
1411 4714 1752 4783 spiritualem
1787 4733 2023 4773 conver-

445 4799 657 4854 sionem
714 4800 828 4865 θοι,
858 4817 980 4858 eam
1038 4818 1069 4859 a
1123 4819 1228 4876 qua
1261 4807 1447 4861 omnia
1480 4816 1536 4862 et
1583 4809 1831 4866 omnium
1859 4812 2016 4869 dotes

436 4893 579 4950 facta
605 4903 754 4957 sunt,
786 4896 1055 4967 principia
1081 4908 1135 4953 et
1158 4899 1336 4954 media
1366 4910 1421 4956 et
1467 4901 1653 4957 ultima
1678 4919 1695 4970 ;
1735 4915 1795 4959 et
1826 4904 2013 4976 inqua

430 4984 618 5040 omnia
644 4986 954 5042 subsistunt
990 4995 1045 5043 et
1073 4990 1464 5059 continentur;
1501 5000 1557 5047 et
1603 5009 1699 5063 per
1737 5009 1903 5064 quam
1942 4996 2010 5051 ad

432 5079 723 5149 preprium
761 5078 921 5135 ﬁnem
954 5083 1278 5150 perveniunt
1311 5084 1544 5152 perlecta
1574 5102 1591 5152 ;
1631 5096 1683 5140 et
1715 5103 1812 5156 per
1846 5102 2012 5158 quam

430 5167 571 5226 bene
597 5184 659 5227 se
693 5172 894 5229 habent
925 5188 988 5228 ea
1019 5188 1140 5242 quae
1171 5174 1227 5228 in
1262 5175 1367 5229 hoc
1387 5177 1535 5231 hono
1589 5185 1737 5231 statu
1786 5193 2016 5239 versan-

434 5267 560 5325 tur;
624 5276 720 5329 per
770 5278 933 5331 quam
986 5274 1040 5317 et
1082 5264 1200 5334 ipsa
1232 5279 1412 5332 mens,
1449 5266 1627 5336 qualis
1656 5276 1763 5333 est,
1795 5281 2014 5323 creator

429 5349 557 5405 fuit.
596 5350 845 5418 Quodam
866 5355 1015 5411 enim
1044 5356 1209 5411 modo
1232 5357 1298 5411 ad
1329 5357 1568 5426 seipsam
1603 5370 1840 5415 mentem
1881 5376 2014 5416 con-

430 5441 595 5505 verti,
641 5452 726 5498 est
759 5445 827 5499 ad
870 5444 1018 5499 illam
1071 5461 1345 5502 summam
1386 5459 1434 5503 et
1488 5451 1754 5505 .omnium
1789 5468 2011 5508 causam

426 5537 702 5604 converti,
730 5552 853 5608 qua:
866 5549 952 5595 est
973 5554 1170 5597 .verum
1197 5540 1404 5596 mentis
1427 5543 1715 5612 originale.
1741 5544 2011 5610 Quoniam

430 5639 563 5682 vero
592 5643 936 5701 unaquaeque
961 5647 1049 5687 res
1077 5633 1315 5703 seipsam
1367 5636 1689 5692 naturaliter
1729 5637 1924 5710 diligit,
1961 5647 2016 5694 et

433 5721 734 5783 prmsertim
760 5722 815 5777 id
861 5740 1020 5782 mens
1051 5725 1278 5795 patitur,
1303 5742 1426 5781 cum
1483 5728 1555 5784 sit
1588 5727 1844 5785 increata:
1877 5733 1968 5801 pnl
1989 5763 2002 5774 -

430 5805 766 5865 chtitudiuis
820 5821 875 5867 et
938 5828 1104 5883 supra
1160 5815 1549 5887 cogitationem
1605 5818 1772 5876 unius
1829 5820 2008 5892 imago

2120 4617 2215 4669 καὶ
2240 4612 2581 4678 καταλιπὼν,
2614 4616 2696 4678 εἰς
2723 4614 2824 4680 τὴν
2854 4614 3154 4687 ἐναρχικὴν
3182 4615 3400 4686 ἐκείνην
3432 4617 3528 4669 καὶ
3553 4632 3696 4687 πρω-

2118 4704 2311 4775 τίστην
2342 4704 2524 4757 αἰτίαν
2561 4703 2878 4775 ἀναταθείη,
2915 4705 3079 4759 κάκεῖ
3104 4704 3317 4774 γένοιτο
3343 4705 3411 4759 δι’
3450 4707 3699 4776 ἐπιστρο-

2119 4798 2228 4868 φῆς
2256 4799 2471 4868 νοερᾶς,
2519 4797 2618 4869 τὴν
2660 4796 2720 4863 ἐξ
2761 4792 2828 4870 ἧς
2883 4798 3062 4853 πάντα
3104 4815 3162 4851 τε
3235 4799 3331 4852 καὶ
3376 4798 3444 4853 τά
3494 4798 3703 4852 πάντων

2119 4891 2433 4960 γεγόνασιν,
2468 4891 2636 4962 ἀρχαί
2685 4909 2745 4945 τε
2806 4893 2901 4946 καὶ
2954 4892 3120 4962 μέσα,
3168 4893 3263 4946 καὶ
3304 4892 3374 4946 τὰ
3403 4892 3530 4963 τέλη
3556 4909 3571 4926 ’
3615 4888 3705 4943 καὶ

2118 4984 2178 5038 ὲν
2274 4985 2451 5039 πάντα
2483 4986 2784 5057 ὑφέστηκε,
2830 4987 2926 5041 καὶ
2957 4987 3360 5057 διακρατεῖται,
3388 4986 3483 5041 καὶ
3526 4986 3591 5040 δι’
3638 4977 3701 5054 ἧς

2122 5077 2257 5148 πρὸς
2282 5078 2436 5142 τέλος
2467 5078 2599 5133 ἴδιον
2641 5078 2836 5147 ἄγεται
2866 5080 2935 5134 τὰ
2966 5079 3343 5150 τελειούμενα.
3398 5081 3492 5133 καὶ
3532 5079 3598 5132 δι’
3639 5078 3702 5148 ην

2072 5202 2082 5209 -
2120 5171 2355 5226 εύπαθεῖ
2384 5173 2453 5226 τὰ
2484 5172 2544 5226 εῦ
2582 5174 2863 5244 πάσχοντα
2889 5190 2904 5205 ·
2944 5174 3038 5244 ὑφ’
3084 5169 3153 5247 ἦς
3203 5177 3296 5230 καὶ
3335 5174 3499 5238 αὐτὸς
3544 5170 3643 5244 ἤδη
3675 5168 3702 5221 6

2120 5263 2269 5328 νοῦς,
2304 5258 2416 5328 οῗός
2462 5267 2635 5331 ἐστιν,
2690 5266 2962 5321 ἔκτισται.
2995 5268 3214 5339 Τρόπον
3251 5268 3364 5340 γάρ
3401 5284 3523 5321 τινα
3573 5261 3702 5334 πρὸς

2121 5355 2316 5408 ἑαυτὸν
2340 5355 2457 5409 ἔστι
2490 5356 2582 5410 τὸν
2609 5356 2735 5411 νοῦν
2756 5360 3138 5430 ἐπιστρέφειν,
3180 5359 3317 5432 πρὸς
3348 5358 3564 5428 ἐκείνην
3608 5354 3703 5423 τὴν

2122 5447 2320 5517 κυρίαν
2368 5448 2463 5501 καὶ
2514 5450 2735 5503 πάντων
2776 5452 2962 5504 αἰτίαν
3013 5452 3499 5524 ἐπιστρεφόμενον,
3543 5444 3701 5503 οὖσαν

2121 5538 2289 5591 αὐτοῦ
2362 5539 2563 5609 ἀληθὲς
2630 5542 3017 5611 πρωτότυπον.
3079 5544 3299 5615 Ἐπειδὴ
3360 5542 3417 5596 δὲ
3477 5541 3701 5594 ἕκαστον

2120 5629 2286 5683 ἑαυτὸ
2312 5630 2458 5701 φιλεῖ
2484 5634 2754 5701 φυσικῶς,
2800 5634 2895 5691 καὶ
2929 5636 3170 5706 μάλιστά
3209 5653 3272 5705 γε
3318 5636 3474 5690 τοῦτο
3509 5631 3700 5700 πάσχει

2121 5723 2149 5775 ὁ
2176 5721 2322 5787 νοῦς,
2356 5718 2446 5777 οἷα
2478 5724 2572 5778 τοῦ
2595 5726 2885 5798 ἀμηχάνου
2917 5728 3151 5793 κάλλους
3178 5728 3274 5782 τοῦ
3305 5727 3444 5795 ὑπὲρ
3470 5723 3699 5778 διάνοιαν

2122 5818 2242 5880 ἑνὸς
2275 5815 2440 5873 εἰκὼν
2485 5819 2816 5891 ὑπέρκαλος,
2862 5821 2982 5876 λίαν
3037 5824 3226 5894 ἀγαπᾷ
3260 5822 3326 5877 δι’
3378 5824 3443 5876 ἐπ
3471 5812 3695 5888 στρηῖἧς
