4058 6486
280 363 285 369 ⁷
341 384 442 447 xm

1473 370 1574 433 DE
1607 368 1783 432 ΥΙΤΑ
1823 356 2492 429 CtiNTEMPLA'l‘IVA.

3418 326 3427 333 ’
3497 362 3603 426 ετξ

336 483 546 538 ἀπδὼν
743 483 804 538 τὸ
861 482 1064 539 ἑαυτοῦ
1098 484 1294 547 αίτιον,
1328 484 1544 555 ὅτιπερ,
1596 483 1741 557 καθὰ
1769 483 1924 556 εἴρη-

2021 477 2416 548 pulcherrima,
2440 475 2616 545 diligit
2654 475 2887 530 multum
2933 490 3034 545 per
3055 475 3474 532 conversionem
3532 477 3598 529 ad

335 593 447 639 ται,
473 575 671 630 ἑαυτὸν
717 576 821 648 ὁρᾷ
865 577 1045 630 ἐκεῖσε
1078 577 1244 649 ὁρῶν,
1281 578 1381 631 καὶ
1412 578 1753 650 ὑπεραγαπᾷ
1776 597 1788 609 ο
1831 578 1928 632 καὶ

336 667 516 731 ἄλλως
549 667 629 734 δὲ,
667 669 760 722 καὶ
793 669 953 723 τοῦτο
993 671 1199 743 στοργή
1248 688 1335 736 τις
1367 673 1580 744 πέφυκε
1614 675 1727 736 τοῖς
1772 672 1834 738 ἐξ
1865 666 1928 726 οῦ

338 762 477 833 προς
534 761 596 814 τὸ
626 762 724 830 ἀφ’
753 756 816 818 οὗ
847 764 1095 832 φυσικῶς
1125 768 1468 836 ἀγαπητικὴ,
1517 766 1708 837 ὥσπερ
1737 756 1929 836 δήκαὶ

338 853 633 918 ἀνάπαλιν,
684 854 830 926 ἔρως
883 856 1110 927 κατέχει
1155 859 1268 921 τοῖς
1321 858 1645 930 γεννήτορσι
1694 857 1830 929 πρὸς
1861 857 1930 910 τὰ

337 946 613 1016 γεννητάο
663 947 754 1002 διὰ
804 947 967 1002 τοῦτο
1021 949 1194 1018 πολλή
1236 966 1321 1012 τις
1350 950 1659 1004 ἀνακύπτει
1686 950 1928 1021 ἀρῤητος

339 1039 502 1110 ἡδονὴ
528 1040 666 1111 πρὸς
699 1040 761 1095 τὸ
791 1041 1012 1097 πάντων
1042 1042 1218 1097 αἴτιον
1252 1040 1647 1114 ἐπιστρέφοντι
1677 1043 1756 1118 ἓν.
1784 1042 1929 1114 Πρὸς

341 1133 451 1202 γάρ
482 1149 562 1186 τοι
606 1132 669 1187 τὸ
705 1132 763 1201 ἐξ
792 1129 854 1187 οὗ
896 1135 1242 1206 ἐπιστρέφει,
1283 1137 1378 1188 καὶ⁸
1429 1135 1568 1205 πρὸς
1603 1134 1824 1201 ἑαυτὸν,
1854 1133 1930 1199 ὡς

342 1223 591 1294 εἴρηται·
647 1227 767 1279 ἐκεῖ
818 1227 929 1298 γὰρ
981 1228 1389 1298 προῦφεστῶτα
1446 1227 1589 1297 λόγῳ
1634 1227 1821 1291 αἰτίας
1857 1225 1933 1283 τὰ

342 1317 545 1380 πάντα,
578 1318 673 1372 καὶ
708 1320 771 1388 δη
795 1320 890 1372 καὶ
919 1322 947 1374 6
976 1320 1103 1384 νοῦς
1142 1320 1219 1384 ὡς
1268 1321 1378 1374 τῶν
1432 1320 1691 1374 ἁπάντων
1722 1321 1803 1387 ἓν,
1844 1322 1934 1374 ὲν-

343 1407 585 1480 υπάρχει
611 1408 687 1480 τῷ
717 1410 859 1482 ὑπὲρ
879 1410 1123 1465 διάνοιαν
1152 1412 1233 1465 ἑνὶ
1255 1412 1329 1476 ὼς
1350 1414 1408 1465 ἐν
1424 1413 1583 1483 αἰτίῳ
1611 1411 1689 1483 τῷ
1718 1428 1933 1485 πρωτο-

339 1515 518 1572 τυπφ.

401 1664 513 1740 κη’.
551 1669 765 1740 Ὠσπερ
806 1672 872 1725 ὲκ
920 1671 1016 1727 τοῦ
1048 1672 1191 1745 ὑπὲρ
1237 1675 1430 1729 οὐσίαν
1465 1676 1620 1741 ὄντος
1654 1679 1807 1733 πᾶσα
1832 1679 1924 1734 οὗο

333 1759 447 1824 σία,
496 1759 591 1813 καὶ
625 1759 790 1829 φύσις
833 1762 985 1816 πᾶσα
1033 1765 1100 1818 ὲκ
1145 1764 1242 1818 τοῦ
1293 1766 1435 1836 ὑπὲρ
1483 1768 1669 1839 φύσιν,
1718 1769 1925 1828 ἐκτοῦ.

329 1854 565 1926 ἁχρόνου
590 1870 651 1907 τε
682 1854 777 1908 καὶ
809 1855 1110 1911 ἀσυλθέτιν
1140 1858 1210 1913 τὰ
1255 1832 1507 1931 ἐγχρονά
1530 1878 1591 1913 τε
1643 1832 1738 1914 καὶ
1787 1861 1918 1915 σύν-
1939 1832 1983 1886 Β

331 1946 484 2006 θετα,
532 1946 615 1998 ἔτι
654 1962 718 2016 γε
754 1948 863 2019 μὴν
910 1950 976 2002 ὲκ
1018 1949 1113 2003 τοῦ
1158 1951 1421 2005 ἀκτίστνιυ
1455 1953 1523 2006 τὰ
1553 1956 1749 2007 κτιστὰ
1779 1951 1922 2010 εἶναι

332 2036 648 2107 πεφύκασιν
676 2056 692 2072 ο
721 2039 868 2094 οὕτω
892 2042 985 2095 καὶ
1015 2044 1127 2096 πᾶν
1160 2037 1302 2108 εἶδος
1332 2045 1398 2097 ἐκ
1420 2046 1516 2099 τοῦ
1544 2047 1789 2101 ἀνειδέου
1825 2065 1923 2117 γε·

333 2132 581 2204 γένηται,
645 2135 740 2188 καὶ
787 2138 852 2190 ὲκ
908 2135 1005 2191 τοῦ
1065 2137 1444 2210 ὑπερκοσμίου
1496 2142 1615 2206 ἐνὸς
1656 2143 1923 2200 τὰπολλά

338 2227 662 2295 φαινόμενα.
708 2228 770 2281 ⁸0
814 2227 996 2282 τοίνυν
1044 2230 1119 2300 μὴ
1147 2230 1286 2302 πρὸς
1315 2232 1375 2285 τὸ
1396 2233 1638 2287 ἀνείδεον
1666 2234 1725 2288 ἓν
1752 2237 1921 2307 ἀσχο-

294 2368 297 2373 ,
337 2314 615 2386 λούμενος,
670 2320 765 2371 καὶ
813 2315 1061 2388 ἀφορῶν,
1097 2321 1193 2375 καὶ
1239 2320 1433 2394 ὥσπερ
1465 2325 1676 2379 ἐκείνου
1724 2329 1923 2399 ἐκκρε-

338 2409 696 2478 μαννύμενος,
729 2411 866 2465 ἀλλὰ
917 2414 1055 2484 πρδς
1111 2413 1242 2468 ἀλλο
1272 2432 1326 2470 τι
1370 2417 1482 2470 τῶν
1529 2419 1587 2471 ὲν
1620 2419 1774 2484 εῐεει,
1823 2419 1922 2475 καὶ

334 2500 512 2554 κτίσει
540 2500 952 2572 θεωρουμένων,
995 2499 1152 2569 οὗτος
1187 2506 1248 2559 τὸ
1291 2508 1433 2562 κατὰ
1468 2509 1801 2581 ἀσύγκριτον
1826 2508 1921 2565 λό-

333 2608 428 2660 γον
463 2593 777 2663 ὑφειμένον,
812 2594 1348 2671 τοῦ.ὑπερκειμένου
1380 2602 1648 2672 πρότερον
1682 2602 1921 2674 τέθεικε,

332 2685 568 2738 καὶτῶν
615 2687 1024 2760 είδωλολατρῶν
1065 2692 1206 2763 τάχα
1250 2693 1418 2762 ἐγγὺς
1462 2694 1717 2764 ἕστηκεν.
1753 2697 1848 2760 Εἰς
1891 2695 1923 2752 ὃ

345 2776 441 2849 γὰρ
482 2778 784 2849 ἠσχόληταί
833 2770 938 2847 τις,
992 2784 1086 2836 καὶ
1114 2775 1318 2856 πρὺςὸ
1359 2786 1560 2858 ἀφορᾷ,
1597 2786 1786 2843 τοῦτον
1828 2788 1924 2845 καὶ

332 2870 544 2939 ἐφίεται
571 2887 585 2901 °
622 2866 684 2927 οὗ
719 2872 777 2926 δὲ
813 2875 1048 2943 ἐφίεται,
1100 2876 1277 2949 τούτῳ
1322 2880 1417 2932 καὶ
1448 2879 1718 2951 ἥττηται·
1768 2873 1812 2949 ᾧ
1863 2881 1923 2936 δὲ

334 2964 586 3033 ἣττηται,
613 2966 788 3036 τούτῳ
819 2966 915 3019 καὶ
945 2966 1306 3022 δεδούλωται·
1340 2971 1435 3024 καὶ
1463 2971 1634 3035 ὅντως
1665 2972 1922 3043 λατρεύει

331 3070 394 3123 γε
422 3051 577 3121 οὗτος
628 3060 693 3128 τῇ
726 3058 899 3113 κτίσει
933 3062 1086 3130 παρὰ
1132 3061 1226 3115 τὸν
1256 3062 1554 3117 κτίσαντα⁹
1585 3064 1764 3135 τούτῳ
1806 3065 1919 3138 γὰρ

2023 585 2180 625 suam
2210 583 2434 624 causam
2463 567 2763 636 aSpicicns,
2797 566 2947 639 quia,
2976 578 3034 624 ut
3074 568 3282 623 dictum
3309 578 3412 633 est,
3449 566 3601 637 seip-

2016 677 2132 716 sam
2166 662 2327 728 ridet,
2354 661 2426 715 ibi
2450 661 2743 730 aspiciens,
2766 672 2821 715 et
2861 660 3342 715 vehementissime
3378 660 3598 729 diligit;

2015 762 2071 805 et
2140 752 2365 809 aliunde
2396 768 2522 806 vero
2575 752 2774 821 aliquis
2841 767 2996 807 amor
3024 753 3165 809 solet
3220 768 3344 809 esse
3402 754 3600 824 geniis

2014 859 2145 912 erga
2201 844 2533 911 genitorem,
2595 844 3061 915 quemadmodum
3135 854 3191 900 et
3244 847 3595 916 genitoribus

2013 950 2142 1005 erga
2168 937 2350 1004 genita
2380 955 2396 1003 ;
2428 936 2551 990 ideo
2581 937 2746 991 multa
2774 940 3025 1008 qumdam
3072 937 3367 993 incﬁ‘abilis
3407 939 3596 994 ltetitia

2013 1035 2265 1095 penetral
2292 1041 2412 1081 eam
2445 1036 2680 1082 mentem
2714 1043 2833 1097 qua:
2866 1028 2932 1081 ad
2966 1027 3099 1083 illud
3126 1044 3319 1095 unum,
3346 1029 3593 1083 omnium

2013 1134 2235 1175 causam
2278 1135 2338 1175 se
2391 1121 2698 1188 convertit;
2757 1123 2821 1175 ad
2872 1122 2997 1183 hoc,
3043 1128 3235 1176 creata
3294 1138 3470 1182 mens.
3531 1131 3590 1178 ut

2018 1209 2224 1285 dictum
2261 1218 2372 1276 est,
2419 1214 2488 1265 ad
2542 1214 2779 1282 seipsam
2829 1213 3189 1267 convertitur.
3247 1212 3598 1283 Quaecunque

2013 1303 2158 1355 enim
2196 1302 2411 1356 ratione
2437 1318 2617 1359 causze
2639 1304 3025 1374 prteexsistunt
3055 1313 3110 1360 et
3154 1320 3309 1362 mens
3340 1306 3458 1376 ipsa
3509 1315 3598 1359 ut-

2012 1404 2136 1464 pote
2200 1394 2394 1448 horum
2488 1397 2731 1449 omnium
2802 1412 2995 1461 unum,
3052 1398 3327 1452 exsistunt
3386 1398 3440 1452 in
3502 1400 3598 1455 illo

2010 1502 2174 1557 supra
2243 1487 2634 1557 cogitationem
2693 1504 2804 1543 uno
2863 1496 3125 1560 tanquam
3204 1491 3258 1543 in
3335 1491 3593 1562 originali

2009 1594 2199 1635 causa.

2080 1670 2176 1726 28.
2210 1672 2684 1738 Quemadmodum
2722 1689 2787 1728 ex
2828 1674 2921 1728 illo
2945 1674 3089 1743 quod
3123 1688 3295 1744 supra
3328 1674 3590 1728 substan-

2010 1764 2139 1819 tiam
2190 1775 2297 1830 est,
2357 1766 2541 1821 omnis
2599 1766 2949 1835 substantia;
2977 1777 3032 1822 et
3064 1767 3250 1823 omnis
3293 1776 3489 1822 natura
3523 1783 3589 1822 ex

2010 1858 2104 1912 illo
2138 1857 2283 1928 quod
2311 1874 2477 1930 supra
2509 1868 2764 1915 naturam
2795 1869 2901 1925 est,
2934 1875 3001 1915 ex
3031 1868 3237 1916 aeterno
3288 1870 3345 1915 et
3378 1861 3593 1915 incomo

2011 1950 2192 2019 posito
2226 1951 2553 2022 temporalia
2585 1962 2635 2007 et
2664 1954 2987 2022 composita,
3010 1952 3272 2023 etjadhuc
3292 1968 3355 2007 ex
3381 1953 3594 2007 increa-

2012 2053 2067 2096 to
2128 2051 2309 2097 creata
2344 2045 2656 2110 exsistunt;
2690 2047 2763 2099 ita
2820 2053 2876 2101 et
2918 2045 3100 2099 omnis
3162 2044 3376 2114 species
3404 2060 3470 2098 ex
3524 2060 3590 2098 eo

2008 2135 2156 2206 quod
2179 2136 2418 2201 speciem
2451 2153 2557 2192 non
2596 2138 2779 2203 habet,
2840 2146 2896 2192 et
2933 2152 2998 2192 ex
3048 2135 3450 2206 supcrnaturali
3482 2149 3591 2189 uno

2008 2243 2072 2284 ea
2102 2230 2286 2284 omnia
2316 2244 2438 2300 qua
2465 2229 2744 2285 videntur.
2765 2228 2868 2296 Qui
2905 2230 3071 2300 igitur
3100 2228 3245 2284 circa
3278 2227 3413 2283 illud
3441 2228 3585 2298 quod

2009 2320 2129 2376 sine
2162 2319 2335 2376 tot-tua
2376 2328 2461 2375 est
2484 2334 2591 2375 n0n
2624 2330 2928 2394 occupatur
2971 2336 3159 2391 neque
3190 2321 3322 2375 illud
3368 2320 3585 2391 aSpicit,

2007 2422 2083 2473 et,
2121 2419 2179 2467 ut
2206 2412 2280 2466 ita
2307 2412 2509 2473 dicam,
2541 2411 2610 2466 ab
2638 2411 2734 2466 illo
2769 2411 2987 2482 pendet,
3021 2412 3115 2466 scd
3138 2409 3205 2465 ad
3231 2410 3375 2465 aliud
3409 2411 3586 2481 quod-

2006 2504 2132 2558 dam
2163 2519 2354 2559 eorum
2387 2519 2510 2575 quae
2541 2503 2799 2559 videntur
2827 2512 2882 2558 et
2913 2513 3095 2558 creata
3120 2511 3268 2570 sunt,
3295 2503 3404 2565 hic,
3439 2502 3586 2572 quod

2005 2597 2229 2651 omnino
2261 2594 2565 2665 subjectum
2599 2604 2682 2649 est
2709 2595 2756 2649 ei
2771 2594 2935 2663 -quod
2967 2594 3222 2664 superius
3245 2601 3329 2649 est
3363 2603 3585 2647 antetu-

2009 2686 2093 2752 lit,
2117 2695 2174 2742 et
2212 2686 2361 2741 brevi
2394 2685 2702 2741 idololatris
2722 2701 2891 2757 prope
2914 2692 3045 2741 stat.
3078 2685 3209 2739 Illud
3251 2684 3395 2740 enim
3435 2683 3585 2740 circa
3618 2738 3627 2747 ,

2002 2779 2150 2850 quod
2200 2780 2400 2850 aliquis
2454 2787 2754 2849 occupatur
2794 2776 2872 2835 et
2926 2780 2993 2833 ad
3027 2779 3173 2849 quod
3208 2779 3422 2849 aspicit,
3455 2779 3505 2831 id
3533 2787 3589 2833 et

2003 2871 2321 2938 desiderat;
2348 2870 2440 2925 illo
2467 2880 2649 2924 autem
2680 2868 2825 2940 quod
2850 2868 3027 2937 cupit,
3067 2867 3354 2933 vincitur.;
3378 2866 3427 2920 ei
3458 2880 3587 2920 vero

2003 2966 2146 3033 quod
2173 2965 2429 3026 vincitur,
2455 2962 2735 3034 subjectus
2753 2973 2832 3015 est
2858 2977 2875 3028 ;
2901 2969 2955 3014 et
2983 2975 3106 3014 vere
3132 2958 3301 3016 servit
3324 2960 3412 3013 illc
3434 2973 3590 3013 crea-

2008 3065 2165 3119 turae,
2229 3055 2431 3110 nedum
2487 3054 2780 3108 Creatori:
2833 3054 2882 3107 ei
2939 3052 3085 3106 enim
3118 3051 3586 3135 ‘uuiuseujusque

331 3148 359 3201 δ
393 3148 626 3202 ἑκάστου
685 3151 812 3214 νοῦς
866 3153 960 3206 καὶ
1008 3152 1353 3216 δεδούλωται,
1392 3155 1485 3208 καὶ
1534 3155 1790 3226 λατρεύει
1822 3158 1920 3213 καὶ

2011 3162 2169 3202 mens
2194 3144 2363 3202 servit
2406 3144 2570 3215 idque
2589 3145 2783 3215 diligit,
2814 3145 2960 3199 circa
2993 3144 3135 3214 quod
3168 3155 3487 3213 occupatur.
3523 3144 3582 3199 Si

334 3241 544 3315 ἀγαπᾷ,
577 3244 605 3297 ὂ
626 3245 826 3314 ἀφορᾷ,
854 3246 947 3299 καὶ
973 3248 1102 3316 περὶ
1132 3244 1161 3299 δ
1186 3247 1486 3319 ⁴ᾒσχόληται
1505 3263 1520 3278 ⁶
1556 3250 1604 3303 εἰ
1633 3249 1678 3303 δ’
1711 3252 1744 3321 ἡ
1767 3250 1922 3323 παρὰ

330 3333 392 3387 τὸ
422 3334 628 3388 ἁπλοῦν
680 3335 738 3387 ἓν
777 3336 870 3389 καὶ
912 3336 1150 3391 ἀνείδεον
1181 3337 1432 3409 ἀσχολία,
1492 3342 1587 3394 καὶ
1620 3340 1924 3414 ἀπόϐλεψις

330 3426 584 3478 τοσοῦτον
631 3426 1040 3482 ἀπολισθαίνειν
1071 3432 1253 3482 ποιεῖ’
1306 3431 1446 3502 πρὸς
1476 3432 1538 3485 τὸ
1591 3433 1830 3487 ἀνείδεον
1856 3431 1945 3495 3v,

331 3518 538 3572 ἁπλοῦν
595 3520 752 3591 ἡμῶν
805 3522 838 3591 ἡ
886 3522 1113 3593 σπουδὴ,
1173 3523 1268 3578 καὶ
1311 3524 1675 3595 ήὲπίγνωσις
1699 3527 1767 3580 δι’
1793 3529 1921 3581 ἐπι-

332 3612 573 3683 στροφῆς
602 3613 696 3664 καὶ
730 3613 1044 3677 ἀνατάσεως
1091 3617 1308 3686 νοερᾶς.
1344 3616 1543 3688 ἵναπερ
1567 3619 1616 3672 οί
1653 3618 1951 3692 θησαυροὶ·

332 3704 515 3772 πάσης
569 3702 676 3756 είσὶ
739 3701 1020 3771 γνώσεως,
1074 3708 1170 3758 καὶ
1228 3699 1290 3761 οὗ
1334 3708 1676 3779 γενομένοις,
1732 3712 1917 3781 πάσης

332 3792 565 3862 θεωρίας
609 3793 941 3857 ἀνάπαυσις,
978 3792 1012 3864 ἦ
1060 3795 1400 3861 ἀπόπαυσις,
1447 3798 1545 3851 καὶ
1595 3797 1752 3869 ήτοῦ
1776 3801 1919 3853 νοεῖν

332 3884 543 3948 στάσις,
574 3885 669 3938 καὶ
695 3885 837 3956 ὑπὲρ
864 3885 988 3939 νοῦν
1020 3885 1170 3957 σιγὴ,
1201 3887 1299 3942 καὶ
1323 3888 1721 3960 ἀνεκδιήγητον
1746 3892 1917 3961 ἀγαλ-

335 3976 499 4046 λίαμα
526 3976 586 4029 ὲν
620 3976 804 4044 πολλῷ
835 3976 1168 4050 θαυμασμῷ.
1908 3980 1913 3983 ⁷

401 4064 505 4121 κθ’.
542 4068 607 4121 El
638 4068 817 4149 πάντα
844 4068 940 4123 τοῦ
985 4065 1128 4123 εἶναι
1158 4069 1226 4125 τὰ
1258 4069 1389 4127 ὄντα
1422 4072 1637 4144 ἐφίεται
1665 4090 1680 4104 ο
1718 4072 1919 4129 ἔστιδὲ

328 4159 549 4214 πάντων
578 4161 642 4215 τὸ
686 4156 831 4216 εἶναι
884 4162 1008 4216 κατ’
1061 4163 1244 4217 αἰτίαν
1279 4165 1337 4217 ὲν
1384 4165 1463 4236 τῷ
1505 4166 1647 4236 ὑπὲρ
1685 4167 1745 4220 τδ
1776 4163 1917 4220 εἶναι

329 4252 441 4305 ἐνί·
478 4252 658 4307 πάντα
702 4255 811 4327 ἄρα
860 4256 957 4309 aut
995 4254 1197 4325 μᾶλλον
1243 4256 1312 4310 τά
1340 4256 1537 4326 λογικά
1584 4258 1692 4311 τῶν
1722 4258 1908 4319 ὄντων,

327 4343 506 4414 ὀρθῶς
533 4347 628 4400 καὶ
660 4345 737 4409 ὡς
766 4347 875 4418 χρὴ
897 4346 1219 4417 κινούμενα,
1241 4349 1335 4402 τοῦ
1367 4349 1510 4421 ὑπὲρ
1534 4349 1596 4403 τδ
1622 4334 1762 4405 εἶναι
1797 4353 1913 4416 tvo;

330 4437 543 4505 ἐφίεται
579 4437 674 4492 τοῦ
703 4433 844 4516 εἶναι
872 4441 1138 4511 ἐφιέμενα
1159 4458 1172 4471 ’
1202 4440 1232 4495 ὂ
1269 4441 1380 4514 ἄρα
1417 4442 1494 4515 μὴ
1520 4442 1658 4516 πρὸς
1682 4445 1745 4500 τὸ
1775 4446 1915 4516 ὑπὲρ

2008 3253 2176 3310 porro
2211 3246 2364 3292 extra
2396 3236 2449 3291 id
2474 3236 2617 3308 quod
2649 3236 2880 3306 simplex
2912 3245 3079 3292 estet
3111 3252 3223 3292 ante
3251 3236 3454 3306 speciei
3490 3254 3585 3293 oc-

2006 3328 2224 3399 cupatio
2264 3337 2320 3385 et
2347 3327 2738 3396 contemplatio
2776 3342 2877 3382 nos
2900 3328 3154 3383 decidere
3213 3329 3338 3383 facit
3364 3368 3380 3392 ,
3416 3330 3484 3384 ad
3516 3330 3585 3385 il-

2009 3423 2101 3479 Iud
2150 3422 2315 3492 igitur
2341 3419 2486 3491 quod
2521 3420 2641 3475 sine
2672 3421 2848 3475 forma
2908 3434 2962 3476 et
2995 3421 3225 3491 simplex
3260 3413 3345 3477 est
3379 3437 3573 3487 unum,

2009 3521 2196 3569 uoster
2244 3513 2411 3568 ardor
2436 3512 2627 3568 tendat
2661 3521 2710 3567 ct
2744 3527 2838 3582 per
2876 3513 3290 3569 conversionem
3324 3516 3585 3582 spiritua-

2005 3608 2222 3675 lrm'pte
2252 3613 2505 3662 conatum
2535 3606 2798 3678 cognitio,
2836 3607 2925 3662 ubi
2951 3607 3135 3664 omnis
3175 3606 3427 3663 scientia:
3459 3619 3587 3663 sunt

2008 3701 2279 3762 thesauri,
2306 3708 2362 3754 et
2390 3700 2507 3767 ubi,
2538 3715 2662 3754 cum
2694 3714 2762 3754 eo
2788 3702 3222 3770 pervenerimus,
3247 3705 3588 3775 contempla-

2009 3789 2171 3844 tionis
2192 3798 2277 3844 cst
2307 3790 2524 3860 requies
2558 3798 2612 3845 et
2637 3790 2783 3854 linis,
2813 3799 2871 3846 et
2906 3793 3582 3862 cogitationisterminus.

2005 3889 2064 3936 et
2096 3895 2261 3949 supra
2317 3888 2564 3936 mentem
2629 3881 2906 3937 silentium
2974 3893 3030 3940 et
3081 3885 3466 3943 inenarrabilis
3525 3889 3582 3943 in

2006 3974 2176 4027 multa
2206 3973 2567 4026 admiratione
2593 3975 2916 4028 exsultatio.

2074 4066 2166 4122 29.
2213 4066 2268 4120 Si
2311 4081 2655 4136 qumeunque
2726 4076 2873 4129 sunt,
2908 4082 3036 4123 esse
3083 4069 3347 4139 cupiunt;
3404 4072 3448 4126 si
3485 4087 3586 4126 au-

2004 4167 2114 4216 tem
2176 4160 2422 4213 omnium
2477 4172 2603 4213 esse
2637 4158 2940 4217 secundum
2984 4175 3208 4215 causam
3249 4172 3338 4218 est
3393 4164 3447 4218 in
3482 4167 3585 4219 illo

2003 4269 2117 4308 uno
2147 4251 2291 4322 quod
2323 4266 2490 4322 supra
2543 4266 2760 4305 omnem
2791 4251 3169 4308 exsistcntiam
3221 4264 3344 4324 cst;
3393 4257 3588 4311 omnia

2005 4346 2191 4416 igitur,
2251 4343 2552 4414 praesertim
2606 4359 2734 4400 vero
2797 4345 3165 4428 rationabilia,
3222 4363 3351 4403 vere
3404 4359 3462 4406 et
3517 4357 3579 4404 ut

2007 4446 2220 4506 oportet
2269 4453 2329 4492 se
2352 4437 2645 4501 moventia,
2667 4436 2800 4491 illud
2834 4453 3001 4492 unum
3028 4438 3173 4508 quod
3202 4453 3372 4510 supra
3396 4442 3593 4496 omnia

336 4537 399 4592 τὸ
441 4532 582 4590 εἶναι
615 4536 673 4591 ἓν
703 4536 1117 4608 ἀνατεινόμενος
1161 4537 1317 4604 νοῦς,
1339 4537 1476 4609 μηδὲ
1524 4539 1714 4592 τούτου
1766 4540 1918 4609 ἐφιέ-

2009 4540 2109 4593 est,
2162 4531 2392 4598 cupiunt
2414 4567 2432 4591 ,
2475 4542 2598 4583 csse
2629 4529 2928 4599 rupieutia.
2962 4529 3114 4587 Meus
3147 4532 3312 4601 igitur
3343 4549 3465 4603 qtue
3515 4534 3589 4589 ad

343 4644 524 4696 μενος,
562 4626 912 4697 διαστρόφῳ,
963 4626 1060 4680 καὶ
1107 4626 1476 4698 ἡμαρτημένῃ
1529 4626 1797 4697 κέχρηται
1852 4627 1921 4697 τῇ

342 4718 581 4789 κινήσει,
615 4719 713 4770 καὶ
750 4716 844 4773 τοῦ
866 4717 1072 4770 οἰκείου
1109 4715 1392 4770 διαπίπτει
1416 4715 1750 4786 ἀξιώματος,
1785 4719 1924 4788 ὅπερ

341 4811 462 4863 ἐστὶ
496 4811 590 4863 τοῦ
619 4810 760 4881 ὑπὲρ
782 4810 843 4863 τὸ
885 4806 1027 4864 εἶναι
1054 4811 1173 4873 ἐνὸς
1199 4811 1234 4881 ἡ
1262 4811 1583 4879 ἐπίγνωσις,
1617 4811 1708 4862 καὶ
1741 4812 1773 4882 ἡ
1802 4809 1925 4864 κατ’

341 4903 474 4956 αὐτὸ
508 4902 761 4974 θειοτάτη
808 4903 948 4974 ὑπὲρ
979 4903 1103 4958 νοῦν
1136 4903 1372 4973 ἐνοειδὴς
1405 4901 1618 4967 ἓνωσις,
1663 4905 1759 4957 καὶ
1782 4903 1923 4972 ἀγά-

342 5009 530 5060 πησις-

412 5080 476 5137 λ’.
510 5084 592 5139 Τὰ
634 5083 784 5139 αίτια
832 5085 1110 5156 περισσῶς
1137 5084 1321 5158 ἔχουσι
1361 5086 1462 5151 τὰς
1507 5086 1617 5140 τῶν
1667 5085 1930 5140 αἰτιατῶν

342 5175 628 5240 καλλονᾶς.
662 5176 846 5230 Αἴτιον
894 5178 951 5231 δὲ
984 5177 1093 5232 τῶν
1124 5179 1342 5233 πάντων
1367 5178 1565 5243 κοινῶς
1604 5177 1665 5232 τὸ
1695 5178 1930 5252 ὑπερθύ-

344 5284 460 5322 σιον
493 5268 579 5325 ἓν.
609 5271 672 5324 El
715 5269 894 5325 τοίνυν
915 5272 943 5325 ὁ
969 5270 1094 5335 νοῦς
1124 5272 1476 5343 προσίσχοιτό
1514 5289 1621 5326 τινι
1650 5272 1761 5327 τῶν
1792 5273 1932 5344 μετά

342 5361 405 5415 τὸ
439 5362 765 5435 ὕπερούσιον
807 5363 889 5428 ἒν,
927 5363 1005 5427 ὡς
1038 5363 1210 5436 καλῷ,
1260 5364 1294 5436 ἢ
1324 5364 1402 5429 ὡς
1439 5366 1522 5419 ὅτι
1553 5366 1617 5438 δή
1653 5382 1785 5420 ποτε
1814 5382 1932 5420 νοε-

346 5449 449 5527 ῥᾶς
492 5455 643 5522 ἄξιον
693 5456 915 5524 ἕλξεως,
968 5458 1217 5527 ἐναργῶς
1267 5460 1589 5530 ἡμάρτηται
1642 5460 1671 5512 6
1728 5458 1932 5521 σκοπὸς

334 5545 537 5614 αὐτοῦ,
569 5548 860 5617 φιλόκαλος
895 5550 999 5621 μὲν
1028 5547 1128 5616 ὣν,
1159 5550 1281 5621 οὐχὶ
1318 5549 1374 5603 δὲ
1414 5558 1550 5621 πρὸς
1588 5550 1650 5604 τὸ
1692 5549 1932 5621 πρῶτον,

347 5638 443 5693 καὶ
494 5637 705 5709 κύριον,
743 5638 838 5692 καὶ
870 5638 935 5704 ἐξ
976 5632 1152 5710 οὗπερ
1200 5641 1383 5695 πάντα
1414 5643 1485 5694 τὰ
1520 5641 1684 5704 καλὰ,
1723 5643 1930 5713 μετοχῇ

2003 4622 2137 4679 illud
2164 4639 2329 4678 unum
2354 4637 2461 4676 non
2492 4621 2664 4677 tendit
2696 4637 2873 4693 neque
2904 4622 3038 4677 illud
3089 4625 3266 4693 cupit,
3325 4639 3597 4694 perverso.
3671 4662 3677 4668 ρ

2003 4727 2056 4772 et
2089 4723 2308 4771 errante
2351 4723 2502 4773 motu
2536 4718 2727 4777 utitur,
2758 4724 2813 4769 ct
2865 4715 3085 4784 propria
3132 4714 3399 4784 dignitate
3431 4718 3592 4771 dein-

2003 4809 2174 4875 bitur,
2203 4823 2327 4879 quae
2369 4817 2457 4863 est
2514 4808 2677 4877 hujus
2713 4822 2878 4870 supra
2929 4821 3145 4860 omnem
3195 4808 3582 4864 exsistenttatn

2005 4903 2172 4959 unius
2232 4902 2494 4972 cognitio,
2559 4908 2616 4956 et
2652 4900 2995 4957 divinissima
3043 4900 3345 4955 secuttdum
3398 4902 3593 4971 ipsum.

2007 5011 2172 5067 supra
2209 5006 2444 5067 mentem
2471 4994 2764 5049 uniformis
2812 4994 2942 5048 uuio
2976 5002 3030 5045 «ιι
3059 4993 3296 5047 dilectio.

2077 5090 2169 5145 '50.
2233 5086 2429 5145 Causae
2500 5088 2808 5142 eminentes
2885 5087 3163 5155 possident
3231 5097 3597 5140 eausatormn.

2008 5179 2471 5251 pulchritudines.
2552 5180 2731 5233 Causa
2793 5190 3005 5232 autem!
3046 5180 3291 5231 omnium
3343 5193 3599 5234 commu-

2011 5270 2818 5338 niterest.supersubstautiale
2868 5287 3058 5325 unum.
3115 5271 3171 5325 Si
3226 5272 3391 5342 igitur
3432 5288 3603 5327 uicus.

2011 5362 2284 5422 adita-rent
2340 5365 2499 5419 alieni
2534 5378 2722 5418 eorum
2757 5380 2880 5434 quae
2933 5375 3061 5418 sunt
3113 5372 3234 5430 post
3291 5365 3589 5433 super-sub-

2011 5458 2478 5519 stantialcunum,
2516 5467 2572 5510 ut
2603 5456 2862 5524 pulchro,
2896 5464 2985 5510 aut
3026 5467 3279 5525 tauquam
3312 5454 3596 5525 spirituali

2013 5550 2333 5605 aut-actione
2350 5549 2538 5617 digno,
2566 5547 2850 5606 manifeste
2870 5548 3036 5602 lalsus
3052 5556 3136 5602 est
3154 5548 3272 5617 ejus
3290 5549 3555 5600 terminum
3571 5562 3601 5616 3

2018 5655 2146 5697 tunc
2192 5641 2338 5696 enim
2365 5641 2581 5712 pulchri
2621 5639 2827 5711 aliquid
2857 5649 3061 5710 acuunt,
3096 5654 3203 5693 non
3234 5648 3414 5693 autem
3446 5641 3599 5709 quod

349 5729 413 5799 γέ
442 5729 550 5783 είσι
572 5728 737 5796 καλὰ,
773 5728 1100 5801 ὑπερούσιον
1139 5729 1220 5795 ἓν,
1254 5730 1392 5783 ἀλλὰ
1422 5731 1556 5802 πρὸς
1587 5731 1654 5785 τὰ
1682 5731 1741 5797 ἐξ
1792 5730 1926 5785 ὲκεί-

2017 5736 2100 5803 pri
2127 5757 2136 5783 ι
2164 5750 2253 5788 nm
2278 5742 2335 5789 et
2367 5733 2667 5805 prinripalc
2702 5732 2987 5800 pulchrum
3020 5742 3125 5793 est,
3150 5740 3206 5785 et
3229 5747 3297 5785 ex
3327 5748 3434 5801 quo
3468 5748 3589 5784 om-

351 5841 445 5879 κου
479 5825 776 5896 μετέχοντα
809 5825 910 5897 τῆς
942 5825 1229 5907 καλλονῆς,
1260 5825 1526 5898 ῥᾳθυμίᾳ,
1568 5825 1605 5897 ἢ
1633 5828 1931 5898 ἀνεπιστη-

2020 5830 2104 5880 uia
2138 5829 2365 5897 pnicltra
2403 5839 2553 5894 sunt,
2612 5824 3135 5896 Sllpt‘rSlleILJllizlL'
3166 5840 3360 5892 netnpc
3397 5837 3599 5889 unum,
