4058 6506
210 442 213 445 π
310 414 481 486 ,873

1506 418 1599 478 DE
1640 414 1812 478 VlTA
1857 412 2513 486 CONTEMPLATIVA.

3515 427 3621 495 δτι

430 525 754 599 Παχυτὲρας
801 525 859 581 δὲ
903 523 1275 595 ἐπιπεσούσης
1314 526 1543 597 ἀχλύος,
1591 531 1683 582 καὶ
1717 529 1777 583 τὸ
1804 529 1947 582 νοεῖν

2098 528 2393 604 Postquam
2444 553 2569 594 vero
2601 537 2864 599 deciderit
2893 543 3130 600 crassior
3170 543 3343 614 caligo
3387 555 3620 601 utentem

356 622 847 688 ἐπισκοτιζούσης,
895 621 989 674 καὶ
1037 621 1271 692 ἀκηδίαν
1321 622 1650 692 ἐπιχεούσης
1703 622 1839 692 πρός
1883 638 1950 690 γε

355 716 416 769 τὸ
452 716 682 785 θεωρεῖν
722 714 802 782 τῷ
843 714 954 784 νῷ,
986 714 1065 776 εἰς
1110 714 1279 784 εὐχάς
1308 712 1628 784 πρακτικῶς
1662 715 1720 766 ἐν
1756 713 1952 794 καρδίᾳ

354 811 587 877 ταπεινῇ
640 806 903 877 τρεπτέον
930 807 1077 877 ἡμᾶς
1107 807 1329 871 αὐτοὺς,
1367 806 1463 859 καὶ
1490 805 1586 859 τοῦ
1628 807 1852 870 σκότους
1881 809 1948 878 τῇ

354 903 453 971 τῆς
497 900 810 971 προσευχῆς
849 899 1078 967 δυνάμει
1119 899 1213 952 καὶ⁸
1251 900 1362 962 τοῖς
1416 898 1648 969 δάκρυσι
1699 915 1952 970 μεταχω-

359 997 647 1066 ρήσαντος,
681 990 1001 1063 ὑποϐἀοραν
1027 990 1191 1045 πάλιν
1224 989 1382 1053 αὖθις
1416 989 1605 1062 ὥσπερ
1630 991 1753 1044 τινὰ
1783 992 1954 1043 ποιεῖ-

355 1087 503 1154 σθαι,
538 1086 775 1156 αἰσθητὰ
807 1085 1021 1153 κτιστὰ,
1056 1084 1507 1157 προενοικοῦντος
1540 1088 1606 1156 τῇ
1638 1086 1860 1156 καρδίᾳ,
1894 1087 1953 1141 ἐν

356 1182 611 1254 ἐνεργείᾳ
650 1182 998 1252 πνευματικῇ
1062 1179 1455 1248 ἐνυποστάτῳ,
1511 1178 1693 1247 ctu-:5;
1725 1177 1950 1251 νοεροῦ,

359 1276 449 1327 καὶ
480 1271 920 1343 προκατέχοντος
951 1268 1048 1322 τοῦ
1072 1268 1165 1323 νοῦ
1202 1268 1474 1338 δηλονότι,
1502 1268 1565 1321 τὸ
1592 1269 1693 1338 τῆς
1720 1286 1955 1339 πρακτι-

357 1368 458 1434 κῆς
492 1365 880 1436 ἐπιστημόνως
915 1380 979 1433 γε
1010 1364 1132 1417 λίαν
1160 1361 1387 1435 κράτος,
1426 1361 1562 1415 καθὸ
1591 1361 1894 1416 ἐπιόαίνειν
1923 1362 1952 1415 ὁ

359 1460 479 1523 νοῦς
520 1461 766 1530 πέφυκεν
801 1459 990 1530 ὥσπερ
1025 1457 1119 1511 ἐπί
1170 1473 1315 1520 τινος
1364 1455 1712 1528 ἀκρωρείας,
1755 1456 1787 1527 ἢ
1829 1474 1955 1510 σκο-

357 1556 492 1618 πιᾶς
526 1552 833 1625 δήπουθεν,
875 1551 971 1605 καὶ
1016 1549 1248 1621 θεωρεῖν
1294 1548 1364 1601 τά
1416 1548 1634 1612 πολλοῖς
1684 1549 1747 1602 οὐ
1794 1550 1954 1619 μόνον

357 1645 595 1709 ἀθέατα,
630 1644 767 1698 ἀλλά
801 1644 895 1698 καὶ
924 1640 1194 1712 ἀζήτητα,
1233 1642 1330 1694 atati.
1367 1631 1723 1710 ἀνεπινόητοι,
1757 1643 1851 1695 καὶ
1891 1636 1953 1698 οὗ

356 1741 527 1809 χωρὶς
563 1738 740 1801 οὐδεὶς
778 1736 1004 1806 ὄψεται,
1051 1733 1175 1787 οὔτε
1211 1734 1426 1800 ἑαυτὸν,
1464 1732 1590 1786 οὔτε
1625 1736 1718 1788 καὶ
1752 1735 1954 1804 μᾶλλον

352 1848 444 1883 τιν
477 1830 630 1883 Θεὸν.
684 1828 818 1899 Περὶ
853 1822 922 1899 ἧς
961 1826 1277 1896 πρακτικῆς
1311 1825 1681 1897 ἐπιδρομάδην
1717 1826 1810 1879 νῦν
1850 1827 1951 1898 ἤδη

353 1923 529 1974 εἰπεῖν
551 1962 566 1987 ,
599 1921 740 1991 τάχα
769 1936 830 1988 γε
865 1920 926 1974 οὐ
959 1919 1151 1991 πόρρω
1184 1915 1413 1971 σκοποῦ.

339 2007 357 2025 ⁸
424 2011 532 2083 λς’.
578 2014 717 2085 Τρία
752 2016 785 2084 ἡ
820 2012 967 2085 ψυχὴ
1010 2012 1216 2066 ἔσωθεν
1244 2011 1361 2080 ἔχει
1387 2011 1621 2084 δεόμενα
1662 2010 1949 2082 πράξεως,

357 2103 1187 2175 λογιστικὸν,ἐπιθυμητικὸν,
1224 2107 1319 2158 καὶ
1368 2103 1599 2173 θυμικόν
1625 2120 1639 2136 ·
1683 2105 1779 2158 καὶ
1821 2100 1953 2175 τρία

357 2197 594 2263 ἔξωθεν,
647 2196 833 2266 ἔφεσιν
888 2196 1081 2267 δόξης,
1124 2195 1341 2264 ἡδονῆς,
1394 2196 1489 2248 καὶ
1541 2192 1635 2247 τοῦ
1683 2194 1949 2256 πλείονος.

357 2289 573 2353 Ταύτας
619 2290 684 2360 δὴ
730 2289 828 2352 τὰς
867 2288 962 2342 δύο
1017 2287 1244 2358 τριάδας
1299 2287 1685 2357 ἐπιστημόνως
1728 2288 1762 2358 ἡ
1804 2285 1953 2358 ψυχὴ

355 2381 615 2453 άφορῶσα
656 2384 712 2434 ἐν
748 2383 812 2452 τῇ
855 2381 949 2435 τοῦ
1010 2379 1187 2448 Ἰησοῦ
1217 2378 1456 2448 Χριστοῦ
1502 2378 1758 2450 ἐνσάρκῳ
1800 2377 1952 2431 πολι-

352 2475 506 2547 τείᾳ,
556 2475 645 2529 διὰ
697 2475 806 2529 τῶν
849 2473 1022 2543 αὐτῆς
1074 2473 1358 2543 τεσσάρων
1402 2471 1638 2542 γενικῶν
1692 2471 1945 2544 ἀρετῶν,

333 2568 668 2637 ’φρονήσεως
722 2566 956 2637 δηλαδὴ,
988 2564 1341 2636 δικαιοσύνης
1363 2605 1377 2627 ,
1413 2563 1804 2635 σωφροσύνης,
1853 2564 1951 2617 καὶ

350 2659 628 2730 ἀνδρείας,
662 2660 721 2711 ἐν
753 2661 819 2729 τῇ
859 2660 1045 2729 χάριτι
1087 2657 1302 2721 ἐξιᾶται
1343 2653 1438 2710 τοῦ
1488 2654 1696 2725 Κυρίου
1748 2650 1948 2724 Ἰησοῦν

349 2753 445 2805 καὶ
492 2751 677 2805 δίδωσι
710 2748 788 2820 τῷ
835 2751 1036 2819 ἐαυτῆς
1076 2748 1151 2819 νῷ
1183 2748 1634 2819 ἀπερισκοτήτως
1679 2746 1948 2817 μετεωρί-

350 2844 578 2910 ζεσθαι,
631 2845 726 2898 καὶ
767 2842 839 2896 τά
899 2842 1020 2896 θεῖα
1057 2840 1417 2912 περιαθρεῖν,
1465 2841 1560 2894 καὶ
1603 2838 1829 2909 θεωρεῖν
1857 2838 1953 2892 τὸν

351 2936 504 2989 Θεόν.
539 2936 669 2987 Ὅτε
703 2935 814 3006 γὰρ
852 2935 881 2988 ὁ
905 2932 1112 3004 Κύριος
1150 2930 1360 3001 Ἰησοῦς
1391 2929 1534 3002 ἢχθη
1571 2931 1630 2982 ὲν
1662 2931 1728 3000 τῇ
1756 2928 1950 3000 ἐρήμῳ

351 3027 456 3081 ὑπὸ
505 3025 599 3080 τοῦ
656 3025 978 3097 Πνεύματος
1033 3021 1462 3077 καταπαλαίσων
1521 3022 1619 3076 τὸν
1663 3020 1946 3088 διάϐολον,

351 3119 578 3191 νηστείᾳ
619 3118 720 3190 μὲν
769 3118 830 3171 τὸ
873 3115 1275 3188 ἐπιθυμητικὸν
1332 3110 1701 3186 ἐθεράπευσεν
1731 3130 1744 3145 ·
1777 3114 1950 3184 ἀγρυ-

1959 1890 2002 1945 Β

2028 622 2414 692 obtenebrans,
2433 635 2488 682 et
2508 629 2748 685 acediam
2775 634 2943 688 menti
2973 633 3264 690 infundens
3286 633 3353 690 ad
3376 644 3619 690 contema

2028 714 2312 779 piandum,
2362 730 2465 773 nos
2495 729 2708 787 oportet
2754 722 2820 777 ad
2857 739 3048 794 preces
3091 724 3336 794 practice
3367 724 3617 781 converti

2029 805 2081 860 in
2111 810 2303 864 humili
2334 812 2524 876 corde,
2553 824 2606 869 et
2636 826 2920 885 postquam
2957 817 3012 872 vi
3047 819 3313 874 orationis
3349 825 3406 873 et
3435 818 3619 888 lacry-

2029 901 2132 954 mis
2156 902 2391 956 tenebrae
2430 906 2779 972 recesserint,
2814 908 2985 964 basim
3023 910 3260 981 aliquam
3292 926 3514 967 rursum
3543 910 3622 965 fa.

2030 1008 2155 1048 cere
2217 996 2497 1051 sensibilia
2550 1007 2754 1067 creata,
2790 1002 3187 1068 prmliabitante
3233 1006 3288 1058 in
3324 1003 3490 1059 corde
3524 1019 3623 1075 per

2027 1085 2367 1151 Spiritualem
2409 1089 2730 1154 eﬂicaciam,
2780 1095 2999 1148 mentali
3046 1094 3250 1149 lumine
3279 1096 3425 1166 quod
3462 1112 3622 1152 men-

2030 1187 2134 1232 tem
2166 1180 2446 1246 possideat
2471 1184 2706 1239 actionis
2735 1186 2957 1251 virtute,
2988 1203 3098 1258 qua
3132 1203 3287 1244 mens
3320 1190 3614 1249 ascendere

2030 1278 2209 1337 potest
2237 1281 2493 1342 tanquam
2520 1274 2574 1329 in
2592 1277 2886 1345 quamdam
2912 1280 3282 1335 summitatem
3304 1288 3398 1334 aut
3426 1297 3621 1354 specu.

2029 1363 2134 1415 lam
2162 1373 2217 1417 et
2241 1364 2368 1420 inde
2394 1369 2752 1439 contemplari
2781 1385 2901 1440 qua;
2927 1372 3111 1428 multis
3127 1390 3234 1428 non
3265 1384 3391 1430 sunt
3428 1376 3620 1433 visibi-

2030 1455 2124 1525 lia,
2160 1471 2259 1510 nec
2292 1471 2321 1511 a
2353 1459 2538 1514 multis
2563 1461 2875 1530 cogitantur
2923 1474 3019 1521 aut
3043 1476 3390 1535 quaeruntur,
3423 1476 3477 1523 et
3498 1470 3620 1523 sine

2030 1561 2139 1616 quo
2167 1563 2331 1606 nemo
2360 1551 2560 1607 videbit
2597 1567 2777 1626 neque
2806 1555 3074 1626 seipsum,
3118 1574 3297 1630 neque
3326 1576 3357 1615 a
3406 1560 3619 1616 fortiori

2032 1639 2224 1695 Deum.
2258 1640 2333 1696 De
2365 1659 2470 1714 qua
2497 1646 2712 1703 actione
2757 1665 2901 1707 nunc
2932 1653 3138 1708 cursim
3187 1662 3272 1710 est
3304 1654 3617 1727 dicendum,

2031 1733 2220 1790 forsan
2246 1751 2353 1791 non
2380 1739 2568 1805 procul
2597 1754 2628 1794 a
2650 1755 2843 1814 scopo.
2966 1747 2972 1752 “

2107 2005 2197 2061 56.
2236 2001 2364 2062 Tria
2423 2008 2475 2062 in
2511 2025 2571 2066 se
2606 2007 2768 2066 habet
2805 2010 2987 2068 anima
3037 2025 3160 2085 quae
3209 1992 3426 2075 actione
3471 2014 3617 2075 indi-

2036 2106 2184 2168 gent,
2220 2098 2506 2166 rationem,
2537 2103 2838 2173 appetitum
2863 2105 3192 2163 irascibilem
3224 2116 3279 2163 et
3307 2110 3612 2180 appetitum

2036 2191 2555 2262 concupiscibilem;
2587 2205 2638 2250 et
2662 2197 2762 2251 tria
2793 2206 2946 2253 extra
2974 2213 3054 2263 se,
3083 2200 3270 2270 glorias
3291 2205 3615 2272 appetitum,

2038 2284 2353 2353 voluptatis,
2404 2298 2456 2342 et
2487 2286 2822 2343 divitiarum.
2860 2289 3011 2346 lianc
3057 2292 3324 2362 duplicem
3382 2295 3612 2349 triadem

2042 2392 2220 2444 mens,
2253 2378 2465 2434 Domini
2484 2378 2610 2436 Jesu
2636 2382 2901 2437 incarnati
2928 2385 3091 2439 vitam
3112 2384 3330 2440 intuens
3355 2402 3454 2458 per
3479 2404 3615 2457 qum

2041 2462 2165 2527 tuor
2223 2473 2325 2543 ipsi
2378 2473 2646 2545 ingenitas
2686 2475 2936 2543 virtutes,
2985 2477 3328 2545 prudentiam
3395 2494 3612 2549 nempe,

2037 2563 2329 2635 justitiam,
2354 2566 2770 2635 temperantiam
2793 2578 2846 2622 et
2867 2566 3263 2631 fortitudinem,
3298 2573 3471 2641 gratia
3501 2572 3613 2627 Do»

2044 2657 2174 2712 mini
2225 2654 2352 2713 Jesu
2400 2667 2558 2713 sanat
2603 2670 2656 2714 et
2707 2673 2820 2714 sua:
2875 2661 3043 2714 menti
3082 2676 3176 2716 eas
3220 2662 3314 2717 dat
3365 2673 3617 2717 contem-
3656 2722 3661 2729 ,

2044 2748 2287 2816 plaudas,
2309 2757 2361 2802 et
2383 2749 2563 2803 divina
2586 2751 2978 2806 consideranda
3003 2759 3056 2804 et
3078 2743 3246 2806 Deum
3269 2755 3614 2807 intuenlutu.

2043 2840 2273 2906 Quando
2302 2840 2446 2894 enim
2482 2839 2740 2895 Dominus
2766 2837 2925 2897 Jcsus
2956 2843 3008 2894 itt
3039 2842 3316 2897 desertum
3345 2859 3374 2897 a
3408 2844 3615 2913 Spiritu

2043 2934 2242 2989 ductus
2286 2940 2370 2988 est
2422 2940 2612 2986 contra
2661 2932 2939 2999 diabolum
2993 2945 3350 3005 pugnaturus,
3399 2935 3613 3006 jejunio

2041 3023 2260 3092 quidem
2299 3022 2781 3091 concupiscibilcm
2815 3024 3111 3094 appetitum
3146 3027 3395 3093 sanavit;
3433 3026 3614 3093 vigilia

2042 3114 2414 3184 et‘tranquillii
2447 3115 2717 3182 oratione,
2758 3116 3058 3182 rationem;
3102 3116 3429 3172 irascibilem
3459 3132 3614 3180 vero,

353 3212 484 3282 πνία
514 3228 574 3263 τε
633 3209 729 3264 καὶ
755 3208 944 3282 ἡσύχῳ
992 3210 1296 3279 προσευχῇ,
1326 3208 1387 3260 τὸ
1415 3207 1725 3276 λογιστικόν
1749 3224 1763 3237 ⁶
1802 3207 1866 3260 τὸ
1892 3207 1946 3260 δέ

2037 3209 2502 3275 contradictione;
2540 3208 2835 3279 voluptatis
2867 3204 3201 3265 desiderium
3228 3218 3284 3265 et
3313 3225 3468 3266 vanas
3493 3211 3615 3282 glo-

351 3301 604 3372 θυμικὸν,
643 3302 965 3373 ἀντιρρήσει
991 3318 1004 3332 ν
1039 3299 1354 3371 φιληδονίαν
1381 3317 1443 3352 τε
1478 3300 1573 3353 καὶ
1619 3297 1945 3368 φιλοδοξίαν,

351 3394 444 3447 καὶ
475 3393 864 3464 φιλαργυρίαν,
897 3394 956 3446 ἐν
995 3387 1076 3456 οἷς
1118 3391 1320 3444 πεινῶν
1356 3393 1454 3444 οὐκ
1475 3389 1774 3461 ἐζήτησεν,
1814 3391 1889 3454 ὡς
1919 3392 1949 3444 ὁ

349 3488 593 3553 διάϐολος
629 3487 895 3549 ὑπετίθει,
932 3487 1018 3541 ἵνα
1048 3488 1096 3540 οἱ
1127 3486 1266 3540 λίθοι
1294 3488 1449 3556 ἄρτοι
1481 3485 1744 3553 γένωνται
1767 3505 1780 3518 ·
1821 3485 1946 3540 οὐδέ

350 3579 499 3632 κάτω
548 3577 741 3632 ἑαυτὸν
783 3577 978 3631 ἒὸαλεν
1021 3576 1133 3650 ἀπὸ
1171 3576 1266 3630 τοῦ
1318 3575 1468 3647 ἱεροῦ
1508 3573 1835 3647 πτερυγίου,
1876 3578 1945 3631 ἵν’

350 3673 455 3725 ὑπὸ
495 3673 589 3727 τοῦ
630 3673 791 3744 ὄχλου
838 3673 915 3737 ὡς
954 3672 1127 3743 μηδὲν
1167 3671 1454 3737 πεπονθὼς
1484 3674 1551 3743 τῇ
1594 3671 1946 3728 καταπτώσει

347 3764 614 3838 δοξασθῇ,
650 3764 773 3819 ούδέ
814 3764 1201 3835 προσκυνῆσαι
1244 3764 1497 3834 ἐπείσθης
1524 3764 1617 3817 ἐπὶ
1651 3764 1946 3835 ὑποσχέσει

347 3855 560 3926 λήψεως
594 3855 691 3911 τοῦ
740 3855 977 3911 πλούτου
1016 3856 1248 3912 ἀπασῶν
1286 3855 1396 3910 τῶν
1444 3855 1773 3927 βασιλειῶν,
1826 3853 1943 3909 ἀλλ’

347 3949 666 4021 ἀντιρρήσει
707 3947 987 4017 θυμοειδεῖ
1033 3949 1287 4021 φρονίμῳ
1310 3989 1326 4014 ,
1363 3948 1459 4003 καὶ
1488 3947 1683 4015 δικαίῳ
1723 3946 1835 4019 [Ion
1865 3947 1944 4002 διο
1974 3988 1977 3993 ι

349 4037 539 4111 καίᾳ],
573 4037 813 4110 σώφρονι
857 4057 920 4093 τε
964 4040 1062 4095 καὶ
1113 4040 1336 4111 ἀνδρείᾳ
1386 4039 1477 4091 τὸν
1533 4039 1784 4093 Σατανᾶν
1824 4039 1941 4092 άπ-

351 4126 684 4199 εκρούσατο,
732 4129 830 4183 καὶ
881 4131 1031 4201 ἡμᾶς
1069 4130 1129 4184 ἐν
1163 4130 1341 4201 τούτῳ
1376 4129 1645 4184 διδάσκων
1670 4129 1770 4204 τὴν
1801 4128 1943 4184 κατὰ

346 4220 448 4292 τῆς
483 4222 674 4293 ἐφόδου
723 4222 906 4293 πάσης
931 4218 1104 4297 ἧτταν
1150 4223 1335 4278 αὐτοῦ.
1378 4221 1550 4277 Τοῦτο
1592 4222 1656 4295 δή
1684 4239 1769 4277 τοι
1809 4222 1941 4296 αὐτᾷ

346 4333 431 4379 τις
463 4316 567 4370 κάν
594 4315 674 4387 τῷ
708 4315 929 4388 σταυρῷ
966 4316 1062 4371 τοῦ
1104 4317 1359 4389 Σωτῆρος
1405 4317 1603 4395 ὄψεται
1657 4315 1755 4370 καὶ
1782 4315 1937 4389 γνοίη

347 4408 434 4463 ἄν.
489 4410 862 4482 Προσεύχεται
896 4410 993 4466 καὶ
1023 4410 1133 4484 γάρ
1172 4409 1250 4483 τῷ
1290 4412 1414 4467 τότε
1455 4410 1648 4483 καιροῦ
1678 4412 1707 4464 ὁ
1746 4409 1939 4484 Σωτὴρ

349 4496 461 4547 τῶν
510 4493 770 4564 μαθητῶν
805 4497 999 4551 ἑαυτὸν
1032 4499 1298 4568 ἀφιστὰς·
1348 4499 1677 4577 τοῦτοιταμα
1726 4505 1823 4560 τοῦ
1852 4503 1943 4558 λο-

2036 3301 2127 3356 riae
2155 3310 2208 3354 et
2237 3300 2547 3363 avaritiam,
2570 3299 2699 3354 dum
2723 3301 2974 3357 esuriens
2996 3300 3176 3355 cibum
3205 3315 3312 3355 non
3336 3302 3611 3370 quaesivit.

2035 3401 2092 3446 ut
2123 3390 2368 3446 diabolus
2404 3390 2508 3462 ipsi
2555 3391 2891 3461 proponebat
2923 3407 2938 3446 :
2980 3407 3000 3442 ι
3040 3388 3138 3445 Dic
3167 3400 3225 3445 ut
3275 3390 3485 3473 lapides
3517 3391 3609 3447 isti

2033 3499 2200 3555 panes
2233 3484 2391 3552 fiant;
2433 3503 2450 3537 ι
2485 3498 2660 3552 neque
2690 3485 2929 3553 seipsum
2961 3480 3103 3537 infra
3130 3482 3326 3553 dejecit
3356 3499 3386 3539 a
3421 3484 3614 3553 pinna-

2030 3578 2156 3632 culo
2183 3577 2394 3646 templi,
2419 3585 2479 3631 ut
2514 3591 2545 3631 a
2569 3576 2913 3630 multitudine
2951 3574 3090 3630 niltll
3117 3575 3190 3630 ob
3221 3590 3381 3631 suum
3412 3589 3604 3631 casum

2030 3668 2157 3722 tnali
2182 3682 2378 3736 passus
2408 3667 2744 3729 laudaretur,
2770 3680 2947 3736 neque
2969 3676 3028 3721 ut
3052 3665 3325 3722 diabolum
3353 3668 3611 3723 adoraret

2028 3761 2299 3815 adductus
2345 3759 2471 3823 fuit,
2502 3760 2602 3815 etsi
2634 3761 2880 3815 omnium
2926 3775 3216 3830 regnorum
3250 3761 3456 3818 divitiae
3500 3762 3606 3831 ipsi

2026 3852 2389 3919 offerrentur;
2416 3853 2509 3909 sed
2543 3852 2982 3909 contradictione
3006 3854 3144 3908 irata
3174 3868 3240 3910 ac
3269 3856 3520 3925 prudenti
3549 3865 3606 3911 et

2019 3945 2189 4014 justa.
2223 3954 2277 3999 ct
2308 3943 2542 4013 sapienti
2568 3943 2887 4000 fortitudine
2908 3945 3169 4000 Satanam
3200 3947 3403 4016 repulit
3425 3955 3479 4001 et
3500 3960 3601 4001 nos

2024 4040 2076 4094 in
2111 4038 2213 4093 hoc
2237 4038 2442 4094 docens
2477 4039 2694 4093 Satanae
2725 4048 2916 4093 contra
2948 4052 3166 4093 onmem
3200 4037 3460 4108 impetum
3491 4039 3604 4094 cla-

2021 4130 2167 4185 dem.
2203 4126 2339 4181 lilud
2368 4143 2501 4185 sane
2535 4129 2675 4185 idem
2710 4138 2766 4185 et
2793 4130 2846 4185 in
2871 4145 3034 4185 cruce
3063 4129 3277 4185 Domini
3302 4130 3507 4186 videbit
3538 4146 3617 4187 ac.

2023 4232 2231 4282 noscet.
2262 4222 2396 4281 Orat
2416 4210 2571 4278 enim
2595 4231 2728 4278 tunc
2754 4225 3017 4294 temporis
3047 4221 3331 4301 Salvator;
3371 4239 3402 4279 a
3433 4225 3604 4281 disci-

2021 4317 2163 4388 pulis
2187 4318 2450 4373 recedens
2480 4335 2495 4372 :
2535 4315 2658 4371 Haec
2679 4316 2909 4372 rationis
2936 4328 3023 4375 est
3050 4318 3262 4373 sanatio
3286 4336 3300 4384 ;
3333 4318 3521 4390 vigilat
3547 4328 3602 4373 et

2020 4408 2371 4472 nondormit,
2398 4415 2453 4463 et
2473 4410 2555 4463 sic
2577 4406 2632 4461 in
2654 4421 2815 4464 cruce
2838 4409 3044 4478 patitur
3068 4425 3082 4463 :
3109 4409 3162 4463 id
3187 4416 3291 4474 est,
3323 4410 3600 4479 appetitus

2019 4500 2465 4568 concupiscibilis
2506 4501 2842 4570 remedium;
2876 4518 2986 4558 non
3025 4502 3374 4567 contradicit,
3421 4518 3601 4572 neque

358 4582 598 4650 τιστικοΰ
628 4599 643 4615 σ
671 4588 957 4657 γρηγορεῖ,
981 4565 1455 4662 καὶνδιαγρυπνετ,
1488 4565 1775 4666 καίδίψαν
1809 4598 1942 4652 ὑπο·

2028 4593 2280 4649 irascitur
2338 4602 2433 4648 aut
2478 4599 2712 4662 clamat;
2761 4605 2816 4649 et
2862 4595 3118 4665 quamvis
3183 4594 3260 4650 ita
3308 4593 3450 4651 male
3502 4594 3602 4652 lia-

354 4676 505 4741 μένει
533 4676 592 4728 ἐν
627 4676 707 4748 τῷ
741 4679 964 4750 σταυρῷ
982 4692 996 4709 ·
1024 4681 1182 4735 τοῦτο
1219 4684 1514 4755 φάρμακον
1537 4687 1631 4741 τοῦ
1658 4687 1940 4762 ἐπιθυμη-

2018 4687 2277 4750 beretur,
2326 4685 2493 4741 etiam
2549 4700 2647 4757 pro
2695 4685 3146 4757 persecutoribus
3218 4696 3512 4757 precatur;
3552 4688 3601 4742 is

351 4764 506 4819 τικοῦ
532 4783 545 4796 ·
578 4768 679 4821 οὐκ
709 4769 1003 4838 ἀντιλέγει,
1033 4771 1158 4826 οὔτε
1192 4774 1301 4845 μὴν
1326 4775 1520 4846 ἐρίζει,
1551 4777 1939 4851 ῆκραυγάζει,

2028 4780 2197 4835 bonus
2245 4789 2332 4834 est
2395 4777 2693 4834 irascibilis
2751 4777 3031 4848 appetitus
3083 4786 3260 4841 tenor,
3319 4778 3596 4834 diabolum

352 4857 449 4907 καὶ
483 4855 658 4909 ταῦτα
693 4858 1140 4929 διαϐαλλόμενος,
1178 4863 1274 4935 καὶ
1296 4864 1439 4936 ὑπὲρ
1468 4866 1577 4920 τῶν
1602 4869 1943 4940 ἐπηρεαζόν-

352 4964 459 5000 των
493 4949 858 5019 προσεύχεται
881 4968 895 4982 ο
933 4951 1094 5007 τοῦτο
1129 4954 1229 5025 τῆς
1258 4956 1513 5022 εὐταξίας
1535 4960 1632 5014 τοῦ
1680 4960 1938 5033 θυμικοῦ,

353 5034 457 5111 τὸν⁶
485 5038 584 5109 μὲν
639 5040 887 5095 διάϐολον
942 5042 1263 5117 ἀντιρῤήσει
1316 5046 1561 5117 βάλλειν,
1627 5053 1940 5126 ἀνθρώποις

321 5132 410 5201 ,δὲ
432 5135 544 5195 τοῖς
572 5136 994 5209 ἐπηρεάζουσιν,
1025 5139 1101 5203 ὡς
1131 5141 1227 5213 καὶ
1259 5142 1444 5206 αὐτοῖς
1476 5145 1943 5220 ἐπηρεαζομένοις

355 5227 461 5280 ὑπὸ
514 5228 610 5281 τοῦ
662 5230 917 5311 Σατανᾶ,
968 5236 1181 5305 σιωπῇ,
1232 5237 1623 5310 μακροθυμίᾳ,
1659 5243 1755 5296 καὶ
1800 5242 1942 5315 ὑπὲρ

354 5318 537 5374 αὐτῶν
580 5322 912 5391 ἀμείϐεσθαι
963 5331 1276 5399 προσευχῇ⁶
1307 5332 1611 5398 ἐμπτύεται
1635 5374 1649 5400 ,
1688 5333 1942 5407 ῥάπισμα

353 5409 590 5481 δέχεται,
621 5415 884 5483 ὑπομένει
914 5419 1200 5489 εἰρωνείας
1256 5422 1348 5474 καὶ
1387 5423 1707 5496 ἐμπαιγμὼ
1730 5442 1743 5457 ·
1784 5427 1951 5482 τοῦτο·

357 5498 622 5583 θεραπεία
666 5508 974 5577 φιλοδοξίας
1002 5528 1015 5539 ·
1057 5511 1178 5577 ὅξος
1226 5515 1553 5589 ποτίζεται,
1591 5515 1756 5588 χολὴν
1797 5520 1943 5589 βρω-

358 5596 682 5664 ματίζεται,
759 5603 1123 5673 σταυροῦται,
1179 5605 1351 5679 λόγχῃ
1416 5610 1714 5662 κεντᾶται·
1782 5610 1942 5665 τοῦτο

359 5686 572 5758 ἰατρεία
617 5688 929 5761 φιληδονίας
955 5708 968 5722 ο
1006 5693 1212 5764 γυμνὸς
1266 5698 1668 5768 κρεμαννύεται
1704 5742 1720 5767 ,
1776 5699 1942 5755 ὕπαι-

358 5775 507 5847 θρος,
536 5780 783 5846 ἀνέστιος
812 5784 906 5837 ἐπὶ
927 5784 1020 5838 τὸν
1051 5787 1305 5861 σταυρὸν,
1333 5793 1768 5863 παρεωραμένος
1799 5794 1941 5848 ᾶπα-

359 5884 464 5936 σιν,
495 5869 569 5935 ὡς
598 5873 664 5929 ἄν
696 5892 780 5938 τις
821 5877 1037 5947 πτωχὸς
1068 5880 1162 5932 καὶ
1189 5881 1361 5947 πένης
1382 5898 1398 5914 ο
1429 5881 1585 5939 τοῦτο
1615 5886 1715 5959 τῆς
1749 5887 1941 5958 φιλαρ-

596 6016 603 6023 -
682 5984 946 6043 ΡΑτιιοι.
980 5985 1095 6042 Gn.
1134 5981 1429 6043 CXLVII.

2020 4866 2455 4923 contradictione
2484 4864 2670 4929 ferire,
2713 4864 2965 4920 homines
2998 4880 3128 4920 vero
3184 4865 3597 4934 tnalediceutes,

2019 4962 2190 5034 quiet
2221 4960 2324 5031 ipsi
2368 4973 2400 5012 a
2427 4957 2627 5012 Sataua
2672 4963 3025 5026 torquentur,
3070 4957 3310 5023 silentio,
3372 4973 3597 5026 magna-

2020 5052 2269 5109 nimitate
2298 5060 2351 5105 et
2379 5064 2478 5118 pro
2505 5047 2636 5118 ipsis
2667 5046 2875 5102 orando
2921 5061 3292 5102 remunerare.
3329 5046 3599 5116 Conspui-

2021 5154 2133 5210 tur,
2187 5145 2499 5207 laceratur,
2566 5137 2714 5194 subit
2775 5138 2886 5193 into
2963 5138 3452 5208 interrogationum
3521 5140 3627 5211 Iu-,

2020 5238 2279 5302 dibrium,
2339 5234 2392 5289 id
2423 5247 2506 5290 est
2537 5231 2725 5302 gloriae
2755 5231 2961 5287 amoris
3005 5232 3346 5297 remedium;
3381 5237 3595 5287 acetum

2020 5341 2185 5402 potus
2233 5328 2338 5399 ipsi
2390 5326 2709 5398 porrigitur,
2754 5323 2827 5380 fel
2875 5333 2936 5378 ut
2990 5322 3169 5391 cibus,
3227 5322 3597 5392 cruciﬁgitur,

2020 5426 2207 5481 lancea
2244 5422 2588 5493 perforatur;
2624 5420 2924 5488 voluptatis
2977 5418 3184 5474 amoris
3230 5418 3346 5472 haec
3375 5427 3458 5471 est
3505 5432 3599 5472 sa-

2022 5517 2211 5584 natio;
2243 5514 2422 5571 nudus
2453 5510 2808 5582 suspenditur
2852 5521 2908 5566 et
2954 5509 3056 5565 sub
3084 5509 3174 5565 dio
3206 5508 3369 5563 domo
3400 5522 3597 5562 carens

2019 5622 2185 5678 super
2243 5619 2486 5674 crucem,
2534 5605 2603 5660 ab
2630 5605 2886 5661 omnibus
2926 5603 3243 5674 despectus,
3288 5609 3345 5654 ut
3395 5601 3599 5669 aliquis

2022 5700 2304 5757 mendicus
2338 5708 2393 5756 et
2454 5714 2709 5770 pauper:
2751 5714 2929 5754 avarae
2977 5697 3358 5773 dispositionis
3408 5712 3473 5752 ea
3507 5706 3597 5752 est

2024 5793 2267 5848 abolitio.
2292 5788 2577 5852 Paticudo.
2601 5800 2714 5845 tum
2746 5791 2912 5854 intus,
2945 5800 3059 5845 tum
3082 5800 3257 5858 extra,
3286 5788 3593 5843 remedium

2025 5884 2274 5942 Salvator
2304 5883 2565 5955 ostendit,
2596 5883 2813 5955 quando
2864 5883 3069 5941 mundo
3098 5884 3269 5937 videri
3318 5897 3444 5938 cum
3474 5896 3596 5936 cor-

3177 5975 3254 6038 28
