4058 6458
323 470 426 537 877

1443 479 1543 541 DE
1567 478 1742 540 vt'Lt
1774 450 2433 549 CON't‘EMPLATtVAL

3456 500 3556 564 8'73

322 588 700 661 καταληπτέον
728 589 787 656 ἐξ
816 590 1002 661 ἐφόδου
1045 591 1106 645 τὸ
1134 593 1547 666 ἀκατάληπτον,
1591 595 1664 658 ὡς
1695 594 1761 650 ἂν
1798 595 1883 650 τύ·

2003 601 2068 656 tis
2117 599 2376 670 Spiritus.
2435 615 2532 671 per
2582 617 2717 672 quos
2776 604 3074 661 illuminati
3138 612 3556 682 contemplativa

321 686 638 758 χοιμεν’τῆς
663 686 871 749 ὲιιαίας
916 686 1010 741 τοῦ
1045 687 1163 752 ἑνὸς
1196 687 1564 758 κληρονομίας
1591 690 1684 744 τοῦ
1719 690 1887 757 ἄκρου

319 778 479 844 Θςοῦ,
503 779 688 848 χάριτι
730 777 825 831 τοῦ
872 779 1079 849 Κυρίου
1104 781 1261 850 ἡμῶν
1295 781 1470 851 Ἰησοῦ
1495 774 1757 853 Χριστοῦ,
1790 785 1884 836 καὶ

1999 688 2168 757 gratia
2192 686 2338 758 digni
2383 688 2705 756 habeamur,
2740 700 2794 746 et
2835 693 2979 750 dono
3014 696 3109 753 Dei
3140 714 3242 753 nos
3267 702 3560 771 adoptione

1994 783 2066 835 dii
2100 780 2418 836 emciatnnr.
3184 788 3189 795 '

320 874 589 940 ζωοποιοῦ
626 874 963 945 Πνεύματος,
1010 878 1078 931 δι’
1111 874 1186 931 ὧν
1221 878 1628 948 ἐλλαμπόμενοι
1652 880 1750 947 τῆς
1804 881 2147 948 θεωρητικῆς
2201 877 2503 947 ἀξιούμεθα
2534 881 2780 948 χάριτος,
2829 883 2921 935 καὶ
2962 882 3076 937 θεοὶ
3107 885 3253 941 θέσει
3285 885 3558 960 θεουργη-

321 966 505 1028 θέντες
552 965 814 1036 γινόμεθα
850 969 916 1037 τῇ
948 968 1128 1040 δωρεᾷ
1157 969 1251 1022 τοῦ
1284 971 1442 1024 Θεοῦ.

390 1061 486 1126 λζ’.
533 1063 621 1115 Ἐν
652 1065 719 1134 τῇ
758 1063 858 1132 τῆς
895 1062 1047 1127 θείας
1080 1065 1551 1135 ἁποκρυφιότητος
1584 1064 1736 1135 χώρᾳ
1762 1064 1896 1117 ἀνα-

321 1154 568 1224 ϐεϐηκὼς
596 1155 625 1207 ὁ
660 1155 804 1218 νοῦς,
839 1155 1084 1223 φυσικῶς
1123 1156 1333 1225 σιωπὴν
1365 1157 1524 1208 ἀσκεῖ
1561 1156 1793 1219 ἐνισθεὶς
1826 1154 1892 1230 τῇ

324 1246 609 1318 ἁπλότητι,
650 1246 746 1299 καὶ
781 1245 839 1312 ἐξ
868 1247 1131 1315 ἑπομένου
1162 1248 1377 1310 ἑνιαίως
1408 1246 1485 1316 τῷ
1510 1247 1650 1319 ὑπὲρ
1684 1248 1892 1303 ἔννοιαν

321 1338 402 1390 ἑνὶ
430 1337 840 1407 ἐλλαμπόμενος
868 1340 935 1408 τῇ
977 1339 1178 1407 μετοχῇ
1205 1335 1299 1389 τοῦ
1328 1336 1660 1406 Πνεύματος.
1691 1338 1757 1392 Τί
1785 1339 1892 1409 γὰρ

319 1427 384 1481 ἂν
415 1427 511 1479 καὶ
542 1425 671 1498 λέξῃ
696 1427 950 1496 ὑπεράνω
980 1429 1078 1497 τῆς
1112 1427 1305 1480 ἑαυτοῦ
1335 1430 1650 1499 νοερότητος
1681 1431 1891 1499 πεφθα-

321 1520 457 1578 κὼς,
489 1516 585 1569 καὶ
605 1516 803 1578 παντὸς
836 1516 940 1580 ἔξω
960 1517 1229 1587 νοήματος
1254 1517 1547 1582 καταστὰς,
1575 1520 1666 1572 καὶ
1688 1519 1891 1590 γυμνὸς

317 1609 378 1661 τδ
408 1608 688 1678 παράπαν,
721 1609 796 1671 ὡς
824 1606 966 1677 ὑπὲρ
995 1608 1056 1660 τὸ
1090 1611 1265 1671 νοεῖνς
1299 1610 1348 1661 εἰ
1380 1609 1488 1678 γάρ
1525 1627 1605 1661 τοι
1634 1610 1787 1678 λόγος
1814 1610 1890 1675 ὥς

316 1700 364 1751 τ’
404 1700 576 1752 εἰπεῖν
602 1698 680 1750 ἔτι
713 1698 863 1768 αὑτῷ
890 1698 1158 1761 λείπεται,
1184 1698 1344 1767 δῆλον
1373 1700 1454 1752 ὅτι
1485 1700 1577 1752 καὶ
1604 1703 1715 1754 νοεῖ
1739 1718 1753 1733 ⁸
1782 1703 1890 1765 πᾶς

187 1819 213 1828 -
316 1791 425 1860 γὰρ
462 1790 622 1858 λόγος
664 1788 801 1858 μετὰ
833 1789 893 1842 τὸ
946 1790 1144 1859 νόημα.
1192 1789 1302 1842 Καὶ
1339 1789 1394 1842 εἴ
1429 1808 1483 1844 τι
1513 1794 1655 1859 νοεῖ,
1691 1792 1806 1856 πῶς
1831 1794 1889 1846 ὲν

312 1886 377 1953 τῇ
418 1883 515 1952 τῆς
547 1882 1018 1951 ἀποκρυφιότητος
1048 1882 1202 1953 χώρᾳ
1236 1881 1506 1953 ἓστηκενς
1541 1885 1603 1937 ού
1642 1884 1748 1955 γάρ
1773 1886 1890 1939 ἐστι

313 1975 542 2046 κρύφιον
593 1973 796 2043 κυρίως
820 2014 833 2036 ,
881 1973 909 2025 ὅ
935 1974 1033 2042 μὴ,
1067 1975 1253 2043 ἑτέρου
1289 1975 1542 2045 ὁρῶντος,
1575 1977 1741 2039 αὐτός
1769 1993 1830 2045 γε
1860 1980 1888 2030 ὁ

313 2066 435 2129 νοῦς
463 2067 583 2136 ὁρᾷ.
638 2066 792 2117 Ἐπεὶ
825 2064 967 2118 οὕτω
994 2069 1045 2132 γ’
1084 2066 1147 2119 ἂν
1183 2067 1350 2119 πολλὰ
1384 2067 1624 2136 λέγοιντο
1659 2069 1885 2136 κρύφια,

314 2158 397 2211 ὅτι
453 2156 781 2226 παμπολλα,
835 2156 905 2225 ἢ,
957 2156 1022 2208 ἵν’
1059 2155 1231 2219 οὕτως
1275 2156 1448 2224 εἴπω,
1481 2159 1655 2212 πάντα
1692 2162 1720 2213 ό
1766 2161 1890 2225 νοῦς

316 2247 415 2297 ὅσα
445 2246 567 2315 ὁρᾷ,
616 2244 693 2315 μὴ
734 2245 1093 2312 γινώσκοντος
1133 2246 1321 2316 ἑτέρου
1354 2247 1382 2300 δ
1404 2248 1527 2319 ὁρᾷ,
1558 2248 1715 2301 τοῦτο
1748 2250 1887 2320 ὁρᾷ·

318 2336 470 2388 ἔσται
510 2334 597 2406 ἄρ’
637 2332 783 2388 οὕτω
812 2334 884 2388 τὰ
911 2335 1117 2407 κρύφια
1156 2337 1252 2390 καὶ
1283 2338 1377 2391 τοῦ
1423 2338 1653 2409 ἀπείρου
1685 2340 1849 2408 ἐγγύς
1870 2355 1888 2373 ο

315 2427 450 2498 ὅπερ
498 2427 732 2482 ἄτοπον
765 2425 822 2478 ἓν
865 2427 973 2497 γάρ
1017 2428 1134 2482 ἐστι
1179 2429 1242 2483 τὸ
1266 2429 1470 2499 κυρίως
1497 2430 1760 2501 κρύφιον,
1807 2433 1888 2497 εἰς

312 2520 446 2585 ὅπερ
473 2522 500 2571 ὁ
532 2519 656 2581 νοῦς
712 2519 852 2588 μετὰ
905 2518 1082 2573 πάντα
1113 2519 1343 2584 ἄνεισιν,
1382 2520 1459 2584 ὡς
1497 2524 1577 2585 είς
1616 2522 1679 2576 τὸ
1723 2523 1781 2590 ἐξ
1824 2519 1885 2579 οὗ

311 2613 440 2676 πᾶν,
494 2614 604 2666 εἴτε
652 2613 996 2682 φαινόμενον,
1044 2615 1154 2666 εἴτε
1185 2614 1496 2684 νοούμενον.
1539 2617 1758 2687 Ἀμέλει
1794 2619 1887 2671 καὶ

309 2703 473 2766 αὐτὸς
491 2702 568 2766 ὡς
598 2704 678 2766 είς
710 2705 772 2756 τὸ
802 2703 941 2774 ὑπὲρ
975 2703 1152 2757 πάντα
1180 2704 1528 2777 ἀναδραμὼν,
1570 2709 1665 2761 καὶ
1699 2709 1885 2776 φαινό-

314 2816 484 2869 μενα,
541 2798 636 2852 καὶ
676 2792 944 2868 λεγόμενα
966 2837 982 2861 ,
1035 2799 1131 2852 καὶ
1168 2799 1434 2869 νοούμενα
1460 2840 1476 2865 ,
1529 2801 1634 2866 ἔξω
1666 2804 1759 2856 καὶ
1792 2802 1887 2857 τοῦ

309 2892 473 2955 νοεῖν,
506 2891 600 2942 καὶ
626 2890 780 2960 ὁρᾷν,
814 2890 908 2943 καλ⁴
927 2889 1106 2958 λέγειν
1135 2890 1590 2957 ἀποκαθίσταται,
1621 2895 1714 2947 καὶ
1736 2894 1885 2948 οὔπω

316 2983 394 3045 είς
426 2980 681 3033 τοσοῦτον
716 2980 1067 3050 ἀναϐεϐήκει,
1100 2981 1222 3034 οὐδὲ
1252 2981 1310 3034 ὲν
1334 2984 1400 3052 τῇ
1435 2981 1555 3054 θείᾳ
1593 2983 1886 3055 γεγένηται

315 3072 656 3143 κρυφιότητι,
689 3073 795 3136 ἕως
835 3071 902 3126 ἂν
935 3073 1112 3141 λέγειν
1132 3071 1419 3137 δεδύνοιτο,
1445 3075 1559 3126 νοεῖ
1576 3074 1713 3144 γάρ’
1749 3074 1884 3130 ἀλλὰ

314 3164 422 3235 μὴν
468 3165 530 3218 τὸ
575 3163 843 3234 κρύφιον,
886 3165 1225 3234 ἀνεννόητον,
1272 3163 1380 3235 ἄρα
1414 3164 1510 3218 καὶ
1546 3165 1687 3235 ὑπὲρ
1725 3166 1884 3236 λόγον

2115 1008 2149 1040 /

2048 1074 2138 1128 '57.
2177 1072 2235 1127 ln
2291 1073 2485 1127 divinae
2523 1073 2853 1127 summitatis
2901 1073 3076 1129 locum
3137 1077 3354 1146 quando
3407 1092 3560 1133 mens

1980 1164 2311 1228 ascenderit,
2343 1167 2664 1219 naturaliter
2686 1161 2808 1221 silet
2837 1182 2962 1221 cum
3017 1169 3248 1236 simplici
3308 1171 3479 1234 unita,
3506 1184 3562 1230 et

1979 1266 2379 1326 consequenter
2411 1259 2463 1311 in
2496 1273 2602 1311 uno
2651 1272 2818 1327 supra
2852 1249 3236 1329 cogitationem
3282 1263 3562 1318 illumina-

1982 1358 2073 1429 tur
2105 1349 2378 1421 spirituali
2410 1348 2849 1418 participatione.
2890 1349 3032 1417 Quid
3064 1353 3209 1405 enim
3242 1354 3411 1420 dicat,
3433 1369 3558 1409 cum

1991 1458 2158 1513 supra
2198 1457 2352 1496 suam
2384 1442 2794 1509 intelligentiam
2834 1446 3144 1512 pervenerit
3173 1454 3228 1500 et
3260 1455 3411 1501 extra
3442 1460 3562 1500 om-

1988 1550 2109 1590 nem
2167 1534 2554 1603 cogitationem
2606 1535 2903 1588 eonstituta
2967 1535 3081 1598 sit,
3122 1545 3176 1589 et
3222 1536 3446 1590 omnino
3493 1538 3577 1599 sit.

1979 1628 2160 1693 nuda,
2199 1641 2321 1681 eum
2379 1640 2542 1691 supra
2573 1623 2959 1694 cogitationem
3003 1625 3109 1678 lata
3154 1625 3249 1679 sit.
3298 1625 3355 1678 Si
3410 1624 3557 1678 enim

1982 1722 2141 1783 ratio,
2171 1729 2225 1772 nt
2258 1720 2329 1771 ita
2361 1717 2558 1779 diram,
2596 1717 2762 1770 menti
2801 1716 3176 1786 relinquatur,
3210 1715 3558 1772 manifestum

1979 1823 2061 1868 cst
2090 1812 2232 1881 quod
2265 1819 2320 1865 et
2366 1811 2567 1878 cngitat
2598 1823 2616 1876 ;
2652 1808 2832 1863 omnis
2893 1808 3036 1862 enin
3097 1810 3237 1863 ratio
3293 1815 3416 1878 post
3470 1824 3562 1864 co—
3639 1804 3645 1809 ⁷

1934 1948 1951 1996 3
1983 1904 2302 1974 gitationem
2344 1910 2449 1955 est.
2509 1897 2618 1962 Et,
2655 1901 2699 1952 si
2746 1898 2877 1966 quid
2919 1901 3160 1970 cogitat,
3197 1901 3472 1969 quomodo
3502 1902 3558 1956 in

1983 1995 2135 2049 illius
2188 1990 2864 2060 incomprehensibilitatis
2901 1990 3024 2045 loco
3074 1992 3233 2046 stat?
3262 1992 3378 2046 Non
3409 1997 3556 2048 enim

1981 2101 2111 2141 rere
2142 2093 2222 2141 est
2254 2081 2827 2152 incompreliensibile,
2856 2082 3020 2152 quod.
3044 2084 3150 2136 alio
3183 2099 3288 2137 non
3320 2083 3556 2147 vidente.

1984 2181 2102 2249 ipsa
2134 2193 2293 2232 mens
2316 2177 2486 2231 videt.
2505 2174 2669 2230 Multa
2703 2175 2847 2228 enim
2878 2174 2959 2228 sic
2990 2174 3302 2231 dicerentur
3327 2175 3558 2231 abscon-

1981 2272 2117 2337 dita,
2145 2269 2416 2337 siquidem
2448 2268 2651 2332 omnia,
2675 2275 2789 2332 aut,
2810 2273 2869 2320 ut
2892 2266 2965 2321 ita
3004 2267 3202 2331 dicam,
3223 2283 3560 2337 quaecunque

1982 2380 2138 2419 mens
2163 2361 2350 2428 videt,
2392 2359 2528 2416 illud
2553 2358 2726 2422 videt.
2764 2359 2874 2414 alio
2899 2359 3178 2414 nesciente
3204 2360 3348 2428 quod
3388 2356 3556 2414 videt.

1982 2458 2163 2524 Atque
2197 2454 2275 2509 ita
2304 2452 2622 2508 abscondita
2657 2450 2907 2522 proxima
2939 2448 3147 2504 inﬁnita
3174 2456 3374 2516 erunt;
3407 2451 3551 2521 qnol

1983 2556 2068 2604 est
2095 2545 2413 2603 absurdum.
2445 2542 2627 2599 Unum
2680 2542 2825 2596 enim
2877 2550 2961 2596 est
3008 2540 3226 2612 proprie
3273 2542 3563 2597 abscondi-

1983 2649 2125 2708 tum,
2156 2638 2213 2693 in
2257 2637 2401 2708 quod
2436 2652 2590 2691 mens
2622 2643 2742 2706 post
2767 2632 2947 2689 omnia
2988 2632 3158 2700 vadit,
3203 2642 3461 2705 tanquam
3503 2634 3565 2689 in‘

1983 2730 2117 2787 illud
2146 2736 2326 2798 etquo
2357 2726 2557 2793 omnia,
2586 2726 2700 2782 sive
2728 2723 3112 2789 visibilia,sive
3131 2725 3385 2793 cogitata.
3415 2723 3454 2777 S
3473 2741 3560 2778 me

1984 2832 2038 2878 et
2070 2824 2184 2890 ipsa
2211 2821 2279 2876 ad
2315 2820 2446 2875 illud
2470 2818 2612 2888 quod
2645 2802 2731 2872 est
2771 2832 2936 2885 super
2958 2816 3142 2871 omnia
3179 2815 3561 2871 ascendens-ct

1983 2913 2218 2968 visibilia
2241 2951 2255 2976 ,
2291 2917 2346 2965 et
2398 2909 2543 2965 dicta
2584 2920 2637 2964 et
2688 2906 2948 2977 co-gitata,
2985 2913 3140 2961 extra
3173 2904 3556 2975 σοείιοιίοιιεοισ

1987 3010 2042 3056 ιιι
2072 3003 2244 3057 visum
2295 3009 2350 3057 et
2396 2999 2603 3055 dictum
2664 2997 2944 3060 statuitur,
3006 3004 3061 3053 et
3109 2998 3348 3051 nondum
3401 2995 3467 3050 ad
3505 2995 3558 3050 id

1986 3094 2290 3151 assurrexit
2328 3107 2510 3162 neque
2559 3090 2612 3145 in
2662 3091 2847 3146 divina
2894 3088 3232 3145 obscuritate
3262 3086 3402 3144 facta
3447 3100 3552 3153 ιιςι,

1987 3186 2226 3257 quandiu
2276 3185 2456 3240 dicere
2489 3191 2715 3254 potest;
2761 3190 2892 3237 tunc
2944 3180 3145 3238 etenim
3191 3180 3429 3251 cogitat;
3462 3183 3565 3235 sint

311 3255 459 3306 ἐστίν
483 3270 497 3285 ·
532 3254 619 3325 ἄρ’
658 3254 686 3306 ό
713 3252 836 3316 νοῦς
885 3255 942 3306 ὲν
969 3256 1036 3324 τῇ
1080 3255 1179 3326 τῆς
1221 3253 1374 3318 θείας
1412 3248 1883 3329 ἁποκρυφιότητος

1992 3248 2374 3335 absconditum
2436 3248 2880 3345 et-incogitabile
2916 3286 3078 3342 supra
3153 3248 3421 3327 rationem
3452 3282 3560 3327 est.

272 3366 273 3369 η
311 3343 466 3416 χώρᾳ
505 3344 861 3412 ἀναϐεϐηκὼς
918 3346 1013 3399 καὶ
1052 3344 1305 3411 ἐνισθεὶς,
1336 3346 1620 3417 ἑπομένως
1672 3351 1883 3414 σιωπὴν

310 3437 487 3499 ἀσκεῖ.
535 3437 634 3508 οὐχ
667 3435 831 3500 ἑκὼν,
883 3436 1020 3491 ἀλλὰ
1051 3437 1329 3507 φυσικῶς,
1372 3438 1591 3504 ἐνιαίως
1625 3439 1704 3509 τῷ
1741 3441 1882 3510 ὑπὲρ

312 3526 520 3582 ἔννοιαν
549 3529 629 3581 ἑνὶ
658 3527 1089 3600 ὲλλαμπόμενος.

383 3728 483 3799 λη’.
518 3729 580 3783 El
627 3730 815 3798 πρόσω
860 3730 1173 3799 προϐαίνειν
1205 3731 1301 3786 καὶ
1337 3732 1669 3804 προκόπτειν
1713 3736 1907 3789 ποιεῖν’

314 3822 405 3873 τὸν
447 3820 572 3874 νοῦν
617 3822 669 3874 οι
718 3820 866 3889 λόγοι
911 3822 1253 3892 πεφύκασιν,
1305 3823 1413 3895 ἄρα
1460 3824 1884 3888 ἀναϐιϐάζουσιν

313 3911 472 3964 αὑτὸν
511 3911 892 3981 προκάμντα,
930 3913 1064 3966 ὅπου
1104 3913 1262 3982 λόγος
1306 3916 1407 3969 οὐκ
1452 3917 1788 3985 ἐφικνεῖται,
1823 3918 1882 3972 ὲν

314 4003 598 4072 πράγματι
624 4001 864 4073 δηλονότι
889 4004 1198 4076 τελουμένῳ
1235 4007 1435 4075 σιωπῇ.
1466 4007 1530 4059 El
1556 4006 1601 4063 δ’
1621 4008 1708 4061 ἀεὶ
1733 4008 1881 4076 λόγει

314 4094 423 4148 εἷεν
450 4095 528 4164 τῷ
565 4094 666 4161 νοῒ,
698 4096 794 4149 καὶ
831 4096 933 4175 ἀεὶ
960 4096 1129 4150 δεῖται
1158 4096 1338 4150 αὐτῶν
1364 4099 1399 4168 ἡ
1443 4097 1611 4171 ψυχὴ,
1645 4099 1754 4168 ἐγὼ
1781 4102 1883 4175 οὐχ

313 4186 423 4254 ὁρῶ
458 4186 541 4250 τίς
572 4188 719 4239 ἐστιν
745 4188 779 4257 ή
828 4165 990 4259 νοῖρὰ
1014 4189 1079 4242 ἐκ
1116 4188 1213 4242 τοῦ
1251 4165 1433 4258 λέγειν
1458 4165 1726 4263 *προκοπή
1754 4208 1771 4227 ο
1813 4165 1876 4248 0-3

312 4277 419 4345 γάρ
444 4293 525 4330 τοι
554 4277 617 4330 τὸ
660 4278 843 4346 λέγειν
873 4278 1035 4349 μόνον
1058 4280 1207 4333 ἐστὶν
1245 4283 1326 4345 είς
1352 4282 1413 4336 τὸ
1444 4284 1702 4351 πράττειν
1749 4285 1877 4353 ὁνὴ-

316 4378 508 4434 σιμον,
539 4365 652 4419 ἀλλ’
690 4366 844 4421 οὐδὲν
882 4363 1045 4440 ἦττον
1086 4367 1180 4421 καὶ
1222 4369 1304 4433 είς
1342 4368 1403 4424 τὸ
1434 4371 1675 4445 θεωρεῖν.
1713 4373 1803 4430 Ἕν
1833 4367 1880 4448 ᾧ

311 4471 376 4527 γε
426 4458 457 4510 ό
514 4459 636 4523 νοῦς
676 4472 832 4529 μερει
872 4458 1079 4514 ἄνεισιν
1105 4460 1214 4515 ἀπὸ
1252 4460 1364 4515 τῶν
1404 4463 1464 4517 έν
1501 4465 1744 4535 σχήματι
1775 4468 1885 4524 τῶν

314 4547 483 4603 ὄντων
510 4550 717 4617 λόγων,
763 4550 861 4604 ἐπὶ
896 4551 959 4605 τὸ
1013 4552 1199 4616 ἅπλῶς
1230 4553 1371 4625 ὑπὲρ
1414 4553 1573 4622 λόγον
1624 4557 1764 4627 ἀσχη
1775 4560 1882 4627 μά·-

1985 3371 2285 3438 Postquam
2317 3358 2480 3435 igitur
2515 3382 2672 3422 mens
2705 3366 2757 3420 in
2806 3363 2958 3419 illum
2993 3362 3348 3419 obscuritatis
3373 3361 3558 3418 locum

1984 3459 2270 3523 ascendit,
2301 3468 2353 3512 et
2387 3472 2509 3511 cum
2568 3455 2779 3512 inﬁnito
2813 3455 2963 3510 unita
3016 3461 3134 3520 est,
3163 3459 3564 3524 consequenter

1985 3551 2267 3606 siti-utinm
2292 3557 2496 3613 servat,
2529 3562 2634 3600 non
2665 3546 2864 3610 libens,
2900 3544 2993 3601 sed
3025 3544 3370 3609 naturaliter;
3403 3542 3563 3599 unice

1986 3646 2054 3701 ab
2084 3645 2175 3697 illo
2211 3656 2374 3711 supra
2407 3639 2793 3710 cogitationem
2828 3653 2937 3693 uno
2970 3637 3295 3692 llluminata.

2061 3733 2150 3790 58.
2192 3733 2250 3786 Si
2283 3729 2550 3800 proﬁcere
2604 3737 2658 3783 et
2694 3727 2946 3799 progredi
2987 3727 3274 3783 ratiocinia
3313 3736 3551 3785 mentem

1985 3825 2219 3891 faciunt,
2256 3823 2425 3893 igitur
2452 3834 2573 3876 eam
2605 3833 2951 3889 progressam
2983 3819 3258 3883 attollunt,
3282 3833 3391 3888 quo
3420 3819 3563 3875 ratio

1989 3934 2098 3975 non
2123 3915 2391 3987 pervenit,
2416 3913 2472 3967 in
2499 3925 2613 3966 rem
2640 3924 2761 3979 qua:
2785 3910 3006 3964 silentio
3026 3910 3325 3980 perficitur.
3350 3908 3406 3965 Si
3433 3925 3562 3966 vero

1989 4024 2206 4078 semper
2245 4006 2413 4061 menti
2447 4001 2734 4059 ratiocinia
2775 4007 2980 4068 essent,
3026 4010 3192 4072 atque
3224 3995 3291 4059 iis
3342 4017 3563 4072 semper

1989 4110 2173 4170 egeret
2203 4098 2382 4152 anima
2409 4137 2425 4163 ,
2468 4109 2568 4167 ego
2608 4107 2717 4149 non
2741 4091 2903 4147 video
2928 4091 3105 4163 qualis
3138 4092 3209 4148 sit
3256 4092 3559 4164 Spiritnalts

1989 4209 2054 4249 ex
2079 4187 2311 4244 dicendo
2336 4199 2680 4257 progressus.
2712 4182 2902 4239 Dicere
2927 4183 3070 4238 enim
3098 4198 3205 4238 non
3238 4187 3396 4239 modo
3426 4186 3561 4243 utile

1991 4289 2079 4337 est
2107 4279 2174 4335 ad
2207 4276 2501 4349 agendum,
2540 4274 2635 4331 sed
2662 4282 2720 4330 et
2747 4274 2816 4329 ad
2836 4274 3342 4344 contemplandum.
3375 4275 3431 4331 In
3458 4292 3560 4344 qua

1992 4372 2211 4443 quidem
2250 4378 2403 4440 parte
2436 4380 2591 4422 mens
2621 4364 2876 4422 ascendit
2899 4379 2927 4417 ο
2957 4365 3260 4422 ratiociniis
3296 4381 3420 4436 quae
3450 4366 3566 4422 for-

1992 4481 2139 4523 mam
2171 4463 2394 4525 habent,
2429 4459 2493 4514 ad
2529 4457 2666 4514 illud
2704 4456 2852 4530 quod
2899 4458 3019 4514 sine
3047 4456 3218 4513 l‘orma
3246 4466 3331 4513 est
3369 4473 3434 4513 ac
3464 4473 3564 4513 su-

1993 4568 2091 4629 pra
2125 4566 2342 4608 omnem
2397 4550 2691 4614 rationem,
2720 4556 2776 4604 et
2811 4548 3031 4619 proprie
3060 4561 3125 4602 ac
3153 4546 3562 4618 incomparabi-

310 4656 511 4702 τιστον,
558 4642 650 4693 καὶ
688 4641 994 4710 ἀπολύτως,
1030 4645 1124 4697 καλ⁵
1161 4645 1365 4714 κυρίως
1393 4644 1453 4698 ἓν
1473 4686 1488 4711 ,
1521 4648 1759 4717 ὁπηνίκα
1789 4651 1883 4702 καλ⁵

1998 4648 2120 4701 liter
2150 4657 2340 4705 unum,
2368 4641 2676 4711 quando'et
2703 4639 2885 4694 omnis
2920 4637 3060 4692 ratio
3089 4637 3301 4692 videtur
3330 4638 3559 4705 inutilis,

311 4732 420 4788 mi:
475 4732 631 4799 λόγος
675 4731 823 4786 δοκεῖ
872 4733 1170 4804 πάρεργον,
1218 4734 1251 4806 ἢ
1294 4735 1356 4788 τό
1406 4752 1470 4805 γε
1518 4736 1883 4809 ἀληθέστερον

311 4822 508 4884 εἰπεῖν,
548 4824 694 4876 ἔστιν
722 4825 974 4893 ἐμποδών
1000 4843 1014 4856 ·
1042 4825 1092 4879 oi
1135 4826 1282 4895 λόγοι
1317 4827 1447 4898 γὰρ,
1480 4828 1538 4882 ὲν
1580 4829 1879 4899 μεταϐάσει

309 4910 370 4961 τὸ
407 4909 634 4963 καθόλου
669 4913 828 4975 εἰσὶν,
878 4913 987 4965 ἀπὸ
1029 4915 1302 4984 νοήματος
1344 4917 1526 4987 τυχὸν,
1574 4920 1656 4980 είς
1694 4918 1881 4990 ἕτερον

310 5000 511 5070 νόημα⁸
539 5003 612 5054 Τὸ
644 5003 689 5056 δ’
729 5004 952 5069 ἁπλοῦν,
991 5006 1082 5058 καὶ
1137 5006 1425 5071 ἀπόλυτον,
1469 5008 1564 5061 καὶ
1606 5010 1876 5080 ἀόριστον,

309 5094 402 5143 καὶ
448 5095 873 5163 ἀσχημάτιστον,
921 5099 1013 5149 καὶ
1047 5098 1381 5163 ἁπαξαπλῶς
1422 5099 1480 5154 ἓν
1519 5100 1744 5171 κυρίως,
1784 5108 1878 5157 καὶ

310 5182 450 5253 ὑπὲρ
484 5184 638 5250 λόγον
664 5188 934 5255 κείμενον,
979 5188 1094 5252 πῶς
1122 5190 1295 5258 λόγων
1340 5192 1629 5262 deﬂexerat;
1657 5193 1745 5247 ἵνα
1775 5195 1876 5249 ποῦ

311 5275 558 5345 pausa;
597 5278 628 5347 ἢ
660 5277 774 5339 πῶς
806 5279 1163 5351 περιληφθείη
1199 5283 1301 5348 ἄν;
1335 5284 1625 5353 περίληψιν
1663 5286 1769 5357 γάρ
1800 5304 1874 5357 πη

305 5368 335 5419 ό
364 5367 520 5435 λόγος
550 5374 721 5423 ποιεῖν
760 5371 938 5424 εἴωθε.
972 5375 1016 5425 Τ
1018 5374 1047 5425 ὸ
1075 5375 1151 5437 δὲ,
1187 5377 1575 5446 ἀπερίληπτον,
1607 5378 1682 5441 ὡς
1723 5381 1873 5450 ἀόρι-

308 5472 452 5522 στον,
486 5462 578 5511 καὶ
619 5462 1026 5531 ἀσχημάτιστον
1050 5482 1064 5495 ο
1108 5468 1156 5523 εἰ
1185 5466 1241 5519 δὲ
1273 5466 1430 5534 λόγος
1470 5470 1570 5522 οὐκ
1606 5469 1673 5523 ἂν
1702 5471 1874 5540 ἁρμό·

307 5559 418 5598 cate
453 5545 529 5617 τῷ
559 5547 701 5618 ὑπὲρ
741 5549 866 5603 νοῦν
892 5550 1104 5621 κρυφίῳ
1129 5555 1229 5617 ἑνὶ,
1262 5556 1621 5628 ἀπεριλὴπτῳ
1645 5575 1706 5625 γε
1735 5560 1868 5625 δντι,

303 5633 399 5684 καὶ
436 5635 856 5707 ἀσχηματίστῳ,
910 5640 1016 5710 ἄρα
1067 5642 1297 5710 ἁρμόσει
1359 5648 1558 5716 σιωπῇ.
1621 5648 1761 5716 Ἀρα
1808 5648 1871 5701 τὸ

208 5773 212 5776 ὁ
302 5719 416 5792 [ἵσ.
457 5724 573 5796 τοῦ]
624 5726 802 5795 λέγειν
832 5729 1131 5800 καταλῆξαι
1169 5735 1546 5804 προκόψαντας
1576 5738 1655 5790 δεῖ
1683 5741 1763 5801 εἰς
1806 5741 1868 5792 τὸ

303 5814 537 5883 σιωπᾷν,
565 5815 650 5884 ἐφ’
690 5818 814 5870 ὅσον
845 5819 980 5888 πρὸς
1018 5820 1077 5873 τὸ
1116 5822 1303 5886 ἁπλῶς
1335 5824 1578 5895 θεωρεῖν,
1609 5830 1703 5882 καὶ
1732 5830 1866 5883 ἀτυ-

300 5901 500 5966 πώτως
534 5909 626 5959 καὶ
656 5908 1076 5979 ἀσχηματίστως
1111 5914 1442 5985 προέϐησαν.

1991 4744 2109 4802 aut,
2156 4742 2218 4791 ut
2261 4733 2445 4788 verius
2472 4732 2649 4788 dicam
2669 4770 2687 4796 ,
2714 4729 3055 4784 obstaculum
3079 4744 3098 4797 ;
3144 4730 3383 4785 rationes
3414 4729 3561 4784 enim

1992 4832 2047 4886 in
2075 4827 2311 4884 transitu
2331 4833 2459 4881 sunt
2482 4838 2510 4877 a
2538 4823 2863 4892 cogitatione
2887 4821 2957 4876 ad
2987 4822 3399 4891 cogitationem.
3420 4820 3559 4876 Illud

1993 4935 2175 4980 autem
2213 4920 2442 4990 simplex
2503 4926 2561 4972 et
2603 4916 2833 4970 liberum
2887 4924 2942 4970 et
2995 4914 3268 4968 inﬁnitum
3328 4923 3382 4969 et
3441 4913 3561 4968 sine

1994 5017 2193 5081 forma,
2220 5020 2276 5067 et
2299 5008 2620 5079 simpliciter
2662 5020 2830 5060 unum
2862 5014 2916 5060 et
2950 5019 3117 5074 supra
3168 5003 3433 5059 rationem
3464 5019 3558 5074 po-

1993 5107 2183 5171 situm,
2218 5102 2494 5175 quomodo
2519 5098 2826 5153 rationibus
2855 5097 3115 5166 indigebit
3153 5105 3211 5150 ut
3240 5096 3424 5167 aliquo
3468 5112 3559 5154 as-

1991 5200 2223 5265 cendat;
2257 5204 2351 5252 aut
2402 5194 2677 5264 quonme
2710 5188 3281 5254 circumscriberetur;
3323 5189 3561 5243 circum-

1993 5291 2352 5360 scriptionem
2403 5287 2547 5340 enim
2608 5283 2748 5336 ratio
2808 5279 3021 5350 operari
3064 5278 3369 5334 consuevit.
3402 5274 3558 5345 Quod

1993 5389 2175 5432 autem
2208 5371 2741 5440 ini-ircumscriptum
2776 5378 2880 5435 est,
2935 5379 2991 5423 ut
3025 5369 3456 5432 interminatuin,
3505 5376 3561 5420 et

1994 5472 2114 5527 sine
2150 5470 2322 5522 ferina
2348 5475 2403 5519 et
2438 5464 2758 5533 simpliciter
2792 5477 2960 5516 unum
2987 5468 3108 5526 est;
3138 5460 3186 5514 si
3212 5467 3391 5514 autem
3418 5462 3559 5513 ratio

1992 5578 2104 5616 nun
2138 5558 2213 5613 illi
2234 5572 2401 5628 supra
2435 5565 2672 5611 mentem
2700 5551 3044 5617 abscondito,
3084 5550 3561 5619 incircumscripto

1994 5669 2059 5709 ac
2089 5653 2207 5708 sine
2243 5647 2415 5702 forma
2449 5660 2558 5700 non
2608 5644 2919 5709 conveniat,
2953 5657 3087 5712 ergo
3120 5640 3340 5697 silentio
3368 5655 3564 5696 conve-

1997 5746 2131 5800 niet.
2190 5742 2365 5812 Igitur
2422 5755 2518 5794 eos
2552 5747 2767 5806 oportet
2800 5737 2892 5805 qui
2945 5734 3246 5804 profecere,
3281 5733 3560 5789 silentium

1993 5848 2238 5900 servare,
2266 5833 2320 5886 in
2347 5838 2612 5900 quantum
2630 5829 2699 5884 ad
2720 5826 3019 5897 simplicem
3048 5824 3561 5897 contemplationem

1993 5931 2114 5983 sine
2136 5926 2409 5983 formalac
2443 5923 2610 5993 ﬁgura
2643 5935 2982 6005 processere.
3550 5932 3553 5933 '
