4058 6436
561 413 667 475 879
914 415 931 431 ⁶
1700 417 2044 478 (IALLISTI
2084 415 2343 475 CATAI‘.
2388 413 2692 475 CG.()T.E
3670 408 3758 472 850

631 536 721 589 59.
759 531 816 587 Si
851 531 1190 603 cognitorum
1226 530 1465 589 rationes
1498 539 1646 595 sunt,
1694 530 1937 601 ignotum
1971 537 2133 601 tgtur

2299 530 2402 587 λθ’.
2449 532 2514 586 Et
2549 529 2659 583 τῶν
2712 529 3097 599 ἐγνωσμένων,
3130 529 3177 580 οἱ
3206 528 3370 595 λόγοι,
3413 528 3665 597 ἄγνωστον
3694 530 3760 595 δέ,

563 623 946 679 absconditum
1004 631 1109 685 est,
1168 631 1221 677 ct
1278 630 1431 677 extra
1481 620 1745 675 rationem
1784 622 2042 693 positum.
2078 619 2133 675 Si

2235 625 2292 679 τδ
2321 623 2571 698 κρύφιον,
2607 622 2711 690 ἔξω
2742 621 2851 690 ἄρα
2883 621 3042 688 λόγου
3081 620 3142 673 τὸ
3175 621 3433 692 κρύφιον·
3464 624 3510 675 εἰ
3537 623 3633 692 γὰρ
3650 622 3765 675 ἀνω⁴

560 717 706 770 enim
732 731 895 785 supra
924 716 1316 784 cognitionem,
1347 714 1654 770 absconditi
1698 713 2001 783 ignorantia
2029 721 2133 785 est,

2235 718 2371 789 τέρω
2413 715 2667 785 γνώσεως
2707 715 2740 785 ἡ
2787 712 2882 767 τοῦ
2916 711 3145 783 κρυφίου
3179 712 3417 777 ἀγνωσία
3463 713 3593 778 ἐστὶ,
3630 714 3683 767 τὸ
3717 713 3764 767 δέ

560 809 708 880 quod
750 824 915 879 supra
948 808 1315 878 cognitionem
1357 818 1442 862 est
1473 847 1489 873 ,
1543 808 1767 861 minime
1824 806 2133 876 cognitione

2235 808 2509 880 ἀνώτερον
2544 804 2800 876 γνώσεως
2820 846 2835 871 ,
2876 804 3078 874 ἥκιστα
3105 803 3275 856 δεῖται
3316 802 3586 872 γνώσεως,
3612 803 3766 872 πολλῷ

564 902 805 972 indiget;
833 901 1003 955 multo
1036 900 1218 980 minus
1250 899 1414 969 igitur
1439 899 1648 953 ratione
1680 898 1959 968 indigebit.
1990 898 2133 953 Mens

2235 902 2451 956 ἔλαττον
2478 900 2638 968 λόγου
2668 898 2939 969 δεήσεται.
2990 896 3047 949 '0
3079 898 3157 960 εἰς
3178 896 3240 948 τὸ
3270 895 3494 965 κρύφιον
3520 896 3689 958 ἀπλῶς
3718 895 3766 948 ἒν

564 994 731 1064 igitur
770 1001 1075 1062 postquam
1114 992 1180 1045 ad
1212 989 1592 1046 absconditum
1622 991 1925 1061 perveniat,
1964 989 2133 1044 silent

2235 993 2340 1065 ἀρα
2371 989 2730 1060 ἀναϐεϐηκὼς
2770 986 2916 1050 νοῦς,
2967 986 3178 1057 σιωπὴν
3213 986 3372 1040 ἀσκεῖ
3411 985 3660 1057 φυσικῶς,
3689 987 3767 1039 καὶ

564 1085 702 1138 tium
758 1084 1086 1138 naturaliter
1120 1091 1354 1138 exercet.
1402 1082 1467 1137 Et
1504 1081 1606 1137 nisi
1664 1089 1857 1136 natura
1910 1089 1965 1135 et
2025 1081 2133 1135 sine

2235 1084 2285 1136 εἴ
2313 1101 2375 1151 γε
2410 1082 2485 1153 μὴ
2517 1080 2677 1150 φύσει
2716 1080 2810 1132 καὶ
2845 1076 3282 1149 ἀνεπιτηδεύτως
3320 1075 3510 1149 σιγῴη,
3551 1075 3688 1129 οὖπω
3722 1078 3767 1129 ἐν

565 1176 748 1230 labore
798 1176 974 1239 sileat,
1010 1173 1251 1228 nondum
1291 1173 1357 1228 ad
1394 1172 1524 1229 illud
1554 1188 1718 1228 unum
1759 1173 2133 1230 absconditum

2235 1175 2307 1245 τῷ
2357 1175 2574 1245 κρυφίῳ
2610 1172 2705 1227 καὶ
2750 1170 3206 1244 ὑπερηπλωμένῳ
3239 1170 3318 1223 ἐνὶ
3359 1170 3573 1239 γέγονεν
3602 1168 3773 1245 ἀναῦεέ

562 1275 616 1320 et
647 1267 875 1337 simplex
918 1267 1184 1338 pervenit.

2235 1266 2436 1338 διλκὼς.
3572 1297 3577 1302 -
3767 1235 3780 1350 ἱ

636 1359 724 1413 40.
767 1357 1237 1421 Quemadmodum
1270 1355 1524 1412 homines
1580 1372 1637 1411 se
1672 1357 1736 1411 ad
1769 1358 2133 1428 tranquillita-

2306 1369 2377 1432 μ’.
2416 1362 2627 1431 Ὠσπερ
2656 1359 2887 1432 ἡσυχίαν
2918 1359 3217 1422 ἀσκοῦντες
3256 1356 3527 1428 ἄνθρωποι
3546 1395 3559 1419 ,
3586 1354 3768 1424 καὶτῆς

566 1461 672 1506 teut
714 1462 1058 1513 exercentes,
1103 1449 1324 1518 quando
1355 1464 1385 1503 e
1416 1449 1549 1504 cella
1595 1457 1819 1508 exeunt.
1855 1449 2133 1519 experien-

2235 1453 2428 1523 κέλλης
2482 1452 2595 1506 ἐσθ’
2638 1453 2726 1506 ὅτε
2759 1452 3145 1521 προϐαίνουσι,
3196 1451 3293 1503 καὶ
3324 1451 3460 1522 αὐτῇ
3512 1449 3663 1520 πείρᾳ
3689 1449 3769 1517 τὴν

567 1545 640 1597 tia
696 1544 913 1596 (Ιίει-υηι
945 1542 1072 1611 quid
1107 1540 1321 1596 intersit
1348 1541 1491 1596 inter
1517 1541 1709 1595 sedere
1734 1549 1787 1596 et
1814 1544 2133 1611 procedere,

2235 1544 2326 1598 τοῦ
2382 1544 2653 1613 καθῆσθαι
2706 1544 2799 1595 καὶ
2854 1542 3105 1613 προϊέναι
3156 1541 3519 1613 διαφορότητα
3556 1539 3772 1608 διαγινώσ

563 1638 642 1689 sic
676 1635 766 1705 qui
799 1633 1077 1689 silentium
1110 1640 1351 1700 servant,
1378 1642 1430 1687 et
1467 1632 1533 1686 ad
1562 1631 1855 1687 dicendum
1891 1632 2133 1697 redeunt,

2235 1652 2477 1699 σκουσιν,
2512 1631 2656 1687 οὕτω
2689 1632 2839 1704 δήτοι
2875 1633 2969 1687 καὶ
2998 1633 3059 1685 τὸ
3102 1634 3317 1704 σιωπᾷν
3362 1632 3664 1704 πάσχοντες,
3694 1632 3772 1683 καὶ

564 1728 657 1797 qui
692 1725 1156 1795 contemplatione
1196 1724 1264 1778 ad
1319 1722 1414 1778 Dei
1451 1723 1680 1794 gloriam
1716 1724 2007 1791 accedunt,
2038 1739 2133 1779 no-

2235 1728 2326 1782 τοῦ
2356 1711 2535 1796 λέγειν
2562 1727 2617 1791 ἐς
2645 1720 2801 1789 αὖθις
2831 1725 3125 1796 γινόμενοι,
3152 1727 3202 1779 οἱ
3233 1724 3573 1799 θεωρητικῶς
3603 1726 3663 1794 τῇ
3693 1723 3771 1775 τοῦ

567 1827 764 1875 verunt
793 1834 903 1889 quo
950 1818 1003 1872 in
1037 1823 1181 1873 statu
1224 1816 1327 1887 ipsi
1360 1818 1471 1874 sint
1500 1817 1719 1887 quando
1757 1826 1971 1885 natura,
2031 1833 2133 1872 non

2235 1817 2366 1873 Θεοῦ
2399 1817 2529 1890 δόξῃ
2560 1818 2999 1886 προσιζάνοντες,
3031 1816 3205 1873 οἴδασι
3233 1819 3374 1887 σφᾶς
3399 1816 3772 1881 αύτοὺςτίποτε

564 1887 847 1967 voluntate
887 1920 1113 1979 tacent,
1149 1919 1204 1965 et
1238 1910 1367 1981 quid
1404 1911 1539 1976 sint,
1587 1910 1809 1981 quando
1845 1906 1908 1965 ad
1953 1911 2133 1965 dicen-

2235 1887 2621 1974 καταστάσεως
2677 1910 2829 1974 ὄντες
2883 1909 2991 1982 [ἵσ.
3052 1908 3218 1983 οὗσι],
3267 1910 3328 1964 τὸ
3383 1912 3582 1982 σιωπᾷν
3619 1908 3774 1969 αὐτοῖς

561 2008 690 2060 ιιιιιιι
721 2005 974 2059 redeunt.
1006 2002 1217 2059 Etenim
1248 2002 1472 2073 quando
1507 2004 1573 2059 iis
1605 2003 1923 2072 supervenit
1964 2003 2133 2058 silen-

2235 2002 2517 2057 ἐπιπίπτει
2558 2006 2755 2074 φύσει,
2804 2006 2865 2056 ού
2900 2003 3236 2074 προαιρέσει,
3286 2003 3383 2057 καὶ
3420 2003 3472 2056 τί
3503 2018 3621 2057 ποτε
3646 2000 3773 2061 ὄντες

562 2099 720 2161 tium,
755 2105 1050 2168 precantur
1084 2110 1152 2151 ne
1195 2110 1437 2165 unquam
1471 2094 1699 2149 omnino
1748 2094 1884 2164 ipsis
1931 2094 2133 2149 accidat

2235 2095 2397 2161 εἰσὶν,
2434 2095 2557 2148 ὅθεν
2592 2094 2728 2166 πρὸς
2759 2094 2821 2148 τὸ
2868 2095 3055 2163 λέγειν,
3091 2094 3354 2150 κλίνουσι.
3389 2094 3496 2151 Καί
3541 2110 3601 2165 γε
3624 2095 3675 2146 ἐν
3709 2086 3775 2154 ο⁷ς

560 2204 623 2244 os
657 2191 873 2260 aperire
898 2190 951 2243 iu
987 2188 1094 2243 hoc
1133 2196 1282 2242 Statu
1325 2188 1691 2243 versantibus.
1722 2186 2004 2257 Tanquam
2045 2202 2133 2240 an-

2236 2188 2420 2257 σφίσιν
2472 2188 2659 2250 αὐτοῖς
2699 2186 2900 2260 ἐπέλθῃ
2945 2188 3006 2241 τὺ
3043 2188 3292 2259 σιωπᾷν,
3345 2186 3588 2259 εὔχονταί
3623 2202 3707 2255 γε,
3736 2187 3777 2236 εί

562 2279 668 2351 geli
698 2287 828 2360 sunt
863 2292 1032 2350 super
1091 2287 1313 2333 terram.
1369 2277 1723 2347 Simpliciter,
1762 2278 1880 2332 sine
1922 2276 2133 2343 forma,

2239 2278 2373 2349 μηδὲ
2397 2278 2456 2331 τὸ
2480 2278 2710 2333 καθόλου
2744 2281 2918 2350 στόμα
2953 2280 3141 2352 διᾶραι
3173 2280 3415 2352 ὑπῆρξεν
3444 2280 3617 2341 αὐτοῖς
3649 2292 3776 2341 ποτε,

562 2370 936 2436 invisibiliter,
991 2370 1198 2440 absque
1264 2367 1483 2439 ﬁgura,
1550 2368 1801 2424 absolute
1853 2368 1909 2423 in
1970 2368 2133 2425 ﬁrmis

2239 2370 2551 2440 ἱσταμένοις
2590 2371 2648 2438 ἐν
2706 2371 2901 2443 ἐκείνῳ
2942 2373 3039 2442 τῆς
3093 2374 3501 2437 καταστάσεως.
3554 2368 3778 2439 ’Ἄγγελοι

566 2463 761 2519 mentis
792 2462 1104 2532 aspectibus
1130 2461 1343 2516 veritati
1390 2461 1757 2526 adhaerentes,
1796 2462 2133 2517 solummodo

2235 2461 2341 2531 γάρ
2368 2463 2507 2515 εἰσιν
2534 2462 2628 2515 ἐπὶ⁵
2660 2462 2762 2533 γῆς
2793 2462 2971 2532 ἕτεροι
2990 2477 3006 2492 ·
3031 2462 3302 2528 ἐνοειδῶς,
3335 2463 3605 2525 ἀνειδέως,
3634 2462 3778 2529 ἀνομ-

565 2569 750 2612 secum
808 2554 1225 2609 admirationem
1269 2552 1531 2608 habentes
1560 2562 1615 2607 et
1655 2562 1969 2623 stuporem,
2004 2553 2133 2608 nihil

2239 2552 2424 2624 μάτως
2446 2592 2461 2617 ,
2495 2554 2949 2624 ἀσχηματίστως,
2985 2556 3081 2608 καὶ¹
3130 2554 3319 2619 ἀπλῶς
3365 2556 3421 2609 ἐν
3452 2553 3778 2624 ἀμεταϐἀτοις

566 2644 793 2698 omnino
841 2644 1176 2715 cOgitantcs,
1219 2642 1330 2699 imo
1372 2658 1501 2699 vero
1544 2658 1653 2699 non
1707 2644 1955 2699 videntes
1987 2661 2045 2699 se
2077 2645 2133 2700 ad

2235 2646 2354 2707 νοὸς
2404 2645 2737 2716 ἀποϐλέψεσι
2782 2649 2850 2719 τῇ
2894 2646 3124 2719 ἀληθείᾳ
3173 2650 3598 2719 συναπτόμενοι,
3644 2643 3779 2716 μόνον

563 2737 782 2790 divinas
838 2743 894 2790 et
975 2744 1211 2791 aaternas
1283 2736 1717 2793 illuminationes
1772 2737 2133 2795 conferentes.

2238 2729 2379 2811 μεθ”
2399 2739 2607 2793 ἑαυτῶν
2653 2738 2871 2810 ἔχοντες
2898 2739 2996 2810 τὴν
3023 2739 3284 2811 ἔκπληξιν
3337 2742 3432 2797 καὶ
3470 2741 3557 2794 τὸν
3589 2737 3777 2807 θαυμα-

562 2830 692 2883 lnde
729 2828 873 2883 enim
903 2827 1270 2886 descendente
1304 2836 1487 2886 mente
1511 2829 2133 2899 utpoteinconstantiam

2238 2828 2375 2899 σμδν
2418 2829 2588 2900 χωρὶς
2630 2827 2725 2882 τοῦ
2760 2832 2900 2884 νοεῖν
2926 2847 2997 2897 τι,
3037 2831 3236 2902 μᾶλλον
3263 2830 3322 2884 δέ
3357 2831 3493 2902 μετά
3511 2828 3597 2885 τοῦ
3633 2829 3770 2895 ἀνομο

563 2922 820 2987 habente,
852 2919 919 2976 ad
966 2919 1260 2979 dicendum
1295 2930 1670 2977 occurruntet
1710 2922 1898 2978 multis
1940 2922 2133 2979 variis-

2237 2921 2424 2991 μάτως
2454 2920 2769 2975 ἐπιϐάλλειν
2810 2923 2930 2985 ταῖς
2963 2922 3222 2993 ἀνάρχοις
3265 2924 3363 2978 καὶ
3416 2923 3579 2985 θείαις
3610 2919 3779 2987 ἐλλάμ-

562 3028 671 3083 que
697 3011 1153 3068 conversionibus
1184 3022 1614 3068 commutantur.
1644 3013 1713 3069 Et
1742 3022 1803 3068 ut
1828 3014 1895 3069 iis
1920 3029 2133 3069 rursum

2235 3013 2412 3083 ψεσιν.
2461 3012 2701 3068 Ἐκεϊθέν
2734 3030 2792 3068 τε
2820 3014 3100 3077 κατιόντος
3123 3012 3216 3067 τοῦ
3248 3015 3343 3069 νοῦ
3368 3015 3443 3079 ὡς
3472 3013 3673 3085 ἔχοντος
3697 3008 3778 3078 τὴν

562 3105 755 3160 silendi
790 3112 969 3161 status
993 3104 1200 3169 redeat,
1221 3105 1314 3174 qui
1339 3105 1495 3161 valde
1514 3104 1708 3161 melior
1729 3115 1814 3162 est
1844 3106 2133 3172 locutione,

2235 3106 2599 3178 τρεπτότητα,
2637 3106 2979 3161 καταντῶσιν
3022 3106 3117 3160 ἐπὶ
3151 3107 3211 3161 τὸ
3251 3107 3455 3179 λέγειν,
3510 3110 3602 3161 καὶ
3633 3118 3774 3175 μετα·

564 3196 1027 3266 tranquillitatem
1051 3195 1476 3266 amplectuntur,
1508 3206 1563 3251 et
1600 3198 1919 3253 custodiunt
1944 3210 2133 3253 sensus

2236 3201 2441 3255 ϐαίνειν
2469 3200 2671 3272 νοερῶς
2699 3198 2920 3263 πολλαῖς
2954 3200 3048 3255 καὶ
3083 3201 3364 3267 ποικίλαις
3419 3204 3539 3265 ταῖς
3574 3196 3775 3272 μεταὸἁ·

564 3304 688 3343 cum
736 3287 1116 3355 sensibilibus,
1174 3299 1228 3342 et
1264 3289 1413 3344 omni
1465 3300 1582 3345 arte
1623 3298 1857 3346 utuntur
1901 3298 1958 3346 ut
2013 3304 2133 3345 cum

2238 3307 2355 3343 σεσι
2376 3306 2388 3318 ·
2427 3290 2520 3342 καὶ
2549 3289 2615 3343 ἶν’
2638 3289 2795 3353 αὖθις
2828 3290 3013 3353 αὐτοῖς
3046 3292 3079 3362 ἡ
3106 3290 3202 3345 τοῦ
3231 3292 3449 3365 σιωπᾷν
3480 3291 3779 3348 κατάστασις

561 3380 842 3435 locutione
897 3387 953 3434 et
1006 3380 1178 3449 ipsum
1235 3382 1480 3450 cogitare
1539 3381 1787 3453 fugiant,
1826 3391 1885 3436 ut
1930 3384 2133 3452 possint

2236 3382 2529 3459 ἐπανέλθῃ,
2558 3382 2633 3445 ὡς
2661 3382 2918 3453 κρείττων
2942 3380 3123 3453 πολλῷ
3148 3382 3242 3436 τοῦ
3270 3383 3454 3452 λέγειν
3474 3383 3781 3455 ὑπάρχουσα.

561 3487 688 3527 cum
736 3472 937 3527 Davide
968 3472 1189 3529 dicere:
1223 3492 1243 3525 ι
1282 3473 1543 3530 Obmutui
1581 3486 1635 3532 et
1665 3477 1985 3534 humiliatus
2010 3493 2133 3534 sum

562 3574 618 3620 et
659 3564 785 3620 silui
823 3563 891 3620 de
922 3565 1105 3620 bouis.
1143 3585 1161 3618 ι
1201 3566 1413 3623 Etenim
1460 3569 1629 3639 igitur
1674 3579 1731 3625 et
1780 3571 1921 3627 bona
1955 3571 2133 3626 dicere

2235 3565 2510 3636 αἰσθητῶν
2536 3567 2635 3633 τάς
2668 3565 2973 3637 αἰσθήσεις,
3005 3569 3099 3622 καὶ
3124 3570 3272 3639 πάσῃ
3308 3572 3524 3641 μηχανῇ
3551 3568 3780 3639 χρῶνται,

562 3665 646 3710 est
677 3654 817 3709 infra
850 3654 1127 3711 silentium
1164 3673 1287 3713 cum
1330 3660 1565 3716 ratione.

2235 3658 2355 3723 πῶς
2384 3659 2451 3714 ἀν
2499 3659 2725 3728 φύγοιεν
2764 3658 2905 3729 μετά
2932 3659 3026 3713 τοῦ
3067 3660 3245 3729 λέγειν
3273 3663 3370 3714 καὶ
3398 3663 3526 3715 αὐτὸ
3562 3660 3619 3712 τὸ
3645 3659 3781 3715 νοεῖν,

552 3751 623 3805 t'v’
649 3753 818 3823 ἔχωσι
862 3753 1045 3820 λέγειν
1076 3754 1171 3805 καὶ
1202 3754 1358 3807 αὐτοὶ
1395 3754 1534 3825 μετά
1582 3754 1680 3810 τοῦ
1725 3755 1928 3809 Δαϐίδ·
1973 3775 1992 3808 ι
2038 3752 2407 3827 Ἐκωφώθην,
2439 3755 2535 3809 καὶ
2584 3755 2981 3826 ἐταπεινώθην,
3032 3755 3127 3810 καὶ
3156 3757 3391 3828 ἐσίγησα
3419 3759 3480 3826 ἐξ
3508 3757 3733 3827 ἀγαθῶν.
3769 3771 3785 3805 ι

551 3846 655 3901 Καὶ
686 3847 796 3916 γὰρ
826 3838 921 3897 οὖν
961 3844 1055 3897 καὶ
1081 3844 1140 3897 τὸ
1164 3845 1348 3916 ἀγαθὰ
1378 3846 1561 3916 λέγειν
1594 3851 1894 3923 κατωτέρω
1926 3851 2043 3902 ἐστὶ
2082 3849 2184 3919 τῆς
2216 3852 2356 3919 μετά
2390 3850 2551 3918 λόγου
2587 3851 2770 3919 σιγῆς.

626 3951 716 4007 ﬂ.
746 3949 934 4021 Neque
967 3950 1194 4005 omnino
1224 3949 1474 4006 divinum
1512 3960 1595 4006 est
1629 3954 2004 4021 manifestum,
2039 3969 2133 4010 ne-

2311 3955 2424 4019 μα’.
2474 3948 2603 4002 Οΰθ’
2645 3949 2844 4014 όλικὼς
2882 3951 2942 4004 τὸ
2975 3951 3128 4006 Θεῖον
3176 3952 3590 4024 ἐκπεφασμένον
3627 3943 3785 4006 ἐστὶν,

556 4059 666 4115 que
689 4058 905 4099 rursum
950 4042 1373 4111 absconditum;
1408 4045 1553 4115 quod
1588 4042 1837 4100 divinum
1885 4049 2133 4119 exsistat,

2237 4039 2353 4098 οὒτ’
2385 4040 2481 4096 οὖν
2502 4035 2659 4105 αὖθις
2684 4041 2938 4113 κρύφιον,
2966 4045 3085 4098 ἀλλ’
3116 4047 3199 4100 ὅτι
3233 4047 3331 4118 μὲν
3362 4047 3509 4100 ἐστιν
3540 4040 3784 4108 ἐκπέφανο

560 4138 756 4217 utique
784 4136 1130 4195 manifestum
1154 4145 1276 4201 est;
1312 4137 1438 4207 quid
1474 4147 1657 4193 autem
1693 4140 1765 4194 sit
1792 4141 1969 4211 ipsum
1992 4158 2133 4208 esse,

2236 4152 2329 4190 ται
2376 4136 2475 4188 καὶ
2517 4131 2639 4186 λίαν
2668 4132 2882 4205 τρανῶς
2905 4149 2921 4164 ο
2966 4134 3020 4188 τί
3048 4136 3104 4209 δέ
3148 4138 3296 4192 ἐστιν
3325 4133 3496 4204 εἶναι,
3529 4137 3636 4189 ἐστι
3667 4126 3789 4200 κρύ-

558 4238 643 4284 est
665 4227 1078 4283 absconditum.
1112 4227 1413 4282 Plurimum
1452 4244 1582 4283 vero
1606 4228 1785 4285 diticrt
1829 4233 1972 4289 scire
2005 4234 2133 4303 quid

2235 4223 2380 4305 φιὸν.
2442 4235 2531 4298 Ἐς
2581 4233 2652 4288 τὰ
2691 4232 2928 4302 μάλιστα
2973 4230 3031 4286 δέ
3063 4232 3373 4303 διενήνοχεν
3423 4232 3616 4287 εἰδέναι
3653 4228 3710 4284 τὸ
3738 4219 3784 4280 τί

560 4322 669 4387 sit,
723 4327 779 4376 et
814 4320 960 4374 scire
1010 4321 1155 4389 quod
1186 4320 1440 4374 exsistat.
1476 4321 1612 4375 illud
1650 4323 1792 4377 enim
1824 4340 1893 4379 ex
1941 4342 2133 4396 opera-

2235 4329 2380 4390 ἐστι,
2432 4325 2526 4378 τοῦ
2567 4325 2651 4378 ὃτι
2701 4322 2818 4376 ἐστι
2846 4342 2860 4356 ·
2896 4323 2955 4376 τὸ
2995 4324 3092 4394 μὲν
3144 4323 3250 4395 γὰρ
3282 4325 3346 4376 ἐκ
3390 4324 3490 4394 τῆς
3533 4316 3785 4391 ἐνεργείας

563 4414 811 4468 tionibus
837 4420 1056 4468 constat
1082 4430 1098 4475 ;
1133 4412 1239 4470 hoc
1261 4425 1471 4479 autem,
1502 4416 1629 4484 quid
1660 4424 1765 4483 est,
1789 4432 1853 4472 ex
1883 4418 2133 4473 substan-

2235 4419 2532 4483 δείκνυται,
2557 4415 2617 4468 τὸ
2646 4415 2724 4482 δὲ,
2756 4414 2810 4468 τί
2841 4416 3014 4479 ἐστιν,
3036 4414 3103 4467 ἐκ
3126 4414 3226 4485 τῆς
3253 4415 3445 4478 οὐσίας
3474 4412 3636 4473 ἐστὶν,
3668 4410 3784 4474 ὅπερ

565 4509 636 4564 tia
679 4515 796 4571 cst,
848 4507 992 4577 quod
1048 4523 1228 4577 neque
1280 4508 1491 4577 angelis
1546 4511 1612 4564 de
1648 4509 1761 4565 Deo
1818 4512 1959 4568 scire
1989 4514 2133 4571 licet.

2235 4511 2299 4581 δὴ
2324 4494 2416 4564 καὶ
2468 4509 2722 4578 ἀγγέλοις
2777 4508 2873 4561 ἐπὶ
2894 4505 3030 4561 Θεοῦ
3060 4506 3259 4562 ειδέναι
3288 4506 3631 4572 ἀπέγνωσται
3652 4518 3667 4532 -
3687 4499 3783 4551 ἔστι

566 4601 711 4657 Deus
747 4600 892 4655 enim
926 4609 1010 4655 est
1032 4615 1200 4671 super
1239 4602 1422 4655 omnia
1446 4602 1719 4671 inﬁnitum
1745 4612 1799 4658 et
1837 4621 2003 4675 super
2026 4624 2133 4661 om-

2236 4572 2344 4671 γάρ
2371 4602 2400 4654 6
2437 4572 2568 4664 Θεδς
2605 4599 2747 4670 ὑπὲρ
2778 4600 2887 4653 πᾶν
2913 4593 3054 4652 εἷναι
3088 4598 3383 4667 ἀπειράκις
3411 4596 3679 4667 ἀπείρως,
3706 4590 3786 4641 καί

568 4707 694 4746 nem
724 4699 956 4745 mentem
986 4691 1509 4761 cogitationemque.
1543 4691 1771 4759 Quando
1795 4694 1962 4766 igitur
1990 4714 2133 4754 ment

2236 4694 2375 4764 ὑπὲρ
2404 4693 2528 4747 νοῦν
2561 4692 2762 4755 πάντα,
2797 4691 2892 4745 καὶ
2923 4691 2985 4744 τὸ
3022 4690 3278 4745 νοεῖσθαι.
3322 4688 3593 4759 Ὀπηνίκα
3628 4683 3786 4736 τοίνυν

565 4799 619 4838 tn
662 4798 726 4840 ea
750 4798 871 4853 quae
904 4782 1074 4840 Deum
1120 4798 1243 4841 esse
1271 4784 1652 4842 demonstrant
1693 4791 1983 4857 ascendit,
2016 4799 2133 4848 tunt

2236 4787 2265 4840 6
2316 4783 2441 4849 νοῦς
2470 4785 2551 4848 είς
2588 4783 2655 4838 τὰ
2684 4784 2766 4838 ὅτι
2795 4783 2942 4838 ἐστιν
2978 4785 3007 4837 6
3039 4782 3171 4850 Θεὸς
3210 4782 3523 4836 δεικνύοντα
3567 4777 3786 4847 γένοιτον

568 4874 734 4929 multa
768 4884 946 4944 potest
1003 4874 1187 4932 dicere
1226 4883 1282 4933 et
1330 4892 1521 4947 sapere
1571 4880 1820 4950 optima;
1859 4891 2133 4953 potestque

2235 4876 2360 4937 τότε
2383 4874 2555 4929 πολλὰ
2579 4874 2692 4945 ἔχει
2718 4873 2918 4943 λέγειν,
2949 4874 3043 4928 καὶ
3067 4872 3381 4943 φιλοσοφεῖν
3407 4873 3602 4943 ἄριστα
3618 4881 3633 4895 ⁸
3660 4860 3790 4953 φιλό-

565 4968 671 5022 dici
722 4966 1084 5039 philosophus
1138 4983 1203 5025 ac
1266 4970 1595 5040 theologus;
1644 4980 1931 5043 postquam
1962 4951 2133 5030 auti-n

2239 4970 2404 5040 σοφός
2435 4986 2495 5022 τε
2532 4968 2759 5022 δύναται
2793 4966 3081 5035 λέγεσθαι,
3114 4965 3211 5019 καὶ
3249 4964 3517 5034 θεολόγος.
3567 4951 3787 5013 Ὀτανδὲ

569 5076 922 5132 supergressa
968 5070 1055 5118 est
1095 5072 1150 5119 et
1198 5062 1446 5118 ascendit
1470 5078 1535 5119 ex
1570 5064 1677 5120 hoc
1708 5067 1878 5137 gradu
1925 5069 1978 5123 in
2039 5086 2133 5141 qut

2238 5044 2582 5134 ύπεριᾶῧψας,
2617 5060 2713 5113 καλ⁸
2757 5057 3260 5130 ὑπεραναόεϐηκὼς
3313 5057 3421 5111 ἀπὸ
3457 5054 3550 5110 τοῦ
3584 5053 3662 5107 ότι
3691 5044 3790 5141 ἐστὶ

569 5153 719 5207 novit
739 5166 798 5207 se
818 5165 940 5207 esse
957 5150 1141 5206 divina
1169 5152 1503 5207 obscuritate
1520 5154 1937 5222 circumdatam,
1965 5137 2133 5227 hujus.

2236 5158 2302 5228 τῇ
2329 5153 2452 5225 θείᾳ
2479 5151 2838 5223 περιληφθεὶς
2868 5150 3216 5221 κρυφιότητι,
3248 5153 3315 5221 τῇ
3344 5147 3613 5220 φαντασίᾳ
3635 5137 3720 5195 τοῦ
3745 5150 3789 5187 τι

569 5243 696 5313 quid
731 5245 847 5308 sit,
891 5242 1284 5314 imaginatione
1330 5255 1451 5301 acta
1493 5256 1547 5300 et
1582 5247 1807 5302 omnino
1834 5250 1954 5305 sine
1979 5254 2133 5321 tigur:

2237 5246 2384 5300 ἐστιν
2420 5244 2835 5314 ἐνεργούμενος,
2868 5242 2965 5301 καὶ
3000 5243 3237 5312 πάμπαν
3296 5240 3548 5313 ἀνείδεος,
3595 5234 3684 5290 καὶ
3708 5231 3789 5321 6v-

570 5346 623 5392 et
652 5336 881 5401 intacta,
918 5350 982 5390 ac
1010 5351 1117 5390 non
1162 5336 1376 5403 videns,
1412 5346 1470 5392 ut
1502 5337 1726 5408 dignum
1769 5349 1872 5406 est,
1902 5358 1997 5412 per
2017 5316 2133 5415 gra-

2238 5340 2471 5407 έπαφος,
2497 5339 2593 5390 καὶ
2642 5337 2959 5406 ἀνόμματος
2992 5336 3135 5389 κατά
3163 5334 3225 5387 τὸ
3269 5334 3414 5396 είκὸς
3458 5331 3689 5415 γένηται
3717 5316 3792 5373 διὰ

573 5431 700 5483 tiam
741 5427 933 5484 eﬂecta
963 5439 1064 5495 est,
1104 5438 1235 5483 tunc
1262 5433 1444 5485 omnis
1473 5430 1612 5485 ratio
1649 5447 1770 5501 quae
1802 5434 1870 5488 de
1914 5414 2133 5491 Deoiali-

2235 5431 2335 5499 τῆς
2373 5430 2619 5502 χάριτος,
2650 5430 2756 5491 πᾶς
2786 5428 2945 5496 λόγος
2973 5427 3155 5497 λέγειν
3184 5430 3313 5497 περὶ
3338 5424 3473 5481 Θεοῦ
3504 5439 3557 5475 τι
3576 5414 3787 5484 δυνάμε·

571 5520 701 5589 quid
738 5527 914 5590 potest
941 5518 1147 5582 dicere.
1185 5520 1364 5577 otiosa
1413 5533 1683 5592 remanet,
1717 5533 1771 5579 et
1814 5541 1970 5582 mens
2000 5531 2133 5584 unit:

2237 5539 2324 5585 νος
2355 5523 2507 5592 μένει
2540 5522 2709 5592 ἀργὸς
2734 5562 2749 5585 ,
2777 5523 2874 5575 καὶ
2902 5520 3209 5592 ἀκινητίζει
3254 5521 3282 5574 6
3323 5517 3446 5580 νοῦς
3480 5512 3788 5579 ἐνιζόμενοςι

579 5613 805 5666 immota
833 5618 937 5677 est,
980 5620 1033 5665 et
1077 5612 1129 5666 in
1164 5628 1270 5666 non
1304 5614 1578 5683 cogitabili
1606 5616 1876 5686 ingressa.
1917 5618 1982 5673 Et
2022 5630 2133 5683 tum

2237 5616 2419 5680 εἰσδὺς
2447 5619 2526 5681 εἰς
2557 5617 2619 5671 τὸ
2646 5617 2987 5686 ἀνεννόητον.
3022 5615 3133 5667 Καὶ
3175 5614 3299 5667 τότε
3340 5612 3452 5674 πᾶς
3478 5608 3571 5661 τοῦ
3598 5603 3791 5658 πάντων

578 5709 690 5757 tota
731 5702 790 5756 tit
814 5702 976 5772 hujus
1007 5704 1151 5773 quod
1183 5707 1555 5773 supra‘omnia
1589 5717 1691 5772 est,
1721 5709 1811 5764 ubi
1850 5725 1957 5765 non
1988 5714 2127 5766 ratio

2238 5708 2500 5763 ἐπέκεινα
2532 5707 2764 5777 γίνεται,
2794 5707 2929 5759 ὅπου
2954 5705 3014 5757 ού
3041 5703 3219 5772 λόγος,
3249 5704 3309 5757 οὐ
3339 5703 3535 5771 νόημα,
3564 5697 3659 5749 οὐκ
3688 5688 3792 5755 ἔπιθ’

573 5808 681 5850 non
728 5798 1011 5867 cogitatio,
1069 5815 1175 5853 non
1213 5803 1488 5870 reputatio
1531 5803 1596 5857 ad
1633 5803 1846 5860 diversa
1884 5809 2130 5875 procedit

2237 5803 2356 5858 νοιόι
2386 5819 2472 5865 τις
2517 5802 2797 5871 προχωρεῖ
2847 5797 3223 5862 ποικίλλουσα,
3272 5796 3388 5852 ἀλλ’
3427 5790 3679 5857 ἁπλότης,
3713 5780 3791 5875 καὶ

577 5889 668 5942 sed
700 5893 855 5945 adest
914 5894 1259 5962 simplicitas,
1290 5906 1343 5950 ct
1372 5899 1736 5967 perceptionis
1787 5901 2133 5971 impossibili-

2237 5892 2611 5961 ἀκαταληψία,
2656 5891 2863 5960 ἀφασία
2902 5907 2961 5942 τε
3002 5889 3096 5942 καὶ
3142 5887 3423 5957 ἔκπληξις.
3459 5881 3532 5934 Τὸ
3562 5871 3792 5946 ἀσχημά-

2235 3473 2333 3543 τὴν
2365 3474 2596 3543 ἡσυχίαν
2627 3472 2983 3540 ἀσπάζονται,
3014 3474 3104 3554 καὶ
3138 3474 3505 3542 φυλάσσονται
3542 3474 3668 3547 μετά
3691 3470 3781 3523 τῶν

3975 1488 3977 1631 l
