4058 6452
324 346 422 411 881

1476 298 1573 404 De
1605 342 1787 405 VITA
1818 340 2477 409 CONTEMPLATWA.
2510 363 2516 369 η

3471 344 3580 415 882

316 493 532 545 τιστον,
576 472 672 529 καὶ
714 468 977 543 ἄπειρον,
1035 467 1131 523 καὶ
1188 466 1471 538 ἀόριστον,
1527 465 1622 519 x11
1666 465 1765 535 τὴν
1799 479 1894 516 του

2003 473 2107 529 tas,
2138 465 2419 523 silentium
2455 475 2509 523 et
2531 472 2741 537 stupor.
2775 467 2986 524 Forma:
3018 448 3339 529 carentia'u,
3366 475 3418 519 et
3452 465 3580 518 inti-

319 570 555 641 ἀοράτου
603 566 738 637 ξένῳ
788 564 976 635 τρόπῳ
1015 562 1119 634 ὁρᾷ
1153 561 1372 631 ὅρασινο
1423 558 1519 611 καὶ
1547 557 1609 608 τὸ
1657 554 1896 609 ἀνείδεον

318 652 481 727 εἶδος,
515 659 781 720 ἁπόλυτος
813 656 903 708 καὶ
933 654 1114 717 αὖτις,
1150 650 1242 705 καὶ
1274 648 1514 712 ἀνείδεος
1543 649 1600 702 ἐν
1644 645 1901 715 εὐθύτητι

320 754 583 824 γεγονὼς,
615 751 709 810 m1
741 749 880 802 κατᾶ
911 746 978 800 τὰ
1026 744 1269 815 ἀοράτως
1318 739 1466 811 αὑτῷ
1494 737 1897 809 τεθεωρημένα,

324 848 415 901 καὶ
468 843 800 914 ἀνομμὰτως
854 834 1281 905 ἐπιϐεϐλημένα,
1320 834 1377 886 ἐν
1424 834 1659 903 ἐπιτομῇ
1710 829 1900 899 φάναι,

324 939 401 1000 εἰς
435 934 625 989 ἑαυτὸν
657 932 719 985 τὸ
746 931 921 994 Θεῖον,
957 929 1048 981 καὶ
1089 924 1366 995 ὑπερφυὲς
1395 923 1589 986 κάλλος
1626 923 1903 991 ἁναχρων-

325 1027 384 1082 νῦ
394 1043 577 1097 μενος,
606 1023 700 1077 καὶ
728 1023 819 1075 τὸν
849 1019 1039 1073 τοῦτον
1063 1015 1302 1071 τοιοῦτον
1333 1014 1597 1067 κτίσαντα
1628 1012 1904 1082 γεραίρων

326 1121 479 1175 Θεόν.

395 1306 500 1380 μβ’.
534 1307 656 1377 ὒύχ
697 1306 780 1359 ὅτι
828 1305 988 1377 μόνον
1020 1302 1225 1367 ἁπλοῦς
1264 1302 1521 1372 τυγχάνει
1552 1299 1628 1354 ὢν
1672 1305 1699 1354 ὁ
1743 1300 1896 1370 Θεὸς,

322 1401 465 1471 ὑπὲρ
497 1400 678 1453 πᾶσαν
707 1398 959 1467 κείμενος
990 1393 1262 1459 σύνθεσιν,
1294 1393 1516 1463 λέγεται
1542 1392 1624 1460 ἐν,
1673 1392 1788 1448 ἀλλ’
1818 1395 1900 1449 δτι

321 1495 416 1549 καῖ¹
442 1491 646 1558 κυρίως
674 1489 751 1543 ὢν
776 1532 790 1557 ,
824 1489 983 1561 μόνος
1017 1489 1180 1554 αὐτὸς
1212 1489 1270 1543 ἐν
1298 1487 1501 1541 ἅπασιν
1526 1481 1646 1541 οὖσι
1673 1486 1903 1558 λεγομές-

321 1602 454 1650 νοις,
482 1582 661 1653 ἔχουσί
691 1598 755 1651 γε
784 1582 844 1635 τὸ
875 1575 1014 1634 εἶναι
1039 1580 1099 1645 ἐξ
1126 1578 1316 1635 αὐτοῦ.
1349 1577 1422 1633 Τὸ
1449 1579 1559 1650 γὰρ
1585 1578 1661 1652 μὴ
1692 1581 1899 1651 κυρίως

323 1676 417 1729 καὶ
451 1673 638 1736 ἁπλῶς
668 1671 746 1738 δν,
775 1671 896 1724 οὐδὲ
930 1670 1134 1742 κυρίως
1164 1672 1259 1725 καὶ
1290 1667 1477 1732 ἁπλῶς
1510 1669 1658 1722 ἐστιν
1685 1667 1746 1722 ἐν
1770 1686 1782 1699 ·
1808 1670 1901 1721 x11

320 1766 398 1829 ὼς
448 1766 710 1826 ὡσαύτως
756 1761 832 1815 ὢν
882 1760 1161 1831 πανταχοῦ
1196 1760 1624 1834 ἀπεριλήπτως,
1674 1758 1770 1814 καὶ
1826 1759 1967 1862 ὡςΒ

323 1860 483 1930 μόνος
536 1859 701 1911 πᾶσιν
731 1857 1006 1927 ἀνόμοιος,
1038 1857 1133 1908 καὶ
1160 1850 1417 1926 καθαρῶς
1467 1854 1689 1908 πάντων
1722 1852 1898 1918 ἐκτὸς,

322 1953 413 2006 καὶ
440 1950 516 2014 ὡς
559 1950 748 2014 ἀΐδιος,
809 1949 944 2020 μήτε
998 1948 1304 2019 ἀρξάμενος
1357 1948 1496 2018 μήτε
1535 1945 1899 2016 παυσόμενος,

322 2046 414 2099 καὶ
432 2042 507 2107 ὡς
533 2044 591 2096 ἐν
612 2041 785 2096 ἆπασι
804 2041 903 2112 τὴν
932 2040 1082 2095 θείαν
1106 2041 1206 2110 τῆς
1232 2040 1491 2111 προνοίας
1513 2038 1679 2117 αὐτοῦ
1708 2037 1902 2091 ἀκτῖνα

324 2137 607 2206 ἀχράντως
666 2132 993 2209 ἐπιλάμπων
1042 2132 1260 2202 ἐπίσης.
1318 2133 1368 2185 εί
1422 2132 1516 2184 καὶ
1569 2131 1646 2202 μὴ
1700 2129 1902 2201 ὁμοίως

325 2228 536 2281 ἅπαντα
575 2224 781 2295 ταύτην
810 2221 1107 2291 δεδεγμένα
1149 2220 1306 2275 εἰσίν*
1341 2220 1421 2274 ἐτι
1452 2237 1514 2289 γε
1548 2220 1673 2292 μὴν,
1709 2220 1799 2272 καὶ
1826 2218 1901 2281 ὡς

327 2321 491 2374 πᾶσιν
512 2317 753 2389 ἀσχέτως
796 2314 1220 2387 γνωριζόμενος,
1264 2312 1389 2368 νοῦν
1418 2312 1720 2375 ἀποίκιλον,
1754 2311 1897 2364 ἀνεί-

315 2413 441 2464 -ζεον
461 2451 475 2472 ,
508 2409 955 2480 ἀσχημάτιστον,
989 2408 1207 2478 ἄχροον,
1257 2406 1478 2461 πάντων
1509 2405 1615 2459 τῶν
1654 2402 1900 2458 ὁπωσοῦν

321 2504 489 2557 ὄντων
517 2503 816 2569 ἀνέπαφον,
850 2500 944 2554 καὶ
965 2498 1299 2564 ἁπαξαπλῶς
1322 2498 1611 2565 ἀπόλυτον,
1637 2498 1718 2560 είς
1741 2497 1869 2550 ἀπει
1885 2530 1900 2540 -

324 2597 446 2666 ρίαν
480 2593 783 2665 ἀοριστίας,
824 2592 1019 2662 χρόνου
1063 2609 1123 2645 τε
1164 2593 1260 2645 καὶ
1292 2592 1483 2656 τόπου,
1529 2590 1624 2645 καὶ
1665 2589 1900 2660 φύσεως,

323 2687 415 2741 καὶ
464 2685 573 2739 τῶν
604 2686 733 2756 περὶ
788 2684 952 2753 φύσιν
991 2682 1497 2751 ὑπεραναόαίνοντα
1525 2681 1775 2736 ἁπαιτῶν
1821 2683 1918 2745 εἰς’

320 2782 381 2833 τὸ
440 2778 705 2849 ἀμηγέπη
771 2775 1105 2832 ὀπτάνεσθαι
1171 2775 1417 2838 ἐνοειδῶς
1488 2775 1628 2845 ὑπὲρ
1705 2773 1902 2828 ἕνωσιν

322 2873 537 2945 νοεράν.
623 2899 649 2905 η

399 2964 508 3036 μγ’.
546 2965 710 3020 Ὅσον
737 2965 818 3018 ὅτι
850 2963 990 3035 ὑπὲρ
1037 2962 1100 3016 τὸ
1127 2960 1368 3015 νοεῖσθαι
1418 2960 1451 3031 ἡ
1499 2958 1703 3029 μεταξὺ
1734 2954 1894 3022 Θεοῦ,

328 3061 420 3111 καὶ
447 3059 540 3111 τοῦ
572 3058 666 3131 νοοῦ
694 3056 956 3127 γινομένη
987 3055 1335 3126 πνευματικὴ
1372 3053 1585 3125 συναφὴ
1628 3052 1898 3121 γίγνεται,

1998 559 2328 625 uitudiuem,
2358 569 2413 615 ct
2442 558 2659 617 termini
2691 563 2991 618 carentiam
3015 572 3067 617 et
3095 560 3291 617 intiniti
3314 560 3576 613 visionem

1993 650 2135 704 miro
2167 651 2331 706 modo
2366 652 2533 710 videt.
2584 669 2642 709 et
2688 655 2861 708 itleam
2913 655 3032 709 sine
3061 653 3205 708 idea.
3237 651 3495 710 Absoluta
3528 656 3581 701 et

2001 742 2117 810 ipsa
2151 751 2205 794 el
2233 744 2464 813 simplex
2497 744 2549 798 in
2588 747 2915 800 rectitudine
2939 746 3131 800 effecta
3156 754 3255 811 ;.et
3278 741 3576 798 secundum

1995 848 2059 887 ea
2111 851 2233 903 quae
2264 835 2332 889 ah
2395 836 2508 905 ipsa
2566 844 2800 904 aspectas
2831 848 2960 892 sunt
2993 835 3342 891 invisibiliter
3369 842 3426 889 et
3459 832 3578 887 sine

1992 927 2168 982 oculis
2198 928 2543 983 considerata
2569 971 2582 995 ,
2612 937 2688 995 et,
2723 941 2780 985 ut
2815 933 3006 999 paucis
3065 930 3263 990 dicam,
3298 926 3354 982 iri
3397 926 3575 996 seipsa

1995 1016 2241 1072 divinam
2298 1032 2363 1073 ac
2431 1021 2904 1089 supernaturalem
2965 1019 3423 1089 pulchritudinem
3486 1032 3575 1072 as-

1912 1116 1917 1122 ‘
1995 1121 2232 1177 pergens
2262 1153 2277 1176 ,
2310 1120 2363 1165 et
2394 1126 2519 1166 eum
2571 1112 2764 1179 Deum,
2808 1112 2900 1182 qui
2936 1111 3109 1182 ipsam
3139 1112 3365 1177 ereavit,
3399 1112 3575 1167 hono-

1996 1212 2149 1254 ι’τιηε.

2066 1289 2301 1346 42.Νο[1
2348 1292 2526 1348 solum
2590 1295 2715 1363 quia
2771 1295 2995 1365 simplex
3042 1302 3127 1349 est
3186 1293 3347 1359 Dens,
3411 1307 3575 1363 supra

1992 1398 2210 1439 onmem
2238 1386 2695 1456 compositionem
2739 1388 2976 1457 positus,
3008 1401 3179 1442 unum
3215 1386 3453 1452 dicitur;
3483 1385 3576 1439 Sed

1992 1474 2119 1543 quia
2155 1490 2253 1543 per
2291 1492 2350 1532 se
2381 1477 2620 1542 exsistit,
2665 1479 2818 1534 solus
2867 1478 2986 1548 ipse
3035 1478 3089 1533 in
3143 1477 3403 1533 omnibus
3456 1490 3580 1545 quae

1993 1580 2117 1621 esse
2151 1568 2434 1635 dicuntur,
2466 1574 2522 1624 et
2578 1569 2781 1625 habent
2822 1585 2922 1640 per
2945 1572 3121 1640 ipsum
3173 1569 3576 1625 exsistentiam.

1995 1656 2152 1724 Quod
2177 1659 2324 1714 enim
2358 1675 2468 1715 non
2500 1662 2714 1717 exsistit
2745 1677 2847 1733 per
2874 1676 2933 1717 se
2965 1673 3021 1717 et
3069 1661 3414 1732 simpliciter,
3468 1675 3578 1715 non

1994 1760 2078 1809 est
2108 1766 2238 1808 vere
2267 1767 2331 1807 ac
2354 1754 2672 1824 simpliciter
2702 1770 2894 1810 unum.
2924 1753 2991 1810 Et
3015 1756 3089 1819 ita
3114 1754 3256 1811 Deus
3281 1761 3362 1811 est
3412 1754 3583 1810 incir-

1998 1845 2375 1914 cumscriptus
2401 1853 2457 1899 et
2491 1845 2643 1901 solus
2667 1845 2925 1901 omnibus
2967 1846 3277 1912 dissimilis,
3331 1852 3383 1900 et
3428 1860 3581 1922 pure

1995 1946 2151 1991 extra
2176 1936 2361 1992 omnia
2394 1935 2554 2002 situs,
2604 1944 2661 1993 et
2689 1945 2951 2003 aeternus,
3009 1937 3211 2007 quippe
3257 1938 3349 2008 qui
3402 1951 3581 2007 neque

1995 2027 2208 2084 initium
2240 2026 2489 2083 habuerit
2518 2044 2692 2101 neque
2723 2029 3009 2086 habiturus
3035 2032 3107 2086 sit
3139 2032 3319 2096 tinem,
3348 2041 3580 2097 etsuper

1995 2120 2181 2174 omnia
2204 2121 2449 2194 divinum
2487 2121 2844 2191 providentiae
2872 2138 2987 2180 suae
3038 2123 3250 2178 radium
3277 2122 3579 2176 itnmittens

1995 2213 2299 2282 a-qualiter,
2326 2215 2429 2269 etsi
2452 2228 2559 2267 non
2585 2212 2837 2271 similiter
2867 2217 3047 2270 omnia
3088 2229 3209 2267 eum
3263 2212 3530 2282 recipiant
3560 2227 3578 2280 ;

1996 2314 2052 2362 et
2077 2307 2336 2363 omnibus
2352 2309 2672 2363 necessario
2695 2315 2877 2371 notus,
2899 2314 3131 2361 mentem
3159 2304 3577 2368 immutabilem,

1996 2401 2115 2455 sine
2168 2400 2368 2465 forma,
2422 2400 2683 2456 omnibus
2737 2399 3074 2469 quibuslibet
3130 2401 3413 2460 intactam,
3461 2398 3583 2453 sine

1997 2494 2169 2565 figura
2207 2501 2301 2548 aut
2328 2493 2534 2560 colore,
2571 2493 2795 2550 omnino
2847 2477 3146 2563 simplicem
3197 2492 3577 2547 et‘absolntam

2004 2586 2058 2640 iu
2097 2587 2639 2643 indeterminatiouis
2669 2587 3071 2642 intinitudinem
3118 2594 3173 2641 et
3234 2595 3477 2656 tempore
3528 2593 3583 2637 et

1998 2679 2119 2731 loco
2153 2691 2215 2731 ac
2245 2685 2462 2744 natura,
2499 2689 2551 2733 et
2582 2681 2637 2733 in
2668 2693 2731 2733 ea
2762 2693 2882 2746 quae
2912 2688 3161 2731 naturam
3189 2677 3585 2731 transcendunt

1998 2771 2242 2835 attrahit,
2264 2771 2328 2825 ad
2361 2770 2864 2841 simplicitcr'supra
2890 2771 3146 2825 unionem
3189 2768 3582 2838 intelligibileut

1997 2861 2474 2930 coutemplamlam
2485 2902 2498 2916 .

2075 2954 2161 3010 L5.
2183 2954 2456 3023 Quantum
2489 2972 2653 3027 supra
2684 2955 3064 3027 cogitationem
3116 2966 3199 3012 est
3222 2971 3284 3013 ea
3309 2971 3432 3027 quae
3502 2954 3587 3010 in-

1998 3055 2081 3104 ter
2102 3046 2273 3105 Deum
2301 3064 2366 3105 ac
2395 3059 2634 3106 tuentem
2669 3050 2728 3105 tit
2765 3050 3068 3122 spiritualis
3100 3049 3417 3120 conjunctio
3448 3049 3585 3103 dici-

323 3149 540 3219 λέγεται
592 3147 733 3204 εἶναι
767 3150 828 3203 τὸ
872 3146 1126 3219 τηνικάδε
1175 3147 1255 3209 είς
1284 3144 1347 3199 τὸ
1382 3145 1522 3215 ὑπὲρ
1569 3143 1666 3215 τὴν
1707 3140 1899 3196 ἑαυτοῦ

1999 3151 2086 3197 tur
2113 3158 2275 3200 mens
2314 3159 2435 3214 qua:
2458 3145 2712 3201 absolute
2767 3160 2930 3201 sensu
2995 3146 3265 3216 Spirituali
3320 3137 3584 3214 superna-

324 3243 485 3314 φύσιν
531 3245 560 3297 ὁ
589 3241 714 3306 νοῦς
745 3240 804 3294 τὸ
852 3239 1128 3309 ὑπερφυὲς
1169 3237 1490 3309 ἀπόκρυφον
1539 3236 1597 3288 ἓν
1647 3235 1900 3307 αἰσθήσει

322 3338 484 3408 νοερᾷ
533 3334 816 3396 ἁπολύτως
873 3331 1319 3401 φανταζόμενος’
1362 3328 1525 3392 αὐτὸς
1576 3327 1827 3399 μέντοιγε
1871 3330 1901 3383 ὁ

322 3430 448 3493 νοῦς
482 3427 622 3482 κατὰ
652 3426 815 3495 φύσιν
857 3425 885 3478 ὃ
915 3424 1114 3494 πάσχει
1145 3422 1261 3475 ἐστὶ
1294 3419 1393 3492 τὴν
1440 3420 1656 3487 ἐαυτοῦ,
1692 3420 1898 3491 καθαρ-

324 3521 508 3573 θεῖσαν
534 3521 603 3590 τῇ
642 3520 843 3589 χάριτι.
879 3514 1051 3570 Τοῦτο
1094 3513 1205 3585 γάρ
1240 3514 1358 3566 ἐστι
1386 3511 1448 3565 τὸ
1500 3514 1640 3565 νοεῖν
1678 3511 1756 3583 τῷ
1798 3511 1895 3583 νῷ,

322 3610 457 3680 ὅπερ
484 3605 748 3676 ὀφθαλμῷ
782 3607 841 3658 τὸ
862 3606 1017 3676 ὁρᾷν.
1048 3605 1258 3675 Ὠσπερ
1286 3597 1381 3656 οῦν
1404 3604 1432 3656 ό
1460 3603 1517 3655 ἐν
1546 3602 1734 3673 σκοτίᾳ
1768 3603 1899 3657 εῐσω

322 3702 484 3772 ὀρῶν,
518 3701 621 3772 ὁρᾷ
669 3698 768 3769 μὲν
797 3698 970 3761 οὐδὲν,
1010 3697 1151 3765 πλὴν
1177 3697 1280 3766 ὁρᾷ
1312 3696 1387 3759 ὡς
1428 3695 1494 3749 ἂν
1528 3694 1586 3748 ἓν
1631 3696 1806 3749 ἐκεῖνο
1837 3695 1900 3748 τὸ

326 3792 536 3855 σκότος,
566 3791 661 3843 καὶ
685 3790 784 3860 ὁρᾷ
816 3789 899 3842 ὅτι
928 3789 1027 3859 οὐχ
1053 3789 1156 3860 ὁρᾷ
1181 3806 1195 3821 θ
1229 3788 1278 3841 εί
1298 3787 1407 3857 γὰρ
1435 3786 1747 3840 κεκάλυπτο
1774 3788 1898 3851 τοὺς

323 3884 658 3954 ὀφθαλμοὺς,
694 3883 836 3952 τάχα
886 3882 953 3936 ἂν
1001 3882 1095 3936 καὶ
1142 3882 1259 3951 φῶς
1312 3878 1456 3936 εἶναι
1508 3882 1730 3953 ἐνόμισε
1771 3882 1900 3955 περὶ

323 3977 507 4041 αὐτὸν,
533 3978 629 4030 καὶ
654 3975 997 4046 πραγμάτων
1024 3972 1162 4027 ἄττα
1185 3974 1329 4027 τινάο
1353 3973 1447 4028 νῦν
1473 3973 1529 4026 δέ
1554 3974 1718 4044 ὁρῶν,
1741 3974 1900 4045 ἐναρ-

326 4069 438 4138 γῶς
465 4069 588 4139 ὁρᾷ,
620 4069 701 4121 ὅτι
727 4068 826 4137 οὐχ
855 4067 957 4138 ὁρᾷ
980 4084 992 4097 ν
1024 4066 1121 4120 καὶ
1156 4066 1218 4119 τὸ
1267 4065 1364 4136 μὲν
1393 4064 1525 4123 εἵσω
1556 4064 1649 4119 τοῦ
1678 4067 1902 4130 σκότους

332 4161 431 4230 τὴν
478 4159 711 4228 ὀπτικὴν
759 4157 1012 4228 διαϐῆναι
1043 4156 1297 4227 δύναμιν,
1334 4156 1430 4210 καὶ
1463 4153 1660 4209 ειδέναι
1708 4161 1779 4210 τὰ
1813 4171 1908 4212 κε-

328 4247 645 4320 κρυμμένα,
695 4248 837 4321 ὑπὲρ
889 4248 989 4319 τὴν
1049 4245 1141 4301 τοῦ
1183 4248 1465 4321 ὀφθαλμοῦ
1515 4249 1679 4320 φύσιν
1731 4243 1904 4316 ἐστὶν,

324 4342 520 4394 οἱκοδν
553 4341 618 4410 γέ
640 4357 723 4393 τοι
752 4340 810 4393 τὸ
835 4341 988 4412 ὁρᾷν,
1019 4340 1098 4394 ὅτι
1133 4341 1230 4412 οὐχ
1248 4343 1350 4413 ὁρᾷ
1372 4359 1386 4373 ·
1426 4340 1570 4396 οὕτω
1604 4343 1739 4416 δῆτα
1768 4342 1908 4398 κάπὶ

324 4434 420 4488 τοῦ
475 4432 612 4501 νοὸς,
651 4435 709 4487 ἐν
740 4434 808 4504 τῇ
860 4433 981 4503 θείᾳ
1015 4434 1528 4506 ἀναδεδραμηκότος
1565 4436 1909 4509 ἀποκρυφιό-

2003 3239 2179 3292 turale
2201 3251 2369 3292 unum
2409 3238 2639 3308 cogitat,
2674 3254 2796 3294 esse
2828 3239 2882 3293 in
2912 3241 3004 3295 illo
3029 3240 3170 3309 quod
3204 3255 3369 3310 supra
3412 3240 3586 3310 ipsius

2000 3333 2353 3384 naturam'est
2379 3345 2393 3396 ;
2424 3329 2542 3399 ipsa
2576 3338 2756 3385 tamen
2791 3347 2968 3396 mens,
2991 3332 3136 3402 quod
3159 3332 3365 3401 patitur
3393 3347 3587 3387 secun-

2003 3420 2132 3475 dum
2166 3420 2368 3476 mentis
2389 3430 2643 3477 naturam
2678 3424 2855 3493 gratia
2878 3424 3193 3479 mundatam
3220 3433 3321 3479 est.
3350 3424 3407 3478 ιιι
3440 3424 3584 3477 enim

2001 3513 2169 3568 menti
2208 3514 2450 3583 cogitare
2482 3521 2587 3580 est,
2624 3515 2768 3585 quod
2829 3517 3001 3571 oculis
3059 3515 3266 3572 videre.
3316 3514 3591 3583 Quematl—

1999 3604 2223 3659 modum
2277 3605 2442 3676 igitur
2496 3607 2544 3663 is
2602 3607 2694 3677 qui
2760 3606 2815 3662 in
2879 3609 3122 3664 tenebris
3189 3608 3340 3665 intus
3418 3608 3585 3673 videt,

2001 3695 2137 3750 nihil
2200 3685 2423 3771 quidem
2496 3699 2662 3761 videt,
2722 3700 2824 3755 nisi
2885 3699 3230 3754 solummodo
3285 3698 3386 3753 has
3440 3709 3591 3754 tene-

2000 3789 2150 3853 bras,
2195 3797 2249 3845 et
2307 3789 2454 3844 videt
2504 3805 2564 3845 se
2616 3805 2722 3845 non
2782 3791 3004 3857 videre;
3059 3793 3110 3845 si
3185 3791 3332 3846 enim
3398 3793 3590 3846 oculos

1999 3879 2221 3935 clausos
2279 3879 2520 3946 haberet,
2554 3878 2742 3936 forsan
2796 3890 3011 3950 putaret
3078 3883 3259 3937 lumen
3295 3882 3500 3936 circum
3528 3896 3592 3937 se

2001 3987 2122 4027 esse
2182 3979 2240 4026 et
2304 3986 2396 4027 res
2457 3971 2721 4042 quasdam
2779 3988 2795 4034 :
2872 3989 3020 4029 nunc
3068 3984 3246 4030 autem
3312 3973 3583 4044 aspiciens

2000 4062 2147 4117 videt
2178 4078 2236 4119 se
2261 4079 2372 4120 non
2394 4065 2604 4120 videre.
2639 4066 2793 4130 Quod
2822 4066 2903 4122 vis
2933 4067 3111 4136 optica
3139 4067 3279 4123 intra
3336 4067 3592 4123 tenebras

2001 4163 2271 4221 penetret,
2337 4164 2392 4210 et
2456 4157 2769 4212 abscondita
2835 4167 3131 4228 cognoscat
3202 4174 3366 4229 supra
3443 4159 3588 4213 oculi

2002 4255 2252 4303 naturam
2285 4258 2393 4315 est,
2429 4264 2536 4303 non
2570 4259 2754 4303 autem
2825 4250 3010 4306 videre
3067 4266 3125 4306 se
3183 4268 3293 4317 non
3360 4251 3589 4317 videre;

2002 4340 2076 4393 ita
2134 4345 2220 4395 est
2269 4348 2326 4395 et
2410 4340 2478 4396 de
2527 4352 2708 4398 mente
2770 4343 2824 4397 in
2889 4343 3131 4399 divinam
3196 4345 3588 4399 obscuritatem

2003 4432 2350 4505 confugiente
2379 4443 2434 4489 et
2481 4434 2618 4489 ultra
2662 4435 3049 4506 cogitationem
3080 4438 3375 4493 constituta
3405 4454 3419 4503 ;
3456 4437 3593 4491 nihil

324 4543 470 4596 τητι,
510 4528 605 4581 καὶ
636 4525 730 4581 τοῦ
781 4526 1018 4580 νοεῖσθαι
1057 4527 1316 4579 ἐπέκεινα
1350 4526 1673 4598 γενομένου.
1715 4528 1905 4598 θεωρεῖ

1999 4526 2142 4580 enim
2176 4526 2360 4594 videt;
2397 4527 2674 4598 quomodo
2706 4531 2853 4582 enim
2888 4528 3124 4598 possett?
3151 4530 3406 4583 Altamen
3437 4527 3592 4583 videt

329 4618 428 4687 μέν
459 4620 612 4675 οὐδέν
640 4636 663 4651 ο·
686 4618 852 4673 πόθεν
876 4619 1019 4691 γάρ;
1046 4618 1301 4690 μέντοιγε
1324 4619 1542 4691 θεωρεῖ,
1570 4620 1653 4672 ὅτι
1680 4619 1742 4673 οὐ
1776 4617 1911 4672 θεω-

328 4712 448 4780 ρεῖ·
479 4712 574 4765 καὶ
610 4711 693 4765 ὅτι
722 4709 751 4764 ὃ
796 4711 857 4764 οὐ
889 4711 1106 4780 θεωρεῖ,
1144 4710 1203 4763 ἐν
1243 4712 1412 4774 ἐστιν,
1464 4711 1542 4775 ὼς
1583 4712 1767 4783 γνόφῳ
1802 4712 1911 4766 τινὶ

326 4806 664 4876 ἀπόκρυφον,
700 4803 760 4871 ἐξ
811 4796 871 4855 οὗ
925 4805 1210 4874 προχεῖται
1262 4806 1371 4857 πᾶν
1415 4804 1729 4876 ὁπηδήποτε
1763 4804 1910 4876 ὂν,ἢ

325 4896 623 4967 ὁρώμενον,
676 4895 710 4967 ἢ
745 4894 1060 4965 νοούμενον,
1090 4896 1199 4947 εῖτε
1230 4897 1296 4965 τῇ
1330 4895 1506 4948 κτίσει
1547 4894 1913 4967 συναριθμοῦ-

330 5003 510 5055 μενον,
538 4984 647 5037 εἴτε
682 4983 866 5047 ἁῖδίως
896 4982 955 5036 ὃν
982 4983 1259 5037 ἀκτιστον.
1295 4984 1407 5037 Καὶ
1432 4984 1590 5053 εῖπερ
1634 4986 1708 5054 μὴ
1746 4985 1911 5038 sese.

333 5094 439 5146 ρει,
480 5078 581 5129 οὐκ
633 5075 699 5129 ἂν
746 5062 943 5128 ἑαυτοῦ
975 5076 1232 5127 ἐπέκεινα
1266 5075 1461 5128 ἐαυτὸν
1486 5068 1647 5146 ἐώρα
1673 5076 1911 5146 ὑπερεκ-

326 5167 638 5236 τεινόμενον
665 5181 680 5197 ⁸
737 5166 832 5219 νῦν
889 5165 948 5219 δὲ
984 5164 1238 5236 θεωρῶν,
1272 5166 1650 5234 ἐκφανέστατα
1696 5166 1911 5237 θεωρεῖ,

328 5258 408 5310 ὅτι
444 5257 505 5310 οὐ
538 5256 775 5328 θεωρεῖ,
826 5255 902 5310 ὢν
942 5258 1081 5329 ὑπὲρ
1135 5257 1196 5309 τὸ
1236 5256 1487 5327 θεωρεῖν,
1524 5259 1618 5312 καὶ
1668 5259 1751 5312 ὅτι
1787 5259 1914 5313 θεωο

333 5349 544 5418 ρείσθαι
599 5348 862 5403 ἀδύνατον
912 5348 942 5402 ὅ
975 5350 1036 5402 οὐ
1083 5348 1314 5420 θεωρεῖ’
1367 5352 1461 5403 καὶ
1501 5352 1633 5404 εῖσω
1667 5351 1767 5421 μὲν
1813 5351 1913 5421 τῆς

286 5452 293 5459 ’
330 5441 482 5506 θείας
512 5442 607 5495 καὶ
637 5441 780 5512 ὺπέρ
809 5440 934 5494 νοῦν
962 5442 1147 5511 ἐνικῆς
1178 5443 1658 5514 ἀποκρυφιότητος
1683 5445 1913 5497 εἰσιέναι

329 5537 424 5587 καὶ
460 5534 779 5605 θεωρῆσαι,
837 5534 977 5604 ὑπὲρ
1012 5534 1111 5603 τὴν
1162 5536 1257 5587 τοῦ
1308 5535 1425 5599 νοὸς
1461 5536 1624 5605 φύσιν
1673 5536 1819 5590 ἐστί·
1856 5536 1917 5591 τὸ

329 5626 387 5678 δὲ
416 5626 723 5695 ἀποϐλέψαι
753 5628 833 5690 είς
863 5625 953 5678 τὸν
983 5624 1127 5677 θεῖον
1171 5627 1370 5696 γνόφον
1401 5627 1614 5698 ἐκείνης
1642 5628 1743 5699 τῆς
1781 5629 1919 5682 ἀπο-

331 5717 715 5789 κρυφιότητος.
747 5717 841 5770 καὶ
865 5716 1314 5786 φαντασιωθῆναι
1336 5717 1435 5788 τὴν
1466 5719 1707 5790 ἄρρητον
1732 5720 1913 5786 ἐνάδα,

336 5809 430 5884 τὴν
479 5811 537 5862 ἐν
582 5807 936 5877 ἀνεκλαλῆτρ
990 5809 1279 5885 μυστηρίῳ
1313 5810 1721 5884 ὑπερκειμένην
1773 5814 1916 5881 ὑπὲρ

2002 4635 2061 4675 se
2090 4635 2201 4674 non
2235 4621 2454 4688 videre;
2483 4630 2535 4676 et
2561 4622 2708 4677 videt
2738 4637 2960 4692 quoque
2989 4621 3041 4676 id
3100 4622 3245 4691 quod
3284 4638 3390 4677 non
3447 4623 3593 4678 videt

2003 4728 2123 4767 esse
2157 4728 2326 4767 unum
2355 4720 2615 4782 tanquam
2652 4712 2893 4768 tenebris
2930 4696 3256 4783 quibusdam
3291 4715 3590 4769 abscondi-

2004 4815 2144 4870 tum,
2176 4822 2242 4861 ex
2306 4821 2413 4875 qua
2445 4799 3095 4877 proﬂuttntqua‘cunque
3150 4808 3426 4863 exsistunt
3476 4808 3594 4864 sive

2006 4898 2260 4965 visibilia,
2294 4898 2409 4954 sive
2435 4898 2696 4967 cogitata,
2732 4900 2847 4954 sive
2880 4901 2933 4952 in
2968 4901 3242 4956 creaturis
3274 4912 3590 4967 numerata,

2006 4992 2122 5046 sive
2150 5000 2353 5046 aeterna
2384 4993 2722 5047 ctincreata.
2768 4990 2831 5045 Et
2878 4992 2979 5047 nisi
3025 4992 3078 5046 id
3131 4995 3596 5063 contemplaretur

2007 5097 2116 5136 non
2144 5096 2203 5137 se
2230 5082 2443 5137 videret
2470 5097 2637 5152 supra
2672 5083 2910 5152 seipsam
2938 5093 3241 5140 cxtensam.
3303 5084 3461 5140 Nunc
3494 5054 3615 5152 εει-ξ

2012 5183 2114 5228 tem
2141 5175 2543 5246 contemplans,
2601 5175 3051 5231 manifestissime
3091 5181 3501 5248 contemplatur
3538 5194 3597 5234 se

2011 5281 2120 5320 non
2150 5268 2545 5333 videreycum
2605 5282 2777 5336 supra
2840 5271 3362 5341 contemplationem
3421 5272 3512 5338 sit,
3546 5282 3601 5328 et

2011 5358 2349 5429 impossibile
2380 5376 2505 5417 esse
2532 5364 2888 5434 contemplari
2923 5364 3068 5435 quod
3103 5379 3211 5418 non
3265 5365 3601 5433 contempla-

2012 5458 2143 5520 tur;
2184 5460 2241 5507 et
2305 5454 2446 5508 intra
2502 5454 2741 5509 divinam
2800 5455 2947 5510 illam
3010 5466 3097 5512 ac‘
3135 5468 3301 5526 supra
3360 5466 3597 5513 mentem

2011 5542 2405 5600 obscuritatem
2473 5546 2681 5602 intrare
2733 5554 2787 5601 et
2835 5562 2953 5601 eam
3006 5548 3388 5618 contemplari,
3433 5563 3601 5616 supra

2012 5638 2216 5693 mentis
2252 5646 2503 5693 naturam
2539 5648 2668 5708 est;
2715 5639 2963 5710 aspicere
3018 5650 3198 5694 autem
3261 5640 3327 5694 ad
3384 5636 3601 5696 divinas

2014 5726 2179 5797 hujus
2232 5726 2593 5784 obscuritatis
2644 5729 2898 5785 tenebras
2957 5738 3011 5786 et
3061 5730 3393 5787 ineffabilem
3452 5731 3603 5788 illam

2018 5819 2279 5875 unitatem
2310 5817 2596 5895 imaginari
2632 5820 2689 5878 in
2746 5818 3007 5881 ineffabili
3074 5824 3337 5895 mysterio
3368 5824 3603 5897 positam
