4058 6450
482 319 592 382 883

1646 303 1997 367 CALLlSTl
2046 296 2662 362 CATAPliUGlOTE

3650 289 3748 350 εει

483 442 652 496 super
691 426 899 490 omnia,
927 431 982 481 et
1001 423 1188 479 videre
1226 436 1286 480 se
1315 420 1452 478 nihil
1477 419 1618 476 intra
1649 418 1864 473 divinas
1923 403 2069 470 tene-

2174 409 2412 474 ἅπαντα,
2447 409 2543 461 καὶ
2587 409 2669 460 ὅτι
2695 407 2757 461 οὑ
2787 405 2984 478 θεωρεῖ
3007 405 3282 479 θεωρῆσαι
3311 409 3442 463 εἵσω
3478 410 3575 463 τοῦ
3608 411 3750 466 θείου

483 522 610 577 bras
641 518 848 587 videre,
895 527 980 576 est
1043 515 1241 572 divina;
1287 515 1486 570 mentis
1555 509 1836 582 proprium
1907 515 1962 562 et
2017 504 2070 558 in

490 617 698 684 Spiritu
751 613 1201 684 contemplantis.
1260 611 1378 665 Non
1463 608 1610 671 enim
1665 604 1948 660 occlusum
2020 610 2075 656 et

481 713 821 764 destructum
851 705 1192 776 spiritualem
1235 711 1514 773 aspectum
1566 708 1621 754 et
1652 695 1790 752 nihil
1843 709 2076 764 operan-

482 814 590 856 tem
617 817 772 858 mens
807 800 988 865 habet,
1017 795 1238 868 quando
1257 793 1663 863 contemplatur
1683 805 1742 845 se
1767 803 1872 843 non
1893 785 2077 841 videre

486 892 595 946 nisi
616 891 860 945 divinum
890 898 945 944 et
972 887 1289 958 sitnplititer
1338 901 1502 939 unum
1561 883 1614 937 in
1685 878 2022 936 obscuritate
2057 891 2070 928 :

483 984 698 1041 ileuim
725 994 811 1040 est
836 970 1159 1054 ignorantia:
1193 978 1485 1034 indicium.
1517 974 1621 1030 Sed
1646 972 1868 1044 quando
1901 969 2078 1025 mani-

483 1077 679 1132 festius
731 1075 1154 1144 contemplatur,
1190 1082 1320 1127 tunc
1351 1070 1416 1125 ad
1453 1067 1586 1124 illud
1620 1065 1765 1138 quod
1797 1075 1882 1122 est
1906 1077 2072 1134 supra

483 1177 723 1223 mentem
749 1166 1008 1231 accurrit,
1033 1173 1088 1218 et
1123 1163 1270 1218 videt
1301 1163 1576 1234 propriam
1623 1159 1986 1229 ignorantiam
2016 1157 2072 1209 in

485 1263 671 1316 divina
749 1254 1140 1327 simplicissimi
1203 1254 1366 1308 unius
1423 1252 1763 1308 obscuritate
1822 1247 2075 1304 conside-

487 1365 616 1406 rans
642 1349 773 1418 ;sed
798 1357 979 1403 tamen
1006 1361 1172 1400 unum
1202 1361 1324 1401 esse
1357 1343 1487 1399 illud
1510 1360 1576 1400 ex
1609 1357 1720 1414 quo
1783 1339 1964 1396 omnia
2019 1344 2076 1392 et

483 1457 609 1497 esse
638 1439 1019 1504 absconditum
1049 1435 1337 1494 manifeste
1373 1435 1538 1491 videt.
1571 1431 1714 1499 Quid
1780 1439 1963 1487 autem
2002 1427 2074 1484 sit

435 1594 437 1597 ι
485 1546 594 1587 non
621 1530 788 1596 ridet,
816 1538 869 1585 et
889 1529 1090 1585 dicitur
1119 1537 1356 1584 mentem
1423 1541 1547 1582 esse
1568 1539 1736 1594 supra
1795 1521 2069 1594 propriam

483 1640 640 1679 suam
675 1635 925 1679 naturam
957 1637 1054 1692 per
1078 1620 1233 1685 illud,
1257 1622 1309 1676 iu
1333 1628 1620 1696 quantum,
1647 1619 1701 1673 in
1730 1612 2076 1684 simplicissi-

485 1732 574 1774 ma
635 1714 730 1772 Dei
789 1715 1128 1772 obscuritate
1179 1713 1637 1783 contemplatur;
1695 1708 1825 1765 illud
1884 1717 2068 1763 autem

480 1823 605 1864 esse
658 1808 828 1864 menti
899 1807 1049 1874 licet,
1128 1815 1420 1878 postquam
1479 1805 1678 1878 munda
1756 1802 1899 1857 facta
1973 1800 2069 1856 sit.

485 1902 549 1957 Et
586 1910 646 1956 ut
671 1901 747 1956 ita
767 1899 966 1964 dicam,
1004 1899 1106 1970 ipsi
1133 1899 1454 1954 naturaliter
1487 1897 1630 1952 inest
1660 1897 1713 1952 in
1740 1902 2072 1966 supernatu-

483 1995 584 2049 rnli
618 1993 759 2059 ﬁeri,
792 2007 916 2049 cum
945 1992 1120 2048 tendit
1147 1993 1213 2048 ad
1245 1991 1488 2047 divinam
1516 1989 1661 2044 illam
1691 1996 1744 2043 et
1776 1987 2071 2057 simplicis-

481 2088 677 2143 simam
705 2101 872 2157 supra
908 2094 1149 2142 mentem
1213 2100 1375 2138 unam
1433 2082 1882 2140 occultationem.
1950 2078 2068 2134 Non

481 2180 980 2251 rnimeognitivam
1045 2177 1452 2246 perceptionem
1513 2176 1696 2240 habet,
1752 2175 1854 2230 nisi
1904 2172 2069 2228 unius

486 2271 1095 2338 lujusinaccessibilis.
1155 2269 1218 2323 Et
1256 2284 1390 2323 sane
1451 2267 1583 2322 iiluc
1632 2282 1726 2335 per
1785 2265 2068 2334 proprium

481 2375 690 2420 motuin
714 2364 1001 2430 accedens,
1031 2364 1084 2417 in
1112 2372 1254 2417 statu
1281 2373 1330 2414 et
1354 2361 1534 2431 quiete
1566 2369 1767 2428 cessat;
1786 2373 1893 2413 non
1923 2356 2067 2412 enim

484 2468 689 2513 statum
709 2457 836 2512 dico
855 2459 948 2527 qui
973 2455 1184 2526 absque
1201 2452 1659 2522 contemplatione
1686 2462 1804 2520 est;
1834 2451 1884 2506 id
1921 2450 2068 2504 cnim

480 2548 911 2615 t-ssetinsauia;
948 2549 1041 2603 sed
1066 2556 1264 2601 statum
1304 2555 1357 2600 et
1409 2546 1646 2613 quietem
1672 2559 1797 2614 qum
1848 2543 1905 2598 ﬁt
1940 2556 2065 2596 cum

478 2639 592 2710 jam
625 2655 733 2697 non
757 2655 823 2696 ex
847 2640 1178 2711 cogitatione
1196 2639 1262 2694 ad
1283 2640 1667 2709 cogitationem
1699 2647 1790 2690 aut
1823 2647 2036 2691 contem
2055 2664 2067 2675 -

485 2735 778 2804 plationem
817 2736 1034 2790 transit.
1067 2731 1221 2790 Meus
1260 2749 1405 2801 eum,
1439 2747 1562 2788 cum
1595 2731 1724 2786 illuc
1761 2728 2068 2786 assurrexit

482 2838 771 2899 postquam
836 2828 890 2882 in
955 2827 1319 2883 inlinitudiuis
1385 2835 1440 2880 et
1514 2821 2064 2886 indetermiuationis,

481 2919 1068 2992 abyssum,spiriluali
1135 2919 1341 2974 lumine
1388 2919 1606 2982 cecidit,
1668 2915 1866 2972 divinas
1922 2915 2066 2969 illius

484 3012 778 3068 invisibilis
823 3010 1178 3068 obscuritatis
1225 3007 1890 3080 iucomprehensihilitate
1951 3005 2065 3058 cir-

2172 502 2372 570 γνόφου
2401 499 2574 565 οὐδὲν,
2607 503 2702 553 καὶ
2734 499 2876 552 πάνυ
2910 517 2993 552 τοι
3021 499 3264 570 καθαροῦ
3296 501 3414 564 νοὸς
3442 501 3591 568 ῐδιον,
3619 503 3751 556 θεω-

2174 591 2398 662 ροῦντος
2431 592 2488 644 ὲν
2515 589 2825 661 Ιινεύματιη
2853 591 2928 643 Οὐ
2954 591 3062 662 γάρ
3090 590 3489 664 κεκλεισμένην
3517 595 3628 665 ἔχει
3663 598 3754 649 καὶ

2173 685 2417 755 μύουσαν
2447 685 2546 756 τὴν
2576 684 2771 754 νοεράν
2805 683 3127 754 ἀπόϐλεψιν,
3153 685 3250 738 καὶ
3271 685 3552 757 ἀργοῦσαν
3580 689 3608 741 ὀ
3633 688 3755 751 νοῦς

2171 777 2261 830 ὅτε
2301 775 2532 847 θεωρεῖ,
2589 776 2670 828 ὃτι
2715 774 2776 827 οὐ
2837 775 3054 845 θεωρεῖ,
3089 776 3136 827 εί
3195 775 3270 848 μὴ
3310 777 3368 830 τὸ
3419 777 3606 844 Θεῖον,
3660 780 3755 834 καὶ

2173 867 2360 932 ἁπλῶς
2395 869 2452 921 ἐν
2493 867 2931 939 ἀποκρυφιότητι
2969 868 3062 920 ἕν’
3117 867 3276 922 τοῦτο
3323 869 3431 942 γάρ
3485 872 3756 942 ἀμαθείας

2175 959 2464 1030 σύμῦολον.
2515 957 2652 1012 Ἀλλ’
2691 959 2780 1012 ὅτε
2811 959 3013 1030 μᾶλλον
3046 960 3295 1030 ἐκφανῶς
3331 961 3606 1036 θεωρήσῃ,
3638 967 3757 1018 τότε

2172 1055 2253 1117 εἰς
2300 1052 2362 1107 τὸ
2405 1053 2544 1124 ὑπὲρ
2591 1052 2718 1108 νοῦν
2768 1053 3091 1122 ἀνατρέχει,
3142 1055 3235 1106 καὶ
3263 1054 3384 1107 τότε
3440 1055 3635 1128 θεωρεῖ
3661 1057 3758 1128 τὴν

2173 1141 2368 1196 ἑαυτοῦ
2421 1141 2683 1212 ἀὸλεψίαν
2722 1144 2782 1195 ὲν
2820 1145 2889 1214 τῇ
2933 1142 3027 1196 τοῦ
3063 1142 3439 1197 ἁπλουστάτου
3472 1146 3589 1209 ἐνὸς
3621 1147 3755 1200 ἁπο-

2171 1235 2499 1306 κρυφιότητι
2544 1235 2804 1306 θεωρῶν·
2843 1234 3090 1304 καίτοιγε
3157 1235 3240 1288 ὅτι
3271 1237 3328 1289 ἓν
3363 1239 3480 1290 ἐστι
3511 1239 3569 1291 τὸ
3609 1239 3667 1303 ἐξ
3697 1232 3757 1293 οὗ

2171 1326 2243 1380 τὰ
2271 1327 2467 1390 πάντα,
2497 1327 2593 1381 καὶ
2619 1328 2702 1380 ὅτι
2726 1325 2982 1397 κρύφιον,
3016 1328 3110 1381 καὶ
3139 1328 3287 1398 μάλα
3318 1330 3504 1399 σαφῶς
3540 1329 3752 1401 θεωρεῖ.

2173 1416 2239 1470 Τί
2265 1419 2325 1472 δέ
2355 1419 2502 1474 ἐστιν
2536 1418 2597 1471 οὐ
2631 1417 2850 1490 θεωρεῖ,
2883 1421 2976 1472 καὶ
3005 1411 3226 1488 λέγεται
3255 1413 3395 1474 εἶναι
3425 1422 3504 1485 εἰς
3525 1421 3591 1475 τὰ
3617 1421 3755 1494 ὑπὲρ

2173 1511 2338 1580 φύσιν
2377 1513 2405 1564 ό
2446 1510 2573 1575 νοῦς
2608 1511 2697 1564 διὰ
2738 1510 2911 1564 ταῦτα
2947 1513 3047 1582 τήν
3089 1513 3307 1581 ἑαυτοῦ,
3336 1514 3420 1583 ἐφ’
3453 1515 3574 1574 ὅσον
3603 1517 3659 1568 ὲν
3690 1520 3754 1590 τῇ

2171 1603 2265 1657 τοῦ
2323 1603 2460 1656 Θεοῦ
2517 1603 2867 1675 ἁπλουστάτη
2917 1603 3222 1658 ἀποϐλέπει
3278 1608 3752 1679 ἀποκρυζειότητιο

2173 1693 2314 1749 εἶναι
2339 1695 2396 1749 δὲ
2424 1696 2581 1749 τοῦτο
2622 1695 2770 1766 αὐτῷ
2805 1696 2946 1750 κατά
2994 1696 3156 1766 φύσιν
3195 1697 3314 1751 ἐστὶ
3347 1699 3569 1769 καθαρῷ
3597 1717 3756 1770 γεγοο

2174 1787 2287 1842 νότι
2309 1803 2324 1818 ·
2363 1789 2458 1841 καὶ
2495 1783 2608 1840 οἷον
2642 1788 2818 1840 εἰπεῖν
2855 1789 2998 1842 κατὰ
3034 1788 3198 1858 φύσιν
3227 1791 3371 1844 ἐστὶν
3401 1792 3548 1863 αὑτῷ
3591 1795 3649 1847 ὲν
3680 1795 3756 1866 τῷ

2175 1880 2317 1953 ὑπὲρ
2352 1882 2514 1950 φύσιν
2561 1880 2831 1949 γίνεσθαι,
2865 1882 3220 1952 ἀνομμάτως,
3251 1885 3524 1937 τουτέστιν
3572 1889 3757 1941 ἀνεπι-

2175 1977 2379 2043 νοήτως
2435 1971 2743 2025 ἐπιόάλλων
2790 1970 2898 2044 [Ion
2964 1973 3332 2047 ὲπιὸάλλοντι]
3378 1979 3446 2048 τῇ
3496 1975 3614 2048 θείᾳ
3663 1983 3757 2034 καὶ

2175 2067 2624 2138 ὑπερηπλωμένῃ
2657 2066 2798 2138 ὑπὲρ
2831 2065 2956 2120 νοῦν
3000 2068 3151 2138 ἑνικῇ
3188 2068 3620 2141 ἀποκρυφιότητι
3642 2089 3654 2102 ·
3695 2074 3754 2126 οὐ

2175 2162 2284 2235 γὰρ
2318 2163 2431 2232 ἔχει
2469 2161 2593 2214 τότε
2642 2171 2740 2232 την
2787 2160 3073 2214 ὁποιανοῦν
3102 2162 3411 2234 γνωστικὴν
3441 2165 3754 2236 ἀντίληψιν,

2175 2256 2258 2308 ὅτι
2289 2255 2365 2324 μὴ
2399 2255 2496 2325 τὴν
2534 2253 2631 2306 τοῦ
2684 2254 3077 2325 ἁνεκφοιτήτου
3108 2255 3247 2318 ἑνός.
3295 2257 3403 2308 Καὶ
3447 2262 3552 2328 μὴν
3582 2259 3756 2312 ἐκεῖσε

2176 2347 2467 2416 γενόμενος
2516 2345 2582 2398 δι’
2628 2345 2837 2408 οίκείας
2892 2345 3045 2415 αὑτῷ
3086 2346 3386 2418 κινήσεως,
3439 2351 3517 2412 εἰς
3573 2350 3757 2403 ottith

2175 2435 2332 2506 λήγει
2383 2437 2474 2490 καὶ
2529 2435 2781 2489 παῦλανο
2832 2437 2956 2508 οὐχὶ
3004 2439 3191 2491 στάσιν
3221 2439 3364 2502 λέγω
3411 2441 3518 2494 ἀπό
3550 2457 3611 2509 γε
3659 2441 3750 2495 τοῦ

2177 2525 2404 2594 θεωρεῖν
2428 2539 2441 2552 ·
2474 2523 2631 2576 τοῦτο
2661 2525 2770 2596 γὰρ
2811 2527 3040 2596 μανικὸν
3067 2525 3129 2579 τὸ
3164 2527 3368 2592 πάθος·
3403 2528 3535 2584 ἀλλά
3574 2532 3754 2585 οτάσιν

2178 2621 2272 2673 καὶ
2335 2619 2582 2681 παῦλαν,
2639 2619 2734 2672 τοῦ
2791 2619 3140 2690 μεταϐαίνειν
3194 2620 3304 2674 ἀπὸ
3351 2623 3620 2693 νοήματος
3677 2626 3757 2689 είς

2177 2712 2378 2781 νόημα,
2420 2710 2454 2782 ἦ
2490 2709 2772 2782 θεώρημα.
2815 2711 2876 2765 Ὃ
2920 2713 3029 2784 γάρ
3057 2729 3139 2766 τοι
3179 2713 3303 2778 νοῦς
3333 2715 3510 2769 ἐκεῖσε
3553 2717 3756 2770 ἀναπε-

2178 2804 2476 2876 πῃδηκὼς,
2514 2805 2703 2875 ἐπειδὴ
2735 2805 2882 2878 βυθῷ
2927 2807 3184 2878 ἀπειρίας
3216 2808 3310 2861 καὶ
3347 2811 3625 2882 ἀοριστίας
3661 2829 3757 2864 πε-

2180 2900 2426 2969 ριπίπτει
2471 2897 2529 2950 ὲν
2556 2901 2695 2966 φωτὶ
2721 2899 2892 2968 νοερῷ
2911 2938 2926 2964 ,
2955 2897 3034 2970 τῷ
3065 2901 3422 2972 ἀπεριλήπτῳ
3452 2903 3756 2975 περιτυχὼν

2176 2991 2278 3060 τῆς
2322 2989 2476 3053 θείας
2503 2990 2714 3059 ἐκείνης
2750 2990 3083 3061 ἀπεριόπτου
3123 2992 3615 3065 ἀποκρυφιότητος,
3648 2991 3756 3049 οἷον

481 3105 761 3168 rumdata,
793 3112 852 3160 ut
881 3104 975 3169 ita,
999 3103 1203 3166 dicam,
1230 3100 1434 3167 deficit,
1490 3109 1546 3154 et
1610 3108 1880 3162 moratur,
1930 3097 2064 3151 nihil

2180 3084 2378 3148 εἰπεῖν,
2421 3080 2689 3150 ἐκλείπει,
2733 3085 2829 3135 καὶ
2869 3083 3103 3148 ἵσταται,
3147 3086 3316 3156 μηδὲν
3349 3087 3556 3158 ἕτερον,
3589 3089 3621 3160 ἢ
3661 3090 3757 3158 τὴν

484 3203 630 3258 aliud
661 3203 878 3271 patiens
909 3215 1075 3272 quam
1131 3207 1410 3268 stuporem
1452 3195 1506 3250 in
1544 3195 1813 3264 spirituali
1880 3193 2066 3262 splen-

483 3294 732 3350 dore.Et
783 3309 915 3348 sane
979 3305 1245 3348 conversa
1293 3288 1566 3358 spirituali
1628 3295 1807 3341 tamen
1861 3285 2070 3341 lumine

483 3385 722 3442 afﬁcitur
779 3382 1142 3441 itumohiliter
1200 3380 1476 3451 aspiciens
1529 3379 1582 3433 in
1664 3376 2065 3448 superuaturali

484 3477 847 3542 obscuritate,
911 3475 1120 3530 unitive
1201 3489 1267 3530 ac
1349 3471 1674 3541 simpliciter
1723 3470 2066 3524 inaccessum

485 3565 792 3639 splendoris
838 3565 1004 3636 hujus
1056 3563 1206 3620 foras
1256 3578 1365 3640 non
1422 3559 1747 3633 prodeuntis
1790 3562 2066 3616 internum

487 3676 777 3731 permeans
798 3669 852 3717 et
881 3659 1007 3715 inde
1030 3667 1244 3716 ornata.
1275 3656 1329 3712 Si
1385 3671 1513 3711 vero
1564 3671 1594 3711 a
1646 3653 2068 3722 contrmplando

485 3757 814 3818 abstineret,
900 3751 1178 3824 quomodo
1236 3759 1512 3822 stuporem
1573 3759 1628 3804 et
1717 3749 2066 3819 splendorem

486 3847 800 3916 pateretur?
849 3846 955 3901 Sed
1009 3845 1111 3900 hoc
1172 3844 1336 3898 modo
1363 3852 1508 3898 stare
1570 3852 1808 3895 mentem
1869 3839 2069 3894 dicitur

484 3940 617 3993 illuc
649 3923 975 4007 profectam,
1025 3931 1154 4000 quia
1191 3930 1485 3985 immobilis
1508 3939 1589 3984 est
1617 3943 1785 3982 unum
1823 3937 2068 3982 contem-

491 4033 646 4100 plans
676 4039 732 4085 et
766 4030 932 4086 unius
960 4028 1248 4098 splendore
1266 4024 1454 4080 aﬂ‘ecta
1473 4032 1525 4077 et
1543 4023 1780 4093 gaudens
1805 4029 1857 4074 et
1886 4021 2070 4089 splen-

488 4129 660 4192 ilaus;
693 4131 748 4177 et
793 4129 939 4177 stare
999 4133 1108 4173 non
1162 4129 1386 4174 motam.
1451 4130 1560 4170 non
1612 4112 2064 4182 comprimentem

487 4231 643 4270 suam
670 4210 1152 4283 contemplationis
1178 4209 1488 4263 fruitionem
1511 4223 1526 4273 ;
1551 4220 1614 4262 ea
1644 4206 1788 4261 enim
1813 4205 2066 4275 fugienda

491 4319 576 4363 εει
611 4306 851 4368 aﬂectio,
876 4319 1057 4373 neque
1087 4301 1357 4356 laudanda
1385 4308 1437 4355 et
1470 4298 1792 4369 ignorantia:
1827 4298 2068 4354 tenebris

488 4407 672 4470 plena,
731 4412 1014 4466 nunquam
1082 4395 1195 4449 ullo
1247 4392 1408 4446 modo
1456 4390 1835 4461 contemplari.
1884 4389 2065 4444 Dictus

2181 3172 2449 3242 ἔκπληξιν
2501 3174 2558 3225 ὲν
2602 3173 2918 3245 φαιδρότητι
2955 3174 3184 3245 πάσχων
3215 3179 3406 3248 νοερᾷι
3455 3179 3548 3232 καί
3578 3197 3639 3248 γε
3683 3181 3758 3252 μή

2185 3266 2558 3337 μεταϐαίνων,
2604 3267 2752 3336 ὅμως
2802 3266 2878 3336 τῷ
2919 3267 3092 3338 νοερῷ
3139 3270 3406 3340 φωτισμῷ
3457 3273 3757 3340 ἐνεργεῖται

2181 3359 2402 3430 ἀφορῶν
2440 3360 2711 3428 ἀκινήτως
2741 3357 2801 3410 ὲν
2844 3361 2908 3428 τῇ
2941 3359 3248 3430 ὑπερουσίῳ
3291 3361 3755 3432 ἀποκρυφιότητι,

2180 3450 2376 3514 ἑνικῶς
2411 3467 2471 3504 τε
2499 3449 2596 3504 καὶ
2647 3449 2935 3528 μονοειδῶς
2973 3453 3038 3522 τῇ
3076 3451 3356 3524 ἀπροσίτῳ
3400 3455 3635 3526 ἐνδότητι
3663 3457 3760 3525 τῆς

2179 3545 2574 3613 ἀνεκιροιτήτου
2601 3541 2930 3612 τηλαυγείας
2962 3541 3412 3614 διαπορούμενος,
3446 3548 3537 3599 καὶ
3567 3546 3761 3599 καλλυ-

2179 3637 2427 3707 νόμενος.
2459 3637 2522 3688 Εἰ
2560 3634 2604 3688 δ’
2638 3630 2706 3705 ἦν
2748 3635 2856 3688 ἀπὸ
2895 3635 2989 3688 τοῦ
3031 3635 3258 3706 θεωρεῖν
3304 3640 3507 3710 ἀργὸς,
3544 3640 3660 3703 πῶς
3695 3641 3759 3693 ἂν

2178 3731 2385 3801 ἔπασχε
2434 3729 2497 3782 τὸ
2544 3728 2944 3799 ἐκπλήττεσθαι
2995 3729 3092 3783 καὶ
3141 3731 3567 3802 φαιδρύνεσθαις
3605 3733 3762 3787 Ἀλλά

2177 3823 2367 3878 τοῦτον
2397 3823 2488 3875 τὶν
2532 3821 2733 3892 τρόπον
2762 3819 2980 3888 λέγεται
3019 3821 3296 3886 ἵστασθαι,
3352 3824 3547 3877 αὐτόσε
3599 3842 3756 3894 γεγο-

2179 3915 2306 3968 νότα
2334 3914 2428 3967 τὸν
2453 3913 2577 3966 νοῦν
2601 3954 2614 3978 ,
2645 3913 2726 3964 ὅτι
2765 3911 3123 3980 ἀμεταϐάτως
3153 3911 3266 3982 ἔχει
3307 3913 3367 3965 τὸ
3420 3914 3478 3967 ἒν
3506 3915 3722 3987 θεωρῶν
3743 3960 3759 3981 ,

2179 4006 2276 4060 καὶ
2317 4008 2386 4079 τῇ
2419 4004 2515 4058 τοῦ
2547 4005 2664 4066 ἑνὸς
2711 4002 2912 4073 ἀγλαΐᾳ
2939 4003 3034 4055 καὶ
3071 4005 3460 4075 προσπάσχων,
3501 4009 3592 4060 καὶ
3639 4009 3761 4077 χαί-

2180 4112 2314 4168 ρων,
2343 4096 2442 4152 καὶ
2477 4093 2952 4166 λαμπρυνάμενος,
2985 4094 3078 4145 καὶ
3107 4093 3354 4148 ἵστασθαι
3394 4097 3468 4165 μὴ
3499 4096 3757 4168 κινούμε-

2174 4215 2286 4264 νος,
2333 4196 2398 4251 οὐ
2452 4195 2560 4268 μὴν
2592 4196 2746 4267 μύων
2778 4196 2878 4269 τὴν
2909 4196 3182 4266 σφετέραν
3218 4195 3317 4266 τῆς
3349 4195 3583 4266 θεωρίας
3622 4193 3758 4250 ἀπό-

2173 4291 2366 4346 λαυσιν
2381 4306 2396 4322 ·
2426 4288 2585 4343 τοῦτο
2607 4289 2714 4359 γάρ
2734 4288 2967 4358 φευκτὸν
2991 4287 3054 4342 τὸ
3075 4287 3268 4354 πάθος,
3299 4288 3393 4340 καὶ
3418 4287 3516 4344 οὐκ
3537 4288 3756 4342 ἐπαινεη

2172 4385 2284 4447 τὸν,
2316 4382 2411 4436 καὶ
2442 4383 2666 4448 σκότους
2689 4381 2912 4450 ἀγνοίας
2942 4380 3201 4452 ἔμπλεον,
3242 4380 3467 4452 μηδαμῆ
3493 4380 3756 4451 μηδαμῶς

488 4502 670 4548 autem
704 4490 904 4544 mentis
925 4497 1104 4544 status
1133 4502 1229 4550 per
1253 4486 1594 4540 inaccessum
1627 4483 1867 4538 huminis
1885 4483 2068 4553 spicu-

2175 4466 2420 4544 Gswpeiv.
2439 4473 2503 4527 Ἠ
2532 4474 2577 4528 δ’
2603 4474 2870 4544 εἰρημένη
2895 4474 3087 4536 στάσις
3117 4472 3210 4526 τοῦ
3241 4471 3354 4537 νοῦ,
3381 4472 3520 4526 κατὰ
3542 4472 3753 4542 ἀπρόσ-

483 4590 673 4638 dorem
706 4584 786 4649 iit,
811 4592 865 4637 et
894 4579 1291 4648 contemplatio
1319 4588 1405 4633 est
1439 4592 1545 4632 non
1593 4591 1844 4646 quaerens
1899 4585 2072 4630 trans-

483 4679 872 4743 mutationem,
931 4673 1025 4730 sed
1080 4671 1324 4742 l‘cqult'lll
1394 4686 1456 4725 ac
1507 4681 1736 4725 statum.
1791 4669 2068 4724 Infinitum

482 4774 629 4826 cnim
657 4780 741 4826 est
777 4768 912 4824 illud
963 4767 1516 4838 supersubstautiale,
1566 4772 1621 4820 et
1686 4765 2066 4819 absconditum

485 4863 902 4936 supernaturale
925 4878 1116 4929 unum,
1151 4870 1206 4915 et
1232 4860 1453 4915 cuilibet
1484 4858 1649 4934 menti
1687 4858 2023 4910 inaccessum
2054 4870 2068 4918 ;

484 4972 660 5028 neque
676 4955 1053 5011 licetmentem
1071 4968 1192 5024 qua:
1219 4951 1621 5022 contemplatur
1634 4950 1740 5003 alio
1762 4948 1922 5002 modo
1943 4964 2074 5003 con-

486 5047 877 5116 templatimisi
897 5047 949 5100 in
969 5055 1230 5114 quantum
1256 5054 1403 5100 esset
1427 5044 1529 5099 sibi
1559 5042 1939 5096 convenientis
1970 5057 2071 5110 pu-

487 5142 664 5198 ritatis
680 5149 733 5194 et
755 5138 957 5194 divinae
982 5136 1200 5191 uniouis
1227 5138 1519 5206 particeps.
1542 5133 1607 5186 Et
1625 5147 1730 5185 neu
1753 5132 1912 5186 aliter
1936 5133 2073 5186 divi-

481 5251 560 5288 nae
583 5232 710 5288 huic
722 5229 1165 5298 contemplationi
1191 5242 1255 5282 ac
1280 5226 1581 5296 splendenti
1601 5225 1993 5295 pulchritudini
2015 5237 2069 5280 ct

479 5325 804 5382 influitudiui
823 5323 1082 5390 adhaeret,
1097 5340 1257 5394 quant
1276 5331 1502 5376 attracta
1517 5331 1570 5376 et
1583 5319 1772 5376 ati'ecta
1790 5320 1856 5374 ab
1875 5323 1962 5376 illa
1977 5330 2071 5378 aut

479 5416 853 5484 assumptione
882 5423 977 5469 aut
1002 5414 1239 5468 naturali
1259 5428 1419 5483 quam
1457 5413 1661 5483 patitur
1683 5416 2063 5470 conversione.

549 5578 641 5633 44.
684 5575 848 5632 Menti
883 5577 1132 5630 naturale
1162 5584 1242 5630 est
1285 5579 1525 5645 cogitare
1557 5592 1573 5642 ;
1611 5576 1665 5630 iu
1690 5589 1840 5632 motu
1879 5589 2063 5635 autem

478 5681 530 5723 rt
565 5670 862 5724 mutatione
888 5671 1165 5738 cogitatio.
1203 5669 1496 5737 Postquam
1547 5681 1729 5723 autem
1788 5689 1943 5728 oens
2010 5676 2064 5731 in

443 5753 446 5756 ’
487 5761 592 5815 ιεεο
623 5765 900 5824 versatur,
932 5773 1098 5828 supra
1144 5760 1528 5829 cogitationem
1562 5761 1838 5816 invenitur
1876 5774 1930 5818 et
1967 5781 2062 5819 su-

459 5853 581 5918 ‘pt'a
631 5859 836 5903 motum
874 5863 893 5916 ς
927 5858 1054 5908 tunc
1117 5849 1311 5904 merito
1367 5847 1640 5905 diceretur
1688 5865 1844 5906 meus
1899 5867 2065 5923 supra

2173 4584 2283 4619 ιτον
2322 4565 2500 4634 φωτὸς
2532 4565 2799 4636 ἔλλαμψιν
2830 4557 3067 4635 γίνεται,
3128 4568 3223 4621 καὶ
3270 4567 3472 4638 θεωρία
3500 4566 3637 4632 ἐστὶ,
3678 4565 3751 4636 μὴ

2172 4660 2413 4728 ζητοῦσα
2475 4660 2814 4731 μετάϐασιν,
2895 4661 3032 4732 ἀλλά
3105 4663 3330 4716 παῦλαν,
3389 4663 3483 4714 καὶ
3547 4661 3752 4714 στάσιν.

2176 4755 2443 4826 ’Ἄπειρον
2469 4755 2576 4826 γάρ
2608 4755 2756 4808 ἐστιν
2777 4756 2954 4808 ἐκεῖνο
2976 4755 3036 4808 τὸ
3076 4755 3373 4826 ὑπερφυὲς,
3407 4754 3500 4808 καὶ
3533 4753 3756 4824 κρυφιό-

2175 4863 2378 4915 μυστον
2421 4845 2747 4916 ὑπερούσιον
2794 4847 2852 4899 ἓν
2879 4886 2892 4910 ,
2935 4847 3031 4900 καὶ
3077 4846 3379 4900 ἀνέκϐατον
3434 4847 3510 4916 νῷ
3562 4846 3751 4910 παντὶ,

2173 4939 2264 4990 καὶ
2297 4937 2493 4992 ἄλλοσέ
2527 4956 2604 5008 πη
2650 4937 2879 5008 θεωρεῖν
2910 4939 2970 4991 οὐ
3007 4941 3283 5011 συγχωρεῖ
3317 4939 3410 4992 τὸν
3451 4937 3756 5006 θεωροῦντα

2172 5029 2338 5082 αὑτὸν
2367 5029 2513 5092 νοῦν,
2583 5029 2814 5098 καθόσον
2845 5029 2910 5082 ἂν
2946 5032 3031 5101 εἴη
3071 5029 3412 5102 μετειληφὼς
3441 5031 3468 5082 ό
3508 5028 3629 5091 νοῦς
3657 5029 3752 5080 ἀνι-

2171 5123 2414 5187 ηκούσης
2439 5121 2586 5191 αὐτῷ
2619 5123 2962 5193 καθάρσεως,
2984 5125 3078 5176 καὶ
3109 5123 3260 5185 θείας
3292 5123 3621 5190 συνάρσεως.
3648 5120 3757 5174 Καὶ

2172 5211 2273 5262 οῦκ
2309 5210 2488 5275 ἄλλως
2529 5214 2862 5284 μεταπίπτει
2907 5231 2971 5282 γε
3015 5215 3112 5284 τῆς
3146 5215 3293 5278 θείας
3339 5213 3573 5283 ταυτησὶ
3618 5212 3754 5265 θεωο

2175 5307 2334 5374 ρὶας,
2393 5307 2490 5361 καὶ
2544 5308 2859 5378 ὑπερκάλου
2916 5309 3179 5378 ἀγλαΐας,
3238 5308 3332 5360 καὶ
3383 5309 3670 5378 ἀπειρίας,
3720 5304 3754 5375 ἢ

2172 5399 2571 5471 ἀνθελκόμενος
2623 5401 2730 5454 ὑπό
2759 5418 2854 5455 του
2901 5400 3256 5470 προσπαθὼν,
3285 5401 3319 5471 ἢ
3362 5398 3684 5472 προσλήψει,
3718 5397 3754 5470 ἢ

2170 5492 2274 5545 ὑπὸ
2301 5491 2401 5564 τῆς
2433 5493 2672 5565 φυσικῆς
2693 5534 2706 5558 ,
2740 5497 2807 5566 ἢν
2839 5495 3037 5566 πάσχει
3067 5495 3452 5565 τρεπτὸτητος.

2243 5583 2346 5657 μδ’.
2374 5587 2464 5657 Τῷ
2492 5587 2569 5658 νῷ
2619 5587 2781 5657 φύσις
2808 5588 2868 5642 τὸ
2890 5593 3033 5643 νοεῖν
3058 5606 3074 5620 ·
3104 5591 3162 5643 ὲν
3189 5589 3402 5660 κινήσει
3425 5589 3481 5643 δὲ
3507 5589 3568 5643 τὸ
3596 5590 3752 5654 νοεῖν,

2170 5680 2262 5732 καὶ
2313 5682 2632 5749 μεταϐάσει.
2683 5682 2836 5735 Ἐπεὶ
2869 5683 2924 5735 δὲ
2963 5683 2991 5736 ό
3025 5681 3148 5745 νοῦς
3181 5685 3237 5735 ὲν
3283 5681 3401 5750 Θεῷ
3431 5683 3750 5750 γενόμενος,

2171 5774 2428 5845 ὑπεράνω
2455 5779 2692 5846 νοήσεως
2721 5777 3063 5845 εὑρίσκεται,
3096 5785 3189 5833 καὶ
3221 5780 3504 5849 κινήσεως,
3534 5778 3754 5840 εἰκότως

2169 5865 2311 5920 οὕτω
2340 5867 2538 5934 λέγοιτ’
2577 5868 2642 5922 ἂν
2668 5871 2694 5922 ὁ
2729 5870 2850 5933 νοῦς
2878 5871 2956 5934 εἰς
2990 5870 3048 5924 τὸ
3080 5871 3219 5940 ὑπὲρ
3254 5872 3416 5941 φύσιν
3453 5871 3644 5923 ἑαυτοῦ
3672 5869 3753 5936 γί-
