4058 6446
321 338 427 402 885

1461 336 1558 397 DE
1582 336 1762 398 VITA
1800 285 2463 401 CONTEMPLATIVA.

3487 319 3592 393 89.6

240 485 244 489 ⁴
316 481 508 538 νεσθαι
545 477 833 542 ἀπολύτως
865 477 959 531 τὸν
1006 474 1139 531 Θεὸν
1170 472 1611 545 φανταζόμενοςο
1659 469 1769 523 πᾶν
1793 458 1906 538 γὰρ

2020 474 2154 513 mam
2189 468 2438 513 naturam
2488 457 2824 529 pervenisse,
2859 454 3026 509 Deum
3083 450 3334 508 absolute
3400 447 3592 513 imagi-

318 578 519 647 νόημα,
560 574 723 646 δῆλον
753 572 837 626 ὅτι
882 572 948 624 ὲκ
986 569 1315 640 πράγματος
1345 564 1591 636 γίνεσθαι
1626 562 1906 633 πέφυκεν·

320 672 453 725 ὅπου
507 668 564 722 δὲ
604 668 839 739 πρᾶγμα
873 664 936 734 οὑ
968 665 1278 733 θεωρεῖται,
1320 662 1502 731 νόημα
1543 656 1667 712 οὕτε
1713 654 1909 724 γεννᾶ-

320 779 432 823 ται,
478 759 604 815 οὐτε
659 759 767 830 μὴν
795 756 1134 828 εὑρίσκεται.
1172 755 1232 808 '0
1259 754 1435 808 τοίνυν
1464 752 1598 816 Θεὸς
1622 750 1912 821 μηδοπωσ-

323 851 472 906 τιοῦν
546 851 687 920 ἔχων
755 837 988 918 ὁρᾶσθαι
1048 842 1455 916 πραγματικῶς
1510 839 1772 910 φαντάζει
1818 837 1913 890 τὸν

330 941 452 997 νοῦν
482 940 808 1011 πεφυκότως
833 940 898 994 ὲκ
926 938 1037 992 τῶν
1059 937 1190 1009 περὶ
1215 935 1402 999 αὑτὸν,
1428 929 1502 989 ὧν
1530 931 1730 1002 δηλαδὴ
1755 932 1912 1000 ἐνερ-

327 1037 415 1105 γεῖ
441 1051 454 1067 ⁸
499 1033 538 1088 ὃ.
569 1032 734 1087 τόπον
777 1031 962 1101 ἐπέχει
993 1029 1297 1100 δυνάμεως,
1334 1025 1397 1080 ἐκ
1435 1041 1578 1086 τινος
1618 1020 1915 1092 προϊούσης

330 1126 579 1183 δυνατοῦ.
613 1123 735 1195 Ἐφ’
761 1124 887 1178 ὅσον
909 1122 1004 1176 οὑν
1032 1122 1061 1176 ὁ
1084 1120 1208 1184 νοῦς
1237 1120 1296 1174 ὲν
1326 1117 1508 1178 ἄλλοις
1531 1116 1734 1171 ἅπασιν
1757 1111 1917 1167 εἴωθε

335 1223 433 1285 τὰς
480 1220 741 1290 δυνάμεις
796 1217 936 1288 μετά
988 1214 1096 1268 τῶν
1147 1211 1391 1267 δυνατῶν
1448 1209 1706 1280 θεωρεῖν,
1759 1205 1918 1261 τοῦτο

337 1312 658 1384 ζητεῖκάπὶ
680 1311 816 1365 Θεοῦ
841 1307 1036 1362 παθεῖν
1059 1323 1074 1338 ο
1110 1306 1204 1360 καὶ
1226 1299 1504 1357 ἀδυνατῶν
1533 1297 1876 1369 γιγνομένους
1899 1310 1916 1328 ·

339 1408 479 1478 ὑπὲρ
509 1405 619 1476 γὰρ
655 1404 754 1475 τὴν
784 1403 948 1471 φύσιν
981 1398 1144 1453 τοῦτο
1175 1397 1377 1461 παντὸς
1431 1392 1653 1448 κτιστοῦ
1686 1391 1778 1446 νοῦ
1805 1407 1820 1422 ·
1849 1389 1921 1446 τά

339 1500 468 1570 περὶ
497 1498 630 1551 Θεὸν
683 1496 896 1566 θεωρεῖ.
932 1492 1044 1546 Καὶ
1075 1491 1167 1545 τὸν
1194 1489 1330 1543 Θεὸν
1377 1486 1736 1558 ἀνομμάτως,
1776 1486 1806 1539 ὃ
1835 1486 1923 1540 λέ.

341 1608 520 1661 γεται,
557 1588 703 1660 ἁπλῇ
738 1584 1090 1656 φαντάζεται,
1128 1582 1224 1637 καὶ
1260 1581 1434 1653 ἀθρόα
1467 1579 1716 1651 ἐπιϐολῇ.
1755 1578 1923 1634 Ἦσύ-

343 1698 439 1753 χου
465 1680 522 1734 δὲ
558 1679 718 1749 ἀέρος
747 1675 1109 1748 δραξάμενος,
1142 1673 1239 1728 καὶ
1265 1672 1416 1738 θείας
1442 1671 1731 1743 εὐμενείας
1768 1673 1926 1741 γενό-

2007 567 2144 606 nans
2166 566 2182 619 ;
2220 566 2435 606 omnem
2475 552 2618 606 enim
2640 550 3025 621 cogitationem
3051 563 3115 603 ex
3141 562 3202 601 re
3247 545 3363 600 fieri
3421 543 3594 596 mani-

2005 641 2205 698 festum
2233 652 2338 699 est.
2374 642 2473 699 Ubi
2508 651 2691 700 autem
2734 658 2827 699 res
2853 657 2961 697 non
2991 639 3355 710 conSpicitur.
3410 652 3589 704 ηθτιιιθ

2007 735 2270 804 cogitatio
2320 746 2633 804 generatur,
2666 751 2843 805 neque
2873 735 3178 790 invenitur.
3240 730 3376 786 Cum
3425 729 3590 797 igitur

2007 824 2153 881 Dens
2189 826 2362 882 videri
2394 838 2626 896 nequeat
2682 827 2935 889 realiter,
2970 825 3140 879 menti
3207 838 3274 879 ex
3332 822 3403 876 iis
3468 833 3591 885 quae

2008 916 2150 970 circa
2189 915 2360 986 ipsam
2398 927 2547 982 sunt,
2573 918 2813 988 seipsum
2846 924 3227 986 repraesentat,
3251 929 3374 984 qua),
3396 924 3595 981 nempe

2011 1015 2448 1079 operatur;qu
2497 1011 2675 1065 locum
2712 1009 2968 1079 potentia:
3002 1014 3184 1063 tenent
3239 1021 3305 1061 ex
3354 1004 3592 1075 quodam

2009 1098 2257 1169 possibili
2286 1100 2654 1171 procedentis.
2688 1101 2746 1156 In
2788 1107 3056 1171 quiantum
3112 1114 3259 1153 enim
3322 1088 3483 1152 mens
3538 1095 3594 1149 in

2011 1194 2134 1251 aliis
2168 1194 2428 1250 omnibus
2457 1193 2728 1262 potentias
2762 1209 2886 1246 eum
2948 1189 3310 1262 possibilibus
3357 1196 3598 1242 contem-

2011 1284 2149 1357 plari
2180 1289 2342 1351 solet,
2377 1288 2428 1342 id
2454 1289 2596 1341 etde
2636 1287 2745 1341 Deo
2770 1288 2878 1356 pati
2923 1284 3155 1354 inquirit
3186 1300 3201 1348 ;
3243 1291 3298 1336 et
3331 1297 3456 1335 cum
3488 1296 3596 1334 non

2013 1379 2191 1448 possit
2224 1393 2310 1435 res
2328 1380 2473 1449 ipsas
2511 1378 2904 1448 contemplari,
2935 1377 2984 1431 id
3019 1376 3164 1431 enim
3202 1388 3371 1444 supra
3424 1371 3600 1426 omnis

2013 1479 2211 1524 creata:
2277 1470 2478 1524 mentis
2560 1477 2815 1523 naturam
2872 1477 2978 1531 est,
3039 1480 3160 1536 quae
3221 1463 3370 1520 circa
3426 1461 3598 1516 Deum

2014 1574 2142 1619 sunt
2166 1563 2587 1633 contemplatur.
2620 1561 2685 1616 Et
2716 1561 2910 1627 Deum,
2945 1561 3232 1614 oculorum
3258 1572 3479 1626 expers,
3541 1566 3600 1608 ιιι

2015 1655 2219 1711 dit-tuin
2269 1664 2379 1720 est,
2415 1665 2470 1711 et
2547 1655 2817 1725 frequenti
2885 1663 3107 1722 aspectu
3163 1650 3494 1721 imaginatur
3548 1656 3603 1702 et

347 1742 508 1843 μενος
532 1742 810 1840 ἐπιτυχὴς,
846 1742 939 1820 καῖ
969 1765 1320 1837 ἐνεργοῦντος
1349 1766 1409 1819 ὲν
1436 1742 1616 1834 ἑαυτῷ
1654 1763 1747 1817 τοῦ
1779 1753 1926 1817 θέίου

2020 1748 2376 1815 tranquillum
2430 1761 2555 1802 acra
2618 1747 2961 1815 prehendens
3010 1752 3065 1799 et
3118 1743 3318 1798 divinae
3369 1742 3604 1797 benevo-

345 1866 441 1918 καὶ
487 1857 864 1932 πρωκυνητοῦ
911 1857 1249 1928 Πνεύματος,
1289 1857 1355 1911 ὲκ
1384 1855 1478 1910 τοῦ
1517 1858 1658 1909 νοεῖν
1700 1858 1925 1927 συνεχέ-

2020 1837 2197 1893 lentiae
2229 1840 2506 1910 particeps
2543 1838 2758 1902 elfecta,
2794 1839 2930 1892 etin
2967 1838 3081 1907 ipsa
3112 1842 3376 1906 operante
3411 1833 3602 1888 divino

347 1970 535 2024 στερον
553 1949 859 2023 ἀρπάζεται
882 1949 962 2013 είς
988 1949 1249 2015 ἀνείδεον,
1278 1947 1371 2001 καὶ
1396 1946 1609 2012 ἄποιον,
1630 1947 1727 2000 καὶ
1750 1946 1929 2017 ἁπλῆν

345 2046 702 2107 κατάστασιν,
730 2038 862 2095 ε’ῐσω
904 2041 1135 2112 καρδίας
1162 2040 1238 2105 ὡς
1267 2038 1433 2109 τάχος
1457 2039 1737 2107 είσδύνων,
1766 2038 1928 2093 δυνά-

351 2156 441 2211 μει
490 2136 584 2190 τοῦ
638 2135 959 2206 Ιινεύματος
1018 2136 1308 2206 ὑπερφυεῖ.
1368 2133 1479 2185 Καὶ
1537 2131 1822 2208 ἱστάμενος
1870 2135 1929 2188 ἐν

354 2206 622 2300 φαντασίᾳ
651 2227 811 2293 Θεοῦ,
847 2229 940 2281 καὶ
986 2226 1153 2298 μηδὲν
1189 2225 1345 2287 νοῶν,
1369 2223 1485 2278 ἀλλ’
1514 2225 1654 2296 ὑπὲρ
1683 2206 1746 2279 τὸ
1790 2226 1930 2279 νοεῖν

355 2324 701 2394 γιγνόμενος,
752 2321 812 2386 ἐξ
860 2315 1033 2392 οὗπερ
1091 2321 1174 2372 ὅτι
1221 2319 1329 2373 ἀπὸ
1371 2317 1465 2372 τοῦ
1511 2319 1579 2374 τὰ
1630 2320 1756 2391 περὶ
1798 2320 1931 2375 Θεὸν

357 2417 522 2480 νοεῖν,
581 2413 789 2468 ἀνεισιν
840 2413 921 2474 είς
985 2411 1138 2464 θείαν
1201 2410 1543 2481 φαντασίαν,
1604 2404 1927 2486 ᾖείρηται,

354 2506 559 2568 ἁπλοῦς
588 2504 998 2569 ἀποκαταστάς,
1025 2503 1243 2573 λέγεται
1271 2505 1354 2557 ὅτι
1384 2506 1465 2569 είς
1510 2503 1572 2556 τὸ
1602 2504 1741 2576 ὑπὲρ
1770 2503 1930 2575 φύσιν

344 2596 540 2653 ἑαυτοῦ
562 2596 731 2663 τελεῖ,
762 2598 845 2650 ὅτι
878 2596 1124 2666 γίγνεται
1156 2597 1294 2667 ὑπὲρ
1324 2597 1384 2649 τὸ
1414 2598 1577 2652 νοεῖν.

412 2755 517 2828 με’.
550 2755 667 2809 Πᾶν
692 2753 720 2809 ὅ
739 2771 793 2808 τι
823 2753 919 2809 οῦν
942 2754 1234 2826 λεγόμενον
1256 2757 1512 2829 κρύφιον,
1544 2760 1689 2830 ἔχειν
1713 2758 1926 2830 ἀνάγκη

345 2867 399 2903 τι
431 2848 891 2919 προφαινόμενον,
928 2849 1053 2903 ὅθεν
1082 2851 1162 2913 ὅτι
1184 2850 1344 2904 τοῦτο
1366 2850 1597 2921 κρύφιον
1624 2853 1924 2921 ὑφορᾶται·

347 2941 396 2993 εί
430 2942 541 3011 γὰρ
577 2940 675 3011 μὴ,
704 2939 782 3011 τῷ
815 2941 892 3013 μὴ
922 2940 1037 2994 ὄντι
1090 2942 1376 3015 προσέοικε
1415 2943 1669 3013 μάλιστα.
1703 2944 1777 2996 Τὸ
1820 2944 1929 3015 γὰρ

346 3033 544 3096 ὑλικῶς
560 3032 635 3104 μὴ
657 3033 798 3087 διδὸν
818 3033 1057 3104 ἔμφασιν
1085 3035 1393 3105 γνωστικὴν
1421 3035 1707 3107 ὁντότητος
1746 3036 1932 3089 ὁπωσ-

346 3124 457 3190 οῦν,
514 3125 628 3179 ῐσον
681 3125 964 3197 νομισθείη
1033 3126 1100 3179 ἂν
1141 3125 1220 3197 τῷ
1271 3125 1452 3196 πάντη
1497 3126 1760 3197 μηδαμῶς
1794 3126 1929 3182 ὄντι.

361 3220 577 3290 Ἀμέλει
605 3219 741 3289 δῆτα
771 3221 863 3273 καὶ
913 3220 992 3291 τῷ
1025 3218 1119 3274 τοῦ
1157 3219 1294 3273 Θεοῦ
1339 3222 1558 3292 κρυφίῳ
1596 3221 1932 3291 συνυπάρχει

347 3313 468 3365 τι·ιά
502 3312 950 3384 προφαινόμενα,
985 3308 1067 3376 οἷς
1107 3309 1198 3367 οἷα
1248 3312 1552 3385 ίχνηλατῶν
1583 3314 1611 3366 ὁ
1659 3313 1783 3375 νοῦς
1831 3313 1935 3383 τῆς

348 3403 498 3468 θείας
544 3404 1021 3476 ἀποκρυφιότητος
1056 3405 1312 3477 αἴσθησιν
1362 3406 1602 3477 δέχεται,
1639 3404 1716 3477 τῷ
1759 3423 1936 3460 κατοι-

348 3494 536 3566 ληπτῴ
566 3495 660 3549 τοῦ
694 3494 830 3549 Θεοῦ
875 3495 1042 3550 ἀνιὼν
1073 3497 1211 3568 πρὸς
1238 3497 1299 3551 τὸ
1330 3498 1719 3569 ἀκατάληπτον
1746 3512 1760 3528 °
1802 3498 1863 3553 ὲν
1891 3491 1936 3566 ᾧ

351 3587 642 3658 γενόμενος
660 3587 982 3655 ἓπίσταται,
1018 3590 1100 3644 ὃτι
1128 3589 1243 3644 ἐστι
1269 3606 1323 3644 τι
1364 3590 1629 3663 ἀκριϐῶς,
1656 3590 1686 3644 ὄ
1715 3591 1936 3661 διαφεύ-

351 3696 438 3748 γει
469 3680 570 3752 τὴν
610 3681 808 3735 ἑαυτοῦ
838 3682 1078 3756 φυσικὴν
1130 3670 1461 3755 κατάληψιν,
1511 3685 1771 3755 ὑπεράνω
1829 3685 1938 3738 κεί·

359 3788 517 3841 μενον
572 3773 757 3842 πάσης
807 3776 1001 3845 νοερᾶς
1059 3776 1456 3845 καταλήψεως,
1497 3776 1593 3829 καὶ
1640 3775 1938 3847 ἀγγελικῆς

355 3860 693 3932 ἡστινοσοῦν,
716 3862 792 3927 ὡς
823 3864 1105 3934 ὑπερφαές
1132 3864 1245 3937 [Ῑσ.
1270 3865 1572 3938 ὑπερφυές]
1600 3882 1613 3896 ·
1638 3866 1733 3918 καὶ
1757 3864 1939 3936 πάσης

356 3955 457 4023 μὲν
504 3954 741 4024 φύσεως,
794 3957 888 4009 καὶ
920 3958 1130 4020 οὐσίας,
1179 3961 1272 4010 καὶ
1321 3957 1474 4021 ὄντος
1508 3957 1711 4021 παντὸς
1745 3957 1934 4021 αἴτιον,

355 4047 449 4100 καὶ
479 4048 646 4119 ἀρχὴ,
678 4049 774 4103 καὶ
809 4050 1002 4118 πέρας,
1052 4050 1186 4103 αὐτὸ
1218 4049 1275 4102 δὲ
1297 4050 1596 4120 ὑπερφυὲς,
1633 4051 1731 4104 καὶ
1764 4049 1938 4117 ὑπερ-

353 4136 559 4221 ούσιον,
610 4139 833 4209 ἀπάσης
890 4141 1413 4206 ὑπερανωκισαένον
1488 4141 1736 4204 ἀπείρως
1788 4153 1940 4193 οντο-

351 4248 514 4301 τητος
532 4246 547 4262 ·
575 4231 873 4302 ἀγέννητόν
903 4250 964 4287 τε
992 4234 1086 4288 καὶ
1117 4234 1375 4305 ἄναρχον,
1406 4235 1504 4290 καὶ⁸
1527 4234 1799 4305 ἀόριστον,
1833 4232 1932 4286 καὶ

354 4324 539 4390 φύσει,
570 4325 664 4379 καὶ
710 4326 884 4398 τόπῳ,
933 4327 1029 4381 καὶ
1060 4329 1238 4401 χρόνῳ
1284 4329 1479 4392 ἁπλῶς»
1518 4330 1894 4401 ἀπερίληπτον
1920 4344 1936 4360 ·

353 4418 450 4470 καὶ
505 4418 664 4473 τοῦτό
709 4420 827 4474 ἐστι
883 4420 944 4473 τὸ
980 4422 1396 4496 ἀπόκρυφον-ἒν
1427 4423 1569 4492 ὑπὲρ
1622 4422 1769 4477 νοῦν.
1829 4424 1941 4478 Καὶ

2013 1941 2070 1984 et
2099 1930 2379 1985 adoraudo
2406 1929 2627 1999 spiritu,
2656 1944 2723 1985 ex
2748 1926 3047 1998 'cOgitando
3080 1926 3428 1994 frequentius
3468 1924 3602 1979 sim-

2016 2023 2208 2093 plicem
2248 2032 2301 2080 et
2334 2024 2451 2078 sine
2483 2022 2657 2078 fortuna
2692 2037 2755 2075 ac
2789 2022 2958 2092 figura
2991 2028 3195 2076 statum
3227 2017 3600 2088 amplectitur,

2014 2113 2162 2170 intra
2191 2130 2288 2171 cor
2321 2115 2669 2187 rapidissime
2708 2117 2945 2180 intrans,
2981 2109 3389 2182 supernaturali
3435 2107 3604 2179 spiri-

2018 2216 2105 2264 tus
2150 2209 2372 2265 virtute.
2407 2209 2473 2264 Et
2517 2211 2571 2263 in
2616 2208 2709 2265 Dei
2779 2205 3172 2278 imaginatione
3222 2212 3378 2260 stans
3422 2215 3605 2271 neque

2017 2301 2315 2371 quidquam
2352 2303 2627 2372 cogitans,
2660 2302 2755 2358 sed
2785 2313 2950 2369 supra
2980 2298 3370 2369 cogitationem
3390 2294 3604 2357 eiieeta,

2017 2395 2145 2464 quia
2169 2410 2234 2449 ex
2257 2410 2448 2450 eorum
2481 2410 2603 2466 qua:
2631 2394 2777 2449 circa
2820 2392 2988 2447 Deum
3055 2398 3184 2446 sunt
3251 2386 3602 2459 cogitatione,

2020 2484 2085 2539 ad
2122 2484 2829 2556 divinamimaginationem
2859 2482 3130 2548 ascendit,
3167 2490 3225 2537 ut
3253 2480 3461 2535 dictum
3495 2484 3606 2543 est,

2019 2575 2248 2646 simplex
2279 2577 2600 2645 constituta,
2625 2588 2677 2633 et
2735 2575 2940 2631 dicitur
2971 2589 3035 2630 ea
3087 2588 3253 2644 supra
3299 2586 3452 2627 suam
3506 2584 3605 2624 na-

2022 2674 2197 2722 turam
2238 2669 2570 2738 pervenisse,
2603 2667 2726 2736 quia
2763 2667 2821 2721 ﬁt
2855 2680 3021 2736 supra
3052 2664 3463 2734 cogitationem.

2093 2756 2183 2813 45.
2234 2756 2612 2829 Quodcunque
2669 2757 2873 2813 dicitur
2929 2754 3337 2818 absconditum,
3382 2763 3612 2806 necesse

2018 2861 2194 2909 estut
2243 2852 2451 2922 aliquid
2515 2850 2923 2906 manifestatum
2983 2849 3181 2904 haheat
3212 2887 3228 2913 ,
3289 2845 3433 2900 unde
3472 2843 3609 2898 illud

2020 2946 2396 3000 abSCt‘nlllilllll
2448 2943 3090 3009 animadvertatur;nisi
3122 2941 3266 2996 enim
3317 2940 3369 2995 id
3436 2948 3605 3001 esset,

2021 3037 2196 3090 nihilo
2240 3052 2467 3109 prorsus
2507 3038 2686 3092 simile
2728 3045 2895 3091 esset.
2955 3033 3113 3100 Quod
3180 3031 3326 3085 cutim
3380 3030 3607 3083 omnino
3708 3028 3721 3033 “

2023 3143 2130 3184 non
2164 3130 2257 3183 dat
2293 3129 2630 3186 exsiStcntize
2662 3127 3076 3197 apparitionem,
3106 3122 3240 3178 illud
3267 3123 3487 3176 minime
3512 3137 3609 3174 ιιι-

2017 3220 2215 3276 sistere
2238 3222 2574 3276 Cretleretttr.
2598 3218 2729 3273 Sine
2764 3218 2929 3273 dubio
2957 3218 3122 3288 igitur
3153 3215 3244 3270 Dei
3282 3213 3609 3269 abscondito

2018 3316 2362 3371 coexsistunt
2394 3314 2639 3386 qua-dam
2676 3314 2853 3383 signa.
2886 3312 3086 3381 quibus
3130 3319 3393 3378 tanquam
3448 3305 3612 3360 vesti-

2021 3408 2128 3479 giis
2161 3423 2319 3462 mens
2351 3407 2579 3462 inhaeret
2613 3416 2667 3460 et
2726 3405 2924 3459 divina:
2971 3400 3328 3457 obscuritatis
3384 3412 3608 3465 sensum

2020 3498 2248 3570 accipit,
2284 3514 2380 3570 per
2412 3500 2464 3571 id
2492 3500 2637 3570 quod
2674 3506 2853 3567 potest
2883 3494 3277 3565 comprehendi
3303 3493 3610 3549 ascendens

2020 3592 2092 3647 ad
2131 3589 2263 3645 illud
2291 3589 2436 3659 quod
2464 3591 2587 3658 capi
2638 3588 2848 3656 nequit.
2873 3586 2993 3652 Quo
3017 3593 3305 3654 postquam
3336 3581 3608 3652 pervenit,

2021 3686 2271 3756 apprime
2314 3684 2466 3738 novit
2494 3698 2615 3738 esse
2655 3679 2862 3750 aliquid
2900 3679 3043 3748 quod
3099 3693 3252 3732 suam
3306 3676 3610 3731 naturalem

2024 3771 2567 3845 comprehensinnetn
2589 3773 2761 3842 fugiat
2792 3787 2958 3840 supra
2982 3769 3284 3838 quamlhel
3305 3767 3609 3823 naturalem

2025 3879 2078 3923 et
2112 3867 2434 3937 angelicam,
2461 3864 3004 3933 eumpt't'hcnsionetn
3052 3860 3242 3923 situm,
3276 3867 3461 3927 utpote
3519 3873 3610 3911 Stl-

2025 3961 2410 4031 pernatnrale;
2438 3968 2487 4011 ct
2520 3959 2664 4026 quod
2690 3965 2774 4008 est
2802 3953 2982 4009 omnis
3005 3962 3215 4005 natura:
3249 3966 3314 4004 ac.
3355 3949 3608 4004 substan-

2027 4057 2114 4108 tia:
2151 4059 2206 4106 et
2261 4061 2531 4105 creaturas
2563 4062 2732 4104 causa
2789 4057 2842 4100 et
2886 4044 3209 4114 principium
3258 4051 3312 4094 ct
3348 4040 3496 4105 linis,
3543 4054 3609 4094 ac

2025 4143 2582 4217 supersuhstantiale,
2642 4139 2898 4193 habitans
2944 4136 3160 4191 inlinito
3221 4134 3382 4188 nimio
3442 4149 3611 4203 supra

2023 4243 2206 4299 omnia
2234 4253 2462 4310 quaeque
2487 4235 2762 4291 exsistunt
2800 4232 3136 4303 ;ingeuitum
3169 4245 3233 4285 ac
3260 4227 3378 4285 sine
3409 4228 3613 4298 princi--

2022 4337 2133 4408 pio,
2172 4344 2225 4389 et
2276 4331 2571 4396 infinitum,
2629 4334 2684 4384 et
2727 4336 2925 4382 natura
2983 4338 3046 4377 ac
3096 4322 3215 4377 loco
3269 4330 3325 4376 et
3369 4329 3613 4383 tempore

2021 4426 2339 4493 simpliciter
2368 4420 2905 4489 incircumscriptum
2940 4426 3039 4481 :et
3070 4415 3201 4471 illud
3242 4422 3329 4470 est
3379 4413 3614 4469 abscon-

352 4509 500 4564 ἐστιν
528 4511 561 4581 ἡ
592 4510 713 4564 θεία
739 4513 1043 4584 κατάληψις
1081 4514 1328 4583 φυσικῶς
1361 4515 1421 4580 ἐξ
1456 4515 1620 4568 αὑτοῦ
1651 4515 1931 4585 προϊοῦσα,

2029 4523 2203 4578 ditum
2245 4531 2413 4572 unum
2450 4530 2612 4585 supra
2643 4524 2902 4569 mentem.
2937 4509 3001 4566 Et
3031 4518 3118 4565 est
3149 4508 3334 4564 divina
3360 4521 3614 4576 compre-

352 4601 645 4673 παμπόλλη
681 4621 765 4665 τις
794 4603 951 4666 οὖσα,
986 4605 1083 4657 καὶ
1115 4606 1262 4675 ἡμᾶς
1297 4602 1455 4669 αὖθις
1481 4607 1569 4659 ἐπ’
1603 4606 1777 4676 αὐτῆς
1834 4609 1941 4659 ἐπ-

351 4695 845 4777 ανατείνουσα,κα“ι
861 4692 971 4749 οἷον
1003 4697 1387 4751 ἀνακυκλοῦσα
1417 4701 1635 4769 νοεραῖς
1665 4716 1940 4770 χειραγω-

353 4790 531 4853 γίαις,
571 4788 668 4841 καὶ
722 4790 1122 4863 ἐπιστροφαῖς,
1176 4792 1274 4844 καὶ
1326 4792 1679 4856 ἀνατάσεσιν,
1725 4793 1849 4844 ἐπεὶ
1881 4792 1942 4846 τὸ

350 4877 576 4947 ἀρχικὸν
622 4878 945 4948 ἀπόκρυφον
985 4879 1267 4949 ὑπερφυὲς
1298 4880 1358 4934 ἒν
1385 4895 1399 4908 ’
1449 4880 1709 4934 τοσοῦτον
1744 4879 1944 4935 ἐνοῦσα.

349 4968 501 5037 ἡμᾶς
527 4966 728 5037 τούτῳ,
752 4968 877 5021 ὅσον
909 4970 1105 5041 νοῆσαι
1133 4971 1216 5023 ὅτι
1248 4969 1388 5036 ἔστι,
1420 4971 1517 5023 καὶ
1542 4972 1624 5025 ὅτι
1660 4971 1721 5024 ἓν
1749 4972 1899 5025 ἐστιν
1922 4986 1937 5001 ·

352 5058 435 5110 ἔτι
465 5075 531 5127 γε
568 5059 674 5129 μὴν
706 5060 802 5113 καὶ
826 5060 908 5113 ὅτι
940 5061 1129 5132 τρόπῳ
1158 5062 1325 5115 παντὶ
1365 5061 1680 5133 ἀδιανόητόν
1710 5062 1850 5127 ἐστι,
1880 5060 1942 5114 τὸ

350 5150 576 5205 τίὶστιν
604 5147 745 5205 εἶναι
780 5151 980 5206 είδέναι
1025 5153 1184 5208 τοῦτο
1209 5155 1271 5208 τὸ
1300 5155 1619 5225 ἀπόκρυφον
1655 5153 1736 5209 ἓν.
1769 5154 1810 5206 Τ
1815 5154 1843 5207 ὸ
1883 5154 1941 5207 δὲ

352 5242 611 5312 ὑπεράνω
638 5244 732 5297 νοῦ
763 5246 1069 5316 εὑρημένον
1103 5246 1198 5299 καὶ
1224 5246 1494 5315 ὲκφεῦγον
1522 5246 1784 5312 διάνοιαν,
1826 5244 1943 5310 πῶς

351 5335 418 5388 ἂν
452 5336 610 5405 λόγος
660 5338 982 5405 διεξοδεύειν
1038 5339 1361 5411 δεδύνηται;
1397 5334 1443 5392 δ’
1476 5340 1533 5392 δὲ
1573 5339 1730 5407 λόγος
1769 5338 1942 5402 διεξο-

347 5427 527 5482 δεύειν
569 5430 632 5482 οὐ
680 5429 965 5501 δεδύνηται
996 5433 1211 5502 νοητὸν,
1247 5432 1596 5502 ἀφθέγκτως,
1643 5434 1738 5485 καὶ
1770 5431 1946 5502 appa-

350 5536 479 5584 τως,
533 5523 631 5574 καὶ
668 5525 727 5576 ὲν
776 5527 955 5595 σιωπῇ
997 5526 1025 5576 ὁ
1079 5524 1205 5588 νοῦς
1244 5525 1386 5597 ὑπὲρ
1420 5525 1631 5580 ἔννοιαν
1691 5524 1940 5587 ἐνοειδώς

350 5608 563 5681 ἀφορᾷν
608 5612 685 5676 ὼς
738 5613 1077 5685 ἀπόκρυφον,
1124 5615 1216 5668 καὶ
1260 5616 1473 5686 χαίρειν
1520 5615 1594 5677 ὡς
1625 5615 1807 5683 αίτίῳ,
1845 5614 1940 5665 καὶ

355 5703 668 5772 προμηθεῖ·
732 5706 825 5757 καὶ
863 5706 1267 5778 ἐκπλήττεσθαι
1324 5707 1400 5770 ὡς
1451 5707 1790 5779 ὑπερφώτῳ,
1844 5706 1941 5758 καὶ

356 5795 707 5871 ὑπεραγάθῳ,
731 5800 1030 5873 ὑπερσόφω
1048 5821 1104 5857 τε
1136 5805 1229 5858 καὶ
1258 5802 1643 5875 ὑπερδυνάμῳ,
1676 5804 1766 5857 καὶ
1791 5803 1939 5866 θείας

2029 4614 2223 4674 liensio
2248 4608 2573 4666 naturaliter
2605 4622 2672 4663 ex
2694 4606 2813 4676 ipso
2831 4603 3153 4676 procedens,
3180 4602 3348 4654 multa
3368 4597 3613 4666 quidem,

2029 4719 2087 4765 et
2118 4719 2218 4761 nos
2245 4718 2466 4759 rursum
2497 4714 2664 4764 super
2692 4700 2928 4768 seipsatn
2956 4691 3609 4758 extendens,etcircum-

2029 4814 2197 4871 agens
2222 4796 2494 4868 spirituali
2519 4794 2685 4847 ductu
2719 4799 2773 4844 et
2798 4801 3157 4843 conversione
3180 4794 3234 4839 et
3262 4783 3614 4845 extensione,

2029 4907 2154 4950 cum
2186 4890 2319 4945 illud
2348 4885 2555 4941 initiale
2573 4877 3263 4951 arcanumsupernaturale
3290 4890 3460 4930 unum
3497 4876 3611 4944 sit;

2032 4995 2243 5052 tantum
2278 4998 2380 5037 nos
2419 4994 2543 5035 cum
2576 4978 2696 5046 ipso
2740 4974 3028 5038 unificans,
3075 4980 3340 5042 quantum
3388 4983 3619 5025 necesse

2031 5089 2112 5133 est
2151 5087 2209 5130 ut
2234 5074 2473 5128 sciamus
2501 5069 2630 5124 illud
2657 5082 2779 5123 esse
2812 5077 3021 5121 etesse
3065 5078 3276 5129 unum;
3322 5068 3377 5114 et
3434 5048 3645 5151 adhuc;t

2032 5170 2166 5227 illud
2193 5182 2315 5224 esse
2344 5164 2569 5219 omnino
2609 5160 2980 5230 incogitaliile,
3016 5166 3065 5212 et
3100 5154 3438 5226 impossibile
3491 5153 3623 5208 esse

2034 5275 2089 5317 nt
2124 5261 2490 5334 perpiciamns
2510 5253 2642 5326 quid
2684 5255 2757 5308 sit
2786 5252 2916 5306 illud
2984 5250 3366 5306 absconditum
3420 5262 3611 5300 unum.
3684 5308 3689 5313 ι

2033 5356 2189 5425 Quod
2221 5368 2385 5424 supra
2420 5358 2660 5405 mentum
2681 5348 2848 5402 sittt'n
2878 5353 2960 5399 est
2980 5358 3028 5398 et
3046 5344 3182 5412 fugit
3208 5339 3616 5411 cogitationem,

2032 5448 2305 5522 quomodo
2335 5445 2462 5498 illud
2490 5441 2626 5496 ratio
2661 5430 2835 5511 possit
2864 5446 3154 5508 penetrare
3186 5434 3211 5488 ἲ
3239 5431 3396 5500 Quod
3432 5438 3615 5488 autem

2033 5521 2176 5597 ratio
2209 5553 2315 5590 non
2352 5541 2528 5604 potest
2585 5526 2881 5601 cogitatum
2930 5533 3235 5597 penetrare,
3278 5538 3436 5577 tuens
3491 5521 3618 5576 abs-

2035 5649 2141 5701 que
2169 5643 2299 5682 vuce
2337 5637 2389 5677 et
2430 5624 2597 5677 verbo
2627 5634 2681 5677 et
2705 5616 2757 5675 in
2791 5619 3010 5676 silentio
3036 5630 3200 5684 supra
3227 5612 3616 5685 cogitationem

2036 5722 2355 5792 simplicitvr
2389 5717 2633 5789 aspicere
2673 5723 2847 5782 p'vtcst
2892 5720 2949 5764 ut
3006 5706 3388 5762 absconditum
3445 5713 3499 5757 ιιι
3552 5718 3619 5758 eo

2038 5815 2209 5873 lactari
2251 5821 2507 5884 tanquam
2543 5806 2811 5879 principio
2840 5812 2894 5860 ct
2926 5795 3284 5872 providentia,
3317 5803 3370 5850 et
3396 5805 3618 5865 δωροῖο

3375 5884 3404 5905 \
