  <div class='ocr_page' id='page_1' title='image "/cluster/home/n/w/nwhite01/storage/ocr_20150623/147:no.3/coo.31924054870526/455.png"; bbox 0 0 4058 6440; ppageno 0'>
   <div class='ocr_carea' id='block_1_1' title="bbox 517 322 628 386">
    <p class='ocr_par' dir='ltr' id='par_1_1' title="bbox 517 322 628 386">
     <span class='ocr_line' id='line_1_1' title="bbox 517 322 628 386; baseline 0.009 -2"><span class='ocrx_word' id='word_1_1' title='bbox 517 322 628 386; x_wconf 76' lang='lat'><strong>887</strong></span> 
     </span>
    </p>
   </div>
   <div class='ocr_carea' id='block_1_2' title="bbox 1667 312 2676 381">
    <p class='ocr_par' dir='ltr' id='par_1_2' title="bbox 1667 312 2676 381">
     <span class='ocr_line' id='line_1_2' title="bbox 1667 312 2676 381; baseline -0.003 -3"><span class='ocrx_word' id='word_1_2' title='bbox 1667 318 1754 379; x_wconf 74' lang='lat' dir='ltr'><strong>CA</strong></span> <span class='ocrx_word' id='word_1_3' title='bbox 1770 316 2017 381; x_wconf 77' lang='lat' dir='ltr'><strong>LLTSTi</strong></span> <span class='ocrx_word' id='word_1_4' title='bbox 2050 312 2676 376; x_wconf 61' lang='lat' dir='ltr'><strong>CATAPHUGIOTE</strong></span> 
     </span>
    </p>
   </div>
   <div class='ocr_carea' id='block_1_3' title="bbox 3690 319 3796 383">
    <p class='ocr_par' dir='ltr' id='par_1_3' title="bbox 3690 319 3796 383">
     <span class='ocr_line' id='line_1_3' title="bbox 3690 319 3796 383; baseline 0.009 -1"><span class='ocrx_word' id='word_1_5' title='bbox 3690 319 3796 383; x_wconf 76' lang='grc'><strong>883</strong></span> 
     </span>
    </p>
   </div>
   <div class='ocr_carea' id='block_1_4' title="bbox 516 429 2097 512">
    <p class='ocr_par' dir='ltr' id='par_1_4' title="bbox 516 439 2097 512">
     <span class='ocr_line' id='line_1_4' title="bbox 516 439 2097 512; baseline -0.004 -16"><span class='ocrx_word' id='word_1_6' title='bbox 516 453 778 512; x_wconf 90' lang='lat' dir='ltr'><strong>tanquam</strong></span> <span class='ocrx_word' id='word_1_7' title='bbox 821 439 1275 509; x_wconf 78' lang='lat' dir='ltr'><strong>sttpersplendido</strong></span> <span class='ocrx_word' id='word_1_8' title='bbox 1301 449 1355 494; x_wconf 88' lang='lat' dir='ltr'><strong>et</strong></span> <span class='ocrx_word' id='word_1_9' title='bbox 1388 441 1768 511; x_wconf 86' lang='lat' dir='ltr'><strong>supcruptimo</strong></span> <span class='ocrx_word' id='word_1_10' title='bbox 1820 448 1871 494; x_wconf 89' lang='lat' dir='ltr'><strong>et</strong></span> <span class='ocrx_word' id='word_1_11' title='bbox 1904 451 2097 508; x_wconf 70' lang='lat' dir='ltr'><strong>prmpo</strong></span> 
     </span>
    </p>
   </div>
   <div class='ocr_carea' id='block_1_5' title="bbox 2198 429 3787 512">
    <p class='ocr_par' dir='ltr' id='par_1_5' title="bbox 2211 429 3787 509">
     <span class='ocr_line' id='line_1_5' title="bbox 2211 429 3787 509; baseline 0.014 -28"><span class='ocrx_word' id='word_1_12' title='bbox 2211 429 2507 485; x_wconf 66' lang='grc' dir='ltr'>ἀπολαύειν</span> <span class='ocrx_word' id='word_1_13' title='bbox 2540 434 2605 488; x_wconf 84' lang='grc' dir='ltr'>ὲκ</span> <span class='ocrx_word' id='word_1_14' title='bbox 2634 437 2827 491; x_wconf 78' lang='grc' dir='ltr'>τούτου</span> <span class='ocrx_word' id='word_1_15' title='bbox 2857 438 3266 509; x_wconf 72' lang='grc' dir='ltr'><strong>ἀγαλλιάσεως,</strong></span> <span class='ocrx_word' id='word_1_16' title='bbox 3305 443 3378 508; x_wconf 86' lang='grc' dir='ltr'>ὡς</span> <span class='ocrx_word' id='word_1_17' title='bbox 3429 441 3581 500; x_wconf 67' lang='grc' dir='ltr'>οἷσιν</span> <span class='ocrx_word' id='word_1_18' title='bbox 3630 448 3787 502; x_wconf 81' lang='grc' dir='ltr'>ἀπεί-</span> 
     </span>
    </p>
   </div>
   <div class='ocr_carea' id='block_1_6' title="bbox 516 532 2108 602">
    <p class='ocr_par' dir='ltr' id='par_1_6' title="bbox 516 532 2108 602">
     <span class='ocr_line' id='line_1_6' title="bbox 516 532 2108 602; baseline -0.002 -15"><span class='ocrx_word' id='word_1_19' title='bbox 516 534 648 588; x_wconf 86' lang='lat' dir='ltr'><strong>tenti</strong></span> <span class='ocrx_word' id='word_1_20' title='bbox 684 543 738 588; x_wconf 90' lang='lat' dir='ltr'><strong>et</strong></span> <span class='ocrx_word' id='word_1_21' title='bbox 768 532 949 587; x_wconf 84' lang='lat' dir='ltr'><strong>divina</strong></span> <span class='ocrx_word' id='word_1_22' title='bbox 985 548 1049 587; x_wconf 82' lang='lat' dir='ltr'><strong>ex</strong></span> <span class='ocrx_word' id='word_1_23' title='bbox 1095 532 1214 601; x_wconf 92' lang='lat' dir='ltr'><strong>ipso</strong></span> <span class='ocrx_word' id='word_1_24' title='bbox 1258 532 1621 589; x_wconf 78' lang='lat' dir='ltr'><strong>exsultatione</strong></span> <span class='ocrx_word' id='word_1_25' title='bbox 1662 533 1792 598; x_wconf 73' lang='lat' dir='ltr'><strong>frui,</strong></span> <span class='ocrx_word' id='word_1_26' title='bbox 1850 541 2108 602; x_wconf 87' lang='lat' dir='ltr'><strong>tanquam</strong></span> 
     </span>
    </p>
   </div>
   <div class='ocr_carea' id='block_1_7' title="bbox 516 625 2112 696">
    <p class='ocr_par' dir='ltr' id='par_1_7' title="bbox 516 625 2112 696">
     <span class='ocr_line' id='line_1_7' title="bbox 516 625 2112 696; baseline 0 -18"><span class='ocrx_word' id='word_1_27' title='bbox 516 626 745 681; x_wconf 71' lang='lat' dir='ltr'><strong>inﬁnitis</strong></span> <span class='ocrx_word' id='word_1_28' title='bbox 793 633 849 681; x_wconf 90' lang='lat' dir='ltr'><strong>et</strong></span> <span class='ocrx_word' id='word_1_29' title='bbox 892 626 1267 680; x_wconf 88' lang='lat' dir='ltr'><strong>interminatis</strong></span> <span class='ocrx_word' id='word_1_30' title='bbox 1326 625 1585 682; x_wconf 91' lang='lat' dir='ltr'><strong>omnibus</strong></span> <span class='ocrx_word' id='word_1_31' title='bbox 1635 627 1837 696; x_wconf 84' lang='lat' dir='ltr'><strong>quibus</strong></span> <span class='ocrx_word' id='word_1_32' title='bbox 1894 626 2112 681; x_wconf 82' lang='lat' dir='ltr'><strong>videtur</strong></span> 
     </span>
    </p>
   </div>
   <div class='ocr_carea' id='block_1_8' title="bbox 513 718 2112 789">
    <p class='ocr_par' dir='ltr' id='par_1_8' title="bbox 513 718 2112 789">
     <span class='ocr_line' id='line_1_8' title="bbox 513 718 2112 789; baseline -0.004 -12"><span class='ocrx_word' id='word_1_33' title='bbox 513 719 1019 789; x_wconf 74' lang='lat' dir='ltr'><strong>supersubtantiale</strong></span> <span class='ocrx_word' id='word_1_34' title='bbox 1073 734 1244 773; x_wconf 89' lang='lat' dir='ltr'><strong>unum</strong></span> <span class='ocrx_word' id='word_1_35' title='bbox 1325 718 1744 786; x_wconf 89' lang='lat' dir='ltr'><strong>absconditum;</strong></span> <span class='ocrx_word' id='word_1_36' title='bbox 1781 728 1835 774; x_wconf 91' lang='lat' dir='ltr'><strong>et</strong></span> <span class='ocrx_word' id='word_1_37' title='bbox 1886 718 2112 773; x_wconf 89' lang='lat' dir='ltr'><strong>omnino</strong></span> 
     </span>
    </p>
   </div>
   <div class='ocr_carea' id='block_1_9' title="bbox 513 809 2111 883">
    <p class='ocr_par' dir='ltr' id='par_1_9' title="bbox 513 809 2111 883">
     <span class='ocr_line' id='line_1_9' title="bbox 513 809 2111 883; baseline 0.001 -19"><span class='ocrx_word' id='word_1_38' title='bbox 513 810 801 865; x_wconf 84' lang='lat' dir='ltr'><strong>rationalis</strong></span> <span class='ocrx_word' id='word_1_39' title='bbox 851 821 1060 865; x_wconf 68' lang='lat' dir='ltr'><strong>natura:</strong></span> <span class='ocrx_word' id='word_1_40' title='bbox 1091 811 1487 883; x_wconf 76' lang='lat' dir='ltr'><strong>consequentia</strong></span> <span class='ocrx_word' id='word_1_41' title='bbox 1537 820 1643 865; x_wconf 89' lang='lat' dir='ltr'><strong>est.</strong></span> <span class='ocrx_word' id='word_1_42' title='bbox 1703 809 2111 880; x_wconf 87' lang='lat' dir='ltr'><strong>lnconscquens</strong></span> 
     </span>
    </p>
   </div>
   <div class='ocr_carea' id='block_1_10' title="bbox 513 904 2113 975">
    <p class='ocr_par' dir='ltr' id='par_1_10' title="bbox 513 904 2113 975">
     <span class='ocr_line' id='line_1_10' title="bbox 513 904 2113 975; baseline 0.001 -19"><span class='ocrx_word' id='word_1_43' title='bbox 513 904 681 974; x_wconf 75' lang='lat' dir='ltr'><strong>igitur</strong></span> <span class='ocrx_word' id='word_1_44' title='bbox 713 912 799 960; x_wconf 76' lang='grc' dir='ltr'><strong>εει</strong></span> <span class='ocrx_word' id='word_1_45' title='bbox 842 915 1076 959; x_wconf 82' lang='lat' dir='ltr'><strong>mentem</strong></span> <span class='ocrx_word' id='word_1_46' title='bbox 1124 919 1248 975; x_wconf 84' lang='lat' dir='ltr'><strong>quae</strong></span> <span class='ocrx_word' id='word_1_47' title='bbox 1282 906 1335 958; x_wconf 92' lang='lat' dir='ltr'><strong>in</strong></span> <span class='ocrx_word' id='word_1_48' title='bbox 1375 904 1444 960; x_wconf 91' lang='lat' dir='ltr'><strong>iis</strong></span> <span class='ocrx_word' id='word_1_49' title='bbox 1493 914 1770 972; x_wconf 79' lang='lat' dir='ltr'><strong>versatur,</strong></span> <span class='ocrx_word' id='word_1_50' title='bbox 1806 905 2113 959; x_wconf 80' lang='lat' dir='ltr'><strong>rationibus</strong></span> 
     </span>
    </p>
   </div>
   <div class='ocr_carea' id='block_1_11' title="bbox 518 996 2106 1070">
    <p class='ocr_par' dir='ltr' id='par_1_11' title="bbox 518 996 2106 1070">
     <span class='ocr_line' id='line_1_11' title="bbox 518 996 2106 1070; baseline 0 -18"><span class='ocrx_word' id='word_1_51' title='bbox 518 999 621 1061; x_wconf 83' lang='lat' dir='ltr'><strong>uti,</strong></span> <span class='ocrx_word' id='word_1_52' title='bbox 671 1012 845 1067; x_wconf 83' lang='lat' dir='ltr'><strong>caque</strong></span> <span class='ocrx_word' id='word_1_53' title='bbox 878 1006 1172 1068; x_wconf 82' lang='lat' dir='ltr'><strong>penetrare</strong></span> <span class='ocrx_word' id='word_1_54' title='bbox 1229 1007 1626 1054; x_wconf 81' lang='lat' dir='ltr'><strong>transeuntem.</strong></span> <span class='ocrx_word' id='word_1_55' title='bbox 1662 996 1764 1064; x_wconf 87' lang='lat' dir='ltr'><strong>Qui</strong></span> <span class='ocrx_word' id='word_1_56' title='bbox 1815 998 1984 1070; x_wconf 73' lang='lat' dir='ltr'><strong>igitur</strong></span> <span class='ocrx_word' id='word_1_57' title='bbox 2032 998 2106 1053; x_wconf 87' lang='lat' dir='ltr'><strong>si-</strong></span> 
     </span>
    </p>
   </div>
   <div class='ocr_carea' id='block_1_12' title="bbox 511 1088 2108 1157">
    <p class='ocr_par' dir='ltr' id='par_1_12' title="bbox 511 1088 2108 1157">
     <span class='ocr_line' id='line_1_12' title="bbox 511 1088 2108 1157; baseline 0.001 -15"><span class='ocrx_word' id='word_1_58' title='bbox 511 1088 678 1142; x_wconf 85' lang='lat' dir='ltr'><strong>l-ntio</strong></span> <span class='ocrx_word' id='word_1_59' title='bbox 708 1104 817 1142; x_wconf 88' lang='lat' dir='ltr'><strong>non</strong></span> <span class='ocrx_word' id='word_1_60' title='bbox 856 1088 1050 1150; x_wconf 86' lang='lat' dir='ltr'><strong>utitur,</strong></span> <span class='ocrx_word' id='word_1_61' title='bbox 1077 1089 1174 1144; x_wconf 89' lang='lat' dir='ltr'><strong>sed</strong></span> <span class='ocrx_word' id='word_1_62' title='bbox 1221 1104 1375 1157; x_wconf 79' lang='lat' dir='ltr'><strong>voce,</strong></span> <span class='ocrx_word' id='word_1_63' title='bbox 1403 1103 1434 1144; x_wconf 87' lang='lat' dir='ltr'><strong>a</strong></span> <span class='ocrx_word' id='word_1_64' title='bbox 1465 1103 1682 1143; x_wconf 88' lang='lat' dir='ltr'><strong>summo</strong></span> <span class='ocrx_word' id='word_1_65' title='bbox 1728 1091 1928 1145; x_wconf 89' lang='lat' dir='ltr'><strong>mentis</strong></span> <span class='ocrx_word' id='word_1_66' title='bbox 1962 1097 2108 1144; x_wconf 86' lang='lat' dir='ltr'><strong>statu</strong></span> 
     </span>
    </p>
   </div>
   <div class='ocr_carea' id='block_1_13' title="bbox 509 1183 2107 1253">
    <p class='ocr_par' dir='ltr' id='par_1_13' title="bbox 509 1183 2107 1253">
     <span class='ocr_line' id='line_1_13' title="bbox 509 1183 2107 1253; baseline 0.003 -20"><span class='ocrx_word' id='word_1_67' title='bbox 509 1183 729 1237; x_wconf 83' lang='lat' dir='ltr'><strong>deﬁcit:</strong></span> <span class='ocrx_word' id='word_1_68' title='bbox 759 1184 804 1238; x_wconf 91' lang='lat' dir='ltr'><strong>is</strong></span> <span class='ocrx_word' id='word_1_69' title='bbox 876 1184 1024 1239; x_wconf 90' lang='lat' dir='ltr'><strong>enim</strong></span> <span class='ocrx_word' id='word_1_70' title='bbox 1059 1199 1314 1240; x_wconf 86' lang='lat' dir='ltr'><strong>summus</strong></span> <span class='ocrx_word' id='word_1_71' title='bbox 1344 1184 1464 1253; x_wconf 85' lang='lat' dir='ltr'><strong>ejus</strong></span> <span class='ocrx_word' id='word_1_72' title='bbox 1501 1191 1681 1239; x_wconf 87' lang='lat' dir='ltr'><strong>status</strong></span> <span class='ocrx_word' id='word_1_73' title='bbox 1708 1194 1815 1247; x_wconf 87' lang='lat' dir='ltr'><strong>est,</strong></span> <span class='ocrx_word' id='word_1_74' title='bbox 1841 1192 1903 1237; x_wconf 91' lang='lat' dir='ltr'><strong>ut</strong></span> <span class='ocrx_word' id='word_1_75' title='bbox 1927 1183 1963 1238; x_wconf 89' lang='lat' dir='ltr'><strong>ii</strong></span> <span class='ocrx_word' id='word_1_76' title='bbox 2005 1183 2107 1253; x_wconf 84' lang='lat' dir='ltr'><strong>ipsi</strong></span> 
     </span>
    </p>
   </div>
   <div class='ocr_carea' id='block_1_14' title="bbox 482 1275 2108 1345">
    <p class='ocr_par' dir='ltr' id='par_1_14' title="bbox 482 1275 2108 1345">
     <span class='ocr_line' id='line_1_14' title="bbox 482 1275 2108 1345; baseline 0.004 -20"><span class='ocrx_word' id='word_1_77' title='bbox 482 1278 604 1344; x_wconf 47' lang='lat' dir='ltr'><strong>rqtti</strong></span> <span class='ocrx_word' id='word_1_78' title='bbox 638 1275 772 1330; x_wconf 85' lang='lat' dir='ltr'><strong>nihil</strong></span> <span class='ocrx_word' id='word_1_79' title='bbox 816 1278 1068 1332; x_wconf 82' lang='lat' dir='ltr'><strong>veritatis</strong></span> <span class='ocrx_word' id='word_1_80' title='bbox 1102 1292 1211 1343; x_wconf 77' lang='lat' dir='ltr'><strong>pra:</strong></span> <span class='ocrx_word' id='word_1_81' title='bbox 1251 1292 1311 1337; x_wconf 87' lang='lat' dir='ltr'><strong>se</strong></span> <span class='ocrx_word' id='word_1_82' title='bbox 1349 1277 1554 1341; x_wconf 78' lang='lat' dir='ltr'><strong>ferunt,</strong></span> <span class='ocrx_word' id='word_1_83' title='bbox 1585 1276 2000 1345; x_wconf 88' lang='lat' dir='ltr'><strong>conﬁterentur,</strong></span> <span class='ocrx_word' id='word_1_84' title='bbox 2052 1276 2108 1332; x_wconf 91' lang='lat' dir='ltr'><strong>in</strong></span> 
     </span>
    </p>
   </div>
   <div class='ocr_carea' id='block_1_15' title="bbox 510 1373 2109 1444">
    <p class='ocr_par' dir='ltr' id='par_1_15' title="bbox 510 1373 2109 1444">
     <span class='ocr_line' id='line_1_15' title="bbox 510 1373 2109 1444; baseline 0.001 -15"><span class='ocrx_word' id='word_1_85' title='bbox 510 1388 731 1429; x_wconf 87' lang='lat' dir='ltr'><strong>summo</strong></span> <span class='ocrx_word' id='word_1_86' title='bbox 759 1389 881 1428; x_wconf 87' lang='lat' dir='ltr'><strong>eam</strong></span> <span class='ocrx_word' id='word_1_87' title='bbox 922 1389 1036 1428; x_wconf 61' lang='lat' dir='ltr'><strong>suae</strong></span> <span class='ocrx_word' id='word_1_88' title='bbox 1080 1373 1302 1429; x_wconf 86' lang='lat' dir='ltr'><strong>virtutis</strong></span> <span class='ocrx_word' id='word_1_89' title='bbox 1326 1376 1501 1444; x_wconf 85' lang='lat' dir='ltr'><strong>gradu</strong></span> <span class='ocrx_word' id='word_1_90' title='bbox 1533 1373 1815 1429; x_wconf 79' lang='lat' dir='ltr'><strong>constitui.</strong></span> <span class='ocrx_word' id='word_1_91' title='bbox 1848 1373 2109 1430; x_wconf 89' lang='lat' dir='ltr'><strong>Summus</strong></span> 
     </span>
    </p>
   </div>
   <div class='ocr_carea' id='block_1_16' title="bbox 513 1467 2109 1539">
    <p class='ocr_par' dir='ltr' id='par_1_16' title="bbox 513 1467 2109 1539">
     <span class='ocr_line' id='line_1_16' title="bbox 513 1467 2109 1539; baseline 0.001 -17"><span class='ocrx_word' id='word_1_92' title='bbox 513 1484 678 1538; x_wconf 80' lang='lat' dir='ltr'><strong>porro</strong></span> <span class='ocrx_word' id='word_1_93' title='bbox 709 1469 798 1523; x_wconf 90' lang='lat' dir='ltr'><strong>ille</strong></span> <span class='ocrx_word' id='word_1_94' title='bbox 827 1468 1032 1539; x_wconf 78' lang='lat' dir='ltr'><strong>gradus</strong></span> <span class='ocrx_word' id='word_1_95' title='bbox 1064 1477 1149 1523; x_wconf 89' lang='lat' dir='ltr'><strong>est</strong></span> <span class='ocrx_word' id='word_1_96' title='bbox 1180 1468 1248 1523; x_wconf 84' lang='lat' dir='ltr'><strong>ad</strong></span> <span class='ocrx_word' id='word_1_97' title='bbox 1278 1467 1412 1523; x_wconf 91' lang='lat' dir='ltr'><strong>illud</strong></span> <span class='ocrx_word' id='word_1_98' title='bbox 1442 1467 1591 1538; x_wconf 87' lang='lat' dir='ltr'><strong>quod</strong></span> <span class='ocrx_word' id='word_1_99' title='bbox 1617 1484 1893 1524; x_wconf 85' lang='lat' dir='ltr'><strong>summum</strong></span> <span class='ocrx_word' id='word_1_100' title='bbox 1913 1475 2001 1525; x_wconf 85' lang='lat' dir='ltr'><strong>est</strong></span> <span class='ocrx_word' id='word_1_101' title='bbox 2021 1483 2109 1524; x_wconf 86' lang='lat' dir='ltr'><strong>as-</strong></span> 
     </span>
    </p>
   </div>
   <div class='ocr_carea' id='block_1_17' title="bbox 515 1560 2108 1643">
    <p class='ocr_par' dir='ltr' id='par_1_17' title="bbox 515 1560 2108 1643">
     <span class='ocr_line' id='line_1_17' title="bbox 515 1560 2108 1643; baseline 0.004 -33"><span class='ocrx_word' id='word_1_102' title='bbox 515 1568 739 1643; x_wconf 44' lang='lat' dir='ltr'><strong>pectus.</strong></span> <span class='ocrx_word' id='word_1_103' title='bbox 759 1561 853 1632; x_wconf 88' lang='lat' dir='ltr'><strong>qui</strong></span> <span class='ocrx_word' id='word_1_104' title='bbox 881 1570 937 1617; x_wconf 91' lang='lat' dir='ltr'><strong>et</strong></span> <span class='ocrx_word' id='word_1_105' title='bbox 958 1562 1079 1618; x_wconf 87' lang='lat' dir='ltr'><strong>sine</strong></span> <span class='ocrx_word' id='word_1_106' title='bbox 1108 1561 1286 1617; x_wconf 89' lang='lat' dir='ltr'><strong>oculis</strong></span> <span class='ocrx_word' id='word_1_107' title='bbox 1310 1560 1497 1632; x_wconf 89' lang='lat' dir='ltr'><strong>perﬁci</strong></span> <span class='ocrx_word' id='word_1_108' title='bbox 1530 1561 1731 1618; x_wconf 87' lang='lat' dir='ltr'><strong>dicitur</strong></span> <span class='ocrx_word' id='word_1_109' title='bbox 1760 1578 1777 1630; x_wconf 88' lang='lat'><strong>;</strong></span> <span class='ocrx_word' id='word_1_110' title='bbox 1810 1562 1986 1618; x_wconf 89' lang='lat' dir='ltr'><strong>multo</strong></span> <span class='ocrx_word' id='word_1_111' title='bbox 2008 1562 2108 1634; x_wconf 76' lang='lat' dir='ltr'><strong>igi-</strong></span> 
     </span>
    </p>
   </div>
   <div class='ocr_carea' id='block_1_18' title="bbox 511 1656 1548 1724">
    <p class='ocr_par' dir='ltr' id='par_1_18' title="bbox 511 1656 1548 1724">
     <span class='ocr_line' id='line_1_18' title="bbox 511 1656 1548 1724; baseline -0.003 -11"><span class='ocrx_word' id='word_1_112' title='bbox 511 1665 599 1713; x_wconf 91' lang='lat' dir='ltr'><strong>tur</strong></span> <span class='ocrx_word' id='word_1_113' title='bbox 626 1657 827 1724; x_wconf 89' lang='lat' dir='ltr'><strong>minus;</strong></span> <span class='ocrx_word' id='word_1_114' title='bbox 860 1667 914 1712; x_wconf 89' lang='lat' dir='ltr'><strong>et</strong></span> <span class='ocrx_word' id='word_1_115' title='bbox 943 1656 1062 1713; x_wconf 83' lang='lat' dir='ltr'><strong>sine</strong></span> <span class='ocrx_word' id='word_1_116' title='bbox 1086 1671 1220 1712; x_wconf 89' lang='lat' dir='ltr'><strong>voce</strong></span> <span class='ocrx_word' id='word_1_117' title='bbox 1252 1670 1317 1712; x_wconf 84' lang='lat' dir='ltr'><strong>ac</strong></span> <span class='ocrx_word' id='word_1_118' title='bbox 1346 1656 1548 1712; x_wconf 82' lang='lat' dir='ltr'><strong>verbis.</strong></span> 
     </span>
    </p>
   </div>
   <div class='ocr_carea' id='block_1_19' title="bbox 581 1749 2107 1817">
    <p class='ocr_par' dir='ltr' id='par_1_19' title="bbox 581 1749 2107 1817">
     <span class='ocr_line' id='line_1_19' title="bbox 581 1749 2107 1817; baseline 0.002 -12"><span class='ocrx_word' id='word_1_119' title='bbox 581 1749 673 1805; x_wconf 77' lang='grc'><strong>46.</strong></span> <span class='ocrx_word' id='word_1_120' title='bbox 714 1749 946 1817; x_wconf 79' lang='lat' dir='ltr'><strong>Quando</strong></span> <span class='ocrx_word' id='word_1_121' title='bbox 977 1764 1135 1807; x_wconf 91' lang='lat' dir='ltr'><strong>mens</strong></span> <span class='ocrx_word' id='word_1_122' title='bbox 1173 1749 1291 1805; x_wconf 87' lang='lat' dir='ltr'><strong>sine</strong></span> <span class='ocrx_word' id='word_1_123' title='bbox 1315 1749 1493 1806; x_wconf 88' lang='lat' dir='ltr'><strong>oculis</strong></span> <span class='ocrx_word' id='word_1_124' title='bbox 1528 1749 1741 1807; x_wconf 87' lang='lat' dir='ltr'><strong>accedit</strong></span> <span class='ocrx_word' id='word_1_125' title='bbox 1787 1749 1855 1806; x_wconf 89' lang='lat' dir='ltr'><strong>ad</strong></span> <span class='ocrx_word' id='word_1_126' title='bbox 1879 1751 2107 1808; x_wconf 86' lang='lat' dir='ltr'><strong>divinis-</strong></span> 
     </span>
    </p>
   </div>
   <div class='ocr_carea' id='block_1_20' title="bbox 511 1822 2100 1905">
    <p class='ocr_par' dir='ltr' id='par_1_20' title="bbox 511 1822 2100 1905">
     <span class='ocr_line' id='line_1_20' title="bbox 511 1822 2100 1905; baseline 0.003 -16"><span class='ocrx_word' id='word_1_127' title='bbox 511 1838 730 1904; x_wconf 74' lang='lat' dir='ltr'><strong>simam,</strong></span> <span class='ocrx_word' id='word_1_128' title='bbox 792 1826 1259 1905; x_wconf 61' lang='lat' dir='ltr'><strong>utiam,a‘.ternam</strong></span> <span class='ocrx_word' id='word_1_129' title='bbox 1292 1853 1356 1894; x_wconf 89' lang='lat' dir='ltr'><strong>ac</strong></span> <span class='ocrx_word' id='word_1_130' title='bbox 1383 1822 1654 1894; x_wconf 86' lang='lat' dir='ltr'><strong>summam</strong></span> <span class='ocrx_word' id='word_1_131' title='bbox 1682 1839 2100 1905; x_wconf 74' lang='lat' dir='ltr'><strong>obscuritatem,</strong></span> 
     </span>
    </p>
   </div>
   <div class='ocr_carea' id='block_1_21' title="bbox 511 1904 2103 1996">
    <p class='ocr_par' dir='ltr' id='par_1_21' title="bbox 511 1904 2103 1996">
     <span class='ocr_line' id='line_1_21' title="bbox 511 1904 2103 1996; baseline 0.003 -11"><span class='ocrx_word' id='word_1_132' title='bbox 511 1947 797 1996; x_wconf 81' lang='lat' dir='ltr'><strong>assensus,</strong></span> <span class='ocrx_word' id='word_1_133' title='bbox 824 1941 878 1986; x_wconf 88' lang='lat' dir='ltr'><strong>et</strong></span> <span class='ocrx_word' id='word_1_134' title='bbox 914 1932 1001 1987; x_wconf 90' lang='lat' dir='ltr'><strong>hic</strong></span> <span class='ocrx_word' id='word_1_135' title='bbox 1027 1934 1148 1989; x_wconf 89' lang='lat' dir='ltr'><strong>sine</strong></span> <span class='ocrx_word' id='word_1_136' title='bbox 1178 1904 1356 1990; x_wconf 82' lang='lat' dir='ltr'><strong>oculis</strong></span> <span class='ocrx_word' id='word_1_137' title='bbox 1390 1933 1519 1989; x_wconf 89' lang='lat' dir='ltr'><strong>inde</strong></span> <span class='ocrx_word' id='word_1_138' title='bbox 1553 1934 1621 1989; x_wconf 88' lang='lat' dir='ltr'><strong>ad</strong></span> <span class='ocrx_word' id='word_1_139' title='bbox 1673 1944 1909 1990; x_wconf 83' lang='lat' dir='ltr'><strong>mentem</strong></span> <span class='ocrx_word' id='word_1_140' title='bbox 1967 1935 2103 1989; x_wconf 85' lang='lat' dir='ltr'><strong>sim-</strong></span> 
     </span>
    </p>
   </div>
   <div class='ocr_carea' id='block_1_22' title="bbox 513 2024 2104 2101">
    <p class='ocr_par' dir='ltr' id='par_1_22' title="bbox 513 2024 2104 2101">
     <span class='ocr_line' id='line_1_22' title="bbox 513 2024 2104 2101; baseline 0.003 -23"><span class='ocrx_word' id='word_1_141' title='bbox 513 2026 707 2094; x_wconf 66' lang='lat' dir='ltr'><strong>plicem</strong></span> <span class='ocrx_word' id='word_1_142' title='bbox 749 2024 1054 2094; x_wconf 89' lang='lat' dir='ltr'><strong>descendit,</strong></span> <span class='ocrx_word' id='word_1_143' title='bbox 1084 2025 1318 2101; x_wconf 79' lang='lat' dir='ltr'><strong>simplex</strong></span> <span class='ocrx_word' id='word_1_144' title='bbox 1350 2041 1570 2097; x_wconf 82' lang='lat' dir='ltr'><strong>quoque</strong></span> <span class='ocrx_word' id='word_1_145' title='bbox 1597 2034 1655 2082; x_wconf 91' lang='lat' dir='ltr'><strong>et</strong></span> <span class='ocrx_word' id='word_1_146' title='bbox 1692 2027 2104 2099; x_wconf 84' lang='lat' dir='ltr'><strong>pulchritudine</strong></span> 
     </span>
    </p>
   </div>
   <div class='ocr_carea' id='block_1_23' title="bbox 508 2116 2103 2188">
    <p class='ocr_par' dir='ltr' id='par_1_23' title="bbox 508 2116 2103 2188">
     <span class='ocr_line' id='line_1_23' title="bbox 508 2116 2103 2188; baseline 0.004 -22"><span class='ocrx_word' id='word_1_147' title='bbox 508 2134 573 2171; x_wconf 75' lang='grc' dir='ltr'><strong>ςιο</strong></span> <span class='ocrx_word' id='word_1_148' title='bbox 615 2116 732 2173; x_wconf 81' lang='lat' dir='ltr'><strong>luce</strong></span> <span class='ocrx_word' id='word_1_149' title='bbox 783 2117 983 2172; x_wconf 81' lang='lat' dir='ltr'><strong>cxinia</strong></span> <span class='ocrx_word' id='word_1_150' title='bbox 1020 2128 1072 2172; x_wconf 90' lang='lat' dir='ltr'><strong>et</strong></span> <span class='ocrx_word' id='word_1_151' title='bbox 1105 2116 1363 2173; x_wconf 77' lang='lat' dir='ltr'><strong>incl&#39;falzlli</strong></span> <span class='ocrx_word' id='word_1_152' title='bbox 1420 2118 1710 2188; x_wconf 79' lang='lat' dir='ltr'><strong>splendore</strong></span> <span class='ocrx_word' id='word_1_153' title='bbox 1771 2119 2003 2188; x_wconf 85' lang='lat' dir='ltr'><strong>plenus;</strong></span> <span class='ocrx_word' id='word_1_154' title='bbox 2049 2128 2103 2173; x_wconf 78' lang='lat' dir='ltr'><strong>rt</strong></span> 
     </span>
    </p>
   </div>
   <div class='ocr_carea' id='block_1_24' title="bbox 505 2209 2103 2281">
    <p class='ocr_par' dir='ltr' id='par_1_24' title="bbox 505 2209 2103 2281">
     <span class='ocr_line' id='line_1_24' title="bbox 505 2209 2103 2281; baseline 0.002 -17"><span class='ocrx_word' id='word_1_155' title='bbox 505 2214 561 2265; x_wconf 86' lang='lat' dir='ltr'><strong>in</strong></span> <span class='ocrx_word' id='word_1_156' title='bbox 594 2210 975 2265; x_wconf 83' lang='lat' dir='ltr'><strong>admirationis</strong></span> <span class='ocrx_word' id='word_1_157' title='bbox 1002 2209 1255 2280; x_wconf 81' lang='lat' dir='ltr'><strong>abyssum</strong></span> <span class='ocrx_word' id='word_1_158' title='bbox 1290 2223 1343 2265; x_wconf 90' lang='lat' dir='ltr'><strong>ct</strong></span> <span class='ocrx_word' id='word_1_159' title='bbox 1378 2213 1618 2281; x_wconf 83' lang='lat' dir='ltr'><strong>Stuporis</strong></span> <span class='ocrx_word' id='word_1_160' title='bbox 1648 2222 1885 2267; x_wconf 89' lang='lat' dir='ltr'><strong>mentem</strong></span> <span class='ocrx_word' id='word_1_161' title='bbox 1939 2213 1994 2267; x_wconf 92' lang='lat' dir='ltr'><strong>in</strong></span> <span class='ocrx_word' id='word_1_162' title='bbox 2028 2215 2103 2267; x_wconf 87' lang='lat' dir='ltr'><strong>si-</strong></span> 
     </span>
    </p>
   </div>
   <div class='ocr_carea' id='block_1_25' title="bbox 509 2304 2101 2375">
    <p class='ocr_par' dir='ltr' id='par_1_25' title="bbox 509 2304 2101 2375">
     <span class='ocr_line' id='line_1_25' title="bbox 509 2304 2101 2375; baseline 0.001 -19"><span class='ocrx_word' id='word_1_163' title='bbox 509 2307 679 2359; x_wconf 89' lang='lat' dir='ltr'><strong>lentio</strong></span> <span class='ocrx_word' id='word_1_164' title='bbox 703 2304 983 2371; x_wconf 75' lang='lat' dir='ltr'><strong>inritans;</strong></span> <span class='ocrx_word' id='word_1_165' title='bbox 1018 2304 1494 2374; x_wconf 72' lang='lat' dir='ltr'><strong>comprehenderis</strong></span> <span class='ocrx_word' id='word_1_166' title='bbox 1526 2319 1623 2358; x_wconf 88' lang='lat' dir='ltr'><strong>cor</strong></span> <span class='ocrx_word' id='word_1_167' title='bbox 1664 2305 1939 2375; x_wconf 89' lang='lat' dir='ltr'><strong>spirituali</strong></span> <span class='ocrx_word' id='word_1_168' title='bbox 1982 2305 2101 2357; x_wconf 55' lang='lat' dir='ltr'><strong>etii-</strong></span> 
     </span>
    </p>
   </div>
   <div class='ocr_carea' id='block_1_26' title="bbox 509 2394 2100 2467">
    <p class='ocr_par' dir='ltr' id='par_1_26' title="bbox 509 2394 2100 2467">
     <span class='ocr_line' id='line_1_26' title="bbox 509 2394 2100 2467; baseline 0.001 -18"><span class='ocrx_word' id='word_1_169' title='bbox 509 2396 662 2452; x_wconf 79' lang='lat' dir='ltr'><strong>racia</strong></span> <span class='ocrx_word' id='word_1_170' title='bbox 690 2405 743 2452; x_wconf 85' lang='lat' dir='ltr'><strong>ct</strong></span> <span class='ocrx_word' id='word_1_171' title='bbox 768 2396 914 2451; x_wconf 89' lang='lat' dir='ltr'><strong>dulci</strong></span> <span class='ocrx_word' id='word_1_172' title='bbox 941 2397 1161 2467; x_wconf 77' lang='lat' dir='ltr'><strong>gaudio.</strong></span> <span class='ocrx_word' id='word_1_173' title='bbox 1205 2394 1289 2450; x_wconf 82' lang='lat' dir='ltr'><strong>Fit.</strong></span> <span class='ocrx_word' id='word_1_174' title='bbox 1327 2396 1496 2453; x_wconf 87' lang='lat' dir='ltr'><strong>menti</strong></span> <span class='ocrx_word' id='word_1_175' title='bbox 1551 2396 1730 2452; x_wconf 79' lang='lat' dir='ltr'><strong>dulcis</strong></span> <span class='ocrx_word' id='word_1_176' title='bbox 1769 2397 2100 2453; x_wconf 87' lang='lat' dir='ltr'><strong>illuminatio</strong></span> 
     </span>
    </p>
   </div>
   <div class='ocr_carea' id='block_1_27' title="bbox 507 2488 2098 2559">
    <p class='ocr_par' dir='ltr' id='par_1_27' title="bbox 507 2488 2098 2559">
     <span class='ocr_line' id='line_1_27' title="bbox 507 2488 2098 2559; baseline 0.001 -17"><span class='ocrx_word' id='word_1_177' title='bbox 507 2505 572 2543; x_wconf 88' lang='lat' dir='ltr'><strong>ac</strong></span> <span class='ocrx_word' id='word_1_178' title='bbox 599 2489 880 2559; x_wconf 87' lang='lat' dir='ltr'><strong>splendor,</strong></span> <span class='ocrx_word' id='word_1_179' title='bbox 906 2498 961 2544; x_wconf 91' lang='lat' dir='ltr'><strong>ct</strong></span> <span class='ocrx_word' id='word_1_180' title='bbox 1007 2489 1263 2549; x_wconf 82' lang='lat' dir='ltr'><strong>divinans</strong></span> <span class='ocrx_word' id='word_1_181' title='bbox 1308 2489 1612 2545; x_wconf 86' lang='lat' dir='ltr'><strong>secundum</strong></span> <span class='ocrx_word' id='word_1_182' title='bbox 1680 2488 2098 2545; x_wconf 86' lang='lat' dir='ltr'><strong>similitudinem</strong></span> 
     </span>
    </p>
   </div>
   <div class='ocr_carea' id='block_1_28' title="bbox 506 2582 2099 2655">
    <p class='ocr_par' dir='ltr' id='par_1_28' title="bbox 506 2582 2099 2655">
     <span class='ocr_line' id='line_1_28' title="bbox 506 2582 2099 2655; baseline 0.001 -19"><span class='ocrx_word' id='word_1_183' title='bbox 506 2598 682 2648; x_wconf 87' lang='lat' dir='ltr'><strong>amor,</strong></span> <span class='ocrx_word' id='word_1_184' title='bbox 719 2593 773 2638; x_wconf 92' lang='lat' dir='ltr'><strong>et</strong></span> <span class='ocrx_word' id='word_1_185' title='bbox 808 2599 941 2655; x_wconf 91' lang='lat' dir='ltr'><strong>pura</strong></span> <span class='ocrx_word' id='word_1_186' title='bbox 964 2584 1278 2640; x_wconf 82' lang='lat' dir='ltr'><strong>exsultatio.</strong></span> <span class='ocrx_word' id='word_1_187' title='bbox 1314 2582 1651 2654; x_wconf 89' lang='lat' dir='ltr'><strong>Principium</strong></span> <span class='ocrx_word' id='word_1_188' title='bbox 1675 2593 1856 2655; x_wconf 82' lang='lat' dir='ltr'><strong>autem</strong></span> <span class='ocrx_word' id='word_1_189' title='bbox 1891 2599 1956 2641; x_wconf 81' lang='lat' dir='ltr'><strong>ex</strong></span> <span class='ocrx_word' id='word_1_190' title='bbox 1989 2585 2099 2639; x_wconf 88' lang='lat' dir='ltr'><strong>Deo</strong></span> 
     </span>
    </p>
   </div>
   <div class='ocr_carea' id='block_1_29' title="bbox 510 2677 2100 2749">
    <p class='ocr_par' dir='ltr' id='par_1_29' title="bbox 510 2677 2100 2749">
     <span class='ocr_line' id='line_1_29' title="bbox 510 2677 2100 2749; baseline 0 -14"><span class='ocrx_word' id='word_1_191' title='bbox 510 2678 693 2739; x_wconf 82' lang='lat' dir='ltr'><strong>habet,</strong></span> <span class='ocrx_word' id='word_1_192' title='bbox 739 2677 896 2749; x_wconf 37' lang='lat' dir='ltr'><strong>unde,</strong></span> <span class='ocrx_word' id='word_1_193' title='bbox 934 2693 1099 2734; x_wconf 92' lang='lat' dir='ltr'><strong>omne</strong></span> <span class='ocrx_word' id='word_1_194' title='bbox 1169 2678 1373 2735; x_wconf 92' lang='lat' dir='ltr'><strong>donum</strong></span> <span class='ocrx_word' id='word_1_195' title='bbox 1427 2679 1696 2749; x_wconf 90' lang='lat' dir='ltr'><strong>optimum</strong></span> <span class='ocrx_word' id='word_1_196' title='bbox 1748 2694 1847 2749; x_wconf 90' lang='lat' dir='ltr'><strong>per</strong></span> <span class='ocrx_word' id='word_1_197' title='bbox 1902 2679 2100 2735; x_wconf 83' lang='lat' dir='ltr'><strong>utentis</strong></span> 
     </span>
    </p>
   </div>
   <div class='ocr_carea' id='block_1_30' title="bbox 506 2769 2096 2841">
    <p class='ocr_par' dir='ltr' id='par_1_30' title="bbox 506 2769 2096 2841">
     <span class='ocr_line' id='line_1_30' title="bbox 506 2769 2096 2841; baseline 0.001 -16"><span class='ocrx_word' id='word_1_198' title='bbox 506 2769 830 2833; x_wconf 80' lang='lat' dir='ltr'><strong>munditiam</strong></span> <span class='ocrx_word' id='word_1_199' title='bbox 864 2789 880 2841; x_wconf 89' lang='lat'><strong>;</strong></span> <span class='ocrx_word' id='word_1_200' title='bbox 916 2780 969 2827; x_wconf 89' lang='lat' dir='ltr'><strong>et</strong></span> <span class='ocrx_word' id='word_1_201' title='bbox 1002 2772 1186 2840; x_wconf 87' lang='lat' dir='ltr'><strong>habet,</strong></span> <span class='ocrx_word' id='word_1_202' title='bbox 1211 2782 1269 2827; x_wconf 88' lang='lat' dir='ltr'><strong>ut</strong></span> <span class='ocrx_word' id='word_1_203' title='bbox 1303 2775 1377 2828; x_wconf 85' lang='lat' dir='ltr'><strong>ita</strong></span> <span class='ocrx_word' id='word_1_204' title='bbox 1424 2772 1628 2839; x_wconf 90' lang='lat' dir='ltr'><strong>dicam,</strong></span> <span class='ocrx_word' id='word_1_205' title='bbox 1683 2772 1969 2828; x_wconf 83' lang='lat' dir='ltr'><strong>materiam</strong></span> <span class='ocrx_word' id='word_1_206' title='bbox 2031 2788 2096 2827; x_wconf 80' lang='lat' dir='ltr'><strong>ex</strong></span> 
     </span>
    </p>
   </div>
   <div class='ocr_carea' id='block_1_31' title="bbox 501 2863 2099 2936">
    <p class='ocr_par' dir='ltr' id='par_1_31' title="bbox 501 2863 2099 2936">
     <span class='ocr_line' id='line_1_31' title="bbox 501 2863 2099 2936; baseline 0.001 -17"><span class='ocrx_word' id='word_1_207' title='bbox 501 2866 708 2919; x_wconf 78' lang='lat' dir='ltr'><strong>divinis</strong></span> <span class='ocrx_word' id='word_1_208' title='bbox 738 2863 1178 2934; x_wconf 76' lang='lat' dir='ltr'><strong>apparitionibus</strong></span> <span class='ocrx_word' id='word_1_209' title='bbox 1212 2881 1310 2935; x_wconf 90' lang='lat' dir='ltr'><strong>per</strong></span> <span class='ocrx_word' id='word_1_210' title='bbox 1343 2865 1669 2936; x_wconf 87' lang='lat' dir='ltr'><strong>scripturas,</strong></span> <span class='ocrx_word' id='word_1_211' title='bbox 1718 2875 1774 2921; x_wconf 91' lang='lat' dir='ltr'><strong>et</strong></span> <span class='ocrx_word' id='word_1_212' title='bbox 1816 2877 2099 2921; x_wconf 76' lang='lat' dir='ltr'><strong>creaturas</strong></span> 
     </span>
    </p>
   </div>
   <div class='ocr_carea' id='block_1_32' title="bbox 502 2957 2096 3029">
    <p class='ocr_par' dir='ltr' id='par_1_32' title="bbox 502 2957 2096 3029">
     <span class='ocr_line' id='line_1_32' title="bbox 502 2957 2096 3029; baseline -0.002 -12"><span class='ocrx_word' id='word_1_213' title='bbox 502 2957 877 3029; x_wconf 77' lang='lat' dir='ltr'><strong>intelligenter</strong></span> <span class='ocrx_word' id='word_1_214' title='bbox 914 2974 1041 3014; x_wconf 90' lang='lat' dir='ltr'><strong>cum</strong></span> <span class='ocrx_word' id='word_1_215' title='bbox 1076 2969 1224 3014; x_wconf 89' lang='lat' dir='ltr'><strong>recto</strong></span> <span class='ocrx_word' id='word_1_216' title='bbox 1282 2960 1448 3015; x_wconf 86' lang='lat' dir='ltr'><strong>corde</strong></span> <span class='ocrx_word' id='word_1_217' title='bbox 1475 2960 1528 3014; x_wconf 91' lang='lat' dir='ltr'><strong>in</strong></span> <span class='ocrx_word' id='word_1_218' title='bbox 1585 2958 1988 3025; x_wconf 80' lang='lat' dir='ltr'><strong>tranquillitate</strong></span> <span class='ocrx_word' id='word_1_219' title='bbox 2040 2968 2096 3014; x_wconf 90' lang='lat' dir='ltr'><strong>ct</strong></span> 
     </span>
    </p>
   </div>
   <div class='ocr_carea' id='block_1_33' title="bbox 502 3050 2095 3126">
    <p class='ocr_par' dir='ltr' id='par_1_33' title="bbox 502 3050 2095 3126">
     <span class='ocr_line' id='line_1_33' title="bbox 502 3050 2095 3126; baseline 0.001 -21"><span class='ocrx_word' id='word_1_220' title='bbox 502 3052 754 3107; x_wconf 86' lang='lat' dir='ltr'><strong>oratione</strong></span> <span class='ocrx_word' id='word_1_221' title='bbox 806 3052 1195 3110; x_wconf 77' lang='lat' dir='ltr'><strong>consideratis.</strong></span> <span class='ocrx_word' id='word_1_222' title='bbox 1254 3050 1372 3109; x_wconf 87' lang='lat' dir='ltr'><strong>Non</strong></span> <span class='ocrx_word' id='word_1_223' title='bbox 1429 3056 1577 3111; x_wconf 89' lang='lat' dir='ltr'><strong>enim</strong></span> <span class='ocrx_word' id='word_1_224' title='bbox 1624 3055 1873 3126; x_wconf 87' lang='lat' dir='ltr'><strong>quolibet</strong></span> <span class='ocrx_word' id='word_1_225' title='bbox 1931 3054 2095 3107; x_wconf 90' lang='lat' dir='ltr'><strong>modo</strong></span> 
     </span>
    </p>
   </div>
   <div class='ocr_carea' id='block_1_34' title="bbox 2206 528 3788 614">
    <p class='ocr_par' dir='ltr' id='par_1_34' title="bbox 2206 528 3788 614">
     <span class='ocr_line' id='line_1_34' title="bbox 2206 528 3788 614; baseline 0.012 -38"><span class='ocrx_word' id='word_1_226' title='bbox 2206 539 2345 594; x_wconf 88' lang='grc' dir='ltr'>ροις,</span> <span class='ocrx_word' id='word_1_227' title='bbox 2382 528 2479 581; x_wconf 77' lang='grc' dir='ltr'>καὶ</span> <span class='ocrx_word' id='word_1_228' title='bbox 2530 530 2801 599; x_wconf 76' lang='grc' dir='ltr'><strong>ἀορίστοις</strong></span> <span class='ocrx_word' id='word_1_229' title='bbox 2844 533 3068 601; x_wconf 79' lang='grc' dir='ltr'>ἂπασ.ν,</span> <span class='ocrx_word' id='word_1_230' title='bbox 3100 536 3180 600; x_wconf 83' lang='grc' dir='ltr'><strong>οίς</strong></span> <span class='ocrx_word' id='word_1_231' title='bbox 3226 538 3423 608; x_wconf 72' lang='grc' dir='ltr'>ὁρᾶται</span> <span class='ocrx_word' id='word_1_232' title='bbox 3454 541 3514 591; x_wconf 71' lang='grc' dir='ltr'>τὸ</span> <span class='ocrx_word' id='word_1_233' title='bbox 3562 541 3788 614; x_wconf 76' lang='grc' dir='ltr'>ὑπερθύ-</span> 
     </span>
    </p>
   </div>
   <div class='ocr_carea' id='block_1_35' title="bbox 2206 621 3788 705">
    <p class='ocr_par' dir='ltr' id='par_1_35' title="bbox 2206 621 3788 705">
     <span class='ocr_line' id='line_1_35' title="bbox 2206 621 3788 705; baseline 0.013 -37"><span class='ocrx_word' id='word_1_234' title='bbox 2206 632 2322 670; x_wconf 90' lang='grc' dir='ltr'>σιον</span> <span class='ocrx_word' id='word_1_235' title='bbox 2377 621 2697 691; x_wconf 80' lang='grc' dir='ltr'>ἀπόκρυφον</span> <span class='ocrx_word' id='word_1_236' title='bbox 2728 623 2788 677; x_wconf 79' lang='grc' dir='ltr'>ἓν</span> <span class='ocrx_word' id='word_1_237' title='bbox 2815 665 2830 689; x_wconf 95' lang='grc'><strong>,</strong></span> <span class='ocrx_word' id='word_1_238' title='bbox 2865 628 2957 679; x_wconf 76' lang='grc' dir='ltr'>καὶ</span> <span class='ocrx_word' id='word_1_239' title='bbox 3004 628 3146 682; x_wconf 77' lang='grc' dir='ltr'>πάνυ</span> <span class='ocrx_word' id='word_1_240' title='bbox 3182 647 3263 683; x_wconf 89' lang='grc' dir='ltr'><strong>τοι</strong></span> <span class='ocrx_word' id='word_1_241' title='bbox 3314 632 3531 704; x_wconf 80' lang='grc' dir='ltr'>φύσεως</span> <span class='ocrx_word' id='word_1_242' title='bbox 3569 635 3788 705; x_wconf 71' lang='grc' dir='ltr'>λογικῆς</span> 
     </span>
    </p>
   </div>
   <div class='ocr_carea' id='block_1_36' title="bbox 2203 706 3788 788">
    <p class='ocr_par' dir='ltr' id='par_1_36' title="bbox 2203 706 3788 788">
     <span class='ocr_line' id='line_1_36' title="bbox 2203 706 3788 788; baseline 0.013 -26"><span class='ocrx_word' id='word_1_243' title='bbox 2203 711 2581 783; x_wconf 76' lang='grc' dir='ltr'>ἁκολούθημα.</span> <span class='ocrx_word' id='word_1_244' title='bbox 2641 706 3026 773; x_wconf 83' lang='grc' dir='ltr'>Ἀνακόλουθον</span> <span class='ocrx_word' id='word_1_245' title='bbox 3053 707 3142 787; x_wconf 55' lang='grc' dir='ltr'>δὲ,</span> <span class='ocrx_word' id='word_1_246' title='bbox 3162 724 3219 774; x_wconf 80' lang='grc' dir='ltr'>ὲν</span> <span class='ocrx_word' id='word_1_247' title='bbox 3253 723 3517 788; x_wconf 75' lang='grc' dir='ltr'><strong>τοιούτοις</strong></span> <span class='ocrx_word' id='word_1_248' title='bbox 3545 726 3675 780; x_wconf 73' lang='grc' dir='ltr'>ὄντα</span> <span class='ocrx_word' id='word_1_249' title='bbox 3699 730 3788 782; x_wconf 82' lang='grc' dir='ltr'>τὸν</span> 
     </span>
    </p>
   </div>
   <div class='ocr_carea' id='block_1_37' title="bbox 2203 806 3785 888">
    <p class='ocr_par' dir='ltr' id='par_1_37' title="bbox 2203 806 3785 888">
     <span class='ocr_line' id='line_1_37' title="bbox 2203 806 3785 888; baseline 0.012 -31"><span class='ocrx_word' id='word_1_250' title='bbox 2203 806 2351 869; x_wconf 82' lang='grc' dir='ltr'>νοῦν,</span> <span class='ocrx_word' id='word_1_251' title='bbox 2383 806 2564 876; x_wconf 82' lang='grc' dir='ltr'>λόγοις</span> <span class='ocrx_word' id='word_1_252' title='bbox 2590 810 2849 881; x_wconf 76' lang='grc' dir='ltr'>χρῆσθαι,</span> <span class='ocrx_word' id='word_1_253' title='bbox 2882 816 2976 866; x_wconf 73' lang='grc' dir='ltr'>καὶ</span> <span class='ocrx_word' id='word_1_254' title='bbox 3005 813 3330 879; x_wconf 82' lang='grc' dir='ltr'>διεξοδεύειν</span> <span class='ocrx_word' id='word_1_255' title='bbox 3371 818 3785 888; x_wconf 75' lang='grc' dir='ltr'>μεταϐαίνοντα.</span> 
     </span>
    </p>
   </div>
   <div class='ocr_carea' id='block_1_38' title="bbox 2216 899 3783 982">
    <p class='ocr_par' dir='ltr' id='par_1_38' title="bbox 2216 899 3783 982">
     <span class='ocr_line' id='line_1_38' title="bbox 2216 899 3783 982; baseline 0.009 -31"><span class='ocrx_word' id='word_1_256' title='bbox 2216 899 2275 953; x_wconf 90' lang='grc' dir='ltr'><strong>Ὀ</strong></span> <span class='ocrx_word' id='word_1_257' title='bbox 2324 899 2432 966; x_wconf 78' lang='grc' dir='ltr'>ἄρα</span> <span class='ocrx_word' id='word_1_258' title='bbox 2479 900 2766 975; x_wconf 79' lang='grc' dir='ltr'>χρώμενος</span> <span class='ocrx_word' id='word_1_259' title='bbox 2810 904 2933 975; x_wconf 79' lang='grc' dir='ltr'>οὐχὶ</span> <span class='ocrx_word' id='word_1_260' title='bbox 2961 905 3023 958; x_wconf 87' lang='grc' dir='ltr'>τὸ</span> <span class='ocrx_word' id='word_1_261' title='bbox 3064 910 3297 980; x_wconf 80' lang='grc' dir='ltr'>σιωπᾷν,</span> <span class='ocrx_word' id='word_1_262' title='bbox 3331 909 3468 964; x_wconf 83' lang='grc' dir='ltr'>ἀλλὰ</span> <span class='ocrx_word' id='word_1_263' title='bbox 3498 910 3558 964; x_wconf 76' lang='grc' dir='ltr'>τὸ</span> <span class='ocrx_word' id='word_1_264' title='bbox 3587 913 3783 982; x_wconf 87' lang='grc' dir='ltr'>λέγειν,</span> 
     </span>
    </p>
   </div>
   <div class='ocr_carea' id='block_1_39' title="bbox 2200 989 3787 1076">
    <p class='ocr_par' dir='ltr' id='par_1_39' title="bbox 2200 989 3787 1076">
     <span class='ocr_line' id='line_1_39' title="bbox 2200 989 3787 1076; baseline 0.011 -34"><span class='ocrx_word' id='word_1_265' title='bbox 2200 989 2304 1058; x_wconf 83' lang='grc' dir='ltr'>τῆς</span> <span class='ocrx_word' id='word_1_266' title='bbox 2331 991 2510 1061; x_wconf 79' lang='grc' dir='ltr'>ἄκρας</span> <span class='ocrx_word' id='word_1_267' title='bbox 2540 992 2777 1047; x_wconf 82' lang='grc' dir='ltr'><strong>ἐλλείπει</strong></span> <span class='ocrx_word' id='word_1_268' title='bbox 2806 994 2898 1048; x_wconf 86' lang='grc' dir='ltr'><strong>τοῦ</strong></span> <span class='ocrx_word' id='word_1_269' title='bbox 2931 995 3023 1050; x_wconf 87' lang='grc' dir='ltr'><strong>νοῦ</strong></span> <span class='ocrx_word' id='word_1_270' title='bbox 3055 1001 3446 1066; x_wconf 74' lang='grc' dir='ltr'><strong>καταστάσεως</strong></span> <span class='ocrx_word' id='word_1_271' title='bbox 3466 1019 3479 1032; x_wconf 86' lang='grc'><em>’</em></span> <span class='ocrx_word' id='word_1_272' title='bbox 3508 1002 3646 1076; x_wconf 78' lang='grc' dir='ltr'>αὕτη</span> <span class='ocrx_word' id='word_1_273' title='bbox 3683 1010 3787 1076; x_wconf 75' lang='grc' dir='ltr'><strong>γαρ</strong></span> 
     </span>
    </p>
   </div>
   <div class='ocr_carea' id='block_1_40' title="bbox 2200 1083 3788 1169">
    <p class='ocr_par' dir='ltr' id='par_1_40' title="bbox 2200 1083 3788 1169">
     <span class='ocr_line' id='line_1_40' title="bbox 2200 1083 3788 1169; baseline 0.013 -35"><span class='ocrx_word' id='word_1_274' title='bbox 2200 1084 2351 1137; x_wconf 82' lang='grc' dir='ltr'>ἐστιν</span> <span class='ocrx_word' id='word_1_275' title='bbox 2392 1086 2427 1154; x_wconf 78' lang='grc' dir='ltr'><strong>ἠ</strong></span> <span class='ocrx_word' id='word_1_276' title='bbox 2466 1083 2614 1156; x_wconf 77' lang='grc' dir='ltr'>ἄκρα</span> <span class='ocrx_word' id='word_1_277' title='bbox 2640 1087 2834 1141; x_wconf 81' lang='grc' dir='ltr'>τούτου</span> <span class='ocrx_word' id='word_1_278' title='bbox 2869 1089 3231 1157; x_wconf 80' lang='grc' dir='ltr'>κατάστασις,</span> <span class='ocrx_word' id='word_1_279' title='bbox 3258 1092 3334 1157; x_wconf 84' lang='grc' dir='ltr'><strong>ὡς</strong></span> <span class='ocrx_word' id='word_1_280' title='bbox 3370 1096 3464 1147; x_wconf 75' lang='grc' dir='ltr'><strong>καὶ</strong></span> <span class='ocrx_word' id='word_1_281' title='bbox 3499 1101 3647 1169; x_wconf 72' lang='grc' dir='ltr'>παρὰ</span> <span class='ocrx_word' id='word_1_282' title='bbox 3680 1101 3788 1154; x_wconf 63' lang='grc' dir='ltr'>τιῖιν</span> 
     </span>
    </p>
   </div>
   <div class='ocr_carea' id='block_1_41' title="bbox 2204 1176 3787 1259">
    <p class='ocr_par' dir='ltr' id='par_1_41' title="bbox 2204 1176 3787 1259">
     <span class='ocr_line' id='line_1_41' title="bbox 2204 1176 3787 1259; baseline 0.003 -28"><span class='ocrx_word' id='word_1_283' title='bbox 2204 1176 2372 1247; x_wconf 79' lang='grc' dir='ltr'>μηδὲν</span> <span class='ocrx_word' id='word_1_284' title='bbox 2406 1177 2667 1249; x_wconf 86' lang='grc' dir='ltr'>ἀληθείας</span> <span class='ocrx_word' id='word_1_285' title='bbox 2704 1181 3073 1251; x_wconf 79' lang='grc' dir='ltr'><strong>προτιθέντων</strong></span> <span class='ocrx_word' id='word_1_286' title='bbox 3108 1185 3470 1259; x_wconf 78' lang='grc' dir='ltr'><strong>ὁμολογηθείη</strong></span> <span class='ocrx_word' id='word_1_287' title='bbox 3508 1190 3606 1243; x_wconf 85' lang='grc' dir='ltr'><strong>ἄν·</strong></span> <span class='ocrx_word' id='word_1_288' title='bbox 3640 1192 3699 1245; x_wconf 80' lang='grc' dir='ltr'><strong>τὸ</strong></span> <span class='ocrx_word' id='word_1_289' title='bbox 3731 1197 3787 1246; x_wconf 67' lang='grc' dir='ltr'>ἐν</span> 
     </span>
    </p>
   </div>
   <div class='ocr_carea' id='block_1_42' title="bbox 2197 1269 3782 1352">
    <p class='ocr_par' dir='ltr' id='par_1_42' title="bbox 2197 1269 3782 1352">
     <span class='ocr_line' id='line_1_42' title="bbox 2197 1269 3782 1352; baseline 0.01 -31"><span class='ocrx_word' id='word_1_290' title='bbox 2197 1269 2276 1338; x_wconf 76' lang='grc' dir='ltr'>τῷ</span> <span class='ocrx_word' id='word_1_291' title='bbox 2331 1270 2621 1341; x_wconf 78' lang='grc' dir='ltr'><strong>ἀκροτάτῳ</strong></span> <span class='ocrx_word' id='word_1_292' title='bbox 2677 1272 2777 1343; x_wconf 85' lang='grc' dir='ltr'>τῆς</span> <span class='ocrx_word' id='word_1_293' title='bbox 2844 1274 3014 1329; x_wconf 80' lang='grc' dir='ltr'>αὑτοῦ</span> <span class='ocrx_word' id='word_1_294' title='bbox 3090 1278 3373 1349; x_wconf 75' lang='grc' dir='ltr'><strong>ἐνεργείας</strong></span> <span class='ocrx_word' id='word_1_295' title='bbox 3432 1282 3782 1352; x_wconf 74' lang='grc' dir='ltr'>γεγενῆσθαι.</span> 
     </span>
    </p>
   </div>
   <div class='ocr_carea' id='block_1_43' title="bbox 2211 1361 3781 1440">
    <p class='ocr_par' dir='ltr' id='par_1_43' title="bbox 2211 1361 3781 1440">
     <span class='ocr_line' id='line_1_43' title="bbox 2211 1361 3781 1440; baseline 0.009 -27"><span class='ocrx_word' id='word_1_296' title='bbox 2211 1361 2543 1433; x_wconf 82' lang='grc' dir='ltr'><strong>Ἀκρότατον</strong></span> <span class='ocrx_word' id='word_1_297' title='bbox 2593 1362 2653 1417; x_wconf 84' lang='grc' dir='ltr'><strong>δέ</strong></span> <span class='ocrx_word' id='word_1_298' title='bbox 2686 1365 2871 1432; x_wconf 80' lang='grc' dir='ltr'>ἐστιν,</span> <span class='ocrx_word' id='word_1_299' title='bbox 2917 1367 2952 1439; x_wconf 82' lang='grc' dir='ltr'>ή</span> <span class='ocrx_word' id='word_1_300' title='bbox 3007 1367 3145 1439; x_wconf 73' lang='grc' dir='ltr'>πρὸς</span> <span class='ocrx_word' id='word_1_301' title='bbox 3176 1369 3238 1423; x_wconf 80' lang='grc' dir='ltr'>τὸ</span> <span class='ocrx_word' id='word_1_302' title='bbox 3270 1372 3575 1440; x_wconf 75' lang='grc' dir='ltr'>ἀκρότατον</span> <span class='ocrx_word' id='word_1_303' title='bbox 3619 1375 3781 1427; x_wconf 76' lang='grc' dir='ltr'>αὐτοῦ</span> 
     </span>
    </p>
   </div>
   <div class='ocr_carea' id='block_1_44' title="bbox 2195 1454 3777 1537">
    <p class='ocr_par' dir='ltr' id='par_1_44' title="bbox 2195 1454 3777 1537">
     <span class='ocr_line' id='line_1_44' title="bbox 2195 1454 3777 1537; baseline 0.008 -27"><span class='ocrx_word' id='word_1_304' title='bbox 2195 1454 2518 1527; x_wconf 79' lang='grc' dir='ltr'>ἁπόὸλεψις,</span> <span class='ocrx_word' id='word_1_305' title='bbox 2548 1457 2673 1530; x_wconf 75' lang='grc' dir='ltr'>ἥτις</span> <span class='ocrx_word' id='word_1_306' title='bbox 2719 1461 2819 1513; x_wconf 76' lang='grc' dir='ltr'>καὶ</span> <span class='ocrx_word' id='word_1_307' title='bbox 2861 1461 3198 1532; x_wconf 81' lang='grc' dir='ltr'>ἀνομμάτως</span> <span class='ocrx_word' id='word_1_308' title='bbox 3227 1463 3503 1521; x_wconf 75' lang='grc' dir='ltr'><strong>τελεῖσθαι</strong></span> <span class='ocrx_word' id='word_1_309' title='bbox 3523 1466 3738 1537; x_wconf 82' lang='grc' dir='ltr'>λέγεται</span> <span class='ocrx_word' id='word_1_310' title='bbox 3763 1484 3777 1497; x_wconf 88' lang='grc'><strong>·</strong></span> 
     </span>
    </p>
   </div>
   <div class='ocr_carea' id='block_1_45' title="bbox 2198 1547 3621 1628">
    <p class='ocr_par' dir='ltr' id='par_1_45' title="bbox 2198 1547 3621 1628">
     <span class='ocr_line' id='line_1_45' title="bbox 2198 1547 3621 1628; baseline 0.011 -24"><span class='ocrx_word' id='word_1_311' title='bbox 2198 1547 2381 1622; x_wconf 89' lang='grc' dir='ltr'>πολλῷ</span> <span class='ocrx_word' id='word_1_312' title='bbox 2411 1551 2520 1621; x_wconf 80' lang='grc' dir='ltr'>ἄρα</span> <span class='ocrx_word' id='word_1_313' title='bbox 2549 1552 2795 1622; x_wconf 74' lang='grc' dir='ltr'>ἔλαττον,</span> <span class='ocrx_word' id='word_1_314' title='bbox 2826 1556 2918 1609; x_wconf 82' lang='grc' dir='ltr'><strong>καί</strong></span> <span class='ocrx_word' id='word_1_315' title='bbox 2947 1555 3254 1628; x_wconf 77' lang='grc' dir='ltr'>ἀλαλήτως.</span> <span class='ocrx_word' id='word_1_316' title='bbox 3616 1578 3621 1581; x_wconf 71' lang='lat'>‘</span> 
     </span>
    </p>
   </div>
   <div class='ocr_carea' id='block_1_46' title="bbox 2140 1731 3777 1846">
    <p class='ocr_par' dir='ltr' id='par_1_46' title="bbox 2140 1731 3777 1846">
     <span class='ocr_line' id='line_1_46' title="bbox 2140 1731 3777 1846; baseline -0.003 -47"><span class='ocrx_word' id='word_1_317' title='bbox 2140 1788 2181 1846; x_wconf 67' lang='grc' dir='ltr'><strong><em>Β</em></strong></span> <span class='ocrx_word' id='word_1_318' title='bbox 2238 1731 2392 1813; x_wconf 71' lang='grc' dir='ltr'>’μς’.</span> <span class='ocrx_word' id='word_1_319' title='bbox 2448 1739 2863 1806; x_wconf 78' lang='grc' dir='ltr'>Ἐπιδάλλοντος</span> <span class='ocrx_word' id='word_1_320' title='bbox 2896 1740 2992 1797; x_wconf 83' lang='grc' dir='ltr'><strong>τοῦ</strong></span> <span class='ocrx_word' id='word_1_321' title='bbox 3030 1739 3123 1796; x_wconf 85' lang='grc' dir='ltr'><strong>νοῦ</strong></span> <span class='ocrx_word' id='word_1_322' title='bbox 3156 1740 3487 1814; x_wconf 81' lang='grc' dir='ltr'>ἁνομμάτως</span> <span class='ocrx_word' id='word_1_323' title='bbox 3521 1745 3588 1815; x_wconf 70' lang='grc' dir='ltr'><strong>τῇ</strong></span> <span class='ocrx_word' id='word_1_324' title='bbox 3638 1744 3777 1798; x_wconf 62' lang='grc' dir='ltr'><strong>θεω-</strong></span> 
     </span>
    </p>
   </div>
   <div class='ocr_carea' id='block_1_47' title="bbox 2198 1836 3784 1912">
    <p class='ocr_par' dir='ltr' id='par_1_47' title="bbox 2198 1836 3784 1912">
     <span class='ocr_line' id='line_1_47' title="bbox 2198 1836 3784 1912; baseline 0.001 -24"><span class='ocrx_word' id='word_1_325' title='bbox 2198 1837 2339 1905; x_wconf 80' lang='grc' dir='ltr'><strong>τάτῃ</strong></span> <span class='ocrx_word' id='word_1_326' title='bbox 2365 1836 2544 1906; x_wconf 77' lang='grc' dir='ltr'>ἑνικῇ,</span> <span class='ocrx_word' id='word_1_327' title='bbox 2571 1837 2667 1889; x_wconf 75' lang='grc' dir='ltr'>καὶ</span> <span class='ocrx_word' id='word_1_328' title='bbox 2693 1836 3065 1908; x_wconf 78' lang='grc' dir='ltr'>ὑπεραρχικῇ,</span> <span class='ocrx_word' id='word_1_329' title='bbox 3096 1852 3192 1889; x_wconf 87' lang='grc' dir='ltr'><strong>και</strong></span> <span class='ocrx_word' id='word_1_330' title='bbox 3218 1839 3624 1912; x_wconf 75' lang='grc' dir='ltr'>κορυφαιοτάτῃ</span> <span class='ocrx_word' id='word_1_331' title='bbox 3651 1840 3784 1891; x_wconf 83' lang='grc' dir='ltr'>ἀπο-</span> 
     </span>
    </p>
   </div>
   <div class='ocr_carea' id='block_1_48' title="bbox 2199 1925 3784 2000">
    <p class='ocr_par' dir='ltr' id='par_1_48' title="bbox 2199 1925 3784 2000">
     <span class='ocr_line' id='line_1_48' title="bbox 2199 1925 3784 2000; baseline 0.001 -19"><span class='ocrx_word' id='word_1_332' title='bbox 2199 1928 2549 1998; x_wconf 81' lang='grc' dir='ltr'>κρυφιότητι,</span> <span class='ocrx_word' id='word_1_333' title='bbox 2593 1927 2902 2000; x_wconf 80' lang='grc' dir='ltr'>παραδοχὴ,</span> <span class='ocrx_word' id='word_1_334' title='bbox 2952 1929 3048 1981; x_wconf 67' lang='lat' dir='ltr'><strong>xui.</strong></span> <span class='ocrx_word' id='word_1_335' title='bbox 3085 1925 3226 1998; x_wconf 78' lang='grc' dir='ltr'>αὕτη</span> <span class='ocrx_word' id='word_1_336' title='bbox 3267 1930 3602 2000; x_wconf 82' lang='grc' dir='ltr'>ἁνόμματος,</span> <span class='ocrx_word' id='word_1_337' title='bbox 3644 1932 3784 1983; x_wconf 77' lang='grc' dir='ltr'>ἐκεῖ·</span> 
     </span>
    </p>
   </div>
   <div class='ocr_carea' id='block_1_49' title="bbox 2201 2020 3783 2094">
    <p class='ocr_par' dir='ltr' id='par_1_49' title="bbox 2201 2020 3783 2094">
     <span class='ocr_line' id='line_1_49' title="bbox 2201 2020 3783 2094; baseline 0.001 -20"><span class='ocrx_word' id='word_1_338' title='bbox 2201 2021 2292 2074; x_wconf 85' lang='grc' dir='ltr'>θεν</span> <span class='ocrx_word' id='word_1_339' title='bbox 2351 2020 2563 2075; x_wconf 78' lang='grc' dir='ltr'>ἔπεισιν</span> <span class='ocrx_word' id='word_1_340' title='bbox 2600 2021 2698 2074; x_wconf 78' lang='grc' dir='ltr'><strong>ἐπὶ</strong></span> <span class='ocrx_word' id='word_1_341' title='bbox 2744 2023 2836 2074; x_wconf 75' lang='grc' dir='ltr'>τὸν</span> <span class='ocrx_word' id='word_1_342' title='bbox 2872 2021 2998 2076; x_wconf 91' lang='grc' dir='ltr'>νοῦν</span> <span class='ocrx_word' id='word_1_343' title='bbox 3051 2022 3327 2094; x_wconf 84' lang='grc' dir='ltr'>ένοειδὴ;,</span> <span class='ocrx_word' id='word_1_344' title='bbox 3376 2024 3472 2076; x_wconf 67' lang='grc' dir='ltr'>καὶ</span> <span class='ocrx_word' id='word_1_345' title='bbox 3510 2022 3783 2093; x_wconf 73' lang='grc' dir='ltr'>μονοειδὴς</span> 
     </span>
    </p>
   </div>
   <div class='ocr_carea' id='block_1_50' title="bbox 2200 2113 3784 2185">
    <p class='ocr_par' dir='ltr' id='par_1_50' title="bbox 2200 2113 3784 2185">
     <span class='ocr_line' id='line_1_50' title="bbox 2200 2113 3784 2185; baseline -0.001 -18"><span class='ocrx_word' id='word_1_346' title='bbox 2200 2114 2517 2183; x_wconf 82' lang='grc' dir='ltr'>ὐπερκάλου</span> <span class='ocrx_word' id='word_1_347' title='bbox 2575 2113 2677 2168; x_wconf 76' lang='grc' dir='ltr'>καὶ</span> <span class='ocrx_word' id='word_1_348' title='bbox 2726 2114 3085 2184; x_wconf 82' lang='grc' dir='ltr'>ὑπερφαοῦς,</span> <span class='ocrx_word' id='word_1_349' title='bbox 3134 2115 3231 2168; x_wconf 77' lang='grc' dir='ltr'><strong>καὶ</strong></span> <span class='ocrx_word' id='word_1_350' title='bbox 3281 2115 3523 2185; x_wconf 68' lang='grc' dir='ltr'>ἀρρήτου</span> <span class='ocrx_word' id='word_1_351' title='bbox 3557 2114 3784 2184; x_wconf 80' lang='grc' dir='ltr'>ἀγλαΐας</span> 
     </span>
    </p>
   </div>
   <div class='ocr_carea' id='block_1_51' title="bbox 2200 2207 3780 2280">
    <p class='ocr_par' dir='ltr' id='par_1_51' title="bbox 2200 2207 3780 2280">
     <span class='ocr_line' id='line_1_51' title="bbox 2200 2207 3780 2280; baseline 0.001 -20"><span class='ocrx_word' id='word_1_352' title='bbox 2200 2209 2613 2280; x_wconf 75' lang='grc' dir='ltr'><strong>πεπληρωμένη</strong></span> <span class='ocrx_word' id='word_1_353' title='bbox 2635 2225 2649 2239; x_wconf 83' lang='grc'><em>’</em></span> <span class='ocrx_word' id='word_1_354' title='bbox 2708 2208 2806 2261; x_wconf 76' lang='grc' dir='ltr'>καὶ</span> <span class='ocrx_word' id='word_1_355' title='bbox 2834 2212 2915 2273; x_wconf 85' lang='grc' dir='ltr'><strong>εἰς</strong></span> <span class='ocrx_word' id='word_1_356' title='bbox 2964 2208 3127 2280; x_wconf 76' lang='grc' dir='ltr'>βυθὸν</span> <span class='ocrx_word' id='word_1_357' title='bbox 3161 2207 3512 2279; x_wconf 80' lang='grc' dir='ltr'>θαυμασμοῦ,</span> <span class='ocrx_word' id='word_1_358' title='bbox 3547 2212 3638 2261; x_wconf 77' lang='grc' dir='ltr'>καὶ</span> <span class='ocrx_word' id='word_1_359' title='bbox 3688 2211 3780 2261; x_wconf 76' lang='grc' dir='ltr'><strong>ἐκ·</strong></span> 
     </span>
    </p>
   </div>
   <div class='ocr_carea' id='block_1_52' title="bbox 2199 2298 3783 2371">
    <p class='ocr_par' dir='ltr' id='par_1_52' title="bbox 2199 2298 3783 2371">
     <span class='ocr_line' id='line_1_52' title="bbox 2199 2298 3783 2371; baseline 0 -20"><span class='ocrx_word' id='word_1_360' title='bbox 2199 2300 2451 2370; x_wconf 69' lang='grc' dir='ltr'>πλήξεως</span> <span class='ocrx_word' id='word_1_361' title='bbox 2486 2298 2910 2371; x_wconf 78' lang='grc' dir='ltr'>προκαλουμένη</span> <span class='ocrx_word' id='word_1_362' title='bbox 2938 2301 3029 2354; x_wconf 75' lang='grc' dir='ltr'>τὸν</span> <span class='ocrx_word' id='word_1_363' title='bbox 3087 2300 3213 2354; x_wconf 84' lang='grc' dir='ltr'>νοῦν</span> <span class='ocrx_word' id='word_1_364' title='bbox 3253 2303 3317 2359; x_wconf 67' lang='grc' dir='ltr'>ἐν</span> <span class='ocrx_word' id='word_1_365' title='bbox 3353 2302 3478 2370; x_wconf 83' lang='grc' dir='ltr'><strong>σιγῇ</strong></span> <span class='ocrx_word' id='word_1_366' title='bbox 3501 2315 3514 2330; x_wconf 76' lang='grc' dir='ltr'><strong><em>ο</em></strong></span> <span class='ocrx_word' id='word_1_367' title='bbox 3552 2317 3783 2371; x_wconf 80' lang='grc' dir='ltr'>προκατ-</span> 
     </span>
    </p>
   </div>
   <div class='ocr_carea' id='block_1_53' title="bbox 2198 2389 3784 2463">
    <p class='ocr_par' dir='ltr' id='par_1_53' title="bbox 2198 2389 3784 2463">
     <span class='ocr_line' id='line_1_53' title="bbox 2198 2389 3784 2463; baseline -0.001 -20"><span class='ocrx_word' id='word_1_368' title='bbox 2198 2389 2402 2461; x_wconf 85' lang='grc' dir='ltr'>έχουσά</span> <span class='ocrx_word' id='word_1_369' title='bbox 2449 2407 2509 2444; x_wconf 85' lang='grc' dir='ltr'><strong>τε</strong></span> <span class='ocrx_word' id='word_1_370' title='bbox 2544 2391 2643 2461; x_wconf 81' lang='grc' dir='ltr'>τὴν</span> <span class='ocrx_word' id='word_1_371' title='bbox 2692 2392 2921 2463; x_wconf 84' lang='grc' dir='ltr'><strong>καρδίαν</strong></span> <span class='ocrx_word' id='word_1_372' title='bbox 2961 2392 3215 2462; x_wconf 77' lang='grc' dir='ltr'>ἐνεργείᾳ</span> <span class='ocrx_word' id='word_1_373' title='bbox 3273 2393 3651 2461; x_wconf 80' lang='grc' dir='ltr'>πνευματικῇ,</span> <span class='ocrx_word' id='word_1_374' title='bbox 3692 2392 3784 2443; x_wconf 70' lang='grc' dir='ltr'>καὶ.</span> 
     </span>
    </p>
   </div>
   <div class='ocr_carea' id='block_1_54' title="bbox 2198 2481 3786 2555">
    <p class='ocr_par' dir='ltr' id='par_1_54' title="bbox 2198 2481 3786 2555">
     <span class='ocr_line' id='line_1_54' title="bbox 2198 2481 3786 2555; baseline -0.001 -19"><span class='ocrx_word' id='word_1_375' title='bbox 2198 2485 2347 2555; x_wconf 80' lang='grc' dir='ltr'>χαρᾷ</span> <span class='ocrx_word' id='word_1_376' title='bbox 2385 2482 2666 2555; x_wconf 81' lang='grc' dir='ltr'>γλυκερᾷ’</span> <span class='ocrx_word' id='word_1_377' title='bbox 2702 2485 2886 2554; x_wconf 84' lang='grc' dir='ltr'>ἐκείνη</span> <span class='ocrx_word' id='word_1_378' title='bbox 2918 2484 3132 2553; x_wconf 86' lang='grc' dir='ltr'>γίνεται</span> <span class='ocrx_word' id='word_1_379' title='bbox 3175 2487 3254 2553; x_wconf 76' lang='grc' dir='ltr'>τῷ</span> <span class='ocrx_word' id='word_1_380' title='bbox 3293 2481 3375 2536; x_wconf 75' lang='grc' dir='ltr'>νοῒ</span> <span class='ocrx_word' id='word_1_381' title='bbox 3403 2484 3585 2553; x_wconf 83' lang='grc' dir='ltr'>νοερὸς</span> <span class='ocrx_word' id='word_1_382' title='bbox 3624 2500 3786 2552; x_wconf 79' lang='grc' dir='ltr'>φωτι-</span> 
     </span>
    </p>
   </div>
   <div class='ocr_carea' id='block_1_55' title="bbox 2200 2574 3784 2645">
    <p class='ocr_par' dir='ltr' id='par_1_55' title="bbox 2200 2574 3784 2645">
     <span class='ocr_line' id='line_1_55' title="bbox 2200 2574 3784 2645; baseline 0 -18"><span class='ocrx_word' id='word_1_383' title='bbox 2200 2575 2358 2642; x_wconf 84' lang='grc' dir='ltr'>σμὸς,</span> <span class='ocrx_word' id='word_1_384' title='bbox 2403 2574 2696 2645; x_wconf 78' lang='grc' dir='ltr'>ἐλλαμψις,</span> <span class='ocrx_word' id='word_1_385' title='bbox 2746 2576 2843 2629; x_wconf 74' lang='grc' dir='ltr'>καὶ</span> <span class='ocrx_word' id='word_1_386' title='bbox 2895 2574 3038 2639; x_wconf 88' lang='grc' dir='ltr'>θεῖος</span> <span class='ocrx_word' id='word_1_387' title='bbox 3073 2576 3216 2629; x_wconf 77' lang='grc' dir='ltr'>κατὰ</span> <span class='ocrx_word' id='word_1_388' title='bbox 3246 2575 3308 2628; x_wconf 83' lang='grc' dir='ltr'>τὸ</span> <span class='ocrx_word' id='word_1_389' title='bbox 3338 2575 3600 2643; x_wconf 80' lang='grc' dir='ltr'>ἀνάλογον</span> <span class='ocrx_word' id='word_1_390' title='bbox 3646 2574 3784 2645; x_wconf 77' lang='grc' dir='ltr'>ἔρως</span> 
     </span>
    </p>
   </div>
   <div class='ocr_carea' id='block_1_56' title="bbox 2199 2664 3782 2738">
    <p class='ocr_par' dir='ltr' id='par_1_56' title="bbox 2199 2664 3782 2738">
     <span class='ocr_line' id='line_1_56' title="bbox 2199 2664 3782 2738; baseline 0.001 -20"><span class='ocrx_word' id='word_1_391' title='bbox 2199 2666 2298 2719; x_wconf 75' lang='grc' dir='ltr'>καὶ</span> <span class='ocrx_word' id='word_1_392' title='bbox 2349 2666 2577 2736; x_wconf 79' lang='grc' dir='ltr'>φαιδρὸν</span> <span class='ocrx_word' id='word_1_393' title='bbox 2622 2666 2961 2738; x_wconf 86' lang='grc' dir='ltr'>ἁγαλλίαμα.</span> <span class='ocrx_word' id='word_1_394' title='bbox 3023 2667 3179 2737; x_wconf 82' lang='grc' dir='ltr'>Ἔχει</span> <span class='ocrx_word' id='word_1_395' title='bbox 3224 2665 3281 2719; x_wconf 80' lang='grc' dir='ltr'>δὲ</span> <span class='ocrx_word' id='word_1_396' title='bbox 3310 2664 3407 2737; x_wconf 83' lang='grc' dir='ltr'>τὴν</span> <span class='ocrx_word' id='word_1_397' title='bbox 3437 2666 3689 2737; x_wconf 81' lang='grc' dir='ltr'>ἀφορμὴν</span> <span class='ocrx_word' id='word_1_398' title='bbox 3719 2671 3782 2719; x_wconf 82' lang='grc' dir='ltr'>ἐκ</span> 
     </span>
    </p>
   </div>
   <div class='ocr_carea' id='block_1_57' title="bbox 2198 2761 3784 2833">
    <p class='ocr_par' dir='ltr' id='par_1_57' title="bbox 2198 2761 3784 2833">
     <span class='ocr_line' id='line_1_57' title="bbox 2198 2761 3784 2833; baseline 0 -18"><span class='ocrx_word' id='word_1_399' title='bbox 2198 2762 2359 2831; x_wconf 84' lang='grc' dir='ltr'>Θεοῦ,</span> <span class='ocrx_word' id='word_1_400' title='bbox 2391 2762 2517 2816; x_wconf 77' lang='grc' dir='ltr'>ὅθεν</span> <span class='ocrx_word' id='word_1_401' title='bbox 2544 2763 2696 2816; x_wconf 81' lang='grc' dir='ltr'>πᾶσα</span> <span class='ocrx_word' id='word_1_402' title='bbox 2723 2763 2872 2827; x_wconf 84' lang='grc' dir='ltr'>δόσις</span> <span class='ocrx_word' id='word_1_403' title='bbox 2916 2762 3099 2833; x_wconf 80' lang='grc' dir='ltr'>ἀγαθὴ</span> <span class='ocrx_word' id='word_1_404' title='bbox 3126 2761 3213 2815; x_wconf 83' lang='grc' dir='ltr'><strong>διὰ</strong></span> <span class='ocrx_word' id='word_1_405' title='bbox 3252 2762 3348 2832; x_wconf 81' lang='grc' dir='ltr'>τῆς</span> <span class='ocrx_word' id='word_1_406' title='bbox 3374 2761 3468 2815; x_wconf 81' lang='grc' dir='ltr'><strong>τοῦ</strong></span> <span class='ocrx_word' id='word_1_407' title='bbox 3500 2761 3591 2815; x_wconf 86' lang='grc' dir='ltr'><strong>νοῦ</strong></span> <span class='ocrx_word' id='word_1_408' title='bbox 3624 2762 3784 2815; x_wconf 83' lang='grc' dir='ltr'>καθα-</span> 
     </span>
    </p>
   </div>
   <div class='ocr_carea' id='block_1_58' title="bbox 2199 2854 3781 2927">
    <p class='ocr_par' dir='ltr' id='par_1_58' title="bbox 2199 2854 3781 2927">
     <span class='ocr_line' id='line_1_58' title="bbox 2199 2854 3781 2927; baseline -0.001 -17"><span class='ocrx_word' id='word_1_409' title='bbox 2199 2857 2448 2927; x_wconf 85' lang='grc' dir='ltr'>ρότητος,</span> <span class='ocrx_word' id='word_1_410' title='bbox 2479 2856 2572 2921; x_wconf 71' lang='grc' dir='ltr'><strong>καὶ</strong></span> <span class='ocrx_word' id='word_1_411' title='bbox 2609 2856 2729 2927; x_wconf 82' lang='grc' dir='ltr'>τὴν,</span> <span class='ocrx_word' id='word_1_412' title='bbox 2753 2856 2828 2919; x_wconf 83' lang='grc' dir='ltr'>ὡς</span> <span class='ocrx_word' id='word_1_413' title='bbox 2860 2855 2927 2909; x_wconf 74' lang='grc' dir='ltr'>ἂν</span> <span class='ocrx_word' id='word_1_414' title='bbox 2960 2855 3106 2910; x_wconf 82' lang='grc' dir='ltr'>εἴποι</span> <span class='ocrx_word' id='word_1_415' title='bbox 3137 2872 3245 2919; x_wconf 83' lang='grc' dir='ltr'>τις,</span> <span class='ocrx_word' id='word_1_416' title='bbox 3274 2854 3408 2924; x_wconf 81' lang='grc' dir='ltr'>ὓλην</span> <span class='ocrx_word' id='word_1_417' title='bbox 3447 2858 3511 2908; x_wconf 82' lang='grc' dir='ltr'>ἐκ</span> <span class='ocrx_word' id='word_1_418' title='bbox 3537 2857 3644 2908; x_wconf 84' lang='grc' dir='ltr'>τῶν</span> <span class='ocrx_word' id='word_1_419' title='bbox 3681 2857 3781 2910; x_wconf 72' lang='grc' dir='ltr'><strong>ἀνὰ</strong></span> 
     </span>
    </p>
   </div>
   <div class='ocr_carea' id='block_1_59' title="bbox 2200 2948 3779 3021">
    <p class='ocr_par' dir='ltr' id='par_1_59' title="bbox 2200 2948 3779 3021">
     <span class='ocr_line' id='line_1_59' title="bbox 2200 2948 3779 3021; baseline -0.001 -18"><span class='ocrx_word' id='word_1_420' title='bbox 2200 2951 2366 3021; x_wconf 83' lang='grc' dir='ltr'>μέρος</span> <span class='ocrx_word' id='word_1_421' title='bbox 2399 2949 2559 3004; x_wconf 86' lang='grc' dir='ltr'>θείων</span> <span class='ocrx_word' id='word_1_422' title='bbox 2588 2951 2883 3021; x_wconf 77' lang='grc' dir='ltr'><strong>ἐμφάσεων</strong></span> <span class='ocrx_word' id='word_1_423' title='bbox 2914 2949 3026 3004; x_wconf 85' lang='grc' dir='ltr'><strong>τῶν</strong></span> <span class='ocrx_word' id='word_1_424' title='bbox 3061 2948 3317 3018; x_wconf 69' lang='grc' dir='ltr'>Γραφῶν,</span> <span class='ocrx_word' id='word_1_425' title='bbox 3347 2951 3441 3003; x_wconf 76' lang='grc' dir='ltr'>καὶ</span> <span class='ocrx_word' id='word_1_426' title='bbox 3471 2948 3582 3003; x_wconf 79' lang='grc' dir='ltr'><strong>τῶν</strong></span> <span class='ocrx_word' id='word_1_427' title='bbox 3612 2948 3779 3002; x_wconf 75' lang='grc' dir='ltr'>ὄντων</span> 
     </span>
    </p>
   </div>
   <div class='ocr_carea' id='block_1_60' title="bbox 2194 3044 3781 3117">
    <p class='ocr_par' dir='ltr' id='par_1_60' title="bbox 2194 3044 3781 3117">
     <span class='ocr_line' id='line_1_60' title="bbox 2194 3044 3781 3117; baseline -0.002 -18"><span class='ocrx_word' id='word_1_428' title='bbox 2194 3044 2631 3117; x_wconf 83' lang='grc' dir='ltr'>τεθεωρημένων</span> <span class='ocrx_word' id='word_1_429' title='bbox 2681 3045 2921 3108; x_wconf 82' lang='grc' dir='ltr'><strong>συνετῶς</strong></span> <span class='ocrx_word' id='word_1_430' title='bbox 2980 3045 3098 3115; x_wconf 86' lang='grc' dir='ltr'>μετ’</span> <span class='ocrx_word' id='word_1_431' title='bbox 3137 3044 3433 3114; x_wconf 78' lang='grc' dir='ltr'>εὐθύτητος</span> <span class='ocrx_word' id='word_1_432' title='bbox 3480 3045 3539 3098; x_wconf 86' lang='grc' dir='ltr'>ὲν</span> <span class='ocrx_word' id='word_1_433' title='bbox 3585 3044 3781 3116; x_wconf 74' lang='grc' dir='ltr'>ἠσυχίᾳ</span> 
     </span>
    </p>
   </div>
   <div class='ocr_carea' id='block_1_61' title="bbox 502 3132 2097 3216">
    <p class='ocr_par' dir='ltr' id='par_1_61' title="bbox 502 3145 2097 3216">
     <span class='ocr_line' id='line_1_61' title="bbox 502 3145 2097 3216; baseline 0.003 -19"><span class='ocrx_word' id='word_1_434' title='bbox 502 3145 773 3216; x_wconf 86' lang='lat' dir='ltr'><strong>aspicitur</strong></span> <span class='ocrx_word' id='word_1_435' title='bbox 835 3146 1221 3203; x_wconf 89' lang='lat' dir='ltr'><strong>absconditum</strong></span> <span class='ocrx_word' id='word_1_436' title='bbox 1281 3156 1340 3204; x_wconf 89' lang='lat' dir='ltr'><strong>et</strong></span> <span class='ocrx_word' id='word_1_437' title='bbox 1438 3148 1694 3207; x_wconf 87' lang='lat' dir='ltr'><strong>intimum</strong></span> <span class='ocrx_word' id='word_1_438' title='bbox 1789 3147 2097 3203; x_wconf 80' lang='lat' dir='ltr'><strong>lilvinitatis</strong></span> 
     </span>
    </p>
   </div>
   <div class='ocr_carea' id='block_1_62' title="bbox 2198 3132 3778 3216">
    <p class='ocr_par' dir='ltr' id='par_1_62' title="bbox 2198 3132 3778 3215">
     <span class='ocr_line' id='line_1_62' title="bbox 2198 3132 3778 3215; baseline 0.003 -25"><span class='ocrx_word' id='word_1_439' title='bbox 2198 3138 2291 3191; x_wconf 75' lang='grc' dir='ltr'><strong>καὶ</strong></span> <span class='ocrx_word' id='word_1_440' title='bbox 2321 3141 2626 3209; x_wconf 80' lang='grc' dir='ltr'>προσευχῇ.</span> <span class='ocrx_word' id='word_1_441' title='bbox 2658 3139 2736 3192; x_wconf 85' lang='grc' dir='ltr'><strong>Οὐ</strong></span> <span class='ocrx_word' id='word_1_442' title='bbox 2770 3140 2881 3210; x_wconf 78' lang='grc' dir='ltr'>γὰρ</span> <span class='ocrx_word' id='word_1_443' title='bbox 2909 3141 2987 3204; x_wconf 83' lang='grc' dir='ltr'>ὡς</span> <span class='ocrx_word' id='word_1_444' title='bbox 3019 3132 3212 3213; x_wconf 74' lang='grc' dir='ltr'>ἔτυχέν</span> <span class='ocrx_word' id='word_1_445' title='bbox 3241 3143 3513 3215; x_wconf 76' lang='grc' dir='ltr'>ἀφορᾶται</span> <span class='ocrx_word' id='word_1_446' title='bbox 3555 3145 3614 3195; x_wconf 76' lang='grc' dir='ltr'>τὸ</span> <span class='ocrx_word' id='word_1_447' title='bbox 3644 3143 3778 3195; x_wconf 78' lang='grc' dir='ltr'>ἀπό-</span> 
     </span>
    </p>
   </div>
   <div class='ocr_carea' id='block_1_63' title="bbox 502 3239 2099 3312">
    <p class='ocr_par' dir='ltr' id='par_1_63' title="bbox 502 3239 2099 3312">
     <span class='ocr_line' id='line_1_63' title="bbox 502 3239 2099 3312; baseline -0.002 -15"><span class='ocrx_word' id='word_1_448' title='bbox 502 3254 673 3297; x_wconf 83' lang='lat' dir='ltr'><strong>ttnum</strong></span> <span class='ocrx_word' id='word_1_449' title='bbox 726 3255 889 3310; x_wconf 84' lang='lat' dir='ltr'><strong>supra</strong></span> <span class='ocrx_word' id='word_1_450' title='bbox 926 3243 1337 3311; x_wconf 77' lang='lat' dir='ltr'><strong>cogitationem,</strong></span> <span class='ocrx_word' id='word_1_451' title='bbox 1372 3241 1467 3298; x_wconf 84' lang='lat' dir='ltr'><strong>sed</strong></span> <span class='ocrx_word' id='word_1_452' title='bbox 1501 3242 1555 3297; x_wconf 91' lang='lat' dir='ltr'><strong>in</strong></span> <span class='ocrx_word' id='word_1_453' title='bbox 1595 3240 1930 3312; x_wconf 85' lang='lat' dir='ltr'><strong>procedente</strong></span> <span class='ocrx_word' id='word_1_454' title='bbox 1969 3239 2099 3294; x_wconf 87' lang='lat' dir='ltr'><strong>inde</strong></span> 
     </span>
    </p>
   </div>
   <div class='ocr_carea' id='block_1_64' title="bbox 499 3325 2094 3406">
    <p class='ocr_par' dir='ltr' id='par_1_64' title="bbox 499 3325 2094 3406">
     <span class='ocr_line' id='line_1_64' title="bbox 499 3325 2094 3406; baseline 0.002 -19"><span class='ocrx_word' id='word_1_455' title='bbox 499 3332 795 3404; x_wconf 86' lang='lat' dir='ltr'><strong>splendore</strong></span> <span class='ocrx_word' id='word_1_456' title='bbox 839 3334 1081 3404; x_wconf 86' lang='lat' dir='ltr'><strong>simplici</strong></span> <span class='ocrx_word' id='word_1_457' title='bbox 1143 3345 1424 3406; x_wconf 87' lang='lat' dir='ltr'><strong>aspectum</strong></span> <span class='ocrx_word' id='word_1_458' title='bbox 1481 3347 1535 3392; x_wconf 92' lang='lat' dir='ltr'><strong>et</strong></span> <span class='ocrx_word' id='word_1_459' title='bbox 1579 3325 2094 3406; x_wconf 73' lang='lat' dir='ltr'><strong>contemplationem</strong></span> 
     </span>
    </p>
   </div>
   <div class='ocr_carea' id='block_1_65' title="bbox 501 3425 2096 3501">
    <p class='ocr_par' dir='ltr' id='par_1_65' title="bbox 501 3425 2096 3501">
     <span class='ocr_line' id='line_1_65' title="bbox 501 3425 2096 3501; baseline 0.001 -20"><span class='ocrx_word' id='word_1_460' title='bbox 501 3425 848 3496; x_wconf 83' lang='lat' dir='ltr'><strong>spiritualem</strong></span> <span class='ocrx_word' id='word_1_461' title='bbox 880 3428 1147 3498; x_wconf 77' lang='lat' dir='ltr'><strong>replente.</strong></span> <span class='ocrx_word' id='word_1_462' title='bbox 1183 3428 1340 3494; x_wconf 88' lang='lat' dir='ltr'><strong>Quod</strong></span> <span class='ocrx_word' id='word_1_463' title='bbox 1372 3430 1465 3501; x_wconf 87' lang='lat' dir='ltr'><strong>qui</strong></span> <span class='ocrx_word' id='word_1_464' title='bbox 1497 3446 1606 3486; x_wconf 92' lang='lat' dir='ltr'><strong>non</strong></span> <span class='ocrx_word' id='word_1_465' title='bbox 1648 3430 1876 3500; x_wconf 87' lang='lat' dir='ltr'><strong>patitur,</strong></span> <span class='ocrx_word' id='word_1_466' title='bbox 1930 3428 2096 3483; x_wconf 88' lang='lat' dir='ltr'><strong>ratio-</strong></span> 
     </span>
    </p>
   </div>
   <div class='ocr_carea' id='block_1_66' title="bbox 502 3519 2096 3590">
    <p class='ocr_par' dir='ltr' id='par_1_66' title="bbox 502 3519 2096 3590">
     <span class='ocr_line' id='line_1_66' title="bbox 502 3519 2096 3590; baseline 0.004 -17"><span class='ocrx_word' id='word_1_467' title='bbox 502 3519 873 3590; x_wconf 85' lang='lat' dir='ltr'><strong>nabiliterque</strong></span> <span class='ocrx_word' id='word_1_468' title='bbox 938 3530 993 3576; x_wconf 91' lang='lat' dir='ltr'><strong>et</strong></span> <span class='ocrx_word' id='word_1_469' title='bbox 1027 3522 1266 3578; x_wconf 86' lang='lat' dir='ltr'><strong>scienter</strong></span> <span class='ocrx_word' id='word_1_470' title='bbox 1296 3522 1543 3581; x_wconf 85' lang='lat' dir='ltr'><strong>exterius</strong></span> <span class='ocrx_word' id='word_1_471' title='bbox 1576 3521 1828 3579; x_wconf 85' lang='lat' dir='ltr'><strong>ascendit</strong></span> <span class='ocrx_word' id='word_1_472' title='bbox 1879 3522 1945 3577; x_wconf 88' lang='lat' dir='ltr'><strong>ad</strong></span> <span class='ocrx_word' id='word_1_473' title='bbox 2004 3539 2096 3579; x_wconf 88' lang='lat' dir='ltr'><strong>su-</strong></span> 
     </span>
    </p>
   </div>
   <div class='ocr_carea' id='block_1_67' title="bbox 502 3615 2093 3687">
    <p class='ocr_par' dir='ltr' id='par_1_67' title="bbox 502 3615 2093 3687">
     <span class='ocr_line' id='line_1_67' title="bbox 502 3615 2093 3687; baseline 0.001 -19"><span class='ocrx_word' id='word_1_474' title='bbox 502 3616 856 3684; x_wconf 84' lang='lat' dir='ltr'><strong>pernaturale</strong></span> <span class='ocrx_word' id='word_1_475' title='bbox 889 3615 1274 3673; x_wconf 87' lang='lat' dir='ltr'><strong>absconditum</strong></span> <span class='ocrx_word' id='word_1_476' title='bbox 1312 3626 1366 3675; x_wconf 91' lang='lat' dir='ltr'><strong>et</strong></span> <span class='ocrx_word' id='word_1_477' title='bbox 1393 3617 1621 3687; x_wconf 83' lang='lat' dir='ltr'><strong>simplex</strong></span> <span class='ocrx_word' id='word_1_478' title='bbox 1651 3633 1846 3683; x_wconf 89' lang='lat' dir='ltr'><strong>unum,</strong></span> <span class='ocrx_word' id='word_1_479' title='bbox 1879 3632 1988 3672; x_wconf 92' lang='lat' dir='ltr'><strong>non</strong></span> <span class='ocrx_word' id='word_1_480' title='bbox 2035 3615 2093 3671; x_wconf 89' lang='lat' dir='ltr'><strong>in</strong></span> 
     </span>
    </p>
   </div>
   <div class='ocr_carea' id='block_1_68' title="bbox 502 3709 1894 3785">
    <p class='ocr_par' dir='ltr' id='par_1_68' title="bbox 502 3709 1894 3785">
     <span class='ocr_line' id='line_1_68' title="bbox 502 3709 1894 3785; baseline 0.001 -20"><span class='ocrx_word' id='word_1_481' title='bbox 502 3709 674 3766; x_wconf 86' lang='lat' dir='ltr'><strong>corde</strong></span> <span class='ocrx_word' id='word_1_482' title='bbox 703 3718 908 3778; x_wconf 84' lang='lat' dir='ltr'><strong>motus,</strong></span> <span class='ocrx_word' id='word_1_483' title='bbox 932 3727 1110 3785; x_wconf 91' lang='lat' dir='ltr'><strong>neque</strong></span> <span class='ocrx_word' id='word_1_484' title='bbox 1141 3712 1501 3784; x_wconf 88' lang='lat' dir='ltr'><strong>spiritualiter</strong></span> <span class='ocrx_word' id='word_1_485' title='bbox 1527 3713 1894 3769; x_wconf 87' lang='lat' dir='ltr'><strong>illuminatus.</strong></span> 
     </span>
    </p>
   </div>
   <div class='ocr_carea' id='block_1_69' title="bbox 586 3890 2092 3966">
    <p class='ocr_par' dir='ltr' id='par_1_69' title="bbox 586 3890 2092 3966">
     <span class='ocr_line' id='line_1_69' title="bbox 586 3890 2092 3966; baseline 0.003 -18"><span class='ocrx_word' id='word_1_486' title='bbox 586 3891 673 3948; x_wconf 68' lang='grc' dir='ltr'>ιτ.</span> <span class='ocrx_word' id='word_1_487' title='bbox 703 3890 1186 3963; x_wconf 87' lang='lat' dir='ltr'><strong>Splendidissima,</strong></span> <span class='ocrx_word' id='word_1_488' title='bbox 1220 3894 1453 3966; x_wconf 80' lang='lat' dir='ltr'><strong>simplex</strong></span> <span class='ocrx_word' id='word_1_489' title='bbox 1492 3903 1547 3951; x_wconf 88' lang='lat' dir='ltr'><strong>et</strong></span> <span class='ocrx_word' id='word_1_490' title='bbox 1572 3894 1867 3952; x_wconf 81' lang='lat' dir='ltr'><strong>uniformis</strong></span> <span class='ocrx_word' id='word_1_491' title='bbox 1889 3894 2092 3953; x_wconf 86' lang='lat' dir='ltr'><strong>mentis</strong></span> 
     </span>
    </p>
   </div>
   <div class='ocr_carea' id='block_1_70' title="bbox 496 3984 2093 4059">
    <p class='ocr_par' dir='ltr' id='par_1_70' title="bbox 496 3984 2093 4059">
     <span class='ocr_line' id='line_1_70' title="bbox 496 3984 2093 4059; baseline 0.001 -17"><span class='ocrx_word' id='word_1_492' title='bbox 496 3984 554 4042; x_wconf 77' lang='lat' dir='ltr'><strong>in</strong></span> <span class='ocrx_word' id='word_1_493' title='bbox 585 3985 698 4041; x_wconf 89' lang='lat' dir='ltr'><strong>Deo</strong></span> <span class='ocrx_word' id='word_1_494' title='bbox 727 3988 1122 4059; x_wconf 87' lang='lat' dir='ltr'><strong>contemplatio</strong></span> <span class='ocrx_word' id='word_1_495' title='bbox 1150 4002 1211 4044; x_wconf 90' lang='lat' dir='ltr'><strong>se</strong></span> <span class='ocrx_word' id='word_1_496' title='bbox 1232 3987 1299 4043; x_wconf 88' lang='lat' dir='ltr'><strong>ad</strong></span> <span class='ocrx_word' id='word_1_497' title='bbox 1330 4005 1494 4045; x_wconf 85' lang='lat' dir='ltr'><strong>unam</strong></span> <span class='ocrx_word' id='word_1_498' title='bbox 1519 3990 1668 4047; x_wconf 86' lang='lat' dir='ltr'><strong>illam</strong></span> <span class='ocrx_word' id='word_1_499' title='bbox 1699 3989 1936 4045; x_wconf 81' lang='lat' dir='ltr'><strong>divinam</strong></span> <span class='ocrx_word' id='word_1_500' title='bbox 1964 3989 2093 4044; x_wconf 85' lang='lat' dir='ltr'><strong>obs-</strong></span> 
     </span>
    </p>
   </div>
   <div class='ocr_carea' id='block_1_71' title="bbox 495 4078 2087 4153">
    <p class='ocr_par' dir='ltr' id='par_1_71' title="bbox 495 4078 2087 4153">
     <span class='ocr_line' id='line_1_71' title="bbox 495 4078 2087 4153; baseline 0.001 -19"><span class='ocrx_word' id='word_1_501' title='bbox 495 4080 787 4136; x_wconf 69' lang='lat' dir='ltr'><strong>curitatem</strong></span> <span class='ocrx_word' id='word_1_502' title='bbox 820 4078 1003 4137; x_wconf 79' lang='lat' dir='ltr'><strong>ferens</strong></span> <span class='ocrx_word' id='word_1_503' title='bbox 1048 4091 1106 4137; x_wconf 88' lang='lat' dir='ltr'><strong>et</strong></span> <span class='ocrx_word' id='word_1_504' title='bbox 1130 4081 1200 4137; x_wconf 86' lang='lat' dir='ltr'><strong>ad</strong></span> <span class='ocrx_word' id='word_1_505' title='bbox 1247 4082 1596 4153; x_wconf 84' lang='lat' dir='ltr'><strong>splendorem</strong></span> <span class='ocrx_word' id='word_1_506' title='bbox 1633 4083 1759 4138; x_wconf 87' lang='lat' dir='ltr'><strong>inde</strong></span> <span class='ocrx_word' id='word_1_507' title='bbox 1795 4084 2087 4138; x_wconf 88' lang='lat' dir='ltr'><strong>micantem</strong></span> 
     </span>
    </p>
   </div>
   <div class='ocr_carea' id='block_1_72' title="bbox 495 4177 2085 4243">
    <p class='ocr_par' dir='ltr' id='par_1_72' title="bbox 495 4177 2085 4243">
     <span class='ocr_line' id='line_1_72' title="bbox 495 4177 2085 4243; baseline 0.001 -12"><span class='ocrx_word' id='word_1_508' title='bbox 495 4186 716 4232; x_wconf 72' lang='lat' dir='ltr'><strong>aeterna:</strong></span> <span class='ocrx_word' id='word_1_509' title='bbox 750 4186 803 4232; x_wconf 88' lang='lat' dir='ltr'><strong>et</strong></span> <span class='ocrx_word' id='word_1_510' title='bbox 830 4177 1058 4235; x_wconf 69' lang='lat' dir='ltr'><strong>inﬁnita:</strong></span> <span class='ocrx_word' id='word_1_511' title='bbox 1085 4179 1248 4243; x_wconf 86' lang='lat' dir='ltr'><strong>lucis,</strong></span> <span class='ocrx_word' id='word_1_512' title='bbox 1286 4194 1394 4233; x_wconf 91' lang='lat' dir='ltr'><strong>non</strong></span> <span class='ocrx_word' id='word_1_513' title='bbox 1428 4181 1589 4235; x_wconf 91' lang='lat' dir='ltr'><strong>modo</strong></span> <span class='ocrx_word' id='word_1_514' title='bbox 1641 4180 1757 4234; x_wconf 85' lang='lat' dir='ltr'><strong>oris</strong></span> <span class='ocrx_word' id='word_1_515' title='bbox 1805 4181 2085 4235; x_wconf 91' lang='lat' dir='ltr'><strong>silentium</strong></span> 
     </span>
    </p>
   </div>
   <div class='ocr_carea' id='block_1_73' title="bbox 499 4270 2086 4339">
    <p class='ocr_par' dir='ltr' id='par_1_73' title="bbox 499 4270 2086 4339">
     <span class='ocr_line' id='line_1_73' title="bbox 499 4270 2086 4339; baseline -0.001 -14"><span class='ocrx_word' id='word_1_516' title='bbox 499 4271 691 4339; x_wconf 73' lang='lat' dir='ltr'><strong>exigit,</strong></span> <span class='ocrx_word' id='word_1_517' title='bbox 722 4270 896 4325; x_wconf 88' lang='lat' dir='ltr'><strong>sedet</strong></span> <span class='ocrx_word' id='word_1_518' title='bbox 930 4272 1156 4327; x_wconf 86' lang='lat' dir='ltr'><strong>mentis.</strong></span> <span class='ocrx_word' id='word_1_519' title='bbox 1187 4270 1343 4326; x_wconf 89' lang='lat' dir='ltr'><strong>Licet</strong></span> <span class='ocrx_word' id='word_1_520' title='bbox 1363 4272 1536 4338; x_wconf 88' lang='lat' dir='ltr'><strong>enim,</strong></span> <span class='ocrx_word' id='word_1_521' title='bbox 1566 4273 1647 4327; x_wconf 89' lang='lat' dir='ltr'><strong>vel</strong></span> <span class='ocrx_word' id='word_1_522' title='bbox 1673 4286 1771 4326; x_wconf 87' lang='lat' dir='ltr'><strong>ore</strong></span> <span class='ocrx_word' id='word_1_523' title='bbox 1804 4272 2086 4326; x_wconf 86' lang='lat' dir='ltr'><strong>silentium</strong></span> 
     </span>
    </p>
   </div>
   <div class='ocr_carea' id='block_1_74' title="bbox 504 4362 2126 4435">
    <p class='ocr_par' dir='ltr' id='par_1_74' title="bbox 504 4362 2126 4435">
     <span class='ocr_line' id='line_1_74' title="bbox 504 4362 2126 4435; baseline 0 -16"><span class='ocrx_word' id='word_1_524' title='bbox 504 4372 721 4435; x_wconf 70' lang='lat' dir='ltr'><strong>agente,</strong></span> <span class='ocrx_word' id='word_1_525' title='bbox 755 4362 897 4417; x_wconf 88' lang='lat' dir='ltr'><strong>intra</strong></span> <span class='ocrx_word' id='word_1_526' title='bbox 933 4375 1171 4419; x_wconf 87' lang='lat' dir='ltr'><strong>mentem</strong></span> <span class='ocrx_word' id='word_1_527' title='bbox 1224 4365 1299 4419; x_wconf 85' lang='lat' dir='ltr'><strong>ita</strong></span> <span class='ocrx_word' id='word_1_528' title='bbox 1334 4363 1554 4435; x_wconf 87' lang='lat' dir='ltr'><strong>disponi</strong></span> <span class='ocrx_word' id='word_1_529' title='bbox 1601 4374 1662 4420; x_wconf 91' lang='lat' dir='ltr'><strong>ut</strong></span> <span class='ocrx_word' id='word_1_530' title='bbox 1707 4374 1762 4420; x_wconf 86' lang='lat' dir='ltr'><strong>et</strong></span> <span class='ocrx_word' id='word_1_531' title='bbox 1802 4363 2126 4419; x_wconf 82' lang='lat' dir='ltr'><strong>ratiocinia.</strong></span> 
     </span>
    </p>
   </div>
   <div class='ocr_carea' id='block_1_75' title="bbox 2196 3228 3778 3303">
    <p class='ocr_par' dir='ltr' id='par_1_75' title="bbox 2196 3228 3778 3303">
     <span class='ocr_line' id='line_1_75' title="bbox 2196 3228 3778 3303; baseline 0.002 -22"><span class='ocrx_word' id='word_1_532' title='bbox 2196 3244 2408 3300; x_wconf 82' lang='grc' dir='ltr'>κρυφον</span> <span class='ocrx_word' id='word_1_533' title='bbox 2450 3228 2729 3282; x_wconf 81' lang='grc' dir='ltr'>ἐνδότατον</span> <span class='ocrx_word' id='word_1_534' title='bbox 2775 3229 2870 3283; x_wconf 89' lang='grc' dir='ltr'><strong>τοῦ</strong></span> <span class='ocrx_word' id='word_1_535' title='bbox 2904 3230 3065 3301; x_wconf 67' lang='lat' dir='ltr'><strong>Gaiae</strong></span> <span class='ocrx_word' id='word_1_536' title='bbox 3108 3231 3166 3284; x_wconf 82' lang='grc' dir='ltr'>ἒν</span> <span class='ocrx_word' id='word_1_537' title='bbox 3221 3231 3361 3303; x_wconf 83' lang='grc' dir='ltr'>ὑπὲρ</span> <span class='ocrx_word' id='word_1_538' title='bbox 3407 3231 3635 3294; x_wconf 76' lang='grc' dir='ltr'>ἔννοιαν,</span> <span class='ocrx_word' id='word_1_539' title='bbox 3668 3230 3778 3284; x_wconf 69' lang='grc' dir='ltr'>ἀλλ’</span> 
     </span>
    </p>
   </div>
   <div class='ocr_carea' id='block_1_76' title="bbox 2196 3320 3774 3397">
    <p class='ocr_par' dir='ltr' id='par_1_76' title="bbox 2196 3320 3774 3397">
     <span class='ocr_line' id='line_1_76' title="bbox 2196 3320 3774 3397; baseline 0.003 -25"><span class='ocrx_word' id='word_1_540' title='bbox 2196 3322 2255 3373; x_wconf 81' lang='grc' dir='ltr'>ὲν</span> <span class='ocrx_word' id='word_1_541' title='bbox 2307 3320 2575 3393; x_wconf 70' lang='grc' dir='ltr'>προϊούσοο</span> <span class='ocrx_word' id='word_1_542' title='bbox 2615 3321 2828 3375; x_wconf 78' lang='grc' dir='ltr'>ἐκεῖθεν</span> <span class='ocrx_word' id='word_1_543' title='bbox 2861 3322 3026 3396; x_wconf 72' lang='grc' dir='ltr'>αἴγλῃ</span> <span class='ocrx_word' id='word_1_544' title='bbox 3061 3325 3286 3377; x_wconf 82' lang='grc' dir='ltr'>ἑνοειδεί</span> <span class='ocrx_word' id='word_1_545' title='bbox 3332 3323 3430 3397; x_wconf 80' lang='grc' dir='ltr'>τὴν</span> <span class='ocrx_word' id='word_1_546' title='bbox 3460 3325 3774 3395; x_wconf 70' lang='grc' dir='ltr'>ἀπόϐλεψιν,</span> 
     </span>
    </p>
   </div>
   <div class='ocr_carea' id='block_1_77' title="bbox 2196 3412 3778 3489">
    <p class='ocr_par' dir='ltr' id='par_1_77' title="bbox 2196 3412 3778 3489">
     <span class='ocr_line' id='line_1_77' title="bbox 2196 3412 3778 3489; baseline 0.003 -24"><span class='ocrx_word' id='word_1_547' title='bbox 2196 3413 2294 3467; x_wconf 70' lang='grc' dir='ltr'>καὶ</span> <span class='ocrx_word' id='word_1_548' title='bbox 2345 3412 2585 3483; x_wconf 68' lang='grc' dir='ltr'>θεωρίαν</span> <span class='ocrx_word' id='word_1_549' title='bbox 2635 3414 3138 3489; x_wconf 82' lang='grc' dir='ltr'>ὑπερεκπληρούσῃ</span> <span class='ocrx_word' id='word_1_550' title='bbox 3175 3417 3276 3485; x_wconf 82' lang='grc' dir='ltr'>τὴν</span> <span class='ocrx_word' id='word_1_551' title='bbox 3310 3416 3536 3487; x_wconf 77' lang='grc' dir='ltr'>γοεράν·</span> <span class='ocrx_word' id='word_1_552' title='bbox 3576 3417 3713 3485; x_wconf 84' lang='grc' dir='ltr'>ὅπερ</span> <span class='ocrx_word' id='word_1_553' title='bbox 3750 3418 3778 3469; x_wconf 87' lang='grc' dir='ltr'><strong>ό</strong></span> 
     </span>
    </p>
   </div>
   <div class='ocr_carea' id='block_1_78' title="bbox 2200 3504 3777 3578">
    <p class='ocr_par' dir='ltr' id='par_1_78' title="bbox 2200 3504 3777 3578">
     <span class='ocr_line' id='line_1_78' title="bbox 2200 3504 3777 3578; baseline 0.002 -19"><span class='ocrx_word' id='word_1_554' title='bbox 2200 3506 2276 3576; x_wconf 83' lang='grc' dir='ltr'>μὴ</span> <span class='ocrx_word' id='word_1_555' title='bbox 2309 3504 2520 3569; x_wconf 85' lang='grc' dir='ltr'>παθὼν,</span> <span class='ocrx_word' id='word_1_556' title='bbox 2563 3507 2803 3576; x_wconf 86' lang='grc' dir='ltr'>λογικῶς</span> <span class='ocrx_word' id='word_1_557' title='bbox 2831 3525 2889 3562; x_wconf 88' lang='grc' dir='ltr'>τε</span> <span class='ocrx_word' id='word_1_558' title='bbox 2925 3510 3019 3563; x_wconf 71' lang='grc' dir='ltr'>καὶ</span> <span class='ocrx_word' id='word_1_559' title='bbox 3048 3509 3368 3578; x_wconf 85' lang='grc' dir='ltr'>γνωστικῶς</span> <span class='ocrx_word' id='word_1_560' title='bbox 3403 3508 3601 3575; x_wconf 78' lang='grc' dir='ltr'>ἔξωθεν</span> <span class='ocrx_word' id='word_1_561' title='bbox 3633 3510 3777 3564; x_wconf 81' lang='grc' dir='ltr'>ἄνει-</span> 
     </span>
    </p>
   </div>
   <div class='ocr_carea' id='block_1_79' title="bbox 2198 3580 3780 3673">
    <p class='ocr_par' dir='ltr' id='par_1_79' title="bbox 2198 3580 3780 3673">
     <span class='ocr_line' id='line_1_79' title="bbox 2198 3580 3780 3673; baseline 0.003 -24"><span class='ocrx_word' id='word_1_562' title='bbox 2198 3615 2284 3650; x_wconf 88' lang='grc' dir='ltr'><strong>σιν</strong></span> <span class='ocrx_word' id='word_1_563' title='bbox 2352 3598 2433 3662; x_wconf 82' lang='grc' dir='ltr'><strong>είς</strong></span> <span class='ocrx_word' id='word_1_564' title='bbox 2481 3599 2543 3652; x_wconf 82' lang='grc' dir='ltr'>τὸ</span> <span class='ocrx_word' id='word_1_565' title='bbox 2601 3600 2883 3672; x_wconf 75' lang='grc' dir='ltr'>ὑπερφυὲς</span> <span class='ocrx_word' id='word_1_566' title='bbox 2934 3602 3261 3673; x_wconf 81' lang='grc' dir='ltr'>ἀπόκρυφον</span> <span class='ocrx_word' id='word_1_567' title='bbox 3321 3580 3527 3656; x_wconf 85' lang='grc' dir='ltr'>ἁπλοῦν</span> <span class='ocrx_word' id='word_1_568' title='bbox 3581 3600 3668 3667; x_wconf 82' lang='grc' dir='ltr'>ἓν,</span> <span class='ocrx_word' id='word_1_569' title='bbox 3720 3602 3780 3654; x_wconf 83' lang='grc' dir='ltr'>οὐ</span> 
     </span>
    </p>
   </div>
   <div class='ocr_carea' id='block_1_80' title="bbox 2196 3693 3777 3770">
    <p class='ocr_par' dir='ltr' id='par_1_80' title="bbox 2196 3693 3777 3770">
     <span class='ocr_line' id='line_1_80' title="bbox 2196 3693 3777 3770; baseline -0.001 -22"><span class='ocrx_word' id='word_1_570' title='bbox 2196 3694 2512 3770; x_wconf 84' lang='grc' dir='ltr'>καρδιακῶς</span> <span class='ocrx_word' id='word_1_571' title='bbox 2543 3693 2940 3766; x_wconf 80' lang='grc' dir='ltr'>ὲνεργούμενος</span> <span class='ocrx_word' id='word_1_572' title='bbox 2964 3735 2980 3762; x_wconf 91' lang='grc'><strong>,</strong></span> <span class='ocrx_word' id='word_1_573' title='bbox 3013 3693 3137 3748; x_wconf 76' lang='grc' dir='ltr'>οὔτε</span> <span class='ocrx_word' id='word_1_574' title='bbox 3172 3695 3237 3765; x_wconf 86' lang='grc' dir='ltr'>δὴ</span> <span class='ocrx_word' id='word_1_575' title='bbox 3271 3694 3474 3768; x_wconf 84' lang='grc' dir='ltr'>νοερῶς</span> <span class='ocrx_word' id='word_1_576' title='bbox 3507 3693 3777 3765; x_wconf 79' lang='grc' dir='ltr'>ὲλλαμπό-</span> 
     </span>
    </p>
   </div>
   <div class='ocr_carea' id='block_1_81' title="bbox 2199 3805 3443 3859">
    <p class='ocr_par' dir='ltr' id='par_1_81' title="bbox 2199 3805 3443 3859">
     <span class='ocr_line' id='line_1_81' title="bbox 2199 3805 3443 3859; baseline -0.001 -17"><span class='ocrx_word' id='word_1_577' title='bbox 2199 3805 2382 3859; x_wconf 83' lang='grc' dir='ltr'>μενος.</span> <span class='ocrx_word' id='word_1_578' title='bbox 3431 3833 3443 3841; x_wconf 87' lang='grc'><strong>.</strong></span> 
     </span>
    </p>
   </div>
   <div class='ocr_carea' id='block_1_82' title="bbox 2270 3878 3777 3950">
    <p class='ocr_par' dir='ltr' id='par_1_82' title="bbox 2270 3878 3777 3950">
     <span class='ocr_line' id='line_1_82' title="bbox 2270 3878 3777 3950; baseline -0.003 -15"><span class='ocrx_word' id='word_1_579' title='bbox 2270 3878 2378 3950; x_wconf 79' lang='grc' dir='ltr'><strong>μζ’.</strong></span> <span class='ocrx_word' id='word_1_580' title='bbox 2427 3881 2493 3934; x_wconf 85' lang='grc' dir='ltr'><strong><em>Ἠ</em></strong></span> <span class='ocrx_word' id='word_1_581' title='bbox 2544 3880 2909 3950; x_wconf 83' lang='grc' dir='ltr'>διαυγεστάτη</span> <span class='ocrx_word' id='word_1_582' title='bbox 2966 3880 3206 3950; x_wconf 76' lang='grc' dir='ltr'>ἑνοειδής</span> <span class='ocrx_word' id='word_1_583' title='bbox 3245 3896 3306 3932; x_wconf 90' lang='grc' dir='ltr'><strong>τε</strong></span> <span class='ocrx_word' id='word_1_584' title='bbox 3350 3880 3445 3933; x_wconf 71' lang='grc' dir='ltr'><strong>καὶ</strong></span> <span class='ocrx_word' id='word_1_585' title='bbox 3499 3878 3777 3949; x_wconf 73' lang='grc' dir='ltr'>μονοειδὴς</span> 
     </span>
    </p>
   </div>
   <div class='ocr_carea' id='block_1_83' title="bbox 2194 3976 3775 4055">
    <p class='ocr_par' dir='ltr' id='par_1_83' title="bbox 2194 3976 3775 4055">
     <span class='ocr_line' id='line_1_83' title="bbox 2194 3976 3775 4055; baseline -0.001 -25"><span class='ocrx_word' id='word_1_586' title='bbox 2194 3977 2288 4031; x_wconf 84' lang='grc' dir='ltr'><strong>τοῦ</strong></span> <span class='ocrx_word' id='word_1_587' title='bbox 2316 3977 2436 4041; x_wconf 73' lang='grc' dir='ltr'>νοὸς</span> <span class='ocrx_word' id='word_1_588' title='bbox 2465 3980 2525 4032; x_wconf 72' lang='grc' dir='ltr'>ἐν</span> <span class='ocrx_word' id='word_1_589' title='bbox 2555 3978 2634 4055; x_wconf 78' lang='grc' dir='ltr'>τῷ</span> <span class='ocrx_word' id='word_1_590' title='bbox 2687 3977 2808 4048; x_wconf 81' lang='grc' dir='ltr'><strong>Θεῷ</strong></span> <span class='ocrx_word' id='word_1_591' title='bbox 2850 3977 3073 4048; x_wconf 82' lang='grc' dir='ltr'>θεωρία,</span> <span class='ocrx_word' id='word_1_592' title='bbox 3106 3976 3475 4031; x_wconf 79' lang='grc' dir='ltr'>ὲπιϐἁλλουσα</span> <span class='ocrx_word' id='word_1_593' title='bbox 3520 3980 3587 4046; x_wconf 75' lang='grc' dir='ltr'>τῇ</span> <span class='ocrx_word' id='word_1_594' title='bbox 3623 3977 3775 4045; x_wconf 77' lang='grc' dir='ltr'>ἑνικῇ</span> 
     </span>
    </p>
   </div>
   <div class='ocr_carea' id='block_1_84' title="bbox 2194 4068 3782 4145">
    <p class='ocr_par' dir='ltr' id='par_1_84' title="bbox 2194 4068 3782 4145">
     <span class='ocr_line' id='line_1_84' title="bbox 2194 4068 3782 4145; baseline -0.003 -23"><span class='ocrx_word' id='word_1_595' title='bbox 2194 4069 2313 4141; x_wconf 70' lang='grc' dir='ltr'>θείᾳ</span> <span class='ocrx_word' id='word_1_596' title='bbox 2342 4070 2804 4145; x_wconf 78' lang='grc' dir='ltr'>ἁποκρυφιότητι,</span> <span class='ocrx_word' id='word_1_597' title='bbox 2830 4071 2923 4125; x_wconf 75' lang='grc' dir='ltr'>καὶ</span> <span class='ocrx_word' id='word_1_598' title='bbox 2952 4075 3019 4140; x_wconf 82' lang='grc' dir='ltr'><strong>τῇ</strong></span> <span class='ocrx_word' id='word_1_599' title='bbox 3044 4070 3104 4134; x_wconf 77' lang='grc' dir='ltr'><strong>ἐξ</strong></span> <span class='ocrx_word' id='word_1_600' title='bbox 3124 4071 3295 4140; x_wconf 75' lang='grc' dir='ltr'>αὐτῆς</span> <span class='ocrx_word' id='word_1_601' title='bbox 3326 4068 3782 4141; x_wconf 71' lang='grc' dir='ltr'>ἐξαστραπτοὺσῃ</span> 
     </span>
    </p>
   </div>
   <div class='ocr_carea' id='block_1_85' title="bbox 2195 4161 3776 4235">
    <p class='ocr_par' dir='ltr' id='par_1_85' title="bbox 2195 4161 3776 4235">
     <span class='ocr_line' id='line_1_85' title="bbox 2195 4161 3776 4235; baseline -0.003 -18"><span class='ocrx_word' id='word_1_602' title='bbox 2195 4163 2360 4234; x_wconf 77' lang='grc' dir='ltr'>αἴγλῃ</span> <span class='ocrx_word' id='word_1_603' title='bbox 2387 4162 2537 4216; x_wconf 87' lang='grc' dir='ltr'>θείαν</span> <span class='ocrx_word' id='word_1_604' title='bbox 2565 4162 2900 4231; x_wconf 81' lang='grc' dir='ltr'>τηλαύγειαν</span> <span class='ocrx_word' id='word_1_605' title='bbox 2929 4161 3379 4235; x_wconf 83' lang='grc' dir='ltr'>παραδεδεγμένη</span> <span class='ocrx_word' id='word_1_606' title='bbox 3414 4162 3648 4231; x_wconf 84' lang='grc' dir='ltr'>ἁνὰρχου</span> <span class='ocrx_word' id='word_1_607' title='bbox 3683 4161 3776 4213; x_wconf 77' lang='grc' dir='ltr'>καὶ</span> 
     </span>
    </p>
   </div>
   <div class='ocr_carea' id='block_1_86' title="bbox 2198 4253 3774 4328">
    <p class='ocr_par' dir='ltr' id='par_1_86' title="bbox 2198 4253 3774 4328">
     <span class='ocr_line' id='line_1_86' title="bbox 2198 4253 3774 4328; baseline -0.004 -17"><span class='ocrx_word' id='word_1_608' title='bbox 2198 4255 2430 4328; x_wconf 76' lang='grc' dir='ltr'>ἀπείρου</span> <span class='ocrx_word' id='word_1_609' title='bbox 2480 4254 2846 4325; x_wconf 77' lang='grc' dir='ltr'>φωτοὸολίας,</span> <span class='ocrx_word' id='word_1_610' title='bbox 2898 4254 2960 4307; x_wconf 81' lang='grc' dir='ltr'>οὺ</span> <span class='ocrx_word' id='word_1_611' title='bbox 2992 4290 2997 4297; x_wconf 71' lang='grc' dir='ltr'>ε</span> <span class='ocrx_word' id='word_1_612' title='bbox 3028 4255 3186 4325; x_wconf 89' lang='grc' dir='ltr'>μόνον</span> <span class='ocrx_word' id='word_1_613' title='bbox 3246 4255 3510 4324; x_wconf 71' lang='grc' dir='ltr'>στόματος</span> <span class='ocrx_word' id='word_1_614' title='bbox 3565 4253 3774 4324; x_wconf 78' lang='grc' dir='ltr'>σιωπὴν</span> 
     </span>
    </p>
   </div>
   <div class='ocr_carea' id='block_1_87' title="bbox 2194 4344 3777 4420">
    <p class='ocr_par' dir='ltr' id='par_1_87' title="bbox 2194 4344 3777 4420">
     <span class='ocr_line' id='line_1_87' title="bbox 2194 4344 3777 4420; baseline -0.012 -8"><span class='ocrx_word' id='word_1_615' title='bbox 2194 4356 2442 4419; x_wconf 75' lang='grc' dir='ltr'>ἀπαιτεῖ,</span> <span class='ocrx_word' id='word_1_616' title='bbox 2490 4349 2628 4408; x_wconf 78' lang='grc' dir='ltr'>ἀλλὰ</span> <span class='ocrx_word' id='word_1_617' title='bbox 2659 4352 2753 4406; x_wconf 75' lang='grc' dir='ltr'>καὶ</span> <span class='ocrx_word' id='word_1_618' title='bbox 2789 4351 2930 4414; x_wconf 87' lang='grc' dir='ltr'>νοός.</span> <span class='ocrx_word' id='word_1_619' title='bbox 2982 4349 3203 4415; x_wconf 78' lang='grc' dir='ltr'>Ἔξεστι</span> <span class='ocrx_word' id='word_1_620' title='bbox 3241 4348 3349 4420; x_wconf 81' lang='grc' dir='ltr'><strong>γὰρ</strong></span> <span class='ocrx_word' id='word_1_621' title='bbox 3384 4346 3477 4400; x_wconf 78' lang='grc' dir='ltr'>καὶ</span> <span class='ocrx_word' id='word_1_622' title='bbox 3512 4344 3777 4415; x_wconf 86' lang='grc' dir='ltr'>στόματος</span> 
     </span>
    </p>
   </div>
   <div class='ocr_carea' id='block_1_88' title="bbox 500 4420 2097 4527">
    <p class='ocr_par' dir='ltr' id='par_1_88' title="bbox 500 4455 2090 4527">
     <span class='ocr_line' id='line_1_88' title="bbox 500 4455 2090 4527; baseline 0.002 -20"><span class='ocrx_word' id='word_1_623' title='bbox 500 4464 553 4507; x_wconf 74' lang='grc' dir='ltr'><strong>ιι</strong></span> <span class='ocrx_word' id='word_1_624' title='bbox 601 4456 962 4523; x_wconf 83' lang='lat' dir='ltr'><strong>cogitationes</strong></span> <span class='ocrx_word' id='word_1_625' title='bbox 998 4472 1408 4527; x_wconf 83' lang='lat' dir='ltr'><strong>percurramus,</strong></span> <span class='ocrx_word' id='word_1_626' title='bbox 1462 4466 1520 4512; x_wconf 85' lang='lat' dir='ltr'><strong>et</strong></span> <span class='ocrx_word' id='word_1_627' title='bbox 1567 4469 1867 4512; x_wconf 80' lang='lat' dir='ltr'><strong>mutentur.</strong></span> <span class='ocrx_word' id='word_1_628' title='bbox 1928 4455 2090 4511; x_wconf 79' lang='lat' dir='ltr'><strong>Ratio</strong></span> 
     </span>
    </p>
   </div>
   <div class='ocr_carea' id='block_1_89' title="bbox 2198 4420 3781 4527">
    <p class='ocr_par' dir='ltr' id='par_1_89' title="bbox 2198 4435 3781 4521">
     <span class='ocr_line' id='line_1_89' title="bbox 2198 4435 3781 4521; baseline -0.009 -19"><span class='ocrx_word' id='word_1_629' title='bbox 2198 4450 2408 4521; x_wconf 78' lang='grc' dir='ltr'>σιωπὴν</span> <span class='ocrx_word' id='word_1_630' title='bbox 2446 4448 2694 4518; x_wconf 80' lang='grc' dir='ltr'>ἄγοντος,</span> <span class='ocrx_word' id='word_1_631' title='bbox 2727 4447 2858 4505; x_wconf 73' lang='grc' dir='ltr'>εἴσω</span> <span class='ocrx_word' id='word_1_632' title='bbox 2886 4445 2979 4498; x_wconf 76' lang='grc' dir='ltr'>τὸν</span> <span class='ocrx_word' id='word_1_633' title='bbox 3010 4444 3136 4497; x_wconf 87' lang='grc' dir='ltr'>νοῦν</span> <span class='ocrx_word' id='word_1_634' title='bbox 3175 4439 3534 4505; x_wconf 79' lang='grc' dir='ltr'>διατίθεσθαι,</span> <span class='ocrx_word' id='word_1_635' title='bbox 3573 4435 3668 4490; x_wconf 66' lang='grc' dir='ltr'>καὶ</span> <span class='ocrx_word' id='word_1_636' title='bbox 3702 4436 3781 4493; x_wconf 74' lang='grc' dir='ltr'><strong>είς</strong></span> 
     </span>
    </p>
   </div>
   <div class='ocr_carea' id='block_1_90' title="bbox 495 4547 2086 4620">
    <p class='ocr_par' dir='ltr' id='par_1_90' title="bbox 495 4547 2086 4620">
     <span class='ocr_line' id='line_1_90' title="bbox 495 4547 2086 4620; baseline 0.003 -20"><span class='ocrx_word' id='word_1_637' title='bbox 495 4557 646 4601; x_wconf 58' lang='lat' dir='ltr'><strong>esset</strong></span> <span class='ocrx_word' id='word_1_638' title='bbox 670 4547 906 4616; x_wconf 83' lang='lat' dir='ltr'><strong>alicujus</strong></span> <span class='ocrx_word' id='word_1_639' title='bbox 935 4549 1013 4602; x_wconf 89' lang='lat' dir='ltr'><strong>rei</strong></span> <span class='ocrx_word' id='word_1_640' title='bbox 1038 4559 1221 4604; x_wconf 89' lang='lat' dir='ltr'><strong>mente</strong></span> <span class='ocrx_word' id='word_1_641' title='bbox 1248 4562 1524 4620; x_wconf 70' lang='lat' dir='ltr'><strong>conceptae</strong></span> <span class='ocrx_word' id='word_1_642' title='bbox 1557 4566 1586 4604; x_wconf 87' lang='lat' dir='ltr'><strong>a</strong></span> <span class='ocrx_word' id='word_1_643' title='bbox 1616 4566 1722 4620; x_wconf 86' lang='lat' dir='ltr'><strong>qua</strong></span> <span class='ocrx_word' id='word_1_644' title='bbox 1748 4566 1905 4605; x_wconf 88' lang='lat' dir='ltr'><strong>mens</strong></span> <span class='ocrx_word' id='word_1_645' title='bbox 1934 4547 2086 4604; x_wconf 78' lang='lat' dir='ltr'><strong>refu-</strong></span> 
     </span>
    </p>
   </div>
   <div class='ocr_carea' id='block_1_91' title="bbox 497 4640 2085 4712">
    <p class='ocr_par' dir='ltr' id='par_1_91' title="bbox 497 4640 2085 4712">
     <span class='ocr_line' id='line_1_91' title="bbox 497 4640 2085 4712; baseline 0.006 -22"><span class='ocrx_word' id='word_1_646' title='bbox 497 4641 654 4703; x_wconf 62' lang='lat' dir='ltr'><strong>git-ns</strong></span> <span class='ocrx_word' id='word_1_647' title='bbox 702 4641 858 4711; x_wconf 80' lang='lat' dir='ltr'><strong>longe</strong></span> <span class='ocrx_word' id='word_1_648' title='bbox 905 4640 971 4695; x_wconf 89' lang='lat' dir='ltr'><strong>ad</strong></span> <span class='ocrx_word' id='word_1_649' title='bbox 1008 4641 1384 4712; x_wconf 87' lang='lat' dir='ltr'><strong>plenissimam</strong></span> <span class='ocrx_word' id='word_1_650' title='bbox 1431 4643 1636 4699; x_wconf 80' lang='lat' dir='ltr'><strong>Divinac</strong></span> <span class='ocrx_word' id='word_1_651' title='bbox 1687 4645 1913 4699; x_wconf 85' lang='lat' dir='ltr'><strong>unitatis</strong></span> <span class='ocrx_word' id='word_1_652' title='bbox 1977 4660 2085 4700; x_wconf 91' lang='lat' dir='ltr'><strong>non</strong></span> 
     </span>
    </p>
   </div>
   <div class='ocr_carea' id='block_1_92' title="bbox 498 4735 2089 4806">
    <p class='ocr_par' dir='ltr' id='par_1_92' title="bbox 498 4735 2089 4806">
     <span class='ocr_line' id='line_1_92' title="bbox 498 4735 2089 4806; baseline 0.003 -18"><span class='ocrx_word' id='word_1_653' title='bbox 498 4736 785 4806; x_wconf 80' lang='lat' dir='ltr'><strong>ﬁguratam</strong></span> <span class='ocrx_word' id='word_1_654' title='bbox 835 4735 1229 4791; x_wconf 80' lang='lat' dir='ltr'><strong>obscuritatem</strong></span> <span class='ocrx_word' id='word_1_655' title='bbox 1277 4738 1552 4799; x_wconf 81' lang='lat' dir='ltr'><strong>ascendit.</strong></span> <span class='ocrx_word' id='word_1_656' title='bbox 1592 4738 1757 4792; x_wconf 84' lang='lat' dir='ltr'><strong>Aliud</strong></span> <span class='ocrx_word' id='word_1_657' title='bbox 1805 4737 1951 4792; x_wconf 88' lang='lat' dir='ltr'><strong>enim</strong></span> <span class='ocrx_word' id='word_1_658' title='bbox 2001 4747 2089 4793; x_wconf 88' lang='lat' dir='ltr'><strong>est</strong></span> 
     </span>
    </p>
   </div>
   <div class='ocr_carea' id='block_1_93' title="bbox 496 4828 2088 4900">
    <p class='ocr_par' dir='ltr' id='par_1_93' title="bbox 496 4828 2088 4900">
     <span class='ocr_line' id='line_1_93' title="bbox 496 4828 2088 4900; baseline 0.001 -18"><span class='ocrx_word' id='word_1_659' title='bbox 496 4828 700 4883; x_wconf 77' lang='lat' dir='ltr'><strong>mentis</strong></span> <span class='ocrx_word' id='word_1_660' title='bbox 745 4829 1137 4899; x_wconf 85' lang='lat' dir='ltr'><strong>contemplatio</strong></span> <span class='ocrx_word' id='word_1_661' title='bbox 1162 4837 1219 4883; x_wconf 90' lang='lat' dir='ltr'><strong>et</strong></span> <span class='ocrx_word' id='word_1_662' title='bbox 1253 4829 1568 4900; x_wconf 89' lang='lat' dir='ltr'><strong>dispositio,</strong></span> <span class='ocrx_word' id='word_1_663' title='bbox 1597 4841 1652 4884; x_wconf 89' lang='lat' dir='ltr'><strong>et</strong></span> <span class='ocrx_word' id='word_1_664' title='bbox 1684 4829 1834 4885; x_wconf 91' lang='lat' dir='ltr'><strong>aliud</strong></span> <span class='ocrx_word' id='word_1_665' title='bbox 1882 4829 2088 4900; x_wconf 79' lang='lat' dir='ltr'><strong>cogita-</strong></span> 
     </span>
    </p>
   </div>
   <div class='ocr_carea' id='block_1_94' title="bbox 496 4924 2089 4996">
    <p class='ocr_par' dir='ltr' id='par_1_94' title="bbox 496 4924 2089 4996">
     <span class='ocr_line' id='line_1_94' title="bbox 496 4924 2089 4996; baseline 0.003 -20"><span class='ocrx_word' id='word_1_666' title='bbox 496 4935 574 4976; x_wconf 71' lang='grc' dir='ltr'>ἰη</span> <span class='ocrx_word' id='word_1_667' title='bbox 607 4939 728 4990; x_wconf 61' lang='lat' dir='ltr'><strong>qua!</strong></span> <span class='ocrx_word' id='word_1_668' title='bbox 758 4934 845 4979; x_wconf 89' lang='lat' dir='ltr'><strong>est</strong></span> <span class='ocrx_word' id='word_1_669' title='bbox 882 4932 1162 4996; x_wconf 66' lang='lat' dir='ltr'><strong>concepta:</strong></span> <span class='ocrx_word' id='word_1_670' title='bbox 1190 4925 1439 4981; x_wconf 87' lang='lat' dir='ltr'><strong>rationis.</strong></span> <span class='ocrx_word' id='word_1_671' title='bbox 1487 4924 1644 4980; x_wconf 89' lang='lat' dir='ltr'><strong>Unde</strong></span> <span class='ocrx_word' id='word_1_672' title='bbox 1684 4925 1736 4983; x_wconf 92' lang='lat' dir='ltr'><strong>in</strong></span> <span class='ocrx_word' id='word_1_673' title='bbox 1771 4925 1971 4980; x_wconf 86' lang='lat' dir='ltr'><strong>creatis</strong></span> <span class='ocrx_word' id='word_1_674' title='bbox 2024 4938 2089 4980; x_wconf 87' lang='lat' dir='ltr'><strong>ac</strong></span> 
     </span>
    </p>
   </div>
   <div class='ocr_carea' id='block_1_95' title="bbox 494 5011 2085 5086">
    <p class='ocr_par' dir='ltr' id='par_1_95' title="bbox 494 5011 2085 5086">
     <span class='ocr_line' id='line_1_95' title="bbox 494 5011 2085 5086; baseline 0.005 -21"><span class='ocrx_word' id='word_1_675' title='bbox 494 5017 763 5085; x_wconf 73' lang='lat' dir='ltr'><strong>oppositis</strong></span> <span class='ocrx_word' id='word_1_676' title='bbox 821 5017 1103 5072; x_wconf 85' lang='lat' dir='ltr'><strong>autaliter</strong></span> <span class='ocrx_word' id='word_1_677' title='bbox 1160 5018 1328 5074; x_wconf 86' lang='lat' dir='ltr'><strong>variis</strong></span> <span class='ocrx_word' id='word_1_678' title='bbox 1389 5011 1562 5073; x_wconf 75' lang='lat' dir='ltr'><strong>rebus</strong></span> <span class='ocrx_word' id='word_1_679' title='bbox 1628 5028 1845 5073; x_wconf 83' lang='lat' dir='ltr'><strong>versata</strong></span> <span class='ocrx_word' id='word_1_680' title='bbox 1907 5033 2085 5086; x_wconf 90' lang='lat' dir='ltr'><strong>mens,</strong></span> 
     </span>
    </p>
   </div>
   <div class='ocr_carea' id='block_1_96' title="bbox 393 5104 2089 5181">
    <p class='ocr_par' dir='ltr' id='par_1_96' title="bbox 393 5104 2089 5181">
     <span class='ocr_line' id='line_1_96' title="bbox 393 5104 2089 5181; baseline 0.001 -19"><span class='ocrx_word' id='word_1_681' title='bbox 393 5104 403 5114; x_wconf 76' lang='grc'><em>”</em></span> <span class='ocrx_word' id='word_1_682' title='bbox 494 5112 731 5179; x_wconf 82' lang='lat' dir='ltr'><strong>primunt</strong></span> <span class='ocrx_word' id='word_1_683' title='bbox 789 5111 1216 5181; x_wconf 89' lang='lat' dir='ltr'><strong>contemplatur,</strong></span> <span class='ocrx_word' id='word_1_684' title='bbox 1249 5126 1314 5167; x_wconf 90' lang='lat' dir='ltr'><strong>ac</strong></span> <span class='ocrx_word' id='word_1_685' title='bbox 1340 5112 1542 5166; x_wconf 87' lang='lat' dir='ltr'><strong>deinde</strong></span> <span class='ocrx_word' id='word_1_686' title='bbox 1579 5112 1653 5165; x_wconf 76' lang='lat' dir='ltr'><strong>ita</strong></span> <span class='ocrx_word' id='word_1_687' title='bbox 1707 5113 1914 5181; x_wconf 79' lang='lat' dir='ltr'><strong>cogitat</strong></span> <span class='ocrx_word' id='word_1_688' title='bbox 1967 5126 2089 5164; x_wconf 82' lang='lat' dir='ltr'><strong>mu-</strong></span> 
     </span>
    </p>
   </div>
   <div class='ocr_carea' id='block_1_97' title="bbox 495 5201 2090 5275">
    <p class='ocr_par' dir='ltr' id='par_1_97' title="bbox 495 5201 2090 5275">
     <span class='ocr_line' id='line_1_97' title="bbox 495 5201 2090 5275; baseline 0.003 -20"><span class='ocrx_word' id='word_1_689' title='bbox 495 5215 626 5255; x_wconf 76' lang='lat' dir='ltr'><strong>lztttt.</strong></span> <span class='ocrx_word' id='word_1_690' title='bbox 667 5201 732 5257; x_wconf 83' lang='lat' dir='ltr'><strong>Et</strong></span> <span class='ocrx_word' id='word_1_691' title='bbox 763 5218 895 5258; x_wconf 89' lang='lat' dir='ltr'><strong>sane</strong></span> <span class='ocrx_word' id='word_1_692' title='bbox 928 5205 981 5257; x_wconf 93' lang='lat' dir='ltr'><strong>in</strong></span> <span class='ocrx_word' id='word_1_693' title='bbox 1023 5218 1083 5258; x_wconf 89' lang='lat' dir='ltr'><strong>re</strong></span> <span class='ocrx_word' id='word_1_694' title='bbox 1114 5218 1260 5272; x_wconf 70' lang='lat' dir='ltr'><strong>saepe</strong></span> <span class='ocrx_word' id='word_1_695' title='bbox 1290 5217 1399 5261; x_wconf 87' lang='lat' dir='ltr'><strong>una</strong></span> <span class='ocrx_word' id='word_1_696' title='bbox 1442 5203 1715 5257; x_wconf 68' lang='lat' dir='ltr'><strong>inveniret</strong></span> <span class='ocrx_word' id='word_1_697' title='bbox 1747 5220 1853 5257; x_wconf 90' lang='lat' dir='ltr'><strong>non</strong></span> <span class='ocrx_word' id='word_1_698' title='bbox 1886 5218 2090 5275; x_wconf 85' lang='lat' dir='ltr'><strong>paucas</strong></span> 
     </span>
    </p>
   </div>
   <div class='ocr_carea' id='block_1_98' title="bbox 495 5295 2085 5366">
    <p class='ocr_par' dir='ltr' id='par_1_98' title="bbox 495 5295 2085 5366">
     <span class='ocr_line' id='line_1_98' title="bbox 495 5295 2085 5366; baseline 0.003 -21"><span class='ocrx_word' id='word_1_699' title='bbox 495 5296 887 5366; x_wconf 69' lang='lat' dir='ltr'><strong>cogitationes.</strong></span> <span class='ocrx_word' id='word_1_700' title='bbox 921 5295 1026 5350; x_wconf 83' lang='lat' dir='ltr'><strong>Sed</strong></span> <span class='ocrx_word' id='word_1_701' title='bbox 1065 5296 1120 5349; x_wconf 90' lang='lat' dir='ltr'><strong>in</strong></span> <span class='ocrx_word' id='word_1_702' title='bbox 1147 5296 1239 5351; x_wconf 87' lang='lat' dir='ltr'><strong>illa</strong></span> <span class='ocrx_word' id='word_1_703' title='bbox 1278 5311 1387 5356; x_wconf 84' lang='lat' dir='ltr'><strong>una</strong></span> <span class='ocrx_word' id='word_1_704' title='bbox 1418 5305 1471 5351; x_wconf 92' lang='lat' dir='ltr'><strong>et</strong></span> <span class='ocrx_word' id='word_1_705' title='bbox 1499 5295 1736 5364; x_wconf 85' lang='lat' dir='ltr'><strong>simplici</strong></span> <span class='ocrx_word' id='word_1_706' title='bbox 1794 5303 1849 5350; x_wconf 90' lang='lat' dir='ltr'><strong>ct</strong></span> <span class='ocrx_word' id='word_1_707' title='bbox 1889 5297 2085 5350; x_wconf 88' lang='lat' dir='ltr'><strong>intima</strong></span> 
     </span>
    </p>
   </div>
   <div class='ocr_carea' id='block_1_99' title="bbox 496 5389 2090 5463">
    <p class='ocr_par' dir='ltr' id='par_1_99' title="bbox 496 5389 2090 5463">
     <span class='ocr_line' id='line_1_99' title="bbox 496 5389 2090 5463; baseline -0.001 -20"><span class='ocrx_word' id='word_1_708' title='bbox 496 5393 794 5459; x_wconf 83' lang='lat' dir='ltr'><strong>divinaque</strong></span> <span class='ocrx_word' id='word_1_709' title='bbox 819 5389 1182 5455; x_wconf 87' lang='lat' dir='ltr'><strong>obscuritate,</strong></span> <span class='ocrx_word' id='word_1_710' title='bbox 1214 5390 1448 5444; x_wconf 87' lang='lat' dir='ltr'><strong>intendit</strong></span> <span class='ocrx_word' id='word_1_711' title='bbox 1478 5389 1698 5463; x_wconf 82' lang='lat' dir='ltr'><strong>quidem</strong></span> <span class='ocrx_word' id='word_1_712' title='bbox 1730 5398 1785 5441; x_wconf 86' lang='lat' dir='ltr'><strong>et</strong></span> <span class='ocrx_word' id='word_1_713' title='bbox 1825 5389 2090 5457; x_wconf 70' lang='lat' dir='ltr'><strong>expandit</strong></span> 
     </span>
    </p>
   </div>
   <div class='ocr_carea' id='block_1_100' title="bbox 495 5481 2089 5554">
    <p class='ocr_par' dir='ltr' id='par_1_100' title="bbox 495 5481 2089 5554">
     <span class='ocr_line' id='line_1_100' title="bbox 495 5481 2089 5554; baseline -0.002 -18"><span class='ocrx_word' id='word_1_714' title='bbox 495 5482 777 5554; x_wconf 85' lang='lat' dir='ltr'><strong>proprium</strong></span> <span class='ocrx_word' id='word_1_715' title='bbox 828 5485 1072 5544; x_wconf 85' lang='lat' dir='ltr'><strong>oculum,</strong></span> <span class='ocrx_word' id='word_1_716' title='bbox 1106 5489 1159 5536; x_wconf 90' lang='lat' dir='ltr'><strong>et</strong></span> <span class='ocrx_word' id='word_1_717' title='bbox 1182 5482 1348 5533; x_wconf 83' lang='lat' dir='ltr'><strong>divini</strong></span> <span class='ocrx_word' id='word_1_718' title='bbox 1374 5481 1683 5551; x_wconf 86' lang='lat' dir='ltr'><strong>splendoris</strong></span> <span class='ocrx_word' id='word_1_719' title='bbox 1731 5481 2089 5550; x_wconf 82' lang='lat' dir='ltr'><strong>simplicitate</strong></span> 
     </span>
    </p>
   </div>
   <div class='ocr_carea' id='block_1_101' title="bbox 495 5578 2091 5649">
    <p class='ocr_par' dir='ltr' id='par_1_101' title="bbox 495 5578 2091 5649">
     <span class='ocr_line' id='line_1_101' title="bbox 495 5578 2091 5649; baseline -0.004 -14"><span class='ocrx_word' id='word_1_720' title='bbox 495 5582 826 5645; x_wconf 83' lang='lat' dir='ltr'><strong>illustratur.</strong></span> <span class='ocrx_word' id='word_1_721' title='bbox 856 5579 1086 5632; x_wconf 83' lang='lat' dir='ltr'><strong>Minime</strong></span> <span class='ocrx_word' id='word_1_722' title='bbox 1108 5584 1288 5631; x_wconf 86' lang='lat' dir='ltr'><strong>autem</strong></span> <span class='ocrx_word' id='word_1_723' title='bbox 1324 5585 1503 5649; x_wconf 87' lang='lat' dir='ltr'><strong>potest</strong></span> <span class='ocrx_word' id='word_1_724' title='bbox 1534 5578 1773 5647; x_wconf 76' lang='lat' dir='ltr'><strong>cOgitare</strong></span> <span class='ocrx_word' id='word_1_725' title='bbox 1800 5579 1882 5631; x_wconf 85' lang='lat' dir='ltr'><strong>sic</strong></span> <span class='ocrx_word' id='word_1_726' title='bbox 1903 5578 2091 5648; x_wconf 76' lang='lat' dir='ltr'><strong>dispo-</strong></span> 
     </span>
    </p>
   </div>
   <div class='ocr_carea' id='block_1_102' title="bbox 497 5670 2089 5740">
    <p class='ocr_par' dir='ltr' id='par_1_102' title="bbox 497 5670 2089 5740">
     <span class='ocr_line' id='line_1_102' title="bbox 497 5670 2089 5740; baseline -0.004 -9"><span class='ocrx_word' id='word_1_727' title='bbox 497 5675 624 5731; x_wconf 71' lang='lat' dir='ltr'><strong>sita.</strong></span> <span class='ocrx_word' id='word_1_728' title='bbox 655 5672 774 5730; x_wconf 89' lang='lat' dir='ltr'><strong>Una</strong></span> <span class='ocrx_word' id='word_1_729' title='bbox 802 5671 950 5726; x_wconf 89' lang='lat' dir='ltr'><strong>enim</strong></span> <span class='ocrx_word' id='word_1_730' title='bbox 985 5670 1073 5725; x_wconf 83' lang='lat' dir='ltr'><strong>illa</strong></span> <span class='ocrx_word' id='word_1_731' title='bbox 1107 5670 1434 5740; x_wconf 83' lang='lat' dir='ltr'><strong>simplicitas</strong></span> <span class='ocrx_word' id='word_1_732' title='bbox 1477 5680 1532 5725; x_wconf 90' lang='lat' dir='ltr'><strong>et</strong></span> <span class='ocrx_word' id='word_1_733' title='bbox 1560 5670 1869 5725; x_wconf 66' lang='lat' dir='ltr'><strong>obs-«urnas</strong></span> <span class='ocrx_word' id='word_1_734' title='bbox 1919 5671 2089 5740; x_wconf 63' lang='lat' dir='ltr'><strong>spisi-</strong></span> 
     </span>
    </p>
   </div>
   <div class='ocr_carea' id='block_1_103' title="bbox 498 5763 2088 5833">
    <p class='ocr_par' dir='ltr' id='par_1_103' title="bbox 498 5763 2088 5833">
     <span class='ocr_line' id='line_1_103' title="bbox 498 5763 2088 5833; baseline -0.003 -13"><span class='ocrx_word' id='word_1_735' title='bbox 498 5770 698 5829; x_wconf 68' lang='lat' dir='ltr'><strong>tuaicm</strong></span> <span class='ocrx_word' id='word_1_736' title='bbox 750 5764 1169 5820; x_wconf 76' lang='lat' dir='ltr'><strong>conversionem</strong></span> <span class='ocrx_word' id='word_1_737' title='bbox 1241 5772 1333 5818; x_wconf 89' lang='lat' dir='ltr'><strong>aut</strong></span> <span class='ocrx_word' id='word_1_738' title='bbox 1393 5764 1598 5818; x_wconf 81' lang='lat' dir='ltr'><strong>variam</strong></span> <span class='ocrx_word' id='word_1_739' title='bbox 1669 5765 1829 5833; x_wconf 85' lang='lat' dir='ltr'><strong>dispo</strong></span> <span class='ocrx_word' id='word_1_740' title='bbox 1863 5763 2088 5818; x_wconf 84' lang='lat' dir='ltr'><strong>itionem</strong></span> 
     </span>
    </p>
   </div>
   <div class='ocr_carea' id='block_1_104' title="bbox 500 5856 2083 5941">
    <p class='ocr_par' dir='ltr' id='par_1_104' title="bbox 500 5856 2083 5941">
     <span class='ocr_line' id='line_1_104' title="bbox 500 5856 2083 5941; baseline 0.001 -30"><span class='ocrx_word' id='word_1_741' title='bbox 500 5858 657 5941; x_wconf 46' lang='lat' dir='ltr'><strong>fugit,</strong></span> <span class='ocrx_word' id='word_1_742' title='bbox 685 5867 740 5923; x_wconf 82' lang='lat' dir='ltr'><strong>et</strong></span> <span class='ocrx_word' id='word_1_743' title='bbox 772 5874 879 5921; x_wconf 85' lang='lat' dir='ltr'><strong>nou</strong></span> <span class='ocrx_word' id='word_1_744' title='bbox 905 5866 1086 5940; x_wconf 82' lang='lat' dir='ltr'><strong>potest</strong></span> <span class='ocrx_word' id='word_1_745' title='bbox 1111 5858 1349 5930; x_wconf 76' lang='lat' dir='ltr'><strong>cogitata</strong></span> <span class='ocrx_word' id='word_1_746' title='bbox 1384 5856 1628 5923; x_wconf 82' lang='lat' dir='ltr'><strong>describi</strong></span> <span class='ocrx_word' id='word_1_747' title='bbox 1656 5866 1749 5912; x_wconf 77' lang='lat' dir='ltr'><strong>aut</strong></span> <span class='ocrx_word' id='word_1_748' title='bbox 1797 5873 1894 5913; x_wconf 88' lang='lat' dir='ltr'><strong>ore</strong></span> <span class='ocrx_word' id='word_1_749' title='bbox 1950 5857 2083 5917; x_wconf 88' lang='lat' dir='ltr'><strong>dici.</strong></span> 
     </span>
    </p>
   </div>
   <div class='ocr_carea' id='block_1_105' title="bbox 2193 4528 3777 4610">
    <p class='ocr_par' dir='ltr' id='par_1_105' title="bbox 2193 4528 3777 4610">
     <span class='ocr_line' id='line_1_105' title="bbox 2193 4528 3777 4610; baseline -0.009 -17"><span class='ocrx_word' id='word_1_750' title='bbox 2193 4540 2492 4610; x_wconf 77' lang='grc' dir='ltr'>λογισμοὺς</span> <span class='ocrx_word' id='word_1_751' title='bbox 2533 4541 2627 4593; x_wconf 79' lang='grc' dir='ltr'>καὶ</span> <span class='ocrx_word' id='word_1_752' title='bbox 2676 4540 2927 4610; x_wconf 86' lang='grc' dir='ltr'>νοήματα</span> <span class='ocrx_word' id='word_1_753' title='bbox 2961 4534 3312 4608; x_wconf 81' lang='grc' dir='ltr'>μεταϐαίνειν</span> <span class='ocrx_word' id='word_1_754' title='bbox 3337 4572 3353 4599; x_wconf 86' lang='grc'><strong>,</strong></span> <span class='ocrx_word' id='word_1_755' title='bbox 3383 4532 3477 4585; x_wconf 76' lang='grc' dir='ltr'>καὶ</span> <span class='ocrx_word' id='word_1_756' title='bbox 3508 4528 3777 4584; x_wconf 83' lang='grc' dir='ltr'>ποικίλλε-</span> 
     </span>
    </p>
   </div>
   <div class='ocr_carea' id='block_1_106' title="bbox 2198 4621 3781 4704">
    <p class='ocr_par' dir='ltr' id='par_1_106' title="bbox 2198 4621 3781 4704">
     <span class='ocr_line' id='line_1_106' title="bbox 2198 4621 3781 4704; baseline -0.008 -17"><span class='ocrx_word' id='word_1_757' title='bbox 2198 4634 2324 4688; x_wconf 86' lang='grc' dir='ltr'>σθαι</span> <span class='ocrx_word' id='word_1_758' title='bbox 2345 4650 2359 4665; x_wconf 77' lang='grc'><strong><em>⁸</em></strong></span> <span class='ocrx_word' id='word_1_759' title='bbox 2392 4634 2421 4687; x_wconf 85' lang='grc' dir='ltr'><strong>ὂ</strong></span> <span class='ocrx_word' id='word_1_760' title='bbox 2449 4634 2608 4702; x_wconf 86' lang='grc' dir='ltr'>λόγος</span> <span class='ocrx_word' id='word_1_761' title='bbox 2638 4630 2705 4687; x_wconf 80' lang='grc' dir='ltr'>ἂν</span> <span class='ocrx_word' id='word_1_762' title='bbox 2732 4633 2820 4704; x_wconf 78' lang='grc' dir='ltr'>εἴη</span> <span class='ocrx_word' id='word_1_763' title='bbox 2852 4631 2946 4685; x_wconf 80' lang='grc' dir='ltr'><strong>τοῦ</strong></span> <span class='ocrx_word' id='word_1_764' title='bbox 2979 4629 3310 4696; x_wconf 78' lang='grc' dir='ltr'>ἐνδιαθέτου,</span> <span class='ocrx_word' id='word_1_765' title='bbox 3342 4621 3403 4680; x_wconf 76' lang='grc' dir='ltr'><strong>οὗ</strong></span> <span class='ocrx_word' id='word_1_766' title='bbox 3446 4624 3634 4697; x_wconf 65' lang='grc' dir='ltr'>πόρρω</span> <span class='ocrx_word' id='word_1_767' title='bbox 3658 4621 3781 4683; x_wconf 85' lang='grc' dir='ltr'>νοῦς</span> 
     </span>
    </p>
   </div>
   <div class='ocr_carea' id='block_1_107' title="bbox 2196 4715 3783 4798">
    <p class='ocr_par' dir='ltr' id='par_1_107' title="bbox 2196 4715 3783 4798">
     <span class='ocr_line' id='line_1_107' title="bbox 2196 4715 3783 4798; baseline -0.009 -17"><span class='ocrx_word' id='word_1_768' title='bbox 2196 4727 2662 4798; x_wconf 82' lang='grc' dir='ltr'>ἅναδεδραμηκὼς</span> <span class='ocrx_word' id='word_1_769' title='bbox 2699 4728 2780 4790; x_wconf 89' lang='grc' dir='ltr'>είς</span> <span class='ocrx_word' id='word_1_770' title='bbox 2829 4726 2928 4797; x_wconf 80' lang='grc' dir='ltr'>τὴν</span> <span class='ocrx_word' id='word_1_771' title='bbox 2969 4721 3448 4795; x_wconf 80' lang='grc' dir='ltr'>ὑπερηπλωμὲνην</span> <span class='ocrx_word' id='word_1_772' title='bbox 3484 4719 3583 4788; x_wconf 82' lang='grc' dir='ltr'>τῆς</span> <span class='ocrx_word' id='word_1_773' title='bbox 3633 4715 3783 4777; x_wconf 80' lang='grc' dir='ltr'>θείας</span> 
     </span>
    </p>
   </div>
   <div class='ocr_carea' id='block_1_108' title="bbox 2197 4810 3786 4897">
    <p class='ocr_par' dir='ltr' id='par_1_108' title="bbox 2197 4810 3786 4897">
     <span class='ocr_line' id='line_1_108' title="bbox 2197 4810 3786 4897; baseline -0.009 -21"><span class='ocrx_word' id='word_1_774' title='bbox 2197 4822 2381 4885; x_wconf 81' lang='grc' dir='ltr'>ἐνάδος</span> <span class='ocrx_word' id='word_1_775' title='bbox 2414 4821 2695 4875; x_wconf 84' lang='grc' dir='ltr'>ἁτύπωτον</span> <span class='ocrx_word' id='word_1_776' title='bbox 2724 4820 3198 4897; x_wconf 66' lang='grc' dir='ltr'>ἀποκρυφίοτητα.</span> <span class='ocrx_word' id='word_1_777' title='bbox 3240 4814 3403 4869; x_wconf 74' lang='grc' dir='ltr'>Ἄλλο</span> <span class='ocrx_word' id='word_1_778' title='bbox 3440 4814 3547 4884; x_wconf 78' lang='grc' dir='ltr'>γάρ</span> <span class='ocrx_word' id='word_1_779' title='bbox 3577 4814 3693 4865; x_wconf 79' lang='grc' dir='ltr'>ἐστι</span> <span class='ocrx_word' id='word_1_780' title='bbox 3723 4810 3786 4862; x_wconf 77' lang='grc' dir='ltr'>τὸ</span> 
     </span>
    </p>
   </div>
   <div class='ocr_carea' id='block_1_109' title="bbox 2198 4904 3784 4988">
    <p class='ocr_par' dir='ltr' id='par_1_109' title="bbox 2198 4904 3784 4988">
     <span class='ocr_line' id='line_1_109' title="bbox 2198 4904 3784 4988; baseline -0.01 -19"><span class='ocrx_word' id='word_1_781' title='bbox 2198 4915 2442 4988; x_wconf 81' lang='grc' dir='ltr'>θεωροῦν</span> <span class='ocrx_word' id='word_1_782' title='bbox 2475 4913 2570 4968; x_wconf 85' lang='grc' dir='ltr'><strong>τοῦ</strong></span> <span class='ocrx_word' id='word_1_783' title='bbox 2625 4915 2764 4979; x_wconf 77' lang='grc' dir='ltr'>νοὸς,</span> <span class='ocrx_word' id='word_1_784' title='bbox 2799 4913 2893 4967; x_wconf 68' lang='grc' dir='ltr'>καὶ</span> <span class='ocrx_word' id='word_1_785' title='bbox 2928 4912 2987 4965; x_wconf 78' lang='grc' dir='ltr'><strong>τὸ</strong></span> <span class='ocrx_word' id='word_1_786' title='bbox 3016 4909 3386 4971; x_wconf 80' lang='grc' dir='ltr'>διατίθεσθαι,</span> <span class='ocrx_word' id='word_1_787' title='bbox 3420 4906 3515 4959; x_wconf 77' lang='grc' dir='ltr'>καὶ</span> <span class='ocrx_word' id='word_1_788' title='bbox 3558 4904 3784 4957; x_wconf 79' lang='grc' dir='ltr'>διανοεῖ-</span> 
     </span>
    </p>
   </div>
   <div class='ocr_carea' id='block_1_110' title="bbox 2201 4994 3789 5078">
    <p class='ocr_par' dir='ltr' id='par_1_110' title="bbox 2201 4994 3789 5078">
     <span class='ocr_line' id='line_1_110' title="bbox 2201 4994 3789 5078; baseline -0.01 -16"><span class='ocrx_word' id='word_1_789' title='bbox 2201 5010 2348 5073; x_wconf 85' lang='grc' dir='ltr'>σθαι,</span> <span class='ocrx_word' id='word_1_790' title='bbox 2398 5008 2539 5078; x_wconf 84' lang='grc' dir='ltr'>ὅπερ</span> <span class='ocrx_word' id='word_1_791' title='bbox 2574 5007 2691 5060; x_wconf 72' lang='grc' dir='ltr'>ἐστὶ</span> <span class='ocrx_word' id='word_1_792' title='bbox 2725 5005 2820 5059; x_wconf 88' lang='grc' dir='ltr'><strong>τοῦ</strong></span> <span class='ocrx_word' id='word_1_793' title='bbox 2863 5004 3171 5057; x_wconf 79' lang='grc' dir='ltr'>ἐνδιαθέτου</span> <span class='ocrx_word' id='word_1_794' title='bbox 3212 5002 3396 5069; x_wconf 83' lang='grc' dir='ltr'>λόγου,</span> <span class='ocrx_word' id='word_1_795' title='bbox 3426 4999 3633 5067; x_wconf 78' lang='grc' dir='ltr'>ἕτερον.</span> <span class='ocrx_word' id='word_1_796' title='bbox 3673 4994 3789 5047; x_wconf 79' lang='grc' dir='ltr'><strong>Ἐν·</strong></span> 
     </span>
    </p>
   </div>
   <div class='ocr_carea' id='block_1_111' title="bbox 2198 5093 3788 5164">
    <p class='ocr_par' dir='ltr' id='par_1_111' title="bbox 2198 5093 3788 5164">
     <span class='ocr_line' id='line_1_111' title="bbox 2198 5093 3788 5164; baseline -0.009 -10"><span class='ocrx_word' id='word_1_797' title='bbox 2198 5100 2392 5156; x_wconf 81' lang='grc' dir='ltr'>τεῦθεν</span> <span class='ocrx_word' id='word_1_798' title='bbox 2446 5104 2505 5155; x_wconf 84' lang='grc' dir='ltr'>ὲν</span> <span class='ocrx_word' id='word_1_799' title='bbox 2565 5103 2845 5164; x_wconf 83' lang='grc' dir='ltr'>κτιστοῖς,</span> <span class='ocrx_word' id='word_1_800' title='bbox 2885 5099 2981 5152; x_wconf 65' lang='grc' dir='ltr'>καὶ</span> <span class='ocrx_word' id='word_1_801' title='bbox 3015 5098 3322 5159; x_wconf 79' lang='grc' dir='ltr'>συνθέτοις,</span> <span class='ocrx_word' id='word_1_802' title='bbox 3363 5095 3396 5164; x_wconf 81' lang='grc' dir='ltr'><strong>ἢ</strong></span> <span class='ocrx_word' id='word_1_803' title='bbox 3449 5093 3622 5154; x_wconf 83' lang='grc' dir='ltr'>ἄλλως</span> <span class='ocrx_word' id='word_1_804' title='bbox 3673 5104 3788 5151; x_wconf 82' lang='grc' dir='ltr'>πως</span> 
     </span>
    </p>
   </div>
   <div class='ocr_carea' id='block_1_112' title="bbox 2203 5182 3791 5264">
    <p class='ocr_par' dir='ltr' id='par_1_112' title="bbox 2203 5182 3791 5264">
     <span class='ocr_line' id='line_1_112' title="bbox 2203 5182 3791 5264; baseline -0.011 -14"><span class='ocrx_word' id='word_1_805' title='bbox 2203 5198 2474 5259; x_wconf 87' lang='grc' dir='ltr'>ποικίλοις</span> <span class='ocrx_word' id='word_1_806' title='bbox 2516 5192 2756 5264; x_wconf 87' lang='grc' dir='ltr'>γεγονὼς</span> <span class='ocrx_word' id='word_1_807' title='bbox 2805 5193 2833 5244; x_wconf 86' lang='grc' dir='ltr'><strong>ό</strong></span> <span class='ocrx_word' id='word_1_808' title='bbox 2883 5192 3009 5253; x_wconf 89' lang='grc' dir='ltr'>νοῦς</span> <span class='ocrx_word' id='word_1_809' title='bbox 3053 5191 3370 5261; x_wconf 79' lang='grc' dir='ltr'>πράγμασι,</span> <span class='ocrx_word' id='word_1_810' title='bbox 3407 5186 3622 5257; x_wconf 73' lang='grc' dir='ltr'>πρῶτον</span> <span class='ocrx_word' id='word_1_811' title='bbox 3659 5182 3791 5235; x_wconf 83' lang='grc' dir='ltr'>θεω-</span> 
     </span>
    </p>
   </div>
   <div class='ocr_carea' id='block_1_113' title="bbox 2207 5274 3793 5359">
    <p class='ocr_par' dir='ltr' id='par_1_113' title="bbox 2207 5274 3793 5359">
     <span class='ocr_line' id='line_1_113' title="bbox 2207 5274 3793 5359; baseline -0.01 -19"><span class='ocrx_word' id='word_1_812' title='bbox 2207 5290 2311 5359; x_wconf 82' lang='grc' dir='ltr'>ρεῖ,</span> <span class='ocrx_word' id='word_1_813' title='bbox 2367 5285 2586 5340; x_wconf 78' lang='grc' dir='ltr'>κᾶπειθ’</span> <span class='ocrx_word' id='word_1_814' title='bbox 2638 5284 2781 5339; x_wconf 77' lang='grc' dir='ltr'>οὕτω</span> <span class='ocrx_word' id='word_1_815' title='bbox 2817 5283 3110 5338; x_wconf 83' lang='grc' dir='ltr'>διανοεῖται</span> <span class='ocrx_word' id='word_1_816' title='bbox 3168 5279 3602 5348; x_wconf 79' lang='grc' dir='ltr'>ποικιλλόμενος.</span> <span class='ocrx_word' id='word_1_817' title='bbox 3658 5274 3793 5327; x_wconf 82' lang='grc' dir='ltr'>Καί-</span> 
     </span>
    </p>
   </div>
   <div class='ocr_carea' id='block_1_114' title="bbox 2177 5365 3793 5449">
    <p class='ocr_par' dir='ltr' id='par_1_114' title="bbox 2177 5365 3793 5449">
     <span class='ocr_line' id='line_1_114' title="bbox 2177 5365 3793 5449; baseline -0.011 -13"><span class='ocrx_word' id='word_1_818' title='bbox 2177 5365 2182 5370; x_wconf 26' lang='grc'>.</span> <span class='ocrx_word' id='word_1_819' title='bbox 2206 5398 2398 5435; x_wconf 87' lang='grc' dir='ltr'>πουτοι</span> <span class='ocrx_word' id='word_1_820' title='bbox 2422 5383 2480 5433; x_wconf 87' lang='grc' dir='ltr'>ὲν</span> <span class='ocrx_word' id='word_1_821' title='bbox 2513 5382 2803 5449; x_wconf 84' lang='grc' dir='ltr'>πράγματι</span> <span class='ocrx_word' id='word_1_822' title='bbox 2832 5376 3092 5437; x_wconf 67' lang='grc' dir='ltr'>πολλάκις</span> <span class='ocrx_word' id='word_1_823' title='bbox 3118 5372 3400 5443; x_wconf 69' lang='grc' dir='ltr'>ὲνὶ,ἐῦροι</span> <span class='ocrx_word' id='word_1_824' title='bbox 3427 5372 3491 5424; x_wconf 81' lang='grc' dir='ltr'>ἂν</span> <span class='ocrx_word' id='word_1_825' title='bbox 3519 5369 3617 5421; x_wconf 79' lang='grc' dir='ltr'>οὐκ</span> <span class='ocrx_word' id='word_1_826' title='bbox 3636 5366 3793 5433; x_wconf 83' lang='grc' dir='ltr'>ὀλίγα</span> 
     </span>
    </p>
   </div>
   <div class='ocr_carea' id='block_1_115' title="bbox 2204 5459 3796 5542">
    <p class='ocr_par' dir='ltr' id='par_1_115' title="bbox 2204 5459 3796 5542">
     <span class='ocr_line' id='line_1_115' title="bbox 2204 5459 3796 5542; baseline -0.01 -16"><span class='ocrx_word' id='word_1_827' title='bbox 2204 5473 2477 5542; x_wconf 85' lang='grc' dir='ltr'>νοήματα.</span> <span class='ocrx_word' id='word_1_828' title='bbox 2510 5471 2599 5524; x_wconf 83' lang='grc' dir='ltr'>Ἑν</span> <span class='ocrx_word' id='word_1_829' title='bbox 2623 5470 2679 5523; x_wconf 86' lang='grc' dir='ltr'><strong>δέ</strong></span> <span class='ocrx_word' id='word_1_830' title='bbox 2696 5487 2758 5536; x_wconf 86' lang='grc' dir='ltr'>γε</span> <span class='ocrx_word' id='word_1_831' title='bbox 2782 5472 2848 5540; x_wconf 82' lang='grc' dir='ltr'>τῇ</span> <span class='ocrx_word' id='word_1_832' title='bbox 2879 5469 3054 5538; x_wconf 76' lang='grc' dir='ltr'>ἑνικῇ,</span> <span class='ocrx_word' id='word_1_833' title='bbox 3076 5468 3170 5519; x_wconf 75' lang='grc' dir='ltr'>καὶ</span> <span class='ocrx_word' id='word_1_834' title='bbox 3198 5463 3465 5536; x_wconf 87' lang='grc' dir='ltr'>μονοειδεῖ</span> <span class='ocrx_word' id='word_1_835' title='bbox 3488 5460 3673 5534; x_wconf 76' lang='grc' dir='ltr'>ἐκείνῃ</span> <span class='ocrx_word' id='word_1_836' title='bbox 3701 5459 3796 5512; x_wconf 73' lang='grc' dir='ltr'>καὶ</span> 
     </span>
    </p>
   </div>
   <div class='ocr_carea' id='block_1_116' title="bbox 2207 5551 3798 5634">
    <p class='ocr_par' dir='ltr' id='par_1_116' title="bbox 2207 5551 3798 5634">
     <span class='ocr_line' id='line_1_116' title="bbox 2207 5551 3798 5634; baseline -0.009 -17"><span class='ocrx_word' id='word_1_837' title='bbox 2207 5564 2479 5634; x_wconf 80' lang='grc' dir='ltr'>ἐνδοτάτῳ</span> <span class='ocrx_word' id='word_1_838' title='bbox 2539 5562 2660 5633; x_wconf 79' lang='grc' dir='ltr'>θείᾳ</span> <span class='ocrx_word' id='word_1_839' title='bbox 2715 5562 3178 5631; x_wconf 70' lang='grc' dir='ltr'>ἀποκρυφιότητι,</span> <span class='ocrx_word' id='word_1_840' title='bbox 3237 5556 3510 5610; x_wconf 83' lang='grc' dir='ltr'>ἀνατείνει</span> <span class='ocrx_word' id='word_1_841' title='bbox 3553 5553 3650 5624; x_wconf 82' lang='grc' dir='ltr'>μὲν</span> <span class='ocrx_word' id='word_1_842' title='bbox 3702 5551 3798 5605; x_wconf 79' lang='grc' dir='ltr'>καὶ</span> 
     </span>
    </p>
   </div>
   <div class='ocr_carea' id='block_1_117' title="bbox 2206 5644 3799 5727">
    <p class='ocr_par' dir='ltr' id='par_1_117' title="bbox 2206 5644 3799 5727">
     <span class='ocr_line' id='line_1_117' title="bbox 2206 5644 3799 5727; baseline -0.011 -13"><span class='ocrx_word' id='word_1_843' title='bbox 2206 5659 2440 5714; x_wconf 87' lang='grc' dir='ltr'>ἀναπλοί</span> <span class='ocrx_word' id='word_1_844' title='bbox 2468 5658 2529 5711; x_wconf 72' lang='grc' dir='ltr'>τὸ</span> <span class='ocrx_word' id='word_1_845' title='bbox 2559 5656 2897 5727; x_wconf 84' lang='grc' dir='ltr'>θεωρητικὸν</span> <span class='ocrx_word' id='word_1_846' title='bbox 2926 5655 3190 5725; x_wconf 73' lang='grc' dir='ltr'>σφέτερον</span> <span class='ocrx_word' id='word_1_847' title='bbox 3216 5652 3287 5721; x_wconf 78' lang='grc' dir='ltr'>ὀμ</span> <span class='ocrx_word' id='word_1_848' title='bbox 3297 5668 3392 5721; x_wconf 84' lang='grc' dir='ltr'><strong>μα,</strong></span> <span class='ocrx_word' id='word_1_849' title='bbox 3425 5651 3520 5702; x_wconf 77' lang='grc' dir='ltr'>καὶ</span> <span class='ocrx_word' id='word_1_850' title='bbox 3544 5650 3609 5717; x_wconf 80' lang='grc' dir='ltr'>τῇ</span> <span class='ocrx_word' id='word_1_851' title='bbox 3637 5644 3799 5700; x_wconf 80' lang='grc' dir='ltr'>ἁπλό-</span> 
     </span>
    </p>
   </div>
   <div class='ocr_carea' id='block_1_118' title="bbox 2206 5740 3795 5822">
    <p class='ocr_par' dir='ltr' id='par_1_118' title="bbox 2206 5740 3795 5822">
     <span class='ocr_line' id='line_1_118' title="bbox 2206 5740 3795 5822; baseline -0.008 -17"><span class='ocrx_word' id='word_1_852' title='bbox 2206 5770 2331 5822; x_wconf 81' lang='grc' dir='ltr'>τητι</span> <span class='ocrx_word' id='word_1_853' title='bbox 2382 5753 2480 5821; x_wconf 84' lang='grc' dir='ltr'>τῆς</span> <span class='ocrx_word' id='word_1_854' title='bbox 2525 5750 2678 5813; x_wconf 84' lang='grc' dir='ltr'>θείας</span> <span class='ocrx_word' id='word_1_855' title='bbox 2728 5748 2902 5819; x_wconf 77' lang='grc' dir='ltr'>αὐγῆς</span> <span class='ocrx_word' id='word_1_856' title='bbox 2957 5748 3400 5817; x_wconf 71' lang='grc' dir='ltr'>καταλάμπεται.</span> <span class='ocrx_word' id='word_1_857' title='bbox 3450 5743 3687 5796; x_wconf 84' lang='grc' dir='ltr'>’Ἱῐκιστα</span> <span class='ocrx_word' id='word_1_858' title='bbox 3740 5740 3795 5792; x_wconf 78' lang='grc' dir='ltr'>δὲ</span> 
     </span>
    </p>
   </div>
   <div class='ocr_carea' id='block_1_119' title="bbox 2210 5832 3793 5916">
    <p class='ocr_par' dir='ltr' id='par_1_119' title="bbox 2210 5832 3793 5916">
     <span class='ocr_line' id='line_1_119' title="bbox 2210 5832 3793 5916; baseline -0.006 -19"><span class='ocrx_word' id='word_1_859' title='bbox 2210 5846 2323 5916; x_wconf 74' lang='grc' dir='ltr'><strong>ἔχει</strong></span> <span class='ocrx_word' id='word_1_860' title='bbox 2346 5843 2678 5898; x_wconf 82' lang='grc' dir='ltr'>διανοεῖσθαι</span> <span class='ocrx_word' id='word_1_861' title='bbox 2703 5842 3073 5914; x_wconf 79' lang='grc' dir='ltr'>διατιθέμενος</span> <span class='ocrx_word' id='word_1_862' title='bbox 3097 5856 3113 5872; x_wconf 79' lang='lat'><strong>&#39;</strong></span> <span class='ocrx_word' id='word_1_863' title='bbox 3138 5838 3397 5913; x_wconf 69' lang='grc' dir='ltr'>ἐκφεύγει</span> <span class='ocrx_word' id='word_1_864' title='bbox 3426 5836 3533 5911; x_wconf 71' lang='grc' dir='ltr'><strong>γὰρ</strong></span> <span class='ocrx_word' id='word_1_865' title='bbox 3619 5832 3793 5895; x_wconf 73' lang='grc' dir='ltr'>ἐνιαία</span> 
     </span>
    </p>
   </div>
  </div>
