4058 6452
352 309 476 372 ’889

1503 319 1599 378 DE
1642 270 1811 379 mli
1857 318 2523 393 CONTEMPMTli-‘A.

3520 344 3635 407 8'30

363 432 605 502 ἁπλότης
634 431 735 503 τὴν
766 431 960 504 νοερᾶιν
993 430 1209 486 οἱανοῦν
1258 429 1580 501 μετάϐασιν,
1628 430 1661 502 ἢ
1698 432 1972 504 ποικίληνᾹ

2059 441 2139 492 'cr
2178 459 2298 511 qum
2342 446 2623 503 silentium
2656 459 2873 506 exercet
2904 467 3058 509 mens
3090 455 3413 511 naturaliter
3445 468 3495 513 et
3531 476 3630 515 ora

362 526 626 586 διάθεσιν,
682 526 772 579 καὶ
811 528 843 597 ἡ
893 528 1216 598 κρυφιότης,
1265 524 1328 577 τὸ
1369 525 1418 578 τί
1446 544 1576 579 ποτε
1601 526 1954 596 διανοηθέντα

2059 543 2103 588 ct
2133 547 2342 604 mentc;
2373 550 2424 594 et
2460 542 2513 593 in
2565 542 3010 612 gloriosissimam
3068 562 3232 600 unam
3284 558 3335 603 et
3384 550 3626 607 divinam

366 621 540 671 εἰπεῖν
572 619 813 673 διαθέσει
850 622 947 672 καὶ
982 621 1234 691 στόματι.
1270 623 1351 674 Δι’
1388 621 1424 676 ἀ
1454 622 1518 690 δὴ
1552 621 1763 691 σιωπὴν
1794 621 1959 674 ἀσκεῖ

2051 627 2442 686 obscuritatem
2471 643 2757 705 postquam
2794 637 2956 691 homo
3022 640 3375 710 spiritttalitcr
3433 648 3628 703 coniun

368 710 620 778 φυσικῶς
650 710 746 763 καὶ
781 711 1036 780 στόματι,
1070 713 1163 765 καὶ
1196 710 1299 779 νοτ,
1341 713 1398 765 ἐν
1431 715 1496 782 τῇ
1546 713 1699 783 ἑνικῇ
1747 712 1957 778 ἑνδοξο-
2049 722 2147 793 git,

366 797 512 867 τάτῳ
544 796 667 869 θείᾳ
711 798 1150 872 ἀποκρυφιότητι
1202 801 1406 873 νοερῶς
1436 803 1725 874 ἄνθρωπος
1765 803 1956 856 ἀναδε-

365 890 688 961 δραμηκὼςο

442 980 555 1050 μη’.
600 980 870 1055 ὐπηνίκα
925 985 959 1053 ἠ
1014 984 1230 1057 στροφὴ·
1257 984 1351 1039 τοῦ
1391 986 1512 1051 νοὸς
1562 986 1727 1059 νεύσῃ
1761 987 1962 1052 ὑλικῶς

369 1074 460 1126 ἐπὶ
488 1074 579 1126 τὸν
606 1073 761 1137 Θεὸν,
793 1078 886 1128 καὶ
922 1077 1206 1148 καταποθῇ
1236 1077 1297 1130 τὸ
1331 1077 1571 1147 θεωροῦν
1623 1078 1790 1133 αὑτοῦ
1839 1084 1964 1145 ταῖς

370 1163 471 1233 ωῦ
498 1164 642 1219 θείου
668 1166 899 1232 κάλλους
927 1170 1386 1240 παμφαεστάταις
1413 1171 1619 1231 ἀκτῖσι,
1660 1172 1757 1225 καὶ
1788 1173 1965 1242 ἀσχη-

374 1256 653 1326 ματίστως
714 1259 795 1322 είς
844 1259 944 1330 τὴν
1002 1259 1098 1313 τοῦ
1160 1259 1485 1330 ἀποκρύφου
1544 1261 1663 1326 ἑνὸς
1719 1263 1963 1318 ἀνειδέου

371 1351 572 1423 ἀνέλθῃ
600 1352 883 1422 ἁπλότητα
925 1354 1018 1407 καὶ
1049 1354 1352 1423 ἀοριστίαν,
1386 1354 1482 1407 καὶ
1539 1354 1767 1427 γένηται
1796 1356 1961 1421 αὑτὸς

373 1443 551 1514 ἑαυτῷ
582 1442 664 1506 ἓν,
705 1446 770 1514 τῇ
799 1445 936 1515 πρὸς
964 1443 1024 1497 τδ
1056 1443 1113 1496 ἒν
1141 1443 1339 1497 ἑαυτοῦ
1384 1445 1671 1507 ἀνατάσει,
1704 1446 1799 1498 καὶ
1829 1447 1967 1499 ἀπο-

374 1535 564 1606 ϐλέψει
594 1539 651 1589 ὲν
683 1537 939 1609 ἐπιπνοίᾳ
980 1536 1076 1590 τοῦ
1112 1537 1452 1608 Πνεῦματος,
1488 1536 1551 1590 τὸ
1572 1538 1830 1608 τηνικάδε
1864 1538 1971 1608 τῆς

375 1627 686 1699 νηπιιὺδους
717 1628 965 1698 γίγνεταί
1017 1628 1234 1701 τρανῶς
1284 1629 1708 1695 καταστάσεως,
1744 1629 1878 1682 αὐτὸ
1904 1629 1968 1683 τὺ

376 1725 632 1793 φρονεῖν,
667 1722 764 1776 καὶ
803 1722 902 1793 τῆς
941 1722 1037 1775 τοῦ
1086 1722 1225 1775 Θεοῦ
1272 1722 1552 1794 βασιλείας
1584 1722 1680 1777 τοῦ
1722 1724 1965 1795 ἀρρήτου

374 1816 468 1866 καὶ
504 1811 820 1885 ὑπερφυοῦς
846 1813 1095 1881 γεύεται,
1123 1815 1265 1867 κατὰ
1293 1814 1387 1868 τὸν
1412 1813 1508 1868 τοῦ
1549 1815 1756 1886 Κυρίου
1785 1815 1961 1885 λόγον,

380 1923 398 1954 ι
450 1904 581 1957 Ἐὰν
629 1904 1041 1975 μὴιστραῴῆτε,
1078 1905 1327 1973 λέγοντα,
1369 1906 1465 1958 καὶ
1508 1906 1740 1976 γένησθε
1785 1906 1860 1970 ὡς
1900 1909 1968 1962 τὰ

376 1996 585 2062 παιδία,
619 1997 679 2050 οὐ
716 1999 791 2066 μὴ
824 1997 1106 2066 εἰσέλθητε
1140 2001 1218 2060 εἰς
1248 1999 1349 2067 τὴν
1389 1997 1672 2067 βασιλείαν
1716 2000 1827 2051 τῶν
1875 2002 1969 2053 ct)-

384 2090 580 2160 ρανῶν.
640 2108 658 2141 ι
710 2090 1003 2152 Ἀπόλυτος
1045 2090 1155 2161 γὰρ
1186 2091 1343 2155 τότε,
1379 2091 1476 2144 καὶ
1525 2091 1754 2161 ἄσχετος
1788 2095 1966 2165 πάντη

383 2187 448 2237 ὲκ
500 2185 716 2238 πάντων
748 2186 776 2237 ό
833 2183 957 2247 νοῦς
987 2183 1420 2237 ἀποκαθίσταται
1465 2184 1649 2252 πάσης
1688 2183 1966 2251 γνώσεως,

388 2276 744 2332 παντοιασοῦν
798 2278 1061 2347 νοήσεως,
1114 2278 1208 2331 καὶ
1260 2278 1443 2346 πάσης
1494 2276 1829 2341 συνθέσεως,
1871 2280 1969 2345 καὶ

388 2369 665 2432 ποικιλίας
718 2370 845 2432 τοὺς
894 2370 1053 2440 ὄρους
1115 2368 1653 2439 ὑπεραναϐεϐηκὼς,
1689 2371 1785 2424 καὶ
1836 2373 1972 2426 ἀνα-

383 2464 694 2533 τεινόμενος
736 2464 817 2526 είς
848 2465 909 2517 τὸ
938 2461 1282 2530 ἄφθεγκτον,
1318 2464 1412 2516 καὶ
1443 2462 1585 2533 ὑπὲρ
1634 2463 1759 2516 νοῦν
1794 2465 1973 2533 ἀγνω-

383 2575 507 2612 στον
534 2574 547 2588 ’
580 2558 702 2611 ὅθεν
732 2558 871 2626 δῆτα
898 2558 995 2611 καλ¹
1030 2557 1242 2628 σιωπὴν
1273 2556 1398 2625 ἄγει
1440 2555 1706 2625 φυσικῶς,
1738 2557 1827 2612 διὰ
1870 2558 1971 2628 τὴν

382 2649 443 2708 οὑ
470 2646 630 2717 μόνον
654 2646 797 2718 ὑπὲρ
822 2646 1001 2715 λόγον,
1031 2647 1167 2699 ἀλλὰ
1189 2648 1283 2700 καὶ
1307 2648 1450 2719 ὑπὲρ
1472 2648 1666 2720 νοερὰν
1689 2649 1971 2719 ἐνέργειαν

384 2741 657 2811 σφετέραν
706 2740 1063 2804 κατάστασιν,
1110 2740 1344 2811 ἔχουσαν
1383 2740 1522 2811 μετά
1571 2740 1665 2793 τοῦ
1712 2742 1970 2811 κρυφίου,

382 2835 476 2889 καὶ
506 2834 770 2899 ἀνειδέου,
817 2834 878 2887 τὸ
907 2835 1205 2905 ὑπερφυὲς,
1240 2834 1335 2888 καὶ
1386 2833 1601 2905 χαρίεν,
1645 2835 1738 2886 καὶ
1772 2834 1969 2903 γλυκὺ,

381 2928 504 2980 ὅσον
542 2928 622 2989 εἰς
656 2926 850 2997 νοεράν
883 2927 1207 2980 ἀπόλαυσιν.

458 3019 565 3092 μθ’.
631 3022 722 3075 Ἐν
780 3021 911 3075 εῖδει
958 3020 1036 3091 τῷ
1074 3006 1323 3090 ἀνειδὲῳ,
1386 3019 1481 3072 καὶ
1536 3020 1972 3091 ὑπερφαεστάτῳ

385 3116 555 3187 ἀῦλῳ,
616 3117 713 3169 καὶ
749 3114 1032 3186 ἀσυνθέτῳ
1073 3114 1280 3174 κάλλει.
1315 3116 1410 3167 καὶ
1446 3114 1726 3185 προσώπῳ
1772 3113 2022 3204 ἁπλουσο

388 3210 567 3280 στάτῳ
593 3209 683 3262 τόν
706 3209 839 3261 Θεὸν
862 3206 1160 3279 θεωροῦσιν
1181 3207 1231 3259 οί
1264 3206 1593 3277 θεωρητικοὶ
1620 3207 1866 3269 ὲνοειδῶς
1890 3206 1971 3274 ἓν,

387 3303 637 3373 ἀπείροις
693 3300 940 3370 ἀγαθοῖς,
1006 3303 1510 3371 περιεστεμμένον,
1578 3300 1972 3370 ἀναριθμήτοις

387 3393 572 3455 καλοῖς
605 3390 1103 3463 κατηγλαῖσμένον,
1139 3390 1458 3459 φωτοειδέσι
1498 3389 1783 3454 καλλοναῖς
1818 3392 1975 3444 ἀκτι-

387 3485 604 3548 νοειδῶς
648 3484 838 3554 ὥσπερ
886 3484 1330 3555 περιαυγάξοντα
1383 3483 1508 3538 νοῦν
1546 3482 1759 3548 πάντα,
1817 3482 1974 3537 ὅλόον

389 3576 627 3647 ἄρρητον
681 3575 775 3630 καὶ
810 3576 1233 3646 ἀνεκδιήγητον·
1274 3576 1496 3644 ἀγαθῶν
1526 3578 1621 3630 καὶ
1648 3574 1831 3628 καλῶν
1868 3592 1977 3646 πη-

390 3666 574 3732 γαίαν,
614 3665 879 3734 ἀφθονίαν
909 3666 1322 3736 ἀπειρόὸλυτον,
1371 3665 1466 3719 καὶ
1517 3665 1770 3731 ἀένναον,
1813 3663 1975 3734 δόξης

390 3757 665 3827 θησαυρὸν
695 3757 1053 3825 ὑπέραντλον,
1081 3755 1225 3809 ἀητύθ
1236 3773 1457 3825 μαντον,
1491 3756 1764 3809 ἀκένωτον
1789 3773 1803 3786 ο
1838 3756 1971 3809 πολ-

396 3849 490 3917 ιῆς
550 3848 633 3901 ὃτι
693 3849 931 3919 μάλιστα
999 3848 1287 3919 τερπωλῆς
1340 3848 1799 3920 ὑπερπληροῦντα
1847 3847 1974 3909 τοὺς

401 3941 745 4010 ινομμάτους
800 3941 973 4003 νόπις·
1012 3941 1189 4012 χαρᾶς
1246 3956 1307 3991 τε
1363 3942 1460 3992 καὶ
1524 3939 1795 4009 θυμηδίας
1851 3938 1972 4008 μετ’

393 4034 733 4105 εὐφροσύνης
764 4034 1044 4104 ἀκηράτου
1090 4034 1233 4087 κατά
1262 4033 1389 4104 ῥοῦν
1420 4033 1709 4104 ἀείρρυτον
1756 4030 1975 4102 προϊού-

392 4143 490 4195 σης
524 4125 800 4196 μυστικῶς
829 4129 893 4178 ἐκ
922 4126 1020 4196 τῆς
1052 4126 1203 4188 θείας
1246 4126 1459 4197 ἐκείνης
1508 4126 1603 4179 καὶ
1662 4122 1969 4193 ὑπερφυοῦς

390 4218 595 4282 ενάδος,
629 4220 728 4286 τῆς
764 4221 821 4271 ὲν
852 4218 1031 4289 ἀδύτῳ
1063 4219 1467 4289 ὑπερκειμένης
1499 4217 1972 4289 ἀποκρυφιότητι’

390 4315 471 4369 ἔτι
502 4330 561 4365 τε
593 4311 778 4382 ἡλίκον
812 4311 908 4364 καὶ
952 4313 1078 4363 ὅσον
1112 4308 1521 4380 ἀνεξιχνίαστον
1553 4310 1841 4380 προχεῖται
1872 4307 1976 4361 πέ-

389 4407 552 4474 λαγος
579 4404 638 4469 ἐξ
667 4402 884 4473 ἐκείνης
916 4403 1312 4473 ἀπερίληπτον,
1342 4402 1711 4473 χρηστότητος
1741 4402 1972 4471 ἀφάτου,

2122 970 2213 1025 48.
2252 970 2483 1037 Quando
2519 977 2717 1031 mentis
2749 981 3033 1034 conversio
3078 999 3304 1051 prorsus
3352 988 3417 1040 ad
3458 989 3625 1044 Deum
3656 1026 3668 1081 γ

2056 1063 2248 1126 tendit.
2277 1075 2332 1118 et
2359 1066 2509 1136 cupit
2546 1082 2671 1122 eum
2704 1074 3061 1143 contemplari
3098 1075 3295 1131 divina:
3324 1081 3627 1147 pulebritu-

2054 1157 2198 1210 tiinis
2228 1158 2637 1225 splendentibus
2660 1162 2828 1218 radiis
2851 1163 3121 1220 iliustrata
3153 1178 3205 1221 et
3234 1170 3284 1220 in
3316 1172 3627 1228 abseonditi

2052 1260 2118 1301 ac
2163 1247 2429 1315 simplicis
2462 1249 2627 1304 unius
2677 1250 3077 1318 simplicitatem
3131 1266 3185 1311 et
3227 1258 3628 1316 inﬁnitudinem

2054 1341 2389 1406 pervenerit,
2416 1350 2470 1396 et
2492 1343 2609 1412 ipsa
2639 1345 2753 1399 sibi
2776 1347 2876 1415 ipsi
2914 1364 3082 1402 unum
3111 1349 3304 1405 eﬁ‘ecta
3339 1353 3503 1409 fuerit
3527 1371 3626 1411 sua

2054 1431 2119 1484 ad
2149 1431 2276 1486 illud
2299 1449 2467 1488 unum
2487 1436 2764 1490 tendentia
2789 1449 2841 1493 et
2860 1450 3077 1507 aspectu
3104 1442 3157 1497 in
3183 1444 3409 1512 spiritus
3431 1449 3635 1518 cogita-

2057 1524 2229 1590 tione,
2263 1533 2396 1582 tunc
2425 1528 2715 1584 manifeste
2749 1531 2999 1602 silentem
3051 1535 3198 1590 hunc
3244 1546 3445 1593 statum
3481 1555 3635 1595 asse-

2054 1627 2179 1671 cuta
2210 1626 2318 1682 est,
2369 1634 2563 1689 nempe
2603 1621 2781 1691 ipsum
2816 1626 3127 1692 concipere,
3163 1637 3215 1681 et
3259 1645 3485 1700 regnum
3537 1633 3633 1688 Dci

2057 1709 2333 1767 inell'abile
2383 1727 2449 1768 ac
2486 1717 2901 1783 super-naturale
2950 1728 3156 1789 gustat,
3207 1721 3361 1788 juxta
3414 1705 3629 1779 Domini

2057 1803 2320 1859 verbum:
2359 1824 2378 1856 ι
2423 1806 2527 1861 nisi
2561 1811 2810 1865 conversi
2838 1810 3049 1868 fueritis
3077 1821 3130 1869 et
3155 1815 3462 1871 eﬁiciamini
3491 1818 3636 1873 sicut

2054 1896 2291 1965 parvuli,
2345 1912 2456 1953 non
2513 1900 2793 1958 intrabitis
2862 1903 2933 1957 iu'
2976 1922 3203 1976 rcgnum
3275 1910 3563 1966 ccelorum.
3608 1930 3651 1964 ι.

2052 1988 2321 2045 Absoluta
2356 1992 2502 2045 enim
2530 2002 2660 2047 tunc
2688 2004 2871 2049 etnon
2896 1999 3137 2052 cohibita
3170 2000 3239 2052 ab
3266 2002 3414 2056 omni
3446 2005 3634 2074 cogni-

2052 2087 2198 2141 tione
2217 2098 2277 2143 se
2297 2095 2560 2149 removet,
2578 2096 2633 2141 et
2655 2102 2681 2140 a
2702 2090 2943 2158 qualibet
2965 2092 3315 2161 cogitatione,
3334 2104 3386 2149 et
3403 2096 3632 2151 diversi-

2055 2178 2187 2233 tatis
2218 2182 2483 2233 terminos
2530 2181 2927 2238 transcendens
2954 2194 3005 2239 et
3036 2187 3102 2240 ad
3137 2173 3413 2243 ineﬁ'abile
3454 2204 3635 2259 neque

2054 2269 2321 2325 noscibile
2350 2285 2410 2325 se
2443 2270 2625 2326 ferens
2668 2277 2813 2341 quod
2858 2284 2942 2329 est
2972 2291 3136 2345 supra
3184 2289 3445 2340 mentem.
3490 2282 3635 2333 unde
3710 2318 3723 2327 ε

2054 2376 2188 2417 sane
2218 2372 2271 2417 et
2301 2362 2582 2418 silentium
2633 2368 2957 2423 naturaliter
2991 2371 3101 2439 agit
3148 2387 3243 2439 per
3267 2388 3390 2426 eum
3422 2373 3513 2440 qui
3551 2381 3635 2426 est

2056 2469 2164 2509 non
2198 2457 2358 2511 modo
2386 2472 2553 2527 supra
2578 2459 2871 2529 rationem,
2897 2465 2987 2518 sed
3013 2475 3067 2519 et
3098 2482 3264 2536 super
3294 2466 3632 2534 spiritualem

2055 2547 2377 2615 elIicaciam,
2404 2558 2607 2606 statum
2644 2553 2953 2617 habentem.
2988 2573 3093 2612 una
3124 2572 3249 2612 cum
3274 2559 3368 2613 illo
3403 2561 3636 2614 abscon-

2057 2640 2172 2695 dito
2197 2654 2263 2696 ac
2291 2642 2560 2713 simplice.
2580 2647 3010 2716 'supernatnrale
3044 2660 3099 2705 et
3124 2661 3338 2720 gratum
3373 2659 3425 2707 ct
3456 2654 3635 2718 dulce,

2054 2742 2319 2802 quantum
2348 2750 2577 2793 necesse
2600 2748 2684 2793 est
2715 2740 2780 2795 ad
2811 2742 3146 2811 spiritualem
3180 2745 3507 2803 fruitionem.

2125 3013 2217 3069 49.
2260 3013 2318 3068 ln
2352 3013 2528 3071 forma
2565 3015 2687 3070 sine
2712 3015 2885 3071 forma
2915 3028 2967 3075 et
2999 3033 3166 3089 super
3192 3019 3639 3088 splendidissimo

2058 3107 2405 3162 imtnateriali
2436 3113 2490 3163 et
2518 3107 2927 3178 simplicissime
2974 3112 3126 3166 vultu
3168 3111 3339 3167 Deum
3386 3123 3638 3169 contem-

2057 3199 2277 3266 plantur
2324 3201 2735 3270 contemplativi
2777 3201 3127 3260 ttnil‘oriniter
3175 3222 3366 3267 llllllm,
3406 3207 3639 3261 inﬁnitis

2058 3289 2217 3345 bonis
2270 3291 2698 3358 circumdatum,
2756 3293 3074 3349 innumcris‘
3138 3297 3641 3367 pulchritudinibus

2060 3381 2416 3447 illustratum,
2460 3383 2654 3439 lucidis
2703 3385 2871 3442 radiis
2929 3387 3274 3457 splendidum
3324 3398 3378 3443 et
3420 3404 3640 3445 omnem

2060 3484 2297 3532 mentem
2346 3476 2471 3531 luce
2514 3475 2878 3548 perfundens,
2927 3478 3231 3536 incﬁ'abiles
3277 3490 3329 3535 et
3361 3481 3644 3536 inenarra~

2059 3567 2196 3625 biles
2246 3569 2509 3636 divitias;
2561 3571 2833 3627 bonorum
2889 3580 2943 3628 et
2993 3574 3351 3642 pulchrorum
3411 3574 3642 3639 fontem,

2060 3663 2329 3719 inﬁnitam
2360 3663 2749 3720 abundantiam
2794 3676 3063 3735 perpetuo
3095 3668 3355 3722 ﬂuentem
3403 3678 3456 3723 et
3486 3677 3645 3723 teter-

2057 3769 2206 3819 nam,
2222 3755 2407 3825 gloriae
2426 3754 2740 3811 thesaurum
2762 3757 3137 3827 plenissimum
3156 3767 3212 3811 et
3229 3758 3639 3825 inexhaustum,

2059 3847 2297 3917 plurimo
2324 3847 2523 3918 gaudio
2552 3849 2847 3918 replentem
2883 3858 3095 3903 mentes
3125 3850 3245 3904 sine
3272 3850 3469 3912 oculis.
3506 3851 3641 3904 l:eti~

2060 3925 2133 3993 tia
2167 3948 2222 3994 et
2251 3939 2622 3994 exsultatione
2653 3956 2775 3994 cum
2816 3941 3059 3996 immisto
3091 3958 3259 3997 scnsu
3308 3944 3407 3996 hac
3457 3945 3643 3998 divina
3696 3972 3701 3975 -

2057 4041 2108 4085 et
2139 4031 2544 4099 supernaturali
2577 4030 2789 4086 unitate
2817 4031 3051 4087 libenter
3076 4048 3135 4088 se
3158 4032 3493 4096 eﬁundente,
3526 4035 3641 4099 illa,

2057 4140 2181 4192 qum
2213 4125 2264 4177 in
2298 4125 2584 4180 inaccessa
2613 4124 2946 4179 obscuritate
2976 4123 3142 4192 jacet.
3178 4125 3234 4180 Vi
3261 4129 3373 4180 ient
3426 4143 3646 4197 quoque

2057 4227 2322 4284 quantttm
2364 4224 2484 4285 post
2536 4217 3013 4288 investigationem
3076 4218 3440 4285 profundatur
3491 4236 3645 4277 mare

2056 4323 2123 4362 ex
2152 4310 2240 4363 illa
2267 4308 2568 4373 inﬁnitum,
2591 4324 2657 4363 ex
2682 4309 2799 4371 illa,
2826 4308 3071 4379 inquam,
3098 4309 3357 4366 ineffabili
3397 4312 3644 4383 bonitate

2058 4415 2113 4458 et
2142 4403 2517 4472 inexplicabili
2547 4403 2818 4458 charitate
2846 4412 2901 4458 et
2925 4405 3273 4474 providentia
3299 4406 3644 4463 inSt-rutabili

390 4497 486 4551 καὶ
518 4496 740 4565 ἀγάπης
776 4494 1187 4565 ἀνερμηνεύτου
1213 4536 1228 4559 ,
1257 4495 1354 4547 καὶ
1389 4492 1731 4563 προμηθείας
1784 4494 1972 4545 ἀνεπι-

2062 4497 2116 4551 in
2162 4496 2376 4551 inﬁnita
2427 4498 2695 4567 potentia,
2746 4503 2800 4551 et
2851 4496 3112 4553 ineﬁ'abili
3165 4500 3474 4568 sapientia;
3524 4518 3647 4571 quae

390 4590 581 4659 νοήτου
616 4590 673 4642 ὲν
703 4587 929 4656 δυνάμει
957 4587 1217 4657 ἀορίστῳ,
1250 4589 1343 4639 καὶ
1372 4586 1535 4655 σοφίᾳ
1561 4585 1847 4656 ἀφράστῳ,
1879 4586 1977 4638 καὶ

391 4680 646 4747 ἀγγέλοις
718 4680 814 4731 καὶ
845 4679 1029 4740 αὐτοῖς
1061 4678 1316 4747 Σεραφὶμ
1347 4679 1699 4747 ἀπερινόητα,
1734 4677 1809 4740 ὠς
1836 4677 1977 4746 ὑπὲρ

393 4772 570 4825 πάντα
619 4773 747 4825 νοῦν
786 4771 1144 4824 καθεστῶτα*
1195 4770 1291 4822 καὶ
1341 4771 1447 4839 μὴν
1482 4771 1575 4823 καὶ
1612 4770 1682 4823 τὰ
1727 4770 1836 4824 ἀπὸ
1880 4769 1976 4823 τοῦ

394 4867 659 4936 παρόντος
693 4867 752 4918 ὲν
781 4866 910 4935 ἡμῖν
938 4858 1024 4917 οἶα
1051 4862 1538 4933 συλλαμϐανόμενα
1560 4864 1786 4935 ἀρρήτῳ
1808 4862 1973 4932 λόγῳ,

392 4958 534 5011 κατά
567 4958 623 5010 δὲ
663 4958 721 5009 τὸ
756 4956 948 5027 μέλλον
1001 4954 1511 5025 ἀποκαθιστάμενα,
1564 4957 1658 5007 καὶ
1696 4951 1808 5008 οἷον
1840 4956 1977 5008 ἀπο-

391 5048 730 5119 γεννώμενα,
765 5050 857 5102 καὶ
884 5048 1239 5118 τελειούμενα
1261 5065 1275 5079 ·
1300 5047 1336 5101 ἃ
1358 5048 1451 5101 καὶ
1478 5047 1815 5119 Χερουὸικὸν
1849 5048 1978 5103 νοῦν

389 5144 601 5215 ἑξιστᾷ,
636 5144 732 5197 καὶ
784 5144 945 5212 μόνον
985 5159 1102 5206 πως
1141 5142 1403 5212 ἀμυδρῶς
1443 5143 1574 5213 περὶ
1615 5141 1808 5195 τούτου
1857 5142 1978 5196 δια·

388 5236 653 5307 νοηθῆναι
680 5235 1063 5308 προθέμενον.
1122 5235 1186 5287 Ὢ
1219 5233 1563 5305 ἀγαθότητος
1586 5273 1602 5300 ,
1649 5235 1744 5289 καὶ
1778 5234 1977 5306 βουλῆς

388 5328 546 5395 Θεοῦ,
594 5328 690 5381 καὶ
737 5328 979 5399 ἀγάπης,
1018 5326 1114 5380 καὶ
1144 5328 1539 5399 χρηστότητος,
1574 5327 1860 5398 δυνάμεώς
1914 5343 1976 5381 τε

393 5420 486 5474 καὶ
517 5419 734 5489 σοφίας,
769 5421 864 5473 καὶ
894 5419 1239 5490 προμηθείας
1275 5418 1462 5483 θείαςί
1499 5419 1667 5482 ὅντως
1716 5417 1978 5491 μακάριοι

389 5506 464 5565 ὧν
490 5513 799 5584 ἀφείθησαν
824 5513 880 5567 αἱ
910 5515 1153 5584 ἀνομίαι,
1185 5514 1282 5566 καὶ
1315 5507 1391 5565 ὧν
1423 5512 1892 5584 ἀπεκαλύφθησαν
1919 5514 1976 5567 αί

392 5605 686 5675 ἁμαρτίαιί
733 5606 840 5658 Καὶ
877 5607 1146 5674 μακάριος
1179 5602 1488 5675 ἄνθρωπος,
1520 5604 1579 5659 ὃν
1608 5603 1674 5657 ἂν
1707 5602 1974 5674 παιδεύσῃ

389 5698 618 5768 Κύριος,
657 5699 751 5751 καὶ
781 5700 845 5750 ἐκ
875 5696 968 5750 τοῦ
999 5698 1165 5768 νόμου
1203 5697 1369 5751 αὑτοῦ
1399 5699 1496 5752 καὶ
1539 5696 1630 5750 τοῦ
1659 5697 1974 5775 ΙΙνεύματος

389 5790 590 5856 διδάξει
621 5792 803 5845 αὑτόνί

1939 5904 1971 5933 δ

2066 4589 2248 4643 omnia
2280 4598 2408 4645 sunt
2441 4589 2648 4660 angelis
2670 4598 2725 4645 et
2755 4590 2890 4660 ipsis
2913 4589 3199 4659 Seraphim
3227 4591 3648 4661 iimmnprehen-

2066 4682 2273 4748 sibilia,
2312 4688 2500 4753 utpote
2530 4696 2694 4752 supra
2758 4682 3057 4751 quamlibet
3106 4693 3339 4737 mentem
3386 4687 3643 4751 excelsa;

2065 4792 2187 4845 qua:
2213 4776 2434 4846 quidem
2455 4779 2529 4831 'ex
2551 4791 2617 4830 eo
2642 4784 2884 4846 tempore
2910 4775 2963 4829 in
2991 4777 3148 4833 nobis
3172 4786 3428 4846 tanquam
3457 4777 3647 4833 inclia-

2064 4868 2158 4923 bili
2215 4869 2428 4925 ratione
2490 4868 2847 4936 colliguntur,
2915 4869 3101 4922 futuro
3160 4880 3342 4923 autem
3404 4879 3646 4941 tempore

2066 4959 2315 5013 restituta
2351 4965 2406 5013 et
2440 4968 2759 5028 rcgeuerata
2790 4965 2845 5013 et
2875 4957 3151 5028 perfecta;
3205 4972 3328 5026 qua:
3357 4956 3642 5012 cherubim

2066 5061 2302 5103 mentem
2335 5047 2624 5113 extollunt,
2675 5047 2875 5116 quibus
2930 5055 3113 5101 tamen
3163 5048 3231 5101 de
3278 5047 3369 5102 illo
3409 5049 3643 5102 obscure

2064 5150 2275 5197 tantum
2327 5139 2551 5212 cogitari
2604 5141 2790 5197 datum
2845 5147 2951 5196 est.
3006 5142 3048 5194 0
3092 5140 3429 5195 bonitatem!
3482 5155 3514 5197 ο
3548 5141 3640 5196 Dei

2062 5234 2351 5291 consilium
2386 5218 2440 5291 et
2469 5232 2834 5289 charitatemi
2880 5248 2914 5288 0
2961 5231 3397 5297 beneﬁcentiam,
3448 5241 3640 5298 puten-

2064 5327 2307 5394 tiamque
2357 5334 2413 5381 et
2444 5325 2796 5394 sapientiam,
2827 5333 2883 5381 et
2924 5325 3317 5395 providentiam
3367 5325 3638 5382 divinam!

2064 5420 2201 5475 Vere
2251 5419 2393 5474 beati
2443 5432 2680 5488 quorum
2731 5418 2979 5473 remissae
3032 5426 3161 5471 sunt
3219 5416 3554 5486 iniquitates,
3587 5428 3640 5471 et

2060 5527 2293 5582 quorum
2325 5519 2464 5566 tecta
2497 5519 2624 5579 sunt
2657 5515 2914 5578 peccata;
2944 5519 3019 5577 et,
3053 5508 3247 5564 beatus
3281 5508 3445 5562 homo
3475 5523 3637 5578 quem

2063 5605 2207 5661 Deus
2253 5603 2518 5661 erudierit
2547 5611 2604 5659 et
2634 5603 2705 5659 de
2738 5603 2854 5678 lege
2896 5616 2993 5660 sua
3036 5615 3102 5658 ac
3146 5600 3345 5674 spiritu
3388 5600 3643 5665 docuerit

2058 5696 2215 5759 cum!
