4058 6506
341 329 445 393 ΒΊΊ

1485 327 1585 389 DE
1623 323 1804 387 VITA
1845 325 2504 399 CONTEMPLATIVA.

343 452 437 505 καὶ
486 449 600 507 τῶν
642 449 806 505 θείων
852 450 1047 505 ἑαυτὸν
1080 449 1323 524 θεωρῶν,
1373 452 1629 524 τηνικάδε
1657 453 1856 512 ἔδεται.
1892 445 1929 527 ᾖ

2040 440 2439 523 t‘onletnplans,
2470 465 2603 510 tunc
2639 455 2898 526 comedit,
2954 436 3220 527 quantum
3253 460 3397 525 licet,
3427 463 3607 516 scien-

342 548 538 619 θέμις,
597 548 699 615 τῆς
758 543 1143 614 πνευματικῆς
1194 543 1450 613 γνώσεως
1505 548 1635 613 τοὺς
1697 547 1920 619 ἀληθεῖς

343 641 613 710 καρποὺς,
636 640 732 692 καὶ
766 636 1134 707 θεουργεῖται,
1167 639 1261 692 καὶ
1288 639 1496 710 χαίρει,
1527 642 1616 695 καὶ
1644 642 1725 705 είς
1749 640 1929 706 θείους

345 735 650 806 προκόπτει
676 732 911 803 ἔρωτας,
939 731 1121 786 λαλῶν
1149 732 1252 803 μὲν
1290 734 1540 805 οὐδαμῶς
1582 734 1760 799 οὐδὲν,
1803 733 1929 789 οὔτε

348 828 458 898 μήν
488 843 604 890 πως
643 823 990 890 διεξοδεύων,
1033 822 1158 878 οὔτε
1182 825 1329 881 ἔνδον
1361 825 1474 880 οὔτ’
1504 826 1613 882 ἔσω
1639 829 1782 883 κατὰ
1811 828 1930 883 διά-

346 919 516 980 θεσιν,
571 917 687 970 ἀλλ’
745 915 868 969 οὐδὲ
919 913 1326 987 διανοούμενος,
1359 917 1475 972 ἀλλ’
1533 917 1676 988 ὁρῶν
1726 919 1930 989 νοερῶς

347 1009 544 1085 ὲνικῷς
579 1010 638 1063 ὲν
671 1012 813 1077 φωτὶ
836 1007 1098 1080 ἀληθείας
1135 1010 1232 1062 καὶ
1263 1009 1575 1080 πνεύματος
1601 1051 1616 1074 ,
1667 1011 1763 1066 καὶ
1793 1027 1931 1083 τρυ-

347 1102 453 1174 φὴν
478 1101 829 1171 ἀμετάϐατον
856 1100 1179 1170 ποιούμενος
1201 1101 1267 1154 τὰ
1291 1101 1564 1172 ὁρώμενα.

417 1191 519 1264 νγ’.
556 1193 731 1249 Ὅταν
761 1178 821 1246 τὸ
847 1191 945 1246 τοῦ
988 1192 1106 1256 νοὸς
1135 1193 1433 1265 πρόσωπον
1460 1194 1612 1248 νεῦον
1636 1196 1769 1249 εῖσω
1797 1213 1935 1267 καρ-

346 1289 486 1351 δίας,
542 1288 645 1358 ὁρᾷ.
691 1286 791 1356 τὴν
822 1285 918 1339 τοῦ
963 1285 1285 1355 Πνεύματος
1336 1285 1602 1356 ἔλλαμψιν
1653 1286 1713 1351 ἐξ
1758 1288 1934 1355 αὐτῆς

349 1380 611 1436 ἀείὸλυτα
652 1376 1037 1449 πηγάζουσαν,
1071 1378 1195 1432 τότε
1229 1379 1371 1433 πάνυ
1407 1379 1598 1451 καιρὸς
1629 1380 1723 1433 τοῦ
1750 1381 1931 1452 σιγᾷν,

423 1472 518 1528 νδ’.
561 1472 734 1527 Ὅταν
758 1472 879 1525 ὅλον
907 1470 968 1524 τὸ
996 1471 1183 1542 νοερὸν
1228 1472 1526 1544 πρόσωπον
1552 1473 1639 1546 ίδῃ
1658 1472 1750 1527 τὸν
1776 1474 1932 1542 Θεὸν,

355 1563 559 1635 μᾶλλον
614 1563 712 1634 μὲν
757 1556 850 1615 οὖν
881 1562 1012 1615 ὅταν
1045 1562 1165 1626 ὅλος
1195 1563 1224 1617 ὁ
1249 1561 1375 1626 νοῦς
1413 1563 1548 1617 εἴσω
1583 1563 1810 1635 γένηται
1838 1563 1933 1617 τοῦ

352 1654 513 1720 Θεοῦ,
543 1652 604 1723 ἢ,
644 1652 713 1707 ἵν’
747 1651 919 1715 οὕτως
947 1652 1116 1714 είπω,
1138 1651 1267 1705 ὅταν
1287 1654 1313 1706 ὁ
1344 1651 1479 1716 Θεὸς
1520 1653 1579 1706 ὲν
1615 1653 1721 1723 ὅλῳ
1747 1652 1823 1723 τῷ
1854 1651 1936 1705 vel

355 1750 603 1819 γένηται,
627 1746 749 1801 τότε
776 1745 918 1799 πάνυ
945 1762 996 1798 τι
1024 1744 1119 1798 καὶ
1148 1742 1415 1816 μειζόνως
1458 1746 1778 1816 πεφυκότως
1807 1763 1937 1800 και-

356 1841 452 1914 ρὸς
473 1839 568 1894 τοῦ
596 1840 777 1911 σιγᾷν.

425 1942 525 1992 νε’.
560 1936 732 1990 Ὅταν
761 1936 790 1988 ὁ
827 1933 952 1999 νοῦς
1004 1935 1063 1988 ἐν
1091 1937 1158 2005 τῇ
1211 1932 1304 1988 τοῦ
1354 1933 1671 2005 ῐῐνεύματος
1734 1938 1935 2008 μετοχῇ

356 2029 710 2102 θεωρητικῶς
759 2027 903 2082 κατὰ
942 2027 1012 2081 τὰ
1041 2028 1303 2097 γινόμενα
1343 2027 1465 2099 Θεῷ
1505 2029 1933 2098 παριστάμενος,

356 2122 516 2194 δόξης
564 2137 625 2175 τε
683 2122 748 2173 ἐκ
777 2119 1073 2192 προσώπου
1127 2118 1285 2184 Θεοῦ,
1334 2121 1429 2173 καὶ
1463 2119 1694 2188 ἀγλαΐας
1736 2120 1939 2192 τρόπον

359 2211 582 2282 θεμιτὸν
632 2210 905 2280 ἀπολαύῃ,
940 2210 1066 2281 οχρὴ
1121 2209 1218 2264 καὶ
1272 2208 1418 2280 μάλα
1466 2211 1693 2272 εἰκότως
1754 2211 1938 2282 σιγᾷν,

362 2306 535 2375 ἡσυχῇ
553 2320 610 2356 τε
640 2302 745 2356 καὶ
765 2301 1236 2373 ἁπερικτυπήτως
1265 2303 1419 2372 δρᾷν.
1455 2302 1515 2355 Εἰ
1545 2302 1603 2354 δέ
1625 2320 1679 2354 τι
1710 2303 1940 2366 σκότους

360 2394 713 2467 ὁπωσδήποτε
771 2394 1043 2464 ἀχλυῶδες
1078 2394 1285 2465 μεταξὺ
1321 2394 1414 2448 νοῦ
1472 2395 1570 2448 καὶ
1605 2394 1741 2448 Θεοῦ
1802 2411 1941 2466 παρ-

359 2488 597 2561 εμπὲσῃ,
657 2487 854 2560 ἁθρόον
879 2485 1071 2559 ὥσπερ
1129 2504 1183 2541 τι
1234 2487 1563 2557 φωτοειδὲς,
1594 2490 1687 2543 καὶ
1714 2490 1941 2556 διακαὲς

357 2582 627 2652 πεφυκότι
681 2581 825 2652 λόγῳ
869 2580 1005 2653 πῦρ,
1057 2580 1271 2652 βάλλειν
1312 2583 1478 2653 ὁμόσε
1506 2583 1731 2646 σκότους
1758 2583 1940 2652 λόγον,

360 2673 740 2745 βραχύλεκτον
794 2672 916 2742 μὲν,
979 2673 1129 2744 ὅμως
1156 2673 1304 2735 θείας
1340 2674 1667 2745 ἐμφάσεως,
1698 2675 1767 2730 ἶν’
1796 2676 1942 2730 οὕτω

359 2766 553 2819 θᾶττον
582 2765 641 2818 τὸ
667 2764 858 2829 σκότος
889 2765 1224 2835 ἐξαφανίσας
1248 2767 1328 2838 τῷ
1356 2770 1517 2837 φωτὶ,
1542 2769 1638 2822 καὶ
1659 2773 1724 2840 τῇ
1757 2770 1944 2844 θέρμῃ

356 2861 458 2929 τήν
488 2876 553 2928 γε
588 2858 780 2929 ἀχλὺν,
814 2848 909 2914 καὶ
937 2858 998 2925 ἐξ
1028 2860 1328 2931 ἐφαμίλλου
1378 2862 1471 2916 τὸν
1514 2862 1640 2916 νοῦν
1698 2865 1943 2932 φωτίσας

358 2951 418 3004 τε
457 2950 553 3005 καλ⁸
613 2952 890 3024 θερμάνας
930 2952 1107 3026 τούτῳ
1156 2953 1326 3025 αὐτῷ,
1360 2954 1607 3019 ,ἐσαῦθις
1638 2956 1782 3027 ίσχει
1814 2974 1945 3011 συν-

2031 545 2119 600 tim
2153 546 2459 616 spiritualis
2488 549 2698 606 fructus
2733 565 2917 617 veros,
2945 559 2999 608 et
3027 553 3334 620 deiﬁcatnr,
3370 562 3426 608 et
3457 554 3607 608 laeta-

2027 647 2151 704 tur;
2212 649 2268 694 et
2318 640 2372 694 in
2414 641 2602 697 divino
2654 656 2842 699 amore
2890 645 3148 714 prolicit,
3212 646 3349 701 nihil
3385 648 3605 714 quidem

2026 733 2256 787 omnino
2295 733 2526 803 loquens
2558 773 2573 793 .
2630 750 2808 803 neque
2852 747 3169 807 penetrans,
3210 754 3386 807 neque
3417 739 3608 794 intime

2030 839 2211 893 neque
2236 828 2377 880 intra
2414 841 2509 896 per
2540 826 2962 896 descriptionem
2988 869 3004 895 ,
3039 831 3141 886 sed“
3167 845 3344 901 neque
3383 830 3603 885 ratiocio

1992 984 1997 989 ι
2026 934 2189 983 nans,
2218 919 2313 974 sed
2362 918 2553 974 videns
2579 919 2935 988 spiritualiter
2965 937 3027 978 ac
3055 923 3261 980 unitive
3284 924 3336 977 in
3364 922 3610 978 veritatis

2027 1027 2092 1067 ac
2123 1013 2349 1081 Spiritus
2387 1013 2616 1080 lumine,
2649 1014 2753 1071 sibi
2799 1028 2862 1070 ea
2894 1031 3015 1086 quae
3043 1017 3190 1072 videt
3234 1016 3609 1073 indelicientes

2026 1104 2247 1160 laetitias
2270 1105 2500 1162 iaciens.

2102 1197 2195 1254 53.
2245 1198 2475 1265 Quando
2504 1200 2705 1256 mentis
2739 1201 2923 1258 vultus
2958 1201 3100 1256 intra
3131 1215 3228 1255 cor
3254 1208 3553 1269 penetrans
3588 1236 3605 1260 ,

2026 1291 2181 1347 videt
2224 1291 2465 1362 Spiritus
2519 1293 2975 1349 illuminationem
3017 1309 3084 1350 ex
3132 1293 3298 1349 corde
3347 1300 3609 1362 perpetuo

2027 1384 2442 1447 scaturientem,
2475 1394 2607 1439 tunc
2643 1384 2838 1441 silendi
2881 1394 3114 1453 tempus.

2107 1474 2195 1532 51..
2228 1473 2462 1542 Quando
2491 1476 2797 1546 spiritualis
2824 1477 3007 1533 nullus
3044 1483 3219 1530 totum
3252 1475 3419 1531 Deum
3441 1475 3610 1539 videt,

2030 1569 2142 1624 imo
2170 1585 2306 1626 vero
2329 1570 2549 1640 quando
2579 1585 2740 1626 mens
2768 1577 2877 1626 tota
2909 1568 3050 1625 intra
3075 1568 3242 1625 Deum
3280 1575 3391 1633 est,
3412 1577 3530 1634 aut,
3553 1576 3616 1624 ut

2029 1659 2105 1716 ita
2147 1659 2351 1729 dicam,
2391 1661 2611 1730 quando
2679 1661 2821 1719 Deus
2882 1661 2936 1716 in
2983 1669 3097 1716 tota
3153 1669 3334 1716 mente
3381 1659 3616 1717 diﬂ‘usus

2030 1761 2137 1820 est,
2169 1761 2302 1808 tunc
2355 1753 2584 1810 omnino
2636 1763 2692 1810 et
2747 1754 2984 1809 maxime
3039 1752 3364 1809 naturaliter
3414 1751 3617 1810 silendi

2029 1855 2245 1912 tempus
2276 1854 2379 1901 est.
3269 1913 3277 1923 .

2102 1938 2191 1993 55.
2220 1938 2451 2006 Quando
2483 1930 2639 1993 mens
2678 1936 2734 1993 in
2769 1937 2999 2007 spiritus
3035 1938 3457 2007 participatione
3482 1954 3619 2015 con-

2029 2030 2342 2096 templative
2373 2044 2472 2099 pro
2505 2029 2939 2084 circumstantiis
2983 2028 3091 2083 Deo
3116 2038 3285 2094 astat,
3346 2039 3399 2085 et
3428 2030 3620 2100 splen-

2029 2121 2166 2175 dore
2188 2119 2375 2175 debito
2415 2119 2576 2175 modo
2608 2118 2829 2182 fruitur,
2859 2117 3142 2188 gloriaque
3171 2114 3256 2173 ex'
3281 2117 3435 2173 vultu
3477 2118 3610 2187 Dei,

2030 2219 2249 2278 oportet
2299 2222 2428 2267 tunc
2476 2211 2778 2282 praesertim
2811 2212 2975 2269 silere
3007 2252 3024 2277 ,
3063 2222 3117 2268 et
3151 2212 3446 2280 tranquille
3477 2221 3531 2267 et
3555 2210 3613 2268 in

2032 2303 2251 2356 silentio
2301 2303 2511 2357 videre.
2563 2301 2619 2358 Si
2652 2312 2836 2358 autem
2880 2302 3230 2357 tenebrarum
3268 2301 3440 2369 caligo
3468 2301 3616 2356 intra

2042 2411 2071 2445 n
2095 2408 2276 2449 ensem
2312 2410 2375 2448 ac
2417 2395 2587 2449 Deum
2642 2395 2911 2450 deciderit
2942 2436 2957 2461 ,
2992 2395 3307 2465 frequenter
3355 2404 3616 2461 tanquam

2026 2487 2242 2555 aliquid
2303 2487 2471 2542 luridi
2527 2497 2583 2542 et
2619 2487 2798 2555 ignem
2831 2486 3064 2543 ttaturali
3110 2486 3325 2540 ratione
3369 2495 3615 2540 urentem

2036 2588 2229 2633 contra
2264 2579 2366 2635 has
2396 2581 2648 2634 tenebras
2666 2578 2920 2633 emittere
2942 2586 3179 2646 oportet,
3201 2575 3424 2632 verbum
3455 2576 3619 2631 breve

2037 2672 2262 2738 quidem
2313 2672 2514 2745 divina:
2549 2671 2929 2735 rev-elationis,
2970 2680 3029 2725 ttt
3064 2670 3136 2725 ita
3163 2670 3330 2725 citius
3360 2668 3619 2725 tenebras

2037 2761 2245 2816 lumine
2272 2762 2557 2834 dissipans
2580 2772 2649 2835 ,ει
2688 2763 2863 2833 frigus
2902 2765 3084 2819 calore
3124 2761 3366 2825 solvens,
3396 2769 3448 2814 et
3473 2774 3623 2814 con—-

2038 2854 2242 2909 trarius
2274 2864 2512 2910 mentem
2546 2856 2865 2912 illuminaus
2897 2854 3361 2925 calefaciensque,
3397 2868 3618 2908 rursum

2042 2959 2168 2998 rum
2205 2946 2334 3008 Deo,
2366 2955 2425 2999 ut
2457 2946 2608 3012 prius
2654 2946 2971 3002 conversari
3005 2944 3200 3015 possit.
3238 2943 3467 3012 ejusque
3500 2942 3619 3012 pul-

360 3047 498 3098 εἶναι
518 3044 595 3132 ᾡς
617 3047 748 3118 πρὶν
781 3046 858 3118 τῷ
880 3045 1021 3118 Θεῷ,
1052 3046 1151 3102 καλ⁵
1187 3050 1415 3120 θεωρεῖν
1440 3048 1502 3100 τὸ
1527 3048 1724 3112 κάλλος
1747 3048 1938 3115 αὐτοῦ,

2041 3037 2407 3093 cbritttdiuem
2476 3038 2872 3106 contemplari,
2908 3052 3087 3108 eaque
3134 3037 3266 3105 frui,
3295 3046 3353 3091 ιιι
3379 3037 3537 3091 decet
3565 3044 3622 3093 et

361 3133 455 3188 καὶ
478 3130 553 3199 ὡς
580 3137 727 3200 alio;
757 3137 1056 3194 ἀπολαύειν
1081 3138 1272 3204 αὑτοῦ,
1312 3139 1406 3192 καὶ
1433 3139 1816 3206 καλλύνεσθαι,
1846 3141 1942 3195 καὶ

360 3227 617 3300 πάσχειν,
650 3229 954 3301 συλλήϐδην
980 3230 1148 3300 φάναι
1187 3231 1255 3285 τὰ
1285 3233 1430 3286 κατὰ
1459 3232 1653 3304 vos.in
1682 3232 1942 3305 επιϐολὴν

358 3320 448 3376 διὰ
488 3322 802 3394 παραδοχῆς
846 3322 943 3378 τοῦ
989 3323 1257 3389 ζωοποιοῦ
1311 3324 1631 3395 Πνεύματος
1675 3327 1740 3379 ὲκ
1783 3325 1943 3392 Θεοῦ,

362 3416 456 3469 καὶ
489 3417 685 3493 μέν-γε
714 3417 986 3488 δήπουθεν
1030 3416 1340 3488 ήπλῶσθαι,
1392 3419 1487 3472 καὶ
1515 3418 1852 3472 ἀπολύεσθαι
1883 3420 1943 3472 ὲν

362 3513 467 3578 ἂρα
499 3510 729 3581 ἀληθείᾳ
757 3513 852 3563 καὶ
875 3509 1154 3579 πνεύματι
1188 3511 1247 3567 ὲν
1269 3509 1346 3581 τῷ
1380 3509 1522 3580 Θεῷ,
1553 3510 1665 3564 ἀπὸ
1698 3510 1942 3576 πάντων,

361 3605 450 3655 καὶ
482 3602 664 3656 αὐτῶν
687 3603 796 3656 τῶν
826 3604 956 3673 περὶ
981 3603 1138 3675 Θερν.
1182 3602 1356 3658 Τοῦτο
1411 3604 1512 3674 μὲν
1562 3603 1790 3666 είκότως
1850 3602 1946 3656 καὶ

363 3693 746 3762 προσηκόντως
776 3693 1202 3765 ὁθεωρητικός’
1261 3697 1290 3748 ό
1337 3695 1524 3764 μέντοι
1587 3694 1722 3767 μόνῃ
1773 3710 1946 3765 προσ·

362 3782 578 3853 ανέχων
632 3784 852 3855 πράξει,
915 3785 1113 3839 πολλοῦ
1147 3785 1232 3840 δεῖ
1269 3787 1377 3859 τῆς·
1416 3787 1676 3858 τοιαύτης
1724 3787 1948 3858 ἔχεσθαι

366 3877 776 3945 καταστάσεως,
837 3877 1063 3948 μηδέπω
1093 3879 1336 3949 δηλονότι
1384 3880 1465 3942 είς
1496 3880 1710 3942 ἑαυτὸν,
1741 3880 1835 3933 καὶ
1876 3875 1948 3932 δι’

368 3965 565 4020 ἑαυτοῦ
590 3968 671 4027 είς
691 3967 782 4020 τὸν
802 3968 935 4021 Θεὸν
967 3967 1210 4031 ὲνωθείς.
1231 3969 1306 4021 Ού
1331 3969 1511 4023 τοίνυν
1543 3970 1727 4040 θαῦμα
1758 3968 1949 4024 τοῦτον

366 4057 434 4111 ἐκ
456 4057 566 4112 τῶν
605 4059 765 4112 θείων
791 4058 938 4131 ᾄδειν
958 4101 972 4125 ,
1017 4061 1050 4132 ἢ
1086 4060 1270 4114 λαλεῖν
1300 4062 1651 4131 ἀμωσγέπως
1682 4063 1856 4116 πολλά
1887 4078 1947 4115 τε

364 4148 429 4219 δὴ
456 4148 552 4202 καὶ
577 4149 819 4213 πυκνῶς,
856 4154 975 4216 ταῖς
1006 4152 1257 4223 συνεχέσι
1298 4153 1517 4226 παντως
1556 4153 1809 4207 ἐντεῦθεν
1831 4151 1946 4206 οἷόν

365 4256 479 4294 τισι
534 4239 737 4312 βολαῖς,
797 4244 892 4296 καί
950 4245 1153 4312 φοὸῶν,
1198 4245 1289 4298 καὶ
1320 4245 1607 4298 ἀποσοϐῶν
1662 4245 1756 4299 τὸν
1813 4247 1949 4317 ἡμῖν

367 4328 789 4399 δυσμεναίνοντα
819 4328 890 4382 τὰ
914 4329 1106 4393 πολλὰ,
1155 4331 1249 4384 καὶ
1281 4333 1623 4403 πολεμοῦντα
1649 4338 1909 4410 ἐκθύμως
1928 4357 1944 4373 ⁸

369 4419 491 4484 ἣξει
518 4419 625 4490 γὰρ
651 4421 743 4474 καὶ
776 4421 952 4491 τούτῳ
976 4421 1166 4491 καιρὸς
1196 4422 1543 4490 ὑπομένοντι,
1579 4426 1638 4492 ἐξ
1668 4428 1777 4500 ἄρα
1815 4430 1950 4498 δῆτα
1982 4470 1985 4471 ν

2040 3131 2314 3196 decorari,
2371 3140 2462 3196 et,
2516 3142 2573 3186 ut
2610 3132 2845 3186 breviter
2908 3130 3111 3197 dicam,
3145 3144 3266 3199 quae
3311 3129 3619 3184 secundum

2037 3223 2382 3294 Spirilttalettt
2463 3225 2727 3295 impetum
2789 3233 2919 3279 sunt
2970 3222 3076 3294 pati
3105 3264 3119 3287 ,
3155 3239 3249 3293 per
3294 3222 3624 3278 viviticantis

2040 3319 2274 3389 spiritus
2301 3334 2367 3373 ex
2397 3317 2509 3372 Deo
2533 3318 2904 3386 receptionem
2933 3354 2948 3378 ,
2987 3326 3042 3372 et
3072 3315 3300 3382 simplex
3332 3315 3443 3370 ﬁeri
3477 3323 3533 3370 et
3566 3314 3621 3368 irt

2038 3413 2270 3467 veritate
2293 3426 2356 3466 ac
2388 3410 2586 3479 spiritu
2616 3410 2668 3464 in
2713 3408 2823 3465 Deo
2851 3408 3075 3463 dissolvi
3101 3409 3168 3463 ab
3198 3407 3452 3463 omnibus
3480 3414 3535 3460 et
3555 3404 3626 3460 iis

2043 3503 2300 3571 ips-isquae
2329 3503 2474 3558 circa
2525 3501 2690 3555 Deum
2718 3507 2866 3554 sunt.
2894 3499 2950 3554 Id
2984 3499 3297 3568 assequitur
3326 3497 3520 3553 merito
3558 3510 3625 3550 ae

2042 3591 2304 3649 decenter
2383 3592 2862 3664 contemplativus.
2916 3590 3018 3658 Qui
3079 3606 3215 3645 vero
3268 3591 3369 3646 soli
3418 3587 3623 3645 actioni

2042 3688 2334 3751 incumbit,
2371 3685 2599 3741 multum
2630 3686 2699 3739 ab
2734 3686 2835 3739 hac
2866 3685 3225 3740 restitutione
3261 3683 3456 3748 distat,
3482 3697 3625 3736 nou-

2045 3776 2175 3829 dum
2219 3776 2272 3829 in
2304 3776 2488 3842 seipso
2521 3789 2587 3829 ac
2616 3788 2712 3842 per
2742 3774 2982 3843 seipsum
3018 3774 3071 3827 in
3122 3774 3231 3828 Deo
3261 3774 3466 3828 unitos.
3503 3771 3623 3826 Non

2043 3866 2212 3937 igitur
2240 3866 2439 3919 mirum
2473 3877 2557 3921 est
2592 3865 2744 3919 illum
2772 3874 2828 3920 et
2867 3863 3071 3919 divinis
3100 3877 3299 3938 canere
3335 3871 3430 3916 aut
3473 3862 3624 3932 loqui

2044 3959 2454 4030 quodammodo
2517 3958 2686 4012 multa
2741 3971 2807 4011 ac
2867 3955 3188 4025 frequenter
3248 3953 3630 4023 frequentibus

2045 4053 2271 4105 omnino
2314 4051 2647 4121 quibusdam
2685 4049 3003 4118 impetibus,
3027 4063 3090 4101 ac
3120 4049 3357 4102 fremens
3374 4053 3431 4101 et
3469 4062 3626 4102 reve-

2047 4162 2177 4201 rens
2208 4162 2332 4199 eum
2368 4145 2455 4214 qui
2495 4146 2547 4197 in
2581 4145 2740 4198 nobis
2775 4143 3097 4213 plerumque
3129 4149 3184 4194 et
3213 4140 3471 4195 ardenter
3520 4156 3625 4211 pu-

2047 4243 2196 4306 gnat.
2686 4259 2693 4263 ·
3036 4223 3041 4227 ’

2127 4326 2321 4382 Veniet
2353 4326 2499 4381 enim
2536 4325 2616 4385 illi
2652 4333 2866 4393 tempus
2912 4324 3221 4391 suilerenti,
3258 4339 3323 4379 ex
3355 4321 3627 4392 spirituali

2055 4421 2438 4492 inSpiratione,
2471 4419 2693 4490 quando
2725 4419 3020 4473 multorum
3046 4426 3322 4477 _cantuum
3365 4426 3420 4471 et
3455 4415 3630 4472 ratio~

368 4510 655 4574 ὲτιπνοίας
696 4514 1099 4582 πνευματικῆς,
1153 4515 1391 4583 ὁπηνίκα
1448 4518 1517 4569 τὰ
1564 4517 1673 4573 τῶν
1735 4518 1944 4574 πολλῶν

2047 4528 2176 4569 num
2201 4512 2560 4569 seintillantes
2587 4510 2827 4581 fulgores
2890 4511 2941 4563 in
2976 4526 3139 4566 unam
3172 4511 3341 4565 facem
3368 4508 3631 4580 colligen-

371 4602 531 4656 θείων
562 4602 739 4675 ᾠδῶν,
791 4605 887 4657 καὶ
921 4604 1205 4675 ᾀσμάτων,
1236 4607 1330 4659 καὶ
1364 4606 1538 4675 λόγων
1567 4610 1950 4683 σπινθηροειδῆ

371 4694 534 4748 οἱονεὶ
561 4695 956 4765 ὲναυγάσματα
980 4696 1326 4764 συναφθῶσιν
1368 4701 1447 4763 είς
1479 4699 1575 4752 ἕνα
1599 4701 1771 4771 δήπου
1812 4720 1952 4775 πυρ-

374 4786 488 4852 σὸν,
542 4787 632 4840 ὅτε
683 4788 776 4841 καὶ
822 4788 913 4840 τὸν
941 4788 1136 4861 ἐχθρὸν
1167 4792 1297 4862 ῥᾷον
1329 4793 1424 4844 κα¹ι
1464 4798 1688 4863 καιρίαν
1744 4796 1949 4866 βάλλει,

375 4878 544 4932 καίων
573 4878 797 4950 δηλαδὴ.
825 4881 918 4934 κοιλ⁵
938 4881 1184 4953 διαιρῶν,
1227 4881 1259 4953 ἢ
1299 4884 1499 4954 μᾶλλον
1530 4886 1870 4956 ἐξαφανίζων
1893 4891 1953 4942 τὸ

375 4971 566 5037 σκότος
599 4973 829 5039 ἐκείνου,
862 4974 1056 5028 ἑαυτὸν
1093 4975 1151 5029 δὲ
1184 4976 1260 5046 τῷ
1287 4978 1480 5048 πυρσῷ
1509 4981 1786 5049 φωτίζων,
1822 4982 1953 5052 θερ-

378 5063 586 5132 μαίνων
643 5082 702 5119 τε
737 5067 828 5120 καὶ
886 5066 1023 5137 πρὸς
1067 5066 1208 5121 θεῖον
1261 5069 1328 5123 τὰ
1387 5070 1621 5139 μάλιστα
1685 5075 1956 5129 ἀνακινῶν

374 5154 574 5221 ἔρωτα,
609 5155 746 5226 πρός
771 5173 832 5209 τε
862 5156 994 5211 Θεὸν
1020 5156 1181 5211 αὐτὸν
1205 5159 1493 5229 ἐγκάρδιον
1518 5163 1575 5215 ὲν
1601 5166 1727 5235 σιγῇ
1758 5164 1952 5232 ὕμνον,

375 5245 471 5298 καὶ
508 5244 774 5317 ἔκπληξιν
821 5248 1135 5318 ἀναφέρων,
1190 5250 1287 5332 καλ.
1328 5256 1651 5324 μυστηρίων
1686 5256 1955 5327 παραδει-

380 5337 555 5393 κνύων
578 5338 791 5405 ἐξαίσια
814 5340 994 5409 ἑαυτῷ
1023 5343 1090 5399 τὰ
1118 5342 1357 5414 μάλιστα
1383 5345 1660 5417 θαύματα.
1702 5350 1817 5402 Οὐκ
1846 5353 1956 5405 ἀπ-

379 5429 602 5496 εικότως
631 5430 741 5504 γὰρ
763 5432 813 5485 οί
849 5433 1218 5503 ὑπομένοντες
1246 5437 1342 5491 τὸν
1381 5438 1584 5510 Κύριον
1627 5439 1960 5511 μακαρίζον-

377 5537 500 5575 ςαι·
530 5521 563 5593 ἢ
587 5523 694 5586 ὅτι,
718 5525 999 5596 προϊόντος
1025 5525 1243 5595 χρόνου,
1275 5528 1724 5601 κληρονομοῦσιν,
1757 5527 1958 5606 οἷάπερ

380 5617 576 5685 πραεῖς
617 5616 718 5688 τὴν
747 5619 952 5688 νοητὴν
1003 5620 1102 5685 τῆς
1135 5621 1469 5692 ἐπαγγελίας
1496 5624 1621 5693 γῆν,
1649 5625 1709 5678 ἐν
1736 5627 1958 5699 Χριστῷ

378 5707 456 5780 τῷ
478 5711 668 5783 Κυρίῳ
698 5713 878 5782 ἡμῶν.

451 5806 561 5864 νςν.
597 5801 767 5856 Ὅταν
812 5806 837 5858 δ
883 5803 1029 5872 νοῦς,
1058 5804 1263 5875 ἑκάστῃ
1324 5805 1433 5859 τ-ῗρν
1462 5808 1815 5877 ςωτοχυσιῶν
1865 5808 1957 5865 τοῦ

2051 4616 2162 4672 tur,
2199 4605 2423 4676 quando
2455 4605 2743 4659 inimicum
2799 4602 2960 4658 facile
3000 4613 3056 4657 et
3097 4610 3405 4676 opportune
3438 4599 3633 4662 l‘t-riet,

2051 4703 2354 4757 incendens
2386 4714 2448 4753 ac
2510 4697 2787 4762 dividens,
2841 4696 2952 4750 imo
3006 4710 3138 4750 Vero
3188 4694 3464 4763 dissipans
3510 4691 3638 4760 ejus

2053 4794 2334 4856 tenebras,
2365 4790 2609 4862 seipsum
2641 4802 2770 4843 vero
2804 4787 2928 4858 igne
2957 4786 3053 4840 illo
3090 4784 3407 4838 illuminans
3432 4782 3636 4836 calefa-

2052 4885 2314 4952 ciensque
2351 4890 2407 4937 et
2465 4881 2532 4935 ad
2586 4880 2830 4934 divinum
2888 4892 3131 4931 antorem
3191 4890 3354 4945 quam
3400 4871 3639 4926 maxime

2050 4989 2307 5043 movens,
2340 4974 2603 5044 hymnum
2632 4978 2687 5025 et
2718 4969 3138 5022 admirationem
3187 4965 3253 5019 ad
3288 4963 3457 5017 Deum
3503 4960 3637 5017 diri-

2049 5083 2185 5141 gens
2219 5068 2272 5121 in
2320 5065 2581 5142 silentio,
2641 5078 2705 5116 ae
2754 5060 2859 5115 sibi
2908 5059 3289 5131 mysteriorum
3335 5057 3636 5109 ostendens

2050 5162 2316 5231 stupenda
2357 5157 2648 5213 miracula.
2693 5154 2809 5209 Non
2841 5155 2989 5207 enim
3023 5148 3297 5205 immerito
3330 5146 3418 5217 qui
3452 5144 3636 5199 Domi.

2053 5271 2181 5309 num
2249 5242 2523 5308 sustinent
2584 5246 2997 5310 beatilicantur;
3027 5242 3111 5297 vel
3154 5242 3356 5312 potius,
3390 5247 3636 5307 tempore

2053 5346 2407 5418 procedenie,
2468 5337 2890 5401 ltmreditabunt,
2926 5347 3182 5403 tanquam
3235 5324 3430 5394 mites,
3477 5329 3636 5399 spirio

2052 5443 2253 5498 tualt-m
2308 5434 2694 5510 promissionis
2738 5441 2965 5497 terram,
3023 5430 3079 5485 in
3127 5426 3351 5484 Christo
3407 5424 3639 5479 Domino
3711 5433 3715 5436 '

2053 5544 2264 5590 IIOSII'O.

2125 5805 2213 5860 56.
2256 5799 2487 5870 Quando
2529 5812 2684 5854 tuens
2738 5793 2966 5867 singulis
3014 5789 3246 5848 luminis
3276 5781 3646 5845 effusionibus

3501 342 3607 406 8⁸4
3633 328 3644 339 ’

3641 1178 3652 1264 l

3760 708 3787 733 ἡ
