4058 6440
510 274 615 340 8’5

1671 288 2023 351 GALLISTI
2067 287 2690 351 CA'f'APIIUGlOT/E

3670 298 3759 360 896

508 390 753 460 Spiritus
795 396 1096 467 illustrata,
1136 409 1319 473 stupet
1357 389 1423 459 ac
1456 415 1796 475 penetratur,
1835 418 1887 460 ct
1918 408 1983 461 ad
2017 407 2092 461 in«

2205 394 2524 466 Πνεύματος
2557 405 3074 476 καταλαμπόμενος,
3112 408 3337 486 ἰλιγγιᾷ,
3381 416 3473 473 καὶ
3505 418 3752 496 διαπορεῖ-

512 486 724 543 finitum
759 499 810 546 et
841 492 1255 549 interminatum
1287 497 1524 567 seipsam
1555 501 1760 571 cogitat
1813 510 2097 557 extensatn

507 588 558 634 et
589 592 881 653 mutatam,
916 597 1029 643 tum
1058 591 1252 648 silendi
1293 601 1526 665 tempus.

596 748 687 803 57.
722 746 956 814 Quando
990 763 1123 802 vero
1173 758 1493 817 aspectunm
1533 740 2003 799 manifestissimis
2042 753 2105 794 se

519 840 775 896 laborare
824 842 1217 907 animadvertit
1272 841 1355 896 vel
1389 850 1677 905 penetrare
1715 837 2012 899 valentem,
2043 840 2105 888 ut

517 940 753 986 conatur
797 933 999 988 cedens
1039 932 1446 1002 quodammodo
1494 931 1729 1001 quietem
1765 927 2101 996 experiatur,

522 1034 652 1077 tunc
689 1024 891 1078 merito
953 1024 1212 1093 loquendi
1242 1032 1456 1093 tempus
1484 1063 1499 1088 ,
1540 1023 1780 1079 breviter
1837 1032 2017 1077 tamen
2049 1029 2106 1075 et

519 1116 726 1171 ltivinze
762 1118 1154 1174 illnminationi
1188 1120 1433 1189 propria.

558 1256 561 1257 ν
587 1209 676 1265 58.
722 1210 956 1277 Quando
987 1226 1143 1265 mens
1173 1226 1272 1281 per
1299 1211 1509 1265 medias
1534 1224 1703 1279 aquas
1761 1209 2102 1280 spiritualem

516 1299 884 1369 Pharaonem,
914 1303 1075 1373 fugit,
1109 1304 1370 1374 fugatque
1398 1305 1676 1375 propriam
1713 1312 1926 1357 noctem
1962 1303 2102 1374 ignis

517 1397 919 1451 illuminatione
936 1408 990 1453 et
1016 1414 1173 1454 suam
1198 1399 1344 1454 diem
1376 1399 1574 1452 transit
1609 1413 1734 1452 cum
1778 1398 1940 1451 nubis
1973 1413 2101 1466 pro-

517 1488 793 1554 tectione,
829 1499 963 1547 tunc
1027 1508 1251 1547 rursum
1299 1493 1572 1549 benedicti
1632 1489 1832 1547 silentii
1890 1502 2104 1563 tempus

516 1581 672 1635 adest
716 1594 768 1637 et
800 1588 988 1652 pacis,
1040 1597 1095 1642 et
1149 1588 1365 1643 initium
1423 1593 1621 1645 anima:
1677 1592 2101 1660 purificationis.

514 1672 746 1736 Quando
781 1684 963 1731 autem
995 1680 1260 1734 terribilis
1289 1681 1593 1750 spiritualis
1622 1683 1863 1747 Amalec,
1899 1693 1949 1736 et
1979 1699 2102 1753 quae

516 1765 663 1818 illum
699 1780 1027 1837 sequuntur,
1062 1783 1251 1843 gentes
1275 1776 1935 1846 resistunt,prohibentes
1966 1795 2103 1849 quo-

519 1857 701 1911 minus
739 1878 893 1917 mens
929 1866 1313 1933 promissionis
1348 1879 1549 1923 terram
1587 1872 1907 1940 possideat,
1973 1880 2103 1928 tunc

516 1959 729 2018 tempus
784 1962 867 2007 est
898 1957 946 2008 ei
981 1956 1264 2027 loquendi,
1300 1961 1395 2015 sed
1428 1963 1495 2015 ad
1538 1962 1705 2017 Deum
1742 1966 1793 2017 in
1829 1962 2101 2032 spirituali

443 2093 452 2101 ,
512 2046 728 2099 actione
757 2057 811 2102 ct
850 2053 1193 2107 convenienti
1232 2045 1700 2123 contemplatiooe
1722 2074 1780 2113 se
1802 2056 2101 2129 dirigendi,

510 2147 568 2188 nt
610 2137 823 2208 Moyses
861 2141 990 2196 olim
1034 2147 1102 2199 ab
1157 2150 1375 2203 Aarone
1424 2158 1479 2202 et
1513 2147 1788 2209 Ormanus
1840 2155 2102 2210 extende-

506 2229 618 2284 baL

578 2324 666 2379 59.
712 2325 942 2391 Quando
973 2347 1038 2386 ex
1071 2333 1242 2388 divini
1287 2335 1455 2393 fontis
1477 2339 1774 2416 abysso-et
1813 2356 1878 2394 cx
1935 2341 2102 2411 spiri-

508 2419 638 2471 tnali
691 2423 875 2475 cordis
926 2439 1148 2491 aspectu
1201 2432 1431 2484 scaturrit
1487 2433 1796 2504 spiritualis
1835 2440 2119 2505 potentia,‘

508 2518 644 2561 tunc
720 2514 913 2570 silendi
963 2525 1181 2589 tempus
1238 2534 1342 2579 est.
1373 2527 1527 2581 Tunc.
1566 2530 1713 2583 enim
1752 2531 2103 2588 ineffabiliter

510 2601 797 2670 perficitur
827 2607 997 2661 menti
1028 2610 1205 2664 cultus
1242 2624 1295 2666 et
1327 2615 1577 2672 adoratio
1629 2617 1721 2673 Dei
1779 2620 1832 2675 in
1867 2621 2101 2677 veritate

507 2700 561 2746 et
593 2694 645 2744 in
681 2697 876 2764 spiritu
916 2714 972 2755 et
1000 2702 1076 2766 id,
1108 2719 1237 2759 vero
1258 2706 1643 2781 spiritualique
1670 2728 1862 2770 sensu.

576 2874 667 2931 60.
713 2879 945 2945 Quando
975 2900 1037 2937 ex
1067 2886 1337 2956 spirituali
1364 2890 1431 2943 ad
1464 2892 1634 2946 Deum
1662 2903 1881 2964 aspectu
1918 2897 2098 2952 omnis

504 2972 701 3027 anima:
758 2975 900 3031 ratio
956 2978 1145 3032 divino
1189 2993 1418 3053 stupore
1467 2988 1834 3057 adimpletur,
1869 2992 2096 3060 spiritus

504 3072 684 3119 autem
717 3069 950 3135 visione,
980 3083 1035 3125 et
1061 3074 1258 3130 animae
1287 3078 1676 3145 exsrtltatione,
1719 3083 2096 3139 indubitanter

486 3158 659 3214 adest
700 3159 892 3217 silendi
940 3174 1178 3234 tempus.
1215 3167 1272 3223 ln
1309 3170 1508 3237 spiritu
1559 3174 1706 3228 enim
1758 3177 2096 3233 sensibiliter

502 3253 790 3308 veritatem
823 3256 1083 3325 explieite
1119 3276 1277 3316 mens
1315 3266 1745 3334 contemplatur,
1778 3279 1835 3325 et
1866 3286 2094 3327 venera-

507 3348 596 3394 tur
616 3340 669 3394 in
703 3352 932 3413 stupore
957 3348 1199 3405 adorans
1228 3353 1400 3408 Deum
1451 3357 1543 3426 qui
1576 3358 1629 3412 in
1666 3360 1783 3430 ipsa
1819 3363 2091 3431 splendet.

571 3529 662 3585 61.
702 3531 805 3599 Qui
834 3534 886 3587 in
921 3536 1114 3605 spiritu
1150 3548 1204 3592 et
1226 3541 1462 3597 veritate
1498 3542 1665 3597 Deum
1697 3539 2093 3606 convenienter

504 3624 737 3680 adorant
765 3637 818 3682 et
870 3629 971 3698 ipsi
1003 3632 1293 3697 serviunt,
1330 3643 1390 3689 ut
1424 3637 1604 3706 decet,
1642 3654 1749 3693 non
1785 3642 1949 3695 modo
1980 3659 2089 3698 non

497 3719 550 3771 iu
577 3719 697 3774 loco
720 3736 845 3775 eum
880 3724 1111 3779 adurant
1136 3727 1296 3795 eique
1316 3731 1586 3795 serviunt,
1613 3735 1707 3786 sed
1731 3730 2091 3795 nihilominus

496 3816 768 3879 ardenter,
799 3831 977 3884 neque
999 3820 1052 3871 in
1077 3820 1368 3876 ratiocinio
1392 3830 1465 3884 et,
1493 3824 1786 3883 locutione.
1815 3827 2091 3895 Quemad-

498 3908 722 3963 modum
773 3912 920 3963 cnim
974 3912 1185 3968 directe
1225 3916 1464 3971 emissus
1521 3919 1827 3983 spiritualis
1866 3940 2087 3994 sensus,

499 4001 555 4055 itt
595 4003 1073 4073 circumscriptum
1121 4014 1177 4060 ct
1238 4009 1399 4078 cujus
1439 4013 1621 4068 nullus
1684 4025 1769 4070 est
1826 4020 2088 4085 requietis

497 4093 674 4162 locus,
712 4111 822 4149 non
858 4096 970 4150 vult
1004 4097 1056 4151 in
1092 4098 1211 4154 loco
1242 4103 1508 4171 adorare;
1551 4105 1624 4159 ita
1651 4121 1781 4161 sane
1812 4107 1888 4175 id,
1937 4111 2087 4179 quod

495 4186 672 4255 decet,
705 4190 1028 4257 observans,
1065 4208 1221 4249 mens
1274 4197 1492 4250 veritati
1543 4200 1861 4270 conjuncta,
1901 4203 2087 4259 inlini-

488 4274 604 4336 tum
676 4292 732 4338 et
800 4287 1248 4356 intertninatum,
1287 4298 1553 4347 aeternum
1610 4307 1665 4349 et.
1726 4297 1845 4350 sine
1910 4296 2084 4354 forma

491 4386 545 4431 ct
576 4375 819 4446 perfecte
850 4379 1155 4448 simplicem
1177 4391 1255 4446 et,
1294 4395 1352 4439 ut
1378 4401 1487 4441 uno
1513 4390 1683 4443 verbo
1713 4389 1915 4455 dicam,
1946 4391 2081 4447 Eum

462 4469 585 4537 .qui
607 4478 693 4523 est
730 4485 892 4539 supra
926 4481 1184 4539 mentem,
1221 4474 1513 4531 verborum
1550 4479 1814 4535 varietate
1844 4491 1897 4537 et
1931 4482 2085 4536 locu-

2136 1838 2232 1893 Β..

2208 504 2321 553 ται,
2381 492 2477 544 καὶ
2508 496 2645 565 πρός
2671 515 2734 563 γε
2793 501 2853 553 τὸ
2904 502 3152 572 ἄπειρον,
3189 508 3281 559 καὶ
3308 509 3555 581 ἀόριστον
3583 492 3753 572 ἐαύτὸν

2214 583 2315 632 νοεῖ
2341 581 2809 658 ἐπεκτεινόμενον,
2862 594 2956 645 καί
2992 593 3392 667 ἀλλοιούμενον,
3434 602 3553 659 τότε
3584 611 3753 679 καιρὸς

2206 669 2296 722 τοῦ
2331 673 2512 743 σιγᾷν.

2280 758 2372 825 νζ’,
2407 764 2576 818 Ὅταν
2605 766 2661 819 δὲ
2690 762 2801 823 οἷον
2851 774 2975 837 ταῖς
2999 779 3347 844 φανωτάταις
3399 784 3506 837 τῶν
3537 788 3752 857 ἔποψιῶν

2203 851 2563 923 ἀποκαμόντα
2609 860 2954 931 αἰσθάνηται,
3001 867 3096 920 καὶ
3143 868 3461 937 διεξοδεύειν
3503 877 3753 947 ἐθέλοντα,

2205 943 2291 1003 ἵνα
2334 947 2429 998 τοῦ
2460 948 2612 1001 τόνου
2667 954 2950 1021 καθυφεὶς,
2995 963 3183 1031 τρόπῳ
3233 964 3296 1031 γέ
3323 982 3402 1037 τῳ
3428 966 3557 1039 τύχῃ
3601 943 3758 1024 διαναλ

2207 1034 2486 1102 παύσεως,
2513 1039 2635 1092 τότε
2665 1046 2989 1112 πεφυκότως
3020 1052 3210 1120 καιρὸς
3242 1055 3335 1107 τοῦ
3361 1056 3558 1124 λαλεῖν,
3593 1062 3756 1131 μέντοι

2204 1123 2575 1196 βραχύλεκτα,
2614 1133 2709 1185 καὶ
2745 1136 2924 1190 οἰκεῖα
2955 1136 3105 1204 θείας
3137 1141 3473 1214 ἐλλάμψεως.

2280 1217 2385 1290 νη’.
2436 1220 2705 1293 Ὀπηνίκα
2756 1228 2785 1278 ὁ
2829 1229 2954 1292 νοῦς
2998 1231 3086 1284 διὰ
3116 1236 3299 1303 μέσων
3326 1238 3533 1294 ὑδάτων
3560 1243 3757 1313 διαφεύ-

2207 1325 2321 1376 γων
2370 1312 2461 1366 τὸν
2516 1316 2707 1384 νοητὸν
2759 1319 2979 1388 Φαραὼ,
3005 1323 3167 1377 δίεισι
3205 1328 3305 1397 τὴν
3337 1330 3471 1385 ἰδίαν
3525 1334 3682 1389 νύκτα
3707 1339 3757 1392 ἐν

2203 1406 2473 1476 φωτισμῷ
2504 1413 2697 1479 πυρὸς.
2741 1416 2835 1467 καὶ
2887 1418 2947 1469 ἐν
2997 1420 3173 1491 σκέπῃ
3209 1424 3441 1496 νεφέλης
3463 1427 3558 1500 τὴν
3584 1432 3754 1484 ἑαυτοῦ

2204 1497 2438 1568 ἡμέραν,
2492 1506 2747 1572 τηνικάδε
2800 1508 2859 1576 ἐξ
2909 1512 2998 1580 ἄρ’
3053 1513 3278 1583 εὐλόγου
3335 1497 3542 1591 σιωπῆς
3589 1526 3755 1594 καιῷς

2204 1590 2436 1659 πάρεστι
2466 1596 2561 1648 καὶ
2608 1598 2872 1669 ἡσυχίαςο
2933 1603 3028 1656 καὶ
3073 1606 3216 1678 ἀρχή
3258 1609 3338 1680 τῷ
3372 1590 3583 1685 ὃντιτῇ
3630 1590 3755 1686 ψυχῇ

2204 1683 2551 1755 καθάρσεως.
2585 1688 2754 1745 Ὅταν
2792 1691 2848 1746 δὲ
2872 1696 3047 1766 τούτῳ
3071 1699 3099 1751 ό
3128 1699 3301 1763 δεινὸς
3331 1683 3757 1776 νοητὸς

2207 1772 2527 1839 ἀντιϐαίνει,
2574 1780 2669 1832 καὶ
2724 1780 2792 1835 τὰ
2820 1783 3068 1854 ἑπόμενα
3119 1788 3271 1860 αὐτῷ
3326 1772 3476 1865 ἔθνη,
3508 1772 3756 1849 κωλύοντα

2215 1865 2304 1934 τὴν
2356 1867 2491 1936 πρὸς
2537 1869 2642 1940 γῆν
2672 1873 2773 1941 τῆς
2820 1876 3153 1944 ἐπαγγελίας
3185 1879 3378 1949 δίοδον,
3434 1885 3550 1939 τότε
3589 1888 3757 1956 καιρὸς

2207 1954 2503 2023 προσήκων
2553 1959 2648 2011 τοῦ
2698 1960 2902 2030 λαλεῖν,
2952 1967 3090 2020 ἀλλά
3133 1972 3269 2041 πρὸς
3308 1973 3440 2027 Θεὸν
3483 1978 3539 2027 ἐν
3583 1979 3756 2047 πράξει

2204 2049 2369 2118 νοερᾷ
2402 2050 2531 2127 ,καὶ
2599 2054 2813 2127 ἐοικυία
2862 2057 3066 2131 θεωρίᾳ
3120 2063 3626 2139 ὑποϐασταζομένῳ,
3682 2066 3761 2124 οἵα

2205 2141 2414 2212 Μωσῆς
2443 2144 2522 2215 τῷ
2550 2147 2719 2202 πάλαι
2756 2151 2862 2204 ὑπὸ
2903 2155 3113 2227 Ἀαρὼν
3139 2156 3216 2213 τὼ
3237 2163 3410 2230 χεῖρε,
3443 2165 3533 2215 καὶ
3563 2166 3676 2235 Ὣρ.

2267 2348 2368 2404 νϐ’.
2416 2350 2586 2409 Ἕπάν
2616 2357 2676 2423 ἐξ
2709 2360 2950 2418 ἀϐύσσου
2993 2370 3233 2437 πηγαίας
3260 2373 3432 2441 θείας,
3467 2380 3554 2430 καὶ
3578 2381 3753 2449 νοητῆς

2196 2440 2551 2515 ἀποϐλέψεως
2587 2451 2874 2521 καρδιόθεν
2910 2460 3151 2528 πηγάζει
3177 2440 3749 2541 ὃύναμιςπνευματικνή

2196 2530 2487 2603 βλύζουσα,
2559 2543 2794 2611 πάρεστι
2847 2553 3170 2618 πεφυκότως
3216 2560 3409 2627 καιρὸς
3448 2562 3538 2613 τοῦ
3588 2567 3748 2633 σιγᾷν.

2196 2625 2530 2699 Τοτηνικὰδε
2563 2636 2672 2707 γὰρ
2702 2638 2964 2712 ἀρρήτως
3004 2645 3239 2701 τελεῖται
3271 2650 3517 2722 λατρεία,
3552 2657 3639 2707 καὶ
3664 2656 3751 2724 μέν

2194 2734 2258 2787 γε
2291 2724 2662 2796 προσκύνησις
2712 2731 2790 2801 τῷ
2840 2734 2932 2802 νῷ,
2990 2736 3127 2789 Θεοῦ
3185 2741 3242 2792 ἐν
3296 2743 3525 2816 ἀληθείᾳ
3571 2751 3655 2800 καὶ
3700 2749 3748 2800 ἐν

2193 2812 2490 2884 πνεύματι,
2523 2821 2804 2877 καὶτοῦτο
2841 2825 3068 2900 ἀληθινῇ
3102 2831 3356 2902 αἰσθήσει
3386 2840 3566 2908 νοερᾷ.

2264 2903 2330 2970 ξ’.
2380 2908 2631 2965 Ἐπειδὰν
2682 2914 2743 2979 ἐξ
2795 2917 3152 2989 ἀποϐλέψεως
3186 2925 3326 2994 πρὸς
3369 2903 3745 3000 Θεὸν-νοερᾶς,

2190 2997 2377 3064 ἐξόλου
2415 3002 2476 3055 τὸ
2509 3005 2611 3072 μὲν
2660 3006 2971 3076 λογιστικὸν
3013 3015 3115 3081 τῆς
3152 3015 3334 3086 ψυχῆς
3385 2997 3747 3093 ἐμπέπλησται

2189 3090 2343 3157 θείας
2380 3095 2718 3168 ἐκπλήξεως,
2749 3101 2810 3155 τὸ
2836 3103 2891 3155 δὲ
2916 3107 3100 3176 νοερὸν
3126 3109 3395 3179 ὁράσεως,
3422 3116 3514 3166 καὶ
3538 3090 3633 3183 μέν
3654 3130 3745 3166 που

2121 3222 2163 3275 c
2188 3185 2618 3259 ἀγαλλιάσεωςή
2649 3194 2817 3264 ψυχὴ,
2847 3197 3277 3272 ἀναμφηρίστως
3310 3205 3435 3258 τότε
3461 3207 3641 3277 καιρὸς
3662 3206 3744 3259 τοῦ

2190 3280 2367 3365 σιγᾷν.
2413 3280 2501 3333 Ἐν
2526 3284 2808 3356 Πνεύματι
2835 3290 2942 3360 γὰρ
2981 3292 3322 3363 εὐαισθήτως
3368 3298 3468 3370 τὴν
3511 3299 3745 3367 ἀλήθειαν

2192 3349 2655 3442 συνεπτυγμένως
2735 3349 2861 3443 νοῦς
2886 3349 3085 3451 ἀφορᾷ,
3117 3349 3210 3437 καί
3243 3349 3499 3456 γεραίρει
3526 3349 3744 3459 πρὸσκυ-

2189 3459 2298 3515 νῶν
2335 3463 2396 3517 ἐν
2431 3464 2693 3534 ἐκπλήξει
2742 3469 2833 3522 τὸν
2867 3470 3280 3542 ἐλλαμπόμενον
3331 3478 3391 3530 ἐν
3425 3478 3568 3546 αὐτῷ
3605 3478 3740 3531 Θεόν.

2258 3552 2361 3620 Ea’.
2414 3558 2478 3610 Οἰ
2526 3558 2801 3629 πνεύματι
2858 3565 2949 3616 καὶ
3007 3565 3237 3638 ἀληθείᾳ
3273 3571 3626 3641 καταλλήλως
3663 3571 3743 3621 τὸν

2186 3645 2319 3702 Θεὸν
2370 3654 2826 3719 προσκυνοῦντες,
2881 3657 2975 3711 καὶ
3006 3659 3155 3730 αύτῷ
3199 3663 3550 3732 λατρεύοντες
3579 3665 3648 3727 ὡς
3677 3664 3744 3715 εἱ-

2186 3738 2303 3805 κὸς,
2326 3740 2387 3792 οὐ
2428 3742 2585 3810 μόνον
2616 3744 2716 3797 οὐκ
2743 3747 2801 3797 ὲν
2826 3747 2978 3817 τόπῳ
3005 3751 3375 3820 προσκυνοῦσι
3412 3756 3505 3808 καὶ
3533 3752 3741 3823 λατρεύο

2185 3844 2326 3892 ουσι,
2359 3831 2475 3884 ἀλλ’
2507 3834 2660 3887 οὐδὲν
2690 3830 2856 3907 ἦττον
2896 3838 2957 3903 ἐξ
2997 3842 3316 3911 ἐφαμίλλου,
3379 3847 3491 3899 οὐδ’
3531 3848 3586 3899 ἐν
3617 3845 3743 3913 λόγῳ

2168 3918 2263 4013 ’τῷ
2293 3923 2433 3976 κατὰ
2466 3928 2772 3997 προφορὰν.
2797 3928 3009 4003 Ὥσπερ
3042 3935 3153 4005 γὰρ
3180 3938 3213 4005 ἡ
3264 3935 3322 4001 ἐξ
3348 3937 3439 4008 ἀρ’
3470 3938 3744 4005 εὐθύτητος

2184 4014 2471 4084 ἀνηγμένη
2502 4018 2668 4088 νοερὰ
2695 4020 2971 4091 αἴσθησις,
3004 4023 3094 4077 τὸν
3118 4026 3550 4099 ἀπερίγραπτον,
3575 4031 3662 4081 καὶ
3688 4022 3740 4080 οὗ

2184 4104 2360 4167 οὐδεὶς
2396 4105 2561 4168 τόπος
2589 4106 2691 4177 τῆς
2726 4110 3128 4176 καταπαύσεως
3150 4152 3163 4176 ,
3215 4113 3416 4170 οῠκουν
3469 4118 3636 4171 ἐθέλει
3690 4118 3740 4169 ἐν

2182 4199 2332 4267 τόπῳ
2359 4201 2718 4267 προσκυνεῖν·
2751 4201 2895 4255 οὕτω
2942 4204 3214 4272 δήπουθεν
3262 4209 3322 4260 τὸ
3362 4208 3482 4262 δέον
3520 4206 3741 4278 τηροῦσα

2182 4290 2282 4357 τῆς
2335 4288 2595 4358 ἀληθείας
2645 4292 2891 4364 ἡμμένη,
2922 4294 3014 4347 τὸν
3048 4296 3303 4369 ἄπειρον,
3330 4299 3434 4379 ⁴καὶ
3487 4299 3739 4367 ἀόριστον.

2176 4385 2412 4456 ἄναρχόν
2455 4403 2515 4439 τε
2571 4387 2666 4441 καὶ
2718 4389 2974 4457 ἀνείδεον,
3015 4392 3110 4446 κάι
3149 4395 3350 4461 τελέως
3404 4395 3624 4461 ἁπλοῦν,
3651 4394 3736 4449 καί

2175 4475 2372 4539 ὑλικῶς
2399 4479 2576 4530 εἰπεῖν
2598 4479 2739 4549 ὑπὲρ
2768 4480 2913 4547 νοῦν,
2942 4482 3116 4552 λόγων
3143 4487 3409 4560 ποικιλίᾳ,
3429 4490 3522 4544 καὶ
3545 4484 3739 4563 ὁρίσμῷ

489 4564 657 4620 t'onis
716 4566 1097 4623 enuntiatione
1165 4569 1417 4639 adorare,
1472 4573 1638 4644 eique
1686 4585 2088 4645 consequenter

2187 4570 2457 4636 προφορᾶς
2520 4574 2888 4641 προσκυνεῖν,
2946 4577 3041 4629 καὶ
3098 4578 3384 4648 ἑπομένοις
3435 4581 3737 4651 λατρεύειν,

487 4665 695 4719 servire
724 4663 951 4719 minime
982 4664 1252 4733 sustinet;
1285 4680 1409 4721 cum
1436 4673 1653 4737 tempus
1673 4670 1886 4722 venerit
1908 4668 2078 4724 menti

484 4774 551 4812 cx
584 4758 949 4827 inspiratione
972 4758 1232 4828 Spiritus,
1265 4760 1467 4815 divinm
1488 4761 1739 4816 veritatis
1769 4762 2080 4834 cognitione

486 4852 813 4922 simpliciter
874 4852 1179 4921 illustrari;
1233 4869 1346 4923 quo
1397 4864 1660 4923 tempore,
1710 4855 1779 4909 ab
1823 4857 2079 4913 omnibus

483 4949 738 5001 absoluta
781 4961 935 5001 mens
981 4958 1037 5001 ct
1077 4944 1313 5017 seipsam
1370 4950 1690 5016 extrahens,
1743 4964 1855 5004 non
1918 4944 2079 5008 modo

485 5043 857 5113 phantasiam,
897 5043 991 5098 sed
1025 5054 1081 5117 et
1109 5044 1497 5114 cogitationem
1529 5046 1925 5116 exuit,qnippe
1956 5064 2078 5117 quae

483 5138 549 5191 iis
574 5153 692 5207 qum
724 5152 888 5207 supra
932 5138 1197 5203 rationem
1234 5151 1299 5191 ac
1333 5144 1572 5191 mentem
1615 5147 1766 5205 sunt,
1800 5142 2075 5209 spirituali

482 5231 690 5288 lumine
753 5247 876 5285 cum
926 5231 1113 5285 latitia
1179 5241 1234 5284 et
1255 5242 1506 5301 -stupore
1537 5232 1850 5299 adhaeserit,
1900 5250 2075 5305 eaque

482 5324 848 5396 contemplata
886 5324 975 5386 sit,
1014 5322 1333 5390 immobilis,
1368 5324 1725 5382 immutabilis
1761 5327 1900 5383 facta
1930 5348 2072 5401 quo~

481 5418 774 5473 damnodo
821 5416 1092 5488 spirituali
1146 5415 1241 5471 illo
1288 5425 1491 5472 conatu
1533 5429 1588 5475 et
1633 5437 1797 5492 supra
1834 5424 2071 5494 seipsam

482 5524 705 5568 υσθυε.

550 5785 639 5839 69..
683 5770 908 5857 Oportet
946 5795 1181 5845 mentem
1225 5787 1327 5842 sibi
1362 5786 1468 5860 ipsi
1511 5788 1879 5845 adluerrntcm
1912 5807 2070 5845 acru-

487 5887 600 5934 ratc
652 5879 991 5944 spiritualem
1028 5896 1184 5939 suam
1234 5882 1633 5939 restitutionem
1679 5882 1978 5955 prudenter
2009 5902 2069 5943 ac

2171 4658 2373 4729 ἥκιστα
2429 4662 2648 4719 πάντων
2713 4668 3037 4734 πεφυκότως
3081 4672 3364 4742 ἀνέχεταιο
3394 4677 3522 4743 ὅταν
3550 4670 3734 4744 δηλαδὴ

2175 4753 2369 4823 καιρὸς
2397 4754 2601 4829 ἐπέλθῃ
2629 4758 2708 4827 τῷ
2741 4758 2816 4829 νῷ
2849 4761 2912 4812 ἐκ
2953 4762 3053 4831 τῆς
3088 4764 3263 4834 ῥοπῆς
3318 4769 3412 4820 καὶ
3470 4763 3738 4824 ἐπιπνοίας

2172 4845 2267 4898 τοῦ
2300 4847 2642 4917 Πνεύματος,
2676 4851 2776 4920 τὴν
2825 4852 3122 4918 ἐπίγνωσιν
3168 4859 3270 4928 τῆς
3299 4858 3448 4923 θείας
3494 4857 3735 4925 ἀληθείας

2172 4939 2417 5004 ἐνοειδῶς
2474 4943 2909 5012 ἐναυγιίιξεσθσιι⁸
2974 4949 3111 5002 καθὸ
3172 4951 3391 5023 καιροῦ,
3438 4953 3734 5018 παντάπασι

2172 5030 2402 5085 καθόλου
2429 5034 2649 5089 πάντων
2681 5038 2950 5103 ἀπόλυτος
2972 5041 3001 5094 ό
3030 5042 3157 5107 νοῦς
3186 5030 3501 5108 καταστὰς,
3522 5044 3613 5098 καὶ
3646 5040 3733 5111 μὲν

2170 5122 2235 5195 δὴ
2286 5126 2379 5178 καὶ
2429 5127 2621 5180 ἑαυτὸν
2654 5129 2823 5194 ἐκϐὰς
2856 5133 3147 5203 ἀμηγέπη,
3182 5136 3244 5189 οὐ
3275 5137 3434 5207 μόνον
3490 5134 3731 5204 ἀφασίαν.

2171 5214 2307 5268 ἀλλὰ
2352 5216 2449 5269 καὶ
2500 5219 2763 5287 ἀνοησίαν
2817 5222 3056 5291 εὐλόγως
3087 5224 3222 5294 δῆτα
3258 5228 3447 5291 ἀσκεῖ,
3475 5226 3650 5288 eget;
3674 5218 3733 5273 τὰ

2171 5307 2407 5378 κρείττω
2437 5310 2530 5362 καὶ
2566 5311 2749 5380 λόγου,
2789 5316 2883 5369 καὶ
2914 5314 3006 5369 νοῦ
3034 5317 3111 5387 τῷ
3136 5318 3307 5390 νοερῷ
3339 5323 3477 5389 φωτὶ
3515 5317 3626 5387 μετ’
3649 5316 3733 5367 εὖ·-

2171 5401 2444 5472 φροσύνης
2481 5404 2577 5456 καὶ
2604 5405 2919 5475 ἐκπλήξεως
2942 5409 3340 5482 ἀσχολούμενος
3371 5413 3465 5466 καὶ
3504 5407 3730 5477 θεωρῶν,

2169 5493 2448 5565 ἀκίνητος,
2489 5498 2581 5551 καὶ
2613 5494 2958 5568 ἀμετάϐατος
3006 5504 3247 5574 ἀτεχνῶς
3297 5508 3362 5574 τῇ
3425 5499 3728 5572 ἀνομμάτῳ.

2170 5591 2396 5664 ἐπιϐολῇ
2447 5594 2636 5667 τρόπῳ
2694 5595 2758 5664 γέ
2787 5614 2865 5669 τῳ
2910 5599 3151 5668 γεγονὼς
3217 5601 3410 5654 ἐνώσει
3463 5602 3529 5670 τῇ
3604 5593 3733 5662 ὑπὲρ

2170 5683 2380 5740 ἑαυτόν.

2248 5777 2341 5847 ξβν.
2371 5780 2492 5852 Χρὴ
2519 5780 2611 5835 τὸν
2644 5782 2769 5837 νοῦν
2801 5784 2981 5856 ἑαυτῷ
3041 5788 3380 5858 προσέχοντα
3437 5796 3732 5853 παρατετηο

2174 5875 2429 5949 ρήμένως
2486 5876 2743 5934 διιθύνειν
2809 5880 2906 5952 τὴν
2964 5880 3101 5938 ἰδίαν
3154 5881 3350 5950 νοεράν
3413 5878 3732 5936 κατάστασιν
