4058 6506
373 419 472 481 897

1507 425 1604 487 DE
1645 424 1819 510 l’iTA
1862 421 2508 489 CONTEMl‘LATlVA

3528 450 3635 513 898

373 535 654 607 φρονίμως
708 553 767 590 τε
813 536 909 590 καὶ
953 537 1130 607 σοφῶς
1164 538 1258 592 σὺν
1285 539 1431 612 δίκῃ.
1466 543 1574 596 Καὶ
1607 543 1737 596 ὅταν
1760 544 1954 600 αἰσθά-

2053 546 2332 608 sapteuter
2358 557 2481 596 cum
2507 543 2718 607 iustitia
2749 547 3024 621 dirigere;
3056 563 3111 609 et
3143 555 3362 624 quando
3401 565 3636 617 senserit

375 629 754 699 νηται·ὲαυτὸν
789 628 1101 702 θεωροῦντα
1125 633 1194 686 τὰ
1231 633 1399 698 ἁπλᾶ,
1433 635 1527 689 καὶ
1553 638 1818 690 ἀτύπωτα
1853 640 1953 708 τῆς

375 720 653 790 θεολογίας
683 722 982 793 μυστήρια,
1012 725 1071 776 ὲν
1099 728 1277 796 σιωπῇ
1323 728 1502 798 ἡσυχῆ
1565 709 1818 782 ἵστασθαι
1859 731 1956 783 αὖ·

373 817 500 868 τίκα
529 817 630 870 οὐκ
656 815 967 886 ἀθαυμαστὶ
988 859 1002 882 ,
1043 817 1162 872 οὔτε
1200 819 1255 873 δὲ
1283 821 1388 892 μὴν
1421 823 1608 894 πόρρω
1636 823 1735 892 τῆς
1769 826 1958 893 σιιςετὲ-

377 926 477 979 ρας
511 910 738 981 καρδίας
767 911 1172 983 ἐνεργουμένης
1208 914 1264 965 ἐν
1290 903 1702 982 πνεύματακαῖ
1727 918 1826 987 μέν
1853 935 1955 971 που

373 989 813 1070 ἐλλαμπομὲνης.
850 1003 1055 1074 Καιρὸς
1093 1003 1202 1072 γὰρ
1243 1005 1364 1058 τότε
1401 1007 1462 1060 οὗ
1501 1009 1660 1078 μόνον
1724 1011 1956 1079 ἡσυχίας

373 1095 684 1165 αἰσθήσεων
720 1095 941 1149 πάντων
993 1099 1052 1163 ἐξ
1105 1098 1383 1169 αἰσθητῶν
1423 1102 1484 1154 τὸ
1535 1102 1786 1161 καθόλου,
1820 1104 1958 1156 ἁ).λά

376 1188 472 1240 καὶ
525 1187 741 1258 σιωπῆς
791 1189 945 1242 οὐδὲν
977 1185 1164 1262 ἦττον,
1217 1193 1530 1247 οὑτινοσοῦν
1571 1195 1958 1260 augeas-tom;

375 1277 538 1344 λόγου
561 1295 574 1310 ’
612 1279 814 1349 μᾶλλον
849 1280 950 1350 μὲν
980 1277 1074 1334 οὖν
1101 1285 1217 1347 τοῖς
1263 1289 1587 1354 γνωστικοῖς
1617 1288 1758 1346 τότε,
1811 1287 1864 1339 εἴ
1902 1303 1958 1339 τι

377 1369 481 1441 χρὴ
521 1371 712 1439 φάναι.
745 1373 839 1425 καὶ
877 1375 1069 1444 νοερᾶς
1103 1375 1315 1446 τριϐῆς,
1375 1377 1605 1448 ἡσυχίας
1652 1378 1746 1432 καὶ
1801 1377 1960 1430 ἀϐλε-

377 1464 510 1531 ψίας
537 1463 748 1534 καιρός.
779 1463 959 1528 Ὀλως
989 1465 1098 1538 γάρ
1121 1466 1204 1520 τοι
1236 1468 1296 1521 τὸ
1321 1469 1578 1538 ἀκίνητον
1611 1468 1957 1540 ἐπιτηδεύειν

377 1553 480 1618 δεῖ,
511 1555 569 1608 ἐν
603 1556 941 1626 αἰσθήσεσιν,
971 1558 1029 1610 ἐν
1059 1557 1260 1627 λόγοις,
1294 1561 1352 1612 ἐν
1385 1562 1657 1627 νοήσεσιν,
1685 1562 1752 1614 ἵν’
1775 1565 1801 1615 6
1834 1563 1958 1628 νοῦς

381 1649 707 1714 εὑθυϐόλως,
778 1653 871 1704 καὶ
1005 1652 1131 1724 χρὴ,
1184 1653 1492 1724 μονώτατος
1549 1657 1606 1708 ἐν
1661 1657 1959 1726 ἀποϐλέψει

382 1741 608 1796 ἑνοειδεῖ
655 1743 748 1797 καὶ
807 1745 1071 1815 μονοειδεῖ
1129 1746 1224 1800 τοῦ
1256 1747 1374 1812 ἑνὸς
1408 1747 1502 1803 καὶ
1536 1747 1699 1817 μόνου
1734 1747 1956 1813 τρισσοῦ

381 1832 518 1886 Θεοῦ
549 1833 645 1905 ἔχῃ
679 1834 1019 1906 ἐλευθερίως,
1041 1837 1182 1890 κατά
1211 1840 1410 1908 τρόπον
1433 1839 1673 1909 θεμιτὸν,
1694 1839 1790 1911 τὴν
1817 1841 1956 1912 ὑπὲρ
1976 1893 2017 1946 Β

629 1927 652 1946 ,Α
708 1927 809 1946 ,ην
874 1945 877 1946 ,
981 1929 996 1946 ς
1048 1931 1060 1946 .
1221 1931 1233 1946 .
1424 1934 1436 1946 .
1531 1933 1543 1946 .
1700 1933 1712 1946 .
1858 1933 1876 1946 .

379 1925 592 1980 ἔννοιαν
621 1927 879 1998 ἀπειρίαν
911 1929 1005 1982 καὶ
1038 1931 1324 2001 ἀναρχίαν,
1353 1934 1446 1985 καὶ
1477 1933 1576 1998 μέν
1603 1951 1664 2000 γε
1689 1933 1958 2003 ἀπεριλη-

377 2019 528 2088 ψίαν.
571 2021 663 2072 καὶ
711 2020 759 2073 τ’
815 2021 950 2074 ἄλλα
1004 2022 1256 2090 καθάπαξ
1305 2025 1502 2090 εἰπεῖν,
1548 2024 1619 2078 τὰ
1670 2024 1810 2090 θεῖα,
1862 2027 1960 2079 καὶ

381 2110 646 2183 ἄτρεπτα,
682 2113 776 2165 καὶ
803 2114 1046 2167 ἀπόλυτα
1081 2115 1342 2186 καθορᾷν,
1403 2116 1499 2169 καλ⁸
1542 2115 1794 2170 ὲνοῦσθαι
1831 2133 1958 2170 συν·

383 2205 746 2276 ηλλοιωμένος
777 2210 841 2278 τῇ
871 2208 1096 2280 θεωρίᾳ,
1125 2212 1221 2263 καὶ
1249 2209 1596 2280 ἡπλωμὲνος.
1627 2211 1722 2264 καὶ
1752 2211 1813 2263 τὺ
1835 2212 1960 2264 ὅλον

385 2297 624 2370 θεοειδὴς
673 2305 1057 2372 γεγενημένος,
1093 2307 1156 2374 τῇ
1187 2304 1306 2376 θείᾳ
1363 2305 1566 2377 χάριτι,
1619 2307 1716 2358 σὺν
1755 2306 1959 2374 εὐφρο-

388 2391 519 2461 σύνῃ
582 2395 675 2446 καὶ
732 2394 992 2463 θαύματι.
1043 2398 1198 2450 Ἐπεὶ
1235 2399 1291 2452 δὲ
1338 2400 1366 2451 6
1417 2399 1542 2462 νοῦς
1572 2400 1669 2466 τῆς
1701 2399 1960 2467 τοιαύτης

385 2482 602 2552 ἔχεσθαι
637 2487 1026 2550 καταστάσεως
1076 2488 1268 2559 ἤθελεν
1303 2488 1390 2553 ἂν,
1424 2490 1583 2560 εἴπερ
1635 2489 1784 2552 ἐνὸν,
1840 2489 1960 2544 ἀλλ’

382 2575 578 2630 οὔκουν
609 2577 891 2648 δεδύνηται
921 2580 1154 2650 τρεπτός
1205 2597 1267 2632 τε
1295 2579 1392 2645 ὢν,
1453 2581 1546 2634 καὶ
1579 2583 1833 2652 τρεπτοῖς
1866 2598 1961 2634 συ-

383 2666 513 2734 ζῶν,
539 2668 632 2721 καὶ
655 2671 1096 2740 συνηρμοσμένος
1127 2672 1392 2742 ἀμηγέπη
1417 2671 1654 2742 σώματι,
1687 2671 1782 2725 καὶ
1812 2671 1959 2740 πρά-

383 2777 558 2832 γμασι
607 2766 1034 2830 περιστατικοῖς,
1095 2765 1539 2834 ἐπιστημονικῶς
1584 2765 1669 2816 δεῖ
1720 2764 1795 2833 μὴ
1855 2766 1966 2818 ἑπ-

383 2853 969 2926 εσχοινίσθαι¹μακράν
997 2857 1094 2925 τῆς
1134 2855 1382 2919 ἐνοειδῶς
1409 2850 1763 2924 ἀποϐλέψεως
1793 2856 1962 2906 ἐκπε-

386 2948 515 3013 σὼν,
553 2948 684 3018 μηδὲ
719 2949 1176 3018 πολυρῥημονεῖν,
1216 2947 1352 3001 ἀλλά
1385 2948 1560 3018 μικρά
1612 2949 1710 3016 μὲν
1753 2947 1958 3014 λέγειν,

384 3041 477 3095 καὶ
505 3042 677 3095 ταῦτα
698 3041 754 3096 δὲ
783 3041 889 3096 τῶν
913 3042 1071 3095 θείων
1095 3042 1546 3112 ὲναυγασμάτων,
1597 3041 1664 3095 ἵν’
1705 3041 1768 3094 οὐ
1803 3041 1961 3110 μόνον

385 3133 579 3188 θᾶττον
607 3134 706 3206 ἔχῃ
738 3134 875 3206 προς
911 3134 1012 3205 τὴν
1073 3133 1168 3188 τοῦ
1221 3133 1356 3186 Θεοῦ
1398 3132 1541 3203 ὑπὲρ
1590 3131 1715 3186 νοῦν
1763 3131 1958 3184 ἕνωσιν

2049 631 2289 700 ερῐιιετιιιι
2343 634 2613 704 simplicia
2667 645 3128 712 contemplantem
3162 655 3215 701 et
3244 664 3351 702 nun
3407 649 3636 722 figurata

2049 723 2360 792 'l‘hi-ologitc
2411 733 2690 800 mysteria,
2739 734 2792 790 itt
2837 736 3059 793 silentio
3106 741 3401 809 tranquille
3447 746 3634 798 statim

2049 829 2196 866 stare
2221 831 2326 868 non
2359 816 2478 896 sine
2506 827 2756 888 stupore,
2788 839 2963 893 neque
2999 827 3158 896 longe
3181 843 3208 882 a
3241 830 3408 883 (οι-ἀρ
3437 833 3638 886 illumi-

2050 915 2180 960 nato
2211 909 2266 961 in
2299 892 2494 980 spiritu
2533 923 2806 984 agentem.
2843 917 2957 972 Non
2990 931 3074 974 est
3106 923 3454 978 solummodo
3499 935 3636 984 tvm-~

2048 1013 2148 1068 pus
2187 1015 2450 1056 sensuum
2477 1006 2720 1058 omnium
2747 1023 2810 1060 ex
2831 1011 3180 1065 sensibilibtts
3199 1014 3633 1083 tranquillitats,

2047 1091 2140 1144 sed
2165 1100 2217 1144 et
2247 1094 2449 1147 s‘lentii
2481 1110 2722 1166 quoque,
2762 1099 2910 1151 nttllo
2946 1102 3111 1155 verbo
3169 1105 3483 1160 accedente.
3522 1105 3636 1159 Iino

2049 1197 2181 1234 vero
2215 1181 2380 1251 igitur
2429 1193 2503 1247 et,
2541 1185 2585 1238 si
2621 1185 2748 1254 quid
2783 1197 3032 1256 oporteat
3079 1189 3281 1253 dicere,
3324 1191 3500 1247 ductis
3550 1204 3634 1248 est

2048 1273 2351 1340 spiritualis
2386 1277 2659 1342 cmrcitii,
2707 1279 2858 1346 pacis
2907 1289 2962 1332 rt
3006 1281 3362 1337 obscuritatis
3395 1296 3632 1355 tempus.

2047 1365 2288 1421 Omnino
2338 1369 2484 1421 enim
2539 1377 2670 1424 tunc
2711 1371 3064 1427 itnmobiliter
3109 1384 3257 1430 stare
3299 1388 3531 1444 oportet,
3581 1383 3632 1433 iu

2047 1458 2324 1522 sensibus,
2373 1460 2424 1513 in
2461 1461 2665 1526 verbis,
2699 1463 2753 1516 in
2786 1465 3234 1534 cogitationibus,
3270 1476 3328 1521 ιιι
3370 1484 3524 1525 mens
3554 1471 3636 1524 di-

2049 1563 2196 1608 recte
2227 1564 2280 1607 et
2325 1560 2604 1624 quomodo
2634 1566 2871 1627 oportet.
2905 1561 3022 1616 solo
3060 1563 3110 1614 in
3145 1563 3378 1630 simplici
3410 1576 3649 1632 aspectu-

2051 1647 2210 1700 uuius
2233 1655 2281 1699 et
2312 1647 2484 1702 solius
2508 1647 2635 1701 trini
2665 1649 2778 1713 Dei,
2799 1651 2986 1717 libere,
3011 1653 3175 1707 modo
3197 1654 3369 1720 licito,
3391 1655 3636 1710 inlinitu-

2047 1737 2228 1791 diuem
2259 1749 2311 1792 et
2340 1739 2702 1794 aeternitatem
2731 1757 2897 1809 supra
2923 1745 3311 1814 cogitationem
3347 1756 3402 1801 et
3430 1748 3637 1802 incotn-

2048 1828 2602 1894 prrltensiliilitatetn,
2660 1839 2716 1886 et
2762 1833 2892 1897 alia,
2935 1850 3042 1890 uno
3095 1836 3283 1904 verbo,
3342 1837 3527 1892 divina
3581 1849 3634 1891 et

2047 1918 2406 1973 immutabilis
2445 1929 2497 1974 et
2529 1923 2778 1976 absoluta
2829 1925 3013 1980 videre
3047 1935 3228 1996 queat,
3267 1937 3319 1980 ct
3378 1945 3504 1982 cum
3565 1929 3632 1982 iis

2045 2019 2254 2064 mutata
2284 2014 2754 2081 contemplatione
2783 2017 3080 2072 uniaturet
3107 2021 3336 2089 simplex
3365 2019 3636 2074 ciiiciatur

2043 2113 2096 2156 et
2128 2103 2236 2157 Deo
2267 2105 2492 2166 similis,
2523 2105 2706 2161 divina
2735 2111 2906 2178 gratia
2933 2125 3057 2164 eum
3093 2111 3276 2164 laetitia
3309 2122 3360 2166 et
3390 2115 3632 2167 admira-

2046 2195 2216 2249 tione.
2267 2195 2536 2263 Quoniam
2587 2209 2768 2254 autem
2809 2217 2962 2256 mens
3013 2203 3177 2258 talem
3221 2207 3628 2260 restitutionem

2047 2289 2180 2350 vult,
2217 2291 2261 2343 si
2309 2291 2466 2358 idipsi
2500 2293 2762 2360 possibile
2789 2294 2895 2360 sit;
2935 2311 3042 2348 non
3085 2305 3265 2349 autem
3311 2305 3508 2365 potest,
3547 2305 3634 2350 tit-

2046 2397 2170 2454 po:c
2199 2385 2505 2448 mutabilis,
2536 2396 2588 2442 et
2621 2401 2747 2440 cum
2796 2387 3156 2444 mutabilibus
3193 2391 3385 2444 vivens
3413 2399 3467 2444 et
3497 2405 3630 2444 con-

2041 2475 2257 2544 juncta,
2287 2486 2497 2532 etcum
2541 2493 2774 2549 corpore
2825 2481 2980 2536 unita
3027 2490 3082 2534 et
3125 2476 3340 2537 actibus
3375 2482 3627 2548 lunestis,

2013 2571 2222 2640 ,perite
2251 2579 2464 2638 Oportet
2491 2585 2610 2624 eam
2645 2587 2753 2626 non
2798 2571 2956 2642 longe
3005 2574 3158 2629 abire
3205 2593 3234 2649 ιι
3266 2576 3502 2644 simplici
3537 2591 3631 2630 as-

2044 2673 2202 2732 pectu
2245 2661 2607 2725 det-ideniem,
2639 2678 2817 2732 neque
2863 2663 3032 2718 multa
3095 2666 3241 2735 loqui
3269 2707 3282 2728 .
3326 2667 3420 2723 sed
3461 2683 3631 2737 pauca

2045 2757 2265 2826 quidem
2303 2753 2485 2809 dicere
2523 2761 2578 2808 et
2613 2757 2725 2809 litec
2763 2756 2828 2810 de
2871 2749 3074 2811 divinis
3122 2759 3524 2826 splendoribus.
3572 2775 3632 2815 ιιι

2046 2863 2153 2902 non
2184 2847 2348 2902 modo
2375 2846 2542 2901 citius
2576 2848 2751 2916 possit
2779 2847 2846 2901 ad
2882 2850 2972 2902 Dei
3006 2865 3169 2920 supra
3203 2867 3440 2906 nien'ein
3475 2854 3630 2906 uniu-

2045 2952 2168 2990 nem
2213 2935 2528 3004 confugere,
2573 2937 2670 2992 sed
2716 2948 2765 2992 et
2803 2953 2924 2993 eam
2974 2940 3232 2996 unionem
3279 2935 3630 3000 manifestius

2045 3029 2248 3082 sentiat
2303 3037 2359 3085 et
2413 3034 2914 3098 permanentiorem
2974 3031 3193 3087 habeat.
3249 3031 3303 3087 In
3357 3045 3623 3104 quantum

2044 3121 2190 3174 enim
2235 3137 2387 3177 mens
2437 3123 2690 3176 unionem
2729 3132 2785 3177 et
2829 3125 3281 3194 tranquillitatem
3329 3111 3533 3193 servat,
3572 3129 3624 3182 in

384 3213 539 3292 αὖθις
573 3229 942 3299 ἐπιστρέφειν,
985 3228 1122 3281 ἀλλά
1154 3227 1248 3280 καὶ
1275 3226 1594 3296 φανωτέρας
1631 3224 1959 3292 ἐπαίσθηται

2050 3221 2258 3267 tantum
2313 3216 2432 3283 ejus
2486 3215 2552 3268 ad
2613 3215 2854 3270 divinam
2907 3219 3167 3270 uninm-in
3221 3221 3508 3274 conversio
3572 3221 3629 3274 fit

383 3323 482 3394 τῆς
545 3322 813 3388 ὲνώσεως,
873 3323 1026 3376 οὐδὲν
1065 3323 1123 3375 δὲ
1168 3316 1332 3394 ἦττον
1382 3323 1477 3376 καὶ
1526 3321 1961 3392 ὲπιμονωτέρας.

387 3420 630 3474 Καθόσον
663 3421 770 3488 γὰρ
799 3419 828 3472 6
853 3416 979 3480 νοῦς
1003 3417 1061 3470 τὸ
1089 3417 1532 3485 συνεπτυγμένον
1565 3414 1847 3483 φυλάσσει,
1869 3415 1965 3468 καὶ

2047 3307 2234 3370 citius,
2257 3314 2310 3360 et
2338 3306 2668 3362 clarioribus
2701 3308 3082 3378 splendor-ilius
3115 3311 3303 3364 unitur
3331 3321 3385 3368 et
3417 3312 3628 3367 facilio-

2045 3397 2221 3464 ribus,
2255 3399 2518 3453 continua
2551 3399 2640 3454 illa
2673 3414 2796 3454 cum
2825 3401 3024 3454 divinis
3051 3406 3486 3459 conversatione.

382 3512 670 3581 ἀδιάχυτον
715 3511 1094 3579 ὁπωσδήποτε,
1134 3511 1280 3566 κατά
1336 3511 1593 3567 τοσοῦτον
1624 3513 1658 3584 ή
1697 3511 1908 3583 στροφὴ
1941 3511 2112 3565 αὐτοῦ
2140 3511 2176 3584 ἧ
2211 3527 2274 3581 γε
2331 3511 2470 3582 πρὸς
2501 3513 2600 3582 τὴν
2631 3511 2786 3563 θείαν
2823 3509 3022 3562 ἕνωσιν
3057 3508 3248 3578 τάχιον
3277 3510 3514 3576 γίνεται,
3544 3511 3640 3564 καὶ

385 3609 732 3678 φανωτέραις
780 3605 1000 3660 ἑνοῦται
1043 3610 1164 3672 ταῖς
1195 3606 1616 3682 μαρμαρυγαῖς,
1651 3612 1746 3665 καὶ
1804 3611 1906 3681 μέν
1939 3624 2006 3678 γε
2041 3608 2446 3678 γονιμωτέραις
2487 3607 2566 3677 τῷ
2601 3608 2820 3676 συνεχεῖ
2853 3605 3073 3667 πάντως
3097 3605 3235 3674 πρὸς
3267 3605 3338 3658 τά
3369 3605 3489 3658 θεῖα
3519 3622 3645 3658 συν-

383 3699 608 3768 εθισμῷ.

455 3791 554 3860 ξγ’.
589 3793 848 3846 -Ἑπειδὲιν
871 3797 932 3865 τῇ
966 3795 1086 3866 θεία
1113 3796 1338 3848 ἐνοειδεϊ
1373 3797 1710 3868 ὲκφαντοριᾳ
1744 3797 1808 3850 ἐκ
1833 3812 1956 3848 vo:-

385 3885 484 3955 ρᾶς
510 3883 864 3954 ἀποϐλέψεως
889 3887 916 3938 6
945 3885 1068 3948 νοῦς
1117 3886 1490 3956 προσπάσχων
1515 3887 1830 3956 ἠλλοίωται,
1863 3885 1966 3940 καὶ

383 3974 460 4046 τῷ
504 3975 770 4048 ἀγνώστῳ
828 3978 1271 4049 περιαυγὰζηται
1329 3980 1408 4051 τῷ
1456 3982 1639 4050 πάσης
1700 3979 1960 4034 ἐπέκεινα

383 4069 659 4138 γνώσεως,
695 4070 1002 4144 ἀδιαίρετός
1035 4086 1095 4123 τε
1123 4069 1584 4134 ἀποκαθίσταται,
1612 4071 1707 4124 καὶ
1729 4069 1958 4135 ἁπλοῦς,

387 4159 480 4210 καὶ
509 4157 781 4226 ἀόριστος,
807 4157 884 4222 ὡς
905 4158 971 4212 ἀν
1006 4159 1111 4213 ὑπὸ
1133 4160 1333 4230 γνόφον
1359 4161 1576 4226 ὲνιαίως
1609 4164 1973 4234 καταλαμπό-

389 4264 584 4316 μενος,
647 4248 844 4312 κάλλος
909 4249 1328 4322 ἀπερίγραπτον
1391 4251 1612 4323 θεωρῶν
1665 4255 1970 4324 ἁπλότητος

387 4336 659 4409 ὑπερὸοτῇ
682 4353 696 4368 °
731 4339 970 4393 ἀνείδεον
1003 4341 1208 4405 παντὸς
1234 4343 1409 4406 εἴδους
1441 4343 1706 4416 ὑπεροχῇ,
1733 4345 1970 4416 ἄναρχον

2130 3795 2223 3850 65.
2244 3795 2540 3864 Postquam
2566 3809 2719 3849 mens
2732 3792 2976 3848 divinam
2996 3809 3059 3850 ac
3097 3793 3400 3863 simplicem
3420 3793 3646 3846 manife-

2063 3889 2354 3942 stationem
2377 3902 2442 3942 ex
2473 3885 2744 3952 spirituali
2776 3893 2997 3954 aspectu
3057 3898 3222 3954 passa
3297 3891 3404 3947 est,
3439 3895 3491 3938 et
3555 3887 3644 3938 illa

2060 3978 2398 4032 obscuritate
2446 3976 2756 4032 illuminata
2799 3986 2904 4041 est,
2935 3992 3058 4048 quae
3090 3991 3254 4046 supra
3301 3992 3520 4031 omnem
3554 3993 3648 4030 eo-

2061 4071 2365 4144 gnitionem
2416 4079 2522 4137 est,
2579 4069 3038 4134 indivisibilis'tue
3089 4068 3387 4124 constituta
3427 4079 3530 4134 est,
3593 4079 3646 4120 i-t

2059 4165 2318 4236 simplex,
2348 4171 2402 4218 et
2445 4160 2892 4216 indeterminata.
2927 4169 3186 4228 tauquam
3221 4159 3544 4228 simpliciter
3590 4161 3644 4214 iu

2063 4257 2304 4314 tenebris
2370 4255 2672 4320 illustrata,
2737 4249 3274 4320 incircumscriptam
3339 4249 3647 4320 pulchritu-

2063 4351 2245 4407 dinem
2277 4346 2650 4418 simplicitatis
2680 4359 2912 4400 excessu
2941 4342 3366 4413 contemplatur.
3395 4341 3636 4398 Pulchri-

389 4426 684 4498 ὑπερθέσει
762 4429 944 4500 πάσης
1018 4431 1198 4504 ἀρχῆς
1265 4434 1616 4506 δπηδήποτε·
1675 4437 1807 4490 αὐτὸ
1871 4435 1964 4507 μὲν

2064 4445 2309 4500 tudinem
2344 4441 2496 4497 videt
2524 4455 2644 4509 qua:
2673 4453 2890 4492 omnem
2931 4436 3164 4492 formam
3196 4445 3446 4505 supera',
3483 4445 3644 4489 aeter-

386 4519 779 4594 ἀπερίληπτον,
804 4522 1060 4579 ἁπάντων
1083 4525 1140 4579 δὲ
1152 4526 1276 4589 τοὺς
1303 4527 1484 4597 ὅρους,
1507 4527 1604 4581 καὶ
1627 4527 1724 4597 τὴν
1739 4531 1964 4582 ὁποιαν-

2062 4553 2212 4602 nam,
2243 4534 2446 4606 quippe
2489 4548 2611 4603 quia
2657 4546 2820 4587 omne
2853 4530 3180 4600 principium
3225 4536 3467 4597 superet.
3519 4525 3642 4597 Ipsa

387 4612 482 4666 οῦν
542 4614 811 4686 περιοχὴν
844 4615 1033 4670 ἐνόντα
1083 4619 1140 4670 ὲν
1171 4618 1342 4690 αὐτῷ,
1391 4619 1568 4674 πάντα
1600 4619 1842 4690 πληροῦν
1895 4622 1964 4686 ὡς

2061 4601 2282 4702 quidem
2309 4601 2759 4698 ea'pulchritudo
2785 4621 3358 4692 incomprehensibilis
3384 4627 3490 4685 est,
3519 4636 3642 4673 om-

387 4705 768 4778 ὑπέρπληρες,
810 4707 1024 4763 αὑτὸδὲ
1063 4709 1292 4782 ἄπειρον
1331 4710 1414 4776 δν,
1447 4711 1742 4766 συνελόντα
1771 4713 1964 4780 εἰπεῖν,

2066 4723 2216 4778 nium
2255 4721 2521 4776 terminos
2551 4728 2606 4774 et
2639 4717 2936 4789 quamlibet
2985 4711 3554 4784 comprehensionem,
3589 4711 3646 4765 in

387 4798 628 4868 ὁπηνίκα
677 4801 746 4870 τῇ
777 4800 1014 4876 ,πάντων
1035 4800 1144 4854 τῶν
1174 4801 1346 4856 ὄντων
1367 4803 1641 4875 ὑπεροψίᾳ
1681 4805 1744 4859 ὲν
1775 4807 1843 4876 τῇ
1873 4805 1970 4859 τοῦ

388 4889 511 4955 ἐνὸς
563 4870 787 4964 ἐποψίᾷ
822 4893 980 4948 πάντ’
1011 4892 1214 4964 ὅψηται
1257 4870 1488 4968 ἀρρήτω
1514 4870 1659 4967 λόγω
1687 4870 1970 4967 δυνά-μεως

389 4980 711 5060 νοερότητος
736 4983 879 5057 ὑπὲρ
911 4985 1128 5058 νόησιν’
1165 4991 1283 5054 τότε
1313 4989 1503 5061 καιρός
1542 4989 1636 5044 τοῦ
1681 4992 1842 5062 σιγᾷν
1875 4993 1973 5046 καὶ

394 5077 673 5146 μυστικῶς
699 5077 791 5130 καὶ
823 5079 1232 5150 ὕπερκοσμίως,
1279 5081 1336 5154 ἢ,
1387 5083 1452 5136 ἵν’
1511 5083 1684 5148 οὕτως
1735 5083 1977 5156 εἴποιμι,

390 5167 728 5238 ἀνομμάτως
783 5170 880 5224 καὶ
912 5170 1196 5242 ἀλαλήτως
1224 5173 1324 5245 τὴν
1357 5175 1602 5248 μονοειδῆ
1654 5177 1870 5248 τρυφᾷν
1915 5179 1974 5230 ὲν

390 5258 642 5334 θειοτέρα
675 5263 873 5334 μυήσει
917 5264 1019 5336 τῆς
1058 5265 1318 5338 ἀληθείας
1353 5267 1676 5324 ἀπόλαυσιν.
1715 5270 1884 5322 Ἐπάν
1917 5267 1975 5323 δὲ

391 5351 460 5405 τά
482 5356 751 5426 εἰρημένα
783 5357 897 5428 ἀπῇ
933 5357 1042 5410 ἀπὸ
1069 5357 1187 5425 νοῦ,
1235 5359 1331 5413 καὶ
1388 5360 1516 5428 περὶ
1565 5361 1730 5415 αὑτὸν
1779 5363 1977 5432 ὁρᾶται,

391 5443 675 5516 διαίρεσις,
735 5446 1051 5517 τοτηνικάδε
1083 5448 1276 5520 καιρὸς
1318 5448 1413 5502 τοῦ
1461 5449 1676 5504 λαλεῖν·
1719 5453 1973 5522 μέντοιγε

391 5534 572 5591 λαλεῖν
621 5537 722 5608 τῆς
764 5539 1062 5610 ἀναγωγῆς
1107 5541 1244 5612 πρὸς
1304 5542 1466 5614 σιγὴν
1527 5541 1672 5607 ἀξια.
1726 5545 1978 5614 Κρείττω

391 5630 501 5702 γάρ
522 5647 604 5684 τοι
637 5631 702 5685 ὲκ
735 5631 932 5685 πολλοῦ
962 5631 1054 5686 τοῦ
1083 5635 1364 5704 περιόντος
1395 5636 1426 5706 ή
1459 5635 1602 5706 ὑπὲρ
1641 5636 1821 5705 λόγον,
1850 5639 1884 5708 ἢ
1912 5654 1976 5706 γε

2066 4831 2126 4873 se
2157 4814 2376 4879 uniens,
2425 4810 2609 4867 omnia
2643 4807 2874 4879 impletis
2921 4816 3175 4874 tanquam
3217 4801 3556 4874 plenissima,
3591 4810 3646 4856 et

2065 4909 2186 4982 ipsa
2235 4905 2468 4970 inﬁnita,
2513 4913 2570 4958 ut
2617 4917 2726 4957 uno
2759 4904 2922 4956 verbo
2967 4897 3167 4954 dicam.
3214 4895 3444 4962 Quando
3477 4893 3647 4964 igitur

2069 5015 2226 5056 mens
2254 4997 2500 5055 omnium
2547 5009 2730 5049 rerum
2765 4997 3078 5058 contemptu
3111 4989 3162 5042 in
3213 4987 3378 5042 unius
3419 4997 3649 5056 aspectu.

2053 5094 2240 5150 omnia
2299 5091 2446 5144 videt
2495 5085 2752 5142 ineiiabili
2816 5081 3114 5152 spiritualis
3165 5076 3419 5149 potentiae
3475 5092 3646 5146 supra

2057 5183 2442 5256 cogitationem
2469 5181 2698 5245 ratione,
2723 5187 2853 5232 tunc
2881 5173 3072 5231 silendi
3099 5179 3320 5240 tempus
3339 5179 3393 5225 et
3413 5169 3641 5241 mystice

2057 5295 2123 5336 ac
2155 5273 2668 5348 supernaturaliter,
2697 5277 2813 5335 aut,
2856 5279 2914 5322 ιιι
2950 5269 3020 5320 ita
3067 5265 3272 5341 dicam,
3319 5264 3437 5319 sine
3468 5263 3652 5318 ot-ulis

2057 5381 2112 5428 et
2137 5371 2256 5425 sine
2279 5383 2412 5424 voce
2436 5363 2776 5434 simplicibus
2795 5360 3008 5416 deliciis
3027 5359 3080 5412 in
3109 5355 3454 5413 divinissimo
3477 5354 3647 5408 silen-

2057 5462 2136 5516 tio
2187 5455 2420 5514 fruendi.
2480 5453 2709 5521 Quando
2739 5464 2870 5506 vero
2897 5447 3147 5520 praedicta
3178 5445 3370 5500 absunt
3401 5459 3434 5498 a
3465 5452 3646 5497 mente

2058 5565 2112 5610 et
2131 5555 2186 5608 iu
2213 5553 2326 5624 ipsa
2351 5551 2564 5604 videtur
2585 5544 2807 5610 divisio,
2833 5553 2962 5626 tunc
2987 5551 3202 5610 tempus
3223 5536 3480 5608 loquendi
3503 5551 3520 5604 ;
3545 5534 3644 5591 sed

2058 5664 2122 5704 ca
2155 5644 2408 5714 Ιοιμιοηιιί
2435 5656 2556 5712 qua:
2585 5639 2651 5694 ad
2683 5637 2962 5694 silentium
2987 5635 3188 5691 ducere
3221 5631 3448 5702 possint.
3473 5629 3648 5684 Multo

393 5721 654 5797 ἔγκαιρος
682 5725 883 5794 λέγοιτ’
914 5725 982 5782 ἂν
1013 5728 1108 5780 καὶ
1147 5727 1292 5797 μάλα
1314 5729 1542 5794 εἰκότως
1561 5772 1576 5797 ,
1620 5729 1770 5802 σιγὴ.
1813 5729 1964 5798 λόγοι

2061 5741 2208 5796 enim
2253 5738 2450 5791 melius
2476 5741 2562 5788 est
2599 5731 2650 5785 id
2697 5745 2860 5799 supra
2894 5727 3164 5782 rationem
3195 5732 3250 5779 et
3277 5735 3648 5794 opportunum

395 5817 634 5882 παντός·
695 5818 834 5872 καθὸ
886 5821 982 5874 καὶ
1029 5819 1284 5887 Σολομὼν
1345 5823 1374 5875 ὁ
1429 5822 1572 5875 πάνυ
1623 5819 1964 5893 προτεταχὼς

2063 5829 2370 5887 silentium,
2400 5825 2574 5880 multo
2599 5823 2846 5891 inquam,
2871 5817 3066 5873 melius
3093 5817 3240 5870 omni
3267 5815 3476 5870 ratione
3499 5812 3654 5868 dice-

396 5913 644 5981 ταυτηνῖ,
679 5911 886 5984 Καιρδς
910 5911 1004 5968 τοῦ
1039 5914 1219 5983 σιγᾷν,
1251 5909 1370 5968 εἷτα
1402 5915 1593 5985 καιρδς
1637 5914 1731 5968 τοῦ
1763 5915 1964 5981 λαλεῖν,

2063 5931 2250 5986 retur;
2281 5928 2338 5974 ut
2365 5919 2434 5973 ait
2463 5917 2747 5981 Salomon,
2771 5913 2862 5983 qui
2889 5909 3034 5968 istud
3061 5909 3339 5966 silentium
3365 5919 3646 5964 commen-
