4058 6522
422 458 528 522 839

1580 452 1925 515 CALLISTI
1970 446 2590 517 CATAPHUGIO'DE

3599 461 3703 519 000

421 576 515 627 .zat
562 570 758 627 direns
793 587 809 624 :
845 574 1067 638 tempus
1114 565 1357 631 taremli,
1407 564 1611 622 deinde
1659 576 1877 637 tempus
1939 567 2021 619 lo-

2125 569 2311 638 ερησίν.
2346 570 2606 639 Ἄριστον
2641 567 2745 640 μὲν
2800 568 2892 622 καὶ
2941 567 3008 639 δὴ
3060 568 3161 640 τῆς
3212 565 3435 640 πρώτης
3487 568 3702 639 μοίρας.

419 663 653 737 quendi.
707 661 987 731 Optimum
1055 658 1279 728 quidem
1354 667 1438 713 est
1500 658 1781 715 silentium
1860 673 2023 727 agere

422 762 818 827 Opportunum.
846 752 901 808 Si
931 767 1059 807 vero
1085 751 1217 806 illud
1247 753 1488 806 nondum
1517 752 1686 817 adsit,
1710 752 1752 805 si
1780 752 2021 806 nomium

418 868 578 908 meus
621 853 686 907 οτι
737 865 800 905 ea
837 865 959 920 qua:
1011 863 1177 918 supra
1227 849 1499 902 tationem
1560 855 1691 902 sunt
1728 847 2021 915 simplicia,

422 942 755 1015 pervenerit,
780 942 876 997 sed
905 949 1279 1012 opportunum
1307 940 1378 993 sit
1407 938 1551 1009 loqui
1575 955 1590 1006 ;
1629 940 1678 992 id
1717 940 2021 994 secundum

421 1040 530 1105 sit;
563 1038 635 1091 ita
673 1045 733 1090 ttt
763 1044 1054 1106 cognatum
1105 1033 1177 1087 sit
1211 1033 1361 1102 loqui
1395 1042 1446 1085 et
1483 1033 1706 1101 silentio
1757 1034 2023 1097 vic'num,

422 1127 885 1200 quemadmodum
922 1126 1085 1180 silere
1116 1126 1559 1189 commendatur,
1590 1124 1663 1178 ita
1696 1139 1829 1178 sane
1859 1138 1910 1179 et
1944 1127 2025 1179 le-

423 1220 517 1290 qui
548 1230 856 1289 Ojtp'tt‘lttttc
892 1217 1341 1284 cotmnemlrtur;
1378 1223 1432 1271 et
1477 1217 1543 1271 ad
1592 1211 1866 1272 silendum
1901 1234 2026 1284 per-

426 1311 612 1365 venire
676 1309 1001 1362 festinemus
1061 1306 1247 1360 divina
1316 1307 1590 1376 loquendo
1649 1317 1704 1361 et
1764 1308 2025 1364 ceutimte

426 1402 765 1467 meditando,
825 1412 879 1455 et
933 1399 1270 1453 creationem
1318 1400 1743 1469 conn-nt’planelo
1794 1402 2025 1471 ejusque

425 1496 765 1550 conditorem
799 1493 1140 1563 aspiciemlo,
1176 1504 1438 1560 quantum
1475 1508 1772 1561 possumus
1805 1507 2025 1549 creatu-

426 1602 655 1655 ramque
690 1586 855 1640 Deum
889 1596 1235 1640 enarrantem
1275 1586 1571 1640 audiendo.
1628 1578 1877 1657 Illttdque
1941 1596 2028 1643 est

425 1692 732 1750 opportune
780 1680 948 1750 loqui.
1001 1678 1223 1749 Oportet
1269 1680 1439 1749 igitur
1484 1679 1615 1734 illttd
1650 1680 2025 1751 inteliigcnter

425 1774 669 1844 signiﬁca
680 1789 754 1828 rc.

496 1868 587 1922 6i.
627 1866 920 1935 Postquam
953 1865 1142 1919 omnia
1181 1881 1336 1920 mens
1380 1867 1715 1936 perrurrerit
1747 1882 1812 1923 ac
1842 1875 2026 1924 trans-

2123 662 2287 734 σιγὴν
2315 662 2472 732 ἄγειν
2499 663 2780 734 ἐγκαιρον.
2809 662 2870 716 Εἰ
2891 662 2952 716 δέ
2974 679 3052 733 πη
3078 661 3250 734 μήπω
3275 662 3506 733 πάρεστι.
3526 660 3702 721 τοῦτο,

2124 757 2261 826 μηδὲ
2294 774 2358 826 γε
2392 756 2500 828 μὴν
2528 758 2608 821 είς
2639 754 2709 810 τά
2740 754 2884 826 ὑπὲρ
2908 754 3072 824 λόγον
3094 757 3123 808 ὁ
3145 752 3273 819 νοῦς
3303 753 3555 818 ἑνοειδῶς
3581 755 3705 808 ἔπιε

2122 850 2331 915 ϐάλλοι,
2388 852 2526 906 ἀλλά
2564 851 2627 905 τὸ
2676 849 2810 921 γοῦν
2853 850 3036 904 λαλεῖν
3084 848 3383 920 ὲγκαίρως,
3445 847 3593 904 Em
3638 848 3709 920 id;

2121 944 2408 1015 δεύτερον⁶
2470 944 2559 997 ἴνα
2592 943 2648 997 δέ
2686 960 2791 1015 περ
2823 941 3089 1012 συγγενὲς
3137 943 3224 1010 εἴη
3278 940 3340 994 τὸ
3376 940 3578 1009 λέγειν,
3612 939 3708 994 καὶ

2123 1038 2261 1108 πρὸς
2296 1037 2358 1092 τὸ
2394 1038 2556 1109 σιγᾷν
2587 1037 2880 1106 σύνεγγυς,
2905 1035 2981 1099 ώς
3006 1035 3065 1088 τὺ
3097 1037 3279 1106 σιγᾷν,
3306 1030 3449 1086 οὕτω
3479 1049 3581 1086 που
3611 1033 3707 1087 καὶ

2122 1127 2182 1182 τὸ
2211 1128 2393 1182 λαλεῖν
2411 1127 2708 1199 ,ἐγκαίρως
2762 1125 3143 1191 ὲπιτελείσθω,
3196 1125 3290 1178 καὶ
3326 1124 3464 1191 πρὸς
3510 1123 3571 1179 τὸ
3627 1124 3704 1196 μὴ

2123 1220 2310 1274 λαλεῖν
2338 1221 2514 1275 ἐλθεῖν
2536 1219 2866 1286 ἐπειγέσθω,
2890 1217 2971 1290 τῷ
2988 1217 3070 1272 ητά
3095 1218 3217 1271 θεῖα
3241 1217 3429 1271 λαλεῖν
3455 1217 3550 1270 καὶ
3586 1215 3700 1269 δια-

2123 1311 2365 1365 νοεῖσθαι
2414 1310 2705 1381 διηνεκῶς,
2761 1311 2857 1364 κα)⁵
2900 1311 3034 1381 ὁρᾷν
3053 1310 3173 1402 χτὴν
3220 1308 3419 1373 κτίσιν,
3463 1309 3556 1362 καὶ
3610 1309 3701 1362 τὸν

2125 1404 2369 1475 κτίστην
2398 1404 2574 1473 αὐτῆς
2608 1402 3052 1473 ὲνοπτρίζεσθαι,
3080 1403 3179 1473 ὅση
3205 1401 3458 1472 δύναμις,
3489 1401 3703 1471 διηγου-

2125 1495 2294 1566 μένης
2328 1497 2456 1566 περὶ
2487 1495 2677 1550 αὐτοῦ.
2723 1495 2834 1549 Καὶ
2866 1495 3026 1548 τοῦτό
3064 1497 3181 1548 ἐστι
3211 1494 3273 1549 τὸ
3302 1494 3571 1565 ὲγκαίρως
3611 1495 3704 1547 λα·

2119 1589 2247 1648 λεῖν,
2310 1588 2432 1660 Χρὴ
2466 1589 2523 1642 δὲ
2570 1587 2679 1660 ἄρα
2707 1589 2804 1643 καὶ
2847 1588 3047 1642 οὑτωσί
3084 1606 3203 1653 πως
3233 1588 3557 1643 διαλαϐόντα
3584 1590 3704 1641 ἐπι-

2123 1680 2495 1751 σημήνασθαι.

2199 1866 2290 1932 ξδ’.
2322 1868 2492 1921 Ἐπάν
2514 1870 2692 1922 πάντα
2722 1871 2750 1923 ὁ
2775 1868 2897 1933 νοῦς
2923 1868 3116 1934 διαϐὰς
3148 1869 3215 1924 τὰ
3238 1870 3386 1942 τῇδε,
3414 1871 3507 1925 καὶ
3535 1870 3704 1945 ὑπερ-

424 1960 671 2014 erndeiit
705 1959 939 2013 naturali
986 1959 1167 2024 modo,
1220 1971 1274 2014 et
1312 1969 1565 2014 amanter
1619 1961 1856 2026 siluerit,
1895 1970 2028 2020 tunc

2124 1962 2335 2027 αναϐἀς
2393 1962 2611 2034 φυσικῷ
2643 1963 2853 2034 τρόπῳ,
2917 1962 3206 2026 ἀσπασίως
3238 1963 3430 2034 σιγῴη,
3459 1964 3578 2018 τότε
3618 1982 3702 2021 τοι

423 2062 641 2120 tempus
695 2062 780 2106 est
832 2052 1327 2121 Superoaturaliter
1382 2064 1436 2107 et
1488 2054 1719 2108 tacenvlo
1772 2054 2021 2113 fruendi.

422 2144 666 2213 Tempus
690 2144 1113 2200 illuminationis
1135 2153 1190 2198 et
1220 2144 1447 2199 luminis
1472 2146 1799 2214 spiritualis,
1827 2154 2029 2206 mentis

422 2238 668 2300 uuioois,
689 2247 745 2291 et
771 2237 1042 2307 simplicis
1067 2238 1551 2309 contemplationis
1578 2252 1633 2293 et
1659 2240 2030 2300 ἰιιῐίιιίιιιὰειιξε

425 2344 481 2387 et
506 2333 1045 2388 imleterminationis
1077 2342 1131 2387 et
1163 2333 1529 2404 superlucitlae
1563 2335 1919 2406 cegnitionis,
1951 2347 2027 2404 ct,

429 2438 483 2480 ut
513 2427 748 2481 breviter
779 2427 982 2489 dicam,
1014 2438 1233 2499 tempus
1269 2429 1788 2499 eotnpreltensimtis
1818 2441 1874 2488 et
1904 2449 2031 2485 Sth-

428 2517 702 2585 ceptionis
756 2517 1038 2586 sapientia:
1106 2520 1436 2590 spirituatis,
1501 2536 1599 2592 per
1653 2536 1816 2591 quam
1875 2538 2031 2577 meus

431 2609 713 2675 perficitur
749 2610 807 2663 in
839 2611 1025 2679 quiete
1053 2627 1117 2667 ac
1160 2612 1404 2681 silentio,
1439 2611 1772 2670 ineffabilem
1821 2616 1875 2669 in
1910 2615 2063 2670 stu-'

426 2716 561 2772 pore
589 2703 1011 2759 exsultationem
1036 2706 1302 2762 st-ntiens.

493 2794 590 2849 65.
634 2796 868 2860 Quando
909 2812 1066 2853 mens
1109 2798 1361 2855 veritatis
1410 2815 1576 2857 sensu
1614 2801 1850 2872 seipsam
1903 2813 2030 2857 tan-

422 2906 593 2960 quam
633 2889 861 2945 furrenti
900 2891 1089 2961 gratim
1124 2893 1294 2948 calice
1323 2894 1535 2949 ebriam
1572 2896 1835 2960 senserit,
1866 2906 2027 2951 extra

425 2983 666 3053 seipsam
722 2981 884 3051 farta,
936 2982 1290 3040 manifestum
1339 2995 1422 3041 est
1469 2996 1601 3042 tunc
1651 3004 1774 3045 esse
1810 2998 2029 3061 tempus

429 3077 646 3133 silendi.

512 3169 603 3226 66.
644 3169 874 3237 Quando
897 3172 1016 3226 vult
1038 3172 1315 3227 interioris
1340 3172 1583 3230 hominis
1605 3174 1891 3244 dispositio
1922 3176 2030 3231 cla-

2121 2054 2316 2125 καιρὸς
2361 2056 2577 2127 τρυφᾷν
2645 2054 2991 2125 ὑπερκόσμια
3045 2054 3138 2106 καὶ
3181 2054 3454 2124 ἀλάλητα·
3513 2058 3703 2126 καιρὸς

2123 2147 2470 2220 ὲλλάμψεως,
2509 2148 2623 2203 καὶ,
2641 2149 2819 2219 φωτὸς
2848 2146 3060 2216 νοεροῦ,
3091 2143 3340 2211 ὲνώσεώς
3372 2165 3431 2200 τε
3460 2147 3577 2211 νοὸς
3606 2149 3701 2203 καὶ

2120 2238 2358 2311 θεωρίας
2392 2240 2717 2311 ἁπλότητος,
2747 2237 3031 2309 ἀοριστίας
3061 2254 3146 2303 τε,
3176 2238 3273 2293 καὶ
3303 2238 3585 2309 ἀπειρίας,
3605 2240 3700 2294 καὶ

2121 2331 2443 2402 ὑπερφαοῦς
2469 2331 2749 2400 γνώσεως,
2781 2332 2876 2383 καὶ
2907 2331 2966 2384 ὲν
3002 2330 3239 2401 ἐπιτομῇ
3276 2329 3477 2399 φάναι,
3511 2329 3701 2399 καιρὸς

2118 2424 2484 2494 ἀντιλήψεως,
2524 2425 2619 2476 καὶ
2668 2420 3025 2494 μεταλήψεως
3073 2421 3264 2491 σοφίας
3298 2425 3697 2493 πνευματικῆς,

2121 2517 2245 2571 καθ’
2294 2516 2362 2587 ἣν
2386 2517 2414 2570 ὁ
2461 2514 2588 2581 νοῦς
2629 2515 2980 2570 τετελείωται
3024 2518 3082 2569 ὲν
3110 2513 3275 2587 σχολῇ
3307 2515 3400 2569 καὶ⁵
3430 2518 3580 2587 σιγῇ,
3605 2516 3699 2586 τὴν

2121 2611 2502 2683 ἁνέκφραστον
2562 2608 3040 2681 παραδεδεγμένος
3091 2607 3150 2661 ὲν
3209 2608 3475 2679 ἐκπλήξει
3526 2609 3696 2678 ἀγαλο

2119 2704 2320 2758 λίασιν.

2195 2791 2287 2862 ξεί.
2316 2793 2489 2850 Ὅταν
2540 2796 2575 2865 ἡ
2623 2793 2770 2866 ψυχὴ
2803 2793 3059 2865 ἀληθείας
3098 2795 3353 2868 αἰσθήσει
3398 2796 3598 2869 ἑαυτὴν
3624 2795 3701 2867 τῷ

2119 2887 2365 2959 ποτηρίῳ
2414 2887 2515 2959 τῆς
2545 2887 2771 2958 χάριτος
2826 2880 2914 2941 οἷα
2967 2887 3243 2960 κρατίστῳ
3290 2887 3699 2960 μεθυσκομένην

2115 2980 2445 3050 αἰσθάνηται
2481 2979 2675 3034 ἔκνουν
2703 2978 3058 3051 γιγνομένην,
3070 2979 3233 3051 δῆλον
3252 2980 3336 3035 ὅτι
3360 2980 3480 3036 τότε
3509 2981 3698 3055 καιρὸς

2114 3074 2208 3128 τοῦ
2247 3075 2430 3146 σιγᾷν.
3490 3123 3496 3131 .

2192 3166 2301 3233 Eg".
2334 3168 2509 3222 Ὅταν
2559 3168 2594 3240 ἡ
2651 3167 2748 3222 τοῦ
2803 3166 2912 3222 ἔσω
2957 3166 3248 3241 ἀνθρώπου
3288 3168 3528 3235 διάθεσις
3557 3170 3698 3226 θέλει

429 3276 581 3315 mare
616 3279 631 3316 :
666 3278 685 3312 ι
731 3261 986 3326 Domine,
1019 3260 1152 3330 quid
1186 3261 1534 3332 multiplicati
1568 3274 1699 3319 sunt
1729 3266 1823 3336 qui
1855 3266 2030 3319 tribu-

2120 3260 2249 3332 βοᾷν
2276 3275 2293 3292 ο
2333 3279 2353 3313 ι
2382 3259 2560 3329 Κύριε
2610 3260 2665 3314 τί
2715 3258 3130 3332 ὲπληθύνθησαν
3175 3263 3224 3316 oi
3272 3261 3546 3327 θλίϐοντες
3594 3269 3696 3331 μεξ

429 3354 545 3407 lant
581 3356 668 3409 t'ne
699 3353 904 3408 ?multi
972 3353 1260 3423 insurgunt
1317 3354 1608 3411 adversum
1665 3373 1771 3420 me,
1812 3377 1833 3410 ›
1876 3356 2034 3415 Tunc

430 3457 652 3517 tempus
684 3444 967 3512 loquendi,
996 3445 1258 3514 loquendi
1291 3461 1423 3502 vero
1456 3458 1518 3502 ut
1552 3449 1731 3516 decet,
1764 3465 1873 3505 non
1922 3452 2036 3505 tor-

429 3541 592 3601 tuita,
611 3549 803 3593 contra
834 3537 1090 3593 inimicos
1115 3547 1299 3592 tamen
1322 3539 1603 3596 moderata
1622 3551 1677 3598 et
1696 3545 2035 3599 convenien-

429 3633 531 3697 tia,
571 3643 629 3685 ttt
652 3640 872 3701 oportet

504 3726 598 3781 67.
636 3724 870 3793 Quando
896 3724 1083 3779 vultus
1112 3722 1330 3803 Domini
1359 3724 1544 3781 lumen
1582 3740 1750 3797 super
1784 3727 2027 3783 animant
2110 3776 2121 3787 ,

434 3816 713 3888 signatum
744 3825 852 3881 est,
884 3816 957 3871 ita
991 3825 1049 3871 ttt
1074 3817 1200 3873 inde
1238 3820 1531 3873 decoretur
1555 3829 1612 3875 et
1637 3819 1945 3876 illustretur
1976 3831 2032 3875 et.

436 3910 635 3963 divina:
692 3909 897 3964 ltetitias
950 3908 1151 3967 ell'usio
1210 3911 1265 3967 itt
1324 3928 1444 3967 eam
1510 3910 1837 3979 descendat,
1896 3923 2033 3972 tunc

432 4013 650 4072 tempus
679 4013 761 4057 est
795 4002 1015 4060 silendi.

507 4093 598 4149 68.
641 4094 872 4162 Quando
925 4094 980 4150 in
1024 4109 1084 4149 se
1130 4093 1487 4163 insurgentes
1553 4096 1760 4153 videbit
1810 4097 2030 4169 iniquos

384 4197 605 4244 ~testes
636 4202 692 4242 et
736 4198 1045 4258 qua‘t‘cntes
1089 4202 1154 4243 ea
1190 4206 1311 4257 qua:
1343 4192 1541 4255 nescit,
1573 4203 1629 4247 et
1677 4193 1851 4263 ipsam
1895 4208 2032 4250 con-

434 4283 745 4342 turbantes,
782 4292 915 4336 tunc
946 4295 1074 4336 vere
1108 4294 1328 4354 tempus
1375 4294 1458 4340 est
1489 4285 1751 4355 loquendi
1780 4297 1836 4343 et
1865 4300 2031 4345 voces

433 4373 778 4445 proferendi.

510 4466 601 4521 69.
641 4464 930 4520 Summum
966 4474 1042 4535 et,
1081 4476 1141 4522 ut
1163 4466 1236 4522 ita
1269 4466 1474 4536 dicant,
1504 4480 1813 4527 extremum
1848 4482 1903 4530 et
1932 4491 2031 4531 ex-

428 4558 808 4614 celsissimum
847 4558 1052 4614 bonum
1080 4569 1137 4614 et
1173 4560 1484 4631 pulchrum,
1521 4578 1655 4620 sane
1686 4565 1827 4622 Deus
1854 4578 1940 4623 est
1972 4568 2026 4624 in

428 4649 693 4717 Omnibus
734 4664 854 4719 qua
884 4650 1161 4706 exsistunt
1186 4661 1244 4707 et
1285 4652 1637 4725 cegitantur;
1679 4658 1732 4713 in
1769 4661 2029 4718 omnibus

426 4751 621 4797 autem
665 4758 791 4811 qua:
828 4743 1105 4810 ridentur,
1146 4745 1321 4801 multo
1372 4747 1661 4804 intervallo
1707 4753 1904 4808 melior
1946 4759 2032 4809 est

434 4836 605 4890 homo
628 4843 685 4889 et
714 4835 892 4906 major
928 4837 1470 4907 incomparabiliter;
1515 4843 1691 4913 gratia
1723 4846 1868 4900 enim
1903 4861 2033 4903 vere

426 4939 602 4994 supra
636 4926 857 4994 angelos
890 4934 995 4980 est.
1032 4925 1089 4982 In
1127 4928 1215 4985 bis
1243 4930 1497 4995 plurimis
1521 4950 1644 5004 qua:
1675 4936 1823 4991 inter
1860 4937 2029 4993 Deum

429 5026 492 5073 et
521 5020 771 5074 homines
801 5028 931 5074 sunt
972 5019 1249 5077 accedens
1287 5022 1354 5077 ad
1388 5024 1522 5080 illud
1554 5029 1698 5096 quod
1735 5037 1820 5085 est
1865 5046 2033 5101 supra

430 5112 847 5181 cogitationem,
908 5112 1213 5183 stupefacta
1280 5131 1437 5172 meus
1509 5118 1762 5183 recedit,
1810 5124 2033 5193 quando

426 5204 680 5258 nondum
729 5202 1031 5258 abundanti
1060 5206 1237 5276 gratia
1282 5216 1489 5263 tentata
1530 5219 1651 5276 est;
1698 5227 1862 5280 quam
1908 5230 2034 5284 gra-

346 5371 351 5375 ‘
436 5299 570 5351 tiam
607 5312 702 5366 per
731 5306 1056 5367 cperantem
1096 5299 1148 5354 in
1180 5300 1349 5355 corde
1385 5303 1729 5371 spiritttalem
1762 5308 2022 5365 virtutem

434 5400 688 5458 gustatis,
728 5391 876 5445 brevi
925 5390 981 5445 in
1026 5406 1301 5446 summum
1339 5395 1632 5464 pulchrum
1681 5408 1735 5452 et
1775 5399 1979 5456 bomun
2006 5445 2025 5471 ,

427 5478 611 5535 Deum
647 5495 849 5548 nempe
879 5482 1157 5540 ascendit.
1190 5493 1244 5537 et
1283 5482 1473 5540 divino
1501 5485 1648 5541 dono
1687 5487 1739 5542 iu
1775 5488 1908 5546 illud
1944 5492 2032 5546 in-

425 5566 705 5644 greditur.
752 5572 823 5627 Et
882 5574 1030 5629 videt
1066 5573 1421 5631 ttuil‘ormiter
1450 5585 1507 5631 et
1534 5577 1818 5649 obstupet,
1858 5583 1909 5637 in
1940 5583 2029 5639 illa

429 5683 599 5738 supra
636 5674 876 5723 mentem
913 5667 1116 5739 abysso
1154 5683 1278 5724 cum
1316 5670 1537 5726 silentio
1568 5672 1849 5731 habitans.
1882 5676 1945 5732 Et
1974 5678 2026 5733 id

422 5767 513 5812 est
550 5757 714 5829 primi
752 5758 1100 5825 sabbatismi,
1158 5768 1220 5814 ut
1248 5761 1322 5814 ita
1355 5761 1565 5825 dicam.
1616 5766 1839 5835 pignus;
1870 5767 2028 5837 cujus

430 5859 598 5919 typus
645 5849 749 5904 fuit
783 5849 837 5905 in
873 5854 1159 5909 creatione
1185 5894 1201 5917 ,
1258 5853 1349 5909 Dei
1398 5856 1813 5925 sabbatismus;
1851 5862 2029 5917 altero

441 5954 650 6008 autem,
684 5942 844 6013 cujus
869 5958 1059 5997 vermn
1097 5946 1378 6016 exemplar
1417 5955 1501 6003 est
1528 5949 1752 6006 relictus
1784 5950 2025 6006 sabbati-

2125 3351 2314 3407 πολλοὶ
2340 3353 2730 3407 ἐπανίστανται
2758 3353 2847 3406 ἐπ’
2882 3353 2982 3424 ἐμέ
3002 3369 3017 3384 ·
3047 3371 3067 3407 ι
3102 3355 3225 3408 τότε
3253 3355 3446 3427 καιρὸς
3476 3353 3569 3409 τοῦ
3602 3353 3698 3408 λα-

2127 3445 2261 3511 λεῖν,
2298 3443 2484 3498 λαλεῖν
2541 3443 2599 3498 δὲ
2650 3444 2725 3507 ὡς
2771 3444 2940 3508 είκδς,
3001 3445 3103 3499 οὐκ
3166 3447 3371 3510 είκαῖα,
3420 3446 3562 3501 κατὰ
3592 3445 3698 3500 τῶν

2120 3534 2333 3608 ἐχθρῶν
2382 3536 2636 3607 μέντοιγε
2698 3537 2933 3608 μέτρια,
2997 3536 3095 3592 καὶ
3137 3538 3519 3610 προσήκοντα,
3557 3539 3699 3593 καθὰ

2115 3630 2215 3683 δεῖ.

2194 3697 2290 3790 EI’:
2321 3724 2488 3778 Ὅταν
2521 3722 2583 3777 τδ
2612 3721 2706 3777 τοῦ
2767 3720 3064 3795 προσώπου
3122 3722 3333 3793 Κυρίου
3374 3721 3491 3791 φῶς
3540 3739 3698 3795 σεση-

2124 3816 2350 3885 μείωται
2380 3816 2476 3869 ἐπὶ
2513 3816 2615 3887 τὴν
2666 3816 2868 3887 ψυχὴν,
2903 3816 2981 3880 ὡς
3031 3814 3282 3870 ἐντεῦθεν
3315 3808 3694 3882 καλλύνεσθαι,

2118 3908 2211 3960 val.
2281 3904 2710 3977 φαιδρύνεσθαι,
2773 3904 2871 3960 καὶ
2944 3905 3096 3978 χῦμα
3157 3905 3305 3970 θείας
3362 3904 3695 3978 εὐφροσύνης

2119 3999 2371 4072 ἐπιρρεῖν
2406 4000 2494 4054 ἐπ’
2525 4000 2718 4071 αὐτὴν,
2743 4002 2865 4055 τότε
2901 4002 3009 4070 ἄρα
3045 4000 3240 4072 καιρὸς
3260 4001 3353 4054 τοῦ
3391 4002 3568 4072 σιγᾷν.

2191 4091 2297 4164 ἒην.
2335 4093 2509 4148 Ὅταν
2556 4095 3025 4164 ἐπανισταμένους
3075 4094 3214 4165 αὐτῇ
3273 4091 3420 4165 ὁρῴη
3477 4092 3692 4157 ἀδίκους

2122 4183 2431 4256 μάρτυρας,
2466 4186 2558 4239 καὶ
2589 4183 2626 4240 ἃ
2653 4185 2715 4238 οὐ
2742 4184 3004 4255 γινώσκει
3032 4183 3353 4257 ἐρωτῶντας
3380 4182 3570 4252 αὐτὴν,
3598 4185 3690 4237 καὶ

2111 4273 2505 4346 ταράττοντας,
2566 4273 2692 4327 τότε
2728 4271 2921 4345 καιρὸς
2967 4270 3310 4343 γιγνομὲνως
3354 4266 3450 4324 τοῦ
3488 4266 3689 4330 λαλεῖν.

2113 4368 2208 4422 καὶ
2242 4367 2341 4436 μὲν
2364 4366 2430 4435 δὴ
2457 4364 2552 4420 τοῦ
2579 4363 3065 4435 ἀντιφθέγγεσθαι.

2185 4458 2282 4525 ξθ’.
2326 4459 2776 4529 Κορυφαιὸτατον
2807 4458 2903 4513 καὶ
2929 4450 3042 4511 οἷον
3082 4456 3260 4511 εἰπεῖν
3291 4453 3615 4527 ἀκρότατον,
3651 4448 3686 4523 ἢ

2112 4551 2283 4623 δήπου
2309 4551 2532 4621 ὕψιστον
2562 4551 2747 4617 καλὸν,
2812 4551 2908 4604 καὶ
2953 4549 3054 4621 μέν
3108 4566 3174 4617 γε
3216 4547 3420 4617 ἀγαθὸν
3462 4547 3491 4601 ὁ
3539 4542 3691 4610 Θεὸς,

2115 4648 2174 4698 ὲν
2207 4645 2380 4698 ἅπασι
2415 4647 2528 4709 τοῖς
2551 4644 2693 4707 οὖσι,
2725 4643 2824 4698 καὶ
2850 4644 2965 4706 τοῖς
2993 4642 3336 4713 νοουμένοιςο
3367 4639 3425 4695 ὲν
3450 4638 3617 4694 ἅπασι
3636 4635 3693 4691 δὲ

2112 4739 2224 4801 τοῖς
2253 4738 2580 4808 ὁρωμένοις,
2624 4736 2805 4807 πολλῷ
2850 4734 2930 4809 τῷ
2960 4735 3188 4807 μεταξὺ,
3225 4735 3436 4806 βέλτιον
3462 4733 3559 4805 τὴν
3590 4730 3694 4802 φύ-

2118 4846 2205 4883 σιν
2231 4831 2476 4900 πέιρυκεν
2504 4829 2817 4902 ἄνθρωπος,
2843 4830 2940 4884 καὶ
2967 4829 3235 4900 κρείττων
3265 4825 3507 4889 πιθανῶς
3531 4824 3697 4891 ἀσυγ-

2115 4922 2355 4992 κρίτως·
2407 4926 2472 4995 τῇ
2531 4924 2715 4996 χάριτι
2767 4923 2826 4977 δὲ
2882 4922 2961 4996 τῷ
2987 4920 3101 4976 ὄντι
3152 4922 3249 4977 καὶ
3282 4919 3392 4974 τῶν
3451 4918 3694 4988 ἀγγέλων

2118 5013 2438 5086 ὑπέρτερος.
2464 4994 2571 5066 νἘν
2609 4994 2791 5066 τοίνυν
2833 4994 3187 5082 παμπόλλοις
3212 5009 3335 5074 νοῦς
3366 5006 3695 5078 θεωρητικὸς

2117 5111 2229 5172 τοῖς
2263 5106 2470 5177 μεταξὺ
2525 5104 2662 5159 Θεοῦ
2715 5106 2809 5159 καὶ
2851 5105 3159 5176 ἀνθρώπων
3206 5103 3286 5174 τῷ
3315 5102 3457 5172 ὑπὲρ
3490 5100 3695 5154 ἔννοιαν

2118 5200 2538 5270 προσεγγίζων,
2585 5197 2894 5270 ἕκπληκτος
2945 5196 3411 5259 ἀποκαθίσταται,
3462 5191 3696 5262 ὁπηνίκα

2117 5292 2200 5345 ἔτι
2219 5290 2477 5361 δαψιλοῦς
2505 5293 2607 5362 τῆς
2629 5290 2971 5361 φωτιστικῆς
3004 5289 3228 5362 χάριτος
3248 5287 3310 5341 οὐ
3340 5285 3692 5355 πεπείραται·

2115 5381 2186 5457 ἦς
2214 5384 2280 5438 δι’
2307 5382 2566 5457 ἐνεργοῦς
2592 5385 2650 5437 ὲν
2673 5382 2874 5454 καρδίᾳ
2895 5381 3277 5453 πνευματικῆς
3304 5377 3583 5447 δυνάμεως
3608 5390 3699 5444 γε·

2116 5476 2412 5548 γευμένος,
2444 5476 2614 5546 φαίην
2662 5473 2728 5529 ἂν
2754 5475 2921 5544 τάχα,
2951 5475 3032 5537 είς
3074 5472 3136 5526 τὸ
3166 5470 3469 5543 ἀκρότατον
3523 5467 3698 5522 ἄνεισι

2119 5570 2284 5624 καλὸν
2320 5569 2413 5623 καὶ
2443 5567 2670 5638 ἀγαθὸν,
2713 5568 2805 5621 τὸν
2832 5568 2988 5629 Θεὸν,
3020 5565 3119 5620 καὶ
3151 5566 3210 5619 ὲν
3239 5561 3389 5634 αὒτῷ
3422 5561 3562 5615 κατά
3591 5559 3695 5613 δω·

2122 5665 2254 5735 ρεάν
2282 5664 2562 5735 θειοτέραν
2596 5662 2814 5717 εἴσεισι.
2870 5661 2985 5716 Καὶ
3025 5660 3131 5733 ὁρᾷ
3166 5656 3414 5723 ἑνοειδῶς
3455 5656 3549 5710 καὶ
3606 5654 3697 5707 tx-

2119 5760 2449 5831 πλήσσεται,
2484 5760 2564 5821 είς
2593 5757 2685 5811 τὸν
2716 5756 2860 5827 ὑπὲρ
2889 5754 3016 5810 νοῦν
3052 5753 3214 5826 βυθὸν
3260 5750 3613 5818 αὐλιζόμενος
3641 5746 3700 5800 ἒν

2123 5858 2326 5927 σιωπῇ.
2351 5854 2464 5908 Καὶ
2496 5852 2658 5905 τοῦτο
2689 5854 2840 5905 ἐστιν
2880 5848 3100 5919 ἀληθῶς
3124 5845 3216 5901 τοῦ
3247 5843 3466 5916 πρώτου
3495 5839 3701 5927 σαϐὄαῖ

2121 5922 2318 6017 τισμοῦ
2357 5946 2447 6014 τὰ,
2482 5945 2558 6010 ὼς
2587 5944 2654 5999 ἂν
2710 5944 2968 6014 ὀνομάσοι
3002 5958 3086 6005 τις
3137 5940 3293 6005 ῐσως,
3323 5934 3590 6002 ὲνέχειρα.
3628 5922 3703 5986 Οὗ
