4058 6438
295 400 398 468 901

1448 405 1550 466 DE
1582 403 1760 464 VITA
1803 400 2463 466 CON'I‘ET-aiPLATlVA.

3448 410 3556 477 902

298 524 461 586 τύπος
515 523 544 575 ὁ
582 521 680 591 τῆς
728 520 959 582 κτίσεως
1000 518 1110 571 τῶν
1160 516 1331 570 ὄντων
1364 515 1748 585 σαϐϐατισμὸς
1779 512 1876 567 τοῦ

1987 529 2134 572 smus
2156 519 2354 588 popqu
2382 517 2494 581 Dei,
2518 517 2727 590 majore
2752 532 2814 574 ac
2841 516 3060 575 diverso
3083 520 3412 576 sabbatismo
3436 539 3556 576 Ina-

294 616 456 668 Θεοῦ·
483 613 673 683 ἐτέρου
704 611 782 669 δὲ.
809 604 871 664 οὗ
901 608 1134 677 ἀψευδὲς
1170 606 1545 677 παράδειγμα,
1593 608 1621 660 ὁ
1646 604 1876 657 ἀπολει-

294 708 530 776 πόμενος
577 702 954 772 σαϐϐατισμὸς
1005 702 1083 772 τῷ
1126 699 1242 770 λαῷ
1269 699 1367 754 τοῦ
1410 698 1570 765 Θεοῦ,
1606 698 1875 769 μείζονος,

294 801 387 854 καὶ
426 798 773 868 ἀλλοιοτέρου
830 793 1212 864 σαϐϐατισμοῦ
1264 791 1563 865 προφανῶς
1591 787 1878 854 ἀπολαύει,

294 896 369 956 εἰς
402 891 592 945 ἑαυτὸν
620 890 882 958 στραφεὶς
918 885 1026 940 ἀπὺ
1049 885 1142 939 τοῦ
1170 884 1329 947 Θεοῦ,
1365 884 1459 937 καὶ
1488 881 1680 936 ἑαυτὸν
1715 882 1880 951 γνοὺς

294 987 367 1047 ὡς
407 983 597 1037 εἰκόνα
635 980 773 1051 μετὰ
811 980 1204 1049 πρωτότυπον·
1261 978 1355 1030 καὶ
1388 976 1451 1029 τὸ
1483 975 1623 1040 ὅλον,
1659 975 1727 1028 τὰ
1783 990 1877 1044 με·

293 1078 425 1142 ταξὺ
481 1075 619 1129 Θεοῦ
680 1074 774 1128 καὶ
830 1072 1139 1141 ἀνθρώπων
1180 1071 1362 1135 ὁποῖα,
1419 1066 1722 1139 ὑπότε[ἵσ.
1784 1065 1880 1119 καὶ

296 1166 448 1236 πότε]
480 1169 538 1220 οὐ
572 1166 733 1235 μόνον
763 1165 844 1226 εἰς
871 1163 940 1215 τά
988 1161 1129 1231 ὑπὲρ
1171 1161 1297 1214 νοῦν
1360 1161 1453 1212 καὶ
1508 1156 1749 1211 διάνοιαν
1797 1155 1880 1208 δι-

297 1260 497 1321 οδεύει,
530 1257 733 1326 τρόπον
789 1253 1144 1323 κατάλληλον,
1170 1253 1228 1305 ὲν
1279 1249 1564 1321 Θαυμασίᾳ
1600 1246 1881 1317 ἐκπλήξει,

297 1352 432 1405 ἁλλά
461 1353 555 1403 καὶ
593 1350 793 1418 χαρᾶς,
848 1347 948 1415 οὐχ
1005 1346 1081 1409 ὼς
1115 1346 1181 1399 ἄν
1236 1362 1318 1407 τις
1384 1345 1560 1396 εἰπεῖν
1621 1341 1740 1410 ἔχῃ,
1790 1340 1883 1391 καὶ

298 1441 683 1513 πνευματικῆς
744 1437 1051 1507 πληροῦται
1109 1435 1508 1504 ἀγαλλιάσεως,
1544 1431 1882 1501 γαννύμενος

1973 605 2170 663 nifeste
2204 623 2356 663 mens
2393 607 2613 671 fruitur,
2643 610 2696 663 in
2730 610 2967 678 seipsam
2999 624 3028 663 a
3068 608 3175 666 Deo
3200 624 3466 667 conversa
3499 620 3552 667 et

1972 699 2209 768 seipsam
2245 714 2482 754 noscens
2516 710 2601 754 est
2631 702 2924 770 imaginem
2977 709 3099 769 post
3149 708 3500 772 prototypum
3538 745 3554 765 .

1973 798 2028 846 et
2056 791 2282 845 omnino
2311 792 2492 846 sciens
2524 807 2771 860 qutenam
2806 793 2918 847 sint.
2967 792 3111 848 inter
3161 795 3331 849 Deum
3366 803 3422 848 et
3453 795 3553 847 lm.

1974 883 2183 949 mines;
2219 899 2326 938 non
2360 884 2522 939 modo
2554 884 2622 938 ad
2656 900 2717 939 ea
2753 902 2873 955 qua:
2901 900 3066 956 supra
3102 884 3336 941 mentem
3370 902 3432 942 ac
3459 904 3559 940 eo.

1972 975 2290 1045 gitationem
2343 984 2494 1041 sunt,
2555 974 2807 1047 congrua
2858 980 3072 1032 ratione
3122 986 3376 1047 penetrat
3411 983 3555 1031 mim

1975 1084 2097 1122 cum
2131 1077 2375 1138 stupore.
2409 1073 2502 1124 sed
2540 1081 2597 1125 et
2620 1064 2823 1138 lietitia,
2860 1082 2920 1125 ut
2950 1072 3020 1125 ita
3050 1070 3253 1135 dicam,
3294 1080 3349 1125 et
3373 1071 3559 1139 spiri-

1977 1160 2107 1215 tuali
2136 1161 2500 1216 exsultatione
2537 1163 2792 1230 repletur,
2822 1162 2986 1216 tacite
3008 1170 3064 1215 et
3091 1175 3219 1215 vere
3247 1160 3317 1213 iis
3341 1160 3550 1220 betam,

1975 1268 2095 1321 qme
2129 1254 2195 1307 ad
2234 1255 2407 1319 ipsam
2438 1270 2604 1324 supra
2640 1255 2813 1322 ipsam
2847 1254 3162 1322 diriguntur
3195 1252 3552 1307 illuminatio-

1975 1344 2141 1400 nibus
2172 1353 2246 1399 ‘rt
2282 1345 2483 1399 divinis
2530 1345 2965 1414 Operationibus,
3006 1356 3059 1398 et
3103 1360 3226 1397 cum
3271 1358 3332 1397 ea
3369 1358 3557 1411 super-

1979 1438 2248 1493 naturalis
2289 1439 2509 1492 deitatis
2541 1440 2748 1491 unitate
2777 1438 2833 1490 in
2864 1437 3082 1491 Christo
3107 1435 3238 1490 Jesu
3265 1437 3440 1489 unita.

297 1538 639 1605 γιγνομὲνως
683 1536 741 1587 ὲν
773 1536 955 1603 σιωπῇ
990 1535 1112 1592 ταῖς
1140 1534 1231 1604 sn’
1259 1534 1426 1586 αὐτὸν
1455 1535 1596 1602 ὑπὲρ
1633 1535 1831 1588 ἑαυτὸν
1879 1536 2199 1599 θεοπτικαῖς
2248 1536 2578 1608 ὲλλάμψεσι,
2628 1534 2724 1588 καὶ
2757 1532 3094 1605 θεουργίαις,
3140 1531 3237 1585 καὶ
3267 1530 3560 1595 ἑνούμενος

301 1628 479 1701 ταύτῃ
508 1629 573 1697 τῇ
604 1626 699 1694 τῆς
727 1626 875 1682 θείας
904 1627 995 1677 καὶ
1018 1625 1332 1696 ὑπερφυοῦς
1361 1626 1614 1696 θεότητος
1646 1628 1817 1693 ἑνάδι,
1845 1630 1901 1681 ἐν
1929 1630 2156 1700 Χριστῷ
2194 1629 2393 1699 Ἰησοῦ.

376 1762 442 1807 0'.
488 1753 759 1821 Ὀπηνίκα
802 1753 1018 1807 πάντων
1073 1752 1411 1816 ὑποθετικῶς
1440 1753 1549 1806 τῶν
1579 1754 1773 1821 γεγονό
1807 1773 1883 1806 me

297 1850 533 1901 ποιεῖται
566 1843 881 1915 ἀφαίρεσιν,
909 1845 985 1907 ὡς
1016 1844 1092 1914 μὴ
1123 1843 1294 1897 ὄντων
1331 1844 1439 1897 τῶν
1469 1844 1660 1909 ὅντων,
1707 1846 1769 1897 τὸ
1799 1845 1880 1897 δν-

295 1960 401 2003 τως
432 1939 490 1993 ὃν
529 1939 786 2011 τηνικάδε
817 1936 1074 2010 ἀᾷρήτως
1120 1938 1477 2006 φαντάζεται,
1509 1938 1647 2008 ὑπὲρ
1686 1938 1884 2006 νοεράν

296 2031 584 2105 ὲνέργειάν
640 2048 700 2084 τε
734 2031 832 2084 καὶ
864 2030 1080 2095 ἕνωσιν,
1130 2029 1254 2093 νοῦς
1309 2029 1532 2102 θεωρῶν
1561 2032 1619 2084 ὲν
1652 2030 1887 2103 ἀληθείᾳ

295 2127 391 2180 καὶ
440 2123 715 2194 πνεύματι
760 2122 831 2176 δι’
882 2122 1160 2194 ὑπεροχῆς
1221 2122 1455 2195 ἀπείρου
1498 2123 1606 2178 τῶν
1652 2122 1779 2194 περὶ
1814 2124 1884 2177 sit

298 2218 428 2271 ὅντα
461 2216 622 2270 θείων
652 2213 1004 2286 ἀμωσγέπως
1041 2213 1439 2286 θεωρουμένων
1462 2231 1477 2245 ο
1513 2216 1605 2270 καὶ
1630 2217 1882 2285 γίγνεται

305 2310 566 2379 ὲνοειδὴς,
594 2308 626 2371 ἦ
657 2307 737 2372 ἓν,
769 2307 838 2361 ἵν’
865 2308 1035 2362 οὕτω·
1072 2309 1178 2378 φῶ,
1225 2309 1449 2379 ἀφάτως
1497 2309 1708 2379 ἀφασία
1749 2308 1886 2362 κάτ-

300 2418 442 2471 οχος.
462 2400 672 2471 πλήρης
689 2399 935 2471 ἀγάπης,
956 2399 1166 2472 πλήρης
1184 2404 1377 2472 χαρᾶς,
1396 2401 1660 2473 οὐμενοῦν
1671 2402 1883 2465 ἁπλῶς,

297 2494 433 2546 ἀλλὰ
467 2493 576 2546 τῶν
604 2493 713 2547 ἀπὸ
756 2493 855 2563 τῆς
904 2492 1192 2564 ἐνεργείας
1246 2494 1343 2547 τοῦ
1400 2494 1714 2565 ιινεύματος
1739 2533 1752 2555 ,
1785 2494 1885 2562 τῆς

296 2584 597 2655 ἐφαμίλλου
628 2583 737 2638 τῶν
758 2585 1007 2653 ἀγγέλων
1037 2584 1273 2657 τρυφῆς.

367 2683 471 2730 οα¹.
498 2676 712 2745 Ὥσπερ
742 2675 996 2745 οὐδαμῶς
1024 2676 1259 2740 οὐδόλως
1292 2677 1354 2730 τὸ
1386 2678 1665 2748 παράπαν,
1684 2676 1882 2746 Κύριε,

297 2762 348 2819 εί
368 2768 466 2834 τὴν
498 2765 687 2818 οὐσίαν
717 2764 923 2835 ληπτὸς
947 2764 1123 2817 οὐδενί
1154 2782 1263 2818 τινι
1315 2763 1475 2837 ὁποίᾳ
1500 2765 1562 2833 δὴ
1598 2763 1758 2834 φύσει
1789 2764 1883 2816 λοι

297 2862 430 2927 γικῇ
461 2875 517 2910 τε
553 2856 649 2910 καὶ
676 2858 861 2927 νοερᾷ,
894 2857 926 2927 ἢ
961 2856 1220 2922 καθάπαξ
1259 2856 1461 2926 γνώσει
1499 2859 1716 2927 κτιστῇ,
1759 2856 1882 2910 οὐδὲ

296 2958 425 3025 γοῦν
447 2955 781 3026 Χερουϐικῇ,
809 2954 922 3007 ἀλλ’
946 2953 1374 3025 ὑπερεξίστασαι
1402 2952 1698 3023 ἀπειράκις
1716 2952 1880 3005 ἀπεί-

298 3068 407 3121 ρως
468 3049 689 3117 ἀπάσης
745 3045 1022 3116 γνώσεως,
1042 3045 1207 3113 οὕτω,
1231 3047 1503 3107 Δέσποτα,
1532 3046 1627 3098 καὶ
1654 3044 1724 3096 τά
1749 3041 1882 3111 περὶ

301 3143 362 3195 σὲ
417 3141 769 3194 παντάπασιν
796 3139 1002 3210 ἄπειρα
1032 3139 1128 3193 καὶ
1150 3137 1405 3208 ἀόριστα.
1459 3134 1669 3189 Αὐτίκα
1697 3134 1878 3186 τοῖνυν

1910 1889 1955 1947 Β

2061 1750 2146 1802 70.
2185 1748 2414 1813 Quando
2447 1748 2789 1819 hypothclicc
2821 1762 3168 1817 quaecunque
3202 1752 3332 1803 sunt
3363 1743 3568 1800 sustol-

1990 1842 2072 1906 lit,
2105 1852 2360 1909 tauquam
2396 1858 2502 1895 non
2537 1843 2928 1897 exsistentihus
2956 1856 3077 1909 qum
3103 1842 3407 1904 exsistunt,
3433 1850 3568 1893 tunc

1983 1931 2332 1989 ineffabiliter
2366 1934 2497 1988 illud
2529 1933 2674 2001 quod
2709 1942 2793 1988 est
2824 1934 3177 2001 imaginatur,
3208 1946 3375 2001 supra
3400 1931 3562 1986 intel-

1983 2029 2238 2099 ligibilem
2281 2026 2577 2082 efﬁcaciam
2611 2035 2665 2080 et
2703 2026 2967 2081 unionem
3019 2038 3176 2080 meus
3230 2024 3285 2078 in
3331 2023 3568 2078 veritate

1982 2137 2047 2177 ac
2088 2122 2284 2191 spiritu
2315 2119 2719 2189 contemplans.
2752 2134 2846 2188 per
2875 2117 3146 2172 infinitam
3179 2116 3560 2181 eminentiam,

1983 2214 2165 2268 divina
2188 2228 2250 2269 ea
2280 2229 2401 2282 quae
2431 2213 2576 2267 circa
2606 2221 2890 2267 creaturas
2918 2208 3091 2265 videri
3122 2221 3386 2279 possunt;
3419 2215 3476 2262 et
3506 2209 3565 2260 tit

1983 2307 2295 2368 unitormis,
2328 2316 2424 2359 aut
2478 2318 2667 2365 unum,
2693 2309 2752 2356 ut
2780 2303 2853 2357 ita
2877 2301 3078 2363 dicam,
3109 2299 3401 2370 possidens
3428 2296 3573 2353 inef-

1983 2398 2223 2454 fabiliter
2254 2410 2319 2451 ac
2354 2395 2535 2459 tacite,
2580 2393 2738 2462 plena
2778 2392 2997 2463 gaudio,
3034 2406 3142 2448 non
3171 2391 3392 2462 quidem
3425 2390 3569 2461 sint:

1984 2489 2218 2559 pliciter,
2259 2487 2356 2543 sed
2399 2502 2465 2542 ex
2515 2485 2753 2554 Spiritus
2800 2484 2973 2539 sancti
3035 2483 3300 2550 eiiicacia,
3351 2481 3572 2539 deliciis

1985 2583 2173 2638 fruens
2200 2594 2320 2649 quae
2344 2581 2663 2651 angelorum
2699 2576 2910 2632 deliciis
2940 2578 3150 2633 similes
3178 2586 3331 2633 sunt.

2057 2676 2146 2731 7i.
2177 2672 2656 2741 Quemadmodum
2695 2671 2845 2725 nullo
2874 2669 3062 2733 modo,
3097 2668 3346 2737 Domine,
3374 2683 3571 2723 essen-

1985 2768 2060 2824 tia
2107 2777 2200 2822 tua
2254 2765 2768 2835 comprehensibilis
2819 2771 2905 2819 est;
2951 2762 3177 2818 cuilibet
3228 2761 3481 2816 rationali
3513 2769 3577 2814 et.

1984 2858 2259 2931 spirituali
2288 2868 2500 2912 natura:
2529 2864 2625 2910 aut
2653 2854 2983 2926 simpliciter
3011 2863 3194 2909 creato
3224 2852 3523 2908 intellectui
3547 2891 3569 2915 ,

1984 2972 2053 3013 ne
2094 2954 2397 3010 cherubino
2436 2951 2680 3023 quidem,
2706 2950 2802 3006 sed
2833 2964 3065 3020 superas
3098 2947 3311 3003 inﬁnite
3342 2961 3560 3002 omnen

1986 3048 2352 3113 intellectum,
2389 3045 2488 3112 ita,
2516 3043 2744 3097 Domine
2769 3056 3005 3107 summe,
3038 3055 3102 3096 ea
3128 3055 3249 3110 qua:
3279 3038 3484 3094 circum
3514 3051 3567 3092 te

1987 3152 2140 3205 sunt,
2163 3139 2396 3198 omnino
2427 3136 2634 3191 inﬁnita
2667 3142 2873 3191 suntet
2898 3133 3271 3190 interminata.
3306 3131 3441 3186 Eum
3465 3131 3561 3202 qui

294 3235 445 3298 ὄντα,
478 3233 572 3287 καὶ
603 3233 833 3301 λέγοντα
865 3230 1095 3286 σεαυτὸν
1134 3229 1535 3301 ἀνυπερϐλήτῳ
1579 3226 1878 3297 κηδεμονίᾳ

1987 3248 2073 3292 est
2098 3243 2150 3290 et
2183 3234 2415 3302 teipsutn
2450 3229 2531 3285 sic
2565 3229 2963 3293 nominantem,
2997 3225 3354 3296 insuperabili
3403 3240 3565 3284 cura.

294 3329 387 3382 τὸν
415 3327 716 3399 νομοθέτην
744 3326 845 3396 τῆς
869 3325 1114 3389 ῐΙαλαιᾶς
1135 3324 1411 3395 Διαθήκης
1441 3322 1650 3377 Μωσέα
1678 3320 1882 3389 κηρύτ-

294 3438 409 3474 τειν
439 3418 734 3487 ἐπέταξας.
780 3416 945 3471 Ἀλλά
994 3419 1090 3471 καὶ
1142 3416 1288 3470 οὕτω
1321 3416 1386 3469 σὺ
1420 3412 1603 3477 πάλιν,
1638 3409 1876 3481 ἀψευδέ-

296 3527 481 3573 στατε,
516 3508 613 3562 καὶ
643 3509 779 3580 μόνη
813 3506 961 3577 ἄκρα
995 3506 1247 3577 ἀλήθεια,
1277 3505 1509 3576 εἴρηκας
1548 3504 1678 3576 περί
1715 3518 1880 3557 τινων

293 3602 404 3656 τῶν
444 3600 576 3666 σῶν,
614 3600 698 3654 ὃτι
728 3598 914 3670 ὀφθεὶς
937 3600 1144 3664 αὐτοῖς,
1183 3601 1333 3671 ὅμως
1364 3599 1425 3652 τὸ
1447 3597 1619 3667 ὄνομά
1646 3612 1742 3651 σου
1777 3595 1881 3649 οὐκ

298 3692 844 3763 ἀπεκάλυψας.“Ἐστι
871 3692 980 3763 γὰρ
1012 3692 1152 3762 ὑπὲρ
1181 3692 1290 3746 πᾶν
1314 3688 1662 3761 ἀσυγκρίτως
1683 3688 1876 3759 ὄνομα,

299 3767 431 3848 τῶν,
481 3785 544 3838 οὐ
579 3784 740 3856 μόνον
766 3784 886 3839 ⁴ὅσα
914 3785 1012 3837 ἐπὶ
1055 3784 1157 3853 τῆς
1187 3786 1317 3855 γῆς,
1351 3782 1490 3836 ἀλλά
1521 3780 1615 3835 καὶ
1639 3779 1749 3833 τῶν
1776 3780 1880 3834 ὅσα

298 3875 357 3928 ὲν
391 3875 662 3948 οὐρανοῖς.
719 3874 923 3928 Οὐσίαν
952 3875 1061 3946 γάρ
1108 3891 1168 3929 σε
1197 3875 1530 3943 παριστᾶσιν
1557 3872 1607 3926 οί
1645 3869 1741 3925 τοῦ
1780 3868 1877 3923 σοῦ

299 3961 477 4032 φωτὸς
516 3962 746 4034 ἔμπλεοι
771 4004 787 4030 ,
838 3962 976 4018 ἀλλά
1024 3961 1126 4017 τοῦ
1179 3961 1607 4033 ὲνυποκειμένου
1666 3959 1879 4031 χωρίς·

304 4056 519 4122 πάντως
553 4056 619 4112 ἵν’
649 4055 825 4123 οὕτως
846 4059 1151 4131 ἑπομένως,
1174 4059 1502 4131 ὐπερούσιος
1534 4061 1882 4134 ἀποφανθῇς,

301 4152 398 4205 καὶ
430 4149 617 4220 νόησιν
652 4150 728 4223 μὴ
755 4150 984 4222 ἔχουσαν
1022 4153 1279 4220 καθάπαξ
1310 4172 1364 4208 τι
1389 4154 1771 4227 ὑποκείμενον·
1796 4155 1886 4211 ἵνα

306 4243 645 4314 περιφανῶς,
688 4244 784 4299 καὶ
805 4244 947 4316 ὑπὲρ
975 4245 1181 4316 νόησιν,
1218 4249 1315 4302 καὶ
1351 4248 1571 4303 πάντων
1609 4248 1718 4303 τῶν
1744 4230 1913 4319 γνωσ-

308 4334 503 4405 σθῆναι
535 4334 769 4406 δύναμιν
797 4336 1031 4407 ἐχόντων
1079 4339 1376 4411 ἀπειράκις
1429 4339 1734 4407 ἄγνωστος,
1791 4343 1887 4396 καὶ

310 4426 612 4499 ὑπέρτερος
638 4429 982 4501 γνωρισθῇς·
1038 4430 1234 4501 χρόνου
1265 4432 1489 4497 τελείως
1517 4434 1716 4504 ὁρᾶσαι
1740 4434 1886 4489 ἀνώ-

308 4536 488 4590 τερος,
517 4519 777 4592 ἄναρχος,
808 4522 1060 4593 αὐτοζωὴ
1094 4521 1190 4589 ὣν,
1226 4524 1324 4578 καὶ
1365 4525 1673 4597 ἀπέραντος
1692 4543 1708 4558 ·
1737 4544 1893 4582 τοπι-

1992 3328 2193 3381 veteris
2209 3323 2541 3379 Testamenti
2564 3320 2927 3390 legislaturem
2948 3318 3185 3390 Moysem
3226 3318 3570 3387 proclamare

1987 3419 2227 3488 jussistl.
2263 3417 2370 3471 Sed
2407 3429 2461 3470 et
2496 3414 2579 3471 sic
2615 3424 2671 3468 tu
2701 3428 2948 3475 rursum,
2983 3424 3017 3465 ο
3048 3410 3331 3465 verissima
3363 3418 3418 3463 et
3452 3411 3573 3465 sola

1988 3525 2203 3570 smnma
2242 3510 2467 3573 veritas,
2503 3506 2689 3562 dixisti
2723 3508 2791 3561 de
2824 3504 3102 3574 aliquibus
3143 3503 3272 3569 tuis,
3305 3502 3452 3574 quod
3496 3505 3568 3556 ab

1992 3603 2134 3675 ipsis
2172 3602 2347 3665 visus,
2389 3616 2499 3656 non
2533 3609 2713 3655 tamen
2742 3613 2943 3652 nomen
2980 3606 3131 3651 tuum
3180 3597 3250 3651 iis
3295 3594 3572 3650 revela~ti.

1989 3698 2087 3753 Est
2113 3695 2262 3751 enim
2303 3707 2469 3762 supra
2495 3707 2657 3747 omne
2686 3690 2967 3761 quodlibet
2997 3703 3220 3750 nomen,
3260 3703 3365 3741 non
3409 3693 3573 3742 modo

1989 3804 2180 3845 eorum
2212 3802 2334 3857 qua:
2360 3793 2488 3841 sunt
2529 3798 2695 3853 super
2725 3791 2950 3846 terram,
2995 3780 3092 3836 sed
3141 3791 3193 3836 et
3227 3795 3417 3835 eorum
3445 3795 3571 3848 qua!

1992 3880 2045 3934 in
2067 3879 2225 3934 cmlis
2247 3888 2397 3933 sunt.
2422 3873 2500 3929 'l'e
2524 3874 2667 3930 enim
2691 3873 2985 3929 essentiam
3010 3886 3133 3926 esse
3152 3870 3511 3927 demonstran
3526 3881 3570 3936 ι,

1991 3973 2085 4043 qui
2120 3980 2216 4025 tuo
2251 3970 2453 4023 lumine
2487 3966 2629 4037 pleni
2658 3973 2808 4029 sunt,
2846 3964 2940 4020 sed
2968 3964 3179 4034 absque
3210 3964 3319 4021 ullo
3361 3980 3568 4035 suppo-

1991 4066 2138 4131 sito;
2169 4074 2229 4118 ut
2274 4062 2358 4117 sic
2387 4068 2792 4129 consequenter
2815 4057 3252 4128 supernaturalis
3276 4074 3567 4129 appareas,

1991 4169 2047 4213 et
2077 4153 2437 4225 intelligentia
2466 4151 2815 4221 suppositum
2839 4165 2950 4205 non
2977 4150 3226 4218 habens;
3259 4156 3330 4206 ita
3364 4164 3425 4205 ut
3452 4168 3575 4208 ma-

1995 4251 2213 4311 nifeste,
2254 4256 2309 4303 et
2342 4261 2510 4317 supra
2537 4244 2926 4316 cogitationem
2972 4252 3026 4300 et
3058 4244 3245 4299 omnia
3268 4257 3390 4315 quae
3416 4247 3574 4302 nosci

1995 4352 2248 4415 possunt,
2298 4339 2511 4394 inlinite
2568 4339 2787 4410 ignotus
2834 4346 2894 4393 et
2935 4351 3232 4409 supremus
3278 4339 3576 4401 nosearis:

2001 4447 2246 4505 tempore
2272 4435 2421 4502 pr'or
2450 4444 2707 4500 appares,
2749 4436 3015 4493 aeternus,
3047 4429 3324 4500 ipsissima
3354 4432 3487 4499 vita,
3520 4442 3580 4488 et

2002 4527 2287 4593 inﬁnitus;
2319 4525 2547 4581 localem
2571 4525 2798 4579 omnino
2826 4520 3023 4593 eﬂugis
3042 4523 3452 4594 cogitationem,
3478 4527 3577 4596 qui

309 4609 412 4682 ιιὴν
454 4612 759 4685 ὁλοσχερῶς
813 4615 1186 4685 ὐπικφεύγεις
1244 4616 1477 4683 ἔννοιαν,
1527 4620 1557 4672 ὁ
1607 4621 1887 4693 πανταχοῦ

1999 4621 2197 4689 ubique
2229 4619 2393 4673 simul
2425 4617 2556 4671 ades
2582 4623 2637 4671 et
2666 4628 2833 4686 Supra
2874 4616 3180 4684 quodlibet,
3209 4625 3267 4669 ut
3323 4618 3580 4673 omnium

306 4700 520 4771 ἀθρόως
549 4703 766 4776 παρὼν,
817 4706 916 4760 καὶ
946 4706 1090 4778 ὑπὲρ
1126 4708 1189 4762 τὸ
1228 4711 1363 4771 πᾶν,
1415 4710 1490 4773 ὡς
1537 4710 1633 4764 τοῦ
1691 4712 1893 4777 παντὸς

307 4793 507 4867 ἀθρόον
540 4799 773 4869 ποιητὴς
820 4801 915 4855 καὶ
951 4800 1135 4871 μόνος.
1181 4804 1444 4871 Καίτοιγε
1493 4804 1590 4858 καὶ
1624 4805 1732 4858 τῶν
1781 4823 1898 4859 νοε-

314 4887 424 4959 ρῶν
451 4889 671 4959 φύσεων
703 4893 962 4963 περιοχὴ,
1022 4894 1119 4948 καὶ
1146 4895 1313 4960 τόπος
1340 4894 1416 4949 ὣν
1446 4896 1760 4962 ἀδιάϐατος,
1800 4899 1893 4953 νοῦ

309 4980 473 5051 τάχος
504 4982 877 5054 ὑπερϐαίνων,
903 4987 1000 5040 καὶ
1025 4987 1247 5055 φθάνων
1297 4987 1465 5042 αὐτοῦ
1491 4988 1589 5057 τὴν
1628 4991 1893 5055 ἐπίνοιαν,

310 5071 410 5128 ἅτε
467 5075 606 5146 ὑπὲρ
655 5077 717 5131 τὸ
778 5080 908 5141 πᾶν,
962 5080 1055 5132 καὶ
1098 5080 1223 5151 χεὶρ
1270 5071 1750 5153 παντοκράτορικὴ
1801 5083 1896 5136 τοῦ

313 5165 518 5228 παντὸς
548 5168 944 5238 εὑρισκόμενος
975 5171 1177 5242 τρόπον
1204 5163 1537 5244 ἀδιεξίτητον
1561 5190 1573 5203 ⁸
1634 5175 1729 5228 καὶ
1791 5176 1899 5247 μὴν

313 5257 440 5312 οὐδὲ
467 5258 707 5328 φύσεως,
748 5262 843 5316 καὶ
864 5261 925 5316 τδ
949 5263 1136 5335 τυχὸν,
1189 5264 1339 5335 ὅροις
1396 5266 1683 5321 ὐπόκειται
1704 5282 1720 5301 ⁶
1749 5267 1901 5338 ἀόρι-

316 5364 443 5414 στος
481 5351 547 5405 σύ
572 5352 670 5405 καὶ
692 5353 825 5424 γὰρ,
868 5353 930 5407 οὐ
967 5354 1130 5424 μόνον
1154 5354 1253 5427 τὴν
1279 5356 1464 5426 φύσιν,
1494 5357 1570 5423 ὼς
1601 5359 1900 5430 ὑπερφυῶς

315 5440 727 5515 ἀκατάληπτος,
757 5446 895 5501 ἀλλά
931 5446 1026 5501 καὶ
1076 5451 1194 5513 τοῖς
1229 5451 1362 5522 περὶ
1418 5451 1480 5505 σὲ
1521 5456 1792 5522 φυσικοῖς,
1823 5453 1902 5517 ὡς

319 5535 484 5601 σοφία
534 5535 875 5606 ὐπέρσοφος,
930 5539 1027 5594 καὶ
1071 5540 1303 5610 δύναμις
1351 5542 1758 5614 ὑπερδύναμος,
1806 5546 1903 5598 καὶ

319 5626 533 5697 ἀγάπη.
570 5632 665 5684 καὶ
715 5631 993 5705 ἀγαθότης
1024 5633 1166 5706 ὑπὲρ
1203 5637 1385 5689 πᾶσαν
1411 5635 1651 5690 διάνοιαν
1682 5636 1906 5706 ἀγάπης

323 5720 418 5773 καὶ
446 5721 801 5795 ἀγαθότητος.
834 5726 899 5779 Τί
926 5727 993 5781 ἄν
1011 5744 1097 5790 τις
1127 5729 1277 5780 εἴποι
1321 5744 1381 5781 σε
1404 5744 1418 5791 ;
1448 5728 1564 5792 Φῶς
1588 5726 1901 5800 λεγόμενον,

325 5810 426 5865 οὐκ
464 5813 795 5884 ἀπρόσιτονς
830 5817 980 5870 Ὢστ’
1018 5817 1108 5889 ἄρ’
1135 5818 1278 5888 ὑπὲρ
1303 5817 1439 5886 φῶς.
1467 5819 1567 5887 Τί,
1596 5820 1812 5889 κριτὴν,
1832 5818 1904 5873 ὀὐ

329 5903 509 5959 πάντα
549 5905 887 5969 γινώσκοντα
929 5907 1026 5963 καὶ
1085 5908 1190 5978 πρὸ
1233 5908 1539 5978 γενέσεως;
1585 5908 1698 5964 Ποῦ
1729 5908 1906 5967 ταῦτα

1996 4712 2148 4768 solus
2177 4720 2409 4768 creator.
2443 4709 2548 4765 Sed
2580 4718 2757 4763 tamen
2784 4722 2910 4763 eum
2950 4707 3027 4763 sis
3058 4707 3429 4777 spiritualium
3468 4725 3576 4764 na-

1998 4814 2249 4859 turarum
2297 4803 2538 4856 ambitus
2585 4810 2641 4854 et
2673 4799 2828 4853 locus
2871 4797 3308 4867 impenetrabilis
3337 4809 3581 4856 mentem

2003 4897 2190 4952 statim
2220 4891 2668 4966 supergredieus,
2701 4900 2756 4946 et
2821 4890 2986 4962 hujus
3020 4891 3410 4962 cogitationem
3440 4907 3580 4962 pne-

1996 4992 2244 5054 venieus,
2273 4976 2474 5059 quippe
2503 4989 2595 5056 qui
2625 4986 2702 5042 sis
2729 5000 2897 5054 super
2925 4986 3109 5040 omnia
3135 4993 3184 5039 et
3223 4986 3583 5057 omnipotens

1995 5097 2192 5138 manus
2219 5081 2464 5135 omnium
2497 5078 2717 5131 inodum
2749 5075 3220 5144 impenetrabilem
3253 5077 3537 5134 inveniens
3562 5098 3585 5136 ε

1994 5190 2108 5231 non
2154 5174 2300 5229 enim
2344 5181 2553 5226 naturae
2604 5169 2857 5224 terminis
2892 5185 3134 5240 unquam
3188 5169 3461 5240 subiacet.
3497 5171 3590 5228 Τι)

1992 5268 2138 5324 enim
2196 5265 2452 5322 inﬁnitus
2483 5279 2565 5330 es,
2596 5278 2706 5320 non
2748 5263 2912 5319 modo
2963 5272 3160 5318 natura
3193 5273 3451 5334 tanquam
3486 5280 3580 5321 sue-

1993 5356 2418 5430 pernaturaliter
2445 5353 3039 5424 incomprehensibilis,
3066 5355 3159 5410 sed
3206 5363 3264 5411 et
3306 5356 3580 5411 naturali-

1994 5451 2124 5517 bus,
2154 5466 2276 5520 quae
2301 5450 2508 5505 circum
2534 5455 2588 5502 te
2614 5455 2766 5514 sunt,
2791 5455 2849 5501 ut
2871 5447 3136 5518 sapientia
3167 5449 3585 5519 supersapiens,

1999 5551 2054 5598 et
2090 5542 2334 5612 potentia
2372 5548 2682 5610 praepotens
2708 5544 2764 5593 et
2810 5537 3031 5592 dilectio
3055 5552 3119 5593 ac
3159 5538 3372 5594 bonitas
3403 5554 3575 5610 supra

1997 5649 2215 5688 onmem
2246 5632 2560 5688 dilectionis
2585 5645 2650 5685 ac
2689 5629 2953 5685 bonitatis
2983 5630 3395 5699 cogitationem.
3425 5630 3577 5699 Quid

1996 5735 2049 5781 te
2071 5741 2193 5780 esse
2227 5725 2430 5794 aliquis
2461 5723 2645 5780 dicat?
2672 5722 2830 5791 Quod
2874 5723 3056 5778 lumen
3085 5724 3306 5791 dicitur,
3340 5739 3450 5780 non
3489 5729 3583 5781 est

1991 5816 2413 5883 inaccessibile;
2440 5818 2512 5871 ita
2538 5825 2600 5872 ut
2632 5816 2710 5872 sis
2750 5828 2914 5885 supra
2947 5815 3159 5874 lumen.
3208 5815 3313 5884 Qui
3365 5816 3580 5873 dicitur

1984 5911 2148 5984 inde:
2170 5946 2188 5977 ,
2226 5923 2336 5966 non
2362 5910 2512 5967 novit
2542 5909 2751 5980 omnia,
2773 5909 2938 5966 etiam
2963 5919 3093 5968 ante
3119 5910 3528 5980 generationem
3552 5925 3578 5973 ι
