4076 6480
429 368 535 431 θΐῒ

426 586 553 630 ante
597 577 790 633 faciem
821 581 1059 648 Domini,
1085 601 1315 658 eamque
1346 599 1531 657 orant,
1562 593 1756 663 inquit,
1783 595 1885 649 nisi
1910 595 2002 666 qui

428 670 787 738 spiritualiter
841 690 908 730 ex
943 678 1144 748 populo
1177 680 1271 734 Dei
1320 683 1516 738 divites
1577 687 1743 741 sunt?
1807 687 1993 744 Sancti

428 762 650 830 quidem
679 772 735 818 et
755 765 1003 826 homines
1030 770 1122 826 Dei
1147 773 1326 838 multi,
1345 773 1436 845 qui
1463 778 1738 848 tantisper
1757 778 1811 834 in
1839 780 2000 835 terris

429 855 638 916 vivunt,
676 874 806 912 ntnn
840 873 1030 918 omnes
1066 862 1261 920 faciem
1314 866 1407 923 Dei
1441 869 1624 925 videre
1667 881 1898 940 possunt
1946 889 2000 927 et

427 947 610 1002 vivere
635 951 927 1018 angelice?
956 952 1181 1009 Multum
1209 973 1342 1014 sane
1370 959 1544 1018 abest.
1587 960 1732 1017 Solis
1756 964 1902 1018 enim
1930 963 1998 1019 iis

425 1042 612 1095 datum
653 1053 760 1104 est.
798 1047 888 1115 qui
942 1048 1174 1103 credunt
1229 1051 1492 1108 Deitatetn
1525 1069 1651 1109 cum
1690 1055 1872 1111 divina
1914 1071 2001 1112 sa-

426 1134 627 1200 pientia
653 1147 705 1190 et
743 1139 972 1194 scientia
991 1141 1325 1210 atlorandam
1356 1157 1502 1200 esse‘
1526 1156 1582 1202 et
1630 1148 1911 1204 colendam
1940 1149 1996 1204 in

424 1229 654 1278 veritate
700 1242 765 1280 ac
808 1230 1045 1300 spiritu;
1109 1234 1202 1303 qui
1257 1249 1388 1290 sane
1425 1237 1619 1293 divites
1649 1240 1827 1309 populi
1889 1241 1996 1296 dici

423 1326 690 1379 possunt,
725 1320 911 1374 multis
962 1325 1520 1396 contemplationibus
1561 1322 1714 1384 circa
1739 1332 1995 1403 mysteria

424 1404 715 1462 ittmninati
745 1424 773 1476 ;
795 1425 858 1464 ac
889 1415 1076 1468 multa:
1113 1419 1393 1486 sapientiae
1432 1434 1497 1474 ac
1555 1421 1821 1487 amentiae,
1851 1439 1993 1492 quze,

421 1501 724 1553 secundum
761 1502 1016 1572 Paulum,
1068 1521 1174 1560 non
1235 1509 1479 1564 omnium
1525 1521 1644 1579 est,
1686 1514 1884 1569 divinae
1930 1531 1995 1571 ac

419 1593 722 1659 Spiritualis
743 1617 749 1625 ν
770 1598 1100 1664 profundum
1145 1599 1426 1665 habentes,
1451 1603 1670 1661 divitias
1693 1607 1992 1676 possident.

420 1681 574 1737 Unde
607 1703 624 1735 ι
661 1685 866 1740 vultum
923 1696 1077 1743 tuum
1102 1732 1118 1757 ,
1155 1694 1420 1749 mirabilis
1459 1695 1549 1751 ille
1581 1697 1749 1752 David
1783 1699 1848 1754 ad
1885 1698 1993 1754 Duo

420 1775 629 1828 minam
666 1779 818 1843 dicit,
850 1779 1294 1850 deprecabuntur
1319 1802 1511 1842 omnes
1534 1789 1730 1845 divites
1757 1790 1982 1860 plebis.»

418 1865 544 1921 Haec
575 1883 739 1936 porro
769 1872 976 1940 optime
1004 1875 1188 1930 sciens
1208 1917 1223 1941 ,
1261 1885 1321 1931 ut
1378 1893 1489 1949 prae
1518 1881 1774 1936 omnibus
1804 1881 2000 1938 divina:
2021 1875 2061 1930 Β

416 1959 682 2025 sapientia
720 1961 911 2029 plenus
949 1962 1236 2032 Salomon,
1265 1968 1402 2022 miro
1435 1973 1596 2025 modo
1626 1971 1832 2029 docens
1863 1975 1946 2028 ait
1972 1991 1986 2028 :

419 2069 443 2099 ο
479 2047 557 2104 Ne
594 2051 818 2108 festines
875 2055 1040 2110 verba
1093 2058 1236 2128 loqui
1292 2071 1419 2116 ante
1477 2062 1670 2118 faciem
1731 2065 1942 2119 Domini
1971 2106 1997 2131 ,.

411 2141 537 2208 quia
564 2141 706 2198 Deus
735 2145 787 2198 in
815 2147 958 2202 t-telo'
983 2149 1224 2215 sursum,
1251 2161 1306 2206 et
1337 2164 1390 2206 ttt
1416 2154 1467 2208 in
1495 2165 1637 2210 terra
1675 2159 1980 2212 deorsum.)

411 2233 646 2300 Quando
682 2237 868 2292 divino
899 2240 1043 2294 dono
1094 2242 1146 2295 iit
1179 2245 1361 2296 divina
1411 2255 1465 2301 et
1496 2248 1753 2303 ttniformi
1796 2251 1988 2322 imagi-

411 2334 632 2383 natione
647 2342 773 2384 ante
802 2330 990 2384 faciem
1014 2330 1221 2386 Domini
1242 2335 1420 2390 factus
1446 2337 1554 2392 eris
1597 2354 1876 2410 posuptam
1896 2356 1986 2396 as-

414 2422 664 2474 cenderit
695 2425 896 2474 mentis
930 2427 1320 2494 contemplatio
1344 2465 1358 2488 ,
1391 2438 1600 2498 ten-pus
1629 2441 1713 2485 est
1745 2434 1981 2488 tacendi.

409 2512 490 2566 Ne
522 2513 689 2583 igitur
719 2516 943 2570 verbum
975 2517 1246 2586 proferre,
1281 2535 1349 2574 ne
1378 2537 1544 2575 unum
1577 2525 1796 2592 quidem
1831 2524 1984 2581 festi-

409 2621 538 2671 nes,
599 2616 804 2663 temere
863 2623 1101 2678 sequens
1173 2613 1430 2683 loquendi
1491 2622 1981 2689 consuetudinem,

411 2698 679 2766 quiaanon
713 2707 799 2754 est
829 2708 962 2756 tune
995 2702 1252 2772 loquendi
1292 2715 1525 2777 tempus.
1563 2710 1706 2766 Deus
1737 2714 1883 2768 euint
1918 2716 1982 2770 tis

341 2856 344 2858 γ
410 2797 463 2842 et
499 2800 577 2856 ιιι,
613 2791 696 2845 vel
748 2792 800 2844 in
838 2801 979 2846 terra
1011 2811 1269 2865 manens,
1326 2799 1416 2853 Dei
1455 2801 1547 2870 qui
1574 2803 1625 2855 in
1669 2805 1822 2860 cedis
1859 2815 1941 2861 est
1961 2843 1986 2877 ,-

405 2884 618 2937 vttltum
663 2887 980 2956 angelorum
1019 2889 1183 2944 modo
1250 2895 1651 2964 contemplans.
1691 2899 1897 2954 lthnim
1924 2911 1980 2956 et

407 2977 610 3045 angeli,
644 2989 700 3032 ut
732 2977 981 3035 Salvator
1008 2981 1166 3049 dixit,
1199 2998 1413 3055 semper
1443 2989 1626 3041 vidi-nt
1650 2989 1838 3044 facient
1871 2991 1978 3048 Pa-

407 3069 531 3132 tris,
560 3070 654 3139 qui
688 3071 740 3124 itt
777 3075 932 3128 caelis
959 3083 1066 3130 est.
1094 3073 1250 3131 Unde
1289 3088 1342 3133 et
1374 3083 1592 3148 quando
1626 3080 1976 3142 Salomonem

404 3159 459 3213 in
494 3161 602 3215 alio
653 3161 774 3218 loco
814 3165 1089 3221 dicentem
1129 3168 1320 3233 audis,
1369 3171 1551 3228 lumen
1581 3174 1748 3243 jttstis
1780 3193 1976 3248 perpe-

404 3263 558 3309 tuum
585 3270 602 3322 ;
632 3255 686 3310 id
716 3273 814 3313 eos
838 3261 946 3328 pati
985 3263 1178 3317 credas
1215 3267 1530 3323 examinans
1560 3284 1631 3323 ex
1655 3273 1837 3326 vultus
1871 3271 1975 3327 Do-

406 3345 539 3398 mini
574 3345 709 3400 lttcis
741 3348 1033 3418 eﬂiisione,
1085 3355 1403 3422 angelorum
1434 3358 1563 3421 ritu,
1589 3359 1772 3413 divina
1803 3363 1976 3431 gratia

409 3451 627 3507 semper
662 3440 856 3495 lat-ient
913 3443 1120 3498 Domini
1153 3447 1401 3503 videntes
1429 3464 1494 3504 ex
1537 3467 1644 3520 qua
1672 3455 1978 3510 seaturiens

403 3529 589 3584 iumen
637 3532 868 3586 (‘ﬂllslllll
909 3545 1014 3592 cst.
1043 3537 1283 3608 Angelus
1319 3542 1466 3595 enim
1498 3544 1656 3608 alter,
1693 3561 1760 3600 ne
1797 3546 1973 3600 dicant

402 3620 774 3690 Detts,.ltonto
807 3638 892 3681 est
949 3644 1117 3698 super
1163 3642 1388 3687 terram.
1423 3635 1552 3691 Sine
1579 3637 1745 3693 dubio
1784 3641 1839 3693 itt
1880 3642 1977 3695 do-

401 3725 532 3763 num
563 3753 578 3778 ,
649 3714 837 3782 gratiae
885 3714 1096 3772 Domini
1135 3725 1640 3789 repra‘sentativunt
1664 3766 1679 3792 ,
1715 3729 1921 3784 retliisti
1954 3774 1970 3799 ,

397 3801 627 3859 electus
676 3807 727 3859 id
775 3808 919 3876 quod
977 3820 1062 3864 e~t
1097 3810 1244 3867 Deus
1296 3829 1556 3882 sursum,
1616 3820 1760 3874 tuin
1813 3823 1981 3888 terris

400 3897 684 3962 deorsum,
732 3897 872 3953 Deus
924 3904 1320 3975 netupe,‘quod
1357 3907 1719 3964 admiratione
1747 3912 1971 3981 dignum

400 3995 525 4051 est;
556 4001 666 4040 non
693 3990 907 4057 quidem
941 3992 1156 4046 ratione
1193 3995 1492 4062 procedens
1513 4035 1528 4060 ,
1564 4011 1744 4066 neque
1769 4000 1974 4067 cogita-

398 4082 550 4133 tione
579 4094 898 4149 accurrens,
925 4095 980 4138 et
1014 4086 1232 4154 propria
1268 4088 1553 4143 ratiocinia
1581 4105 1828 4156 movens,
1854 4101 1973 4146 tan-

395 4183 560 4239 quam
595 4171 959 4239 spiritualiter
987 4174 1199 4230 divisus
1221 4215 1237 4242 ,
1269 4178 1362 4232 sed
1395 4179 1747 4235 uniformiter
1781 4197 1972 4237 assur-

393 4276 554 4330 gens,
585 4273 640 4316 et
674 4264 767 4318 llei
821 4279 972 4320 more
1015 4268 1135 4320 sine
1165 4269 1340 4326 oculis
1384 4270 1605 4340 videns,
1642 4288 1704 4327 ac
1750 4275 1972 4330 iintnote

401 4369 498 4420 per
561 4355 865 4424 simplicem
918 4366 972 4411 et
1010 4373 1177 4411 unum
1216 4343 1818 4428 aspecmm,eh9ultns
1866 4366 1973 4422 Do-

396 4441 534 4497 niini
565 4442 768 4510 fulgida
804 4457 1127 4516 erumpente
1173 4449 1467 4517 splendore
1495 4462 1547 4506 et
1578 4455 1968 4511 inaccessibili.

396 4533 468 4586 I'Za
521 4535 682 4604 igitur
727 4543 812 4589 est
863 4551 1074 4591 summa
1129 4547 1185 4593 et
1261 4541 1564 4596 aemulanda
1616 4546 2054 4620 prudentibus!)

393 4628 595 4680 mentis
626 4627 692 4680 ad
725 4626 892 4682 Deum
926 4633 1232 4697 restitutio;
1277 4641 1331 4686 et
1372 4643 1428 4687 ut
1462 4635 1532 4688 ita
1569 4637 1968 4708 d'tt'atn,.spit~i-

392 4721 554 4776 tualis
604 4725 859 4793 puritatis
917 4724 952 4780 fl
979 4743 1051 4793 is;
1081 4730 1312 4797 Optanda
1368 4730 1490 4787 fidei
1525 4735 1730 4801 unitas,
1769 4737 1819 4789 in
1849 4751 1969 4808 pet--

391 4815 533 4868 fvcta
585 4818 814 4887 spiritus
844 4809 1261 4888 communione;
1296 4828 1495 4881 divina!
1554 4844 1618 4882 ac
1662 4829 1965 4887 deiiicantis

389 4909 676 4976 Sapientiae
719 4910 994 4979 gloriosus
1031 4912 1273 4982 fructus;
1306 4918 1625 4986 spiritualist
1659 4922 1812 4989 pacis
1877 4921 1964 4975 fa-

386 5001 609 5069 SIigittm
634 5015 650 5066 ;
678 5003 909 5058 sincera:
940 5005 1138 5060 laetitiae
1165 5008 1540 5078 domicilium;
1559 5012 1756 5066 divina!
1782 5013 1957 5069 cltario

387 5096 519 5148 tatis
548 5092 760 5162 janua;
815 5096 1240 5155 illutninationis
1299 5116 1561 5172 germen;
1640 5096 1967 5161 indelicien—

390 5188 528 5237 tium
563 5185 801 5256 Spiritus
828 5198 1095 5258 aquarum
1142 5207 1207 5247 ex
1241 5195 1404 5249 corde
1431 5197 1731 5267 eruptionis
1757 5201 1966 5269 princi-

389 5291 576 5345 ιιινιιιι;
637 5280 834 5333 animae
890 5283 1004 5334 veti
1061 5297 1257 5338 manna
1291 5285 1446 5341 cilius
1477 5302 1539 5341 ac
1590 5289 1798 5353 deliciae
1830 5331 1846 5357 ,
1906 5302 1961 5348 et

385 5366 788 5423 incrementum
815 5385 879 5425 ac
915 5374 1362 5443 transformatio;
1398 5377 1706 5433 ditinorum
1742 5388 1797 5436 et
1821 5383 1960 5437 inef-

383 5457 630 5513 falitlium
684 5463 1068 5531 mysteriorum
1103 5467 1450 5522 revelationis
1503 5469 1753 5538 initium;
1801 5476 1960 5531 unius

383 5563 448 5602 ac
499 5552 688 5619 primm
749 5554 994 5606 veritatis
1033 5559 1462 5625 consequentia;
1519 5562 1763 5617 omnium
1797 5566 1962 5620 ratio-

382 5643 652 5695 cniiorum
682 5642 1004 5714 dissipatio;
1026 5651 1270 5702 omnium
1297 5650 1688 5720 cogitationum
1704 5658 1956 5727 cessatio;

384 5743 554 5799 supra
609 5733 1003 5801 cOgitationem
1071 5743 1411 5812 assumptio;
1460 5747 1700 5816 stuporis
1757 5763 1954 5819 ortus;

381 5824 578 5879 annua:
623 5843 789 5896 supra
843 5840 1078 5887 mentem
1134 5839 1429 5893 conversio
1478 5840 1544 5894 ad
1601 5841 1955 5913 sitnplex,,et

1556 381 1904 444 CALLiSTI
1941 381 2233 447 CATAPH
2248 387 2556 454 UG'lOTiﬁ

433 499 566 539 num
599 486 707 544 sibi
739 487 940 546 factum
974 503 1099 550 esse
1130 495 1462 567 testiﬁcans;
1498 509 1553 555 et
1583 503 1806 570 qttinam
1854 513 1981 558 stant

433 586 550 600 η.-
597 577 786 600 ..-ιω
1020 585 1034 600 .
1492 599 1498 600 ,
1563 593 1574 600 .
1698 594 1711 600 -
1824 595 1884 600 __

2066 526 2257 580 ιὈΟεν
2285 527 2511 592 είκότως
2561 527 2657 582 καὶ
2691 528 2868 600 χαρᾶς

3567 421 3680 493 9E?

2911 527 3316 600 πνευματικῆς,
3363 529 3437 591 ὡς
3481 531 3546 586 ἂν
3573 532 3678 591 tun"

2091 622 2222 691 περὶ
2277 618 2476 675 ἑαυτοῦ
2509 637 2677 693 φησιν
2703 637 2717 651 ·
2770 640 2789 673 ι
2831 619 3183 692 Ἐσημειώθη
3225 623 3313 676 ἐπ’
3345 622 3446 694 ἐμὲ
3477 624 3536 677 τὸ
3563 627 3678 694 φῶς

2083 711 2181 768 τοῦ
2244 710 2539 783 προσώπου
2588 729 2716 766 σου·
2759 731 2780 765 ι
2822 714 2916 766 και¹
2963 714 3263 781 συνεπάγει
3289 729 3303 744 °
3355 732 3376 766 ι
3426 715 3674 781 ’Ἑδωκας

2085 804 2431 877 εὐφροσύνην
2483 806 2565 869 είς
2607 805 2708 876 τὴν
2754 805 2984 878 καρδίαν
3041 823 3165 876 μου.
3207 824 3226 858 ι
3270 805 3440 860 Πάλιν
3488 809 3551 860 ὲκ
3577 809 3672 862 τοῦ

2085 899 2372 968 φωτισμοῦ
2404 897 2502 952 τοῦ
2534 899 2830 969 προσώπου
2869 896 3100 969 Κυρίου,
3151 896 3254 969 τὴν
3298 901 3673 972 πνευματικὴν

2083 991 2186 1062 τῆς
2218 991 2372 1056 θείας
2399 991 2623 1062 χάριτος
2658 986 2995 1060 γεγενῆσθαι
3023 988 3207 1061 ἑαυτῷ
3239 991 3538 1063 μαρτυρῶν
3570 993 3673 1047 δω-

2088 1083 2244 1156 ρεὰν,
2269 1084 2367 1139 καὶ
2397 1085 2543 1148 τίνες
2589 1082 2709 1138 ποτ’
2755 1084 2864 1155 ἄρα
2891 1083 2941 1136 oi
2972 1083 3127 1153 παρὰ
3161 1081 3238 1155 τῷ
3269 1084 3546 1158 προσώπῳ
3581 1087 3672 1140 τοῦ

2085 1177 2294 1250 Κυρίου
2347 1177 2652 1249 ἱστάμενοι,
2703 1179 2800 1231 καὶ
2849 1175 2984 1230 αὐτὸ
3028 1175 3426 1242 λιτανεύοντες,
3482 1179 3670 1248 φησὶν,

2081 1269 2166 1324 ὅτι
2193 1270 2334 1323 εἰσὶν
2367 1269 2419 1323 oi
2465 1268 2686 1340 νοητῶς
2730 1268 2826 1322 τοῦ
2877 1268 3011 1322 λαοῦ
3057 1266 3154 1323 τοῦ
3193 1268 3331 1323 Θεοῦ
3383 1269 3667 1324 πλούσιον

2079 1361 2227 1432 ἅγιοι
2285 1362 2386 1434 μὲν
2434 1363 2545 1433 γάρ
2592 1360 2864 1431 δήπουθεν
2908 1361 3016 1415 καὶ
3068 1362 3347 1435 ἄνθρωποι
3395 1363 3488 1418 τοῦ
3537 1364 3672 1418 Θεοῦ

2080 1454 2290 1520 πολλοὶ,
2341 1455 2405 1508 οὐ
2441 1455 2550 1526 μὴν
2601 1453 2853 1519 ἅπαντας
2909 1453 3252 1522 ἁπαξαπλῶς
3294 1455 3356 1510 τὸ
3387 1455 3482 1510 τοῦ
3537 1456 3670 1512 Θεοῦ

2081 1546 2311 1617 θεωρεῖν
2349 1545 2528 1612 ἔξεστι
2558 1545 2878 1617 πρόσωπον,
2908 1546 3006 1600 καὶ
3034 1545 3186 1618 βιοῦν
3212 1545 3328 1619 βίον
3356 1547 3670 1618 ἀγγελικὸν,

2079 1639 2176 1694 ἐπὶ
2189 1641 2293 1711 γῆς
2327 1639 2514 1712 ἀκμὴν
2546 1637 2884 1707 διαζῶντας;
2917 1639 3124 1694 Πολλοῦ
3145 1657 3209 1711 γε
3232 1642 3327 1695 καὶ
3351 1640 3463 1695 δεῖ⁹
3497 1642 3677 1714 μόνων

2080 1734 2190 1806 γάρ
2218 1751 2303 1788 τοι
2341 1733 2522 1788 τουτοϊ
2549 1732 2660 1787 τῶν
2702 1733 2842 1804 μετὰ
2881 1733 3076 1804 σοφίας
3105 1732 3260 1799 θείας
3291 1735 3389 1788 καὶ
3417 1734 3668 1804 γνώσεως

2079 1823 2404 1897 λατρευτέον
2461 1819 2602 1878 εῖναι
2647 1825 2708 1878 τὸ
2751 1825 2907 1878 Θείον
2961 1824 3319 1896 νομιζόντων,
3351 1828 3463 1898 καὶ
3508 1845 3667 1898 προσο

2079 1919 2344 1990 κυνητέον
2408 1918 2639 1991 ἀληθείᾳ
2693 1919 2791 1972 καὶ
2861 1917 3173 1988 πνεύματιο
3244 1919 3406 1992 οἵπερ
3457 1920 3520 1990 δὴ
3579 1922 3670 1975 καὶ

2078 2015 2347 2068 πλούσιοι.
2373 2011 2470 2066 τοῦ
2513 2011 2648 2066 λαοῦ
2679 2010 2913 2080 λέγοιντ’
2960 2011 3028 2066 ἂν
3063 2011 3290 2075 εἰκότως
3313 2052 3329 2076 ,
3360 2011 3455 2066 τοῦ
3512 2012 3669 2078 Θεοῦ,

2077 2106 2290 2161 πολλῶν
2327 2104 2704 2178 θεωρημάτων
2738 2105 3170 2171 ὲναυγασθέντες
3199 2106 3497 2178 μυστήρια,
3531 2107 3664 2161 πολ.

2073 2203 2172 2273 λῆς
2207 2219 2267 2255 τε
2311 2201 2508 2270 σοφίας
2559 2199 2658 2254 καὶ
2712 2198 2994 2269 γνώσεως,
3029 2199 3176 2271 ἥτις,
3229 2199 3374 2255 κατὰ
3426 2200 3659 2265 Παῦλον,

2072 2295 2272 2350 οὔκουν
2325 2294 2546 2353 πάντων
2580 2292 2724 2358 ἐστὶ,
2760 2291 2912 2356 θείας
2949 2293 3046 2347 καὶ
3093 2296 3470 2364 πνευματικῆς
3501 2293 3662 2366 βάθος

2072 2383 2258 2456 ἔχουσι
2287 2384 2540 2439 πλοῦτον.
2580 2383 2749 2437 Ὅθεν
2789 2402 2809 2436 ι
2838 2383 2912 2436 Τὸ
2942 2383 3236 2454 πρόσωπόν
3262 2400 3379 2448 σου,
3422 2405 3440 2438 ι
3477 2387 3505 2440 6
3529 2387 3660 2439 θαυ-

2073 2477 2272 2548 μάσιος
2296 2475 2447 2544 λέγει
2480 2473 2619 2545 πρὸς
2651 2472 2808 2537 Θεὸν,
2836 2471 2911 2536 ώς
2940 2473 3182 2543 είρηται,
3235 2473 3420 2537 Δαΰὶδ,
3457 2493 3475 2524 ι
3510 2473 3658 2528 λιταρ

2073 2566 2359 2620 νεῦσουσιν
2389 2567 2440 2620 oi
2475 2565 2724 2619 πλούσιοι
2754 2565 2860 2618 τοῦ
2881 2564 3036 2618 λαοῦ.
3075 2583 3105 2616 ι·
3133 2564 3318 2638 Ταύτῃ
3365 2583 3458 2619 τοι
3479 2570 3670 2631 ταυτῖ,.

2077 2657 2315 2728 μάλιστα
2361 2657 2582 2712 πάντων
2616 2655 2794 2722 εἰδὼς,
2835 2655 2912 2720 ῶς
2964 2655 3200 2726 μάλιστα
3251 2658 3482 2712 πάντων
3509 2658 3658 2722 θείας

2074 2749 2269 2820 σοφίας
2298 2750 2735 2822 πεπληρωμένος
2788 2747 3047 2819 Σολομὼν
3095 2751 3124 2803 ό
3151 2749 3315 2813 πάνυ,
3342 2750 3558 2820 εὐφυῶς
3592 2752 3658 2802 τά

2072 2841 2312 2911 μάλιστα
2363 2839 2634 2894 διδάσκων
2687 2839 2854 2910 φησί’
2899 2857 2918 2890 ι
2966 2839 3058 2910 Μὴ
3117 2839 3366 2912 σπεύσῃς
3412 2842 3672 2909 ὲνεγκείψ

2075 2937 2227 3006 ῥῆμα
2255 2933 2364 3005 πρὸ
2398 2932 2698 3004 προσώπου
2751 2931 2981 3004 Κυρίου,
3024 2933 3108 2986 ὅτι.
3136 2934 3165 2985 6
3194 2933 3327 2996 Θεὸς
3354 2935 3412 2987 ὲν
3445 2935 3656 3005 οὐρανῷ

2070 3029 2207 3094 ἄνω,
2257 3028 2354 3083 καὶ
2405 3028 2470 3082 σὺ
2515 3029 2609 3080 ἐπὶ
2657 3026 2757 3092 τῆς
2799 3029 2906 3098 γῆς
2936 3027 3109 3081 κάτω.
3153 3044 3170 3077 i
3222 3025 3490 3097 Ὀπηνίκα
3521 3031 3655 3080 κατα

2072 3121 2226 3176 θείαν
2253 3121 2464 3190 δωρεὰν
2501 3118 2682 3189 γένοιο
2711 3118 2820 3190 πρὸ
2867 3117 3186 3189 προσώποω
3204 3119 3413 3190 Κυρίου
3452 3121 3511 3173 ὲν
3541 3119 3665 3190 θείᾳι

2003 3223 2046 3280 C
2073 3216 2167 3268 καὶ
2216 3215 2445 3269 ἑνοειδεί
2476 3212 2752 3286 φαντασία
2776 3253 2791 3280 ,
2830 3211 3240 3284 ἀναϐεϐηκυίας
3270 3213 3373 3284 τῆς
3421 3215 3516 3268 τοῦ
3565 3214 3670 3269 νοῦν

2073 3307 2310 3378 θεωρίας
2347 3306 2610 3378 δηλονότι,
2642 3305 2837 3379 καιρὸς
2867 3304 2959 3360 τοῦ
2987 3307 3166 3377 σιγᾷν.
3189 3307 3282 3377 Μὴ
3313 3307 3493 3360 τοίνυν
3523 3325 3671 3379 προ--

2072 3401 2320 3470 ενεγκεῖν
2339 3399 2513 3473 ῥῆμα,
2547 3398 2684 3472 μηδὲ
2713 3397 2846 3469 γοῦν
2869 3397 2927 3451 ἓν
2949 3399 3212 3472 σπεύσῃς,
3233 3399 3458 3465 είκαίως
3483 3402 3658 3472 ῥημα-

2072 3496 2202 3565 τικῇ
2256 3493 2518 3565 συνηθείᾳ
2560 3493 2864 3563 ἑπόμενος,
2911 3493 2993 3547 ὅτι
3038 3493 3100 3547 οὐ
3156 3492 3349 3564 καιρὸς
3393 3493 3515 3548 τότε
3562 3495 3654 3548 τοῦ

2072 3585 2280 3642 λαλεῖν.
2328 3585 2471 3650 Θεὸς
2511 3585 2624 3656 γὰρ
2652 3585 2782 3658 γίνῃ
2820 3584 3006 3640 καὶσὺ
3039 3586 3132 3641 ἐπὶ
3173 3586 3272 3657 τῆς
3315 3588 3416 3656 γῆς
3449 3586 3529 3640 ἔτι
3558 3586 3652 3648 ὢν,

2067 3667 2164 3720 τοῦ
2213 3669 2272 3721 ἐν
2321 3667 2577 3740 οὐρανοῖς
2616 3670 2844 3742 θεωρῶν
2901 3671 3039 3727 Θεοῦ
3095 3675 3556 3750 ἀγγελομιμήτως
3596 3682 3668 3736 τὸ·

2068 3759 2386 3830 πρόσωπον.
2419 3761 2531 3815 Καὶ
2556 3761 2668 3834 γὰρ
2700 3761 2796 3816 οὖν
2825 3763 2923 3818 καὶ
2943 3765 2990 3819 οί
3018 3766 3264 3837 ἄγγελοι,
3299 3769 3375 3833 ὡς
3409 3771 3439 3825 6
3465 3771 3655 3845 Σωτὴρ

2066 3853 2278 3924 εἴρηκε,
2315 3852 2407 3906 διὰ
2435 3854 2638 3919 παντὸς
2666 3855 2836 3926 ὁρῶσι
2866 3855 2928 3910 τὸ
2957 3858 3463 3929 πρόσωποντοῦοὲν
3495 3864 3655 3934 οὖρα-

2065 3947 2176 4009 νοῑς
2204 3945 2364 4016 ἡμῶν
2407 3947 2646 4018 Πατρός.
2702 3947 2870 4002 Ὅθεν
2919 3950 3016 4003 καὶ
3065 3951 3195 4005 ὅταν
3238 3953 3297 4006 ὲν
3329 3955 3474 4026 ἄλλῳ
3505 3956 3672 4028 τύπῳε

2060 4037 2318 4107 λέγοντος
2348 4037 2558 4111 ἀκούῃς
2586 4039 2682 4093 τοῦ
2705 4041 3075 4112 Σολομῶντος,
3097 4061 3116 4096 ι
3142 4045 3260 4110 Φῶς
3285 4043 3517 4110 δικαίοις
3536 4046 3653 4102 δια-

2063 4131 2290 4197 παντὸς,
2317 4151 2338 4185 ι
2375 4135 2439 4187 ὲκ
2469 4133 2570 4203 τῆς
2594 4132 2688 4188 τοῦ
2719 4133 3018 4207 προσώπου
3043 4137 3249 4210 Κυρίου
3281 4140 3646 4212 φωτοχυσίας,

2061 4224 2224 4280 τοῦτο
2246 4224 2484 4296 πάσχειν
2518 4227 2718 4292 αὐτοὺς
2747 4227 2808 4282 τὸ
2846 4228 2994 4293 εἰκὸς
3023 4229 3216 4303 λογίσῃ
3255 4232 3664 4305 σκοπούμενος,-

2059 4318 2425 4385 ἀγγελοειδῶς
2471 4318 2616 4372 κατὰ
2651 4318 2805 4374 θείαν
2836 4320 3001 4392 χάριν
3037 4321 3127 4376 διὰ
3173 4323 3374 4388 παντὸς
3411 4324 3665 4396 ὁρῶντες

2059 4413 2122 4466 τὸ
2155 4413 2251 4467 τοῦ
2283 4413 2492 4485 Κυρίου
2523 4413 2838 4486 πρόσωπον,
2873 4413 2934 4482 ἐξ
2971 4409 3033 4470 οὗ
3060 4414 3121 4470 τὸ
3152 4420 3387 4486 πηγαῖον
3417 4419 3648 4489 ἐκκέχυι

2058 4523 2152 4560 ται
2180 4505 2318 4575 φῶς.
2359 4505 2633 4575 Ἄγγελος
2671 4505 2782 4578 γὰρ
2809 4505 2989 4572 ἄλλος,
3026 4508 3113 4562 ἵνα
3151 4507 3226 4581 μὴ
3266 4509 3408 4578 λέγω
3441 4508 3580 4573 θεὸς,
3619 4512 3665 4564 6-

2056 4599 2350 4669 ἄνθρωπος
2378 4599 2593 4668 γίνεται
2639 4600 2736 4655 καὶ
2789 4600 2940 4655 ἐστιν
2970 4602 3062 4656 ἐπὶ
3096 4603 3196 4674 τῆς
3242 4603 3367 4673 γῆς.
3431 4601 3645 4674 Ἀμέλει

2055 4694 2144 4746 κατ
2184 4692 2393 4765 είςῖτὴν
2437 4692 2720 4765 είκονικὴν
2751 4695 2854 4766 τῆς
2885 4693 2981 4749 τοῦ
3030 4696 3238 4766 Κυρίου
3293 4695 3516 4767 χάριτος
3539 4694 3643 4748 5w-

2058 4784 2188 4851 peitv
2250 4783 2532 4855 ὲπανέρχῃ
2564 4824 2578 4846 ,
2620 4782 3024 4854 καθιστάμενος
3093 4785 3233 4856 ὅπερ
3273 4784 3462 4846 όΘεὸς
3511 4781 3641 4841 ἄνω,

2053 4875 2212 4930 τοῦτο
2245 4877 2308 4930 σὺ
2338 4875 2443 4928 ἐπὶ·
2469 4875 2571 4946 γῆς
2601 4875 2673 4930 κά
2709 4893 2773 4932 ω.
2807 4876 2927 4941 θεὸς
2967 4877 3188 4947 δηλαδὴ,
3218 4877 3278 4932 τὸ
3309 4877 3658 4946 θαυμάσιον·

2051 4966 2458 5035 οὗδιεξοδεύων
2501 4967 2670 5038 λόγῳ,
2702 4967 2826 5022 οὐδὲ
2871 4974 3107 5040 νοήματι
3151 4969 3517 5038 μεταϐαίνων,
3550 4967 3644 5020 καὶ

2051 5061 2220 5114 κινῶν
2255 5060 2316 5113 τὸ
2345 5059 2478 5114 ίδιον
2526 5059 2902 5132 λογιζόμενον,
2940 5062 3016 5124 ὼς
3054 5061 3119 5115 ἂν
3152 5061 3358 5133 νοερῶς
3403 5060 3643 5131 διαιρού-

2054 5171 2238 5226 μενος,
2288 5153 2408 5208 ἀλλ’
2464 5152 2714 5217 ἑνοειδῶς
2754 5153 3090 5217 ἐπιϐάλλων,
3140 5155 3235 5208 καὶ
3288 5153 3448 5224 δίκην
3507 5151 3641 5206 Θεοῦ

2051 5247 2276 5317 θεωρῶν
2323 5247 2684 5315 ἀνομμάτως,
2717 5246 2815 5300 καὶ
2865 5248 3142 5317 ἀκινήτως
3173 5246 3318 5301 κατὰ
3343 5247 3520 5310 ἁπλῆν
3552 5246 3642 5299 καὶ

2048 5339 2258 5394 ἑνιαίαν
2308 5339 2612 5410 anienem
2636 5380 2650 5403 ,
2702 5339 2799 5397 καὶ
2845 5339 2946 5412 μέν
2975 5356 3040 5409 γε
3078 5339 3433 5412 ἐπεντρυφῶν
3478 5341 3544 5409 τῇ
3580 5340 3642 5390 ἐκ

2049 5433 2348 5506 προσώπου
2381 5433 2589 5504 Κυρίου
2615 5432 3046 5504 ἀποπαλλομένῃ
3082 5432 3447 5504 διαυγεστάτῃ
3477 5430 3657 5502 αἴγλῃ,

2045 5529 2144 5581 καὶ
2180 5526 2490 5598 ἅπροσίτῳ.
2529 5523 2690 5578 Τοῦτ’
2714 5523 2809 5579 οὖν
2851 5525 3002 5577 ἐστιν
3039 5525 3072 5595 ὴ
3105 5523 3384 5594 κορυφαια
3411 5523 3506 5576 καὶ
3541 5521 3644 5590 ζη-

2045 5617 2190 5688 λωτὴ
2220 5620 2334 5682 τοῖς
2365 5617 2646 5688 ὲχέφροσι,
2676 5615 2773 5670 τοῦ
2800 5614 2894 5670 νοῦ
2927 5615 3066 5687 πρὸς
3099 5615 3231 5668 Θεὸν
3268 5616 3601 5677 κατάστασις
3623 5632 3636 5644 ·

2043 5711 2102 5764 τὸ
2115 5705 2228 5763 οἷον
2243 5712 2420 5763 εἰπεῖν
2438 5708 2600 5773 ἄνθος
2620 5709 2717 5779 τῆς
2735 5725 2820 5760 νοε
2830 5709 2930 5781 ρᾶς
2945 5707 3389 5780 καθαρότητοςοὴ
3414 5706 3643 5759 εὐκταία

2044 5803 2234 5872 ἑνότης
2282 5802 2383 5871 τῆς
2423 5800 2685 5864 πίστεως,
2733 5798 3040 5870 τελουμένη
3076 5802 3133 5852 ὲν
3161 5801 3226 5870 τῇ
3257 5797 3513 5867 κοινωνίᾳ
3543 5792 3644 5849 τοῦ

2045 5892 2366 5965 [πνεύματος
2387 5908 2401 5922 ο
2436 5892 2534 5962 τῆς
2561 5889 2714 5954 θείας
2741 5889 2836 5944 καὶ
2862 5887 3112 5943 θεοποιοῦ
3137 5887 3328 5958 σοφίας
3355 5887 3383 5936 ό
3410 5884 3649 5954 εὐκλεὴς
