4076 6476
319 485 384 547 91
404 485 434 541 Δἰ

1445 505 1542 564 DE
1585 503 1764 566 VITA
1808 501 2471 568 CONTEMPLATWA.

3477 497 3586 561 91!

326 614 574 682 καρπός·
618 613 650 684 ἡ
687 612 788 682 τῆς
842 609 1226 682 πνευματικῆς
1287 611 1511 682 εἰρήνης
1570 624 1814 680 κρηπι;’
1856 609 1949 674 τδλ

2038 615 2433 669 nterminatum
2489 613 2857 686 undequaque
2889 615 3162 671 inﬁnitum
3193 619 3246 668 et
3293 612 3592 668 incircum-

327 710 676 776 καταγώγιον
713 705 814 773 τῆς
861 704 1213 771 ἁφαντάστου
1252 704 1432 774 χαρᾶς
1457 720 1470 734 ·
1508 703 1609 772 τῆς
1643 702 1740 756 τοῦ
1781 700 1920 755 Θεοῦ

327 799 604 867 ἁγάπηςή
641 794 818 865 πύλη’
863 793 926 847 τὸ
968 797 1068 864 τῆς
1124 795 1448 867 ἐλλάμψεως
1495 794 1822 864 βλάστημαο
1855 792 1918 846 τὸ

289 922 300 943 ι
321 889 490 942 αἴτιον
522 890 622 957 τῆς
648 891 712 942 ἐκ
733 887 966 959 καρδίας
1003 888 1318 954 ἐκϐλῦσεως
1341 889 1454 943 τῶν
1480 888 1774 941 ἀκενώτων
1800 887 1925 943 ὑδά-

325 1000 430 1035 των
468 982 564 1035 τοῦ
600 981 930 1052 ῌνεύματος
953 996 968 1010 ·
1002 983 1036 1051 ἡ
1081 981 1177 1036 τοῦ
1210 981 1450 1036 τυπικοῦ
1495 983 1671 1052 μάννα
1706 981 1924 1053 ἀληθῶς

320 1077 493 1148 τροφή
521 1095 578 1131 τε
605 1077 702 1129 καὶ
749 1076 934 1146 τρυφὴ
976 1076 1075 1148 τῆς
1117 1075 1322 1146 ψυχῆς,
1371 1075 1470 1129 καὶ
1516 1074 1769 1146 αὔξησις,
1822 1075 1920 1128 καὶ

321 1169 607 1232 ἀλλοίωσις
629 1187 642 1201 ·
679 1168 790 1222 τῶν
817 1167 980 1223 θείων
1006 1170 1102 1222 καὶ
1128 1169 1416 1238 ἀλαλήτων
1450 1168 1792 1238 μυστηρίων,
1826 1163 1923 1221 καὶ

323 1261 722 1332 ἀποκαλύψεων
749 1263 783 1332 ἡ
815 1262 959 1331 ἀρχή
985 1278 999 1293 ⁸
1029 1261 1130 1332 τῆς
1161 1278 1224 1330 γε
1259 1263 1388 1331 μιᾶς
1421 1261 1517 1314 καὶ
1540 1260 1766 1331 πρώτης
1791 1260 1923 1332 ἀλη-

323 1355 474 1419 Οείας
504 1355 566 1408 τὸ
612 1355 1025 1427 συμπέρασμα·
1079 1353 1188 1408 τῶν
1232 1351 1533 1410 ὁποιωνοῦν
1580 1352 1860 1424 λογισμῶν
1893 1355 1922 1406 6

2012 707 2278 777 scriptum
2305 748 2321 773 ,
2366 708 2486 763 sine
2517 707 2692 763 forma
2725 724 2788 764 ac
2827 709 2995 780 ﬁgura
3021 748 3036 774 ,
3069 707 3189 762 sine
3237 706 3502 776 qualitate
3530 719 3595 760 ac

2014 800 2282 854 varietate
2333 813 2397 854 ac
2429 802 2770 870 quantitate,
2828 803 3135 856 absolutum
3181 807 3235 853 et
3267 806 3597 867 supernatu-

2014 889 2169 954 rale;
2203 891 2398 943 anima!
2423 892 2654 944 mutatio
2684 905 2747 945 ac
2783 906 3008 960 prorsus
3037 889 3101 943 ad
3154 888 3399 942 divinum
3437 888 3597 940 resti-

2016 983 2177 1036 tutio.
2220 981 2298 1037 Ne
2329 984 2496 1054 igitur
2530 999 2594 1037 ex
2630 983 3022 1052 imprudentia,
3055 997 3178 1036 cum
3230 982 3294 1036 ad
3329 995 3452 1034 cum
3485 988 3596 1033 sta-

2019 1085 2130 1129 tum
2168 1075 2504 1146 perveneris,
2533 1086 2587 1130 et
2613 1074 3019 1147 quodammodo
3064 1075 3251 1141 gratiae
3283 1073 3598 1127 misericor-

2016 1166 2106 1222 dia
2142 1166 2283 1225 Deus
2315 1168 2545 1225 effectus
2569 1169 2700 1231 eris,
2721 1184 2786 1222 ne
2818 1166 3040 1222 festines
3067 1167 3148 1221 vel
3173 1181 3340 1219 unum
3373 1166 3598 1218 verbum

2017 1270 2148 1314 ante
2207 1259 2404 1315 faciem
2460 1261 2673 1316 Domini
2733 1258 3013 1330 proferre;
3063 1255 3189 1327 quia
3247 1255 3351 1325 ipsi
3402 1270 3510 1309 una
3551 1261 3598 1307 et

2024 1349 2251 1420 simplex
2287 1352 2456 1422 gloria
2489 1354 2541 1406 in
2575 1353 2772 1409 saecula
2801 1351 2930 1406 erit.

336 1437 651 1510 ἀφανισμός
671 1453 684 1466 '
714 1439 748 1506 ἡ
796 1426 986 1492 πασῶν
1017 1438 1128 1492 τῶν
1153 1439 1396 1510 νοήσεων
1426 1439 1777 1504 άπόπαυσις’
1808 1442 1842 1512 ἡ
1877 1440 2018 1510 ὑπὲρ
2060 1439 2126 1495 τὸ
2178 1444 2320 1495 νοεῖν
2357 1437 2686 1492 ἐπιστασία·
2718 1437 2751 1505 ἠ
2792 1431 3023 1504 ἀφορμὴ
3081 1429 3178 1499 τῆς
3233 1426 3552 1499 ἐκπλήξεως
3581 1441 3597 1458 ⁹

340 1540 376 1608 ὴ
409 1540 547 1608 πρός
577 1551 639 1604 γε
669 1534 730 1586 τὸ
777 1531 1010 1599 ἁπλοῦν,
1047 1535 1146 1587 καὶ
1187 1538 1443 1606 ἀόριστον
1482 1535 1772 1591 καθοτιοῦν
1805 1539 2059 1608 ἄπειρον,
2093 1537 2190 1592 καὶ
2248 1533 2646 1602 ἀπερίληπτον,
2680 1528 2919 1584 ἀνείδεον
2947 1543 3006 1580 τε
3035 1526 3128 1579 καὶ
3158 1524 3597 1594 ἀσχημάτιστον,

341 1634 558 1697 ἄποιον,
590 1630 898 1696 άποίκιλον,
928 1631 1154 1698 άποσον,
1190 1631 1417 1699 ἀναφὲς,
1444 1633 1541 1686 καὶ
1572 1633 1966 1702 ὑπερκόσμιον,
2008 1631 2106 1686 τοῦ
2146 1631 2238 1685 νοῦ
2271 1628 2636 1698 μεταποίησις
2667 1624 2809 1696 ὑπὲρ
2843 1621 2991 1683 νοῦν,
3027 1621 3120 1674 καὶ
3152 1619 3462 1681 ἀλλοίωσις,
3500 1614 3599 1668 καὶ

339 1729 481 1792 ὅλως
509 1727 646 1799 πρὸς
672 1727 734 1780 τὸ
761 1726 995 1789 θεωιδές
1032 1727 1512 1787 ἀποκατάστασις.
1538 1725 1633 1797 Μὴ
1664 1724 1728 1795 δὴ
1753 1727 1811 1791 ἐξ
1842 1726 1931 1794 ἄρ’
1960 1713 2236 1795 ἁμαθὶίας
2267 1725 2324 1776 ἐν
2352 1720 2530 1792 τούτῳ
2566 1718 2810 1788 γεγονὼς
2842 1715 3258 1778 κκταστὰοεως,
3295 1713 3387 1765 καὶ
3416 1710 3606 1780 τρόπῳ

341 1826 403 1892 τέ
431 1841 508 1893 τφ
537 1819 969 1892 θεουργούμενος
1001 1822 1069 1891 τῇ
1106 1819 1500 1892 φιλανθρωπίᾳ
1532 1820 1631 1892 τῆς
1680 1822 1929 1892 χάριτος,
1977 1818 2221 1889 σπεύσῃς
2254 1817 2501 1885 ἐνεγκεῖν
2553 1813 2708 1885 ῥῆμα
2752 1811 2812 1865 ἓν
2840 1808 2974 1880 γοῦν
3014 1806 3122 1878 πρὸ
3153 1806 3452 1876 προσώπου
3485 1803 3604 1856 Κυ-

340 1920 460 1990 ρίου
481 1935 495 1949 ·
527 1921 612 1973 ὅτι
643 1917 792 1989 αὐτῷ
818 1921 852 1990 ἠ
882 1920 982 1988 μία
1012 1920 1108 1972 καὶ
1131 1917 1280 1987 ἁπλῆ
1316 1916 1445 1981 δόξα
1479 1917 1560 1980 είς
1582 1917 1712 1979 τοὺς
1738 1917 1947 1978 αἰῶνας
1973 1913 2151 1968 ἔσται.

415 2020 514 2092 οξ.
550 2023 611 2077 '0
632 2019 759 2085 νοῦς
787 2017 1018 2089 θεωρεῖν
1049 2015 1253 2069 ἐθέλων
1283 2012 1354 2065 τὰ
1385 2009 1524 2080 ὑπὲρ
1555 2004 1720 2061 αὐτὸν
1751 2003 1942 2074 νοητὰ,

348 2121 399 2174 εἰ
427 2117 504 2190 μὴ
528 2114 618 2170 διὰ
644 2112 745 2183 τῆς
772 2110 924 2174 θείας
955 2107 1180 2180 χάριτος
1221 2100 1612 2173 συνεργοῦσαν.
1625 2095 1762 2190 πρὸς
1784 2092 1946 2148 τοῦτο

351 2186 466 2282 ἔχοι
491 2186 592 2264 καὶ
618 2205 718 2275 τὴν
751 2204 886 2258 ἰδίαν
921 2200 1174 2273 καρδίαν,
1229 2195 1457 2266 ἀδρανῆ,
1504 2191 1602 2246 καὶ
1626 2186 1944 2282 άφώ-τιστα,

349 2276 451 2354 καὶ
495 2293 880 2366 συγκεχυμένα
935 2291 1059 2363 ὁρᾷ.
1099 2289 1200 2342 Διὰ
1246 2287 1406 2340 τοῦτο
1453 2284 1550 2337 καὶ
1592 2279 1692 2350 τῆς
1745 2276 1945 2332 ἐαυτοῦ

353 2391 546 2464 ἡδονῆς
571 2389 672 2460 τῆς
695 2405 758 2456 γε
786 2384 1132 2456 κυριωτέρας
1160 2381 1322 2447 ἐνδεῖ,
1349 2377 1451 2433 κᾶν
1479 2376 1546 2430 δι’
1573 2375 1804 2464 ἄγνοιανΔ
1817 2372 1946 2440 δοκῇ

350 2460 575 2550 ἥδεσθαι
624 2471 711 2530 οἷα
734 2473 973 2547 μηδέπω
1016 2469 1351 2540 γεγευμένος
1385 2465 1592 2534 ταύτης
1634 2460 1947 2532 τυγχάνων-

342 2573 544 2642 ὥσπερ
589 2569 659 2638 δὴ
706 2568 858 2622 δοκεῖ
894 2582 1011 2627 πως
1059 2561 1291 2634 ἥδεσθαι
1341 2558 1438 2612 καὶ
1483 2558 1512 2611 6
1539 2555 1631 2610 τὸν
1660 2552 1948 2642 ὀλλυρίτην

353 2641 554 2717 ἐσθίων
575 2661 764 2730 ἄρτον,
788 2657 970 2711 καίτοι
993 2671 1059 2724 γε
1083 2651 1344 2724 πάμπολυ
1367 2649 1469 2719 τῆς
1497 2646 1642 2700 κατὰ
1664 2643 1756 2697 τὸν
1775 2641 1947 2709 ἄρτον

351 2757 551 2826 ἡδονῆς
581 2751 783 2817 ἐνδεῶς
830 2748 1049 2820 ἔχοντα,
1082 2747 1171 2800 διὰ
1221 2743 1408 2816 μέντοι
1436 2740 1534 2813 τὴν
1582 2738 1808 2808 ἄγνοιαν
1845 2731 1949 2803 τῆς

355 2848 606 2921 γεύσεως
642 2843 739 2900 τοῦ
773 2843 860 2897 διὰ
896 2839 1234 2911 σεμιδάλεως
1266 2837 1460 2908 ἄρτου.

423 2939 527 3013 οη’.
557 2937 714 2994 Μετὰ
759 2941 862 3007 τὴν
897 2933 1094 3004 νοερὰν
1137 2933 1235 3000 τῆς
1274 2927 1504 3000 καρδίας
1535 2925 1624 2980 διὰ
1652 2925 1755 3013 τῆς
1787 2922 1949 3013 χάριεν

352 3049 444 3097 τος
469 3010 666 3086 ἐνωσιν
692 3026 949 3090 ἀπλανῶς
979 3027 1038 3080 ἐν
1071 3024 1211 3094 φωτὶ
1237 3015 1598 3090 πνευματικῷ
1625 3013 1655 3067 6
1673 3011 1800 3077 νοῦς
1820 3010 1946 3082 ὁρᾷ,

353 3125 449 3179 καὶ
474 3121 778 3178 ἐκτείνεται
802 3120 882 3184 εἰς
907 3118 969 3172 τὸ
998 3117 1128 3172 ίδιον
1151 3110 1366 3186 ἐφετὸν,
1394 3111 1534 3181 ὅπερ
1558 3105 1710 3160 ἐστὶν
1733 3103 1763 3157 6
1786 3102 1948 3169 Θεὸς,

363 3229 468 3298 ἔξω
489 3229 666 3298 πάντη
692 3225 984 3296 γενόμενος
1013 3223 1112 3293 τῆς
1140 3219 1472 3288 αἰσθήσεως,
1500 3219 1695 3289 ἄχροος
1718 3218 1942 3290 δηλαδὴ,

2098 2009 2190 2064 77.
2223 2007 2374 2067 Mens
2407 2024 2527 2080 quae
2557 2023 2620 2067 ea
2646 2026 2773 2083 quae
2801 2026 2971 2083 supra
3001 2028 3061 2070 se
3095 2013 3323 2084 cogitari
3354 2024 3608 2083 possunt.

2027 2099 2147 2154 vult
2184 2101 2545 2173 contemplari
2578 2146 2595 2171 ,
2645 2102 2753 2158 nisi
2791 2118 2888 2157 cor
2919 2121 3078 2160 suum
3125 2104 3306 2159 divina
3336 2107 3511 2176 gratia
3543 2110 3611 2160 ad

2028 2194 2162 2248 illud
2200 2203 2410 2250 motum
2445 2196 2671 2261 sentiat,
2701 2197 2908 2252 incerta
2943 2209 2997 2254 et
3037 2197 3271 2255 obscura
3301 2208 3355 2252 et
3376 2198 3610 2254 confusa

2027 2286 2195 2343 videt.
2237 2287 2360 2344 ideo
2389 2289 2613 2359 gaudio,
2641 2290 2786 2359 quod
2835 2305 2994 2358 supra
3026 2293 3303 2359 proprium
3351 2291 3610 2360 gaudium

2029 2378 2121 2442 sit,
2181 2381 2424 2450 indiget,
2490 2382 2592 2437 etsi
2653 2397 2749 2452 per
2798 2381 3160 2448 ignorantiam
3220 2392 3366 2452 putet
3410 2383 3615 2437 sentire

2029 2473 2210 2543 qualia
2240 2474 2478 2527 nondum
2510 2480 2765 2540 senserit,
2800 2476 2902 2530 hac
2933 2476 3118 2530 betitia
3145 2477 3379 2545 noujatn
3414 2477 3612 2544 fruita,

2032 2567 2496 2635 quemadmodum
2539 2583 2598 2621 se
2639 2569 2815 2623 credit
2845 2569 2983 2623 aliici
3023 2570 3116 2640 qui
3144 2586 3344 2640 panem
3377 2571 3617 2626 crassio-

2033 2672 2149 2713 rem
2181 2659 2466 2724 comedit,
2509 2661 2739 2716 multum
2774 2669 2954 2716 tamen
3007 2679 3036 2716 a
3087 2663 3247 2731 panis
3299 2663 3614 2718 delectabili

2033 2767 2229 2821 sapore
2249 2753 2542 2808 distantem
2571 2792 2586 2817 ,
2624 2755 2752 2824 quia
2787 2754 3034 2810 nondum
3084 2771 3276 2825 panem
3341 2757 3614 2812 triticeum

2034 2841 2356 2918 gustaverit.

2107 2941 2194 2997 78.
2233 2941 2360 2996 Post
2393 2941 2740 3009 Spiritualem
2800 2943 2984 2997 cordis
3022 2959 3119 3013 per
3176 2946 3404 3014 gratiam
3460 2949 3620 3002 unio-

2036 3049 2182 3100 nem,
2204 3034 2410 3104 absque
2435 3050 2625 3089 errore
2652 3034 2706 3090 in
2737 3036 3012 3105 spirituali
3033 3037 3240 3092 lumine
3265 3054 3421 3094 mens
3443 3039 3612 3108 videt,

2034 3137 2087 3182 et
2118 3129 2184 3182 ad
2221 3127 2272 3182 id
2323 3128 2472 3196 quod
2515 3127 2664 3198 cupit
2692 3129 3033 3194 extenditur,
3065 3131 3131 3185 ad
3182 3128 3351 3187 Deum
3402 3149 3618 3201 nempe,

2040 3219 2265 3272 omnino
2295 3228 2447 3273 extra
2483 3235 2681 3275 sensus
2733 3221 3060 3287 constituta,
3102 3223 3312 3293 absque
3352 3224 3539 3280 colore
3568 3235 3623 3281 et

365 3320 463 3376 uoti.
490 3315 834 3386 άποιος,’καὶ
873 3315 1217 3384 ἀφάνταστος
1268 3311 1782 3381 ἅποκαθιστάμενος
1823 3314 1945 3374 ταῖς

2038 3311 2382 3379 quantitate,
2439 3318 2494 3366 et
2526 3311 2785 3366 omnibus
2843 3311 3185 3368 sensibilium
3219 3314 3626 3385 imaginationi-

368 3411 695 3483 φαντασίαις
721 3410 831 3463 τῶν
859 3405 1155 3477 αἰσθητῶν.

435 3504 531 3559 οθν.
565 3502 712 3566 Νοῦς
743 3501 849 3554 ὑπὸ
875 3499 979 3570 τῆς
1005 3497 1228 3569 χάριτος
1255 3497 1335 3560 εἰς
1360 3495 1420 3549 τδ
1452 3495 1680 3567 θεωρεῖν
1717 3496 1948 3567 ὁδηγού-

372 3614 550 3668 μενος,
593 3595 670 3660 ὡς
701 3592 918 3665 άληθῶς
953 3591 1129 3662 μάννα
1155 3589 1246 3643 διὰ
1277 3589 1477 3653 παντὸς
1506 3590 1675 3643 ἐσθίει
1706 3607 1950 3661 πνευμαο

365 3689 535 3744 τικόν.
571 3688 645 3743 Τὸ
673 3687 784 3759 γὰρ
831 3687 895 3757 δὴ
929 3683 1186 3755 αἰσθητὸν
1239 3684 1438 3753 μάννα,
1489 3683 1627 3753 ὅπερ
1659 3685 1688 3736 ὁ
1730 3683 1949 3753 Ἰσραὴλ

360 3781 576 3853 ἢσθιεν,
614 3778 762 3850 εἶχεν
796 3778 1046 3849 ἐνήδονον
1075 3775 1354 3843 ἀξιόλογον
1378 3775 1612 3846 δύναμιν
1638 3775 1798 3846 σῶμα
1822 3776 1949 3846 τρέ.

368 3893 573 3944 φουσαν
593 3891 607 3905 ο
629 3873 682 3926 τί
701 3872 758 3927 δέ
789 3872 888 3942 τὴν
918 3869 1108 3924 οὐσίαν
1138 3871 1317 3922 ἐκεῖνο
1345 3864 1436 3938 ἦν,
1469 3869 1834 3938 ἀγνοούμενον
1855 3865 1948 3938 ἦν.

365 3966 537 4019 Ὅθεν
559 3965 653 4019 καί
681 3963 858 4035 μάννα
891 3961 1324 4034 προσηγόρευτο,
1345 3961 1612 4030 δηλούσης
1635 3961 1732 4029 τῆς
1752 3959 1951 4023 λέξεως

367 4058 428 4110 τὺ
481 4056 844 4128 ἀγνώριστον.
877 4055 944 4108 Τί
990 4056 1101 4125 γὰρ
1142 4052 1339 4119 τοῦτος
1377 4051 1583 4122 ἠλέεις
1625 4050 1799 4120 δηλοῖ.
1840 4049 1951 4104 Καὶ¹

371 4149 507 4216 ὅπερ
533 4147 722 4220 ’ἐώρων
751 4145 1047 4210 ἐσθίοντες,
1082 4143 1275 4197 τούτου
1306 4144 1405 4213 τὴν
1452 4142 1642 4196 οὐσίαν
1677 4141 1751 4213 μὴ
1782 4144 1952 4211 ἐγνω-

370 4239 549 4304 κότες,
579 4239 1036 4308 ἀπορηματικῶς,
1072 4237 1138 4292 Τί
1171 4227 1330 4290 τοῦτό
1378 4239 1570 4301 ἐστιν;
1610 4235 1816 4305 ἔλεγον.
1852 4236 1953 4291 Διὰ

371 4331 574 4392 παντὸς
605 4329 669 4401 δὴ
715 4332 810 4382 καὶ
839 4327 1232 4399 ὀθεωρητικὸς
1284 4327 1563 4392 ἐξίσταται
1613 4327 1756 4380 κατὰ
1801 4325 1950 4392 νοῦν,

371 4423 625 4494 καὶπρὸς
655 4423 870 4491 ἑαυτὸν,
903 4423 969 4476 Τί
1012 4423 1211 4486 τοῦτο;
1247 4421 1410 4490 φησίν
1432 4437 1447 4453 ·
1491 4421 1630 4490 ὅπερ
1666 4419 1952 4491 εὐφραίνει

373 4515 474 4583 μὲν
508 4514 906 4585 θεωρούμενον,
941 4513 1035 4568 καὶ
1066 4512 1268 4568 πιαίνει
1297 4511 1386 4565 τὸν
1409 4509 1534 4564 νοῦν
1566 4510 1954 4579 πνευματικῶς

372 4605 712 4674 ἐσθιόμενον,
744 4605 1135 4677 ὑπερεχθαίνει
1164 4602 1222 4656 δέ
1255 4603 1314 4657 τὸ
1347 4600 1585 4656 νοεῖσθαι
1620 4601 1742 4655 καθ’
1769 4603 1953 4663 ἐαυτὺ,

371 4697 452 4758 ὡς
485 4697 630 4750 θεῖον
656 4697 716 4751 ὃν
749 4699 843 4751 καὶ
876 4696 1178 4768 ὑπερφυὲς,
1212 4696 1308 4748 καὶ
1356 4695 1555 4763 τρέφον
1611 4694 1949 4763 παραδόξως,
1976 4681 2020 4738 Ῐ)

371 4788 466 4840 καὶ
489 4784 649 4858 άρδον
671 4789 762 4845 τὸν
785 4789 931 4854 νοῦν,
958 4789 1056 4859 τὴν
1074 4787 1168 4841 τοῦ
1192 4785 1286 4839 νοῦ
1310 4786 1647 4841 κατάστασιν
1678 4787 1958 4857 ὕπεκφεύ-

369 4895 482 4944 γει,
520 4881 580 4932 οὗ
624 4883 783 4950 μόνον
810 4880 884 4941 ὡς
916 4881 1303 4950 ἀκατάληπτον
1329 4878 1429 4952 τὴν
1455 4878 1666 4946 οὐσίαν,
1700 4879 1837 4933 ἀλλὰ
1863 4881 1958 4934 καὶ

372 4969 450 5030 ὡς
482 4970 710 5042 ἄπειρον
736 4973 831 5025 καί
856 4971 1128 5042 ἀόριστον.

456 5076 531 5131 π’.
567 5077 707 5148 Τρία
740 5080 848 5131 εἰσί
876 5078 942 5131 τὰ
967 5079 1350 5149 μαρτυροῦντα
1371 5083 1438 5152 τῇ
1469 5082 1718 5156 ἀληθείᾳ,
1756 5085 1965 5157 εἴποιμ’

379 5166 446 5220 ἂν
484 5167 576 5222 καὶ
620 5169 782 5233 αὐτὸς
827 5171 968 5223 κατὰ
997 5172 1058 5223 τδ
1097 5171 1276 5235 εἰκός·
1314 5176 1348 5244 ἡ
1381 5175 1642 5250 κτίσις,ή
1681 5179 1875 5254 Γραφὴ
1907 5184 1964 5236 ἐν

377 5257 460 5328 τῷ
494 5259 763 5330 πνεύματι
794 5261 902 5333 (ἐκ
931 5263 1040 5332 γὰρ
1073 5267 1172 5334 τῆς
1205 5264 1428 5336 Γραφῆς
1460 5269 1558 5322 καὶ
1589 5271 1689 5340 τῆς
1734 5271 1966 5338 κτίσεως

381 5352 779 5421 πνευματικῶς
841 5353 1135 5424 ὁρωμένων
1215 5354 1564 5430 θεωρεῖταιή
1619 5361 1758 5430 μόνη
1817 5363 1965 5435 ἁπλῆ

384 5438 675 5512 ἀλήθεια),
716 5444 808 5496 καί
841 5445 874 5514 ή
905 5445 968 5497 ἐκ
1012 5445 1218 5514 ταύτης
1267 5448 1543 5514 σύνθετος.
1580 5452 1689 5504 Καὶ⁸
1728 5453 1817 5508 διὰ
1856 5455 1966 5509 τῶν

383 5530 694 5601 εἰρημένων
731 5533 899 5605 τριῶν
924 5536 1216 5607 γενόμενος
1243 5540 1301 5591 ἐν
1326 5543 1439 5603 τοῖς
1472 5541 1672 5611 ἐφεξῆς
1699 5543 1841 5608 δυσὶ,
1871 5547 1968 5600 καὶ

386 5623 676 5694 ἱστάμενος
702 5628 760 5678 ἐν
808 5627 1013 5693 αὐτοῖς,
1061 5628 1276 5701 ἀπλανῆ
1319 5630 1542 5702 εὕρατο,
1594 5635 1830 5706 Χριστοῦ
1867 5638 1965 5707 κάη

386 5735 512 5786 ριτι,
549 5723 646 5790 τὴν
675 5723 792 5777 ὁδόν
811 5740 825 5756 ο
859 5724 1088 5796 ἐπέτυχε
1127 5725 1236 5797 γὰρ
1263 5729 1326 5780 ἐκ
1357 5729 1454 5798 μὲν
1484 5729 1584 5799 τῆς
1617 5732 1800 5802 ἁπλῆς
1827 5734 1962 5804 ἀλη-

387 5808 557 5876 θείας,
592 5811 760 5883 ὔψους
791 5815 1007 5882 νοητοῦ,
1043 5818 1136 5871 καὶ
1159 5817 1380 5888 βάθους,
1415 5819 1494 5874 ἔτι
1519 5838 1577 5873 τε
1605 5824 1700 5876 καὶ
1726 5824 1965 5890 πλάτους

385 5900 613 5972 ἀπείρου
636 5920 648 5932 ·
681 5904 747 5958 δι’
773 5904 808 5958 ἃ
838 5906 932 5959 καὶ
967 5907 1047 5970 εἰς
1081 5907 1346 5979 ἔκπληξιν
1394 5913 1690 5977 καταστὰς,
1725 5914 1966 5986 ἔμφοϐος

387 5989 576 6060 ὕμνεί“
609 5995 672 6050 ἐκ
699 5997 755 6051 δέ
788 6013 849 6066 γε
875 6001 976 6069 τῆς
1007 5999 1289 6069 συνθέτου,
1319 6002 1454 6074 πρὸς
1490 6007 1600 6070 τοῖς
1625 6006 1964 6080 λεγομένοις,

2033 3403 2137 3459 bus
2165 3403 2356 3457 libera.

2099 3497 2191 3552 '19.
2239 3497 2394 3552 Meus
2443 3500 2616 3569 gratia
2667 3499 2735 3554 ad
2791 3502 3274 3570 contemplandum
3365 3504 3625 3570 adducta,

2031 3605 2159 3645 vere
2186 3607 2381 3647 manna
2413 3593 2696 3662 spirituale
2718 3594 2975 3652 comedit.
3009 3593 3276 3650 Sensibile
3307 3596 3452 3652 enim
3479 3611 3632 3650 man-

2036 3698 2104 3737 na
2134 3684 2278 3752 quod
2323 3685 2672 3738 manducavit
2717 3684 2908 3748 Israel,
2964 3685 3198 3741 habebat
3249 3686 3624 3742 delectabilem

2037 3776 2258 3846 quidem
2292 3786 2344 3832 et
2371 3777 2590 3845 dignam
2625 3777 2884 3832 virtutem
2910 3794 3107 3848 corpus
3131 3780 3410 3835 uutriendi
3445 3798 3460 3847 ;
3494 3780 3643 3850 quid-

2039 3886 2169 3924 vero
2199 3871 2333 3925 illud
2367 3871 2803 3925 substantialiter
2831 3880 3002 3937 esset,
3028 3873 3337 3940 ignorabat.
3380 3872 3534 3929 Unde
3574 3882 3630 3928 et

2042 3978 2245 4018 manna
2288 3947 2700 4028 nominabatur,
2734 3979 2843 4029 quo
2877 3965 3097 4019 nomine
3131 3965 3441 4034 ignorantia
3483 3968 3628 4022 indi-

2039 4069 2214 4111 catur.
2279 4056 2422 4124 Quid
2459 4057 2597 4111 enim
2620 4056 2768 4110 hoc?
2823 4058 3051 4112 verbum
3103 4059 3410 4130 signiﬁcat.
3467 4061 3625 4128 Quod

2039 4149 2298 4206 videbant
2323 4148 2696 4214 cutiiedcntes,
2720 4149 2887 4218 hujus
2905 4151 3270 4205 substantiam
3295 4153 3629 4221 nescientes,

2044 4255 2143 4295 nec
2157 4254 2276 4294 eam
2304 4238 2595 4294 traininare
2619 4243 2861 4296 volentes
2877 4279 2902 4308 ,
2926 4243 3054 4310 quid
3074 4252 3153 4296 est
3181 4249 3276 4298 hoc
3302 4245 3327 4298 .'
3353 4246 3628 4300 dicebant.

2046 4333 2278 4403 Semper
2309 4332 2525 4403 quidem
2555 4343 2611 4388 et
2639 4333 3101 4405 contetnplativns
3135 4353 3314 4392 urente
3344 4341 3548 4404 delicit,
3577 4347 3633 4393 et

2045 4427 2111 4482 ad
2171 4427 2412 4496 seipsum
2446 4444 2460 4481 :
2492 4427 2621 4498 quid
2653 4433 2846 4483 esthoc
2869 4429 3088 4500 Pilicit;
3134 4434 3279 4502 quod
3351 4443 3632 4503 aspectum

2047 4520 2284 4576 laetiﬁcat
2317 4529 2370 4577 et
2394 4522 2558 4576 satiat
2593 4522 3212 4592 mentemspiritualiter
3233 4528 3634 4593 comedentem,

2046 4615 2138 4674 sed
2189 4616 2572 4685 cegitationcm
2631 4628 2874 4691 superat,
2900 4624 3085 4687 utpote
3135 4617 3378 4674 divinum
3436 4629 3489 4675 et
3539 4636 3636 4674 su-

2049 4714 2417 4784 per-naturale,
2490 4721 2544 4768 et
2605 4714 2746 4767 miro
2805 4713 2968 4767 modo
3027 4711 3282 4766 nutrieras
3338 4719 3392 4766 et
3442 4723 3636 4781 potans

2049 4813 2342 4871 mentem;
2409 4804 2528 4873 ejus
2579 4817 2708 4856 vero
2769 4801 3138 4856 conditionem
3195 4803 3634 4871 supergreditur,

2051 4913 2157 4953 non
2195 4897 2357 4952 modo
2389 4896 2516 4966 quia
2564 4904 2756 4948 natura
2823 4892 3374 4964 iaeomprelieusibzle
3402 4901 3507 4956 est,
3539 4893 3636 4947 sed

2049 4997 2104 5044 et
2133 4989 2258 5057 quia
2292 4987 2564 5043 inﬁnitqu
2593 5000 2657 5041 ac
2702 4983 3143 5040 interminatum.

2121 5079 2210 5136 80.
2247 5079 2374 5134 Tria
2406 5086 2534 5134 sunt
2565 5093 2687 5146 quae
2722 5075 2936 5132 veritati
2981 5075 3348 5130 testimonium
3381 5074 3636 5139 reddunt,

2054 5173 2230 5230 dicam
2254 5188 2355 5243 ego
2386 5188 2449 5226 ae
2472 5171 2709 5237 merito;
2740 5169 2968 5235 creatio,
3003 5168 3291 5239 Scriptura
3323 5169 3377 5222 in
3440 5169 3637 5238 spiritu

2055 5264 2142 5336 (ex
2185 5263 2470 5333 Scriptura
2489 5263 2635 5318 enim
2663 5273 2718 5318 et
2755 5262 3040 5318 creatione
3091 5261 3450 5332 spiritualiter
3507 5264 3640 5317 visis

2055 5357 2322 5428 aspicitur
2368 5357 2484 5410 sola
2539 5354 2771 5426 simplex
2815 5355 3019 5410 veritas
3040 5353 3084 5426 ),
3136 5363 3190 5410 et
3239 5370 3359 5424 qua:
3406 5371 3474 5408 ex
3521 5354 3640 5424 ipsa

2056 5451 2427 5519 componitur.
2456 5450 2520 5504 Et
2541 5449 2632 5520 qui
2661 5464 2753 5518 per
2786 5448 2899 5503 haec
2928 5447 3030 5502 tria
3085 5449 3138 5503 in
3167 5447 3384 5503 duobus
3418 5463 3642 5505 succes-

2057 5545 2170 5599 sive
2199 5545 2376 5600 lat-tus
2404 5551 2513 5609 est,
2573 5544 2626 5596 in
2657 5542 2838 5612 iisque
2893 5551 3025 5607 stat,
3101 5557 3374 5606 securam,
3433 5535 3640 5597 Christi

2056 5638 2251 5706 gratia,
2299 5637 2440 5689 viam
2489 5635 2731 5690 invenit:
2787 5635 3025 5690 occurrit
3080 5634 3223 5688 enim
3281 5649 3350 5689 ex
3408 5635 3643 5704 simplici

2058 5731 2308 5795 veritate,
2329 5728 2600 5798 spirituali
2634 5726 2950 5784 celsitudini
2981 5739 3034 5784 et
3062 5727 3336 5784 altitudini
3373 5739 3424 5782 et
3457 5729 3642 5782 inlini-

2057 5823 2280 5890 tudini;
2320 5823 2593 5891 quibusin
2640 5821 3055 5877 admirationem
3088 5821 3447 5883 constitutus,
3490 5838 3646 5876 reve-

2061 5933 2187 5972 rens
2228 5917 2457 5988 hymnos
2486 5914 2652 5971 canit.
2686 5913 2762 5968 Ex
2798 5929 2861 5970 ea
2893 5925 3074 5969 autem
3121 5929 3243 5984 quae
3272 5915 3641 5984 componitur,

2056 6014 2256 6080 praeter
2287 6005 2397 6062 duo
2423 6004 2528 6063 alia
2561 6005 2625 6064 de
2653 6005 2854 6081 quibus
2892 6005 3057 6063 locuti
3104 6021 3316 6072 sumus,
3368 6015 3423 6063 et
3461 6007 3643 6062 contis
