4076 6510
345 493 354 497 ·
441 470 542 535 illi

1578 447 1676 509 DE
1716 444 1902 508 VITA
1933 443 2604 528 CONTEMPLATIVA.

3625 475 3734 537 9-22

447 602 609 669 ϐολήν
638 601 876 669 ἀπαντᾷ.
919 601 1012 652 καὶ
1045 601 1248 670 τρυφᾷ,
1285 600 1381 652 καὶ
1409 602 1668 670 τρέφεται
1717 599 2028 670 ἐφαμίλλως

2129 575 2408 639 pliciorem
2441 581 2640 638 visum.
2672 587 2792 652 Quo
2814 587 3030 655 effecto,
3081 606 3236 645 mens
3289 591 3415 644 inde
3465 591 3727 648 adorandi

446 696 537 747 τὴν
565 693 690 748 νοῦν
739 693 884 746 κατὰ
914 693 973 744 τὸ
1021 692 1266 762 κρυπτὸν
1311 693 1400 746 διὰ
1427 693 1535 745 τῶν
1581 693 1865 763 κρυπτῶν.
1919 693 2024 747 Κα.ὶ

451 786 540 855 δὴ,
582 785 776 856 καιροῦ
829 784 1134 855 προϊόντος,
1178 785 1273 838 καὶ
1307 785 1400 838 τὸν
1422 783 1686 856 ἀθόρυϐον
1723 786 1837 855 βίον
1882 786 2028 856 βιοὺς

446 876 646 947 ἡσυχῆ,
697 877 802 931 κάν
840 879 954 940 τοῖς
1009 876 1175 942 θείοις
1212 878 1397 947 μόνοις
1445 878 1754 949 φιλοσοφῶν
1805 880 1894 934 διὰ
1931 880 2029 950 τῆς

450 969 693 1041 Γραφῆς,
726 967 823 1021 καὶ
867 966 975 1021 τῶν
1019 966 1337 1037 ὁρωμένων,
1380 969 1446 1022 δι’
1478 967 1642 1038 ἔργου
1673 974 1911 1024 ποιεῖται
1951 971 2028 1034 ὡς

447 1062 527 1114 ἔνι
558 1059 851 1130 σύμφωνον
883 1059 1161 1128 Θεωρῆσαι
1196 1063 1583 1132 πνευματικῶς
1616 1066 1682 1134 τῇ
1712 1063 1750 1114 Γ
1758 1066 1903 1134 ραφῇ
1929 1063 2028 1133 τὴν

447 1153 644 1216 κτίσιν,
677 1155 772 1206 καὶ
792 1153 860 1222 τῇ
894 1151 1124 1222 ἀληθείᾳ
1152 1152 1221 1205 τὰ
1249 1152 1495 1223 σύμϐολα
1519 1153 1586 1206 δι’
1619 1153 2028 1223 ἑνωτικωτέρας

444 1247 724 1316 ὁράσεως·
778 1240 840 1316 οῦ
875 1245 1184 1314 γεγονότος,
1221 1245 1250 1297 6
1277 1243 1403 1308 νοῦς
1448 1244 1698 1298 ἐντεῦθεν
1743 1244 1882 1316 μετά
1927 1245 2030 1314 τῆς

445 1337 736 1408 εὐμενείας
795 1337 892 1390 τοῦ
948 1335 1330 1407 προσκυνητοῦ
1385 1335 1726 1404 Πνεύματος,
1781 1337 1878 1390 καὶ
1929 1335 2028 1405 τῆς

446 1428 569 1490 κατ’
611 1428 782 1497 αὐτὴν
833 1425 1140 1497 ἐνεργείας,
1172 1427 1436 1495 ἀνάγεται
1469 1429 1547 1490 είς
1595 1427 1696 1497 τὴν
1729 1427 1831 1498 τῆς
1878 1427 2029 1494 ἱερᾶς

446 1521 705 1590 ἀληθείας
759 1520 947 1590 ὅρασίν
985 1537 1046 1572 τε
1111 1519 1206 1573 ml.
1266 1521 1616 1591 ἐπιστήμην,
1655 1518 1732 1582 ὡς
1789 1521 1817 1572 6
1851 1518 2028 1589 μέγας

449 1615 584 1685 φησὶ
616 1613 924 1676 Διονύσιοςο
969 1613 1051 1678 εἰς
1091 1612 1409 1682 ἀναϐαθμὸν
1469 1613 1612 1680 ἱερὸν
1645 1611 1899 1682 Θεωρίας,
1932 1628 2027 1680 γε·

447 1703 615 1768 νικῶς
651 1703 820 1771 φάναι
859 1702 1131 1775 δεύτερον,
1184 1706 1266 1767 είς
1317 1703 1384 1757 τὰ
1431 1703 1550 1756 Θεία
1603 1703 1873 1773 Θεάματα.
1928 1702 2023 1755 καὶ

447 1797 717 1868 νοήματα,
746 1795 1020 1855 τουτέστι.
1051 1796 1541 1867 προκαλυμμάτων
1575 1795 1665 1848 καὶ
1694 1794 1883 1850 τύπων
1913 1813 2026 1865 χω-

447 1889 550 1961 ρίς.
605 1887 939 1941 Τοὺντεῦθεν
984 1887 1118 1957 δῆτα
1163 1888 1370 1960 γυμνὸς
1408 1891 1437 1943 6
1497 1888 1621 1952 νοῦς
1672 1887 1834 1940 οἱονεὶ
1887 1885 2024 1956 πρὸς
2056 1919 2100 1974 Β

445 1980 616 2050 νοητά
667 1978 1028 2049 προσϐάλλων
1062 1981 1268 2052 γυμνὰ,
1305 1983 1400 2035 καὶ
1435 1981 1534 2044 τὰς
1571 1981 1725 2044 Θείας
1757 1979 2024 2050 ἐμφάσεις

441 2074 531 2128 διά
553 2072 808 2126 πλείστου
833 2070 1180 2140 ποιούμενος,
1207 2073 1297 2126 διά
1326 2075 1424 2144 τῆς
1461 2073 1594 2135 ἰδίας
1627 2073 2021 2145 καθαρότητος,

445 2168 539 2223 καί
571 2165 707 2236 πρὸς
737 2164 872 2219 Θεὸν
922 2165 1241 2228 ἀνατάσεως
1297 2167 1487 2236 φέρειν
1524 2169 1581 2220 ὲν
1613 2167 1793 2236 ἑαυτῷ
1813 2209 1824 2230 ,
1857 2167 1932 2229 ὡς
1965 2167 2024 2222 ἐν

445 2259 814 2330 λαμπροτάτῳ
846 2258 1100 2329 ἐσόπτρῳ
1145 2257 1272 2322 τινὶ,
1338 2257 1494 2329 ἡλίου
1551 2258 2022 2330 ὑπερστιλϐούσας

448 2350 642 2417 αὐγὰς,
674 2349 780 2403 ὑπὸ
808 2350 908 2420 τῆς
936 2349 1162 2418 χάριτος
1201 2349 1326 2402 καθ’
1361 2349 1478 2403 ὁδὸν
1514 2349 1572 2412 ἐς
1603 2349 1761 2412 αὖθις
1792 2348 2022 2420 τραφεὶς

445 2444 557 2505 τοῖς
592 2444 835 2511 ὲφικτοίς
867 2441 1243 2504 ἐπιϐάλλουσι,
1284 2442 1457 2510 χωρεῖ
1503 2441 1642 2510 πρὸς
1685 2437 1798 2494 οἷον
1827 2441 2023 2512 τρίτην

446 2532 702 2604 ἓαϐμίδα,
730 2532 800 2586 τὰ
831 2531 1004 2586 πολλὰ
1032 2535 1216 2586 ἐκεῖνα
1249 2533 1499 2599 Θεάματα
1531 2536 1600 2587 τά
1629 2533 1896 2604 μακάρια,
1925 2535 2022 2587 καὶ

442 2613 543 2684 τὰς
570 2622 721 2687 Θείας
745 2623 1003 2689 προόδους
1031 2623 1426 2695 ὲνοειδέστερον
1444 2626 1538 2678 καὶ
1566 2624 2021 2695 συνεπτυγμένως

444 2715 553 2770 ἀπὸ
580 2714 691 2768 τῶν
728 2714 944 2768 πολλῶν
974 2717 1312 2786 ὲτεροτήτων
1339 2718 1420 2780 είς
1460 2717 1552 2770 τὸν
1581 2719 1681 2788 τῆς
1723 2717 2018 2789 ἀτρέπτου,

443 2806 535 2870 καὶ
550 2803 790 2876 κρυφίοις
812 2805 1037 2873 μονάδος
1055 2805 1270 2874 ἀνάγων
1284 2808 1550 2872 ἐπιϐὀλως
1564 2810 1804 2880 ἄρρητον
1817 2807 2017 2879 ἔρωτα,

445 2899 582 2974 ⁶ιε·τά
613 2897 907 2970 ξυμπάσης
929 2915 1014 2951 νοε
1026 2899 1124 2969 ρᾶς
1155 2898 1462 2969 αἰσθήσεως
1488 2898 2029 2970 μεταπλαττόμενος,

439 2992 634 3064 ὥσπερ
651 2995 678 3045 6
698 2991 902 3064 Θεωρδς
931 2991 1039 3045 ὑπὸ
1063 2991 1158 3045 τοῦ
1188 2991 1518 3061 φωτίζοντος
1552 2990 1873 3063 ιινεύματος
1899 2993 2034 3066 ἀλη-

442 3087 564 3157 Θεία
606 3086 701 3139 καὶ
743 3085 1076 3156 ὑπομνήσει,
1132 3087 1210 3149 είς
1242 3085 1356 3157 πῦρ
1411 3087 1508 3140 καὶ
1564 3087 1856 3159 ἐγκάρδιον
1894 3087 2032 3142 Θεοῦ

441 3179 704 3249 Θεουργδν
717 3177 911 3248 ἔρωτα
943 3178 1180 3249 ἄληκτον
1203 3193 1218 3209 °
1253 3180 1346 3232 καὶ
1370 3177 1465 3250 ἦδε
1495 3181 1615 3234 ἐστὶ
1647 3179 1790 3234 κατὰ
1816 3182 1908 3236 τὸν
1935 3183 2035 3254 μέ-

2124 668 2349 735 spiritns
2378 672 2751 735 benevolentia
2771 690 2825 736 et
2846 687 3065 753 propria
3112 686 3275 740 etiam
3307 687 3508 740 virtute
3555 687 3608 740 in
3636 702 3728 742 sa-

2127 776 2235 816 crm
2289 767 2532 824 veritatis
2567 773 2741 828 visum
2769 775 3166 846 scientiamque
3189 778 3496 844 adducitur,
3525 789 3584 832 ut
3609 793 3728 834 ma-

2126 865 2265 918 gnus
2290 855 2364 910 ait
2431 860 2740 932 Dionysius,
2794 880 3011 922 sacrum
3071 869 3550 939 contemplationis
3601 886 3726 940 gra-

2126 945 2277 1010 dum,
2358 951 2452 1018 qui
2529 956 2807 1013 secundus
2881 961 3104 1028 proprie
3188 968 3315 1025 est,
3394 961 3449 1016 in
3540 963 3724 1016 divina

2127 1041 2464 1105 spectacula.
2499 1044 2550 1099 id
2585 1055 2689 1110 est,
2719 1048 2927 1118 absque
2957 1052 3380 1108 revelationilms
3426 1063 3482 1107 et
3537 1053 3725 1122 ﬁguris

2125 1128 2259 1186 lude
2308 1149 2442 1188 sane
2473 1153 2627 1193 mens
2677 1141 2824 1194 nuda
2857 1151 3112 1210 tanquam
3147 1145 3212 1198 ad
3241 1149 3382 1199 nuda
3417 1147 3724 1214 t-Ogitabilia

2128 1224 2429 1293 procedens
2479 1236 2534 1283 et
2578 1229 2792 1288 divinas
2848 1235 3315 1291 manifestationes
3367 1237 3582 1306 plurimi
3641 1237 3723 1292 fa-

2127 1316 2316 1385 ciens;
2367 1334 2466 1388 per
2497 1323 2775 1390 propriam
2827 1325 3123 1394 puritatem
3173 1337 3227 1381 et
3277 1327 3342 1380 ad
3389 1327 3553 1381 Deum
3589 1337 3718 1384 ten-

2128 1407 2367 1463 dentiam
2399 1410 2450 1464 in
2480 1413 2659 1483 seipsa
2698 1415 3243 1484 ferens,tanquan‘itn
3274 1420 3721 1489 splemliilissimo

2129 1501 2403 1569 speculo,
2464 1502 2598 1558 solis
2655 1504 2927 1576 fulgentes
2982 1508 3206 1573 radios,
3273 1491 3560 1579 gratiaque
3627 1526 3725 1578 per

2128 1592 2271 1647 viam
2309 1595 2514 1650 nutrita
2568 1597 2634 1653 iis
2670 1615 2792 1667 quae
2846 1611 3023 1670 potest
3072 1603 3342 1670 accipere,
3374 1603 3439 1654 ad
3498 1602 3720 1655 tertium

2129 1686 2358 1755 gradum
2417 1690 2684 1757 procedit,
2729 1692 2964 1762 plurima
3003 1693 3090 1749 illa
3126 1694 3280 1750 beata
3314 1695 3624 1762 spectacula
3667 1705 3720 1748 et

2129 1779 2344 1833 divinos
2399 1795 2748 1850 progressus,
2804 1784 3160 1852 nniformius,
3215 1785 3637 1857 simpliciusque
3692 1801 3722 1839 a

2131 1872 2383 1940 plurimis
2419 1876 2776 1933 varietatibus
2810 1877 2864 1932 in
2899 1878 3261 1934 immutabilis
3293 1887 3348 1933 et
3382 1878 3726 1935 abscondita:

2130 1965 2358 2033 unitatis
2413 1966 2743 2023 ineffabilem
2797 1982 3036 2026 amorem
3089 1969 3346 2026 ardenter
3401 1985 3460 2026 se
3515 1969 3723 2036 ferens,

2127 2072 2252 2112 cum
2289 2060 2437 2116 omni
2477 2061 2756 2130 spii-itnali
2799 2078 2968 2118 sensu
3003 2063 3326 2130 informata,
3362 2063 3726 2134 quemadmo-

2125 2149 2254 2204 dum
2297 2153 2719 2221 contemplativa
2788 2155 3017 2224 spiritus
3072 2156 3435 2211 illmninantis
3491 2155 3724 2210 veritate

2125 2258 2188 2297 ac
2222 2245 2482 2300 memoria
2516 2245 2573 2300 in
2594 2245 2770 2317 ignem
2794 2257 2850 2303 et
2887 2249 3135 2303 intimum
3165 2247 3256 2304 Dei
3277 2248 3720 2316 vivificantemﬁet

2127 2335 2528 2393 imlesinentem
2584 2354 2846 2396 amorem.
2875 2340 2938 2396 Et
2981 2343 3094 2396 lucc
3114 2349 3218 2408 est,
3245 2343 3399 2413 juxta
3458 2357 3718 2412 magnum

2126 2427 2470 2498 Dionysium,
2495 2431 2759 2500 simplicis
2805 2433 2964 2488 imius
2993 2435 3270 2504 possessio
3321 2435 3374 2489 in
3455 2446 3721 2505 quantum

2127 2527 2309 2590 potest
2335 2520 2474 2576 ﬂeri.
2493 2523 2551 2578 In
2583 2524 2788 2579 talibus
2811 2527 2976 2596 igitur
2997 2527 3256 2596 gradibus
3275 2527 3438 2599 hujus
3465 2527 3518 2582 in
3545 2528 3723 2583 tribus

2125 2613 2376 2681 personis
2402 2616 2689 2685 simplicis,
2713 2617 3027 2673 beatissime
3053 2635 3115 2674 ca
3139 2635 3259 2690 qua:
3283 2621 3451 2674 Deum
3482 2620 3553 2675 ita
3597 2637 3722 2690 ροβε

2127 2706 2268 2763 Sidet
2317 2719 2369 2762 et
2418 2711 2626 2779 cogitat
2701 2726 2857 2766 mens
2903 2713 3188 2776 advolans,
3239 2713 3497 2769 violentis
3551 2713 3720 2768 divini

2125 2800 2338 2856 ardoris
2365 2802 2572 2857 aculeis
2625 2811 2680 2859 et
2743 2804 2868 2859 inde
2921 2807 3150 2861 ferventi
3200 2823 3386 2863 amore
3434 2807 3721 2862 manifeste

2126 2908 2189 2946 ac
2224 2875 2504 2950 evidenter
2540 2893 2730 2951 fruens
2775 2906 2829 2952 et
2865 2899 3140 2953 t-liaritate
3171 2900 3457 2954 vulnerata
3492 2916 3556 2954 ac
3576 2901 3720 2968 scip-

2129 3001 2246 3040 sam
2279 2996 2338 3040 ut
2387 2987 2673 3044 incensam
2725 2989 2918 3045 videns
2970 3006 3036 3045 ex
3068 2993 3292 3061 prOpria
3347 2992 3474 3048 inde
3507 2994 3721 3047 oriente

2127 3079 2489 3146 dispositione
2510 3081 2748 3137 exsultat
2769 3091 2822 3136 et
2844 3099 2966 3136 vere
2996 3085 3050 3138 in
3078 3099 3141 3137 ex
3155 3086 3348 3140 stasim
3378 3086 3602 3154 rapitur,
3631 3087 3718 3140 in-

2127 3173 2389 3243 grediens
2444 3171 2743 3231 ineﬂ‘abilia
2798 3174 3108 3248 Tlteologim
3177 3177 3353 3233 oculis
3411 3177 3717 3248 mysteria,

443 3288 546 3340 γαν
581 3269 744 3325 πάλιν
770 3271 1049 3324 Διονύσιον
1069 3274 1100 3340 ἡ
1121 3270 1220 3340 τῆς
1250 3270 1360 3342 [τσ.
1383 3271 1502 3344 τοῦ]
1528 3273 1814 3339 ἑνοειδοῦς,
1850 3275 2032 3340 ἔνθεος

2127 3265 2395 3333 Spirituali
2423 3267 2625 3339 impetu
2655 3284 2884 3324 vescens
2917 3279 3122 3324 aeterno
3174 3278 3227 3323 et
3263 3269 3498 3335 infinito,
3557 3269 3720 3323 incir-

447 3363 662 3435 μέθεξις
678 3361 844 3421 αὑτοῦ
863 3364 956 3416 τοῦ
974 3363 1090 3427 ἑνὸς
1108 3363 1182 3428 ῶς
1197 3365 1436 3434 ἐφικτόν.
1453 3366 1545 3420 Ἑν
1565 3366 1746 3420 τοίνυν
1767 3369 2054 3436 τοιούτοις,

442 3456 784 3527 ἀναϐαθμοῖς
821 3457 920 3526 τῆς
947 3459 1389 3528 τρισυποστάτου
1426 3460 1696 3526 ἐνοειδοῦς
1733 3463 2032 3532 μεθέξεως,

441 3547 768 3618 τρισολϐίως
793 3550 821 3601 6
845 3548 1126 3622 Θεοφόρος,
1160 3550 1256 3604 καὶ
1289 3551 1535 3622 Θεόφρων
1568 3553 1692 3618 νοῦς
1727 3557 2035 3624 ἀνιπτάμε-

442 3658 554 3706 νος,
586 3641 681 3694 καὶ
713 3641 1009 3712 ἀφορήτων
1033 3642 1277 3712 κέντρων
1301 3643 1448 3709 θείας
1483 3646 1766 3718 βακχείας,
1798 3651 1893 3704 καὶ
1925 3650 2035 3708 τῶν

442 3733 565 3796 κατ’
591 3732 762 3803 αὐτὴν
795 3733 1040 3804 μανικῶν
1064 3733 1285 3804 ἐρώτων
1310 3736 1572 3806 ἐκδήλως,
1595 3740 1688 3793 καὶ
1715 3743 2035 3813 περιφανῶς

443 3823 772 3891 ἀπολαύων,
821 3825 916 3878 καὶ
968 3826 1317 3897 τετρωμένον
1374 3829 1634 3899 ἀγάπης,
1687 3833 1785 3886 καὶ
1838 3833 1915 3899 ὡς
1967 3836 2035 3890 ἂν

442 3915 804 3986 ἐκκαιόμενον
838 3917 1030 3971 ἑαυτὸν
1061 3917 1300 3990 ξυνορῶν
1330 3921 1604 3993 ἁριδήλως
1630 3924 1693 3978 ἐκ
1726 3925 1821 3980 τοῦ
1852 3945 2037 3997 γιγνο-

446 4009 609 4080 μένου
643 4009 744 4078 τῆς
773 4011 1090 4076 διαθέσεως,
1121 4012 1373 4085 ἐνθουσιᾷ
1405 4017 1498 4068 καὶ
1524 4015 1694 4082 ὅντως
1726 4019 2032 4088 ἐξίσταται,

442 4101 629 4166 εἰσϐὰς
648 4103 728 4165 είς
755 4102 826 4156 τά
841 4103 1163 4172 ἀποφατικὰ
1188 4105 1287 4176 τῆς
1311 4106 1592 4176 Θεολογίας
1615 4111 1826 4183 φαιδρῷ
1856 4131 2033 4183 προσ-

442 4189 578 4261 tim}:
630 4195 942 4265 μυστήρια,
980 4192 1312 4267 ἑστιώμενος
1361 4199 1706 4270 ἁνομμάτοις
1751 4204 2034 4270 ἐπιϐολαῖς

441 4283 502 4336 τὸ
527 4283 765 4355 ἄναρχον
794 4287 888 4340 καὶ
937 4287 1188 4358 ἄπειρον,
1221 4291 1600 4363 ἀπερίληπτον
1627 4311 1683 4346 τε
1715 4295 1810 4348 καὶ
1839 4296 2036 4364 ὁλικῶς

443 4377 744 4447 ἄφραστον,
785 4380 880 4434 καί
921 4383 1099 4451 πάντη
1134 4385 1512 4457 ἁνεπινόητον.
1550 4387 1658 4440 Καὶ
1691 4388 2036 4462 φανταζόμε-

443 4488 532 4534 νος
564 4472 626 4526 τὸ
657 4473 752 4527 τοῦ
772 4473 909 4528 Θεοῦ
937 4469 1050 4527 οἶόν
1081 4493 1134 4529 τι
1162 4477 1401 4546 πέλαγος
1434 4477 1624 4543 οὐσίας
1661 4479 1914 4554 ἄπειρον,
1939 4485 2037 4539 καὶ

441 4563 763 4633 ἀνέκϐατον,
801 4568 983 4621 πᾶσαν
1012 4567 1428 4637 ύπερεκπίπτον
1456 4570 1670 4626 εννοιαν
1695 4575 1787 4626 καὶ
1815 4575 2032 4646 χρόνου,

2129 3361 2466 3430 cumscripto
2507 3372 2561 3416 et
2601 3378 2832 3432 prorsus
2879 3361 3228 3446 ineparraliili
3254 3371 3304 3415 et
3329 3362 3717 3432 cogitationem

2128 3454 2434 3523 superanti.
2488 3455 2669 3525 Atque
2737 3456 3053 3530 imaginaris
3110 3455 3384 3510 infinitum
3442 3456 3719 3526 quoddam

2137 3546 2461 3602 substantiae
2496 3548 2777 3604 Oceanum
2820 3561 2874 3604 et
2909 3551 3262 3612 immensum,
3315 3565 3530 3604 omnem
3581 3558 3716 3603 tem-

2127 3641 2279 3711 poris
2309 3648 2365 3696 et
2411 3651 2645 3708 naturze,
2684 3644 2989 3698 secundum
3045 3644 3324 3699 laudatum
3357 3643 3717 3712 Theolognm,

2126 3732 2515 3802 cogitationem
2552 3735 2851 3800 transiens,
2899 3752 2919 3785 ι
2953 3735 3016 3788 Et
3055 3737 3160 3792 hoc
3201 3745 3307 3799 est,
3345 3736 3544 3804 inquit,
3587 3751 3715 3790 con-

2127 3826 2507 3896 templationis
2545 3828 2884 3890 convivium,
2949 3829 3310 3896 spiritualiler
3350 3829 3598 3882 nutriens
3652 3844 3715 3882 ac

2128 3915 2394 3972 deillraus
2453 3933 2671 3972 omnem
2719 3919 2812 3987 qui
2872 3917 2940 3973 ad
2995 3919 3127 3972 illud
3181 3919 3387 3986 tendit;
3447 3919 3713 3988 incipiens
3771 3941 3781 3946 ε

2127 4009 2348 4079 quidem
2401 4024 2430 4062 a
2470 4025 2651 4064 rerum
2706 4012 3169 4081 contemplatione
3215 4020 3270 4065 et
3319 4011 3655 4082 cognitione,
3689 4031 3709 4063 ι

2131 4110 2189 4158 ut
2219 4102 2308 4156 ille
2345 4101 2483 4157 dicit
2511 4104 2840 4173 Theologns,
2874 4121 2985 4175 quo
3043 4106 3096 4159 in
3152 4106 3295 4160 libro
3344 4113 3546 4160 nostrae
3596 4109 3712 4160 hie-

2127 4193 2365 4248 rarchire
2423 4210 2583 4250 sacra
2639 4197 2863 4266 exponit
2913 4198 3184 4267 symliola.
3237 4197 3711 4264 Quemadmodum

2126 4280 2296 4353 igitur
2323 4289 2378 4339 et
2407 4301 2635 4356 magnus
2667 4287 2901 4343 Basilius
2931 4289 3172 4359 explicat
3203 4290 3390 4344 dicens
3422 4306 3435 4342 :
3507 4309 3525 4341 ι
3555 4289 3710 4344 Post-

2126 4395 2292 4450 quam
2341 4385 2805 4454 contemplativus
2878 4387 3174 4443 visibilium
3245 4389 3710 4458 pulclnitmlinem

2130 4475 2433 4540 transierit,
2469 4477 2570 4548 ipsi
2610 4477 2718 4533 Deo
2747 4479 2963 4549 adsiet;
3000 4483 3158 4550 cujus
3192 4485 3584 4553 contemplatio
3628 4486 3710 4551 jn-

2131 4570 2209 4624 ris
2246 4569 2505 4626 cordibus
2552 4572 2899 4628 solummodo
2943 4576 3281 4633 conceditur.
3332 4577 3485 4632 Tunc
3531 4580 3594 4632 ad
3649 4596 3710 4634 ca

443 4654 540 4707 καὶ
573 4655 787 4722 φύσεως
811 4657 952 4710 κατᾶ
980 4659 1073 4709 τὸν
1095 4633 1343 4729 (ράμενον
1381 4660 1672 4729 Θεολόγοψ
1697 4681 1716 4714 ι
1757 4633 1865 4718 καί
1895 4633 2032 4737 uberi

2127 4677 2249 4732 qua!
2283 4663 2424 4731 apud
2455 4661 2808 4736 Theologiam
2863 4668 3183 4721 sublimiora
3252 4680 3376 4722 sunt
3425 4671 3712 4735 accedens,

441 4745 612 4813 ἐστὶν,
647 4746 723 4812 ὡς
755 4748 785 4801 6
809 4749 957 4818 ίερὸς
995 4749 1074 4804 ἔτι
1101 4750 1251 4820 λέγει
1280 4753 1580 4818 Διονύσιος,
1614 4759 1647 4826 ή
1684 4757 1782 4829 τῆς
1803 4759 2036 4830 ὲποψίας

442 4838 706 4906 ἑστίασις,
741 4841 1022 4912 τρέφουσα
1068 4844 1299 4914 νοητῶς,
1335 4847 1431 4900 καὶ
1475 4847 1678 4903 Θεοῦσα
1724 4850 1906 4906 πάντα
1943 4851 2035 4906 τὸν

443 4935 525 4996 τίς
569 4934 744 5008 αὐτὴν
799 4937 1260 5008 ἀνατεινόμενον·
1321 4939 1627 5010 ἀρχόμενον
1688 4943 1875 5012 μέντοι
1927 4945 2037 4999 ἀπὸ

442 5029 545 5098 τῆς
580 5027 691 5080 τῶν
745 5026 918 5082 ὄντων
967 5027 1200 5100 Θεωρίας
1253 5030 1347 5084 καὶ
1405 5031 1685 5099 γνώσεως,
1733 5034 1808 5098 ὡς
1853 5037 2035 5090 ἐκεῖσε

445 5111 603 5182 οὗτος
630 5121 658 5172 6
694 5117 1039 5191 ίεροφάντωρ
1089 5122 1278 5192 φησὶν,
1331 5123 1466 5177 ὃπου
1501 5125 1568 5176 τὰ
1603 5125 1724 5194 ἱερὰ
1774 5129 1874 5196 τῆς
1912 5128 2035 5183 καθ’

441 5212 592 5280 ἡμᾶς
628 5211 912 5282 ίεραρχίας
940 5212 1306 5284 ἀνακαθαίρει
1350 5232 1414 5284 γε
1455 5217 1725 5287 σύμϐολα.
1771 5237 1790 5270 ι
1822 5219 2036 5291 ’Ὠσπερ

442 5299 534 5356 οὖν
566 5303 662 5356 καὶ
692 5305 721 5355 6
753 5305 925 5374 μέγας
954 5307 1233 5371 Βασίλειος
1266 5308 1426 5362 δίεισι
1455 5308 1632 5378 λέγων
1656 5327 1670 5340 ο
1691 5329 1710 5362 ι
1737 5311 1940 5365 Ἐπειδ’
1970 5314 2035 5368 ἄν

443 5413 523 5460 τις
551 5397 903 5468 θεωρητικῶς
934 5399 994 5452 τὸ
1017 5402 1075 5454 ἐν
1108 5403 1222 5463 τοῖς
1249 5403 1600 5472 φαινομένοις
1632 5405 1827 5468 κάλλος
1860 5407 2033 5479 ὑπερ-

444 5487 566 5566 ϐὰς,
599 5488 750 5559 αὐτῷ
798 5494 1048 5561 παραστῇ
1101 5491 1176 5560 τῷ
1211 5493 1352 5562 Θεῷ,
1387 5487 1448 5546 οῦ
1479 5497 1510 5566 ή
1549 5494 1648 5549 Θέα
1695 5497 1885 5566 μόναις
1916 5502 2036 5562 ταῖς

445 5580 714 5650 καθαραῖς
759 5583 1012 5654 καρδίαις
1048 5585 1412 5654 ἐμφαίνεσθαι
1462 5589 1711 5655 πέφυκεν
1738 5605 1750 5620 ’
1782 5591 1902 5643 τότε
1942 5593 2035 5644 ἐπὶ

444 5672 510 5726 τὰ
536 5672 636 5743 τῆς
662 5673 946 5743 Θεολογίας
973 5677 1226 5748 ἀνώτερα
1261 5679 1567 5750 προκόψας,
1611 5684 1706 5736 καὶ
1739 5685 2036 5750 ἑποπτικὸς

445 5765 702 5833 γενέσθαι
730 5767 976 5822 δύναται.
1020 5789 1038 5822 ι
1065 5771 1174 5823 Kal.
1207 5772 1371 5826 πάλιν
1396 5792 1407 5805 ·
1444 5793 1460 5825 ι
1488 5775 1582 5838 Εἰς
1599 5775 1659 5828 τὸ
1681 5775 1824 5847 πρωῒ
1855 5796 2035 5848 παραρ

2123 4768 2177 4810 et
2228 4755 2421 4812 videns
2475 4757 2591 4811 ﬁeri
2645 4769 2844 4826 potest.
2879 4777 2897 4809 ι
2958 4758 3022 4813 Et
3059 4775 3276 4813 rursum
3315 4776 3328 4812 :
3375 4780 3391 4809 ι
3425 4761 3580 4815 Mane
3615 4765 3710 4815 ad-

2122 4855 2281 4905 stabo
2313 4850 2408 4904 tibi
2442 4861 2497 4905 et
2542 4850 2770 4918 videbo;
2813 4853 2958 4920 quod
2997 4853 3051 4905 in
3082 4851 3278 4920 Spiritu
3316 4851 3453 4905 dixit
3479 4867 3710 4920 magnus
3757 4869 3770 4876 "

2121 4941 2291 4997 David
2326 4958 2341 4997 :
2385 4961 2404 4996 ι
2441 4941 2688 4998 Adstabo
2724 4943 2842 5003 tibi.
2873 4953 2929 4996 et
2959 4943 3023 4996 ad
3058 4943 3229 5011 ipsius
3257 4942 3332 4995 tui
3379 4943 3709 5010 contempla..-

2124 5037 2328 5090 tionem
2358 5050 2456 5105 per
2496 5043 2730 5089 mentem
2771 5035 3072 5099 accedam;
3110 5044 3239 5088 tunc
3270 5033 3488 5087 videndi
3528 5033 3707 5086 virtu-2

2127 5137 2234 5184 tem
2273 5144 2368 5197 per
2401 5126 2648 5181 svientiae
2680 5127 2861 5180 lmnen
2905 5127 3198 5196 accipiam.
3236 5143 3255 5176 ι
3307 5123 3456 5177 Licet
3489 5139 3709 5193 quoque

2124 5221 2344 5277 beatum
2406 5216 2704 5271 Maximum
2763 5216 2961 5271 similia
3021 5218 3291 5270 dicentem
3345 5217 3535 5272 audire
3576 5259 3592 5283 ,
3650 5227 3709 5270 et

2122 5314 2504 5371 ostendentem
2543 5308 2832 5364 manifeste
2879 5319 3119 5376 quantus
3174 5308 3245 5361 sit
3277 5306 3552 5377 profectus
3577 5325 3706 5361 eon-

2124 5403 2410 5473 templavio
2443 5417 2508 5454 ac
2548 5401 2792 5470 cognitio
2829 5399 2918 5454 Dei
2955 5415 3045 5467 per
3078 5398 3417 5468 Scripturam
3449 5408 3502 5452 et
3535 5400 3701 5452 Crea-

2129 5499 2330 5554 tionem
2378 5512 2392 5550 :
2433 5495 2762 5564 cognitionis
2809 5509 3004 5562 nempe
3053 5495 3234 5546 lumen
3276 5493 3401 5545 inde
3461 5492 3576 5545 fieri
3613 5507 3705 5544 so-

2123 5593 2256 5656 lere,
2279 5589 2422 5643 unde
2455 5589 2644 5657 incipit
2674 5603 2736 5640 ea
2775 5587 2952 5640 vivida
2984 5602 3047 5638 ac
3081 5590 3234 5638 |~eata
3277 5585 3704 5650 contemplatio;

2121 5684 2265 5752 quod
2298 5697 2516 5751 semper
2545 5690 2598 5736 et
2645 5695 2789 5734 nunc
2832 5696 3018 5732 rarum
3056 5680 3178 5740 init,
3218 5689 3272 5731 et
3305 5679 3530 5731 inventu
3561 5679 3711 5730 diffi~

2124 5779 2230 5832 cile
2267 5777 2532 5846 pacilicis,
2563 5774 2693 5845 quia
2725 5775 2862 5828 desit
2915 5775 3007 5843 qui
3043 5791 3105 5828 ex
3141 5774 3331 5841 gratim
3362 5773 3707 5840 susceptione

446 5863 718 5931 στήσομαί
737 5879 820 5915 σοι
851 5863 945 5915 καὶ
966 5863 1244 5934 ἐπόψομαι
1269 5867 1432 5936 ῥητὸν
1449 5867 1541 5921 τοῦ
1563 5870 1622 5921 ἐν
1647 5868 1925 5940 Πνεύματι
1944 5873 2032 5924 λοι-

2130 5884 2225 5938 per
2259 5865 2656 5937 experientiam
2705 5867 2916 5928 doceat,
2945 5875 3002 5918 ut
3040 5880 3290 5919 summus
3327 5865 3477 5934 pacis
3517 5866 3706 5918 dot-tor

442 5947 672 6018 νλοῦντος
695 5952 863 6025 ᾼαόὶνδ
885 5954 911 6005 ὁ
936 5954 1127 6024 μέγας,
1173 5957 1394 6010 ἐπειδάν
1421 5975 1554 6028 φησι
1579 5977 1590 5989 ·
1629 5960 1901 6030 Παραστῶ
1933 5979 2036 6030 σοι,

2127 5972 2348 6022 sanctus
2373 5961 2528 6016 lsuue
2554 5959 2748 6031 Syrus,
2772 5960 2824 6015 in
2851 5975 2957 6032 quo
2983 5959 3123 6015 libro
3146 5958 3220 6014 De
3248 5957 3517 6028 spirituali
3540 5974 3705 6013 sensu
