4076 6500
354 378 460 443 933

1488 391 1630 452 CAL
1642 392 1839 471 LISTI
1875 391 2491 461 ΟΑΤΑΡΗΗΘΙΟΤΑΞ

3509 430 3615 494 926?

355 515 411 559 et
441 504 862 572 contemplativa
891 494 1134 576 potentia
1173 498 1390 567 tractat.
1428 512 1565 568 Dicit
1610 514 1778 582 igitur
1806 515 1938 569 beao

2043 508 2134 562 καὶ
2175 508 2314 581 αὐτῇ
2344 513 2413 583 τῇ
2454 512 2585 582 περὶ
2622 511 2716 565 σοῦ
2763 511 2968 587 θεωρίᾳ
2999 515 3088 571 διὰ
3118 516 3212 587 τοῦ
3243 522 3335 572 νοῦ
3390 538 3626 608 προσεγ-

358 610 449 653 tus
476 597 792 655 Maximus:
844 617 864 653 ι
892 602 1093 657 Creata
1134 619 1164 657 a
1214 603 1325 661 Deo
1366 604 1573 662 lumina
1624 616 1941 664 sanctorum

357 688 643 744 doctrinas
667 689 929 758 dicimus,
966 701 1025 746 ut
1063 694 1397 763 cognitionis
1431 694 1616 751 lumen
1652 695 1945 764 facientes,

358 795 407 834 ιιι
430 798 525 839 eos
543 785 632 863 qui
674 784 931 840 obcdiunt
954 785 1332 843 deilicautes.»
1360 787 1649 845 Mauil‘este
1677 798 1947 846 consonat

360 880 713 935 smetissimo
782 880 1048 953 Dionysio
1124 882 1328 937 dicenti
1374 886 1413 949 ἴε
1469 900 1489 935 ι
1520 883 1870 950 Quaecunque
1914 901 1944 940 a

363 974 473 1029 Deo
506 987 687 1030 creata
720 975 931 1029 lumina
965 991 1031 1029 ex
1063 975 1270 1032 divinis
1298 978 1546 1034 eraculis
1574 979 1735 1034 nobis
1762 995 1951 1043 sacro-

360 1083 482 1121 rum
509 1069 793 1124 doctorum
825 1085 1027 1126 arcana
1055 1072 1274 1126 traditio
1298 1071 1496 1143 largita
1529 1081 1633 1137 est,
1664 1088 1727 1128 ea
1761 1081 1815 1128 et
1849 1088 1948 1128 nos

360 1160 538 1213 cdocti
571 1176 785 1215 sumus.
816 1179 836 1215 ι
878 1161 945 1215 Et
988 1163 1119 1216 alibi
1162 1163 1294 1218 dicit
1328 1181 1344 1222 :
1399 1183 1419 1216 ι
1456 1164 1646 1218 Divina
1681 1164 1951 1233 cognitio,

361 1253 455 1319 qui
492 1252 559 1307 ad
593 1255 794 1324 ipsam,
831 1265 889 1309 ut
923 1255 1072 1322 licet,
1109 1255 1397 1324 inclinant,
1430 1272 1527 1312 eos
1563 1268 1726 1327 prout
1759 1258 1951 1328 dispo-

360 1359 572 1402 nuntur
606 1348 873 1412 extendit,
924 1356 980 1403 et
1028 1348 1253 1403 uuilicat
1293 1351 1597 1405 secundum
1645 1350 1947 1420 simplicem

362 1439 538 1505 ipsius
571 1439 858 1494 unitatem.
891 1457 911 1492 ι
946 1438 1012 1494 Et
1035 1457 1250 1495 rursum
1277 1457 1291 1494 :
1330 1459 1348 1492 ι
1376 1440 1568 1497 Omnis
1602 1457 1631 1497 a
1669 1444 1826 1497 Patre
1856 1460 1953 1498 vc-

367 1536 528 1590 uiens
562 1534 793 1590 luminis
826 1535 1086 1603 splendor
1117 1532 1279 1591 nobis
1305 1537 1491 1591 divino
1518 1539 1665 1592 dono
1696 1538 1950 1602 illuccns,

366 1641 589 1680 rursum
622 1635 679 1680 ut
714 1628 920 1682 unitiva
959 1629 1204 1698 potentia
1253 1644 1353 1684 nos
1377 1631 1620 1684 extendit
1642 1641 1696 1684 et
1726 1645 1959 1685 conver-

369 1719 428 1772 tit
470 1717 537 1772 ad
571 1707 817 1775 uuientis
848 1717 1030 1773 Patris
1057 1720 1322 1774 unitatem
1354 1729 1409 1775 et
1436 1720 1780 1775 deilicantem
1815 1720 1956 1776 sim-

367 1809 690 1879 plicitatem.
721 1811 799 1865 Ex
829 1811 955 1881 Ipso
982 1813 1129 1866 enim
1159 1821 1214 1867 et
1254 1813 1310 1867 in
1358 1813 1540 1883 ipsum
1572 1814 1757 1868 omnia
1795 1812 1961 1868 intel-

2048 599 2200 669 ίίσω,
2251 602 2373 656 τότε
2417 603 2515 675 τὴν
2570 605 2879 677 ὲποπτικὴν
2914 610 3200 681 ἐνέργειαν
3243 612 3331 666 διὰ
3362 599 3452 667 τοῦ
3485 621 3624 673 κατὰ

2038 692 2141 762 τὴν
2173 693 2380 762 γνῶσιν
2428 696 2713 768 φωτισμοῦ
2744 684 3111 775 ἀναλήψομαι.
3158 722 3182 765 ιΔ
3206 705 3421 760 Ἐνεστι
3461 709 3517 762 δὲ
3555 711 3625 764 τὰ

2038 784 2565 847 ωιοαῦταάκοῦσαι
2604 789 2856 863 λέγοντος
2903 794 3217 865 ὲφαμίλλω;
3248 797 3504 870 Μαξίμου
3528 802 3624 856 τοῦ

2040 879 2209 951 ίεροῦ.
2245 882 2339 935 καὶ
2368 882 2683 947 δεικνύντος
2733 876 2995 956 ἄντικρυς
3033 888 3225 957 ἡλίκον
3266 878 3391 963 ὅσον
3423 909 3631 963 προκοτ

2038 972 2168 1043 πῆς,
2203 973 2410 1046 θεωρία
2451 976 2546 1028 καὶ
2597 976 2804 1044 γνῶσις
2838 977 2975 1031 Θεοῦ
3007 962 3096 1033 διὰ
3130 982 3230 1052 τῆς
3264 962 3490 1056 Γραφῆς
3530 989 3631 1055 καὶ,

2038 1065 2137 1136 τῆς
2164 1065 2395 1132 κτίσεως
2420 1084 2435 1100 ο
2468 1069 2563 1122 καὶ
2589 1069 2673 1141 ὅτι
2704 1071 2734 1138 6
2765 1069 2869 1142 τῆς
2925 1069 3182 1140 γνώσεως
3229 1078 3510 1148 φωτισμὺς
3537 1081 3625 1134 ὲνο

2037 1158 2229 1213 τεῦθεν
2256 1160 2508 1229 γίνεσθαι
2541 1164 2707 1231 φιλεῖ,
2737 1163 2808 1218 δι’
2836 1149 2897 1220 οὗ
2927 1166 2960 1237 ἡ
2990 1166 3112 1222 κατ’
3152 1169 3415 1241 ἐπιϐολὴν
3443 1189 3622 1242 μακα-

2037 1250 2130 1319 ρία
2164 1249 2381 1317 θέωσις,
2416 1252 2606 1324 χρῆμα
2637 1255 2797 1326 εἴπερ
2827 1257 2956 1309 ποτὲ
2985 1242 3081 1309 καὶ
3109 1256 3202 1311 νῦν
3248 1260 3493 1327 σπάνιον,
3527 1264 3623 1317 καὶ

2036 1341 2361 1413 δυσεύρετον
2390 1344 2754 1416 ἡσυχάζουσι,
2788 1346 2856 1400 δι’
2898 1346 3106 1403 ἔνδειαν
3138 1349 3234 1405 τοῦ
3262 1352 3328 1406 ὲκ
3359 1352 3458 1425 τῆς
3520 1358 3622 1409 ἐπ-

2036 1436 2169 1505 οχῆς
2186 1434 2290 1506 τῆς
2336 1435 2562 1507 χάριτος
2601 1438 2691 1493 διὰ
2738 1443 2937 1510 πείρας
2994 1441 3326 1514 διδάξοντος,
3367 1447 3439 1511 ὡς
3466 1447 3495 1501 6
3525 1451 3621 1520 τῆς

2037 1526 2270 1597 ἡσυχίας
2305 1529 2476 1601 ἄκρος
2527 1531 2819 1606 ὑφηγητής
2850 1551 3019 1606 φησιν
3051 1534 3207 1609 ᾃγιος
3253 1538 3438 1607 Ἰσαὰκ
3466 1545 3494 1597 6
3523 1544 3625 1597 Σύ-

2038 1639 2154 1693 ρος,
2181 1623 2240 1676 ὲν
2266 1615 2312 1692 ᾧ
2336 1622 2481 1696 λόγῳ
2514 1625 2648 1697 περὶ
2682 1628 3068 1701 πνευματικῆς
3105 1628 3414 1703 αἰσθήσεως
3458 1635 3623 1706 ἄρχεις

2036 1732 2127 1769 ται
2160 1716 2362 1772 αὐτίκα
2387 1717 2595 1789 λέγειν,
2625 1719 2722 1774 καὶ
2753 1719 3045 1793 δυνάμεως,
3069 1720 3431 1800 θεωρητικῆς.
3460 1728 3623 1796 Λέγει

2037 1806 2170 1875 γοῦν
2199 1808 2454 1881 Μάξιμος
2480 1812 2509 1865 6
2538 1811 2685 1883 ἱερός
2709 1828 2724 1843 ο
2759 1831 2779 1865 ι
2816 1812 3126 1884 Θεουργικὰ
3153 1815 3309 1884 φῶτά
3326 1835 3507 1892 φαμεν
3526 1823 3634 1895 τὰς.

369 1901 495 1972 ligis
514 1903 790 1972 quomodo
813 1904 859 1958 is
878 1902 967 1973 qui
987 1918 1084 1974 per
1105 1902 1486 1958 cxtensionem
1510 1902 1957 1958 conversionem—

2043 1900 2151 1954 τῶν
2183 1902 2357 1971 ἁγίων
2382 1903 2758 1969 διδασκαλίας,
2788 1904 2866 1969 ὡς
2893 1905 3010 1975 φῶς
3058 1923 3310 1980 γνωρεως
3356 1908 3625 1981 ἐμποιού-

368 2009 497 2063 que.
534 1994 779 2049 divinum
816 2009 1010 2066 nempe
1057 1995 1125 2049 ad
1161 1993 1331 2051 Deum
1364 1995 1619 2051 ardorem
1672 1997 1955 2064 sapienter

369 2089 602 2156 simplex
631 2087 866 2143 etl'ectus
892 2100 998 2153 eat,
1029 2089 1073 2145 si
1104 2104 1169 2144 ex
1194 2090 1467 2143 creaturis
1494 2097 1757 2145 extensus
1785 2089 1955 2143 Deum

368 2165 799 2252 contempletur,
826 2189 881 2237 et
905 2182 950 2237 si
971 2199 1036 2236 cx
1076 2181 1361 2253 Scriptura
1391 2183 1509 2238 sive
1524 2182 1847 2254 symbolica,
1885 2183 1959 2236 si-

370 2291 436 2329 ve
458 2277 957 2346 qumnodocunque
976 2276 1182 2341 divina,
1216 2276 1476 2330 cumiDeo
1495 2277 1776 2331 uniatnret
1800 2276 1962 2331 deill-

368 2380 547 2435 cetur,
579 2371 676 2426 sed
730 2370 897 2427 etiam
949 2369 1170 2423 nomine
1212 2370 1394 2424 dictus
1412 2370 1971 2436 sitDeusiQnaacuna-

370 2478 478 2532 que
498 2464 641 2516 enim
664 2462 1047 2531 spiritualiact
1080 2462 1433 2517 rationabilia
1470 2464 1537 2515 ad
1576 2462 1771 2516 divinae
1800 2472 1961 2516 teter-

373 2570 569 2625 nzt-que
588 2553 827 2609 Uttitatis
839 2552 1176 2608 abscondita-
1196 2571 1227 2608 ιι
1238 2554 1485 2621 nitatem,
1502 2554 1720 2619 utlicet,
1740 2553 1963 2607 nuutino

371 2655 776 2704 convertuntur
813 2657 866 2700 et
916 2645 985 2701 ad
1032 2646 1246 2702 divinas
1292 2646 1471 2717 ipsius
1515 2646 1952 2701 illuminationes

372 2741 801 2805 in.lesinentcr,
854 2749 1119 2811 quantum
1165 2740 1284 2795 ﬁeri
1338 2748 1556 2810 potest,
1588 2738 1964 2794 extenduntur

378 2849 478 2901 pro
518 2833 750 2897 viribus,
781 2832 826 2886 si
865 2831 936 2884 ita
962 2830 1065 2885 dici
1095 2837 1285 2899 queat,
1312 2828 1480 2883 Deum
1516 2828 1694 2897 ipsum
1738 2826 1964 2881 imitan-

376 2937 481 2992 tvs,
516 2941 580 2980 ea
615 2924 806 2979 divino
853 2925 1075 2978 nomine
1129 2923 1295 2993 digna
1357 2922 1652 2976 habentur.
1681 2936 1701 2971 ι
1756 2919 1961 2973 Eodem

375 3020 537 3077 modo
569 3020 879 3085 theologica
912 3015 1159 3084 Gregorii
1194 3018 1384 3088 lingua
1443 3012 1734 3069 manifeste
1780 3011 1915 3067 dicit
1945 3027 1961 3066 :

2041 2009 2164 2057 σας,
2193 1995 2289 2049 καὶ
2316 1995 2549 2061 θεούσας
2565 1998 2694 2062 τοὺς
2715 1997 3074 2070 πειθομένους
3093 2016 3106 2031 ο
3139 2019 3158 2051 ι
3195 2002 3435 2077 συνᾴδων
3452 2004 3626 2073 ἐμφα-

2038 2087 2145 2153 νῶς
2158 2087 2237 2160 τῷ
2254 2089 2498 2162 πανιέρῳ
2520 2091 2786 2162 Διονυσίῳ
2811 2091 3046 2161 λέγοντιο
3077 2111 3097 2144 ι
3136 2093 3279 2147 Ὅσα
3295 2094 3427 2148 ἄλλα
3450 2094 3627 2167 θεουρ-

2039 2180 2174 2246 γικὰ
2222 2180 2378 2248 φῶτα
2426 2184 2541 2245 τοίς
2590 2181 2796 2250 λογίοις
2848 2182 3162 2248 ἀκολούθως
3201 2185 3235 2254 ἡ
3270 2185 3379 2237 τῶν
3431 2185 3637 2253 ἐνθέων⁷

2040 2274 2200 2346 ἡμῶν
2224 2276 2623 2347 καθηγεμόνων
2651 2276 2861 2349 κρυφία
2892 2276 3191 2348 παράδοσις
3213 2277 3635 2353 ὲκᾳαντορικῶς.

2039 2369 2173 2441 ἡμίν
2193 2366 2527 2439 ἐδωρήσατο,
2554 2369 2730 2424 ταῦτα
2762 2370 2856 2423 καὶ
2889 2371 3053 2442 ἡμεῖς
3089 2370 3443 2442 μεμνήμεθα.
3476 2391 3495 2423 ι
3520 2373 3639 2446 Καί.⁵

2039 2457 2275 2530 ἀλλαχοῦ
2305 2458 2491 2529 λέγει’
2534 2479 2553 2514 ι
2579 2460 2645 2515 Ἦ
2676 2460 2800 2515 θεία
2832 2461 3036 2530 γνῶσις
3069 2461 3199 2526 τοὺς
3228 2462 3317 2515 ἐπ’
3345 2462 3514 2535 αὐτὴν
3546 2463 3637 2540 ὼςε

2041 2546 2263 2617 θεμιτὸν
2288 2546 2673 2613 ἀνανεύοντας,
2702 2549 2983 2619 ἀναλόγως
3006 2549 3192 2613 αὐτοῖς
3208 2549 3502 2616 ἀνατείνει,
3526 2553 3635 2624 καὶ.

2040 2640 2283 2694 ὲνοποιεῖ
2322 2639 2468 2695 κατά
2503 2641 2604 2711 τὴν
2638 2641 2958 2714 ἀπλωτικὴν
2991 2642 3162 2714 αὐτῆς
3214 2642 3441 2697 ἕνωσιν.
3477 2645 3635 2715 »Καί

2041 2725 2201 2796 αὖθις
2224 2748 2239 2764 ο
2282 2751 2303 2786 ι
2327 2734 2486 2788 Πᾶσα
2521 2736 2926 2806 πατροκινὴτου
2962 2735 3345 2805 φωτοφανείας
3374 2735 3621 2807 πρόοδος,

2038 2820 2121 2890 είς
2162 2821 2312 2893 ἡμᾶς
2363 2820 2711 2891 ἀγαθοδότως
2759 2822 3025 2893 φοιτῶσα,
3082 2821 3248 2878 πάλιν
3273 2821 3350 2886 ὥς
3381 2822 3626 2889 ένοποιδς

2036 2912 2272 2985 δύναμις
2323 2913 2671 2978 ἀνατατικῶς
2699 2915 2850 2987 ἡμᾶς
2879 2914 3133 2982 ἀναπλοῐ,
3170 2915 3267 2969 καὶ
3307 2916 3625 2988 ἐπιστρέφει

2036 3006 2173 3077 πρὸς
2207 3005 2308 3077 τὴν
2333 3004 2429 3059 τοῦ
2465 3007 2788 3078 συναγωγοῦ
2838 3009 3054 3081 Πατρδς
3099 3009 3350 3079 ἑνότητα,
3388 3010 3481 3064 καὶ
3509 3010 3622 3064 θεο-

378 3133 399 3165 ‹
436 3114 698 3168 .tnimans
730 3111 1069 3181 providentia
1111 3112 1196 3165 liis
1240 3110 1293 3164 in
1330 3109 1491 3163 terris
1547 3107 1817 3161 directum
1874 3105 1957 3176 (de

2043 3099 2192 3153 ποιὸν
2236 3099 2542 3172 ἁπλότητα.
2592 3099 2684 3166 Ἐξ
2739 3101 2909 3155 αὑτοῦ
2943 3102 3053 3173 γὰρ
3087 3102 3180 3158 καὶ
3231 3104 3313 3175 είς
3360 3103 3524 3181 αὐτὸν
3557 3103 3627 3160 τὰ

375 3183 925 3283 homiue_loquitur),
962 3212 1018 3256 et
1065 3216 1286 3255 sursum
1320 3214 1687 3264 conversum;
1715 3208 1769 3253 et
1791 3197 1957 3278 .quod

2043 3192 2240 3246 πάντα.
2268 3189 2488 3262 Ξυνίης,
2518 3192 2671 3256 ὅπως
2689 3192 2718 3245 6
2741 3192 3084 3257 ἀνατατικῶς
3114 3194 3234 3249 κατ’
3267 3178 3625 3267 ἐπιστροφὴν,

377 3270 625 3366 mysterii
660 3256 785 3349 linis
840 3256 947 3359 est,
976 3309 1078 3347 suo
1114 3293 1178 3345 ad
1213 3291 1380 3344 D.-um
1415 3298 1561 3344 motu
1597 3270 1908 3345 tlciiicatur.
1937 3309 1957 3343 ι

2043 3284 2205 3355 ἡγουν
2237 3285 2389 3339 θείαν
2423 3256 2700 3359 επιϐολὴν
2746 3288 2829 3351 είς
2872 3286 3005 3342 Θεὸν
3053 3288 3297 3357 ὲνσόφως
3329 3256 3623 3357 ἁπλωθείς,

378 3386 444 3443 Et
473 3396 695 3442 sanctus
750 3385 1021 3439 Maximus
1050 3401 1066 3436 :
1103 3400 1125 3434 ε
1159 3382 1472 3453 Spiritualis
1501 3383 1700 3437 divina:
1726 3382 1957 3453 Scriptm

2043 3375 2133 3429 ὲάν
2163 3393 2220 3428 τε
2243 3376 2353 3429 ἀπὸ
2372 3376 2483 3429 τῶν
2500 3376 2673 3431 όντων
2700 3376 2794 3430 τὸν
2816 3377 2951 3432 Θεὸν
2975 3378 3393 3449 ἀνατεινόμενος
3417 3378 3621 3451 θεωρῇ.

380 3497 454 3537 ra:
484 3481 660 3535 forma
709 3479 907 3534 doctos
964 3476 1320 3533 transformat
1360 3477 1429 3530 ad
1483 3476 1957 3546 contemplandam

2043 3469 2133 3523 ἐάν
2158 3486 2219 3523 τε
2253 3469 2362 3523 ἀπὸ
2381 3471 2481 3541 τῆς
2508 3470 2731 3542 Γραφῆς
2765 3470 2875 3525 εἴτε
2907 3470 3270 3541 συμϐολικῆς,
3306 3472 3407 3526 εἶθ’
3439 3473 3626 3526 ὁπωσ-

379 3591 443 3629 rx
478 3573 661 3629 verbEs
684 3572 736 3626 in
763 3574 911 3641 ipsos
942 3570 1324 3637 conversione,
1379 3569 1608 3640 gloriam
1640 3567 1731 3622 Dei
1775 3583 1957 3637 quam,

2043 3562 2238 3631 δήποτε
2269 3563 2441 3627 θείας,
2469 3562 2688 3617 ἑνοῦται
2718 3564 2858 3635 Θεῷ,
2895 3565 2991 3618 καὶ
3042 3563 3397 3633 θεοποιεῖται,
3427 3565 3488 3619 οὐ
3519 3565 3625 3638 μὴν

383 3668 711 3725 abscondito
747 3662 961 3717 Domini
1008 3664 1184 3727 vultu,
1210 3673 1467 3732 tanquam
1501 3662 1554 3716 in
1589 3662 1815 3730 speculo
1842 3675 1957 3727 pro.

2043 3654 2175 3709 ἀλλὰ
2225 3655 2317 3709 καὶ
2351 3655 2485 3720 Θεὸς
2534 3658 2757 3728 εἴρηται
2800 3658 3071 3729 ὀνομαστὶ
3106 3659 3134 3711 6
3159 3662 3440 3727 τοιοῦτος;
3483 3658 3626 3715 Ὅσα

381 3757 649 3828 Spieinnt.
679 3774 697 3808 ι
742 3756 833 3811 Illa
865 3748 1291 3823 contemplativa
1333 3755 1445 3808 vita
1498 3754 1583 3807 his
1620 3753 1798 3806 tribus
1846 3761 1957 3823 (-ch

2043 3748 2167 3818 γὰρ,
2199 3748 2354 3817 φησὶ,
2395 3749 2505 3803 τῶν
2543 3751 2747 3822 νοερῶν
2783 3752 2876 3805 καὶ
2931 3751 3165 3820 λογικῶν
3197 3752 3334 3824 πρὸς
3379 3751 3478 3825 τὴν
3524 3752 3625 3823 τῆς

380 3854 503 3922 quae
531 3855 667 3919 dixi;
705 3853 812 3907 ﬁde
834 3867 1052 3920 nempe,
1080 3851 1310 3919 spiritus
1340 3849 1759 3919 participatione
1802 3858 1856 3903 et
1876 3863 1957 3903 sa-

2043 3840 2335 3911 θεαρχικῆς
2372 3843 2739 3915 κρυφιότητος
2768 3842 2986 3907 ἕνωσιν,
3022 3844 3123 3916 ὅση
3148 3842 3402 3915 δύναμις,
3431 3843 3626 3908 όλικῶς

383 3947 602 4014 ιιιιιιιιίιυ
632 3943 887 4007 scientia,
920 3943 974 3995 iu
1003 3939 1224 3996 Christo
1258 3939 1411 4007 Jesu,
1453 3941 1684 3994 Domino
1715 3949 1927 3994 nostro.

2043 3934 2442 4005 ἑπέστραπται,
2485 3935 2581 3988 καὶ
2616 3932 2754 4005 πρὸς
2788 3934 2890 3998 τὰς
2923 3933 3078 3999 θείας
3116 3936 3289 4006 αὐτῆς
3327 3935 3626 4008 ὲλλάμψεις

372 4034 447 4097 ὡς
490 4034 715 4104 ἐφικτὸν
755 4032 1160 4099 ἀκαταλὴκτως
1194 4028 1561 4096 ἀνατείνεται,
1606 4033 1672 4102 τῇ
1706 4029 1849 4080 κατὰ
1897 4025 2153 4099 δύναμιν,
2214 4029 2265 4083 εί
2312 4027 2470 4096 θέμις
2513 4028 2711 4092 εἰπεῖν,
2765 4027 3126 4099 θεομιμησίᾳ,
3183 4030 3277 4083 καὶ
3321 4029 3422 4101 τῆς
3451 4027 3649 4097 θεῖκῆς-

373 4131 698 4199 ὁμωνυμίας
725 4128 979 4198 ἡξίωται.
1026 4146 1045 4179 ι
1081 4127 1295 4197 Ὥσπερ
1325 4129 1416 4180 καὶ
1447 4126 1479 4196 ἡ
1513 4125 1826 4194 Γρηγορίου
1853 4122 1946 4176 τοῦ
1980 4124 2125 4177 πάνυ
2159 4123 2409 4190 θεολὸγος
2436 4122 2653 4191 γλῶττα
2681 4123 2830 4192 λέγει
2863 4123 3118 4192 φανερῶς
3140 4143 3154 4155 ·
3188 4143 3206 4177 ι
3240 4125 3389 4179 Ζὼον
3405 4122 3639 4180 ἐνταῦθα

373 4223 863 4293 οἰκονομούμενον,
924 4224 1019 4277 καὶ
1064 4218 1306 4290 ἀλλαχοῦ
1356 4219 1782 4289 μεθιστάμενον,
1819 4218 1952 4288 περὶ
2004 4216 2100 4270 τοῦ
2147 4216 2439 4286 ἀνθρώπου
2500 4217 2758 4285 λέγουσα,
2807 4217 2902 4270 καὶ
2948 4219 3126 4289 πέρας
3174 4219 3265 4271 τοῦ
3309 4222 3638 4288 μυστηρίου,

384 4327 453 4394 τῇ
497 4324 634 4391 πρὶς
676 4324 809 4374 θεὸν
847 4297 1031 4374 νεύσει
1067 4318 1382 4389 θεούμενον.
1427 4337 1447 4370 ι
1474 4317 1587 4371 Καὶ
1615 4319 1642 4381 6
1671 4318 1815 4388 ἱερὸς
1847 4316 2107 4383 Μάξιμος
2143 4330 2157 4345 ⁶
2193 4333 2213 4368 ι
2260 4314 2327 4368 Ἢ
2356 4314 2456 4385 τῆς
2494 4314 2645 4378 θείας
2682 4312 2934 4383 Γραφῆς,
2966 4315 3121 4384 φησί,
3149 4316 3316 4389 νοητὴ
3339 4316 3525 4387 μορφὴ
3557 4313 3645 4383 διᾲ

378 4422 576 4486 σοφίας
616 4419 738 4480 τοὺς
771 4415 1115 4484 γνωστικοὺς
1153 4416 1513 4485 μεταμορφοί
1547 4412 1687 4482 πρὸς
1719 4411 1918 4464 θέωσιν
1949 4412 2015 4463 ὲκ
2034 4411 2134 4482 τῆς
2178 4412 2239 4465 ἐν
2268 4411 2453 4475 αὐτοῖς
2480 4408 2576 4464 τοῦ
2609 4410 2789 4479 Λόγου
2823 4408 3335 4481 μεταμορφώσεως,
3367 4412 3648 4464 ἀνακεκαι

378 4520 649 4587 λυμμένῳ
689 4518 972 4588 προσώπῳ
1036 4516 1137 4583 τὴν
1182 4515 1343 4580 δόξαν
1392 4515 1606 4583 Κυρίου
1652 4508 2220 4580 κατοπτριζομένους.
2262 4527 2282 4561 ι
2319 4504 2489 4572 Οὗτος
2532 4509 2648 4581 βίος
2681 4509 2710 4561 6
2762 4507 3100 4580 θεωρητικὸς
3137 4507 3311 4571 δεῖται
3363 4508 3531 4578 τριῶν
3568 4500 3646 4561 ὧν

381 4607 675 4681 προῦφηνο
728 4610 993 4675 πίστεως,
1050 4611 1148 4665 καὶ
1178 4610 1565 4679 πνευματικῆς
1600 4604 1861 4676 μετοχῆς,
1933 4605 2031 4658 καὶ
2081 4605 2274 4673 σοφίας
2333 4602 2618 4674 είδὴσεως,
2672 4604 2733 4656 ἐν
2786 4600 3014 4673 Χριστῷ
3084 4599 3266 4673 Ἰησοῦ
3321 4598 3400 4670 τῷ
3456 4597 3647 4671 Κυρίῳ

383 4706 560 4779 ἡμῶν.

454 4802 544 4856 82.
590 4800 1028 4869 (ἶοιιιριιιριιιιινιι
1074 4815 1199 4855 cum
1233 4799 1550 4854 viviucante
1597 4798 1794 4867 spiritu
1832 4799 1957 4866 vita,

2134 4791 2244 4864 πβ’.
2292 4793 2350 4847 Ὀ
2377 4793 2717 4867 θεωρητικὸς
2743 4796 2885 4867 μετά
2902 4796 2997 4851 τοῦ
3027 4796 3299 4865 ζωοποιοῦ
3335 4802 3663 4875 Πνεύματος.

383 4909 411 4942 n
441 4892 571 4944 nltis
603 4889 933 4957 quibusdam
988 4903 1052 4945 ac
1087 4890 1249 4965 iniris
1288 4888 1616 4956 spectaculis
1660 4888 1957 4958 spirituali-

2063 4881 2199 4953 βίος,
2235 4884 2452 4939 πολλῶν
2482 4902 2652 4938 τινων
2683 4887 2777 4950 καὶ
2807 4888 3158 4957 ἀξιαγάστων
3204 4892 3496 4964 θεαμάτων
3528 4910 3651 4962 νοη-

379 4985 483 5038 bus
514 4985 978 5052 contemplantem
1020 4983 1195 5052 replet
1233 4983 1287 5035 in
1325 4982 1631 5052 mysterio:
1672 4981 1819 5049 (μιυά
1858 4998 1957 5037 non

2060 4975 2168 5027 τῶν
2211 4974 2306 5027 τὸν
2340 4974 2548 5047 θεωρὸν
2595 4977 2940 5050 ἐμπίπλησιν
2991 4981 3050 5034 ἐν
3096 4981 3178 5052 τῷ
3221 4984 3501 5056 μυστικῷ’
3536 4983 3649 5039 οὔτ’

379 5088 461 5131 est
492 5093 587 5144 per
616 5092 676 5130 se
709 5076 926 5131 visibile
955 5083 1051 5128 aut
1101 5073 1349 5139 obvium,
1397 5073 1490 5126 sed
1522 5071 1795 5126 mediante
1828 5084 1963 5126 tem-

379 5184 512 5238 pore
548 5178 603 5222 et
637 5169 795 5233 longa
836 5166 1180 5237 phiIOSophia
1208 5181 1223 5231 ;
1258 5173 1330 5219 ita
1370 5171 1428 5217 ut
1456 5164 1652 5217 ordine
1683 5175 1738 5218 et
1771 5166 1959 5233 grada-

379 5273 478 5316 t-m
518 5260 928 5330 procedendum
961 5260 1056 5313 sit.
1087 5257 1329 5314 Et.nuuc
1354 5242 1574 5326 quidem
1615 5257 1808 5311 audias
1833 5273 1962 5327 pro-

381 5358 597 5423 phetam
651 5353 1067 5423 tranquillitatis
1097 5352 1330 5416 gratiam
1361 5352 1854 5417 contemplantem.
1903 5362 1957 5407 et

380 5448 644 5505 omnium,
726 5454 957 5512 excepto
1020 5441 1131 5495 Deo
1193 5440 1379 5509 fugam
1458 5458 1472 5495 :
1552 5443 1964 5511 «singulariter

380 5554 501 5591 sum
563 5552 705 5604 ego,
761 5534 939 5589 donec
993 5542 1295 5588 transeam.
1333 5550 1352 5584 ι
1416 5530 1483 5586 Ει
1529 5533 1661 5587 alibi
1738 5551 1961 5592 rursum

383 5638 603 5697 propter
649 5627 988 5696 spiritualem
1041 5623 1107 5677 ad
1156 5634 1443 5678 creaturas
1493 5628 1964 5683 conversionemt

388 5738 404 5769 ι
436 5720 608 5785 Quam
648 5718 991 5787 magniﬁcata
1019 5728 1148 5771 sunt
1198 5732 1363 5787 opera
1399 5730 1511 5782 tua,
1540 5717 1767 5775 Domine
1796 5739 1809 5775 :
1845 5737 1967 5774 om~

385 5810 472 5865 nia
505 5813 557 5865 in
603 5811 869 5879 sapientia
906 5809 1103 5864 fecisti.
1147 5826 1166 5861 ι
1205 5809 1269 5864 Et
1318 5808 1450 5864 illud
1486 5827 1501 5866 :
1538 5829 1557 5864 ι
1601 5810 1750 5866 Odor
1796 5816 1966 5867 vesti-

395 5912 703 5958 mentorum
751 5911 967 5958 tuormn
1006 5903 1145 5957 s'cut
1185 5902 1322 5961 υιὶοι*
1348 5902 1463 5971 agri
1501 5903 1644 5973 pleni
1676 5905 1762 5960 cui
1798 5908 1965 5965 bene-

2060 5066 2311 5139 αύθωρὸν
2339 5067 2452 5122 οὔτ’
2515 5069 2738 5141 ἀθρόον,
2792 5072 2931 5127 ἀλλὰ
2957 5073 3046 5129 διὰ
3081 5076 3276 5147 χρόνου
3307 5077 3405 5132 καὶ
3433 5080 3649 5151 μακρᾶς

2057 5159 2156 5229 τῆς
2191 5159 2543 5229 φιλοσοφίας·
2581 5160 2658 5225 ὡς
2682 5162 2747 5234 δὴ
2779 5163 2874 5217 καὶ
2904 5166 3198 5233 τακτηδὸν,
3247 5168 3344 5222 καὶ
3374 5168 3649 5240 κλιμακηφ

2057 5251 2147 5305 δὸν
2175 5252 2360 5307 οίονεί.
2408 5254 2520 5306 Καὶ
2565 5253 2661 5308 νῦν
2694 5251 2796 5331 μὲν
2831 5256 3022 5313 τοῦτον
3054 5259 3318 5325 ἀκούσαις
3346 5260 3551 5331 λέγοντ’
3583 5261 3650 5316 ἂν

2059 5345 2371 5417 θεωροῦντα
2399 5332 2479 5423 τῷ
2515 5349 2764 5420 περιόντι
2813 5351 2909 5421 τῆς
2942 5353 3199 5424 ἡσυχίας,
3244 5355 3343 5409 καὶ
3389 5355 3499 5411 ἀπὸ
3528 5355 3647 5426 τῆς.

2059 5434 2198 5508 πλὴν
2225 5436 2386 5503 Θεοῦ,
2426 5437 2649 5499 πάντων
2672 5441 2889 5513 φυγῆς⁸
2921 5460 2941 5494 ι
2984 5444 3145 5498 Κατά
3192 5445 3363 5517 μόνας
3396 5447 3514 5518 εἰμὶ
3540 5446 3649 5515 ἐγὼ

2057 5527 2163 5593 ἓως
2190 5529 2257 5582 ἂν
2291 5529 2551 5601 παρέλθω
2570 5547 2585 5563 ·
2615 5549 2635 5583 ι
2666 5533 2845 5603 ἄλλοτ’
2868 5532 3025 5600 αὖθις
3045 5537 3133 5592 διὰ
3148 5541 3248 5608 τὴν
3272 5540 3412 5612 πρὸς
3433 5543 3499 5596 τὰ
3519 5543 3647 5597 ὅντα

2056 5622 2374 5692 γνωστικὴν
2406 5626 2683 5697 στροφὴν,
2708 5645 2726 5678 ι
2769 5627 2855 5692 Ὠς
2881 5630 3230 5703 ὲμεγαλύνθη
3261 5634 3330 5687 τὰ
3357 5634 3498 5705 ἔργα.
3528 5652 3645 5695 σου.

2057 5712 2266 5784 Κύριεί
2302 5717 2481 5772 πάντα
2515 5720 2570 5772 ἐν
2592 5721 2757 5793 σοφίᾳ
2790 5724 3053 5790 ἐποίησας
3076 5742 3090 5756 '
3127 5746 3148 5779 ι
3173 5728 3267 5783 καὶ
3292 5728 3374 5781 τόο
3409 5746 3430 5783 ι
3475 5730 3659 5799 Ὀσμὴ

2060 5805 2295 5875 ἱματίων
2325 5827 2418 5864 σου
2454 5812 2529 5876 ὡς
2558 5814 2703 5885 ὀσμὴ
2740 5815 2915 5887 ἀγροῦ
2947 5818 3190 5890 πλήρους
3224 5820 3285 5875 ὃν
3314 5822 3643 5891 εύλόγησας.

2058 5899 2275 5973 Κύριε·
2332 5924 2350 5957 ι
2411 5906 2584 5965 ἐνίοτε
2653 5908 2708 5963 δὲ
2768 5910 3246 5986 ἁνατατικιέιτερον
3315 5913 3658 5975 ἀποσλέπειγ
