  <div class='ocr_page' id='page_1' title='image "/cluster/home/n/w/nwhite01/storage/ocr_20150623/147:no.3/coo.31924054870526/475.png"; bbox 0 0 4076 6526; ppageno 0'>
   <div class='ocr_carea' id='block_1_1' title="bbox 407 437 511 499">
    <p class='ocr_par' dir='ltr' id='par_1_1' title="bbox 407 437 511 499">
     <span class='ocr_line' id='line_1_1' title="bbox 407 437 511 499; baseline -0.029 0"><span class='ocrx_word' id='word_1_1' title='bbox 407 437 511 499; x_wconf 68' lang='lat'><strong>9’37</strong></span> 
     </span>
    </p>
   </div>
   <div class='ocr_carea' id='block_1_2' title="bbox 1556 407 2664 486">
    <p class='ocr_par' dir='ltr' id='par_1_2' title="bbox 1556 407 2664 486">
     <span class='ocr_line' id='line_1_2' title="bbox 1556 407 2664 486; baseline -0.016 0"><span class='ocrx_word' id='word_1_2' title='bbox 1556 417 1906 486; x_wconf 71' lang='lat' dir='ltr'><strong>CALLISTI</strong></span> <span class='ocrx_word' id='word_1_3' title='bbox 1947 407 2564 473; x_wconf 67' lang='lat' dir='ltr'><strong>CATAPHUGIOTIE</strong></span> <span class='ocrx_word' id='word_1_4' title='bbox 2661 474 2664 480; x_wconf 58' lang='grc'><strong>,</strong></span> 
     </span>
    </p>
   </div>
   <div class='ocr_carea' id='block_1_3' title="bbox 3645 434 3758 497">
    <p class='ocr_par' dir='ltr' id='par_1_3' title="bbox 3645 434 3758 497">
     <span class='ocr_line' id='line_1_3' title="bbox 3645 434 3758 497; baseline 0.009 -3"><span class='ocrx_word' id='word_1_5' title='bbox 3645 434 3758 497; x_wconf 72' lang='grc'><strong>92⁸8</strong></span> 
     </span>
    </p>
   </div>
   <div class='ocr_carea' id='block_1_4' title="bbox 401 532 2019 625">
    <p class='ocr_par' dir='ltr' id='par_1_4' title="bbox 401 533 2000 618">
     <span class='ocr_line' id='line_1_4' title="bbox 401 533 2000 618; baseline -0.013 -12"><span class='ocrx_word' id='word_1_6' title='bbox 401 553 630 609; x_wconf 66' lang='grc' dir='ltr'>τειιιειιίε</span> <span class='ocrx_word' id='word_1_7' title='bbox 663 561 826 609; x_wconf 83' lang='lat' dir='ltr'><strong>terra.</strong></span> <span class='ocrx_word' id='word_1_8' title='bbox 879 570 896 602; x_wconf 71' lang='grc' dir='ltr'><strong>ι</strong></span> <span class='ocrx_word' id='word_1_9' title='bbox 938 563 1134 618; x_wconf 76' lang='lat' dir='ltr'><strong>ueuipe</strong></span> <span class='ocrx_word' id='word_1_10' title='bbox 1174 561 1270 602; x_wconf 86' lang='lat' dir='ltr'><strong>cor</strong></span> <span class='ocrx_word' id='word_1_11' title='bbox 1312 552 1584 607; x_wconf 85' lang='lat' dir='ltr'><strong>nostrum,</strong></span> <span class='ocrx_word' id='word_1_12' title='bbox 1619 533 2000 595; x_wconf 77' lang='lat' dir='ltr'><strong>misericordia</strong></span> 
     </span>
    </p>
   </div>
   <div class='ocr_carea' id='block_1_5' title="bbox 2113 532 3755 625">
    <p class='ocr_par' dir='ltr' id='par_1_5' title="bbox 2113 545 3755 625">
     <span class='ocr_line' id='line_1_5' title="bbox 2113 545 3755 625; baseline 0.009 -27"><span class='ocrx_word' id='word_1_13' title='bbox 2113 545 2371 617; x_wconf 77' lang='grc' dir='ltr'>πνεύματι</span> <span class='ocrx_word' id='word_1_14' title='bbox 2404 549 2500 600; x_wconf 77' lang='grc' dir='ltr'><strong>τοῦ</strong></span> <span class='ocrx_word' id='word_1_15' title='bbox 2527 557 2794 618; x_wconf 73' lang='grc' dir='ltr'>στόματος</span> <span class='ocrx_word' id='word_1_16' title='bbox 2817 550 3003 605; x_wconf 74' lang='grc' dir='ltr'>αὐτοῦ·</span> <span class='ocrx_word' id='word_1_17' title='bbox 3032 573 3054 606; x_wconf 64' lang='grc' dir='ltr'><strong><em>δ</em></strong></span> <span class='ocrx_word' id='word_1_18' title='bbox 3087 554 3214 608; x_wconf 74' lang='grc' dir='ltr'>ποτε</span> <span class='ocrx_word' id='word_1_19' title='bbox 3241 554 3355 625; x_wconf 69' lang='grc' dir='ltr'><strong>δήν</strong></span> <span class='ocrx_word' id='word_1_20' title='bbox 3391 575 3417 608; x_wconf 64' lang='grc' dir='ltr'>ι</span> <span class='ocrx_word' id='word_1_21' title='bbox 3459 557 3755 624; x_wconf 74' lang='grc' dir='ltr'>Ὀπηνίκι</span> 
     </span>
    </p>
   </div>
   <div class='ocr_carea' id='block_1_6' title="bbox 403 631 2006 715">
    <p class='ocr_par' dir='ltr' id='par_1_6' title="bbox 403 631 2006 715">
     <span class='ocr_line' id='line_1_6' title="bbox 403 631 2006 715; baseline -0.01 -15"><span class='ocrx_word' id='word_1_22' title='bbox 403 644 671 714; x_wconf 71' lang='lat' dir='ltr'><strong>Domini;</strong></span> <span class='ocrx_word' id='word_1_23' title='bbox 718 663 739 698; x_wconf 74' lang='grc' dir='ltr'><strong>ι</strong></span> <span class='ocrx_word' id='word_1_24' title='bbox 776 645 1050 715; x_wconf 88' lang='lat' dir='ltr'><strong>spirituali</strong></span> <span class='ocrx_word' id='word_1_25' title='bbox 1087 655 1286 708; x_wconf 79' lang='lat' dir='ltr'><strong>nempe</strong></span> <span class='ocrx_word' id='word_1_26' title='bbox 1327 641 1533 696; x_wconf 90' lang='lat' dir='ltr'><strong>virtute</strong></span> <span class='ocrx_word' id='word_1_27' title='bbox 1579 644 1634 690; x_wconf 77' lang='lat' dir='ltr'><strong>et</strong></span> <span class='ocrx_word' id='word_1_28' title='bbox 1685 631 1922 689; x_wconf 84' lang='lat' dir='ltr'><strong>eﬂicaeia</strong></span> <span class='ocrx_word' id='word_1_29' title='bbox 1952 638 2006 684; x_wconf 83' lang='lat' dir='ltr'><strong>et</strong></span> 
     </span>
    </p>
   </div>
   <div class='ocr_carea' id='block_1_7' title="bbox 415 733 2003 803">
    <p class='ocr_par' dir='ltr' id='par_1_7' title="bbox 415 733 2003 803">
     <span class='ocr_line' id='line_1_7' title="bbox 415 733 2003 803; baseline -0.009 -7"><span class='ocrx_word' id='word_1_30' title='bbox 415 750 561 796; x_wconf 93' lang='lat' dir='ltr'><strong>motu</strong></span> <span class='ocrx_word' id='word_1_31' title='bbox 595 741 930 797; x_wconf 77' lang='lat' dir='ltr'><strong>sensibiliter</strong></span> <span class='ocrx_word' id='word_1_32' title='bbox 969 756 1032 794; x_wconf 89' lang='lat' dir='ltr'><strong>ac</strong></span> <span class='ocrx_word' id='word_1_33' title='bbox 1081 737 1395 794; x_wconf 75' lang='lat' dir='ltr'><strong>manifeste.</strong></span> <span class='ocrx_word' id='word_1_34' title='bbox 1445 733 1772 803; x_wconf 84' lang='lat' dir='ltr'><strong>Priusquam</strong></span> <span class='ocrx_word' id='word_1_35' title='bbox 1821 736 2003 783; x_wconf 90' lang='lat' dir='ltr'><strong>autem</strong></span> 
     </span>
    </p>
   </div>
   <div class='ocr_carea' id='block_1_8' title="bbox 415 831 2005 889">
    <p class='ocr_par' dir='ltr' id='par_1_8' title="bbox 415 831 2005 889">
     <span class='ocr_line' id='line_1_8' title="bbox 415 831 2005 889; baseline -0.008 -2"><span class='ocrx_word' id='word_1_36' title='bbox 415 852 534 887; x_wconf 77' lang='lat' dir='ltr'><strong>eaut</strong></span> <span class='ocrx_word' id='word_1_37' title='bbox 560 836 614 889; x_wconf 93' lang='lat' dir='ltr'><strong>in</strong></span> <span class='ocrx_word' id='word_1_38' title='bbox 643 835 810 889; x_wconf 77' lang='lat' dir='ltr'><strong>corde</strong></span> <span class='ocrx_word' id='word_1_39' title='bbox 832 833 1128 888; x_wconf 77' lang='lat' dir='ltr'><strong>efﬁcaciam</strong></span> <span class='ocrx_word' id='word_1_40' title='bbox 1167 843 1222 887; x_wconf 88' lang='lat' dir='ltr'><strong>et</strong></span> <span class='ocrx_word' id='word_1_41' title='bbox 1259 831 1520 886; x_wconf 78' lang='lat' dir='ltr'><strong>virtutem</strong></span> <span class='ocrx_word' id='word_1_42' title='bbox 1551 836 1606 883; x_wconf 91' lang='lat' dir='ltr'><strong>et</strong></span> <span class='ocrx_word' id='word_1_43' title='bbox 1639 835 1848 880; x_wconf 88' lang='lat' dir='ltr'><strong>motum</strong></span> <span class='ocrx_word' id='word_1_44' title='bbox 1878 837 2005 877; x_wconf 87' lang='lat' dir='ltr'><strong>sen-</strong></span> 
     </span>
    </p>
   </div>
   <div class='ocr_carea' id='block_1_9' title="bbox 411 913 2008 991">
    <p class='ocr_par' dir='ltr' id='par_1_9' title="bbox 411 913 2008 991">
     <span class='ocr_line' id='line_1_9' title="bbox 411 913 2008 991; baseline -0.009 -9"><span class='ocrx_word' id='word_1_45' title='bbox 411 929 508 982; x_wconf 87' lang='lat' dir='ltr'><strong>tiat</strong></span> <span class='ocrx_word' id='word_1_46' title='bbox 543 941 718 991; x_wconf 85' lang='lat' dir='ltr'><strong>mens,</strong></span> <span class='ocrx_word' id='word_1_47' title='bbox 752 942 862 980; x_wconf 88' lang='lat' dir='ltr'><strong>non</strong></span> <span class='ocrx_word' id='word_1_48' title='bbox 900 926 1060 979; x_wconf 85' lang='lat' dir='ltr'><strong>modo</strong></span> <span class='ocrx_word' id='word_1_49' title='bbox 1089 941 1209 980; x_wconf 86' lang='lat' dir='ltr'><strong>eam</strong></span> <span class='ocrx_word' id='word_1_50' title='bbox 1260 922 1592 978; x_wconf 78' lang='lat' dir='ltr'><strong>soliditatem</strong></span> <span class='ocrx_word' id='word_1_51' title='bbox 1627 934 1735 974; x_wconf 92' lang='lat' dir='ltr'><strong>non</strong></span> <span class='ocrx_word' id='word_1_52' title='bbox 1781 913 2008 971; x_wconf 75' lang='lat' dir='ltr'><strong>habebit</strong></span> 
     </span>
    </p>
   </div>
   <div class='ocr_carea' id='block_1_10' title="bbox 405 1009 2006 1088">
    <p class='ocr_par' dir='ltr' id='par_1_10' title="bbox 405 1009 2006 1088">
     <span class='ocr_line' id='line_1_10' title="bbox 405 1009 2006 1088; baseline -0.007 -19"><span class='ocrx_word' id='word_1_53' title='bbox 405 1036 539 1088; x_wconf 72' lang='lat' dir='ltr'><strong>qua:</strong></span> <span class='ocrx_word' id='word_1_54' title='bbox 593 1035 658 1074; x_wconf 82' lang='lat' dir='ltr'><strong>ex</strong></span> <span class='ocrx_word' id='word_1_55' title='bbox 717 1020 1015 1074; x_wconf 85' lang='lat' dir='ltr'><strong>creat&#39;ouis</strong></span> <span class='ocrx_word' id='word_1_56' title='bbox 1065 1018 1476 1087; x_wconf 76' lang='lat' dir='ltr'><strong>Scriptura:th</strong></span> <span class='ocrx_word' id='word_1_57' title='bbox 1537 1009 1804 1080; x_wconf 86' lang='lat' dir='ltr'><strong>spirituali</strong></span> <span class='ocrx_word' id='word_1_58' title='bbox 1871 1021 2006 1060; x_wconf 79' lang='lat' dir='ltr'><strong>con-</strong></span> 
     </span>
    </p>
   </div>
   <div class='ocr_carea' id='block_1_11' title="bbox 419 1104 2008 1182">
    <p class='ocr_par' dir='ltr' id='par_1_11' title="bbox 419 1104 2008 1182">
     <span class='ocr_line' id='line_1_11' title="bbox 419 1104 2008 1182; baseline -0.008 -18"><span class='ocrx_word' id='word_1_59' title='bbox 419 1112 770 1182; x_wconf 83' lang='lat' dir='ltr'><strong>templatione</strong></span> <span class='ocrx_word' id='word_1_60' title='bbox 801 1111 1054 1175; x_wconf 80' lang='lat' dir='ltr'><strong>eilicitur,</strong></span> <span class='ocrx_word' id='word_1_61' title='bbox 1090 1111 1219 1164; x_wconf 86' lang='lat' dir='ltr'><strong>dum</strong></span> <span class='ocrx_word' id='word_1_62' title='bbox 1271 1111 1322 1162; x_wconf 89' lang='lat' dir='ltr'><strong>in</strong></span> <span class='ocrx_word' id='word_1_63' title='bbox 1359 1122 1521 1161; x_wconf 85' lang='lat' dir='ltr'><strong>unam</strong></span> <span class='ocrx_word' id='word_1_64' title='bbox 1568 1104 1830 1158; x_wconf 89' lang='lat' dir='ltr'><strong>rationem</strong></span> <span class='ocrx_word' id='word_1_65' title='bbox 1886 1114 2008 1166; x_wconf 75' lang='lat' dir='ltr'><strong>qua:</strong></span> 
     </span>
    </p>
   </div>
   <div class='ocr_carea' id='block_1_12' title="bbox 406 1195 2008 1273">
    <p class='ocr_par' dir='ltr' id='par_1_12' title="bbox 406 1195 2008 1273">
     <span class='ocr_line' id='line_1_12' title="bbox 406 1195 2008 1273; baseline -0.007 -15"><span class='ocrx_word' id='word_1_66' title='bbox 406 1205 472 1260; x_wconf 85' lang='lat' dir='ltr'><strong>in</strong></span> <span class='ocrx_word' id='word_1_67' title='bbox 503 1206 639 1273; x_wconf 84' lang='lat' dir='ltr'><strong>ipsis</strong></span> <span class='ocrx_word' id='word_1_68' title='bbox 673 1215 801 1260; x_wconf 89' lang='lat' dir='ltr'><strong>sunt</strong></span> <span class='ocrx_word' id='word_1_69' title='bbox 839 1205 1175 1268; x_wconf 77' lang='lat' dir='ltr'><strong>reducimus,</strong></span> <span class='ocrx_word' id='word_1_70' title='bbox 1209 1202 1303 1258; x_wconf 86' lang='lat' dir='ltr'><strong>sed</strong></span> <span class='ocrx_word' id='word_1_71' title='bbox 1346 1200 1499 1256; x_wconf 80' lang='lat' dir='ltr'><strong>valde</strong></span> <span class='ocrx_word' id='word_1_72' title='bbox 1537 1195 1888 1253; x_wconf 88' lang='lat' dir='ltr'><strong>metuendum</strong></span> <span class='ocrx_word' id='word_1_73' title='bbox 1922 1201 2008 1248; x_wconf 91' lang='lat' dir='ltr'><strong>est</strong></span> 
     </span>
    </p>
   </div>
   <div class='ocr_carea' id='block_1_13' title="bbox 419 1289 2009 1366">
    <p class='ocr_par' dir='ltr' id='par_1_13' title="bbox 419 1289 2009 1366">
     <span class='ocr_line' id='line_1_13' title="bbox 419 1289 2009 1366; baseline -0.003 -19"><span class='ocrx_word' id='word_1_74' title='bbox 419 1312 485 1348; x_wconf 90' lang='lat' dir='ltr'><strong>ue</strong></span> <span class='ocrx_word' id='word_1_75' title='bbox 510 1297 798 1365; x_wconf 81' lang='lat' dir='ltr'><strong>phantasia</strong></span> <span class='ocrx_word' id='word_1_76' title='bbox 827 1297 1058 1365; x_wconf 88' lang='lat' dir='ltr'><strong>decepta</strong></span> <span class='ocrx_word' id='word_1_77' title='bbox 1094 1304 1304 1366; x_wconf 83' lang='lat' dir='ltr'><strong>pereat.</strong></span> <span class='ocrx_word' id='word_1_78' title='bbox 1339 1293 1465 1348; x_wconf 80' lang='lat' dir='ltr'><strong>Ideo</strong></span> <span class='ocrx_word' id='word_1_79' title='bbox 1494 1293 1537 1347; x_wconf 89' lang='lat' dir='ltr'><strong>si</strong></span> <span class='ocrx_word' id='word_1_80' title='bbox 1569 1306 1714 1347; x_wconf 78' lang='lat' dir='ltr'><strong>cura:</strong></span> <span class='ocrx_word' id='word_1_81' title='bbox 1743 1289 1903 1344; x_wconf 91' lang='lat' dir='ltr'><strong>nobis</strong></span> <span class='ocrx_word' id='word_1_82' title='bbox 1936 1289 2009 1342; x_wconf 88' lang='lat' dir='ltr'><strong>sit</strong></span> 
     </span>
    </p>
   </div>
   <div class='ocr_carea' id='block_1_14' title="bbox 424 1379 2007 1456">
    <p class='ocr_par' dir='ltr' id='par_1_14' title="bbox 424 1379 2007 1456">
     <span class='ocr_line' id='line_1_14' title="bbox 424 1379 2007 1456; baseline -0.003 -20"><span class='ocrx_word' id='word_1_83' title='bbox 424 1389 590 1439; x_wconf 69' lang='lat' dir='ltr'><strong>Deum</strong></span> <span class='ocrx_word' id='word_1_84' title='bbox 629 1402 692 1440; x_wconf 72' lang='lat' dir='ltr'><strong>ex</strong></span> <span class='ocrx_word' id='word_1_85' title='bbox 732 1387 1019 1456; x_wconf 78' lang='lat' dir='ltr'><strong>Scriptura</strong></span> <span class='ocrx_word' id='word_1_86' title='bbox 1058 1397 1105 1441; x_wconf 90' lang='lat' dir='ltr'><strong>et</strong></span> <span class='ocrx_word' id='word_1_87' title='bbox 1143 1388 1420 1440; x_wconf 82' lang='lat' dir='ltr'><strong>creatione</strong></span> <span class='ocrx_word' id='word_1_88' title='bbox 1453 1381 1834 1453; x_wconf 85' lang='lat' dir='ltr'><strong>contemplari,</strong></span> <span class='ocrx_word' id='word_1_89' title='bbox 1873 1379 2007 1433; x_wconf 85' lang='lat' dir='ltr'><strong>sim-</strong></span> 
     </span>
    </p>
   </div>
   <div class='ocr_carea' id='block_1_15' title="bbox 424 1474 2071 1550">
    <p class='ocr_par' dir='ltr' id='par_1_15' title="bbox 424 1474 2071 1550">
     <span class='ocr_line' id='line_1_15' title="bbox 424 1474 2071 1550; baseline -0.001 -20"><span class='ocrx_word' id='word_1_90' title='bbox 424 1477 752 1549; x_wconf 85' lang='lat' dir='ltr'><strong>pliciterque</strong></span> <span class='ocrx_word' id='word_1_91' title='bbox 780 1491 836 1535; x_wconf 89' lang='lat' dir='ltr'><strong>et</strong></span> <span class='ocrx_word' id='word_1_92' title='bbox 860 1479 1210 1535; x_wconf 80' lang='lat' dir='ltr'><strong>uniformiter</strong></span> <span class='ocrx_word' id='word_1_93' title='bbox 1249 1479 1516 1550; x_wconf 90' lang='lat' dir='ltr'><strong>plurimas</strong></span> <span class='ocrx_word' id='word_1_94' title='bbox 1556 1493 1736 1532; x_wconf 88' lang='lat' dir='ltr'><strong>rermn</strong></span> <span class='ocrx_word' id='word_1_95' title='bbox 1766 1475 2010 1531; x_wconf 74' lang='lat' dir='ltr'><strong>rationes</strong></span> <span class='ocrx_word' id='word_1_96' title='bbox 2053 1474 2071 1489; x_wconf 88' lang='lat'><strong><em>&#39;</em></strong></span> 
     </span>
    </p>
   </div>
   <div class='ocr_carea' id='block_1_16' title="bbox 422 1569 2012 1642">
    <p class='ocr_par' dir='ltr' id='par_1_16' title="bbox 422 1569 2012 1642">
     <span class='ocr_line' id='line_1_16' title="bbox 422 1569 2012 1642; baseline -0.002 -17"><span class='ocrx_word' id='word_1_97' title='bbox 422 1579 478 1625; x_wconf 86' lang='lat' dir='ltr'><strong>et</strong></span> <span class='ocrx_word' id='word_1_98' title='bbox 507 1572 824 1642; x_wconf 86' lang='lat' dir='ltr'><strong>spectacula</strong></span> <span class='ocrx_word' id='word_1_99' title='bbox 860 1576 913 1629; x_wconf 90' lang='lat' dir='ltr'><strong>in</strong></span> <span class='ocrx_word' id='word_1_100' title='bbox 953 1591 1116 1630; x_wconf 91' lang='lat' dir='ltr'><strong>unam</strong></span> <span class='ocrx_word' id='word_1_101' title='bbox 1160 1574 1429 1628; x_wconf 86' lang='lat' dir='ltr'><strong>rationem</strong></span> <span class='ocrx_word' id='word_1_102' title='bbox 1466 1581 1520 1626; x_wconf 90' lang='lat' dir='ltr'><strong>et</strong></span> <span class='ocrx_word' id='word_1_103' title='bbox 1558 1572 1812 1642; x_wconf 89' lang='lat' dir='ltr'><strong>spiritum</strong></span> <span class='ocrx_word' id='word_1_104' title='bbox 1851 1569 2012 1638; x_wconf 86' lang='lat' dir='ltr'><strong>repli-</strong></span> 
     </span>
    </p>
   </div>
   <div class='ocr_carea' id='block_1_17' title="bbox 427 1662 2003 1736">
    <p class='ocr_par' dir='ltr' id='par_1_17' title="bbox 427 1662 2003 1736">
     <span class='ocr_line' id='line_1_17' title="bbox 427 1662 2003 1736; baseline 0.002 -22"><span class='ocrx_word' id='word_1_105' title='bbox 427 1673 637 1723; x_wconf 79' lang='lat' dir='ltr'><strong>cantes.</strong></span> <span class='ocrx_word' id='word_1_106' title='bbox 669 1665 956 1731; x_wconf 78' lang='lat' dir='ltr'><strong>uniformi,</strong></span> <span class='ocrx_word' id='word_1_107' title='bbox 989 1667 1247 1736; x_wconf 80' lang='lat' dir='ltr'><strong>simplici,</strong></span> <span class='ocrx_word' id='word_1_108' title='bbox 1283 1682 1389 1720; x_wconf 89' lang='lat' dir='ltr'><strong>non</strong></span> <span class='ocrx_word' id='word_1_109' title='bbox 1419 1667 1648 1736; x_wconf 75' lang='lat' dir='ltr'><strong>ﬁgurata</strong></span> <span class='ocrx_word' id='word_1_110' title='bbox 1673 1662 2003 1732; x_wconf 79' lang='lat' dir='ltr'><strong>contempla-</strong></span> 
     </span>
    </p>
   </div>
   <div class='ocr_carea' id='block_1_18' title="bbox 422 1755 2012 1826">
    <p class='ocr_par' dir='ltr' id='par_1_18' title="bbox 422 1755 2012 1826">
     <span class='ocr_line' id='line_1_18' title="bbox 422 1755 2012 1826; baseline 0.004 -20"><span class='ocrx_word' id='word_1_111' title='bbox 422 1755 574 1811; x_wconf 88' lang='lat' dir='ltr'><strong>tione</strong></span> <span class='ocrx_word' id='word_1_112' title='bbox 622 1767 843 1814; x_wconf 82' lang='lat' dir='ltr'><strong>utentes</strong></span> <span class='ocrx_word' id='word_1_113' title='bbox 891 1759 944 1814; x_wconf 91' lang='lat' dir='ltr'><strong>in</strong></span> <span class='ocrx_word' id='word_1_114' title='bbox 997 1759 1370 1826; x_wconf 83' lang='lat' dir='ltr'><strong>iuliuitudine,</strong></span> <span class='ocrx_word' id='word_1_115' title='bbox 1425 1760 1478 1812; x_wconf 88' lang='lat' dir='ltr'><strong>itt</strong></span> <span class='ocrx_word' id='word_1_116' title='bbox 1533 1759 1905 1814; x_wconf 76' lang='lat' dir='ltr'><strong>immensitate</strong></span> <span class='ocrx_word' id='word_1_117' title='bbox 1947 1771 2012 1812; x_wconf 86' lang='lat' dir='ltr'><strong>ac</strong></span> 
     </span>
    </p>
   </div>
   <div class='ocr_carea' id='block_1_19' title="bbox 2102 637 3751 721">
    <p class='ocr_par' dir='ltr' id='par_1_19' title="bbox 2102 637 3751 721">
     <span class='ocr_line' id='line_1_19' title="bbox 2102 637 3751 721; baseline 0.01 -33"><span class='ocrx_word' id='word_1_118' title='bbox 2102 637 2352 708; x_wconf 65' lang='lat' dir='ltr'><strong>(petiverat.</strong></span> <span class='ocrx_word' id='word_1_119' title='bbox 2389 638 2604 710; x_wconf 82' lang='grc' dir='ltr'><strong>πλήρης</strong></span> <span class='ocrx_word' id='word_1_120' title='bbox 2632 641 2664 712; x_wconf 73' lang='grc' dir='ltr'>ἡ</span> <span class='ocrx_word' id='word_1_121' title='bbox 2691 643 2857 716; x_wconf 79' lang='grc' dir='ltr'>νοητὴ</span> <span class='ocrx_word' id='word_1_122' title='bbox 2890 647 2984 714; x_wconf 77' lang='grc' dir='ltr'><strong>γῆ,</strong></span> <span class='ocrx_word' id='word_1_123' title='bbox 3029 664 3047 696; x_wconf 71' lang='grc' dir='ltr'><strong>ι</strong></span> <span class='ocrx_word' id='word_1_124' title='bbox 3081 647 3196 718; x_wconf 73' lang='grc' dir='ltr'>ἦτοι</span> <span class='ocrx_word' id='word_1_125' title='bbox 3228 648 3268 719; x_wconf 78' lang='grc' dir='ltr'>ἡ</span> <span class='ocrx_word' id='word_1_126' title='bbox 3299 647 3532 720; x_wconf 86' lang='grc' dir='ltr'>καρδία</span> <span class='ocrx_word' id='word_1_127' title='bbox 3556 650 3751 721; x_wconf 74' lang='grc' dir='ltr'>ἡμῶν,</span> 
     </span>
    </p>
   </div>
   <div class='ocr_carea' id='block_1_20' title="bbox 2107 732 3752 813">
    <p class='ocr_par' dir='ltr' id='par_1_20' title="bbox 2107 732 3752 813">
     <span class='ocr_line' id='line_1_20' title="bbox 2107 732 3752 813; baseline 0.008 -29"><span class='ocrx_word' id='word_1_128' title='bbox 2107 751 2127 784; x_wconf 78' lang='grc' dir='ltr'><strong>ι</strong></span> <span class='ocrx_word' id='word_1_129' title='bbox 2162 732 2257 786; x_wconf 87' lang='grc' dir='ltr'><strong>τοῦ</strong></span> <span class='ocrx_word' id='word_1_130' title='bbox 2289 732 2474 797; x_wconf 84' lang='grc' dir='ltr'>ἐλέους</span> <span class='ocrx_word' id='word_1_131' title='bbox 2501 734 2732 806; x_wconf 80' lang='grc' dir='ltr'><strong>Κυρίου,</strong></span> <span class='ocrx_word' id='word_1_132' title='bbox 2767 754 2786 788; x_wconf 72' lang='grc' dir='ltr'><strong>ι</strong></span> <span class='ocrx_word' id='word_1_133' title='bbox 2815 738 2916 809; x_wconf 83' lang='grc' dir='ltr'><strong>τῆς</strong></span> <span class='ocrx_word' id='word_1_134' title='bbox 2943 742 3497 812; x_wconf 77' lang='grc' dir='ltr'>πνευματοκινήτου</span> <span class='ocrx_word' id='word_1_135' title='bbox 3526 743 3752 813; x_wconf 76' lang='grc' dir='ltr'>δηλαδὴ</span> 
     </span>
    </p>
   </div>
   <div class='ocr_carea' id='block_1_21' title="bbox 2102 825 3752 903">
    <p class='ocr_par' dir='ltr' id='par_1_21' title="bbox 2102 825 3752 903">
     <span class='ocr_line' id='line_1_21' title="bbox 2102 825 3752 903; baseline 0.006 -25"><span class='ocrx_word' id='word_1_136' title='bbox 2102 825 2406 897; x_wconf 83' lang='grc' dir='ltr'>δυνάμεως,</span> <span class='ocrx_word' id='word_1_137' title='bbox 2423 827 2518 881; x_wconf 79' lang='grc' dir='ltr'><strong>καὶ</strong></span> <span class='ocrx_word' id='word_1_138' title='bbox 2531 827 2813 900; x_wconf 74' lang='grc' dir='ltr'><strong>ἐνεργείας</strong></span> <span class='ocrx_word' id='word_1_139' title='bbox 2835 830 2930 884; x_wconf 74' lang='grc' dir='ltr'>καὶ</span> <span class='ocrx_word' id='word_1_140' title='bbox 2946 833 3211 902; x_wconf 75' lang='grc' dir='ltr'>κινήσεως</span> <span class='ocrx_word' id='word_1_141' title='bbox 3231 850 3258 885; x_wconf 86' lang='grc' dir='ltr'><strong>ε</strong></span> <span class='ocrx_word' id='word_1_142' title='bbox 3271 832 3630 903; x_wconf 83' lang='grc' dir='ltr'>ὐαισθήτως</span> <span class='ocrx_word' id='word_1_143' title='bbox 3649 837 3752 895; x_wconf 69' lang='grc' dir='ltr'>καὶ</span> 
     </span>
    </p>
   </div>
   <div class='ocr_carea' id='block_1_22' title="bbox 2103 917 3753 996">
    <p class='ocr_par' dir='ltr' id='par_1_22' title="bbox 2103 917 3753 996">
     <span class='ocr_line' id='line_1_22' title="bbox 2103 917 3753 996; baseline 0.007 -24"><span class='ocrx_word' id='word_1_144' title='bbox 2103 917 2382 989; x_wconf 86' lang='grc' dir='ltr'>ἐμφανῶς.</span> <span class='ocrx_word' id='word_1_145' title='bbox 2415 920 2552 990; x_wconf 69' lang='grc' dir='ltr'>Πρὶν</span> <span class='ocrx_word' id='word_1_146' title='bbox 2584 921 2643 974; x_wconf 79' lang='grc' dir='ltr'>δὲ</span> <span class='ocrx_word' id='word_1_147' title='bbox 2675 920 2776 992; x_wconf 81' lang='grc' dir='ltr'>τῆς</span> <span class='ocrx_word' id='word_1_148' title='bbox 2818 924 3102 994; x_wconf 72' lang='grc' dir='ltr'><strong>ἐνεργείας</strong></span> <span class='ocrx_word' id='word_1_149' title='bbox 3136 925 3234 978; x_wconf 75' lang='grc' dir='ltr'>καὶ</span> <span class='ocrx_word' id='word_1_150' title='bbox 3283 925 3614 996; x_wconf 82' lang='grc' dir='ltr'>δύναμεως</span> <span class='ocrx_word' id='word_1_151' title='bbox 3650 930 3753 982; x_wconf 77' lang='grc' dir='ltr'>καὶ</span> 
     </span>
    </p>
   </div>
   <div class='ocr_carea' id='block_1_23' title="bbox 2104 1011 3752 1090">
    <p class='ocr_par' dir='ltr' id='par_1_23' title="bbox 2104 1011 3752 1090">
     <span class='ocr_line' id='line_1_23' title="bbox 2104 1011 3752 1090; baseline 0.007 -27"><span class='ocrx_word' id='word_1_152' title='bbox 2104 1011 2372 1082; x_wconf 84' lang='grc' dir='ltr'>κινήσεως</span> <span class='ocrx_word' id='word_1_153' title='bbox 2389 1013 2446 1066; x_wconf 81' lang='grc' dir='ltr'><strong>ἐν</strong></span> <span class='ocrx_word' id='word_1_154' title='bbox 2465 1012 2664 1086; x_wconf 75' lang='grc' dir='ltr'>καρδίᾳ</span> <span class='ocrx_word' id='word_1_155' title='bbox 2693 1016 2722 1067; x_wconf 91' lang='grc' dir='ltr'><strong>ό</strong></span> <span class='ocrx_word' id='word_1_156' title='bbox 2746 1012 2871 1079; x_wconf 95' lang='grc' dir='ltr'>νοῦς</span> <span class='ocrx_word' id='word_1_157' title='bbox 2895 1015 3173 1087; x_wconf 65' lang='grc' dir='ltr'>αἴσθηται,</span> <span class='ocrx_word' id='word_1_158' title='bbox 3193 1018 3256 1071; x_wconf 89' lang='grc' dir='ltr'><strong>οὐ</strong></span> <span class='ocrx_word' id='word_1_159' title='bbox 3283 1017 3475 1088; x_wconf 84' lang='grc' dir='ltr'>μόνον</span> <span class='ocrx_word' id='word_1_160' title='bbox 3499 1019 3611 1090; x_wconf 83' lang='grc' dir='ltr'><strong>οὐχ</strong></span> <span class='ocrx_word' id='word_1_161' title='bbox 3634 1019 3752 1087; x_wconf 75' lang='grc' dir='ltr'>ἔξει</span> 
     </span>
    </p>
   </div>
   <div class='ocr_carea' id='block_1_24' title="bbox 2103 1103 3753 1180">
    <p class='ocr_par' dir='ltr' id='par_1_24' title="bbox 2103 1103 3753 1180">
     <span class='ocr_line' id='line_1_24' title="bbox 2103 1103 3753 1180; baseline 0.006 -25"><span class='ocrx_word' id='word_1_162' title='bbox 2103 1103 2514 1174; x_wconf 86' lang='grc' dir='ltr'>τὸστερέμνιον</span> <span class='ocrx_word' id='word_1_163' title='bbox 2542 1107 2606 1158; x_wconf 84' lang='grc' dir='ltr'><strong>ἐκ</strong></span> <span class='ocrx_word' id='word_1_164' title='bbox 2635 1105 2728 1159; x_wconf 85' lang='grc' dir='ltr'><strong>τοῦ</strong></span> <span class='ocrx_word' id='word_1_165' title='bbox 2757 1105 2855 1178; x_wconf 81' lang='grc' dir='ltr'>τὴν</span> <span class='ocrx_word' id='word_1_166' title='bbox 2881 1108 3058 1161; x_wconf 80' lang='grc' dir='ltr'><strong>κτίσιν</strong></span> <span class='ocrx_word' id='word_1_167' title='bbox 3100 1109 3196 1161; x_wconf 70' lang='grc' dir='ltr'>καὶ</span> <span class='ocrx_word' id='word_1_168' title='bbox 3219 1108 3335 1180; x_wconf 79' lang='grc' dir='ltr'><strong>τὴν</strong></span> <span class='ocrx_word' id='word_1_169' title='bbox 3387 1109 3564 1164; x_wconf 86' lang='grc' dir='ltr'>θείαν</span> <span class='ocrx_word' id='word_1_170' title='bbox 3609 1111 3753 1180; x_wconf 81' lang='grc' dir='ltr'>Γρα-</span> 
     </span>
    </p>
   </div>
   <div class='ocr_carea' id='block_1_25' title="bbox 2106 1198 3752 1272">
    <p class='ocr_par' dir='ltr' id='par_1_25' title="bbox 2106 1198 3752 1272">
     <span class='ocr_line' id='line_1_25' title="bbox 2106 1198 3752 1272; baseline 0.003 -19"><span class='ocrx_word' id='word_1_171' title='bbox 2106 1198 2213 1270; x_wconf 81' lang='grc' dir='ltr'><strong>φὴν</strong></span> <span class='ocrx_word' id='word_1_172' title='bbox 2237 1198 2589 1272; x_wconf 71' lang='grc' dir='ltr'>θεωρητικῶς</span> <span class='ocrx_word' id='word_1_173' title='bbox 2625 1199 2720 1254; x_wconf 70' lang='grc' dir='ltr'><strong>καὶ</strong></span> <span class='ocrx_word' id='word_1_174' title='bbox 2743 1202 3132 1271; x_wconf 82' lang='grc' dir='ltr'><strong>πνευματικῶς</strong></span> <span class='ocrx_word' id='word_1_175' title='bbox 3175 1203 3612 1272; x_wconf 72' lang='grc' dir='ltr'><strong>ἀναλέγεσθαι,</strong></span> <span class='ocrx_word' id='word_1_176' title='bbox 3650 1206 3752 1258; x_wconf 76' lang='grc' dir='ltr'><strong>καὶ</strong></span> 
     </span>
    </p>
   </div>
   <div class='ocr_carea' id='block_1_26' title="bbox 2107 1293 3749 1367">
    <p class='ocr_par' dir='ltr' id='par_1_26' title="bbox 2107 1293 3749 1367">
     <span class='ocr_line' id='line_1_26' title="bbox 2107 1293 3749 1367; baseline 0.004 -23"><span class='ocrx_word' id='word_1_177' title='bbox 2107 1294 2364 1360; x_wconf 81' lang='grc' dir='ltr'>συνάγειν</span> <span class='ocrx_word' id='word_1_178' title='bbox 2391 1295 2472 1359; x_wconf 87' lang='grc' dir='ltr'><strong>είς</strong></span> <span class='ocrx_word' id='word_1_179' title='bbox 2501 1293 2601 1348; x_wconf 81' lang='grc' dir='ltr'><strong>ἐνα</strong></span> <span class='ocrx_word' id='word_1_180' title='bbox 2621 1293 2781 1363; x_wconf 78' lang='grc' dir='ltr'>λόγον</span> <span class='ocrx_word' id='word_1_181' title='bbox 2802 1294 2871 1348; x_wconf 84' lang='grc' dir='ltr'>τὰ</span> <span class='ocrx_word' id='word_1_182' title='bbox 2899 1296 2958 1349; x_wconf 85' lang='grc' dir='ltr'><strong>ἐν</strong></span> <span class='ocrx_word' id='word_1_183' title='bbox 2991 1297 3203 1358; x_wconf 78' lang='grc' dir='ltr'>αὐτοῖς.</span> <span class='ocrx_word' id='word_1_184' title='bbox 3237 1296 3399 1350; x_wconf 82' lang='grc' dir='ltr'>ἀλλὰ</span> <span class='ocrx_word' id='word_1_185' title='bbox 3430 1299 3540 1352; x_wconf 76' lang='grc' dir='ltr'><strong>καὶ</strong></span> <span class='ocrx_word' id='word_1_186' title='bbox 3573 1297 3749 1367; x_wconf 76' lang='grc' dir='ltr'>φόϐος</span> 
     </span>
    </p>
   </div>
   <div class='ocr_carea' id='block_1_27' title="bbox 2105 1385 3744 1459">
    <p class='ocr_par' dir='ltr' id='par_1_27' title="bbox 2105 1385 3744 1459">
     <span class='ocr_line' id='line_1_27' title="bbox 2105 1385 3744 1459; baseline 0.001 -19"><span class='ocrx_word' id='word_1_187' title='bbox 2105 1386 2449 1449; x_wconf 85' lang='grc' dir='ltr'>ὃτιπλεῖστος</span> <span class='ocrx_word' id='word_1_188' title='bbox 2466 1385 2719 1458; x_wconf 85' lang='grc' dir='ltr'>περίεστι</span> <span class='ocrx_word' id='word_1_189' title='bbox 2735 1386 2937 1458; x_wconf 85' lang='grc' dir='ltr'>μήποτ’</span> <span class='ocrx_word' id='word_1_190' title='bbox 2965 1386 3156 1457; x_wconf 76' lang='grc' dir='ltr'>ὄληται</span> <span class='ocrx_word' id='word_1_191' title='bbox 3185 1388 3744 1459; x_wconf 81' lang='grc' dir='ltr'>παραφαντασθείς.</span> 
     </span>
    </p>
   </div>
   <div class='ocr_carea' id='block_1_28' title="bbox 2104 1479 3747 1553">
    <p class='ocr_par' dir='ltr' id='par_1_28' title="bbox 2104 1479 3747 1553">
     <span class='ocr_line' id='line_1_28' title="bbox 2104 1479 3747 1553; baseline 0.001 -21"><span class='ocrx_word' id='word_1_192' title='bbox 2104 1481 2198 1532; x_wconf 75' lang='grc' dir='ltr'>Διὸ</span> <span class='ocrx_word' id='word_1_193' title='bbox 2227 1479 2314 1550; x_wconf 83' lang='grc' dir='ltr'><strong>δὴ,</strong></span> <span class='ocrx_word' id='word_1_194' title='bbox 2348 1479 2401 1533; x_wconf 82' lang='grc' dir='ltr'><strong>εί</strong></span> <span class='ocrx_word' id='word_1_195' title='bbox 2424 1479 2483 1531; x_wconf 87' lang='grc' dir='ltr'><strong>τί</strong></span> <span class='ocrx_word' id='word_1_196' title='bbox 2513 1497 2578 1548; x_wconf 76' lang='grc' dir='ltr'><strong>γε</strong></span> <span class='ocrx_word' id='word_1_197' title='bbox 2603 1479 2899 1551; x_wconf 73' lang='grc' dir='ltr'>μέλλοιμεν</span> <span class='ocrx_word' id='word_1_198' title='bbox 2929 1481 3185 1550; x_wconf 74' lang='grc' dir='ltr'>ἀσχολίαν</span> <span class='ocrx_word' id='word_1_199' title='bbox 3234 1481 3612 1553; x_wconf 83' lang='grc' dir='ltr'>ποιήσασθαι</span> <span class='ocrx_word' id='word_1_200' title='bbox 3649 1480 3747 1534; x_wconf 88' lang='grc' dir='ltr'><strong>τοῦ</strong></span> 
     </span>
    </p>
   </div>
   <div class='ocr_carea' id='block_1_29' title="bbox 2106 1572 3746 1646">
    <p class='ocr_par' dir='ltr' id='par_1_29' title="bbox 2106 1572 3746 1646">
     <span class='ocr_line' id='line_1_29' title="bbox 2106 1572 3746 1646; baseline 0.002 -21"><span class='ocrx_word' id='word_1_201' title='bbox 2106 1573 2197 1625; x_wconf 81' lang='grc' dir='ltr'><strong>τὸν</strong></span> <span class='ocrx_word' id='word_1_202' title='bbox 2220 1572 2353 1626; x_wconf 84' lang='grc' dir='ltr'>Θεὸν</span> <span class='ocrx_word' id='word_1_203' title='bbox 2383 1574 2447 1626; x_wconf 87' lang='grc' dir='ltr'><strong>ἐκ</strong></span> <span class='ocrx_word' id='word_1_204' title='bbox 2472 1573 2697 1644; x_wconf 80' lang='grc' dir='ltr'>Γραφῆς</span> <span class='ocrx_word' id='word_1_205' title='bbox 2727 1572 2974 1644; x_wconf 82' lang='grc' dir='ltr'><strong>θεωρεῖν,</strong></span> <span class='ocrx_word' id='word_1_206' title='bbox 2997 1575 3091 1626; x_wconf 72' lang='grc' dir='ltr'>καὶ</span> <span class='ocrx_word' id='word_1_207' title='bbox 3121 1576 3220 1646; x_wconf 77' lang='grc' dir='ltr'><strong>τῆς</strong></span> <span class='ocrx_word' id='word_1_208' title='bbox 3245 1574 3536 1641; x_wconf 78' lang='grc' dir='ltr'>κτίσεως,</span> <span class='ocrx_word' id='word_1_209' title='bbox 3569 1575 3746 1628; x_wconf 86' lang='grc' dir='ltr'>ἐνοει-</span> 
     </span>
    </p>
   </div>
   <div class='ocr_carea' id='block_1_30' title="bbox 2105 1663 3740 1735">
    <p class='ocr_par' dir='ltr' id='par_1_30' title="bbox 2105 1663 3740 1735">
     <span class='ocr_line' id='line_1_30' title="bbox 2105 1663 3740 1735; baseline 0 -17"><span class='ocrx_word' id='word_1_210' title='bbox 2105 1663 2212 1728; x_wconf 89' lang='grc' dir='ltr'><strong>δῶς</strong></span> <span class='ocrx_word' id='word_1_211' title='bbox 2233 1681 2292 1717; x_wconf 89' lang='grc' dir='ltr'><strong>τε</strong></span> <span class='ocrx_word' id='word_1_212' title='bbox 2321 1665 2414 1718; x_wconf 73' lang='grc' dir='ltr'><strong>καὶ</strong></span> <span class='ocrx_word' id='word_1_213' title='bbox 2440 1664 2703 1735; x_wconf 82' lang='grc' dir='ltr'>μονειδῶς</span> <span class='ocrx_word' id='word_1_214' title='bbox 2731 1665 2857 1727; x_wconf 83' lang='grc' dir='ltr'>τοὺς</span> <span class='ocrx_word' id='word_1_215' title='bbox 2887 1663 3118 1728; x_wconf 77' lang='grc' dir='ltr'>πολλοὺς</span> <span class='ocrx_word' id='word_1_216' title='bbox 3142 1664 3347 1734; x_wconf 80' lang='grc' dir='ltr'><strong>λόγους</strong></span> <span class='ocrx_word' id='word_1_217' title='bbox 3377 1666 3505 1721; x_wconf 87' lang='grc' dir='ltr'><strong>τῶν</strong></span> <span class='ocrx_word' id='word_1_218' title='bbox 3537 1666 3740 1731; x_wconf 77' lang='grc' dir='ltr'>ὄντων,</span> 
     </span>
    </p>
   </div>
   <div class='ocr_carea' id='block_1_31' title="bbox 2107 1756 3746 1830">
    <p class='ocr_par' dir='ltr' id='par_1_31' title="bbox 2107 1756 3746 1830">
     <span class='ocr_line' id='line_1_31' title="bbox 2107 1756 3746 1830; baseline 0.001 -19"><span class='ocrx_word' id='word_1_219' title='bbox 2107 1757 2202 1811; x_wconf 72' lang='grc' dir='ltr'><strong>καὶ</strong></span> <span class='ocrx_word' id='word_1_220' title='bbox 2243 1757 2313 1809; x_wconf 71' lang='grc' dir='ltr'><strong>τὰ</strong></span> <span class='ocrx_word' id='word_1_221' title='bbox 2344 1757 2682 1827; x_wconf 85' lang='grc' dir='ltr'>θεωρήματα</span> <span class='ocrx_word' id='word_1_222' title='bbox 2715 1757 2792 1820; x_wconf 86' lang='grc' dir='ltr'><strong>είς</strong></span> <span class='ocrx_word' id='word_1_223' title='bbox 2827 1756 2924 1810; x_wconf 74' lang='grc' dir='ltr'>ἕνα</span> <span class='ocrx_word' id='word_1_224' title='bbox 2958 1756 3116 1825; x_wconf 86' lang='grc' dir='ltr'>λόγον</span> <span class='ocrx_word' id='word_1_225' title='bbox 3149 1759 3244 1812; x_wconf 74' lang='grc' dir='ltr'>καὶ</span> <span class='ocrx_word' id='word_1_226' title='bbox 3279 1758 3536 1830; x_wconf 80' lang='grc' dir='ltr'>πνεῦμα</span> <span class='ocrx_word' id='word_1_227' title='bbox 3596 1776 3746 1828; x_wconf 83' lang='grc' dir='ltr'>συμ-</span> 
     </span>
    </p>
   </div>
   <div class='ocr_carea' id='block_1_32' title="bbox 427 1848 2019 1938">
    <p class='ocr_par' dir='ltr' id='par_1_32' title="bbox 427 1851 2012 1924">
     <span class='ocr_line' id='line_1_32' title="bbox 427 1851 2012 1924; baseline 0 -20"><span class='ocrx_word' id='word_1_228' title='bbox 427 1852 753 1917; x_wconf 71' lang='lat' dir='ltr'><strong>aeternitate,</strong></span> <span class='ocrx_word' id='word_1_229' title='bbox 807 1851 860 1906; x_wconf 91' lang='lat' dir='ltr'><strong>in</strong></span> <span class='ocrx_word' id='word_1_230' title='bbox 920 1853 1090 1908; x_wconf 88' lang='lat' dir='ltr'><strong>corde</strong></span> <span class='ocrx_word' id='word_1_231' title='bbox 1119 1863 1310 1909; x_wconf 70' lang='lat' dir='ltr'><strong>uestro</strong></span> <span class='ocrx_word' id='word_1_232' title='bbox 1358 1854 1513 1924; x_wconf 91' lang='lat' dir='ltr'><strong>prius</strong></span> <span class='ocrx_word' id='word_1_233' title='bbox 1565 1853 1885 1908; x_wconf 83' lang='lat' dir='ltr'><strong>thesaurum</strong></span> <span class='ocrx_word' id='word_1_234' title='bbox 1923 1851 2012 1906; x_wconf 79' lang='lat' dir='ltr'><strong>in-</strong></span> 
     </span>
    </p>
   </div>
   <div class='ocr_carea' id='block_1_33' title="bbox 2113 1848 3742 1938">
    <p class='ocr_par' dir='ltr' id='par_1_33' title="bbox 2115 1848 3742 1920">
     <span class='ocr_line' id='line_1_33' title="bbox 2115 1848 3742 1920; baseline 0.002 -18"><span class='ocrx_word' id='word_1_235' title='bbox 2115 1848 2462 1914; x_wconf 82' lang='grc' dir='ltr'>πτύσσοντες,</span> <span class='ocrx_word' id='word_1_236' title='bbox 2489 1849 2720 1920; x_wconf 85' lang='grc' dir='ltr'>ἐνοειδῆ.</span> <span class='ocrx_word' id='word_1_237' title='bbox 2770 1850 2864 1902; x_wconf 75' lang='grc' dir='ltr'><strong>καὶ</strong></span> <span class='ocrx_word' id='word_1_238' title='bbox 2890 1849 3096 1915; x_wconf 80' lang='grc' dir='ltr'>ἁπλῆν,</span> <span class='ocrx_word' id='word_1_239' title='bbox 3133 1850 3228 1903; x_wconf 73' lang='grc' dir='ltr'>καὶ</span> <span class='ocrx_word' id='word_1_240' title='bbox 3275 1851 3553 1904; x_wconf 74' lang='grc' dir='ltr'>ἀνείδεον</span> <span class='ocrx_word' id='word_1_241' title='bbox 3601 1851 3742 1905; x_wconf 86' lang='grc' dir='ltr'>θεω-</span> 
     </span>
    </p>
   </div>
   <div class='ocr_carea' id='block_1_34' title="bbox 427 1941 2014 2002">
    <p class='ocr_par' dir='ltr' id='par_1_34' title="bbox 427 1941 2014 2002">
     <span class='ocr_line' id='line_1_34' title="bbox 427 1941 2014 2002; baseline 0 -6"><span class='ocrx_word' id='word_1_242' title='bbox 427 1941 613 1997; x_wconf 67' lang='lat' dir='ltr'><strong>venire</strong></span> <span class='ocrx_word' id='word_1_243' title='bbox 645 1944 964 2001; x_wconf 73' lang='lat' dir='ltr'><strong>studeamus</strong></span> <span class='ocrx_word' id='word_1_244' title='bbox 991 1957 1046 2001; x_wconf 86' lang='lat' dir='ltr'><strong>et</strong></span> <span class='ocrx_word' id='word_1_245' title='bbox 1069 1962 1291 2002; x_wconf 91' lang='lat' dir='ltr'><strong>oremus</strong></span> <span class='ocrx_word' id='word_1_246' title='bbox 1323 1947 1492 2001; x_wconf 91' lang='lat' dir='ltr'><strong>Deum</strong></span> <span class='ocrx_word' id='word_1_247' title='bbox 1525 1955 1776 2002; x_wconf 89' lang='lat' dir='ltr'><strong>sauctmn</strong></span> <span class='ocrx_word' id='word_1_248' title='bbox 1813 1955 1873 2000; x_wconf 93' lang='lat' dir='ltr'><strong>ut</strong></span> <span class='ocrx_word' id='word_1_249' title='bbox 1905 1954 2014 1998; x_wconf 82' lang='lat' dir='ltr'><strong>ter-</strong></span> 
     </span>
    </p>
   </div>
   <div class='ocr_carea' id='block_1_35' title="bbox 414 2037 2012 2108">
    <p class='ocr_par' dir='ltr' id='par_1_35' title="bbox 414 2037 2012 2108">
     <span class='ocr_line' id='line_1_35' title="bbox 414 2037 2012 2108; baseline 0.003 -20"><span class='ocrx_word' id='word_1_250' title='bbox 414 2051 535 2088; x_wconf 62' lang='lat' dir='ltr'><strong>.ra-r</strong></span> <span class='ocrx_word' id='word_1_251' title='bbox 564 2046 806 2092; x_wconf 75' lang='lat' dir='ltr'><strong>nostram</strong></span> <span class='ocrx_word' id='word_1_252' title='bbox 833 2053 931 2092; x_wconf 91' lang='lat' dir='ltr'><strong>sua</strong></span> <span class='ocrx_word' id='word_1_253' title='bbox 958 2040 1334 2094; x_wconf 74' lang='lat' dir='ltr'><strong>misericordia</strong></span> <span class='ocrx_word' id='word_1_254' title='bbox 1360 2039 1677 2108; x_wconf 85' lang='lat' dir='ltr'><strong>adimplcat.</strong></span> <span class='ocrx_word' id='word_1_255' title='bbox 1719 2037 2012 2100; x_wconf 85' lang='lat' dir='ltr'><strong>Ettuur,si</strong></span> 
     </span>
    </p>
   </div>
   <div class='ocr_carea' id='block_1_36' title="bbox 424 2129 2015 2201">
    <p class='ocr_par' dir='ltr' id='par_1_36' title="bbox 424 2129 2015 2201">
     <span class='ocr_line' id='line_1_36' title="bbox 424 2129 2015 2201; baseline 0.003 -21"><span class='ocrx_word' id='word_1_256' title='bbox 424 2143 532 2197; x_wconf 85' lang='lat' dir='ltr'><strong>qua</strong></span> <span class='ocrx_word' id='word_1_257' title='bbox 565 2129 709 2184; x_wconf 87' lang='lat' dir='ltr'><strong>adsit</strong></span> <span class='ocrx_word' id='word_1_258' title='bbox 739 2133 1004 2201; x_wconf 89' lang='lat' dir='ltr'><strong>potentia,</strong></span> <span class='ocrx_word' id='word_1_259' title='bbox 1055 2143 1289 2187; x_wconf 84' lang='lat' dir='ltr'><strong>mentem</strong></span> <span class='ocrx_word' id='word_1_260' title='bbox 1328 2141 1574 2187; x_wconf 81' lang='lat' dir='ltr'><strong>nostram</strong></span> <span class='ocrx_word' id='word_1_261' title='bbox 1621 2133 1688 2186; x_wconf 82' lang='lat' dir='ltr'><strong>ad</strong></span> <span class='ocrx_word' id='word_1_262' title='bbox 1738 2131 1832 2184; x_wconf 85' lang='lat' dir='ltr'><strong>Dei</strong></span> <span class='ocrx_word' id='word_1_263' title='bbox 1864 2132 2015 2199; x_wconf 77' lang='lat' dir='ltr'><strong>cogi-</strong></span> 
     </span>
    </p>
   </div>
   <div class='ocr_carea' id='block_1_37' title="bbox 424 2222 2017 2297">
    <p class='ocr_par' dir='ltr' id='par_1_37' title="bbox 424 2222 2017 2297">
     <span class='ocr_line' id='line_1_37' title="bbox 424 2222 2017 2297; baseline 0.003 -22"><span class='ocrx_word' id='word_1_264' title='bbox 424 2222 683 2276; x_wconf 79' lang='lat' dir='ltr'><strong>tationem</strong></span> <span class='ocrx_word' id='word_1_265' title='bbox 717 2224 1016 2292; x_wconf 70' lang='lat' dir='ltr'><strong>erigamus,</strong></span> <span class='ocrx_word' id='word_1_266' title='bbox 1051 2225 1381 2297; x_wconf 72' lang='lat' dir='ltr'><strong>simplicem,</strong></span> <span class='ocrx_word' id='word_1_267' title='bbox 1411 2234 1471 2279; x_wconf 90' lang='lat' dir='ltr'><strong>ut</strong></span> <span class='ocrx_word' id='word_1_268' title='bbox 1507 2226 1714 2279; x_wconf 86' lang='lat' dir='ltr'><strong>dictum</strong></span> <span class='ocrx_word' id='word_1_269' title='bbox 1749 2236 1856 2289; x_wconf 86' lang='lat' dir='ltr'><strong>est,</strong></span> <span class='ocrx_word' id='word_1_270' title='bbox 1894 2226 2017 2279; x_wconf 88' lang='lat' dir='ltr'><strong>uui-</strong></span> 
     </span>
    </p>
   </div>
   <div class='ocr_carea' id='block_1_38' title="bbox 429 2315 2018 2387">
    <p class='ocr_par' dir='ltr' id='par_1_38' title="bbox 429 2315 2018 2387">
     <span class='ocr_line' id='line_1_38' title="bbox 429 2315 2018 2387; baseline 0.006 -22"><span class='ocrx_word' id='word_1_271' title='bbox 429 2315 682 2380; x_wconf 78' lang='lat' dir='ltr'><strong>formem,</strong></span> <span class='ocrx_word' id='word_1_272' title='bbox 734 2333 843 2372; x_wconf 90' lang='lat' dir='ltr'><strong>non</strong></span> <span class='ocrx_word' id='word_1_273' title='bbox 890 2319 1202 2386; x_wconf 74' lang='lat' dir='ltr'><strong>ﬁguratam,</strong></span> <span class='ocrx_word' id='word_1_274' title='bbox 1252 2329 1546 2387; x_wconf 75' lang='lat' dir='ltr'><strong>aeternam,</strong></span> <span class='ocrx_word' id='word_1_275' title='bbox 1595 2320 1914 2374; x_wconf 82' lang='lat' dir='ltr'><strong>immensam</strong></span> <span class='ocrx_word' id='word_1_276' title='bbox 1962 2329 2018 2375; x_wconf 91' lang='lat' dir='ltr'><strong>et</strong></span> 
     </span>
    </p>
   </div>
   <div class='ocr_carea' id='block_1_39' title="bbox 430 2407 2020 2483">
    <p class='ocr_par' dir='ltr' id='par_1_39' title="bbox 430 2407 2020 2483">
     <span class='ocr_line' id='line_1_39' title="bbox 430 2407 2020 2483; baseline 0.006 -22"><span class='ocrx_word' id='word_1_277' title='bbox 430 2407 724 2474; x_wconf 80' lang='lat' dir='ltr'><strong>inﬁnitam,</strong></span> <span class='ocrx_word' id='word_1_278' title='bbox 791 2410 848 2465; x_wconf 90' lang='lat' dir='ltr'><strong>in</strong></span> <span class='ocrx_word' id='word_1_279' title='bbox 911 2409 1074 2467; x_wconf 82' lang='lat' dir='ltr'><strong>Vetbi</strong></span> <span class='ocrx_word' id='word_1_280' title='bbox 1139 2419 1193 2467; x_wconf 88' lang='lat' dir='ltr'><strong>et</strong></span> <span class='ocrx_word' id='word_1_281' title='bbox 1253 2411 1492 2483; x_wconf 87' lang='lat' dir='ltr'><strong>Spiritus</strong></span> <span class='ocrx_word' id='word_1_282' title='bbox 1555 2413 2020 2483; x_wconf 85' lang='lat' dir='ltr'><strong>contemplatione</strong></span> 
     </span>
    </p>
   </div>
   <div class='ocr_carea' id='block_1_40' title="bbox 425 2502 736 2558">
    <p class='ocr_par' dir='ltr' id='par_1_40' title="bbox 425 2502 736 2558">
     <span class='ocr_line' id='line_1_40' title="bbox 425 2502 736 2558; baseline 0 0"><span class='ocrx_word' id='word_1_283' title='bbox 425 2509 482 2558; x_wconf 91' lang='lat' dir='ltr'><strong>et</strong></span> <span class='ocrx_word' id='word_1_284' title='bbox 509 2502 736 2558; x_wconf 79' lang='lat' dir='ltr'><strong>auxilio.</strong></span> 
     </span>
    </p>
   </div>
   <div class='ocr_carea' id='block_1_41' title="bbox 505 2775 2023 2850">
    <p class='ocr_par' dir='ltr' id='par_1_41' title="bbox 505 2775 2023 2850">
     <span class='ocr_line' id='line_1_41' title="bbox 505 2775 2023 2850; baseline 0.004 -20"><span class='ocrx_word' id='word_1_285' title='bbox 505 2775 595 2831; x_wconf 75' lang='lat'><strong>84.</strong></span> <span class='ocrx_word' id='word_1_286' title='bbox 637 2775 870 2843; x_wconf 88' lang='lat' dir='ltr'><strong>Quando</strong></span> <span class='ocrx_word' id='word_1_287' title='bbox 893 2787 1039 2832; x_wconf 62' lang='lat' dir='ltr'><strong>recta</strong></span> <span class='ocrx_word' id='word_1_288' title='bbox 1066 2792 1129 2834; x_wconf 88' lang='lat' dir='ltr'><strong>ac</strong></span> <span class='ocrx_word' id='word_1_289' title='bbox 1146 2777 1386 2849; x_wconf 89' lang='lat' dir='ltr'><strong>simplici</strong></span> <span class='ocrx_word' id='word_1_290' title='bbox 1427 2778 1789 2850; x_wconf 84' lang='lat' dir='ltr'><strong>dispositione</strong></span> <span class='ocrx_word' id='word_1_291' title='bbox 1823 2781 2023 2836; x_wconf 72' lang='lat' dir='ltr'><strong>animae</strong></span> 
     </span>
    </p>
   </div>
   <div class='ocr_carea' id='block_1_42' title="bbox 432 2869 2020 2944">
    <p class='ocr_par' dir='ltr' id='par_1_42' title="bbox 432 2869 2020 2944">
     <span class='ocr_line' id='line_1_42' title="bbox 432 2869 2020 2944; baseline 0.006 -22"><span class='ocrx_word' id='word_1_292' title='bbox 432 2869 597 2924; x_wconf 90' lang='lat' dir='ltr'><strong>homo</strong></span> <span class='ocrx_word' id='word_1_293' title='bbox 627 2870 845 2925; x_wconf 90' lang='lat' dir='ltr'><strong>virtutis</strong></span> <span class='ocrx_word' id='word_1_294' title='bbox 874 2886 1117 2927; x_wconf 88' lang='lat' dir='ltr'><strong>cursum</strong></span> <span class='ocrx_word' id='word_1_295' title='bbox 1137 2874 1370 2944; x_wconf 80' lang='lat' dir='ltr'><strong>perﬁcit,</strong></span> <span class='ocrx_word' id='word_1_296' title='bbox 1399 2889 1523 2928; x_wconf 90' lang='lat' dir='ltr'><strong>cum</strong></span> <span class='ocrx_word' id='word_1_297' title='bbox 1551 2875 1742 2930; x_wconf 85' lang='lat' dir='ltr'><strong>humili</strong></span> <span class='ocrx_word' id='word_1_298' title='bbox 1775 2891 1942 2934; x_wconf 88' lang='lat' dir='ltr'><strong>sensu</strong></span> <span class='ocrx_word' id='word_1_299' title='bbox 1964 2875 2020 2932; x_wconf 91' lang='lat' dir='ltr'><strong>in</strong></span> 
     </span>
    </p>
   </div>
   <div class='ocr_carea' id='block_1_43' title="bbox 352 2963 2024 3036">
    <p class='ocr_par' dir='ltr' id='par_1_43' title="bbox 352 2963 2024 3036">
     <span class='ocr_line' id='line_1_43' title="bbox 352 2963 2024 3036; baseline 0.008 -21"><span class='ocrx_word' id='word_1_300' title='bbox 352 2989 354 2992; x_wconf 55' lang='grc' dir='ltr'><strong>ν</strong></span> <span class='ocrx_word' id='word_1_301' title='bbox 425 2963 690 3030; x_wconf 80' lang='lat' dir='ltr'><strong>patientia</strong></span> <span class='ocrx_word' id='word_1_302' title='bbox 733 2973 787 3019; x_wconf 89' lang='lat' dir='ltr'><strong>et</strong></span> <span class='ocrx_word' id='word_1_303' title='bbox 815 2979 912 3036; x_wconf 88' lang='lat' dir='ltr'><strong>spe</strong></span> <span class='ocrx_word' id='word_1_304' title='bbox 953 2983 1020 3022; x_wconf 80' lang='lat' dir='ltr'><strong>ex</strong></span> <span class='ocrx_word' id='word_1_305' title='bbox 1070 2967 1176 3023; x_wconf 77' lang='lat' dir='ltr'><strong>ﬁde</strong></span> <span class='ocrx_word' id='word_1_306' title='bbox 1222 2978 1365 3033; x_wconf 89' lang='lat' dir='ltr'><strong>orta,</strong></span> <span class='ocrx_word' id='word_1_307' title='bbox 1403 2968 1688 3024; x_wconf 46' lang='lat' dir='ltr'><strong>\‘iviﬁcans</strong></span> <span class='ocrx_word' id='word_1_308' title='bbox 1737 2978 1920 3025; x_wconf 88' lang='lat' dir='ltr'><strong>autem</strong></span> <span class='ocrx_word' id='word_1_309' title='bbox 1968 2982 2024 3028; x_wconf 90' lang='lat' dir='ltr'><strong>et</strong></span> 
     </span>
    </p>
   </div>
   <div class='ocr_carea' id='block_1_44' title="bbox 434 3065 2024 3137">
    <p class='ocr_par' dir='ltr' id='par_1_44' title="bbox 434 3065 2024 3137">
     <span class='ocr_line' id='line_1_44' title="bbox 434 3065 2024 3137; baseline 0.003 -21"><span class='ocrx_word' id='word_1_310' title='bbox 434 3074 698 3131; x_wconf 87' lang='lat' dir='ltr'><strong>perpetuo</strong></span> <span class='ocrx_word' id='word_1_311' title='bbox 733 3065 1044 3121; x_wconf 89' lang='lat' dir='ltr'><strong>scaturiens</strong></span> <span class='ocrx_word' id='word_1_312' title='bbox 1073 3066 1248 3121; x_wconf 81' lang='lat' dir='ltr'><strong>sancti</strong></span> <span class='ocrx_word' id='word_1_313' title='bbox 1284 3065 1526 3137; x_wconf 88' lang='lat' dir='ltr'><strong>Spiritus</strong></span> <span class='ocrx_word' id='word_1_314' title='bbox 1555 3065 1732 3120; x_wconf 88' lang='lat' dir='ltr'><strong>virtus</strong></span> <span class='ocrx_word' id='word_1_315' title='bbox 1767 3075 1820 3120; x_wconf 88' lang='lat' dir='ltr'><strong>et</strong></span> <span class='ocrx_word' id='word_1_316' title='bbox 1845 3065 2024 3122; x_wconf 80' lang='lat' dir='ltr'><strong>eﬂica-</strong></span> 
     </span>
    </p>
   </div>
   <div class='ocr_carea' id='block_1_45' title="bbox 419 3154 2023 3229">
    <p class='ocr_par' dir='ltr' id='par_1_45' title="bbox 419 3154 2023 3229">
     <span class='ocr_line' id='line_1_45' title="bbox 419 3154 2023 3229; baseline 0.002 -17"><span class='ocrx_word' id='word_1_317' title='bbox 419 3154 510 3212; x_wconf 63' lang='lat' dir='ltr'><strong>sia</strong></span> <span class='ocrx_word' id='word_1_318' title='bbox 545 3168 642 3208; x_wconf 84' lang='lat' dir='ltr'><strong>cor</strong></span> <span class='ocrx_word' id='word_1_319' title='bbox 671 3158 1065 3225; x_wconf 81' lang='lat' dir='ltr'><strong>penetraverit,</strong></span> <span class='ocrx_word' id='word_1_320' title='bbox 1110 3160 1308 3214; x_wconf 72' lang='lat' dir='ltr'><strong>anima:</strong></span> <span class='ocrx_word' id='word_1_321' title='bbox 1341 3160 1618 3229; x_wconf 86' lang='lat' dir='ltr'><strong>potentias</strong></span> <span class='ocrx_word' id='word_1_322' title='bbox 1647 3175 1773 3214; x_wconf 83' lang='lat' dir='ltr'><strong>rere</strong></span> <span class='ocrx_word' id='word_1_323' title='bbox 1819 3160 2023 3216; x_wconf 84' lang='lat' dir='ltr'><strong>illumi-</strong></span> 
     </span>
    </p>
   </div>
   <div class='ocr_carea' id='block_1_46' title="bbox 2108 1940 3743 2014">
    <p class='ocr_par' dir='ltr' id='par_1_46' title="bbox 2108 1940 3743 2014">
     <span class='ocr_line' id='line_1_46' title="bbox 2108 1940 3743 2014; baseline 0.001 -20"><span class='ocrx_word' id='word_1_324' title='bbox 2108 1940 2231 2012; x_wconf 88' lang='grc' dir='ltr'>ρίαν</span> <span class='ocrx_word' id='word_1_325' title='bbox 2262 1941 2496 2012; x_wconf 83' lang='grc' dir='ltr'>ὁρῶντες</span> <span class='ocrx_word' id='word_1_326' title='bbox 2525 1942 2584 1994; x_wconf 91' lang='grc' dir='ltr'><strong>ἐν</strong></span> <span class='ocrx_word' id='word_1_327' title='bbox 2609 1942 2881 2014; x_wconf 75' lang='grc' dir='ltr'>ἁοριστίᾳ,</span> <span class='ocrx_word' id='word_1_328' title='bbox 2921 1942 3017 1996; x_wconf 73' lang='grc' dir='ltr'><strong>καὶ</strong></span> <span class='ocrx_word' id='word_1_329' title='bbox 3057 1942 3312 2012; x_wconf 67' lang='grc' dir='ltr'>ἀπειρία,</span> <span class='ocrx_word' id='word_1_330' title='bbox 3351 1943 3460 1996; x_wconf 73' lang='grc' dir='ltr'><strong>καὶ</strong></span> <span class='ocrx_word' id='word_1_331' title='bbox 3497 1944 3743 2013; x_wconf 82' lang='grc' dir='ltr'>ἀναρχό-</span> 
     </span>
    </p>
   </div>
   <div class='ocr_carea' id='block_1_47' title="bbox 2107 2034 3740 2106">
    <p class='ocr_par' dir='ltr' id='par_1_47' title="bbox 2107 2034 3740 2106">
     <span class='ocr_line' id='line_1_47' title="bbox 2107 2034 3740 2106; baseline 0 -19"><span class='ocrx_word' id='word_1_332' title='bbox 2107 2050 2255 2105; x_wconf 77' lang='grc' dir='ltr'>τητι,</span> <span class='ocrx_word' id='word_1_333' title='bbox 2286 2034 2380 2088; x_wconf 70' lang='grc' dir='ltr'>τὸν</span> <span class='ocrx_word' id='word_1_334' title='bbox 2418 2035 2517 2106; x_wconf 82' lang='grc' dir='ltr'>τῆς</span> <span class='ocrx_word' id='word_1_335' title='bbox 2544 2035 2770 2105; x_wconf 82' lang='grc' dir='ltr'>καρδίας</span> <span class='ocrx_word' id='word_1_336' title='bbox 2800 2034 2959 2105; x_wconf 75' lang='grc' dir='ltr'>ἡμῶν</span> <span class='ocrx_word' id='word_1_337' title='bbox 2989 2034 3256 2106; x_wconf 84' lang='grc' dir='ltr'>πρότερον</span> <span class='ocrx_word' id='word_1_338' title='bbox 3282 2034 3459 2088; x_wconf 78' lang='grc' dir='ltr'>ἔνδον</span> <span class='ocrx_word' id='word_1_339' title='bbox 3492 2035 3740 2104; x_wconf 72' lang='grc' dir='ltr'>εὑρηκέ-</span> 
     </span>
    </p>
   </div>
   <div class='ocr_carea' id='block_1_48' title="bbox 2110 2134 3735 2216">
    <p class='ocr_par' dir='ltr' id='par_1_48' title="bbox 2110 2134 3735 2216">
     <span class='ocr_line' id='line_1_48' title="bbox 2110 2134 3735 2216; baseline -0.01 -12"><span class='ocrx_word' id='word_1_340' title='bbox 2110 2166 2202 2204; x_wconf 90' lang='grc' dir='ltr'><strong>ναι</strong></span> <span class='ocrx_word' id='word_1_341' title='bbox 2255 2145 2589 2216; x_wconf 79' lang='grc' dir='ltr'>ζητήσωμεν</span> <span class='ocrx_word' id='word_1_342' title='bbox 2629 2140 2926 2212; x_wconf 75' lang='grc' dir='ltr'>θησαυρδν,</span> <span class='ocrx_word' id='word_1_343' title='bbox 2976 2140 3072 2194; x_wconf 76' lang='grc' dir='ltr'>καὶ</span> <span class='ocrx_word' id='word_1_344' title='bbox 3131 2138 3534 2209; x_wconf 80' lang='grc' dir='ltr'>ίκετεύσωμεν</span> <span class='ocrx_word' id='word_1_345' title='bbox 3592 2134 3735 2190; x_wconf 76' lang='grc' dir='ltr'>Θεὸν</span> 
     </span>
    </p>
   </div>
   <div class='ocr_carea' id='block_1_49' title="bbox 2110 2228 3730 2309">
    <p class='ocr_par' dir='ltr' id='par_1_49' title="bbox 2110 2228 3730 2309">
     <span class='ocr_line' id='line_1_49' title="bbox 2110 2228 3730 2309; baseline -0.007 -14"><span class='ocrx_word' id='word_1_346' title='bbox 2110 2240 2289 2309; x_wconf 70' lang='grc' dir='ltr'>ἅγιον,</span> <span class='ocrx_word' id='word_1_347' title='bbox 2325 2237 2616 2308; x_wconf 88' lang='grc' dir='ltr'>πληρῶσαι</span> <span class='ocrx_word' id='word_1_348' title='bbox 2639 2236 2741 2304; x_wconf 83' lang='grc' dir='ltr'><strong>τὴν</strong></span> <span class='ocrx_word' id='word_1_349' title='bbox 2781 2233 2888 2304; x_wconf 76' lang='grc' dir='ltr'>γῆν</span> <span class='ocrx_word' id='word_1_350' title='bbox 2931 2231 3090 2304; x_wconf 77' lang='grc' dir='ltr'>ἡμῶν</span> <span class='ocrx_word' id='word_1_351' title='bbox 3128 2231 3222 2285; x_wconf 86' lang='grc' dir='ltr'><strong>τοῦ</strong></span> <span class='ocrx_word' id='word_1_352' title='bbox 3264 2231 3471 2295; x_wconf 78' lang='grc' dir='ltr'>ἐλέους</span> <span class='ocrx_word' id='word_1_353' title='bbox 3520 2228 3730 2284; x_wconf 84' lang='grc' dir='ltr'>αὐτοῦ·</span> 
     </span>
    </p>
   </div>
   <div class='ocr_carea' id='block_1_50' title="bbox 2108 2321 3740 2396">
    <p class='ocr_par' dir='ltr' id='par_1_50' title="bbox 2108 2321 3740 2396">
     <span class='ocr_line' id='line_1_50' title="bbox 2108 2321 3740 2396; baseline -0.008 -9"><span class='ocrx_word' id='word_1_354' title='bbox 2108 2334 2205 2386; x_wconf 78' lang='grc' dir='ltr'>καὶ</span> <span class='ocrx_word' id='word_1_355' title='bbox 2232 2331 2354 2385; x_wconf 86' lang='grc' dir='ltr'>τότε</span> <span class='ocrx_word' id='word_1_356' title='bbox 2384 2331 2440 2384; x_wconf 84' lang='grc' dir='ltr'><strong>εί</strong></span> <span class='ocrx_word' id='word_1_357' title='bbox 2465 2347 2548 2392; x_wconf 90' lang='grc' dir='ltr'><strong>τις</strong></span> <span class='ocrx_word' id='word_1_358' title='bbox 2573 2327 2827 2396; x_wconf 87' lang='grc' dir='ltr'>δύναμις,</span> <span class='ocrx_word' id='word_1_359' title='bbox 2867 2325 2982 2380; x_wconf 78' lang='grc' dir='ltr'>ἄνω</span> <span class='ocrx_word' id='word_1_360' title='bbox 3026 2324 3207 2394; x_wconf 88' lang='grc' dir='ltr'>δῶμεν</span> <span class='ocrx_word' id='word_1_361' title='bbox 3239 2321 3600 2394; x_wconf 77' lang='grc' dir='ltr'>ἐλευθερίως</span> <span class='ocrx_word' id='word_1_362' title='bbox 3639 2322 3740 2375; x_wconf 78' lang='grc' dir='ltr'><strong>τὸν</strong></span> 
     </span>
    </p>
   </div>
   <div class='ocr_carea' id='block_1_51' title="bbox 2109 2414 3736 2493">
    <p class='ocr_par' dir='ltr' id='par_1_51' title="bbox 2109 2414 3736 2493">
     <span class='ocr_line' id='line_1_51' title="bbox 2109 2414 3736 2493; baseline -0.006 -15"><span class='ocrx_word' id='word_1_363' title='bbox 2109 2424 2236 2479; x_wconf 91' lang='grc' dir='ltr'>νοῦν</span> <span class='ocrx_word' id='word_1_364' title='bbox 2266 2422 2404 2493; x_wconf 79' lang='grc' dir='ltr'>πρὸς</span> <span class='ocrx_word' id='word_1_365' title='bbox 2427 2421 2562 2474; x_wconf 84' lang='grc' dir='ltr'>Θεοῦ</span> <span class='ocrx_word' id='word_1_366' title='bbox 2592 2420 2944 2489; x_wconf 84' lang='grc' dir='ltr'>κατανόησιν.</span> <span class='ocrx_word' id='word_1_367' title='bbox 2970 2416 3202 2486; x_wconf 80' lang='grc' dir='ltr'>ἐνοειδῆ,</span> <span class='ocrx_word' id='word_1_368' title='bbox 3227 2417 3303 2478; x_wconf 86' lang='grc' dir='ltr'><strong>ῶς</strong></span> <span class='ocrx_word' id='word_1_369' title='bbox 3334 2416 3600 2486; x_wconf 77' lang='grc' dir='ltr'>εἴρηται,</span> <span class='ocrx_word' id='word_1_370' title='bbox 3641 2414 3736 2468; x_wconf 73' lang='grc' dir='ltr'>καὶ</span> 
     </span>
    </p>
   </div>
   <div class='ocr_carea' id='block_1_52' title="bbox 2115 2505 3738 2585">
    <p class='ocr_par' dir='ltr' id='par_1_52' title="bbox 2115 2505 3738 2585">
     <span class='ocr_line' id='line_1_52' title="bbox 2115 2505 3738 2585; baseline -0.007 -17"><span class='ocrx_word' id='word_1_371' title='bbox 2115 2513 2391 2585; x_wconf 76' lang='grc' dir='ltr'>μονοειδῆ,</span> <span class='ocrx_word' id='word_1_372' title='bbox 2419 2511 2622 2582; x_wconf 78' lang='grc' dir='ltr'>ἁπλῆν,</span> <span class='ocrx_word' id='word_1_373' title='bbox 2645 2511 2905 2573; x_wconf 72' lang='grc' dir='ltr'>ἀνείδεον,</span> <span class='ocrx_word' id='word_1_374' title='bbox 2932 2509 3127 2574; x_wconf 70' lang='grc' dir='ltr'>ἀΐδιον,</span> <span class='ocrx_word' id='word_1_375' title='bbox 3146 2508 3412 2577; x_wconf 81' lang='grc' dir='ltr'>ἄπειρον,</span> <span class='ocrx_word' id='word_1_376' title='bbox 3448 2508 3552 2559; x_wconf 70' lang='grc' dir='ltr'><strong>καὶ</strong></span> <span class='ocrx_word' id='word_1_377' title='bbox 3587 2505 3738 2575; x_wconf 82' lang='grc' dir='ltr'>ἀόρι-</span> 
     </span>
    </p>
   </div>
   <div class='ocr_carea' id='block_1_53' title="bbox 2113 2596 3738 2676">
    <p class='ocr_par' dir='ltr' id='par_1_53' title="bbox 2113 2596 3738 2676">
     <span class='ocr_line' id='line_1_53' title="bbox 2113 2596 3738 2676; baseline -0.007 -14"><span class='ocrx_word' id='word_1_378' title='bbox 2113 2625 2259 2670; x_wconf 88' lang='grc' dir='ltr'>στον,</span> <span class='ocrx_word' id='word_1_379' title='bbox 2288 2609 2344 2661; x_wconf 87' lang='grc' dir='ltr'><strong>ἐν</strong></span> <span class='ocrx_word' id='word_1_380' title='bbox 2375 2606 2581 2676; x_wconf 75' lang='grc' dir='ltr'>θεωρία</span> <span class='ocrx_word' id='word_1_381' title='bbox 2608 2605 2702 2658; x_wconf 72' lang='grc' dir='ltr'><strong>καὶ</strong></span> <span class='ocrx_word' id='word_1_382' title='bbox 2737 2603 2962 2675; x_wconf 75' lang='grc' dir='ltr'>βοηθείᾳ</span> <span class='ocrx_word' id='word_1_383' title='bbox 2984 2601 3079 2656; x_wconf 89' lang='grc' dir='ltr'><strong>τοῦ</strong></span> <span class='ocrx_word' id='word_1_384' title='bbox 3104 2600 3280 2670; x_wconf 83' lang='grc' dir='ltr'>Λόγου</span> <span class='ocrx_word' id='word_1_385' title='bbox 3314 2617 3386 2653; x_wconf 82' lang='grc' dir='ltr'>τε</span> <span class='ocrx_word' id='word_1_386' title='bbox 3425 2599 3532 2654; x_wconf 72' lang='grc' dir='ltr'><strong>καὶ</strong></span> <span class='ocrx_word' id='word_1_387' title='bbox 3562 2596 3738 2652; x_wconf 83' lang='grc' dir='ltr'>Πνεῦ-</span> 
     </span>
    </p>
   </div>
   <div class='ocr_carea' id='block_1_54' title="bbox 2115 2717 2310 2771">
    <p class='ocr_par' dir='ltr' id='par_1_54' title="bbox 2115 2717 2310 2771">
     <span class='ocr_line' id='line_1_54' title="bbox 2115 2717 2310 2771; baseline -0.015 -17"><span class='ocrx_word' id='word_1_388' title='bbox 2115 2717 2310 2771; x_wconf 84' lang='grc' dir='ltr'>ματος.</span> 
     </span>
    </p>
   </div>
   <div class='ocr_carea' id='block_1_55' title="bbox 2187 2778 3738 2864">
    <p class='ocr_par' dir='ltr' id='par_1_55' title="bbox 2187 2778 3738 2864">
     <span class='ocr_line' id='line_1_55' title="bbox 2187 2778 3738 2864; baseline -0.008 -20"><span class='ocrx_word' id='word_1_389' title='bbox 2187 2792 2292 2844; x_wconf 80' lang='grc' dir='ltr'>πδ’.</span> <span class='ocrx_word' id='word_1_390' title='bbox 2338 2788 2609 2859; x_wconf 80' lang='grc' dir='ltr'>Ὀπηνίκα</span> <span class='ocrx_word' id='word_1_391' title='bbox 2654 2789 2774 2849; x_wconf 87' lang='grc' dir='ltr'>ταῖς</span> <span class='ocrx_word' id='word_1_392' title='bbox 2811 2784 3015 2848; x_wconf 81' lang='grc' dir='ltr'>εὐθέσι,</span> <span class='ocrx_word' id='word_1_393' title='bbox 3068 2783 3163 2838; x_wconf 77' lang='grc' dir='ltr'><strong>καὶ</strong></span> <span class='ocrx_word' id='word_1_394' title='bbox 3196 2781 3508 2864; x_wconf 81' lang='grc' dir='ltr'>ἁπλοῖκαῖς</span> <span class='ocrx_word' id='word_1_395' title='bbox 3555 2778 3738 2832; x_wconf 84' lang='grc' dir='ltr'>διαθέ-</span> 
     </span>
    </p>
   </div>
   <div class='ocr_carea' id='block_1_56' title="bbox 2117 2874 3738 2952">
    <p class='ocr_par' dir='ltr' id='par_1_56' title="bbox 2117 2874 3738 2952">
     <span class='ocr_line' id='line_1_56' title="bbox 2117 2874 3738 2952; baseline -0.01 -14"><span class='ocrx_word' id='word_1_396' title='bbox 2117 2902 2236 2938; x_wconf 86' lang='grc' dir='ltr'>σεσι</span> <span class='ocrx_word' id='word_1_397' title='bbox 2262 2883 2362 2952; x_wconf 85' lang='grc' dir='ltr'>τῆς</span> <span class='ocrx_word' id='word_1_398' title='bbox 2395 2881 2576 2952; x_wconf 73' lang='grc' dir='ltr'>ψυχῆς</span> <span class='ocrx_word' id='word_1_399' title='bbox 2605 2879 2696 2934; x_wconf 77' lang='grc' dir='ltr'><strong>τὸν</strong></span> <span class='ocrx_word' id='word_1_400' title='bbox 2727 2879 2869 2932; x_wconf 86' lang='grc' dir='ltr'><strong>κατὰ</strong></span> <span class='ocrx_word' id='word_1_401' title='bbox 2891 2879 2989 2942; x_wconf 79' lang='grc' dir='ltr'><strong>τὰς</strong></span> <span class='ocrx_word' id='word_1_402' title='bbox 3025 2876 3228 2947; x_wconf 82' lang='grc' dir='ltr'>ἀρετὰς</span> <span class='ocrx_word' id='word_1_403' title='bbox 3256 2876 3479 2945; x_wconf 81' lang='grc' dir='ltr'>δρόμον</span> <span class='ocrx_word' id='word_1_404' title='bbox 3509 2874 3583 2928; x_wconf 85' lang='grc' dir='ltr'>δι’</span> <span class='ocrx_word' id='word_1_405' title='bbox 3607 2875 3738 2942; x_wconf 80' lang='grc' dir='ltr'>ἁρε-</span> 
     </span>
    </p>
   </div>
   <div class='ocr_carea' id='block_1_57' title="bbox 2114 2963 3737 3046">
    <p class='ocr_par' dir='ltr' id='par_1_57' title="bbox 2114 2963 3737 3046">
     <span class='ocr_line' id='line_1_57' title="bbox 2114 2963 3737 3046; baseline -0.009 -16"><span class='ocrx_word' id='word_1_406' title='bbox 2114 2975 2222 3030; x_wconf 89' lang='grc' dir='ltr'><strong>τῶν</strong></span> <span class='ocrx_word' id='word_1_407' title='bbox 2270 2974 2414 3046; x_wconf 87' lang='grc' dir='ltr'><strong>μετὰ</strong></span> <span class='ocrx_word' id='word_1_408' title='bbox 2462 2972 2814 3044; x_wconf 82' lang='grc' dir='ltr'>φρονήματος</span> <span class='ocrx_word' id='word_1_409' title='bbox 2864 2965 3127 3023; x_wconf 39' lang='grc' dir='ltr'>’ταπεινοῦ</span> <span class='ocrx_word' id='word_1_410' title='bbox 3183 2969 3240 3021; x_wconf 84' lang='grc' dir='ltr'><strong>ἐν</strong></span> <span class='ocrx_word' id='word_1_411' title='bbox 3313 2967 3587 3037; x_wconf 79' lang='grc' dir='ltr'>ὑπομονῇ</span> <span class='ocrx_word' id='word_1_412' title='bbox 3641 2963 3737 3017; x_wconf 75' lang='grc' dir='ltr'><strong>καὶ</strong></span> 
     </span>
    </p>
   </div>
   <div class='ocr_carea' id='block_1_58' title="bbox 2115 3045 3733 3136">
    <p class='ocr_par' dir='ltr' id='par_1_58' title="bbox 2115 3045 3733 3136">
     <span class='ocr_line' id='line_1_58' title="bbox 2115 3045 3733 3136; baseline -0.007 -14"><span class='ocrx_word' id='word_1_413' title='bbox 2115 3067 2294 3122; x_wconf 83' lang='grc' dir='ltr'>ἐλπίδι</span> <span class='ocrx_word' id='word_1_414' title='bbox 2332 3067 2398 3136; x_wconf 82' lang='grc' dir='ltr'>τῇ</span> <span class='ocrx_word' id='word_1_415' title='bbox 2448 3063 2536 3117; x_wconf 72' lang='grc' dir='ltr'>διὰ</span> <span class='ocrx_word' id='word_1_416' title='bbox 2571 3063 2810 3124; x_wconf 84' lang='grc' dir='ltr'>πίστεως</span> <span class='ocrx_word' id='word_1_417' title='bbox 2847 3045 3160 3122; x_wconf 78' lang='grc' dir='ltr'>διανύόντος</span> <span class='ocrx_word' id='word_1_418' title='bbox 3187 3059 3282 3112; x_wconf 90' lang='grc' dir='ltr'><strong>τοῦ</strong></span> <span class='ocrx_word' id='word_1_419' title='bbox 3316 3060 3666 3130; x_wconf 83' lang='grc' dir='ltr'>ἀνθρώπου,</span> <span class='ocrx_word' id='word_1_420' title='bbox 3700 3057 3733 3126; x_wconf 78' lang='grc' dir='ltr'><strong>ἡ</strong></span> 
     </span>
    </p>
   </div>
   <div class='ocr_carea' id='block_1_59' title="bbox 2117 3147 3736 3223">
    <p class='ocr_par' dir='ltr' id='par_1_59' title="bbox 2117 3147 3736 3223">
     <span class='ocr_line' id='line_1_59' title="bbox 2117 3147 3736 3223; baseline -0.007 -12"><span class='ocrx_word' id='word_1_421' title='bbox 2117 3155 2386 3223; x_wconf 77' lang='grc' dir='ltr'>ζωοποιὸς</span> <span class='ocrx_word' id='word_1_422' title='bbox 2414 3154 2507 3209; x_wconf 62' lang='grc' dir='ltr'><strong>καὶ⁸</strong></span> <span class='ocrx_word' id='word_1_423' title='bbox 2545 3152 2829 3215; x_wconf 78' lang='grc' dir='ltr'>ἁείόλυτος</span> <span class='ocrx_word' id='word_1_424' title='bbox 2871 3149 2966 3204; x_wconf 89' lang='grc' dir='ltr'><strong>τοῦ</strong></span> <span class='ocrx_word' id='word_1_425' title='bbox 3001 3151 3162 3218; x_wconf 83' lang='grc' dir='ltr'>ἁγίου</span> <span class='ocrx_word' id='word_1_426' title='bbox 3199 3149 3540 3219; x_wconf 55' lang='grc' dir='ltr'>Πλνεύματος</span> <span class='ocrx_word' id='word_1_427' title='bbox 3575 3147 3736 3202; x_wconf 78' lang='grc' dir='ltr'>δύνα-</span> 
     </span>
    </p>
   </div>
   <div class='ocr_carea' id='block_1_60' title="bbox 426 3231 2019 3338">
    <p class='ocr_par' dir='ltr' id='par_1_60' title="bbox 426 3252 2016 3326">
     <span class='ocr_line' id='line_1_60' title="bbox 426 3252 2016 3326; baseline 0.004 -23"><span class='ocrx_word' id='word_1_428' title='bbox 426 3263 595 3315; x_wconf 72' lang='lat' dir='ltr'><strong>uztns,</strong></span> <span class='ocrx_word' id='word_1_429' title='bbox 644 3265 977 3321; x_wconf 79' lang='lat' dir='ltr'><strong>movensque</strong></span> <span class='ocrx_word' id='word_1_430' title='bbox 1007 3252 1302 3308; x_wconf 80' lang='lat' dir='ltr'><strong>manifeste</strong></span> <span class='ocrx_word' id='word_1_431' title='bbox 1326 3262 1380 3308; x_wconf 85' lang='lat' dir='ltr'><strong>et</strong></span> <span class='ocrx_word' id='word_1_432' title='bbox 1410 3255 1658 3310; x_wconf 79' lang='lat' dir='ltr'><strong>excitans</strong></span> <span class='ocrx_word' id='word_1_433' title='bbox 1687 3255 1754 3311; x_wconf 90' lang='lat' dir='ltr'><strong>ad</strong></span> <span class='ocrx_word' id='word_1_434' title='bbox 1777 3256 2016 3326; x_wconf 86' lang='lat' dir='ltr'><strong>seipsam</strong></span> 
     </span>
    </p>
   </div>
   <div class='ocr_carea' id='block_1_61' title="bbox 2113 3231 3729 3338">
    <p class='ocr_par' dir='ltr' id='par_1_61' title="bbox 2116 3254 3729 3338">
     <span class='ocr_line' id='line_1_61' title="bbox 2116 3254 3729 3338; baseline -0.009 -19"><span class='ocrx_word' id='word_1_435' title='bbox 2116 3282 2210 3338; x_wconf 89' lang='grc' dir='ltr'><strong>μις</strong></span> <span class='ocrx_word' id='word_1_436' title='bbox 2243 3263 2340 3319; x_wconf 74' lang='grc' dir='ltr'>καὶ</span> <span class='ocrx_word' id='word_1_437' title='bbox 2368 3262 2627 3334; x_wconf 84' lang='grc' dir='ltr'>ἐνέργεια</span> <span class='ocrx_word' id='word_1_438' title='bbox 2659 3261 2728 3332; x_wconf 72' lang='grc' dir='ltr'>τῇ</span> <span class='ocrx_word' id='word_1_439' title='bbox 2761 3257 2964 3329; x_wconf 79' lang='grc' dir='ltr'>καρδίᾳ</span> <span class='ocrx_word' id='word_1_440' title='bbox 2997 3256 3348 3327; x_wconf 85' lang='grc' dir='ltr'>ἐπιδημήσει,</span> <span class='ocrx_word' id='word_1_441' title='bbox 3402 3254 3729 3325; x_wconf 74' lang='grc' dir='ltr'>φωτίζουσα</span> 
     </span>
    </p>
   </div>
   <div class='ocr_carea' id='block_1_62' title="bbox 427 3344 2019 3420">
    <p class='ocr_par' dir='ltr' id='par_1_62' title="bbox 427 3344 2019 3420">
     <span class='ocr_line' id='line_1_62' title="bbox 427 3344 2019 3420; baseline 0.003 -20"><span class='ocrx_word' id='word_1_442' title='bbox 427 3344 628 3400; x_wconf 76' lang='lat' dir='ltr'><strong>invitat</strong></span> <span class='ocrx_word' id='word_1_443' title='bbox 683 3357 944 3412; x_wconf 83' lang='lat' dir='ltr'><strong>mentem,</strong></span> <span class='ocrx_word' id='word_1_444' title='bbox 1003 3348 1129 3417; x_wconf 89' lang='lat' dir='ltr'><strong>quia</strong></span> <span class='ocrx_word' id='word_1_445' title='bbox 1161 3346 1344 3402; x_wconf 89' lang='lat' dir='ltr'><strong>statim</strong></span> <span class='ocrx_word' id='word_1_446' title='bbox 1395 3357 1449 3403; x_wconf 89' lang='lat' dir='ltr'><strong>et</strong></span> <span class='ocrx_word' id='word_1_447' title='bbox 1496 3348 1852 3405; x_wconf 83' lang='lat' dir='ltr'><strong>ineﬂ‘abiliter</strong></span> <span class='ocrx_word' id='word_1_448' title='bbox 1913 3349 2019 3420; x_wconf 82' lang='lat' dir='ltr'><strong>ipsi</strong></span> 
     </span>
    </p>
   </div>
   <div class='ocr_carea' id='block_1_63' title="bbox 429 3438 2026 3512">
    <p class='ocr_par' dir='ltr' id='par_1_63' title="bbox 429 3438 2026 3512">
     <span class='ocr_line' id='line_1_63' title="bbox 429 3438 2026 3512; baseline 0.003 -19"><span class='ocrx_word' id='word_1_449' title='bbox 429 3438 643 3503; x_wconf 48' lang='lat' dir='ltr'><strong>iunitur,</strong></span> <span class='ocrx_word' id='word_1_450' title='bbox 674 3438 750 3493; x_wconf 91' lang='lat' dir='ltr'><strong>ita</strong></span> <span class='ocrx_word' id='word_1_451' title='bbox 783 3447 861 3507; x_wconf 73' lang='lat' dir='ltr'><strong>ut‘;</strong></span> <span class='ocrx_word' id='word_1_452' title='bbox 901 3455 1089 3494; x_wconf 88' lang='lat' dir='ltr'><strong>revera</strong></span> <span class='ocrx_word' id='word_1_453' title='bbox 1125 3455 1280 3496; x_wconf 86' lang='lat' dir='ltr'><strong>mens</strong></span> <span class='ocrx_word' id='word_1_454' title='bbox 1323 3451 1379 3496; x_wconf 91' lang='lat' dir='ltr'><strong>et</strong></span> <span class='ocrx_word' id='word_1_455' title='bbox 1421 3443 1595 3512; x_wconf 84' lang='lat' dir='ltr'><strong>gratia</strong></span> <span class='ocrx_word' id='word_1_456' title='bbox 1641 3441 2026 3498; x_wconf 64' lang='lat' dir='ltr'><strong>indubitanter.</strong></span> 
     </span>
    </p>
   </div>
   <div class='ocr_carea' id='block_1_64' title="bbox 429 3531 2026 3606">
    <p class='ocr_par' dir='ltr' id='par_1_64' title="bbox 429 3531 2026 3606">
     <span class='ocr_line' id='line_1_64' title="bbox 429 3531 2026 3606; baseline 0.006 -23"><span class='ocrx_word' id='word_1_457' title='bbox 429 3539 569 3586; x_wconf 85' lang='lat' dir='ltr'><strong>tunc</strong></span> <span class='ocrx_word' id='word_1_458' title='bbox 617 3545 760 3588; x_wconf 83' lang='lat' dir='ltr'><strong>unus</strong></span> <span class='ocrx_word' id='word_1_459' title='bbox 797 3531 1025 3602; x_wconf 86' lang='lat' dir='ltr'><strong>spiritus</strong></span> <span class='ocrx_word' id='word_1_460' title='bbox 1067 3535 1219 3598; x_wconf 77' lang='lat' dir='ltr'><strong>nam.</strong></span> <span class='ocrx_word' id='word_1_461' title='bbox 1268 3545 1396 3592; x_wconf 86' lang='lat' dir='ltr'><strong>tunc</strong></span> <span class='ocrx_word' id='word_1_462' title='bbox 1451 3551 1586 3592; x_wconf 86' lang='lat' dir='ltr'><strong>sane</strong></span> <span class='ocrx_word' id='word_1_463' title='bbox 1625 3551 1783 3592; x_wconf 78' lang='lat' dir='ltr'><strong>mens</strong></span> <span class='ocrx_word' id='word_1_464' title='bbox 1831 3547 2026 3606; x_wconf 85' lang='lat' dir='ltr'><strong>sponte</strong></span> 
     </span>
    </p>
   </div>
   <div class='ocr_carea' id='block_1_65' title="bbox 435 3629 2023 3704">
    <p class='ocr_par' dir='ltr' id='par_1_65' title="bbox 435 3629 2023 3704">
     <span class='ocr_line' id='line_1_65' title="bbox 435 3629 2023 3704; baseline 0.004 -23"><span class='ocrx_word' id='word_1_465' title='bbox 435 3629 586 3686; x_wconf 69' lang='lat' dir='ltr'><strong>venit</strong></span> <span class='ocrx_word' id='word_1_466' title='bbox 631 3631 818 3700; x_wconf 76' lang='lat' dir='ltr'><strong>gratiae</strong></span> <span class='ocrx_word' id='word_1_467' title='bbox 871 3631 1076 3686; x_wconf 85' lang='lat' dir='ltr'><strong>auxilio</strong></span> <span class='ocrx_word' id='word_1_468' title='bbox 1131 3633 1314 3704; x_wconf 84' lang='lat' dir='ltr'><strong>adjuta</strong></span> <span class='ocrx_word' id='word_1_469' title='bbox 1353 3633 1421 3690; x_wconf 88' lang='lat' dir='ltr'><strong>ad</strong></span> <span class='ocrx_word' id='word_1_470' title='bbox 1477 3633 2023 3704; x_wconf 83' lang='lat' dir='ltr'><strong>contemplationem,</strong></span> 
     </span>
    </p>
   </div>
   <div class='ocr_carea' id='block_1_66' title="bbox 429 3724 2026 3800">
    <p class='ocr_par' dir='ltr' id='par_1_66' title="bbox 429 3724 2026 3800">
     <span class='ocr_line' id='line_1_66' title="bbox 429 3724 2026 3800; baseline 0.004 -22"><span class='ocrx_word' id='word_1_471' title='bbox 429 3733 688 3780; x_wconf 86' lang='lat' dir='ltr'><strong>cessante</strong></span> <span class='ocrx_word' id='word_1_472' title='bbox 717 3724 1062 3781; x_wconf 77' lang='lat' dir='ltr'><strong>iueﬂ‘abiliter</strong></span> <span class='ocrx_word' id='word_1_473' title='bbox 1082 3726 1203 3797; x_wconf 87' lang='lat' dir='ltr'><strong>ejus</strong></span> <span class='ocrx_word' id='word_1_474' title='bbox 1232 3742 1422 3783; x_wconf 90' lang='lat' dir='ltr'><strong>errore</strong></span> <span class='ocrx_word' id='word_1_475' title='bbox 1445 3737 1496 3783; x_wconf 90' lang='lat' dir='ltr'><strong>el</strong></span> <span class='ocrx_word' id='word_1_476' title='bbox 1533 3730 1821 3800; x_wconf 78' lang='lat' dir='ltr'><strong>vagatione</strong></span> <span class='ocrx_word' id='word_1_477' title='bbox 1851 3729 2026 3784; x_wconf 87' lang='lat' dir='ltr'><strong>sancti</strong></span> 
     </span>
    </p>
   </div>
   <div class='ocr_carea' id='block_1_67' title="bbox 434 3813 2029 3886">
    <p class='ocr_par' dir='ltr' id='par_1_67' title="bbox 434 3813 2029 3886">
     <span class='ocr_line' id='line_1_67' title="bbox 434 3813 2029 3886; baseline -0.001 -16"><span class='ocrx_word' id='word_1_478' title='bbox 434 3832 498 3870; x_wconf 90' lang='lat' dir='ltr'><strong>ac</strong></span> <span class='ocrx_word' id='word_1_479' title='bbox 533 3814 858 3870; x_wconf 80' lang='lat' dir='ltr'><strong>viviﬁcautis</strong></span> <span class='ocrx_word' id='word_1_480' title='bbox 889 3813 1125 3886; x_wconf 86' lang='lat' dir='ltr'><strong>Spiritus</strong></span> <span class='ocrx_word' id='word_1_481' title='bbox 1157 3816 1359 3873; x_wconf 90' lang='lat' dir='ltr'><strong>virtute</strong></span> <span class='ocrx_word' id='word_1_482' title='bbox 1393 3826 1448 3873; x_wconf 90' lang='lat' dir='ltr'><strong>et</strong></span> <span class='ocrx_word' id='word_1_483' title='bbox 1496 3815 1924 3878; x_wconf 83' lang='lat' dir='ltr'><strong>itluminatione,</strong></span> <span class='ocrx_word' id='word_1_484' title='bbox 1972 3829 2029 3870; x_wconf 89' lang='lat' dir='ltr'><strong>et</strong></span> 
     </span>
    </p>
   </div>
   <div class='ocr_carea' id='block_1_68' title="bbox 435 3908 2032 3983">
    <p class='ocr_par' dir='ltr' id='par_1_68' title="bbox 435 3908 2032 3983">
     <span class='ocr_line' id='line_1_68' title="bbox 435 3908 2032 3983; baseline -0.001 -18"><span class='ocrx_word' id='word_1_485' title='bbox 435 3909 493 3965; x_wconf 92' lang='lat' dir='ltr'><strong>in</strong></span> <span class='ocrx_word' id='word_1_486' title='bbox 518 3908 888 3980; x_wconf 87' lang='lat' dir='ltr'><strong>spiritualium</strong></span> <span class='ocrx_word' id='word_1_487' title='bbox 926 3911 1016 3967; x_wconf 89' lang='lat' dir='ltr'><strong>Dei</strong></span> <span class='ocrx_word' id='word_1_488' title='bbox 1042 3913 1425 3983; x_wconf 87' lang='lat' dir='ltr'><strong>mysteriorum</strong></span> <span class='ocrx_word' id='word_1_489' title='bbox 1452 3910 1843 3966; x_wconf 86' lang='lat' dir='ltr'><strong>revelationem</strong></span> <span class='ocrx_word' id='word_1_490' title='bbox 1879 3908 2032 3965; x_wconf 81' lang='lat' dir='ltr'><strong>festi-</strong></span> 
     </span>
    </p>
   </div>
   <div class='ocr_carea' id='block_1_69' title="bbox 443 4005 2032 4076">
    <p class='ocr_par' dir='ltr' id='par_1_69' title="bbox 443 4005 2032 4076">
     <span class='ocr_line' id='line_1_69' title="bbox 443 4005 2032 4076; baseline 0 -18"><span class='ocrx_word' id='word_1_491' title='bbox 443 4012 558 4068; x_wconf 88' lang='lat' dir='ltr'><strong>nat,</strong></span> <span class='ocrx_word' id='word_1_492' title='bbox 576 4015 631 4060; x_wconf 88' lang='lat' dir='ltr'><strong>et</strong></span> <span class='ocrx_word' id='word_1_493' title='bbox 651 4006 968 4061; x_wconf 90' lang='lat' dir='ltr'><strong>omnimodo</strong></span> <span class='ocrx_word' id='word_1_494' title='bbox 985 4006 1331 4076; x_wconf 79' lang='lat' dir='ltr'><strong>paeiiieoque</strong></span> <span class='ocrx_word' id='word_1_495' title='bbox 1347 4005 1588 4072; x_wconf 89' lang='lat' dir='ltr'><strong>silentio,</strong></span> <span class='ocrx_word' id='word_1_496' title='bbox 1607 4006 1831 4075; x_wconf 90' lang='lat' dir='ltr'><strong>proprio</strong></span> <span class='ocrx_word' id='word_1_497' title='bbox 1854 4023 1917 4060; x_wconf 86' lang='lat' dir='ltr'><strong>ac</strong></span> <span class='ocrx_word' id='word_1_498' title='bbox 1938 4022 2032 4060; x_wconf 86' lang='lat' dir='ltr'><strong>na-</strong></span> 
     </span>
    </p>
   </div>
   <div class='ocr_carea' id='block_1_70' title="bbox 437 4087 2035 4169">
    <p class='ocr_par' dir='ltr' id='par_1_70' title="bbox 437 4087 2035 4169">
     <span class='ocr_line' id='line_1_70' title="bbox 437 4087 2035 4169; baseline 0.002 -17"><span class='ocrx_word' id='word_1_499' title='bbox 437 4087 602 4154; x_wconf 84' lang='lat' dir='ltr'><strong>turali</strong></span> <span class='ocrx_word' id='word_1_500' title='bbox 621 4108 846 4168; x_wconf 90' lang='lat' dir='ltr'><strong>aspectu</strong></span> <span class='ocrx_word' id='word_1_501' title='bbox 874 4100 926 4153; x_wconf 92' lang='lat' dir='ltr'><strong>in</strong></span> <span class='ocrx_word' id='word_1_502' title='bbox 949 4098 1393 4169; x_wconf 77' lang='lat' dir='ltr'><strong>supernaturalia</strong></span> <span class='ocrx_word' id='word_1_503' title='bbox 1411 4107 1464 4153; x_wconf 93' lang='lat' dir='ltr'><strong>et</strong></span> <span class='ocrx_word' id='word_1_504' title='bbox 1499 4096 1795 4154; x_wconf 79' lang='lat' dir='ltr'><strong>ineﬂ‘abilia</strong></span> <span class='ocrx_word' id='word_1_505' title='bbox 1815 4097 2035 4154; x_wconf 88' lang='lat' dir='ltr'><strong>incede-</strong></span> 
     </span>
    </p>
   </div>
   <div class='ocr_carea' id='block_1_71' title="bbox 441 4192 2034 4264">
    <p class='ocr_par' dir='ltr' id='par_1_71' title="bbox 441 4192 2034 4264">
     <span class='ocr_line' id='line_1_71' title="bbox 441 4192 2034 4264; baseline 0.003 -18"><span class='ocrx_word' id='word_1_506' title='bbox 441 4207 501 4247; x_wconf 86' lang='lat' dir='ltr'><strong>re</strong></span> <span class='ocrx_word' id='word_1_507' title='bbox 529 4202 724 4259; x_wconf 89' lang='lat' dir='ltr'><strong>tentat,</strong></span> <span class='ocrx_word' id='word_1_508' title='bbox 741 4203 794 4248; x_wconf 88' lang='lat' dir='ltr'><strong>et</strong></span> <span class='ocrx_word' id='word_1_509' title='bbox 819 4196 982 4249; x_wconf 87' lang='lat' dir='ltr'><strong>tacite</strong></span> <span class='ocrx_word' id='word_1_510' title='bbox 1006 4194 1178 4264; x_wconf 78' lang='lat' dir='ltr'><strong>magis</strong></span> <span class='ocrx_word' id='word_1_511' title='bbox 1198 4192 1396 4259; x_wconf 88' lang='lat' dir='ltr'><strong>Deum,</strong></span> <span class='ocrx_word' id='word_1_512' title='bbox 1416 4203 1475 4248; x_wconf 92' lang='lat' dir='ltr'><strong>ut</strong></span> <span class='ocrx_word' id='word_1_513' title='bbox 1504 4193 1618 4249; x_wconf 81' lang='lat' dir='ltr'><strong>ﬁeri</strong></span> <span class='ocrx_word' id='word_1_514' title='bbox 1638 4202 1833 4264; x_wconf 75' lang='lat' dir='ltr'><strong>potest,</strong></span> <span class='ocrx_word' id='word_1_515' title='bbox 1849 4192 2034 4250; x_wconf 86' lang='lat' dir='ltr'><strong>videre</strong></span> 
     </span>
    </p>
   </div>
   <div class='ocr_carea' id='block_1_72' title="bbox 443 4287 2025 4354">
    <p class='ocr_par' dir='ltr' id='par_1_72' title="bbox 443 4287 2025 4354">
     <span class='ocr_line' id='line_1_72' title="bbox 443 4287 2025 4354; baseline 0 -12"><span class='ocrx_word' id='word_1_516' title='bbox 443 4297 680 4342; x_wconf 83' lang='lat' dir='ltr'><strong>conatur</strong></span> <span class='ocrx_word' id='word_1_517' title='bbox 699 4303 825 4342; x_wconf 91' lang='lat' dir='ltr'><strong>cum</strong></span> <span class='ocrx_word' id='word_1_518' title='bbox 844 4287 1161 4343; x_wconf 84' lang='lat' dir='ltr'><strong>divinorum</strong></span> <span class='ocrx_word' id='word_1_519' title='bbox 1182 4290 1332 4343; x_wconf 84' lang='lat' dir='ltr'><strong>scieu</strong></span> <span class='ocrx_word' id='word_1_520' title='bbox 1346 4287 1440 4354; x_wconf 83' lang='lat' dir='ltr'><strong>tia,</strong></span> <span class='ocrx_word' id='word_1_521' title='bbox 1455 4304 1519 4344; x_wconf 86' lang='lat' dir='ltr'><strong>ex</strong></span> <span class='ocrx_word' id='word_1_522' title='bbox 1540 4287 1718 4346; x_wconf 85' lang='lat' dir='ltr'><strong>sacris</strong></span> <span class='ocrx_word' id='word_1_523' title='bbox 1737 4287 2025 4346; x_wconf 77' lang='lat' dir='ltr'><strong>Lectioni-</strong></span> 
     </span>
    </p>
   </div>
   <div class='ocr_carea' id='block_1_73' title="bbox 443 4382 2029 4454">
    <p class='ocr_par' dir='ltr' id='par_1_73' title="bbox 443 4382 2029 4454">
     <span class='ocr_line' id='line_1_73' title="bbox 443 4382 2029 4454; baseline 0.002 -19"><span class='ocrx_word' id='word_1_524' title='bbox 443 4382 549 4438; x_wconf 88' lang='lat' dir='ltr'><strong>bus</strong></span> <span class='ocrx_word' id='word_1_525' title='bbox 579 4382 806 4448; x_wconf 88' lang='lat' dir='ltr'><strong>hausta,</strong></span> <span class='ocrx_word' id='word_1_526' title='bbox 827 4393 1034 4453; x_wconf 86' lang='lat' dir='ltr'><strong>quanto</strong></span> <span class='ocrx_word' id='word_1_527' title='bbox 1054 4383 1251 4451; x_wconf 80' lang='lat' dir='ltr'><strong>magis,</strong></span> <span class='ocrx_word' id='word_1_528' title='bbox 1277 4383 1515 4452; x_wconf 86' lang='lat' dir='ltr'><strong>seipsatn</strong></span> <span class='ocrx_word' id='word_1_529' title='bbox 1542 4383 1822 4454; x_wconf 87' lang='lat' dir='ltr'><strong>reliquerit</strong></span> <span class='ocrx_word' id='word_1_530' title='bbox 1854 4384 2029 4438; x_wconf 84' lang='lat' dir='ltr'><strong>humi-</strong></span> 
     </span>
    </p>
   </div>
   <div class='ocr_carea' id='block_1_74' title="bbox 446 4473 2036 4547">
    <p class='ocr_par' dir='ltr' id='par_1_74' title="bbox 446 4473 2036 4547">
     <span class='ocr_line' id='line_1_74' title="bbox 446 4473 2036 4547; baseline 0 -16"><span class='ocrx_word' id='word_1_531' title='bbox 446 4478 580 4532; x_wconf 86' lang='lat' dir='ltr'><strong>liata</strong></span> <span class='ocrx_word' id='word_1_532' title='bbox 620 4483 676 4529; x_wconf 89' lang='lat' dir='ltr'><strong>et</strong></span> <span class='ocrx_word' id='word_1_533' title='bbox 699 4490 889 4541; x_wconf 90' lang='lat' dir='ltr'><strong>orans,</strong></span> <span class='ocrx_word' id='word_1_534' title='bbox 936 4484 1131 4530; x_wconf 87' lang='lat' dir='ltr'><strong>sancto</strong></span> <span class='ocrx_word' id='word_1_535' title='bbox 1169 4474 1262 4531; x_wconf 91' lang='lat' dir='ltr'><strong>Dei</strong></span> <span class='ocrx_word' id='word_1_536' title='bbox 1297 4473 1507 4545; x_wconf 87' lang='lat' dir='ltr'><strong>Spiritu</strong></span> <span class='ocrx_word' id='word_1_537' title='bbox 1557 4485 1724 4531; x_wconf 89' lang='lat' dir='ltr'><strong>mota.</strong></span> <span class='ocrx_word' id='word_1_538' title='bbox 1755 4475 1909 4533; x_wconf 89' lang='lat' dir='ltr'><strong>Tunc</strong></span> <span class='ocrx_word' id='word_1_539' title='bbox 1936 4479 2036 4547; x_wconf 72' lang='lat' dir='ltr'><strong>igi-</strong></span> 
     </span>
    </p>
   </div>
   <div class='ocr_carea' id='block_1_75' title="bbox 2111 3350 3729 3430">
    <p class='ocr_par' dir='ltr' id='par_1_75' title="bbox 2111 3350 3729 3430">
     <span class='ocr_line' id='line_1_75' title="bbox 2111 3350 3729 3430; baseline -0.009 -18"><span class='ocrx_word' id='word_1_540' title='bbox 2111 3353 2452 3430; x_wconf 84' lang='grc' dir='ltr'>γιγνομένως</span> <span class='ocrx_word' id='word_1_541' title='bbox 2478 3354 2739 3426; x_wconf 86' lang='grc' dir='ltr'>δυνάμεις</span> <span class='ocrx_word' id='word_1_542' title='bbox 2764 3352 2863 3416; x_wconf 80' lang='grc' dir='ltr'>τὰς</span> <span class='ocrx_word' id='word_1_543' title='bbox 2891 3351 3150 3422; x_wconf 77' lang='grc' dir='ltr'>ψυχικὰς,</span> <span class='ocrx_word' id='word_1_544' title='bbox 3175 3350 3515 3419; x_wconf 80' lang='grc' dir='ltr'>πεφυκότως</span> <span class='ocrx_word' id='word_1_545' title='bbox 3545 3363 3729 3401; x_wconf 76' lang='grc' dir='ltr'>κινου-</span> 
     </span>
    </p>
   </div>
   <div class='ocr_carea' id='block_1_76' title="bbox 2115 3439 3726 3526">
    <p class='ocr_par' dir='ltr' id='par_1_76' title="bbox 2115 3439 3726 3526">
     <span class='ocr_line' id='line_1_76' title="bbox 2115 3439 3726 3526; baseline -0.01 -18"><span class='ocrx_word' id='word_1_546' title='bbox 2115 3455 2252 3526; x_wconf 84' lang='grc' dir='ltr'>μένη</span> <span class='ocrx_word' id='word_1_547' title='bbox 2301 3450 2640 3523; x_wconf 83' lang='grc' dir='ltr'>περιφανῶς,</span> <span class='ocrx_word' id='word_1_548' title='bbox 2693 3447 2790 3503; x_wconf 73' lang='grc' dir='ltr'>καὶ</span> <span class='ocrx_word' id='word_1_549' title='bbox 2843 3443 3261 3518; x_wconf 79' lang='grc' dir='ltr'>παρακαλοῦσα,</span> <span class='ocrx_word' id='word_1_550' title='bbox 3323 3445 3474 3513; x_wconf 66' lang='grc' dir='ltr'>πρὸς</span> <span class='ocrx_word' id='word_1_551' title='bbox 3524 3439 3726 3508; x_wconf 69' lang='grc' dir='ltr'>ἐαυτῇν</span> 
     </span>
    </p>
   </div>
   <div class='ocr_carea' id='block_1_77' title="bbox 2116 3532 3725 3619">
    <p class='ocr_par' dir='ltr' id='par_1_77' title="bbox 2116 3532 3725 3619">
     <span class='ocr_line' id='line_1_77' title="bbox 2116 3532 3725 3619; baseline -0.011 -17"><span class='ocrx_word' id='word_1_552' title='bbox 2116 3547 2514 3619; x_wconf 85' lang='grc' dir='ltr'>προσκαλεῖται</span> <span class='ocrx_word' id='word_1_553' title='bbox 2561 3545 2654 3598; x_wconf 80' lang='grc' dir='ltr'><strong>τὸν</strong></span> <span class='ocrx_word' id='word_1_554' title='bbox 2704 3541 2964 3613; x_wconf 77' lang='grc' dir='ltr'>ἐνεργείᾳ</span> <span class='ocrx_word' id='word_1_555' title='bbox 3009 3539 3136 3594; x_wconf 90' lang='grc' dir='ltr'>νοῦν</span> <span class='ocrx_word' id='word_1_556' title='bbox 3187 3539 3268 3591; x_wconf 85' lang='grc' dir='ltr'><strong>ὅτι</strong></span> <span class='ocrx_word' id='word_1_557' title='bbox 3318 3538 3571 3607; x_wconf 81' lang='grc' dir='ltr'>τάχιστα</span> <span class='ocrx_word' id='word_1_558' title='bbox 3630 3532 3725 3587; x_wconf 81' lang='grc' dir='ltr'><strong>καὶ</strong></span> 
     </span>
    </p>
   </div>
   <div class='ocr_carea' id='block_1_78' title="bbox 2115 3623 3725 3712">
    <p class='ocr_par' dir='ltr' id='par_1_78' title="bbox 2115 3623 3725 3712">
     <span class='ocr_line' id='line_1_78' title="bbox 2115 3623 3725 3712; baseline -0.011 -18"><span class='ocrx_word' id='word_1_559' title='bbox 2115 3640 2378 3712; x_wconf 75' lang='grc' dir='ltr'>ἀρρήτως</span> <span class='ocrx_word' id='word_1_560' title='bbox 2406 3635 2622 3690; x_wconf 78' lang='grc' dir='ltr'>ἑνοῦται</span> <span class='ocrx_word' id='word_1_561' title='bbox 2654 3633 2829 3704; x_wconf 80' lang='grc' dir='ltr'>αὐτῷ,</span> <span class='ocrx_word' id='word_1_562' title='bbox 2862 3631 2939 3696; x_wconf 85' lang='grc' dir='ltr'>ὡς</span> <span class='ocrx_word' id='word_1_563' title='bbox 2985 3627 3128 3684; x_wconf 84' lang='grc' dir='ltr'>εἶναι</span> <span class='ocrx_word' id='word_1_564' title='bbox 3157 3629 3235 3699; x_wconf 85' lang='grc' dir='ltr'>τῷ</span> <span class='ocrx_word' id='word_1_565' title='bbox 3277 3628 3391 3682; x_wconf 82' lang='grc' dir='ltr'>ὄντι</span> <span class='ocrx_word' id='word_1_566' title='bbox 3449 3627 3545 3681; x_wconf 79' lang='grc' dir='ltr'><strong>τὸν</strong></span> <span class='ocrx_word' id='word_1_567' title='bbox 3599 3623 3725 3679; x_wconf 88' lang='grc' dir='ltr'>νοῦν</span> 
     </span>
    </p>
   </div>
   <div class='ocr_carea' id='block_1_79' title="bbox 2118 3719 3724 3804">
    <p class='ocr_par' dir='ltr' id='par_1_79' title="bbox 2118 3719 3724 3804">
     <span class='ocr_line' id='line_1_79' title="bbox 2118 3719 3724 3804; baseline -0.011 -17"><span class='ocrx_word' id='word_1_568' title='bbox 2118 3734 2212 3787; x_wconf 67' lang='grc' dir='ltr'><strong>καὶ</strong></span> <span class='ocrx_word' id='word_1_569' title='bbox 2245 3731 2344 3804; x_wconf 81' lang='grc' dir='ltr'>τὴν</span> <span class='ocrx_word' id='word_1_570' title='bbox 2373 3732 2534 3802; x_wconf 85' lang='grc' dir='ltr'>χάριν</span> <span class='ocrx_word' id='word_1_571' title='bbox 2560 3727 2882 3800; x_wconf 83' lang='grc' dir='ltr'>τοτηνικάδε</span> <span class='ocrx_word' id='word_1_572' title='bbox 2918 3725 3338 3796; x_wconf 81' lang='grc' dir='ltr'>ἀναμφιλέκτως</span> <span class='ocrx_word' id='word_1_573' title='bbox 3365 3725 3456 3787; x_wconf 76' lang='grc' dir='ltr'><strong>εἰς</strong></span> <span class='ocrx_word' id='word_1_574' title='bbox 3498 3719 3724 3789; x_wconf 86' lang='grc' dir='ltr'>πνεῦμα</span> 
     </span>
    </p>
   </div>
   <div class='ocr_carea' id='block_1_80' title="bbox 2118 3811 3724 3894">
    <p class='ocr_par' dir='ltr' id='par_1_80' title="bbox 2118 3811 3724 3894">
     <span class='ocr_line' id='line_1_80' title="bbox 2118 3811 3724 3894; baseline -0.011 -14"><span class='ocrx_word' id='word_1_575' title='bbox 2118 3827 2198 3892; x_wconf 76' lang='grc' dir='ltr'>ἓν,</span> <span class='ocrx_word' id='word_1_576' title='bbox 2222 3826 2343 3879; x_wconf 89' lang='grc' dir='ltr'>τότε</span> <span class='ocrx_word' id='word_1_577' title='bbox 2374 3825 2439 3894; x_wconf 84' lang='grc' dir='ltr'>δὴ</span> <span class='ocrx_word' id='word_1_578' title='bbox 2469 3823 2591 3876; x_wconf 87' lang='grc' dir='ltr'>τότε</span> <span class='ocrx_word' id='word_1_579' title='bbox 2621 3825 2650 3876; x_wconf 89' lang='grc' dir='ltr'><strong>ό</strong></span> <span class='ocrx_word' id='word_1_580' title='bbox 2684 3821 2809 3884; x_wconf 87' lang='grc' dir='ltr'>νοῦς</span> <span class='ocrx_word' id='word_1_581' title='bbox 2850 3818 3150 3888; x_wconf 76' lang='grc' dir='ltr'>αὐτόμολος</span> <span class='ocrx_word' id='word_1_582' title='bbox 3183 3817 3307 3888; x_wconf 77' lang='grc' dir='ltr'>ἥκει</span> <span class='ocrx_word' id='word_1_583' title='bbox 3332 3819 3400 3889; x_wconf 81' lang='grc' dir='ltr'>τῇ</span> <span class='ocrx_word' id='word_1_584' title='bbox 3452 3811 3724 3882; x_wconf 79' lang='grc' dir='ltr'>ἐπιπνοίᾳ</span> 
     </span>
    </p>
   </div>
   <div class='ocr_carea' id='block_1_81' title="bbox 2119 3906 3721 3991">
    <p class='ocr_par' dir='ltr' id='par_1_81' title="bbox 2119 3906 3721 3991">
     <span class='ocr_line' id='line_1_81' title="bbox 2119 3906 3721 3991; baseline -0.009 -18"><span class='ocrx_word' id='word_1_585' title='bbox 2119 3921 2215 3991; x_wconf 82' lang='grc' dir='ltr'>τῆς</span> <span class='ocrx_word' id='word_1_586' title='bbox 2241 3919 2466 3989; x_wconf 83' lang='grc' dir='ltr'>χάριτος</span> <span class='ocrx_word' id='word_1_587' title='bbox 2525 3913 2891 3985; x_wconf 85' lang='grc' dir='ltr'>βοηθούμενος</span> <span class='ocrx_word' id='word_1_588' title='bbox 2940 3911 3078 3984; x_wconf 80' lang='grc' dir='ltr'>πρὸς</span> <span class='ocrx_word' id='word_1_589' title='bbox 3117 3909 3179 3964; x_wconf 80' lang='grc' dir='ltr'><strong>τὸ</strong></span> <span class='ocrx_word' id='word_1_590' title='bbox 3225 3909 3480 3980; x_wconf 79' lang='grc' dir='ltr'>Θεωρείν,</span> <span class='ocrx_word' id='word_1_591' title='bbox 3514 3906 3721 3974; x_wconf 85' lang='grc' dir='ltr'>στάσης</span> 
     </span>
    </p>
   </div>
   <div class='ocr_carea' id='block_1_82' title="bbox 2120 4003 3721 4082">
    <p class='ocr_par' dir='ltr' id='par_1_82' title="bbox 2120 4003 3721 4082">
     <span class='ocr_line' id='line_1_82' title="bbox 2120 4003 3721 4082; baseline -0.01 -15"><span class='ocrx_word' id='word_1_592' title='bbox 2120 4013 2362 4082; x_wconf 85' lang='grc' dir='ltr'>δηλονότι</span> <span class='ocrx_word' id='word_1_593' title='bbox 2401 4009 2697 4081; x_wconf 80' lang='grc' dir='ltr'>ἀφράστως</span> <span class='ocrx_word' id='word_1_594' title='bbox 2723 4006 2823 4077; x_wconf 81' lang='grc' dir='ltr'>τῆς</span> <span class='ocrx_word' id='word_1_595' title='bbox 2855 4004 3011 4059; x_wconf 88' lang='grc' dir='ltr'>τοῦδε</span> <span class='ocrx_word' id='word_1_596' title='bbox 3039 4003 3371 4075; x_wconf 79' lang='grc' dir='ltr'>περιφορᾶς,</span> <span class='ocrx_word' id='word_1_597' title='bbox 3416 4003 3519 4055; x_wconf 83' lang='grc' dir='ltr'>καὶ</span> <span class='ocrx_word' id='word_1_598' title='bbox 3560 4014 3721 4068; x_wconf 85' lang='grc' dir='ltr'>περι-</span> 
     </span>
    </p>
   </div>
   <div class='ocr_carea' id='block_1_83' title="bbox 2121 4086 3718 4174">
    <p class='ocr_par' dir='ltr' id='par_1_83' title="bbox 2121 4086 3718 4174">
     <span class='ocr_line' id='line_1_83' title="bbox 2121 4086 3718 4174; baseline -0.01 -15"><span class='ocrx_word' id='word_1_599' title='bbox 2121 4105 2440 4174; x_wconf 75' lang='grc' dir='ltr'>πλανήσεως</span> <span class='ocrx_word' id='word_1_600' title='bbox 2468 4104 2536 4173; x_wconf 81' lang='grc' dir='ltr'>τῇ</span> <span class='ocrx_word' id='word_1_601' title='bbox 2591 4098 2846 4172; x_wconf 78' lang='grc' dir='ltr'>ἐνεργείᾳ</span> <span class='ocrx_word' id='word_1_602' title='bbox 2882 4098 2978 4151; x_wconf 72' lang='grc' dir='ltr'><strong>καὶ</strong></span> <span class='ocrx_word' id='word_1_603' title='bbox 3014 4097 3094 4168; x_wconf 82' lang='grc' dir='ltr'>τῷ</span> <span class='ocrx_word' id='word_1_604' title='bbox 3129 4095 3269 4165; x_wconf 55' lang='grc' dir='ltr'><strong>φωτὶ⁵</strong></span> <span class='ocrx_word' id='word_1_605' title='bbox 3298 4095 3393 4148; x_wconf 85' lang='grc' dir='ltr'><strong>τοῦ</strong></span> <span class='ocrx_word' id='word_1_606' title='bbox 3447 4086 3718 4160; x_wconf 83' lang='grc' dir='ltr'>ζωοποιοῦ</span> 
     </span>
    </p>
   </div>
   <div class='ocr_carea' id='block_1_84' title="bbox 2123 4181 3722 4265">
    <p class='ocr_par' dir='ltr' id='par_1_84' title="bbox 2123 4181 3722 4265">
     <span class='ocr_line' id='line_1_84' title="bbox 2123 4181 3722 4265; baseline -0.011 -14"><span class='ocrx_word' id='word_1_607' title='bbox 2123 4197 2218 4252; x_wconf 75' lang='grc' dir='ltr'><strong>καὶ</strong></span> <span class='ocrx_word' id='word_1_608' title='bbox 2259 4195 2415 4265; x_wconf 82' lang='grc' dir='ltr'>ἁγίου</span> <span class='ocrx_word' id='word_1_609' title='bbox 2464 4193 2808 4264; x_wconf 87' lang='grc' dir='ltr'>Πνεύματος,</span> <span class='ocrx_word' id='word_1_610' title='bbox 2850 4190 2947 4245; x_wconf 77' lang='grc' dir='ltr'>καὶ</span> <span class='ocrx_word' id='word_1_611' title='bbox 2995 4191 3076 4254; x_wconf 83' lang='grc' dir='ltr'>εἰς</span> <span class='ocrx_word' id='word_1_612' title='bbox 3132 4186 3509 4258; x_wconf 72' lang='grc' dir='ltr'>ἀποκαλύψεις</span> <span class='ocrx_word' id='word_1_613' title='bbox 3559 4181 3722 4254; x_wconf 80' lang='grc' dir='ltr'>φοιτᾷ</span> 
     </span>
    </p>
   </div>
   <div class='ocr_carea' id='block_1_85' title="bbox 2127 4272 3718 4358">
    <p class='ocr_par' dir='ltr' id='par_1_85' title="bbox 2127 4272 3718 4358">
     <span class='ocr_line' id='line_1_85' title="bbox 2127 4272 3718 4358; baseline -0.009 -18"><span class='ocrx_word' id='word_1_614' title='bbox 2127 4285 2445 4358; x_wconf 85' lang='grc' dir='ltr'>μυστηρίων</span> <span class='ocrx_word' id='word_1_615' title='bbox 2480 4284 2641 4338; x_wconf 84' lang='grc' dir='ltr'>θείων</span> <span class='ocrx_word' id='word_1_616' title='bbox 2695 4282 2941 4354; x_wconf 80' lang='grc' dir='ltr'>νοητῶν,</span> <span class='ocrx_word' id='word_1_617' title='bbox 2979 4282 3073 4335; x_wconf 75' lang='grc' dir='ltr'>καὶ</span> <span class='ocrx_word' id='word_1_618' title='bbox 3116 4283 3295 4351; x_wconf 86' lang='grc' dir='ltr'>σιωπῇ</span> <span class='ocrx_word' id='word_1_619' title='bbox 3341 4277 3578 4348; x_wconf 76' lang='grc' dir='ltr'>παντοίᾳ</span> <span class='ocrx_word' id='word_1_620' title='bbox 3626 4272 3718 4328; x_wconf 72' lang='grc' dir='ltr'><strong>καὶ</strong></span> 
     </span>
    </p>
   </div>
   <div class='ocr_carea' id='block_1_86' title="bbox 2123 4368 3720 4451">
    <p class='ocr_par' dir='ltr' id='par_1_86' title="bbox 2123 4368 3720 4451">
     <span class='ocr_line' id='line_1_86' title="bbox 2123 4368 3720 4451; baseline -0.014 -12"><span class='ocrx_word' id='word_1_621' title='bbox 2123 4379 2335 4451; x_wconf 82' lang='grc' dir='ltr'>ἡσύχῳ.</span> <span class='ocrx_word' id='word_1_622' title='bbox 2363 4378 2480 4448; x_wconf 86' lang='grc' dir='ltr'>ίδίῳ</span> <span class='ocrx_word' id='word_1_623' title='bbox 2511 4378 2782 4446; x_wconf 83' lang='grc' dir='ltr'>πεφυκότι</span> <span class='ocrx_word' id='word_1_624' title='bbox 2814 4376 3090 4447; x_wconf 83' lang='grc' dir='ltr'>βλέμματι</span> <span class='ocrx_word' id='word_1_625' title='bbox 3118 4373 3446 4444; x_wconf 71' lang='grc' dir='ltr'>ἐμϐατεύειν</span> <span class='ocrx_word' id='word_1_626' title='bbox 3480 4368 3720 4438; x_wconf 71' lang='grc' dir='ltr'><strong>ἐςρικνεί⁶</strong></span> 
     </span>
    </p>
   </div>
   <div class='ocr_carea' id='block_1_87' title="bbox 2126 4458 3712 4541">
    <p class='ocr_par' dir='ltr' id='par_1_87' title="bbox 2126 4458 3712 4541">
     <span class='ocr_line' id='line_1_87' title="bbox 2126 4458 3712 4541; baseline -0.011 -16"><span class='ocrx_word' id='word_1_627' title='bbox 2126 4489 2216 4525; x_wconf 87' lang='grc' dir='ltr'><strong>ται</strong></span> <span class='ocrx_word' id='word_1_628' title='bbox 2246 4468 2586 4541; x_wconf 83' lang='grc' dir='ltr'>ὑπερφυέσιν</span> <span class='ocrx_word' id='word_1_629' title='bbox 2617 4469 2900 4540; x_wconf 77' lang='grc' dir='ltr'>ἀρρήτοις,</span> <span class='ocrx_word' id='word_1_630' title='bbox 2936 4466 3033 4520; x_wconf 76' lang='grc' dir='ltr'><strong>καὶ</strong></span> <span class='ocrx_word' id='word_1_631' title='bbox 3072 4464 3296 4521; x_wconf 81' lang='grc' dir='ltr'>τοσοῦτο</span> <span class='ocrx_word' id='word_1_632' title='bbox 3337 4463 3544 4532; x_wconf 76' lang='grc' dir='ltr'>μᾶλλον</span> <span class='ocrx_word' id='word_1_633' title='bbox 3584 4458 3712 4511; x_wconf 54' lang='lat' dir='ltr'><strong>eam.</strong></span> 
     </span>
    </p>
   </div>
   <div class='ocr_carea' id='block_1_88' title="bbox 446 4544 2019 4640">
    <p class='ocr_par' dir='ltr' id='par_1_88' title="bbox 446 4567 2019 4640">
     <span class='ocr_line' id='line_1_88' title="bbox 446 4567 2019 4640; baseline 0 -18"><span class='ocrx_word' id='word_1_634' title='bbox 446 4578 538 4624; x_wconf 89' lang='lat' dir='ltr'><strong>tur</strong></span> <span class='ocrx_word' id='word_1_635' title='bbox 569 4583 678 4624; x_wconf 90' lang='lat' dir='ltr'><strong>non</strong></span> <span class='ocrx_word' id='word_1_636' title='bbox 710 4576 867 4623; x_wconf 79' lang='lat' dir='ltr'><strong>extra</strong></span> <span class='ocrx_word' id='word_1_637' title='bbox 897 4567 1229 4639; x_wconf 81' lang='lat' dir='ltr'><strong>theologiam</strong></span> <span class='ocrx_word' id='word_1_638' title='bbox 1269 4569 1370 4623; x_wconf 89' lang='lat' dir='ltr'><strong>sita</strong></span> <span class='ocrx_word' id='word_1_639' title='bbox 1399 4578 1506 4634; x_wconf 80' lang='lat' dir='ltr'><strong>est,</strong></span> <span class='ocrx_word' id='word_1_640' title='bbox 1540 4570 1639 4639; x_wconf 88' lang='lat' dir='ltr'><strong>sed</strong></span> <span class='ocrx_word' id='word_1_641' title='bbox 1682 4573 1868 4626; x_wconf 86' lang='lat' dir='ltr'><strong>statim</strong></span> <span class='ocrx_word' id='word_1_642' title='bbox 1919 4571 2019 4640; x_wconf 81' lang='lat' dir='ltr'><strong>ips:</strong></span> 
     </span>
    </p>
   </div>
   <div class='ocr_carea' id='block_1_89' title="bbox 2113 4544 3720 4640">
    <p class='ocr_par' dir='ltr' id='par_1_89' title="bbox 2133 4544 3720 4640">
     <span class='ocr_line' id='line_1_89' title="bbox 2133 4544 3720 4640; baseline -0.009 -25"><span class='ocrx_word' id='word_1_643' title='bbox 2133 4565 2215 4633; x_wconf 87' lang='grc' dir='ltr'><strong>ρεῖ</strong></span> <span class='ocrx_word' id='word_1_644' title='bbox 2243 4564 2338 4616; x_wconf 73' lang='grc' dir='ltr'><strong>καὶ</strong></span> <span class='ocrx_word' id='word_1_645' title='bbox 2374 4562 2782 4632; x_wconf 85' lang='grc' dir='ltr'>θεοληπτεῖται,</span> <span class='ocrx_word' id='word_1_646' title='bbox 2817 4560 2914 4612; x_wconf 76' lang='grc' dir='ltr'>καὶ</span> <span class='ocrx_word' id='word_1_647' title='bbox 2944 4562 3082 4630; x_wconf 77' lang='grc' dir='ltr'>πρὸς</span> <span class='ocrx_word' id='word_1_648' title='bbox 3110 4557 3171 4611; x_wconf 80' lang='grc' dir='ltr'>τὸ</span> <span class='ocrx_word' id='word_1_649' title='bbox 3201 4558 3293 4611; x_wconf 70' lang='grc' dir='ltr'>τὸν</span> <span class='ocrx_word' id='word_1_650' title='bbox 3328 4557 3461 4610; x_wconf 68' lang='grc' dir='ltr'>Θεὸν</span> <span class='ocrx_word' id='word_1_651' title='bbox 3491 4553 3568 4616; x_wconf 80' lang='grc' dir='ltr'>ὡς</span> <span class='ocrx_word' id='word_1_652' title='bbox 3609 4544 3720 4640; x_wconf 71' lang='grc' dir='ltr'>οἷόν</span> 
     </span>
    </p>
   </div>
   <div class='ocr_carea' id='block_1_90' title="bbox 440 4635 2019 4735">
    <p class='ocr_par' dir='ltr' id='par_1_90' title="bbox 440 4635 2019 4735">
     <span class='ocr_line' id='line_1_90' title="bbox 440 4635 2019 4735; baseline -0.002 -16"><span class='ocrx_word' id='word_1_653' title='bbox 440 4662 701 4732; x_wconf 81' lang='lat' dir='ltr'><strong>theologa</strong></span> <span class='ocrx_word' id='word_1_654' title='bbox 731 4672 836 4725; x_wconf 86' lang='lat' dir='ltr'><strong>est,</strong></span> <span class='ocrx_word' id='word_1_655' title='bbox 872 4669 927 4716; x_wconf 91' lang='lat' dir='ltr'><strong>et</strong></span> <span class='ocrx_word' id='word_1_656' title='bbox 976 4635 1346 4718; x_wconf 41' lang='lat' dir='ltr'><strong>non&#39;sustiuet</strong></span> <span class='ocrx_word' id='word_1_657' title='bbox 1393 4663 1461 4719; x_wconf 91' lang='lat' dir='ltr'><strong>de</strong></span> <span class='ocrx_word' id='word_1_658' title='bbox 1495 4635 1606 4718; x_wconf 77' lang='lat' dir='ltr'><strong>Deo</strong></span> <span class='ocrx_word' id='word_1_659' title='bbox 1639 4679 1748 4720; x_wconf 89' lang='lat' dir='ltr'><strong>non</strong></span> <span class='ocrx_word' id='word_1_660' title='bbox 1793 4635 1954 4735; x_wconf 78' lang='lat' dir='ltr'><strong>loqui</strong></span> <span class='ocrx_word' id='word_1_661' title='bbox 1974 4679 2019 4716; x_wconf 67' lang='lat' dir='ltr'><strong>at</strong></span> 
     </span>
    </p>
   </div>
   <div class='ocr_carea' id='block_1_91' title="bbox 2113 4635 3716 4735">
    <p class='ocr_par' dir='ltr' id='par_1_91' title="bbox 2127 4635 3716 4723">
     <span class='ocr_line' id='line_1_91' title="bbox 2127 4635 3716 4723; baseline -0.004 -18"><span class='ocrx_word' id='word_1_662' title='bbox 2127 4669 2187 4705; x_wconf 86' lang='grc' dir='ltr'><strong>τε</strong></span> <span class='ocrx_word' id='word_1_663' title='bbox 2221 4652 2354 4723; x_wconf 78' lang='grc' dir='ltr'>όρᾷν</span> <span class='ocrx_word' id='word_1_664' title='bbox 2399 4650 2742 4706; x_wconf 85' lang='grc' dir='ltr'>ἀνατείνεται</span> <span class='ocrx_word' id='word_1_665' title='bbox 2786 4650 2904 4720; x_wconf 76' lang='grc' dir='ltr'>μετ’</span> <span class='ocrx_word' id='word_1_666' title='bbox 2945 4648 3256 4718; x_wconf 80' lang='grc' dir='ltr'>ἐπιστήμης</span> <span class='ocrx_word' id='word_1_667' title='bbox 3298 4647 3408 4700; x_wconf 84' lang='grc' dir='ltr'><strong>τῶν</strong></span> <span class='ocrx_word' id='word_1_668' title='bbox 3448 4645 3631 4700; x_wconf 86' lang='grc' dir='ltr'>θείων,</span> <span class='ocrx_word' id='word_1_669' title='bbox 3661 4635 3716 4698; x_wconf 75' lang='grc' dir='ltr'><strong>ἐξ</strong></span> 
     </span>
    </p>
   </div>
   <div class='ocr_carea' id='block_1_92' title="bbox 447 4732 2019 4830">
    <p class='ocr_par' dir='ltr' id='par_1_92' title="bbox 447 4755 2019 4830">
     <span class='ocr_line' id='line_1_92' title="bbox 447 4755 2019 4830; baseline -0.002 -16"><span class='ocrx_word' id='word_1_670' title='bbox 447 4767 718 4830; x_wconf 87' lang='lat' dir='ltr'><strong>perpetuo</strong></span> <span class='ocrx_word' id='word_1_671' title='bbox 743 4772 757 4824; x_wconf 88' lang='lat'>;</span> <span class='ocrx_word' id='word_1_672' title='bbox 784 4756 877 4811; x_wconf 89' lang='lat' dir='ltr'><strong>sed</strong></span> <span class='ocrx_word' id='word_1_673' title='bbox 898 4757 1017 4811; x_wconf 89' lang='lat' dir='ltr'><strong>sine</strong></span> <span class='ocrx_word' id='word_1_674' title='bbox 1037 4755 1250 4811; x_wconf 70' lang='lat' dir='ltr'><strong>cmlesti</strong></span> <span class='ocrx_word' id='word_1_675' title='bbox 1282 4755 1394 4820; x_wconf 88' lang='lat' dir='ltr'><strong>illo,</strong></span> <span class='ocrx_word' id='word_1_676' title='bbox 1427 4757 1573 4825; x_wconf 89' lang='lat' dir='ltr'><strong>quod</strong></span> <span class='ocrx_word' id='word_1_677' title='bbox 1602 4755 1864 4818; x_wconf 82' lang='lat' dir='ltr'><strong>diximus.</strong></span> <span class='ocrx_word' id='word_1_678' title='bbox 1893 4757 2019 4811; x_wconf 85' lang='lat' dir='ltr'><strong>dom</strong></span> 
     </span>
    </p>
   </div>
   <div class='ocr_carea' id='block_1_93' title="bbox 2113 4732 3716 4830">
    <p class='ocr_par' dir='ltr' id='par_1_93' title="bbox 2131 4732 3716 4815">
     <span class='ocr_line' id='line_1_93' title="bbox 2131 4732 3716 4815; baseline -0.006 -20"><span class='ocrx_word' id='word_1_679' title='bbox 2131 4743 2293 4815; x_wconf 87' lang='grc' dir='ltr'>ίερῶν</span> <span class='ocrx_word' id='word_1_680' title='bbox 2337 4741 2762 4812; x_wconf 81' lang='grc' dir='ltr'>συνειλεγμένης</span> <span class='ocrx_word' id='word_1_681' title='bbox 2807 4740 3280 4810; x_wconf 80' lang='grc' dir='ltr'>ἀναγνωσμάτων,</span> <span class='ocrx_word' id='word_1_682' title='bbox 3325 4736 3449 4791; x_wconf 83' lang='grc' dir='ltr'>ὅσον</span> <span class='ocrx_word' id='word_1_683' title='bbox 3485 4733 3547 4800; x_wconf 79' lang='grc' dir='ltr'><strong>ἐξ</strong></span> <span class='ocrx_word' id='word_1_684' title='bbox 3594 4732 3716 4785; x_wconf 76' lang='grc' dir='ltr'>ἀνα-</span> 
     </span>
    </p>
   </div>
   <div class='ocr_carea' id='block_1_94' title="bbox 449 4827 2019 4920">
    <p class='ocr_par' dir='ltr' id='par_1_94' title="bbox 449 4847 2004 4920">
     <span class='ocr_line' id='line_1_94' title="bbox 449 4847 2004 4920; baseline -0.002 -16"><span class='ocrx_word' id='word_1_685' title='bbox 449 4866 518 4905; x_wconf 90' lang='lat' dir='ltr'><strong>ac</strong></span> <span class='ocrx_word' id='word_1_686' title='bbox 576 4851 775 4920; x_wconf 88' lang='lat' dir='ltr'><strong>spiritu</strong></span> <span class='ocrx_word' id='word_1_687' title='bbox 834 4865 1051 4919; x_wconf 86' lang='lat' dir='ltr'><strong>semper</strong></span> <span class='ocrx_word' id='word_1_688' title='bbox 1118 4864 1214 4903; x_wconf 92' lang='lat' dir='ltr'><strong>cor</strong></span> <span class='ocrx_word' id='word_1_689' title='bbox 1273 4858 1531 4904; x_wconf 79' lang='lat' dir='ltr'><strong>movente</strong></span> <span class='ocrx_word' id='word_1_690' title='bbox 1586 4858 1642 4904; x_wconf 90' lang='lat' dir='ltr'><strong>et</strong></span> <span class='ocrx_word' id='word_1_691' title='bbox 1697 4847 2004 4918; x_wconf 78' lang='lat' dir='ltr'><strong>iuSpirante</strong></span> 
     </span>
    </p>
   </div>
   <div class='ocr_carea' id='block_1_95' title="bbox 2113 4827 3716 4920">
    <p class='ocr_par' dir='ltr' id='par_1_95' title="bbox 2129 4827 3716 4905">
     <span class='ocr_line' id='line_1_95' title="bbox 2129 4827 3716 4905; baseline -0.005 -15"><span class='ocrx_word' id='word_1_692' title='bbox 2129 4835 2290 4905; x_wconf 84' lang='grc' dir='ltr'>λόγου</span> <span class='ocrx_word' id='word_1_693' title='bbox 2318 4834 2593 4903; x_wconf 79' lang='grc' dir='ltr'>ἁφιδιάζει</span> <span class='ocrx_word' id='word_1_694' title='bbox 2630 4832 3088 4898; x_wconf 80' lang='grc' dir='ltr'>ταπεινούμενος,</span> <span class='ocrx_word' id='word_1_695' title='bbox 3139 4831 3234 4885; x_wconf 75' lang='grc' dir='ltr'><strong>καὶ</strong></span> <span class='ocrx_word' id='word_1_696' title='bbox 3282 4827 3716 4904; x_wconf 70' lang='grc' dir='ltr'>προσευχόμενος</span> 
     </span>
    </p>
   </div>
   <div class='ocr_carea' id='block_1_96' title="bbox 447 4937 2019 5014">
    <p class='ocr_par' dir='ltr' id='par_1_96' title="bbox 447 4941 2018 5014">
     <span class='ocr_line' id='line_1_96' title="bbox 447 4941 2018 5014; baseline -0.003 -14"><span class='ocrx_word' id='word_1_697' title='bbox 447 4945 597 5000; x_wconf 83' lang='lat' dir='ltr'><strong>heu!</strong></span> <span class='ocrx_word' id='word_1_698' title='bbox 674 4959 1021 5014; x_wconf 83' lang='lat' dir='ltr'><strong>qmrcunque</strong></span> <span class='ocrx_word' id='word_1_699' title='bbox 1052 4957 1205 4998; x_wconf 87' lang='lat' dir='ltr'><strong>mens</strong></span> <span class='ocrx_word' id='word_1_700' title='bbox 1263 4941 1434 5005; x_wconf 89' lang='lat' dir='ltr'><strong>videt,</strong></span> <span class='ocrx_word' id='word_1_701' title='bbox 1463 4941 1778 5012; x_wconf 70' lang='lat' dir='ltr'><strong>phantasia:</strong></span> <span class='ocrx_word' id='word_1_702' title='bbox 1804 4950 1952 5003; x_wconf 89' lang='lat' dir='ltr'><strong>sunt,</strong></span> <span class='ocrx_word' id='word_1_703' title='bbox 1989 4956 2018 4995; x_wconf 90' lang='lat' dir='ltr'><strong>e</strong></span> 
     </span>
    </p>
   </div>
   <div class='ocr_carea' id='block_1_97' title="bbox 2113 4937 3710 5014">
    <p class='ocr_par' dir='ltr' id='par_1_97' title="bbox 2127 4937 3710 5010">
     <span class='ocr_line' id='line_1_97' title="bbox 2127 4937 3710 5010; baseline -0.012 -9"><span class='ocrx_word' id='word_1_704' title='bbox 2127 4949 2155 5001; x_wconf 83' lang='lat'><em>6</em></span> <span class='ocrx_word' id='word_1_705' title='bbox 2189 4947 2294 5000; x_wconf 86' lang='grc' dir='ltr'><strong>ὐπὸ</strong></span> <span class='ocrx_word' id='word_1_706' title='bbox 2343 4945 2438 4999; x_wconf 85' lang='grc' dir='ltr'><strong>τοῦ</strong></span> <span class='ocrx_word' id='word_1_707' title='bbox 2487 4943 2623 4997; x_wconf 82' lang='grc' dir='ltr'>Θεοῦ</span> <span class='ocrx_word' id='word_1_708' title='bbox 2676 4943 2734 4995; x_wconf 84' lang='grc' dir='ltr'><strong>ἐν</strong></span> <span class='ocrx_word' id='word_1_709' title='bbox 2787 4940 2930 5010; x_wconf 88' lang='grc' dir='ltr'>ἁγίῳ</span> <span class='ocrx_word' id='word_1_710' title='bbox 2975 4937 3710 5010; x_wconf 74' lang='grc' dir='ltr'><strong>Πνεύματιἐνεργούμενος⁹</strong></span> 
     </span>
    </p>
   </div>
   <div class='ocr_carea' id='block_1_98' title="bbox 452 5022 2019 5106">
    <p class='ocr_par' dir='ltr' id='par_1_98' title="bbox 452 5029 2019 5106">
     <span class='ocr_line' id='line_1_98' title="bbox 452 5029 2019 5106; baseline -0.008 -14"><span class='ocrx_word' id='word_1_711' title='bbox 452 5050 802 5106; x_wconf 62' lang='lat' dir='ltr'><strong>quacunque</strong></span> <span class='ocrx_word' id='word_1_712' title='bbox 849 5033 918 5088; x_wconf 89' lang='lat' dir='ltr'><strong>de</strong></span> <span class='ocrx_word' id='word_1_713' title='bbox 959 5033 1071 5089; x_wconf 77' lang='lat' dir='ltr'><strong>Deo</strong></span> <span class='ocrx_word' id='word_1_714' title='bbox 1107 5032 1370 5098; x_wconf 83' lang='lat' dir='ltr'><strong>loquitur,</strong></span> <span class='ocrx_word' id='word_1_715' title='bbox 1404 5049 1568 5087; x_wconf 86' lang='lat' dir='ltr'><strong>voces</strong></span> <span class='ocrx_word' id='word_1_716' title='bbox 1629 5038 1758 5085; x_wconf 88' lang='lat' dir='ltr'><strong>sunt</strong></span> <span class='ocrx_word' id='word_1_717' title='bbox 1804 5029 1856 5084; x_wconf 90' lang='lat' dir='ltr'><strong>in</strong></span> <span class='ocrx_word' id='word_1_718' title='bbox 1918 5045 2019 5084; x_wconf 63' lang='lat' dir='ltr'><strong>aeri</strong></span> 
     </span>
    </p>
   </div>
   <div class='ocr_carea' id='block_1_99' title="bbox 2113 5022 3713 5106">
    <p class='ocr_par' dir='ltr' id='par_1_99' title="bbox 2127 5022 3713 5102">
     <span class='ocr_line' id='line_1_99' title="bbox 2127 5022 3713 5102; baseline -0.011 -8"><span class='ocrx_word' id='word_1_719' title='bbox 2127 5041 2237 5094; x_wconf 85' lang='grc' dir='ltr'>τότ’</span> <span class='ocrx_word' id='word_1_720' title='bbox 2284 5038 2378 5093; x_wconf 86' lang='grc' dir='ltr'><strong>οῦν</strong></span> <span class='ocrx_word' id='word_1_721' title='bbox 2419 5037 2543 5091; x_wconf 81' lang='grc' dir='ltr'>οὐδὲ</span> <span class='ocrx_word' id='word_1_722' title='bbox 2579 5036 2672 5089; x_wconf 90' lang='grc' dir='ltr'><strong>τοῦ</strong></span> <span class='ocrx_word' id='word_1_723' title='bbox 2705 5034 2979 5102; x_wconf 63' lang='grc' dir='ltr'>θωλογεῖν</span> <span class='ocrx_word' id='word_1_724' title='bbox 3035 5036 3185 5087; x_wconf 86' lang='grc' dir='ltr'>ἐστιν</span> <span class='ocrx_word' id='word_1_725' title='bbox 3230 5031 3408 5096; x_wconf 79' lang='grc' dir='ltr'>ἐκτὸς,</span> <span class='ocrx_word' id='word_1_726' title='bbox 3442 5027 3560 5082; x_wconf 84' lang='grc' dir='ltr'>ἀλλ’</span> <span class='ocrx_word' id='word_1_727' title='bbox 3603 5022 3713 5091; x_wconf 74' lang='grc' dir='ltr'><strong>ἅμα</strong></span> 
     </span>
    </p>
   </div>
   <div class='ocr_carea' id='block_1_100' title="bbox 398 5113 2019 5198">
    <p class='ocr_par' dir='ltr' id='par_1_100' title="bbox 398 5126 2019 5194">
     <span class='ocr_line' id='line_1_100' title="bbox 398 5126 2019 5194; baseline -0.004 -10"><span class='ocrx_word' id='word_1_728' title='bbox 398 5149 412 5162; x_wconf 75' lang='grc' dir='ltr'><strong>ι</strong></span> <span class='ocrx_word' id='word_1_729' title='bbox 447 5129 693 5194; x_wconf 66' lang='lat' dir='ltr'><strong>diﬂusm,</strong></span> <span class='ocrx_word' id='word_1_730' title='bbox 731 5144 933 5185; x_wconf 84' lang='lat' dir='ltr'><strong>sensus</strong></span> <span class='ocrx_word' id='word_1_731' title='bbox 974 5128 1173 5183; x_wconf 70' lang='lat' dir='ltr'><strong>anima:</strong></span> <span class='ocrx_word' id='word_1_732' title='bbox 1206 5143 1315 5182; x_wconf 90' lang='lat' dir='ltr'><strong>non</strong></span> <span class='ocrx_word' id='word_1_733' title='bbox 1343 5126 1674 5186; x_wconf 83' lang='lat' dir='ltr'><strong>excitantes.</strong></span> <span class='ocrx_word' id='word_1_734' title='bbox 1710 5135 1771 5179; x_wconf 91' lang='lat' dir='ltr'><strong>ut</strong></span> <span class='ocrx_word' id='word_1_735' title='bbox 1803 5131 2019 5194; x_wconf 88' lang='lat' dir='ltr'><strong>oportet</strong></span> 
     </span>
    </p>
   </div>
   <div class='ocr_carea' id='block_1_101' title="bbox 2113 5113 3713 5198">
    <p class='ocr_par' dir='ltr' id='par_1_101' title="bbox 2131 5113 3713 5198">
     <span class='ocr_line' id='line_1_101' title="bbox 2131 5113 3713 5198; baseline -0.014 -12"><span class='ocrx_word' id='word_1_736' title='bbox 2131 5130 2294 5195; x_wconf 85' lang='grc' dir='ltr'>εὐθύς</span> <span class='ocrx_word' id='word_1_737' title='bbox 2337 5131 2488 5183; x_wconf 89' lang='grc' dir='ltr'>ἐστιν</span> <span class='ocrx_word' id='word_1_738' title='bbox 2527 5126 2854 5198; x_wconf 80' lang='grc' dir='ltr'>αὐτόχρημα</span> <span class='ocrx_word' id='word_1_739' title='bbox 2913 5124 3206 5193; x_wconf 87' lang='grc' dir='ltr'>θεολόγος,</span> <span class='ocrx_word' id='word_1_740' title='bbox 3261 5122 3354 5176; x_wconf 73' lang='grc' dir='ltr'><strong>καὶ</strong></span> <span class='ocrx_word' id='word_1_741' title='bbox 3407 5119 3483 5192; x_wconf 81' lang='grc' dir='ltr'>μὴ</span> <span class='ocrx_word' id='word_1_742' title='bbox 3539 5113 3713 5169; x_wconf 84' lang='grc' dir='ltr'>θεολο-</span> 
     </span>
    </p>
   </div>
   <div class='ocr_carea' id='block_1_102' title="bbox 447 5200 2019 5307">
    <p class='ocr_par' dir='ltr' id='par_1_102' title="bbox 447 5218 2019 5281">
     <span class='ocr_line' id='line_1_102' title="bbox 447 5218 2019 5281; baseline -0.004 -2"><span class='ocrx_word' id='word_1_743' title='bbox 447 5224 528 5279; x_wconf 75' lang='lat' dir='ltr'><strong>Ex</strong></span> <span class='ocrx_word' id='word_1_744' title='bbox 555 5223 835 5281; x_wconf 84' lang='lat' dir='ltr'><strong>andi.iune</strong></span> <span class='ocrx_word' id='word_1_745' title='bbox 852 5223 996 5278; x_wconf 89' lang='lat' dir='ltr'><strong>enim</strong></span> <span class='ocrx_word' id='word_1_746' title='bbox 1021 5231 1075 5277; x_wconf 88' lang='lat' dir='ltr'><strong>et</strong></span> <span class='ocrx_word' id='word_1_747' title='bbox 1094 5223 1278 5277; x_wconf 88' lang='lat' dir='ltr'><strong>verbis</strong></span> <span class='ocrx_word' id='word_1_748' title='bbox 1306 5221 1374 5276; x_wconf 92' lang='lat' dir='ltr'><strong>ab</strong></span> <span class='ocrx_word' id='word_1_749' title='bbox 1403 5221 1646 5276; x_wconf 77' lang='lat' dir='ltr'><strong>externis</strong></span> <span class='ocrx_word' id='word_1_750' title='bbox 1681 5218 2019 5274; x_wconf 86' lang='lat' dir='ltr'><strong>venientibus</strong></span> 
     </span>
    </p>
   </div>
   <div class='ocr_carea' id='block_1_103' title="bbox 2113 5200 3711 5307">
    <p class='ocr_par' dir='ltr' id='par_1_103' title="bbox 2137 5200 3711 5307">
     <span class='ocr_line' id='line_1_103' title="bbox 2137 5200 3711 5307; baseline -0.016 -30"><span class='ocrx_word' id='word_1_751' title='bbox 2137 5226 2254 5293; x_wconf 86' lang='grc' dir='ltr'>γεῖν</span> <span class='ocrx_word' id='word_1_752' title='bbox 2303 5223 2405 5275; x_wconf 90' lang='grc' dir='ltr'><strong>οὐκ</strong></span> <span class='ocrx_word' id='word_1_753' title='bbox 2463 5221 2744 5289; x_wconf 77' lang='grc' dir='ltr'>ἀνέχεται,</span> <span class='ocrx_word' id='word_1_754' title='bbox 2809 5217 2902 5271; x_wconf 79' lang='grc' dir='ltr'><strong>καὶ</strong></span> <span class='ocrx_word' id='word_1_755' title='bbox 2955 5216 3219 5286; x_wconf 85' lang='grc' dir='ltr'>διηνεκῶς</span> <span class='ocrx_word' id='word_1_756' title='bbox 3278 5213 3386 5286; x_wconf 81' lang='grc'><strong>(1),</strong></span> <span class='ocrx_word' id='word_1_757' title='bbox 3437 5208 3604 5307; x_wconf 45' lang='grc' dir='ltr'>χωρὶς</span> <span class='ocrx_word' id='word_1_758' title='bbox 3658 5200 3711 5307; x_wconf 74' lang='grc' dir='ltr'>δὲ</span> 
     </span>
    </p>
   </div>
   <div class='ocr_carea' id='block_1_104' title="bbox 450 5300 2019 5386">
    <p class='ocr_par' dir='ltr' id='par_1_104' title="bbox 450 5311 2019 5384">
     <span class='ocr_line' id='line_1_104' title="bbox 450 5311 2019 5384; baseline -0.004 -12"><span class='ocrx_word' id='word_1_759' title='bbox 450 5317 601 5374; x_wconf 82' lang='lat' dir='ltr'><strong>unde</strong></span> <span class='ocrx_word' id='word_1_760' title='bbox 657 5315 1072 5373; x_wconf 79' lang='lat' dir='ltr'><strong>funestissimus</strong></span> <span class='ocrx_word' id='word_1_761' title='bbox 1129 5330 1305 5380; x_wconf 89' lang='lat' dir='ltr'><strong>error,</strong></span> <span class='ocrx_word' id='word_1_762' title='bbox 1340 5313 1708 5384; x_wconf 83' lang='lat' dir='ltr'><strong>spiritualium</strong></span> <span class='ocrx_word' id='word_1_763' title='bbox 1756 5325 1809 5366; x_wconf 88' lang='lat' dir='ltr'><strong>et</strong></span> <span class='ocrx_word' id='word_1_764' title='bbox 1843 5311 2019 5365; x_wconf 84' lang='lat' dir='ltr'><strong>theulo</strong></span> 
     </span>
    </p>
   </div>
   <div class='ocr_carea' id='block_1_105' title="bbox 2113 5300 3708 5386">
    <p class='ocr_par' dir='ltr' id='par_1_105' title="bbox 2133 5300 3708 5386">
     <span class='ocr_line' id='line_1_105' title="bbox 2133 5300 3708 5386; baseline -0.015 -16"><span class='ocrx_word' id='word_1_765' title='bbox 2133 5315 2343 5386; x_wconf 86' lang='grc' dir='ltr'>δωρεᾶς</span> <span class='ocrx_word' id='word_1_766' title='bbox 2395 5311 2650 5382; x_wconf 83' lang='grc' dir='ltr'>οὐρανίου</span> <span class='ocrx_word' id='word_1_767' title='bbox 2689 5307 2790 5380; x_wconf 77' lang='grc' dir='ltr'>τῆς</span> <span class='ocrx_word' id='word_1_768' title='bbox 2846 5309 3166 5380; x_wconf 75' lang='grc' dir='ltr'>εἰρημένης,</span> <span class='ocrx_word' id='word_1_769' title='bbox 3206 5307 3299 5360; x_wconf 81' lang='grc' dir='ltr'><strong>καὶ</strong></span> <span class='ocrx_word' id='word_1_770' title='bbox 3346 5305 3512 5377; x_wconf 77' lang='grc' dir='ltr'>χωρὶς</span> <span class='ocrx_word' id='word_1_771' title='bbox 3545 5300 3708 5354; x_wconf 77' lang='grc' dir='ltr'>Πνεῦ-</span> 
     </span>
    </p>
   </div>
   <div class='ocr_carea' id='block_1_106' title="bbox 451 5395 2019 5484">
    <p class='ocr_par' dir='ltr' id='par_1_106' title="bbox 451 5407 2013 5484">
     <span class='ocr_line' id='line_1_106' title="bbox 451 5407 2013 5484; baseline -0.003 -20"><span class='ocrx_word' id='word_1_772' title='bbox 451 5414 552 5483; x_wconf 70' lang='lat' dir='ltr'><strong>gize</strong></span> <span class='ocrx_word' id='word_1_773' title='bbox 582 5414 756 5484; x_wconf 88' lang='lat' dir='ltr'><strong>ipsius</strong></span> <span class='ocrx_word' id='word_1_774' title='bbox 793 5411 1099 5468; x_wconf 90' lang='lat' dir='ltr'><strong>miserrime</strong></span> <span class='ocrx_word' id='word_1_775' title='bbox 1132 5409 1398 5479; x_wconf 82' lang='lat' dir='ltr'><strong>originem</strong></span> <span class='ocrx_word' id='word_1_776' title='bbox 1422 5407 1734 5474; x_wconf 79' lang='lat' dir='ltr'><strong>ducit,cum</strong></span> <span class='ocrx_word' id='word_1_777' title='bbox 1771 5422 1876 5460; x_wconf 92' lang='lat' dir='ltr'><strong>non</strong></span> <span class='ocrx_word' id='word_1_778' title='bbox 1897 5408 2013 5460; x_wconf 85' lang='lat' dir='ltr'><strong>site</strong></span> 
     </span>
    </p>
   </div>
   <div class='ocr_carea' id='block_1_107' title="bbox 2113 5395 3714 5484">
    <p class='ocr_par' dir='ltr' id='par_1_107' title="bbox 2139 5395 3714 5484">
     <span class='ocr_line' id='line_1_107' title="bbox 2139 5395 3714 5484; baseline -0.022 -10"><span class='ocrx_word' id='word_1_779' title='bbox 2139 5424 2313 5479; x_wconf 82' lang='grc' dir='ltr'>ματος</span> <span class='ocrx_word' id='word_1_780' title='bbox 2370 5403 2619 5476; x_wconf 76' lang='grc' dir='ltr'>ἐναργῶς</span> <span class='ocrx_word' id='word_1_781' title='bbox 2670 5401 2962 5472; x_wconf 86' lang='grc' dir='ltr'>ἀεικίνητα</span> <span class='ocrx_word' id='word_1_782' title='bbox 3019 5402 3271 5463; x_wconf 87' lang='grc' dir='ltr'>πνέοντος</span> <span class='ocrx_word' id='word_1_783' title='bbox 3326 5399 3384 5450; x_wconf 81' lang='grc' dir='ltr'><strong>ἐν</strong></span> <span class='ocrx_word' id='word_1_784' title='bbox 3435 5395 3540 5464; x_wconf 84' lang='grc' dir='ltr'>ἄρα</span> <span class='ocrx_word' id='word_1_785' title='bbox 3589 5402 3714 5484; x_wconf 39' lang='lat' dir='ltr'><strong>mp:-</strong></span> 
     </span>
    </p>
   </div>
   <div class='ocr_carea' id='block_1_108' title="bbox 452 5479 2019 5584">
    <p class='ocr_par' dir='ltr' id='par_1_108' title="bbox 452 5501 2019 5578">
     <span class='ocr_line' id='line_1_108' title="bbox 452 5501 2019 5578; baseline -0.004 -18"><span class='ocrx_word' id='word_1_786' title='bbox 452 5511 621 5564; x_wconf 80' lang='lat' dir='ltr'><strong>eorde</strong></span> <span class='ocrx_word' id='word_1_787' title='bbox 641 5523 736 5578; x_wconf 79' lang='lat' dir='ltr'><strong>per</strong></span> <span class='ocrx_word' id='word_1_788' title='bbox 766 5507 942 5561; x_wconf 85' lang='lat' dir='ltr'><strong>sancti</strong></span> <span class='ocrx_word' id='word_1_789' title='bbox 973 5504 1213 5574; x_wconf 87' lang='lat' dir='ltr'><strong>Spiritus</strong></span> <span class='ocrx_word' id='word_1_790' title='bbox 1235 5503 1486 5558; x_wconf 76' lang='lat' dir='ltr'><strong>virtutem</strong></span> <span class='ocrx_word' id='word_1_791' title='bbox 1522 5501 1815 5573; x_wconf 86' lang='lat' dir='ltr'><strong>producta;</strong></span> <span class='ocrx_word' id='word_1_792' title='bbox 1845 5515 1908 5553; x_wconf 80' lang='lat' dir='ltr'><strong>ex</strong></span> <span class='ocrx_word' id='word_1_793' title='bbox 1941 5517 2019 5570; x_wconf 82' lang='lat' dir='ltr'><strong>qu</strong></span> 
     </span>
    </p>
   </div>
   <div class='ocr_carea' id='block_1_109' title="bbox 2113 5479 3711 5584">
    <p class='ocr_par' dir='ltr' id='par_1_109' title="bbox 2135 5479 3711 5573">
     <span class='ocr_line' id='line_1_109' title="bbox 2135 5479 3711 5573; baseline -0.01 -19"><span class='ocrx_word' id='word_1_794' title='bbox 2135 5503 2245 5573; x_wconf 75' lang='grc' dir='ltr'>δία,</span> <span class='ocrx_word' id='word_1_795' title='bbox 2270 5500 2406 5569; x_wconf 78' lang='grc' dir='ltr'>φεῦί</span> <span class='ocrx_word' id='word_1_796' title='bbox 2441 5499 2543 5552; x_wconf 79' lang='grc' dir='ltr'>ὅσα</span> <span class='ocrx_word' id='word_1_797' title='bbox 2580 5499 2608 5550; x_wconf 89' lang='grc' dir='ltr'>ὁ</span> <span class='ocrx_word' id='word_1_798' title='bbox 2642 5496 2764 5559; x_wconf 88' lang='grc' dir='ltr'>νοῦς</span> <span class='ocrx_word' id='word_1_799' title='bbox 2795 5496 2919 5566; x_wconf 78' lang='grc' dir='ltr'><strong>ὁρᾷ,</strong></span> <span class='ocrx_word' id='word_1_800' title='bbox 2953 5495 3247 5564; x_wconf 84' lang='grc' dir='ltr'>φαντασίαι</span> <span class='ocrx_word' id='word_1_801' title='bbox 3275 5490 3430 5545; x_wconf 81' lang='grc' dir='ltr'>τοῦδέ</span> <span class='ocrx_word' id='word_1_802' title='bbox 3468 5492 3592 5550; x_wconf 87' lang='grc' dir='ltr'>είσι,</span> <span class='ocrx_word' id='word_1_803' title='bbox 3625 5479 3711 5534; x_wconf 66' lang='grc' dir='ltr'><strong>καὶ</strong></span> 
     </span>
    </p>
   </div>
   <div class='ocr_carea' id='block_1_110' title="bbox 458 5584 2019 5673">
    <p class='ocr_par' dir='ltr' id='par_1_110' title="bbox 458 5587 2019 5673">
     <span class='ocr_line' id='line_1_110' title="bbox 458 5587 2019 5673; baseline -0.004 -17"><span class='ocrx_word' id='word_1_804' title='bbox 458 5601 823 5673; x_wconf 79' lang='lat' dir='ltr'><strong>spiritualium</strong></span> <span class='ocrx_word' id='word_1_805' title='bbox 854 5616 918 5656; x_wconf 88' lang='lat' dir='ltr'><strong>ac</strong></span> <span class='ocrx_word' id='word_1_806' title='bbox 937 5587 1226 5668; x_wconf 73' lang='lat' dir='ltr'><strong>theologia:</strong></span> <span class='ocrx_word' id='word_1_807' title='bbox 1249 5599 1476 5664; x_wconf 82' lang='lat' dir='ltr'><strong>simplex</strong></span> <span class='ocrx_word' id='word_1_808' title='bbox 1497 5605 1551 5651; x_wconf 91' lang='lat' dir='ltr'><strong>et</strong></span> <span class='ocrx_word' id='word_1_809' title='bbox 1582 5595 1938 5650; x_wconf 82' lang='lat' dir='ltr'><strong>imumtabilis</strong></span> <span class='ocrx_word' id='word_1_810' title='bbox 1964 5610 2019 5650; x_wconf 80' lang='lat' dir='ltr'><strong>ve</strong></span> 
     </span>
    </p>
   </div>
   <div class='ocr_carea' id='block_1_111' title="bbox 2113 5584 3710 5673">
    <p class='ocr_par' dir='ltr' id='par_1_111' title="bbox 2136 5584 3710 5673">
     <span class='ocr_line' id='line_1_111' title="bbox 2136 5584 3710 5673; baseline -0.012 -24"><span class='ocrx_word' id='word_1_811' title='bbox 2136 5597 2236 5649; x_wconf 81' lang='grc' dir='ltr'><strong>ὅσα</strong></span> <span class='ocrx_word' id='word_1_812' title='bbox 2268 5594 2530 5661; x_wconf 70' lang='grc' dir='ltr'>θεολογεῇ</span> <span class='ocrx_word' id='word_1_813' title='bbox 2561 5591 2713 5658; x_wconf 86' lang='grc' dir='ltr'>λόγοι</span> <span class='ocrx_word' id='word_1_814' title='bbox 2741 5587 3022 5661; x_wconf 83' lang='grc' dir='ltr'>τηνάλλως</span> <span class='ocrx_word' id='word_1_815' title='bbox 3054 5588 3194 5640; x_wconf 73' lang='grc' dir='ltr'>εἰσὶν</span> <span class='ocrx_word' id='word_1_816' title='bbox 3225 5587 3303 5650; x_wconf 90' lang='grc' dir='ltr'><strong>είς</strong></span> <span class='ocrx_word' id='word_1_817' title='bbox 3340 5584 3476 5654; x_wconf 83' lang='grc' dir='ltr'>ἀέρα</span> <span class='ocrx_word' id='word_1_818' title='bbox 3499 5589 3710 5673; x_wconf 53' lang='grc' dir='ltr'>προκεϊ</span> 
     </span>
    </p>
   </div>
   <div class='ocr_carea' id='block_1_112' title="bbox 459 5649 2019 5766">
    <p class='ocr_par' dir='ltr' id='par_1_112' title="bbox 459 5649 2015 5766">
     <span class='ocr_line' id='line_1_112' title="bbox 459 5649 1626 5673; baseline -0.006 -16"><span class='ocrx_word' id='word_1_819' title='bbox 855 5649 1054 5656; x_wconf 70' lang='lat'><strong>_---__-</strong></span> <span class='ocrx_word' id='word_1_820' title='bbox 1126 5649 1155 5668; x_wconf 66' lang='grc' dir='ltr'>ο</span> <span class='ocrx_word' id='word_1_821' title='bbox 1188 5649 1219 5650; x_wconf 44' lang='grc' dir='ltr'>η</span> <span class='ocrx_word' id='word_1_822' title='bbox 1250 5649 1288 5652; x_wconf 60' lang='lat'><strong>-,</strong></span> <span class='ocrx_word' id='word_1_823' title='bbox 1358 5649 1368 5664; x_wconf 80' lang='grc'><strong>,</strong></span> <span class='ocrx_word' id='word_1_824' title='bbox 1507 5649 1543 5651; x_wconf 62' lang='lat'><strong>_,</strong></span> <span class='ocrx_word' id='word_1_825' title='bbox 1605 5649 1626 5650; x_wconf 28' lang='grc' dir='ltr'><strong>κν</strong></span> 
     </span>
     <span class='ocr_line' id='line_1_113' title="bbox 459 5690 2015 5766; baseline -0.004 -16"><span class='ocrx_word' id='word_1_826' title='bbox 459 5697 688 5759; x_wconf 82' lang='lat' dir='ltr'><strong>ritas,iu</strong></span> <span class='ocrx_word' id='word_1_827' title='bbox 707 5710 814 5766; x_wconf 91' lang='lat' dir='ltr'><strong>qua</strong></span> <span class='ocrx_word' id='word_1_828' title='bbox 836 5695 1061 5749; x_wconf 90' lang='lat' dir='ltr'><strong>omnino</strong></span> <span class='ocrx_word' id='word_1_829' title='bbox 1089 5691 1417 5760; x_wconf 89' lang='lat' dir='ltr'><strong>loquendum</strong></span> <span class='ocrx_word' id='word_1_830' title='bbox 1438 5700 1543 5746; x_wconf 87' lang='lat' dir='ltr'><strong>est.</strong></span> <span class='ocrx_word' id='word_1_831' title='bbox 1580 5690 1790 5744; x_wconf 70' lang='lat' dir='ltr'><strong>Etenim</strong></span> <span class='ocrx_word' id='word_1_832' title='bbox 1813 5691 1865 5745; x_wconf 88' lang='lat' dir='ltr'><strong>in</strong></span> <span class='ocrx_word' id='word_1_833' title='bbox 1888 5691 2015 5743; x_wconf 64' lang='grc' dir='ltr'><strong>θοι-(Ι</strong></span> 
     </span>
    </p>
   </div>
   <div class='ocr_carea' id='block_1_113' title="bbox 2113 5649 3708 5766">
    <p class='ocr_par' dir='ltr' id='par_1_113' title="bbox 2144 5649 3708 5766">
     <span class='ocr_line' id='line_1_114' title="bbox 2144 5649 3708 5766; baseline -0.008 -28"><span class='ocrx_word' id='word_1_834' title='bbox 2144 5702 2314 5755; x_wconf 88' lang='grc' dir='ltr'>μενοι,</span> <span class='ocrx_word' id='word_1_835' title='bbox 2351 5683 2411 5736; x_wconf 82' lang='grc' dir='ltr'>τὸ</span> <span class='ocrx_word' id='word_1_836' title='bbox 2576 5649 2750 5751; x_wconf 74' lang='grc' dir='ltr'>ψῦχῆς</span> <span class='ocrx_word' id='word_1_837' title='bbox 2797 5649 3156 5750; x_wconf 63' lang='grc' dir='ltr'>αἰσθητῆριον</span> <span class='ocrx_word' id='word_1_838' title='bbox 3193 5677 3267 5748; x_wconf 83' lang='grc' dir='ltr'>μὴ</span> <span class='ocrx_word' id='word_1_839' title='bbox 3300 5649 3708 5766; x_wconf 60' lang='grc' dir='ltr'>διεγείροντεςῇ</span> 
     </span>
    </p>
   </div>
   <div class='ocr_carea' id='block_1_114' title="bbox 464 5751 2019 5859">
    <p class='ocr_par' dir='ltr' id='par_1_114' title="bbox 464 5784 2019 5859">
     <span class='ocr_line' id='line_1_115' title="bbox 464 5784 2019 5859; baseline -0.005 -14"><span class='ocrx_word' id='word_1_840' title='bbox 464 5792 558 5846; x_wconf 78' lang='lat' dir='ltr'><strong>ubi</strong></span> <span class='ocrx_word' id='word_1_841' title='bbox 575 5809 686 5848; x_wconf 89' lang='lat' dir='ltr'><strong>non</strong></span> <span class='ocrx_word' id='word_1_842' title='bbox 707 5793 860 5848; x_wconf 85' lang='lat' dir='ltr'><strong>adest</strong></span> <span class='ocrx_word' id='word_1_843' title='bbox 875 5789 1164 5846; x_wconf 73' lang='lat' dir='ltr'><strong>manifeste</strong></span> <span class='ocrx_word' id='word_1_844' title='bbox 1187 5788 1514 5859; x_wconf 72' lang='lat' dir='ltr'><strong>participata</strong></span> <span class='ocrx_word' id='word_1_845' title='bbox 1530 5787 1818 5842; x_wconf 74' lang='lat' dir='ltr'><strong>viviﬁcaris</strong></span> <span class='ocrx_word' id='word_1_846' title='bbox 1841 5795 1894 5839; x_wconf 89' lang='lat' dir='ltr'><strong>et</strong></span> <span class='ocrx_word' id='word_1_847' title='bbox 1931 5784 2019 5838; x_wconf 84' lang='lat' dir='ltr'><strong>illu</strong></span> 
     </span>
    </p>
   </div>
   <div class='ocr_carea' id='block_1_115' title="bbox 2113 5751 3706 5859">
    <p class='ocr_par' dir='ltr' id='par_1_115' title="bbox 2139 5751 3706 5848">
     <span class='ocr_line' id='line_1_116' title="bbox 2139 5751 3706 5848; baseline -0.024 1"><span class='ocrx_word' id='word_1_848' title='bbox 2304 5775 2394 5840; x_wconf 64' lang='grc' dir='ltr'><strong>Ἐξ</strong></span> <span class='ocrx_word' id='word_1_849' title='bbox 2433 5751 2603 5845; x_wconf 58' lang='grc' dir='ltr'>ἀὶέοῆς</span> <span class='ocrx_word' id='word_1_850' title='bbox 2649 5772 2758 5846; x_wconf 78' lang='grc' dir='ltr'><strong>[ῖσ.</strong></span> <span class='ocrx_word' id='word_1_851' title='bbox 2797 5773 2994 5826; x_wconf 66' lang='grc' dir='ltr'>λείπει</span> <span class='ocrx_word' id='word_1_852' title='bbox 3027 5772 3092 5825; x_wconf 84' lang='grc' dir='ltr'>τὸ</span> <span class='ocrx_word' id='word_1_853' title='bbox 3132 5768 3264 5842; x_wconf 77' lang='grc' dir='ltr'>γὰρ]</span> <span class='ocrx_word' id='word_1_854' title='bbox 3293 5767 3588 5839; x_wconf 72' lang='grc' dir='ltr'>ἐνεργεῖται</span> <span class='ocrx_word' id='word_1_855' title='bbox 3627 5751 3706 5806; x_wconf 61' lang='grc' dir='ltr'><strong>καὶ</strong></span> 
     </span>
    </p>
   </div>
   <div class='ocr_carea' id='block_1_116' title="bbox 534 5913 2913 6004">
    <p class='ocr_par' dir='ltr' id='par_1_116' title="bbox 534 5913 2913 6004">
     <span class='ocr_line' id='line_1_117' title="bbox 534 5913 2913 6004; baseline -0.007 -20"><span class='ocrx_word' id='word_1_856' title='bbox 534 5932 606 6002; x_wconf 85' lang='lat' dir='ltr'><strong>(l)</strong></span> <span class='ocrx_word' id='word_1_857' title='bbox 645 5931 886 6004; x_wconf 83' lang='grc' dir='ltr'>Ὀμοίως</span> <span class='ocrx_word' id='word_1_858' title='bbox 921 5931 1012 5984; x_wconf 62' lang='grc' dir='ltr'>καὶ</span> <span class='ocrx_word' id='word_1_859' title='bbox 1048 5928 1107 5982; x_wconf 76' lang='grc' dir='ltr'>τὸ</span> <span class='ocrx_word' id='word_1_860' title='bbox 1143 5929 1316 5998; x_wconf 49' lang='grc' dir='ltr'>ταμὸν</span> <span class='ocrx_word' id='word_1_861' title='bbox 1349 5926 1651 5998; x_wconf 66' lang='grc' dir='ltr'>σημειῶδες</span> <span class='ocrx_word' id='word_1_862' title='bbox 1691 5923 1926 5993; x_wconf 76' lang='grc' dir='ltr'>ὑπάρχει</span> <span class='ocrx_word' id='word_1_863' title='bbox 1964 5923 2036 5988; x_wconf 79' lang='grc' dir='ltr'>ὡς</span> <span class='ocrx_word' id='word_1_864' title='bbox 2078 5925 2174 5992; x_wconf 78' lang='grc' dir='ltr'>τῆς</span> <span class='ocrx_word' id='word_1_865' title='bbox 2211 5919 2422 5989; x_wconf 68' lang='grc' dir='ltr'>πλάνης</span> <span class='ocrx_word' id='word_1_866' title='bbox 2448 5913 2913 5991; x_wconf 76' lang='grc' dir='ltr'>προφυλακτικόν.</span> 
     </span>
    </p>
   </div>
  </div>
