4076 6452
302 425 402 487 923

1465 413 1570 474 DE"
1598 413 1773 474 Vl'l‘A
1811 408 2473 470 CONTEM’PLATIVA‘.

3473 399 3578 459 9‘0

302 560 476 626 λόγων
507 554 695 608 ἰόντων
727 547 948 615 ἔξωθεν,
994 544 1117 596 ὅθεν
1168 543 1202 611 ἡ
1244 538 1526 600 πάνδεινος
1563 534 1739 605 πλάνη
1782 529 1898 584 τῶν

2030 531 2226 585 ninans
2260 528 2496 596 Spiritus
2532 528 2704 584 saucii
2731 526 2901 581 virtus
2935 534 2988 580 ct
3024 539 3239 592 semper
3272 521 3581 579 scaturiens

307 650 534 722 νοητῶν.
570 646 663 698 καὶ
719 639 1002 706 θεοὶογίας
1032 636 1201 704 αὐτῆς
1236 632 1422 695 κακῶς
1461 633 1519 694 ἐς
1555 629 1622 682 τὰ
1659 625 1899 698 μάλιστα.

312 713 434 815 Eois
461 741 557 812 τὴν
599 737 854 807 πάροδον,
886 734 988 786 οὐκ
1017 734 1080 784 ὲκ
1111 725 1338 798 καρδίας
1365 719 1768 815 ἐνεργουμένης
1791 713 1897 768 ὑπὸ

313 809 406 890 τοῦ
439 809 764 904 φωτίζοντος
793 826 930 880 Πνεύ
941 837 1129 894 ματος,
1150 819 1269 872 ὅθεν
1300 816 1409 868 τῶν
1435 811 1640 882 νοητῶν
1669 812 1704 880 ἡ
1733 809 1900 861 ἐνοει-

315 929 410 1000 δὴς
445 897 539 980 καὶ
577 919 856 989 θεολογίας
903 919 1174 985 ἄτρεπτος
1217 909 1470 1000 ἀλήθεια,
1509 907 1566 958 ἐν
1670 900 1898 1000 καθόλου

317 994 504 1088 φάναιο
537 1017 632 1070 καὶ
689 1013 798 1082 γὰρ
850 1013 907 1061 ἐν
941 1009 1008 1078 τῇ
1060 1002 1294 1074 καρδίᾳ,
1331 1002 1388 1052 ἐν
1523 997 1584 1049 οὐ
1636 994 1903 1088 πάρεστιν

320 1081 944 1184 ἐμῆιεανιῖ>ς⁴ιτῴμετὸχῳ
979 1103 1012 1171 ὴ
1058 1095 1321 1164 ζωοποιὺς
1354 1092 1449 1146 καὶ
1475 1085 1782 1158 φωτιστικὴ
1809 1081 1906 1136 τοῦ

325 1206 639 1274 ΙΙνεύματος
691 1199 942 1267 δύναμις,
976 1193 1070 1246 καὶ
1125 1193 1378 1258 ἐνέργεια
1425 1181 1746 1244 ἀειελύτως,
1797 1177 1906 1228 εἴτε

327 1300 566 1351 πνέουσα
594 1293 738 1347 θέλοι
767 1307 850 1354 τις
905 1288 1110 1356 λέγειν,
1159 1283 1270 1335 εἴτε
1320 1278 1542 1350 ῥέουσα,
1569 1274 1765 1334 ’ἐνωσις
1810 1269 1912 1321 οὐκ

327 1392 482 1444 ἐστιν
512 1389 627 1442 ἐκεῖ
657 1382 841 1454 νοερὰ,
870 1379 1006 1433 ἀλλὰ
1037 1375 1238 1446 μᾶλλον
1274 1369 1562 1441 διαίρεσις,
1599 1363 1720 1418 οὐδὲ
1750 1361 1913 1454 δύναο

337 1493 429 1552 μις
461 1480 554 1533 καὶ
584 1451 796 1538 στάσις,
846 1470 960 1526 ἀλλ’
993 1467 1251 1523 ἀσθένεια
1291 1463 1386 1518 κτιιῖ⁵
1421 1457 1748 1532 τρεπτότης,

340 1542 448 1644 μὴν
499 1569 814 1640 ἐφαμίλλως
867 1563 1005 1632 φῶς,
1056 1561 1150 1614 καὶ
1197 1560 1387 1628 ὅρασις
1433 1550 1725 1644 ἀληθείας,
1782 1542 1919 1644 ἀὶίλδι

340 1636 554 1734 palam
568 1636 778 1724 σκότος,
819 1655 920 1710 καὶ·
960 1651 1266 1723 φαντασίας
1297 1649 1500 1707 εἶκαῖοὶ
1538 1636 1924 1734 ἀναπλασμδςξ

341 1729 435 1813 καὶ
464 1757 524 1810 τὸ
553 1756 674 1809 ὅλον
720 1750 943 1818 ἀλογίας
974 1747 1071 1800 καὶ
1111 1744 1322 1811 πλάνης
1361 1738 1477 1800 ὁδός
1501 1753 1515 1767 ο
1546 1737 1606 1788 ἐν
1651 1731 1798 1802 τρισὶ
1827 1729 1922 1782 καὶ

338 1855 450 1924 γὰρ
470 1849 710 1914 τάξεσιν,
741 1845 773 1915 ἢ
792 1846 956 1905 ὁδοῖς,
973 1839 1116 1895 κατὰ
1129 1839 1254 1899 τοὺς
1271 1835 1544 1904 Πατέρας,
1566 1829 1767 1924 διιέναι·
1784 1825 1922 1924 ἔχων

339 1913 368 1999 ὁ
410 1913 565 2004 νοῦς,
591 1913 839 2006 φυσικῶς
896 1931 1122 2002 δηλαδὴ,
1165 1925 1460 1998 ὑπερφυῶς
1489 1923 1584 1976 καὶ
1632 1917 1783 1988 παρὰ
1825 1913 1925 1983 τὴν

341 2034 526 2104 φύσιν,
564 2033 704 2085 ὅταν
727 2022 1160 2092 ἐν’ὑποκειμένῳ
1185 2035 1237 2073 τι
1279 2016 1477 2087 νοητὸν
1500 2017 1527 2068 ὁ
1567 2011 1694 2076 νοῦς
1722 2008 1929 2078 θεωρῇ,

342 2117 486 2172 κατά
509 2113 672 2186 φύσιν
699 2113 822 2184 ὁρᾷ,
853 2111 1103 2183 μέντοιγε
1138 2107 1255 2179 μετ’
1293 2105 1574 2178 ἐνεργείας
1612 2107 1930 2178 ὑπερφυοῦς

345 2211 444 2264 τοῦ
481 2207 822 2278 Πνεύματος·
851 2207 980 2259 ὅταν
1005 2204 1061 2256 δὲ
1089 2203 1466 2264 ὑποστατικῶς
1494 2201 1596 2272 ὁρᾷ
1625 2201 1720 2254 καὶ
1745 2201 1844 2255 οὐκ
1871 2203 1931 2256 ἐν

355 2299 728 2370 ὑποκειμένῳ,
747 2298 980 2369 δαίμονα
1014 2296 1195 2366 τυχὸν,
1232 2293 1542 2362 ἣάγγελον,
1576 2294 1626 2346 εἰ
1658 2293 1757 2362 μὲν
1785 2294 1931 2364 ἥνω-

346 2410 436 2445 ται
464 2395 491 2444 ὁ
521 2391 644 2454 νοῦς
678 2392 735 2444 ὲν
763 2391 978 2461 είρήνῃ,
1011 2391 1102 2441 xal.
1131 2389 1162 2457 ἡ
1195 2386 1451 2457 δᾳδουχία
1480 2387 1574 2439 τοῦ
1611 2386 1929 2457 Πνεύματος

345 2482 796 2554 ἀναζωπυρεῖται
820 2481 1202 2553 σφοδρότερον,
1224 2479 1519 2549 ὑπερφυῶς
1549 2481 1670 2550 ὁρᾷ,
1696 2481 1932 2552 φανερὸν

345 2576 402 2629 δὲ
437 2576 518 2628 ὃτι
553 2577 648 2628 καὶ
679 2573 973 2636 ἀπλανῶςο
1007 2574 1056 2625 εἰ
1107 2573 1164 2624 δὲ
1201 2573 1269 2624 τὰ
1322 2573 1576 2643 ὁρώμενα
1609 2573 1751 2640 ὁρῶν
1795 2571 1933 2627 διαια

350 2671 526 2738 ρείται
570 2667 666 2720 καὶ
723 2665 1068 2738 ἀμαυροῦται
1117 2666 1146 2716 ὁ
1207 2661 1355 2727 νοῦς,
1394 2666 1489 2715 καὶ
1537 2664 1571 2732 ή
1620 2662 1852 2733 δύναμις
1898 2665 1932 2731 ὴ

2014 625 2274 690 ciiicacia,
2308 624 2423 680 sive
2454 623 2757 694 inspirans,
2779 634 2833 674 ut
2861 620 3079 690 quidam
3116 617 3225 672 dici
3247 618 3436 681 velint,
3463 618 3596 672 sive

2011 715 2207 780 ﬂuens,
2239 717 2311 770 ibi
2345 733 2451 769 non
2493 724 2578 770 est
2602 713 2900 783 spiritualis
2943 713 3096 774 unio,
3130 710 3224 764 sed
3260 709 3450 778 potius
3496 707 3579 761 di'-
3652 773 3653 776 η

2013 810 2173 868 visio.
2212 824 2385 875 neque
2419 809 2527 874 vis,
2561 824 2701 872 nequ
2726 829 2734 840 -
2763 805 3054 869 stabilitas,
3075 807 3165 857 sed
3192 804 3483 856 inﬁrmitas
3513 817 3576 855 ac

2019 904 2381 964 mutabilitas,
2408 918 2580 971 neque
2609 904 2788 955 lumen
2820 918 2882 956 ac
2918 901 3057 954 visio
3080 900 3346 962 veritatis,
3372 898 3462 952 sed
3489 911 3586 966 po-

2016 999 2121 1051 tins
2153 997 2387 1049 tenebrae
2419 1003 2472 1048 ct
2513 994 2795 1060 plautasim
2829 1009 2964 1048 vana
2998 993 3168 1052 ﬁctio.
3216 999 3268 1046 et
3297 991 3584 1045 dementizn

2017 1104 2080 1143 ac
2133 1089 2336 1141 erroris
2362 1087 2466 1140 via.
2500 1083 2726 1153 Triplici
2760 1085 2959 1139 ordine
2987 1093 3080 1138 aut
3106 1085 3190 1137 via
3220 1099 3376 1138 mens
3394 1095 3585 1153 proce-

2017 1183 2142 1236 dere
2174 1189 2369 1250 potest,
2393 1180 2546 1248 juxta
2569 1177 2778 1241 Patres,
2809 1177 3126 1231 naturaliter
3151 1190 3364 1244 nempe,
3389 1189 3578 1240 super-

2017 1273 2360 1338 naturaliter,
2399 1281 2591 1326 contra
2636 1283 2904 1324 naturam.
2937 1269 3165 1335 Quando
3193 1267 3246 1321 in
3277 1266 3580 1322 substantia

2023 1372 2257 1439 qandam
2297 1382 2451 1420 mons
2479 1366 2882 1434 contemplatur
2910 1362 3112 1433 aliquid
3165 1361 3467 1432 spirituale,
3505 1373 3593 1414 se-

2018 1460 2254 1515 cundum
2298 1467 2546 1512 naturam
2581 1459 3001 1527 contemplatur,
3031 1472 3155 1510 cum
3208 1453 3444 1511 efﬁcacia
3511 1465 3590 1509 ta-
3669 1471 3674 1474 ·

2022 1567 2146 1607 men
2183 1554 2356 1606 sancti
2404 1550 2638 1619 Spiritus
2673 1550 3110 1619 supernalurali;
3157 1549 3375 1620 quando
3409 1556 3590 1602 autem

2022 1647 2361 1717 liypostatice
2389 1645 2792 1713 contemplatur
2820 1650 2875 1696 et
2902 1658 3007 1696 non
3055 1642 3108 1696 in
3145 1641 3452 1710 supposito,
3485 1640 3595 1693 da:-

2024 1752 2236 1791 monem
2256 1737 2658 1806 contemplatur
2680 1747 2770 1790 aut
2793 1736 3065 1803 angelum.
3097 1734 3155 1788 Si
3177 1733 3397 1803 quidem
3437 1745 3594 1786 mens

2026 1828 2077 1882 in
2103 1844 2236 1899 pace
2262 1830 2504 1896 nniatur,
2537 1839 2588 1883 et
2618 1830 2853 1899 Spiritus
2894 1827 3068 1883 sancti
3108 1828 3193 1882 [ax
3229 1826 3594 1880 inflammetur

2021 1922 2280 1982 vividius.
2319 1922 2809 1992 supernaturaliter
2831 1917 3259 1988 centemplatur,
3294 1916 3587 1972 manifeste

2022 2030 2088 2070 ac
2115 2017 2233 2070 sine
2262 2030 2448 2069 errore
2474 2029 2489 2078 ;
2523 2014 2568 2066 si
2621 2028 2749 2068 vero
2775 2013 3008 2068 visibilia
3039 2011 3420 2082 contemplans
3445 2010 3593 2064 divi-

2020 2107 2179 2160 datur
2195 2115 2247 2162 et
2271 2107 2572 2161 inﬁrmatur
2599 2121 2774 2172 mens,
2804 2115 2858 2160 et
2897 2090 3106 2160 vivi'ﬁca
3165 2104 3339 2158 virtus
3385 2101 3593 2158 exstin-

2023 2209 2240 2274 guatur,
2264 2211 2392 2255 tunc
2416 2210 2602 2256 contra
2628 2208 2879 2254 naturam
2902 2196 3044 2254 videt
3073 2205 3127 2252 et
3152 2198 3268 2251 haec
3287 2195 3594 2251 esterroris

2021 2293 2426 2360 contemplatio.
2480 2293 2602 2347 Ide.)
2649 2307 2758 2346 non
2823 2300 3044 2359 Oportet
3100 2298 3335 2344 mentem
3405 2289 3588 2343 inlen-

2021 2385 2150 2440 dere
2183 2386 2250 2440 ad
2277 2386 2610 2452 spiritualem
2637 2384 2897 2438 visionem
2929 2383 3285 2454 liypostatice,
3319 2395 3492 2450 neque
3516 2381 3598 2435 vi-

2023 2477 2405 2533 sionicredere
2434 2477 2946 2548 quomodocunque,
2979 2477 3081 2530 nisi
3129 2491 3225 2529 cor
3257 2475 3414 2541 juxta
3465 2488 3603 2542 pra:-

2024 2571 2166 2626 dicta
2209 2580 2492 2625 moveatur
2520 2580 2572 2625 et
2596 2570 2859 2626 uinciatur
2891 2569 3125 2638 Spiritus
3169 2569 3342 2624 sancti
3372 2567 3597 2636 virtute,

2025 2667 2068 2720 si
2095 2665 2292 2718 mentis
2322 2678 2466 2716 suum
2488 2664 2858 2731 sapientisque
2892 2679 3012 2717 esse
3042 2664 3200 2716 velim
3215 2680 3301 2718 ns.

350 2761 624 2830 ζωοποιὸς
669 2759 982 2825 σϐέννυταὶ,
1013 2757 1169 2826 παρὰ
1213 2756 1380 2826 φύσιν
1412 2754 1540 2827 ὁρᾷ,
1593 2754 1688 2806 καὶ
1726 2752 1829 2820 τῆς
1872 2752 2081 2818 πλάνης
2117 2753 2265 2804 ἐστὶν
2298 2751 2481 2823 ἐκείνη
2514 2755 2546 2823 ἡ
2576 2753 2788 2822 ὅρασις.
2831 2753 2933 2803 Διὰ
2963 2749 3122 2804 τοῦτο
3172 2752 3273 2806 οὐκ
3306 2751 3617 2806 ἀνατείνει-ι

351 2861 446 2912 τὸν
481 2855 610 2910 νοῦν
646 2854 786 2925 πρὸς
824 2853 1015 2924 ὅρασιν
1043 2850 1430 2920 πνευματικὴν
1459 2845 1850 2906 ὑποστατικῶς
1882 2847 2012 2914 χρὴ,
2059 2843 2183 2896 οὐδὲ
2214 2845 2281 2914 τῇ
2330 2843 2522 2914 ὁράσει
2565 2842 2846 2895 πιστεύειν
2887 2842 2985 2896 καὶ
3031 2842 3306 2910 ὁπωσοῦν,
3345 2846 3422 2916 μὴ
3459 2849 3615 2916 ἐνερ-

355 2951 634 3021 γουμένης
661 2950 809 3004 κατὰ
852 2949 920 3002 τὰ
957 2947 1296 3020 προκείμενα
1342 2945 1445 3014 τῆς
1473 2942 1704 3012 καρδίας
1736 2940 1830 2993 καὶ
1863 2938 2200 3008 κινουμένης
2254 2935 2361 2988 ὑπὸ
2400 2935 2500 3007 τῆς
2542 2935 2636 2988 τοῦ
2672 2935 2828 3004 ἁγίου
2863 2935 3151 3004 δυνάμεως
3192 2938 3535 3007 Ηνεύμαιος,
3570 2942 3622 2993 εἰ

341 3047 662 3119 ,μέλλοιμεν
687 3043 1028 3114 ὑγιαίνοντος
1058 3038 1203 3095 εἶναι
1237 3039 1326 3094 νοῦ
1354 3039 1446 3092 καὶ
1483 3037 1786 3109 σώφρονος.

424 3137 529 3192 πε’.
566 3137 720 3200 Τινὲς
767 3137 1005 3207 οὐρανίῳ
1037 3137 1213 3206 δρόσῳ
1247 3137 1344 3201 τῆς
1384 3135 1645 3205 χάριτος,
1683 3132 1782 3204 τὴν
1822 3137 1930 3186 τῶν

2107 3111 2196 3168 85.
2223 3109 2456 3177 Quidam
2489 3109 2697 3164 caelesti
2740 3110 2926 3182 galia:
2959 3121 3081 3162 rore
3135 3122 3360 3160 suarum
3394 3104 3609 3173 cupidi-

353 3229 630 3298 σφετέρων
661 3228 849 3282 παθῶν
878 3229 1189 3299 φλεγμονὴν
1227 3227 1410 3290 καλῶς
1449 3242 1513 3295 γε
1557 3224 1842 3289 ποιοῦντες
1875 3227 1930 3289 ἐς

2040 3219 2208 3262 latum
2244 3206 2520 3268 ardorem‘,
2557 3204 2760 3274 Optime
2794 3217 2851 3256 se
2881 3215 3151 3272 gerentes,
3178 3214 3378 3254 curare
3407 3214 3613 3253 conan-

353 3320 681 3391 ταμάλιστα,
738 3320 989 3384 ἐξιᾶσθαι
1043 3319 1379 3392 πειρῶνταιο
1417 3318 1548 3389 περὶ
1603 3313 1678 3372 ὧν
1731 3318 1932 3390 δηλαδὴ

355 3411 683 3478 γέγραπταιο
706 3429 725 3461 ι
746 3410 812 3463 '11
834 3410 1024 3481 δρόσος
1049 3411 1081 3481 η
1110 3411 1260 3480 παρὰ
1276 3408 1368 3462 σοῦ
1395 3409 1532 3478 ίαμα
1558 3409 1684 3479 ἡμῖν
1705 3407 1878 3465 ἔσται.
1911 3426 1929 3460 ι

353 3501 475 3552 Τισὶ
502 3501 558 3554 δὲ
591 3501 682 3570 ἣδε
721 3503 754 3571 ἡ
787 3503 1054 3573 εἰρημένη
1101 3501 1315 3572 δρόσος,
1368 3500 1579 3570 μείζονί
1634 3519 1752 3564 πως
1782 3503 1936 3554 ἀντι-

355 3589 516 3664 λήψει
545 3593 663 3664 θείᾳ
697 3593 929 3664 ἥνωται,
959 3595 1053 3646 καὶ
1086 3595 1166 3656 είς
1196 3594 1374 3661 μάννα
1408 3596 1807 3664 μεταποιεῖται,
1840 3593 1939 3648 καίλ

355 3685 430 3746 ὼς
467 3684 539 3737 ἄν
579 3700 672 3736 ποι
716 3685 780 3737 ἐκ
808 3701 954 3749 τινος
987 3685 1138 3739 σίτου
1179 3686 1572 3756 ἁρτοποιείται,
1615 3684 1938 3756 συντριμρῷ

357 3775 664 3844 Μρδιακῆς
691 3774 1098 3842 ταπεινώσεως,
1124 3773 1278 3828 ὕδατί
1300 3793 1359 3828 τε
1388 3775 1659 3846 δακρύων,
1682 3777 1772 3826 καὶ
1803 3776 1940 3845 πυρὶ

357 3865 737 3936 πνευματικῆς
786 3864 1079 3934 γνώσεως,
1138 3863 1375 3931 ἐπαξίως
1422 3866 1582 3919 τοῦτο
1643 3869 1740 3918 καὶ
1794 3865 1940 3934 μάλα

357 3957 584 4020 είκὸτως
640 3959 970 4024 πεπονθυῖα,
1013 3958 1107 4012 καὶ
1137 3958 1217 4022 εἷς
1246 3975 1311 4027 γε
1369 3958 1575 4029 βρῶσιν
1623 3957 1938 4029 άγγελοειδῆ

358 4055 746 4119 προσήκουσαν
807 4052 1091 4120 γεγονυῖα,
1151 4051 1282 4121 περὶ
1331 4045 1406 4104 ὧν
1457 4051 1696 4118 εὐλόγως
1736 4054 1810 4114 ὡς
1871 4053 1941 4104 τά

362 4140 531 4196 πολλὰ
560 4142 799 4214 είρηταιο
830 4162 848 4196 ι
879 4143 1078 4214 ’Ἄρτον
1100 4143 1346 4213 ἀγγέλων
1370 4142 1574 4213 ἔφαγεν
1597 4143 1936 4214 ἄνθρωπος.»

314 4269 321 4275 -
361 4233 482 4287 Εἰσὶ
508 4234 586 4299 δὲ,
616 4230 700 4296 οἷς
755 4233 897 4287 κατὰ
946 4232 1218 4304 πρόϐασίν
1246 4231 1563 4304 ὑψηλοτέρῳ
1607 4233 1712 4285 τινὶ
1757 4232 1942 4303 τρόπῳ

359 4325 552 4393 γέγονε
583 4327 677 4377 καὶ
707 4325 1004 4378 ὁπτάνεται
1031 4323 1239 4377 ἑαυτῶν
1270 4324 1304 4395 η
1330 4323 1488 4392 φύσις
1521 4323 1698 4394 μάννα
1719 4320 1906 4390 σαφῶς
1924 4337 1937 4350 ·

360 4418 489 4490 περ).
517 4410 592 4470 ὧν
623 4417 692 4471 τά
723 4416 1031 4486 Εὐαγγέλιά
1075 4431 1245 4486 φησι·
1287 4433 1306 4468 ι
1332 4415 1405 4467 Τὸ
1437 4415 1838 4486 γεγεννημένον
1873 4415 1938 4468 ἐκ

361 4509 456 4564 τσῦ
497 4509 840 4580 πνεύματος,
888 4508 1112 4578 πνεῦμά
1167 4511 1336 4561 ἐστιν.
1364 4527 1383 4560 ι
1440 4508 1504 4560 Ἡ
1556 4510 1749 4578 πρώτη
1790 4505 1943 4572 τάξις

2039 3314 2160 3368 tur;
2217 3302 2282 3355 de
2315 3299 2514 3369 quibus
2568 3313 2700 3352 sane
2735 3297 3000 3366 scriptum
3030 3303 3111 3348 est
3143 3312 3157 3349 ι
3191 3313 3208 3346 ι
3251 3292 3360 3349 Ros
3405 3296 3497 3364 qui
3541 3311 3610 3351 ex

2039 3404 2089 3450 te
2157 3394 2365 3459 deﬂuit,
2459 3391 2613 3446 nobis
2701 3401 2786 3446 est
2873 3388 3216 3444 medicina.»
3269 3388 3610 3454 Quibusdam

2036 3504 2165 3544 vero
2197 3487 2486 3558 praedictus
2534 3500 2648 3548 ros,
2702 3483 2907 3554 majore
2965 3483 3199 3554 quadam
3247 3485 3436 3551 gratiae
3487 3497 3614 3537 sus-

2037 3576 2306 3646 ceptione,
2363 3576 2579 3644 cogitur
2613 3583 2666 3627 et
2716 3573 2769 3627 in
2801 3589 2994 3628 marma
3043 3576 3492 3638 transformatur,
3551 3587 3608 3630 et

2039 3675 2299 3737 tanquam
2326 3682 2390 3720 ex
2418 3666 2651 3735 quodam
2683 3664 2960 3720 frumento
2996 3669 3148 3734 panis
3179 3667 3430 3728 efﬁcitur,
3480 3683 3611 3722 cor-

2040 3761 2124 3816 dis
2150 3761 2414 3814 liumiliati
2455 3759 2802 3821 contritione,
2838 3765 2894 3811 et
2950 3757 3313 3828 lacrymarnm
3339 3774 3504 3826 aqua,
3553 3771 3609 3812 et

2039 3851 2336 3920 spiritualis
2361 3849 2601 3904 St‘it'lllia!
2631 3848 2871 3914 “anima,
2906 3847 2957 3900 id
2988 3850 3200 3915 patiens
3223 3851 3384 3920 digne
3407 3863 3460 3905 et
3495 3867 3614 3906 mc-

2038 3945 2164 4008 rito,
2197 3949 2252 3996 et
2304 3941 2358 3995 in
2392 3942 2687 4010 angelicam
2744 3954 2922 3994 escam
2951 3954 3273 4004 conversus,
3302 3943 3368 3995 de
3407 3945 3612 4010 quibus

2037 4033 2455 4106 Optlmedicmm
2478 4041 2589 4086 est:
2625 4049 2644 4083 ι
2677 4032 2880 4084 Panem
2909 4033 3226 4100 angelorum
3255 4037 3604 4089 manducavit

2037 4129 2223 4183 homo.
2255 4143 2276 4179 ι
2313 4123 2646 4180 Suntautem
2669 4124 2870 4194 quibus
2911 4124 2961 4176 in
2999 4125 3083 4178 via
3129 4124 3363 4194 quodam
3395 4127 3617 4182 excelso-

2039 4220 2202 4275 modo
2296 4219 2497 4273 factum
2537 4225 2642 4286 ~cst
2699 4228 2752 4272 et
2809 4217 3024 4272 videtur
3108 4219 3352 4286 ipsorum
3412 4231 3608 4276 natura

2041 4325 2236 4365 manna
2291 4306 2620 4375 manifeste;
2652 4308 2720 4364 de
2775 4308 2976 4377 quibus
3035 4308 3228 4363 dicunt
3279 4309 3615 4380 Evangelia:

2044 4419 2064 4454 ι
2103 4400 2259 4468 Quod
2301 4399 2506 4455 factum
2551 4405 2638 4454 est
2671 4414 2738 4453 ex
2781 4397 3266 4469 Spiritu,Spiritus
3311 4411 3414 4457 est.
3453 4421 3472 4454 ι
3503 4402 3624 4458 ιιισὶυ

2041 4488 2163 4549 ιιιυέ
2191 4495 2324 4550 ordo
2350 4493 2673 4564 sapientiora
2709 4491 2762 4546 in
2803 4507 2936 4564 pace
2966 4493 3277 4563 degentium
3310 4496 3448 4550 ordo
3485 4508 3570 4552 est
3597 4513 3625 4564 ;;

363 4602 688 4674 ήσυχαστῶν
714 4602 894 4672 σοφῶν
911 4617 926 4633 ·
955 4603 989 4671 ἠ
1014 4600 1134 4670 μετ’
1157 4601 1328 4671 αὐτὴν
1353 4602 1448 4654 καὶ
1473 4601 1685 4671 σιωπὴν
1714 4602 1930 4654 ἀσκούν-

2045 4588 2341 4652 secundus,
2367 4598 2558 4640 eorum
2599 4585 2693 4657 qui
2720 4586 3000 4641 silentium
3027 4595 3250 4642 servant
3273 4603 3398 4643 eum
3429 4591 3626 4644 divina-

364 4712 493 4760 των,
548 4693 688 4764 μετὰ
750 4696 849 4766 τῆς
911 4693 1064 4758 θείας
1115 4691 1406 4762 γνώσεως⁶
1469 4693 1504 4763 ἡ
1547 4691 1606 4745 δέ
1644 4708 1708 4761 γε
1759 4692 1943 4763 τρίτη,

363 4786 704 4856 ήπὶωμένων
751 4784 983 4839 καθόλου
1033 4785 1129 4838 καὶ
1184 4783 1568 4854 ἠλλοιωμένων
1618 4784 1677 4835 ἐν
1723 4781 1944 4854 Χριστῷ

361 4877 550 4946 ,Ἰησοῦ
576 4877 657 4950 τῷ
681 4878 874 4949 Κυρίῳ
904 4876 1086 4948 ἡμῶν.

328 4978 330 4980 ⁷
434 4969 553 5035 πς’.
586 4968 876 5039 Διαφυγὼν
907 4970 995 5023 διά
1028 4971 1127 5040 τῆς
1158 4971 1404 5042 χάριτος,
1427 4969 1502 5035 ὡς
1532 4968 1698 5035 είκὸς,
1722 4965 1942 5038 Φαραὼ,

365 5059 459 5111 καὶ
487 5060 763 5127 Αἰγυπτον
793 5061 887 5114 καὶ
931 5062 1091 5114 τάκεῖ
1122 5060 1272 5114 δεινὰ
1299 5059 1393 5113 καὶ
1427 5059 1701 5130 ἐπίμοχθα
1741 5057 1947 5127 νοητῶς

363 5152 392 5202 ὁ
421 5150 566 5214 νοῦς,
603 5153 696 5204 καὶ
729 5152 831 5222 μέν
867 5169 929 5221 γε
966 5154 1065 5222 τὴν
1113 5151 1528 5220 κυματίζουσαν
1569 5151 1797 5222 πικρίας
1846 5150 1946 5203 κύ-

367 5262 511 5316 ματα
547 5245 793 5316 ἐμπαθῆ,
827 5247 923 5299 καὶ
951 5245 1236 5315 άλμὼδους
1280 5244 1482 5306 κακίας
1516 5243 1789 5315 σαρκικὴν
1831 5242 1946 5313 βιο-

363 5337 483 5408 τὴν,
530 5336 626 5390 καὶ
655 5341 714 5390 ἐν
764 5339 932 5408 νοητῇ
985 5337 1180 5408 ἐρήμῳ
1216 5337 1508 5406 γενόμενος
1555 5334 1799 5406 δηλονότι
1834 5334 1949 5400 ἕξει

365 5429 765 5504 άπηλλαγμένῃ
821 5429 1188 5501 Φαραωνιτῶν
1236 5429 1474 5501 νοητῶν·
1508 5429 1604 5484 καὶ
1649 5427 1950 5500 ξυλλήὸδην

368 5522 564 5588 εἰπεῖν,
602 5522 672 5574 τά
706 5523 825 5575 τότε
855 5524 970 5583 τοῖς
1006 5521 1285 5593 Ἑϐραίοις
1322 5520 1673 5591 συμπεσόντα
1717 5519 1836 5573 κατ’
1866 5521 1950 5573 αί-

370 5617 563 5682 σθησιν
590 5613 824 5684 χαλεπὰ,
852 5614 1058 5685 νοητῶς
1092 5614 1188 5667 καὶ
1221 5613 1411 5667 παθὼν
1443 5613 1541 5666 καὶ
1587 5611 1945 5682 ἀπαλλαγεὶς,

369 5710 546 5778 μάννα
595 5708 654 5772 ἐξ
692 5708 960 5779 ἑπομένου
990 5707 1164 5762 ἐσθίει
1213 5707 1427 5778 νοητὸν,
1482 5705 1735 5775 αίσθήσει
1772 5703 1949 5774 ψυχῆς

364 5799 646 5868 ἀσφαλῶς,
698 5793 760 5853 οὗ
791 5794 964 5854 τύπον
1010 5800 1073 5854 τὺ
1117 5799 1289 5854 πάλαι
1333 5798 1520 5870 ἢσθιεν
1553 5798 1583 5850 ὁ
1620 5795 1833 5868 Ἰσραὴλ
1865 5797 1946 5850 αἰ-

369 5892 601 5963 σθητῶς.
629 5895 739 5948 Καὶ
768 5894 912 5949 κατὰ
940 5895 1038 5966 μὲν
1066 5893 1163 5959 τὰς
1189 5893 1386 5966 ἀρχὰς,
1429 5889 1580 5945 ἔστιν
1615 5892 1702 5943 ὅτε
1733 5905 1940 5962 μεμνηο

2045 4679 2304 4745 scientia;
2333 4678 2549 4744 tertius,
2579 4694 2768 4734 eorum
2801 4679 2892 4748 qui
2924 4680 3148 4732 omnino
3181 4680 3460 4750 simplices
3481 4684 3625 4735 cile-

2045 4771 2119 4824 cti
2147 4779 2275 4825 sunt
2299 4781 2354 4826 et
2379 4772 2632 4826 conversi
2695 4771 2748 4824 in
2781 4770 3002 4826 Christo
3033 4768 3185 4835 Iesu,
3229 4770 3456 4827 Domino
3512 4791 3631 4830 no-

2045 4871 2182 4919 Sll‘O.

2115 4954 2204 5010 86.
2233 4953 2528 5025 Postquam
2559 4970 2654 5024 per
2689 4957 2942 5025 gratiam,
2968 4964 3025 5011 ut
3049 4957 3228 5022 decet,
3266 4957 3624 5015 Pharaonem:

2043 5055 2098 5102 et
2126 5045 2420 5118 Egyptum
2455 5055 2509 5100 et
2539 5063 2661 5116 qua:
2691 5049 2742 5100 in
2772 5047 2873 5102 hac
2913 5050 3136 5118 regione
3171 5052 3435 5106 terribilia
3484 5063 3622 5108 suns

2043 5147 2097 5192 ct
2124 5139 2310 5192 labore
2332 5139 2489 5208 plena
2524 5155 2679 5193 mens
2701 5141 3061 5208 spiritualiter
3085 5143 3295 5214 eﬂugit.
3335 5147 3627 5216 vitamque

2042 5232 2429 5286 amaritudinis
2486 5230 2746 5288 ﬂuctibus
2800 5233 3057 5303 agitatam
3116 5244 3171 5289 et
3209 5237 3376 5292 vitam
3428 5253 3626 5294 amara-

2044 5326 2248 5379 tnalitia
2301 5326 2573 5380 carnalem
2601 5341 2614 5390 ;
2647 5337 2697 5379 et
2730 5327 2781 5379 in
2810 5326 3081 5396 spirituali
3107 5327 3324 5383 deserto
3359 5329 3621 5398 spiritua-

2043 5418 2188 5472 libus
2212 5415 2590 5471 Pliaraonibns
2623 5416 2852 5470 liberata
2881 5417 3170 5484 consistit;
3204 5428 3257 5473 et
3283 5430 3341 5474 ut
3373 5423 3621 5475 breviter

2044 5511 2255 5580 loquar,
2292 5524 2631 5580 quacunque
2667 5509 2911 5563 Hebraeis
2933 5512 3249 5565 acciderunt
3282 5514 3422 5566 mala
3452 5515 3627 5582 spirit

2042 5601 2268 5656 tnaliter
2287 5611 2342 5654 et
2368 5616 2627 5670 perpessa
2656 5609 2739 5655 est
2771 5611 2823 5656 et
2841 5602 3050 5671 reiecit,
3075 5615 3475 5673 consequenter
3499 5607 3624 5676 spir

2039 5692 2237 5748 rituale
2264 5707 2462 5746 manna
2495 5691 2814 5754 manducat,
2848 5707 3044 5747 securo
3076 5694 3272 5748 aninne
3303 5709 3488 5759 sensu,
3519 5711 3625 5750 cu-

2034 5785 2124 5856 jus
2149 5784 2376 5854 ﬁguram
2401 5781 2528 5835 olim
2562 5782 2896 5836 sensibiliter
2919 5782 3085 5837 [srael
3117 5785 3484 5840 inandnCavit.
3509 5788 3566 5841 Et
3595 5803 3622 5840 ι·

2040 5876 2336 5948 Postquam
2367 5875 2607 5946 incepit,
2639 5890 2852 5931 memor
2897 5875 3212 5947 cogitabilia
3244 5878 3413 5948 cupit,
3445 5888 3503 5934 ut
3532 5881 3615 5935 illi:
