4076 6450
462 361 565 422 93')

1585 349 1930 426 CALLlSTI
1974 366 2594 441 CATAPI-IUG’IOTJE

3631 390 3731 465 936

457 485 730 548 optatum,
787 473 1063 547 puriﬁcat,
1127 493 1145 529 ι
1209 477 1386 547 inquit
1439 481 1739 551 theologica
1791 484 2019 557 Cregori

2117 540 2123 549 .
2155 477 2317 530 πλέον
2339 495 2351 508 ·
2377 481 2712 548 ποθούμενον
2742 479 2822 544 δὲ,
2850 481 3121 554 καθαίρει.
3161 503 3178 536 ι
3218 483 3382 554 φησὶν
3415 486 3445 555 ἡ
3477 487 3724 556 θεολόγος

457 585 581 624 νοτ.
615 569 753 623 Cum
793 570 1094 635 mandavit,
1128 571 1219 624 Dei
1253 586 1355 627 nos
1388 572 1597 628 similes
1631 575 1830 642 eﬂieit;
1873 588 1926 633 et
1960 593 2044 634 ta-

457 665 601 716 lihus
633 661 863 726 effectis,
895 662 1182 716 nobiseum
1219 672 1474 734 tanquam
1516 681 1638 720 cum
1681 667 2044 728 familiaribus

455 764 838 812 conversatur.
893 753 959 807 Et
1022 770 1130 808 non
1180 755 1342 809 modo
1391 756 1470 811 sic
1514 757 1676 820 Deus,
1710 760 1804 815 sed
1853 769 1906 815 et
1949 763 2042 832 qui

452 849 701 904 mnndati
735 857 881 912 sunt,
920 865 1042 902 cum
1093 849 1275 902 dit'ina
1330 850 1383 904 in
1433 852 1639 921 Spiritu
1702 868 1766 908 ac
1818 857 2046 913 veritate

457 941 598 1009 ipsis
650 940 866 1010 pmpria
903 940 1046 993 facta
1093 941 1228 1004 sint,
1273 951 1326 996 et
1378 944 1430 997 in
1483 945 1592 1000 Deo
1649 948 2042 1018 inveniantur;

453 1033 596 1086 unde
627 1042 679 1086 ct
714 1031 1004 1098 theologus
1037 1033 1264 1099 adjicit:
1303 1051 1321 1084 ι
1360 1034 1500 1088 Dens
1527 1053 1650 1091 cum
1689 1040 1800 1094 Diis
1853 1044 2040 1098 nnitus

449 1135 503 1177 et
538 1127 604 1178 ab
638 1126 769 1194 ipsis
809 1126 1091 1194 cognitus.
1126 1145 1153 1176 a
1195 1124 1362 1181 Vides
1392 1144 1554 1197 quam
1605 1131 1925 1187 admiranda
1972 1135 2045 1188 sit

449 1235 512 1272 ea
545 1218 694 1272 nmio.
728 1237 746 1268 ‹
786 1217 951 1281 Deus,
981 1221 1162 1291 inquit
1193 1224 1370 1288 enim,
1407 1239 1530 1277 cum
1565 1225 1669 1280 diis
1704 1227 1947 1284 ιιηῑιιιε.ι
1982 1229 2038 1284 Si

451 1323 632 1364 autem
659 1312 977 1366 eornntdem
1035 1315 1166 1365 unio
1194 1315 1307 1377 ﬁat,
1336 1309 1686 1371 manifestum
1715 1330 1797 1373 est
1818 1321 2039 1376 easdem

452 1419 677 1475 queque
709 1420 832 1460 esse
882 1420 951 1460 ex
1004 1408 1208 1460 unione
1260 1409 1652 1476 dispositiones
1685 1427 1750 1465 ac
1789 1413 2037 1467 delicias.

453 1496 581 1550 Ideo
622 1497 772 1550 addit
806 1512 820 1549 :
861 1515 879 1547 ι
929 1507 982 1551 ct
1015 1499 1274 1568 cognitus
1309 1517 1325 1556 :
1367 1519 1386 1554 ι
1434 1501 1609 1572 igitur
1644 1504 1734 1572 qui
1770 1515 1898 1558 sunt
1934 1507 2041 1560 Deo

454 1588 664 1642 similes
697 1598 750 1642 et
779 1589 852 1643 dii
883 1606 946 1643 ex
981 1593 1179 1658 gratia.
1213 1609 1338 1646 cum
1365 1596 1500 1661 ipsis
1531 1595 1716 1650 divina
1756 1599 1866 1651 sint
1911 1615 2040 1668 pro-

453 1683 594 1753 pria,
643 1693 696 1737 et
743 1698 866 1736 cum
934 1683 1040 1736 Deo
1092 1697 1492 1742 convcrsantur
1525 1699 1578 1744 et
1623 1704 1747 1744 eum
1817 1701 2040 1759 norunt,

450 1776 914 1846 quemadmodum
950 1788 998 1830 r-t
1038 1777 1179 1832 Deus
1215 1781 1499 1851 analogice
1523 1798 1618 1837 eos
1661 1783 1752 1854 qui
1789 1784 2034 1839 d;vinam

2154 571 2458 642 Γρηγορίου
2483 573 2657 641 φωνὴ,
2695 591 2714 624 ‹
2749 573 3010 646 καθαῖρον
3028 576 3104 640 δὲ,
3126 575 3382 641 θεοειδεῖς
3416 580 3727 651 ἀπεργάζεο

2151 678 2264 727 ται,
2296 664 2557 726 τοιούτοις
2594 665 2652 717 δὲ
2680 667 3015 734 γενομένοις,
3043 668 3119 730 ὡς
3159 669 3380 734 οἰκείοις
3427 672 3528 743 ήδη
3559 689 3728 743 προσο

2150 757 2349 825 ομιλεῖ.
2397 757 2535 808 Ἀλλ’
2561 757 2620 810 οὐ
2654 757 2815 828 μόνον
2854 759 3027 823 οὕτως
3055 762 3082 814 6
3111 760 3262 825 Θεὸς,
3292 763 3427 816 ἀλλά
3460 767 3550 817 καὶ
3583 766 3637 818 οἵ
3666 783 3726 835 γε

2152 848 2520 918 καθαρθέντες
2562 851 2759 920 ταύτῃ,
2808 851 2882 914 ὡς
2930 854 3152 917 οἰκείοις
3203 857 3260 907 ὲν
3315 857 3585 928 πνεύματι
3636 861 3729 911 καὶ

2151 940 2382 1012 ἀληθείᾳ
2402 944 2515 1005 τοῖς
2545 941 2712 1007 θείοις
2739 937 2838 997 ’καὶ
2864 945 2942 1014 τῷ
2979 945 3098 1016 Θεῷ
3137 949 3576 1018 ἐντυγχάνουσιν,
3607 951 3728 1004 ὅθεν

2151 1034 2247 1087 καὶ
2283 1037 2311 1087 ό
2333 1035 2597 1103 Θεολόγος
2619 1037 2828 1090 ἔπεισι·
2860 1056 2877 1089 ι
2901 1038 3033 1102 Θεὸς
3063 1039 3204 1102 θεοῖς
3235 1040 3522 1111 ὲνούμενός
3544 1059 3603 1095 τε
3633 1043 3726 1096 καὶ

2149 1125 2572 1198 γνωριζόμενος.
2612 1146 2630 1179 ι
2672 1129 2834 1199 Ὁρᾷς
2863 1128 2924 1181 τὸ
2949 1128 3260 1200 θαυμαστὸν
3303 1131 3400 1198 τῆς
3438 1131 3720 1197 ὲνὼσεωςς

2146 1217 2278 1283 Θεὸς
2310 1222 2439 1290 γὰρ,
2480 1221 2612 1290 φησὶ
2638 1223 2799 1286 ,θεοῖς
2824 1223 3131 1291 ὲνούμενος.
3164 1223 3226 1275 Εἰ
3272 1222 3328 1275 δὲ
3371 1224 3478 1275 τῶν
3508 1225 3720 1295 ὁπωσδὴ

2145 1311 2360 1364 ταυτῶν
2392 1313 2609 1376 ἓνωσις,
2642 1313 2800 1384 δῆλον
2840 1315 2922 1368 ὃτι
2966 1317 3060 1368 καὶ
3092 1315 3190 1384 τῆς
3247 1315 3491 1379 ὲνώσεως
3524 1317 3580 1368 αἱ
3609 1316 3718 1369 δια-

2146 1400 2325 1468 θέσεις
2370 1405 2464 1459 καὶ
2513 1405 2840 1468 ἀπολαύσεις
2893 1407 3208 1477 ἐφαμίλλως
3255 1407 3310 1459 αἰ
3351 1407 3530 1461 αὐταί.
3575 1410 3650 1459 Δι’
3691 1409 3720 1460 ὃ

2145 1513 2302 1567 φησι,
2329 1497 2424 1550 καὶ
2445 1497 2848 1570 γνωριζόμενος
2868 1516 2882 1531 ο
2917 1499 3179 1562 ὡσαύτως
3205 1500 3312 1571 ἀρα
3346 1500 3439 1554 καὶ
3469 1502 3517 1554 οἰ
3552 1499 3718 1554 θεοει-

2143 1589 2252 1652 δεῖς
2279 1594 2372 1642 καὶ
2403 1589 2515 1644 θεοὶ
2547 1592 2611 1644 ἐκ
2635 1591 2733 1661 τῆς
2768 1593 3011 1664 χάριτος,
3034 1591 3109 1656 ὼς
3146 1593 3367 1656 οἰκείοις
3395 1596 3508 1656 τοῖς
3532 1593 3711 1657 θείοις,

2144 1687 2239 1737 καὶ
2277 1683 2354 1753 τῷ
2396 1683 2516 1755 Θεῷ
2555 1685 2804 1755 ὁμιλοῦσι
2849 1689 2944 1739 καὶ
2985 1687 3364 1756 γνωρίζουσιν,
3405 1687 3481 1750 ὡς
3512 1689 3540 1740 6
3585 1687 3714 1751 Θεὸς

2139 1775 2343 1844 τρόπον
2373 1778 2636 1848 ἀνάλογον
2657 1779 2874 1849 θεωρεῖ,
2896 1779 2990 1834 καὶ
3012 1779 3352 1852 προσομιλεῖ,
3388 1780 3479 1833 καὶ
3501 1779 3713 1832 ἑνοῦται

451 1871 684 1922 formam
745 1871 967 1925 habent.
1022 1883 1078 1924 ut
1126 1873 1331 1926 dictum
1368 1884 1473 1941 est,
1503 1887 1557 1938 et
1591 1877 1667 1931 dii
1703 1887 1860 1941 sunt,
1897 1895 2024 1933 con-

2134 1872 2250 1934 τοῖς
2281 1870 2422 1924 κατά
2464 1871 2532 1924 τὰ
2566 1872 2835 1942 εἰρημένα
2863 1871 3125 1927 θεοειδέσι
3153 1873 3389 1938 τελοῦσι,
3421 1875 3516 1930 καὶ
3539 1877 3708 1944 θιοξο

450 1965 744 2029 templatur
776 1975 828 2016 et
873 1981 998 2017 cum
1037 1965 1105 2017 iis
1137 1977 1498 2022 conversatur
1532 1979 1585 2024 et
1635 1972 1845 2026 nnitur.
1889 1973 2024 2030 Undt

2129 1963 2383 2016 ἐντεῦθεν
2416 1966 2443 2017 6
2480 1965 2656 2035 μέγας
2705 1966 3055 2037 προστίθησι,
3097 1969 3188 2021 καὶ
3235 1969 3336 2023 οὐκ
3383 1971 3709 2042 ἀπεικότως,

448 2070 679 2126 magnus
739 2056 828 2109 ille
857 2057 943 2109 vir
991 2057 1162 2123 addit,
1197 2075 1296 2113 nec
1320 2059 1614 2125 immerito,
1646 2073 1703 2117 ut
1735 2064 1784 2117 id
1815 2068 2042 2120 demon-

455 2154 595 2199 stret
640 2163 652 2199 :
697 2165 716 2198 ι
755 2145 818 2200 Ει
851 2156 1066 2200 tantum
1121 2149 1266 2202 forte
1305 2147 1451 2204 Deus
1481 2165 1510 2204 a
1567 2154 1782 2208 mundis
1832 2163 1886 2209 et
1935 2156 2041 2212 diis

447 2239 562 2296 itlis
596 2239 870 2303 noscitur,
907 2250 1172 2310 quantum
1232 2242 1343 2310 jam
1384 2260 1482 2298 eos
1537 2248 1716 2300 noscit
1759 2247 2041 2318 analogice

445 2333 537 2402 qui
585 2346 782 2385 natura
810 2332 958 2386 Dens
985 2347 1082 2388 eos
1120 2345 1179 2387 ut
1223 2335 1357 2387 deos
1399 2337 1697 2406 adoptione
1746 2339 1894 2395 fecit.
1928 2339 2040 2396 l’e-

445 2434 578 2494 puta
612 2425 778 2493 igitur
803 2438 912 2492 quo
958 2425 1010 2476 in
1036 2425 1208 2492 gradu
1241 2425 1310 2480 ab
1339 2426 1472 2495 ipsis
1506 2431 1803 2485 ιιυδιέιίινῖ
1832 2431 2039 2488 Beatis-

445 2517 572 2571 simi
606 2517 769 2586 igitur
789 2517 880 2584 qui
915 2516 982 2570 ad
1011 2517 1102 2571 Dei
1132 2519 1401 2573 visionem
1433 2531 1482 2573 et
1517 2524 2032 2593 contemplationem

444 2609 840 2663 convenienter
891 2610 1020 2664 totis
1071 2611 1270 2666 animae
1323 2628 1386 2665 ac
1438 2615 1684 2670 scientiae
1730 2619 2034 2687 spiritualis

442 2702 674 2768 viribus,
711 2716 838 2756 cum
885 2703 1222 2769 eos'videas,
1253 2705 1324 2759 ob
1371 2705 1464 2761 Dei
1500 2708 2033 2779 incomprehensibi-

445 2794 654 2847 litatem
694 2810 761 2848 ex
806 2793 924 2862 ejus
976 2798 1302 2862 aiternitate,
1339 2799 1706 2866 inlinitudiue,
1751 2802 2034 2860 immensi-

443 2894 575 2946 tate,
615 2887 940 2956 sempiterna
974 2888 1318 2954 exsistentia,
1364 2899 1505 2945 totos
1545 2893 1597 2946 in
1646 2893 1756 2948 Deo
1795 2896 2027 2950 maxima

441 2979 810 3034 admiratione
841 2979 1039 3048 dignos
1075 2979 1312 3036 eﬂectns
1343 2993 1398 3036 et
1428 2995 1670 3054 Stupore,
1711 2998 1764 3040 et
1803 3003 1913 3059 quo
1939 3006 2031 3042 eo-

441 3074 786 3148 ruuranimza
819 3087 915 3141 per
946 3088 1187 3126 amorem
1215 3091 1337 3127 eum
1375 3075 1481 3130 Deo
1513 3077 1796 3144 nniuntur,
1853 3093 1905 3135 et
1932 3082 2030 3136 de-

439 3161 702 3215 siderium
738 3163 1066 3234 inexplebile
1117 3167 1168 3219 in
1211 3168 1300 3221 Dei
1350 3171 1537 3226 vultus
1565 3173 1873 3244 divinaque.
1906 3176 2027 3241 pul-

437 3254 768 3308 chritudinis
815 3259 1302 3327 contemplatione,
1353 3263 1512 3330 quasi
1559 3275 1899 3336 consumpta:
1931 3284 2025 3336 pa~

440 3356 672 3402 tutntur.
701 3347 764 3402 Ει
793 3358 1196 3418 con5equeuter
1224 3361 1356 3405 tunc
1382 3355 1735 3420 tnnndantttr,
1762 3367 1815 3410 et
1838 3359 2023 3414 divina

437 3442 758 3509 operatione
789 3440 897 3494 Deo
925 3441 1134 3496 similes
1169 3442 1508 3508 eﬂicinntur,
1537 3457 1594 3501 et
1625 3449 1699 3502 dii
1741 3449 1853 3519 jam
1897 3467 2023 3505 cunt

440 3532 548 3587 Deo
579 3549 676 3603 per
701 3535 1072 3601 cognitionem
1105 3537 1410 3604 nniuntttr;
1442 3539 1536 3608 qui
1562 3541 1781 3609 quidem
1805 3543 2024 3598 tteilica-

439 3634 617 3678 torum
665 3626 1191 3696 superabumlantia,
1227 3641 1280 3683 et
1311 3635 1745 3699 supernaturalis
1779 3635 2024 3705 ipsorum

445 3715 818 3771 deiﬁcationis
851 3718 998 3772 dono
1028 3733 1091 3771 ac
1125 3721 1322 3775 divina:
1353 3722 1575 3778 unionis
1599 3765 1614 3789 ,
1650 3726 1782 3794 ipsis
1825 3742 1883 3780 se
1930 3742 2026 3784 co-

433 3811 644 3878 gnitum
675 3821 958 3879 pnestans,
999 3813 1136 3867 miro
1163 3816 1324 3871 modo
1355 3817 1622 3872 immensa
1653 3820 1740 3872 illa
1777 3821 2022 3891 pulchri-

434 3904 623 3958 tudine
667 3921 882 3960 omnem
918 3921 1112 3962 eorum
1146 3908 1486 3978 spiritualem
1541 3927 1763 3968 sensum
1819 3915 2021 3987 abripit

432 4009 764 4066 omnemque
809 4007 1015 4052 motum
1072 4007 1126 4054 et
1173 4002 1380 4057 circum
1429 4019 1488 4060 se
1525 4015 1792 4062 attractos
1851 4009 2018 4064 habet

433 4096 692 4156 tanquam
730 4089 866 4144 alios
911 4093 1160 4160 angelos,
1195 4096 1333 4149 mira
1367 4097 1662 4164 psallentes
1696 4111 1750 4154 et
1791 4102 2008 4158 merito.

433 4181 574 4234 Deus
606 4180 757 4234 stetit
798 4182 850 4235 in
906 4185 1143 4236 concilio
1187 4185 1460 4253 deorum;
1493 4188 1546 4242 in
1599 4191 1780 4246 medio
1829 4205 2012 4248 autem

428 4272 562 4325 deos
595 4271 896 4339 dijudicat;
942 4281 998 4326 et
1029 4273 1160 4328 illud
1195 4292 1208 4328 :
1249 4294 1271 4328 σ
1306 4277 1447 4334 Deus
1492 4279 1720 4335 deorum
1753 4281 2016 4340 Dominus

342 4390 351 4397 -
429 4361 644 4416 locutus
665 4373 819 4418 estet
840 4365 1055 4419 vocavit
1085 4377 1346 4433 terram,:
1386 4379 1676 4427 terrestres
1710 4390 1924 4445 nempe,
1948 4379 2017 4432 ah

426 4461 552 4506 ortu
580 4454 716 4509 solis
751 4470 926 4525 usque
969 4457 1035 4510 ad
1066 4473 1349 4525 occasum,
1412 4463 1558 4518 unde
1607 4469 1881 4539 principes
1915 4486 2014 4542 po-

2127 2059 2207 2121 εἰς
2228 2056 2461 2127 δήλωσιν
2487 2075 2502 2088 ·
2541 2078 2559 2110 ι
2594 2059 2703 2113 Καὶ
2721 2059 2974 2114 τοσοῦτον
3001 2061 3132 2126 ἴσως
3166 2064 3492 2131 γινώσκεται
3522 2069 3550 2120 6
3582 2068 3710 2135 Θεὸς

2125 2152 2241 2213 τοῖς
2268 2150 2529 2222 καθαροῖς
2558 2149 2654 2205 καὶ
2689 2150 2834 2216 θεοῖς
2868 2156 3128 2218 τουτοισὶ,
3165 2157 3290 2210 ὅσον
3320 2158 3417 2229 ήδη
3455 2161 3710 2228 γινώσκει

2125 2242 2348 2305 αὐτοὺς,
2377 2244 2641 2312 ἀνάλογον
2689 2246 2893 2315 τρόπον
2931 2248 2960 2300 6
2991 2247 3152 2316 φύσει
3191 2250 3317 2313 τοὺς
3355 2251 3500 2306 θέσει
3533 2252 3706 2318 θεούς.

2127 2341 2301 2395 Πόσον
2352 2343 2534 2398 τοίνυν
2580 2345 2831 2405 εἰκάσαις
2888 2345 2950 2398 τὸ
2995 2345 3144 2410 εἰκὸς
3201 2345 3572 2416 λογιζόμενος
3614 2366 3708 2401 πο-

2125 2433 2189 2487 λύ
2219 2451 2286 2503 γε
2317 2436 2603 2508 μακάριοι,
2637 2439 2687 2492 οἰ
2714 2438 2852 2508 πρὸς
2892 2438 3026 2493 Θεοῦ
3053 2441 3294 2511 ὁράσεις,
3332 2442 3425 2494 καὶ
3478 2440 3708 2512 θεωρίας

2124 2529 2511 2600 προσηκόντως
2564 2531 2974 2602 ἀνατεινόμενοι
3029 2532 3148 2602 μεθ’
3189 2533 3313 2586 ὅλου
3359 2533 3550 2604 μένους
3593 2533 3707 2604 ψυ-

2121 2618 2224 2689 χῆς
2286 2621 2381 2673 καὶ
2427 2621 2746 2691 ἐπιστήμης
2807 2625 3232 2696 πνευματικῆς,
3292 2626 3527 2697 ὁπηνίκα
3577 2628 3708 2698 ὁρᾷς

2119 2711 2196 2782 τῷ
2243 2712 2339 2765 τοῦ
2393 2713 2530 2765 Θεοῦ
2565 2715 2798 2784 ἀλήπτῳ
2831 2715 2918 2770 διὰ
2969 2718 3068 2787 τὴν
3099 2720 3228 2788 περί
3275 2718 3438 2771 αὑτὸν
3475 2719 3705 2788 ἀναρχία

2119 2819 2278 2874 τητα,
2331 2803 2851 2874 καὶάπεριληψίαν,
2913 2805 3006 2858 καὶ
3066 2806 3574 2876 ἀπεριγραιςότητα,
3613 2805 3706 2858 καὶ

2118 2897 2216 2966 τὴν
2243 2897 2380 2960 ὅλως
2405 2897 2705 2968 ἁῐδιότητα,
2745 2899 2837 2952 καὶ
2872 2897 3160 2970 ἀπειρίαν,
3193 2899 3346 2961 ὅλους
3381 2899 3504 2961 τοὺς
3536 2900 3593 2951 ἐν
3624 2897 3702 2966 τῷ

2117 2988 2237 3060 Θεῷ
2267 2989 2542 3060 θαύματος
2589 2991 2887 3060 γεγονότας
2938 2991 3431 3062 ύπερθαυμάστου,
3474 2992 3561 3044 ναὶ
3608 2991 3704 3060 τῆς

2116 3083 2314 3154 ἡλίκης
2342 3084 2458 3146 οἵας
2491 3083 2832 3154 ἐκπλήξεως,
2863 3083 2922 3149 ἐξ
2961 3077 3023 3138 οὗ
3082 3085 3114 3154 ἡ
3155 3083 3304 3154 ψυχὴ
3342 3084 3520 3137 αὐτῶν
3569 3084 3704 3154 ἐρω-

2052 3202 2096 3260 c
2116 3176 2284 3239 τικῶς
2314 3175 2492 3230 ὀπίσω
2526 3175 2786 3230 κολλᾶται
2819 3175 2978 3243 Θεοῦ,
3013 3176 3108 3228 καὶ
3136 3175 3301 3229 πόθον
3335 3177 3459 3228 ὅσον
3497 3175 3703 3245 ἁςόρη-

2115 3286 2229 3334 τον,
2254 3270 2312 3321 ἐν
2342 3267 2451 3338 ἄρα
2493 3267 2572 3338 τῷ
2605 3267 2833 3340 θεωρεῖν
2876 3267 2938 3321 τὸ
2968 3269 3111 3321 θεῖον
3157 3266 3472 3337 πρόσωπον,
3513 3269 3608 3320 καὶ
3644 3266 3704 3318 τὸ

2116 3361 2239 3414 κατ’
2259 3361 2390 3413 αὐτὸ
2415 3361 2609 3424 κάλλος
2631 3362 2932 3431 ἐκπρεπὲς,
2957 3361 3046 3413 καὶ
3077 3359 3187 3431 [fon
3207 3360 3482 3428 περιττὸν
3499 3358 3564 3413 τὸ
3587 3354 3700 3430 καὶ]

2115 3450 2478 3520 ἐκτετηκότες
2527 3450 2863 3521 εὐδαιμόνως
2909 3452 3202 3521 πάσχουσι.
3260 3450 3370 3503 Καὶ
3415 3449 3537 3502 τότε
3570 3449 3702 3520 δῆτα

2114 3539 2401 3608 ἑπομένως
2461 3539 2635 3612 ταύτῃ
2684 3541 3080 3612 καθαίρονται,
3119 3541 3215 3594 καὶ
3265 3543 3366 3612 τῆς
3416 3539 3698 3611 θεουργίας

2113 3631 2210 3682 καὶ
2240 3629 2500 3694 θεοειδεῖς
2525 3631 2792 3700 γίνονται,
2814 3633 2910 3685 καὶ
2947 3631 3060 3685 θεοὶ
3088 3632 3182 3686 καὶ
3213 3631 3334 3702 Θεῷ
3367 3629 3702 3700 γινωσκομέ-

2113 3738 2221 3785 νως
2269 3721 2539 3789 ὲνοῦνται,
2569 3725 2628 3787 ὃς
2656 3735 2722 3794 γε
2765 3722 2830 3794 δὴ
2877 3723 3165 3795 περιουσίᾳ
3207 3724 3318 3777 τῶν
3367 3722 3696 3786 θεωθέντων,

2112 3817 2207 3869 καὶ
2253 3815 2552 3889 ἀκολουθίᾳ
2593 3817 2686 3871 τοῦ
2727 3819 2828 3887 τῆς
2877 3817 3127 3881 θεὼσεως
3173 3815 3484 3888 ὑπερφυοῦς
3521 3814 3697 3870 αὐτῶν

2109 3907 2310 3980 δώρου,
2345 3909 2564 3978 καὶτῆς
2598 3908 2753 3973 θείας
2783 3908 3056 3972 ἑνὼσεως,
3088 3908 3364 3978 γνώριμος
3398 3907 3693 3969 καταστὰς,

2111 3999 2436 4070 θαυμασίως
2477 4001 2818 4073 συναρπάζει
2847 4000 3054 4055 τούτων
3101 4001 3180 4071 τῷ
3202 3998 3492 4072 ὕπερκάλῳ
3517 4001 3696 4052 πᾶσαν

2089 4089 2210 4160 -τὴν
2238 4091 2434 4161 νοερᾶν
2457 4091 2736 4162 αἴσθησιν,
2762 4093 2855 4146 καὶ
2882 4093 3064 4145 πᾶσαν
3087 4089 3188 4162 τὴν
3209 4090 3416 4160 ἔφεσιν,
3447 4089 3540 4143 καὶ
3570 4091 3697 4159 περὶ

2109 4181 2274 4235 αὐτὸν
2308 4181 2667 4254 θελγομένους
2690 4183 2804 4255 ἔχει
2829 4185 2903 4248 ὡς
2935 4184 3130 4247 ἄλλους
3153 4182 3443 4251 ἀγγέλους,
3481 4182 3694 4252 ἄφυκτα

2106 4271 2432 4341 ψάλλοντος,
2462 4273 2556 4326 καὶ
2595 4273 2740 4343 μάλα
2774 4273 3028 4337 εἰκότως
3065 4273 3126 4326 ’0
3151 4271 3284 4334 Θεὸς
3320 4271 3447 4341 ἔστη
3485 4273 3541 4324 ὲν
3569 4287 3692 4324 συν-

2107 4367 2302 4435 ἀγωγῇ
2323 4365 2486 4429 θεῶν,
2517 4367 2572 4416 ὲν
2599 4367 2749 4435 μέσῳ
2768 4366 2846 4431 δὲ,
2867 4365 3021 4429 θεοὺς
3037 4357 3334 4435 διακρινεῖο
3354 4362 3449 4416 καὶ
3470 4363 3552 4428 τὸ,
3565 4363 3694 4424 Θεὸς

2109 4455 2248 4510 θεῶν
2279 4458 2484 4528 Κύριος
2516 4457 2750 4526 ὲλάλησε
2781 4457 2880 4511 καὶ
2905 4457 3132 4510 ἐκάλεσε
3163 4445 3263 4527 τὴν
3293 4455 3419 4525 γῆν.
3449 4454 3692 4507 τουτέστι

428 4543 680 4608 pulorum
730 4548 1043 4616 congregati
1096 4561 1224 4604 sunt
1264 4566 1390 4606 cum
1437 4552 1546 4610 Deo
1597 4557 1872 4613 Abraham
1902 4600 1917 4625 ,
1951 4570 2008 4616 et

2117 4551 2234 4615 τοὺς
2255 4553 2534 4622 γηγενεῖς,
2573 4551 2683 4604 ἀπὸ
2712 4551 2991 4604 ἀνατολῶν
3030 4549 3185 4622 ἡλίου
3228 4548 3391 4618 μέχρι
3445 4545 3690 4616 δυσμῶνο

427 4647 826 4706 consequenter
850 4649 1000 4694 stant
1040 4641 1187 4697 circa
1216 4643 1412 4708 Deum,
1449 4655 1508 4700 ut
1557 4648 1848 4722 Seraphin:
1895 4666 2012 4709 sta-

424 4729 556 4785 bant
584 4747 765 4786 coram
793 4733 904 4799 illo,
939 4735 1152 4791 divinas
1190 4743 1687 4808 superttatnralitttn
1723 4750 2010 4818 mysterio-

424 4839 546 4876 rum
589 4824 1019 4883 illuminationes
1050 4831 1404 4900 accipientes,
1435 4848 1490 4888 ct
1535 4849 1940 4909 consequenter
1973 4857 2001 4895 a

425 4913 534 4971 Deo
573 4917 808 4986 posscssi
836 4934 937 4974 nec
957 4919 1341 4992 distracti,qui
1370 4939 1536 4995 supra
1571 4931 1754 4984 oznnia
1786 4930 2003 4986 intluile

421 5009 665 5063 elevatus
700 5019 805 5065 ρει.
839 5011 896 5064 Si
931 5013 1096 5083 igitur
1148 5017 1336 5070 mundi
1371 5021 1559 5082 corde,
1589 5021 1744 5091 juxta
1781 5025 1995 5080 Domini

419 5102 867 5172 declarationem,
892 5106 1032 5159 beati
1058 5117 1208 5173 sunt,
1236 5110 1361 5178 quia
1392 5113 1491 5181 ipsi
1520 5114 1686 5168 Deum
1709 5118 1997 5181 videbunt,

419 5196 693 5263 quomodo
726 5212 835 5251 non
862 5209 1043 5253 essent
1069 5201 1354 5257 manifeste
1387 5205 1526 5259 beati
1557 5210 1650 5274 qui
1680 5209 1846 5262 Deum
1873 5226 2007 5264 cou-

421 5289 766 5356 templantur,
819 5289 1185 5346 admiratione
1243 5311 1364 5362 quae
1409 5311 1475 5351 ex
1539 5297 1632 5353 Dei
1683 5301 2001 5372 cognitione

421 5381 688 5450 procedit,
743 5384 986 5437 mundati
1024 5397 1078 5439 et
1109 5388 1162 5440 iu
1200 5386 1290 5442 Dei
1327 5392 1650 5456 dignitatem
1687 5411 1783 5465 per
1817 5396 1996 5463 profe-

423 5482 538 5526 ειυς»
581 5473 976 5530 ascendentes!
1006 5477 1231 5546 Oportet
1263 5481 1428 5550 igitur
1455 5499 1548 5539 eos
1578 5487 1671 5556 qui
1709 5489 2001 5546 beatitudio

419 5581 537 5618 nem
573 5567 716 5635 passi
748 5576 897 5634 sunt,
924 5579 976 5622 et
1004 5571 1404 5630 deiﬁcationcm
1434 5579 1544 5646 pati
1575 5588 1628 5634 et
1671 5582 1743 5635 ita
1773 5584 1997 5641 immoto

417 5668 582 5722 stare,
615 5669 672 5711 ut
701 5659 1018 5725 Cherubim,
1047 5663 1192 5721 circa
1229 5667 1418 5734 Deum,
1444 5674 1994 5742 contemplationem-

418 5762 524 5810 quc
549 5747 699 5803 omni
739 5764 904 5819 opera
927 5767 1124 5809 curare
1153 5764 1207 5810 et
1234 5759 1521 5816 scientiam
1554 5771 1606 5818 ct
1635 5765 1908 5822 actionem
1937 5769 1988 5823 in

424 5837 638 5892 Christo
674 5837 802 5897 Jesu
838 5841 1064 5900 Domino
1098 5859 1300 5906 nostro.

2071 5013 2351 5083 σέχόμενοι
2389 5013 2781 5076 ἁδιασπάστως
2829 5011 2987 5077 Θεοῦ,
3021 5010 3242 5062 πάντων
3277 5009 3568 5079 ἀπειράκις
3601 5009 3658 5071 ἐξ

2104 4643 2227 4698 ὃθεν
2267 4643 2361 4698 καὶ
2390 4643 2650 4713 ἄρχοντες
2697 4642 2842 4696 λαῶν
2873 4641 3217 4712 συνήχθησαν
3271 4640 3409 4711 μετὰ
3433 4637 3528 4692 τοῦ
3556 4637 3692 4690 Θεοῦ

2121 4736 2394 4807 Ἀϐραὰμ,
2426 4736 2522 4788 καὶ
2547 4735 2605 4801 ἐξ
2633 4735 2904 4806 ἑπομένου
2936 4734 3172 4804 ἔστησαν
3203 4731 3388 4803 κύκλῳ
3409 4730 3504 4785 τοῦ
3535 4730 3688 4795 Θεοῦ,

2103 4829 2179 4892 ὠς
2232 4831 2300 4882 τὰ
2351 4828 2606 4900 Σεραφὶμ
2660 4830 3009 4900 εἱστήκεισαν
3061 4826 3249 4897 κύκλῳ
3299 4825 3503 4889 αὑτοῦ,
3545 4823 3692 4885 θείας

2103 4920 2403 4990 ἐλλάμψεις
2459 4920 2854 4992 ὑπερκοσμίων
2902 4919 3223 4990 μυστηρίων
3257 4917 3558 4987 δεχόμενοι,
3599 4916 3690 4967 καὶ

3634 5009 3688 5044 β.

2100 5106 2380 5179 ῃρημένου
2411 5105 2676 5176 ἀπείρως.
2713 5105 2776 5157 Εἰ
2831 5103 3014 5156 τοίνυν
3061 5103 3108 5155 οἰ
3151 5102 3385 5172 καθαροὶ
3445 5103 3509 5170 τῇ
3551 5117 3689 5169 καρ-

2097 5201 2206 5272 δίᾳ,
2261 5200 2402 5254 κατά
2466 5199 2566 5269 τὴν
2629 5198 2724 5251 τοῦ
2797 5198 3004 5268 Κυρίου
3057 5197 3354 5266 ἀπόφασιν,
3409 5191 3684 5263 μακάριοι.

2097 5293 2179 5346 ὅτι
2233 5291 2387 5344 αὐτοὶ
2431 5291 2521 5346 τὸν
2550 5291 2682 5345 Θεὸν
2714 5289 2956 5360 ὕψονται,
3011 5287 3126 5352 πῶς
3157 5288 3217 5340 ού
3249 5285 3561 5358 περιφανῶς
3587 5300 3688 5355 μαι

2097 5385 2282 5456 κάριοι
2315 5387 2364 5437 οἰ
2406 5382 2758 5454 θεωρητικοὶ,
2802 5382 3192 5452 καθαιρόμενοι
3236 5379 3314 5450 τῷ
3346 5381 3411 5431 ὲκ
3466 5377 3564 5447 τῆς
3593 5376 3684 5429 τοῦ

2096 5475 2232 5528 Θεοῦ
2269 5475 2526 5544 γνώσεως
2577 5473 2912 5544 θαυμασμῷ,
2967 5472 3061 5526 καὶ
3095 5473 3176 5534 εἰς
3223 5467 3361 5523 Θεοῦ
3409 5465 3569 5532 ἀξίαν
3599 5467 3686 5518 διὰ

2098 5561 2385 5638 προκοπῆς
2415 5566 2839 5632 ἁναϐαίνοντεςς
2873 5565 2992 5636 Χρή
3028 5579 3090 5632 γε
3115 5565 3224 5634 ἄρα
3257 5560 3563 5621 ποθοῦντας
3595 5557 3684 5610 τὸν

2103 5661 2478 5729 μακαρσμὸν,
2537 5659 2632 5712 καὶ
2683 5657 2878 5712 παθεῖν
2923 5657 3022 5727 τὴν
3077 5655 3295 5716 θέωσιν,
3361 5653 3456 5705 καὶ
3513 5649 3683 5711 οὕτως

2097 5753 2376 5821 ἀκινήτως
2437 5752 2630 5822 στῆναι
2694 5749 3034 5821 χερουὸικῶς
3094 5747 3220 5817 περὶ
3273 5745 3361 5798 τὸν
3390 5744 3540 5807 Θεὸν,
3587 5742 3682 5808 τῆς

2095 5843 2441 5914 θεωρητικῆς
2484 5841 2706 5914 ἔχεσθαι
2772 5841 2870 5912 ὅλῃ
2913 5839 3154 5911 σπουδῇ,
3203 5836 3297 5890 καὶ
3347 5837 3680 5904 ἐπιστήμης,

2097 5940 2186 5992 καὶ
2221 5940 2490 6010 πρὰξεως,
2521 5940 2578 5990 ἐν
2618 5938 2838 6011 Χριστῷ
2879 5935 3056 6003 Ἰησοῦ
3107 5935 3183 6007 τῷ
3222 5934 3408 6004 Κυρίῳ
3438 5931 3613 6004 ἡμῶν.
3653 5947 3672 5979 υ
