4076 6432
460 397 567 460 939

1562 398 1933 463 ‘CALLls'rI
1976 387 2586 463 CATAPHUGIOM

3606 406 3705 477 9'56

462 523 516 567 et
547 512 696 569 varie
736 527 799 568 ac
828 512 1438 587 multipliciter_l:etari,
1467 515 1574 573 nisi
1614 517 1669 572 in
1703 527 1791 585 te;
1825 529 1880 571 ιιι
1904 518 2040 574 enim

2133 520 2302 590 ψεως,
2328 522 2415 573 διᾶ
2443 520 2805 591 φοϐερότητα,
2836 518 2869 589 ἢ
2904 518 3301 588 μειλιχιότητα’
3338 520 3432 570 καὶ
3463 516 3705 582 ξυνόλως,

462 606 646 659 omnia
679 606 974 661 causaliter
1007 608 1062 661 in
1093 617 1144 660 te
1167 607 1368 674 habes,
1396 617 1449 662 ct
1481 622 1644 679 super
1675 611 1860 664 omnia
1889 610 2043 664 inve-

467 700 624 756 niris.
660 711 718 755 ut
746 700 1380 770 puleberrimusinﬁnite
1402 701 1645 755 omnium
1681 716 1860 756 rerum
1893 717 2046 756 crea.

466 801 571 847 tor.
602 790 783 857 Unde,
816 807 940 846 cum
974 809 1112 846 unus
1142 796 1220 848 sis
1247 832 1262 854 .
1312 792 1472 857 Deus,
1526 792 1858 857 subStantia,
1892 794 2045 847 varie

464 885 722 954 petentiis
775 884 883 938 tuis
914 884 1116 940 videris
1139 923 1154 948 ,
1186 884 1257 939 ob
1299 900 1488 940 earum
1524 884 1934 938 multitudinem
1991 897 2043 938 et

459 993 683 1031 rursum
748 985 973 1046 propter
1019 991 1210 1032 earum
1277 976 1747 1046 magnitudinem,
1800 985 1856 1031 et
1899 977 2041 1046 quod

462 1069 757 1121 miratione
781 1083 846 1122 ac
876 1077 1098 1134 stupore
1136 1068 1358 1138 dignius
1387 1077 1488 1132 est,
1544 1067 1612 1120 iis‘
1667 1066 1803 1137 ipsis
1842 1068 2043 1136 quibus

460 1161 849 1231 comprehendi
904 1171 1062 1231 potes
1085 1199 1101 1223 ,
1136 1177 1358 1216 rursum
1414 1160 1817 1230 quodammodo
1839 1160 2046 1217 consti-

462 1254 658 1311 tueris.
747 1254 1068 1308 Substautia
1097 1254 1243 1308 enim
1276 1256 1502 1308 omnino
1540 1268 1601 1307 es
1629 1253 2044 1309 incircumscri-

462 1357 609 1413 plus.
643 1354 696 1399 et
721 1344 1024 1399 secundum
1075 1344 1334 1399 virtutem
1360 1386 1376 1410 ,
1426 1352 1478 1397 ct
1516 1353 1775 1412 pra-terra
1806 1343 2045 1410 potentia

464 1452 555 1492 tua
586 1453 695 1491 non
727 1436 1232 1501 circumscribitur;
1270 1450 1585 1491 mensu-ram
1614 1435 1759 1488 enim
1788 1436 2044 1502 potentia:

463 1543 568 1585 nne
593 1532 717 1599 quis
748 1530 998 1585 invenit?
1027 1530 1359 1599 Sapientiam
1389 1538 1568 1583 autem
1606 1538 1754 1582 tuam
1784 1528 1908 1598 quis
1942 1543 2041 1583 co.

462 1624 727 1694 gnoscit?
759 1622 823 1677 Et
860 1620 1127 1677 Bonitatis
1162 1630 1269 1677 tua:
1321 1635 1587 1676 oceanum
1616 1620 1739 1690 quis
1768 1629 2045 1676 scrutatus

463 1716 595 1771 est?
642 1715 721 1771 Ac
753 1715 983 1772 omnino
1018 1715 1149 1786 quis
1205 1724 1425 1769 tuorum
1478 1714 1687 1785 aliquid
1724 1714 2048 1769 intellexit?

464 1809 559 1861 sed
614 1817 795 1861 tamen
844 1807 1149 1862 secundum
1204 1807 1392 1861 eadem
1431 1807 1831 1868 quodammodo
1875 1806 2046 1873 altero

2134 617 2194 668 ἓν
2216 615 2445 683 ἀγαθὸν,
2468 617 2563 667 καὶ
2586 614 2772 676 καλὸν,
2796 610 2992 680 περιλη
3005 609 3211 672 πτικῶς
3235 607 3310 662 ὣν
3337 606 3705 680 iactitare;

2136 703 2281 776 σουι,
2314 704 2411 757 καὶ
2444 703 2663 756 πάντων
2688 699 2912 767 ἀγαθῶν
2959 698 3054 750 καὶ
3085 697 3266 750 καλῶν
3304 697 3587 767 ποιτ,τικῆς
3616 698 3706 766 ἀρ-

2134 796 2234 865 χῆς
2284 792 2630 864 ὑπεράγαθος
2681 791 2778 844 καὶ
2819 790 3162 861 ύπέρκαλοςξ,
3200 791 3257 842 ἐν
3285 790 3458 841 οὐδενὶ
3488 789 3563 859 τῷ
3592 791 3703 841 ἑτέ-

2139 904 2217 955 ρῳ
2244 884 2424 951 ἔξεστι
2456 884 2674 945 πάντως
2699 883 2789 934 τὶν
2824 880 2949 934 νοῦν
2986 880 3214 949 θεωρεῖν
3254 879 3347 932 καὶ
3380 881 3707 950 παραμένειν

2133 958 2230 1029 καὶ
2265 973 2553 1039 ποικίλου,
2586 975 2683 1025 καὶ
2730 969 3017 1040 πολλαχῶς
3069 968 3393 1040 τέρπεσθαι,
3423 971 3502 1020 ὅτι
3544 968 3618 1037 μὴ
3656 971 3707 1019 ἐν

2135 1066 2218 1119 σοί
2237 1066 2355 1121 ’,σὺ
2384 1066 2495 1134 γὰρ
2516 1064 2585 1117 τὰ
2612 1064 2792 1118 πάντα
2817 1063 3198 1130 αίτιολογικῶς
3231 1062 3372 1132 ἔχεις
3401 1064 3458 1115 ἐν
3486 1060 3707 1130 σεαυτῷ,

2134 1160 2232 1214 καὶ
2292 1159 2433 1230 ὑπὲρ
2479 1158 2658 1211 πάντα
2697 1156 2964 1228 εὑρίσκῃ,
3009 1156 3106 1208 an
3166 1154 3498 1225 δημιουργὸς
3548 1154 3708 1221 ὑπέρ-

2133 1252 2298 1314 καλος
2332 1250 2627 1321 ἀπειράκις
2676 1248 2941 1318 ἀπείρως.
2986 1246 3268 1300 Ἐντεῦθεν
3324 1241 3404 1309 εἷς
3463 1247 3560 1308 ὢν,
3592 1244 3707 1310 Θεὲ,

2139 1343 2241 1413 τὴν
2291 1342 2516 1405 οὐσίαν,
2574 1340 2837 1403 ποικίλως
2886 1340 3178 1409 θεωρεῖσαι
3226 1339 3344 1399 ταῖς
3395 1337 3709 1407 ἐνεργείαις,

2138 1434 2228 1489 διὰ
2258 1434 2464 1505 πλῆθος
2497 1432 2700 1498 αὐτῶν,
2729 1432 2832 1483 καὶ
2862 1429 3016 1493 αὖθις
3055 1429 3144 1482 Bai
3172 1428 3235 1481 τὸ
3270 1427 3503 1499 μέγεθος
3542 1427 3712 1481 αὐτῶν

2140 1522 2331 1589 πολὺς,
2371 1523 2467 1576 καὶ
2498 1523 2560 1577 τὸ
2611 1521 3081 1591 θαυμαστῶτατον
3111 1520 3221 1591 γὰρ
3259 1520 3356 1573 καὶ
3391 1519 3712 1589 ἔκπληκτον,

2139 1616 2223 1671 ὅτι
2272 1633 2402 1687 περ,
2450 1614 2549 1668 καὶ
2597 1605 2680 1677 οἷς
2711 1612 3158 1687 γίνῃνδήπουθεν
3198 1611 3428 1683 ληπτός,
3474 1609 3713 1664 ἐντεῦθεν

2139 1704 2298 1773 αὖθις
2323 1706 2510 1778 τρόπῳ
2532 1705 2597 1776 γέ
2630 1722 2711 1777 τῳ
2742 1704 3103 1759 -καθίστασαι.
3145 1704 3204 1758 ὐ
3230 1702 3343 1773 ,γὰρ
3382 1704 3502 1757 κατ’
3531 1703 3709 1757 οὐσίαν

2143 1795 2209 1849 σὺ
2248 1795 2626 1866 ἀπερίληπτος
2657 1796 2862 1866 πάντη,
2885 1797 2983 1850 καὶ
3006 1795 3151 1850 κατά
3168 1797 3278 1867 τὴν
3300 1797 3605 1868 ἐνάργειαν,
3623 1798 3713 1852 καὶ

464 1900 981 1968 comprehensibilis
1011 1915 1093 1955 es.
1122 1899 1274 1956 Mens
1291 1916 1426 1957 sane
1446 1916 1565 1969 qua:
1591 1902 1660 1955 ab
1692 1899 1759 1956 iis
1785 1899 2040 1970 spiritua-

2140 1888 2277 1959 πρὸς
2318 1888 2497 1959 τούτῳ
2539 1889 2640 1961 τὴν
2671 1887 2903 1960 δύναμιν
2934 1889 2997 1944 ού
3051 1888 3530 1959 περιλαμϐάνεσαι
3574 1890 3710 1959 ἀμη-

464 1992 612 2047 libus
645 2007 765 2057 quae
801 1991 1155 2048 sensibilibus
1186 1994 1376 2047 insunt
1422 1992 1779 2062 contemplari
1810 1991 2003 2061 incipit
2029 2029 2071 2058 ,-

462 2100 527 2137 εχ
560 2085 953 2155 consequentia
996 2085 1245 2141 ascendit
1272 2084 1339 2139 ad
1379 2083 1513 2139 illud
1548 2082 1697 2154 quod
1729 2083 1936 2139 circum
1971 2092 2045 2147 te,

464 2176 737 2243 Salvator,
771 2193 938 2231 unum
985 2187 1071 2232 est
1103 2187 1156 2232 et
1194 2176 1747 2247 incomprelteusibile
1770 2217 1785 2244 ,
1830 2192 1896 2231 ac
1919 2173 2044 2230 dul-

382 2246 396 2262 .
461 2270 655 2326 cediue
681 2270 1176 2340 compreliensibile
1212 2280 1270 2325 et
1305 2246 1607 2338 voluptate,
1638 2277 1692 2322 et
1734 2270 1883 2338 quod
1924 2269 2048 2338 pul-

462 2363 580 2418 cltri
614 2363 844 2416 amatrix
893 2361 1000 2424 sit.
1056 2361 1206 2415 omni
1258 2376 1391 2416 cura
1455 2360 1720 2425 festinat,
1776 2374 2043 2430 quantum

460 2454 613 2519 licet,
639 2454 780 2509 ultra
814 2455 1131 2523 procedere.
1180 2452 1314 2508 Cum
1344 2465 1524 2508 autem
1555 2461 1789 2522 nequeat
1827 2452 2044 2522 longius

464 2547 764 2616 inquirere,
790 2557 1071 2617 reputans,
1105 2556 1164 2601 ιιι
1196 2554 1434 2615 oportet,
1483 2546 1533 2601 id
1565 2545 1712 2616 quod
1744 2545 1916 2614 ipsam
1954 2543 2041 2598 fu-

464 2642 542 2711 git
576 2647 637 2694 ut
693 2654 855 2709 supra
900 2640 1072 2709 ipsam
1125 2640 1362 2708 positum
1393 2649 1450 2694 et
1498 2639 1769 2694 elevatum
1798 2676 1813 2700 .
1854 2652 2044 2692 amore

461 2733 674 2791 ardenti
726 2733 963 2803 quodam
1010 2733 1498 2803 comprehenditur
1543 2740 1599 2788 et
1631 2730 1908 2787 ferventer
1938 2732 2046 2785 cir-

460 2842 585 2884 cum
615 2835 668 2881 te
698 2827 961 2892 exsultat,
983 2834 1037 2882 et
1086 2825 1138 2879 iu
1191 2826 1433 2880 animam
1482 2823 1728 2879 ardentia
1771 2824 2040 2879 desideria

463 2916 682 2987 arripit,
706 2915 914 2972 Divina:
946 2916 1192 2972 caritatis
1218 2915 1498 2971 ﬂammam
1525 2917 1589 2969 ad
1625 2916 2044 2990 incomprehen-

463 3009 648 3072 sibile,
682 3006 893 3064 faciens
920 3007 973 3063 id
1012 3007 1158 3077 quod
1196 3008 1632 3079 comprehendit,
1663 3017 1718 3064 et
1739 3024 1895 3064 suam
1925 3010 2041 3062 iuo-

2136 1976 2314 2049 γέπη’
2354 1979 2556 2050 μέτρον
2584 1977 2694 2048 γὰρ
2724 1978 3007 2047 δυνάμεώς
3031 1995 3122 2033 σου
3149 1980 3235 2041 τίς
3263 1978 3497 2049 εῦρατο;
3530 1980 3710 2047 σοφίαν

2135 2068 2193 2121 δέ
2223 2085 2316 2121 σου
2343 2069 2426 2132 τίς
2463 2070 2642 2138 Εγνω;
2669 2069 2769 2139 τῆς
2795 2069 2853 2122 δὲ
2883 2070 3222 2139 ἀγαθότητός
3255 2087 3350 2122 σου
3390 2070 3452 2123 τὸ
3485 2070 3711 2138 πέλαγος

2133 2158 2219 2222 τίς
2252 2158 2561 2230 ἐξιχνίασε;
2592 2160 2689 2215 καὶ
2730 2160 2868 2224 ὅλως
2908 2161 3019 2215 τῶν
3050 2160 3160 2214 σῶν
3200 2177 3347 2226 τινος
3407 2161 3493 2224 τίς
3536 2163 3709 2232 ἄκρως

2135 2251 2373 2319 συνῆκες
2406 2251 2650 2321 καίτοιγε
2694 2253 2835 2307 κατά
2879 2252 3054 2306 ταῦτα
3083 2253 3284 2320 τρόπον
3321 2253 3515 2326 ἕτερον
3554 2272 3708 2309 κατα-ο

2130 2338 2337 2412 ληπτός
2390 2359 2453 2409 γε
2517 2341 2593 2396 ὢν
2652 2344 3026 2413 ὁπωσδήποτε.
3082 2344 3299 2414 Ἀμέλει
3349 2345 3493 2418 δῆτα
3528 2347 3556 2398 ό
3593 2345 3707 2409 νοῦς

2133 2431 2360 2503 θεωρεῖν
2389 2433 2500 2487 ἀπὸ
2519 2434 2629 2489 τῶν
2665 2437 2724 2489 ὲν
2770 2437 2884 2499 τοῖς
2916 2436 3267 2506 φαινομένοις
3294 2437 3505 2507 νοητῶν
3549 2438 3704 2509 ἀρχόο

2135 2539 2320 2591 μενος,
2349 2523 2559 2577 ἄνεισιν
2597 2521 2694 2578 ίὼν
2723 2524 2783 2590 ἐξ
2820 2525 3095 2597 ἑπομένου
3119 2528 3199 2590 είς
3224 2525 3286 2579 τὸ
3326 2529 3462 2597 περὶ
3491 2527 3571 2595 σὲ,
3599 2529 3706 2580 Σῶ-

2127 2629 2244 2683 τερ,
2280 2614 2483 2666 ἑνιαῖον
2522 2615 2618 2667 καὶ
2656 2614 3068 2687 ἀκατάληπτον,
3102 2618 3200 2671 καὶ
3221 2616 3302 2687 τῷ
3339 2617 3463 2688 ἡδεῖ
3505 2618 3596 2673 καὶ
3624 2635 3707 2671 κο-

2133 2704 2258 2774 μιδῇ
2283 2705 2507 2777 τερπνῷ
2549 2706 2644 2759 τοῦ
2696 2705 2926 2778 ληπτοῦ,
2970 2709 3066 2763 καὶ
3100 2707 3180 2777 τῷ
3210 2708 3508 2777 φιλόκαλος
3554 2707 3704 2766 εἶναι.

2130 2793 2350 2848 σπεύδει
2377 2795 2474 2869 ὅλῃ
2504 2796 2732 2869 σπουδῇ,
2763 2798 2859 2851 καὶ
2881 2798 3174 2867 φιλονεικεῖ
3202 2815 3320 2862 πως
3350 2800 3705 2871 προσεπανεέ-

2129 2904 2217 2939 ναι
2262 2888 2337 2950 ὡς
2396 2889 2476 2943 ἔνι
2528 2890 2809 2946 ἐπέκεινα.
2852 2892 3008 2944 Ἐπεὶ
3055 2890 3112 2946 δὲ
3145 2888 3356 2945 ὀὔκουν
3426 2891 3703 2957 ἐξικνεῖται

2128 2977 2331 3047 φθάσαι
2358 2980 2732 3055 πόρρὠερον,
2767 2981 3251 3054 ἀναλογιζόμενος,
3283 2977 3317 3055 ᾖ
3360 2985 3497 3054 χρὴ,
3526 2983 3587 3037 τὸ
3616 2984 3704 3035 ἐκ·

466 3101 612 3171 piam
674 3101 728 3155 in
774 3114 1023 3155 amorum
1058 3100 1449 3156 abundantiam
1485 3112 1834 3185 convertens.
1881 3100 2036 3166 Quod

2129 3071 2325 3139 φεῦγον
2375 3074 2811 3145 ἀναμφηρίστως
2850 3075 2928 3139 ὡς
2967 3076 3385 3143 ὑπερκείμενον,
3430 3078 3700 3145 φέρτερον,

469 3192 614 3262 apud
644 3201 700 3245 te
732 3192 1125 3263 comprehendi
1163 3200 1343 3267 potest
1372 3209 1483 3247 non
1517 3196 1691 3258 magis
1721 3174 1840 3246 eam
1872 3203 2040 3245 aura-

2129 3174 2330 3245 πολλῆς
2363 3192 2509 3238 τινος
2542 3179 2772 3247 κάτοχος
2816 3176 3129 3241 ἀκολούθως
3157 3177 3541 3251 ὲρωτοληψίας
3569 3179 3705 3248 γίνε-

2129 3280 2208 3298 η-ηι
2270 3264 2362 3298 vn‘
2398 3265 2714 3298 ὲρΑηιιῗλἹ..ιρ
2747 3267 2994 3298 nat-nun?“-
3032 3267 3432 3298 luR-u..p.'..--.
3468 3269 3590 3298 -.-Χ
3628 3268 3682 3298 ολ

468 3284 550 3340 hit
592 3301 755 3355 quam
803 3300 923 3340 eam
980 3284 1283 3341 inflammat
1313 3264 1457 3355 quod
1488 3286 1660 3355 ipsam
1695 3284 1833 3355 fugit
1864 3294 1921 3339 et
1950 3301 2040 3339 co-

2129 3280 2234 3325 ται,
2270 3264 2368 3317 καὶ
2398 3265 2714 3335 ἐφαμίλλως
2747 3267 2994 3337 μανικῶς
3032 3267 3437 3339 ὲκϐακχεύεται
3468 3269 3595 3341 περὶ
3627 3268 3702 3332 σὲ,

464 3377 727 3446 guitionis
775 3377 1250 3448 impossibilitate,
1304 3379 1560 3433 admirari
1596 3386 1650 3431 ct
1680 3388 1871 3447 optare
1919 3393 2039 3430 cam

2129 3356 2217 3409 καὶ
2230 3356 2429 3422 πόθους
2441 3357 2789 3428 ἀναῤῥιπίζει
2811 3358 3053 3422 διακαείς
3080 3362 3145 3430 τῇ
3170 3359 3338 3430 ψυχῇ.
3368 3360 3705 3430 ὑπέκκαυμα

462 3469 651 3539 cogit;
685 3468 887 3524 addam
928 3469 1117 3537 etiam,
1145 3471 1288 3540 quod
1321 3471 1369 3526 ei
1397 3470 1691 3540 persuadet
1716 3481 1776 3524 ut
1801 3469 2040 3539 iuquirat

2129 3457 2280 3522 θείας
2301 3461 2520 3527 ἀγάπης
2543 3459 2604 3511 τὸ
2629 3458 2977 3528 καταληπτὸν
2998 3456 3093 3510 τοῦ
3116 3458 3511 3528 άκαταλήπτου
3536 3455 3708 3510 ποιού-

464 3560 598 3629 quid
631 3561 731 3628 sis,
764 3576 874 3617 non
911 3559 1134 3632 quidem
1168 3560 1638 3629 substantialiter;
1669 3562 1721 3616 id
1743 3563 1888 3617 enim
1921 3578 2034 3614 οιιι-

2129 3565 2310 3621 μενος,
2339 3551 2437 3604 καὶ
2467 3551 2567 3620 τὴν
2595 3553 2832 3622 ἀπορίαν
2859 3550 3129 3623 πορισμὸν
3154 3549 3375 3619 ἐρώτων
3402 3549 3704 3620 τιθέμενος.

462 3653 597 3708 nino
625 3668 690 3708 ex
731 3668 988 3723 suprema
1038 3653 1348 3709 elevatione
1379 3655 1718 3724 impossibile
1767 3664 1847 3709 est
1879 3694 1899 3719 ,
1948 3654 2039 3710 sed

2129 3644 2204 3696 Οὐ
2239 3643 2443 3713 μᾶλλον
2472 3642 2756 3712 θέλγοντος
2787 3642 2881 3696 τοῦ
2912 3643 3046 3714 περὶ
3078 3642 3160 3708 σὲ,
3186 3642 3461 3710 πάνσοφε,
3483 3641 3703 3714 ληπτοῦ,

463 3743 593 3815 quid
626 3744 699 3800 sit
743 3744 1122 3801 substantialis
1173 3745 1267 3800 Dei
1305 3748 1547 3815 potentia
1598 3755 1654 3800 et
1686 3747 1953 3815 operatio,
1987 3756 2035 3801 et

2129 3734 2268 3806 ηπερ
2291 3737 2608 3800 ἐκκαίοντος
2633 3735 2728 3790 τοῦ
2754 3735 3163 3805 διαφεύγοντος,
3194 3737 3310 3801 καὶ,
3341 3734 3420 3805 τῷ
3458 3737 3555 3806 τῆς
3573 3735 3705 3805 γνῶ·

461 3834 726 3905 quidquid
757 3851 946 3891 eorum
978 3851 1100 3904 quae
1139 3835 1346 3890 circum
1382 3846 1433 3891 te
1462 3839 1824 3906 contemp'ari
1875 3837 2033 3899 licet,

2129 3844 2262 3889 σεως
2288 3829 2585 3900 ἀνεφίκτῳ,
2618 3830 2712 3882 καὶ
2736 3827 3115 3899 θαυμάζεσθαι
3142 3829 3284 3893 λίαν,
3305 3827 3399 3881 καὶ
3428 3826 3703 3882 ποθεῖσθαι

460 3928 830 3999 spiritualium
902 3938 957 3983 et
1004 3928 1435 3998 tlteologicorum
1484 3929 2040 4000 iucomprrliensibile

2129 3916 2513 3985 διαφερόντως,
2540 3920 3087 3991 παρασκευάζοντος,
3129 3920 3424 3991 προσθείην
3448 3922 3500 3989 γ’
3534 3920 3599 3973 ἂν
3624 3918 3701 3971 ὅτι

460 4030 566 4084 est,
592 4035 718 4075 cum
749 4035 812 4074 ea
866 4019 975 4074 sint
1000 4059 1016 4083 ,
1050 4028 1109 4073 ιιι
1140 4021 1401 4084 diximus,
1458 4029 1684 4090 propter
1711 4019 2039 4089 tuaguitudi—

2129 4009 2218 4064 καὶ
2254 4010 2536 4079 ζητεῖσθαι
2567 4011 2870 4078 πείθοντος,
2906 4011 3171 4082 οὐμενοῦν
3209 4029 3264 4064 τι
3314 4013 3379 4066 σὺ
3434 4011 3576 4066 κατὰ
3608 4009 3700 4080 τὴν

460 4113 870 4177 ιιιιιιιμίιιηιιῖιο,
903 4123 957 4168 ct
989 4123 1210 4182 propter
1241 4113 1671 4175 multitudinem,
1730 4128 1834 4166 non
1886 4129 2039 4166 scru-

2129 4097 2347 4152 οἰισίανσ
2386 4100 2547 4154 τοῦτο
2576 4101 2687 4172 γὰρ
2722 4100 2907 4165 παντὶ,
2940 4102 3036 4155 καὶ
3064 4102 3304 4167 πάντως,
3334 4103 3432 4156 καὶ⁵
3458 4100 3701 4157 ὁπωσοῦν

459 4206 667 4259 tabilia.
705 4205 813 4259 Etsi
841 4207 984 4259 enim
1016 4220 1124 4258 non
1157 4205 1328 4273 possit
1374 4206 1598 4259 omnino
1625 4206 1692 4259 ad
1742 4205 2033 4267 terminum

2129 4190 2188 4243 ἑκ
2203 4192 2524 4261 περιουσίας
2548 4192 2852 4263 ἀμήχανον,
2878 4193 3014 4247 ἀλλὰ
3032 4193 3093 4246 τὸ
3116 4192 3217 4262 τῆς
3237 4192 3528 4257 ούσιώδους
3557 4194 3701 4254 θείας

459 4297 763 4366 pervenire,
800 4311 923 4349 cum
954 4312 1015 4349 ea
1049 4297 1158 4349 siut
1201 4295 1431 4355 infinita.
1457 4306 1635 4365 potest
1658 4306 1867 4361 autem,
1911 4311 2034 4350 cum

2129 4279 2407 4350 δυνάμεως
2426 4282 2523 4335 καὶ
2553 4283 2855 4355 ἐνεργείας,
2892 4285 2988 4337 καὶ
3023 4284 3084 4337 τὸ
3112 4285 3253 4349 ὅλον,
3290 4285 3402 4338 τῶν
3447 4286 3575 4355 περὶ
3621 4282 3698 4345 σὲ,
3740 4304 3747 4313 ·

458 4387 700 4455 puritate
751 4386 817 4440 ad
852 4395 903 4440 te
934 4386 1225 4453 accedens,
1281 4394 1335 4440 ct
1371 4387 1437 4441 ad
1476 4397 1624 4442 tuam
1664 4387 2034 4456 pulchritudi-

457 4491 582 4530 nem
616 4490 933 4545 assurgens,
968 4477 1036 4531 ad
1075 4474 1485 4532 manifestiores
1513 4486 1568 4533 et
1600 4478 1919 4545 lucidior-es,
1942 4495 2032 4535 as-

2123 4371 2244 4436 Θεὲ,
2273 4372 2669 4446 θεωρουμένων
2704 4377 2933 4445 νοητῶν,
2961 4378 3057 4430 καὶ
3095 4376 3530 4447 θεολογουμένων
3573 4377 3699 4445 ἀλη-

2123 4480 2277 4528 πτον,
2316 4461 2641 4542 ἀπείρων,ᾖ
2673 4468 2912 4538 εἴρηται,
2934 4468 3025 4522 διὰ
3054 4470 3116 4522 τὸ
3137 4470 3386 4541 μέγεθος,
3420 4468 3700 4537 ἀνεξερεύ-

457 4576 615 4637 pectu
637 4583 821 4623 eorum
845 4583 967 4637 quze
995 4577 1046 4624 te
1070 4570 1430 4636 circumdant,
1453 4572 1757 4642 pertingere
1773 4581 1935 4643 atque
1962 4574 2033 4626 ita

2129 4561 2297 4630 νήτων
2336 4562 2391 4615 δὲ
2421 4562 2590 4617 ὄντων
2623 4564 2711 4617 διὰ
2752 4565 2812 4618 τὸ
2842 4564 3043 4635 πλῆθος
3066 4582 3082 4596 ⁸
3124 4564 3329 4619 τούτων
3357 4566 3454 4619 καὶ
3482 4563 3612 4633 γὰρ,
3652 4561 3698 4612 εξ

455 4659 722 4716 deiﬁcari.
764 4660 912 4716 Unde-
965 4671 1021 4716 et
1072 4662 1276 4717 amoris
1334 4666 1560 4720 vulnere
1610 4666 2034 4737 incendis,qu:e

457 4752 598 4818 apud
655 4761 705 4804 te
737 4759 1011 4816 versatur,
1046 4760 1308 4816 mentem,
1354 4767 1473 4806 eam
1524 4751 1844 4808 illuminans
1869 4793 1885 4819 ,
1922 4756 2033 4808 imo

455 4858 588 4897 vero
618 4857 739 4897 eam
774 4851 1175 4908 consequenter
1205 4845 1559 4901 introducens
1587 4846 1641 4900 in
1667 4847 1912 4917 quaedam
1946 4847 2034 4901 in-

462 4949 682 5003 accessa
726 4943 781 4989 ct
833 4938 1060 5006 mystica
1123 4935 1390 4991 caelorum
1431 4939 1765 5005 spectacula.
1839 4940 2034 4995 Unitas

460 5023 678 5094 hymnis
712 5025 1058 5093 celebranda,
1084 5037 1141 5082 et
1162 5027 1405 5083 Trinitas
1452 5030 1902 5099 liettoratissima,
1940 5047 2034 5102 po-

458 5117 640 5171 tentiue
671 5131 734 5171 ac
784 5118 1071 5189 sapientiae
1114 5118 1344 5188 abyssus
1377 5119 1837 5189 profundissima!
1894 5138 2036 5191 quo-

458 5208 619 5263 modo
641 5223 705 5265 ex
738 5208 858 5279 ipsa
877 5210 1160 5273 servitute.
1181 5210 1368 5280 siquis
1387 5212 1642 5283 italoqui
1671 5214 1818 5278 velit,
1846 5225 1939 5270 aut
1970 5232 2036 5270 ex

460 5292 856 5370 adscriptione,
888 5301 942 5355 in
978 5302 1104 5359 illas
1138 5303 1352 5358 divinas
1383 5306 1638 5360 tenebras
1673 5319 1910 5361 mentem
1961 5309 2037 5364 le-

457 5392 645 5460 gitime
674 5391 993 5447 rnnudatam
1024 5394 1352 5461 introducis.
1391 5412 1511 5452 eam
1560 5399 1939 5455 transmittens
1967 5417 2033 5456 ex

457 5485 629 5551 gloria
680 5484 733 5537 iu
774 5484 1037 5554 gloriam,
1080 5488 1384 5556 saepissime
1416 5497 1598 5542 tamen
1649 5490 1789 5543 intra
1825 5496 1923 5547 bas
1956 5494 2040 5545 lu-

453 5577 607 5631 cidas
645 5578 898 5631 tenebras
940 5592 1252 5635 remanens.
1304 5581 1424 5635 Non
1456 5584 1621 5646 novi,
1688 5593 1747 5637 ut
1780 5593 1833 5637 to
1854 5587 2033 5652 «nosti,

459 5674 640 5719 utrum
679 5668 767 5721 iila
796 5667 970 5723 nubes
997 5670 1050 5724 in
1082 5686 1248 5739 quant
1283 5672 1632 5730 introductus
1662 5687 1745 5730 est
1774 5675 1990 5746 Moyses
2014 5719 2029 5742 ,

459 5753 626 5825 iaujus
656 5757 824 5811 fuerit
858 5759 1057 5830 imago,
1092 5777 1160 5815 an
1196 5763 1310 5818 haec
1341 5763 1525 5831 illius;
1560 5767 1654 5821 sed
1702 5767 1817 5821 lucc
1861 5771 2033 5822 immi-

460 5844 592 5900 festo
642 5849 947 5916 Spiritualis
975 5863 1057 5906 est
1089 5852 1260 5909 nubes
1290 5866 1343 5910 et
1379 5857 1429 5908 iu
1472 5873 1532 5912 ea
1605 5860 1788 5917 divine
1825 5875 2034 5929 aenat-

2121 4654 2213 4706 καὶ
2236 4653 2372 4715 ὅλως
2394 4657 2472 4718 είς
2496 4658 2670 4726 πέρας
2691 4657 2977 4724 ἐφικέσθαι
3007 4657 3292 4724 ἀδύνατον,
3319 4657 3412 4711 ἆτε
3438 4655 3694 4723 ἀπείρων.

2120 4742 2258 4795 ἀλλὰ
2286 4744 2513 4798 δυνατὸν
2544 4746 2620 4816 τῷ
2665 4746 2755 4800 διὰ
2786 4747 3112 4818 καθάρσεως
3148 4746 3545 4820 προσεγγισμῷ
3584 4761 3694 4804 σου.

2121 4835 2213 4889 καὶ
2237 4838 2305 4907 τῇ
2333 4839 2634 4893 ὲνατενίσει
2681 4839 2775 4893 τοῦ
2811 4840 3042 4905 κάλλους
3068 4858 3183 4906 σου,
3216 4840 3355 4911 πρὸς
3384 4839 3697 4908 φανωτέρας

2120 4927 2214 4979 καὶ
2243 4927 2635 4999 διαυγεστέρας
2664 4930 2887 5001 ὁράσεις
2912 4934 3022 4986 τῶν
3052 4933 3182 5001 περὶ
3210 4933 3270 4985 σὲ
3301 4931 3569 5001 γίνεσθαι,
3606 4927 3697 4980 καὶ

2122 5015 2377 5070 θεοῦσθαι
2413 5019 2765 5089 κατάλληλα⁶
2807 5020 2930 5075 ὅθεν
2963 5022 3059 5075 καὶ
3096 5021 3462 5091 καταφλέγεις
3501 5018 3694 5089 τρώσει

2118 5110 2357 5181 ἐρωτικῇ
2395 5112 2776 5182 προσμένοντά
2822 5131 2906 5167 σοι
2942 5113 3069 5168 νοῦν
3111 5115 3447 5185 ἀνηκόντως,
3475 5110 3694 5179 διαυγά-

2118 5198 2226 5263 ζων
2257 5202 2477 5270 μᾶλλον,
2546 5204 2640 5257 καὶ
2669 5205 2869 5273 μᾶλλον
2898 5205 3087 5271 αὐτὸν,
3115 5206 3227 5260 κάκ
3251 5205 3347 5259 τοῦ
3374 5204 3693 5274 γιγνομένου

2118 5294 2355 5361 εἰσάγων
2393 5297 2473 5357 είς
2505 5294 2642 5350 ἄττα
2681 5296 2852 5350 ἄδυτα
2882 5299 3121 5367 μυστικὰ
3162 5301 3415 5365 θεάματα
3462 5298 3692 5365 ύπερου-
3763 5328 3771 5336 ο

2125 5402 2308 5475 ράνια.
2335 5398 2408 5456 '0
2439 5402 2611 5474 μονὰς
2646 5401 3021 5475 ὑπερύμνητε,
3051 5403 3146 5458 καὶ
3194 5402 3367 5473 Τριὰς
3410 5401 3692 5472 ύπέρτιμε,

2119 5494 2408 5564 δυνάμεως
2430 5495 2529 5549 καὶ
2559 5494 2751 5565 σοφίας
2772 5493 3094 5564 ἀπύθμαντε
3120 5494 3282 5564 βυθέί
3305 5494 3421 5559 πῶς
3442 5490 3502 5556 ἐξ
3528 5491 3694 5558 αὐτῆς

2121 5586 2229 5639 εἴτε
2263 5586 2591 5658 άφετηρίας,
2651 5587 2826 5641 ἐθέλοι
2857 5603 2939 5649 τις
2968 5585 3170 5654 λέγειν,
3235 5584 3347 5639 εἴτε
3376 5584 3487 5656 μὴν
3514 5598 3693 5655 γραμ-

2124 5680 2253 5748 μῆς,
2285 5680 2363 5743 είς
2376 5678 2466 5730 τὸν
2499 5677 2639 5732 κατά
2674 5677 2734 5732 σὲ
2765 5677 3005 5745 εἰσάγεις
3031 5677 3309 5734 θειότατον
3332 5662 3529 5744 γνόφον
3555 5670 3691 5726 καθ·

2121 5769 2354 5838 ἀρθέντα
2398 5767 2680 5838 ὲνθέσμως
2725 5768 2827 5821 τὸν
2850 5767 2996 5833 νοῦν,
3032 5767 3346 5837 μετάγουσα
3376 5761 3561 5816 τοῦτον
3588 5759 3692 5812 ἀπὸ

2126 5861 2284 5932 ἰόξτρς
2331 5863 2410 5924 εἷς
2459 5861 2636 5927 δόξαν,
2691 5860 2951 5923 πολλάκις
2980 5859 3121 5930 πλὴν
3151 5859 3246 5912 καὶ
3295 5857 3424 5911 είσω
3465 5852 3687 5923 μένοντα
