4076 6438
461 382 560 445 941

1595 378 1692 437 DE
1735 379 1909 441 VlTA
1947 371 2632 439 CONTEMPLA'FIVA.

3621 369 3742 433 94⁷2

463 517 557 570 τοῦ
598 516 924 585 ὑπερφῶτου
960 512 1182 580 γνόφου.
1216 509 1329 563 Οὑκ
1360 503 1499 569 οἶδα,
1536 504 1610 564 ὡς
1639 504 1702 555 σὺ
1727 502 2037 570 γινώσκεις,

2164 495 2588 561 pernaturaliter
2624 494 2676 546 in
2715 489 2977 563 mysterio
3008 499 3062 543 et
3094 487 3446 542 iuefi‘ahiliter
3475 486 3740 554 spiritua-

463 610 575 662 εἴτε
604 609 681 671 είς
710 607 768 658 ὃν
802 605 1032 674 εἰσήχθη
1085 602 1291 670 Μωσῆς
1313 617 1374 652 τε
1416 598 1604 660 πάλαι,
1627 595 1724 648 εἴθ’
1758 595 1838 647 δτι
1862 588 2038 675 οὗτος,

463 699 672 751 ἐκείνου
708 697 896 761 εἰκὼν,
943 694 1040 746 εἴτ’
1079 688 1171 745 οὖν
1207 690 1424 756 τούτου,
1475 691 1703 750 ἐκεῖνος,
1763 683 1902 752 πλὴν
1957 683 2040 734 ὅτι

465 787 625 854 οὗτος
681 788 997 859 περιφανῶς
1048 784 1237 854 νοητὸς
1281 781 1482 850 γνόφος
1525 780 1670 842 ἐστὶ,
1724 779 1818 829 καὶ
1863 776 1945 827 ὅτι
1983 775 2042 825 ὲν

2154 587 2221 639 lis
2254 585 2474 638 uuionis
2507 583 2868 644 unitatisque
2910 580 3270 648 perﬁciuntur
3298 577 3596 647 mysteria;
3630 591 3744 640 quo

2155 676 2451 731 introducti
2509 691 2629 728 cum
2685 673 3045 728 illuminantis
3089 671 3322 740 Spiritus
3367 669 3520 734 face,
3553 667 3606 722 id
3641 684 3738 738 ap-

2158 770 2332 839 prime
2359 779 2413 823 et
2445 767 2736 821 manifeste
2776 773 3046 818 noverunt

470 883 622 953 αύτῷ
666 856 907 934 τελεῖται
953 876 1114 935 θείως
1145 875 1239 927 καὶ
1285 873 1583 942 ὑπερφυῶς
1619 874 1677 922 ἐν
1717 871 1796 940 τῷ
1851 866 2103 937 μυστικῷ
2141 865 2240 933 τῆς
2280 861 2460 931 ψυχῆς
2506 859 2789 928 ἀρρήτως,
2832 857 2900 910 τὰ
2925 859 3023 924 τῆς
3061 856 3448 928 πνευματικῆς
3490 857 3741 921 ὲνὼσεως

469 979 568 1034 καὶ
595 978 820 1047 ἀγάπης
849 975 1129 1046 μυστήρια
1157 987 1172 1001 ⁸
1199 971 1248 1024 οί
1270 970 1626 1039 είσαγόμενοι
1661 967 1802 1038 μετὰ
1825 966 1923 1034 τῆς
1955 962 2246 1035 δᾳδουχίας
2271 963 2367 1018 τοῦ
2403 963 2732 1031 φωτίζοντος
2759 962 3072 1032 Πνεύματος
3106 960 3228 1011 λίαν
3289 956 3561 1027 λαμπρῶς
3610 957 3734 1008 ἑ.πί-

470 1090 716 1130 στανται.

543 1178 650 1250 νβ’.
702 1179 797 1241 Τίς
843 1193 902 1230 σε
947 1171 1326 1242 διακειμένως,
1353 1167 1527 1237 Κύριε
1561 1164 1751 1237 Τριὰς,
1792 1152 1950 1232 ὁρῶν
1981 1162 2044 1212 οὐ

481 1272 662 1342 χαίρει
708 1270 800 1323 τὸν
853 1267 1080 1342 βασιλέα
1113 1264 1206 1317 καὶ
1236 1261 1580 1316 ἀδιάλειπτον
1615 1255 1906 1326 πρύτανιν,
1952 1253 2049 1303 καὶ

467 1361 732 1432 διανομέα
760 1361 961 1422 παντὸς
1009 1353 1320 1410 οὑτινοσοῦν
1352 1350 1517 1405 καλοῦ
1557 1347 1650 1402 καλ⁵
1674 1343 1906 1414 ἀγαθοῦ,
1954 1343 2050 1396 καὶ

472 1453 708 1521 πηγαῖον
736 1449 892 1503 ὄλϐον
923 1447 1129 1501 τούτων
1163 1442 1533 1515 τυγχάνοντας
1567 1438 1662 1492 καὶ
1698 1437 1782 1499 τίς
1821 1434 1929 1506 πρὸ
1954 1435 2052 1502 τῆς

471 1541 719 1610 ὁράσεως
748 1543 847 1610 τῆς
890 1533 1402 1608 παντοκρατορικῆς
1439 1528 1758 1592 δεσποτείας
1793 1543 1888 1579 σου
1922 1525 2048 1595 χαί.

476 1641 591 1681 οειν
623 1625 736 1694 ἔχοι
769 1621 942 1692 χαρὰν
980 1619 1195 1690 άληθῆς
1225 1617 1396 1690 Δῆλον
1437 1618 1520 1672 ὅτι
1547 1617 1722 1682 οὐδεὶς
1761 1618 2042 1688 οὐδαμῶς·

470 1715 558 1771 διά
575 1706 736 1768 τοῦτο
755 1712 834 1784 τῷ
849 1713 986 1777 ὄντι,
1016 1729 1035 1763 ι
1059 1711 1338 1781 Μακάριοι
1357 1711 1406 1762 oi
1427 1707 1660 1780 καθαροὶ
1689 1711 1756 1780 τῇ
1781 1709 2000 1781 καρδίᾳ,
2023 1728 2043 1761 ι

2209 1153 2298 1212 9‘2.
2336 1154 2467 1220 Quis
2507 1163 2580 1220 te,
2615 1151 2882 1218 Trinitas,
2944 1153 3191 1219 Domine,
3224 1164 3281 1207 ιιι
3311 1155 3468 1209 decet
3491 1166 3736 1209 contem-

2139 1251 2316 1320 plans,
2353 1266 2460 1304 non
2503 1250 2740 1314 lmtatur,
2763 1267 2887 1303 cum
2923 1259 2974 1304 te
3003 1264 3182 1316 regem
3209 1249 3736 1318 intlclicientemque

2139 1343 2356 1407 ducem,
2393 1350 2449 1396 et
2483 1341 2667 1397 omnis
2701 1341 2828 1396 boni
2883 1357 2949 1396 ac
2982 1340 3199 1410 pulchri
3269 1341 3730 1409 dispensatorem,

2135 1443 2192 1488 et
2212 1434 2528 1488 divitiarum
2560 1433 2766 1489 fontem
2794 1431 3036 1503 cogitat?
3074 1431 3142 1486 Et
3176 1429 3303 1502 quis
3334 1445 3458 1485 ante
3492 1443 3598 1485 tua:
3631 1433 3735 1484 do-

2137 1526 2461 1581 minationis
2495 1525 2893 1595 omnipotentis
2923 1525 3194 1580 visionem
3220 1538 3331 1578 non
3359 1537 3488 1578 vera
3539 1521 3736 1577 laetitia

2137 1622 2413 1675 frueretur
2433 1618 2456 1671 ?
2476 1616 2827 1672 Manifestum
2847 1627 2930 1670 est
2947 1615 3219 1671 neminem
3232 1630 3341 1669 non
3363 1613 3555 1669 lauari.
3578 1614 3734 1670 Ideo-

2135 1727 2244 1782 que
2259 1724 2470 1777 revera,
2527 1727 2548 1763 ι
2573 1708 2715 1765 beati
2739 1708 2947 1764 mundo
2963 1707 3133 1763 corde
3162 1724 3208 1772 ι,
3234 1707 3362 1776 quia
3412 1715 3468 1762 te
3539 1707 3738 1761 anima:

468 1809 552 1864 ὄτι
577 1802 724 1864 οῦτοί
761 1823 822 1861 σε
857 1807 1180 1861 δπτάνονται
1207 1804 1418 1875 ὄμματι
1449 1803 1648 1872 ψυχῆς,
1671 1802 1851 1873 χαράν
1891 1803 2052 1856 αὑτό-

2156 1803 2310 1858 »οιιιίε
2341 1801 2826 1867 videbunt,laetitla
2853 1798 3021 1854 multa
3051 1813 3117 1852 ac
3169 1797 3445 1868 spirituali
3517 1797 3736 1867 repleti,

470 1917 661 1972 χρημα
687 1899 819 1954 ὄντα
847 1897 1218 1969 διαφερόντως
1241 1894 1644 1964 πνευματικὴν,
1669 1895 1765 1947 καὶ
1802 1893 2054 1965 χαίρουσι

2156 1904 2356 1952 etcum
2388 1893 2755 1950 exsultatione
2799 1905 2867 1946 ac
2899 1890 3070 1944 multa
3131 1889 3408 1958 voluptate
3457 1890 3738 1964 laetantur,

470 1992 538 2062 δὴ
569 1991 706 2061 μετὰ
729 1990 979 2059 γάννους,
1008 1989 1106 2044 καὶ
1154 1987 1358 2058 πολλῆς
1388 1985 1679 2056 θυμηδίας,
1709 1987 1804 2041 καὶ
1840 1987 2052 2057 ἀφορή-

473 2099 580 2135 των
609 2081 831 2152 ερώτων
861 2078 1256 2150 ἐμπίπλανται,
1293 2076 1553 2140 πολλάκις
1584 2078 1680 2130 καὶ
1711 2080 2053 2147 σωματικαῖς

476 2171 947 2243 προσπαλαίοντες
980 2168 1360 2238 περιστάσεσι,
1404 2168 1500 2221 καὶ
1545 2167 1888 2237 δαιμονικαῖς
1933 2171 2054 2222 επι-

479 2265 673 2334 φοραῖς
708 2260 1044 2332 πάσχοντες·
1097 2259 1159 2314 τὺ
1210 2259 1320 2330 γὰρ
1375 2257 1748 2330 πνευματικὸν
1796 2261 1912 2328 φῶς
1959 2258 2053 2313 τοῦ
2081 2309 2092 2318 ,

480 2353 710 2417 κάλλους
742 2353 838 2406 τοῦ
867 2351 1160 2424 προσώπου
1191 2368 1306 2416 σου,
1341 2351 1536 2422 Κύριε,
1579 2351 1874 2420 ἀπειράκις
1901 2353 2056 2406 ἀπεί-

482 2461 590 2514 ρως
615 2441 1024 2514 ὑπερεξῄρηται
1051 2439 1146 2493 τοῦ
1167 2441 1264 2494 καὶ
1288 2439 1535 2494 ὁπωσοῦν
1560 2439 1704 2512 λύπῃ
1735 2440 2056 2513 προσίεσθαι

479 2537 741 2605 κοσμικῇ,
772 2527 816 2602 ᾧ
851 2532 1224 2600 ὲλλάμπεσθαι
1267 2532 1516 2600 γίγνεται
1553 2531 1643 2585 διὰ
1671 2532 1915 2602 χάριτος.
1957 2536 2056 2586 Διὰ

475 2626 634 2680 τοῦτο
659 2625 974 2696 γλυκασμδς
1003 2624 1122 2688 ὅλος
1141 2625 1564 2694 προπορεύεσαι.
1584 2623 1746 2687 Ὀλος
1766 2623 2056 2693 ἐπιθυμία,

479 2718 609 2787 ἁγία
638 2735 699 2771 τε
728 2717 937 2786 ἔφεσις,
990 2716 1230 2788 άρῤητος
1264 2714 1434 2786 ἔρως·
1474 2714 1725 2769 ἐντεῦθεν
1762 2717 1797 2785 ἡ
1835 2715 2056 2785 ἀγάπης

480 2827 575 2863 σου
639 2810 937 2880 ἁφορήτοις
1011 2805 1315 2878 ὑπερφυέσι
1395 2795 1644 2877 κέντροις
1713 2805 2053 2876 τετρωμένη.

492 2901 858 2971 ’Δποκαθιστᾷ
904 2899 1034 2962 τοὺς
1061 2899 1207 2953 κατά
1243 2899 1366 2953 τινά
1398 2915 1458 2951 σε
1495 2899 1737 2968 ὁρῶντας
1774 2898 2052 2952 ἐπίνοιαν⁸

481 2992 732 3064 ἐντεῦθεν
761 2994 841 3056 είς
869 2991 1044 3063 ὀσμὴν
1089 2991 1279 3062 μύρων
1309 3007 1404 3045 σου
1441 2991 1617 3044 ὀπίσω
1668 3007 1762 3044 σου
1817 3007 2055 3045 κατακο-

481 3085 771 3138 λουθοῦσαι
819 3085 1073 3153 τρέχουσι
1111 3082 1328 3154 σφοδρῷ
1370 3084 1465 3136 καὶ
1516 3081 1780 3151 ἁνενδότῳ
1826 3082 1966 3153 τόνῳ
2000 3083 2056 3134 αί

2149 1985 2479 2055 ardentique
2509 1997 2696 2038 amore
2721 1981 3023 2050 replentur,
3055 1979 3439 2048 corporalibus
3481 1979 3741 2036 obstacu-

2147 2081 2216 2136 lis
2244 2079 2586 2144 resistentes,
2621 2073 3086 2130 etdzemoniorum
3141 2072 3380 2127 insultus
3437 2071 3738 2142 patientes.

2152 2170 2449 2243 Spirituale
2474 2169 2620 2224 enim
2667 2168 2851 2224 vultus
2901 2167 2981 2220 tui
3035 2163 3460 2234 pulchritudinis
3513 2163 3736 2226 lumen,

2151 2265 2404 2330 Domine,
2432 2264 2643 2320 inﬁnite
2699 2261 2768 2316 ab
2799 2259 2966 2331 hujus
3008 2257 3193 2312 mundi
3247 2257 3468 2313 tristitia
3527 2256 3742 2324 distat;

2151 2376 2263 2432 quo
2280 2357 2488 2414 lumine
2512 2373 2609 2427 per
2624 2354 2853 2426 gratiam
2874 2369 3030 2408 mens
3049 2351 3419 2406 illuminatur.
3447 2349 3743 2418 Propterea

2153 2455 2350 2524 ingens
2399 2451 2448 2507 ei
2503 2449 2736 2506 dulcedo
2775 2455 3090 2517 prmstatur,
3125 2441 3487 2508 desiderium,
3567 2441 3744 2496 sancti

2154 2542 2663 2610 mutus.inell‘ahilis
2695 2555 2888 2604 amor;
2912 2539 3058 2593 unde
3091 2536 3343 2592 caritatis
3373 2550 3483 2592 tute
3532 2535 3742 2590 aculeis

2153 2635 2664 2708 superuaturalibus
2689 2635 3017 2703 acribusque
3049 2635 3205 2685 me'ns
3225 2630 3511 2685 vulnerata
3563 2627 3744 2698 repel-

2155 2733 2216 2786 lit
2256 2746 2351 2785 eos
2404 2731 2497 2798 qui
2554 2739 2608 2783 te
2646 2727 2950 2782 secundum
3027 2724 3270 2791 aliquam
3340 2722 3733 2792 cogitationem

2153 2823 2369 2888 vident;
2437 2820 2581 2874 unde
2634 2819 2690 2873 in
2752 2819 2976 2872 odorem
3034 2825 3440 2883 unguentorum
3526 2822 3743 2869 tuorum

2154 2924 2280 2986 post
2309 2926 2363 2969 te
2391 2919 2687 2981 sequentes
2717 2920 2952 2964 currunt
2986 2907 3294 2962 vehementi
3318 2915 3376 2961 et
3408 2905 3747 2960 indelicieuti

2155 3010 2352 3064 ardore
2370 3020 2560 3061 eorum
2593 3003 2791 3058 anima:
2819 3019 2847 3057 a
2865 3001 3068 3072 quibus
3091 3000 3379 3069 aspiceris,
3426 2997 3746 3059 ineﬂahilis,

2156 3110 2210 3157 et
2247 3101 2300 3154 in
2335 3101 2484 3169 ipsas
2511 3109 2564 3153 te
2594 3099 2872 3153 attrahere
2897 3095 3045 3150 omni
3103 3095 3268 3149 modo
3298 3103 3595 3156 conantur,
3625 3107 3751 3145 om-

481 3176 651 3246 ψυχαὶ
668 3174 798 3241 τῶν,
825 3173 914 3244 ὑφ’
935 3167 1010 3228 ῶν
1035 3174 1253 3245 δρᾶσαι,
1286 3173 1497 3244 apem:
1527 3173 1648 3238 Θεὲ,
1672 3173 1767 3228 καὶ
1791 3175 1848 3227 ὲν
1873 3174 2056 3244 σφίσιν

2156 3195 2283 3248 nino
2308 3192 2467 3246 victae
2489 3203 2543 3247 et
2581 3191 2663 3246 tui
2695 3190 2966 3244 desiderio
2995 3187 3130 3241 mire
3157 3194 3523 3253 consumptae.
3587 3178 3748 3235 Unde

484 3267 675 3330 αὑταῖς
697 3266 875 3320 ἕλκειν
901 3283 960 3319 σε
992 3266 1144 3339 πάσῃ
1171 3266 1468 3337 πειρῶνται
1493 3268 1732 3338 μηχανῇ,
1757 3267 2059 3336 ἡττημέναι

486 3358 726 3423 πάντως,
755 3357 849 3411 καὶ
880 3359 1236 3429 ἐκτετηκυῖαι
1275 3357 1354 3430 τῷ
1387 3357 1538 3429 πόθῳ
1579 3374 1673 3410 σου
1705 3357 2057 3428 θαυμαστῶς.

488 3449 656 3506 Ὀθεν
687 3449 934 3521 ἁλήστως
986 3467 1046 3503 σε
1092 3449 1306 3521 ἔχουσιν
1339 3450 1432 3504 ἐπὶ
1465 3449 1590 3505 νοῦν
1635 3450 1932 3521 ἐξηρμέναι
1964 3450 2060 3503 τοῦ

488 3541 720 3606 κάλλους
758 3560 852 3597 σου
882 3542 976 3597 τοῦ
1006 3542 1337 3615 ὑπερφυοῦς.
1373 3541 1590 3597 Μᾶλλον
1622 3543 1722 3614 μὲν
1757 3538 1852 3597 οὖν
1885 3543 2063 3614 διηνε-

486 3634 599 3698 κῶς
622 3637 716 3688 καὶ
739 3637 1128 3707 πνευματικῶς
1151 3636 1418 3707 πρότερον
1441 3635 1690 3705 κατέχεις
1714 3635 1814 3699 τὰς
1837 3637 2064 3707 καρδίας

488 3725 693 3793 αὐτῶν,
743 3728 836 3780 καὶ
870 3727 1086 3794 νύκτωρ
1115 3725 1287 3796 δήπου
1341 3726 1438 3778 καὶ
1475 3725 1594 3797 μεθ’
1626 3727 1862 3796 ἡμέραν,
1907 3729 2001 3780 καὶ
2038 3729 2066 3780 ὁ

489 3820 657 3882 ῦπνος
699 3820 918 3888 άπέπτη
972 3817 1081 3871 ἀπὸ
1127 3816 1240 3870 τῶν
1283 3816 1569 3889 βλεφάρων
1617 3817 1837 3870 αὐτῶν·
1887 3818 1982 3870 καὶ
2037 3819 2065 3887 ἡ

489 3909 2062 3981 ἡδύτης...........,....

736 4037 749 4051 0
829 4037 844 4053 ο
923 4036 937 4050 0
1015 4038 1029 4051 0
1108 4039 1123 4052 α
1204 4039 1218 4052 0
1298 4039 1313 4052 0
1390 4036 1405 4047 ο
1487 4039 1500 4052 0
1580 4038 1595 4053 0
1673 4038 1688 4053 0
1768 4037 1783 4054 0
1862 4039 1876 4052 0
1955 4038 1970 4054 0
2049 4037 2064 4052 ο

496 4222 514 4239 ο
591 4225 605 4238 0
699 4221 712 4234 ο
805 4223 818 4238 0
911 4220 926 4234 ο
1006 4221 1021 4236 0
1081 4219 1116 4236 o0
1195 4220 1210 4236 0
1288 4221 1303 4235 0
1385 4221 1400 4234 0
1481 4222 1494 4235 0
1581 4223 1595 4236 0
1672 4223 1685 4236 0
1767 4222 1782 4236 0
1864 4224 1876 4237 ο
1957 4222 1972 4235 0
2053 4221 2067 4234 0

494 4294 564 4333 ει.
589 4275 724 4328 ἀλλὰ
749 4275 842 4328 καὶ
859 4273 1220 4328 καθεύδουσαι
1238 4275 1392 4339 τέως,
1426 4274 1574 4344 ὅμως
1596 4276 1628 4344 ὴ
1661 4275 1856 4344 καρδία
1889 4275 2069 4328 αὑτῶν

496 4367 590 4420 καὶ
631 4365 820 4438 [οἰητω
859 4367 1146 4436 γρηγορεί,
1178 4363 1606 4434 ἀγαλλιώμεναι,
1630 4365 1704 4428 ὡς
1727 4367 1754 4418 ὁ
1783 4369 2069 4437 προφήτης

496 4459 644 4527 λέγει
689 4462 780 4512 ἐπὶ
813 4459 921 4512 τῶν
949 4459 1144 4512 κοιτῶν
1189 4459 1390 4512 αὑτῶν.
1421 4459 1531 4511 Καὶ
1564 4459 1870 4528 ἐφαμίλλως
1904 4460 2069 4529 ὁρῶσι

499 4553 593 4604 καὶ
622 4552 956 4621 συνέχονται,
979 4552 1070 4603 καὶ
1092 4550 1144 4602 τί
1177 4551 1431 4618 γενέσθαι
1461 4553 1559 4604 οὐκ
1587 4551 1791 4622 έχουσι,
1818 4553 1911 4605 καὶ
1940 4550 2071 4606 ἁποὲ

501 4642 676 4712 ροῦσι,
711 4645 804 4694 καὶ
834 4641 1144 4706 ἐξίστανται
1165 4643 1254 4695 διὰ
1290 4643 1361 4696 τὰ
1387 4643 1704 4714 διακείμενα
1729 4645 1827 4708 τῆς
1863 4647 2072 4712 ἀφάτου

500 4733 854 4803 φαιδρότητος
903 4733 998 4785 τοῦ
1049 4732 1342 4804 προσώπου
1380 4751 1504 4799 σου,
1540 4735 1629 4787 διὰ
1671 4735 1770 4805 τὴν
1824 4737 2074 4805 μεγαλω-

501 4826 668 4893 σύνην
706 4825 803 4893 τῆς
832 4824 988 4894 δόξης
1033 4828 1132 4894 τῆς
1172 4825 1481 4895 ἁγιωσύνης
1515 4843 1630 4887 σου.
1670 4827 1754 4880 διὰ
1773 4827 1881 4890 ’τὰς
1908 4828 2076 4898 ὑπερ-

501 4914 762 4985 κοσμίους
793 4913 860 4976 ἃς
892 4911 1270 4986 διιατίθεν]ται
1299 4915 1356 4965 ἐν
1387 4916 1604 4978 ἑαυταῖς
1639 4916 1931 4977 ἀναϐάσεις
1957 4933 2073 4981 σου,

499 5004 595 5057 καλ⁷
627 5002 997 5072 ἀποκαλύψεις
1031 5003 1130 5067 τὰς
1164 5004 1458 5072 μυστικὰς,
1491 5005 1578 5058 διὰ
1605 5005 1675 5058 τὰ
1706 5007 1874 5077 μυρία
1904 5007 2077 5077 ἀπόρ-

503 5099 644 5168 ρητά
675 5115 735 5150 τε
759 5099 854 5151 καὶ
877 5098 1082 5167 ἄφατα,
1119 5098 1378 5167 πάγκαλα
1404 5115 1464 5152 τε
1498 5101 1594 5152 καλ⁴
1619 5101 1906 5168 πανάγαθα
1929 5102 2078 5173 δῶρα

502 5191 1039 5264 Πάτερτὰπερὶσὲ.
1115 5234 1131 5248 .
1211 5237 1225 5251 .
1306 5233 1320 5247 .
1403 5235 1418 5250 .
1498 5234 1510 5249 .
1591 5236 1604 5249 .
1685 5235 1698 5250 .
1780 5236 1792 5248 .
1873 5237 1885 5250 .
1967 5237 1979 5250 .
2061 5240 2074 5252 .

501 5374 596 5428 καὶ
626 5377 908 5448 στηρίξαις
946 5381 1074 5444 τοὺς
1119 5383 1178 5435 ὲν
1223 5383 1480 5456 εὑθύτητι
1514 5384 1945 5456 [κατοικοῦν]τας
1982 5388 2076 5441 σὺν

500 5466 579 5537 τῷ
610 5469 890 5541 προσώπῳ
924 5488 1040 5528 σου.

2156 3302 2264 3341 non
2307 3295 2538 3356 possunt
2566 3295 2619 3339 te
2650 3282 2927 3344 oblivisci,
2959 3289 3143 3335 mente
3194 3289 3286 3332 tua
3337 3272 3748 3346 supernaturali

2153 3379 2561 3450 pulchritudine
2610 3390 2901 3446 suspensa.
2955 3372 3072 3429 lmo
3161 3386 3292 3427 vero
3360 3378 3622 3439 perpetuo
3684 3380 3752 3420 ac

2155 3473 2511 3543 spiritualiter
2540 3471 2690 3542 prius
2719 3483 2912 3524 eorum
2946 3465 3114 3521 corda
3168 3462 3439 3535 possides,
3479 3470 3534 3515 et
3589 3468 3752 3514 nocte

2153 3575 2208 3620 et
2248 3564 2356 3628 die,
2383 3575 2436 3618 et
2479 3577 2708 3618 somnus
2731 3560 2924 3627 eﬂugit
2947 3559 3014 3613 ab
3053 3556 3230 3612 oculis
3259 3571 3472 3619 corum,
3505 3564 3559 3613 et
3625 3553 3751 3608 dul-

2155 3658 2291 3713 cedo

2465 3880 2482 3898 ι
2557 3879 2581 3894 ι.
2658 3877 2679 3894 ι
2777 3879 2795 3892 0
2886 3876 2904 3891 0
2962 3873 2978 3887 ο
3055 3872 3073 3888 0
3150 3874 3165 3887 0
3247 3872 3260 3887 ο
3342 3869 3356 3884 0
3435 3867 3451 3884 ο
3529 3869 3547 3885 0
3625 3869 3639 3883 0
3724 3869 3740 3884 ι

2170 4375 2252 4440 si,
2311 4373 2407 4428 sed
2450 4371 2842 4427 dormientium
2911 4384 3006 4423 cor
3055 4377 3236 4444 tamen
3285 4362 3511 4432 vigilat;
3564 4361 3752 4416 exsul-

2170 4480 2419 4541 tantque,
2442 4479 2502 4525 ut
2529 4471 2918 4538 aitpropheta,
2959 4469 3012 4520 in
3054 4462 3319 4519 cubilibus
3355 4461 3493 4516 suis.
3530 4458 3594 4512 Et
3621 4474 3756 4514 enn-

2172 4565 2506 4634 templantur
2555 4579 2618 4618 ac
2669 4561 3180 4630 comprehcniuut,
3216 4565 3269 4611 et
3326 4556 3575 4632 nesciunt
3625 4552 3756 4622 quid

2172 4660 2322 4721 ﬁant,
2351 4669 2408 4712 et
2439 4657 2720 4719 deﬁciunt,
2751 4668 2805 4710 ct
2839 4656 2890 4708 in
2916 4653 3176 4707 exstasim
3215 4650 3502 4718 rapiuntur
3535 4655 3761 4716 proutcr

2175 4754 2250 4804 tui
2287 4752 2472 4804 vultus
2495 4748 2802 4816 splendoris
2841 4744 3362 4808 manifestatimtem,
3398 4753 3619 4810 promer
3657 4749 3762 4791 tua:

2173 4843 2359 4911 gloria:
2399 4856 2462 4894 ac
2501 4839 2811 4893 sanctitatis
2845 4834 3302 4906 magnitudinem,
3327 4845 3546 4904 propter
3568 4849 3760 4900 super-

2176 4935 2455 4989 naturales
2497 4943 2636 4994 tuas,
2677 4948 2799 5000 quie
2850 4931 2996 4998 ipsas
3030 4929 3348 4997 disponunt,
3411 4927 3764 4979 ascensioncs

2176 5040 2230 5084 et
2282 5027 2538 5096 mysticas
2571 5024 2968 5088 revelationes,
3008 5032 3230 5092 propter
3270 5029 3530 5076 sexcenta
3564 5034 3763 5073 arcana

2176 5134 2230 5178 et
2255 5118 2575 5187 ineﬂabilia,
2615 5118 3091 5190 pulcherrimaque
3128 5125 3183 5172 et
3210 5115 3414 5185 Optima
3441 5114 3610 5176 dona,
3641 5127 3767 5182 que

2174 5219 2385 5272 circum
2429 5224 2479 5268 te
2515 5220 2670 5279 sunt,
2715 5212 2898 5265 Pater.
2980 5248 2995 5262 .
3075 5247 3089 5262 .
3170 5245 3187 5262 .
3267 5249 3280 5262 .
3361 5246 3378 5262 .
3459 5245 3473 5259 .
3553 5247 3568 5261 .
3655 5244 3672 5260 .
3748 5244 3763 5259 .

2250 5403 2315 5457 Et
2353 5399 2594 5456 tirmabis
2647 5411 2744 5453 eos
2784 5393 2878 5464 qui
2915 5392 3050 5450 recti
3084 5407 3208 5448 cum
3254 5392 3407 5446 vulto
3459 5402 3550 5447 tuo
3609 5393 3771 5444 trahi.

2182 5504 2320 5551 tant.
