4076 6460
353 399 458 470 947

1580 395 2002 457 NICEPIIOBI
2041 397 2390 460 MONACHI

3526 396 3629 458 918

356 532 468 600 γὰρ
498 529 613 582 ἔστι
657 528 758 600 τὴν
800 530 934 600 πρὸς
983 528 1116 582 Θεὸν
1149 530 1500 598 καταλλαγὴν
1553 548 1646 582 και
1675 530 1954 582 οἰκείωσιν
1977 530 2016 581 Δ
2045 525 2373 597 ἐτάχθημεν.
2403 529 2464 580 Εἰ
2506 528 2561 582 δέ
2595 547 2678 592 τις
2711 529 3022 602 Νικόδημος
3059 529 3214 593 ἄλλος
3244 529 3437 602 ὀφθείη
3477 532 3625 600 φιλος-

355 622 533 685 ἅλλως
563 623 715 691 ἡμᾶς
748 623 1010 693 ἐντυχεῖν,
1046 624 1094 675 εἰ
1128 623 1202 694 μὴ
1234 625 1502 694 πρότερον
1535 623 1672 692 πρὸς
1704 624 1952 684 ἑαυτοὺς,

358 715 486 766 ὅσον
527 713 588 766 τὸ
629 714 716 781 ἐφ’
745 715 900 784 ἡμῖν,
937 715 1346 785 ἐπανέλθωμεν,
1383 716 1415 785 ἢ
1461 715 1662 784 μᾶλλον
1701 716 1964 770 εἰσέλθω-τ

363 822 462 874 μεν
487 822 501 835 ο
534 805 597 858 τὸ
627 806 737 877 γάρ
765 805 1092 876 παράδοξον,
1128 807 1237 861 ἀπὸ
1297 808 1397 877 τῆς
1429 807 1522 860 τοῦ
1552 808 1760 877 κόσμου
1799 825 1955 878 περι-

362 899 556 968 φορᾶς,
588 898 809 969 καὶτῆς
866 899 1102 969 ματαίας
1158 899 1430 971 μερίμνης
1473 901 1699 963 ἑαυτοὺς
1729 900 1957 971 ἀποσχί-

362 988 569 1053 ζοντες,
593 992 730 1062 πρὸς
758 991 815 1043 δὲ
841 991 940 1063 τὴν
980 992 1130 1054 me;
1155 992 1311 1061 ἡμῶν
1339 989 1504 1045 οὖσαν
1547 992 1824 1062 βασιλείας
1846 993 1957 1046 τῶν

364 1080 636 1152 οὐρανῶν,
692 1084 1108 1153 ἀσυγχωρήτως
1160 1085 1508 1155 κατέχοντες.
1543 1083 1644 1136 Διὰ
1667 1084 1824 1137 τοῦτο
1847 1085 1957 1154 γὰρ

363 1175 525 1246 τέχνη
553 1175 776 1246 τεχνῶν,
822 1177 917 1228 καὶ
943 1178 1222 1246 ἐπιστήμη
1273 1177 1594 1246 ἐπιστημῶν
1626 1179 1657 1244 ἡ
1695 1175 1958 1247 μοναδικὴ

369 1266 619 1318 πολιτεία
671 1266 1010 1335 ὠνόμασται,
1039 1266 1226 1336 ἐπειδὴ
1252 1266 1350 1335 οὐχ
1371 1266 1572 1335 ὁμοίιος
1603 1267 1712 1319 τῶν
1741 1266 1960 1336 φθειρο-

373 1361 550 1429 μένων
593 1360 822 1411 τουτωνὶ
875 1361 1241 1428 πραγμάτων,
1277 1361 1424 1411 ἐστιν
1464 1359 1598 1429 ἡμῖν
1642 1357 1958 1430 πρόξενοςή

371 1454 494 1506 ὅσια
549 1452 711 1520 αὕτη,
751 1451 838 1505 ἵνα
899 1451 1158 1522 καὶπρὸς
1193 1452 1333 1504 αὐτὰ
1396 1451 1487 1504 τὸν
1519 1451 1644 1504 νοῦν
1665 1452 1822 1521 ἡμῶν
1852 1451 1961 1504 ἀπὸ

372 1543 484 1594 τῶν
546 1543 876 1612 κρειττόνων
957 1542 1472 1613 μετοχετεύσαντες,
1563 1542 1959 1611 καταχωννύω-

381 1650 516 1704 μεν⁶
565 1634 702 1688 ἀλλὰ
760 1634 886 1698 ξένα
943 1635 1067 1688 τινὰ
1128 1636 1221 1689 καὶ
1285 1637 1574 1707 ἀπόρρητα
1619 1635 1802 1704 ἀγαθὰ
1836 1638 1967 1707 ἡμῖν

379 1725 812 1794 ἐπαγγέλλεται·
847 1747 864 1778 ι
910 1730 977 1780 "A
1007 1726 1284 1798 ὀφθαλμὸς
1317 1729 1417 1781 οὐκ
1450 1725 1581 1794 εἶδε,
1618 1729 1711 1782 καὶ
1739 1723 1834 1793 οὖς
1868 1729 1970 1782 οὐκ

380 1817 610 1888 ἤκουσε,
646 1820 738 1871 καὶ
771 1820 863 1872 ἐπὶ
896 1820 1126 1890 καρδίαν
1149 1821 1441 1892 ἀνθρώπου
1465 1822 1565 1875 οὐκ
1593 1821 1784 1892 ἀνέϐη.
1823 1822 1966 1876 Κάν·

2047 617 2243 670 νεικῶν
2301 620 2358 670 ὲν
2418 620 2650 683 τούτοις,
2708 621 2803 674 καὶ
2856 621 3070 690 λέγων’
3116 623 3234 685 Πῶς
3261 622 3484 676 δύναταί
3522 635 3624 685 τις,

2048 709 2106 760 ὲν
2134 712 2199 780 τῇ
2249 711 2448 782 καρδία
2505 713 2977 779 εἱσελευσόμενος,
3037 714 3155 766 ἐκεῖ
3199 714 3548 784 ἐργάζεσθαι,
3595 715 3627 784 ἦ

2048 800 2380 870 διατρίϐεινζ
2444 798 2634 872 ὥσπερ
2695 805 2900 866 ἐκεῖνος
2946 803 3025 873 τῷ
3084 804 3298 875 Σωτῆρι
3338 806 3630 876 ἀντέφησε,

2057 911 2074 945 ι
2109 895 2228 955 Πῶς
2257 895 2482 949 δύναταί
2529 914 2612 959 τις
2646 896 2724 960 εἰς
2757 897 2853 966 τὴν
2877 896 3082 949 κοιλίαν
3116 898 3214 966 τῆς
3241 897 3443 967 μητρὸς
3466 897 3631 950 αὑτοῦ

2051 988 2305 1060 δεύτερον
2333 989 2614 1055 εἰσελθεῖν,
2647 989 3088 1060 καιγεννηθῆναι
3113 990 3288 1060 γέρων
3307 990 3414 1056 ὧν;
3445 992 3634 1043 δακού-

2058 1098 2210 1133 σεται
2267 1081 2358 1133 καὶ
2415 1078 2612 1143 αὐτός’
2656 1081 2738 1133 ὅτι
2769 1080 2842 1132 Τὸ
2871 1079 3116 1148 Πνεῦμα,
3155 1081 3288 1131 ὅπου
3327 1079 3467 1131 θέλει
3494 1083 3633 1134 πνεῖ.

2057 1176 2169 1229 Καὶ
2197 1177 2247 1228 εἰ
2272 1177 2351 1238 εἰς
2378 1174 2566 1244 τὰτῆς
2585 1175 2897 1245 πρακτικῆς
2919 1173 3078 1244 ἔργα,
3109 1172 3280 1235 οὔτως
3306 1171 3638 1241 ἀμφιϐάλλο-

2061 1287 2162 1338 μεν
2191 1267 2570 1332 ἁπιστοῦντες,
2615 1268 2734 1330 πῶς
2772 1269 2841 1320 τὰ
2867 1267 2967 1336 τῆς
2994 1267 3227 1337 θεωρίας
3255 1267 3384 1335 ἡμῖν
3417 1264 3637 1316 ἐπελεύ-

2063 1379 2250 1427 σεται;
2304 1362 2536 1432 θεωρίας
2596 1361 2705 1432 γὰρ
2750 1360 3003 1424 ὲπίὸασις
3058 1360 3359 1429 πρακτική.
3397 1359 3548 1409 Ἐπεὶ
3587 1357 3640 1409 δὲ

2061 1457 2352 1528 γραφικῶν
2366 1453 2693 1518 ἀποδείξεων
2709 1455 2860 1520 ἄνευ,
2885 1453 2991 1522 πλη
3001 1451 3364 1522 ροφορηθῆναι
3387 1448 3642 1518 τῷοὖτως

2062 1553 2433 1606 διαπιστοῦντι
2468 1550 2751 1612 ἀδύνατον,
2789 1548 2923 1618 φέρε
2976 1547 3102 1607 τοὺς
3148 1544 3254 1595 τῶν
3301 1544 3470 1609 ἁγίων
3500 1541 3645 1610 βίους

2065 1646 2163 1697 καὶ
2190 1643 2259 1696 τὰ
2308 1642 2604 1714 ἐγγράφως
2635 1641 2726 1694 ὑπ’
2763 1639 2944 1693 αὐτῶν
2977 1635 3290 1692 ἐκτεθέντα,
3322 1635 3399 1695 είς
3438 1631 3646 1684 πολλῶν

2068 1737 2334 1808 ὠφέλειαν
2365 1739 2423 1789 ὲν
2453 1736 2629 1805 τούτῳ
2651 1733 2726 1803 τῷ
2748 1732 2891 1802 λόγῳ
2913 1729 3244 1798 ὲντάξωμεν,
3264 1729 3349 1780 ἵνα
3376 1729 3438 1780 ἐκ
3457 1725 3646 1778 τούτου

2070 1830 2588 1902 πληροφορούμενος
2663 1828 2844 1880 πᾶσαν
2927 1821 3258 1892 ἀμφιϐολίαν
3339 1817 3646 1886 ἀπώσηται.

380 1910 594 1969 τεῦθεν.
623 1912 743 1965 οὐδὲ
773 1913 973 1983 ἠπάλη
1005 1914 1137 1984 ἡμῖν
1161 1915 1278 1967 ἐστι
1301 1917 1438 1986 πρὸς
1467 1908 1607 1984 αἷμα
1638 1914 1733 1969 καὶ
1766 1916 1970 1986 σάρκα,
1995 1906 2038 1961 Β
2074 1923 2318 1977 Ἀνωθεν
2339 1922 2398 1975 δὲ
2423 1921 2483 1985 ἐξ
2506 1919 2671 1975 αὑτοῦ
2711 1917 2806 1972 τοῦ
2849 1915 3062 1987 [ἰατρὸς
3095 1911 3253 1982 ἡμῶν
3275 1908 3367 1962 τοῦ
3409 1907 3645 1978 μεγάλου

381 2003 520 2056 ἀλλὰ
551 2005 687 2076 πρὸς
713 2005 809 2070 τὰς
849 2007 1048 2078 ἀρχὰς,
1088 2009 1226 2079 πρὸς
1260 2009 1359 2070 τὰς
1387 2009 1658 2074 ἐξουσίας,
1688 2011 1828 2082 πρὸς
1843 2011 1974 2075 τοὺς

385 2100 838 2168 κοσμοκράτορας
862 2101 956 2154 τοῦ
991 2101 1221 2165 σκότους
1250 2102 1344 2155 τοῦ
1379 2103 1574 2166 αἰῶνος
1616 2103 1832 2158 τούτου.
1861 2123 1880 2157 ι
1909 2105 1974 2157 Et

385 2185 479 2242 οὗν
535 2191 724 2253 σκότος
775 2194 807 2244 ὁ
859 2191 1053 2264 παρὼν
1091 2195 1247 2257 αἰὼν,
1283 2195 1612 2266 φευξῶμεθα
1652 2197 1749 2250 ἀπ’
1785 2197 1975 2262 αὑτοῦ,

389 2282 721 2350 φευξὼμεθα
780 2285 837 2336 δὲ
865 2285 943 2354 τῷ
977 2287 1248 2355 νοήματι·
1281 2287 1450 2357 μηδὲν
1493 2289 1671 2342 κοινὸν
1700 2291 1834 2359 ἡμῖν
1884 2291 1980 2343 καὶ

388 2373 467 2442 τῷ
493 2374 674 2444 ἐχθρῷ
701 2375 796 2428 τοῦ
825 2375 961 2429 Θεοῦ
982 2393 996 2407 '
1032 2377 1061 2429 ὁ
1083 2379 1190 2448 γὰρ
1224 2378 1510 2447 βουληθεὶς
1539 2379 1787 2449 φιλιάσαι
1807 2381 1980 2451 αὐτῷ,

391 2464 588 2534 ἐχθρὸς
618 2465 713 2518 τοῦ
743 2466 878 2519 Θεοῦ
931 2468 1277 2532 καθίσταται,
1312 2467 1389 2539 τῷ
1425 2470 1481 2523 δὲ
1522 2468 1704 2539 ἐχθρῷ
1735 2469 1982 2538 γεγονότι

393 2557 531 2610 Θεοῦ
568 2558 650 2620 τίς
683 2558 950 2629 βοηθῆσαι
998 2560 1248 2627 δύναται;
1285 2563 1383 2616 Διὰ
1423 2560 1581 2614 τοῦτο
1611 2561 1985 2632 μιμησὼμεθα

392 2653 522 2714 τοὺς
575 2652 822 2723 πατέρας
865 2653 1046 2724 ἡμῶν,
1105 2655 1200 2706 καὶ
1251 2655 1343 2706 τὸν
1396 2655 1546 2718 ἐντὸς
1589 2654 1698 2707 τῶν
1746 2653 1986 2724 καρδιῶν

394 2745 556 2816 ἡμῶν
592 2745 888 2817 θησαυρὸν,
921 2746 997 2809 ὡς
1039 2749 1306 2809 κάκεῖνοι,
1340 2747 1700 2818 ζητήσωμεν·
1731 2747 1826 2800 καὶ
1858 2745 1987 2799 τοῦ·

395 2853 492 2890 τον
515 2837 790 2907 εὑρόντες,
838 2837 1135 2910 κρατῶμεν
1166 2838 1446 2909 κραταιῶς
1476 2838 1638 2907 ἄγαν,
1681 2837 1988 2908 ἐργαζόμε-

397 2945 480 2982 νοι
503 2929 638 2999 ὁμοῦ
673 2931 766 2985 καὶ
824 2931 1216 3000 φυλάσσοντες⁸
1271 2933 1350 2996 είς
1384 2930 1570 2984 -τοῦτο
1595 2929 1705 3001 γὰρ
1729 2929 1788 2995 ἐξ
1814 2929 1990 3000 ἀρχῆς

385 3122 680 3176 aversione
715 3135 932 3177 summa
987 3129 1319 3190 respuentes
1348 3137 1364 3188 ;
1401 3135 1512 3176 non
1541 3122 1690 3177 enim
1751 3123 2008 3179 reconci-

2073 2031 2166 2084 τὸν
2204 2029 2361 2096 λόγον
2413 2023 2732 2096 ἁρξαμενοι,
2776 2019 2867 2071 ἐπὶ
2901 2018 3028 2078 τοὺς
3068 2013 3324 2082 καθεξῆς,
3358 2013 3479 2066 ὅσον
3502 2014 3648 2066 ἐστιν

2079 2124 2202 2191 ἐμοὶ
2224 2119 2471 2177 δυνατὸν,
2501 2116 2626 2178 τοὺς
2669 2113 2860 2180 λόγους
2900 2109 2995 2162 καὶ
3039 2106 3140 2170 τὰς
3185 2105 3409 2176 πράξεις
3449 2105 3652 2157 τούτων

2084 2213 2325 2286 μερικῶς
2370 2197 2738 2272 συλλέξαντες,
2774 2203 2908 2274 πρὸς
2942 2199 3202 2254 πίστωσιν
3258 2195 3649 2266 παραθῶμεθα.

2092 2427 2194 2482 Ἐκ
2239 2424 2346 2480 τοῦ
2388 2423 2538 2489 ,βίου
2596 2420 2705 2476 τοῦ
2753 2418 2933 2543 dalolv
2998 2416 3232 2484 Πατρός
3293 2413 3464 2485 ἡμῶν
3527 2414 3657 2470 Ἀνο

2753 2505 2869 2543 των
2897 2506 2991 2543 ου.

2753 2505 2889 2544 τωνι
2897 2506 2991 2544 ου.

2157 2657 2490 2729 Εἰσήρχοντό
2537 2673 2670 2710 ποτε
2721 2651 2861 2725 πρὸς
2891 2652 2985 2705 τὸν
3038 2647 3214 2704 ὰὸϐᾶν
3251 2643 3532 2700 Ἀντώνιον
3570 2643 3662 2696 δύο

2085 2750 2302 2821 ἀδελφοί
2326 2766 2340 2780 ο
2369 2750 2464 2804 καὶ
2493 2748 2778 2818 λείψαντος
2805 2734 2986 2806 αῦτοῖς
3006 2743 3064 2795 ὲν
3092 2743 3160 2811 τῇ
3201 2737 3303 2809 ὀδῷ
3329 2737 3420 2790 τοῦ
3453 2735 3664 2799 ὕδατος,

2084 2843 2113 2894 ὁ
2152 2842 2250 2913 μὲν
2275 2834 2356 2904 εἷς
2387 2838 2646 2902 ἀπέθανε,
2677 2840 2706 2891 ὁ
2733 2836 2791 2889 δὲ
2833 2835 3020 2904 ἔτερος
3050 2829 3242 2902 ἔμελλε
3263 2844 3276 2859 ·
3307 2827 3502 2899 μηκέτι
3535 2826 3664 2893 γοῦν

2089 2935 2289 3004 ἰσχύων
2309 2929 2540 2996 ὁδεύειν,
2572 2930 2750 2984 ἔκειτο
2778 2929 2873 2982 καὶ
2912 2925 3073 2989 αὐτὸς
3107 2923 3199 2979 ἐπὶ
3220 2921 3319 2992 τῆς
3346 2920 3455 2990 γῆς·
3487 2919 3668 2982 τεθνή-

2117 3121 2264 3179 intra
2297 3124 2464 3179 corda
2508 3129 2698 3178 nostra
2729 3119 3007 3177 defossum
3043 3123 3206 3189 prout
3257 3116 3362 3188 ipsi
3414 3115 3681 3188 fecerunt,

384 3212 668 3270 liationem
719 3214 892 3268 nostri
941 3227 1068 3268 cum
1123 3211 1259 3279 Deo,
1288 3223 1343 3268 et
1402 3213 1834 3270 familiaritatem
1869 3205 2063 3287 ejusC
2097 3215 2247 3270 omni
2308 3215 2594 3286 diligentia
2649 3225 3010 3285 quaramus:
3073 3220 3130 3266 et
3181 3206 3327 3265 hunc
3382 3221 3672 3280 postquam

323 3301 330 3308 ”
385 3307 651 3377 consequi
721 3322 960 3376 unquam
997 3305 1323 3376 poterimus,
1346 3306 1455 3362 nisi
1477 3322 1581 3362 nos
1605 3310 1783 3376 prius,
1809 3323 1987 3378 quan-

389 3411 505 3453 tum
539 3400 650 3455 erit
673 3398 727 3452 iu
768 3399 952 3464 nobis,
1009 3397 1219 3453 reversi
1285 3397 1576 3462 fuerimus,
1633 3409 1732 3453 aut
1797 3400 1986 3468 potius

387 3491 656 3560 primum,
693 3500 746 3544 et
779 3499 978 3558 przeter
1005 3489 1340 3544 anteriorem
1371 3504 1530 3543 usum
1568 3489 1803 3560 ingressi
1837 3491 1986 3545 viam

389 3599 612 3638 sursum
638 3592 844 3636 reetam
875 3596 906 3634 a
941 3581 1110 3649 stulta
1142 3596 1239 3651 per
1289 3579 1585 3635 circuitum
1615 3580 1985 3644 deerratione,

389 3692 496 3748 qua
529 3676 770 3730 mundus
821 3674 1138 3741 abducitur,
1179 3682 1234 3729 et
1279 3689 1308 3728 a
1366 3689 1503 3729 cura
1561 3691 1744 3730 rerum
1798 3677 1986 3730 εδει-ιιιί

389 3785 494 3826 nos
525 3769 674 3840 ipsos
697 3767 1125 3836 abscindentes;
1149 3765 1222 3820 in
1273 3768 1576 3822 constituto
1618 3777 1804 3823 autem
1842 3768 1987 3823 intra

386 3878 490 3918 nos
515 3861 610 3916 Dci
651 3873 821 3932 regno
873 3868 1112 3915 mentem
1150 3857 1423 3916 intlivulse
1451 3869 1700 3916 nostram
1737 3868 1988 3918 tenentes

387 3955 630 4011 affixam.
657 3954 892 4024 Pr0pter
922 3953 1026 4007 hoc
1074 3952 1224 4007 enim
1263 3967 1358 4008 ars
1415 3953 1618 4007 artium
1652 3962 1708 4008 et
1757 3953 1988 4008 scientia

387 4049 748 4105 scientiarum
773 4047 881 4100 vita
909 4045 1218 4101 monastica
1247 4045 1528 4101 nominata
1560 4052 1665 4101 est.
1691 4043 1810 4101 Non
1837 4051 1986 4101 enlm

388 4148 579 4197 sancta
647 4139 767 4192 haec
833 4135 1131 4208 disciplina
1202 4136 1384 4192 simile
1451 4136 1617 4193 habet
1687 4138 1988 4208 quidquam

388 4250 512 4308 cum
541 4230 868 4302 vulgaribus
934 4230 1221 4284 hominum
1285 4229 1561 4286 institutis
1609 4238 1778 4301 atque
1826 4230 1990 4284 indu-

390 4327 571 4391 striis,
598 4324 816 4379 cunctis
846 4323 903 4376 in
929 4320 979 4375 id
1019 4321 1249 4376 intentis
1271 4332 1331 4376 ut
1380 4334 1616 4378 mentem
1667 4325 1938 4379 nostram'
1959 4338 1992 4378 a

390 4414 719 4473 melioribus
742 4411 1011 4467 deflexam
1042 4413 1095 4466 in
1149 4411 1262 4466 ima
1307 4422 1640 4486 terrenaque
1678 4414 1988 4483 dejiciant;

390 4523 613 4573 verum,
658 4506 768 4560 ali'n
800 4507 959 4574 longe
988 4504 1223 4568 ducens,
1285 4507 1426 4560 mira
1457 4517 1512 4561 et
1563 4506 1865 4563 ineﬂabilia
1898 4523 1991 4562 os-

2096 3307 2474 3365 invenerimus
2508 3306 2809 3363 fortissime
2854 3315 3164 3371 teneamus,
3195 3314 3490 3373 operantes
3519 3302 3682 3357 simul

2095 3409 2152 3457 et
2185 3401 2594 3467 custodientes;
2657 3400 2711 3454 in
2764 3400 2820 3455 id
2869 3399 3016 3453 enim
3069 3413 3099 3452 a
3156 3396 3431 3468 principio
3494 3410 3686 3450 sumus

2096 3496 2293 3567 geniti.
2330 3493 2389 3550 Si
2426 3503 2611 3550 autem
2639 3494 2780 3549 alius
2812 3492 3036 3564 quidam
3069 3491 3403 3546 Nicodenius
3450 3498 3682 3544 contru-

2098 3580 2276 3645 tiosu's
2322 3588 2450 3643 velit
2472 3602 2597 3642 esse
2617 3586 2922 3657 argutando
2940 3584 3132 3640 dicens
3156 3601 3169 3638 :
3195 3581 3483 3650 Quomodo
3504 3587 3685 3651 potest

2096 3680 2298 3750 aliquis
2326 3679 2381 3733 in
2413 3694 2512 3735 cor
2540 3679 2822 3752 ingressus
2853 3693 3012 3732 suum
3043 3677 3116 3731 ibi
3146 3676 3361 3746 Operari
3390 3683 3447 3731 et
3478 3673 3694 3729 habita-

2097 3789 2158 3830 re
2174 3775 2197 3829 ?
2213 3785 2271 3829 ut
2290 3783 2345 3829 et
2365 3774 2455 3829 ille
2465 3782 2624 3829 vetus
2645 3769 2915 3829 Salvatori
2933 3787 2992 3828 se
3009 3785 3292 3843 opponens
3313 3770 3482 3825 dixit:
3507 3787 3526 3820 ε
3547 3769 3693 3835 Quae

2098 3868 2261 3924 modo
2282 3875 2465 3940 potest
2487 3868 2650 3922 homo
2677 3882 2869 3923 rursus
2890 3867 3123 3923 introire
3151 3866 3207 3920 in
3231 3876 3472 3920 ventrem
3500 3860 3690 3916 matris

2097 3970 2152 4018 et
2175 3962 2394 4018 renasci
2412 3975 2539 4016 cum
2571 3961 2646 4014 sit
2678 3959 2897 4015 senex?
2932 3977 2952 4012 ι
2993 3959 3180 4014 audiet
3201 3963 3257 4012 et
3306 3955 3397 4009 hic
3428 3970 3444 4009 :
3478 3953 3690 4024 «Spiri-

2097 4059 2187 4108 tus
2208 4051 2304 4107 ubi
2362 4051 2482 4105 vult
2535 4051 2806 4121 spirat'n
2846 4051 2913 4105 Et
2959 4051 3009 4106 si
3055 4049 3201 4105 circa
3265 4046 3389 4102 vita:
3438 4045 3691 4115 practi‘a:

2097 4159 2265 4215 Opera
2293 4146 2376 4200 sic
2408 4143 2734 4200 dubitamus
2761 4141 3057 4206 increduli,
3096 4141 3374 4212 quomoJo
3418 4139 3690 4193 intellecta

2099 4237 2289 4292 venire.
2371 4229 2532 4291 nobis
2609 4244 2877 4306 poterunt
2938 4231 3420 4303 contemplationis
3467 4229 3692 4286 arcana?

2099 4329 2601 4400 Contemplationis
2651 4329 2857 4400 quippe
2941 4327 3362 4383 fundamentqu
3425 4325 3536 4381 vita
3601 4333 3692 4380 est

2098 4425 2372 4494 practica.

2172 4512 2446 4579 Quoniam
2500 4527 2634 4568 vero
2693 4515 2814 4568 sine
2870 4512 3098 4583 scriptis
3167 4512 3482 4568 testimonia
3538 4521 3691 4565 certo
3763 4535 3770 4544 ι

395 4611 573 4658 tentat
602 4612 656 4657 et
687 4599 956 4672 promittit
987 4601 1155 4666 bona,
1185 4599 1370 4669 qualia
1408 4618 1427 4652 ι
1457 4597 1568 4656 Nec
1587 4601 1782 4657 oculus
1833 4602 1993 4667 vidit,
2028 4585 2074 4641 Ῑ)
2104 4603 2429 4676 persuaderi
2526 4607 2655 4660 talia
2717 4622 2824 4661 non
2878 4614 3132 4676 possunt,
3184 4619 3306 4675 age,
3361 4603 3612 4671 deinceps
3664 4615 3695 4656 e

399 4715 502 4769 nec
535 4697 686 4751 auris
720 4694 952 4759 audivit,
986 4707 1163 4763 neque
1197 4692 1254 4745 in
1281 4706 1378 4747 cor
1437 4693 1680 4750 hominis
1726 4694 1996 4751 ascende-

397 4791 604 4858 runt,‘t
647 4777 793 4844 unde
826 4801 1008 4856 neque
1048 4785 1408 4840 «Colluctatio
1451 4785 1612 4840 nobis
1673 4793 1758 4841 est
1795 4786 1992 4840 adver-

397 4901 493 4938 sus
525 4896 748 4936 carnem
781 4890 837 4934 et
878 4877 1229 4946 sanguinem,
1264 4874 1360 4931 sed
1391 4875 1658 4932 adversus
1712 4875 1996 4947 principa-

398 4987 490 5030 tus
519 4983 574 5027 (ιι
604 4981 926 5042 potestates,
953 4970 1218 5024 adversus
1254 4968 1444 5022 miuuli
1481 4975 1721 5024 rectores
1746 4968 1999 5024 tenebra-

395 5085 519 5122 rum
550 5065 714 5135 hujus
735 5064 1002 5121 saeculi)»
1031 5063 1086 5116 Si
1108 5077 1240 5131 ergo
1260 5076 1505 5130 praesens
1549 5061 1811 5116 swculum
1846 5069 1997 5117 tene-

396 5161 512 5215 brae
524 5169 632 5223 est,
655 5159 931 5228 fugiamus
947 5156 1015 5209 ab
1035 5157 1154 5224 ipso
1174 5171 1243 5208 ne
1265 5169 1390 5208 cum
1412 5155 1531 5222 ipso
1554 5169 1864 5222 pereamus.
1889 5153 1998 5209 Fu-

399 5254 614 5322 giamns
642 5264 893 5318 corpore,
951 5247 1226 5317 fugiamus
1242 5260 1518 5308 sermone,
1544 5244 1821 5318 fugiamus
1841 5248 1994 5318 cogi-

401 5344 651 5405 tatione;
687 5343 822 5395 nihil
863 5339 994 5394 mihi
1031 5355 1325 5410 commune
1341 5340 1553 5392 sitcum
1579 5339 1669 5394 Dei
1691 5341 1994 5407 hoste.Qui

403 5436 792 5492 enimvoluerit
831 5436 1010 5488 amico
1055 5435 1151 5487 illo
1198 5433 1301 5497 uti,
1349 5432 1608 5488 inimicus
1659 5431 1756 5488 Dei
1784 5436 1996 5489 constio

405 5533 601 5584 tuitur.
621 5529 681 5582 Ei
714 5544 876 5596 porro
911 5530 1004 5597 qui
1036 5525 1147 5581 Deo
1182 5525 1350 5581 fuerit
1382 5525 1664 5594 inimicus,
1683 5528 1993 5598 quisauxi-

403 5620 523 5676 liari
556 5629 736 5692 potest
757 5620 780 5674 ?

474 5714 655 5780 Quare
680 5714 961 5768 imitemur
1004 5709 1196 5765 Patres
1242 5720 1481 5774 nostros,
1539 5719 1592 5768 ct
1662 5715 1982 5770 thesaurum

475 5897 496 5925 '
521 5895 540 5950 l
567 5897 691 5957 Cor.
723 5913 783 5961 ιι,
815 5894 872 5949 9.
953 5895 971 5924 ¹
1007 5892 1211 5962 Ephes.
1246 5892 1438 5957 γι,1“2.

1523 5895 1542 5926 ³
1560 5892 1723 5950 Joan.
1751 5911 1828 5962 nt,
1866 5897 1920 5963 4,
1962 5899 2017 5953 5.

2107 4695 2245 4752 Vitis
2289 4705 2636 4757 sanctorum.
2662 4707 2716 4752 et
2743 4713 2810 4753 ex
2865 4698 2932 4752 iis
2968 4713 3092 4768 quae
3147 4697 3350 4764 scripto
3381 4695 3483 4766 ipsi
3513 4694 3694 4748 consi-

2103 4801 2266 4861 gnata
2300 4791 2648 4860 reliquerunt
2703 4792 2772 4846 atl
2823 4791 3122 4872 multorum
3188 4788 3499 4851 utilitatem,
3543 4801 3692 4855 qme-

2104 4887 2285 4939 dama
2319 4883 2518 4955 Magno
2543 4885 2784 4939 Antonio
2845 4883 2990 4940 serie
3045 4886 3307 4938 continua
3375 4880 3689 4950 singillatim

2103 4987 2473 5048 exsequentes
2503 4980 2648 5034 dicta
2683 4978 2939 5049 factaque
2965 4978 3199 5032 illustria
3249 4993 3372 5049 qua:
3418 4977 3576 5031 fidem
3610 4975 3692 5029 fa-

2101 5086 2227 5126 cere
2259 5072 2534 5127 dictorum
2577 5088 2607 5126 a
2635 5073 2791 5127 nobis
2830 5085 3052 5142 queant.

2393 5164 2477 5218 Ea:
2533 5167 2643 5218 vita
2673 5163 2730 5219 S.
2766 5163 2952 5218 Patris
2977 5164 3144 5218 nostri
3169 5161 3409 5216 Antonii.

2177 5253 2332 5309 Ibant
2356 5256 2653 5326 aliquando
2679 5257 2748 5310 ad
2779 5256 3036 5310 abbatem
3068 5253 3368 5308 Antonium
3412 5251 3464 5304 in
3502 5258 3685 5303 monte

2104 5349 2391 5420 degentem
2427 5349 2535 5404 duo
2564 5350 2788 5415 fratres,
2816 5365 2957 5421 quos
2988 5365 3112 5404 cum
3144 5361 3284 5416 aqua
3316 5343 3609 5400 defecisset
3637 5343 3689 5396 in

2104 5443 2325 5509 itinere,
2360 5459 2552 5499 eorum
2609 5459 2756 5499 unus
2819 5447 3040 5514 quidem
3093 5455 3341 5498 mortuus
3401 5452 3506 5509 est,
3557 5439 3692 5494 alter

2109 5546 2360 5592 extreme
2391 5538 2673 5603 laborans,
2732 5555 2833 5593 nec
2890 5539 3082 5593 valens
3121 5537 3404 5591 ambulare
3434 5534 3692 5602 amplius,

2112 5629 2335 5698 jacebat
2371 5630 2425 5683 in
2488 5639 2658 5693 terra,
2695 5643 2925 5685 mortem
2996 5631 3293 5701 proximam
3348 5641 3693 5696 exspecmns.

2105 5726 2419 5778 Atsanctus
2443 5723 2739 5792 Antonius,
2770 5725 2968 5780 sedens
2995 5727 3045 5780 in
3082 5735 3284 5787 monte,
3314 5721 3526 5777 vocavit
3554 5721 3695 5776 duos
