4076 6438
418 355 542 422 9121'
1636 358 1735 419 DE
1760 359 2035 423 CORDIS
2070 362 2463 431 CUSTUDM.
3565 377 3685 442 950’

413 499 599 566 ξεσθαι
622 501 957 572 προσδοκῶν.
1004 500 1063 555 '0
1088 500 1145 555 δὲ
1174 499 1459 564 Ἀντώνιος
1491 502 1801 573 καθήμενος
1829 502 1887 554 ἑν
1918 501 1996 571 τῷ
2021 501 2066 555 A
2089 514 2196 569 πης
2230 498 2374 569 βέλει
2420 498 2701 571 ἐϐέϐλητο,
2740 498 2838 552 καὶ⁵
2876 496 3053 562 οὕτως
3099 496 3283 560 αὐτοῖς
3309 498 3418 560 τοῖς
3447 496 3667 566 δεσμοῖς

411 593 553 661 ὄρει,
573 594 833 664 φωνήσας
854 593 949 647 δύο
975 593 1262 663 μοναχοὺς,
1284 593 1485 663 συνέϐη
1506 593 1615 665 γὰρ
1632 596 1748 647 ἐκεῖ
1771 593 1996 657 τούτους
2088 590 2387 662 συνείχετο,
2418 590 2559 645 ὥστε
2614 591 2675 645 τὸ
2708 591 2910 663 ὑψηλὸν
2938 588 3097 645 τοῦτο
3138 591 3231 645 καὶ
3265 589 3407 642 θεῖον
3449 588 3671 658 παράγ-

412 684 572 750 εἷναι,
610 685 807 757 ήπειγε
853 685 1027 752 λέγων
1058 702 1072 716 ο
1107 684 1318 739 Λάϐετε
1353 685 1618 759 κεράμιον
1652 684 1867 748 ὓδατος,
1899 685 1997 738 καὶ
2088 683 2267 753 γελμα
2301 686 2380 748 τδ,
2442 702 2460 733 ι
2512 685 2844 755 Ἀγαπήσεις
2891 684 3098 757 Κύριον
3158 684 3251 737 τὸν
3296 682 3428 755 Θεόν
3472 698 3568 734 σου
3611 680 3673 745 ἐξ

411 777 647 848 δράμετε
674 776 771 847 τὴν
798 777 884 831 ἐπ’
908 777 1182 846 Αἴγυπτον
1203 776 1354 830 ὁδόν·
1384 776 1480 830 δύο
1522 777 1634 848 γὰρ
1659 777 1996 848 ἐρχομένων,
2091 775 2220 847 ὅλης
2283 775 2385 845 τῆς
2419 776 2649 850 καρδίας
2688 795 2804 844 σου,
2840 777 2939 831 καὶ
2969 778 3029 842 ἐξ
3056 777 3185 848 ὅλης
3214 777 3315 845 τῆς
3346 775 3524 849 ψυχῆς
3550 790 3669 839 σου,

415 872 444 922 6
468 870 570 940 μὲν
604 866 685 933 είς
714 870 841 940 ἄρτι
861 869 1274 940 τετελεύτηκεν.
1306 871 1335 923 6
1362 870 1419 923 δὲ
1448 870 1635 941 ἕτερος
1661 870 1863 939 μέλλει,
1901 870 1997 923 εὰν
2092 868 2188 921 καὶ
2239 865 2299 933 ἐξ
2344 867 2473 939 ὅλης
2535 869 2637 938 τῆς
2673 869 2911 934 διανοίας
2941 888 3055 934 σου,
3085 888 3104 921 ι
3143 870 3326 939 ἔργοις
3382 868 3474 923 ὑπ’
3503 865 3670 923 αὐτοῦ

428 962 503 1033 μή
532 962 848 1033 σπεύσητε·
901 960 1061 1015 τοῦτο
1087 961 1197 1033 γάρ
1226 962 1507 1034 εὐχομένω
1546 980 1636 1032 μοι
1680 962 2001 1031 πεφανέρω-
2093 957 2459 1027 πληροῦσθαι.
2530 957 2711 1029 Ὅπερ
2788 960 2891 1012 οὐκ
2959 959 3026 1012 ἂν
3100 956 3276 1022 ἄλλως
3335 958 3568 1027 γένοιτο,
3632 954 3669 1029 ἢ

423 1071 534 1107 ται.
583 1053 857 1117 Ἐλθὸντες
888 1054 1069 1108 τοίνυν
1094 1055 1143 1107 oi
1169 1046 1607 1125 μοναχοὶ,εὗρον
1638 1054 1729 1107 τὸν
1766 1053 1866 1125 μὲν
1887 1055 2003 1107 κεία-
2094 1049 2203 1103 τῶν
2255 1048 2503 1118 φυσικῶν
2556 1050 2656 1118 τῆς
2723 1049 2903 1127 ψυχῆς
2960 1046 3267 1120 δυνάμεων,
3326 1049 3465 1120 πρὸς
3522 1048 3674 1103 οὐδὲν

428 1166 586 1217 μενον
624 1148 840 1219 νεκρὸν,
874 1150 965 1202 καὶ
1022 1148 1262 1218 ἔθαψανο
1294 1150 1386 1202 τὸν
1433 1150 1490 1202 δὲ
1542 1149 1729 1221 ἕτερον
1757 1150 2003 1217 άνεκτή-
2090 1142 2219 1197 ἄλλο
2254 1141 2363 1195 τῶν
2422 1142 2747 1210 παρόντων.
2792 1144 2875 1196 ὅτι
2928 1142 3003 1213 μὴ
3051 1144 3188 1211 πρὸς
3226 1142 3386 1213 μόνον
3424 1142 3515 1194 τὸν
3563 1144 3671 1213 Δη-

425 1258 588 1294 σαντο
616 1238 693 1310 τῷ
724 1240 899 1301 ὕδατι.
929 1241 1024 1294 καὶ
1052 1242 1337 1311 ἀπήγαγον
1367 1241 1503 1309 πρὸς
1526 1241 1617 1294 τὸν
1636 1240 1867 1309 γέροντα
1887 1255 1899 1269 ’
1934 1236 2003 1311 ἦν
2095 1232 2359 1304 μιουργοῦ
2420 1234 2607 1298 πόθον,
2677 1233 3105 1300 συντεινομένων
3127 1248 3141 1262 °
3181 1232 3383 1296 ταύτας
3421 1231 3538 1298 οὖν,
3575 1232 3676 1295 τὰς

427 1335 532 1403 γάρ
554 1332 614 1385 τὸ
639 1332 915 1403 διάστημα
963 1319 1174 1403 ἡμέρας
1219 1334 1357 1396 ὁδός.
1396 1334 1522 1386 Ἐὰν
1556 1334 1613 1386 δὲ
1645 1333 1858 1406 ζητήσῃ
1897 1350 2002 1396 τις,
2092 1326 2309 1395 νπράςν
2347 1328 2516 1397 φημὶ,
2546 1327 2647 1397 τῆς
2698 1326 2876 1397 ψυχῆς
2912 1327 3216 1397 ἐνεργείας,
3265 1324 3439 1398 ταύτῃ
3461 1342 3544 1378 τοι
3584 1326 3680 1377 καὶ

424 1424 566 1477 διατι
602 1424 678 1496 μὴ
704 1425 810 1496 πρὸ
838 1425 930 1478 τοῦ
965 1426 1284 1494 τελευτῆσαι
1308 1425 1399 1479 τὸν
1433 1426 1591 1480 ἄλλον
1627 1427 1729 1479 οὐκ
1761 1427 2003 1498 εἴρηκεν,
2096 1416 2455 1487 παρακαλῶν.
2492 1418 2706 1481 πολλοῖς
2741 1417 2975 1486 φοϐερὸς
3004 1413 3094 1488 ἦν,
3126 1418 3222 1469 καὶ
3273 1415 3563 1486 ἐπιτιμῶν.
3590 1434 3682 1470 πο·

424 1519 525 1570 οὐκ
556 1517 736 1588 ὀρθῶς
759 1517 916 1571 τοῦτο
938 1518 1093 1587 ζητεῖ
1118 1516 1292 1586 λέγων
1317 1534 1330 1547 ·
1376 1521 1437 1571 ού
1476 1519 1584 1588 γὰρ
1611 1514 1680 1589 ἦν
1718 1518 2004 1571 Ἀντωνίου
2097 1506 2272 1574 θεινδς
2321 1512 2416 1563 καὶ
2440 1511 2573 1579 ἡδὺς
2602 1512 2661 1563 ὲν
2686 1509 2878 1564 ἆπασιι
2912 1511 3007 1574 Τίς
3042 1509 3185 1562 οὕτω
3207 1509 3429 1571 καὶτοῖς
3468 1509 3683 1571 πολλοῖς

425 1609 485 1662 τὸ
507 1609 600 1662 τοῦ
626 1609 855 1662 θανάτου
892 1612 1088 1680 κρῖμα,
1121 1609 1257 1663 ἀλλὰ
1300 1608 1395 1662 τοῦ
1435 1609 1597 1675 Θεοῦ,
1626 1609 1720 1662 τοῦ
1758 1609 1852 1664 καὶ
1880 1610 2007 1679 περὶ

424 1701 635 1754 ἐκείνου
670 1701 975 1769 κρίναντος,
1014 1704 1108 1756 καὶ
1139 1704 1269 1775 περὶ
1301 1704 1492 1757 τούτου
1522 1704 1969 1773 ἀποκαλύψαντος
1988 1720 2005 1738 ο

2097 1600 2301 1673 ὁμιλῶν
2329 1601 2788 1671 ὠφελιμώτατος;
2813 1602 2907 1655 καὶ
2948 1602 3047 1665 τὰς
3092 1603 3377 1666 αἰσθήσεις
3405 1600 3682 1667 συνάγειν,

2099 1695 2195 1747 καὶ
2223 1695 2354 1747 είσω
2412 1693 2855 1764 παρασκευάζειν
2888 1693 3064 1745 νεύειν
3102 1694 3433 1756 ἱκανώτατος
3460 1712 3473 1758 ;
3506 1693 3582 1757 ὡς
3625 1696 3685 1746 ἐν

428 1794 590 1863 μόνου
615 1794 672 1847 δὲ
709 1795 995 1848 Ἀντωνίου
1051 1796 1211 1849 τοῦτο
1260 1792 1557 1868 θαῦμαῆν,
1584 1798 1665 1850 ὄτι
1700 1798 1759 1850 ὲν
1787 1795 1863 1866 τῷ
1891 1796 2007 1868 ὄρει
2033 1810 2077 1865 Β
2100 1786 2310 1839 πλείονι
2340 1787 2550 1859 γαλήνῃ
2572 1787 2699 1849 τοὺς
2735 1785 2847 1840 τῶν
2901 1787 2958 1839 ὲν
2992 1784 3142 1856 μέσῳ
3180 1784 3447 1857 θορύδωνι
3487 1785 3519 1856 ἦ
3560 1786 3687 1848 τοὺς

422 1886 747 1956 καθήμενος,
777 1883 888 1958 εἶχε
1046 1887 1272 1958 καρδίαν
1298 1889 1594 1957 νήφουσαν,
1617 1889 1708 1942 τὸν
1731 1889 1788 1966 δὲ
1806 1889 2009 1960 Κύριον

420 1979 735 2033 δεικνύοντα
767 1979 931 2032 αὑτὸν
996 1981 1064 2033 τὰ
1112 1982 1350 2052 μακράν.
1390 1981 1553 2053 Ὁρᾷς
1587 1981 1670 2035 ὅτι
1708 1981 1796 2035 διὰ
1825 1980 1886 2034 τὸ
1914 1985 2009 2044 νή-

421 2088 545 2141 φειν
569 2075 635 2143 τῇ
665 2072 867 2143 καρδίᾳ
914 2074 942 2125 6
1012 2073 1294 2137 Ἀντώνιος
1351 2074 1586 2144 θεόπτης
1637 2075 1731 2127 καὶ
1774 2074 2010 2145 προϐλε-

427 2180 544 2216 πων
574 2164 825 2230 ἐγένετο;
882 2165 978 2218 καὶ
1010 2166 1120 2235 γὰρ
1157 2167 1216 2218 ὲν
1250 2168 1316 2236 τῇ
1364 2164 1563 2236 καρδίᾳ
1594 2165 1953 2235 ἐμφανίζεται
1982 2167 2011 2218 6
2046 2218 2056 2226 ,

432 2254 564 2315 Θεὸς
605 2255 682 2325 τῷ
710 2254 814 2318 νοῒ,
847 2257 970 2310 κατ’
998 2256 1173 2329 ἀρχὰς
1215 2258 1334 2328 μὲν,
1380 2255 1456 2319 ὥς
1493 2273 1658 2326 φησιν
1696 2257 1952 2328 Ἰωάννης
1981 2256 2010 2309 6

432 2346 530 2412 τῆς
559 2345 860 2416 Κλίμακος,
894 2346 968 2409 ὡς
996 2348 1275 2419 καθαίρων
1319 2346 1412 2400 τὸν
1474 2346 1710 2416 ἐραστήν
1742 2361 1758 2377 ·
1814 2347 2011 2399 ἔπειτα

432 2436 489 2488 δὲ
524 2438 618 2490 καὶ
645 2436 720 2501 ὡς
750 2436 866 2506 φῶς
896 2437 1233 2509 λαμπρύνων
1254 2438 1346 2491 τὸν
1376 2437 1502 2492 νοῦν
1549 2439 1645 2492 καὶ
1682 2436 1892 2508 θεοειδῆ
1922 2439 2015 2512 ἑρ-

432 2528 734 2599 γαζόμενος
759 2546 772 2559 ”
825 2531 918 2584 ἐπὶ
969 2531 1026 2584 δὲ
1063 2532 1188 2596 τοὺς
1217 2532 1458 2602 καθεξῆς.
1486 2533 1514 2585 6
1553 2531 1708 2601 λόγος
1743 2531 2010 2603 χωρείτω.

442 2641 580 2695 Ἀπὸ
597 2641 703 2696 τοῦ
716 2642 863 2707 ,βίου
878 2643 983 2697 τοῦ
1014 2644 1187 2712 ἁγίου
1208 2643 1533 2700 Θεοδοσίου
1552 2643 1657 2700 τοῦ
1678 2642 2014 2713 κοινοὸιάρ-

1138 2733 1272 2783 χου.

506 2804 664 2859 Οὕτω
692 2806 802 2878 γὰρ
830 2807 858 2861 6
893 2806 1037 2872 θεῖος
1091 2808 1373 2873 Θεοδόσιος
1421 2807 1499 2880 τῷ
1530 2809 1724 2878 γλυκεῖ
1743 2812 1840 2881 τῆς
1870 2809 2012 2878 ἀγά-

431 3046 730 3103 monaclios
781 3048 1035 3120 (contigit
1086 3048 1234 3105 enim
1286 3065 1383 3109 eos
1438 3051 1515 3107 ibi
1566 3050 1758 3122 esse),
1820 3049 2007 3122 aitque

2100 1878 2159 1929 ἐν
2179 1878 2370 1948 ἐρήμῳ
2396 1877 2665 1930 διατελεῖν
2688 1893 2702 1908 υ
2756 1877 2849 1929 καὶ
2883 1877 2999 1945 ἃμα
3043 1876 3134 1929 τὸν
3176 1877 3337 1929 αὐτὸν
3377 1876 3519 1946 μετὰ
3550 1875 3689 1946 πλή-

2103 1968 2231 2032 θους
2257 1985 2317 2021 τε
2343 1965 2505 2034 εἶναι,
2540 1970 2635 2023 καὶ
2670 1968 2898 2034 ίδιάζειν
2925 1984 2941 2035 ;
2980 1968 3114 2021 Ἰδοὺ
3140 1968 3237 2021 καὶ
3265 1970 3293 2020 ὁ
3324 1971 3498 2037 μέγας
3530 1964 3686 2031 οὗτος

2102 2060 2383 2124 Θεοδόσιος
2424 2060 2512 2114 διὰ
2564 2060 2624 2113 τὸ
2670 2062 2771 2124 τὰς
2817 2061 3094 2130 αἰσθήσεις
3131 2060 3388 2128 συνάγειν
3420 2061 3515 2112 καὶ
3557 2060 3690 2112 πίσω

2104 2154 2570 2224 είσάγειν,γέγονε
2589 2154 2689 2224 τῆς
2712 2154 2804 2207 τοῦ
2830 2154 3064 2207 Κτίστου
3081 2153 3424 2223 τετρωμένος
3442 2154 3681 2222 ἀγάπης.

2330 2330 2474 2388 Ἀπὸ
2498 2329 2762 2395 τοῦβίου
2793 2329 2899 2383 τοῦ
2928 2328 3100 2399 ἁγίου
3137 2329 3469 2396 ⁹Αρσενίου.

2185 2529 2303 2582 Καὶ
2329 2526 2489 2583 τοῦτο
2514 2526 2572 2580 δὲ
2597 2524 2677 2598 τῷ
2724 2524 3023 2598 Θαυμαστῷ
3072 2522 3388 2595 πεφύλακτο
3430 2525 3693 2597 Ἀρσενιῳ

2111 2624 2193 2687 τὸ,
2224 2621 2364 2692 μήτε
2416 2613 2706 2691 ζητήματα
2761 2620 3014 2689 γραφικά
3058 2616 3389 2687 προτείνειν,
3417 2602 3555 2689 μήτε
3585 2618 3694 2690 μὴν

2113 2713 2489 2767 ἐπιστέλλεινο
2546 2713 2644 2782 οὐχ
2692 2712 2768 2773 ὡς
2818 2710 3094 2772 ἀδυνάτως
3138 2708 3337 2780 ἔχοντι.
3370 2710 3487 2774 πῶς
3537 2713 3690 2781 γάρς

2113 2800 2266 2877 ᾧτινι
2288 2807 2350 2859 τὸ
2380 2801 2438 2860 εὖ
2470 2806 2652 2873 λέγειν
2680 2803 2822 2856 οὕτω
2858 2802 3062 2872 ῥᾴδιον,
3089 2802 3164 2865 ὠς
3197 2801 3258 2855 τὸ
3292 2803 3479 2867 ἁπλῶς
3514 2803 3696 2870 λέγειν

2115 3061 2271 3109 ratus
2323 3064 2462 3123 erat,
2529 3057 2779 3126 adeoque
2842 3062 2994 3110 arcte
3052 3055 3390 3112 constrictus
3456 3056 3696 3112 vinculis

431 3139 578 3195 illis:
613 3139 712 3203 Ite,
751 3140 986 3210 accipite
1037 3157 1132 3196 vas
1186 3156 1346 3211 aquae
1381 3150 1439 3197 et
1476 3142 1681 3197 currite
1719 3157 1818 3212 per
1860 3144 2002 3196 viam
2034 3136 2078 3196 ϐ
2109 3145 2398 3201 charitatis
2447 3148 2756 3212 tenebatur,
2809 3146 3306 3202 utsubiimeillud
3339 3154 3395 3201 et
3444 3146 3693 3201 divinum

430 3245 553 3300 quae
593 3247 785 3289 tersus
816 3231 1111 3303 Aﬂgyplum
1144 3234 1321 3288 tendit
1358 3251 1374 3288 :
1409 3232 1643 3287 duorum
1699 3234 1844 3289 enim
1894 3234 2005 3288 huc

431 3322 762 3376 venientium
798 3339 942 3378 unus
979 3324 1140 3378 modo
1168 3323 1494 3395 exspiravit,
1518 3325 1658 3379 alter
1705 3339 1833 3379 vero
1881 3341 2007 3380 mor

432 3416 811 3485 exspiraturus
842 3429 949 3480 est,
984 3416 1089 3472 nisi
1151 3418 1479 3483 properetis.
1520 3419 1638 3473 Hoc
1666 3419 1812 3474 enim
1848 3419 2006 3473 mihi

432 3508 609 3562 oranti
636 3508 934 3572 revielatum
991 3519 1096 3565 est.
1129 3509 1376 3566 Profecti
1396 3525 1528 3580 ergo
1561 3511 1815 3565 monachi
1848 3527 2003 3580 repe-

434 3609 626 3656 rernnt
656 3603 727 3655 ita
775 3618 889 3657 rem
950 3602 1153 3659 habere
1217 3602 1298 3658 uti
1358 3610 1586 3658 sanctus
1637 3602 1895 3670 dixerat;
1952 3612 2007 3659 et

432 3690 707 3749 mortuum
737 3694 959 3765 quidem
1012 3695 1371 3766 sepelierunt,
1407 3695 1800 3750 moribundum
1879 3710 2008 3750 vero

432 3795 738 3843 recreatum
777 3802 918 3858 aqua
944 3788 1323 3858 perduxerunt
1354 3789 1421 3844 ad
1454 3802 1666 3844 senem.
1723 3788 1856 3843 Erat
1907 3804 2009 3843 au-

432 3890 538 3935 tem
570 3880 916 3935 intervallum
944 3881 1047 3936 vite
1080 3882 1181 3936 iter
1216 3881 1325 3937 diei
1352 3881 1541 3937 unius.
1563 3879 1621 3936 Si
1651 3889 1832 3937 autem
1859 3896 2009 3950 quaa-

433 3981 520 4026 rat
544 3972 690 4042 quis,
723 3988 895 4042 quare
926 3987 1034 4027 non
1064 3980 1361 4043 antequam
1398 3974 1541 4029 alius
1577 3974 1671 4028 ille
1700 3981 2008 4029 moreretur

433 4064 702 4121 Antonius
737 4064 1043 4121 subsidium
1074 4065 1305 4129 miserit,
1327 4081 1451 4137 qua:
1476 4066 1769 4123 retulimus
1795 4065 2007 4133 dicens,

432 4156 881 4227 respondebitur,
919 4156 1197 4213 incivilem
1243 4166 1300 4212 et
1327 4158 1688 4228 incongruam
1718 4159 1861 4214 hanc
1916 4172 2013 4213 ex-

435 4247 745 4318 ceptionem
779 4259 926 4301 esse.
955 4244 1076 4301 Non
1101 4245 1250 4301 enim
1276 4246 1343 4301 ad
1372 4246 1675 4302 Antonium
1727 4247 2012 4318 spectabat

433 4340 501 4392 de
531 4339 632 4393 viri
664 4347 840 4394 morte
863 4338 1160 4410 judicium,
1197 4339 1292 4397 sed
1325 4340 1392 4396 ad
1429 4341 1600 4396 Deum
1634 4341 1728 4412 qui
1758 4350 1814 4396 et
1854 4340 2009 4395 illum

435 4431 766 4487 monachum
802 4433 884 4487 sic
914 4434 1055 4488 mori
1088 4433 1430 4501 decreverat,
1488 4444 1543 4490 et
1592 4442 1703 4488 tam
1731 4434 1851 4504 cjus
1893 4434 2012 4488 abi-

372 4566 378 4571 .
438 4531 572 4583 tum,
598 4518 757 4591 quam
787 4524 921 4579 socii
954 4525 1259 4593 periculum
1302 4527 1546 4582 Antonio
1575 4526 1857 4582 revelavit.
1914 4524 2012 4580 Mi-

435 4614 682 4668 raculum
717 4616 820 4670 hoc
853 4616 957 4670 fuit
985 4619 1151 4673 unius
1182 4619 1397 4674 meritis
1423 4618 1804 4688 imputandum
1836 4618 2011 4673 Anto-

434 4707 534 4773 nii,
561 4707 653 4777 qui
678 4708 872 4764 sedens
901 4710 1091 4779 procul
1118 4711 1173 4765 in
1203 4718 1415 4775 monte,
1446 4709 1518 4764 ob
1538 4710 1722 4764 cordis
1746 4710 2011 4763 attentio-

434 4816 559 4854 nem
586 4815 712 4855 cum
739 4815 848 4871 qua
882 4803 1100 4869 orabat,
1138 4801 1338 4872 dignus
1360 4801 1413 4857 ei
1438 4801 1588 4856 visus
1613 4810 1698 4855 est
1722 4801 1810 4854 cui
1848 4802 2013 4854 mira-

432 4891 614 4946 biliter
642 4907 705 4946 ea
738 4890 1120 4948 manifestaret
1166 4909 1288 4964 qua:
1314 4894 1367 4948 in
1400 4895 1524 4947 loco
1576 4902 1684 4947 tam
1716 4893 2012 4964 longinquo

433 4983 795 5048 gerebantur.
847 4983 926 5038 lbi
999 4984 1214 5042 scilicet
1289 4984 1347 5039 in
1417 4985 1580 5040 corde
1635 4983 1775 5039 Deus
1844 4984 2014 5039 ιιιιιιιιί

433 5087 554 5127 sese
583 5074 797 5144 aperit;
831 5075 1102 5146 principio
1140 5075 1387 5146 quidem,
1419 5085 1479 5130 ut
1507 5077 1583 5131 ait
1609 5076 1848 5133 Joannes
1905 5072 2017 5129 Cli-

435 5179 646 5228 macus,
695 5166 791 5221 sui
833 5175 1132 5221 amatorem
1183 5181 1421 5237 purgans
1469 5174 1529 5219 ut
1573 5165 1715 5236 ignis
1745 5167 1788 5233 ;'
1816 5164 2015 5219 deinde

437 5265 494 5308 ut
524 5258 614 5310 lux
643 5267 878 5312 mentem
911 5259 1251 5325 illuminans,
1292 5269 1341 5314 et
1375 5257 1702 5314 deiformem
1740 5256 2001 5313 ellicicns.

437 5344 574 5400 ilinc
613 5350 679 5401 ad
717 5351 1115 5423 consequentia
1149 5352 1408 5421 procedat
1436 5366 1644 5406 sermo.

678 5508 762 5563 Fr
792 5508 907 5565 Vita
942 5509 999 5566 S.
1038 5511 1313 5568 Theodosii
1353 5515 1756 5569 carnobiarcliw.

506 5623 596 5680 Sic
626 5625 844 5680 divinus
872 5626 1216 5683 Theodosius
1252 5629 1396 5686 dulci
1428 5632 1635 5687 amaris
1670 5633 1777 5686 telo
1824 5631 2016 5695 vulne-

509 5805 531 5835 ⁵
566 5802 615 5857 Μ
658 5806 755 5858 ιιΙι.
789 5820 858 5859 ιιι
915 5806 1001 5859 57.

2110 3240 2429 3295 mandatum
2478 3258 2492 3295 :
2549 3259 2569 3293 ι
2602 3239 2804 3309 Diliges
2851 3240 3141 3294 Dominum
3194 3240 3362 3294 Deum
3418 3248 3575 3293 tuum
3628 3255 3698 3294 ex

2110 3340 2224 3387 tota
2272 3335 2453 3387 anima
2481 3343 2594 3398 tua,
2621 3343 2676 3387 et
2702 3349 2768 3387 ex
2799 3332 3058 3388 omnibus
3105 3333 3316 3388 viribus
3352 3331 3481 3398 tuis,
3528 3341 3584 3386 et
3630 3347 3693 3387 ex

2109 3424 2258 3478 omni
2299 3431 2481 3479 mente
2507 3436 2597 3479 tua
2625 3426 2668 3486 ⁸,
2704 3442 2723 3476 ι
2789 3439 2956 3493 opere
3014 3425 3082 3477 ali
3129 3424 3248 3494 ipso
3301 3424 3693 3493 compleretur.

2113 3516 2269 3583 Quod
2296 3517 2401 3571 alia
2426 3518 2539 3572 iieri
2580 3518 2796 3571 ratione
2828 3531 2938 3570 non
2973 3518 3174 3586 potuit.
3211 3516 3317 3571 nisi
3353 3515 3696 3571 naturalibus

2113 3611 2309 3666 animae
2353 3610 2611 3681 potentiis
2641 3611 2707 3665 ad
2756 3610 2892 3666 nihil
2934 3611 3081 3664 aliud
3118 3612 3470 3678 prtcsentinm
3525 3625 3692 3678 quam

2110 3702 2177 3757 ad
2226 3701 2403 3756 solmn
2458 3702 2736 3757 Creatoris
2787 3701 3123 3757 desiderium
3181 3700 3434 3754 intentis.
3489 3700 3699 3755 Animae

2110 3797 2403 3866 potentias,
2426 3796 2789 3851 intellectivas
2844 3795 2934 3850 hic
2965 3808 3101 3850 voco
3135 3796 3334 3849 animae
3380 3793 3696 3851 facultates.

2110 3882 2249 3938 Hine
2275 3893 2329 3939 et
2356 3876 2655 3939 adltdrlans
2678 3885 2903 3947 multos,
2926 3891 2983 3937 et
3027 3896 3226 3936 rursus
3260 3882 3695 3950 reprehendens.

2110 3991 2266 4045 mque
2290 3977 2505 4032 cunctis
2538 3975 2836 4031 salubriter
2884 3983 3010 4028 erat
3056 3973 3323 4029 terribilis
3362 3990 3379 4042 ;
3441 3974 3697 4030 amabilis

2108 4080 2291 4125 autem
2318 4078 2376 4124 et
2401 4069 2589 4125 suavis
2619 4068 2672 4122 in
2718 4067 3002 4123 omnibus.
3034 4065 3170 4132 Quis
3226 4074 3285 4120 ut
3316 4065 3409 4120 ille
3470 4079 3703 4121 conver-

2112 4161 2359 4217 sationes
2387 4176 2514 4217 cum
2548 4159 2737 4215 multis
2788 4160 3138 4230 promiscuae
3194 4158 3489 4213 utilissime
3524 4158 3698 4213 liabe-

2112 4253 2246 4309 bat?
2274 4251 2408 4320 Quis
2434 4252 2564 4310 item
2610 4262 2671 4306 ut
2703 4252 2798 4306 ille
2836 4250 2907 4304 ad
2969 4265 3173 4305 sensus
3229 4250 3569 4321 colligi-udos
3595 4291 3614 4317 ,
3645 4256 3723 4303 eti

2116 4347 2183 4401 ad
2208 4347 2405 4401 horum
2430 4345 2854 4400 convertendam
2890 4344 3034 4398 intra
3089 4343 3280 4396 intima
3316 4344 3402 4397 Sui
3436 4343 3700 4397 attentio-

2116 4454 2238 4494 nem
2265 4437 2500 4493 idoneus
2527 4450 2627 4490 usu
2653 4437 2829 4491 multo
2862 4446 2984 4490 erat
3006 4434 3289 4489 maxime?
3339 4436 3413 4489 ita
3452 4444 3511 4489 ut
3551 4445 3701 4495 tran-

2118 4530 2363 4603 quilliori
2395 4531 2581 4600 quiete
2615 4528 2817 4583 mentis
2848 4528 2902 4581 in
2931 4530 3166 4596 strepitu
3225 4528 3695 4581 tumnltuosorum

2118 4637 2243 4677 cum
2270 4622 2525 4691 plurimis
2549 4633 2970 4688 congressuum,
3025 4633 3191 4687 quam
3234 4617 3415 4687 quivis
3471 4619 3611 4671 alter
3646 4621 3699 4671 in

2118 4694 2503 4770 seductissima
2565 4709 2861 4764 solitudine
2907 4708 3209 4772 frueretur,
3264 4708 3543 4777 nihiloque
3604 4712 3704 4762 mi-

2118 4824 2231 4862 nus
2256 4807 2311 4860 in
2333 4820 2608 4860 concursu
2640 4805 2937 4858 multorum
2985 4802 3272 4856 solitarius
3303 4812 3475 4864 esset,
3532 4817 3699 4869 quam

2114 4896 2169 4951 in
2220 4898 2429 4966 privato
2486 4908 2759 4949 secesssu.
2796 4891 2874 4946 En
2911 4900 2970 4945 ut
2999 4891 3079 4945 vir
3112 4892 3199 4946 hic
3251 4891 3478 4961 Magnus
3522 4890 3700 4946 Theo-

2116 4989 2325 5053 dosius,
2360 5001 2427 5041 eo
2454 4985 2602 5056 quod
2628 4999 2824 5039 sensus
2853 4984 3132 5053 colligere,
3169 4984 3424 5051 intraque
3460 4983 3514 5036 in
3545 5000 3699 5037 men-

2116 5082 2190 5135 tis
2219 5083 2378 5150 adyta
2403 5086 2570 5132 totam
2595 5080 2957 5131 attentionem
3009 5085 3338 5130 convertere
3389 5077 3701 5129 assuetudi-

2116 5186 2186 5228 ne
2215 5172 2372 5239 longa
2415 5168 2720 5230 didicisset,
2785 5170 2851 5221 ad
2902 5183 3027 5222 eum
3065 5168 3293 5238 perfecti
3340 5166 3435 5222 Dei
3496 5170 3703 5225 amoris

2114 5262 2345 5332 gradum
2368 5258 2635 5324 ascendit,
2668 5260 2720 5311 in
2747 5273 2859 5328 quo
2887 5273 3014 5313 vere
3048 5258 3158 5313 dici
3208 5267 3393 5330 posset
3446 5258 3704 5313 vulnera-

2119 5366 2210 5409 tus
2238 5351 2529 5407 charitate.

2623 5442 2706 5496 Ea:
2747 5440 2866 5496 Vita
2892 5440 2948 5497 S.
2979 5443 3213 5497 Arsem’t.

2196 5539 2276 5593 Ab
2307 5536 2620 5592 admirabili
2676 5550 2805 5587 vero
2842 5534 3075 5588 Afet'lllo
3114 5536 3217 5587 hoc
3279 5532 3700 5602 observabatur,

2129 5640 2186 5684 ut
2233 5643 2409 5698 neque
2463 5625 2919 5694 interrogationes
2973 5625 3182 5692 scripto
3231 5625 3296 5676 ad
3342 5637 3700 5697 quemquam,
