4076 6448
407 308 505 374 951

1616 312 2049 387 Ntcseuont
2098 326 2453 389 MONACHI

3580 328 3686 393 95?

408 434 649 503 ἑτέροιςς
678 434 795 488 ἀλλ’
821 436 850 489 ὁ
883 435 1021 505 πρὸς
1047 435 1106 488 τὸ
1139 438 1348 507 σιωπᾷν
1384 435 1630 508 ἐθισμὸς,
1663 438 1757 490 καὶ
1778 439 1839 491 τὸ
1863 438 1996 507 πρὸς
2029 445 2067 495 Α
2103 436 2402 507 προλήψεις
2425 436 2835 506 ἀπομανθάνειν
2858 437 2956 502 τὰς
2987 438 3279 509 ἐμπαθεῖς,
3321 437 3417 493 καὶ
3437 438 3534 503 τὰς
3560 441 3683 493 ἐπι-

410 527 673 593 ὲπίδειξιν
722 528 983 599 ἐπαχθὲς,
1012 528 1184 582 ταῦτα
1218 530 1326 582 τῶν
1362 531 1671 600 εἰρημένων
1701 530 1869 583 αἴτια.
1901 532 1997 583 Διὰ

407 618 567 672 τοῦτο
594 618 726 687 γοῦν
784 621 885 674 κὰν
909 622 1029 683 ταῖς
1066 620 1321 685 συνάξεσι
1384 621 1505 675 λίαν
1555 624 1996 691 ἑσπουδασμὲν.ν

409 706 478 779 ἦν
512 710 682 779 αὐτῷ,
704 711 786 774 τὺ,
817 712 954 781 μήτε
978 714 1132 775 τινὰς
1159 713 1315 784 ὁρᾷν,
1338 712 1465 783 μήθ’
1493 713 1583 781 ὑφ’
1606 713 1808 783 ἑτέρων
1835 714 2003 767 αὐτὸν

413 803 729 873 βλέπεσθαι,
755 804 869 857 ἀλλ’
901 805 1076 857 ὀπίσω
1110 807 1287 869 κίονος
1318 806 1351 877 ἢ
1384 806 1570 876 ἐτέρου
1613 805 1998 877 προϐλήματος

412 897 687 960 ἵστασθαι,
711 897 808 950 καὶ
857 897 1217 968 περικρὺϐειν
1249 898 1463 961 ἑαυτὸν,
1494 900 1588 952 καὶ
1623 898 1721 969 τῆς
1772 898 1877 949 τῶν
1907 900 2001 952 ἄλ-

410 989 518 1042 λων
565 990 844 1059 ἐπιμιξίας
891 990 1119 1061 κρύὸειν
1173 992 1444 1045 ἀθέατον·
1487 993 1580 1044 ἆτε
1611 992 1675 1045 δὴ
1712 992 2004 1061 προσέχειν

415 1082 593 1152 ἐαυτῷ
630 1082 960 1153 βουλόμενον
993 1084 1089 1136 καὶ
1118 1084 1250 1137 εἴσω
1288 1083 1380 1136 τὸν
1418 1083 1543 1137 νοῦν
1576 1083 1874 1154 ἀθροίζειν,
1908 1083 2004 1135 καὶ

412 1174 557 1228 οὕτω
584 1174 785 1245 ῥᾳδίως
820 1175 960 1246 πρὸς
989 1175 1123 1229 Θεὸν
1149 1176 1401 1245 αἴρεσθαι
1422 1194 1434 1207 ·
1474 1176 1640 1229 πάλιν
1676 1176 1773 1230 καὶ
1803 1175 1832 1227 ὁ
1862 1174 2003 1233 θεῖος

413 1260 569 1329 οὗτος
597 1266 761 1337 ἀνὴρ,
814 1267 843 1319 ὁ
876 1266 1122 1335 ἐπίγειος
1175 1267 1428 1336 ἅγγελος,
1465 1267 1596 1321 εἴσω
1647 1264 2007 1337 ἀθροίζειτδν

414 1357 566 1423 νοῦν,
591 1357 679 1411 ἵνα
708 1357 962 1412 ἐντεῦθεν
996 1358 1236 1423 εὐκόλως
1261 1359 1398 1432 πρὸς
1424 1359 1561 1413 Θεὸν
1579 1360 1825 1429 αῖρηται.

432 1495 578 1551 Ἀπὸ
633 1497 740 1550 τοῦ
765 1497 916 1562 βίου
973 1498 1082 1553 τοῦ
1115 1499 1310 1623 Δάάγίου
1377 1498 1624 1552 Παύλου
1684 1495 1791 1550 τοῦ
1820 1497 1891 1548 ἐν
1930 1494 2009 1560 τῷ

1200 1586 1333 1623 rem.

1200 1586 1333 1637 τρῳ.

2105 530 2311 599 σπορὰς
2372 530 2483 583 τῶν
2533 529 2724 585 παθῶν
2773 531 3206 604 ἀποτρέπεσθαι.
3249 532 3446 594 ῐῖιὸαὶ,
3502 533 3682 596 πῶςὸ

2104 622 2247 682 θεῖος
2276 612 2432 683 οὗτος
2466 620 2655 690 Πατὴρ
2688 619 2910 690 μέθοδον
2961 624 3075 685 τοῖς
3110 622 3390 691 φοιτηταῖς
3430 619 3682 687 ἀγνοοῦσι

2101 714 2367 776 διδάσκει,
2417 714 2505 766 ἵνα
2564 713 2654 766 διὰ
2682 716 2889 783 ταύτης
2918 714 3247 783 ἀποτρέπειν
3280 713 3532 767 δύνανται
3586 714 3683 776 ait;

2104 805 2414 876 προσϐολὰς
2473 805 2582 859 τῶν
2641 805 2829 859 παθῶν
2854 824 2868 872 ;
2898 807 2999 858 οὐκ
3030 805 3164 876 ἄλλη
3193 805 3250 859 δὲ
3292 805 3358 859 ἂν
3390 806 3549 875 αὕτη,
3582 805 3612 874 ἦ
3648 808 3678 874 ἡ

2101 898 2196 951 τοῦ
2223 898 2342 961 νοὸς
2364 900 2596 970 τήρησις
2629 915 2642 929 ·
2664 898 2870 968 ταύτης
2906 897 3017 968 γάρ
3068 900 3185 951 ὲστι
3225 900 3375 951 τουτί
3405 898 3462 951 τὸ
3490 900 3682 965 κατόρ-

2103 988 2287 1058 θωμα,
2342 992 2440 1043 καὶ
2494 990 2595 1041 οὐκ
2649 987 2814 1057 ἄλλης
2836 1006 2847 1018 ·
2893 988 3204 1059 περαιτέρω
3231 988 3289 1041 δὲ
3321 989 3349 1039 ὁ
3380 988 3537 1055 λόγος
3573 1008 3680 1058 χω-

2104 1084 2289 1152 ρείτω.

2372 1222 2509 1275 ’Λπὸ
2528 1221 2636 1277 τοῦ
2675 1222 2829 1287 ,βίου
2864 1220 2972 1275 τοῦ
2999 1221 3175 1288 ἁγίου
3210 1218 3424 1273 Σόεσα.

2185 1339 2379 1394 Ἦνίκα
2405 1340 2588 1409 μέντοι
2612 1338 2702 1390 τὸν
2747 1337 3162 1407 αποταξάμενον
3191 1340 3219 1391 ὁ
3252 1337 3393 1399 θεῖος
3453 1336 3683 1400 Σὰεεας,

2102 1434 2193 1487 τόν
2222 1449 2284 1485 τε
2318 1432 2519 1485 κανόνα
2550 1431 2647 1485 ίδοι
2674 1429 2773 1499 τῆς
2796 1430 2939 1482 κατὰ
2972 1429 3239 1499 μοναχοὺς
3273 1427 3494 1496 ἀγωγῆς
3531 1429 3677 1497 67.9:-

2106 1526 2222 1590 ϐὡς
2250 1524 2564 1597 ἐκμαθόντα
2622 1523 2716 1576 καὶ
2750 1522 2877 1576 νοῦν
2908 1522 3010 1592 ήδη
3053 1522 3143 1574 τὸν
3175 1520 3367 1574 ἑαυτοῦ
3395 1523 3580 1592 τηρεῖν
3600 1523 3683 1573 ξυ-

2105 1622 2360 1690 νίμενον,
2410 1618 2506 1672 καὶ
2561 1618 2700 1689 πρὸς
2760 1618 2886 1679 τοὺς
2945 1615 3220 1678 ἐναντίους
3268 1615 3376 1666 τῶν
3415 1614 3682 1682 λογισμῶν

513 1710 569 1763 Ὀ
608 1712 791 1781 μέντοι
825 1713 968 1777 θεῖος
993 1715 1207 1779 Παῦλος
1250 1718 1403 1786 δρεσι
1446 1717 1539 1769 καὶ
1587 1718 1848 1788 ἐρημίαις
1890 1718 2011 1770 δια·
2038 1719 2074 1772 ll
2108 1711 2492 1783 ἀπομάχεσθαι
2513 1727 2527 1740 ·
2561 1710 2696 1781 πρὸς
2720 1709 2796 1773 δὲ,
2824 1711 2917 1763 καὶ
2954 1709 3052 1780 τὴν
3098 1708 3207 1761 τῶν
3236 1707 3517 1776 κοσμικῶν
3550 1706 3682 1767 ὅλως

425 1803 628 1867 παντὸς
663 1805 919 1876 διῃτᾶτο·
974 1807 1138 1877 θηρσὶ
1197 1809 1253 1861 δὲ
1288 1810 1525 1881 ἀγρίοις,
1571 1804 1659 1863 οἷα
1684 1810 1890 1879 γείτοσι
1918 1810 2013 1863 καὶ

421 1894 719 1961 ὁμοσίτοις,
769 1895 1073 1966 χρώμενος,
1120 1897 1234 1950 ἐστι
1266 1898 1311 1951 δ’
1339 1900 1427 1952 ὅτε
1469 1900 1563 1952 καὶ
1582 1898 1718 1968 πρὸς
1742 1900 1843 1967 τὴν
1872 1899 2015 1953 Λαύ-

426 2004 527 2055 ρκν
557 1987 787 2052 κατιὼν,
812 1990 1133 2043 ἐπισκοπῶν
1187 1990 1341 2060 ἠξίου
1377 1992 1503 2055 τοὺς
1529 1992 1793 2060 ἀδελφούς
1819 2008 1835 2024 ο
1875 2009 2016 2062 παρ-

420 2081 540 2150 ῄνει
560 2099 619 2133 τε
656 2083 748 2134 καὶ
775 2082 1020 2136 ἐδίδασκε
1051 2084 1128 2155 μὴ
1185 2084 1565 2155 μικροψυχεῖν,
1605 2086 1741 2156 μηδὲ
1762 2086 1873 2138 τῶν
1895 2088 2016 2137 ἐπι-

420 2172 602 2225 πόνων
653 2172 755 2242 τῆς
802 2174 1007 2243 ἀρετῆς
1071 2176 1485 2245 καταρᾳθυμεῖν
1537 2176 1736 2247 ἔργων,
1781 2176 1899 2230 ἀλλ’
1957 2179 2015 2228 ὲν

421 2264 690 2337 προσεχίᾳ
710 2265 861 2338 πάσῃ
878 2268 973 2319 καὶ
1009 2266 1282 2337 διακρίσει
1301 2269 1399 2336 τῆς
1427 2268 1570 2320 κατὰ
1594 2269 1655 2320 τὸ
1682 2268 2015 2338 Εὐαγγέλιον

420 2356 643 2427 ἔχεσθαι
675 2356 972 2420 πολιτείας.
1005 2358 1101 2411 καὶ
1123 2358 1260 2428 πρὸς
1287 2358 1357 2411 τὰ
1390 2359 1678 2429 πνεύματα
1711 2362 1811 2429 τῆς
1842 2377 2016 2430 πονη-

423 2451 547 2517 ρίας
571 2448 823 2519 εὐψύχως
853 2449 1345 2517 ἀνταγωνίζεσθαι.
1394 2452 1538 2521 lips;
1563 2452 1641 2518 δὲ,
1669 2453 1762 2506 καὶ
1789 2452 2015 2522 μέθοδον

419 2541 603 2601 αὐτοῖς
660 2542 1019 2610 εἰσηγήσατο,
1077 2542 1143 2594 δι’
1192 2539 1260 2615 ἦς
1313 2543 1531 2598 δυνατοὶ
1575 2544 1791 2598 ἔσονται
1816 2544 1914 2607 τάς
1956 2561 2015 2596 τε

405 2880 571 2937 etiam
605 2877 674 2935 de
697 2879 862 2933 rebus
894 2879 957 2931 a.l
994 2893 1209 2932 sacram
1281 2877 1629 2945 Scripturam
1694 2875 1994 2949 spectanti-

406 2975 511 3028 bus
558 2972 818 3039 mitteret,
850 2986 1025 3041 neque.
1058 2970 1170 3025 ullo
1220 2971 1290 3026 de
1320 2978 1673 3040 argumento,
1733 2968 2000 3038 epistolas

407 3068 588 3118 daret.
620 3063 734 3115 Non
771 3077 904 3117 sane
939 3062 1086 3131 quod
1161 3061 1422 3116 facultate
1480 3068 1680 3115 ornate
1738 3057 2002 3129 loquendi

407 3173 473 3211 ac
495 3156 769 3211 scribendi
818 3164 1054 3217 careret,
1104 3154 1295 3224 utique
1348 3153 1512 3208 homo
1570 3152 1625 3206 in
1657 3150 1858 3206 talibus
1880 3166 2002 3221 per-

409 3251 637 3317 fectus;
692 3250 781 3305 cui
843 3250 1125 3319 eleganter
1163 3248 1348 3303 dicere
1403 3246 1622 3301 facilius
1659 3255 1782 3301 erat
1835 3256 2001 3314 quam

410 3345 535 3398 aliis
569 3342 892 3411 simpliciter
912 3342 1083 3411 loqui.
1120 3340 1224 3396 Sed
1253 3356 1376 3410 quae
1411 3339 1523 3393 dixi
1557 3339 1611 3393 in
1644 3338 1766 3409 ipso
1795 3337 2002 3392 efﬁcie-

413 3435 506 3488 bat
561 3432 862 3488 assuetiqu
912 3432 1127 3486 tacendi
1182 3442 1238 3486 et
1288 3433 1356 3484 ab
1407 3431 1556 3484 omni
1609 3431 2001 3484 ostentationis

409 3526 597 3599 Specie
650 3527 959 3580 abhorrens
1003 3525 1294 3579 modestia.
1343 3524 1635 3595 Pmpterea
1687 3524 1832 3579 enim
1864 3535 1917 3578 et
1948 3522 2001 3576 in

409 3619 663 3675 ecclesiis
714 3627 771 3673 et
812 3618 865 3671 in
913 3616 1215 3689 synaxilius
1267 3634 1488 3672 sninmo
1533 3617 1715 3672 studio
1775 3617 2006 3671 cavebat

409 3727 662 3783 spectare
701 3724 1054 3782 tptetnqnam,
1091 3718 1189 3763 aut
1240 3711 1309 3764 ab
1342 3709 1465 3764 aliis
1493 3709 1727 3778 spectari
1756 3726 1773 3766 :
1804 3709 2003 3763 solitus

409 3826 472 3861 ei
509 3808 578 3861 de
602 3821 769 3861 causa
807 3815 953 3859 retro
985 3802 1300 3857 eolmnnam
1335 3803 1680 3872 quampiam,
1749 3814 1845 3855 aut
1886 3817 2002 3857 mo-

410 3902 514 3956 lem
543 3898 777 3951 similem
814 3906 986 3961 stare,
1020 3908 1133 3965 quo
1172 3894 1254 3948 sic
1303 3906 1358 3947 et
1397 3893 1450 3947 in
1505 3892 1688 3958 turba,
1732 3906 1997 3963 quantum

413 3998 620 4060 posset,
653 3995 938 4059 praestaret
990 4000 1050 4040 se
1083 3984 1487 4051 impcrmistnm
1525 3984 1666 4051 aliis,
1700 3999 1765 4039 ac
1823 4000 2002 4055 neque

412 4081 777 4151 conspicuum
811 4078 1026 4132 iisdem.
1077 4073 1417 4129 Facultatum
1455 4076 1671 4130 scilicet
1725 4074 1853 4129 inde
1904 4091 2001 4144 ap-

414 4187 537 4227 tans
574 4171 839 4241 majorem
867 4168 1186 4224 attendendi
1209 4167 1336 4231 sibi,
1368 4177 1416 4223 et
1448 4167 1825 4224 indesinenter
1850 4168 1995 4223 colli-

405 4266 591 4337 gendi,
608 4265 755 4320 unde
772 4263 922 4318 illam
942 4273 1130 4334 posset
1146 4260 1364 4317 facilius
1382 4262 1448 4317 ad
1474 4260 1644 4318 Deum
1669 4261 1884 4318 tollere.
1910 4263 2004 4316 Al-

409 4372 584 4413 terum
620 4360 726 4413 boc
753 4358 1069 4425 exemplum
1099 4366 1220 4412 esto
1250 4355 1432 4427 magni
1461 4356 1626 4423 huius
1660 4356 1790 4420 viri,
1830 4370 1996 4424 quem

2107 1809 2332 1878 μνήμην
2354 1806 2455 1875 τῆς
2488 1803 2729 1866 διανοίας
2769 1801 3197 1871 ἑξοικισέιμενον,
3234 1801 3353 1853 τότε
3391 1800 3453 1868 δὴ
3490 1800 3589 1851 κᾶν
3621 1801 3679 1868 τῇ

2106 1900 2143 1949 .\
2156 1896 2300 1968 αύρᾳ
2326 1897 2555 1966 παρεῖχε.
2579 1893 2811 1956 κελλεον,
2845 1895 2893 1945 εἰ
2917 1892 3141 1954 ἀσθενὲς
3165 1892 3277 1959 ἔχοι
3307 1892 3365 1941 τὸ
3398 1890 3552 1957 σῶμα
3593 1894 3683 1940 καὶ

2106 1990 2410 2059 ἄρρωστον,
2442 1990 2490 2040 εί
2543 1986 2727 2056 μέντοι
2755 1984 2864 2038 τῶν
2899 1985 3229 2054 ἐρρωμένων
3264 1984 3347 2053 εἴη
3372 1982 3463 2033 zz".
3495 1979 3681 2032 εὐσθε-

2105 2085 2234 2146 νών,
2271 2084 2367 2135 καὶ
2397 2080 2612 2134 κελλίου
2659 2078 2949 2149 οἰκοδομὴν
2993 2078 3318 2147 ἐπέτρεπεν.
3382 2075 3537 2144 Ὁρᾷς
3568 2073 3682 2133 πῶς

2105 2178 2199 2229 καὶ
2224 2177 2253 2229 ὁ
2275 2174 2564 2237 θεσπέσιος
2589 2171 2804 2234 Σάὁὸας
2830 2171 2926 2241 τὴν
2946 2170 3042 2224 τοῦ
3064 2169 3185 2232 νοὸς
3215 2166 3461 2237 φυλακὴν
3489 2164 3684 2234 ἀπῄτει

2108 2274 2219 2332 τοῖς
2253 2269 2549 2339 μαθηταῖς,
2574 2268 2665 2320 καὶ
2698 2264 2874 2328 οὕτως
2924 2266 3108 2327 αὐτοῖς
3164 2264 3420 2333 παρ”χων
3460 2258 3684 2320 κελλίοις

2111 2365 2219 2437 [ἷσ.
2248 2360 2487 2435 κελλίονι
2524 2365 2818 2430 συνεχώρει
2854 2357 3098 2411 καθίσαι.
3131 2356 3196 2409 Τί
3228 2356 3501 2425 πράξομεν
3530 2355 3687 2422 ἡμεῖς

2110 2457 2159 2509 οἱ
2211 2453 2397 2524 ἀργῶς
2449 2454 2507 2504 ὲν
2549 2450 2785 2513 κελλίοις
2820 2449 3146 2519 καθήμενοι,
3185 2448 3277 2500 καὶ
3309 2446 3448 2510 οὐδὲ,
3486 2446 3530 2496 εἰ
3571 2445 3685 2497 ἐστι

2106 2548 2227 2609 νοὸς
2249 2548 2503 2617 τήρησις,
2537 2542 2892 2611 ἐπιστάμενοι
2912 2558 2929 2606 ς

2107 2860 2246 2913 ritus
2292 2857 2548 2930 nequitiae
2605 2858 2854 2916 animose
2891 2868 3126 2916 certare.
3153 2859 3416 2915 Praeterea
3467 2860 3689 2913 mettio-

2108 2953 2235 3006 dum
2268 2954 2404 3021 ipsis
2436 2953 2792 3023 proponebat,
2835 2969 3000 3025 quam
3026 2958 3071 3009 si
3119 2962 3364 3009 tenerent
3409 2956 3690 3020 opiniones

2108 3045 2240 3099 olim
2295 3059 2684 3116 pra‘sumptas,
2744 3062 2866 3117 qua:
2915 3048 3064 3104 vitiis
3127 3046 3332 3113 favent,
3391 3048 3688 3112 dediscere,

2106 3149 2158 3195 et
2194 3139 2432 3196 insnltus
2457 3155 2749 3209 pravorum
2770 3140 3065 3196 affectuum
3090 3150 3311 3210 possent
3335 3143 3648 3210 propulsare
3672 3158 3687 3196 :

2106 3249 2216 3303 qua
2248 3248 2402 3298 sane,
2444 3248 2542 3302 pro
2571 3234 2646 3289 rei
2674 3243 2952 3288 momento
2990 3235 3125 3289 nillil
3179 3243 3392 3305 poterat
3427 3236 3689 3305 expetibi-

2109 3329 2216 3384 lius
2243 3329 2529 3396 discipulis
2589 3341 2921 3385 monstrare.
2982 3327 3259 3396 Quantum
3309 3333 3456 3385 enim
3492 3333 3592 3387 hoc
3620 3331 3688 3385 ab

2108 3438 2174 3480 eo
2202 3422 2461 3477 didicisse
2494 3440 2508 3476 :
2544 3437 2650 3491 qua
2673 3423 2799 3492 quis
2829 3434 2946 3478 arte
2972 3426 3143 3493 possit
3165 3424 3623 3492 nequissimam-ai
3658 3440 3686 3476 a

2110 3534 2169 3572 se
2206 3515 2602 3585 impressiones
2651 3515 3053 3583 cogitationum
3088 3516 3395 3585 repellere?
3453 3531 3560 3569 non
3593 3531 3688 3569 au-

2109 3618 2217 3663 tem
2255 3610 2360 3664 alia
2394 3617 2513 3665 erat
2543 3625 2634 3664 ars
2660 3610 2789 3675 ista,
2827 3610 2931 3664 nisi
2961 3612 3161 3666 mentis
3190 3610 3458 3667 custodia.
3520 3608 3687 3678 ll-ijus

2106 3703 2253 3755 enim
2281 3701 2512 3756 aﬂ‘ectus
2546 3712 2630 3757 est
2686 3704 2941 3773 proprius
2990 3706 3136 3759 istud
3172 3704 3426 3771 perfecta:
3468 3701 3687 3758 virtutis

2109 3810 2270 3863 opus.
2295 3793 2567 3849 Transeat
2600 3795 2730 3850 hinc
2764 3810 2948 3852 sermo
2982 3797 3046 3848 ad
3081 3797 3392 3868 sequentia.

2544 3994 2625 4050 Ea:
2666 3995 2783 4047 l'ita
2819 3996 2992 4049 sancti
3025 3992 3233 4047 Subbw.

2170 4181 2399 4235 Divinos
2433 4178 2648 4234 Sabbas
2705 4180 2847 4235 hanc
2880 4179 3164 4250 regiminis
3198 4179 3429 4233 formam
3476 4195 3674 4247 seque-

2094 4278 2280 4333 batur.
2307 4276 2443 4331 Eum
2494 4276 2587 4345 qui
2625 4275 2871 4346 regulam
2914 4275 3027 4343 jam
3082 4273 3438 4328 monasticam
3470 4273 3676 4327 didice-

2094 4380 2201 4436 rat,
2232 4379 2287 4423 et
2321 4385 2476 4424 suam
2515 4368 2629 4438 jam
2667 4366 2948 4423 custodire
2982 4375 3221 4421 mentem
3253 4374 3484 4436 poterat,
3514 4376 3677 4433 atque

400 4452 529 4517 jure
559 4452 682 4519 quis
709 4451 914 4506 dixerit
945 4458 1265 4505 terrestrem
1308 4450 1591 4519 angelum,
1655 4447 1815 4502 nobis
1844 4462 2001 4502 mon-
2024 4481 2069 4538 ο
2096 4457 2342 4513 adversis
2374 4470 2681 4527 repugnare
2729 4454 3155 4526 cogitationibus
3188 4472 3204 4519 ς
3255 4455 3460 4526 quique
3517 4470 3676 4508 num-

414 4558 627 4609 strans,
671 4544 951 4613 quomodo
974 4541 1277 4611 colligenda
1309 4540 1382 4596 sit
1423 4554 1599 4603 mens,
1626 4548 1687 4593 nt
1726 4539 1808 4593 sic
1848 4553 2003 4593 com-

408 4639 609 4707 posita,
650 4635 791 4689 baud
823 4649 967 4704 aegre
995 4633 1061 4687 ad
1096 4633 1264 4687 Deum
1292 4633 1557 4687 elevetur.

692 4830 769 4882 F121
816 4826 932 4881 Vita
966 4829 1136 4881 sancti
1185 4825 1421 4879 Puuliin
1479 4822 1665 4875 Latro.

464 5031 533 5084 At
571 5030 803 5084 divinus
827 5027 1032 5083 Paulus
1070 5028 1124 5083 in
1160 5027 1443 5082 montibus
1494 5038 1549 5082 et
1579 5026 1717 5082 locis
1740 5026 1983 5081 desertis

395 5137 615 5192 semper
640 5123 942 5186 habitabat,
971 5120 1101 5177 feris
1131 5122 1322 5177 bestiis
1370 5130 1631 5191 tanquam
1704 5122 1904 5176 vicinis
1934 5135 1988 5176 et

392 5215 677 5269 sodalibus
711 5222 890 5269 utens.
927 5212 1051 5268 Fuit
1073 5223 1255 5267 tamen
1284 5228 1411 5266 cum
1439 5214 1490 5265 in
1515 5213 1727 5267 lauram
1752 5213 1985 5268 descen-

392 5307 531 5360 dens
568 5309 710 5361 baud
742 5307 936 5361 abnuit
966 5306 1251 5375 suscipere
1282 5305 1525 5374 regimen
1557 5303 1815 5376 fratrum.
1850 5306 1985 5360 Sua-

392 5399 557 5452 debat
589 5408 770 5450 autem
795 5395 1116 5460 etdocebat,
1153 5407 1410 5449 excutere
1442 5394 1980 5465 pusillanimitatem,

391 5505 493 5545 nec
534 5509 562 5542 a
596 5489 893 5544 laboriosis
922 5488 1146 5542 virtutis
1181 5487 1445 5557 operibus
1501 5497 1647 5542 metu
1702 5486 1985 5544 desidiave

389 5583 501 5635 ulta
532 5582 801 5634 retardari
826 5578 1229 5644 capessendis:
1278 5579 1372 5633 sed
1406 5577 1459 5631 in
1513 5577 1666 5638 omni
1720 5581 1980 5632 attentio-

386 5688 454 5725 ne
474 5689 539 5727 ac
565 5673 938 5735 discretione,
963 5670 1338 5741 evangelicam
1371 5684 1666 5740 capessere
1692 5684 1760 5725 ac
1792 5686 1983 5740 perse-

383 5776 636 5821 veranter
658 5781 913 5821 exercere
943 5764 1162 5820 vivendi
1216 5766 1505 5831 rationem,
1542 5773 1594 5818 et
1626 5773 1817 5819 contra
1851 5764 1980 5836 Spi-

2095 4549 2361 4605 danarum
2393 4564 2579 4604 rerum
2612 4564 2676 4604 ex
2706 4555 2822 4603 toto
2853 4547 3173 4609 memoriam
3206 4562 3236 4603 e
3285 4556 3465 4603 mente
3493 4555 3679 4602 exter-

2096 4645 2427 4707 niiuaverat,
2496 4642 2743 4698 habitare
2782 4642 2837 4695 in
2870 4642 3022 4695 laura
3057 4640 3428 4710 permittebat,
3486 4640 3675 4694 cellam

2094 4737 2201 4807 ipsi
2234 4738 2512 4808 propriam
2542 4736 2855 4805 assignans,
2906 4735 2970 4799 ,si
3012 4749 3205 4800 parum
3240 4733 3463 4788 robusto
3491 4733 3680 4787 invali-

2092 4831 2274 4900 doque
2301 4841 2700 4899 erateorpore.
2742 4827 2836 4882 Sin
2885 4844 2952 4882 ex
3011 4829 3078 4883 iis
3112 4834 3232 4882 erat
3289 4826 3378 4896 qui
3446 4826 3678 4881 sanitate

2094 4925 2469 4981 membrorum
2501 4938 2565 4978 ac
2592 4921 2800 4978 viribus
2851 4921 3147 4991 pollerent,
3182 4923 3358 4977 locum
3407 4918 3679 4991 prtebebat

2093 5019 2185 5073 tibi
2219 5018 2416 5073 cellam
2466 5016 2572 5085 ipsi
2636 5015 2741 5070 sibi
2804 5023 3214 5069 construerent.
3266 5012 3431 5068 Vides
3491 5020 3548 5065 ut
3588 5010 3675 5065 hic

2092 5117 2318 5165 sanctus
2348 5108 2519 5163 abbas
2561 5107 2759 5162 mentis
2787 5114 2915 5161 ante
2936 5106 3123 5160 omnia
3154 5106 3459 5161 custodiam
3507 5121 3534 5155 a
3567 5103 3677 5155 fra-

2092 5204 2269 5259 tribus
2300 5217 2434 5272 quos
2461 5202 2565 5257 sub
2591 5216 2747 5258 suam
2780 5216 2972 5255 curam
3031 5200 3350 5256 admitteret
3397 5199 3669 5270 exigebat,

2096 5313 2199 5352 nec
2228 5296 2388 5350 aliter
2422 5294 2504 5350 eis
2534 5295 2687 5349 cellae
2722 5294 2813 5361 jus
2867 5294 2921 5347 in
2964 5309 3072 5364 qua
3107 5293 3211 5349 sub
3263 5308 3323 5347 se
3356 5290 3464 5347 Deo
3493 5290 3676 5360 quiete

2090 5390 2361 5446 servirent
2389 5388 2689 5444 tribuebat.
2714 5387 2857 5455 Quid
2887 5386 3157 5442 faciemus
3215 5402 3311 5439 nos
3372 5384 3590 5437 inutiles
3622 5382 3673 5435 in

2088 5483 2243 5537 eellis
2274 5483 2467 5550 ignave
2500 5481 2860 5546 desidentes;
2895 5481 3025 5552 quid
3060 5482 3130 5535 sit
3170 5478 3371 5533 mentis
3406 5475 3671 5537 custodia,

2089 5585 2142 5630 et
2172 5590 2239 5629 an
2281 5576 2490 5644 uspiam
2529 5576 2858 5644 reperiatur,
2892 5590 2959 5630 ne
2992 5576 3271 5629 mentione
3297 5572 3511 5641 quidem
3568 5569 3676 5637 pri-

2089 5685 2174 5722 ma
2200 5669 2378 5724 edocti
2406 5670 2428 5723 ?
2462 5669 2529 5724 At
2559 5670 2646 5724 hic
2693 5685 2925 5739 magnus
2963 5669 3129 5725 Pater
3162 5683 3271 5739 prm
3324 5667 3389 5720 iis
3422 5664 3512 5732 qui
3548 5677 3671 5714 eum

2090 5770 2485 5829 pra'cesserant
2540 5761 2701 5817 istam
2758 5761 2980 5830 copiose
3049 5762 3303 5827 virtutem
3365 5753 3673 5826 possidens,
