4076 6484
488 413 598 479 955

1715 410 1765 472 Ν
1776 406 2142 469 ΞΕΕΙἮΟΒΙ
2183 408 2339 468 MON
2352 408 2495 470 AC1]
2504 410 2531 469 Ι

3662 412 3768 477 956

456 540 461 543 ’
494 542 730 614 ζομένῃ,
793 542 889 598 καὶ
952 540 1232 615 ἐπιμελῶς
1279 542 1666 615 φυλασσομένη
1689 584 1704 610 ,
1770 545 1943 617 λήθης
1997 543 2093 598 καὶ
2117 542 2415 598 Ακλέπται
2438 541 2538 610 οὐχ
2568 539 2643 603 ὡς
2674 538 2863 609 ἔτυχεν
2901 537 3304 603 ἐπιϐαίνουσιν,
3332 535 3485 591 οὕτω
3521 537 3617 591 καὶ
3648 540 3676 592 6
3702 541 3765 609 τῇ

495 636 723 703 ἀγνοίας
778 635 872 689 καὶ
916 635 1190 706 ῥᾳθυμίας
1236 637 1383 706 ἴχνος
1431 638 1488 689 ἐν
1545 636 1681 708 αὐτῇ
1743 636 2091 705 ἀφανίζεται.

446 772 451 777 ,
505 727 671 798 Ὁρᾷς
707 727 1033 797 συμφωνίαν
1070 726 1180 779 τῶν
1205 726 1597 796 πνευματικῶν
1632 729 1930 799 ῥημάτων;
1961 729 2096 799 ὁρᾷς

496 820 613 882 πῶς
674 820 821 888 σαφῆ
876 818 1197 887 ἐκφαίνουσι
1229 819 1330 886 τὴν
1367 822 1468 891 τῇς
1523 821 1804 892 προσοχῆς
1846 822 2092 893 είδησιν;

494 913 597 981 ὅρα
622 912 808 965 λοιπὸν
842 913 936 966 καὶ
962 910 1089 975 τοὺς
1122 911 1463 985 ἔμπροσθεν,
1492 907 1584 967 οἷα
1622 914 1785 968 πάλιν
1819 917 1949 985 ἡμῖν
1980 915 2095 968 δια-

496 1004 768 1073 λέγονται.

654 1170 761 1223 Τοῦ
791 1171 966 1238 ἁγίου
1011 1169 1294 1223 Ἰωάννου
1327 1169 1435 1223 τοῦ
1476 1170 1590 1240 τῆς
1620 1158 1961 1241 Κλίμακος-ς

593 1323 943 1393 Ὶισυχαστής
983 1320 1172 1385 Ἔστιν,
1207 1324 1235 1375 ό
1272 1322 1332 1375 τὸ
1375 1321 1668 1391 ἀσώματον
1701 1322 1758 1373 ἐν
1793 1316 2094 1388 σωματικῷ

497 1420 636 1489 οἴκῳ
668 1416 1005 1487 περιορίζειν
1052 1416 1395 1485 φιλονεικῶν,
1433 1416 1494 1468 τὸ
1537 1413 1865 1485 παράδοξον.
1920 1413 2090 1465 Ἡσυ-

498 1512 870 1583 χαστήςὲστιν
902 1512 1109 1572 ἐκεῖνος
1139 1510 1167 1562 6
1194 1508 1388 1561 εἰπών·
1426 1528 1443 1559 ι
1470 1507 1611 1576 Ἐγὼ
1635 1507 1903 1572 καθεύδω,
1936 1505 2029 1558 καὶ
2055 1505 2090 1576 ἡ

498 1605 700 1675 καρδία
734 1621 835 1671 μου
866 1604 1163 1673 ἀγρυπνεῖ.
1194 1623 1211 1654 ι
1242 1603 1401 1656 Κλείε
1430 1604 1530 1674 μὲν
1563 1603 1734 1674 θύραν
1759 1601 1956 1670 κὲλλης
1983 1597 2093 1652 σώ-

498 1717 634 1769 ματι
660 1716 675 1730 ο
708 1698 802 1751 καί
837 1697 1010 1768 θύραν
1035 1697 1306 1766 γλώττης,
1342 1696 1622 1766 φθέγματι
1648 1713 1662 1727 ο
1700 1697 1795 1748 καὶ
1819 1695 1967 1748 ἔνδον
1999 1693 2096 1746 πύ-

497 1792 601 1863 λην
634 1790 925 1861 πνεύμασι.
960 1789 1340 1858 Καθεζόμενος
1376 1789 1461 1856 ἐφ’
1489 1787 1660 1858 ὕψους
1702 1790 1882 1859 τήρει,
1907 1788 1955 1839 εί
1986 1786 2099 1856 ἄρα

2160 635 2379 704 ,καρδία
2412 632 2723 704 προσευχὴν
2761 630 3027 699 συνάψας,
3063 631 3163 700 οὐχ
3189 629 3265 693 ὡς
3297 630 3500 699 ἔτυχεν
3530 630 3636 683 ὑπὸ
3660 631 3766 683 τῶν

2181 727 2386 797 νοεριῖνι
2417 726 2629 796 λῃστῶν
2661 724 2977 778 κλέπτεται.
3015 719 3178 785 Οἶδας
3212 721 3556 792 φανεροποιὰ
3610 721 3764 794 [ἀντὶ

2182 820 2312 879 τοῦ.
2343 816 2743 888 φανεροποιῶς,
2780 816 2817 884 ἣ
2854 816 3078 885 ῥήματα
3112 812 3479 885 φανεροποιὰ]
3520 814 3619 884 τῆς
3651 814 3767 867 θαυ-

2186 912 2397 981 μαστῆς
2425 909 2688 980 ἐργασίας
2713 908 2805 961 τοῦ
2837 907 3072 977 μεγάλου
3099 906 3291 959 τούτου
3326 906 3584 981 ίῐατρόςς
3624 905 3763 958 Ἀλλ’

2182 976 2561 1073 ﬂiam-73’s.;
2606 1004 2663 1055 ἐν
2709 976 2891 1053 σκότει
2945 1000 3402 1069 διαπορευόμενοι
3589 999 3765 1052 ἐπάνω

2182 1096 2291 1148 τῶν
2316 1093 2654 1165 ψυχωφελῶν
2685 1093 2778 1146 τοῦ
2814 1092 3131 1162 ιΙνεύματος
3156 1092 3352 1161 λογίων
3378 1091 3458 1155 ὡς
3490 1093 3549 1144 ὲν
3576 1108 3766 1146 νυκτο-

2186 1187 2358 1257 μαχίᾳ
2395 1184 2849 1256 περιπατοῦντες.
2902 1185 2996 1237 καὶ
3046 1184 3549 1252 ὲθελοκωφοῦντες,
3598 1183 3763 1236 ταῦτα

2124 1318 2131 1325 .
2182 1278 2594 1350 παρερχόμεθα.
2639 1278 2778 1331 Ἀλλ’
2811 1279 2914 1349 ὅρα
2946 1277 3131 1357 λοιπὸν
3166 1278 3259 1330 καὶ
3303 1280 3421 1339 τοῖς
3459 1276 3763 1347 ἔμπροσθεν

2182 1375 2284 1427 ὅσα
2309 1374 2378 1427 τὰ
2408 1372 2545 1442 πρὸς
2576 1372 2676 1443 τὴν
2706 1371 2869 1442 νῆψιν
2895 1369 3195 1440 όδηγοῦντα
3241 1371 3288 1423 οί
3336 1368 3588 1439 Πατέρες
3638 1369 3761 1440 ἡμῖν

2184 1465 2620 1537 ὑπογράφουσιν.

2689 1645 2800 1698 Τοῦ
2840 1643 2994 1700 ἀὸὄᾶ.
3032 1643 3268 1701 Ἠσατα.

2254 1806 2428 1861 Ὅταν
2459 1825 2543 1869 τις
2572 1807 2785 1878 χωρίσῃ
2826 1804 3018 1859 ἑαυτὸν
3046 1805 3155 1859 ἀπὸ
3192 1804 3288 1860 τοῦ
3318 1803 3642 1876 ἀριστεροῦ,
3677 1803 3762 1855 καὶ

498 1884 594 1937 καὶ
629 1883 945 1943 ἐπίστασαι,
984 1882 1078 1935 καὶ
1100 1882 1221 1933 τότε
1252 1882 1356 1951 ὅρα
1379 1881 1520 1948 πῶς,
1555 1883 1651 1935 καὶ
1676 1880 1830 1944 πότε,
1868 1881 1962 1932 καὶ
1996 1877 2098 1932 πό·
2120 1869 2161 1923 Β
2188 1901 2300 1971 γνῷ
2328 1901 2576 1971 iam“);
2607 1902 2781 1954 πάντα
2809 1901 2877 1954 τὰ
2913 1902 3295 1972 ἁμαρτήματα
3334 1899 3372 1955 ἃ
3405 1899 3663 1965 ἐποίησεν
3692 1899 3764 1961 εις

500 1977 618 2039 θεν,
655 1977 749 2028 καὶ
809 1977 988 2040 πόσοι,
1028 1976 1123 2027 καὶ
1185 1977 1331 2027 ποῖοι
1391 1973 1628 2027 κλέπται
1681 1971 1946 2026 εἰσελθεῖν
1997 1971 2098 2027 καὶ

502 2068 701 2138 κλέψαι
722 2068 851 2127 τοὺς
884 2067 1122 2138 βότρυας
1151 2066 1428 2139 ἔρχονται.
1457 2063 1790 2136 ’Δποκαμὼν
1813 2066 1843 2119 6
1868 2065 2094 2130 σκοπὸς,

499 2161 764 2226 ἀναστὰς,
791 2161 1174 2233 προσεύξεται,
1199 2160 1295 2213 καὶ
1318 2160 1480 2214 πάλιν
1521 2159 1833 2223 καθεσθεὶς,
1864 2160 1963 2229 τῆς
1990 2160 2097 2213 αύ-

498 2256 600 2325 τῆς
637 2255 902 2326 ἐργασίας
950 2255 1218 2327 ἀνδρικῶς
1251 2255 1456 2324 ἔχεται.
1504 2252 1670 2305 ’Άλλο
1701 2253 1920 2324 φυλακὴ
1949 2253 2098 2322 λογι-

488 2346 686 2417 ’σμῶν,
737 2348 833 2400 καὶ
863 2346 1052 2417 ἕτερον
1091 2347 1212 2409 νοὸς
1250 2347 1504 2418 τήρησις,
1532 2345 1628 2398 καὶ
1658 2346 1781 2399 καθ’
1813 2346 1938 2399 ὅσον
1987 2346 2098 2400 ὰπ-

501 2440 721 2508 έχουσιν
749 2440 1007 2493 ἀνατολαὶ
1045 2439 1153 2493 ἀπὸ
1183 2439 1427 2509 δυσμῶν,
1459 2437 1604 2491 κατὰ
1644 2436 1899 2492 τοσοῦτον
1927 2439 2100 2511 ήδευ-

500 2533 639 2602 τέρα
670 2533 770 2603 τῆς
795 2532 1020 2603 πρώτης
1046 2533 1188 2598 ἐστὶ,
1211 2533 1309 2586 καὶ
1330 2531 1712 2603 μοχθηροτέρα
1733 2531 2096 2603 καθέστηκεν.

503 2626 719 2697 Ὠσπερ
754 2625 896 2679 ὂπλα
922 2626 1181 2697 βασιλικὰ
1201 2627 1259 2680 ὲν
1285 2626 1435 2695 τόπῳ
1466 2622 1575 2677 τινὶ
1603 2622 1835 2695 κείμενα
1857 2624 2096 2696 ὁρῶντες

507 2908 669 2963 bona:
697 2919 921 2977 quoque
956 2905 1259 2963 voluntatis
1281 2903 1482 2974 adiuta
1528 2918 1560 2960 ιι
1585 2903 1783 2977 gratia,
1808 2904 1916 2960 vim
1951 2920 1969 2975 ;
2030 2905 2084 2960 in

2188 1993 2320 2045 Θεὸν
2353 1994 2567 2063 (ἐπειδὴ
2600 1994 2662 2046 ού
2701 1994 2890 2064 βλέπει
2920 1994 3020 2057 τὰς
3045 1993 3343 2065 ἁμαρτίας,
3384 1993 3484 2045 ἐὰν
3514 1990 3587 2061 μὴ
3616 2006 3767 2061 χωρι-

2186 2085 2285 2156 σθῇ
2341 2087 2433 2140 ἀπ’
2464 2086 2644 2139 αὐτῶν
2703 2085 2968 2157 χωριαμῷ
3021 2086 3307 2155 πικρίας)’
3359 2086 3412 2138 οἱ
3462 2084 3759 2153 φθάσαντες

2184 2179 2345 2232 τοῦτο
2378 2181 2439 2234 τὸ
2473 2181 2693 2251 μέτρον,
2735 2179 2894 2234 αὐτοὶ
2929 2175 3088 2251 εὗρον
3126 2180 3217 2232 τὸν
3250 2178 3536 2248 κλαυθμὸν
3562 2175 3654 2229 καὶ
3675 2172 3765 2243 τὴν

2157 2269 2391 2339 δέησιν,
2424 2271 2594 2325 καὶτὸ
2618 2269 2975 2341 αἰσχύνεσθαι
3003 2269 3234 2323 ἐνώπιον
3261 2269 3355 2322 τοῦ
3382 2267 3521 2322 θεοῦ
3569 2280 3765 2336 μνημο-

2186 2362 2434 2426 νεύοντες
2462 2364 2559 2435 τῆς
2586 2365 2831 2433 πονηρᾶς
2857 2363 3043 2431 φιλίας
3076 2362 3185 2415 τῶν
3214 2361 3432 2415 παθῶν.
3474 2355 3767 2425 ’Δγωνισὼ-

2191 2454 2331 2525 μεθα
2377 2450 2493 2516 οὖν.
2544 2453 2788 2524 ἀδελφοὶ,
2847 2454 2987 2507 κατὰ
3018 2453 3116 2525 τὴν
3155 2449 3390 2522 δύναμιν
3443 2450 3569 2522 ἡμιτ·
3609 2489 3624 2514 ,
3675 2445 3762 2501 καὶ

2189 2547 2442 2617 συνεργεῖ
2475 2547 2504 2598 6
2539 2545 2671 2609 Θεὸς
2705 2546 2844 2600 κατὰ
2875 2545 2936 2598 τὸ
2970 2545 3177 2615 πλῆθος
3224 2543 3318 2598 τοῦ
3372 2544 3560 2606 ἑλζους
3587 2537 3766 2595 αὐτοῦ.

2187 2639 2299 2693 Καὶ
2323 2639 2374 2692 εί
2405 2638 2506 2692 οὐκ
2541 2638 2894 2709 ὲφυλὰξαμεν
2914 2637 3014 2710 τὴν
3044 2637 3270 2709 καρδίαν
3294 2636 3456 2708 ἡμῶν
3483 2635 3560 2698 ὡς
3591 2634 3639 2687 οἱ
3670 2648 3764 2683 ιτα-

2196 2920 2431 2976 surgens
2472 2905 2674 2971 orabit,
2719 2913 2778 2961 et
2834 2919 3025 2961 rursus
3092 2905 3290 2961 sedens
3338 2903 3398 2958 in
3446 2916 3584 2973 Opus
3629 2900 3759 2954 idem

504 2997 674 3054 corde:
716 3007 869 3054 s'are.
905 2995 1133 3051 ﬁrmiter
1153 3006 1412 3062 conante,
1459 3004 1516 3051 et
1568 2995 1858 3067 diligenter
1906 2979 2166 3051 custooc
2199 2998 2416 3056 fortiter
2466 2998 2767 3056 incumbet.
2819 2999 2979 3054 Aliud
3011 3010 3096 3055 est
3129 2998 3447 3054 observatio
3491 2996 3777 3066 cogitatio?

504 3091 641 3151 dite,
666 3089 876 3142 deletur
896 3103 1058 3143 omne
1076 3089 1364 3157 vestigium
1395 3087 1715 3157 oblivionis,
1749 3087 2092 3158 ignorantiae,

507 3198 571 3236 ac
605 3183 886 3250 pigrititeJ
935 3178 1212 3234 Hactenus
1246 3178 1485 3234 Marcus.

581 3274 770 3345 Pergis
801 3275 854 3327 in
893 3274 980 3327 his
1045 3274 1253 3339 videre,
1299 3272 1495 3338 lector,
1541 3287 1706 3342 qnam
1746 3280 1892 3343 apte,
1928 3287 2093 3342 quam

508 3376 701 3420 exacte
756 3366 1108 3419 consentiant
1159 3364 1304 3418 inter
1352 3378 1412 3419 se
1470 3374 1718 3419 veterum
1775 3373 2092 3418 nostrorum

511 3459 735 3513 l’atrum
797 3460 1130 3528 optimorum
1185 3458 1359 3513 dicta.
1412 3458 1575 3513 Vides
1630 3472 1689 3511 nt
1745 3459 1835 3513 hic
1890 3460 2096 3529 pariter

507 3545 781 3600 cumabis
808 3562 973 3613 supra
1031 3546 1280 3600 recitatis
1325 3546 1474 3602 clare
1520 3546 1706 3611 docet,
1752 3556 1922 3603 totam
1974 3552 2096 3602 vitae

512 3638 819 3707 spiritualis
846 3654 996 3708 spem
1031 3653 1096 3692 ac
1121 3653 1446 3693 successum
1484 3653 1609 3694 esse
1640 3638 1806 3695 situm
1834 3640 1889 3695 in
1913 3640 2099 3695 scien-

508 3734 583 3785 tia
609 3731 804 3785 orandi
838 3750 853 3787 :
893 3731 1042 3786 vides
1090 3741 1147 3785 ut
1197 3731 1378 3802 quivis
1407 3731 1572 3787 modo
1616 3732 1991 3799 laudatorum,
2015 3733 2096 3786 al-

506 3829 684 3883 terius
724 3826 953 3897 vestigia
1012 3838 1248 3898 premat,
1299 3844 1443 3884 unus
1500 3828 1671 3883 alium
1722 3830 1790 3883 ad
1846 3827 2096 3895 singulos

507 3930 793 3976 assectans
822 3935 1037 3986 passus.
1065 3920 1202 3986 Quis
1230 3921 1425 3976 borum
1453 3936 1564 3976 non
1593 3920 1750 3990 quasi
1782 3936 1847 3975 ex
1873 3934 2100 3989 compo-

506 4010 620 4065 situ
642 4010 706 4062 ad
738 4009 880 4063 idem
905 4011 1206 4066 adhortans
1260 4011 1443 4075 docet,
1490 4008 1891 4083 penetrandum
1937 4009 2096 4066 nobis

506 4112 657 4179 esse,
696 4100 743 4155 si
771 4101 1001 4171 perfecti
1032 4114 1156 4156 esse
1186 4101 1465 4170 volumus,
1498 4102 1555 4157 in
1606 4100 1782 4157 nostri
1823 4098 2097 4171 profunda

509 4193 716 4260 cordis,
738 4193 1053 4264 pariterque
1077 4194 1182 4249 alia
1202 4193 1423 4262 suadet,
1449 4194 1710 4264 superius
1731 4193 1839 4249 hoc
1858 4207 2098 4264 opuscu-

510 4284 566 4341 lo
583 4286 920 4360 memorata?
957 4286 1098 4342 Audi
1127 4302 1277 4343 nunc
1313 4287 1454 4343 alios
1496 4301 1739 4357 quoque.

910 4435 1097 4492 Sancti
1139 4436 1372 4493 Joannis
1415 4439 1667 4497 Climact'.

596 4596 837 4664 «Quietis
887 4597 1155 4668 religiosae
1200 4597 1482 4670 professor
1522 4613 1687 4654 verus
1724 4597 1818 4651 ille
1852 4606 1937 4652 est
1965 4613 1980 4650 :
2009 4611 2105 4665 qut

516 4689 823 4755 contendit,
848 4689 1238 4760 incorporeum
1268 4706 1533 4762 corporea
1557 4690 1722 4746 domo
1754 4689 2107 4745 circumscri-

515 4782 646 4838 bere
671 4797 735 4838 ac
784 4784 1245 4853 comprehensum
1303 4794 1514 4840 tenere.
1554 4784 1708 4851 Quod
1748 4785 1947 4838 mirum
1980 4785 2106 4837 ino-

517 4876 877 4944 pinatumque
931 4886 1037 4931 est.
1101 4876 1222 4943 Ipse
1266 4877 1408 4932 idem
1459 4876 1733 4946 estcujtrs
1789 4891 1891 4930 vox
1947 4880 2106 4930 sonat

518 4969 570 5019 in
595 4982 755 5022 sacro
776 4967 1042 5023 Cantico:
1079 4967 1221 5037 «Ego
1245 4968 1482 5033 dormio,
1517 4976 1572 5023 et
1602 4984 1699 5023 cor
1729 4983 1909 5021 meum
1965 4967 2102 5034 τίεί-

517 5058 593 5110 lat
618 5059 693 5111 ⁸.»
740 5059 949 5113 Claude
978 5059 1201 5129 januam
1248 5060 1447 5130 linguae
1476 5059 1620 5126 voci,
1660 5067 1715 5112 et
1738 5073 1906 5127 supra
1948 5058 2104 5111 clan-

516 5165 637 5203 sum
676 5161 858 5204 tecum
902 5152 1051 5205 intus
1108 5152 1363 5221 spiritum
1422 5151 1568 5206 fures
1617 5150 1802 5206 obduc
1860 5153 2106 5206 exterius

518 5241 988 5312 impeneirabiles.
1034 5243 1110 5298 Ita
1160 5246 1305 5298 intro
1347 5245 1546 5300 sedens
1587 5244 1655 5298 ab
1679 5244 1791 5299 alto
1846 5244 2103 5308 observa,

523 5338 565 5389 si
593 5337 786 5405 utique
812 5336 864 5390 id
903 5338 1046 5392 scias
1070 5337 1269 5391 facere.
1308 5336 1373 5392 Et
1412 5346 1546 5392 tunc
1569 5336 1779 5394 videbis
1809 5338 2102 5406 quomodo,

521 5438 575 5482 et
603 5430 844 5499 qnamlo,
869 5439 923 5484 et
947 5431 1123 5493 unde,
1152 5440 1205 5483 et
1226 5439 1381 5499 quot,
1403 5439 1461 5485 et
1486 5431 1682 5501 quales
1718 5430 1873 5485 fures
1902 5447 2105 5485 conen-

523 5532 611 5573 tur
644 5522 968 5587 irrumpcre.
998 5534 1055 5575 ιιι
1078 5523 1394 5590 spirituales
1432 5532 1543 5577 tute
1574 5525 1750 5578 vinea:
1782 5538 1918 5577 uvas
1949 5522 2099 5578 aufe-

526 5621 668 5666 t'attt.
713 5612 864 5669 Tunc
899 5615 1024 5684 vigil
1062 5614 1454 5686 sollicitasque
1509 5616 1843 5687 speculator,
1875 5613 2104 5685 impigre

608 5866 808 5924 “Cant.
844 5885 900 5936 ν,
939 5870 993 5925 2.

2198 3110 2351 3160 num,
2403 3095 2549 3150 aliud
2604 3094 2804 3148 mentis
2858 3092 3136 3155 custodia,
3193 3101 3245 3147 et
3299 3100 3568 3160 quantum
3609 3087 3762 3141 distat

2196 3199 2353 3245 ortus
2383 3187 2451 3242 ab
2482 3203 2704 3250 occasu,
2737 3194 2888 3242 tanto
2919 3187 3021 3239 hac
3049 3186 3139 3239 illa
3180 3185 3476 3239 sublimior
3503 3193 3553 3235 et
3578 3195 3759 3234 ωηύιιι-

2197 3282 2384 3337 nosior
2435 3290 2544 3336 est.
2597 3280 2752 3335 Sicut
2814 3295 2965 3333 arma
3000 3279 3147 3348 regia
3182 3278 3236 3331 in
3271 3277 3395 3331 loco
3432 3274 3602 3345 posita
3635 3284 3760 3339 quo-

2197 3376 2342 3443 piam
2390 3372 2639 3427 videntes
2677 3368 2850 3435 iures,
2903 3386 3015 3424 non
3092 3378 3299 3425 temere
3351 3366 3630 3423 audaciam
3675 3375 3760 3415 ex-

2198 3465 2426 3533 pediunt
2463 3462 2531 3519 ad
2595 3463 2801 3518 furtum
2852 3462 2926 3516 ibi
2974 3462 3340 3517 tentandum:
3393 3460 3468 3514 ita
3520 3455 3762 3526 spiritua-

2199 3555 2277 3610 les
2306 3554 2455 3608 iures
2482 3568 2511 3606 a
2542 3552 2625 3607 sic
2660 3552 2867 3607 munita
2898 3563 2955 3608 et
2982 3552 3128 3620 vigili
3194 3550 3475 3607 absistunt
3532 3545 3751 3600 auimau

2275 3644 2464 3701 Vidisti
2501 3644 2928 3700 declarationem
2996 3643 3265 3699 mirabilis
3317 3636 3754 3697 exercitationis;

2198 3737 2380 3792 vidisti
2416 3735 2914 3792 manifestationem
2943 3735 3420 3791 evidentissimam
3446 3732 3592 3802 prius
3620 3741 3760 3781 cmu-

2195 3830 2609 3896 mendatorum,
2636 3838 2896 3885 caeterum
2924 3844 3048 3890 nos.
3075 3839 3135 3883 ut
3157 3834 3413 3896 apparet,
3443 3826 3495 3879 in
3531 3815 3759 3877 tenebris

2196 3922 2567 3989 ambulantes,
2598 3930 2655 3979 et
2690 3923 2756 3977 ad
2811 3920 3120 3992 spiritualia
3163 3921 3490 3990 animasque
3548 3914 3753 3969 salvan-

2199 4014 2273 4069 tia
2333 4012 2508 4069 divini
2564 4011 2806 4084 Spiritus
2855 4012 3078 4070 oracula
3138 4008 3517 4073 eacrutietttes,
3564 4017 3629 4058 ne
3674 3996 3756 4053 illa

2196 4105 2419 4177 quidem
2453 4106 2675 4162 cunctis
2708 4106 2963 4177 exposita
2996 4120 3121 4176 quae
3176 4103 3385 4161 diserta
3438 4111 3592 4159 sacra
3623 4089 3758 4148 Scri-

2196 4206 2358 4268 ptura
2417 4196 2732 4265 denuntiat,
2789 4209 3132 4267 cognosare
3206 4208 3490 4257 curamus,
3557 4181 3756 4242 deside!

2119 4318 2176 4382 Β
2199 4290 2422 4382 quidam
2457 4305 2525 4344 ac
2556 4289 2719 4382 pigri,
2751 4295 2808 4345 et
2834 4288 2905 4345 ad
2935 4302 3103 4344 omne
3145 4302 3297 4382 opus

2203 4381 2519 4452 (rigidique.
2557 4379 2760 4437 Verum
2792 4396 2915 4452 age,
2974 4379 3323 4435 excutiamus
3365 4376 3577 4431 tandem
3622 4367 3755 4423 hunc

2197 4480 2521 4542 torporem:
2581 4482 2638 4528 et
2705 4480 3232 4540 per.tnonstratum
3283 4468 3441 4522 nobis
3492 4467 3610 4540 iter.
3656 4468 3753 4522 δμεο

2196 4565 2251 4620 in
2286 4567 2535 4622 Sobriam
2577 4574 2634 4622 et
2677 4581 2864 4621 acrem
2902 4563 3105 4619 tuendo
3137 4562 3405 4618 intentam
3439 4556 3583 4617 cordi
3637 4546 3752 4615 νῖἓζί·

2198 4655 2326 4711 liam
2352 4657 2616 4723 tenditur,
2655 4659 2862 4728 impetu
2891 4656 3060 4711 alacri
3084 4669 3393 4711 curramus.

2751 4822 2972 4880 Abbatis
3020 4820 3201 4879 Isaia.

2278 4966 2446 5022 «Cum
2476 4965 2601 5036 quis
2631 4963 2922 5021 abduxerit
2966 4963 3211 5034 seipsum
3259 4975 3289 5016 a
3342 4960 3427 5015 via
3472 4968 3584 5029 quae
3618 4944 3748 5046 ducit

2202 5062 2256 5116 iu
2281 5061 2591 5127 interitum,
2623 5059 2851 5114 sinistra
2885 5074 2902 5114 :
2943 5066 2999 5113 et
3028 5054 3262 5128 cognitis
3314 5054 3477 5115 clare,
3539 5052 3747 5102 recensu

2200 5154 2383 5223 tisqne
2414 5159 2673 5221 peccatis,
2708 5164 2830 5219 quae
2856 5148 2910 5203 in
2945 5148 3111 5202 Deum
3143 5144 3442 5208 commisit,
3472 5135 3701 5194 outuilms
3732 5141 3745 5176 ε

2202 5242 2450 5297 nondum
2486 5249 2671 5294 tamen
2711 5238 2847 5294 satis
2887 5237 3037 5293 videt
3090 5235 3205 5297 illa,
3230 5243 3285 5287 et
3334 5246 3495 5303 quam
3538 5225 3636 5280 siut
3662 5229 3747 5270 ιιο·

2208 5334 2296 5387 xia
2340 5331 2645 5402 perpendit,
2673 5331 2718 5385 si
2750 5328 2991 5384 nondum
3028 5328 3097 5381 ab
3148 5326 3216 5381 iis
3252 5321 3527 5380 recesserit
3571 5330 3626 5370 ea

2204 5425 2485 5496 paratione
2516 5439 2635 5494 qua:
2677 5422 2738 5475 ﬁt
2789 5435 2885 5491 per
2916 5418 3295 5491 paenitentiam
3356 5423 3602 5470 amaram.
3651 5401 3739 5464 Qui

2206 5516 2275 5573 ad
2342 5517 2491 5571 hunc
2560 5514 2790 5586 gradum
2854 5521 3242 5583 pervenerunt,
3298 5507 3400 5578 ipsi
3450 5496 3740 5559 invenerunt

2205 5611 2507 5681 planctum,
2561 5606 3030 5679 deprecationem,
3063 5616 3117 5660 et
3145 5600 3408 5658 confundi
3461 5595 3642 5668 pudore
3660 5594 3740 5636 ευ-
