4076 6442
310 425 409 492 95Ἳ
1544 415 1638 478 DE
1676 413 1921 476 CORDI:

2024 411 2352 477 .USTODIA
2369 460 2386 475 .
3410 432 3413 435 ·
3459 401 3562 469 958

312 546 470 614 τέρες
494 540 673 615 ἡμῶν,
707 541 810 596 κᾶν
844 538 1239 609 σπουδάσωμεν
1271 536 1498 607 ποιῆσαι
1537 539 1636 607 τὴν
1666 535 1896 601 δύναμιν
1922 540 1967 596 Α
1990 538 2265 606 νωνούσης
2289 533 2367 604 τῷ
2399 533 2633 604 Σατανᾷ.
2665 532 2827 586 Δοκεῖ
2860 529 2959 601 μὲν
2993 527 3022 581 6
3056 528 3229 599 μέγας
3258 522 3413 592 οὗτος
3452 529 3568 581 Πα-

313 634 491 706 ἡμῶν,
523 633 762 704 φυλάξαι
791 631 861 685 τὰ
898 630 1130 701 σώματα
1176 628 1355 699 ἡμῶν,
1389 628 1463 688 ὡς
1491 626 1648 697 ζητεῖ
1688 628 1716 680 ὁ
1740 626 1897 688 Θεὸς.
1990 632 2092 700 τὴρ
2104 624 2485 697 ἀντιφέρεσθαι
2503 628 2614 687 τοῖς
2631 624 2808 693 λόγοις
2826 620 2918 675 τοῦ
2945 620 3331 694 προλεχθέντος
3355 621 3572 691 nam;

312 725 705 796 ἀναμάρτητα,
746 723 844 775 καὶ
883 720 1214 790 πιστεύομεν
1253 721 1335 773 ὅτι
1385 719 1527 772 κατὰ
1579 717 1672 770 τὸν
1706 716 1898 786 καιρὸν
1990 721 2136 774 ἀεδᾶ
2176 719 2398 771 Ἡσαΐου
2421 733 2435 746 ο
2463 717 2563 768 οὐκ
2612 715 2727 769 εστι
2756 712 2813 767 δέ
2843 732 2857 748 ο
2889 716 3158 777 Κάκεῖνος
3192 714 3323 785 γὰρ,
3358 713 3436 775 ὼς
3464 711 3569 780 ςη-

313 814 409 868 τοῦ
453 813 616 885 λιμοῦ
657 815 749 871 τὸν
789 812 1171 866 καταλαϐόντα
1212 813 1381 881 ἡμᾶς,
1421 813 1565 862 ποιεῖ
1599 807 1716 878 μεθ’
1742 808 1901 877 ἡμῶν

313 907 482 973 ἔλεος,
515 906 591 969 ὡς
614 908 709 960 καὶ
746 907 886 978 μετὰ
915 907 1024 959 τῶν
1056 905 1229 971 ἁγίων
1259 902 1448 957 αὐτοῦ.
1484 900 1900 972 Παραμυθείται

314 1000 549 1056 ἐνταῦθα
566 1002 594 1054 6
617 1002 788 1071 μέγας
800 993 977 1062 οὗτος,
998 1000 1111 1059 τοῖς
1132 997 1252 1050 λίαν
1269 995 1683 1066 ἀσθενεστέροις
1700 994 1895 1060 λέγων*

317 1095 429 1151 Καὶ
467 1096 515 1147 εἰ
575 1094 676 1146 οὐκ
725 1091 1075 1162 ἑαυὶάξαμεν
1109 1089 1208 1159 τὴν
1249 1088 1479 1159 καρδίαν
1539 1088 1692 1157 ἡμῶν
1725 1087 1800 1150 ὡς
1851 1084 1902 1140 oi

316 1184 786 1264 παζῖέρες,ήμῶν,
826 1183 927 1236 κᾶν
972 1181 1043 1235 τὰ
1101 1180 1332 1250 σώματα
1357 1180 1517 1251 ἡμῶν
1567 1181 1903 1255 τηρήσωμεν

318 1283 703 1354 ἀναμάρτητα,
735 1273 810 1335 ὡς
841 1273 995 1342 ζητεῖ
1030 1273 1059 1323 6
1111 1271 1267 1336 Θεὸς,
1309 1273 1402 1325 καὶ
1434 1272 1583 1323 ποιεῖ
1630 1269 1728 1322 κοιλ¹
1782 1268 1903 1339 μεθ’

319 1376 477 1447 ἡμῶν
511 1373 679 1435 ἔλεος.
715 1364 890 1440 Πολλὴ
919 1366 953 1437 ἡ
984 1362 1358 1436 εὐσπλαγχνία
1390 1362 1485 1417 τοῦ
1515 1359 1762 1414 τοιούτου
1792 1361 1904 1412 Πα-

320 1464 449 1536 τρὸς
473 1463 568 1518 καὶ
596 1459 1029 1531 συγκατάΰασις.

739 1694 1045 1762 Μακαρίου
1079 1692 1187 1747 τοῦ
1220 1691 1511 1762 μεγάλου.

1990 816 2073 866 rei
2107 813 2135 864 6
2165 811 2319 873 Θεὸς,
2369 807 2756 878 παρεγγυᾶται
2790 806 2927 874 ἡμῖν
2967 805 3202 872 φυλάξαι
3234 804 3303 858 τὰ
3340 804 3571 874 σώματα

1994 903 2154 974 ἡμῶν
2181 919 2193 932 ’
2229 900 2386 969 ζητεῖ
2423 897 2479 949 δὲ
2517 896 2580 949 οὐ
2628 895 2737 947 τῶν
2772 895 3043 963 σωμάτων
3083 895 3243 964 μόνον
3280 895 3379 965 τὴν
3408 894 3573 948 καθα-

1995 998 2218 1065 ρότητα,
2259 992 2393 1045 ἀλλὰ
2423 991 2517 1043 καὶ
2558 987 2665 1040 τῶν
2704 988 3066 1056 πνευμάτωνο
3098 988 3192 1040 καὶ
3249 987 3428 1049 οὕτως
3465 986 3571 1039 ἀπὸ

1993 1090 2101 1142 τῶν
2124 1082 2493 1156 εὐαγγελικῶν
2515 1081 2979 1154 προσταγμάτων,
3007 1081 3076 1134 τὰ
3105 1080 3246 1133 αὐτᾶ
3270 1082 3400 1151 ἡμῖν
3434 1079 3564 1133 ὑπο-

1993 1182 2221 1236 τίθεται.

2643 1369 2955 1438 Διαδόχου.

2092 1579 2154 1639 Ὅ
2205 1581 2453 1653 ἐνδημῶν
2475 1578 2562 1633 ἀεὶ
2589 1579 2656 1649 τῇ
2688 1573 2884 1629 ἑαυτοῦ
2913 1572 3132 1642 καρδίᾳ,
3167 1569 3401 1642 έκδημεϊ
3441 1568 3585 1623 πάν-

2013 1694 2117 1739 τως
2147 1675 2258 1728 τῶν
2292 1672 2511 1743 ὡραίων
2548 1668 2645 1723 τοῦ
2683 1666 2833 1738 βίου⁸
2871 1664 3145 1735 πνεύματι
3177 1662 3288 1732 γὰρ
3340 1677 3584 1732 περιπα-

2011 1767 2139 1831 τῶν,
2171 1764 2266 1828 τὰς
2298 1764 2397 1845 τῆς
2427 1762 2630 1830 σαρκὸς
2659 1754 2954 1826 ἐπιθυμίας
2996 1754 3196 1807 ειδέναι
3223 1752 3285 1805 οὐ
3335 1750 3581 1806 δύναται.

399 1884 473 1938 Τὸ
500 1882 839 1954 κυριώτατον
865 1878 960 1931 τοῦ
994 1875 1234 1948 ἀθλητοῦ
1263 1873 1422 1930 τοῦτό
1457 1876 1627 1938 ἐστιν,
1658 1873 1746 1927 ἵνα
1786 1873 1903 1927 εἰσ-
1943 1873 1983 1931 Β
2025 1859 2242 1930 Ἐπειδὴ
2272 1840 2457 1911 λδιπδν
2483 1858 2542 1909 ἐν
2566 1853 2645 1924 τῷ
2660 1849 2921 1922 ’φρουρίῳ
2950 1840 3068 1954 τῶν).
3097 1845 3311 1954 (ξρετιξν
3330 1846 3459 1907 τοὺς
3481 1860 3584 1954 πῖ-

329 1975 500 2031 ελθὼν
563 1975 645 2050 εἰς
695 1971 795 2042 τὴν
841 1968 1036 2025 ἑαυτοῦ
1083 1968 1333 2035 καρδίαν,
1388 1967 1591 2038 ποιήσῃ
1672 1965 1910 2035 πόλεμον

331 2069 467 2140 πρὸς
501 2066 593 2119 τὸν
630 2065 877 2117 Σατανᾶν
912 2062 1007 2116 καὶ
1067 2061 1275 2133 μισήσῃ
1310 2056 1474 2114 αὐτόν
1496 2075 1509 2089 ο
1546 2057 1641 2110 καὶ
1671 2058 1906 2110 ἀντιπα-

330 2160 523 2221 λαίσας
558 2158 670 2219 τοῖς
697 2154 1074 2224 διαλογισμοῖς
1110 2150 1299 2214 αὐτοῦ,
1353 2148 1601 2220 μαχεσθῇ
1640 2145 1812 2216 αὐτῷ.
1844 2147 1909 2200 El

335 2251 393 2305 δὲ
444 2253 522 2312 εἰς
548 2249 609 2301 τὸ
635 2247 956 2317 φαινόμενον
1004 2243 1268 2314 φυλάσσει
1312 2259 1395 2303 τις
1425 2244 1487 2294 τὸ
1536 2239 1695 2309 σῶμα
1744 2237 1911 2293 αὑτοῦ

335 2342 444 2396 ἀπὸ
470 2340 674 2412 φθορᾶς
700 2340 795 2392 καὶ
828 2337 1105 2407 πορνείας,
1129 2334 1333 2388 ἔσωθεν
1372 2333 1430 2387 δὲ
1462 2331 1705 2402 μοιχεύει
1756 2330 1912 2401 παρὰ

334 2434 410 2505 τῷ
442 2426 582 2502 Θεῷ,
614 2430 710 2484 καὶ
744 2427 1001 2500 πορνεύει
1024 2430 1135 2490 τοῖς
1163 2425 1556 2494 διαλογισμοῖς,
1588 2423 1743 2476 οὐδὲν
1764 2422 1909 2493 ὠφε-

334 2527 473 2598 λήθη
529 2525 669 2595 ἔχων
720 2524 782 2578 τὸ
845 2522 1003 2592 σῶμα
1053 2519 1343 2590 παρθένον.
1388 2517 1706 2587 Γέγραπται
1760 2517 1872 2588 γάρ
1896 2531 1912 2548 ο

345 2638 364 2670 ι
400 2620 515 2682 Πᾶς
552 2618 582 2670 6
619 2615 830 2686 βλέπων
850 2615 1085 2683 γυνατκα
1123 2613 1259 2682 πρὸς
1305 2610 1368 2663 τὸ
1403 2609 1766 2680 ἐπιθυμῆσαι,
1812 2608 1914 2680 ήδη

336 2706 655 2779 ἐμοίχευσεν
680 2705 738 2756 ὲν
769 2704 834 2773 τῇ
866 2702 1083 2772 καρδίᾳ.
1127 2719 1145 2752 ι
1194 2700 1484 2769 Ἔστιγὰρ
1550 2697 1776 2767 πορνεία
1830 2697 1918 2750 διὰ

340 2800 593 2869 σώματος
619 2794 1038 2862 ἐπιτελουμένη·
1071 2793 1166 2847 καὶ
1193 2791 1312 2845 ἔστι
1342 2788 1570 2856 πορνεία
1590 2788 1770 2858 ψυχῆς
1808 2805 1917 2841 xor.-

348 3129 468 3170 ram
524 3112 633 3167 Deo
680 3110 737 3166 in
788 3105 1170 3166 recordatione
1233 3103 1476 3176 perversi
1550 3102 1754 3158 amoris
1807 3114 1919 3170 quo

2007 1959 2267 2032 ριπάτους
2312 1956 2340 2008 ὁ
2387 1950 2628 2013 τοιοῦτος
2677 1947 2954 2007 ποιεῖται,
3007 1940 3170 2003 αὐτὸς
3238 1937 3432 2006 ὥσπερ
3484 1933 3604 1999 τὰς’

2003 2025 2202 2120 ἀρετὰς
2227 2044 2515 2114 πυλωροὺς
2545 2041 2687 2112 ἔχων
2705 2052 2721 2067 ·
2753 2038 2833 2091 διὸ
2862 2037 2927 2106 δὴ
2971 2034 3067 2088 καὶ
3094 2032 3367 2103 ἄπρακτοι
3394 2025 3585 2080 λοιπὸν

2003 2143 2061 2197 αἱ
2089 2141 2199 2194 τῶν
2228 2137 2501 2209 δαιμόνων
2557 2134 2680 2186 τότε
2712 2131 2799 2183 ἐπ’
2826 2127 2975 2196 αὑτῷ
3028 2125 3272 2194 γίνονται
3302 2122 3543 2191 μηχαναί
3576 2136 3583 2144 ·

2007 2230 2187 2294 καλῶς
2215 2226 2368 2282 εἶπεν
2413 2228 2442 2280 6
2488 2223 2644 2292 ἅγιος
2673 2223 2754 2274 ὅτι
2783 2219 3059 2289 ἄπρακτοι
3098 2214 3353 2283 μένουσιν
3394 2209 3451 2262 αι
3477 2207 3590 2261 τῶν

2007 2322 2218 2394 ἐχθρῶν
2251 2317 2491 2392 μηχαναί
2510 2332 2526 2348 ο
2557 2315 2647 2368 ὅτε
2676 2304 2922 2382 δηλονότι
2956 2310 3017 2362 ὲν
3056 2305 3136 2376 τῷ
3162 2302 3316 2394 βάθει
3346 2318 3451 2355 που
3490 2300 3591 2369 τῆς

2010 2390 2264 2484 καρδίας
2296 2407 2462 2479 ἡμῶν
2522 2403 2899 2473 διατρίϐομεν,
2939 2398 3038 2452 καὶ
3095 2393 3352 2449 τοσοῦτον
3408 2390 3593 2451 πλέον,

2010 2507 2137 2561 ὅσον
2162 2503 2282 2557 ἐκεῖ
2318 2499 2728 2571 ἑγχρονίζομεν.
2778 2492 2924 2548 ’Ἀλλ’
2954 2486 3073 2545 οἶδα
3110 2486 3193 2543 ὅτι
3224 2484 3494 2554 ὲπιλειψει
3529 2500 3597 2552 με

2011 2597 2042 2650 6
2092 2597 2307 2667 χρόνος,
2347 2589 2674 2662 βουλόμενον
2725 2585 2805 2654 τῷ
2855 2582 3087 2655 παρόντι
3138 2577 3442 2667 διηγήματι
3487 2573 3599 2667 τῷν

2013 2662 2277 2756 Πατέρων
2303 2681 2525 2734 πάντων
2555 2676 2917 2732 κατατάττειν
2945 2673 3075 2734 τοὺς
3109 2669 3323 2737 λόγους.
3361 2666 3452 2719 Διὸ
3479 2662 3600 2726 ἑνὸς
3662 2730 3671 2739 ο

2015 2754 2269 2849 ἦκαι-δύο
2290 2770 2570 2844 μνησθεὶς,
2590 2767 2726 2841 πρὸς
2741 2765 2805 2820 τὸ
2821 2764 2976 2827 τέλος
2997 2761 3090 2815 τὸν
3114 2759 3273 2828 λόγον
3296 2754 3595 2827 τρέψομαι.

2025 3097 2204 3153 lsai:e.
2239 3095 2355 3150 Non
2391 3099 2476 3150 est
2527 3097 2710 3148 tamen
2747 3091 2844 3159 ita,
2868 3089 3231 3177 siquidcmet
3269 3086 3384 3154 hic,
3414 3092 3475 3141 ut
3504 3091 3599 3159 ju-

349 3206 479 3261 vitla
532 3214 663 3261 sunt
713 3201 972 3272 amplexi.
1029 3174 1337 3259 Certemus,
1397 3192 1614 3258 fratres,
1665 3208 1731 3249 ex
1770 3191 1992 3270 Omnic
2026 3189 2111 3243 het
2174 3186 2343 3251 Deus,
2393 3182 2742 3241 commendat
2794 3183 2955 3237 nobis
3003 3191 3063 3234 ut
3121 3174 3523 3249 przeservemus
3567 3189 3600 3230 a

351 3306 541 3353 nostra
576 3296 810 3359 virtute;
852 3300 908 3347 et
943 3289 1330 3359 cooperabitur
1361 3287 1520 3342 nobis
1554 3287 1694 3341 Deus
1728 3300 1923 3341 secun-

350 3389 480 3445 dum
532 3385 931 3442 multitudinem
993 3381 1387 3437 misericordiae
1432 3394 1563 3435 suae.
1615 3379 1682 3433 Et
1737 3378 1781 3434 si
1816 3391 1922 3430 non

353 3480 753 3536 custodivimus
775 3490 874 3531 cor
903 3481 1178 3536 nostrum,
1219 3480 1279 3526 ut
1311 3470 1502 3526 Patres
1534 3468 1707 3524 nostri
1737 3482 1756 3532 ς
1810 3467 1926 3521 sal-

356 3583 463 3628 tem
496 3571 760 3626 faciamus
787 3574 1053 3638 quantum
1103 3577 1400 3634 possumus
1456 3561 1704 3618 membra
1737 3570 1926 3616 nostra

355 3661 852 3732 impeccabiliazet
903 3657 1232 3713 confidimus
1283 3657 1556 3710 facturum
1611 3653 1785 3708 Deum
1823 3651 1927 3706 mi-

355 3751 708 3808 scricordiam
741 3748 1028 3804 nobiscum
1051 3748 1105 3802 in
1135 3754 1383 3817 tempore
1412 3743 1578 3799 famis
1626 3755 1748 3814 quae
1779 3756 1933 3799 como

354 3843 635 3916 prehendi!
676 3855 796 3909 nos,
821 3839 965 3897 sicut
981 3847 1038 3895 et
1063 3838 1190 3895 fecit
1212 3839 1267 3892 in
1298 3837 1506 3893 sanctis
1533 3834 1710 3892 suis.»

429 3933 759 3992 Sonsolatur
809 3932 896 3987 his
946 3944 1177 4001 magnus
1231 3928 1324 3984 hic
1371 3925 1533 3983 Pater
1571 3926 1732 3983 valde
1776 3924 1933 3982 inﬁr-

363 4027 591 4082 miores.
622 4023 789 4081 Multa
817 4030 905 4080 est
948 4017 1349 4080 condescensio
1375 4025 1435 4076 et
1478 4016 1715 4091 benigna
1755 4017 1934 4089 pietas

359 4117 489 4175 talis
513 4116 714 4172 Patris.
1368 4126 1375 4141 ι

911 4204 1140 4262 laceri!
1170 4203 1231 4260 ιι
1232 4205 1377 4277 agni.

434 4316 456 4354 ι
486 4298 785 4369 Principum
815 4295 1084 4352 intentum
1119 4291 1665 4365 athletasspiritualis
1687 4291 1792 4347 hoc
1808 4296 1936 4348 est:

361 4402 446 4461 ut,
489 4392 768 4462 ingressus
792 4390 845 4445 in
873 4405 974 4446 cor
996 4405 1181 4456 suum,
1221 4388 1423 4444 bellum
1454 4386 1661 4442 indicat
1694 4383 1935 4449 Satanae,

358 4495 660 4538 exsecraris
719 4480 939 4549 ipsum;
972 4487 1052 4545 et,
1087 4489 1309 4534 strenue
1357 4476 1647 4533 obluctans
1710 4487 1939 4544 sugges-

2026 3281 2380 3350 corruptione
2430 3292 2663 3346 corpora
2721 3285 2944 3331 nostra:
2994 3274 3191 3341 quaerit
3220 3280 3404 3325 autem
3462 3284 3596 3340 pra:-

2027 3380 2176 3427 terea
2232 3373 2530 3442 puritatem
2598 3369 2824 3438 spiritus
2878 3374 2935 3421 et
2986 3364 3278 3418 affectuum
3344 3362 3603 3416 volunta-

2029 3466 2122 3519 tis.
2159 3462 2227 3517 Et
2247 3462 2392 3533 quod
2424 3462 2478 3516 in
2505 3461 2606 3515 hac
2641 3467 2796 3534 parte
2840 3457 3108 3529 praecipit,
3159 3469 3224 3512 ex
3274 3454 3605 3525 Erangelica

2029 3555 2196 3611 trahit
2215 3556 2352 3626 lege.

2674 3645 2953 3702 Diadochi.

2107 3740 2243 3811 «Qui
2278 3740 2493 3796 habitat
2543 3738 2598 3793 in
2632 3753 2734 3794 suo
2763 3738 2956 3802 corde,
3007 3738 3153 3793 intra
3203 3737 3337 3795 illud
3389 3736 3611 3808 penitus

2032 3833 2379 3903 immigrans,
2405 3829 2790 3903 peregrinatur
2812 3836 2868 3883 et
2917 3828 3081 3897 longe
3120 3828 3432 3899 disjnnctus
3476 3827 3611 3880 vivit

2033 3926 2104 3982 ab
2124 3925 2382 3982 omnibus
2437 3925 2493 3980 in
2525 3921 2635 3978 vita
2678 3919 2970 3993 speciosis.
3020 3918 3230 3993 Spiritu
3288 3918 3433 3975 enim
3495 3932 3612 3972 am-

2034 4017 2256 4084 bulans,
2282 4014 2471 4073 carnis
2494 4010 2766 4069 desideria
2814 4024 2980 4066 nosse
3018 4023 3132 4066 non
3174 4015 3379 4081 potest.
3405 4009 3480 4065 De
3506 4023 3613 4066 cre-
3649 4035 3659 4045 ~

2036 4117 2157 4166 tero
2208 4108 2413 4182 quippe
2470 4106 2618 4163 intra
2668 4100 3099 4160 munitissimam
3157 4100 3615 4170 inaccessumque

2035 4198 2210 4265 vitiis,
2240 4197 2505 4261 virtutum
2565 4207 2750 4248 arcem
2799 4186 3203 4247 ambulationes
3252 4204 3384 4246 suas
3426 4187 3613 4244 facit:

2036 4291 2270 4347 virtutes
2316 4290 2466 4360 ipsas
2517 4288 2754 4343 invictas
2808 4282 3069 4339 custodes
3128 4297 3242 4352 pra
3287 4296 3349 4338 se
3406 4279 3619 4336 habens

2040 4383 2198 4454 quasi
2228 4381 2377 4436 urbis
2423 4378 2709 4450 cujusdam
2763 4390 2878 4432 suae
2916 4375 3211 4443 pudicitiae.
3258 4374 3441 4442 Quare
3494 4389 3618 4428 ma-

2043 4476 2218 4531 china:
2248 4472 2557 4527 dmmonum
2591 4470 2749 4524 istam
2781 4469 2975 4525 urbem
3027 4465 3482 4539 oppugnantium,
3520 4481 3618 4523 va-

363 4572 608 4627 tionibus
652 4572 791 4642 ejus,
845 4581 1034 4625 contra
1078 4572 1259 4642 ipsum
1313 4577 1542 4640 pugnet.
1592 4566 1651 4622 Si
1713 4582 1846 4621 vero
1881 4567 1935 4620 in
1965 4538 2019 4598 D
2045 4581 2126 4619 me
2161 4564 2437 4632 irritat-que
2464 4560 2655 4613 ﬁunt.)

361 4665 597 4734 speciem
655 4664 897 4733 quidem,
938 4672 995 4717 et
1050 4671 1319 4730 quantum
1361 4668 1613 4731 apparet,
1661 4657 1938 4713 custodiat

361 4756 488 4825 quis
540 4769 742 4824 corpus
775 4770 806 4807 a
840 4753 1197 4823 corruptione
1234 4762 1290 4807 et
1338 4751 1746 4817 fornicatione;
1799 4750 1939 4804 inte-

364 4847 480 4901 rius
507 4854 688 4899 autem
743 4836 1013 4899 adulteret
1047 4851 1103 4898 et
1132 4842 1436 4898 fornicetur
1481 4855 1713 4897 assensu
1739 4840 1937 4894 volun«

362 4938 489 5015 tatis
546 4951 794 4991 arcano:
854 4934 991 4989 nihil
1025 4934 1119 4988 tali
1169 4933 1391 5004 prodest
1446 4947 1669 4987 carnem
1731 4911 1938 4987 habere

364 5029 653 5097 virginem.
713 5027 996 5097 Scriptum
1075 5024 1223 5081 enim
1301 5033 1383 5079 est
1461 5024 1516 5078 in
1574 5020 1936 5091 Evangeliis:

370 5120 591 5175 (Omnis
645 5119 738 5189 qni
792 5119 940 5172 videt
1000 5117 1285 5173 mulierem
1339 5116 1406 5169 ad
1438 5114 1939 5182 concupiscendum

363 5227 505 5277 eam,
537 5211 650 5282 jam
700 5210 1008 5264 moechatus
1047 5218 1133 5262 est
1161 5223 1279 5263 eam
1310 5208 1364 5260 iu
1396 5207 1563 5262 corde
1611 5221 1714 5260 suo
1732 5204 1811 5260 ⁷.»
1843 5205 1942 5258 Est

363 5303 509 5356 enim
542 5302 835 5373 [ornicatio
866 5316 959 5370 per
994 5316 1195 5369 corpus
1257 5307 1640 5355 consummata
1672 5313 1688 5366 ;
1716 5306 1800 5352 est
1832 5296 1941 5351 alia

365 5392 658 5446 fornicatio
685 5402 993 5463 perpetrata
1026 5408 1120 5461 per
1146 5395 1383 5446 animam
1436 5390 1803 5445 adhaerentem
1839 5388 1939 5442 Sa-

366 5495 529 5539 tuuse.
546 5503 561 5533 ο

442 5578 662 5630 Videtur
728 5577 949 5646 quidem
1017 5592 1245 5648 magnus
1297 5576 1386 5631 hic
1448 5575 1609 5632 Pater
1671 5576 1943 5631 alIirmare

369 5672 645 5722 Cuuttatia
701 5671 861 5725 dictis
927 5672 1080 5741 prius
1137 5686 1373 5727 memora
1482 5670 1658 5726 Patris
1725 5670 1942 5724 abbatis

432 5851 459 5883 ι⁷
485 5850 583 5901 Mal
622 5853 673 5903 Ιι.
714 5869 759 5911 v.
797 5852 891 5905 9.8.

2111 4655 2278 4710 Recte
2309 4655 2444 4708 dicit
2472 4652 2561 4704 hic
2595 4656 2823 4705 sanctus
2882 4648 3080 4703 ell‘ectu
3153 4661 3341 4703 cassas
3398 4661 3621 4701 manere

2043 4748 2285 4802 hostium
2352 4758 2457 4804 nos
2511 4739 2950 4813 Oppugnautium
3015 4738 3324 4798 machinas,
3401 4740 3624 4807 quando

2042 4853 2145 4893 nos
2176 4836 2387 4893 scilicet
2437 4834 2490 4889 in
2545 4832 2815 4902 profundo
2842 4829 3048 4897 ,cordis
3082 4829 3259 4884 nostri
3309 4826 3623 4881 habitamus

2044 4931 2237 4986 attenti
2275 4943 2341 4983 ac
2372 4926 2561 4995 vigiles
2591 4925 2641 4980 ei
2672 4922 3018 4978 defendendo
3048 4939 3064 4976 :
3096 4922 3261 4991 idque
3307 4928 3457 4975 tanto
3502 4935 3626 4988 per-

2043 5023 2245 5078 fectius
2278 5020 2642 5087 securiuSque
2695 5016 3038 5085 perlicimus,
3077 5021 3285 5083 quanto
3332 5013 3540 5067 diutius
3570 5020 3626 5065 ιιι

2042 5112 2489 5185 perseverantius
2515 5110 2567 5163 in
2600 5107 2693 5162 tali
2728 5106 2991 5173 statione,
3045 5120 3171 5159 cum
3208 5119 3272 5159 ea
3326 5120 3451 5173 qua:
3480 5104 3624 5158 dicta

2044 5217 2148 5270 est,
2172 5205 2387 5262 obnixae
2404 5201 2626 5257 virtutis
2648 5198 2977 5261 acrimonia,
3005 5201 3396 5266 perduramus.
3423 5193 3624 5250 Verum

2046 5309 2263 5371 tempus
2288 5312 2375 5352 me
2415 5295 2675 5350 deliceret
2707 5293 2751 5346 si
2787 5290 2978 5346 vellem
3014 5290 3119 5343 hac
3171 5289 3492 5365 narratione
3537 5300 3628 5341 re-

2045 5406 2270 5449 censere
2300 5390 2365 5444 ad
2393 5388 2550 5443 iidem
2574 5386 2722 5440 dicto
2750 5399 2869 5438 meo
2891 5380 3242 5437 astruendam
3266 5390 3463 5435 cuncta
3500 5395 3631 5435 sane

2045 5497 2259 5541 ctorum
2280 5483 2500 5538 Patrum
2515 5495 2637 5548 quae
2659 5480 2765 5531 huc
2783 5478 3078 5546 pertinent,
3098 5474 3265 5529 dicta.
3288 5472 3497 5543 Itaque,
3518 5485 3630 5525 uno

2048 5589 2262 5633 tantum
2310 5574 2488 5631 adhuc
2530 5584 2583 5627 et
2636 5574 2811 5627 altero
2864 5579 3194 5635 memorato,
3230 5566 3392 5621 ﬁnem
3428 5564 3628 5622 faciam

2049 5671 2266 5725 dicendi
2291 5711 2304 5725 .
