4076 6446
405 367 512 435 965
1539 366 1671 450 ,ΠΕ
1712 363 1985 426 CORDIS
2023 343 2398 425 CUSTODIA
3565 361 3670 424 ςιδῆ

402 496 523 559 λαϊς
541 494 633 549 τοῦ
648 493 867 566 ἐχθροῦ,
882 492 976 547 καὶ
993 492 1073 557 εἰς
1089 490 1310 560 ἀγάπην
1327 488 1420 541 καὶ
1443 486 1605 541 πόθον
1627 487 1767 539 θεῖον
1787 484 1848 538 τὸ
1870 484 1992 537 καθ’
2009 480 2261 564 Λιβέασαι
2309 478 2465 532 τοῦτο
2503 480 2616 534 ἀντ’
2643 481 2808 551 ἄλλης
2832 483 3041 568 ἐννοίας
3064 484 3296 537 πάντοτε
3324 482 3474 538 ἔνδον
3511 482 3662 553 βοᾷ-ὀ

405 589 620 659 ἡμέραν
675 587 890 654 ἀνάγει.
934 586 995 638 Εἰ
1037 584 1094 637 δὲ
1123 582 1294 636 πολλὰ
1330 580 1559 651 καμὼι,
1587 572 1632 632 ὦ
1661 577 1880 646 ἀδελφὲ,
1931 576 1991 628 οὐ
2077 573 2249 626 Τοῦτο
2302 573 2358 625 δὲ
2415 575 2507 626 ἐπὶ
2564 576 2757 645 καιρὸν
2788 580 3093 648 κρατήσας,
3138 579 3521 649 ἀκιοιχθὴσεταί
3582 597 3666 631 σοι

404 681 631 734 δύνασαι
687 677 954 732 εἰσελθεῖν
988 678 1067 740 εἰς
1099 674 1168 728 τὰ
1205 674 1345 746 μέρη
1401 674 1500 741 τῆς
1529 671 1779 743 καρδίας,
1812 668 1997 730 καθώς
2075 664 2162 717 διὰ
2191 665 2351 717 τοῦτο
2378 666 2527 733 καὶὴ
2561 669 2834 739 καρδιακὴ
2871 670 3102 734 εἴσοδος,
3132 670 3317 733 καθώς
3344 688 3426 723 σοι
3462 661 3694 739 γεγρὰο’

408 791 490 826 σοι
520 769 909 839 διεταξάμεθα,
939 765 1169 836 ποίησον
1195 765 1223 818 ὃ
1255 765 1402 833 λέγω
1434 778 1551 818 σοι’
1608 763 1702 817 καὶ
1756 761 1996 831 μέλλεις,

407 865 541 918 Θεοῦ
574 861 969 933 συνεργοῦντὸς
999 872 1104 924 σοι,
1140 858 1324 928 εὑρεῖν
1339 857 1399 909 τὸ
1423 854 1778 926 ζητούμενον.
1812 849 1996 918 Οἶδας,

407 956 585 1010 ὅτιτὸ
627 953 934 1023 λογιστικδν
987 951 1188 1014 παντὸς
1221 946 1515 1020 ἀνθρώπου
1570 949 1627 1000 ὲν
1682 945 1761 1015 τῷ
1811 945 2000 1015 στήθει

411 1050 580 1104 ἐστίν.
620 1046 805 1110 Ἐντὸς
851 1045 962 1115 γὰρ
995 1043 1092 1097 τοῦ
1140 1026 1410 1115 στήθους,
1448 1040 1782 1094 σιωπώντων
1838 1037 1996 1108 ἡμῶν

411 1143 519 1194 τῶν
549 1139 799 1211 χειλέων,
837 1139 1017 1190 ἐκεῖσε
1041 1133 1339 1204 λαλοῦμεν,
1365 1135 1461 1186 καὶ
1492 1130 1881 1203 βουλευόμεθα,
1905 1129 2001 1184 καὶ

412 1235 581 1303 εὐχὰς
612 1231 1046 1299 κατατάττομεν,
1104 1230 1200 1280 καὶ
1241 1226 1513 1296 ψαλμοὺς,
1570 1225 1666 1278 καὶ
1697 1223 1833 1277 ἄλλα
1857 1222 2001 1274 τινὰ.

414 1325 603 1395 Τούτῳ
631 1321 724 1378 οὖν
754 1323 833 1394 τῷ
878 1318 1195 1390 λογιστικῷ,
1234 1317 1414 1371 πάντα
1464 1315 1724 1385 λογισμὸν
1751 1313 1810 1380 ἐξ
1838 1310 2004 1366 αὐτοῦ

414 1417 690 1488 περιάρας
725 1414 978 1481 (δύνασαι
1007 1412 1140 1482 γὰρ,
1177 1411 1273 1465 ἐὰν
1328 1408 1536 1482 θέλῃς),
1585 1407 1673 1470 δὸς
1719 1405 1870 1476 αὐτῷ
1920 1405 2006 1470 τὸ,

414 1510 588 1580 Κύριε
620 1506 795 1578 Ἰησοῦ
826 1502 1050 1576 Χριστὲ,
1074 1505 1168 1559 Υἰὲ
1207 1503 1302 1559 τοῦ
1330 1502 1488 1570 Θεοῦ,
1522 1501 1743 1574 ἐλέησόν
1774 1517 1842 1571 με
1862 1515 1878 1531 ’
1913 1498 2010 1552 καὶ

415 1746 599 1801 anima
632 1743 812 1801 {cadus
842 1743 1059 1798 ﬁrmum
1118 1756 1248 1799 cum
1302 1756 1424 1812 ipsa
1473 1739 1621 1809 iniit,
1654 1739 1990 1798 ineffabilem

415 1841 749 1911 voluptatem
782 1844 839 1894 et
859 1836 1105 1893 latitiam
1133 1834 1393 1906 percipit.
1665 1889 1691 1903 _

462 1930 680 2002 'lgitur,
710 1945 808 1984 oro
847 1938 924 1996 te,
982 1929 1152 1983 frater
1168 1925 1265 1993 mi,
1288 1925 1541 1984 assuetae
1570 1934 1808 1985 mentem
1844 1937 1992 1986 tuam

412 2021 484 2079 ad
539 2018 1002 2092 perseverandum
1030 2020 1086 2074 in
1137 2019 1244 2074 iste
1266 2026 1385 2074 tam
1417 2019 1537 2075 utili
1589 2034 1853 2088 secessu;
1885 2036 1993 2077 nec

415 2114 708 2186 quantavis
752 2111 1070 2168 conditione
1134 2098 1539 2180 acquiesceudo
1593 2112 1647 2166 in
1710 2128 1990 2170 recessum

414 2208 562 2265 inde.
597 2206 868 2262 Novitatis
912 2205 1224 2275 periculum
1274 2204 1362 2259 [ac
1408 2205 1600 2259 vincas
1629 2204 1833 2273 itnpetu
1900 2216 1993 2271 ge-

418 2314 615 2355 neroso
644 2294 832 2353 animi.
871 2295 978 2351 Ubi
997 2294 1206 2364 primas
1230 2292 1455 2347 desidia:
1485 2306 1547 2347 ac
1584 2292 1752 2358 taedii,
1771 2291 1839 2349 de
1859 2304 1995 2342 con-

416 2390 664 2445 clusione
694 2387 840 2442 intra
875 2383 1299 2454 quasdatnistas
1332 2383 1633 2452 angustias,
1655 2382 1991 2437 tentationes

417 2481 636 2534 hernica
662 2479 866 2532 virtute
889 2475 1241 2544 superaveris
1271 2491 1284 2527 :
1324 2488 1498 2542 prona
1526 2472 1786 2541 deinceps
1807 2472 1993 2541 plana-

412 2586 519 2641 que
551 2585 609 2625 se
637 2554 820 2623 omnia
845 2566 1185 2635 praebebunt.
1210 2563 1527 2618 Assuetudo
1555 2565 1812 2618 succedet
1838 2563 1992 2619 laevi-

411 2679 547 2736 gaus
582 2661 762 2716 omnia
794 2676 811 2727 ;
840 2673 939 2713 nec
971 2659 1139 2713 ullunt
1166 2666 1217 2711 te
1239 2657 1569 2712 desiderium
1612 2656 1791 2724 capiet
1819 2671 1993 2710 vana-

414 2772 533 2809 l‘tllll
561 2755 902 2806 intexti-riora
924 2750 1336 2818 evagationutn,
1389 2763 1512 2802 cum
1542 2747 1733 2816 utique
1768 2762 1989 2816 regnum

414 2847 680 2902 cmiorum
709 2846 852 2899 intra
896 2859 996 2898 nos
1018 2844 1109 2897 sit.
1144 2841 1299 2907 Quod
1334 2841 1387 2893 itt
1423 2840 1514 2894 illo
1544 2846 1712 2907 statu,
1750 2841 1989 2906 positum

414 2941 468 2995 iu
531 2941 655 2994 sinu
704 2947 800 2994 tuo
840 2935 1081 3006 undique
1141 2934 1382 2997 intuens,
1413 2944 1553 2986 etut
1622 2932 1904 3002 proprium
1937 2931 1989 2985 id

414 3043 847 3103 perpetuumque
899 3030 994 3083 tibi
1044 3029 1137 3092 sit,
1199 3042 1336 3096 pura
1378 3027 1629 3080 oratione
1680 3024 1988 3094 posutlans,

359 3178 366 3184 .
412 3126 656 3181 exterius
715 3124 1000 3176 arocantia
1053 3128 1277 3180 cuncta.
1335 3118 1700 3172 abominanda
1757 3127 1811 3170 et
1862 3118 1991 3171 odio

2078 773 2280 825 φαμεν,
2324 756 2486 819 ἐκτὸς
2538 761 2720 830 πάσης
2753 761 3084 828 ἀμφιϐολίας
3113 780 3126 794 ·
3163 763 3347 826 καθὼς
3379 766 3473 816 καὶ
3502 766 3664 832 ἡμεῖς

2083 845 2248 915 πείρᾳ
2307 846 2651 915 ἐγνώκαμεν.
2695 849 3005 902 Ἐλεύσεται
3025 852 3080 903 δέ
3106 869 3209 915 σοι,
3240 854 3336 906 σὺν
3377 856 3441 924 τῇ
3495 852 3662 905 πολυ-

2079 936 2303 1006 ποθήτῳ
2333 938 2428 989 καὶ
2464 942 2671 1008 τερπνῇ
2704 945 2966 1012 προσοχῇ,
2990 942 3083 997 καὶ
3120 946 3225 1007 πᾶς
3254 947 3281 998 ὁ
3302 945 3413 996 τῶν
3448 946 3664 1014 ἀρετῶν

2079 1028 2260 1098 χορὸς,
2291 1030 2502 1099 ἀγάπη,
2528 1030 2696 1100 χαρὰ,
2717 1033 2928 1102 εἰρήνη,
2952 1036 3044 1086 καὶ
3070 1035 3138 1089 τὰ
3172 1037 3403 1106 ἐξῆςσδι⁹
3426 1031 3500 1089 ὧν
3522 1037 3663 1091 πάν-

2081 1138 2150 1173 τα
2170 1138 2264 1173 σου
2290 1122 2358 1174 τὰ
2388 1123 2668 1191 αἰτήματα
2696 1127 2881 1193 κομιεῖ
2904 1128 2960 1178 ἐν
2990 1119 3409 1199 ΧριστῷἸησ-οῦ
3443 1128 3519 1198 τῷ
3552 1130 3666 1180 Κυ-

2082 1214 2184 1284 ρίῳ
2223 1213 2412 1284 ἡμῶν·
2462 1214 2581 1282 μεθ’
2612 1207 2674 1267 οῦ
2701 1215 2777 1285 τῷ
2828 1217 3004 1287 Πατρὶ
3047 1219 3164 1288 ἅμα
3192 1220 3269 1289 τῷ
3316 1220 3457 1289 ἁγίῳ
3495 1219 3664 1273 Πνεῦ-

2084 1321 2235 1373 ματι,
2272 1304 2422 1370 δόξα,
2456 1304 2679 1376 κράτος,
2737 1306 2893 1377 τιμὴ,
2945 1311 3042 1361 καὶ
3099 1310 3490 1381 προσκύνησις,
3543 1311 3663 1377 νῦν,

2079 1399 2172 1450 καὶ
2205 1398 2312 1464 ἀεὶ,
2341 1397 2436 1450 καὶ
2463 1399 2543 1461 εἰς
2576 1399 2705 1463 τοὺς
2735 1398 2942 1464 αἰῶνας
2971 1401 3082 1454 τῶν
3112 1403 3348 1457 αἰώνων.
3396 1403 3591 1474 Ἀμήν.

2101 1750 2361 1807 mentem,
2388 1757 2604 1798 omnem
2631 1742 2702 1799 de
2728 1751 2784 1799 te
2824 1746 3071 1802 victoriae
3107 1760 3259 1815 spem
3322 1755 3430 1802 tua:
3477 1719 3675 1803 salutis

2027 1867 2071 1924 Β
2099 1832 2355 1890 hostibus
2386 1832 2644 1892 auferes:
2678 1836 2996 1909 elﬁciesque
3027 1847 3087 1894 ut
3130 1838 3199 1894 de
3223 1851 3424 1894 cancro
3467 1849 3677 1911 tempe-

2095 1928 2486 1989 rantibusiisa
2514 1936 2570 1984 te
2618 1929 2969 1996 lacessendo,
3004 1931 3213 1987 intacta
3266 1933 3565 2004 quietaque
3601 1934 3674 1989 ab

2093 2020 2290 2077 horum
2327 2022 2630 2078 assultibus
2663 2026 2846 2079 anima
2887 2033 2977 2079 tua
3013 2024 3158 2080 {elici
3221 2026 3441 2080 fruatur
3505 2042 3666 2095 pace.

2095 2111 2250 2178 Quod
2281 2112 2350 2175 si,
2404 2114 2575 2168 multo
2623 2115 2677 2169 id
2706 2121 3013 2187 aggressus
3055 2127 3280 2177 conatu.
3344 2115 3514 2170 frater
3571 2118 3668 2178 mi,

2094 2202 2409 2272 nequiveris
2442 2206 2753 2275 pertingere
2814 2208 2899 2275 (ut
2945 2205 3039 2260 ubi
3079 2207 3457 2275 praecepimus)
3498 2206 3552 2259 in
3589 2207 3673 2260 itt-

2094 2295 2262 2351 liﬂIOS
2289 2296 2364 2349 ttti
2416 2296 2601 2352 cordis
2652 2297 2855 2365 sinus;
2909 2297 2991 2351 fac
3025 2298 3167 2367 quod
3204 2315 3349 2352 nunc
3388 2298 3511 2353 dico
3547 2299 3671 2365 tibi,

2094 2395 2148 2440 et
2177 2387 2288 2440 Deo
2319 2386 2624 2458 adjuvante,
2656 2404 2752 2458 per
2774 2389 3014 2458 id,quod
3037 2391 3238 2459 quieris
3262 2389 3524 2445 invenies.
3554 2390 3674 2446 Seis

2094 2479 2428 2533 rationalem
2455 2481 2638 2536 omnis
2682 2481 2917 2536 hominis
2950 2497 3159 2552 partem
3189 2483 3240 2535 in
3281 2488 3501 2550 pectore
3534 2482 3675 2536 resi-

2095 2572 2243 2627 dere.
2276 2572 2426 2626 Intra
2457 2583 2646 2642 pectus
2672 2575 2841 2637 enim,
2861 2574 3153 2628 silentibus
3179 2574 3356 2637 labiis,
3379 2575 3670 2642 loquimur,

2095 2671 2149 2718 et
2177 2663 2572 2731 consu’lzamtts,
2612 2674 2668 2718 et
2719 2678 2908 2734 preces
2942 2665 3262 2724 ordinamus
3319 2675 3373 2719 et
3407 2664 3672 2733 psalmos,

2094 2762 2365 2807 ctczctera
2399 2754 2668 2822 quaepiam
2723 2754 2844 2824 ejus
2901 2754 3141 2824 generis.
3198 2754 3258 2807 Ei
3299 2770 3429 2825 ergo
3476 2756 3673 2808 anima:

2094 2847 2236 2914 parti
2270 2860 2394 2923 qua:
2421 2845 2547 2899 talia
2591 2845 2846 2914 aperanti
2907 2856 3104 2914 praeest
3157 2843 3396 2916 pectori,
3447 2846 3673 2915 reliquas

2093 2952 2324 3005 prorsus
2345 2936 2624 3008 cogitandi
2649 2938 2988 3006 argumentis
3010 2939 3302 2993 abstractis
3329 2940 3508 3008 (potes
3524 2940 3670 2993 enim

2094 3027 2148 3082 id
2175 3029 2221 3083 si
2246 3027 2402 3097 velis)
2435 3043 2598 3081 unam
2651 3028 2791 3081 hanc
2827 3029 3090 3098 Operandi
3150 3030 3442 3098 prmscribe
3501 3043 3673 3084 matc—

2097 3121 2232 3174 riatu
2267 3136 2283 3189 ;
2319 3121 2609 3189 injungens
2635 3129 2696 3174 ut
2725 3135 2940 3190 semper
2990 3121 3140 3174 dicat
3174 3140 3186 3175 :
3238 3121 3496 3176 illotnine
3543 3121 3671 3177 Jcsn

413 3218 572 3286 digni
601 3230 816 3271 smnmo
859 3213 1165 3282 reputabis.
1236 3208 1367 3263 Vide
1423 3211 1599 3264 solum
1634 3218 1693 3262 ut
1727 3224 1758 3263 e
1787 3209 1989 3277 primo,
2019 3197 2060 3250 (ἶ
2096 3213 2336 3275 Christe,
2366 3210 2471 3265 Fili
2503 3210 2618 3277 Dei,
2647 3211 2909 3267 miserere
2976 3213 3140 3267 mei.»
3189 3213 3574 3282 Cotnpellcque
3609 3231 3675 3270 ac

416 3321 575 3378 prout
611 3311 821 3364 dictum
854 3313 961 3369 est,
1028 3304 1282 3370 ingressu
1351 3312 1639 3370 penetrare
1688 3317 1752 3355 ac
1803 3302 1992 3356 subire

415 3399 714 3453 cmitendas
738 3396 1067 3451 iutraitnum
1102 3411 1167 3450 ac
1202 3394 1637 3449 secretissimum
1694 3393 1878 3448 cordis
1913 3394 1989 3446 ιιιὶ

417 3489 642 3543 ΐιιιιιιιιιιι
674 3506 688 3542 :
725 3504 880 3555 quem
938 3488 1054 3552 tibi,
1094 3485 1203 3539 Deo
1262 3486 1391 3540 tttihi
1428 3484 1789 3555 gratiﬁcante,
1837 3500 1993 3538 mon-

419 3583 610 3637 stravi.
636 3583 854 3637 Ex‘sulta
882 3579 1147 3648 dt-ittcrps
1169 3579 1266 3633 tibi
1292 3582 1573 3646 gratulans
1595 3588 1648 3629 ct
1678 3575 1843 3630 Deum
1879 3578 1992 3629 lau-

419 3677 573 3735 dans,
602 3677 658 3728 in
690 3689 863 3743 eaque
900 3670 1299 3728 exercitatione
1350 3678 1673 3725 constanter
1729 3671 1988 3738 perdura.

420 3768 543 3821 ll.cc
591 3769 735 3820 cnim
781 3778 832 3819 te
862 3765 1079 3818 dot-ebit
1136 3773 1331 3816 caetera
1379 3777 1500 3831 quzr
1547 3762 1787 3815 nondum
1825 3760 1990 3814 nosti.

419 3860 643 3931 ()portet
670 3869 849 3913 autem
895 3868 946 3911 te
977 3867 1033 3911 et
1065 3856 1167 3909 hoc
1194 3856 1422 3923 insuper
1453 3868 1614 3908 nosse
1642 3872 1653 3906 :
1689 3853 1833 3905 haud
1864 3868 1995 3906 con-

421 3953 605 4008 venire
642 3960 714 4016 te,
742 3960 925 4004 tuente
949 3949 1002 4003 itt
1024 3964 1149 4002 euut
1182 3961 1341 4016 quem
1370 3945 1479 3999 dixi
1511 3943 1738 4014 gradum
1775 3954 1990 4005 evecta,

416 4045 578 4097 silere
607 4043 868 4109 deinceps
892 4054 955 4092 ac
987 4038 1238 4092 desidere
1286 4036 1522 4090 otiosmtt
1576 4046 1650 4097 et,
1686 4034 1988 4102 elinguem.

419 4135 708 4206 Exclantcs
727 4131 883 4185 decet
916 4130 970 4182 itt
1005 4129 1119 4182 hanc
1148 4126 1312 4181 verba
1342 4144 1356 4180 :
1395 4126 1652 4179 «Domine
1679 4124 1807 4179 Jesu
1836 4121 2019 4195 ϐίη-ἧος

416 4238 500 4279 ste
534 4225 631 4278 lt'ili
667 4223 784 4289 Dei,
819 4222 1080 4276 miserere
1125 4219 1282 4272 mei.»
1345 4217 1510 4285 quue
1556 4227 1813 4284 tanquam
1851 4230 1992 4282 opus

420 4315 830 4379 demandatum,
872 4313 1164 4374 continue,
1209 4327 1307 4363 usu
1340 4323 1619 4376 nunquam
1657 4306 1991 4367 intermisso,

424 4421 584 4475 lerge
604 4403 809 4469 facere,
843 4419 943 4458 nec
967 4403 1171 4457 desiste
1215 4399 1407 4469 quavis
1460 4415 1649 4451 causa.
1703 4399 1791 4449 Sic
1845 4398 1992 4450 enim

421 4496 689 4551 lndeﬂexe
745 4497 855 4550 Deo
909 4494 1119 4547 allixaut
1182 4494 1389 4545 habens
1447 4499 1499 4542 ct
1554 4506 1663 4557 pm:
1715 4499 1765 4541 te
1812 4488 1994 4541 l’crctts

2094 3319 2230 3371 coge
2260 3310 2342 3368 ut,
2382 3304 2530 3357 omni
2567 3303 2668 3355 alia
2700 3299 3124 3374 spccie'rejet-ta,
3162 3304 3330 3359 solam
3361 3306 3498 3359 llaltc
3546 3320 3674 3375 spc—

2095 3401 2208 3446 ctet
2237 3393 2548 3461 imaginem,
2574 3393 2828 3447 continue
2856 3393 3131 3462 quoddixi
3199 3392 3464 3451 clamans.

2170 3483 2283 3538 Hoc
2311 3485 2357 3538 si
2384 3485 2605 3550 viceris,
2667 3487 2945 3554 aperietur
2998 3486 3092 3538 tibi
3153 3487 3340 3541 cordis
3395 3488 3672 3551 introitus,

2097 3592 2206 3646 quo
2236 3578 2289 3631 in
2325 3577 2495 3632 intum
2521 3579 2660 3648 ejus,
2697 3577 2877 3632 fructu
2927 3589 3020 3633 tuo
3077 3581 3318 3632 maximo
3349 3579 3673 3633 dt-SCCtttlas.

2101 3670 2213 3725 llos
2243 3685 2345 3725 nos
2375 3671 2693 3740 expetit-uta
2726 3670 3020 3724 didicimus
3051 3688 3064 3724 :
3095 3679 3149 3724 et
3179 3670 3415 3726 scientes
3474 3672 3674 3725 suade-

2100 3778 2246 3816 mus.
2276 3763 2813 3831 lttgredieturautetn
2834 3761 2895 3814 in
2936 3770 2990 3814 te
3022 3762 3186 3815 simul
3240 3778 3365 3815 cum
3400 3763 3498 3814 ista
3528 3762 3674 3814 desi-

2096 3853 2498 3907 derabilissitna
2546 3862 2599 3905 et
2653 3851 2895 3922 jucunda
2953 3854 3312 3921 cprosochet,
3380 3853 3673 3907 universus

2099 3946 2364 3997 virtutum
2394 3944 2595 3996 chorus
2627 3960 2641 3996 :
2684 3943 2949 4000 charitas.
2973 3943 3256 4012 gaudium,
3317 3960 3444 4012 pax,
3474 3953 3529 3997 rt
3551 3958 3673 4012 qum

2095 4044 2423 4100 sequuntur,
2454 4048 2547 4101 per
2594 4048 2730 4100 quas
2772 4033 3017 4085 mnuium
3075 4046 3287 4085 tuatum
3353 4033 3669 4101 petitionum

2098 4137 2299 4180 eventu
2332 4124 2604 4188 beaberis,
2633 4122 2685 4174 in
2722 4122 2942 4176 Christo
2999 4123 3127 4177 Jesu
3184 4121 3414 4176 Domino
3456 4132 3669 4185 ucstro,

2096 4232 2220 4271 cum
2245 4230 2352 4284 quo
2373 4214 2517 4268 Patri
2541 4214 2704 4268 simul
2740 4224 2792 4267 et
2819 4224 3010 4267 sancto
3037 4213 3289 4284 Spiritui,
3328 4213 3517 4283 gloria,
3576 4226 3672 4282 po-

2097 4317 2289 4372 testas,
2316 4307 2489 4359 hoaor
2528 4314 2578 4359 et
2607 4306 2861 4359 aduratio
2918 4306 3010 4370 sit,
3048 4322 3190 4360 nunc
3245 4314 3299 4360 et
3346 4320 3578 4375 semper,
3615 4311 3675 4359 et

2097 4403 2150 4453 itt
2171 4398 2365 4454 saecula
2388 4398 2737 4451 seculorum.
2760 4396 2930 4450 Amen
