4076 6438
401 410 528 477 Ὁ75
1705 409 1805 467 ΜΛ
1821 407 1956 468 ΧῙΜ
1971 409 2011 467 ῐ]

2113 405 2200 466 11,
2213 406 2538 468 .\.\'UDES.
3137 405 3144 412 ’
3589 414 3691 478 976

514 532 602 587 17.
657 529 776 586 Vita
807 529 1019 584 Arrenii
1045 528 1364 599 patriarcluv
1393 525 1555 582 Cl’oi.
1585 544 1612 581 a
1640 527 1757 584 Nic.
1790 528 2094 593 Comiicno,
2119 546 2241 600 pag.
2283 531 2370 586 71.

507 621 594 675 18.
638 620 765 675 Tria
796 619 1183 689 epigrammata
1220 618 1479 670 historica
1515 617 1569 670 in
1627 617 1880 683 (euntium
1927 617 1988 672 S.
2023 619 2250 673 Andrea:
2297 618 2644 674 confessoris
2679 619 2985 690 imaginum
3051 635 3079 673 a
3117 619 3402 676 Theodora
3442 622 3689 694 Augusta

444 712 837 775 instauratum,
861 721 984 777 quae
1019 705 1208 761 ϐῖκοι)
1236 705 1409 760 edidit
1437 706 1673 776 Gangius
1693 710 1757 760 ad
1793 705 2088 774 Zonaram,
2117 723 2171 778 p.
2205 707 2274 761 55
2295 723 2437 776 seq.,
2465 715 2520 760 et
2554 707 2866 762 emendavit
2891 706 2947 762 J.
2986 707 3245 763 Boivinus
3270 711 3416 766 notis
3441 711 3508 765 ad
3536 712 3694 767 Nice-

423 805 656 872 phorum
689 798 1016 868 Gregoram,
1050 811 1104 866 p.
1132 795 1260 850 85.1.
1294 794 1368 850 De
1400 796 1603 866 templo
1633 797 1727 850 illo
1755 797 1896 851 idem
1926 796 2191 866 Cangius,
2226 795 2324 851 lib.
2357 810 2405 847 iv
2439 794 2633 849 CPolis
2671 793 3020 858 Christianis,
3054 812 3108 864 p.
3147 797 3273 850 112.

499 889 587 942 19.
623 886 787 940 Aliud
828 888 880 938 in
907 886 1158 951 templum
1197 882 1300 940 SS.
1335 885 1603 938 Marciani
1629 895 1677 939 et
1717 885 1990 955 Martyrii.
2029 885 2277 956 Cang'ius
2310 884 2376 938 ad
2418 883 2711 949 Zonaram,
2760 899 2882 954 pag.
2925 885 3014 939 44.
3059 883 3278 957 (Fabr.)
3314 883 3518 942 Veisns
3554 889 3688 943 varii

421 990 474 1034 et
504 975 941 1048 precatiuncula.
972 975 1156 1029 Paris.
1193 975 1246 1028 in
1294 975 1431 1030 bibl.
1461 976 1610 1042 publ.
1639 977 1763 1030 cod.
1792 975 1953 1040 1211,
1986 991 2042 1029 n.
2073 974 2127 1027 6.
2151 1001 2221 1013 -
2268 972 2484 1027 Monac.
2520 974 2572 1027 in
2600 972 2726 1027 cod.
2789 972 2984 1026 Bavar.
3018 973 3109 1028 49.
3147 974 3371 1040 Versus,
3434 978 3691 1046 hymnum

424 1069 693 1122 habentes
723 1065 955 1122 secundi
987 1062 1295 1118 adventus:
1330 1063 1390 1117 ln
1427 1063 1751 1130 Christum;
1794 1065 1847 1118 in
1901 1064 2258 1134 supplicium,
2299 1071 2355 1116 et
2386 1062 2439 1116 in
2473 1076 2668 1117 omnes
2697 1061 2844 1126 SS.;
2876 1072 2990 1116 tum
3027 1079 3221 1119 versus
3255 1064 3347 1130 21,
3396 1066 3448 1118 in
3498 1067 3692 1122 buma-

423 1173 553 1210 unm
589 1155 884 1225 quemdam
920 1153 1159 1208 nobilem
1192 1153 1458 1223 elegiaci;
1487 1153 1613 1207 dein
1647 1168 1846 1208 versus
1885 1153 1939 1207 in
1983 1165 2230 1213 crucem,
2274 1165 2440 1219 quam
2478 1150 2624 1215 tulit,
2665 1158 2720 1206 et
2763 1151 2814 1204 in
2840 1151 3159 1204 reﬁxionem
3196 1160 3358 1220 atque
3390 1151 3443 1206 in
3471 1152 3531 1206 S.
3585 1153 3693 1207 Illa-

421 1247 596 1310 riam;
627 1259 790 1314 porro
818 1241 1013 1298 versus
1041 1241 1526 1310 heroico-elegiaci
1570 1241 1624 1294 in
1654 1248 1874 1310 portam
1910 1237 2262 1303 monasterii;
2310 1238 2402 1291 alii
2435 1253 2660 1303 versus;
2702 1237 2941 1309 denique
2988 1254 3181 1294 versus
3221 1253 3321 1294 sex
3377 1241 3429 1294 in
3466 1241 3691 1294 Annuu-

422 1332 710 1387 tiationein
737 1326 1400 1399 angelicam,totidemin
1440 1328 1923 1382 Itesurrectiouem
1960 1335 2017 1381 et
2067 1337 2306 1397 quatuor
2335 1326 2389 1380 in
2423 1325 2482 1381 S.
2538 1327 2999 1382 Constantinum.
3053 1326 3298 1382 Plurima
3363 1329 3455 1382 illa
3506 1331 3692 1384 brevia

419 1424 668 1475 carmina
707 1417 805 1473 Gr.
841 1417 1017 1471 edidit
1043 1415 1146 1471 cel.
1178 1414 1369 1470 Ilardt.
1406 1415 1461 1469 in
1499 1415 1699 1469 Aretini
1727 1413 2046 1484 Beytragen,
2085 1423 2193 1472 etc.
2236 1429 2289 1471 a.
2325 1415 2490 1479 1805,
2548 1424 2692 1486 part.
2730 1431 2805 1482 ri,
2849 1430 2902 1484 p.
2930 1416 3020 1484 58,
3049 1416 3118 1470 15
3147 1431 3262 1484 seq.
3299 1446 3372 1454 —
3405 1416 3611 1471 Matriti
3638 1418 3692 1472 in

422 1510 549 1564 cod.
578 1508 728 1578 regio
757 1506 846 1569 72,
873 1506 1015 1561 Laus
1041 1505 1326 1559 Ptolemaei
1359 1503 1688 1574 geographi,
1715 1518 1910 1558 versus
1937 1502 2142 1557 heroici
2172 1501 2268 1568 47,
2302 1518 2444 1572 quos
2483 1514 2539 1558 et
2568 1517 2688 1572 seq.
2719 1502 3012 1558 tristicbon
3041 1507 3258 1558 bexam.
3291 1505 3343 1557 iu
3377 1505 3562 1560 eumd.
3594 1505 3688 1560 Gr.

421 1596 722 1667 publicavit
759 1594 936 1650 lriart.
995 1594 1050 1649 in
1083 1592 1202 1650 Cat.
1234 1595 1396 1647 codd.
1457 1593 1640 1650 Graec.
1678 1593 1882 1647 Matrit.
1937 1605 1990 1660 p.
2022 1590 2149 1659 265,
2197 1593 2328 1648 ibid.
2362 1609 2534 1648 carm.
2589 1595 2642 1648 in
2677 1594 2939 1659 nobilem,
2977 1603 3084 1649 etc.
3118 1593 3408 1650 Florentiae
3452 1596 3508 1650 in
3564 1599 3688 1652 cod.

429 1686 694 1739 Lauri-iit.
729 1685 781 1748 7,
810 1699 866 1737 ιι.
904 1681 989 1746 15,
1025 1681 1163 1751 plut.
1184 1681 1272 1736 55.
1304 1679 1606 1735 Sententiae
1634 1688 1688 1734 et
1715 1680 2111 1749 epigrammata
2135 1687 2490 1734 externorum
2541 1680 2875 1749 sapientum,
2917 1695 2982 1736 ex
3026 1681 3094 1736 iis
3137 1697 3260 1750 qna:
3303 1683 3530 1738 collecta
3565 1693 3692 1739 sunt

419 1790 448 1828 a
482 1773 626 1827 Max.
673 1771 941 1831 l’lanude,
975 1787 1100 1824 cuni
1127 1770 1359 1824 sclioliis
1391 1780 1444 1821 et
1473 1770 1675 1838 glossis
1704 1768 2052 1824 interlinear.
2091 1768 2158 1820 de
2187 1781 2298 1836 quo
2329 1767 2532 1822 inultus
2564 1778 2646 1822 est
2678 1764 2911 1822 Bandin.
2950 1769 2988 1822 I.
3023 1783 3075 1823 c.
3108 1768 3174 1836 ll,
3211 1785 3265 1840 p.
3301 1770 3428 1825 256.
3452 1800 3522 1812 -—
3555 1774 3687 1827 Ibid.

420 1877 478 1931 p.
512 1861 618 1916 568
651 1875 767 1929 seq.
806 1859 1219 1929 Epigrammata
1277 1858 1386 1909 duo
1429 1853 1686 1921 inoralia,
1721 1871 1777 1907 n.
1824 1853 1877 1920 7,
1920 1853 2047 1908 cod.
2075 1854 2168 1920 24,
2197 1854 2335 1925 plut.
2371 1855 2475 1921 57;
2526 1885 2600 1896 —-
2628 1873 2682 1911 ιι.
2717 1858 2804 1923 14,
2839 1857 3229 1914 Tetrasriclion
3265 1861 3575 1930 elegiacum
3633 1862 3689 1917 in

420 1964 747 2014 novercam;
793 1976 852 1986 -—
875 1965 930 2000 ii.
971 1946 1059 2013 15,
1094 1944 1222 1998 Vita
1254 1946 1314 1999 S.
1347 1944 1533 1998 Mariae
1557 1943 1920 2015 ngyptiacae,
1951 1943 2205 1997 versibus
2233 1943 2470 1999 heroicis
2527 1943 2598 1997 20
2626 1947 2962 2014 conscripta,
2990 1974 3061 1986 —-
3111 1963 3163 2000 ii.
3211 1948 3277 2002 16
3308 1956 3362 2002 et
3394 1949 3484 2013 17,
3513 1951 3686 2018 ejusd.

417 2035 562 2092 forte
598 2035 861 2090 Planudis
894 2035 1004 2088 duo
1037 2033 1446 2103 Epigrammata
1482 2031 1718 2085 iambica
1769 2029 2170 2100 anepigrapha,
2221 2031 2459 2085 alterum
2491 2033 2747 2088 versibus
2782 2035 2869 2098 12,
2907 2037 3140 2089 alterum
3195 2036 3450 2091 versibus
3483 2038 3569 2091 15.
3616 2067 3686 2080 -—

420 2126 624 2196 Versus
657 2124 866 2180 heroici
895 2124 952 2177 in
988 2121 1395 2191 Geographiam
1427 2118 1730 2184 Ptolemaei,
1755 2118 1808 2172 in
1845 2117 1968 2173 cod.
2000 2119 2231 2173 Goislin.
2268 2119 2397 2174 555.
2430 2119 2498 2174 ν.
2533 2120 2832 2175 Montlauc.
2868 2121 3012 2175 Bibl.
3065 2121 3231 2178 Coisi.
3272 2138 3327 2192 p.
3359 2124 3484 2180 520.
3523 2124 3688 2180 Iidem

421 2224 479 2270 et
507 2215 598 2268 alii
633 2214 687 2267 in
716 2213 846 2268 cod.
874 2210 1088 2264 Monac.
1125 2211 1318 2262 Bavar.
1361 2207 1423 2262 C.
1453 2205 1514 2261 V.
1549 2205 1720 2260 Ilardt
1752 2206 1791 2260 I.
1828 2221 1880 2261 c.
1911 2221 1961 2260 a.
1999 2205 2159 2270 1804,
2200 2217 2340 2274 pari.
2372 2208 2427 2272 6,
2464 2222 2518 2276 p.
2556 2208 2649 2271 29,
2700 2210 2790 2262 ubi
2831 2209 3076 2274 adnotat,
3113 2211 3233 2265 illos
3287 2227 3478 2267 versus
3531 2212 3669 2267 [also

415 2303 643 2358 attribui
699 2299 936 2355 Manueli
974 2297 1357 2367 Moscliopulo,
1395 2304 1452 2351 et
1485 2295 1582 2350 Gr.
1615 2293 1891 2366 prodiisse
1942 2293 1998 2348 in
2030 2295 2212 2350 Iriart.
2241 2296 2362 2352 Cat.
2398 2296 2458 2366 (1.
2488 2302 2586 2365 c.),
2642 2307 2753 2352 tres
2800 2309 2981 2352 autem
3018 2299 3241 2356 ultimos
3272 2301 3433 2356 etiam
3490 2301 3546 2356 in
3593 2301 3682 2356 ed.

415 2389 740 2447 Basileeusi.
778 2385 988 2459 Uiuri.)
1509 2458 1520 2462 _

867 2385 988 2454 arl.)
1509 2458 1520 2462 _
2472 2431 2477 2437 .

483 2473 577 2534 20.
604 2475 899 2531 Enarratio
924 2475 989 2526 de.
1021 2472 1316 2547 Dominicis
1342 2472 1660 2525 (lieniatibus
1691 2469 2105 2540 Hierosolymis.
2140 2470 2389 2526 Meminit
2415 2470 2700 2528 Gesnerus
2727 2474 2782 2528 in
2808 2475 2942 2530 biLl.

484 2595 576 2648 21.
609 2591 868 2662 Epistola:
902 2589 1002 2643 122
1047 2603 1178 2642 mss.
1208 2591 1260 2642 in
1293 2587 1422 2643 bibl.
1453 2587 1726 2654 Gwsarea,
1748 2603 1854 2641 una
1877 2601 2002 2641 cum
2031 2585 2152 2655 ejus
2208 2587 2450 2642 homiliis
2486 2603 2649 2656 supra
2687 2591 3008 2645 memoratis
3037 2589 3090 2644 in
3123 2588 3344 2648 Petrum
3372 2601 3426 2647 et
3454 2591 3682 2649 Paulum

414 2684 724 2756 apostolos,
767 2689 1180 2749 martyreinquc
1217 2675 1556 2732 Diomedem.
1599 2676 1732 2731 Vide
1765 2675 2116 2730 Lambecium
2149 2671 2244 2737 IV,
2280 2691 2332 2744 ι).
2378 2673 2484 2742 56;
2522 2673 2832 2732 Nessehum
2891 2679 2976 2743 IV,
3017 2696 3068 2746 p.
3092 2679 3243 2734 '138.
3278 2679 3495 2752 (Ναὸν.)
3527 2679 3684 2734 Laiu-

413 2777 535 2830 bec.
569 2769 657 2839 IV,
693 2787 746 2841 p.
782 2770 905 2832 122,
943 2767 1068 2834 121,
1098 2767 1188 2821 cd.
1222 2764 1559 2820 Kollar.-nbi
1595 2765 1720 2819 cod.
1747 2763 2062 2834 quemdam,
2091 2763 2184 2832 qui
2221 2763 2273 2814 in
2310 2763 2442 2816 bibl.
2471 2761 2706 2818 Vindob.
2733 2766 3067 2831 custoditur,
3102 2769 3312 2834 laudat,
3350 2771 3476 2822 etin
3512 2779 3680 2822 nota:

419 2881 439 2915 ι
483 2863 690 2924 Prima,
720 2859 918 2928 inquit,
947 2858 1162 2910 illarum
1193 2863 1415 2908 centum
1447 2853 1638 2922 viginti
1674 2852 1912 2906 duarum
1943 2850 2314 2920 Epistolarum
2359 2851 2568 2920 scripta
2593 2860 2678 2906 est
2720 2853 2789 2905 ad
2825 2854 2956 2922 imp.
2988 2853 3254 2909 Joannem
3295 2854 3681 2925 Palmologum,

415 2956 550 3021 imp.
579 2947 881 3004 Andronici
913 2945 1162 3000 iunioris
1187 2946 1380 3004 lilium,
1417 2942 1701 3013 quicmpit
1735 2943 2011 3012 imperare
2044 2955 2176 2995 ann.
2224 2940 2384 3006 15H,
2421 2949 2474 2993 et
2506 2954 2638 2994 anu.
2682 2939 2827 2996 1584
2886 2944 3059 3010 obiit;
3112 2948 3355 2999 secunda
3386 2953 3568 2999 autem
3615 2947 3682 2999 ad

418 3041 744 3098 Maiiuelem,
776 3040 1000 3090 Iratreiu
1029 3030 1573 3088 memoratiJoaunis
1608 3041 1742 3108 natu
1791 3031 2085 3085 minorem.
2125 3047 2144 3081 ι
2181 3029 2350 3082 —ld.
2385 3032 2438 3082 in
2461 3029 2567 3083 vol.
2599 3027 2713 3096 VII,
2748 3047 2802 3100 p.
2834 3032 2961 3094 52.1,
2995 3049 3054 3086 ιι.
3090 3034 3142 3098 5,
3177 3037 3303 3088 cod.
3343 3033 3467 3098 125,
3498 3035 3552 3090 in
3574 3049 3684 3104 quo

415 3139 599 3184 exstat
629 3125 891 3179 I’lanudis
925 3122 1193 3192 Epistula,
1224 3121 1385 3190 cujus
1420 3119 1753 3190 principium
1787 3129 1907 3174 cst:
1959 3119 2018 3173 Ἐ

2069 3119 2207 3188 ήμην
2238 3116 2370 3170 ποτὲ
2412 3117 2862 3182 καταδικασθείς.
2901 3118 2988 3188 (γ.
3023 3138 3080 3174 ιι.
3110 3121 3181 3175 55
3209 3123 3227 3190 )
3261 3154 3331 3164 -
3387 3125 3679 3179 Elenchnm

413 3236 466 3274 s.
494 3217 733 3271 Iudicem
772 3214 1141 3282 Epistolarum
1171 3209 1460 3275 Planudis,
1488 3220 1712 3264 centum
1741 3217 1795 3265 et
1826 3210 2042 3278 viginti,
2076 3208 2154 3262 uti
2195 3208 2249 3261 in
2279 3207 2471 3260 codice
2497 3205 2750 3262 Caesareo
2774 3211 3084 3271 exhibetur,
3129 3213 3368 3268 Dorville
3393 3213 3445 3268 in
3476 3213 3682 3268 Misce!-

413 3312 524 3362 lan.
563 3308 838 3360 observat.
870 3305 924 3356 iii
951 3313 1227 3366 auctores,
1262 3312 1397 3368 etc.,
1433 3301 1542 3357 vol.
1577 3299 1644 3354 ll.
1680 3310 1814 3354 tom.
1844 3300 1935 3365 lll,
1963 3297 2193 3353 Ainstel.
2221 3295 2383 3358 1755,
2433 3296 2491 3360 8,
2529 3310 2586 3365 p.
2617 3296 2723 3350 448
2757 3313 2876 3368 seq.
2933 3299 3128 3362 edidit,
3163 3313 3212 3354 ei
3247 3318 3299 3372 p.
3335 3304 3439 3358 446
3469 3318 3583 3373 seq.
3617 3320 3680 3358 ex

419 3396 511 3450 illo
538 3396 665 3449 cod.
706 3393 996 3462 epistolam
1030 3393 1276 3459 quintam
1324 3399 1377 3444 ct
1423 3389 1813 3458 octogesiiuam
1858 3387 2120 3441 Planudis
2155 3385 2222 3438 ad
2267 3385 2571 3440 Maiiuelem
2622 3385 2837 3451 Philen,
2873 3389 3058 3442 Graece
3099 3407 3225 3443 cum
3265 3391 3384 3444 Lat.
3434 3394 3680 3446 versione

421 3481 715 3551 cViilgavit.
747 3509 817 3519 —
853 3477 1090 3539 Monaci,
1123 3478 1174 3530 in
1205 3477 1329 3530 coil.
1363 3475 1557 3538 Bavar.
1593 3479 1685 3542 50,
1718 3486 1850 3532 sunt
1875 3478 1975 3531 118
2007 3477 2251 3545 epistolae
2277 3476 2344 3528 ad
2384 3475 2674 3530 diversos:
2708 3477 2802 3532 sed
2836 3477 2880 3532 si
2911 3493 3099 3533 versus
3117 3496 3162 3534 s.
3184 3473 3427 3534 iariiiiiia
3455 3483 3676 3547 inserta,

415 3583 469 3626 et
493 3588 519 3622 a
554 3587 641 3624 me
675 3569 740 3621 ad
772 3584 826 3621 ιι.
868 3566 928 3620 It)
964 3567 1154 3630 relata,
1185 3565 1353 3618 etiam
1387 3565 1636 3634 cpistola:
1672 3565 1958 3628 liabei.tui-,
1995 3564 2094 3616 122
2132 3565 2374 3633 epistula:
2409 3566 2690 3618 numerari
2735 3577 2985 3634 possunt.
3026 3568 3373 3637 Singularnm
3407 3586 3532 3625 vero
3564 3576 3669 3638 epi-

417 3664 683 3716 stolarum
719 3655 936 3708 iiii.i.im
977 3663 1030 3707 et
1062 3646 1247 3718 liiiei‘ii,
1282 3665 1330 3707 ct
1368 3654 1589 3707 nomina
1619 3669 1833 3720 eorum,
1860 3656 1926 3706 ad
1971 3668 2112 3721 quos
2141 3664 2359 3721 Scripta:
2386 3661 2535 3718 sunt,
2568 3655 2673 3706 nisi
2707 3669 2902 3708 nomen
2936 3670 3160 3709 exesum
3197 3666 3301 3723 est,
3339 3659 3561 3714 uberius
3595 3675 3674 3712 rc-

418 3758 600 3819 pusilli
638 3744 830 3808 llai-dt,
868 3743 921 3796 in
946 3741 1153 3796 Aretini
1187 3740 1510 3811 Beytri'igen,
1543 3750 1678 3804 etc.,
1709 3756 1840 3794 ann.
1878 3739 2038 3803 1805,
2069 3749 2211 3809 part.
2250 3755 2324 3797 γι.
2357 3757 2411 3808 p.
2437 3739 2624 3794 27-45.
2667 3769 2738 3780 ——
2774 3743 2977 3795 Matriti
3010 3743 3063 3796 in
3099 3745 3219 3798 cod.
3269 3744 3402 3817 Iieg.
3447 3748 3535 3813 72,
3583 3747 3680 3801 111

417 3855 545 3906 seq.
584 3838 834 3889 undi-eun
869 3829 1134 3884 Planudis
1174 3830 1440 3898 epistola},
1473 3844 1611 3898 quas
1640 3840 1886 3884 recenset
1919 3829 2115 3885 lriarte
2152 3832 2206 3884 in
2235 3832 2356 3886 Gat.
2392 3832 2559 3887 codd.
2594 3829 2691 3885 Gr.
2740 3831 2945 3886 hlatrit.
2983 3849 3038 3902 p.
3072 3835 3200 3888 260.
3234 3865 3304 3873 —
3351 3836 3578 3892 Taurini
3626 3841 3677 3892 in

413 3927 544 3980 bibl.
577 3940 691 3994 reg.
721 3924 846 3976 cod.
885 3920 992 3974 551
1023 3919 1214 3989 viginti
1251 3919 1514 3971 I’Ianndze
1541 3919 1816 3987 epistolaz.
1867 3916 1930 3972 V.
1959 3919 2082 3972 Cat.
2125 3919 2288 3972 codd.
2323 3918 2418 3972 Gr.
2455 3917 2628 3972 Taur.
2659 3935 2710 3989 p.
2752 3920 2878 3974 482.
2904 3950 2974 3960 —
3001 3921 3245 3976 Floient.
3281 3927 3332 3977 in
3361 3927 3481 3979 cod.
3543 3927 3678 3980 bim,

415 4015 676 4068 Laurent.
715 4013 801 4074 16,
842 4027 898 4063 ii.
936 4007 1025 4076 16,
1055 4012 1194 4076 plut.
1223 4007 1315 4072 52,
1343 4023 1409 4061 ex
1441 4007 1706 4061 Planuda:
1734 4009 2025 4077 epistolis’e

2067 4017 2298 4075 .cet‘pla;
2344 4011 2394 4060 in
2423 4008 2545 4060 eod.
2577 4007 2635 4073 5,
2684 4024 2740 4062 ιι.
2773 4008 2866 4075 22,
2906 4010 3044 4079 plut.
3069 4011 3157 4078 56,
3202 4015 3446 4082 epistola:
3482 4014 3574 4082 25,
3626 4033 3677 4069 ιι.

411 4120 442 4159 a
477 4121 620 4158 nona
653 4118 831 4170 usque
863 4100 930 4154 ad
971 4099 1306 4153 tricesimam
1339 4097 1608 4168 primam;
1637 4099 1688 4152 in
1748 4098 1874 4155 cod.
1901 4097 1993 4164 22,
2027 4113 2084 4150 ιι.
2129 4096 2181 4162 1,
2206 4097 2343 4164 plut.
2383 4094 2472 4159 5.6,
2510 4095 2564 4148 in
2602 4111 2712 4166 quo
2760 4107 2894 4152 sunt
2928 4098 3021 4152 121
3054 4104 3300 4169 epistolie
3356 4099 3416 4156 V.
3451 4103 3678 4158 Bandin.

412 4195 532 4248 Gal.
565 4194 727 4246 codd.
767 4188 861 4243 Gr.
900 4188 1065 4241 Laur.
1093 4186 1160 4249 ll,
1187 4199 1240 4255 p.
1280 4184 1408 4251 112,
1440 4184 1570 4250 299,
1599 4185 1654 4240 in
1681 4185 1876 4256 primis
1910 4203 1966 4257 p.
1994 4185 2099 4241 520
2130 4199 2272 4250 scq.,
2306 4185 2396 4237 ubi
2434 4185 2525 4239 ille
2573 4186 2813 4254 primum
2861 4188 3021 4241 initia
3055 4192 3420 4260 singularum,
3460 4202 3680 4246 servato

410 4284 632 4345 ordine,
665 4292 776 4348 quo
807 4276 1000 4344 posita:
1034 4283 1164 4328 sunt
1195 4275 1246 4327 in
1279 4275 1384 4326 isto
1413 4275 1538 4326 col.
1561 4274 1688 4327 dein
1724 4289 1819 4344 per
1851 4275 2207 4344 alphabetum
2233 4273 2442 4342 digesta
2471 4274 2739 4342 principia
2781 4275 3054 4329 exhibuit.
3081 4303 3147 4315 --
3172 4276 3310 4330 Ibid.
3349 4278 3402 4330 in
3433 4280 3552 4331 eod.
3583 4279 3674 4344 50,

418 4387 472 4423 ιι.
508 4370 562 4432 6,
591 4369 725 4436 plut.
763 4366 855 4426 50,
896 4363 1163 4416 Planudis
1193 4361 1425 4431 epistola
1459 4363 1524 4413 ad
1551 4361 2106 4431 Philantliropenuin,
2131 4376 2253 4429 qua:
2294 4369 2377 4413 est
2429 4363 2574 4415 serie
2605 4361 2982 4431 Epistolarum
3020 4371 3076 4418 in
3123 4368 3249 4420 cod.
3304 4381 3529 4418 memor.
3580 4365 3672 4430 22,

412 4459 608 4510 ordine
648 4456 717 4507 18
757 4463 810 4506 et
847 4451 1238 4519 aiiepigrapha.
1278 4447 1342 4503 V.
1390 4447 1626 4503 Bandin.
1662 4451 1696 4502 I.
1731 4465 1782 4504 c.
1812 4466 1866 4519 p.
1901 4450 2022 4505 551.

2077 4449 2281 4520 ρΙΙαΓΙ.)
3681 4466 3687 4470 ‘

487 4546 575 4597 22,
613 4541 958 4608 Cumparatio
991 4540 1178 4592 hiemis
1219 4548 1266 4590 et
1298 4540 1434 4590 reris
1470 4537 1524 4591 in
1557 4540 1751 4593 eodem
1781 4541 1974 4593 codice
1996 4540 2272 4593 Caesareo.
2313 4535 2534 4608 (Fabia)
2571 4537 2784 4594 Monac.
2812 4542 2863 4594 in
2896 4542 3020 4595 cod.
3053 4543 3246 4596 Bavar.
3275 4542 3361 4598 50.
3397 4541 3452 4595 \'.
3481 4542 3675 4607 llardt,

415 4636 453 4688 I.
491 4649 540 4687 c.
578 4649 627 4686 a.
658 4631 819 4694 1805,
857 4637 996 4697 part.
1030 4642 1101 4691 vi,
1128 4641 1182 4695 p.
1224 4625 1313 4679 47.
1357 4653 1427 4664 ——
1479 4626 1770 4680 Florentia:
1830 4644 1883 4680 in
1917 4630 2016 4682 cod

2093 4627 2357 4681 Laurent.
2387 4629 2475 4692 22,
2521 4645 2579 4682 ιι.
2619 4630 2677 4692 5,
2707 4632 2846 4698 plut.
2888 4631 2977 4693 56,
3016 4630 3289 4684 Laudatio
3321 4635 3526 4685 hiemis.
3566 4636 3678 4688 Inc.

414 4718 588 4792 Οἶμαι
625 4721 882 4788 καὶπρὸς
913 4718 1082 4788 μόνην
1109 4718 1208 4787 τὴν
1235 4719 1426 4785 ἀκοήν.
1463 4715 1523 4769 ν.
1556 4718 1791 4771 Bandin.
1830 4718 1869 4770 I.
1909 4732 1958 4770 c.
1992 4717 2024 4770 ll

2103 4734 2156 4786 p.
2195 4717 2325 4770 527.
2361 4746 2422 4757 —
2461 4717 2663 4772 Hiemis
2707 4732 2750 4772 et
2815 4724 2946 4773 veris
2997 4725 3350 4791 comparatio,
3388 4723 3566 4776 I’aiis.
3621 4723 3676 4776 iu

411 4815 542 4867 bibl.
581 4812 735 4879 piibl.
768 4809 927 4862 codd.
958 4805 1117 4874 1187,
1155 4823 1208 4860 ιι.
1238 4807 1310 4872 5,
1351 4805 1509 4870 1653,
1543 4822 1598 4860 ιι.
1632 4808 1693 4873 7;
1723 4806 1884 4879 5010,
1920 4825 1973 4861 ιι.
2008 4807 2021 4860 ε

2069 4808 2101 4872 i,
2133 4816 2186 4862 et
2222 4825 2333 4864 sec.
2369 4811 2667 4864 .lionil'auc.
2707 4810 2846 4864 Bibl.
2880 4811 3121 4866 bibliot/t.
3153 4830 3274 4866 mss.
3305 4828 3426 4882 pag.
3463 4813 3568 4868 925
3610 4813 3679 4881 Ε,

415 4917 472 4954 ιιι
503 4902 626 4953 cod.
666 4897 909 4951 Colbert.
940 4895 1148 4965 illari.)

487 5013 578 5068 25.
615 5013 685 5066 De
711 5012 971 5066 Planudis
997 5009 1386 5076 Cramniatii'a,
1417 5010 1643 5082 Dialogo
1679 5012 1741 5066 de
1771 5016 2153 5084 quarslionibns
2190 5018 2585 5084 grammaticis,
2616 5016 2707 5085 qui
2740 5017 3062 5072 inscribitur
3091 5017 3369 5085 Neap/irati
3399 5029 3448 5073 et
3483 5020 3680 5074 Palae-

413 5105 598 5169 tinius,
635 5118 733 5156 nee
766 5117 877 5154 non
909 5101 978 5154 dc
1006 5099 1232 5171 Syntaxi
1255 5103 1462 5155 dictum
1492 5116 1522 5153 a
1553 5117 1641 5164 ine
1666 5113 1746 5156 cst
1800 5107 2006 5158 voluiii.
2047 5105 2135 5169 Vl,
2167 5123 2220 5173 p.
2247 5107 2352 5158 548
2385 5104 2598 5175 [ibique
2626 5104 2790 5176 uot.].
2824 5105 3238 5175 Epimerismata
3267 5110 3386 5178 ejus
3414 5119 3677 5163 memorat

413 5190 809 5245 Gesneribibl.
847 5186 1065 5260 (Fabr.)
1101 5189 1255 5242 Adde
1281 5187 1334 5241 in
1370 5199 1485 5242 not.
1529 5203 1760 5242 memor.
1789 5192 1974 5244 citatis
1999 5194 2159 5248 codd.
2204 5193 2406 5248 Illatriti
2457 5199 2508 5247 iii
2539 5196 2665 5247 cod.
2713 5193 2844 5264 Heg.
2881 5195 2970 5262 99,
3009 5197 3268 5251 Plannda:
3325 5199 3581 5268 Dialogus
3612 5201 3678 5254 de

414 5277 806 5339 Grammatica,
831 5275 926 5344 qui
978 5277 1300 5329 inscribitur
1335 5275 1621 5344 Neophron
1651 5285 1700 5328 et
1737 5276 2077 5335 l‘alwiimus.
2122 5313 2192 5323 -—
2225 5284 2417 5352 Eiusd.
2457 5286 2522 5338 de
2568 5290 2786 5354 syntaxi
2842 5297 2967 5340 octo
3002 5299 3240 5355 partium
3285 5292 3572 5354 orationis,
3622 5299 3677 5343 et

413 5368 482 5420 de
503 5364 717 5434 syntaxi
744 5366 1036 5416 verborum
1080 5365 1502 5418 traiisitivorum
1541 5375 1593 5418 et
1626 5366 2136 5424 iutransitivorum.
2173 5402 2239 5411 —
2274 5373 2412 5426 Ibid.
2449 5375 2501 5426 iii
2537 5375 2662 5428 cod.
2695 5375 2783 5438 95,
2828 5373 3087 5429 Planum:
3119 5378 3184 5430 de
3214 5378 3500 5431 verborum
3545 5394 3678 5451 syn-

405 5455 548 5520 ttaxi,
581 5453 649 5506 de
677 5450 982 5506 transnivis
1015 5453 1482 5518 ctiutransitivis,
1527 5456 1722 5509 ordine
1764 5458 2153 5527 alphabetico;
2191 5471 2300 5514 tum
2339 5464 2403 5517 de
2427 5472 2725 5532 syiitaxeos
2766 5465 3082 5533 speciebus,
3145 5482 3266 5536 qua:
3306 5471 3554 5539 syntaxis
3582 5450 3585 5451 ν
3609 5487 3676 5524 ex

415 5545 632 5612 integro
665 5553 829 5602 uisio,
861 5555 910 5594 s.
943 5540 1316 5596 Grammatica
1345 5542 1488 5612 (qua:
1509 5545 1671 5597 etiam
1704 5553 1884 5598 exstat
1910 5545 2157 5603 Florent.
2188 5552 2238 5603 iii
2275 5551 2410 5606 bibl.
2441 5554 2759 5606 monasterii
2795 5555 2924 5608 bibl.
2955 5552 3139 5609 Maria:
3174 5555 3677 5624 Beiiedietinorum,

415 5644 554 5687 teste
581 5632 878 5685 Moutl'aue.
909 5630 964 5684 in
989 5628 1129 5683 Bibl.
1161 5631 1399 5687 bibliotti.
1436 5648 1558 5684 mss.
1595 5647 1648 5700 p.
1675 5634 1779 5686 416
1831 5632 1892 5688 Β.
1947 5648 1999 5692 et
2050 5639 2103 5692 in
2139 5639 2401 5710 I’uingl‘.
2426 5658 2508 5711 gr.
2540 5658 2589 5712 p.
2618 5640 2730 5711 70),
2761 5645 3266 5710 excerpta-videtur
3295 5663 3308 5700 :
3344 5663 3483 5716 quos
3518 5650 3676 5701 codd.

411 5723 626 5790 plenius
660 5731 909 5775 recenset
937 5719 1135 5774 Iriarlc
1157 5722 1212 5775 in
1243 5733 1352 5777 cat.
1385 5723 1546 5776 codd.
1574 5722 1672 5776 Gr.
1715 5722 1919 5779 Ilatrit.
1956 5743 2008 5797 p.

2067 5729 2174 5784 L87.
2205 5747 2320 5800 seq.
2354 5731 2468 5801 (ubi
2495 5747 2714 5800 quoque
2740 5731 2877 5786 alios
2903 5734 3060 5787 codd.
3095 5735 3146 5786 in
3182 5736 3305 5788 aliis
3336 5735 3677 5789 Libliotlieeis

413 5822 728 5863 assertatos
761 5809 990 5878 laudat),
1022 5824 1075 5878 p.
1109 5808 1208 5864 591
1270 5820 1323 5865 et
1374 5826 1426 5880 p.
1463 5811 1560 5864 571
1594 5827 1716 5880 seq.
1743 5839 1812 5850 —-
1848 5813 2097 5871 Veneiiis
2132 5821 2182 5872 in
2241 5823 2367 5873 eod.
2409 5819 2658 5874 Naniano
2705 5821 2829 5886 504,
2882 5821 2950 5874 de
2989 5823 3278 5875 veiborum
3329 5825 3567 5893 syntaxi,
3613 5827 3680 5876 de

411 5898 720 5950 tiansitiris
749 5909 798 5950 et
843 5899 1226 5965 inti-ausilivis,
1250 5909 1361 5953 etc.
1403 5899 1465 5953 Υ.
1500 5912 1607 5954 eat.
1650 5903 1814 5955 codd.
1845 5903 1940 5958 Ur.
1975 5906 2112 5962 Nan.
2151 5924 2202 5978 p.
2244 5908 2348 5964 509
2378 5924 2524 5975 seq.,
2559 5924 2612 5963 ιι.
2651 5909 2705 5978 5,
2741 5910 2794 5975 6,
2828 5909 2876 5962 7.
2910 5938 2980 5946 ——
3029 5909 3342 5966 Secundum
3378 5909 3677 5968 Montlau-c.
