4076 6492
409 406 519 472 933
985 441 996 448 ς
1701 411 1985 472 unum
2032 409 2413 474 pLANan
3059 366 3068 372 ’
3559 410 3675 480 ρει

414 525 650 596 antiquo
679 522 905 581 cursivo
950 522 1277 582 charactere
1319 525 1635 582 minusrnlo
1693 528 1784 583 ille
1824 529 2173 600 deduxisset,
2212 529 2308 598 qui
2343 526 2798 598 Langobardicus
2839 527 3006 597 vulgo
3051 527 3276 584 dicitur.
3312 526 3418 584 Sed
3451 529 3672 588 uberior

417 612 568 668 illius
596 611 923 682 quaeSIionis
959 612 1317 684 investigatio
1362 615 1526 686 longe
1573 616 1728 672 abest
1773 619 1841 670 ab
1875 619 2131 674 instituto
2163 629 2358 676 nostro
2392 639 2406 676 :
2440 630 2489 674 et
2525 628 2771 687 praestat,
2821 618 3090 688 quosdam
3118 619 3326 680 libros.
3375 635 3440 673 cx
3473 621 3671 690 quibus

411 699 652 770 cupidus
689 700 834 755 illius
872 700 950 756 rei
984 701 1145 772 plura
1201 702 1426 757 haurire
1462 704 1659 772 pos~it,
1707 713 1920 760 tantun'.
1975 710 2167 776 paucis
2203 722 2665 764 commemorare.
2702 706 2856 762 Haud
2901 708 3172 762 inutiliter
3222 708 3388 775 igitur
3434 707 3672 766 conferri

413 797 643 860 possunt
700 789 908 846 Christi
959 789 1108 846 Guil.
1163 791 1435 858 Buttneri,
1482 791 1626 864 prof.
1684 793 1960 860 quondam
2019 794 2424 866 Gottingensis,
2488 795 3129 866 Vergleichttngs-Tafeln
3182 795 3278 850 der
3319 795 3670 866 Schriftarten

408 880 800 935 uerseltiedener
833 880 1042 947 Volker,
1091 891 1228 949 etc.,
1269 891 1416 955 part.
1463 897 1502 947 ι,
1539 882 1812 954 Gottingae
1841 893 1896 938 et
1923 883 2018 939 Gol

2062 902 2116 940 lae
2146 885 2310 952 1771,
2345 886 2404 953 4,
2438 885 2551 940 tab.
2593 902 2651 950 ιι,
2699 885 2936 955 ejusque
2967 886 3148 942 Breuis
3185 889 3444 952 expositio
3484 887 3672 956 alphe-

406 969 644 1026 betorum
678 972 915 1028 omnium
949 973 1269 1043 populorum
1303 984 1352 1030 et
1383 973 1735 1044 affinitatum.
1763 974 1952 1044 quibus
1972 973 2070 1028 illa
2106 975 2242 1029 inter
2279 992 2334 1030 se
2369 975 2653 1045 conjuncta
2683 984 2829 1040 sunt,
2865 974 2916 1047 ᾗ.
2937 975 2992 1035 2,
3028 977 3081 1029 in
3109 975 3251 1030 Nov.
3291 974 3666 1031 Commentar.

408 1059 709 1116 Societatis
758 1062 941 1132 ltegite
981 1062 1342 1120 scientiarum
1400 1061 1804 1133 Gottiugensis,
1855 1073 1991 1118 tom.
2023 1062 2139 1123 Vll.
2196 1062 2473 1133 Gottinga:
2523 1063 2684 1126 1777,
2716 1062 2770 1128 4,
2813 1079 2869 1132 p.
2920 1061 3056 1128 109;
3099 1070 3154 1118 et
3209 1061 3588 1130 lleilbronner,
3641 1077 3669 1116 a

413 1140 664 1203 Mdrellio
703 1150 818 1218 jam
868 1151 1148 1216 laudatus,
1183 1153 1276 1222 qui
1321 1169 1377 1221 p.
1427 1153 1524 1207 741
1590 1153 1872 1222 vulgarem
1906 1151 2266 1217 sententiam,
2299 1150 2598 1222 Europaeos
2643 1151 2929 1220 accepisse
2969 1151 3318 1207 characteres
3353 1150 3575 1206 ludicos
3605 1151 3673 1202 ab

407 1237 692 1307 Hispanis.
730 1240 834 1294 bos
879 1254 908 1292 a
950 1240 1179 1305 Maltris,
1217 1253 1268 1294 et.
1306 1242 1408 1294 hos
1459 1241 1528 1294 ab
1573 1239 1875 1305 Arabibus,
1913 1239 2014 1295 hos
2053 1249 2237 1295 autem
2271 1255 2380 1296 non
2434 1241 2606 1312 ipsos,
2645 1241 2739 1296 sed
2791 1239 2956 1296 ludos
3006 1241 3292 1309 liguralem
3347 1246 3674 1296 nnmeranut

407 1327 682 1380 rationem
711 1329 1079 1399 cxrogitasse,
1111 1336 1166 1383 et
1201 1330 1307 1382 alia
1345 1344 1376 1381 a
1413 1327 1672 1384 Wallisio
1711 1327 1945 1398 prolata,
1975 1343 2076 1384 nec
2117 1345 2226 1384 non
2281 1331 2592 1386 contrarias
2640 1331 2954 1386 sententias
3004 1329 3241 1386 Wallisii
3290 1344 3355 1384 ac
3397 1328 3484 1384 Jo.
3521 1330 3670 1384 Frid.

403 1413 698 1482 Weidlcri,
732 1417 826 1486 qui
874 1419 928 1471 in
962 1416 1197 1473 Dissert.
1241 1419 1308 1473 de
1343 1419 1590 1473 charact.
1628 1433 1989 1473 numerorum
2027 1419 2347 1487 vulgaribus
2373 1427 2428 1474 et
2453 1433 2645 1473 eorum
2677 1419 2958 1483 aetatibus,
2987 1415 3274 1487 Viteberg.
3323 1416 3484 1482 1727,
3529 1416 3674 1470 arbi-

401 1510 584 1561 tratur
615 1510 968 1563 characteres
1000 1523 1384 1575 numerorum,
1416 1508 1675 1565 Arabicis
1699 1508 1934 1571 similes,
1976 1507 2090 1578 jam
2120 1508 2372 1574 Boethio,
2411 1521 2462 1563 ει.
2495 1506 2630 1563 Chr.
2681 1507 2788 1562 521
2829 1515 3043 1562 mortuo
3078 1506 3356 1577 (adeoque
3392 1515 3520 1561 ante
3552 1505 3673 1560 Pla-

402 1594 660 1665 nudem),
708 1595 885 1651 fuisse
915 1597 1196 1667 cognitos,
1233 1598 1584 1668 aliorumque
1617 1597 1849 1653 uberius
1879 1597 2069 1654 refert.
2117 1597 2222 1654 Sed
2266 1598 2485 1653 illorum
2537 1597 2895 1666 aliorumque
2941 1595 3235 1664 opiniones
3277 1596 3498 1666 copiose
3531 1596 3636 1651 reci

399 1691 599 1736 tantur
649 1693 704 1738 et
747 1684 950 1752 partim
1005 1695 1401 1756 oppugnantur
1450 1686 1505 1741 in
1559 1701 1727 1757 opere
1777 1680 2048 1756 inscripto
2095 1703 2110 1739 :
2154 1684 2332 1741 Neues
2385 1684 2762 1752 Lehrgelu'iude
2810 1685 2907 1739 der
2948 1684 3299 1751 Diplomatik,
3352 1684 3566 1738 welrhes
3617 1685 3671 1737 iu

401 1770 736 1826 f‘rankrrirlt
768 1789 868 1828 von
911 1773 1120 1846 einigen
1161 1773 1570 1830 Beuedictinern
1610 1804 1682 1816 -—
1721 1773 2022 1845 verfertiget
2069 1775 2304 1831 worden.
2337 1774 2447 1829 Aus
2496 1775 2613 1827 dem
2647 1772 3069 1828 Franzosisrlten
3105 1773 3388 1837 iibersetzt,
3435 1783 3567 1826 tom.
3608 1771 3670 1826 V.

402 1858 595 1917 Erfurt
643 1862 805 1928 1767,
841 1863 893 1927 4,
925 1864 1025 1922 lib.
1071 1881 1136 1928 ιι,
1177 1881 1300 1933 cap.
1335 1866 1390 1930 4,
1428 1875 1566 1921 sect.
1603 1864 1659 1930 9,
1693 1866 1854 1920 artic.
1883 1863 1938 1929 2,
1976 1878 2033 1934 p.
2064 1861 2133 1916 76
2165 1879 2286 1932 sqq.
2333 1862 2474 1918 Add.
2517 1861 2603 1917 lo.
2637 1860 2958 1932 Cbrismph.
2997 1859 3304 1918 Gatterer's
3353 1860 3539 1916 Abriss
3575 1860 3671 1913 der

400 1948 748 2018 Diplomatik.
781 1951 1033 2025 Gotting.
1068 1953 1232 2019 1798,
1258 1955 1312 2018 8,
1359 1971 1482 2026 pag.
1520 1954 1595 2011 29
1627 1971 1748 2025 sqq.
1784 1953 1993 2026 (Πανί.)

469 2038 563 2093 28.
597 2039 998 2096 Problematum
1035 2041 1314 2106 Volumen,
1348 2052 1615 2099 memorat
1644 2042 1923 2100 Gcsuerus
1953 2041 2007 2096 in
2037 2040 2172 2097 bibl.
2214 2056 2244 2093 e
2274 2039 2658 2094 Volaterrana.
3609 2095 3612 2098 ,

467 2128 560 2184 29.
593 2128 1021 2187 Commentarios
1051 2133 1105 2198 in
1139 2131 1476 2187 Rhetoricmn
1517 2132 1887 2203 Hermogenis.
1929 2131 2010 2188 Id.
2041 2130 2300 2186 Planudis
2348 2132 2412 2183 ad
2458 2128 2850 2198 Hermogenem
2903 2127 2976 2182 de
3005 2126 3242 2184 statibus
3271 2141 3408 2182 mss.
3447 2126 3500 2181 in
3536 2127 3673 2182 bibl.

396 2216 694 2283 Caesarea,
721 2223 787 2272 ad
819 2221 1025 2275 calcem
1057 2220 1289 2278 Joannis
1316 2221 1489 2276 Siculi
1541 2222 1606 2275 ad
1657 2224 2052 2290 Hermogenem
2077 2218 2209 2286 napi.
2250 2217 2426 2272 ἰδεῶν.
2453 2214 2670 2285 (F’abr.)
2708 2214 2970 2270 Planudis
3019 2214 3230 2272 scholia
3277 2215 3331 2269 in
3368 2213 3672 2284 Hermoge-

394 2322 523 2361 nem
558 2347 574 2370 ,
622 2305 912 2364 Mediolani
970 2310 1024 2364 in
1068 2309 1204 2367 bibl.
1235 2311 1494 2364 Ambros.
1535 2309 1592 2364 V.
1632 2309 1930 2364 Montl‘auc.
1970 2307 2107 2364 Bibl.
2143 2307 2330 2363 blioth.
2355 2324 2483 2361 mss.
2517 2322 2570 2375 p.
2598 2306 2693 2359 501
2731 2305 2791 2358 Β.
2829 2333 2897 2348 -
2930 2304 3240 2360 Rhetoricae
3279 2303 3676 2373 prolegomenn

394 2395 626 2464 inedita,
658 2397 834 2454 Paris.
861 2397 915 2452 in
941 2398 1076 2454 bibl.
1106 2398 1253 2468 publ.
1301 2399 1425 2454 cod.
1457 2399 1623 2463 2920,
1660 2416 1711 2453 ιι.
1742 2398 1766 2453 1
1794 2417 1809 2463 ;
1847 2400 1900 2452 in
1927 2411 2037 2467 quo
2070 2397 2234 2452 etiam
2261 2402 2410 2452 sunt.
2468 2410 2522 2448 ιι.
2548 2395 2603 2456 5,
2643 2391 3000 2462 Hermogenis
3023 2394 3125 2448 Ars
3148 2394 3431 2455 rhetorica,
3466 2392 3530 2446 de
3553 2409 3677 2461 par-

397 2484 588 2538 titione
609 2495 847 2539 statuam
877 2495 925 2539 et
948 2487 1302 2555 quwstionum
1341 2487 1727 2549 cratoriarum,
1749 2485 2026 2556 adiunctis
2051 2483 2459 2554 prolegmnenis
2500 2491 2668 2550 atque
2701 2483 3118 2537 commentariis
3156 2499 3178 2548 ι
3208 2497 3267 2536 ιι.
3301 2481 3355 2548 4,
3385 2480 3559 2550 ejusd.
3599 2480 3684 2535 De

401 2572 593 2641 [armis
625 2575 876 2629 oratoriis
908 2575 1028 2629 libri
1065 2590 1140 2642 tv,
1191 2575 1471 2645 adiunctis
1502 2576 1803 2644 prologum.
1850 2583 1906 2630 ct
1938 2572 2377 2628 commentariis.
2415 2600 2482 2609 —
2517 2568 2674 2622 l’lan.
2706 2567 3026 2623 RIu-turiees
3052 2568 3439 2639 prolegomena
3459 2575 3512 2621 et
3539 2564 3669 2620 Ber-

397 2667 648 2734 tnogonis
689 2664 834 2730 libri,
873 2663 1125 2731 Taurini,
1159 2665 1360 2723 ina-od.
1401 2665 1532 2737 Reg.
1569 2667 1659 2721 77.
1695 2664 1756 2718 V.
1787 2664 1908 2721 Cat.
1932 2662 2096 2721 codd.
2131 2659 2227 2714 Gr.
2272 2657 2441 2713 Taur.
2469 2675 2520 2726 p.
2559 2657 2682 2710 171.
2711 2686 2784 2696 -
2808 2656 2892 2710 An
2926 2658 3034 2712 huc
3072 2657 3236 2711 etiam
3281 2655 3555 2726 pertinent
3580 2663 3674 2707 a-nt

393 2751 461 2806 ad
495 2753 704 2822 scripta
728 2753 1068 2824 grammatic.
1111 2753 1266 2809 Plan.
1306 2753 1616 2808 Natalioues
1650 2755 1858 2810 uaria?
1901 2754 2030 2809 Mss.
2093 2761 2311 2807 exstant
2355 2749 2544 2805 Romae
2597 2750 2648 2804 iu
2685 2749 2820 2804 bibl.
2870 2746 3048 2804 Vatic.
3085 2745 3147 2802 V.
3199 2745 3502 2818 Hontfanc.
3530 2745 3673 2802 Bibl.

393 2839 638 2895 bibliotlt.
669 2858 822 2897 mss..
859 2856 914 2910 p.
946 2833 1049 2897 187
1077 2841 1138 2899 C.
1177 2841 1392 2913 (Πανί.)

393 2925 399 2929 ’
465 2929 559 2984 50.
591 2927 660 2983 1η
694 2928 1044 3001 Theophrasti
1073 2929 1250 2987 Chara
1273 2943 1420 2986 teres
1475 2931 1776 2987 Gesnerus.

469 3016 565 3071 51.
603 3015 884 3086 Eclogam,
921 3020 1188 3090 quomodo
1228 3019 1564 3090 appellentur
1607 3023 1867 3079 animalia
1893 3034 2005 3080 tum
2043 3028 2335 3089 terrestria,
2365 3032 2473 3080 tum
2506 3025 2791 3096 aquatilia.
2819 3024 2896 3078 ld.

469 3105 566 3161 52.
600 3104 846 3178 Figures"
862 3107 927 3162 de
951 3107 1062 3162 sole
1089 3116 1139 3162 et
1166 3107 1315 3163 luna.
1357 3108 1436 3164 Id.

474 3194 568 3250 55.
597 3195 911 3263 Διάγνωσιν
941 3194 1134 3250 ὑελεων
1167 3198 1264 3250 τθῡ
1291 3197 1481 3267 οὖρον.
1511 3197 1586 3252 De
1617 3199 1853 3255 colorum
1897 3202 1953 3257 in
2002 3206 2084 3259 uri

2065 3205 2174 3261 'inis
2204 3207 2523 3276 cognitione,
2547 3215 2594 3261 et
2626 3205 2691 3258 de
2718 3203 2976 3275 sanguine
3006 3199 3398 3273 phlebotomia,
3427 3195 3675 3254 carmine

400 3283 628 3354 politico
652 3299 719 3337 ex
750 3284 941 3341 codice
969 3282 1139 3355 Regio
1161 3283 1288 3350 957,
1309 3301 1444 3341 usus
1463 3297 1547 3339 est
1569 3286 1806 3359 Cangius
1828 3292 1880 3344 in
1909 3290 2181 3349 Glossario
2212 3293 2418 3350 Gra'co.
2445 3294 2635 3348 Exstat
2657 3293 2820 3347 etiam
2849 3293 2901 3346 in
2927 3290 3059 3346 bibl.
3091 3289 3384 3344 Caesarea.
3415 3285 3674 3341 lmubec.

397 3371 464 3440 ν,
510 3389 633 3443 pag.
664 3373 791 3429 218.
836 3371 1057 3445 (Fabr.)
1109 3373 1238 3429 Sive
1286 3389 1407 3445 pag.
1445 3374 1572 3443 450,
1602 3375 1804 3433 Kollar.
1839 3394 1898 3433 n.
1932 3379 1987 3436 9.

2058 3385 2154 3437 :od.
2189 3383 2312 3438 269.
2356 3382 2469 3438 hic.
2499 3381 2621 3436 Τῶν
2649 3380 2893 3434 ἀσθενῶν
2924 3378 3076 3432 ὑέλια.
3115 3377 3256 3448 μάθε
3299 3375 3668 3446 τρισκαίδεκα.

394 3463 514 3520 lloc
543 3475 730 3520 autem
764 3479 988 3536 carmen
1037 3465 1091 3521 in
1123 3465 1288 3522 codd.
1320 3466 1526 3522 Caesar.
1591 3468 1686 3536 20,
1708 3486 1766 3525 n.
1801 3471 1858 3536 2,
1893 3470 2004 3536 42,

2099 3472 2156 3532 2,
2195 3483 2245 3526 et
2267 3471 2355 3535 40,
2392 3488 2446 3526 ιι.
2475 3471 2528 3533 5,
2563 3480 2618 3527 ct
2648 3469 2774 3525 alibi
2802 3467 3063 3524 tribuitur
3091 3464 3397 3536 Nicephoro
3423 3463 3677 3518 Blemmio

393 3554 501 3609 dae.
544 3551 606 3608 V.
641 3551 902 3608 Lamhec.
933 3552 1023 3619 VI,
1062 3563 1203 3624 part.
1239 3566 1299 3618 Ir,
1329 3572 1380 3625 p.
1410 3555 1538 3621 250,
1591 3556 1699 3612 555
1753 3567 1810 3612 et
1862 3558 1970 3617 359
2001 3603 2003 3610 λ

2058 3575 2103 3615 ιι.
2151 3558 2206 3613 2.
2243 3561 2385 3615 Add.
2420 3574 2589 3629 stupra
2645 3559 2710 3611 ad
2751 3559 2858 3612 vol.
2893 3553 3006 3620 VII,
3038 3567 3164 3625 pag.
3199 3552 3308 3608 672
3354 3567 3471 3623 seq.
3534 3551 3668 3606 intra

397 3643 509 3698 vol.
543 3638 661 3704 XII,
693 3657 750 3697 ιι.
782 3640 908 3707 779,
935 3650 992 3698 et
1017 3643 1190 3698 Indic.
1211 3644 1277 3697 ad
1315 3655 1560 3700 nostram
1594 3646 1729 3701 bibl.
1761 3646 1858 3703 Gr.
1886 3664 2010 3708 voc.
2045 3651 2384 3723 Nicephorus
2431 3651 2776 3708 Blemmidas.
2811 3679 2880 3690 —
2923 3649 3182 3704 Planudae
3223 3654 3406 3699 tamen
3445 3645 3667 3700 ascribi-

403 3732 554 3788 bitur
587 3733 742 3804 prius
772 3748 999 3789 carmen
1025 3740 1080 3789 et
1107 3739 1336 3806 vocatur
1372 3733 1448 3791 De
1495 3735 1676 3793 urinis
1710 3739 1956 3794 omnium
2007 3742 2322 3796 morborum
2380 3741 2776 3806 humanorum,
2825 3737 3040 3792 Monac.
3072 3737 3126 3791 in
3157 3733 3317 3790 codd.
3356 3733 3548 3787 Bavar.
3581 3733 3671 3799 70,

403 3832 459 3879 et
487 3822 582 3884 72,
608 3821 800 3877 addito
834 3821 903 3876 de
937 3817 1208 3892 sanguine
1237 3823 1644 3894 phlebotomia.
1681 3825 1852 3882 inscr.
1885 3827 1963 3884 De
1988 3829 2255 3884 coloribus
2291 3831 2462 3885 nrinw
2493 3830 2547 3883 in
2577 3828 2818 3882 erunibus
2840 3825 3109 3880 hominum
3138 3823 3361 3877 morbis.
3398 3820 3454 3876 V.
3479 3819 3668 3889 llardt,

399 3913 456 3967 in
481 3911 690 3967 Aretini
735 3910 1058 3983 Beytrtigen,
1093 3921 1228 3977 etc.,
1253 3928 1384 3969 ann.
1419 3915 1582 3980 1804,
1616 3926 1760 3987 part.
1791 3931 1872 3986 tv,
1902 3933 2026 3989 pag.
2053 3918 2126 3973 25
2152 3928 2206 3974 et
2238 3919 2333 3975 55.
2367 3950 2436 3961 —
2472 3917 2651 3972 Leid-ae
2693 3913 2748 3970 in
2781 3915 2919 3970 bibl.
2973 3914 3124 3985 publ.
3158 3914 3301 3966 inter
3346 3909 3505 3966 codd.
3541 3909 3672 3965 Vos-

399 4003 544 4058 sian.
581 3999 849 4057 Planudis
905 3999 1114 4072 aliquid
1163 4001 1234 4057 de
1274 4003 1470 4059 uriuis.
1519 4002 1580 4060 γ.
1639 4005 1763 4061 Cat.
1823 4007 1960 4063 bibl.
2013 4007 2172 4064 Leid.
2222 4025 2275 4078 p.
2336 4006 2465 4074 402,
2516 4007 2704 4072 n.18;
2757 4005 2811 4060 in
2861 4002 2981 4058 Cat.
3039 4011 3220 4057 autem
3261 4014 3397 4057 mss.
3424 3999 3578 4070 Angl.
3605 3997 3675 4064 ll,-

390 4110 459 4166 ιι.
483 4091 647 4160 2501,
675 4091 822 4148 inter
846 4091 1012 4147 codd.
1048 4091 1304 4148 Vossian.
1345 4094 1669 4151 inscribitur
1700 4113 1716 4153 :
1744 4093 1900 4153 Max.
1935 4096 2096 4153 Plan.
2147 4097 2489 4166 prognostica
2535 4097 2598 4149 de
2640 4095 2830 4148 urinis.
2875 4118 2944 4130 -—
2971 4089 3320 4160 Dijudueatio
3378 4086 3672 4142 vitrearqu

400 4183 689 4237 urinarum
720 4190 776 4236 et
802 4179 872 4235 de
899 4179 1182 4238 coloribus
1210 4196 1278 4237 ac
1302 4181 1627 4238 sedimentis
1656 4185 2003 4249 earumdem,
2044 4184 2101 4241 in
2130 4185 2299 4240 catal.
2331 4201 2465 4240 mss.
2505 4182 2744 4238 Zenonis
2768 4180 3091 4236 Pistoriens.
3140 4175 3199 4231 γ.
3234 4174 3405 4230 Lamii
3447 4174 3676 4229 Delicias

399 4270 600 4326 erudit.
629 4283 762 4323 ann.
792 4265 952 4332 1745,
984 4283 1037 4337 p.
1068 4268 1196 4324 107.
1227 4299 1295 4312 ος
1341 4269 1580 4342 Blosquae
1615 4271 1670 4326 in
1694 4271 1819 4329 cod.
1880 4289 2009 4346 syno

2061 4312 2076 4328 .
2124 4273 2252 4336 549,
2289 4290 2346 4330 ιι.
2386 4273 2474 4330 57.
2529 4273 2684 4327 Plan.
2721 4271 2860 4341 “api.
2900 4269 3120 4323 πάντων
3149 4266 3257 4319 τῶν
3287 4264 3536 4334 αἱμάτων
3571 4264 3671 4331 τῆς

397 4359 788 4436 φ’·εὸοτομὶας.
844 4356 974 4413 luit.
1001 4357 1158 4414 Μάοε
1181 4360 1276 4414 καὶ
1306 4358 1377 4414 τὰ
1398 4361 1631 4431 αἵματα..
1664 4362 1724 4420 γ,
1771 4361 2007 4418 ΜθιιΙιεξί

1181 4360 1276 4414 καὶ
1306 4358 1377 4414 τὰ
1398 4361 1631 4431 αἵματα..
1664 4362 1724 4420 γ.
1771 4361 2009 4418 Matthaai
2045 4376 2163 4422 not.
2200 4367 2296 4422 cit.
2331 4383 2382 4436 p.
2415 4366 2543 4422 259..
2572 4366 2775 4435 (11;ιι“1;)

363 4445 379 4457 ”
473 4451 565 4506 54.
596 4446 929 4507 Aristotelem
954 4453 1019 4507 de
1051 4453 1268 4510 Plantis
1301 4469 1366 4509 ex
1397 4453 1584 4526 lingua
1620 4451 1828 4510 Punica
1872 4453 2006 4522 (imo
2035 4469 2103 4511 ex
2134 4455 2348 4522 Latino,
2384 4461 2685 4529 interprete
2709 4453 2784 4529 (ὁ)
2833 4452 3000 4522 Galli,
3045 4447 3234 4506 nesci-0
3263 4446 3441 4518 cujus,
3473 4445 3565 4517 qui
3599 4463 3666 4502 ex

395 4542 632 4598 Arabico
677 4541 942 4614 verterat)
981 4543 1036 4597 in
1065 4544 1311 4600 Graecam
1342 4545 1645 4600 retraxisse
1667 4542 1995 4613 Planudem,
2021 4553 2177 4601 notat
2208 4543 2499 4601 Simlcrus.

467 4651 558 4706 55.
589 4649 845 4720 AEnigma
872 4664 976 4705 ms.
1011 4650 1065 4704 in
1101 4649 1235 4705 bibl.
1261 4647 1530 4713 Cassarea,
1563 4649 1728 4720 incip.
1764 4649 1983 4722 ἐρήμην
2014 4651 2077 4706 πό

2066 4651 2146 4708 ἅτε
2179 4651 2483 4720 δικασθεξς,
2508 4651 2728 4724 (Potin)
2757 4653 2812 4708 in
2836 4650 3112 4720 θωμεειδ,
3144 4665 3203 4706 n.
3235 4648 3291 4705 5.
3326 4644 3390 4702 V.
3414 4643 3676 4701 Lambec.

397 4740 554 4810 V,.p.
588 4740 715 4802 544,
749 4737 900 4793 ΚοΙΙ.
936 4737 1065 4792 add.
1099 4739 1164 4792 ad
1198 4754 1253 4794 n.
1281 4737 1376 4792 21.
1401 4736 1616 4810 (Ηανι.)
1790 4812 1792 4814 ν

466 4829 558 4886 56.
590 4827 1205 4900 Λάαςίοτιιηιϐεηιανίιε
1235 4838 1365 4896 tres,
1396 4845 1540 4899 smpe
1571 4843 1601 4883 a
1635 4829 1758 4886 Nic.
1787 4829 2070 4886 Contneno
2097 4829 2366 4886 citantur.

469 4920 561 4976 57.
593 4917 908 4972 Additiones
940 4917 1009 4971 ad
1041 4915 1419 4972 bibliothecam
1442 4917 1664 4984 Photii;
1688 4920 1762 4974 id.
1800 4935 1854 4988 p.
1892 4919 1980 4981 16,
2011 4919 2104 4984 21,
2125 4929 2236 4976 rtc.

370 5011 372 5014 ’
470 5011 561 5066 58.
597 5007 900 5078 Pliilologia
926 5007 991 5061 de
1013 5007 1240 5063 historia
1278 5008 1498 5079 Dictyos
1526 5019 1576 5064 et
1611 5009 1800 5064 Troico
1836 5009 1969 5063 bello

1337 5010 1498 5079 ictyos
1526 5019 1576 5064 et
1611 5009 1800 5064 Troico
1836 5009 2010 5073 bello;
2037 5009 2114 5063 id.
2147 5023 2202 5077 p.
2236 5009 2363 5070 587,
2394 5019 2621 5076 praenot.
2648 5019 2947 5081 mystagog.

473 5099 813 5174 ιΒασιλικὸς,
842 5097 896 5152 in
917 5095 1046 5152 cod.
1071 5095 1386 5168 Mosquensi
1412 5099 1605 5169 synod.
1632 5098 1737 5154 502
1756 5141 1771 5165 ,
1798 5115 1853 5153 n.
1883 5099 1970 5152 81.
1994 5097 2083 5152 Inc

2062 5113 2109 5156 c.
2148 5101 2417 5162 Πο>.).ἁκι;
2443 5119 2535 5171 μοι
2569 5101 2912 5169 λογίσασθαι.
2950 5099 3074 5156 Viti.
3106 5099 3340 5155 Mattluci
3369 5096 3539 5152 Notit.
3574 5095 3672 5150 cit.

401 5207 454 5257 p.
497 5189 714 5244 199.-
748 5185 890 5241 Ibid.
922 5201 978 5258 p.
1008 5184 1138 5252 252,
1184 5188 1241 5241 in
1272 5186 1398 5242 cod.
1449 5187 1592 5256 594,
1628 5204 1684 5241 ιι.
1731 5187 1817 5253 14,
1867 5188 2011 5257 incip

2085 5205 2280 5260 opusc.
2333 5190 2608 5260 quoddam
2662 5191 2944 5259 Plattudtc,
2997 5182 3334 5262 Ἐρωτητέόν
3383 5186 3668 5258 πρότερον.

396 5274 630 5351 (Harl.)]

475 5364 859 5440 [Τεχνολογῐαι
900 5365 994 5420 καὶ
1025 5364 1314 5438 μερισμοι.
1353 5394 1418 5406 -
1442 5364 1810 5436 Teclrnologice
1851 5377 1898 5421 et
1932 5367 2085 5433 partit

2069 5367 2281 5422 ’culnres
2298 5369 2543 5439 qaa’dam
2574 5369 2924 5433 expositiones
2961 5369 3014 5422 in
3051 5365 3365 5423 Philostrati
3390 5357 3679 5433 imagines.‘

396 5461 577 5529 lncip.
610 5457 684 5511 Τὸ
713 5453 1064 5520 ἀσπάζεσθαι
1100 5455 1195 5508 καὶ
1216 5455 1276 5508 τὸ
1312 5454 1509 5522 φιλεῖν,
1544 5461 1652 5509 etc.
1683 5453 1929 5510 Florent.
1959 5458 2006 5511 in

2057 5460 2168 5513 30d.
2200 5459 2462 5512 Laurent.
2495 5458 2526 5511 7
2546 5497 2561 5521 ,
2593 5475 2648 5512 ιι.
2673 5457 2729 5523 6,
2763 5459 2902 5528 plut,
2938 5457 3026 5521 55,
3055 5453 3173 5510 sine
3201 5454 3419 5509 nomine
3447 5450 3667 5521 quidem

399 5547 683 5616 auctoris;
719 5543 864 5614 quod
915 5555 1098 5598 tamen
1131 5543 1428 5600 adnotante
1463 5542 1698 5600 Bandin.
1727 5547 1779 5599 in
1813 5543 1929 5601 Cat.
1957 5550 2049 5603 cit.
2084 5546 2144 5601 11.
2180 5564 2232 5617 p.
2262 5549 2394 5614 246,
2427 5546 2643 5602 Fabric.
2669 5548 2880 5617 (supra,
2906 5546 3016 5602 vol.
3041 5546 3084 5598 γ
3107 5586 3121 5608 ,
3153 5561 3208 5614 p.
3241 5542 3413 5612 550,§
3444 5542 3498 5609 5)
3524 5539 3666 5619 Dia!-

404 5637 668 5694 Planudae
691 5631 996 5690 attribuere
1027 5633 1343 5689 videtur.—
1376 5634 1512 5690 lhid.
1556 5635 1608 5689 in
1638 5635 1762 5689 eod.
1788 5637 1913 5689 cod.
1951 5651 2010 5688 ιι.
2034 5635 2087 5700 8,
2125 5635 2442 5693 Philostrati
2475 5635 2729 5703 lleroica,
2754 5634 3021 5690 translata
3051 5634 3119 5689 ab
3150 5634 3402 5687 lialorutu
3435 5627 3671 5684 dialecto

472 5794 550 5861 (τι)
591 5792 754 5863 Atqui
800 5789 1294 5863 Ursinus_videt_ur
1329 5787 1702 5863 antlinIOgiam
1731 5785 1980 5863 Cephalre
2087 5788 2329 5863 Collatii.

401 5847 702 5936 rospicerej,
738 5875 792 5917 et
816 5847 913 5936 ven
939 5863 1024 5914 his
1056 5859 1242 5936 grsiui
1298 5860 1480 5936 verbis
1519 5847 1776 5928 cullngcre
1800 5847 1976 5936 ilicet,
2089 5861 2234 5936 ___(b)
2274 5860 2429 5936 Yide,
2454 5878 2576 5934 qua
2605 5860 2792 5921 notavi
2823 5859 2919 5918 lib.
2951 5875 3036 5928 ut,
3071 5874 3194 5936 cap.
3221 5857 3275 5926 5,
3310 5853 3339 5928 ς
3402 5851 3466 5908 19
3531 5847 3669 5925 [volo

407 5930 584 6002 ipsum
619 5934 773 5988 illum
795 5934 1038 5988 codicem
1066 5931 1370 5985 Palatinum
1408 5930 1575 5986 fusse
1605 5939 1761 5987 antea
1787 5931 1980 6001 Angcli
2088 5930 2178 6001 lll,
2205 5948 2254 6002 p.
2279 5933 2348 5989 21
2367 5933 2433 6002 i1.
