4076 6504
452 438 554 503 991

1732 439 2029 503 MAXlMl
2061 407 2441 501 Pramum

3610 493 3615 497 .
3675 444 3787 507 992

453 558 591 613 lim?
618 558 733 623 Qua
780 556 993 613 ratione
1043 556 1177 612 mihi
1213 557 1502 627 imperem,
1536 563 1597 611 ut
1626 572 1735 612 non
1766 557 2072 617 altissimo.

2179 577 2235 624 ες
2267 560 2578 620 κωλύωσιν.
2635 553 2679 612 ὦ
2722 560 2915 614 πασῶν
2973 562 3203 631 ἡμερῶν
3257 563 3652 634 ἀλγεινοτάτη
3690 584 3788 632 μοι

450 651 585 706 ﬂetu
629 651 968 719 planctuque
1007 649 1339 710 exclamem,
1379 646 1601 704 etiamsi
1647 664 1810 704 nemo
1846 648 2048 703 admit-

455 753 555 808 tat,
593 744 686 797 sed
739 758 933 797 omnes
968 742 1345 812 prohibeant?
1380 738 1427 797 Ὁ
1455 743 1772 797 tristissima
1802 742 2049 796 omnium

453 840 665 892 dierum
699 836 815 891 dies
865 852 988 905 quae
1029 847 1143 891 tum
1193 837 1326 891 mibi
1395 852 1456 892 cs
1514 847 1724 901 exorta,
1777 852 1903 892 cum
1955 835 2050 891 Fi-

456 930 588 981 lium
621 928 727 981 vidi
778 944 808 983 e
856 928 1009 998 ligno
1045 944 1378 998 suspensum
1448 930 1731 1000 clavisque
1760 928 2048 1000 perﬁxum,

453 1029 509 1075 et
541 1020 680 1072 latus
710 1018 833 1088 ejus
875 1019 1034 1074 basta
1085 1027 1361 1090 apertum,
1406 1034 1568 1090 atque
1610 1024 1788 1089 ipsum
1821 1036 1884 1075 ea
1920 1035 2053 1091 per-

454 1111 777 1181 petientem,
812 1110 880 1165 ad
938 1126 1060 1179 qua:
1116 1126 1215 1165 nec
1260 1111 1510 1164 animum
1550 1111 1839 1165 advertere
1886 1125 2050 1179 queo.

452 1203 566 1256 Cur
617 1203 759 1256 banc
825 1218 933 1256 non
996 1218 1026 1256 e
1088 1216 1328 1272 corpore
1392 1203 1568 1257 evulsi
1635 1202 1899 1267 animam,
1926 1218 2050 1255 cum

455 1295 816 1350 acerbitatem
884 1294 1031 1347 illam
1094 1294 1197 1348 sim
1274 1296 1470 1350 intuita
1531 1307 1856 1364 praesentem
1929 1311 2054 1367 qua:

454 1386 622 1439 etiam
682 1398 852 1448 nunc,
905 1383 1123 1451 quoties
1185 1383 1252 1435 ad
1317 1385 1639 1437 memmium
1698 1399 1919 1447 l't:tht0,
1970 1396 2055 1436 me

457 1493 607 1547 pene
638 1475 962 1531 exanimat?
1006 1474 1118 1530 lleu
1151 1486 1324 1540 tuam,
1362 1485 1509 1543 nate,
1558 1476 1786 1540 caedem,
1821 1477 1924 1529 beo
1958 1476 2057 1528 ite-

459 1586 580 1625 rum
617 1580 782 1640 atque
813 1570 1040 1632 iterum,
1071 1584 1239 1639 quam
1269 1569 1476 1639 injuste
1521 1571 1672 1625 cruci
1724 1586 1783 1624 es
1831 1568 2054 1633 affixus,

416 1672 625 1733 'quam
698 1664 886 1733 inique
943 1662 1115 1718 clavis
1162 1677 1222 1717 es
1289 1678 1609 1731 percussus,
1662 1678 1829 1733 quam
1890 1662 2057 1731 impie

461 1756 620 1810 basta
653 1756 794 1809 ictus
823 1755 837 1809 ι
869 1754 1146 1810 Gravibus
1179 1764 1234 1807 tu
1266 1769 1492 1822 pressus
1533 1755 1713 1816 malis,
1757 1769 1824 1808 ex
1861 1757 2057 1806 burna-

462 1848 551 1903 nis
584 1847 865 1918 migrasti;
914 1847 1267 1916 gravioribus
1312 1862 1444 1902 vero
1471 1862 1570 1917 ego
1602 1846 1801 1901 aﬂlicta
1839 1846 2053 1915 cingor.

461 1945 718 2014 Optatius
750 1945 894 1998 enim
940 1952 1045 2008 est,
1082 1954 1312 1998 mortem
1357 1944 1533 2009 obire,
1567 1956 1726 2012 quam
1776 1942 1831 1997 in
1863 1942 2053 1999 dolore

468 2038 677 2093 vivere.
713 2036 889 2103 Quam
933 2037 1217 2091 miseriam
1253 2036 1454 2108 primo,
1498 2051 1665 2105 quam
1705 2035 1924 2091 deﬂebo
1951 2050 2056 2106 po-

460 2130 713 2186 stremo?
744 2130 898 2187 Totis
926 2130 1060 2184 milii
1094 2145 1235 2201 opus
1274 2130 1415 2185 foret
1445 2128 1764 2185 ﬂuminibus
1790 2131 1842 2183 in
1872 2130 2057 2201 lacry-

464 2236 583 2276 mas
612 2222 786 2277 versis
807 2265 823 2287 ,
867 2222 914 2276 si
946 2222 1246 2292 unicuique
1279 2222 1604 2291 singulan
1638 2238 1818 2278 essem
1855 2223 2057 2278 immo-

462 2321 675 2368 ratura.
704 2314 903 2369 illusus
943 2331 1005 2370 es
1059 2324 1138 2376 tu.
1195 2330 1298 2384 ego
1328 2330 1412 2369 me
1446 2314 1664 2385 ploratu
1705 2315 1923 2370 confeci
1953 2330 1970 2384 ;
2000 2325 2057 2370 tu

388 2440 391 2443 η
462 2406 714 2475 colaphis
751 2419 931 2461 etesus
963 2421 1044 2467 es,
1077 2421 1180 2478 ego
1213 2404 1413 2461 faciem
1451 2405 1587 2468 texi.
1622 2406 1883 2461 intuitum
1925 2405 2061 2461 solis

464 2513 820 2570 nequaquam
861 2497 1077 2566 ferens;
1126 2508 1182 2553 tu
1244 2507 1408 2568 sputo
1444 2508 1847 2569 conspurcatus
1884 2496 2063 2553 difﬂu-

465 2588 623 2655 xisti,
655 2604 743 2643 me
777 2589 1076 2658 ignominia
1142 2590 1247 2645 ista
1297 2589 1501 2660 coegit,
1551 2598 1720 2644 totam
1753 2605 1840 2645 me
1890 2589 2067 2658 lacry-

469 2682 577 2736 mis
619 2682 903 2750 perluere;
948 2693 1002 2735 tu
1040 2698 1281 2753 purpura
1308 2697 1432 2736 cum
1466 2681 1745 2737 derisione
1795 2696 1855 2736 es
1906 2682 2068 2736 indu-

471 2784 586 2836 tus,
622 2773 754 2827 mibi
791 2774 836 2828 si
874 2777 999 2843 quis
1030 2789 1253 2830 saccum
1292 2774 1580 2844 lugubrem
1626 2773 1964 2842 porrexisset
1988 2773 2065 2845 (ϐ)

471 2861 711 2915 libenter
771 2861 1175 2932 amplexantem
1237 2864 1504 2928 vidisset;
1570 2872 1722 2918 tuum
1792 2864 2069 2919 arundine

472 2962 642 3025 caput
689 2963 774 3010 est
812 2970 1158 3025 percussum,
1196 2970 1299 3026 ego
1357 2972 1538 3011 meum
1596 2967 1763 3026 caput
1812 2958 2071 3012 manibus

480 3045 751 3110 contudi;
807 3055 864 3101 tu
920 3045 1108 3117 ﬂagris
1156 3047 1399 3102 laniatus
1452 3064 1536 3113 cs,
1586 3063 1690 3118 ego
1757 3064 1845 3104 me
1901 3058 2070 3104 totam

473 3142 739 3212 discerpsi
795 3160 809 3198 :
863 3151 921 3197 tu
954 3159 1256 3214 suspensus
1299 3158 1393 3209 es,
1422 3160 1522 3215 ego
1569 3162 1679 3214 prae
1704 3145 1897 3201 dolore
1936 3161 2075 3200 cou—

2153 654 2496 725 ἀνασχοῦσα,
2531 654 2660 709 καθ’
2687 656 2756 726 ἢν
2779 656 2872 709 τδν
2899 655 3030 709 Υίὸν
3076 655 3217 713 εἶδον
3246 660 3303 713 ὲν
3340 659 3506 727 ξύλῳ
3565 677 3791 729 κρεμτ-

2156 748 2376 815 σθέντα,
2436 748 2889 819 προσηλωθέντα,
2937 749 3105 823 λόγχῃ
3145 751 3243 821 τὴν
3308 752 3585 820 πλευρὰν
3643 752 3787 823 opu-

2154 839 2357 905 γέντα,
2394 838 2569 894 τᾶλλα
2625 838 2899 906 παθόντα,
2944 836 3027 904 οἷς
3081 843 3204 895 οὐδὲ
3238 842 3636 912 προσϐάλλειν
3686 844 3792 914 τὴν

2154 928 2399 982 διάνοιαν
2458 930 2637 999 φέρω.
2699 929 2825 992 Πῶς
2869 931 2970 984 οὐκ
3035 918 3329 1005 ἀτέέρῤηξα
3401 934 3518 1002 τὴν
3570 935 3790 1005 ψυχὴν,

2154 1021 2321 1087 ἡνίκα
2346 1020 2417 1072 τὰ
2440 1021 2619 1091 πικρὰ
2652 1021 2829 1076 ταῦτα
2860 1024 3110 1094 παρόντα
3142 1024 3377 1095 Eropum;
3428 1025 3656 1097 Ὅπρτε
3692 1028 3792 1079 καὶ

2157 1111 2276 1171 νῦν,
2317 1110 2384 1164 ἂν
2418 1113 2629 1164 τούτων
2683 1112 2939 1181 μνησθῶ,
2992 1114 3161 1182 ἐγγὺς
3200 1114 3310 1177 ,τοῦ
3369 1116 3794 1185 καταστρέψαι

2156 1208 2382 1274 γίνομαι
2402 1208 2501 1275 τὴν
2532 1207 2682 1276 ζωήν
2711 1223 2726 1274 ;
2759 1206 3037 1275 Οῐμοιτῆς
3061 1208 3184 1274 σῆς,
3210 1202 3255 1263 ὧ
3275 1210 3505 1277 τέκνον,
3532 1213 3794 1279 σφαγῆς

2158 1301 2308 1366 οἴμοι
2346 1301 2492 1367 μάλα
2528 1297 2710 1362 αὖθις,
2753 1300 2830 1363 ὡς
2870 1301 3072 1363 ἀδίκως
3120 1301 3509 1369 ὲσταύρωσαι,
3545 1302 3630 1364 ὡς
3662 1304 3792 1356 ἀνό-

2162 1410 2279 1461 μως
2315 1394 2701 1462 προσηλῶσαι,
2734 1393 2809 1457 ὡς
2839 1395 3075 1457 ἀνοσίως
3104 1395 3450 1465 λελόγχευσα
3464 1414 3505 1448 ι.
3543 1395 3645 1448 Ἐν
3673 1396 3791 1449 δει-

2159 1488 2271 1547 νοῖς
2301 1487 2403 1553 μὲν
2429 1486 2490 1552 ἐξ
2518 1486 2828 1555 ἀνθρώπων
2867 1489 3142 1558 μετέστης
3187 1488 3352 1551 αὑτός
3385 1505 3406 1522 ο
3438 1491 3505 1541 ἐν
3542 1489 3794 1542 δεινοτέ-

2162 1597 2276 1646 ροις
2296 1580 2352 1632 δὲ
2381 1580 2735 1650 κατελήφθην
2775 1580 2907 1649 ἐγὼ.
2961 1581 3070 1635 Τοῦ
3129 1582 3237 1651 γὰρ
3296 1582 3354 1633 ἐν
3412 1581 3579 1655 λύπῃ
3636 1564 3807 1651 βιοῦν⁸

2141 1670 2389 1735 ’ἄμεινον
2434 1672 2497 1724 ea
2524 1671 2731 1726 θανεῖν.
2784 1671 2851 1724 Τί
2882 1674 2994 1725 τῶν
3043 1672 3392 1743 παθημάτων
3428 1672 3698 1742 πρῶτον,
3733 1672 3790 1723 τί

2160 1761 2211 1816 δ’
2258 1760 2494 1814 ὕστατον
2545 1762 2955 1832 ἁποδύρωμαι;
2986 1761 3170 1817 Ὀλων
3223 1780 3314 1833 μοι
3353 1762 3443 1816 δεῖ
3504 1762 3794 1830 ποταμῶν

2167 1856 2554 1922 μεταστάντων
2581 1856 2659 1918 εἰς
2684 1854 2920 1925 δάκρυα,
2942 1855 2990 1906 εί
3020 1857 3135 1918 τοῖς
3164 1855 3288 1908 κτθ⁹
3317 1854 3572 1908 ἕκαστον
3596 1854 3792 1924 μέλλω

2161 1945 2461 2010 ἐπεξιέναι.
2497 1947 2884 2017 Ἐνεπαίχθηςο
2920 1946 3034 2016 ἐγὼ
3059 1948 3115 2000 δὲ
3144 1949 3275 2018 περ)⁵
3297 1948 3551 2016 θρήνους
3585 1948 3797 2001 ἐσπού-

2158 2036 2321 2090 δασα.
2379 2035 2794 2109 Ἐρῤαπίσθης’
2856 2035 2967 2113 ἐγὼ
3024 2036 3204 2090 sese
3255 2038 3567 2107 πρόσωπον
3630 2054 3788 2090 συνε-

2160 2126 2403 2193 κάλυψα.
2426 2129 2501 2196 μὴ
2523 2128 2764 2198 φέρουσα
2789 2128 2881 2181 τὸν
2905 2110 3059 2198 ἥλιον
3090 2128 3332 2199 βλέπειν.
3359 2129 3487 2182 Ἐνε
3498 2128 3785 2198 πτύσθης·
3860 2109 3870 2117 ’

2164 2224 2291 2288 ἐμοὶ
2325 2222 2474 2276 δὲτὸ
2529 2222 2703 2286 πάθος
2750 2222 3050 2277 ἐπέταττεν
3090 2222 3221 2291 ὅλην
3286 2223 3553 2291 ἐμαυτὴν
3602 2223 3791 2277 λούειν

2161 2316 2272 2376 τοῖς
2309 2313 2565 2382 δάκρυσι.
2628 2311 2926 2383 Πορφύραν
2981 2312 3122 2381 μετὰ
3179 2311 3426 2377 γέλωτος
3462 2313 3742 2382 ἐνεδύθης
3773 2326 3790 2343 ’

2167 2409 2293 2471 ἐμοὶ
2325 2405 2372 2459 δ’
2427 2407 2481 2460 εί
2508 2423 2595 2468 τις
2636 2405 2869 2468 πένθους
2918 2404 3094 2475 ὤρεγε
3140 2407 3365 2471 σάκκον,
3406 2407 3683 2474 ἀσμένως
3714 2399 3791 2457 εἴ·

2164 2499 2254 2551 δεν
2286 2497 2353 2551 ἂν
2386 2497 2822 2568 ὑποδεχομένην.
2854 2496 3105 2564 Καλάμῳ
3174 2494 3275 2568 τὴν
3332 2495 3608 2566 κεφαλὴν
3657 2496 3790 2549 ἐτυ-

2167 2589 2408 2659 πτήθης·
2440 2588 2554 2657 ἐγὼ
2578 2588 2623 2642 δ’
2655 2590 2907 2660 ἐμαυτῆς
2935 2588 3182 2659 κεφαλὴν
3208 2589 3541 2658 ὲκοπτόμην
3567 2587 3786 2658 χερσίν.

2182 2681 2681 2754 Ἐφραγγελλώθης
2705 2698 2719 2711 ·
2754 2680 2866 2749 ἐγὼ
2895 2681 2941 2736 δ’
2976 2682 3231 2752 ἐμαυτὴν
3279 2681 3415 2751 ὅλην
3476 2681 3786 2743 κατέεανα.

2170 2775 2577 2846 Ἀνηρτήθης·’
2611 2772 2723 2841 ἐγὼ
2774 2773 2820 2827 δ’
2875 2773 2982 2826 ὑπὸ
3044 2773 3141 2843 τῆς
3207 2773 3401 2843 ὀδύνης
3442 2773 3783 2825 κατέπεσον.

2174 2865 2580 2939 Προσηλώθης·
2619 2865 2735 2935 ἐγὼ
2774 2864 2822 2919 δ’
2846 2866 3109 2936 ἀκίνητος
3152 2865 3370 2936 ἔμεινα.
3411 2865 3604 2934 Χολὴν
3655 2865 3785 2916 ἐπο-

2173 2962 2365 3030 τίσθης
2404 2961 2503 3012 σὺν
2530 2960 2663 3024 ὄξει·
2703 2959 2802 3030 τὴν
2834 2958 2879 3012 δ’
2918 2959 3164 3028 ἐμαυτῆς
3201 2961 3433 3027 πικρίαν
3468 2959 3590 3021 πῶς
3619 2958 3781 3017 δυνη-

2177 3054 2255 3106 θῶ
2291 3053 2545 3123 φράσαις
2578 3050 2946 3117 Ίίξέπνευστς
2978 3068 2993 3083 ·
3060 3051 3172 3119 ἐγὼ
3230 3050 3289 3105 δὲ
3340 3052 3503 3121 παρᾶ
3560 3055 3779 3119 μικρο).

2192 3145 2561 3213 Ἐλογχεύθης
2584 3159 2600 3173 ”
2636 3144 2775 3214 ἐμοῦ
2806 3144 2862 3198 δὲ
2896 3144 2993 3212 τὴν
3056 3144 3289 3214 καρδίαν
3349 3143 3517 3214 ξίφος
3565 3140 3779 3210 διῆλθεν

474 3237 583 3291 ridi
607 3254 623 3305 ;
653 3246 708 3292 tu
737 3237 909 3294 clavis
934 3239 1087 3295 cruci
1115 3254 1175 3295 es
1206 3240 1426 3301 aﬂixus.
1451 3256 1552 3310 ego
1579 3241 1752 3310 rigida
1771 3251 1825 3296 et
1848 3241 2070 3295 immota

2178 3237 2299 3303 ὀξύ.
2330 3239 2441 3291 Καὶ
2470 3238 2566 3290 νῦν
2592 3237 2837 3290 ὕστατον
2857 3238 2913 3289 ὲν
2946 3236 3105 3307 τάφῳ
3133 3238 3313 3289 κεῖσαι
3351 3236 3582 3308 νεκρός.
3623 3230 3780 3299 Tagi

477 3332 696 3401 mansi;
727 3339 786 3386 tu
832 3331 905 3387 fel
938 3347 1066 3387 cum
1103 3344 1260 3388 aceto
1307 3333 1520 3394 bibisti,
1577 3348 1755 3387 meam
1798 3334 2071 3388 amaritu-

484 3422 670 3477 dinem
707 3438 819 3493 quo
871 3432 1033 3495 pacto
1093 3423 1284 3494 eloqui
1345 3422 2075 3495 possem?esspirasti,ego

481 3516 873 3586 propemodum
913 3518 1112 3572 :hasta
1156 3518 1439 3573 sauciatus
1510 3533 1591 3582 es,
1633 3534 1816 3573 meum
1869 3533 1971 3575 cor
2032 3528 2229 3575 acutus
2286 3517 2595 3589 penetravit
2643 3519 2796 3572 ensis

2187 3330 2232 3382 δ’
2265 3328 2577 3401 ἀθλιώτεροι
2607 3329 2719 3399 καὶ,
2740 3328 2981 3407 νεκρῶν,
3020 3328 3117 3383 καὶ
3150 3327 3364 3405 πολλῶν
3392 3327 3654 3383 θανάτοιν
3685 3326 3773 3393 βα-

2190 3425 2317 3496 ρύτε
2328 3443 2419 3496 ρα.

2843 3532 2859 3570 :
2908 3515 3144 3586 denique
3206 3529 3354 3569 nunc
3413 3516 3477 3568 in
3532 3510 3775 3582 sepulcro

483 3615 633 3684 iaces
668 3622 947 3682 mortuus,
1005 3630 1129 3671 mea
1161 3613 1411 3671 conditio
1441 3615 1612 3671 etiam
1644 3623 1992 3671 mortuorum
2033 3615 2363 3671 conditione
2404 3624 2489 3670 est
2539 3612 2910 3670 miserabilior
2950 3620 3007 3667 et
3051 3609 3238 3666 multis
3264 3610 3459 3665 mortis
3497 3604 3766 3681 generibus

485 3726 732 3781 gravror.

557 3803 782 3860 Utinam
812 3802 867 3857 in
901 3799 1145 3872 Egypto
1172 3810 1350 3856 tecum
1380 3808 1435 3855 et
1463 3809 1687 3872 propter
1721 3809 1777 3857 te
1800 3842 1815 3866 ,
1850 3800 1954 3857 Fili
1981 3801 2079 3866 mi,

487 3896 622 3953 illuc
652 3893 921 3964 profecta,
954 3892 1314 3963 mansissent.
1341 3908 1444 3948 nec
1471 3894 1585 3948 ulla
1617 3894 1703 3949 via
1761 3893 1830 3949 ad
1856 3892 2082 3951 Iudaeos

489 3988 843 4043 revertissem
866 3986 880 4039 i
905 3982 1114 4039 Forsan
1143 3987 1291 4041 enim
1325 4002 1432 4041 non
1465 3987 1765 4043 assiderem
1792 4004 1939 4043 nunc
1961 4004 2086 4043 mu-

428 4072 441 4083 ’
494 4091 549 4136 to
579 4080 708 4135 huic
736 4078 935 4150 lapidi,
968 4078 1138 4148 lapidi
1183 4078 1321 4134 meis
1358 4080 1619 4152 lacryinis
1656 4081 1921 4149 madenti,
1951 4097 2088 4138 mte-

496 4188 677 4228 rorem
721 4185 962 4227 maerore
985 4181 1151 4241 atque
1186 4169 1377 4227 dolore
1427 4172 1737 4227 cumulans.
1771 4172 2091 4243 Opportune

495 4264 917 4327 declinavimus,
940 4279 973 4318 ο
998 4263 1155 4329 Nate,
1185 4273 1315 4320 tunc
1347 4266 1614 4336 temporis
1639 4265 1881 4322 furorem
1915 4264 2092 4323 Hero-

408 4371 415 4378 ‘
498 4358 609 4413 dis.
640 4356 697 4411 In
727 4357 1035 4426 peregrina,
1070 4372 1237 4426 quam
1290 4358 1541 4428 propria,
1598 4373 1774 4429 eaque
1834 4374 1959 4429 quae
1996 4374 2096 4415 nos

499 4449 627 4502 tulit
657 4456 711 4502 et
735 4432 1014 4510 educavit,
1038 4448 1216 4503 .vitam
1239 4446 1502 4504 duximus
1535 4452 1822 4507 tutiorem.
1852 4448 2096 4506 Debebat

500 4537 640 4591 alter
662 4537 875 4592 scilicet
909 4535 1152 4592 Herodes
1181 4538 1381 4611 iterum
1412 4539 1481 4593 ad
1546 4549 1780 4596 mortem
1821 4541 2082 4610 persequi

2266 3794 2355 3859 Ὠς
2382 3794 2594 3864 ὤφελον
2633 3795 2691 3848 ὲν
2710 3791 2975 3864 Αἰγύπτῳ
3020 3791 3226 3862 μένειν,
3257 3787 3493 3860 φίλτατε
3531 3788 3654 3851 Παί,
3684 3781 3773 3837 σὺν

2182 3888 2269 3941 σοι
2299 3891 2393 3941 καὶ
2418 3886 2511 3940 διὰ
2555 3887 2616 3939 σὲ
2646 3884 2938 3952 κατιοῦσα,
2978 3883 3075 3938 καὶ
3138 3882 3406 3953 μηδαμῶς
3452 3882 3596 3954 πρὸς
3651 3877 3805 3931 Ἴου--

2181 3979 2361 4043 δαίους
2390 3979 2674 4032 ἐπανιέναι
2702 3980 2715 4033 l
2749 3977 2886 4031 Οὐδὲ
2914 3979 3024 4047 γὰρ
3056 3976 3125 4030 ἂν
3155 3975 3289 4039 ἴσως
3323 3972 3458 4044 λίθῳ
3511 3970 3605 4027 νῦν
3629 3966 3771 4023 κλαί-

2186 4090 2328 4128 ουσα
2344 4070 2761 4143 παρεκαθήμην
2786 4069 2980 4141 κωφῷ,
3012 4068 3148 4139 λίθῳ
3169 4065 3519 4139 ποτιζομένῳ
3550 4063 3649 4135 μὲν
3666 4060 3770 4118 τοῖς

2193 4169 2353 4239 ἐμοῖς
2387 4166 2677 4238 δάκρυσιν,
2733 4166 2827 4218 ἐπὶ
2858 4165 2917 4219 δὲ
2967 4162 3173 4226 λ’ύπαις
3227 4162 3408 4225 λύπας
3441 4162 3536 4217 καὶ
3583 4154 3770 4214 ὀδύνας

2193 4276 2286 4329 μοι
2309 4256 2677 4328 γεωργοῦντι.
2713 4256 2913 4317 Καλῶς
2941 4257 3176 4320 ἐκεῖνον,
3206 4248 3252 4309 ὧ
3292 4256 3410 4318 παῖ,
3441 4253 3534 4306 τὸν
3582 4246 3767 4320 χρόνον
3846 4281 3855 4290 -

2200 4352 2456 4407 ἐκκλῖναι
2486 4352 2589 4423 τὴν
2630 4350 2874 4421 Ἡρώδου
2913 4349 3115 4420 μανίαν
3156 4351 3293 4421 ημῖν
3345 4343 3641 4413 ἐξεγένετο.
3679 4332 3762 4390 ’Δ-

2197 4445 2578 4517 σφαλέστερον
2613 4444 2711 4498 ἐπὶ
2745 4443 2848 4513 τῆς
2898 4442 3058 4514 ξένης
3084 4441 3119 4514 ἢ
3148 4441 3250 4505 τῆς
3285 4434 3643 4507 ἐνεγκαμένης
3669 4423 3764 4496 τὴν

2195 4539 2414 4593 δίαιταν
2465 4537 2727 4608 ἔσχομεν.
2795 4536 3031 4607 Ἔμελλε
3079 4535 3137 4590 δὲ
3193 4536 3301 4605 ἄρα
3334 4532 3495 4587 πάλιν
3530 4520 3767 4595 Ἡρώδης

502 4629 743 4682 animam
813 4636 986 4695 tuam,
1050 4609 1319 4696 Herodes,
1370 4629 1622 4700 inquam,
1696 4609 1831 4687 cum
1891 4630 2068 4687 Pilato

2196 4631 2387 4703 ἔτερος
2415 4632 2493 4695 είς
2526 4630 2759 4684 θάνατον
2787 4630 2889 4699 τὴν
2912 4628 3097 4699 ψυχήν
3142 4644 3237 4682 σου
3287 4624 3492 4697 ζητεῖν.
3536 4613 3770 4703 Ἡρώδης

505 4721 773 4776 adversus
831 4729 883 4777 te
942 4722 1358 4790 conspiratione
1389 4721 1652 4778 conﬂata.
1707 4723 1890 4794 Atque
1944 4733 2094 4780 nunc

503 4814 727 4884 quidem
762 4820 994 4867 mortem
1029 4813 1285 4882 oppetisti
1338 4822 1417 4879 tu,
1451 4828 1554 4885 ego
1600 4829 1732 4869 vero
1780 4815 2093 4870 miserrima

506 4912 682 4959 mater
711 4905 917 4974 gemitu
946 4904 1306 4961 contabesco.
1338 4902 1669 4960 Deiecerunt
1688 4920 1883 4961 omnes
1909 4907 2092 4970 amici,

506 4990 752 5066 adeoque
783 4997 1061 5067 discipuli,
1090 4997 1169 5051 tui
1202 4997 1456 5068 exemplo
1485 4999 1739 5052 securius
1762 5013 1821 5055 se
1851 5000 2099 5054 contine-

510 5103 571 5143 re
603 5087 749 5143 docti
785 5104 800 5141 :
838 5103 903 5143 ac
973 5089 1305 5144 incumbens
1362 5089 1669 5159 periculum
1705 5089 1831 5159 iuga
1865 5092 2098 5148 evitant.

513 5181 608 5235 Hei
636 5182 803 5235 mihi!
835 5184 981 5251 quod
1012 5182 1179 5236 etiam
1206 5182 1517 5238 latronibus
1549 5182 1705 5253 pejor
1736 5183 1814 5238 sis
1846 5184 2093 5239 ais-tima-

511 5285 625 5342 tus,
658 5285 712 5333 et
742 5254 1014 5331 Bari-abas
1041 5275 1109 5330 ad
1138 5275 1330 5341 vitam,
1365 5285 1419 5330 tu
1445 5275 1511 5330 ad
1542 5285 1774 5331 mortem
1809 5278 1886 5333 sis
1937 5293 2102 5348 expe-

517 5378 530 5419 t
558 5375 669 5422 tus.
707 5366 890 5421 Multis
916 5376 971 5421 tu
992 5366 1216 5438 quidem
1238 5368 1511 5424 matribus
1539 5384 1569 5423 e
1595 5376 1777 5424 morte
1809 5371 2098 5426 restituisti

515 5462 739 5529 liberos,
771 5471 939 5532 atque
966 5463 1020 5517 id
1047 5476 1195 5517 nunc
1221 5463 1484 5533 gaudent,
1508 5472 1564 5518 et
1584 5464 1687 5519 sibi
1713 5467 2100 5534 gratulantur:

518 5555 651 5611 mibi
685 5572 816 5612 vero
839 5556 1035 5626 ecquid
1066 5555 1176 5611 tale
1200 5555 1474 5625 contigit?
1518 5564 1798 5612 mortuum
1832 5565 1885 5612 te
1917 5558 2104 5628 lugere

517 5651 837 5720 unigenam,
890 5648 1278 5721 primigenam,
1308 5663 1409 5702 cur
1462 5662 1575 5704 non
1607 5665 1694 5704 me
1731 5649 2106 5720 prohibuisti?

2200 4702 2303 4778 καῖ
2330 4722 2563 4786 Πιλᾶτος
2587 4723 2716 4795 ἄρτι
2742 4722 2891 4776 κατὰ
2939 4721 3036 4775 σοῦ
3097 4714 3642 4791 συμπεφρονηκότες.
3671 4702 3769 4795 καὶ

2200 4816 2259 4870 δὲ
2291 4815 2388 4871 νῦν
2418 4791 2697 4884 τέθνηκας
2725 4814 2824 4884 μὲν
2854 4812 2941 4879 σὺ,
2976 4812 3150 4867 στένω
3166 4810 3213 4867 δ’
3247 4811 3276 4883 ἡ
3322 4808 3510 4880 μήτηρ
3534 4798 3660 4872 ἐγὼ.
3683 4791 3768 4884 dli-

2202 4908 2286 4962 λοι
2317 4906 2378 4962 τε
2411 4880 2612 4972 πάντες
2666 4880 2896 4978 ᾦγοντο,
2954 4907 3050 4960 καὶ
3110 4880 3374 4976 μαοηέαὶο
3408 4899 3487 4972 τῷ
3539 4888 3673 4950 κατὰ
3715 4880 3766 4978 Ϋὲ

2206 5001 2580 5071 ὑποδείγματι
2625 4975 2748 5070 _
2789 4975 3121 5069 ἀσφαλείας
3149 4994 3461 5066 γενόμενοι,
3497 4986 3638 5061 φυγῇ
3685 4975 3801 5071 τδγ-

2207 5062 2608 5168 ὲπιφερδμενον
2648 5062 3043 5165 ἀνποτρίέονται
3069 5062 3343 5145 κίνδυνον.
3380 5085 3563 5156 οἴμοι,
3593 5062 3768 5168 ὄτωιξιὶ

2206 5189 2222 5202 ι
2355 5190 2377 5201 α

2209 5161 2422 5262 λῃστῶν
2449 5161 2677 5260 *χείρων
2703 5161 3008 5256 λελδγισαι,
3055 5190 3151 5239 και
3182 5180 3479 5253 Βαραϐϐᾶν
3522 5161 3771 5262 μὲν

2172 5331 2180 5339 .
2211 5253 2865 5352 σωτηρίαν-ὲέῃτήσαντο
2885 5295 2900 5312 ο
2932 5281 2995 5332 σὲ
3014 5278 3072 5332 δὲ
3107 5276 3244 5346 πρὸς
3278 5274 3530 5328 θάνατον.
3563 5253 3763 5352 Πολξιαῖῖ

2214 5376 2314 5442 μὲν
2350 5348 2648 5445 ’ρητράσῖν
2682 5348 2965 5432 ανέδωκας
3029 5371 3095 5423 ὲκ
3133 5367 3368 5421 θανάτου
3414 5363 3541 5422 τοὺς
3570 5348 3748 5445 NW!"

2212 5470 2307 5522 καὶ
2340 5442 2597 5539 χαίρουσι
2627 5467 2726 5521 νῦν
2753 5483 2767 5498 ·
2800 5467 2903 5535 ἐμὲ
2924 5465 2980 5518 δὲ
3015 5463 3069 5517 τί
3097 5462 3297 5529 τοῦτος
3351 5450 3545 5528 νεκρδν
3570 5463 3627 5545 σε

2212 5562 2349 5627 νεῖν,
2376 5562 2470 5613 τὸν
2513 5558 2808 5630 μονογενῆ,
2858 5557 2955 5612 τὸν
3013 5558 3388 5628 πρωτότοκον,
3439 5548 3537 5603 οὐκ
3588 5534 3775 5630 ἒκιδίξ⁶

2219 5668 2359 5720 σοιςὲ
2389 5650 2763 5724 ὀμμάτωσας
2804 5652 2905 5723 μὲν
2963 5649 3030 5704 σὺ
3063 5647 3326 5718 τυφλοὺς,
3384 5638 3586 5711 κωφοῖς
3614 5637 3773 5691 παρε-

598 5850 674 5915 (ϋ)
724 5849 760 5901 Α
806 5847 1209 5924 Διιιοτεξὲςιιιιιιιξίει
1240 5849 1377 5924 oliui
1408 5862 1629 5921 recepto
1657 5852 1760 5908 hoc
1821 5854 2059 5924 accepit,

2177 5854 2180 5904 ι
2222 5854 2280 5909 in
2332 5852 2497 5910 rebus
2539 5852 2756 5909 aﬂlictis
2800 5865 3023 5909 saccum
3082 5844 3433 5909 inducebant,
3466 5848 3525 5896 ut
3555 5834 3604 5887 in
3636 5821 3777 5879 Nic.-

532 5930 771 5973 uxorum
805 5919 1034 5975 historia
1069 5925 1300 5992 legimus
1330 5922 1473 5995 (Jun.
1510 5919 1573 5995 ι).
