4076 6504
390 430 510 510 Ὡ93

1337 446 1629 507 ORATIO
1670 446 1756 509 IN
1793 447 2319 512 SEPULTURAM
2353 453 2420 514 D.
2466 454 2541 516 N.
2586 453 2642 516 Ι.
2679 456 2745 516 C.

3571 459 3678 525 εηι

392 579 559 633 σχους
591 561 785 630 ἀκοὴν,
840 559 1157 630 ὲτράνωσας
1193 561 1378 633 φωνην
1414 561 1733 632 μογιλάλου,
1768 563 1975 634 ⁴ίγρτίω-

2081 564 2269 623 Cazcos
2320 567 2538 623 videndi
2595 585 2824 626 munere
2877 570 3130 640 donasti,
3184 572 3373 630 surdis
3426 576 3673 630 auditum

391 670 489 718 σας
521 652 752 715 κυλλοὺς
801 655 994 723 χεῖρας
1063 653 1160 706 καί
1190 653 1382 717 πόδας,
1430 654 1641 724 μυρίων
1673 655 1814 710 ὅσων
1850 654 1980 708 θαυὲ

398 749 590 816 μάτων
641 748 878 815 γέγονας
915 745 1249 815 αὐτουργὸς,
1304 745 1364 798 τὸ
1429 746 1713 815 μέγιστον,
1751 747 1982 817 νεκροὺς

389 841 626 909 ἦγειρας
662 836 737 899 ὡς
762 835 824 900 ἐξ
853 836 1048 889 ὖπνου.
1086 835 1232 903 Ἐγὼ
1261 834 1307 888 δ’
1360 837 1745 906 ὲσεμνυνόμην
1774 837 1980 891 τοιοῦδε

391 933 585 995 llatae;
617 928 898 984 ἀκούουσα
932 932 1137 999 μήτηρ.
1179 922 1254 981 Ob
1312 928 1411 997 μὲν
1461 928 1573 998 γὰρ
1627 929 1735 980 σῶν
1786 932 1978 998 μνήμη

389 1025 713 1093 θαυμάτων,
752 1022 874 1075 ἐκεῖ
934 1022 1031 1074 καὶ
1067 1021 1231 1079 αὐτὸς
1285 1020 1473 1089 παρῆς
1531 1019 1975 1089 εὐφημούμενος.

389 1118 464 1172 oo
496 1117 554 1170 δὲ
595 1118 681 1170 σοι
726 1118 795 1169 τὰ
822 1117 923 1183 τῆς
950 1115 1232 1185 εὐφημίας
1266 1098 1508 1183 ἀνῆγον,
1538 1114 1654 1165 ἐκεῖ
1685 1112 1831 1181 κάμὲ
1883 1112 1981 1182 τὴν

390 1212 734 1279 γεννήσασαν
770 1208 963 1279 ἠξίουν
1000 1205 1333 1275 μακαριοῦν.
1393 1205 1528 1257 Νυνὶ
1582 1203 1641 1257 δὲ
1675 1206 1809 1257 πᾶσι
1859 1202 1987 1256 τού-

392 1320 505 1366 τοις
531 1302 740 1372 βραχὺς
766 1301 970 1370 ἤρκεσε
997 1300 1190 1368 χρόνος
1245 1298 1326 1360 εἰς
1365 1297 1578 1365 δάκρυα
1619 1296 1714 1348 καὶ
1747 1297 1982 1366 θρήνους

399 1394 751 1462 μεταπεσεῖν.
789 1389 1067 1442 Συνέπαθέ
1104 1405 1188 1439 σοι
1228 1387 1323 1440 καὶ
1371 1388 1631 1454 ἡκτίσις,
1678 1385 1796 1437 Υἱέ.
1840 1385 1981 1439 Ἀλλ’

395 1486 423 1536 ὃ
450 1501 506 1536 τι
536 1484 644 1535 τῶν
679 1481 965 1551 στοιχείων
990 1479 1227 1531 ἕκαστον
1274 1478 1376 1531 ἀνὰ
1435 1479 1601 1547 μέρος
1652 1476 1970 1546 ὑπέμεινεν,

394 1575 547 1627 οὐδὲν
576 1574 783 1627 τούτων
809 1568 878 1641 ἦν
909 1571 1139 1638 κοῦφον,
1182 1569 1263 1632 ὡς
1305 1569 1381 1639 μὴ
1410 1567 1700 1639 προσθήκη
1736 1571 1849 1631 τοῖς
1881 1567 1979 1621 άλ-

392 1667 507 1730 λοις
536 1667 834 1735 γενόμενον
887 1665 1077 1732 ἱκανὴ,
1109 1664 1283 1715 πᾶσιν
1317 1663 1456 1731 ’ἅμα
1497 1662 1598 1728 τὴν
1655 1660 1837 1730 ψυχήν
1888 1677 1981 1728 μοι

392 1766 795 1834 καταδραμεῖν.
846 1763 924 1815 Οὐ
981 1763 1090 1832 μὴν
1130 1761 1188 1814 δὲ
1230 1760 1366 1814 ἀλλὰ
1422 1759 1520 1812 καὶ
1571 1760 1787 1829 ἑκάστῳ
1828 1758 1982 1829 ῗςυμ-

394 1856 658 1927 πτώματι
710 1852 1017 1926 προσήκειν
1084 1854 1340 1924 ἐνόμιζον
1376 1856 1610 1923 ἐμαυτῇ,
1647 1851 1981 1921 κατάλληλον

2092 656 2454 723 inslaurasti,
2516 660 2795 729 impeditis
2861 663 3046 734 lingua
3103 679 3290 719 vocem
3343 666 3689 735 explanasti,‘

2091 766 2292 805 manus
2343 759 2398 806 et
2444 752 2610 821 pedes
2647 769 2874 809 mancos
2909 755 2963 808 iu
3026 756 3299 826 integrum
3359 757 3675 821 restituisti,

2089 851 2423 911 quantorum
2467 850 2521 898 et
2560 848 2724 914 quam
2791 846 3087 904 multorum
3153 849 3547 904 miraculorum
3616 862 3675 905 tu

2095 949 2242 988 unus
2291 932 2443 988 fuisti
2475 945 2690 1002 auctor,
2725 951 2788 989 ac
2825 938 2970 1007 quod
3016 936 3253 994 maxime
3282 949 3389 1002 est,
3424 950 3677 996 mortuos

2090 1024 2237 1078 velut
2292 1039 2359 1078 ex
2414 1040 2609 1079 somno
2648 1027 2725 1096 (7)
2789 1029 3165 1084 exsusciiasti.
3212 1030 3322 1101 Ego
3361 1030 3505 1100 quod
3547 1033 3676 1084 talis

2093 1112 2220 1167 Filii
2280 1114 2457 1169 Mater
2518 1131 2767 1177 vocarer,
2804 1118 3102 1187 gloriabor.
3160 1119 3489 1188 Ubicunque
3527 1121 3674 1174 enim

2108 1213 2330 1259 tuorum
2370 1207 2775 1269 miraculorum,
2798 1217 2916 1261 erat
2947 1209 3278 1274 recordatio,
3314 1211 3387 1263 ibi
3412 1218 3465 1264 ιςι
3492 1223 3545 1265 ιιι
3578 1211 3675 1264 be-

2090 1311 2157 1350 ne
2192 1295 2427 1352 audiens
2461 1297 2657 1352 aderas
2689 1314 2705 1365 ;
2751 1316 2859 1364 quo
2888 1314 3014 1354 vero
3042 1300 3118 1353 tui
3149 1300 3289 1354 fama
3328 1281 3673 1368 pervenerat,

2089 1389 2204 1445 illic
2233 1400 2287 1446 et
2315 1406 2424 1455 me,
2451 1406 2585 1460 quae
2613 1400 2666 1446 te
2721 1393 3058 1460 genuissem,
3113 1393 3323 1447 felicem
3372 1395 3676 1463 pra-dican-

2088 1483 2214 1536 dam
2249 1484 2570 1539 censebant.
2621 1483 2787 1559 'Nunc
2823 1500 2958 1539 vero
3005 1486 3261 1555 exiguum
3316 1495 3532 1555 tempus
3593 1499 3675 1540 sat

2092 1574 2214 1638 fuit,
2247 1575 2312 1629 ad
2359 1576 2718 1645 pervertenda
2778 1577 2893 1630 haec
2946 1578 2998 1630 in
3053 1577 3213 1632 ﬂetus
3271 1585 3327 1632 et
3382 1578 3672 1650 lacrymas.

2089 1666 2375 1722 Commota
2406 1677 2490 1723 est
2519 1677 2725 1737 autem,
2751 1668 2890 1725 Nate
2918 1670 3013 1734 mi,
3042 1680 3131 1724 tua
3157 1669 3457 1724 alllictione
3496 1674 3675 1725 omnis

2089 1772 2363 1814 creatura.
2401 1762 2629 1829 Atquod
2662 1764 3095 1832 unumquodque
3126 1764 3528 1817 elementorum
3560 1768 3675 1817 sin-

2093 1852 2315 1920 gulatim
2358 1854 2700 1918 sustinuerit,
2757 1870 2865 1909 non
2925 1854 3146 1909 diﬂicile
3201 1855 3308 1909 fuit
3359 1856 3563 1919 videre,
3606 1872 3675 1910 ne

391 1954 650 2023 dixissent
710 1953 812 2023 τὴν
890 1951 1133 2021 πληγήν.
1207 1951 1609 2021 Ἐσκοτιζόμην
1669 1951 1779 2023 γὰρ
1831 1950 1975 2021 ἡλίου

2087 1960 2192 2016 qua
2225 1948 2470 2001 accessio
2504 1950 2594 2001 tiat
2627 1948 2839 2003 caeteris
2872 1949 3057 2001 animo
3085 1963 3209 2002 meo
3240 1950 3670 2016 pereurreudis:

394 2044 802 2112 σκοτιζομένου
833 2060 847 2075 ο
883 2046 980 2097 καὶ
1013 2044 1115 2114 γῆς
1150 2043 1446 2113 σειομένης
1481 2042 1758 2096 ὲκλονεῖτό
1789 2059 1882 2109 μοι
1917 2041 1986 2094 τὰ

396 2137 536 2207 μέλη
554 2154 565 2164 ·
590 2135 661 2189 ἂν
689 2134 1084 2205 διερρήγνυντο
1109 2133 1311 2203 πέτραι
1342 2136 1438 2186 καὶ
1463 2132 1712 2203 ἐσχίζετο
1749 2131 1986 2186 καταπέ-

393 2244 603 2298 τασμα,
653 2226 776 2279 οὐδὲ
835 2227 935 2295 τῆς
970 2225 1112 2294 ὲμῆς
1159 2218 1393 2296 καρδίας
1433 2226 1466 2295 ἡ
1501 2225 1657 2297 ῥῆξις
1715 2225 1980 2292 ἐφείδετο.

394 2322 680 2390 Μνήματα
710 2315 1045 2388 ἀνεῴγνυτο,
1079 2318 1174 2369 καὶ
1213 2322 1324 2370 τῶν
1372 2318 1468 2370 ἐπὶ
1517 2319 1721 2387 τάφους
1752 2320 1983 2388 ἐκφερο-

400 2414 583 2482 μένων
609 2411 767 2465 οὐδὲν
807 2411 1036 2480 ἄμεινον
1063 2405 1231 2479 εῐχον.
1290 2412 1531 2474 Ποσάκις
1559 2411 1626 2465 ἄν
1677 2428 1759 2475 τις
1799 2414 1982 2481 ἀπηγ-

394 2505 620 2573 γέλλετο
647 2505 756 2557 τῶν
782 2503 1061 2557 Ἰουδαίων
1092 2488 1288 2572 ἐνέδρα
1344 2504 1486 2557 κατὰ
1535 2504 1653 2571 σοῦ,
1687 2507 1784 2558 καὶ
1817 2505 1982 2575 χαλε-

393 2598 640 2667 πώτερον
666 2595 776 2665 ἐγὼ
806 2595 902 2648 τοῦ
935 2596 1400 2665 σκευωρουμένου
1428 2597 1520 2649 τὸν
1556 2598 1802 2650 κίνδυνον
1831 2599 1982 2668 ὑφω-

396 2688 611 2761 ρὼμην.
639 2689 716 2742 Οὐ
747 2687 860 2757 γὰρ
894 2687 1031 2756 ἠφίη
1057 2687 1116 2739 τὸ
1170 2689 1300 2757 περὶ
1366 2688 1425 2739 σὲ
1459 2686 1682 2758 φίλτρον
1741 2691 1834 2741 ἐπὶ
1885 2706 1982 2759 με-

393 2783 562 2852 τρίων
590 2786 683 2835 τὸν
710 2781 996 2850 λογισμὸν,
1028 2779 1144 2832 ἀλλ’
1175 2778 1507 2833 ὑπώπτευον
1542 2781 1677 2850 περὶ
1704 2781 1801 2834 σοῦ
1830 2782 1935 2836 ἆπε
1947 2799 1977 2852 ρ

392 2875 512 2928 οὐδὲ
563 2874 692 2945 περὶ
724 2872 891 2926 αὑτοῦ
923 2890 1007 2935 τις
1040 2872 1405 2926 ὑπώπτευσεν
1451 2873 1539 2928 ἄν.
1572 2874 1779 2938 ,Λίθους
1827 2876 1978 2945 αίρο-

398 2967 593 3036 μένους
644 2966 857 3038 ηκουσα
913 2965 1059 3018 κατὰ
1103 2965 1223 3028 σοῦ,
1282 2967 1380 3018 καὶ
1436 2964 1588 3018 λίθου
1631 2965 1976 3035 ψυχροτέρας

395 3059 642 3127 ἐμαυτῆς
663 3058 1006 3129 ᾐσθανόμην.
1045 3057 1110 3109 Τί
1158 3057 1259 3125 δέ;
1323 3057 1633 3126 Ἐονησκεν
1693 3057 1974 3129 Ἰωάννης,

398 3148 496 3200 καὶ
529 3150 612 3199 σοὶ
649 3148 708 3199 τὸ
742 3146 891 3215 ξίφος
924 3147 1238 3199 ἐπικεῖσθαι
1261 3146 1677 3217 ἐφανταζόμην.
1714 3146 1812 3199 “Ov
1838 3147 1973 3199 ἀνα-

396 3238 591 3306 δικέψαι
618 3239 931 3305 πεποίηκας
960 3236 1228 3304 ἐξεϐλήθη
1253 3239 1350 3290 τοῦ
1372 3239 1680 3307 συνεδρίου,
1701 3237 1798 3291 καὶ
1830 3238 1971 3291 κατὰ

393 3337 487 3388 σοῦ
515 3334 687 3403 βαρὺν
710 3333 1003 3385 άνεπόλουν
1029 3331 1120 3384 τὸν
1150 3331 1413 3400 διωγμόν,
1439 3331 1472 3365 ³*
1501 3333 1595 3395 Τίς
1622 3332 1703 3385 ἔτι
1723 3332 1975 3402 Λάζαρος
2008 3352 2021 3363 ι

393 3425 484 3477 τὸν
518 3423 751 3475 θάνατον
802 3422 1059 3492 ἐκφυγὼν
1112 3423 1216 3475 ὑπὸ
1269 3421 1364 3475 σοῦ
1413 3423 1551 3493 πρὸς
1604 3426 1767 3492 φόνον
1821 3421 1977 3487 αὖθις

389 3516 751 3584 ἁνηρευνᾶτο,
772 3514 867 3568 καὶ
899 3517 961 3566 τὸ
979 3516 1108 3586 περὶ
1130 3516 1188 3567 σέ
1218 3532 1311 3586 μοι
1341 3515 1456 3577 δέος
1483 3514 1789 3569 άνενεοῠτο.
1832 3516 1975 3570 Ἀλλ’

387 3609 573 3660 ἐκεῖνα
603 3608 703 3676 μὲν
728 3610 857 3679 ἄχρι
888 3609 981 3661 τοῦ
1014 3610 1182 3677 φόϐον
1245 3609 1588 3679 παρέχεσθαι
1635 3607 1938 3681 προῠὸαινε
1960 3626 1972 3640 ·

387 3698 455 3752 τὰ
485 3700 543 3753 δὲ
580 3699 673 3752 νῦν
702 3701 850 3762 τέλος
878 3702 979 3771 μὲν
1011 3702 1200 3770 φόόοις
1242 3702 1539 3771 ἐπέθηκεν,
1574 3702 1753 3773 ἀρχὴν
1788 3702 1845 3756 δέ
1881 3719 1973 3772 μοι

386 3793 604 3863 θρήνων
667 3795 764 3846 καὶ
811 3794 1065 3865 ὀδυρμῶν
1123 3795 1478 3864 ὲνεστήσατο.
1517 3794 1630 3850 Καὶ
1669 3795 1855 3866 θρηνῶ
1915 3811 1975 3847 σε

384 3883 474 3934 δια
497 3881 667 3935 ταῦτα
699 3882 1084 3952 καῖόδύρομαι
1115 3884 1210 3935 ἐπὶ
1243 3886 1349 3949 σοὶ,
1382 3886 1594 3951 τέκνον,
1625 3885 1720 3937 καὶ
1750 3884 1861 3936 τῶν
1891 3883 1979 3936 δα-

384 3973 572 4044 κρύων
603 3975 705 4027 οὐκ
722 3970 839 4027 οἶδα
874 3976 956 4040 τίς
990 3975 1170 4045 ἐφέξει
1208 3992 1275 4045 με
1313 3975 1534 4047 χρόνος.

2086 2053 2211 2092 cum
2240 2049 2424 2093 tamen
2454 2041 2521 2093 ad
2555 2056 2640 2094 me
2677 2043 2950 2110 pertinere
2972 2041 3293 2110 judicarim,
3335 2057 3671 2110 unoquoque

2086 2146 2218 2185 casn
2251 2147 2348 2186 cor
2409 2148 2591 2186 meum
2624 2134 2867 2202 percelli.
2904 2133 3192 2205 Siquidem
3254 2137 3370 2190 sole
3426 2136 3668 2190 tenebris

2084 2222 2349 2289 obducto,
2381 2225 2620 2279 obducta
2652 2240 2774 2289 sum
2811 2228 3093 2294 tenebris;
3140 2242 3204 2281 ac
3244 2236 3390 2282 terra
3422 2243 3667 2281 concus-

2086 2331 2170 2380 sa,
2201 2331 2471 2371 concussa
2525 2308 2654 2371 sunt
2684 2318 2817 2372 m‘ibi
2860 2321 3126 2375 membra.
3166 2318 3331 2374 (Ium'
3356 2328 3484 2373 vero
3522 2335 3664 2389 saxa

2084 2416 2216 2463 sunt
2287 2408 2562 2477 perlissa,
2615 2418 2669 2462 et
2708 2410 2891 2464 velum
2944 2409 3263 2475 discissum,
3325 2426 3433 2465 non
3487 2411 3666 2481 potuit

2084 2516 2182 2555 cor
2229 2515 2407 2555 meum
2445 2516 2553 2556 non
2609 2501 2844 2557 discindi
2887 2520 2903 2559 :
2959 2504 3209 2572 sepulcra
3278 2513 3407 2557 sunt
3455 2515 3662 2572 aperta,

2081 2610 2182 2664 ego
2206 2593 2347 2649 haud
2384 2596 2543 2650 aliter
2572 2596 2644 2649 fui
2682 2596 2896 2660 all’ecta,
2919 2613 3081 2666 quam
3110 2597 3204 2667 qui
3233 2597 3299 2651 ad
3322 2598 3663 2666 sepulturam

2080 2687 2408 2743 elferuutur.
2450 2687 2679 2754 Quoties
2714 2690 2840 2758 quis
2878 2689 3163 2743 nuntiabat
3201 2698 3440 2744 structas
3497 2691 3591 2742 tibi
3633 2705 3665 2743 a

2079 2781 2285 2836 Judmis
2318 2780 2570 2845 insidians,
2625 2784 2846 2850 gravius
2882 2797 2982 2851 ego
3041 2782 3296 2835 timebam
3358 2783 3664 2851 perieulum

2083 2889 2212 2929 vero
2245 2890 2259 2929 ε
2293 2874 2643 2944 nequeenim
2690 2874 2767 2927 tui
2828 2889 2984 2927 amor
3030 2874 3177 2928 leves
3229 2874 3662 2929 ευΙΙίιὶιιιόίιιιιιιι

2078 2966 2441 3034 cogitationes
2478 2963 2610 3017 mihi
2676 2964 2981 3033 injiciebat,
3047 2965 3142 3019 sed
3183 2967 3489 3018 metuebam
3555 2964 3656 3018 tibi

2078 3071 2139 3111 ea
2169 3073 2288 3128 qua:
2319 3073 2477 3111 m-mo
2502 3057 2603 3112 sibi
2638 3057 2755 3127 ipse
2781 3066 3065 3111 metueret.
3090 3055 3325 3127 Lapides
3362 3059 3413 3110 in
3442 3066 3497 3111 te
3525 3058 3662 3111 sub-

2079 3150 2217 3205 latos
2272 3149 2495 3214 audivi,
2555 3165 2620 3203 ac
2682 3166 2769 3202 me
2827 3150 3007 3219 lapide
3068 3152 3214 3205 sensi
3299 3151 3658 3220 frigidiorem.

2081 3243 2223 3309 Quid
2253 3242 2420 3296 vero?
2450 3243 2710 3297 occubuit
2750 3241 3015 3317 Joannes,
3057 3255 3111 3298 et
3136 3253 3245 3297 tua:
3269 3247 3468 3297 cervici
3500 3262 3663 3299 sci-u-

2036 3372 2047 3382 .
2082 3338 2182 3389 rim
2216 3336 2620 3405 impendentem
2654 3335 2950 3405 ﬁngebam.
2982 3336 3031 3390 Is
3069 3335 3249 3389 cuitu
3280 3335 3458 3389 visum
3488 3334 3665 3390 dona-

2080 3437 2189 3488 ras,
2223 3437 2254 3477 e
2294 3437 2567 3493 synagoga
2603 3431 2688 3477 est
2718 3422 2951 3492 ejectus,
2983 3432 3036 3477 et
3071 3440 3171 3493 ego
3196 3439 3395 3478 sai-vam
3427 3427 3503 3478 tui
3539 3442 3666 3495 per-

2077 3519 2419 3570 secutionem
2448 3514 2590 3585 apud
2625 3531 2709 3569 me
2742 3518 3055 3570 volvebant.
3084 3515 3204 3570 Jain
3247 3531 3374 3570 vero
3417 3516 3664 3572 Lami-us

2081 3616 2176 3662 tuo
2224 3607 2493 3662 beneficio
2556 3618 2731 3662 morte
2788 3619 3097 3678 exemptus,
3155 3609 3221 3662 ad
3290 3624 3478 3663 necem
3539 3626 3665 3662 rur-

2080 3715 2201 3754 sum
2239 3709 2323 3754 est
2351 3701 2638 3768 quaesitus,
2674 3708 2727 3755 et
2777 3700 2865 3754 hic
2898 3702 2967 3754 de
3004 3714 3055 3755 te
3110 3702 3244 3755 mihi
3280 3705 3662 3757 renovabatur

2079 3789 2342 3845 formido.
2379 3789 2485 3844 Sed
2516 3791 2633 3844 haec
2685 3804 2753 3844 eo
2811 3803 2939 3843 sunt
2975 3806 3296 3860 progressa,
3345 3802 3404 3845 ut
3455 3804 3658 3846 metum

2081 3884 2369 3937 attulerint
2397 3898 2414 3949 ;
2445 3897 2565 3952 quae
2596 3895 2726 3935 vero
2754 3898 2898 3935 nuui-
2926 3890 3254 3948 evenerunt,
3285 3882 3446 3936 linem
3484 3885 3658 3936 metui

2079 3975 2490 4043 imposuerunt,
2530 3980 2696 4042 atque
2719 3972 2937 4025 initium
2979 3973 3146 4028 ﬂetus
3178 3983 3237 4028 et
3286 3974 3472 4028 luctus
3520 3975 3656 4030 mibi

342 4087 347 4093 ·
385 4070 757 4124 adduxerunt.
791 4071 888 4137 Te,
919 4069 1079 4138 Nate,
1113 4080 1334 4142 propter
1366 4072 1486 4127 haec
1523 4070 1722 4137 deﬂeo,
1759 4079 1815 4128 et
1872 4080 1969 4126 tuo
2007 4070 2231 4125 nomine
2262 4068 2442 4138 ploro,
2476 4082 2592 4123 nec
2624 4067 2740 4127 scio
2807 4068 2977 4136 diem,
3019 4084 3141 4139 qua:
3206 4086 3355 4126 uuas
3387 4074 3656 4143 laci-ymas

387 4172 584 4225 sistere
608 4171 804 4240 possit.

474 4263 631 4317 Ἐἄτέ
664 4280 756 4332 με,
786 4261 1047 4329 γυναῖκες
1099 4260 1629 4332 παραμυθούμεναι.
1658 4261 1831 4330 Εἴπερ
1853 4258 1964 4331 γὰρ

391 4356 665 4426 θαλάττης
687 4355 750 4408 τὸ
785 4338 1158 4425 τ’ραχύνεσθαι
1177 4354 1390 4426 κύμασι
1436 4358 1503 4425 τῇ
1537 4354 1628 4427 βίᾳ
1683 4344 1792 4409 τῶν
1842 4355 1968 4408 ἀνέ-

395 4463 514 4516 μων
542 4448 966 4514 τινασσομένης,
998 4447 1093 4497 καὶ
1124 4446 1391 4514 ποταμῶν
1424 4447 1516 4514 ἀφ’
1565 4443 1771 4515 ὑψηλοῦ
1800 4462 1969 4498 κατα-

389 4539 703 4610 ρασσόντων
731 4539 806 4608 μὴ
837 4537 1106 4608 φέρεσθαι
1129 4537 1261 4592 ἄνευ
1285 4538 1441 4608 ἤχου,
1469 4538 1566 4591 καὶ
1594 4538 1748 4609 ἐμὸν,
1781 4541 1830 4588 εἰ
1854 4538 1959 4607 μή·

382 4649 490 4703 τηρ
526 4630 659 4701 ἐγὼ,
706 4632 799 4684 τὸν
846 4632 1059 4699 ἀτίμως
1101 4629 1241 4700 ὁμοῦ
1311 4632 1404 4684 καὶ
1445 4630 1647 4692 ἀδίκως
1687 4630 1785 4699 τῆς
1818 4628 1964 4696 ζωῆς

382 4726 784 4797 ὲκχωρήσαντα
841 4723 1101 4791 φίλτατον
1170 4724 1295 4775 Υίὸν
1355 4721 1739 4790 ὀλοφύρεσθαι.
1810 4720 1967 4789 Ἐμοὶ

382 4818 492 4886 γὰρ
529 4817 589 4869 τὸ
623 4814 723 4885 μὲν
761 4815 881 4867 ὅλον
925 4810 994 4883 ἧν
1029 4813 1420 4882 συγκατελθεῖν
1451 4811 1528 4878 τῷ
1560 4808 1676 4880 Υίῴ
1714 4810 1808 4862 καὶ
1842 4825 1968 4860 συν-

383 4913 521 4963 εἶναι
579 4908 701 4961 καθ’
756 4905 908 4978 ᾅδου.
963 4905 1120 4959 Ἐπεὶ
1170 4907 1227 4958 δέ
1281 4922 1351 4974 με
1404 4906 1590 4974 πάσης
1640 4903 1738 4972 τῆς
1774 4902 1968 4955 ἐπιθυ-⁹

386 5005 514 5069 μίας
536 4999 722 5068 τυχεῖν
751 4998 812 5049 οὐ
850 5000 1132 5067 συγχωρεῖ
1164 4999 1232 5050 τὰ
1268 4999 1366 5067 τῆς
1402 4995 1641 5066 φύσεως,
1678 4994 1805 5047 δεον
1835 4990 1967 5061 γοῦν

372 5084 595 5160 ’ἐμαυτῇ
631 5089 964 5160 χαρίσασθαι
993 5088 1154 5159 ἱκανὴ
1209 5089 1459 5156 γίνομαι,
1501 5088 1603 5140 οὐκ
1633 5086 1969 5156 ἀφιλόστορ-

384 5197 480 5247 γος
520 5182 933 5251 ὲλεγλθήσομαι
974 5181 1182 5251 μήτηρ.
1244 5180 1319 5232 Οὐ
1362 5178 1623 5249 διαλείψω
1692 5177 1970 5248 θρηνοῦσα

381 5273 441 5325 ὃν
464 5276 606 5327 κατὰ
644 5275 883 5343 γαστρὸς
930 5274 1163 5343 ἧνεγκα;
1218 5271 1278 5325 ὃν
1327 5273 1407 5334 είς
1465 5274 1577 5340 φὼς
1622 5269 1742 5322 τόδε
1795 5269 1971 5346 προη-

387 5382 583 5434 νεγκα,
632 5366 693 5418 ὃν
725 5368 1081 5436 ἐθρεψάμην.
1145 5366 1219 5419 Οὐ
1260 5364 1583 5431 συγκαλέσω
1631 5361 1964 5432 θρηνούσας,

384 5456 475 5509 ἵνα
513 5473 602 5526 μοι
639 5460 705 5509 τὰ
761 5458 975 5528 δάκρυα
1018 5456 1471 5528 προκαλέσωνται
1504 5467 1518 5484 ⁶
1559 5453 1966 5526 προκέκληνται

380 5548 487 5619 γὰρ
520 5547 738 5600 οἴκοθεν
772 5554 866 5600 καὶ
892 5547 1323 5618 παρώρμηνται,
1364 5545 1462 5599 καὶ
1514 5545 1819 5613 προάγεται
1846 5544 1962 5605 τοῖς

378 5640 678 5710 ὀφθαλμοῖς
708 5638 972 5710 ἄχθεσθαι
1005 5638 1132 5710 ήδη,
1173 5639 1258 5691 ὅτι
1291 5638 1366 5708 μὴ
1421 5636 1607 5699 αὐτοῖς
1653 5634 1958 5705 εὐρυτέραν

448 5750 527 5820 (7)
562 5749 826 5803 Somnum
860 5759 1020 5804 vocat
1047 5750 1294 5819 corporis
1343 5758 1395 5803 et
1418 5748 1587 5802 animi
1635 5747 1957 5802 dissolutio-

377 5837 501 5877 nem
524 5837 590 5876 ex
616 5825 866 5875 doetrina
922 5836 1094 5890 IPSIUS
1140 5823 1369 5885 btirtsti,
1411 5823 1505 5889 qui
1551 5823 1803 5872 mortuos
1833 5826 1960 5871 dor-

378 5906 509 5946 mare
540 5892 700 5959 dixit,
760 5891 1143 5946 utiLazarum
1172 5902 1515 5960 caete-rusque
1548 5903 1688 5973 quos
1721 5908 1751 5944 e
1801 5905 1949 5943 tuor-

2141 4254 2315 4309 Sinite
2334 4268 2441 4316 me,
2473 4267 2597 4323 quae
2627 4253 2733 4306 liuc
2759 4251 3019 4308 solatium
3047 4253 3290 4307 allatura:
3315 4254 3655 4309 accessistis.

2076 4349 2362 4403 mulieres.
2498 4347 2644 4399 enim
2686 4361 2833 4401 mare
2873 4345 3131 4401 ﬂuctibus
3171 4355 3223 4400 et
3279 4346 3326 4400 vi
3375 4350 3654 4402 turbatum

2078 4452 2365 4494 ventorum
2403 4454 2511 4493 non
2551 4445 2733 4506 potest
2766 4451 2874 4490 non
2911 4439 3305 4502 intumescere,
3339 4450 3396 4493 et
3427 4440 3655 4494 ﬂumina

2079 4548 2146 4588 ex
2181 4533 2293 4585 alto
2329 4529 2643 4584 delabentia
2673 4527 2883 4599 absque
2920 4535 3102 4585 sonitu
3147 4529 3280 4586 ferri
3315 4546 3600 4601 nequeunt
3639 4551 3653 4586 :

2077 4633 2227 4679 certe
2251 4622 2371 4684 ﬁeri
2405 4638 2514 4676 non
2541 4628 2745 4690 potest,
2787 4623 2834 4676 si
2873 4623 3035 4678 modo
3063 4638 3164 4693 ego
3202 4636 3376 4678 mater
3409 4642 3556 4689 Slllll,
3597 4636 3658 4679 ut

2079 4731 2189 4770 non
2225 4715 2438 4785 lugeam
2494 4710 2691 4767 Filium
2735 4714 3141 4767 charissimuin.
3188 4702 3457 4769 Debebrim
3509 4719 3654 4769 enim

2079 4809 2414 4863 descendere
2458 4820 2643 4860 comes
2700 4802 2983 4859 individua
3042 4806 3202 4860 simul
3259 4824 3383 4861 cum
3416 4807 3476 4862 Fi
3502 4809 3556 4863 io
3590 4812 3654 4863 u'd
3712 4866 3715 4867 ν

2079 4898 2310 4963 inferos,
2366 4906 2729 4968 posteaquam
2757 4897 2906 4949 nulla
2938 4911 3024 4950 me
3055 4897 3333 4967 voluptate
3362 4898 3467 4953 l‘rui
3501 4908 3659 4953 natu-

2075 5004 2135 5045 ra
2169 4991 2459 5059 permittit.
2494 4988 2665 5056 Atqui
2703 4985 2826 5040 utar
2850 5004 2936 5051 eo,
2974 4987 3118 5057 quod
3143 4987 3335 5042 saltem
3370 4990 3502 5045 mibi
3540 4996 3656 5060 ipsa

2075 5084 2374 5137 conciliare
2429 5095 2694 5149 possum,
2769 5081 2970 5133 solatio
3028 5096 3060 5140 :,
3128 5095 3236 5134 non
3296 5096 3396 5149 ego
3457 5098 3656 5152 εηιοιε

2054 5162 2272 5242 arguar
2309 5171 2530 5243 pietatis
2552 5186 2679 5240 erga
2725 5168 2922 5223 Filium
2959 5170 3132 5225 Mater
3165 5189 3183 5229 :
3220 5174 3345 5239 Enon
3381 5173 3651 5244 desinam,

2073 5279 2235 5333 quem
2263 5273 2419 5318 utero
2467 5263 2701 5331 gestavi,
2734 5262 2935 5317 deﬂere
2983 5278 2997 5314 :
3063 5279 3169 5318 non
3223 5265 3537 5320 convocabo
3572 5270 3650 5338 (8)

2069 5354 2212 5421 illas,
2238 5370 2359 5424 qua:
2387 5353 2696 5423 deplorcni,
2725 5369 2886 5422 quem
2923 5354 2978 5407 in
3006 5354 3149 5409 lianc
3183 5356 3358 5408 lucem
3393 5363 3646 5426 produxi,

2069 5458 2123 5505 et
2160 5465 2323 5520 quem
2352 5447 2606 5510 educavi,
2639 5454 2697 5498 ιιι
2743 5446 2875 5498 mihi
2931 5456 3302 5515 provoceutur
3358 5424 3648 5519 lacrymu-x;

2074 5542 2419 5612 propendent
2447 5541 2592 5593 enim
2632 5548 2685 5593 et
2726 5548 3050 5602 erumpunt,
3087 5550 3252 5608 atque
3291 5540 3448 5595 dolor
3467 5545 3648 5597 oculis
3728 5580 3737 5593 ρ

2072 5635 2343 5701 oboritur,
2394 5633 2538 5703 quod
2588 5635 2797 5685 exitum
2850 5632 2958 5686 illis
3018 5647 3130 5687 non
3189 5632 3318 5688 dent
3367 5634 3640 5692 latiorem.

2069 5749 2180 5803 tuis
2204 5750 2271 5801 ad
2300 5749 2454 5802 vivos
2481 5746 2779 5801 revocarit.

2137 5818 2215 5890 t8)
2249 5818 2374 5874 Haec
2403 5805 2748 5873 consuetudo
2781 5815 2879 5872 fuit
2909 5814 3246 5875 Iudaeorum.
