4076 6464
401 376 528 438 1οΜ

1309 378 1599 438 ORATIO
1639 375 1716 439 IN
1762 368 2285 437 SEPULTURAM
2329 376 2394 438 D.
2431 377 2504 439 N.
2537 370 2591 436 J.
2629 375 2692 439 C.

3520 372 3542 437 1
3553 374 3656 436 002

390 491 498 541 τῶν
525 488 713 542 κακῶν
738 490 751 543 l
801 489 931 559 Ἐμὲ
964 489 1062 559 μὲν
1085 486 1173 544 οἷα
1199 489 1307 544 τῶν
1337 491 1515 545 ἄλλων
1564 491 1769 564 βραχὺς
1800 494 1974 562 είσῃει

2084 503 2182 541 nus
2234 488 2494 557 subjngo
2534 487 2954 542 nestrodetcnti
3009 485 3251 540 fuerunt.
3304 483 3419 539 ιῐιιιι
3475 483 3653 537 mala!

389 580 554 648 δ;ῦρο
581 581 889 635 κατιόντων
918 581 1101 651 λόγος,
1137 584 1250 635 δεῖν
1290 583 1448 653 ᾤμην
1479 585 1572 637 καὶ
1609 584 1801 636 τοῦτον
1837 582 1970 651 παρ’

389 676 543 729 οὐδὲν
573 677 751 743 ἄγειν.
799 675 860 729 Ὀ
915 674 962 727 δ’
1020 677 1110 745 ἄρ’
1156 658 1491 747 ὑψηλότερος
1534 673 1602 747 ἦν
1665 676 1807 730 ὥστε
1861 675 1972 727 τῶν

393 769 586 819 ἐνθάδε
619 765 1150 833 συγκεκλεισμένων
1185 764 1266 830 είς
1316 765 1459 821 εἶναι
1492 767 1692 821 δοκεῖν.
1751 767 1863 821 Καὶ
1908 767 1969 818 τὸ

397 859 499 926 μὲν
523 861 619 913 καὶ
645 856 836 911 τοῦτον
854 859 966 917 τοῖς
992 860 1128 927 ἡμῖν
1159 859 1490 928 προσέχουσι
1523 859 1741 930 μέλλειν
1765 860 1969 929 ἐγγρά-

392 951 589 1019 φεσθαι
635 951 831 1022 ἡδονὴν
869 952 1107 1022 παρεῖχέ
1152 969 1313 1006 τινα·
1342 955 1405 1006 τὸ
1434 954 1490 1006 δὲ
1525 955 1663 1007 πᾶσι
1715 954 1967 1023 δρασμοῦ

395 1045 582 1114 χώραν
616 1044 843 1108 διδόναι,
876 1043 1038 1097 τοῦτο
1088 1045 1145 1098 δὲ
1206 1046 1316 1098 τῶν
1377 1046 1675 1115 συμφορῶν
1720 1046 1967 1116 ἔσχατον.

397 1139 462 1190 Ἀ
474 1155 654 1207 μεινον
685 1133 753 1205 ἦν
782 1155 873 1206 μοι
903 1139 1124 1191 πάντων
1153 1137 1287 1209 παρ’
1319 1138 1415 1192 ἕνα
1447 1138 1655 1192 τούτων
1683 1138 1972 1201 δεσπόζειν

392 1230 426 1299 ἢ
455 1232 549 1284 καὶ
579 1228 770 1283 τοῦτον
791 1229 1074 1301 δυστυχῶς
1103 1231 1392 1301 ὲγχανόντι
1410 1233 1508 1286 σὺν
1531 1233 1685 1302 αὐτῷ
1725 1232 1821 1285 καὶ
1844 1232 1972 1295 τοὺς

392 1323 589 1388 ἄλλους
611 1324 832 1394 ἐμέσαι.
1774 1318 1781 1347 έ

466 1613 761 1685 Κατεπόθη
797 1615 980 1685 μικρῷ
1010 1608 1248 1685 πρόσθεν
1272 1618 1407 1686 ἡμῖν
1454 1610 1641 1690 ἕτερός
1684 1629 1770 1685 τις
1792 1638 1805 1654 ·
1859 1620 1972 1678 Λά-

392 1706 562 1776 ζαρος
591 1702 660 1777 ἦν
694 1706 866 1777 ὄνομα
894 1709 972 1778 τῷ
1004 1703 1207 1780 νεκρῷ.
1232 1710 1436 1766 Τοῦτον
1460 1715 1572 1766 τῶν
1602 1714 1825 1779 ζώντων
1851 1734 1934 1781 τις
1954 1734 1967 1748 ·

2077 580 2328 635 Arbitror
2356 581 2610 647 equidem
2668 579 3006 649 oportuisse.
3043 579 3189 634 sicut
3221 577 3361 632 alios
3394 576 3486 647 qui
3541 575 3651 629 huc

2076 671 2440 737 descendunt,
2479 671 2807 742 parvil'acio,
2842 672 2915 726 ita
2949 672 3093 726 hunc
3121 684 3344 741 quoque
3379 684 3465 725 me
3493 669 3650 723 nihili

2076 766 2196 819 loco
2222 764 2446 819 ducere.
2474 765 2637 833 Atqui
2674 765 2761 819 hic
2793 764 3011 826 elatior.
3065 778 3230 833 quam
3256 770 3317 816 ut
3372 760 3655 816 videretur

2075 856 2274 922 aliquis
2325 872 2451 911 esse
2493 857 2714 912 illorum
2769 860 2860 926 qui
2911 855 2997 909 hic
3048 855 3301 909 conclusi
3364 860 3649 908 tenentur.

2074 946 2218 1013 Quin
2249 956 2303 1002 et
2335 949 2441 1002 hoc
2479 962 2566 1002 me
2623 948 2820 1017 gaudio
2873 947 3072 1009 aﬂ‘ecit,
3133 946 3278 1015 quod
3339 945 3650 1016 putaverim

2079 1046 2226 1093 hunc
2246 1054 2464 1108 quoque
2496 1038 2547 1092 in
2582 1041 2926 1092 matriculatu
2962 1040 3204 1102 illorum,
3232 1038 3326 1106 qui
3382 1038 3514 1091 mihi
3542 1052 3650 1106 pa-

2077 1140 2220 1196 rent,
2254 1131 2574 1200 inscriptum
2607 1131 2671 1183 iri
2701 1147 2718 1197 ;
2754 1131 2895 1199 quod
2925 1145 3051 1184 vero
3080 1131 3334 1185 omnibus
3355 1128 3645 1199 ellugietuli

2077 1224 2217 1276 viam
2273 1220 2642 1293 monstravit,
2703 1223 2755 1275 id
2802 1223 3176 1276 calamitatum
3256 1222 3500 1276 omnium
3566 1231 3649 1277 est

2076 1325 2405 1370 extremum.
2445 1314 2764 1370 Consultius
2798 1314 2995 1369 fuisset
3030 1330 3115 1369 me
3147 1315 3401 1379 caeteris,
3439 1316 3650 1381 absque.

2076 1410 2199 1471 hoc.
2231 1409 2485 1463 omnibus
2515 1409 3023 1477 imperasse,quam
3054 1422 3161 1461 una
3181 1422 3315 1462 cum
3345 1407 3485 1477 ipso,
3511 1407 3651 1461 alios

2080 1517 2303 1571 quoque
2326 1501 2572 1557 hiantem
2599 1517 2872 1556 evomere.

2146 1615 2454 1685 Absorptus
2485 1625 2566 1670 est
2591 1616 2753 1670 nobis
2784 1615 2994 1685 pridem
3018 1615 3154 1669 alter
3174 1615 3393 1685 quidam
3422 1616 3654 1687 (Lazaro

2075 1713 2192 1760 erat
2219 1720 2421 1760 nomen
2455 1708 2694 1773 mortuo)
2720 1720 2739 1760 ι
2767 1721 2892 1761 eum
2939 1706 3139 1775 aliquis
3170 1708 3414 1761 vivorum
3458 1706 3652 1778 ‘(qucm

392 1800 484 1851 τὸν
517 1797 614 1851 νῦν
643 1798 712 1851 τὰ
743 1798 1024 1855 δεινότατα
1055 1801 1275 1855 πάντων
1320 1804 1469 1872 ἡμᾶς
1502 1805 1736 1874 δρῶντα,
1775 1807 1970 1877 τοῦτον

2084 1801 2552 1869 huncipsum,qtti
2582 1814 2683 1855 nos
2722 1809 2832 1853 tam
2882 1800 3023 1853 male
3053 1815 3198 1855 nunc
3244 1799 3456 1867 multat,
3482 1804 3652 1863 hunc.

382 1889 546 1962 οἶμαι
594 1894 886 1964 τυγχάνειν
911 1910 928 1927 ’
983 1893 1123 1964 πρὸς
1198 1894 1320 1964 βίαν
1389 1898 1695 1953 ἀνέσπασεν
1726 1939 1742 1965 ,
1803 1901 1974 1969 ίκανῷ

391 1999 497 2039 τινι
550 1986 719 2040 πλέον
775 1986 878 2056 τῆς
937 1987 1131 2041 ἐνθάδε
1201 1988 1395 2043 τούτου
1450 1990 1734 2062 διατριϐῆς
1782 1995 1974 2064 ἐγχρο-

391 2078 661 2147 νήσαντα.
730 2078 875 2146 Ἐγὼ
927 2079 984 2133 δὲ
1017 2082 1115 2134 καὶ
1170 2081 1294 2135 τότε
1345 2082 1446 2152 μὲν
1486 2083 1691 2155 ἤλγουν
1746 2087 1975 2155 πάσχων

393 2168 494 2222 οὐκ
544 2169 811 2224 εἰωθόταο
856 2171 1057 2243 ἔφερον
1122 2171 1169 2226 δ’
1204 2173 1356 2243 ὅμως
1407 2176 1468 2229 ἐν
1534 2176 1749 2240 οὐδενὸς
1807 2178 1973 2251 μοίρᾳ

393 2261 484 2313 τὶν
513 2259 612 2315 ἕνα
647 2261 843 2325 τιθείς.
869 2262 988 2318 Νῦν
1030 2264 1087 2318 δὲ
1116 2268 1247 2332 περὶ
1284 2268 1503 2322 πάντων
1536 2271 1564 2323 ὁ
1596 2267 1864 2333 κίνδυνος.

462 2461 530 2521 El
563 2467 620 2521 δὲ
668 2467 863 2523 τοῦτον
899 2469 1122 2541 ἀληθῶς
1170 2464 1310 2526 εἶναι
1363 2474 1658 2545 συμϐαίνει
1718 2476 1809 2531 τὸν
1875 2481 1973 2549 ἀφ’

393 2559 553 2630 ἡμῶν
591 2560 921 2631 ἁρπάσαντα
960 2562 1236 2633 Λάζαρον,
1290 2563 1385 2618 τὸν
1418 2567 1549 2638 περὶ
1580 2566 1692 2619 τῶν
1725 2570 1975 2638 ἐσχάτων

392 2653 613 2723 ἀνάγκη
642 2641 740 2707 νῦν
771 2654 982 2723 φέρειν.
1024 2650 1130 2719 ’Ὃς
1161 2658 1268 2726 γὰρ
1301 2659 1397 2711 καὶ
1442 2659 1731 2732 πόρρωθεν
1785 2662 1972 2732 φωνὴν

391 2745 554 2813 ἀφεὶς
575 2745 767 2815 μόνην.
808 2745 953 2799 οὕτω
978 2747 1254 2817 διέθηκεν,
1292 2748 1421 2802 ὥστ’
1471 2750 1583 2804 οὐδ’
1620 2750 1973 2823 ἠδυνήθημεν

394 2838 513 2901 ὲνδς
537 2838 853 2917 ἐλευθερίαν
890 2840 1266 2905 ἀποκωλῦσαι,
1300 2841 1361 2896 τι
1408 2842 1509 2896 οὐκ
1541 2843 1609 2896 ἀν
1675 2846 1973 2914 ἐργάσαιτο

394 2931 716 3001 περιφανῶς
773 2932 1032 3003 ἐμϐαλὼν
1089 2935 1170 2998 είς
1224 2935 1326 3006 τὴν
1385 2936 1700 3008 ὴμετέραν;
1743 2941 1812 2993 Οἵ
1858 2957 1969 3007 μοι,

395 3026 575 3080 πάντα
604 3025 706 3096 μὲν
760 3026 993 3098 δῃώσειν
1024 3028 1208 3092 αὐτὴν,
1242 3030 1422 3083 πᾶσαν
1455 3031 1512 3084 δὲ
1565 3032 1777 3086 ἐνθένδε
1806 3033 1962 3087 λείαν

396 3110 637 3172 ἑλάσεινξ
685 3118 851 3186 Ἐμδς
902 3121 1041 3182 τὲως
1089 3119 1276 3184 Ἠλίας
1330 3137 1417 3184 τις
1474 3116 1837 3192 ἐθαυμάζετο,
1872 3127 1970 3179 καὶ

401 3209 507 3280 πρὸ
543 3210 753 3264 ἐκείνου
788 3210 987 3283 Ἑνὼχ,
1015 3208 1112 3276 οὓς
1153 3213 1204 3267 οἱ
1255 3213 1420 3284 δεῦρο
1446 3217 1750 3280 κατιόντες,
1786 3218 1973 3287 μακρὰ

399 3302 781 3374 καταγελάσαι
812 3305 911 3377 τῆς
967 3305 1089 3375 ἴσης
1144 3306 1328 3370 αὐτοῖς
1376 3306 1667 3378 διηγοῦντο
1715 3310 1971 3369 καθόδου.

401 3388 573 3461 Οὗτος
599 3396 676 3463 δὲ,
708 3396 885 3451 καίτοι
907 3399 983 3469 μὴ
1010 3397 1153 3452 κατὰ
1183 3400 1360 3453 ταυτὰ
1389 3401 1485 3470 τῆς
1512 3400 1815 3466 ἀθανασίας
1835 3404 1974 3456 ὲκεί-

400 3507 499 3559 νης
538 3488 885 3560 μεταλαϐὼν,
918 3490 1059 3544 ἀλλὰ
1113 3494 1208 3546 καὶ
1270 3491 1428 3558 δόξας
1468 3493 1571 3564 ἤδη
1625 3496 1975 3567 κρατεῖσθαι,

400 3583 663 3655 ὑπερέχει
709 3585 823 3648 τοῖς
874 3583 1040 3649 ὅλοις.
1074 3583 1239 3653 Ἀλλ’,
1272 3583 1317 3639 ὣ
1354 3585 1407 3639 τί
1444 3587 1643 3655 milia);
1680 3590 1975 3661 βέὁλημαι,

402 3677 751 3749 πέπληγμαι,
785 3677 1000 3751 καθῄρη
1009 3696 1129 3750 μαι,
1160 3678 1278 3733 δεδε
1287 3698 1407 3751 μαι.

472 3793 630 3847 Οὖτω
687 3795 784 3848 καὶ
849 3794 941 3849 τὸν
996 3793 1131 3866 ᾅδην
1182 3795 1514 3868 ὀδυρόμενον
1577 3799 1851 3868 ἐδεξάμην
1899 3801 1978 3863 είς

396 3879 539 3950 ὦτα,
572 3887 668 3937 καὶ
715 3884 846 3956 παρ’
883 3885 1052 3938 αὐτοῦ
1100 3888 1201 3958 τὴν
1247 3882 1417 3939 αὑτοῦ
1445 3887 1751 3941 κατάλυσιν
1782 3891 1975 3956 ἔγνων.

481 3979 628 4049 Ὥρα
654 3979 718 4047 δὴ
743 3981 809 4049 τῇ
836 3978 999 4049 φύσει
1031 3980 1142 4033 τῶν
1166 3980 1474 4052 ἀνθρώπων
1506 3985 1652 4036 κατὰ
1672 3982 1768 4034 τοῦ
1811 3998 1977 4050 πονη-

402 4068 502 4138 ῗροῦ
530 4069 1016 4139 μεγαλαυχεῖσθαι.
1062 4071 1128 4124 Ἥ
1159 4073 1267 4141 γὰρ
1314 4073 1416 4125 οὐκ
1443 4073 1806 4143 ἠγαπημένη.
1840 4073 1981 4142 ἠγα·

404 4162 628 4232 πημένη
655 4162 884 4233 ἐκλήθη,
914 4164 1011 4217 καὶ
1054 4164 1198 4219 ,Θεοῦ
1228 4165 1537 4237 τετύχηκεν
1597 4167 1855 4237 ἐραστοῦ.
1916 4167 1980 4221 Εἰ

402 4258 513 4326 γὰρ
555 4255 732 4328 πατὴρ
766 4258 933 4309 παῖδα
964 4256 1111 4325 φιλεῖ
1138 4257 1273 4312 διότι
1312 4259 1612 4331 γεγέννηκε
1633 4302 1649 4327 ,
1705 4261 1799 4313 καὶ
1848 4259 1981 4321 Θεὸς

406 4349 623 4413 πάντως
657 4348 945 4417 ἄνθρωπον
977 4351 1060 4404 ὅτι
1105 4350 1603 4423 δεδημιούργηκεν.
1662 4354 1763 4417 *ος
1817 4353 1982 4406 αὐτὸν

404 4441 498 4494 τοῦ
530 4442 630 4511 μὲν
664 4441 900 4509 πρόσθεν
932 4443 1201 4510 τυράννου
1250 4444 1465 4498 τέθεικε
1529 4446 1766 4515 κρείττω
1787 4460 1799 4473 ·
1835 4443 1982 4497 ὲκεί-

405 4551 498 4588 νου
545 4534 602 4586 δὲ
634 4533 733 4604 τῆς
767 4535 1082 4604 τυραννίδος
1139 4536 1548 4607 παραλυθείσης
1570 4512 1772 4605 -δεσμά
1823 4525 1981 4590 κατε-
2012 4512 2058 4570 D

402 4626 688 4696 ψηφίσατο
717 4624 813 4679 καὶ
858 4627 1132 4697 τάρταρον
1177 4627 1272 4680 καὶ
1307 4627 1486 4681 κλοιά.
1544 4628 1691 4682 Ἔδει
1747 4628 1844 4697 μὲν
1873 4631 1983 4698 γὰρ

402 4720 540 4789 ἡμῖν
576 4717 834 4790 βοηθείας
855 4719 1044 4782 κακῶς
1071 4719 1262 4789 ἔχουσι
1288 4732 1305 4748 '
1341 4716 1419 4789 τῷ
1457 4719 1512 4772 δὲ
1563 4720 1855 4788 περιουσία
1888 4720 1981 4773 τοῦ

344 4822 351 4828 “
408 4811 628 4884 βοηθεῖν
657 4806 746 4882 ἦν.
781 4811 846 4864 El
874 4810 986 4881 γὰρ
1006 4812 1098 4863 τὸν
1128 4812 1356 4881 οὐρανὸν
1384 4813 1586 4881 πληροῖ
1611 4816 1706 4868 καὶ
1729 4815 1827 4884 τὴν
1858 4817 1983 4884 γῆν,

405 4904 503 4957 καὶ
530 4903 695 4966 αὐτὸς
728 4903 914 4956 πάντα
959 4904 1254 4970 πεποίηκε,
1290 4904 1452 4971 δῆλον
1484 4905 1559 4967 ὡς
1587 4905 1683 4958 καὶ
1713 4906 1871 4975 μόνος
1918 4902 1985 4958 ἂν

406 4997 572 5060 αὐτὸς
601 4996 784 5049 πάντα
820 4994 1063 5050 δύναιτο.
1122 4997 1234 5049 Καὶ
1280 4997 1477 5050 τούτου
1534 4998 1611 5066 μὴ
1644 4998 1783 5068 πρὸς
1839 5000 1989 5067 ἡμᾶς

406 5086 773 5150 καταϐάντος,
845 5085 977 5139 σκιὰ
1020 5088 1205 5157 πάσης
1267 5087 1621 5158 ἀνθρωπίνης
1662 5091 1990 5159 ἐπικουρίας

408 5181 584 5251 ἰσχύς.
646 5182 710 5233 Ἀ
748 5179 858 5249 γὰρ
902 5180 1161 5242 τοσοῦτος
1212 5181 1513 5252 προφητῶν
1564 5182 1821 5252 ἀριθμός,
1869 5181 1990 5234 οὐδὲ

403 5274 502 5341 τῆς
543 5272 805 5335 Ἰουδαίας
857 5274 1242 5342 παρακινῆσαι
1279 5274 1501 5345 ἴσχυσεν
1547 5276 1768 5338 εἴδωλα,
1819 5273 1990 5328 ταῦτα

410 5364 648 5434 Χριστὸς
711 5364 887 5419 ἐλθὼν
930 5365 1068 5419 ὡσεὶ
1134 5369 1344 5419 καπνὸν
1397 5366 1646 5419 ἐκλιπεῖν
1692 5367 1758 5418 ἐκ
1808 5366 1991 5434 πάσης

402 5444 691 5529 ἠνάγκασε
716 5459 842 5527 γῆς.
878 5460 992 5528 Τῆς
1044 5459 1154 5531 γὰρ
1188 5459 1331 5512 κατὰ
1360 5460 1457 5529 τὴν
1494 5458 1719 5530 πρώτην
1771 5458 1993 5524 ἐντολὴν

403 5551 798 5621 παρλὸάεκως,
830 5553 927 5605 καὶ
982 5552 1082 5621 τῆς
1118 5553 1259 5621 μετὰ
1289 5551 1450 5605 τοῦτο
1486 5551 1622 5621 πρὸς
1674 5552 1741 5603 τὰ
1787 5548 1982 5604 εἴδωλα

402 5644 513 5698 τῶν
541 5642 852 5715 ἀνθρώπων
874 5643 1326 5714 αὐτομολήσεως,
1358 5645 1687 5713 ἰσχυροτέρα
1708 5642 1833 5711 "ci-iv
1853 5641 1982 5693 ἐαυ-

475 5845 587 5912 Ill)
621 5844 912 5914 Sumptum
937 5854 1022 5900 est
1049 5846 1150 5899 hoc
1171 5860 1233 5898 ex
1264 5845 1414 5898 Osete
1444 5859 1493 5896 c.
1532 5861 1572 5906 ι,
1609 5861 1657 5898 ν.
1687 5846 1737 5900 9.

734 5941 997 5999 Damon.
1046 5941 1159 5998 Ga.
1212 5939 1503 5998 l'IXLYll.

2081 1893 2324 1962 inquam,
2348 1908 2473 1948 esse
2504 1895 2719 1963 Opinor)
2741 1909 2836 1961 per
2864 1894 2972 1947 vim
2999 1893 3261 1963 abripuit.
3287 1894 3652 1964 longiuscule.

2076 1997 2129 2041 et
2160 1987 2366 2044 diutius
2406 2004 2568 2059 quam
2606 1989 2725 2058 ipse
2751 1989 2842 2042 hic
2873 1998 2982 2052 est,
3015 1989 3157 2058 apud
3194 2004 3292 2043 nos
3348 2002 3650 2045 vei-saturus

2077 2077 2188 2149 Ego
2217 2079 2466 2149 equidem
2509 2088 2642 2135 tunc
2697 2096 2917 2150 quoque
2950 2080 3122 2143 dolui.
3169 2097 3367 2151 passus
3396 2098 3458 2136 ea
3527 2101 3650 2147 qua-

2078 2184 2185 2224 non
2234 2172 2431 2227 soleo:
2494 2171 2593 2226 tul.
2655 2170 3034 2233 nihilominus.
3077 2172 3330 2243 exiguam
3380 2173 3650 2227 rationem

2078 2263 2241 2318 unius
2269 2278 2390 2320 esse
2416 2263 2724 2320 habendam
2750 2271 2924 2321 ratus.
2955 2257 3106 2319 Nunc
3129 2279 3259 2318 vero
3286 2265 3353 2319 de
3393 2264 3563 2319 tuitui!
3588 2282 3654 2318 us

2076 2367 2159 2413 est
2189 2358 2516 2427 periculum.

2150 2472 2304 2539 Quod
2341 2473 2388 2527 si
2429 2488 2620 2529 revera
2655 2473 2746 2530 hic
2771 2484 2876 2539 est,
2904 2474 2997 2544 qui
3031 2475 3190 2529 nobis
3216 2474 3419 2546 eripuit
3472 2475 3651 2531 Laza-

2071 2580 2224 2631 rum,
2248 2582 2482 2622 neccSSP.
2513 2578 2594 2621 est
2619 2559 2808 2638 ipsum
2840 2579 3082 2625 extrema
3110 2570 3318 2625 moliri.
3346 2570 3453 2638 Qui
3503 2572 3649 2625 enim

2078 2657 2263 2724 procul
2292 2658 2424 2713 hinc
2455 2660 2654 2714 absens
2685 2660 2832 2713 edita
2896 2671 3108 2714 tantum
3154 2660 3313 2714 unica
3358 2677 3491 2715 voce
3524 2662 3655 2716 «τιτι--

2077 2748 2172 2814 cit,
2201 2760 2260 2803 ut
2290 2751 2455 2806 unius
2497 2751 2876 2805 liberationem
2907 2751 3158 2805 inhibere
3194 2752 3650 2821 nequiverimus:

2076 2842 2209 2911 quid
2244 2857 2352 2896 non
2397 2851 2720 2911 patraturus
2762 2853 2865 2908 est,
2921 2859 3045 2898 cum
3080 2854 3267 2911 aperte
3309 2845 3361 2896 in
3402 2853 3649 2899 nostram

2078 2933 2685 3003 regionemirruit?ﬂci
2721 2938 2851 2988 mihi
2875 2937 2887 2989 l
2915 2935 3120 2990 sicciue
3152 2935 3300 2989 illum
3330 2936 3652 3004 depopulari

2070 3027 2472 3083 oumia?itane
2510 3029 2637 3082 hinc
2660 3028 2896 3098 praedam
2947 3029 3204 3100 abigere?
3260 3029 3536 3084 Hactenus
3567 3048 3650 3081 nm

2080 3118 2254 3172 lenuit
2311 3119 2600 3175 admiratio
2643 3119 2771 3175 Elia:
2829 3120 3142 3190 cujusdam,
3191 3133 3244 3175 et
3296 3131 3428 3177 alite
3474 3123 3652 3191 ipsum

2083 3210 2291 3265 Enocbi
2328 3229 2341 3266 :
2380 3228 2524 3284 quos
2580 3214 2613 3266 ii
2651 3214 2746 3284 qui
2778 3215 2885 3268 huc
2915 3214 3352 3281 descendebant,
3392 3231 3652 3285 perquam

2080 3300 2256 3356 ridere
2279 3318 2439 3357 suum
2465 3305 2792 3360 nuntiabant
2813 3308 3139 3363 descensum
3169 3325 3184 3364 :
3209 3309 3298 3363 hic
3330 3319 3515 3364 autem
3543 3326 3654 3365 non

2079 3394 2349 3464 ejusmodi
2378 3397 2809 3457 immortalitatis
2841 3402 3136 3474 particeps,
3163 3400 3257 3458 sed
3280 3411 3335 3458 et
3356 3404 3528 3475 gloria
3563 3421 3659 3474 po-

2083 3490 2234 3555 titus,
2266 3493 2472 3546 eminet
2503 3493 2645 3550 inter
2690 3509 2919 3562 omnes;
2952 3497 3068 3565 sed,
3106 3496 3248 3552 heu!
3284 3497 3414 3567 quid
3443 3499 3661 3567 patior?

2081 3582 2293 3650 cjicior,
2329 3585 2610 3653 verberor,
2640 3600 2874 3654 evel-tor,
2910 3590 3143 3646 vinculis
3172 3593 3546 3664 constringam

2155 3791 2261 3848 Sic.
2307 3794 2608 3850 ululantem
2657 3797 2836 3850 audivi
2863 3796 3164 3852 inferorum
3209 3798 3548 3868 principem,
3581 3806 3659 3854 at-

2084 3899 2187 3952 que
2211 3900 2276 3939 ex
2310 3887 2428 3955 ipso
2458 3889 2818 3942 vastationem
2879 3889 3053 3957 ipsius
3085 3890 3350 3946 intellexi.

2155 3978 2310 4033 Nunc
2344 3989 2559 4049 tempus
2598 3991 2702 4048 est,
2742 3997 2850 4051 quo
2880 3992 3073 4039 natura
3101 3984 3343 4041 humana
3397 3988 3665 4047 adversus
3764 4014 3767 4017 λ

2084 4069 2300 4125 hostem
2368 4072 2634 4142 glorietur
2688 4073 3013 4142 malignum.
3075 4075 3210 4142 Qua
3272 4079 3420 4134 enim
3463 4082 3663 4138 dilecta

2085 4182 2195 4222 non
2241 4166 2376 4233 fuit,
2411 4167 2612 4223 dilecta
2643 4179 2728 4224 est
2767 4176 2965 4223 vocata
2996 4168 3135 4240 (ll).
3176 4178 3232 4225 et
3272 4170 3441 4227 Deum
3503 4189 3663 4231 nacta

2084 4264 2169 4310 est
2220 4257 2513 4312 amasium.
2570 4255 2628 4311 Si
2690 4259 2836 4312 enim
2896 4269 3055 4328 pater
3118 4259 3315 4327 ﬁlium,
3370 4277 3666 4334 preptcrea

2086 4348 2234 4419 quod
2272 4349 2450 4419 ipsum
2510 4349 2786 4419 genuerit,
2811 4360 2985 4415 atnat,
3027 4351 3171 4407 Deus
3225 4367 3447 4421 quoque
3489 4354 3668 4409 honiio

2086 4456 2239 4504 nem,
2265 4440 2413 4510 quod
2465 4442 2616 4495 illum
2650 4442 2985 4504 condiderit.
3022 4458 3256 4513 prorsus
3286 4445 3487 4515 diligit,
3518 4457 3573 4502 et
3596 4452 3668 4500 oh

2089 4533 2140 4583 id
2166 4543 2421 4603 tyranno,
2445 4532 2608 4601 cujus
2632 4533 2767 4602 jugo
2795 4534 3148 4604 premebatur
3174 4543 3358 4603 antea,
3391 4538 3669 4607 potentio-

2087 4638 2202 4677 rem
2234 4624 2384 4678 fecit.
2414 4623 2565 4678 Illius
2581 4634 2765 4679 autem
2795 4626 3086 4696 tyrannide
3112 4626 3350 4690 sublata.
3387 4630 3669 4683 damnavit

2089 4721 2144 4767 et
2172 4715 2391 4768 vincula
2419 4726 2474 4770 et
2495 4714 2793 4770 Tartarum
2828 4726 2994 4784 atque
3027 4724 3269 4773 catenas.
3301 4717 3473 4775 Nobis
3519 4723 3666 4776 enim

2091 4807 2292 4862 misere
2346 4806 2568 4862 amictis
2604 4823 2743 4876 opus
2779 4818 2896 4862 erat
2935 4810 3190 4863 auxilio:
3240 4809 3295 4863 in
3355 4811 3478 4880 ipso
3533 4828 3667 4867 vero

2091 4891 2356 4954 auxilium
2390 4910 2510 4954 erat
2542 4901 2729 4955 situm.
2766 4900 2822 4955 Si
2860 4916 3099 4970 namque
3129 4902 3328 4957 malum
3355 4913 3412 4957 et
3463 4914 3666 4959 terram

2094 4992 2306 5062 implet,
2344 5002 2510 5062 atque
2540 4992 2723 5047 omnia
2776 4993 2893 5062 ipse
2929 4992 3080 5058 fecit,
3140 4993 3498 5049 manifestum
3561 5008 3666 5060 est,

2094 5100 2217 5140 eum
2245 5085 2423 5140 solum
2458 5086 2643 5140 omnia
2678 5100 2860 5154 posse.
2897 5084 2998 5152 Qui
3047 5087 3156 5142 nisi
3182 5087 3249 5141 ad
3309 5104 3410 5143 nos
3441 5090 3673 5143 descen-

2092 5178 2290 5240 disset,
2321 5179 2467 5233 vires
2510 5178 2784 5233 universa!
2809 5179 2932 5246 opis
2976 5179 3250 5246 humame,
3280 5182 3474 5236 umbra
3528 5182 3671 5236 luis-

2096 5280 2239 5325 sent.
2269 5268 2407 5323 Nam
2467 5286 2589 5340 qua:
2628 5278 2813 5324 tantus
2844 5271 3239 5338 prophetarum
3262 5288 3548 5340 numerus,
3579 5289 3674 5327 ne.

2095 5360 2534 5431 queludmoruan
2594 5371 2899 5431 potuerunt
2946 5363 3165 5418 abolere
3218 5367 3511 5419 simulacra
3541 5404 3557 5425 .
3606 5382 3673 5419 ea

2093 5452 2346 5510 Christus
2399 5454 2690 5519 accedens.
2743 5454 2914 5509 veluti
2965 5453 3178 5509 furuum
3231 5470 3560 5511 evanescere
3605 5471 3675 5510 ex

2098 5549 2350 5602 universa
2409 5556 2552 5601 terra
2586 5548 2789 5617 coegit.
2818 5547 3265 5616 qttanquuidem
3303 5549 3463 5614 primi
3508 5550 3675 5601 viola-

2095 5643 2244 5697 tione
2263 5641 2515 5712 pratcepti
2549 5649 2600 5696 et
2635 5651 2756 5711 post
2785 5641 2945 5707 hanc,
2984 5656 3129 5696 cmcn
3157 5642 3442 5697 hominum
3472 5643 3676 5697 avidis-
