4076 6452
495 354 631 424 1οῧ3

1781 345 1837 405 Μ
1849 343 1942 403 AX
1955 343 2032 402 1M
2047 343 2066 401 Ι
2097 342 2292 404 PLAN
2305 343 2475 404 ΗΒΕ

3603 343 3632 406 ’1
3645 339 3741 404 0M

493 479 634 520 sime
671 461 739 518 ad
788 461 1085 517 simulacra
1117 457 1596 522 concurrentium,
1629 457 1859 527 impetu,
1895 456 2074 511 ellica-

2182 455 2269 510 τοῦ
2311 455 2728 526 φιλανθρωπίαν
2760 454 2788 507 ὁ
2817 453 3050 524 ποιητὴς
3076 451 3496 523 ἀντιπαραθεὶς,
3523 455 3587 508 τδ
3611 456 3742 508 πλά-

493 557 702 609 ciorem
729 567 892 608 suum
922 566 1053 622 erga
1091 552 1387 605 humanum
1421 564 1594 619 genus
1625 563 1869 604 amorem
1906 563 2075 618 oppo-

494 662 630 700 nens
656 645 971 715 figmentum
1001 659 1167 698 suum
1204 642 1614 712 redintegravit,
1637 650 1692 696 et
1715 642 1781 696 ad
1832 642 2072 711 priorem

493 749 655 788 usum
717 733 952 789 reduxit.
989 733 1089 788 llic
1147 733 1236 788 ille
1299 740 1382 786 est
1434 731 1662 802 figulus,
1706 746 1864 799 quem
1925 731 2106 796 Jerea

497 827 638 882 mias
666 826 823 880 vidit.
853 824 976 878 llzec
1001 823 1232 894 collapsi
1264 823 1476 878 vasculi
1515 839 1609 892 per
1643 838 1840 877 manus
1902 823 2077 892 ipsius

495 917 826 981 sublevatio,
861 927 914 972 et
941 919 1084 972 unde
1112 917 1178 972 ad
1231 915 1496 969 artifici-tn
1547 916 1716 984 gloria
1755 915 1934 982 rediit,
1977 917 2076 970 luti

494 1011 706 1064 relictio
734 1011 1194 1079 reformatioque.

567 1106 686 1166 Ast,
720 1117 752 1156 ο
779 1103 1104 1158 admirabile
1137 1119 1277 1173 opus
1317 1104 1331 1158 l
1367 1102 1686 1158 admiranda
1740 1101 1842 1157 fuit
1903 1103 2075 1173 prima

494 1196 668 1252 nostri
695 1196 860 1262 ﬁctio,
899 1196 1060 1267 digna
1115 1196 1303 1251 habita
1367 1195 1622 1251 manibus
1687 1206 1743 1252 et
1808 1197 2075 1266 iuspiratu

493 1288 590 1344 Dei
617 1289 762 1359 (quae
789 1289 1051 1341 nimirum
1111 1303 1307 1343 manus
1328 1299 1383 1342 et
1424 1287 1728 1357 inspiratus
1753 1288 1848 1342 Dei
1875 1288 2079 1341 intelli-

491 1381 636 1450 git);
674 1379 995 1434 admiranda
1016 1379 1188 1450 magis
1221 1381 1426 1435 relictio
1461 1382 1649 1452 (idque
1676 1389 1852 1445 tanto,
1874 1391 2079 1450 quanto

495 1475 691 1528 melius
711 1481 765 1528 et.
790 1472 1069 1542 acceptius
1095 1483 1198 1536 est,
1219 1473 1355 1527 bene
1377 1471 1537 1539 affici,
1568 1488 1732 1542 quam
1761 1474 2077 1541 quempiam

494 1565 677 1634 aliqua
703 1579 761 1618 re
785 1563 1024 1631 allicere)
1059 1565 1313 1635 adeoque
1360 1564 1568 1620 firmior
1597 1575 1650 1619 et
1681 1565 1952 1621 stabilior.
1983 1563 2080 1618 Vi-

495 1657 693 1711 demus
722 1657 868 1710 enim
911 1654 1184 1722 homines,
1213 1657 1404 1711 saltem
1439 1657 1559 1712 illos
1589 1658 1682 1728 qui
1717 1670 1953 1714 tuentem
1985 1660 2083 1715 ha—

497 1750 655 1812 bent,
686 1749 731 1804 si
761 1748 986 1803 domum
1022 1748 1320 1819 collapsam
1353 1749 1706 1805 instauraturi
1754 1751 1887 1818 sint,
1913 1751 2080 1807 robu-

494 1841 662 1898 stiora
691 1840 1002 1910 tutioraque
1031 1840 1309 1911 prioribus
1356 1841 1642 1897 elaborare
1708 1841 1940 1897 aedilicia
1997 1841 2077 1896 al-

494 1942 638 1998 tera,
675 1947 743 1987 ne
808 1931 951 1986 idem
1013 1931 1188 1986 ruina:
1244 1940 1422 1986 metus
1481 1932 1793 2002 impendeat
1852 1933 2076 1991 iterum.

493 2024 645 2092 Quod
665 2035 846 2078 autem
869 2023 1036 2078 homo
1067 2022 1246 2078 facere
1277 2023 1585 2089 consuevit,
1619 2025 1710 2093 qui
1746 2041 1851 2079 nou
1906 2027 2078 2080 multo

491 2120 668 2186 magis
698 2118 802 2174 hoc
827 2117 936 2172 Deo
969 2119 1095 2187 quis
1123 2117 1552 2174 tribuat?Certe
1571 2120 1714 2174 bona
1749 2119 1919 2176 Deum
1951 2136 2078 2188 sup-

491 2211 738 2282 peditare
801 2212 1138 2278 hominibus,
1201 2211 1506 2282 primordio
1557 2222 1772 2267 naturae
1823 2212 2078 2268 humanae

493 2304 596 2359 fuit
625 2303 928 2372 aduatum;
966 2308 1100 2360 adeo
1141 2313 1200 2359 ιιι
1245 2304 1338 2374 qui
1377 2304 1545 2367 vivat,
1591 2320 1699 2360 non
1731 2312 1842 2359 tam
1897 2319 2076 2360 acrem

492 2397 756 2468 spirando
784 2398 1042 2460 adducat,
1074 2413 1236 2466 quam
1269 2396 1366 2453 Dei
1391 2406 1574 2453 utatur
1630 2397 1918 2454 beneﬁcio.
1972 2401 2076 2451 Su-

493 2500 714 2560 pererat
736 2501 916 2545 autem
951 2499 1010 2545 ut
1036 2490 1512 2559 bonisimponeret
1529 2489 1838 2561 fastigium,
1873 2490 1928 2546 id
1959 2501 2079 2547 erat

493 2587 677 2656 ipsum
701 2598 760 2639 se
791 2583 975 2648 nobis.
1018 2591 1072 2638 et
1129 2598 1230 2640 nos
1278 2583 1382 2640 sibi
1431 2585 1819 2640 communione
1866 2595 2078 2640 naturae

492 2677 826 2744 assimilare,
853 2686 908 2754 et
937 2691 970 2732 e
1001 2685 1180 2749 morte
1240 2677 1524 2743 reducere,
1563 2687 1728 2749 atque
1756 2679 2079 2736 haereditate

489 2769 696 2824 donare
723 2771 873 2838 regni
910 2767 1196 2824 caelorum.
1223 2768 1358 2836 Quis
1396 2769 1570 2838 enim,
1602 2770 1694 2826 ubi
1758 2786 1821 2828 se
1889 2775 2072 2842 ipsum

488 2863 623 2917 dare
656 2861 927 2932 oportuit,
962 2864 1417 2933 promptissimus
1448 2863 1551 2921 fuit
1592 2881 1608 2920 :
1643 2865 1734 2922 cui
1768 2865 1847 2921 rei
1896 2867 2068 2922 etiam

489 2958 537 3012 si
568 2957 803 3011 maxima
829 2955 921 3020 sit,
947 2953 1036 3011 ille
1073 2963 1403 3029 pepercerit.

2181 569 2292 621 σμα
2320 568 2377 604 τε
2409 551 2774 620 ἀνεκτήσατο,
2813 551 2906 602 καὶ
2931 547 3068 618 πρὸς
3099 548 3198 618 τὴν
3231 546 3506 616 προτέραν
3541 548 3744 618 ἐπανή-

2179 661 2319 713 γαγε
2344 645 2688 714 οἰκειότητα.
2715 642 2890 696 Τοῦτο
2919 644 2946 694 ὁ
2981 640 3260 711 κεραμεὺς
3305 640 3364 693 ὃν
3394 637 3534 694 εἶδεν
3585 641 3749 710 Ἱερε⁶

2183 736 2315 804 μίας
2335 751 2349 768 ο
2380 733 2540 787 τοῦτο
2561 735 2592 804 ἡ
2614 733 2708 786 τοῦ
2752 731 3111 793 διαπεσόντος
3142 731 3371 798 ἀγγείου
3407 729 3514 783 τῶν
3535 730 3745 786 ἐκείνου

2180 827 2383 899 χειρῶν
2427 825 2720 896 ἀνάληψις,
2774 825 2870 877 xal
2916 822 3055 892 πρὸς
3105 823 3241 892 ὅπερ
3294 824 3322 875 ὁ
3365 821 3619 892 τεχνίτης
3649 823 3747 891 ηὐ-

2179 920 2366 981 δόκει.
2411 917 2508 973 τοῦ
2578 917 2752 988 πηλοῦ
2809 915 3158 978 κατάπλασίς
3224 931 3284 968 τε
3347 914 3442 968 καὶ
3513 913 3748 985 μετατύο

2180 1027 2376 1066 πωσιε.

2265 1103 2434 1168 Ἀλλ’,
2457 1101 2504 1156 ὢ
2530 1101 2623 1155 τοῦ
2652 1100 2930 1170 θαύματος
2952 1101 2966 1154 l
2990 1097 3282 1170 θαυμαστὴ
3315 1098 3413 1169 μὲν
3429 1100 3523 1152 καὶ
3547 1099 3581 1167 ἡ
3615 1115 3748 1167 προ-

2181 1188 2318 1266 τέρα
2349 1196 2552 1257 πλάσις
2592 1193 2775 1263 ἡμῶν,
2810 1191 3014 1264 χειρῶν
3041 1191 3137 1246 καὶ
3172 1192 3572 1260 ὲμφυσήματος
3595 1190 3753 1256 ἀξιωο

2183 1290 2341 1343 θεῖσα
2369 1287 2508 1341 Θεοῦ
2535 1302 2546 1313 ’
2580 1287 2742 1342 ἀτινά
2767 1304 2899 1341 ποτε
2951 1286 3072 1357 χεὶρ
3126 1287 3222 1338 καὶ
3269 1283 3575 1354 ἐμφύσημα
3617 1284 3752 1336 νοεῖ-

2181 1399 2274 1435 ται
2335 1379 2511 1433 Θεοῦο
2572 1378 3005 1450 θαυμασιωτὲρα
3057 1377 3113 1430 δὲ
3191 1377 3224 1446 ἡ
3272 1375 3597 1437 ἀνάπλασις,
3660 1374 3752 1426 καὶ

2181 1471 2464 1536 τοσοῦτον,
2491 1473 2619 1526 ὅσον
2654 1470 2776 1535 τοῦ,
2808 1471 2859 1523 τὶ
2909 1468 3138 1540 ποιῆσάι
3169 1469 3314 1538 ὐπέρ
3359 1485 3524 1531 τινος,
3554 1467 3617 1521 τὸ
3649 1485 3751 1520 πα-

2185 1563 2303 1616 θεῖν
2339 1563 2680 1633 ὑψηλότερον
2713 1562 2811 1616 καὶ
2835 1561 3378 1632 φιλανθρωπότερον.
3416 1562 3526 1615 Καὶ
3563 1559 3628 1631 δὴ
3662 1560 3754 1614 καὶ

2183 1657 2522 1728 ἐδραιοτέρα.
2549 1656 2690 1726 Ἤδη
2722 1657 2832 1726 γάρ
2861 1673 2962 1709 που
2988 1656 3082 1709 καὶ
3116 1653 3426 1724 ἀνθρώπων
3467 1653 3596 1716 τούς
3623 1653 3752 1706 ’νοῦν

2185 1752 2408 1823 ἔχοντας
2439 1751 2717 1804 πεσοῦσαν
2743 1749 2923 1804 οἰκίαν
2977 1748 3481 1811 ἀνασκευάζοντας,
3515 1746 3756 1817 ἀσφαλέ-

2189 1861 2360 1913 στερα
2397 1843 2504 1897 τῶν
2533 1842 2819 1913 προτέρων
2847 1839 3216 1902 ἐκπονοῦντας
3239 1835 3376 1892 εἶδον
3403 1837 3471 1891 τά
3503 1838 3751 1907 δεύτερα,

2186 1936 2278 1990 τοῦ
2319 1940 2395 2007 μὴ
2437 1936 2602 1990 πάλιν
2629 1935 2719 1989 τδν
2744 1937 2861 1989 ῐσον
2898 1935 3064 2004 φόϐον
3093 1933 3193 2002 τῆς
3217 1931 3477 1994 πτώσεως
3513 1933 3756 2001 ἐπηρτῆ-

2188 2030 2334 2085 σθαι.
2384 2031 2451 2082 Ὀ
2491 2029 2536 2084 δ’
2575 2029 2861 2100 ἄνθρωπος
2920 2031 2987 2084 ἂν
3031 2029 3297 2098 ποιήσειε,
3348 2025 3527 2096 πολλῷ
3562 2024 3756 2095 μᾶλλον

2185 2121 2328 2174 τοῦτ’
2363 2121 2429 2176 ἄν
2479 2137 2564 2184 τις
2620 2121 2738 2191 δοίη
2769 2120 2911 2192 Θεῷ.
2946 2122 3058 2174 Kal
3113 2120 3220 2190 μὴν
3251 2117 3348 2173 καὶ
3392 2117 3453 2171 τὸ
3495 2117 3598 2188 μὲν
3646 2117 3756 2178 τοῖς

2187 2217 2500 2285 ἀνθρώποις
2531 2216 2665 2269 Θεὸν
2690 2217 2759 2270 τὰ
2784 2215 3002 2286 χρηστά
3035 2219 3320 2285 παρέχειν,
3365 2212 3666 2280 σύγχρονον
3689 2211 3754 2279 τῇ

2184 2312 2296 2366 τῶν
2327 2310 2639 2381 ἀνθρώπων
2669 2310 2908 2378 γενέσει,
2947 2309 3041 2364 καὶ
3085 2308 3146 2362 οὐ
3203 2308 3407 2378 μᾶλλον
3448 2306 3625 2376 ζήσας
3676 2319 3756 2366 τις

2186 2401 2346 2472 ἀέρος
2391 2400 2632 2454 ἔσπασεν
2663 2400 2695 2470 ἢ
2746 2400 2999 2463 εὐποιίας
3054 2400 3287 2470 μετέσχε
3325 2396 3483 2452 Θεοῦ.
3521 2396 3674 2449 Ἔδει
3702 2394 3756 2448 δὲ

2184 2495 2244 2548 τδ
2271 2495 2572 2564 κεφάλαιον
2604 2494 2928 2566 ἐπιτεθῆναι
2955 2493 3065 2548 τῶν
3083 2491 3327 2562 ἀγαθῶν.
3345 2491 3478 2544 Τόδε
3506 2485 3600 2561 ἦν,
3629 2489 3756 2541 ἑαυα-

2185 2589 2276 2643 τόν
2303 2605 2362 2640 τε
2389 2589 2547 2657 ἡμῖν,
2580 2589 2676 2641 καὶ
2707 2587 2858 2658 ἡμᾶς
2892 2587 3071 2657 ἐαυτῷ
3099 2589 3166 2656 τῇ
3228 2583 3487 2654 κοινωνίᾳ
3529 2583 3628 2653 τῆς
3656 2579 3748 2649 φύ-

2187 2698 2326 2744 σεως
2381 2680 2692 2746 οἰκειῶσαι,
2752 2682 2847 2734 καὶ
2884 2679 2951 2732 ὲκ
2999 2679 3236 2732 θανάτου
3289 2677 3612 2744 ἀναγαγεῖν,
3664 2673 3757 2726 καὶ

2184 2775 2387 2845 κλῆρον
2417 2772 2605 2828 δοῦναι
2644 2773 2745 2846 τὴν
2793 2772 3041 2843 οὐρανῶν
3079 2769 3378 2842 βασιλείαν.
3421 2767 3480 2822 '0
3530 2770 3662 2839 γὰρ,
3697 2760 3754 2819 οὗ

2181 2869 2280 2923 καὶ
2302 2865 2466 2920 αὐτὸν
2491 2865 2664 2937 ὲχρῆν
2701 2865 3007 2930 ἐπιδοῦναι,
3049 2865 3196 2935 μέγα
3222 2861 3283 2915 τὸ
3320 2861 3610 2932 πρόθυμον
3642 2877 3747 2914 πα·

2187 2959 2553 3033 ρασχόμενος,
2584 2959 2731 3024 τίνος
2769 2957 2836 3013 ἂν
2875 2958 3061 3021 ἄλλου,
3114 2954 3218 3009 πᾶν
3252 2955 3513 3024 μέγιστον
3543 2949 3600 3026 ᾖ,
3634 2951 3750 3020 φεί-

2187 3070 2344 3112 σαιτο
2366 3075 2383 3125 ;

563 3137 757 3207 Magna
791 3139 958 3211 igitur
987 3139 1103 3197 haec.
1127 3153 1278 3206 sunt,
1303 3141 1398 3198 sed
1434 3157 1612 3212 neque
1662 3143 1867 3210 aliena,
1896 3157 2075 3214 neque

2249 3153 2412 3219 Μέγα
2449 3148 2550 3221 μὲν
2584 3141 2698 3214 οὖν,
2731 3147 2884 3200 οὐδὲν
2923 3145 2980 3201 δὲ
3039 3145 3243 3201 ἄτοπον
3276 3144 3308 3215 ἢ
3343 3143 3631 3208 ἀδύνατον,
3666 3141 3751 3193 καὶ

489 3247 552 3286 ex
588 3246 781 3287 eorum
820 3247 1069 3296 numero.
1103 3249 1225 3304 qua:
1248 3235 1364 3290 fieri
1396 3251 1506 3290 non
1561 3242 1822 3306 possunt,
1903 3236 2078 3293 Deum

490 3339 593 3396 pro
623 3323 942 3380 hominibus
998 3325 1116 3380 fleri
1175 3327 1471 3392 hominem,
1505 3337 1817 3385 manentem
1861 3329 2080 3385 interim

493 3417 660 3472 Deum
693 3430 745 3473 et
777 3433 872 3487 per
905 3433 1126 3474 carnem
1173 3433 1203 3473 a
1235 3433 1294 3474 se
1359 3431 1699 3491 assumptam
1763 3425 2078 3479 universam

491 3525 712 3564 carnem
739 3511 864 3564 vita:
894 3511 1205 3566 restituere.
1241 3510 1376 3566 Tam
1406 3514 1686 3581 gloriosus
1737 3523 1932 3571 contra
1967 3517 2080 3571 iui-

493 3601 693 3658 micum
723 3604 1034 3670 conflictus,
1072 3613 1125 3660 et
1154 3613 1262 3659 tam
1318 3605 1604 3675 splendida
1640 3609 1709 3664 ab
1739 3609 1931 3666 eodem
1997 3626 2084 3667 re-

493 3704 704 3764 perlata
740 3697 842 3752 fuit
871 3698 1117 3753 victoria.
1149 3699 1290 3766 Quid
1320 3700 1515 3757 enim?
1571 3703 1803 3759 hoccine
1844 3713 2080 3770 tantum,

495 3789 776 3846 hominem
809 3806 905 3862 per
929 3791 1161 3848 insidias
1201 3793 1522 3865 impostoris
1553 3796 1791 3867 lapsum,
1844 3807 1898 3854 et
1930 3799 2079 3854 lmmi

493 3883 691 3938 misere
713 3883 986 3955 iacentem
1007 3923 1024 3950 ,
1055 3885 1190 3944 adeo
1246 3888 1468 3955 elevari,
1503 3898 1768 3960 quantum
1827 3892 2080 3947 excidere

489 3979 557 4030 ab
589 3991 654 4031 eo
681 3979 825 4046 quod
877 3978 944 4032 ab
975 3978 1132 4034 initio
1174 3980 1431 4038 obtinere
1499 3984 1830 4038 videbatur?
1887 3984 2080 4055 Itaque

493 4082 660 4136 quam
692 4077 918 4138 propter
945 4072 1457 4140 praevaricationem
1492 4073 1634 4145 jussi
1675 4090 1867 4131 sumus
1920 4077 2080 4132 babi-

497 4165 620 4210 tare
655 4167 878 4226 terram,
913 4175 1024 4214 non
1063 4169 1172 4216 tam
1201 4163 1379 4218 exsilii
1405 4164 1582 4220 locum
1611 4182 1775 4236 quam
1804 4169 2077 4222 coloniam

489 4247 558 4300 ad
594 4257 810 4315 tempus
841 4249 1175 4320 assignatam
1199 4268 1324 4309 esse
1357 4257 1658 4311 credimus.
1697 4256 1832 4312 Nam
1885 4259 2080 4314 incoli-

495 4354 614 4394 mus
667 4341 966 4396 etiamdum
1035 4345 1195 4400 hodie
1245 4349 1559 4417 paradisum
1614 4364 1733 4421 spe,
1781 4362 1836 4407 et
1896 4353 2076 4420 bonis,

493 4433 693 4502 quibus
725 4434 816 4490 ille
848 4435 1188 4504 abundabat,
1219 4438 1476 4506 fruimur,
1507 4452 1563 4498 et
1601 4459 1710 4515 quo
1741 4445 1904 4500 .nihil
1965 4463 2077 4500 ms-

2183 3244 2474 3316 ἄνθρωπον
2508 3241 2651 3311 ὑπὲρ
2689 3239 2998 3310 ἀνθρώπων
3029 3238 3289 3306 γενέσθαι
3319 3238 3410 3290 τὸν
3460 3236 3620 3300 Θεὸν,
3663 3237 3753 3303 μέ-

2183 3353 2343 3392 νοντα
2367 3333 2532 3390 πάλιν
2562 3333 2724 3400 Θεὸν,
2751 3333 2846 3386 καὶ
2877 3331 2966 3385 διά
2995 3331 3094 3401 τῆς
3121 3329 3272 3398 αὐτῷ
3316 3329 3751 3401 προσληφθείσης

2185 3428 2411 3498 σαρκὸς,
2446 3427 2630 3480 πᾶσαν
2681 3415 3128 3480 ἀνανεώσασθαι(
3158 3421 3258 3492 τὴν
3310 3422 3419 3475 τῶν
3453 3422 3750 3492 ἀνθρςῖητων

2183 3519 2369 3589 φύσιν.
2397 3518 2559 3575 Οῦτω
2589 3519 2700 3588 γάρ
2726 3516 3060 3588 εὐπρόσωπα
3095 3515 3276 3568 δοκεῖν
3301 3509 3414 3585 εἶχε
3444 3514 3537 3567 καὶ
3561 3515 3630 3568 τὰ
3662 3515 3751 3582 τῆς

2185 3615 2324 3686 πρὸς
2350 3613 2441 3667 τὸν
2475 3611 2675 3683 ἐχθρὸν
2704 3610 3030 3681 συμπλοκῆς
3064 3625 3124 3661 τε
3171 3608 3265 3662 καὶ
3305 3608 3484 3676 νίκης.
3536 3605 3604 3659 Τί
3649 3606 3749 3676 γὰρ

2181 3707 2439 3762 τοσοῦτον
2474 3708 2524 3760 εί
2549 3705 2842 3776 ἄνθρωπον
2877 3705 3068 3757 πεσεῖν
3095 3703 3186 3755 καὶ
3217 3699 3625 3771 ταπεινωθῆναι
3650 3717 3749 3753 κα·

2182 3800 2544 3870 κοτεχνήσας,
2583 3799 2688 3852 ὑπὸ
2714 3792 2862 3852 Θεοῦ
2887 3797 3248 3866 καθαιροῖτο;
3287 3794 3453 3847 Ὅσον
3495 3796 3543 3846 εἰ
3587 3788 3749 3861 οὗπερ

2181 3892 2361 3946 ἐδόκει
2399 3893 2629 3963 κρατεῖν
2653 3891 2759 3945 ὐπὸ
2776 3890 2971 3945 τούτου
2997 3894 3096 3962 τῆς
3124 3893 3298 3963 ἀρχῆς
3327 3889 3745 3944 ἀπαλλάττοιτο.

2195 3981 2484 4038 Ἐντεῦθεν
2519 3983 2612 4036 καὶ
2650 3984 2716 4055 ἢν
2769 3984 2832 4036 ὲκ
2879 3985 3254 4054 παραϐάσεως
3284 3986 3455 4037 οίκεῖν
3496 3981 3746 4052 κατεκρί-

2181 4076 2358 4146 θημεν
2389 4075 2516 4145 γῆν,
2546 4077 2644 4146 οὐχ
2674 4075 2747 4139 ὡς
2782 4077 3104 4148 καταδίκην,
3156 4075 3273 4130 ἀλλ’
3303 4075 3378 4140 ὡς
3415 4077 3744 4147 πρόσκαιρον

2183 4171 2478 4239 παροικίαν
2511 4169 2651 4224 εἶναι
2690 4172 2998 4242 πειθόμεθα
3025 4188 3039 4203 ·
3069 4173 3162 4226 καὶ
3189 4173 3291 4244 ἤδη
3322 4189 3389 4242 γε
3425 4175 3543 4234 ταῖς
3569 4172 3741 4225 ἐλπίσι

2180 4264 2274 4318 τὸν
2317 4265 2662 4330 παράδεισον
2699 4264 2857 4328 αὐθις
2913 4265 3192 4334 οἰκοῦμεν,
3247 4267 3478 4320 καὶτῶν
3533 4263 3740 4334 ἀγαθῶν

2181 4357 2298 4409 ἐκεῖ
2322 4359 2794 4428 κατατρυφῶμεν,
2821 4359 2997 4410 καὶτὸ
3027 4358 3090 4427 δὴ
3128 4361 3321 4421 παντὸς
3369 4359 3552 4428 μεῖζον
3609 4359 3737 4410 οὐτι-

2182 4447 2506 4507 νοσοῐν.ὅτι
2556 4448 2658 4520 τὴν
2686 4450 2975 4519 ἡμετέραν
3034 4449 3200 4518 φύσιν
3255 4450 3506 4521 σύνεδρον
3555 4449 3735 4522 ἔχομεν

490 4525 585 4590 jus
624 4532 730 4588 est,
769 4536 1024 4580 naturam
1065 4541 1311 4586 nostram
1351 4533 1616 4592 habemus
1660 4552 1780 4606 qute
1831 4540 2072 4594 assideat

2182 4539 2260 4608 τῷ
2301 4504 2423 4609 Θεῷ
2448 4540 2545 4594 καὶ
2575 4504 2772 4611 Πάτρὶ.
2818 4504 2912 4594 καὶ
2971 4504 3140 4595 τέκνα
3177 4504 3434 4610 γενέσθαί
3469 4543 3563 4596 καὶ
3585 4504 3736 4612 ’ἡμεῖς

495 4613 606 4669 Deo
633 4624 686 4670 et
719 4614 890 4684 Patri,
928 4628 1366 4693 potestatemque.
1405 4628 1719 4696 accepimus
1773 4637 1831 4683 ut
1881 4631 2072 4686 namus

495 4705 588 4761 I)ei
615 4707 735 4774 ﬁlii,
764 4710 1012 4781 adeoque
1045 4713 1139 4768 dii.
1174 4713 1286 4784 Age
1322 4731 1471 4782 vero,
1510 4731 1765 4788 possetne
1817 4723 1940 4790 quis
1988 4722 2073 4776 di-

491 4813 616 4852 cere
651 4810 832 4854 utrum
864 4800 1079 4860 felicius
1117 4805 1297 4861 vivere
1328 4808 1490 4862 nobis
1519 4810 1592 4862 sit
1621 4811 1972 4882 permissum,
2007 4829 2074 4867 an

495 4889 640 4947 Deus
671 4893 879 4964 majore
905 4909 1009 4950 uos
1046 4910 1233 4954 amore
1266 4902 1680 4971 prosequatur?
1729 4903 1922 4969 Nemo,
1955 4907 2076 4975 opi-

494 4998 616 5036 nor.
659 4983 805 5050 Quid
841 4986 1148 5043 reddemus
1209 4990 1444 5045 Domino
1507 5008 1605 5063 pro
1644 4995 1904 5050 omnibus
1948 5011 2070 5065 qua:

490 5075 640 5131 dedit
675 5077 870 5133 nobis?
901 5078 1034 5142 Sive
1059 5083 1205 5136 enim
1235 5083 1435 5137 cadum
1461 5093 1522 5142 et.
1549 5093 1777 5148 terram,
1804 5100 1857 5142 et
1887 5091 2073 5143 omnia

491 5184 615 5238 qua:
641 5169 695 5224 in
719 5171 800 5228 eis
828 5182 980 5239 sunt,
1010 5175 1502 5247 proponat,'regias
1529 5177 1736 5233 homini
1768 5189 2077 5238 exstructas

491 5260 677 5316 videre
711 5262 839 5318 licet
871 5279 888 5332 ;
929 5264 1048 5320 sive
1081 5266 1357 5320 hominem
1417 5268 1605 5338 tingat,
1644 5279 1697 5325 et
1757 5272 2079 5328 immortali-

490 5361 601 5408 tate
625 5363 804 5421 ornet,
834 5364 891 5410 et
923 5357 1251 5412 excellentia
1287 5361 1520 5430 propriae
1573 5363 1822 5433 imaginis
1857 5367 2076 5435 vestiat,

487 5445 614 5511 quis
648 5460 758 5500 non
785 5446 934 5502 hunc
966 5448 1119 5504 illum
1184 5465 1307 5506 esse
1330 5451 1558 5520 iudicet,
1588 5457 1680 5524 qui
1747 5458 1886 5512 bene
1951 5461 2081 5515 velit

490 5535 738 5604 hancque.
799 5539 964 5595 faciat
1032 5543 1292 5597 homini?
1338 5545 1455 5601 sive
1531 5549 1693 5603 ctiam
1762 5553 2076 5622 paradisum

491 5630 698 5695 plantis
732 5645 1010 5688 alumnum
1042 5633 1208 5690 faciat
1233 5647 1286 5689 et
1318 5637 1593 5695 hominem
1645 5643 1700 5695 in
1754 5657 1820 5698 eo
1852 5643 2082 5699 collocct

488 5721 650 5789 (euge
683 5722 970 5793 felititas),
1011 5727 1274 5782 siveiudc
1302 5731 1483 5801 exigat
1525 5741 1580 5787 et
1607 5745 1783 5789 morte
1833 5735 2076 5802 damnet,

486 5823 550 5864 ea
576 5811 644 5864 de
678 5825 869 5880 cause,
908 5832 974 5871 uc
1003 5817 1202 5872 mal-tm
1229 5819 1446 5892 longius
1485 5831 1537 5878 et
1587 5824 1800 5896 longius
1857 5839 2070 5898 serpit,

2178 4629 2316 4684 Θεοῦ
2368 4633 2462 4683 καὶ
2509 4630 2648 4698 θεοὶ,
2699 4631 2949 4696 ἐξουσίαν
3005 4633 3292 4704 ἐλάϐομεν.
3337 4630 3483 4704 *Δρα
3548 4635 3734 4689 τούτων

2179 4725 2294 4796 ἔχοι
2324 4742 2409 4788 τις
2447 4727 2515 4780 ἂν
2544 4727 2722 4780 εἰπεῖν
2785 4727 2818 4798 ἦ
2853 4729 2998 4799 ἡμᾶς
3045 4730 3311 4800 ἐγχωρεῖν
3343 4729 3732 4799 εὐδαιμονέστε-

2182 4834 2273 4888 ρον
2300 4817 2531 4887 πρᾶξαι,
2561 4818 2593 4887 ἧ
2620 4819 2714 4874 τὸν
2749 4819 2883 4872 Θεὸν
2925 4820 3421 4892 φιλανθρωποτέρῳ
3438 4816 3724 4892 χρήσασθαι

2178 4910 2402 4981 τρόπῳ;
2444 4911 2658 4978 Οὐδεὶς,
2692 4907 2870 4980 οἶμαι.
2903 4913 2969 4965 Τί
2987 4914 3444 4984 ἀνταποδὼσομεν
3464 4914 3536 4982 τῷ
3556 4909 3720 4978 Κυρίῳ

2181 5000 2314 5071 περὶ
2342 5002 2566 5055 πάντων
2605 4997 2680 5056 ὦν
2710 5004 3100 5058 ἀνταπέδωκεν
3141 5007 3316 5075 ἡμῖνς
3368 5006 3478 5060 Kal
3522 5002 3620 5071 γὰρ
3663 4997 3721 5050 ἂν

2178 5093 2415 5162 οὐρανὸν
2440 5095 2662 5165 παράγῃ
2700 5095 2797 5147 καὶ
2823 5099 2926 5165 γῆν
2960 5099 3056 5148 καὶ
3101 5098 3204 5150 ὅσα
3239 5098 3296 5149 ὲν
3330 5097 3558 5159 τούτοις,
3588 5089 3728 5163 βασι·

2179 5185 2299 5238 λεια
2331 5187 2598 5257 πάρεστιν
2625 5189 2758 5257 ὁρᾷν
2787 5189 3218 5259 οἰκοδομούμενοι
3246 5189 3323 5259 τῷ
3362 5188 3658 5258 ἀνθρώπῳο
3678 5181 3736 5235 ἂν

2181 5278 2276 5330 τὸν
2305 5278 2596 5349 ἄνθρωπον
2639 5279 2807 5332 αὐτὸν
2845 5281 3098 5334 πλάττων
3147 5281 3448 5334 ἀθανασίαν
3481 5294 3538 5330 τε
3587 5291 3738 5348 μετα-

2178 5371 2309 5439 διδῷ
2349 5375 2446 5424 καὶ
2479 5372 2699 5442 ἀξίωμα
2742 5373 2998 5444 περιτιθῇ
3048 5373 3150 5444 τὴν
3184 5374 3396 5427 οἰκείαν
3426 5371 3629 5428 είκόνα.
3663 5369 3740 5428 τίς

2181 5463 2247 5516 ἂν
2275 5464 2336 5517 οὐ
2367 5463 2458 5516 τὸν
2479 5465 2770 5534 ἄνθρωπον
2800 5463 3214 5533 εὐεργετοῦντος
3235 5462 3374 5518 εῖναι
3415 5464 3571 5516 τοῦτο
3603 5459 3740 5526 λογί-

2183 5569 2372 5619 σαιτο;
2411 5555 2510 5607 Ἂν
2546 5555 2884 5624 παράδεισον
2917 5555 3122 5625 φυτεύῃ
3177 5554 3274 5608 καὶ
3323 5555 3416 5608 τὸν
3466 5553 3742 5624 ἄνθρωπον

2181 5647 2239 5698 ὲν
2272 5645 2422 5714 αὐτῷ
2456 5646 2766 5716 καθ.δρύῃ;
2805 5645 2878 5700 Εὐ
2921 5664 2983 5710 γε
3044 5647 3140 5714 τῆς
3199 5648 3614 5717 μακαριότητος.
3651 5644 3742 5693 "Av

2183 5740 2394 5790 ἐκεῖθεν
2430 5739 2600 5808 ἐξάγῃ
2634 5740 2730 5792 καὶ
2786 5739 3000 5806 θανάτῳ
3034 5739 3397 5809 καταδικάζῃ,
3441 5737 3603 5805 φειδὼ
3656 5729 3743 5783 τοῦ

2189 5831 2511 5900 προϐαίνειν
2563 5831 2715 5887 ἐσαεὶ
2745 5831 2805 5885 τὸ
2857 5835 3062 5897 κεκόν;
3109 5833 3203 5884 ’.ιν
3243 5831 3295 5884 δὲ
3330 5835 3424 5884 καὶ
3469 5830 3597 5890 Θεὸς
3651 5822 3744 5888 ὢν,
