4076 6440
511 342 653 408 ῙΟΟῚ

1803 358 2091 418 ΜΛΧΙΜΙ
2138 359 2514 422 ΡέΑΝΗΟᾹΞ

3630 358 3757 420 1008

506 468 599 522 ubi
632 478 796 539 caput
830 468 1123 527 reclinaret
1145 475 1395 541 sortitus;
1429 476 1519 547 qui
1562 484 1641 531 tot
1696 489 1750 533 et
1787 487 1935 531 tanta
1965 493 2071 547 pas

2193 497 2363 545 φανον
2412 480 2556 533 κατά
2601 480 2782 550 πάσης
2811 478 2987 551 ἀρχῆς
3033 478 3132 532 καλ⁵
3157 478 3403 546 ἐξουσίας
3437 479 3526 533 καὶ
3554 477 3649 534 τοῦ
3676 498 3762 536 κο-

504 576 636 627 sus,
670 577 736 618 ac
794 572 1073 634 postremo
1129 567 1291 622 etiam
1351 579 1527 624 morte
1586 569 2088 639 peremptus;ille,

503 654 760 723 inquam,
795 654 863 709 ad
904 664 1157 713 mortuos
1193 673 1542 730 progressus,
1567 676 1834 715 coronam
1868 662 1938 716 ab
1970 658 2089 716 om-

503 746 558 799 ni
593 761 762 816 regno
788 757 844 802 et
887 758 1184 818 potestate,
1227 760 1283 807 et
1317 753 1564 825 principe
1595 757 1945 810 tenebrarum
2000 754 2086 808 di-

500 846 715 907 reptam
753 841 1078 909 asportavit.
1144 843 1392 899 Antehac
1444 845 1663 916 quidem
1719 846 1859 901 forte
1898 863 2087 902 nume-

499 927 659 982 rabat
696 929 1052 987 adversarius
1113 944 1251 1004 quot
1303 934 1436 1006 iugo
1469 938 1619 1005 regni
1669 939 1757 993 sui
1791 948 2085 1008 premeret,

499 1034 650 1076 nunc
679 1036 810 1078 vero
836 1034 985 1079 certa
1010 1029 1223 1083 numeri
1255 1031 1397 1085 ratio
1453 1031 1577 1085 iniri
1631 1041 1868 1103 nequeat
1896 1048 2084 1087 eorum

499 1114 594 1182 qui
630 1123 821 1169 contra
848 1116 996 1173 hunc
1027 1134 1152 1173 cum
1182 1118 1407 1177 Christo
1439 1123 1699 1181 militant.
1741 1126 1921 1193 Atque
1953 1132 2086 1179 tunc

498 1205 664 1262 irasci
697 1215 935 1276 poterat,
967 1209 1013 1264 si
1057 1226 1167 1265 non
1209 1212 1395 1269 nmltis
1437 1214 1711 1285 imperare
1743 1217 1894 1271 visus
1947 1215 2087 1271 fuis-

498 1305 627 1366 set;
660 1314 810 1354 nunc
858 1316 986 1357 vero
1031 1303 1390 1361 intolerabilia
1427 1317 1727 1377 pateretur,
1764 1309 1868 1367 nisi
1904 1326 1969 1365 ex
1999 1310 2084 1366 his

498 1391 592 1459 qui
629 1390 734 1461 ipsi
767 1393 1026 1459 militant,
1061 1397 1425 1455 modestiores
1456 1412 1861 1459 revocarentur.

569 1481 801 1537 Possunt
832 1497 884 1540 et
912 1468 1028 1541 hate
1062 1488 1323 1557 adjicere,
1353 1505 1413 1545 ac
1442 1489 1690 1546 fortassis
1720 1509 1825 1547 non
1867 1494 1966 1550 abs
1999 1510 2079 1550 re.

495 1574 618 1629 Nox
642 1586 761 1630 erat
784 1593 812 1630 a
837 1578 1003 1648 priori
1019 1579 1227 1636 Adamo
1258 1599 1433 1654 usque
1460 1585 1525 1639 ad
1550 1600 1747 1639 novum
1770 1587 2036 1641 Adamnm
2062 1603 2080 1655 ;

494 1665 697 1722 dehinc
720 1684 850 1725 vero
884 1670 1004 1727 dies
1054 1672 1234 1728 illuxit
1284 1677 1542 1733 omnibus
1598 1694 1759 1747 quem
1819 1678 2082 1734 inducere

492 1759 647 1829 novit
672 1759 764 1817 Sol
791 1760 882 1818 ille
907 1763 1137 1832 iustitiae
1199 1767 1290 1836 qui
1325 1769 1640 1823 oecuhitum
1673 1771 1864 1825 nescit.
1892 1772 2078 1827 Hiems

492 1859 634 1915 erat,
665 1860 720 1907 et
748 1854 933 1909 omnia
968 1854 1173 1925 frigore
1229 1861 1438 1930 peccati
1489 1862 2079 1932 oblorpuerant,i|linc

492 1941 891 1999 circumstabat
920 1948 1403 2017 periculum,hine
1434 1953 1682 2024 pigrities
1709 1959 2082 2026 tranquillita-

498 2044 607 2090 tem
631 2045 922 2095 3travcrat.
946 2040 1135 2113 Caligo
1155 2054 1294 2109 erat,
1312 2054 1369 2100 et
1388 2047 1481 2116 qui
1510 2063 1567 2101 se
1589 2049 1653 2103 de
1675 2048 1765 2105 die
1793 2052 2080 2106 ambulare

486 2128 776 2198 putabant,
793 2131 976 2187 ridere
998 2134 1297 2202 nequibant
1314 2152 1331 2204 ;
1351 2146 1472 2206 post
1488 2154 1617 2193 vero
1639 2140 1784 2194 clara
1810 2143 2076 2199 serenitas

489 2236 591 2292 per
623 2221 795 2279 nubes
822 2223 939 2279 sive
973 2225 1234 2294 depulsas
1253 2229 1368 2285 sive
1390 2230 1670 2286 discussus
1688 2247 2077 2301 prorumpens,

492 2315 716 2379 ettituit,
734 2317 944 2371 nullum
965 2319 1366 2391 subterfugium
1384 2324 1502 2379 sole
1523 2325 1888 2393 permittente.
1907 2326 2078 2383 Dissi-

493 2408 649 2463 dium
686 2419 805 2463 erat
823 2420 877 2465 et
907 2411 1129 2478 bellum,
1148 2426 1198 2469 et
1224 2415 1448 2469 multaut
1475 2416 1801 2474 occisionem
1826 2421 1877 2474 in
1900 2420 2075 2475 homi-

492 2517 591 2558 nes
619 2503 964 2579 invexerant,
996 2516 1181 2574 postea
1205 2524 1305 2579 pax
1327 2510 1433 2566 alta
1451 2512 1766 2570 denuntiata
1793 2524 1897 2570 est.
1920 2515 2070 2571 Talia

488 2604 623 2650 sunt
652 2595 999 2653 admirabilia
1036 2599 1131 2656 Dei
1176 2617 1362 2673 opera,
1393 2604 1632 2676 gloriose
1675 2609 1967 2677 pra-dicata
2002 2611 2070 2665 ab

488 2688 720 2756 angelis,
755 2690 1048 2747 deeantatu
1105 2695 1495 2767 celebrataque
1529 2698 1689 2770 digna
1726 2702 1794 2757 ab
1832 2702 2070 2757 immini-

484 2782 623 2850 hns,
676 2782 956 2840 horrenda
993 2786 1298 2856 daemoniis,
1347 2800 1404 2847 et
1448 2792 1667 2848 laudata
1711 2809 1741 2848 a
1800 2797 2070 2851 creaturis

483 2874 765 2932 omnibus.
793 2876 1071 2934 lllustrem
1119 2891 1299 2937 autem
1341 2884 1499 2941 nobis
1547 2886 1776 2941 salutem
1832 2888 2069 2944 reddidit

483 2967 580 3024 Dei
609 2969 828 3025 coalitus
863 2971 918 3027 in
944 2983 1145 3028 terram
1184 2975 1503 3043 descensus,
1552 2978 1817 3033 illustrem
1876 2989 2066 3049 partus

479 3062 787 3135 virgineus,
820 3063 1092 3122 illustrem
1125 3077 1177 3121 et
1226 3066 1355 3137 fuga
1406 3070 1724 3124 morborum
1779 3073 2065 3141 aegritudi-

2198 571 2577 641 σμοκρόιτορος
2604 571 2697 626 τοῦ
2738 573 2966 636 σκότους
2999 574 3294 645 ἀνῄρηται.
3334 574 3448 628 Καὶ
3503 573 3763 646 πρότερον

2196 663 2296 732 μὲν
2332 663 2464 727 ἴσως
2498 664 2728 736 ἠρίθμει
2785 665 2973 720 πόσων
3010 665 3331 720 ἐϐασίλευεν
3356 667 3384 720 ό
3414 665 3634 738 ἐχθρός·
3668 666 3762 723 νῦν

2190 754 2237 806 δ’
2257 756 2381 809 οὐδὲ
2408 757 2501 811 τὸν
2535 757 2780 828 ἀριθμὸν
2833 757 3039 812 δύναιτ’
3085 758 3152 812 ἂν
3182 757 3448 831 ἀκριϐοῦν
3473 759 3586 813 ὅσοι
3629 761 3761 829 Χρι-

2193 848 2304 918 στῷ
2340 850 2839 920 στρατηγούμενοι,
2868 850 3063 905 τοῦτον
3104 851 3594 920 καταγωνίζονται.
3650 854 3759 909 Καὶ

2188 944 2310 995 τότε
2342 942 2442 1011 μὲν
2469 938 2620 1014 εῖχεν
2672 944 2741 998 ἂν
2773 943 3170 1010 δυσκολαίνειν,
3204 945 3252 997 εί
3311 943 3387 1016 μὴ
3415 943 3627 998 πολλῶν
3671 963 3759 999 τυ-

2193 1036 2412 1105 ραννεῖν
2470 1034 2680 1088 ἐδόκει·
2715 1034 2811 1090 νῦν
2855 1034 2913 1089 δὲ
2942 1034 3009 1089 τά
3044 1034 3327 1088 δεινότατα
3376 1035 3443 1088 ἂν
3481 1036 3677 1108 πάσχοι
3710 1039 3757 1091 εί

2193 1125 2268 1197 μὴ
2302 1125 2669 1197 μετριώτεροι
2725 1128 2836 1183 τῶν
2895 1127 3048 1199 αὐτῷ
3088 1126 3512 1198 συμϐαλλόντων
3559 1130 3760 1183 ἀνακυ-

2195 1219 2509 1291 ρήττονται.

2261 1490 2415 1559 Ἐχω
2471 1486 2765 1544 καὶταῦτα
2812 1490 3134 1561 προσθεῖναι
3167 1489 3259 1543 καὶ
3319 1488 3450 1551 ἴσως
3479 1488 3540 1543 οὔ
3576 1506 3761 1558 περιτ-

2133 1573 2144 1584 ’
2184 1585 2314 1647 τῶς.
2342 1583 2462 1648 Νὺξ
2485 1578 2555 1653 ἦν
2591 1584 2655 1635 ἐκ
2698 1580 2796 1636 τοῦ
2829 1584 3049 1652 πρώτου
3075 1582 3240 1652 μέχρι
3279 1579 3376 1636 τοῦ
3407 1583 3528 1635 νέου
3551 1582 3721 1651 Ἀδάμ
3741 1598 3756 1613 ·

2185 1675 2315 1728 τὸδ’
2346 1673 2599 1728 ἐντεῦθεν
2644 1675 2831 1744 ἡμέρα
2863 1675 3032 1727 πᾶσιν
3092 1672 3343 1741 ἀνέσχεν,
3376 1670 3445 1743 ἢν
3483 1671 3511 1724 ὁ
3539 1672 3637 1760 τῆς
3684 1672 3758 1724 διο

2186 1768 2484 1839 καιοσύνης
2515 1767 2706 1831 Ἥλιος
2731 1762 2841 1820 οἶδε
2870 1764 3069 1833 ποιεῖν,
3099 1766 3127 1818 ό
3153 1764 3227 1833 μὴ
3244 1762 3399 1817 δύσιν
3424 1761 3603 1825 εἰδώς.
3633 1764 3754 1815 Χει-

2187 1859 2304 1928 μὼν
2343 1856 2412 1933 ἦν
2452 1859 2549 1914 καὶ
2578 1860 2900 1929 νεκάρκωτο
2928 1859 3106 1912 πάντα
3146 1859 3222 1927 τῷ
3251 1855 3415 1926 ψύχει
3444 1854 3544 1925 τῆς
3576 1856 3756 1925 ἁμαρ·

2154 1951 2334 2016 ,τίας’
2371 1954 2433 2006 τδ
2467 1953 2512 2007 δ’
2561 1952 2819 2007 ἐντεῦθεν
2853 1954 2881 2006 ό
2933 1952 3181 2015 κίνδυνος
3224 1948 3565 2018 περιίστατο,
3598 1947 3658 2001 τὶ
3706 1948 3750 2001 δ’

2181 2046 2436 2100 ἐντεῦθεν
2478 2046 2731 2115 σταθηρά
2759 2045 2973 2117 γαλήνη
3032 2046 3402 2114 ὑπέστρωται.
3443 2041 3635 2111 Ἀχλὺς
3666 2036 3751 2111 ἦν,

2180 2139 2274 2191 καὶ
2307 2138 2527 2192 δοκοῦσι
2560 2142 2674 2202 τοῖς
2709 2136 3023 2209 ἀνθρώποις
3056 2139 3114 2191 ὲν
3181 2134 3366 2209 ἡμέρᾳ
3403 2132 3751 2206 πορεύεσθαι,

2179 2229 2404 2302 βλέπειν
2436 2231 2538 2285 οὐκ
2568 2226 2638 2303 ἦν
2665 2247 2679 2262 ⁸
2707 2230 2770 2284 cs
2788 2229 2834 2283 δ’
2868 2229 3125 2285 ἐντεῦθεν
3156 2229 3344 2301 αἰθρία
3392 2228 3611 2297 καθαρά
3649 2227 3756 2282 πᾶ-

2180 2340 2267 2376 σιν
2291 2323 2525 2396 ἐρράγη,
2566 2326 2675 2379 τῶν
2703 2323 2885 2392 νεφῶν
2912 2324 2967 2378 εί
2991 2325 3039 2376 τ’
3074 2323 3378 2377 ἐλαθέντων
3404 2321 3457 2375 εί
3485 2337 3543 2373 τε
3573 2320 3757 2374 διαλυ-

2179 2415 2382 2469 θέντων
2412 2417 2488 2485 τῷ
2525 2416 2799 2485 μηδεμίαν
2844 2415 3160 2485 ὑποδρομὴν
3203 2413 3557 2483 ὐφισταμένφ
3594 2413 3750 2483 ἡλίῳ.

2174 2507 2338 2577 Μάχη
2372 2507 2467 2562 καὶ
2502 2508 2743 2577 πόλεμος
2767 2503 2858 2581 ἦν,
2887 2512 2986 2562 καὶ
3013 2508 3183 2562 πολὺν
3211 2508 3302 2561 τὸν
3364 2505 3590 2576 ὄλεθρον
3622 2522 3750 2558 κατ-

2173 2602 2475 2665 εσκεύαζον
2514 2602 2623 2655 τῶν
2659 2601 2975 2673 ἀνθρώπων
3002 2616 3017 2631 ο
3064 2599 3124 2654 τὸ
3162 2599 3208 2654 δ’
3260 2597 3513 2653 ἐντεῦθεν
3560 2599 3748 2667 εἰρήνη

2175 2695 2370 2767 βαθεῖα
2397 2694 2735 2767 κεκύρωται.
2766 2694 3006 2749 Τοιαῦτα
3028 2693 3124 2747 τοῦ
3158 2692 3295 2746 Θεοῦ
3335 2693 3401 2745 τὰ
3442 2693 3744 2761 θαυμάσια,

2170 2787 2510 2856 δοξαζόμενα
2538 2787 2640 2857 μὲν
2681 2787 2958 2855 ἀγγέλοις,
2986 2784 3297 2855 ἀξιύμνητα
3326 2784 3380 2837 δὲ
3410 2782 3742 2853 ἀνθρώποις,

2172 2874 2381 2952 ἓρρικτὰ
2405 2879 2661 2951 δαίμοσι,
2695 2879 2790 2933 καὶ
2819 2878 2926 2933 ὑπὸ
2955 2878 3142 2947 πάσης
3176 2876 3472 2954 αἰνούμενα
3492 2875 3744 2935 κτίσεως.

2171 2971 2454 3042 Λαμπρὰν
2482 2971 2584 3041 μὲν
2607 2971 2743 3040 ἡμῖν
2784 2971 2885 3040 τὴν
2910 2968 3188 3038 σωτηρίαν
3217 2968 3360 3020 ποιεῖ
3382 2967 3474 3019 καὶ
3499 2966 3560 3017 τὸ
3583 2982 3744 3018 κατα·

2174 3063 2337 3133 ϐῆναι
2366 3063 2503 3116 Θεὸν
2538 3064 2632 3116 ἐπὶ
2666 3061 2774 3132 γῆς
2819 3062 3133 3132 οὐρανόθεν,
3167 3060 3428 3131 λαμπρὰν
3468 3058 3523 3111 δὲ
3563 3059 3659 3112 καὶ
3689 3056 3747 3111 ab

482 3171 728 3228 numque
761 3173 797 3211 a
821 3159 1032 3215 medico
1062 3158 1283 3215 Christo
1336 3163 1744 3232 propulsorum,
1773 3164 1918 3220 inter
1962 3183 2066 3225 σιε-

2175 3156 2454 3228 παρθένον
2481 3158 2690 3223 τεκεῖν,
2721 3155 2989 3228 λαμπρὰν
3020 3155 3079 3208 δὲ
3122 3155 3225 3209 καί
3274 3155 3336 3207 τδ
3388 3156 3574 3207 πᾶσαν
3601 3153 3749 3206 νόσον

486 3256 604 3303 tera
658 3257 842 3304 tamen
902 3251 1141 3307 maxime
1197 3252 1430 3310 illustris
1481 3258 1824 3326 resplendnit
1866 3259 1918 3314 in
1946 3262 2066 3330 ipso

484 3338 686 3396 Christi
723 3342 790 3395 ad
821 3340 1025 3397 inferos
1061 3343 1354 3411 descensu,
1382 3355 1435 3401 et
1465 3351 1640 3420 regni,
1675 3353 1819 3420 quod
1874 3364 2063 3409 contra

481 3450 588 3490 nos
638 3433 955 3490 obtinuerat
986 3437 1359 3505 adversarius,
1398 3444 1727 3514 eversione;
1760 3458 1922 3518 atque
1969 3450 2065 3506 illo

483 3540 738 3593 munere,
772 3541 880 3597 quo
906 3527 1067 3584 nobis
1099 3537 1343 3598 potestas
1394 3541 1479 3588 est
1514 3535 1640 3590 data
1698 3542 2061 3597 conculcandi

2174 3251 2270 3303 καὶ
2301 3251 2580 3321 μαλακίαν
2612 3251 2717 3305 ὑπὸ
2754 3251 3069 3322 θεραπευτῇ
3085 3244 3745 3321 φυγαδευθῆναιηΧριστῷ.

2177 3343 2342 3397 ’Ἐστι
2368 3344 2425 3397 δὲ
2467 3343 2705 3414 μάλιστα
2764 3345 2987 3397 πάντων
3019 3344 3121 3397 κάν
3169 3343 3345 3414 τούτῳ
3398 3342 3650 3412 λαμπρὰ,
3694 3341 3751 3392 τὸ

2174 3437 2255 3499 είς
2283 3436 2411 3508 ᾅδου
2449 3435 2761 3506 καταϐῆναι
2793 3438 3054 3506 Χριστόν.
3113 3436 3225 3490 Καὶ
3266 3435 3359 3488 τοῦ
3409 3435 3507 3505 μὲν
3553 3431 3746 3505 ἐχοροῦ

2173 3530 2300 3582 καθ’
2351 3528 2511 3600 ἡμῶν
2564 3530 2743 3601 ἀρχὴν
2808 3529 3151 3597 ἀφελέσθαι·
3213 3530 3348 3597 ἡμῖν
3408 3528 3464 3580 δὲ
3517 3528 3747 3593 δύναμιν

481 3626 537 3672 et
568 3619 881 3688 proterendi
917 3630 1083 3691 caput
1116 3621 1314 3693 ipsius.
1346 3624 1499 3682 Adde
1524 3628 1668 3699 quod
1705 3646 1807 3687 nec
1841 3632 2005 3704 digne
2037 3646 2068 3686 a

2175 3624 2354 3678 δοῦναι
2388 3623 2488 3695 τὴν
2517 3624 2730 3678 ἐκείνου
2795 3627 2992 3678 πατεῖν
3052 3623 3317 3693 κεφαλήν.
3382 3621 3628 3691 ΠρόσἹες
3667 3620 3745 3673 ὅτι

483 3711 644 3768 nobis
677 3713 967 3784 exigantur
998 3717 1207 3786 gratim,
1242 3719 1339 3775 sed
1400 3721 1536 3777 satis
1592 3722 1665 3779 sit
1720 3723 1920 3779 bonum
1962 3725 2058 3781 du-

481 3819 599 3861 cem
631 3808 807 3879 sequi,
849 3817 906 3864 et
931 3818 1075 3866 recta
1104 3814 1444 3871 contendere
1464 3815 1530 3870 ad
1559 3817 1792 3887 regiam.

553 3983 787 4041 Pt'odcat
839 3987 1024 4044 forsan
1080 3991 1185 4046 huc
1234 3992 1286 4046 in
1350 3994 1606 4050 medium.
1644 3996 1842 4067 aliquis
1877 4014 2061 4055 eorum

480 4079 570 4149 qui
601 4079 862 4135 aviditate
888 4079 1131 4136 discendi
1164 4092 1441 4148 tenentur,
1470 4101 1534 4142 ac
1564 4097 1717 4159 roget
1745 4106 1759 4144 :
1791 4088 2064 4156 Quamob-

478 4187 595 4227 rem
624 4212 639 4234 ,
675 4172 832 4240 cedo,
869 4173 1076 4229 diutius
1133 4190 1297 4246 super
1349 4186 1518 4243 terra,
1551 4195 1714 4249 quam
1750 4183 1855 4237 sub
1915 4191 2059 4239 terra

480 4281 580 4320 sua
624 4267 850 4323 consilia
898 4269 1246 4324 annuntiavit
1297 4270 1579 4339 Servator,
1602 4282 1657 4330 et
1699 4290 1799 4330 cur
1845 4286 2059 4333 utrum-

476 4376 585 4428 que
614 4369 826 4431 tempus
856 4362 1102 4417 tcrnione
1123 4363 1351 4432 deliniit,
1375 4365 1506 4421 illud
1522 4368 2057 4440 quidem-annorum,

480 4454 588 4507 hoc
621 4467 751 4508 vero
790 4454 1050 4509 dierum?
1081 4457 1247 4526 Atqui
1301 4460 1499 4528 opinor
1556 4460 1705 4525 huic,
1760 4471 2055 4533 antequam

479 4540 651 4601 totam
685 4546 1047 4618 quaestionem
1077 4551 1449 4620 proposuerit,
1469 4568 1788 4623 responsum
1821 4555 1873 4609 in
1909 4573 2065 4613 men-
2096 4529 2141 4597 η

476 4649 585 4696 tein
627 4650 943 4706 venturum,
1002 4656 1175 4712 neque
1207 4658 1348 4713 opus
1405 4645 1522 4699 fore
1583 4645 1830 4702 doctore.
1863 4645 2065 4706 Omnes

474 4733 619 4787 enim
656 4747 686 4787 a
721 4732 833 4790 Deo
868 4751 1065 4793 sumus
1096 4735 1266 4792 docti.
1292 4731 1529 4806 Bcputet
1562 4748 1743 4794 autem
1779 4739 1897 4795 haec
1921 4743 2065 4811 apud

379 4867 387 4873 .
475 4842 558 4893 se,
598 4827 803 4898 quibus
833 4829 1016 4886 modis
1074 4832 1237 4885 vitam
1272 4842 1514 4889 nostram
1545 4832 1726 4888 adhuc
1756 4835 2067 4893 viventibus

475 4935 682 4989 ret-pus
711 4921 892 4975 varias
935 4926 1124 4980 turbas
1147 4929 1369 4993 excitet,
1405 4934 1460 4980 et
1487 4927 1701 4983 infinita
1724 4930 2067 4987 extrinsecus

476 5014 874 5085 impedimenta
932 5016 1187 5072 accidant
1234 5035 1249 5072 :
1315 5020 1514 5073 animae
1570 5035 1699 5075 vero
1737 5038 1862 5091 quae
1915 5023 2058 5092 apud

476 5109 686 5165 inti-ros
739 5120 887 5177 sunt,
951 5109 1105 5165 nullo
1153 5110 1486 5165 clauduntur
1534 5121 1717 5181 septo,
1738 5116 2061 5182 corporibus

475 5204 734 5259 videlicet
761 5213 958 5260 exutae.
986 5202 1141 5259 Unde
1168 5202 1283 5258 illis
1325 5204 1569 5274 leugiore
1628 5206 2059 5261 continuatiore-

476 5310 585 5363 qne
609 5309 751 5364 opus
785 5293 888 5349 fuit
921 5294 1207 5365 disciplina
1241 5296 1262 5367 (
1292 5303 1351 5349 ut
1403 5297 1865 5366 quemadmodum
1920 5314 2060 5367 aqua

478 5401 623 5456 saepe
654 5385 906 5442 cadendo
931 5395 1089 5441 cavat
1124 5387 1383 5456 lapidem,
1415 5388 1494 5443 sic
1525 5397 1581 5442 et
1601 5404 1782 5443 sermo
1818 5390 2060 5443 aninmm

476 5478 767 5549 emolliret)
789 5495 805 5547 ;
825 5480 931 5543 his,
958 5495 1083 5534 cum
1112 5480 1348 5535 sintacri
1387 5482 1644 5537 lacillime
1662 5482 1871 5537 cede:.ti
1908 5482 2057 5536 simi--

482 5575 581 5634 les,
641 5573 764 5629 talis
825 5572 931 5627 fuit
978 5582 1199 5640 natura,
1228 5582 1288 5627 ut
1338 5573 1525 5629 statim
1558 5575 1835 5642 potuerint
1881 5576 2064 5628 animo

480 5681 825 5732 percurrere,
854 5680 977 5735 quae
1027 5665 1164 5735 ipsis
1207 5677 1337 5721 sunt
1366 5665 1639 5719 nuntiata.
1678 5664 1737 5719 In
1770 5674 2064 5735 utrumque

481 5767 662 5813 autem
702 5767 918 5828 tempus
945 5758 1124 5813 ternio
1175 5758 1566 5824 introducitur,
1597 5767 1887 5829 propterea
1916 5757 2062 5827 quod

481 5851 650 5907 multa
685 5865 748 5907 ac
797 5851 947 5907 varia
985 5851 1056 5908 sit
1088 5851 1208 5922 ejus
1227 5853 1585 5922 praestantia:
1616 5867 1739 5906 nam
1777 5860 1827 5907 et
1855 5850 2065 5921 primus

2173 3713 2248 3786 μὴ
2278 3714 2335 3768 δὲ
2377 3715 2479 3778 τὰς
2533 3716 2672 3786 πρὸς
2719 3716 2880 3782 ἀξίαν
2948 3712 3329 3782 ἀπαιτούμεθα
3356 3712 3587 3783 χάριτας
3612 3710 3742 3781 πρὸς

2171 3803 2362 3871 αὑτοῦ,
2389 3805 2507 3858 ἀλλ’
2534 3807 2699 3877 ἀρκεῖ
2723 3808 2783 3859 τὸ
2840 3806 3073 3860 ἕπεσθαι
3105 3804 3284 3869 καλῶς
3316 3803 3623 3875 ὀδηγοῦντι,
3662 3802 3749 3856 καὶ

2170 3898 2275 3969 τῆς
2297 3898 2580 3968 βασιλείας
2605 3899 2735 3953 εὐθὺ
2766 3898 3106 3953 στέλλεσθαι.

2245 3990 2402 4061 Τάχα
2425 3991 2472 4044 δ’
2499 3991 2564 4045 ἄν
2591 4009 2677 4055 τις
2721 3992 2835 4045 τῶν
2883 3990 3205 4061 φιλομαθεῖν
3236 3991 3576 4061 αἱρουμένων
3612 4007 3750 4058 παρ·

2171 4081 2345 4136 ελθὼν
2394 4084 2476 4145 είς
2533 4082 2927 4155 μέσους,ἡμᾶς
2949 4084 3148 4155 ἔροιτο,
3192 4083 3244 4136 τί
3282 4083 3346 4154 δή
3400 4100 3528 4136 ποτε
3578 4082 3743 4135 πλείω

2171 4176 2367 4249 χρόνον
2395 4175 2536 4246 ὑπὲρ
2558 4178 2664 4247 γῆν
2689 4176 2720 4246 ἢ
2752 4178 2857 4229 ὑπὸ
2881 4176 2988 4245 γῆν
3017 4177 3045 4228 ό
3093 4173 3288 4246 Σωτὴρ
3347 4173 3738 4244 εὐηγγελίσατο

2172 4271 2232 4323 τδ
2271 4269 2597 4342 μυστήριον,
2635 4271 2732 4324 καὶ
2766 4271 2891 4322 ὅτου
2920 4269 3082 4339 χάριν
3112 4268 3221 4320 τῶν
3261 4269 3468 4339 χρόνων
3486 4268 3745 4333 ἑκάτερον

2171 4362 2371 4432 Τριάδι
2415 4362 2749 4435 μεμέτρικε,
2784 4361 2896 4416 τῶν
2928 4361 3029 4430 μὲν
3063 4360 3222 4427 ἐτῶν,
3263 4361 3355 4413 τὸν
3398 4359 3455 4411 δὲ
3505 4357 3737 4430 ἡμερῶν.

2181 4456 2344 4522 Ἀλλ’,
2368 4453 2546 4528 οἶμαι,
2572 4455 2649 4525 τῷ
2676 4455 2903 4526 τοιούτῳ
2922 4454 3053 4523 πρὶν
3073 4454 3202 4524 ὃλην
3227 4453 3461 4506 ἐκθεῖναι
3491 4453 3591 4519 τὴν
3613 4448 3741 4519 ἐρώ-

2170 4565 2366 4620 τησιν,
2398 4547 2499 4616 τὴν
2552 4548 2848 4616 ἀπόκρισιν
2901 4546 2984 4609 είς
3028 4546 3157 4598 νοῦν
3208 4543 3495 4614 ἀναϐῆναι,
3527 4544 3621 4596 καὶ
3670 4536 3738 4607 μὴ

2172 4637 2529 4708 προσδεῖσθαι
2568 4635 2836 4706 μηδαμῶς
2879 4634 2976 4688 τοῦ
2997 4633 3331 4699 διδάξαντος.
3363 4632 3611 4685 Διδακτάι
3636 4630 3734 4697 γὲρ

2170 4734 2293 4786 ἐστε
2346 4731 2550 4792 πάντες
2598 4728 2760 4783 Θεοῦ.
2806 4728 3202 4796 Συλλογίσαιτο
3231 4726 3277 4780 δ’
3319 4725 3387 4779 ἂν
3424 4723 3594 4777 ταῦτα
3624 4717 3731 4774 καθ’

2170 4825 2389 4887 ἑαυτὸν,
2438 4823 2514 4887 ὡς
2545 4824 2659 4886 τοῖς
2696 4822 2798 4892 μὲν
2837 4821 2919 4874 ἔτι
2976 4821 3115 4887 ζῶσι
3151 4819 3251 4873 καὶ
3308 4817 3469 4888 σῶμα
3518 4812 3720 4884 ὶνοχλεῖν

2171 4916 2267 4970 καὶ
2299 4916 2497 4985 μυρίαι
2560 4917 2970 4986 προσπίπτουσι
3029 4913 3230 4979 ἔξωθεν
3264 4911 3466 4966 αίτίαιο
3518 4911 3625 4968 ταῖς
3667 4903 3717 4955 δὲ

2170 5011 2294 5064 καθ’
2323 5010 2451 5081 ᾅδου
2483 5010 2706 5080 ψυχαῖς,
2739 5008 2893 5062 οὐδὲν
2922 5004 2991 5080 ἦν
3051 5009 3422 5077 ἐπιτείχισμα,
3479 5001 3716 5073 σωμάτων

2169 5107 2527 5173 ἀφειμέναις.
2564 5104 2877 5156 Κάντεῢθεν
2909 5104 3026 5163 τοῖς
3064 5101 3164 5170 μὲν
3214 5100 3460 5161 πλείονος
3496 5099 3600 5151 ἔδει
3641 5089 3726 5145 καὶ

2174 5198 2571 5268 συνεχεστέρας
2624 5194 3001 5257 διδασκαλίας,
3040 5194 3108 5247 ἵν’
3142 5193 3335 5263 ὥσπερ
3361 5191 3505 5258 ὕδωρ
3533 5185 3729 5243 ἐνδελε-

2172 5291 2266 5361 χὲς
2298 5291 2527 5362 πέτραν,
2561 5291 2657 5341 καὶ
2677 5289 2705 5340 ὁ
2734 5288 2897 5354 λόγος
2923 5287 3151 5357 κοιλάνῃ
3188 5285 3369 5355 ψυχήν
3394 5299 3407 5314 ·
3434 5285 3552 5343 ταῖς
3590 5279 3643 5332 δὲ
3666 5272 3738 5344 τῷ

2170 5383 2267 5437 τοῦ
2296 5384 2456 5453 ἀέρος
2484 5382 2717 5451 εὐείκτῳ
2746 5382 3208 5447 ἀπεικασμέναις,
3243 5377 3335 5430 καὶ
3358 5375 3595 5446 ἀχρόνως
3623 5383 3742 5439 σχε-

2171 5480 2262 5532 δδν
2286 5479 2447 5546 φύσις
2479 5474 2549 5546 ἦν
2579 5477 2956 5548 προσδραμεῖν
2983 5475 3061 5542 τῷ
3091 5472 3428 5542 κηρύγματι.
3455 5465 3591 5521 Καθ’
3621 5462 3744 5515 ἑκά·

2172 5590 2335 5642 τερον
2358 5573 2416 5625 δὲ
2471 5573 2563 5625 τὸν
2590 5574 2786 5642 χρόνον
2815 5570 2986 5640 Τριέις
3013 5569 3322 5634 εἰσάγεται,
3350 5564 3432 5615 ὅτι
3458 5558 3625 5613 πολλὰ
3648 5555 3742 5624 μὲν

2172 5668 2268 5718 καὶ
2303 5664 2442 5720 ἄλλα
2477 5663 2686 5732 ταύτης
2722 5662 2790 5715 τὰ
2810 5660 3123 5729 ἀξιώματα.
3157 5659 3265 5711 Καὶ
3289 5656 3397 5726 γὰρ
3423 5654 3607 5725 πρώτη
3626 5643 3744 5700 κατ’

2175 5758 2461 5827 ἐνέργειαν
2498 5755 2757 5828 ἀριθμὸς,
2797 5753 2894 5806 καὶ
2924 5751 3048 5804 κατ’
3077 5751 3247 5820 αὐτὴν
3281 5753 3307 5803 ό
3343 5750 3526 5819 χρόνο,
3557 5739 3746 5810 ξῄρη·

2175 5866 2292 5915 ται,
2340 5850 2433 5902 καὶ
2464 5848 2524 5902 τὸ
2558 5846 2903 5916 ὑπερϐάλλον
2931 5845 2999 5899 δι’
3022 5844 3195 5914 αὐτῆς
3228 5841 3392 5914 ἐδήλυ·
3417 5858 3497 5894 τεν
3523 5840 3549 5892 ό
3591 5846 3744 5903 τρισ-
