4076 6466
383 446 517 515 100i

1303 453 1587 514 ORATIO
1623 455 1699 515 ΙΝ
1737 452 2252 516 SEPULTURAM
2295 458 2359 518 Ι).
2402 461 2472 522 N.
2516 412 2591 526 1..
2619 458 2683 519 C.
2777 402 2784 411 ί

3510 449 3655 516 1010

380 567 589 631 ὄλϐιος,
617 566 711 620 καὶ
738 563 943 628 παντὸς
974 564 1311 631 οὑτινοσοῦν,
1347 567 1522 638 ἀρχὴν
1547 567 1643 621 καὶ
1679 567 1854 637 μέσην
1872 565 1967 620 καὶ

2076 582 2171 623 sua
2209 571 2260 624 vi
2295 588 2559 630 numerus
2588 584 2692 640 est,
2714 581 2765 629 et
2796 586 2893 644 per
2932 571 3109 642 ipsum
3141 578 3358 638 tempus
3402 570 3501 622 est'
3532 562 3652 620 dis-

382 660 539 724 τέλος
570 659 772 731 ὁρίζει,
810 660 905 711 καὶ
940 659 1134 731 πρώτη
1170 662 1546 729 συνεστήσατο
1610 662 1814 732 σχῆμα,
1874 660 1970 715 καὶ

381 756 486 807 ὅσα
546 753 639 807 τὸν
697 754 946 823 παρόντα
1016 754 1298 822 διαφεύγει
1377 754 1592 820 καιρόνέ
1637 754 1735 807 ’Ἑν
1797 753 1856 806 δὲ
1907 753 1970 806 τὸ

383 848 700 920 κράτιστον,
743 847 826 899 ὅτι
885 847 993 899 καὶ·
1041 847 1212 917 Τριὰς
1267 849 1294 900 ό
1329 846 1492 911 Θεὸς,
1525 846 1714 915 ὥσπερ
1778 846 1842 914 δὴ
1872 834 1969 898 καὶ

387 939 576 1011 μονάς.
634 937 916 1007 Τιμᾶσοαι
968 938 1102 1004 γοῦν
1177 938 1461 991 κάνταῦθα
1540 938 1816 991 διδάσκων
1876 936 1968 989 τὸν

384 1036 445 1087 ἐν
493 1031 689 1103 Τριάδι
740 1031 897 1095 Θεὸν,
929 1030 963 1098 ἦ
1025 1032 1123 1083 καὶ
1187 1031 1380 1083 ἐαυτὸν
1430 1031 1529 1083 ἕνα
1579 1032 1678 1099 τῆς
1733 1030 1776 1081 Τ
1782 1030 1968 1100 ριάδος

383 1125 601 1186 δεικνὺς
639 1122 904 1194 ὸΣωτὴρ,
935 1119 1081 1175 οὕτω
1129 1121 1225 1176 καὶ
1258 1121 1327 1174 τά
1378 1123 1521 1175 κατὰ
1567 1121 1696 1184 τοὺς
1739 1122 1967 1191 χρόνους

383 1218 614 1272 διέθετο.

454 1476 643 1534 Ταῦτα
668 1476 733 1547 δὴ
766 1477 864 1530 καὶ
885 1474 952 1528 τά
990 1472 1228 1545 πρόσθεν
1268 1471 1565 1544 βλέποντες
1593 1473 1645 1526 oi
1694 1471 1963 1536 Ἰουδαῖοι,

390 1573 465 1643 μὴ
492 1570 999 1655 προσκοπτέτωσαν
1026 1569 1090 1638 τῇ
1128 1565 1316 1635 σαρκί.
1350 1565 1483 1630 Θεδς
1506 1566 1615 1636 γὰρ
1639 1565 1699 1619 δν
1728 1567 1967 1637 γεννητὴ

389 1666 553 1735 φύσις
574 1662 786 1734 γυμνὸν
817 1662 950 1732 όρᾷν
986 1661 1085 1713 οὐκ
1113 1658 1181 1713 ἂν
1207 1657 1450 1722 δύναιτο,
1482 1660 1539 1712 ἐν
1573 1658 1712 1729 αὐτῇ
1740 1657 1966 1727 διαφαί-

387 1775 560 1823 νεται,
594 1757 687 1811 καὶ
735 1759 847 1819 τοῖς
898 1760 975 1826 τῷ
1025 1754 1342 1823 φαινομένῳ
1375 1752 1802 1823 προσκρούουσι,
1844 1753 1960 1824 ἔχει

388 1848 764 1921 παραφαίνειν
793 1847 894 1918 τὴν
948 1848 1183 1918 ἀόρατον
1214 1845 1471 1914 δύναμιν.
1528 1844 1691 1898 Ἀλλά
1740 1844 1963 1908 τούτους

387 1943 490 2012 μὲν
537 1942 648 1996 τῶν
706 1941 886 1996 ἄλλων
945 1939 1245 2011 προφητῶν
1297 1940 1397 1994 οὐκ
1444 1938 1595 1992 ἐστιν
1651 1939 1803 2003 ὅστις
1866 1937 1969 1991 οὐκ

386 2036 584 2110 ἤλεγξε
614 2036 890 2107 πονηροὺς
937 2034 1121 2098 ὄντας,
1154 2032 1418 2103 Ἰωάννης
1450 2032 1507 2086 δέ
1547 2032 1642 2085 καὶ
1678 2033 1967 2102 γεννήμα-

391 2147 478 2184 σιν
506 2130 729 2184 εἴκασεν
755 2127 998 2197 ἐχιδνῶν.
1048 2128 1122 2181 Τὸ
1150 2127 1262 2198 γάρ
1297 2125 1447 2188 ἔθνος
1480 2124 1723 2195 ἀτεχνῶς
1743 2123 1966 2194 ἐχιδνῶν

392 2219 670 2289 γέννημα,
704 2219 1026 2289 ἀχάριστον,
1057 2220 1155 2271 καὶ⁹
1195 2219 1438 2289 δήγμασι
1490 2219 1583 2271 τὸν
1635 2221 1693 2273 ἐν
1741 2218 1968 2281 κόλποις

391 2310 672 2382 θάλψαντα
727 2311 1073 2380 διαφθεῖρον,
1117 2305 1279 2365 Οὗτοι
1328 2312 1438 2379 γάρ
1470 2310 1563 2364 καὶ
1605 2310 1807 2374 πολλὰς
1856 2309 1970 2363 ἐνέ-

389 2403 524 2471 δρας
567 2402 637 2456 δι’
686 2402 1012 2474 ἐρωτήσεων
1057 2402 1136 2470 τῷ
1175 2402 1393 2472 Σωτῆρι
1443 2403 1725 2472 προσῆγον
1755 2417 1769 2433 ⁸
1804 2403 1834 2456 ὁ
1884 2403 1964 2468 δὲ,

389 2494 598 2558 ταύτας
629 2493 859 2549 διέλυεν.
890 2496 955 2547 Oi.
986 2493 1043 2546 δέ
1073 2493 1172 2563 τὴν
1198 2495 1258 2546 ἐν
1285 2497 1397 2557 τοῖς
1449 2494 1644 2563 μύθοις
1671 2493 1842 2566 ὕδραν
1875 2514 1967 2566 μι-

393 2584 680 2657 μούμενοι,
735 2587 834 2664 τῆς
865 2585 1094 2657 πρώτης
1151 2587 1396 2656 κεφαλῆς
1430 2589 1774 2659 τεμνομένης
1797 2628 1813 2654 ,
1849 2589 1966 2643 ἐτέ-

394 2697 494 2750 ρχν
537 2679 785 2750 ἀνίσχειν
817 2681 1085 2751 παρεῖχον
1114 2679 1367 2750 ἑτοίμως.
1403 2681 1513 2734 Καὶ
1558 2680 1770 2752 ταύτης
1809 2682 1971 2751 ἀφαι-

398 2773 694 2843 ρουμένης,
745 2773 868 2827 οὒδέ
914 2774 1109 2844 τρίτην
1145 2772 1481 2843 προϐάλλειν
1535 2775 1802 2844 ἠμέλουν,
1850 2772 1971 2829 εἶτα

392 2867 563 2936 ἀλλην
593 2866 685 2920 ἐπ’
709 2866 870 2937 ἄλλῃ,
927 2867 1123 2936 μέχρις
1146 2858 1210 2919 οὗ
1249 2865 1453 2930 πολλὰς
1498 2868 1598 2937 μὲν
1635 2869 1973 2937 προϊσχόμε-

390 2976 496 3021 νοι,
538 2958 721 3022 πάσας
767 2959 814 3013 δ’
849 2959 1244 3025 ἀποϐαλόντες,
1293 2961 1444 3024 τέλος
1476 2960 1556 3031 τῷ
1607 2963 1973 3031 συκοφαντεῖν

391 3053 623 3117 ἑαυτοὺς
675 3052 1085 3117 καθοπλίζουσι.
1114 3054 1224 3109 Καὶ
1248 3053 1425 3118 οὕτως
1474 3054 1790 3125 ἐπιθέμενοι
1824 3054 1978 3108 ἐκόν-

1995 1813 2043 1871 Β

2072 668 2362 730 tributum,
2399 678 2453 721 et
2500 665 2880 721 excellentiam
2917 678 3013 732 per
3064 652 3213 715 hunc
3271 654 3576 713 declavavit
3601 654 3651 708 is
3713 700 3731 716 ,.

2070 760 2163 828 qui
2197 770 2277 812 ter
2335 768 2638 827 quaterque
2663 761 2856 813 beatus
2892 760 3017 811 est:
3052 763 3107 809 et
3157 752 3235 807 rei
3292 746 3652 815 uniuscujus-

2070 867 2177 920 que
2212 851 2565 920 principium,
2600 852 2837 905 medium
2897 863 2961 904 ac
2992 848 3152 901 linem
3212 841 3566 906 determinat,
3592 847 3649 893 et

2072 944 2303 1014 primam
2365 945 2590 1012 figuram
2659 940 2945 997 con5tituit
2976 978 2993 1003 ,
3047 948 3101 993 et
3155 947 3499 1007 quaecunque
3546 929 3650 984 hoc

2071 1046 2288 1108 tempus
2320 1034 2505 1090 afferri
2546 1049 2657 1088 non
2693 1033 2922 1103 patitur.
2962 1027 3141 1085 Unum
3190 1038 3370 1083 autem
3419 1033 3503 1080 est
3558 1037 3650 1078 su-

2068 1142 2342 1200 premum.
2376 1127 2521 1195 quod
2549 1128 2717 1186 Dens,
2752 1124 2897 1180 sicut
2924 1122 3106 1178 unitas
3131 1127 3239 1184 est,
3277 1118 3351 1174 ita
3377 1125 3432 1173 et
3469 1116 3650 1172 ternio

2069 1224 2164 1289 sit,
2197 1223 2278 1277 vel
2303 1222 2436 1275 hinc
2474 1235 2576 1274 nos
2601 1219 2804 1273 docens
2834 1216 3115 1281 Servator,
3151 1211 3402 1269 venerari
3435 1210 3488 1265 in
3538 1217 3653 1264 ter-

2070 1314 2233 1369 nione
2278 1310 2472 1374 Deum,
2530 1321 2624 1364 aut
2683 1308 2986 1364 ostendens
3050 1321 3108 1367 se
3136 1320 3205 1360 ex
3250 1303 3501 1359 ternione
3526 1316 3652 1357 esse

2070 1420 2262 1462 unum.
2280 1404 2359 1460 Ita
2376 1416 2596 1473 quoque
2610 1416 2671 1456 se
2690 1401 2911 1466 habent,
2931 1413 3051 1469 quae
3067 1399 3132 1450 ad
3156 1405 3371 1466 tempus
3396 1392 3647 1449 attinent.

2140 1496 2265 1552 Haec
2297 1496 2487 1566 igitur,
2518 1502 2573 1549 et
2596 1508 2659 1548 ea
2700 1508 2822 1561 qua:
2866 1497 3293 1560 praecesserunt,
3346 1483 3652 1555 conspicati

2067 1590 2263 1656 Judaei,
2298 1589 2556 1645 desinant
2583 1600 2808 1642 carnem
2857 1582 3274 1644 circumcidere,
3301 1578 3445 1634 Deus
3501 1576 3650 1633 enim

2069 1683 2287 1755 (quem
2343 1687 2536 1733 natura
2593 1675 2776 1747 genita
2840 1687 3068 1729 cernere
3101 1668 3388 1742 nequeat)
3426 1668 3478 1722 in
3532 1666 3652 1737 ipsa

2070 1782 2401 1843 conspectus
2432 1771 2640 1837 est,sic
2683 1779 2743 1825 ut
2782 1768 2869 1824 his
2920 1766 3014 1838 qui
3062 1773 3418 1833 conspectum
3473 1762 3651 1831 ipsum

2072 1865 2407 1934 reiecerunt,
2438 1862 2739 1933 potentiam
2771 1875 2892 1931 qua:
2923 1860 3046 1917 visu
3079 1856 3287 1928 percipi
3316 1854 3525 1926 nequit,
3558 1866 3655 1907 os-

2072 1958 2293 2015 tendere
2319 1957 2516 2028 possit.
2554 1954 2659 2009 Sed
2690 1954 2790 2008 hos
2815 1967 2980 2008 nemo
3010 1951 3155 2005 inter
3189 1949 3328 2004 alios
3355 1946 3653 2018 prophetas

2074 2052 2203 2119 fuit,
2235 2050 2328 2121 qui
2355 2065 2464 2104 non
2492 2046 2778 2119 improbos
2807 2059 2932 2102 esse
2979 2041 3374 2115 pronuntiarit.
3411 2037 3654 2095 Joannes

2070 2155 2253 2199 autem
2296 2141 2473 2199 soboli
2521 2142 2833 2210 viperarum
2892 2135 3240 2194 assimilavit.
3274 2132 3410 2187 Nam
3466 2143 3653 2186 revera

2068 2253 2203 2310 gens
2229 2237 2343 2292 haec
2370 2248 2613 2305 propago
2641 2239 2726 2289 est
2770 2232 3106 2301 viperarum,
3137 2233 3200 2283 ut
3249 2224 3344 2298 qui
3386 2222 3653 2279 virulenta

2072 2343 2261 2383 morsu
2291 2326 2444 2381 illum
2479 2328 2909 2387 interemerent,
2944 2321 3001 2376 in
3026 2319 3183 2390 cujus
3212 2321 3337 2373 sinu
3389 2314 3654 2373 foveban—

2076 2429 2185 2474 tnr.
2210 2416 2276 2472 Hi
2306 2424 2457 2482 sunt,
2482 2415 2578 2485 qui
2609 2428 2706 2482 per
2733 2411 2936 2467 multas
2971 2406 3422 2481 percontationes
3453 2402 3651 2457 Serva-

2080 2511 2182 2568 tori
2217 2513 2445 2579 laqueos
2479 2514 2827 2570 struxerunt,
2853 2504 2910 2558 hi
2940 2501 3032 2574 qui
3055 2500 3283 2572 hydram
3327 2497 3477 2553 illam
3533 2509 3653 2565 quae

2079 2604 2135 2659 in
2166 2603 2361 2659 fabulis
2388 2611 2499 2667 est,
2533 2601 2755 2665 imitati,
2789 2598 2956 2653 unius
2992 2593 3263 2666 amputati
3310 2590 3506 2663 capitis
3534 2588 3653 2643 loco

2078 2713 2108 2753 e
2138 2696 2388 2767 vestigio,
2420 2695 2566 2766 quod
2594 2692 2968 2762 porrigerunt,
3025 2688 3338 2743 habuerunt
3399 2682 3655 2759 alterum,

2074 2800 2127 2844 et
2158 2791 2262 2844 hoc
2290 2786 2509 2841 sublato
2544 2800 2652 2839 non
2686 2781 2931 2837 cunctati
2964 2787 3097 2836 sunt
3134 2777 3377 2845 objicere
3411 2771 3655 2831 tertium,

2076 2881 2203 2936 dein
2253 2879 2398 2934 aliud
2425 2882 2551 2947 post
2589 2873 2740 2930 aliud
2778 2889 2793 2926 :
2825 2872 3001 2928 donec
3055 2868 3238 2925 multis
3296 2864 3569 2937 porrectis
3603 2869 3655 2916 et

2077 2971 2415 3028 detruncatis
2446 2969 2515 3037 ad
2552 2974 2860 3023 extremum
2893 2979 2952 3019 se
2991 2960 3283 3018 calumniis
3353 2964 3656 3020 armarunt,

2080 3077 2245 3138 atque
2300 3064 2385 3119 his
2448 3069 2706 3132 urgentes
2754 3058 3028 3113 volentem
3082 3053 3328 3111 volentes
3378 3047 3657 3119 corripue-

390 3162 483 3209 τες
525 3146 722 3201 ἑκόντα
783 3145 1026 3217 αἱροῦσι,
1069 3149 1166 3201 καὶ
1206 3147 1504 3217 ἀνάγουσιν
1541 3149 1640 3203 ἐπὶ
1673 3150 1766 3202 τὸν
1803 3164 1971 3203 σταυ-

2076 3167 2208 3217 runt
2262 3166 2318 3215 et
2365 3156 2433 3213 ad
2466 3171 2686 3213 crucem
2720 3151 3094 3208 abduxerunt.

395 3239 508 3310 ρόν.

465 3333 540 3386 Τὸ
566 3332 676 3404 γάρ
707 3333 801 3388 τὸν
834 3333 1071 3403 λεγεῶσι
1103 3334 1433 3404 πνευμάτων
1464 3335 1833 3407 ἐπιτιμῶντα,
1878 3335 1973 3390 καὶ

395 3425 633 3497 ἀνέμους
688 3427 936 3493 ίστάντα,
996 3428 1093 3482 καὶ
1151 3429 1246 3482 ἐπὶ
1303 3428 1602 3494 θαλάσσαις
1657 3428 1971 3500 βαδίζοντα,

394 3520 608 3592 θνητῶν
631 3521 959 3591 ἀνθρώπων,
995 3521 1093 3576 καὶ
1123 3522 1244 3576 οὐδὲ
1278 3523 1538 3577 πλείστου
1566 3523 1736 3588 ἀξίων
1768 3523 1977 3594 ἥττονα

378 3620 711 3687 φαίνεσθαι,
734 3618 1005 3691 οὖμενουν
1039 3619 1142 3691 τῆς
1189 3620 1419 3675 ἐκείνων
1449 3621 1737 3693 δυνάμεως
1767 3619 1975 3692 γνώρι-

396 3729 535 3783 σμα,
561 3713 661 3782 τῆς
687 3712 756 3767 δὲ·
777 3713 970 3768 τούτου
1001 3713 1393 3785 μακροθυμίας
1440 3715 1639 3784 δεῖγμα
1677 3715 1774 3769 καὶ
1810 3711 1975 3783 βαθυ-

394 3807 562 3878 τέρας
587 3807 929 3876 οίκονομίας.
971 3806 1127 3860 Ἐπεὶ
1164 3808 1258 3861 καὶ
1291 3807 1448 3871 Θεὸς,
1475 3807 1551 3869 ὡς
1579 3806 1647 3860 ἂν
1684 3808 1781 3861 καὶ
1811 3823 1976 3860 σταυ-

390 3897 622 3970 ⁷ροῦντες
680 3901 1055 3970 συμφήσαιεν,
1109 3900 1240 3962 τοὺς
1285 3899 1386 3968 τὴν
1442 3899 1652 3952 ἐκείνου
1707 3897 1877 3967 τιμὴν
1918 3897 1977 3962 ἐξ

392 3989 565 4042 αὐτοῦ
611 3989 958 4054 καθελόντες,
1008 3993 1246 4053 καὶτοῖς
1285 3992 1504 4059 νεκροῖς
1556 3990 1977 4053 ἀνατεθεικότες

392 4078 664 4146 εἰδώλοις,
695 4083 770 4151 μὴ
803 4082 983 4150 ῥίζαις
1009 4081 1206 4145 αὐταῖς
1237 4080 1473 4150 ἐξαίρων
1524 4081 1622 4134 καὶ
1667 4079 1973 4149 ἀφανίζων,

396 4172 767 4244 ἐκδηλότατον
830 4175 1060 4245 ἐκφέρει
1108 4174 1286 4243 δήπου
1342 4172 1446 4242 τῆς
1500 4173 1713 4236 οἰκείας
1770 4177 1974 4252 ἀνοχῆς

399 4265 695 4335 σύμόολον.
733 4265 944 4336 Ἔγωγ⁹
977 4267 1071 4321 οὖν
1099 4261 1244 4334 οῖδα,
1265 4265 1570 4336 δυνάμενον
1600 4266 1699 4334 μὲν
1736 4266 1810 4337 μὴ
1864 4266 1974 4320 πά-

396 4375 570 4428 σχειν,
600 4358 927 4431 βουλόμενον
952 4359 1031 4414 δέ.
1073 4360 1225 4432 Πλὴν
1244 4346 1361 4412 ’ἔδει
1413 4358 1474 4412 τὸ
1512 4357 1713 4429 μέτρον
1747 4358 1973 4424 τούτους

393 4452 503 4505 τῶν
534 4453 754 4506 οἰκείων
793 4457 1049 4524 πατέρων
1096 4448 1344 4523 πληροῦν
1367 4464 1384 4483 ⁶
1432 4450 1701 4505 κάκείνων
1755 4452 1850 4505 ἐπὶ
1880 4452 1973 4505 τὸν

2068 3346 2069 3349 “
2150 3344 2286 3400 Eum
2339 3354 2580 3412 namque
2609 3337 2702 3408 qui
2743 3334 3038 3407 spirituum
3069 3327 3377 3404 legionibus
3408 3325 3659 3395 imperat,

2077 3452 2130 3498 et
2158 3448 2353 3496 ventos
2384 3436 2561 3499 sedat,
2595 3441 2649 3489 et
2680 3444 2777 3503 per
2827 3443 2980 3484 mare
3046 3423 3382 3487 ambulabat,
3440 3416 3673 3475 inferie—~

2076 3551 2193 3592 rem
2217 3529 2394 3589 videri
2423 3526 2741 3584 hominibus
2793 3519 3140 3582 mortalibus,
3206 3529 3271 3569 ac
3329 3526 3435 3566 non
3489 3506 3662 3562 multo

2080 3622 2578 3702 prmstantioribus,
2616 3617 2759 3672 haud
2823 3614 2986 3670 dubie
3042 3607 3302 3665 indicium
3363 3603 3493 3658 facit
3543 3614 3664 3669 qua:

2081 3697 2226 3775 uires
2271 3724 2401 3772 sunt
2428 3716 2648 3776 horum,
2676 3715 2733 3763 et
2784 3711 3171 3774 argumentum
3210 3697 3403 3769 probet
3458 3698 3664 3763 quanta

2078 3810 2152 3866 sit
2204 3805 2495 3863 tolerantia
2541 3812 2595 3858 et
2629 3813 2792 3869 quam
2848 3798 3117 3850 immensa
3150 3786 3438 3861 prudentia
3478 3785 3661 3839 illius:

2080 3909 2444 3973 posteaquam
2478 3895 2627 3949 Deus
2672 3906 2797 3946 cum
2852 3889 2927 3945 sit
2956 3888 2976 3958 (
3006 3895 3063 3940 ut
3092 3885 3198 3953 ipsi
3231 3882 3324 3953 qui
3354 3895 3478 3935 eum
3511 3875 3664 3933 cruci

2078 3969 2396 4054 affixerunt,
2435 3988 2594 4042 fateri
2618 3981 2929 4053 coguntur)
2962 3980 3087 4033 illos
3108 3976 3202 4047 qui
3226 3974 3454 4045 gloriam
3489 3969 3665 4040 ipsius

2076 4084 2128 4138 ei
2169 4083 2543 4143 detraxerant,
2603 4084 2659 4130 et
2711 4070 3023 4128 simulacris
3062 4066 3300 4123 mortuis
3352 4063 3666 4119 tribuerunt

2078 4173 2349 4231 radicitus
2407 4185 2516 4224 non
2566 4164 2990 4236 exstirpaverit,
3026 4157 3503 4215 evidentissimum
3568 4169 3667 4223 pa-

2081 4267 2284 4327 tientiae
2311 4266 2359 4321 ei
2394 4261 2629 4334 prepriaa
2650 4252 2867 4328 signum
2891 4256 3259 4311 demonstrat.
3301 4252 3412 4323 Ego
3442 4248 3666 4319 quidem

2078 4365 2193 4418 scio
2223 4358 2469 4431 potuisse
2501 4370 2627 4412 eum
2689 4366 2800 4407 non
2848 4350 2996 4421 pati;
3030 4347 3124 4403 sed
3179 4344 3445 4409 voluisse,
3494 4340 3667 4409 siqni-

2081 4456 2205 4511 dem
2245 4465 2466 4507 necesse
2495 4457 2617 4503 erat
2641 4447 2910 4514 majorum
2938 4458 3162 4498 suorum
3202 4441 3276 4495 illi
3311 4437 3668 4493 absolverunt

392 4544 502 4598 τῶν
534 4546 831 4617 προφητῶν
868 4547 1028 4615 φόνον
1050 4548 1216 4616 ὁμόσε
1258 4548 1681 4618 κεχωρηκότων,
1729 4546 1824 4599 ἐπὶ
1879 4546 1972 4627 τὸν

2084 4556 2325 4617 ceptum,
2392 4551 2451 4598 ut
2509 4537 2987 4612 quemadmodum
3042 4535 3099 4589 bi
3155 4535 3210 4588 in
3276 4532 3665 4601 prophetarum

394 4639 626 4701 ἐκείνοις
688 4638 1093 4708 προλεγόμενον
1150 4637 1325 4710 ἥξειν,
1373 4640 1519 4710 ὅπερ
1580 4640 1767 4693 ἱκανὸν
1818 4638 1975 4692 ἔσται

394 4730 601 4801 πολλὴν
627 4736 742 4792 τοῖς
792 4730 903 4784 τῶν
945 4731 1204 4800 πατέρων
1262 4733 1667 4803 ἁμαρτήμασιν
1730 4735 1975 4802 ἐνεγκεῖν

392 4824 492 4896 τὴν
517 4824 839 4892 ἀπολογίαν.
876 4825 938 4878 Εἰ
960 4823 1019 4876 δὲ
1048 4825 1208 4878 τοῦτό
1240 4841 1300 4877 τε
1331 4826 1525 4894 γέγονε
1587 4826 1683 4879 καὶ
1735 4827 1803 4881 τά
1864 4842 1973 4880 πα-

390 4918 522 4973 λαιά
555 4918 633 4986 τῷ
670 4918 775 4987 νέῳ
820 4915 1138 4988 τολμήματι
1192 4919 1634 4989 συνεισφέρεται,
1662 4918 1841 4973 ἄθλιοι
1873 4919 1976 4989 μὲν

389 5012 439 5065 oi
471 5011 865 5081 γεννήσαντες,
900 5008 996 5062 τοῦ
1032 5008 1144 5062 τῶν
1179 5009 1480 5080 προφητῶν
1533 5010 1697 5079 φόνου
1722 5025 1739 5043 ⁶
1776 5008 1977 5063 ἀθλιώ-

389 5121 539 5174 τεροι
563 5102 622 5156 δέ
670 5102 772 5167 τῆς
808 5102 1222 5173 χριστοκτονίας
1277 5103 1327 5155 οί
1361 5102 1740 5172 γεννηθέντες.
1758 5101 1979 5169 Πονηρά

395 5193 496 5264 μὲν
527 5194 690 5265 γὰρὴ
721 5193 914 5263 γνώμη
947 5192 1029 5263 τῷ
1084 5191 1251 5257 ἔθνει,
1290 5193 1386 5247 καὶ
1441 5192 1681 5263 μάλιστα
1723 5193 1839 5255 τοῖς
1881 5190 1976 5245 τοῦ

393 5286 564 5354 νόμου
598 5286 977 5355 προίστασθαι.⁹
1002 5279 1726 5355 ὲπαγγελλομένοις.ἿΙγχε
1760 5285 1816 5337 δὲ
1842 5284 1980 5354 μᾶλ-

390 5380 483 5431 λον
511 5379 735 5445 αὐτοὺς,
787 5381 872 5432 ὅτι
913 5379 1008 5433 τὸν
1070 5379 1304 5449 Σωτῆρα
1338 5378 1438 5448 μὲν
1472 5377 1624 5446 ἄξιον
1659 5378 1851 5431 ἐαυτὸν
1902 5375 1977 5431 ὧν

389 5473 639 5528 ἐδίδασκε
676 5474 991 5545 παρέχοντα
1030 5474 1119 5526 διά
1152 5476 1376 5527 πάντων
1407 5471 1597 5542 ἐώρων
1625 5488 1639 5503 ο
1678 5472 1893 5534 ἑαυτοῖς
1921 5470 1979 5524 δὲ

390 5568 723 5637 συνείδησαν
777 5568 861 5621 ὃτι
912 5568 1106 5640 πόρρω
1163 5566 1540 5636 πλανωμένοις
1573 5566 1683 5618 τῶν
1735 5564 1977 5634 νομικῶν

388 5662 812 5730 διαταγμάτων.
850 5661 963 5714 Καὶ
1003 5661 1113 5731 γὰρ
1141 5660 1347 5724 αὐτοῖς,
1382 5658 1444 5711 τὸ
1474 5658 1572 5728 μὲν
1610 5656 1711 5728 βίῳ
1740 5658 1834 5710 καὶ
1856 5657 1977 5727 τρό-

388 5770 515 5818 ποις
554 5754 870 5821 εὐδοκιμεῖν
930 5752 1185 5825 (καὶγὰρ
1217 5752 1309 5805 καὶ
1341 5751 1520 5812 ἄλλως
1556 5752 1842 5817 ἐπίπονον)
1867 5749 1976 5801 ὀλι-

389 5847 599 5917 γωρίας
634 5846 710 5909 ὼς
744 5844 1023 5917 ἄχρηστον
1045 5842 1289 5914 ἠξιοῦτο.
1330 5841 1523 5896 Πολλοὶ
1552 5843 1609 5896 δὲ
1642 5843 1755 5904 τοῖς
1788 5842 1971 5908 λόγοις

392 5942 486 5995 καὶ
517 5942 640 6004 ταῖς
697 5938 1070 6002 διδασκαλίαις
1120 5936 1338 6008 ῥέοντες
1391 5932 1567 6008 ἦσαν·
1614 5937 1709 5991 καὶ
1740 5936 1850 6005 γὰρ
1880 5933 1974 5990 καὶ

2079 4640 2477 4710 conspirarunt
2509 4647 2722 4700 necem,
2749 4632 2824 4686 ita
2851 4630 2953 4701 ipsi
2988 4643 3099 4683 uno
3139 4640 3410 4681 consensu
3443 4636 3669 4692 progre-

2078 4734 2343 4789 derentur
2401 4729 2469 4784 ad
2516 4744 2643 4784 eum
2703 4724 2793 4795 qui
2820 4723 2889 4778 ab
2948 4721 3058 4775 illis
3110 4718 3406 4789 praedictus
3463 4714 3663 4777 fuerat,

2078 4825 2222 4897 quod
2256 4823 2506 4894 profecto
2536 4828 2753 4889 patrum
2814 4814 3142 4871 criminibus
3173 4808 3449 4891 egregium
3500 4813 3667 4875 queat

2085 4918 2288 4974 afferre
2326 4913 2723 4986 patrocinium.
2755 4906 2911 4974 Quod
2937 4906 2981 4959 si
3009 4904 3061 4959 id
3092 4910 3176 4958 est
3206 4902 3438 4963 factum,
3476 4906 3530 4952 ct
3577 4912 3681 4951 ve-

2079 5022 2195 5067 tera
2219 5009 2425 5065 scelera
2465 5020 2611 5061 novo
2648 5003 3004 5058 cumulentur
3029 5012 3190 5060 ausu,
3223 4994 3476 5049 infelices
3513 4998 3666 5053 sunt,

2080 5097 2598 5174 quigenueruntad
2645 5096 3037 5165 prophetarum
3080 5090 3306 5149 caedem,
3334 5085 3666 5140 infeliciores

2080 5198 2175 5267 qui
2210 5196 2378 5266 geniti
2405 5202 2535 5248 sunt
2563 5194 2629 5243 ad
2666 5187 2870 5243 Christi
2935 5185 3345 5238 mactationem.
3393 5178 3531 5231 Mala
3586 5176 3663 5230 illi

2081 5287 2293 5344 nationi
2343 5300 2497 5339 mens
2547 5290 2632 5338 est
2706 5297 2769 5335 ac
2833 5280 3105 5349 praecipue
3169 5277 3235 5331 iis
3301 5274 3395 5343 qui
3450 5270 3664 5340 iugibus

2083 5394 2319 5452 praeesse
2354 5377 2637 5431 dicuntur.
2667 5372 2778 5427 lloc
2808 5381 2989 5425 autem
3035 5368 3273 5421 maxime
3314 5360 3438 5418 illos
3469 5361 3667 5415 habuit

2082 5471 2416 5541 male,un
2451 5468 2695 5522 viderent
2748 5465 3093 5519 Servatorem
3140 5475 3199 5515 se
3247 5459 3470 5527 dignum
3522 5471 3665 5524 prte-

2082 5565 2213 5619 bere
2250 5566 2333 5616 his
2360 5577 2481 5631 quae
2513 5560 2745 5624 docebat
2771 5575 2784 5610 :
2818 5571 2941 5611 sese
2970 5570 3098 5607 vero
3127 5553 3229 5607 sibi
3257 5550 3515 5604 conscios
3540 5563 3662 5602 esse

2081 5655 2229 5726 quod
2277 5653 2435 5722 longe
2477 5666 2504 5703 a
2562 5650 2852 5720 praeceptis
2901 5651 3076 5715 legum
3130 5647 3471 5698 aberrat-ent.
3530 5639 3661 5692 Νςιηι

2082 5749 2194 5804 vita
2225 5755 2282 5802 et
2312 5747 2562 5801 moribus
2598 5744 2817 5813 probari
2855 5739 3036 5809 (quod
3069 5737 3271 5805 alioqui
3306 5733 3525 5787 ditlicile
3551 5728 3658 5799 esi)

2081 5842 2457 5911 neg‘tgendnm
2487 5879 2502 5901 ,
2541 5848 2800 5905 tanquam
2858 5833 3084 5895 inutile,
3152 5828 3470 5892 censebant,
3503 5824 3676 5879 multi.

2081 5939 2263 5987 autent
2317 5938 2370 5986 et
2418 5941 2672 5984 sermone
2720 5935 2777 5983 et
2823 5924 3071 5981 doctrina
3134 5919 3440 5992 locupletes
3501 5923 3679 5973 erant.
