4076 6512
433 403 564 472 ιιιι

1721 412 2004 472 MM'IMI
2051 413 2424 476 PLANUDAE

3579 402 3745 470 1012

432 527 604 597 (quod
662 527 830 584 etiam
880 528 1055 585 cuivis
1107 530 1306 585 volenti
1361 532 1520 586 facile
1555 535 1683 599 est),
1720 535 1875 601 quasi
1913 549 2020 587 non

2147 533 2300 603 τολλὴ
2331 531 2524 586 τούτου
2552 533 2712 585 παντὶ
2747 531 2824 601 τῷ
2858 529 3173 604 βουλομένῳ
3209 528 3742 601 ῥᾳστώνηοῶσπερ

434 620 557 676 ideo
593 620 887 677 vivendum
920 635 1067 676 esset
1125 634 1182 676 ut
1217 625 1443 680 virtutes
1471 643 1856 682 exerceremus
1877 669 1892 692 ,
1923 629 2018 682 sed

435 723 495 768 ut
519 723 731 769 tantum
768 719 952 772 verbis
985 735 1078 776 cas
1110 735 1523 789 usurparemus.
1575 720 1677 776 Ubi
1711 723 1877 792 igitur
1912 723 2021 792 pri-

434 807 508 862 mi
548 806 687 878 ipsis
738 821 910 869 erant.
943 813 1260 883 assignaudi
1316 830 1632 879 consessus,
1687 826 1742 869 et
1788 816 1841 870 in
1882 817 2022 872 alios

435 901 792 968 supercilium
823 904 1072 959 aild'ucen
1099 910 1236 970 lunt,
1261 906 1336 961 ibi
1373 908 1559 962 statim
1587 910 1637 962 in
1666 924 1762 964 ore
1787 911 1870 965 lex
1905 919 2024 966 erat

437 991 639 1064 Moysis
669 1011 678 1044 :
709 997 761 1050 in
794 998 1001 1066 quibus
1040 1016 1171 1055 vero
1197 1001 1368 1071 legem
1406 1004 1808 1072 praetergressi,
1837 1015 2020 1060 notam

435 1085 542 1138 sibi
580 1087 903 1142 inurendam
930 1094 1250 1158 cernebant,
1283 1111 1410 1148 mox
1460 1095 1738 1150 seniorum
1790 1097 2023 1166 objicie-

440 1180 566 1231 bant
593 1181 942 1238 traditiones.
967 1183 1100 1238 Nam
1136 1186 1390 1258 abrogari
1421 1204 1449 1242 ιι
1485 1189 1764 1270 magistris
1798 1191 1908 1245 illis
1943 1194 2022 1246 le-

439 1287 558 1338 gc-tn
597 1272 714 1336 Dei,
746 1274 928 1330 minus
958 1277 1269 1342 videbatur,
1294 1295 1456 1350 quam
1490 1281 2027 1353 propria-indulgere

439 1365 788 1438 libidini(l3)
818 1379 870 1423 et
908 1371 1175 1441 deglutire
1230 1375 1436 1432 aliena.
1495 1375 1722 1442 Quoties
1767 1379 2025 1448 equidem

439 1459 492 1511 in
525 1467 672 1512 tanta
699 1462 1116 1528 miraculorum,
1145 1482 1264 1536 quae
1294 1467 1556 1523 Servator
1581 1469 1852 1536 exhibuit,
1886 1472 2029 1526 mul-

439 1552 674 1607 titudine
693 1552 916 1610 Iudaeos
945 1559 1098 1612 nullo
1132 1574 1297 1615 sensu
1327 1571 1506 1616 motos
1531 1563 1711 1628 video,
1740 1579 1847 1618 non
1875 1579 2029 1632 repe-

441 1647 524 1700 rio
563 1663 690 1701 cum
733 1664 840 1716 qua
865 1666 925 1706 re
954 1651 1234 1708 efferatam
1260 1653 1475 1709 illorum
1507 1657 1808 1712 caecitatem
1841 1657 2029 1712 confe-

441 1756 583 1809 rant,
619 1750 678 1796 ut
706 1743 824 1813 ejus
849 1743 1080 1814 eiligiem
1114 1747 1562 1819 qualemcunque
1596 1765 1887 1822 assequar.
1919 1748 2027 1805 Sed

2123 631 2185 682 οὐ
2209 628 2299 683 διὰ
2331 627 2494 682 τοῦτο
2529 627 2753 700 βιωτέον
2787 628 2871 682 ὅτι
2901 627 2967 698 δὴ
3017 626 3119 692 τὰς
3173 626 3375 696 ἀρετὰς
3427 628 3740 698 ποιητέον,

2126 722 2243 776 ἀλλ’
2273 724 2356 778 ὅτι
2420 721 2584 791 μόνον
2618 721 2838 794 ῥητέον.
2881 721 3092 776 Οὐκοῦν
3135 716 3196 776 οὗ
3232 721 3332 792 μὲν
3382 721 3570 775 αὐτῶν
3612 721 3740 774 ἔδει

2125 814 2226 878 τὰς
2248 816 2477 882 πρώτας
2515 811 2676 869 εἶναι.
2709 815 3004 885 καθέδρας,
3056 816 3154 870 καὶ⁵
3195 816 3339 870 κατὰ
3369 815 3478 868 τῶν
3526 813 3744 868 ἄλλων

2127 906 2225 969 τας
2250 906 2423 976 ὀφρῦς
2451 905 2780 971 ἁνατείνειν,
2810 909 2839 959 ὁ
2868 907 3113 970 Μωσέως
3143 906 3308 976 νόμος
3341 905 3433 958 ἐπὶ
3455 903 3741 974 γλώσσης

2130 999 2317 1061 εὐθύςο
2350 1001 2410 1052 ὲν
2439 995 2522 1064 οἷς
2563 1000 2621 1053 δὲ
2655 1000 2741 1054 τὸν
2774 999 2941 1070 νόμον
2974 999 3413 1070 παραϐαίνοντες
3444 998 3536 1050 τὸν
3561 998 3746 1064 ἔλεγ-

2129 1110 2224 1163 χον
2249 1093 2475 1147 ἐπιόντα
2508 1092 2721 1163 ἐώρων,
2755 1093 2958 1146 αὐτίκα
2996 1093 3095 1156 τὰς
3155 1091 3267 1146 τῶν
3319 1089 3743 1160 πρεσϐυτέρων

2131 1189 2502 1259 προεϐάλοντο
2533 1190 2894 1261 παραδόσεις.
2925 1189 3000 1244 Τδ
3045 1189 3158 1259 γὰρ
3212 1187 3554 1258 ἀκυροῦσθαι
3609 1187 3746 1248 τοῖς

2129 1283 2480 1347 διδασκάλοις
2516 1284 2610 1337 τδν
2639 1282 2736 1337 τοῦ
2761 1282 2898 1336 Θεοῦ
2931 1283 3120 1354 νόμον,
3153 1281 3374 1335 ἔλαττον
3401 1280 3583 1334 ἐδόκει
3625 1282 3744 1348 τῆς

2134 1374 2273 1438 ίδίας
2299 1375 2602 1446 ἐπιθυμίας
2631 1374 2727 1429 καὶ
2747 1374 2844 1428 τοῦ
2886 1374 3178 1444 τάλλότρια
3205 1373 3534 1428 κατεσθίειν.
3577 1370 3746 1440 Ἐγὼ

2131 1473 2229 1526 καὶ
2260 1472 2392 1525 ὅταν
2445 1471 2586 1542 πρὸς
2633 1470 2863 1524 τοσοῦτο
2894 1470 3097 1539 πλῆθος
3143 1462 3219 1523 ὧν
3249 1471 3275 1523 ὀ
3309 1468 3500 1538 Σωτὴρ
3539 1468 3743 1520 ἐποίει
3831 1463 3843 1467 ’

2135 1563 2434 1634 θαυμάτων
2460 1562 2935 1632 ἀναισθητοῦντας
2983 1562 3281 1624 Ἰουδαίους
3320 1561 3452 1631 δρῶ,
3480 1561 3588 1614 οὐκ
3621 1561 3746 1630 ἔχω

2134 1658 2242 1714 τίνι
2275 1656 2373 1726 τὴν
2408 1658 2706 1729 ἀγροικίαν
2739 1657 2924 1710 αὐτῶν
2966 1657 3220 1722 εἰκάσας,
3285 1656 3405 1717 an;
3441 1653 3595 1723 ἔχειν
3651 1653 3746 1706 δό-

2137 1741 2292 1819 ξαιμ’
2324 1749 2392 1804 ἂν
2420 1750 2523 1821 τῆς
2553 1752 2786 1813 εἰκόνος.
2813 1751 3007 1806 Καίτοι
3042 1749 3290 1821 θαύμασι
3317 1750 3378 1803 τὸ
3402 1748 3552 1810 ἔθνος
3599 1747 3744 1800 σύνο

439 1844 495 1886 et
523 1836 575 1887 in
609 1835 742 1904 ipsis
772 1839 1050 1892 miraculis
1076 1854 1135 1894 se
1163 1840 1430 1897 educatos
1445 1856 1591 1910 esse,
1624 1853 1678 1898 et
1711 1859 1808 1914 per
1856 1843 2028 1899 multa

2147 1861 2343 1915 τροφόν
2375 1843 2760 1916 κομπάζουσιν
2793 1843 2961 1902 εἶναι.
3001 1846 3111 1898 Καὶ
3141 1843 3389 1913 θαύμασι
3450 1843 3550 1913 μὲν
3598 1842 3744 1895 πο).-

442 1925 704 1982 miracula
737 1945 799 1984 ex
828 1929 1212 2001 Egyptiorum
1243 1949 1407 1990 manu
1436 1937 1679 1992 evasisse
1701 1938 2029 2006 gloriantur.

440 2015 640 2088 lugens
668 2037 885 2094 quoque
911 2025 1017 2079 hoc
1042 2025 1150 2081 l‘uit
1205 2029 1539 2099 prodigium,
1570 2031 1719 2098 quod
1776 2033 2033 2088 manibus

441 2110 647 2183 Moysis
677 2122 762 2171 est
812 2116 1255 2173 administratum
1288 2138 1302 2187 ;
1337 2111 1566 2190 pedibus
1602 2124 1835 2178 transire
1886 2135 2035 2182 mare

440 2202 690 2258 Rubrum
720 2216 774 2260 et
802 2224 897 2275 per
932 2210 1287 2266 solitudinem
1319 2214 1421 2268 iter
1442 2215 1734 2282 facientes,
1773 2217 1953 2272 cibum
1979 2227 2034 2273 et

449 2314 633 2367 potum
659 2301 909 2360 invenire
932 2321 1040 2360 non
1073 2314 1272 2376 praeter
1302 2309 1721 2365 admirationem
1758 2313 1989 2382 contigit
2020 2331 2035 2377 ;

441 2396 630 2466 populi
665 2406 717 2451 et
753 2413 910 2466 reges
939 2400 1005 2453 ab
1043 2400 1177 2471 ipsis
1214 2411 1346 2456 sunt
1381 2403 1524 2456 bello
1571 2406 1842 2474 superati,
1870 2409 2033 2460 urbes

443 2497 690 2557 vastata,
739 2501 885 2547 terra
929 2494 1320 2562 promissionis
1358 2508 1625 2568 occupata
1653 2538 1668 2562 ,
1703 2509 1868 2568 atque
1923 2503 2037 2556 bazc

443 2582 665 2650 quidem
704 2583 1095 2640 miraculorum
1131 2588 1311 2657 plena,
1349 2597 1403 2644 et
1457 2607 1646 2644 eorum
1688 2607 1811 2662 qua:
1868 2594 2035 2648 mira-

445 2675 572 2728 cula
603 2677 952 2755 aestimantur
986 2678 1414 2748 perfectissima.
1443 2683 1608 2752 Atqui
1648 2701 1746 2740 nec
1781 2698 2038 2755 parentes

446 2765 645 2822 borum
684 2746 821 2825 fidos
847 2780 899 2826 et
932 2771 1069 2830 bene
1098 2789 1224 2847 erga
1257 2775 1430 2831 Deum
1455 2777 1681 2834 aﬂ‘cctos
1715 2781 1768 2835 in
1795 2782 1879 2838 bis
1913 2797 2038 2852 per-

445 2860 655 2916 stitisse
685 2863 866 2928 video,
891 2879 954 2920 ac
985 2867 1178 2922 horum
1213 2885 1397 2925 mores
1444 2871 1546 2925 nisi
1601 2873 1848 2928 eamdem
1871 2889 2035 2945 quam

445 2951 527 3006 illi
551 2949 907 3022 praeiverunt,
943 2957 1087 3013 viam
1134 2961 1480 3029 insisterent,
1511 2965 2042 3050 qni_co:nmoristra-

445 3047 497 3101 ri
527 3048 718 3116 possit,
751 3050 851 3106 lius
895 3066 958 3107 ex
1007 3051 1116 3109 illis
1155 3069 1328 3126 genus
1385 3047 1631 3111 ducere?
1679 3056 1815 3113 Cum
1857 3068 2038 3114 autem

447 3141 681 3198 antehac
735 3144 1070 3200 dementiam
1134 3155 1188 3201 et
1247 3148 1538 3215 malitiam,
1567 3149 1770 3219 quibus
1800 3150 2041 3208 insidiati

2141 1937 2253 1999 λοῖς
2281 1938 2384 2004 τῆς
2438 1939 2622 2009 χειρὸς
2681 1939 2912 2010 λυθῆναι
2943 1939 3052 1993 τῶν
3088 1938 3426 2006 Αἰγυπτίων,
3463 1938 3619 2006 μέγα
3678 1937 3743 1988 δὲ

2137 2031 2430 2100 τεράστιον
2450 2031 2528 2102 τῷ
2559 2033 2787 2086 Μωυσεῖ
2839 2034 3323 2103 χειρουργήσαντι,
3373 2033 3512 2100 πεξῆ
3541 2030 3745 2097 διαϐῆ-

2143 2141 2234 2176 ναι
2265 2123 2356 2177 τὸν
2401 2125 2741 2195 Ἐρυθραῖον,
2771 2125 2982 2196 τροφῆς
3006 2143 3065 2178 τε
3093 2125 3189 2179 καὶ
3212 2123 3382 2178 ποτοῦ
3426 2126 3743 2193 μετασχεῖν

2139 2217 2378 2280 ειιόντας
2433 2217 2534 2285 τὴν
2579 2218 2806 2288 ἔρημον,
2866 2219 2926 2271 οὐ
2984 2218 3107 2288 δίχα
3156 2218 3251 2270 τοῦ
3302 2219 3617 2288 παράδοξόν
3684 2235 3742 2270 τι

2140 2310 2417 2376 γενέσθαι.
2450 2310 2621 2380 Ἔθνη
2667 2327 2727 2363 τε
2781 2301 2873 2368 καὶ
2896 2311 3138 2380 βασιλεῖς
3180 2313 3364 2374 αὐτοῖς
3405 2329 3744 2380 καταστρα-

2143 2404 2491 2473 τηγούμενοι,
2531 2405 2626 2457 καὶ⁵
2675 2404 2860 2468 πόλεις
2918 2405 3295 2475 χειρούμεναι,
3353 2406 3447 2459 καὶ
3498 2408 3569 2475 γῆ
3631 2405 3742 2474 τῆς

2141 2496 2476 2564 ἐπαγγελίας
2524 2496 3000 2566 κληρουχουμένη.
3048 2500 3140 2551 καὶ
3198 2496 3372 2550 ταῦτα
3424 2497 3743 2566 θαυμάτων

2145 2590 2342 2659 μεστὰ,
2392 2591 2486 2645 καὶ
2543 2589 2842 2660 θαυμάτων
2897 2590 3216 2660 ἡγουμένων
3260 2589 3580 2658 τελούμενα·
3614 2588 3740 2641 ἀλλ’

2141 2685 2267 2740 οὔτε
2315 2686 2440 2748 τοὺς
2494 2685 2677 2738 αὐτῶν
2708 2685 2952 2754 πατέρας
2983 2685 3041 2737 ἐν
3086 2684 3315 2746 ἐκείνοις
3353 2681 3464 2754 ὁρῶ
3497 2683 3742 2743 πιστοὺς

2142 2778 2620 2848 διαμεμενηκότας
2681 2779 2777 2832 καὶ
2834 2778 3024 2840 εὔνους
3081 2775 3224 2844 Θεῷ,
3281 2775 3374 2828 καὶ
3429 2775 3648 2828 τούτων
3703 2774 3739 2843 ἠ

2143 2872 2338 2943 γνώμη
2386 2871 2464 2943 μὴ
2512 2872 2610 2941 τὴν
2646 2869 2820 2941 αὐτὴν
2869 2869 3102 2931 ἐκείνοις
3156 2867 3449 2938 βαδίζουσα
3503 2865 3633 2928 πῶς
3670 2865 3742 2919 ἂν

2143 2963 2259 3036 εἶχε
2305 2967 2586 3020 δεικνύναι
2643 2965 2718 3028 ὡς
2766 2963 2825 3028 ἐξ
2883 2962 3109 3016 ἐκείνων
3161 2963 3414 3030 πατέρων
3465 2960 3527 3013 τὸ
3576 2959 3741 3027 γένος

2145 3058 2398 3113 ἕλκουσιν
2427 3049 2572 3110 οὗτοι
2600 3071 2616 3122 ;
2654 3055 2750 3109 καὶ
2785 3056 2893 3123 μὴν
2924 3052 3114 3108 ἄνοιαν
3137 3053 3231 3106 καὶ
3257 3052 3524 3122 πονηρίαν
3555 3052 3743 3118 ἔγωγε

2147 3152 2247 3207 καὶ
2276 3151 2514 3219 πρόσθεν
2545 3149 2752 3203 τούτων
2790 3145 3220 3213 καταγινώσκων
3247 3139 3330 3208 οἷς
3369 3145 3742 3198 ἐπεϐούλευον

448 3235 749 3302 sumilli,a
791 3253 902 3306 quo
936 3246 1016 3293 tot
1064 3239 1329 3296 beneﬁcia
1394 3253 1746 3314 acceperant,
1789 3246 2041 3304 riserim:

2150 3243 2230 3316 τῷ
2275 3242 2687 3312 εὐεργετοῦντι,
2732 3240 2829 3294 νῦν
2890 3240 3094 3311 μᾶλλον
3145 3240 3411 3305 ἀνοήτους
3465 3236 3740 3308 ἠγοῦμαι,

448 3343 600 3382 nunc
641 3329 816 3398 magis
848 3331 1198 3388 deiuentatos
1234 3351 1358 3390 esse
1378 3353 1567 3404 cerno,
1597 3339 1690 3409 qui
1742 3343 2040 3396 excubito-

450 3437 542 3476 res
566 3423 825 3492 sepulcro
867 3425 1125 3492 allocent,
1153 3428 1277 3497 quia
1311 3431 1523 3486 scilicet
1560 3441 1811 3488 metuunt
1869 3435 2046 3491 homi-

451 3528 580 3566 nem
618 3497 1079 3572 mortdum.Nam
1121 3520 1283 3586 cedo,
1315 3523 1358 3576 si
1427 3523 1592 3580 homo
1638 3536 1889 3584 mortuus
1937 3540 2043 3597 est,

451 3605 584 3674 quid
610 3607 815 3663 times?
844 3609 889 3664 si
922 3619 1104 3666 autem
1147 3613 1325 3678 times,
1364 3617 1453 3670 cui
1506 3617 1734 3673 dubium
1778 3635 1900 3676 esse
1946 3637 2045 3693 po-

457 3708 568 3755 test
623 3703 1021 3758 conscientiam
1077 3714 1226 3761 tuam
1268 3718 1319 3764 te
1343 3709 1590 3779 quiettnn
1643 3727 1769 3768 esse
1815 3730 1922 3770 non
1969 3716 2046 3771 si-

459 3809 614 3859 nere,
665 3798 886 3853 etiamsi
925 3808 1104 3853 tecum
1141 3801 1257 3870 ipse
1309 3803 1612 3859 contendas
1647 3805 1836 3862 lunam
1875 3809 2046 3880 (quod

459 3888 659 3960 l'ertur)
689 3891 1169 3949 coelodcducere?
1207 3893 1307 3950 Hic
1350 3896 1495 3951 enim
1535 3897 1628 3953 ille
1681 3908 1786 3964 est,
1816 3902 1902 3956 cui
1950 3918 2051 3958 nec

457 3982 679 4036 ilillicile
717 3983 1008 4038 fuitetiam
1039 4001 1208 4053 super
1243 3988 1542 4043 Clterubim
1583 3992 1762 4046 evelli.
1795 3991 2049 4049 Inviden-

459 4076 530 4127 tia
564 4074 844 4145 (siverqu
871 4077 1027 4132 fateri
1053 4079 1240 4146 vultis)
1274 4083 1599 4150 sanguinem
1661 4085 1818 4140 sitire
1855 4096 2048 4142 contra

459 4172 808 4225 Set-veterem
843 4186 942 4226 vos
971 4173 1171 4240 coegit.
1195 4172 1239 4226 0
1283 4172 1486 4242 probos
1520 4176 1700 4244 legum
1728 4175 1989 4236 doctores
2030 4181 2044 4234 l

457 4261 576 4316 Non
605 4263 708 4318 fuit
749 4265 996 4332 ejusdem
1027 4266 1222 4329 animi.
1252 4267 1401 4321 omni
1437 4268 1623 4324 studio
1649 4268 1907 4326 aﬂ‘ectare
1933 4254 2052 4326 ma-

459 4355 665 4424 gistros
696 4358 906 4424 vocari,
932 4367 986 4413 et
1011 4359 1160 4434 alios
1194 4362 1445 4416 docendo
1473 4363 1686 4434 seipsos
1710 4366 1934 4436 etleges
1966 4365 2053 4421 ία-

459 4468 607 4507 cere.
643 4452 974 4510 Omittamtts
1000 4454 1211 4511 istluec.

532 4543 784 4599 Prudens
811 4545 1076 4614 iudicatis
1115 4547 1320 4602 factum
1355 4557 1464 4607 tam
1512 4550 1680 4606 multa
1735 4551 2053 4622 repudiasse

463 4637 768 4706 miracula,
790 4649 846 4693 et
877 4656 985 4696 non
1015 4639 1124 4696 Deo
1156 4642 1208 4697 in
1235 4643 1440 4708 Deum,
1470 4647 1562 4700 sed
1599 4648 1782 4717 potius
1812 4649 1866 4702 in
1890 4655 2056 4717 caput

461 4741 715 4788 vestium
765 4750 924 4805 Opem
975 4737 1167 4792 tulisse
1226 4743 1452 4809 putatis.
1485 4739 1596 4796 Vos
1644 4741 1792 4795 enim
1850 4743 1967 4797 sive
2000 4743 2054 4797 in

462 4829 780 4897 popularem
839 4843 1116 4896 veszrutn,
1158 4848 1266 4886 non
1335 4841 1518 4888 tatneu
1579 4835 2055 4890 accounnodatum

460 4922 658 4976 Vestris
695 4922 962 4987 moribus,
991 4921 1252 4993 tanquam
1285 4927 1336 4978 in
1373 4927 1696 4995 popularem
1734 4927 1932 4982 inv'ecti
1965 4942 2056 4982 es-

464 5016 557 5079 lis,
617 5015 734 5069 sive
791 5015 1006 5070 alienus
1069 5017 1215 5072 sitet
1245 5033 1464 5072 omnem
1495 5018 1646 5073 vobis
1709 5018 1928 5073 laudem
1963 5019 2064 5072 tri-

461 5110 592 5164 lznat
620 5151 636 5175 ,
666 5125 774 5165 non
806 5111 1105 5174 agnoscitis
1133 5113 1369 5176 aliquem
1401 5127 1522 5167 csse
1549 5129 1613 5167 ex
1650 5113 1732 5168 his
1754 5113 1847 5183 qui
1877 5115 2066 5185 genui-

465 5202 518 5255 ni
553 5213 702 5258 sunt.
739 5201 859 5256 Jam
903 5219 1030 5257 vero
1069 5213 1122 5256 tu
1169 5201 1302 5256 milii
1337 5201 1577 5257 Sabbata
1603 5209 1658 5257 et
1685 5203 1905 5258 illorum
1937 5201 2061 5256 vio-

465 5297 703 5353 lationcs
753 5297 955 5364 objicc,
1008 5311 1113 5366 ego
1159 5304 1351 5349 contra
1417 5310 1688 5365 opponam
1766 5295 2056 5351 miracula.

463 5389 591 5445 llaec
644 5391 791 5445 enim
817 5389 1062 5448 Christo,
1103 5387 1241 5442 haud
1275 5403 1436 5443 secus
1471 5405 1634 5458 quam
1689 5388 1898 5443 umbrae
1935 5404 2060 5443 cor-

466 5484 693 5551 poribus
745 5483 946 5551 ubique
976 5489 1105 5535 sunt
1135 5479 1416 5544 comitata,
1452 5489 1506 5533 et
1544 5479 1740 5534 melius
1763 5494 1886 5534 esse
1917 5495 2059 5533 sem-

469 5592 564 5644 per
593 5578 839 5646 adeoque
861 5573 1121 5636 Sabbatis
1151 5571 1307 5642 ipsis,
1348 5572 1595 5626 animam
1636 5581 1858 5627 serVare
1893 5585 2054 5640 quam

470 5679 529 5722 ut
563 5667 844 5738 perdatur,
874 5667 1185 5730 admittere,
1224 5665 1326 5718 nisi
1360 5663 1500 5718 forte
1541 5664 1640 5717 hac
1682 5679 1901 5732 quoque
1933 5678 2064 5716 cau-

470 5775 530 5814 sa
558 5763 730 5818 solem
771 5773 1020 5824 accuses,
1057 5758 1199 5828 quod
1219 5756 1476 5813 Sabbatls
1512 5756 1795 5827 quiescere
1826 5770 1934 5808 non
1971 5768 2067 5808 uo-

2087 4592 2136 4651 Β

2148 3338 2422 3408 φρουροὺς
2474 3335 2804 3403 ἐφιστάντας
2846 3333 2924 3403 τῷ
2980 3333 3160 3402 τάφῳ,
3195 3332 3277 3385 ὅτι
3327 3329 3521 3398 νεκρὸν
3569 3328 3745 3383 δεδοίο

2148 3449 2310 3485 κασιν
2339 3429 2653 3499 ἄνθρωπον.
2692 3428 2754 3480 Ei
2803 3426 2902 3497 μὲν
2932 3426 3042 3494 γὰρ
3089 3425 3283 3493 νεκρός
3329 3423 3477 3475 ἐστιν
3521 3421 3746 3490 ἄνθρω-

2149 3543 2272 3590 πος,
2310 3525 2361 3578 τί
2409 3523 2694 3590 δέδοικας;
2733 3523 2782 3575 εἰ
2821 3521 2878 3575 δὲ
2921 3511 3188 3581 δέδοικας,
3225 3514 3490 3585 πρόδηλον
3527 3514 3604 3576 ὡς
3641 3511 3743 3564 οὐκ

2149 3621 2216 3692 ἐᾷ
2271 3635 2331 3672 σε
2368 3616 2656 3672 καθεύδειν
2713 3615 2774 3668 τὸ
2822 3608 3216 3674 συνειδὸς,κᾶν
3272 3608 3580 3678 φιλονεικῇς
3638 3604 3743 3692 ,ἐπὶ

2153 3691 2372 3777 σαυτὸν,
2415 3709 2444 3764 ὃ
2494 3709 2740 3775 λέγεται,
2788 3707 2890 3775 τὴν
2947 3704 3180 3773 σελήνην
3237 3702 3518 3770 κατάγειν.
3568 3691 3745 3761 Οὗτος

2151 3805 2262 3874 γὰρ
2305 3804 2537 3866 ὲκείνοξ,
2589 3792 2633 3868 ᾧ
2685 3800 2783 3854 καὶ
2834 3796 2911 3866 τῷ
2964 3796 3058 3848 ἐπὶ
3105 3793 3375 3864 Χερουϐὶν
3424 3788 3742 3859 ἐποχεῖσθαι

2149 3896 2304 3950 οὐδὲν
2368 3894 2536 3966 μέγα.
2589 3891 2789 3955 «rom;
2848 3892 2896 3942 εί
2963 3887 3224 3959 βούλεσθε
3275 3883 3487 3982 τάληθῆ
3535 3882 3738 3982 λέγεινἶ

2154 3991 2321 4062 φονᾷν
2368 3989 2513 4057 ὑμᾶς
2566 3986 2707 4040 κατὰ
2763 3983 2858 4037 τοῦ
2901 3982 3155 4051 Σωτῆρος
3203 3979 3535 4046 ἠνάγκασεν,
3565 3970 3610 4028 ὦ
3647 3971 3739 4025 τοῦ

2154 4087 2320 4153 νόμου
2355 4080 2583 4153 χρηστοὶ
2615 4078 2929 4133 διδάσκαλοι
2963 4077 2977 4130 ι
3013 4073 3151 4130 Οὐδὲ
3184 4073 3292 4143 γὰρ
3333 4072 3435 4141 τῆς
3478 4069 3651 4140 αὐτῆς
3673 4063 3739 4136 ἦν

2155 4177 2535 4248 προαιρέσεως
2581 4174 2712 4240 περὶ
2766 4171 2969 4231 παντός
3028 4186 3088 4223 τε
3127 4166 3408 4221 ,ποιεῖσθαι
3459 4163 3564 4216 ὑπὸ
3630 4160 3738 4214 τῶν

2156 4270 2464 4340 ἀυθρὼπων
2506 4265 2795 4320 καλεῖσθαι
2839 4262 3190 4328 Ῥαϐϐὶ,καὶ
3239 4258 3384 4329 ἄλλῳ
3432 4255 3732 4311 διδάσκοντι

2157 4361 2386 4425 ἑαυτοὺς
2432 4357 2920 4413 ὑποκατακλίνειν·
2963 4353 3039 4427 μὴ
3071 4354 3180 4427 γάρ
3211 4369 3285 4411 τι.

2232 4543 2404 4613 Σοφὸν
2431 4542 2612 4597 οῖεσθε
2640 4536 2886 4593 τοσαῦτα
2915 4534 3443 4609 παραγκωνίζεσθαι
3465 4531 3732 4602 θαύματα,

2163 4638 2237 4708 μὴ
2267 4638 2322 4690 δὲ
2357 4635 2479 4707 Θεῷ
2522 4636 2664 4688 κατὰ
2699 4631 2859 4696 Θεοῦ,
2895 4631 3098 4701 μᾶλλον
3142 4629 3200 4684 δὲ
3247 4629 3347 4700 τῆς
3380 4626 3533 4697 ὑμῶν
3568 4620 3734 4679 αὐτῶν

2161 4731 2405 4801 κεφαλῆς
2461 4727 2716 4799 νομίζετε
2775 4723 3023 4796 βοηΟεῖν;
3055 4725 3215 4793 ὑμεῖς
3425 4720 3535 4774 οὔτ’
3567 4719 3634 4816 ἂν
3663 4715 3732 4816 οξ-

2163 4827 2298 4896 κείῳ
2351 4825 2451 4895 μὲν
2504 4826 2651 4894 ὑμῖν,
2712 4821 2788 4894 μὴ
2845 4818 3252 4890 συμφερομένῳ
3309 4815 3370 4869 δὲ
3414 4815 3540 4904 τοῖς

2163 4891 2409 4988 τρόποις.
2444 4916 2518 4978 ὡς
2541 4891 2551 4894 ν
2572 4891 3282 4985 οικείοπροσενεχθείητε»
3311 4903 3426 4958 οὔτ’
3477 4903 3554 5004 ἂν,
3586 4898 3656 5004 ﬁt:
3672 4891 3717 5004 6:

2165 5029 2316 5083 τριος
2350 5010 2448 5081 μὲν
2482 5005 2537 5082 ᾗ,
2563 5009 2743 5064 πάντα
2784 5005 2830 5059 δ’
2863 5004 3008 5076 ὑμᾶς
3045 5002 3294 5056 ἐπαινεῖν
3345 4998 3465 5069 ἔχῃ.
3509 4994 3594 5062 οὐχ
3635 4994 3719 5039 ἕνα

2168 5087 2298 5157 τῶν
2333 5102 2576 5175 γνησίων
2609 5099 2908 5172 ἡγήσεσθε.
2948 5093 3083 5150 Εἶτα
3137 5093 3202 5147 σύ
3251 5111 3343 5164 μοι
3389 5092 3459 5144 τὰ
3503 5083 3726 5188 σάϐϐατι

2168 5199 2416 5268 προϐαλῇ
2459 5196 2554 5249 καὶ
2587 5198 2688 5264 τὴν
2729 5192 2957 5248 ἐκείνων
2996 5189 3313 5260 παράϐασιν
3342 5202 3356 5216 ο
3397 5183 3507 5252 ἐγὼ
3559 5178 3603 5232 δ’
3647 5178 3732 5276 ἁν-

2165 5286 2655 5359 τιπαραϐαλοῦμαι
2687 5284 2758 5338 τὰ
2789 5283 3047 5353 θαύματα
3102 5276 3389 5350 Πανταχοῦ
3427 5276 3534 5344 γὰρ
3565 5279 3736 5359 sum?

2166 5352 2342 5434 ταῦτα
2399 5352 2642 5449 Χριστῷ,
2671 5375 2748 5438 ὡς
2777 5376 2888 5436 τοῖς
2947 5371 3200 5440 σώμασιν
3244 5370 3298 5422 al
3344 5365 3512 5420 σκιαί.
3552 5360 3658 5415 Καὶ
3685 5352 3738 5404 τὸ

2169 5475 2379 5545 βέλτιον
2430 5471 2593 5534 εἶναι,
2632 5468 2717 5522 ἀεί
2749 5485 2806 5521 τε
2842 5469 2938 5520 καὶ
2987 5464 3130 5518 κατὰ
3175 5464 3244 5516 τὰ
3291 5460 3537 5514 σάϐϐατα
3573 5448 3739 5523 ψυχὴν

2172 5567 2367 5628 σώζειν
2402 5563 2435 5635 ἢ
2469 5560 2788 5615 ἀπολλύναι.
2827 5559 2888 5610 Εἰ
2924 5557 2999 5628 μὴ
3041 5557 3135 5610 καὶ
3169 5556 3261 5608 τὸν
3295 5553 3446 5624 ἥλιον
3492 5546 3736 5620 γράψων),

2171 5661 2310 5714 διότι
2355 5659 2428 5730 μὴ
2463 5659 2573 5720 τοῖς
2607 5653 2879 5708 σάϐϐασιν
2911 5652 3143 5722 ἠρεμεῖν
3167 5645 3333 5712 οἶδεν,
3369 5646 3484 5701 ἀλλ’
3516 5643 3739 5710 ἀνίσχων

2177 5753 2387 5825 ἡμέραν
2439 5752 2602 5805 ποιεῖ.
2638 5745 2832 5804 Καίτοι
2899 5746 2962 5799 οὐ
3018 5743 3200 5816 μικρῷ
3241 5741 3320 5814 τῷ
3377 5739 3742 5822 μέσῳιὲπιει-

549 5947 664 6016 (15)
694 5947 891 6000 Domus
926 5943 1160 5998 viduare
1187 5960 1216 5994 ιι
1267 5942 1556 6006 devorant,
1605 5949 1652 5994 et
1697 5955 1818 6010 qua;
1859 5938 2060 5995 ibidem
2098 5945 2227 5995 sunt
2253 5937 2487 6009 adjecta,
2531 5942 2794 6006 spectant.
