4076 6466
413 459 553 526 1θὶ3

1330 458 1616 523 ORATIO
1651 459 1728 520 ΙΝ
1753 460 2275 520 ΞΕΡΠΙῘΙὌΠᾹΜ
2320 461 2388 522 Π.
2428 461 2498 523 Ν.
2533 461 2588 526 J.
2629 461 2696 523 C.

3516 458 3653 528 114

405 581 666 651 κέστερον
720 572 788 649 ἦν
845 576 920 647 μὴ
978 573 1214 645 φανῆναι
1262 574 1353 629 τὸν
1401 576 1552 646 ἥλιον
1598 576 1740 648 ὑπὲρ
1791 572 1990 647 ﬁmi}

2094 577 2242 638 verit,
2281 575 2374 630 sed
2424 585 2621 630 exortu
2679 589 2779 639 suo
2827 575 2968 631 diem
3025 574 3241 631 emciat.
3277 573 3439 645 Atqui
3481 577 3670 630 multo

406 674 598 728 τοῦτον
631 672 764 726 Θεδν
796 670 935 726 ὂντα
959 669 1056 724 ἐπί
1079 687 1142 739 γε
1179 667 1375 740 μικρὸν
1408 669 1603 723 ἑαυτὸν
1646 671 1893 740 ἐπισχεῖν
1923 668 1982 721 εὖ

409 781 565 818 ποιου
574 780 691 819 ντα.

480 941 615 1001 Εἶτα
645 945 760 1007 πῶς
811 943 871 998 οὗ
905 945 1005 1014 τῆς
1050 943 1284 1012 ἐσχάτης
1330 945 1559 1004 ἀτοπίας
1591 957 1606 1008 ;

410 1039 564 1110 ἥλιον
613 1037 786 1107 ἡδέως
831 1036 995 1105 ὁρᾶτε
1041 1035 1143 1088 κᾶν
1186 1034 1380 1105 σχολὴν
1412 1034 1616 1103 ἀγητεγο
1653 1033 1745 1086 τὸν
1790 1034 1850 1086 δὲ
1889 1032 1985 1087 τοῦ

403 1132 573 1202 ἡλίου
613 1130 883 1198 δεσπῖτην
934 1129 1120 1180 ἐκεῖνα
1165 1122 1469 1195 τηλικαῦτα
1494 1126 1793 1178 τελοῦνταο
1841 1123 1986 1196 άπερ

409 1223 562 1296 ἥλιος
600 1224 698 1292 μὲν
751 1220 850 1274 οὗκ
902 1222 969 1274 ἂν
1009 1219 1247 1286 δύναιτο,
1296 1219 1597 1288 δυναμένου
1651 1205 1708 1271 δὶ
1757 1218 1987 1288 ἄσμενοι

410 1320 510 1387 τὴν
538 1318 724 1387 δνησιν
775 1314 842 1368 ἂν
874 1311 1200 1383 ὑποδέχεσθε
1228 1328 1242 1342 ο
1275 1311 1444 1382 μηδὲν
1496 1310 1812 1380 ἀνδριάντος
1842 1311 1985 1380 ἀψύ-

413 1427 510 1479 χου
538 1408 819 1476 διαφέρειν
857 1404 1110 1458 κελεύετε
1136 1418 1152 1470 ;
1184 1403 1283 1472 ἆγε
1306 1399 1403 1455 νῦν
1432 1403 1532 1470 ὅρα
1557 1399 1770 1468 τοῦτον,
1796 1405 1846 1456 εί
1881 1421 1989 1474 μη-

412 1501 474 1556 δὲ
499 1500 591 1554 τοῦ
617 1499 887 1570 παρόντος
927 1496 1200 1550 σαϐϐάτου
1229 1495 1460 1564 ἡσυχίαν
1494 1492 1635 1562 ἔγνω
1656 1495 1850 1566 τιμᾷν.
1875 1493 1987 1548 Καὶ

416 1597 525 1666 μὴν
559 1594 621 1647 τδ
674 1595 833 1662 σῶμα
878 1591 979 1661 μὲν
1031 1590 1294 1659 ἀτρεμεῖν
1341 1588 1494 1657 νόμῳ
1541 1587 1757 1656 φύσεως
1803 1583 1989 1641 εῐκονο

1645 943 1694 994 εί
1737 941 1830 995 τὸν
1884 941 1986 1012 μὲν

2087 666 2259 736 magis
2320 666 2540 720 rationi.
2587 677 3013 723 consentaneum
3075 677 3220 723 esset
3266 668 3436 723 solem
3488 682 3655 738 super

2086 771 2287 814 terram
2325 775 2430 814 non
2459 774 2745 829 apparere,
2780 776 2942 829 quam
2972 759 3137 824 hunc,
3165 776 3285 814 cum
3314 761 3454 816 Deus
3476 763 3566 826 sit,
3598 778 3678 816 se.

2087 872 2116 910 a
2153 856 2293 911 bene
2321 856 2570 912 faciendo
2601 857 2904 911 continere.

2157 947 2328 1001 Perro
2384 962 2566 1002 annon
2619 937 2876 1003 extrema:
2930 955 3017 1003 est
3069 949 3337 1009 vesania,
3383 948 3679 1004 si-solem-

2086 1040 2339 1108 quamvis
2396 1040 2570 1093 otium
2611 1039 2772 1110 agitis
2827 1053 2951 1094 cum
3001 1039 3272 1109 voluptate
3328 1040 3654 1105 intuemini,

2087 1129 2232 1199 quod
2264 1129 2398 1185 solis
2428 1129 2720 1184 DOmiltum
2748 1132 2836 1185 illa
2857 1140 2975 1185 tam
3013 1132 3209 1186 eximia
3258 1130 3399 1187 facta
3434 1144 3656 1201 patian-

2089 1227 2220 1284 tem,
2252 1221 2432 1290 qualia
2496 1221 2578 1276 sol
2631 1236 2737 1274 non
2790 1233 2990 1291 potest,
3039 1225 3163 1279 etsi
3199 1233 3386 1292 posset
3428 1225 3657 1279 libenter

2089 1313 2439 1366 commodum
2466 1313 3002 1384 illudaceeptaretis,
3026 1315 3162 1369 nihil
3191 1315 3260 1370 ab
3289 1315 3513 1370 inanimi
3550 1327 3656 1370 sta-

2093 1413 2183 1457 tua
2233 1403 2736 1474 dimerrejubeatis.
2785 1407 2942 1477 Agilo
2998 1423 3165 1473 nunc,
3208 1418 3451 1478 spectate
3489 1409 3698 1473 huuc,.

2091 1495 2376 1566 numquid,
2407 1510 2530 1550 cum
2552 1495 2848 1552 Sabbatum
2881 1506 2986 1560 est,
3015 1499 3251 1568 quietem
3289 1499 3471 1554 colere
3504 1500 3658 1553 sciat.

2092 1588 2354 1658 Equidem
2419 1605 2622 1661 corpus
2683 1599 2894 1646 naturae
2962 1591 3078 1662 lege
3132 1592 3418 1661 quiescere
3479 1591 3659 1646 debet.

413 1688 519 1741 ὁδὲ
567 1688 649 1740 σοὶ
689 1687 766 1755 μὴ
816 1685 1149 1755 βλεπόμενος
1180 1683 1339 1747 Θεὸς,
1369 1683 1437 1736 τά
1491 1683 1722 1753 μέγιστα
1771 1681 1989 1734 πάντων

2096 1681 2149 1736 Is
2216 1682 2307 1750 qui
2362 1697 2390 1735 a
2446 1693 2498 1738 te
2559 1695 2888 1753 conspectus
2948 1699 3054 1738 non
3111 1693 3232 1749 est,
3289 1684 3435 1740 Deus
3498 1698 3660 1754 opera

413 1786 646 1856 ἐνεργεῖ,
677 1782 767 1834 τὸν
810 1780 942 1852 ᾅδην
998 1778 1229 1847 νεκρῶν,
1265 1779 1378 1834 ,τὸν
1435 1777 1666 1832 θάνατον
1727 1776 1987 1838 ἀπολλϋς.

2096 1774 2344 1830 omnium
2369 1776 2608 1831 maxima
2643 1773 2795 1841 facit,
2822 1776 3100 1833 infernum
3130 1776 3200 1832 ad
3255 1777 3541 1832 interitqu
3575 1793 3663 1831 re-

411 1875 511 1938 τὰς
561 1874 621 1938 ἐξ
669 1873 866 1935 αἰῶνος
915 1873 1033 1925 ἐκεῖ
1081 1869 1610 1940 ταλαιπωρουμένας
1646 1869 1826 1939 ψυχὰς
1875 1869 1986 1922 τῶν

2094 1868 2307 1939 digeris,
2337 1877 2570 1923 mortem
2599 1869 2857 1949 perdens,
2890 1871 3103 1927 animas
3133 1869 3245 1927 illic
3276 1885 3306 1924 a
3338 1871 3541 1926 saeculo
3564 1871 3664 1926 mi—

413 1968 675 2034 άφύκτων
725 1965 946 2032 δεσμῶν
995 1964 1199 2033 ἀφιείς.
1241 1961 1377 2015 Θεοῦ
1433 1961 1542 2032 γάρ
1598 1963 1747 2023 ὅστις
1799 1960 1987 2030 ἀφεῖλε

414 2060 476 2112 τὸ
507 2057 771 2128 ἐνεργεῖν,
809 2056 1131 2122 συναφεῖλεν
1160 2053 1328 2108 αὐτοῦ
1377 2053 1472 2106 καὶ
1508 2052 1569 2104 τὶ,
1606 2048 1768 2106 εἶναι.
1798 2053 1987 2106 Βούλει

419 2149 611 2219 μαθεῖν
635 2149 719 2201 ὅτι
755 2145 1099 2216 Χριστὸςέξς
1133 2144 1263 2216 ᾅδου
1295 2143 1567 2207 καταϐὰς,
1605 2144 1696 2196 τόν
1725 2159 1784 2196 τε
1837 2145 1988 2213 ίσχυ-

421 2246 512 2312 ρὺν
552 2242 743 2312 ἔδησεν
773 2240 870 2293 καὶ
915 2240 983 2292 τὰ
1019 2239 1186 2308 σκεύη
1223 2237 1416 2291 τούτου
1465 2237 1796 2307 διήρπασεν;
1830 2236 1987 2304 ἄθρει

419 2334 510 2405 μοὶ
558 2334 651 2386 τὸν
691 2331 934 2400 σεισμὺν,
964 2329 1090 2393 τοὺς
1121 2329 1466 2398 στρατιώτας
1509 2326 1812 2390 ὑπνοῦντας
1854 2326 1990 2380 ὡσεὶ

413 2428 670 2498 νεκροὺς,
705 2424 1006 2495 σφραγῖδας
1047 2420 1541 2485 ἀνεπιϐουλεύτους
1575 2419 1865 2489 μενούσας,
1896 2421 1992 2474 καὶ

414 2519 508 2571 τὸν
554 2515 965 2588 φρουρούμενον
1019 2513 1316 2566 ἐκλιπόντα
1367 2511 1460 2566 τοῦ
1513 2512 1688 2582 τάφου
1733 2512 1796 2565 τὸ
1826 2511 1993 2581 φρού-

419 2626 554 2679 ριον,
587 2608 683 2661 καὶ
725 2607 816 2659 ἐπὶ
847 2606 1059 2668 τούτοις
1107 2603 1356 2673 ἀγγέλων
1399 2604 1726 2674 παρουσίαν,
1755 2605 1851 2658 καὶ
1897 2605 1991 2658 τὸν

415 2703 566 2756 λίθον
611 2700 703 2754 ὑπ’
738 2699 917 2754 αὐτῶν
952 2697 1295 2752 κυλισθέντα.
1332 2695 1518 2750 Ταῦτά
1561 2714 1644 2750 σοι
1699 2697 1808 2750 τῶν
1853 2699 1992 2767 ἀφα-

416 2796 524 2850 νῶν
579 2793 721 2849 ἔστω
767 2792 1070 2864 τεκμήρια,
1099 2790 1169 2844 τὰ
1223 2789 1538 2862 βλεπόμενα
1569 2790 1677 2844 τῶν
1735 2792 1810 2862 μὴ
1855 2793 1993 2858 ὁρω-

419 2890 598 2959 μένων
627 2887 959 2942 διδάσκαλοι.
993 2885 1069 2940 Οὐ
1101 2884 1212 2956 γὰρ
1245 2883 1458 2954 σώματί
1487 2900 1570 2937 σοι
1599 2883 1745 2955 μόνῳ
1775 2885 1836 2937 τὸ
1867 2883 1990 2954 ζῇν,

415 2982 554 3036 ἀλλὰ
583 2982 678 3035 καὶ
716 2982 884 3050 ψυχῇ.
917 2975 995 3032 ἾΙ
1040 2978 1179 3048 τάχα
1209 2977 1302 3030 καὶ
1322 2975 1502 3048 ψυχὴν
1532 2974 1698 3039 αὐτὸς
1744 2974 1891 3046 ἔχειν
1926 2975 1988 3028 οὐ

417 3071 718 3144 παραδέξῃ,
756 3071 836 3124 ὅτι
880 3069 1006 3132 τοὺς
1058 3067 1404 3138 σωματικοὺς
1459 3066 1738 3136 πέφευγεν
1786 3065 1990 3132 ὀφθαλ-

421 3166 554 3237 μούς
578 3183 594 3233 ;
625 3163 796 3221 ταῦτά
825 3179 907 3216 σοι
938 3163 1038 3232 τῆς
1070 3163 1223 3231 νίκης
1255 3161 1394 3213 ἔστω
1421 3159 1490 3212 τὰ
1513 3159 1780 3229 σύμϐολα.
1807 3159 1992 3212 Πάντα

423 3258 660 3331 μεγάλα,
699 3255 876 3310 πάντα
913 3254 1165 3326 λαμπρὰ,
1209 3253 1518 3323 πανταχόσε
1549 3252 1653 3321 γῆς
1679 3250 1992 3304 διαδοθέντα

418 3353 514 3407 καὶ
563 3349 943 3416 πιστευθέντα,
981 3347 1081 3402 κᾶν
1133 3345 1397 3417 μυριάκις
1441 3343 1601 3406 αὐτὸς
1631 3345 1863 3413 ἀπιστῇς
1889 3361 1902 3375 ·
1931 3344 1992 3398 οὗ

421 3461 504 3498 σοι
533 3440 705 3497 ταῦτα
729 3441 896 3495 πάλαι
933 3435 1242 3511 προτυποῦν
1274 3436 1423 3490 δοκεῖ
1455 3434 1548 3488 τὸν
1582 3435 1788 3506 Μωσῆν
1813 3452 1829 3503 ;
1876 3435 1991 3489 ἀλλ’

418 3539 543 3605 ἐμοὶ
583 3536 752 3590 δοκεῖ.
791 3534 868 3586 Τί,
905 3534 1014 3603 γὰρ
1064 3533 1124 3586 οὐ
1185 3531 1414 3601 μέλλεις
1447 3528 1683 3600 κατῆλθε
1734 3530 1992 3592 κάκεῖνος

414 3634 497 3694 εἰς
551 3629 649 3693 τὴν
696 3630 798 3699 τῆς
848 3627 1128 3697 Αἰγύπτου
1185 3627 1427 3688 σκοτίαν,
1461 3623 1686 3687 πολλαῖς
1745 3625 1841 3677 καὶ
1893 3622 1992 3692 βα-

416 3718 593 3788 ρείαις
621 3717 698 3787 τῷ
728 3716 966 3788 δυνάστῃ
992 3713 1194 3786 Φαραὼ
1242 3714 1478 3782 πληγαῖς
1525 3713 1990 3782 ἐπεστράτευσεν,

327 3871 338 3882 ,ἦ
417 3809 709 3878 ὑπερέσχε,
751 3807 842 3861 τὸν
882 3806 1007 3859 λαὸν
1056 3805 1236 3874 ἀφῆκε
1275 3805 1372 3874 τῆς
1406 3803 1747 3872 τυραννίδος,
1781 3803 1990 3872 ἀνήγα-

416 3917 514 3968 γεν
542 3902 774 3966 ἐκεῖθεν,
794 3898 898 3950 τὸν
927 3897 1126 3968 Φαραὼ
1153 3897 1498 3964 πανστρατιᾷ
1527 3893 1676 3964 βυθῷ
1711 3892 1991 3963 θαλάσσης

417 3991 708 4058 παρέθετο.
748 3991 864 4043 Οὐκ
925 3989 1123 4058 ἄδηλον
1170 3989 1245 4051 ὡς
1291 3983 1466 4039 ταῦτα
1521 3987 1631 4040 τῶν
1687 3984 1990 4054 μελλόντων

419 4083 700 4152 ἡγήσαντο
722 4081 905 4136 τύποι.

2018 3116 2065 3180 C

2089 1977 2211 2018 sere
2238 1961 2484 2027 amictas,
2512 1978 2580 2016 ex
2611 1963 2680 2017 iis
2704 2003 2720 2029 ,
2751 1977 2782 2016 ο
2812 1963 3010 2032 quibus
3039 1962 3278 2033 eﬂ'ugere
3313 1979 3420 2018 non
3445 1964 3661 2030 licebat,

2089 2056 2325 2110 vinculis
2355 2056 2633 2110 emittens.
2658 2054 2922 2126 Quisquis
2949 2057 3090 2111 enim
3152 2057 3260 2113 Deo
3311 2058 3414 2115 hoc
3478 2058 3662 2114 detra—

2092 2147 2192 2209 hit,
2229 2163 2298 2201 ne
2334 2147 2474 2202 bene
2527 2147 2695 2203 faciat
2719 2188 2733 2212 ,
2772 2164 2877 2203 una
2904 2149 3164 2218 detrahit,
3201 2165 3268 2204 ne
3289 2151 3362 2206 sit
3408 2151 3660 2206 omnino.

2098 2237 2191 2292 Vis
2223 2238 2551 2307 intelligere,
2583 2242 2729 2309 quod
2767 2240 3023 2296 Clu-istos
3054 2251 3403 2313 posteaquam
3432 2242 3663 2297 descen-

2093 2329 2174 2383 dit
2196 2329 2261 2383 ad
2293 2329 2519 2394 inferos,
2553 2331 2747 2387 fortem
2768 2334 3023 2399 vinxerit,
3051 2343 3102 2388 et
3128 2342 3465 2390 armamenta
3492 2335 3665 2406 ipsius

2094 2421 2416 2490 expilaverit
2456 2441 2470 2477 :
2507 2437 2706 2478 revoca
2740 2425 2792 2478 in
2825 2431 3059 2480 mentem
3095 2434 3255 2481 terra:
3290 2435 3519 2492 motum,
3561 2425 3666 2480 mi-

2096 2511 2216 2568 lites
2269 2529 2464 2570 somno
2509 2516 2735 2572 obrutos
2797 2518 2939 2573 haud
2968 2519 3128 2574 aliter
3173 2535 3336 2589 quam
3397 2528 3665 2581 mortuos,

2095 2603 2274 2674 sigilla
2313 2604 2426 2674 (14)
2485 2606 2556 2661 ab
2596 2606 2814 2662 insidiis
2870 2607 3042 2663 libera
3072 2617 3126 2664 et
3153 2609 3378 2675 intacta,
3404 2623 3529 2664 cum
3574 2611 3668 2680 qui

2095 2697 2403 2752 custodiam
2433 2698 2822 2766 observabant,
2852 2687 3113 2757 excubias
3146 2710 3273 2772 post
3314 2717 3374 2756 se
3409 2702 3668 2772 reliquis-

2094 2798 2256 2843 sent:
2288 2790 2353 2843 ad
2379 2790 2856 2860 luee,angelorum
2885 2791 3328 2860 praesentiam,et
3353 2791 3667 2846 devolutum

2099 2881 2168 2935 ab
2202 2880 2337 2951 ipsis
2396 2881 2648 2950 lapidem.
2681 2880 2806 2938 Haac
2835 2883 2955 2949 tibi,
2990 2896 3183 2937 eorum
3213 2897 3335 2952 quae
3372 2875 3474 2937 sub
3503 2897 3670 2952 aspe-

2097 2983 2186 3028 ctu
2212 2987 2321 3028 non
2356 2974 2584 3040 cadunt,
2604 2974 2806 3045 judicia
2845 2982 3035 3042 sunto,
3059 2974 3173 3031 visa
3195 2974 3498 3031 invisorum
3525 2977 3670 3031 velut

2097 3065 2369 3137 magistri.
2424 3066 2545 3122 Non
2600 3067 2744 3123 enim
2801 3075 2858 3122 ut
2897 3081 3133 3138 corpore
3185 3066 3398 3134 solum,
3461 3069 3556 3125 sed
3588 3055 3671 3125 ‘et

2103 3171 2289 3225 mente
2319 3161 2492 3227 vivas,
2532 3161 2627 3216 tibi
2671 3162 2858 3217 datum
2897 3168 3005 3230 est,
3025 3160 3130 3216 nisi
3181 3159 3321 3218 forte
3353 3171 3588 3216 mentem
3614 3171 3670 3217 te

2097 3253 2299 3308 habere
2371 3268 2478 3307 non
2553 3253 2844 3319 admittas,
2895 3253 3040 3324 quod
3100 3268 3165 3310 ea
3233 3253 3423 3309 oculos
3476 3253 3670 3324 fugiat.

2095 3341 2225 3400 Haec
2277 3345 2376 3401 tibi
2437 3345 2551 3401 sint
2600 3344 2847 3400 victoria:
2905 3345 3059 3416 signa
3088 3383 3106 3411 ,
3155 3345 3338 3402 omnia
3390 3358 3520 3400 sunt
3557 3361 3674 3400 uta-

2095 3439 2339 3509 gniiiea,
2397 3439 2584 3494 omnia
2654 3438 2960 3509 praeclara.
3023 3436 3224 3508 ubique
3274 3446 3542 3492 terrarum
3619 3448 3673 3492 et

2096 3531 2298 3588 tradita
2356 3541 2410 3588 et
2477 3532 2718 3604 credita,
2782 3531 3186 3603 quantumlibet
3242 3532 3545 3587 sexcenties
3615 3539 3668 3584 tu

2103 3624 2263 3680 [idem
2323 3623 2571 3692 deroges.
2626 3618 2818 3676 Nonne
2878 3621 2990 3677 haec
3044 3620 3141 3676 tibi
3207 3621 3421 3676 videtur
3481 3620 3671 3692 ﬁguris

2097 3719 2225 3772 olim
2283 3717 2621 3785 expressisse
2683 3713 2895 3784 Moyses
2929 3713 2952 3767 ‘i
2985 3712 3114 3768 Mihi
3174 3714 3364 3785 procul
3396 3713 3561 3769 dubio
3589 3713 3671 3767 vi-

2097 3809 2276 3864 detur.
2325 3807 2468 3873 Quid
2515 3807 2657 3862 enim
2701 3821 2808 3860 non
2858 3807 2987 3874 egit.
3024 3804 3314 3861 Descendit
3375 3816 3430 3860 et
3463 3806 3577 3874 ipse
3615 3805 3667 3858 in

2096 3895 2311 3966 Egypti
2337 3895 2651 3964 caliginem,
2677 3892 2860 3947 multis
2893 3903 2944 3946 et
2976 3893 3235 3962 gravibus
3267 3902 3466 3946 contra
3518 3892 3671 3961 priu-

2095 3987 2270 4056 cipem
2295 3983 2634 4038 Pharaonem
2664 3981 2925 4036 militavit
2947 3981 3222 4047 cladibus,
3251 3984 3550 4052 superavit,
3573 3999 3671 4052 po-
3759 4005 3761 4008 ⁴

2096 4073 2284 4144 pulqu
2321 4088 2351 4127 e
2377 4070 2662 4141 tyrannide
2689 4072 2914 4138 exemit,
2933 4080 2986 4126 et
3015 4071 3167 4126 illinc
3191 4072 3400 4128 eduxit.
3434 4073 3673 4127 Pharao-

419 4199 544 4237 nem
599 4178 766 4232 simul
843 4191 964 4230 cum
1018 4175 1276 4230 universo
1325 4172 1570 4230 exercitu
1622 4172 1794 4226 maris
1841 4168 2043 4242 gurgiti
2100 4167 2394 4223 immersit.
2456 4165 2574 4221 Non
2634 4164 2927 4221 obscurum
2977 4173 3098 4231 est,
3148 4167 3263 4221 iure
3307 4165 3478 4224 fuisse
3531 4183 3671 4238 prae-

419 4274 676 4332 cedentes
703 4284 893 4328 eorum
926 4284 1048 4340 qua:
1078 4276 1335 4322 secutura
1368 4275 1542 4330 erant,
1579 4261 1802 4334 ﬁguras.

501 4395 658 4451 Ἐπεὶ
695 4393 780 4456 τίς
826 4393 854 4446 ὁ
906 4388 1110 4445 πείθων
1142 4387 1203 4440 σὲ
1232 4385 1505 4456 τοσαύτην
1531 4386 1719 4447 ἁπλῶς
1768 4383 1899 4452 περὶ
1927 4379 1988 4433 σὲ

2166 4376 2365 4432 Verum
2435 4373 2559 4444 quis
2632 4381 2717 4428 est
2779 4371 2874 4444 qui
2950 4373 3050 4429 tibi
3147 4375 3422 4446 persuasit
3499 4375 3669 4433 Deum

417 4491 510 4545 τὴν
543 4487 681 4540 Θεὸν
710 4481 1036 4552 ἐνδεδεῖχθαι
1063 4479 1340 4548 σπουδήν;
1388 4475 1481 4529 τὸν
1523 4475 1859 4544 γογγυστὴν,
1901 4472 1993 4524 τὸν

419 4583 738 4654 ἀχάριστον,
769 4577 828 4630 ὃν
875 4575 993 4646 ᾔδει
1030 4571 1216 4641 σαφῶς
1243 4566 1408 4624 αὑτοῦ
1459 4567 1562 4638 μὲν
1599 4566 1721 4620 καθ’
1755 4565 1995 4634 ἑκάστην

418 4673 922 4742 ἀποσκιρτήσαντα,
951 4663 1424 4735 προσχωρήσαντα
1460 4659 1516 4713 δὲ
1550 4661 1662 4721 τοῖς
1694 4655 1998 4727 βδελύγμα-

421 4785 529 4822 σιν.
578 4762 722 4831 Ἐγὼ
767 4757 1100 4827 πολλαχόθεν
1141 4752 1412 4818 ἐξετάζων
1465 4753 1558 4804 καὶ
1605 4749 1995 4816 πολυπραγμο-

419 4862 549 4920 νῶν,
575 4857 628 4908 τί
680 4853 779 4923 τῆς
827 4853 927 4920 σῆς
976 4847 1226 4916 ἀγεννίας
1268 4847 1362 4899 καὶ
1413 4841 1764 4913 μικρολογίας
1809 4841 1992 4909 χεῖρον

421 4947 487 5002 ἂν
535 4945 777 5016 εὕροιμι,
811 4940 1149 5010 πανταχόθεν
1198 4939 1403 5007 ἄπορος
1449 4937 1692 5005 γίνομαι.
1747 4934 1822 4986 Τὸ
1859 4932 1992 5002 γὰρ,

418 5039 454 5094 ἃ
507 5040 573 5094 ἄν
626 5054 711 5100 τις
765 5033 970 5105 ηὔξατο
1026 5031 1303 5100 γενέσθαι.
1347 5030 1561 5088 τούτοις
1623 5027 1860 5095 παροῦσι
1919 5025 1994 5095 μὴ

420 5132 816 5204 προσδραμεῖν,
858 5129 951 5183 καὶ
975 5127 1208 5199 ἡσθῆναι
1262 5122 1647 5192 περιχυθέντα,
1673 5120 1779 5172 καὶ·
1816 5116 1992 5170 ταῦτα

422 5225 560 5295 μήτε
589 5225 752 5277 πόνου
785 5223 922 5294 μήτε
953 5219 1198 5288 δαπάνης
1231 5215 1482 5286 ἐμποδὼν
1515 5211 1838 5280 ἱσταμένης,
1865 5209 1994 5277 λέγε

422 5319 514 5389 μοὶ
565 5317 628 5369 σὺ
678 5316 825 5376 τίνος
876 5313 938 5366 οὐ
983 5303 1258 5382 χεῖρον,ὢ
1292 5307 1454 5376 μέχρι
1505 5304 1710 5364 παντὸς
1761 5301 1984 5370 ἐπέχειν

417 5411 514 5464 καὶ
550 5409 626 5478 μὴ
670 5406 952 5460 πιστεύειν
1001 5407 1068 5475 τῇ
1106 5401 1337 5471 ἀληθείᾳ
1384 5395 1710 5468 βουλόμενε;
1748 5392 1800 5445 τί
1845 5391 1891 5444 δ’
1927 5391 1994 5444 ἂν

419 5502 628 5575 βέλτιον
683 5499 870 5564 εὔξαιο
889 5519 904 5524 ··
930 5497 1121 5550 τούτου
1170 5510 1252 5546 σοι
1302 5489 1557 5559 γενέσθαι
1611 5485 1779 5552 ποτέ;
1832 5485 1866 5554 ἢ
1908 5485 1994 5544 τίς

417 5594 809 5663 ὲπαγγελεῖται
841 5590 926 5644 σοὶ
965 5587 1231 5659 μείζονα;
1263 5583 1427 5636 πόθεν
1462 5580 1653 5650 ἑτέρου
1691 5594 1777 5629 σοι
1811 5575 1993 5645 κρείτ-

416 5703 570 5750 τονος
622 5684 856 5755 εὐπορία
885 5679 1046 5748 Θεοῦ,
1083 5675 1159 5750 μὴ
1191 5675 1381 5731 τούτου
1413 5673 1632 5743 τυχόντι
1658 5685 1675 5736 ;
1722 5669 1778 5722 τί
1809 5669 1993 5739 χεῖρον

2097 4481 2306 4527 tantum
2370 4469 2604 4524 subiisse
2636 4466 2876 4522 studium
2924 4475 3144 4538 propter
3198 4477 3252 4526 te
3304 4469 3708 4541 solummodo,-

2097 4575 2554 4620 murmuratorem
2599 4569 2673 4628 te,
2724 4561 3019 4631 ingratum,
3057 4579 3216 4632 quem
3243 4571 3429 4634 aperte
3458 4565 3589 4621 vidit
3617 4566 3671 4620 in

2097 4656 2212 4712 dies
2264 4671 2292 4708 a
2327 4670 2387 4709 se
2425 4653 2756 4713 desciscere.
2787 4659 2841 4706 et
2891 4652 2958 4706 ad
2992 4653 3291 4723 nequitiam
3332 4656 3674 4724 procedere?

2096 4749 2213 4818 Ego
2263 4747 2506 4817 profecto
2559 4746 2616 4800 in
2649 4744 2837 4800 multis
2868 4743 3033 4799 rebus
3059 4743 3335 4813 vestigans
3357 4755 3409 4801 et
3439 4762 3526 4801 me
3547 4761 3674 4801 con-

2096 4839 2310 4903 ﬁciens,
2365 4837 2509 4908 quod
2573 4845 2666 4891 tua
2744 4837 3012 4905 degenere
3085 4835 3405 4906 indignitate
3464 4839 3670 4907 possim

2101 4931 2345 4985 invenire
2427 4929 2668 4984 deterius
2730 4929 2976 4997 undique
3038 4928 3322 4984 destituor.
3373 4928 3470 4985 His
3527 4932 3670 4986 enim

2096 5037 2218 5092 quae.
2273 5021 2535 5077 obvenire
2578 5019 2686 5075 sibi
2744 5025 2868 5090 quis
2887 5021 3112 5090 optarit,
3144 5023 3507 5090 praesentibus
3557 5024 3674 5076 aui-

2059 5131 2247 5168 -mum
2318 5116 2736 5169 accmnmodare
2775 5125 2830 5169 et
2867 5114 3058 5170 iisdem
3113 5115 3218 5169 frui
3265 5115 3468 5178 aﬂ‘atim
3530 5117 3681 5170 nolle.

2100 5206 2410 5278 (prmciptte
2478 5222 2602 5260 cum
2658 5207 2867 5276 absque
2927 5207 3116 5262 labore
3161 5217 3214 5262 et
3273 5208 3392 5262 sine
3451 5217 3672 5277 stuuptu

2099 5302 2211 5355 tieri
2261 5299 2495 5371 pOSsit),
2527 5315 2632 5369 qua
2686 5299 3099 5371 pravitate(dic
3153 5308 3212 5355 tu
3277 5301 3696 5370 mihi,qua:so,
3798 5323 3804 5327 -

2097 5394 2192 5464 qui
2217 5403 2473 5463 perpetuo
2515 5395 2810 5457 detrectas,
2841 5405 2894 5448 et
2925 5393 3165 5463 protiteri
3203 5393 3482 5448 veritatem
3515 5406 3673 5448 rccu»

2099 5490 2227 5555 εστ)
2264 5501 2372 5541 non
2438 5487 2546 5543 erit
2613 5487 2862 5557 pravius?
2918 5486 3060 5554 Quid
3115 5499 3296 5542 autem
3335 5486 3703 5542 desiderave--—

2097 5577 2174 5630 ris
2206 5579 2307 5632 hac
2333 5593 2390 5632 re
2430 5577 2528 5633 tibi
2560 5578 2780 5633 evenire
2807 5579 3028 5644 melius,
3066 5587 3160 5632 aut
3183 5578 3307 5650 quis
3339 5578 3435 5632 tibi
3467 5579 3672 5650 majora
3701 5622 3704 5626 η

2098 5669 2424 5724 annuntiare
2467 5678 2674 5738 posset,
2717 5669 2802 5725 vel
2848 5669 2990 5726 unde
3039 5671 3140 5726 tibi
3192 5671 3527 5727 commodior
3578 5671 3686 5725 Dei-

493 5823 603 5918 (Itl)
636 5845 1031 5918 llisobsignari
1061 5851 1346 5901 curaverat
1369 5837 1683 5909 sepulcrum
1704 5830 1968 5897 Herodes,
2010 5840 2089 5886 ne.
2148 5828 2399 5900 discipuli
2458 5829 2542 5900 (ut
2601 5828 2719 5902 ipse
2785 5829 3131 5902 opinabatur)
3169 5845 3371 5901 corpus
3425 5827 3695 5885 suﬂ’ura:---

423 5933 637 5978 tentur.
