4076 6434
1315 355 1727 417 ΕΝΟΟΜΙΗΜ
1766 355 1870 415 SS.
1909 354 2142 416 PETRI
2173 353 2269 416 ET
2301 356 2557 420 PAULI.

3449 356 3597 430 1018

1911 513 3584 550 Μ

785 704 1604 848 ΜΑΞΙΜΟΥ
1683 715 2036 848 ΤΟΥ
2115 715 3079 855 ΠΛΑΝΟΥΔΗ

1648 956 2246 1046 ΕΓΚΩΜΙΟΝ

577 1143 688 1198 ΕΙΣ
718 1141 902 1196 ΤΟΥΣ
929 1141 1197 1210 ΔΓΙΟΥΣ,
1230 1143 1614 1212 ΕΝΔΟΞΟΥΣ,
1651 1145 2086 1201 ΠΑΝΕΥΦΗΜΟ
2099 1146 2180 1199 ΥΣ
2210 1148 2332 1200 ΚΑΙ
2367 1148 2815 1205 ΚΟΡΥΦΑΙΟΥΣ
2840 1153 3303 1210 ΛΠΟΣΤΟΛΟΥΣ

1079 1315 1706 1436 ΠΕΤΡΟΝ
1765 1319 2052 1433 ΚΑΙ
2111 1315 2801 1445 ΠΑΥΛΟΝ.

932 1743 1729 1904 ΜΑΧΙΜΙ
1879 1754 1925 1903 1

2021 1744 2949 1912 LANUDfE

1597 2063 2268 2158 ENCOMIUM

458 2257 543 2321 ΙΝ
617 2255 952 2321 SANCTOS
988 2255 1088 2320 ET
1123 2256 1323 2320 OMNI
1357 2253 1632 2321 iLAUDE
1689 2257 2310 2344 PROSEQUENDOS
2357 2261 2930 2330 APOSTOLORUM
2966 2266 3444 2332 ΟΟΗΥΡΙΙᾸΞΟΞ

1147 2459 1743 2576 PETRUM
1822 2459 2008 2572 ET
2103 2461 2730 2610 PAULUM.

301 2685 476 2758 (llanc
506 2681 948 2762 probatissimam
990 2681 1302 2762 homiliam,
1333 2692 1555 2762 propter
1595 2679 2112 2762 coclicishd‘cfectum
2161 2682 2391 2740 dimidio
2434 2685 2817 2762 decurtatam__
2846 2675 3094 2762 ediderat
3128 2690 3442 2762 Gretserus,
3490 2697 3594 2753 sub

372 2751 592 2829 nomine
619 2753 866 2829 Gregorii
898 2751 1156 2823 Nysscni,
1195 2751 1513 2829 lugolstadii
1535 2768 1690 2829 anno
1728 2752 1903 2829 1629.
1932 2753 2159 2829 _lntegra
2194 2771 2340 2829 nunc
2363 2757 2554 2829 prodit
2585 2759 2888 2829 iex_codice
2917 2760 3255 2820 Coisliniano
3288 2751 3448 2829 “87'.
3491 2751 3592 2823 ad;

373 2826 486 2879 dita
522 2823 975 2892 interpretatione
1007 2835 1196 2879 nostra
1229 2838 1406 2894 usque
1432 2825 1501 2880 ad
1534 2825 1718 2880 locum
1753 2826 1898 2879 unde
1931 2823 2125 2879 incinit
2153 2824 2324 2882 editio
2350 2826 2622 2882 Gretseri.
2655 2827 2820 2885 Em'r.
2856 2830 3028 2890 Pun.

383 3147 594 3201 Ἐδόκει
616 3164 708 3217 μοι
735 3146 916 3216 λέγειν
941 3163 998 3200 τι
1024 3147 1156 3219 περῒ¹
1180 3147 1295 3202 τῶν
1324 3149 1644 3204 ἀποστόλων
1673 3147 1882 3220 προθυ-
1912 3181 1925 3211 Α

2065 3149 2364 3207 Videbatur
2401 3151 2536 3207 mihi
2558 3197 2574 3222 ,
2609 3154 2818 3226 aliquid
2853 3159 2921 3215 de
2967 3159 3230 3230 apostolis
3260 3159 3447 3217 dicere
3493 3176 3594 3234 ag-

301 3241 557 3312 μουμὲνῳ
608 3239 776 3311 μηδὲν
803 3235 946 3293 εἶναι
997 3240 1163 3294 πόνου
1217 3241 1421 3294 πολλοῦ
1481 3244 1718 3313 πρᾶγμα
1754 3242 1892 3313 μηδὲ

299 3333 537 3406 χαλεπὸν
583 3334 928 3403 ἐγχειρῆσαι,
981 3333 1074 3386 καί
1119 3333 1190 3402 μὲ
1231 3351 1317 3398 τις
1350 3333 1510 3404 λόγος
1558 3335 1721 3389 τοῦτο
1756 3338 1894 3400 τέως

301 3431 591 3493 ἀνέπειθεν
636 3430 712 3494 ὡς
762 3430 864 3483 οὐκ
909 3428 1059 3484 ἔστιν
1109 3431 1343 3502 ἀπορεῖν
1391 3433 1523 3502 περὶ
1551 3434 1675 3487 ὅτου
1707 3449 1793 3496 τις
1827 3433 1893 3487 ἂν

299 3523 409 3578 τῶν
440 3524 816 3579 ἁποστολικῶν
858 3524 1010 3594 λέγοι
1051 3525 1506 3596 κατορθωμάτων
1530 3528 1626 3581 καὶ
1657 3528 1788 3597 περὶ
1826 3521 1894 3598 ἧς

299 3617 480 3671 αὐτῶν
510 3617 759 3689 χάριτος,
785 3617 976 3690 ὥσπερ
1000 3618 1124 3672 οὐδὲ
1153 3618 1349 3681 νυκτὸς
1380 3618 1620 3688 φέγγους
1643 3619 1895 3690 ἀστέρων

298 3713 657 3783 διαμαρτεῖν
714 3713 812 3765 καὶ
856 3711 1020 3765 τοῦτο
1057 3711 1169 3782 γὰρ
1200 3710 1628 3780 ὑπεμίμνησκεν
1658 3713 1782 3764 ὅποι
1810 3728 1896 3775 τις

303 3804 491 3857 ἀπίδοι
521 3803 615 3857 τοῦ
641 3802 903 3872 οὐρανοῦ,
937 3801 1034 3856 καὶ
1073 3804 1367 3871 προσεῖχον
1405 3802 1580 3871 ἡδέως
1617 3801 1696 3871 τῷ
1716 3801 1891 3870 λόγῳ,

300 3898 400 3967 τὴν
461 3897 783 3966 ἐγχείρησιν
846 3896 914 3947 ἐκ
959 3895 1054 3948 τοῦ
1105 3895 1310 3966 ῥᾴστου
1364 3911 1458 3963 μοι
1509 3895 1895 3964 προχωρήσειν

302 3992 573 4058 οἰόμενος,
601 3990 682 4041 ὃτι
713 3988 847 4057 μηδὲ
869 3989 1039 4058 χείρω
1059 3987 1192 4051 ἴσως
1215 3990 1274 4040 ἐν
1297 3989 1411 4050 τοῖς
1434 3988 1699 4049 τοιούτοις
1724 4003 1896 4055 προσο

303 4083 468 4152 δοκᾷν
516 4083 628 4136 αἰεὶ
671 4081 740 4134 τὰ
796 4081 993 4150 βελτίω
1033 4083 1128 4135 καὶ
1162 4084 1224 4135 τὸ
1259 4079 1398 4134 πολὺ
1429 4081 1530 4152 τῆς
1580 4082 1775 4150 ῥοπῆς,
1824 4083 1891 4152 τῇ

304 4174 452 4246 ψυχῇ
481 4173 667 4245 νέμειν
687 4173 961 4238 ἐντεῦθεν,
985 4172 1017 4244 ἢ
1043 4174 1105 4227 τό
1133 4191 1196 4243 γε
1220 4174 1420 4244 ἀληθὲς
1441 4174 1620 4226 εἰπεῖν
1646 4173 1890 4243 σύμπαν,

307 4265 496 4338 ἐπειδὴ
553 4266 794 4336 ἐμαυτὸν
867 4266 1195 4336 προσάγειν,
1265 4268 1381 4331 τοῖς
1461 4266 1573 4320 τῶν
1635 4265 1894 4337 μεγάλων

306 4359 548 4422 ἐπαίνοις
605 4360 635 4411 ὁ
692 4360 990 4429 προσήκων
1049 4359 1243 4426 καιρὸς
1309 4358 1529 4428 ἐνέστη,
1562 4359 1657 4412 καὶ
1707 4359 1778 4412 τά
1827 4373 1892 4425 γε

1999 3245 2294 3314 gredienti,
2337 3261 2448 3301 non
2489 3249 2674 3318 magni
2703 3249 2758 3304 id
2806 3266 2932 3306 esse
2971 3253 3200 3322 laboris,
3233 3269 3415 3326 neque
3448 3255 3594 3312 diffi-

1998 3341 2104 3393 cile
2149 3353 2458 3406 conamen;
2503 3350 2557 3395 et
2609 3342 2746 3398 mihi
2778 3343 2921 3399 ratio
2973 3346 3231 3415 quaedam
3269 3348 3446 3404 suasit
3476 3364 3592 3405 non
3692 3370 3698 3377 ·

1999 3431 2113 3486 [ξιιτί
2172 3446 2334 3500 posse
2385 3441 2446 3486 ut
2490 3433 2618 3503 quis
2666 3433 2909 3505 indigeat
2964 3439 3196 3493 materia
3237 3439 3489 3510 loquendi
3523 3441 3596 3498 de

1997 3525 2385 3591 apostolorum
2425 3527 2689 3594 praeclare
2722 3527 2887 3584 factis
2912 3540 3006 3584 aut
3033 3529 3102 3586 de
3134 3533 3354 3588 illorum
3385 3536 3593 3604 gratia,

1999 3617 2144 3671 sicut
2184 3632 2362 3685 neque
2419 3617 2488 3672 de
2547 3630 2954 3676 nocturnorum
2989 3622 3234 3678 siderum
3283 3626 3588 3694 splendore

1998 3707 2216 3762 dicendi
2249 3709 2471 3764 occasio
2498 3710 2686 3777 deest;
2735 3728 2859 3765 nam
2891 3713 2964 3768 ob
2986 3715 3180 3769 oculos
3205 3723 3289 3771 est
3316 3717 3369 3770 in
3392 3733 3592 3788 quam-

1999 3815 2218 3868 cunque
2273 3801 2400 3855 (ιωΙὶ
2469 3811 2684 3871 partem
2750 3805 3068 3874 suspicias;
3129 3807 3296 3878 igitur
3353 3809 3593 3868 libenter

1999 3907 2310 3946 sermonem
2346 3893 2628 3958 inchoavi,
2669 3896 2955 3952 conlidens
3003 3897 3137 3951 mihi
3199 3901 3587 3958 tractationem

1999 3983 2259 4038 facillime
2315 3999 2728 4052 successuram,
2777 3987 2909 4057 quia
2956 4003 3239 4060 nunquam
3271 3975 3592 4060 pejus'for-

2000 4077 2163 4133 lassis
2197 4077 2252 4131 in
2284 4076 2560 4134 similibus
2596 4079 2783 4146 rebus,
2820 4081 2916 4135 sed
2948 4096 3168 4151 semper
3199 4084 3426 4138 meliora
3458 4101 3589 4155 spe-

1998 4185 2122 4225 rare
2150 4179 2204 4225 et
2245 4169 2546 4224 maximum
2575 4171 2707 4225 hinc
2736 4172 2924 4226 animo
2964 4173 3257 4244 impulsum
3289 4175 3587 4247 impertiri,

1997 4261 2064 4316 ad
2101 4275 2293 4315 verum
2326 4275 2490 4316 omne
2523 4263 2847 4319 dicendum.
2905 4264 3045 4320 Cum
3097 4269 3282 4338 itaque
3345 4285 3591 4340 praesens

1997 4355 2222 4412 occasio,
2253 4354 2402 4408 venit
2431 4370 2540 4425 qua
2581 4358 2648 4411 ad
2673 4357 3043 4413 laudationem
3080 4375 3410 4430 magnorum
3442 4365 3593 4418 viro-

308 4451 500 4520 πρῶτα
544 4452 644 4520 τῆς
693 4451 874 4504 αὐτῶν
926 4451 1208 4524 εὐφημίας
1248 4447 1316 4518 ἧν
1355 4455 1414 4504 ὲν
1456 4452 1669 4522 χερσὶν,
1721 4453 1750 4505 ὁ
1793 4452 1894 4518 μὲν

2003 4463 2121 4502 rum
2178 4449 2504 4515 a‘dducercr,
2547 4459 2603 4504 et
2651 4449 2763 4521 jam
2818 4451 2874 4506 in
2933 4467 3000 4507 eo
3056 4467 3236 4509 essem
3300 4464 3359 4509 ut
3395 4455 3590 4514 laudes

303 4519 510 4596 πείθων
555 4519 712 4612 λόγος
748 4543 900 4612 ἡμᾶς
957 4519 1168 4609 signa;
1219 4519 1642 4615 dludi/meam
1693 4543 1886 4599 ἄλλοτε
1924 4523 1925 4526 Ἴ

1997 4555 2189 4594 eorum
2226 4541 2551 4610 inciperem,
2590 4541 2732 4597 ratio
2763 4542 2856 4596 illa
2897 4558 3055 4609 vera,
3089 4545 3136 4601 si
3167 4562 3416 4615 unquam
3447 4549 3588 4605 alias

302 4637 398 4690 καὶ
431 4635 596 4690 πάλιν
628 4637 862 4708 προσῄει
887 4638 983 4690 καὶ
1014 4638 1249 4707 ἀφθονία
1277 4639 1449 4709 πολλὴ
1490 4639 1621 4709 περὶ
1643 4639 1767 4691 ὅτου
1804 4653 1893 4702 τις

299 4730 367 4786 ἂν
397 4729 586 4795 διεξίοι
637 4727 692 4782 τί
735 4729 844 4800 μὴν
893 4730 1104 4784 τούτων
1145 4730 1298 4797 ἄξιον
1356 4731 1561 4794 λέγειν,
1591 4731 1688 4783 καὶ
1743 4730 1894 4792 ὅπως

298 4823 414 4883 τοῖς
449 4821 697 4884 ἐπαίνοις
747 4823 1038 4892 χρηστέον.
1077 4822 1250 4876 Τοῦτο
1283 4823 1339 4875 δὲ
1385 4821 1542 4875 οὔπω
1576 4822 1684 4875 τῶν
1721 4823 1890 4874 εὐπο-

301 4931 411 4985 ρων
435 4914 707 4983 ἐφαίνετο,
747 4914 864 4968 ἀλλ’
905 4912 1141 4969 ἐνταῦθα
1175 4917 1270 4969 καὶ
1306 4914 1511 4986 μᾶλλον
1555 4915 1664 4968 τῶν
1714 4929 1882 4984 προσο

298 5009 542 5080 ηκόντων
583 5008 778 5077 λόγων,
817 5009 1116 5073 ἐπεκράτει
1163 5010 1228 5081 δὴ
1282 5009 1500 5076 σπάνις,
1543 5008 1670 5062 ἔνθα
1718 5009 1890 5078 συχνὰ

299 5101 594 5171 προῦκειτο
645 5103 714 5156 τὰ
777 5103 919 5174 πρὸς
974 5102 1201 5168 τούτους
1265 5102 1731 5174 παρακαλοῦντα,
1793 5103 1888 5156 καὶ

297 5193 455 5247 τοῦτό
493 5211 584 5265 μοι
627 5194 771 5249 δοκῶ
817 5196 1152 5250 πεπονθέναι
1189 5197 1432 5267 ἀνάγκη.
1467 5197 1543 5249 Οὐ
1593 5195 1704 5265 γάρ
1737 5195 1881 5261 ἴσης,

295 5286 397 5338 οὐκ
454 5285 578 5356 ἴσης
629 5286 769 5355 πρὸς
807 5287 980 5358 ἄμφω
1035 5289 1118 5342 δεῖ
1167 5291 1267 5361 τῆς
1320 5288 1634 5359 δυνάμεως,
1664 5288 1890 5341 ἐπειδάν

294 5379 509 5432 πολλῶν
553 5379 742 5444 ἁπλῶς
794 5380 1008 5446 ἕνεκεν,
1041 5383 1136 5436 καὶ
1177 5371 1339 5446 αὖθις
1390 5381 1608 5435 πολλῶν
1643 5381 1740 5434 καὶ
1791 5397 1892 5452 με·

293 5472 478 5540 γάλων
508 5470 642 5546 ἐπίῃ
669 5473 780 5526 τινὶ
818 5477 885 5546 τῇ
917 5475 1030 5542 ἔξει
1066 5474 1311 5546 χρῆσθαι
1337 5473 1448 5528 τῶν
1475 5475 1676 5542 λόγων,
1700 5472 1891 5544 ὥσπερ

292 5565 418 5618 οὐδὲ
483 5565 581 5636 τὴν
634 5566 810 5635 αὐτὴν
849 5568 1029 5629 εἴποις
1085 5566 1151 5620 ἂν
1196 5567 1502 5639 ἐμπειρίαν
1553 5567 1646 5619 καὶ
1701 5565 1898 5635 ῥώμην

293 5657 528 5724 ὀφείλειν
555 5657 620 5712 ἐκ
666 5657 780 5712 τῶν
835 5660 1161 5728 ἀναγκαίων
1203 5661 1497 5730 προσεῖναι
1525 5657 1604 5727 τῷ
1646 5674 1706 5710 τε
1755 5655 1896 5727 πρὸς

292 5751 526 5814 πολλοὺς
573 5752 774 5818 ἁπλῶς
807 5755 1166 5827 ἀποδυομένῳ
1199 5757 1294 5809 7.7.".
1353 5754 1410 5818 ὃς
1469 5752 1686 5816 πολλοῖς
1744 5748 1883 5822 ὁμοῦ
1928 5752 2022 5807 καὶ
2074 5750 2348 5822 γενναίοις

293 5865 472 5918 (erat.

1996 4632 2196 4699 adfuit,
2230 4643 2286 4688 et
2345 4649 2543 4705 magna
2595 4635 2936 4690 abundantia
2999 4636 3475 4706 disserendorum,
3534 4652 3592 4697 et

1993 4726 2274 4796 quomodo
2329 4725 2588 4782 laudibus
2647 4727 2722 4780 uti
2779 4736 3030 4798 oporteat
3065 4727 3379 4784 admonuit.
3446 4731 3590 4789 Illud

1995 4833 2124 4872 vero
2153 4832 2263 4872 non
2304 4816 2470 4873 facile
2524 4819 2848 4886 videbatur;
2904 4821 3002 4876 sed
3039 4819 3133 4876 hic
3191 4821 3378 4892 potius
3417 4840 3592 4894 quam

2005 4912 2392 4967 convenientia
2429 4913 2596 4968 verba
2635 4912 2887 4979 deerant,
2920 4913 3012 4969 ubi
3048 4912 3358 4984 frequentia
3408 4926 3588 4973 mate-

1999 5003 2206 5059 riarum
2253 5004 2648 5060 dominabatur
2692 5022 2707 5060 :
2745 5012 2800 5060 et
2855 5003 2992 5059 illud
3047 5005 3185 5061 mihi
3237 5022 3305 5062 ex
3342 5007 3589 5078 quadam

1999 5095 2331 5152 necessitate
2372 5096 2645 5154 accidisse
2690 5095 2929 5152 videtur.
2964 5097 3084 5154 Non
3134 5099 3281 5154 enim
3333 5102 3591 5156 eamdem

1997 5189 2111 5244 vim
2161 5188 2230 5244 de
2285 5187 2499 5246 duobus
2551 5189 2760 5244 dicenti
2809 5189 3008 5246 adesse
3045 5197 3289 5263 oportet,
3341 5209 3467 5248 cum
3521 5191 3596 5247 de

1999 5281 2194 5337 multis
2225 5282 2554 5352 simpliciter
2579 5292 2634 5338 et
2661 5283 2729 5338 de
2749 5283 2938 5339 multis
2962 5285 3208 5355 pleniore
3233 5301 3329 5341 ore
3353 5284 3593 5356 loquen-

1996 5376 2127 5432 dutn
2156 5382 2260 5432 est.
2299 5373 2472 5431 Sicuti
2504 5391 2614 5431 non
2666 5375 2917 5431 eamdem
2969 5379 3174 5434 dixeris
3229 5380 3486 5450 peritiam
3524 5388 3582 5434 et

1997 5469 2107 5525 vim
2165 5477 2425 5538 oportere
2474 5469 2661 5524 inesse
2721 5467 2798 5522 illi
2857 5468 2952 5539 qui
2993 5469 3326 5541 simpliciter
3378 5470 3595 5526 multos

1998 5558 2304 5629 alloquitur
2335 5569 2392 5616 et
2424 5559 2501 5640 illi
2554 5558 2651 5631 qui
2697 5559 2768 5614 ad
2802 5559 3006 5617 inultos
3044 5561 3214 5617 simul
3249 5569 3305 5617 et
3344 5561 3598 5620 illustres

2001 5654 2168 5709 verba
2205 5653 2360 5709 facit.

2432 5749 2540 5804 τῶν
2595 5748 2908 5805 ἀντιπάλων
2957 5749 3038 5812 εἰς
3092 5747 3412 5821 συμπλοκὰς
3497 5746 3596 5811 15.1-
