4076 6484
503 347 711 466 mss

1778 397 2066 459 ΜᾹΧΙΜΙ
2107 397 2484 460 ΡῐιᾹΝυῡΕ

3643 405 3792 466 Ιιιὲιι

602 511 659 562 δι
716 524 846 576 ergo
886 515 1102 576 oportet
1169 507 1382 560 veniam
1443 506 1654 576 precari
1709 515 1762 560 ct
1818 508 2099 577 propriam

2280 506 2340 559 Ei
2373 506 2553 558 τοίνυν
2581 507 2663 559 δεῖ
2689 507 3080 576 παραιτεῖσθαι
3109 510 3205 562 καὶ
3251 511 3654 580 μνημονεύοντα
3681 532 3775 583 της

535 602 912 657 infirmitatem
939 611 1292 655 accusantem
1344 602 1511 655 verba
1543 601 1744 663 facere,
1779 616 1958 669 neque
2003 615 2106 668 ego

538 695 698 748 aliter
743 693 942 763 cogito,
1002 708 1179 762 neque
1214 692 1348 746 mihi
1389 692 1595 746 suadeo
1661 693 1872 760 majora
1939 707 2105 760 quam

533 785 713 840 caeteri
748 802 942 840 omnes
973 786 1160 839 conari
1194 786 1384 839 licere.
1412 785 1514 838 Sed
1552 785 1709 838 video
1725 783 2105 839 .sufticientem

535 877 669 931 mihi
706 880 1120 932 excuSatiom-m
1149 894 1214 931 ex
1250 877 1357 931 illis
1390 878 1481 946 qui
1533 877 1686 945 prius
1719 877 1923 942 similia
1957 892 2109 931 com-

533 970 803 1024 miserunt
841 978 1040 1036 prmsto
1066 984 1188 1023 esse
1224 970 1383 1037 plane
1408 983 1730 1039 congruam.
1763 967 1895 1034 Qua:
1934 969 2106 1040 igitur

533 1061 762 1114 cuilibet
799 1062 1016 1115 illorum
1055 1063 1148 1131 qui
1208 1062 1345 1116 alios
1396 1061 1617 1114 laudare
1674 1072 1850 1113 ratum
1899 1061 2111 1115 habue-

536 1161 668 1206 runt
701 1154 882 1208 dicere
907 1154 1128 1218 accidit,
1162 1154 1382 1223 quando
1412 1168 1511 1223 pro
1534 1153 1732 1222 seipsis
1754 1155 1804 1205 iu
1835 1168 2110 1206 certamen

538 1244 971 1309 descenderunt,
1021 1253 1076 1298 et
1110 1261 1172 1299 ea
1210 1245 1415 1299 abillis
1458 1259 1559 1314 pro
1618 1261 1700 1296 me
1752 1245 1896 1299 dicta
1950 1247 2110 1298 velim

535 1338 719 1386 omnia
741 1333 912 1389 fuisse
946 1337 1076 1388 mihi
1113 1336 1366 1390 videtur:
1394 1345 1448 1390 et
1476 1337 1616 1390 idem
1653 1339 2113 1406 caaterisquoque

539 1425 814 1479 videatur.
841 1426 896 1479 Si
921 1427 1048 1496 quis
1078 1427 1224 1479 enim
1253 1427 1488 1496 aliquem
1532 1426 1865 1481 laudandum
1891 1442 2113 1482 assmu-

540 1518 738 1586 pserit,
773 1533 881 1572 non
947 1519 1251 1572 absurdum
1291 1528 1446 1588 putat
1505 1519 1550 1573 si
1602 1519 1781 1588 majus
1836 1534 1934 1586 pro
1995 1519 2114 1574 suis

538 1609 748 1664 viribus
777 1625 915 1678 opus
949 1625 1269 1682 aggressum
1305 1626 1365 1665 se
1402 1610 1660 1674 fateatur,
1689 1611 1966 1679 quomodo
1999 1626 2111 1666 non

539 1702 1125 1771 opportunitas-nune
1189 1702 1348 1757 nobis
1392 1715 1544 1758 esset
1602 1702 1706 1756 hoc
1755 1704 1976 1772 quoque
2030 1703 2115 1757 di-

541 1793 724 1859 cendi,
760 1802 813 1848 et
867 1795 1042 1862 magis
1097 1809 1261 1863 quant
1307 1795 1561 1850 ceteris?
1615 1793 1732 1849 Duo
1779 1795 1924 1848 enim
1968 1795 2115 1849 inter

2211 599 2421 662 οἰκείας
2467 599 2755 662 ἀσθενείας
2789 601 3075 670 προσιέναι
3103 603 3214 664 τοῖς
3254 602 3456 670 λόγοις,
3489 603 3595 657 οὐδ’
3620 607 3778 668 αὐτὸς

2210 689 2385 750 ἄλλως
2414 689 2446 757 ἦ
2479 691 2622 742 κατά
2637 688 2810 742 ταῦτα
2840 689 3126 761 λογίζομαι
3150 691 3259 746 οὐδ’
3288 693 3476 764 ἔτερόν
3503 712 3557 747 τι
3587 696 3780 766 χρῆναι

2211 782 2668 852 προχειρίσασθαι
2699 784 2805 853 πρὸ
2830 785 3050 837 πάντων
3067 786 3304 855 ἐμαυτὸν
3337 787 3530 841 πείθω.
3571 787 3711 859 ⁸0ρῶ
3736 788 3784 841 δ’

2215 874 2407 942 ἱκανήν
2430 891 2520 943 μοι
2541 875 2692 944 παρὰ
2714 875 2822 929 τῶν
2842 875 3078 944 π’ρόσθεν
3102 877 3182 940 είς
3198 877 3267 930 τά
3287 877 3511 932 τοιαῦτα
3537 879 3786 933 καθεικό-

2212 981 2320 1016 των
2342 965 2569 1028 ἑαυτοὺς
2603 966 2701 1035 τὴν
2733 966 3065 1036 παραίτησιν
3096 969 3382 1036 γεγονυῖαν
3415 970 3508 1022 καὶ
3535 971 3785 1042 ἀποχρῶν

2215 1049 2354 1108 εἷναί
2389 1073 2479 1125 μοι
2511 1056 2660 1109 δοκεῖ
2690 1057 2750 1109 τὸ
2781 1059 2838 1124 ἐξ
2879 1057 3123 1113 ἐκείνων.
3176 1060 3244 1112 Ἀ
3276 1059 3406 1129 γοῦν
3434 1061 3646 1132 ἑκάστῳ
3675 1063 3782 1115 τῶν

2215 1151 2459 1203 ἐπαινεῖν
2491 1149 2685 1214 ἄλλους
2717 1152 3137 1221 ἐνστησαμένων
3167 1152 3306 1223 ὑπὲρ
3339 1154 3548 1207 ἑαυτῶν
3581 1156 3658 1218 είς
3687 1154 3777 1206 τον

2216 1239 2404 1307 ἀγῶνα
2425 1242 2856 1296 καταϐαινόντων
2878 1245 3053 1296 εἰπεῖν
3075 1241 3352 1308 ἐξεγένετο
3371 1247 3463 1312 καὶ
3491 1246 3629 1315 ὑπὲρ
3649 1245 3780 1316 ἐμοῦ

2214 1330 2429 1392 τούτιις
2477 1331 2728 1398 εἰρῆσθαι
2779 1331 2959 1385 πάντα
3000 1331 3314 1399 δοκῶ,,καὶ
3347 1339 3460 1398 τοῖς
3509 1335 3683 1398 ἄλλοις
3717 1336 3779 1406 δὴ

2219 1415 2559 1476 συ“νδοκείτω.
2591 1421 2652 1472 Ei
2679 1423 2787 1492 γάρ
2813 1423 3073 1476 ἐκάστοτέ
3099 1441 3183 1488 τις
3215 1422 3347 1496 ὓλην
3377 1426 3665 1496 ἐγκωμίων
3685 1427 3780 1481 ἕνα

2219 1511 2566 1581 ποιούμενος,
2611 1513 2802 1568 ἔπειτα
2829 1516 2930 1569 οὐκ
2975 1516 3176 1571 ἄτοπον
3215 1520 3428 1588 ἡγεῖται
3468 1519 3710 1588 μείζονος
3746 1521 3779 1592 ἢ

2218 1604 2340 1657 καθ’
2387 1605 2552 1658 αὐτὸν
2604 1607 2917 1672 ὑποθέσεως
2959 1611 3242 1679 ὁμολογεῖν
3289 1611 3578 1677 ἀπτεσθαι,
3629 1615 3786 1668 πόθεν

2218 1695 2320 1748 οὐκ
2352 1696 2418 1748 ἂν
2472 1695 2630 1750 τοῦτο
2683 1699 2874 1770 καιρδς
2911 1701 3002 1771 εἴη
3039 1701 3135 1754 καὶ
3179 1702 3347 1756 τανῦν
3381 1704 3657 1771 λέγεσθαι,
3699 1707 3787 1759 καὶ

2224 1787 2427 1854 μᾶλλον
2469 1788 2580 1841 τῶν
2628 1789 2845 1858 ἀλλωνς
2902 1793 3048 1856 Δυάς
3095 1792 3206 1866 γάρ
3259 1796 3292 1866 ή
3355 1799 3456 1864 τῆς
3496 1797 3789 1861 δωδεκάδος

541 1885 834 1940 duodecim
869 1884 1071 1940 Christi
1117 1885 1416 1956 discipulos
1444 1887 1634 1941 selecti
1661 1895 1831 1952 sunt;
1882 1895 1938 1940 et
1967 1901 2119 1956 quae-

2226 1878 2644 1948 προκεκριμένη
2707 1879 2817 1934 τῶν
2872 1882 3113 1952 Χριστοῦ
3167 1875 3429 1956 μαθητῶῦ
3479 1887 3640 1955 ἐργον
3702 1891 3790 1941 καί

539 1980 681 2035 ritur
741 1990 921 2035 utrum
966 1997 1156 2036 eorum
1220 1981 1497 2051 praecipue
1545 1982 1916 2038 laudabimus.
1977 1981 2113 2037 Cre-

539 2073 613 2126 do
661 2081 863 2136 tamen,
921 2073 966 2128 si
1023 2082 1262 2128 nostram
1308 2089 1528 2143 quoque
1582 2075 1828 2143 ipsorum
1891 2080 2114 2129 senten-

544 2165 676 2217 tiam
730 2163 916 2218 dicere
973 2172 1234 2233 oportet,
1291 2166 1504 2218 nultum
1549 2179 1676 2220 esse
1725 2165 1869 2218 inter
1923 2178 2115 2219 omnes

539 2256 658 2324 qui,
716 2269 842 2309 cum
875 2255 1110 2309 audierit
1163 2253 1278 2309 fore
1323 2264 1382 2309 ut
1414 2254 1610 2309 Petrus
1651 2263 1706 2310 et
1752 2250 1959 2309 Paulus
2002 2255 2118 2308 lau-

537 2349 759 2410 dentur,
825 2361 932 2398 non
997 2345 1162 2414 plane
1212 2345 1396 2398 videat
1466 2345 1816 2399 laudatorem”
1875 2343 2117 2399 maximo

537 2435 692 2503 operi
732 2449 854 2488 sese
904 2434 1236 2488 accinxisse.
1295 2434 1548 2487 Attamen
1604 2443 1658 2487 et
1700 2432 1932 2489 fortasse
1973 2432 2118 2487 dicet

544 2527 856 2595 inspirasse
881 2523 1045 2579 alicui
1081 2525 1148 2578 de
1180 2540 1281 2578 suo
1306 2539 1496 2577 amore
1533 2525 1840 2593 apostolos,
1883 2535 1940 2579 ut
1970 2524 2118 2595 quod

543 2618 657 2672 illis
693 2633 910 2687 semper
947 2616 1206 2688 Magister
1240 2615 1648 2684 celebrabatur,
1711 2633 1769 2671 se
1797 2617 1948 2687 ipsos
1983 2633 2121 2672 cou-

542 2718 728 2764 sortes
772 2708 931 2778 quasi
991 2708 1106 2763 fore
1145 2709 1358 2764 illorum
1389 2711 1480 2779 qui
1509 2710 1669 2763 verba
1712 2709 1973 2764 facerent.
2008 2709 2120 2765 Sed

543 2801 654 2857 nisi
706 2803 890 2871 plures
920 2800 1154 2870 apostoli
1196 2803 1604 2872 suppetiissent
1651 2802 1831 2856 fontes
1863 2802 2117 2869 laudum,

546 2893 662 2948 tieri
697 2905 848 2948 certe
906 2901 1121 2964 poterat
1175 2905 1237 2947 ut
1288 2893 1379 2949 ille
1442 2895 1537 2963 qui
1593 2893 1829 2949 dicendo
1880 2893 2118 2947 multum

544 2986 797 3056 polleret,
831 2985 1015 3041 dicere
1067 2995 1124 3040 ut
1163 2985 1392 3056 gloriam
1426 2986 1743 3055 acquireret
1786 2985 2069 3040 videretur
2102 3001 2116 3051 ;

546 3095 696 3135 nunc
727 3093 856 3134 vero
918 3088 1028 3133 tam
1085 3093 1413 3134 numerosas
1468 3090 1522 3133 et
1575 3078 1713 3134 alias
1763 3095 1932 3149 super
1983 3079 2122 3133 alias

548 3173 742 3236 habes,
771 3181 830 3226 ut
853 3171 1156 3227 timendum
1185 3172 1278 3234 sit,
1319 3187 1386 3226 ne
1412 3171 1780 3242 quodcunque
1806 3173 1930 3241 quis
1950 3172 2116 3237 dicat,

2220 1969 2249 2019 ὁ
2263 1969 2480 2037 πότερον
2505 1971 2773 2041 πρότερον
2799 1971 3008 2026 τούτων
3029 1974 3274 2038 ἐπαινεῖν
3296 1977 3642 2031 ἀπολαόόντα
3663 1979 3792 2048 πρὸς

2221 2059 2499 2129 εὐφημίαν
2533 2061 2628 2115 νῦν
2661 2065 2973 2132 πρόκειται.
3005 2061 3175 2135 Οἶμαι
3202 2067 3301 2136 μὲν
3326 2066 3419 2121 οὖν
3448 2070 3497 2123 εί
3524 2068 3586 2138 δή
3616 2087 3669 2123 τι
3693 2072 3794 2141 χρὴ

2222 2153 2317 2206 καὶ
2361 2153 2421 2207 τὸ
2459 2155 2728 2225 ἡμέτερον
2782 2157 2964 2210 αὐτῶν
3004 2159 3184 2228 λέγειν
3241 2160 3369 2230 μηδ’
3416 2160 3483 2214 ἂν
3531 2161 3631 2215 ἕνα
3683 2165 3789 2215 τῶν

2225 2245 2454 2299 ἁπάντω
2474 2263 2502 2299 ν
2541 2243 2700 2315 εἶναι,
2732 2246 2791 2310 ὃς
2818 2249 3029 2318 Πέτρον
3067 2251 3162 2303 καὶ
3197 2252 3400 2314 Παῦλον
3431 2256 3787 2328 ἐπαινεθησο-

2228 2339 2418 2407 μένους
2450 2341 2694 2404 ἀκούσας
2738 2341 2811 2412 μὴ
2844 2342 2924 2414 τῷ
2964 2343 3212 2414 μεγίστῳ
3241 2345 3350 2399 τῶν
3374 2347 3790 2418 ἐγχειρημάτων

2225 2431 2416 2483 ἐαυτὸν
2464 2431 2856 2488 ἐπιδεδωκέναι
2914 2435 3006 2488 τὸν
3065 2435 3362 2507 ἐπαινέτην
3413 2440 3789 2508 ἀποφανεῖται,

2225 2521 2404 2575 καίτοι
2455 2523 2549 2576 καὶ
2584 2523 2830 2578 τοιοῦτον
2865 2526 2990 2596 ἐρεῖ
3026 2526 3104 2588 ὡς
3145 2528 3254 2599 ἄρα
3298 2531 3408 2583 τινὶ
3445 2532 3542 2601 τῆς
3582 2534 3790 2590 ἐαυτῶν

2226 2613 2449 2685 ἀγάπης
2480 2616 2816 2670 ἐνέπνευσαν
2864 2620 2962 2672 καὶ
2993 2619 3088 2672 νῦν
3127 2622 3175 2674 οἱ
3215 2623 3524 2687 ἀπόστολοι,
3554 2626 3632 2689 ὡς
3659 2629 3791 2698 ὅπερ

2224 2701 2294 2778 ἦν
2345 2707 2533 2770 αὐτοῖς
2590 2708 2890 2773 διαπαντὸς
2915 2701 2958 2764 ’ό
2997 2712 3331 2779 Διδάσκαλος
3358 2716 3792 2788 εὐφημούμενος,

2225 2797 2388 2852 τοῦτο
2423 2802 2518 2854 καὶ
2545 2799 2918 2864 τούτους-νυνὶ
2955 2803 3045 2857 διά
3079 2805 3139 2856 τὸ
3179 2806 3342 2860 αὐτὸν
3372 2808 3447 2879 τῷ
3489 2809 3602 2863 τῶν
3630 2812 3796 2880 λόγων

2229 2890 2518 2960 ἁπτομένῳ
2545 2892 2819 2960 γενέσθαι.
2865 2895 3008 2948 Ἀλλ’
3061 2898 3111 2949 εί
3145 2898 3244 2968 μὲν
3303 2899 3379 2971 μὴ
3439 2901 3698 2966 πλείστας
3745 2905 3792 2957 oi

2228 2983 2518 3036 ἀπόστολοι
2543 2988 2802 3055 παρεῖχον
2837 2987 3094 3056 ἀφορμάς
3123 2992 3418 3062 ἐγκωμίων
3449 2994 3575 3061 ἐνῆν
3600 2996 3796 3066 δήπου-

2230 3072 2320 3126 θεν
2353 3077 2444 3126 τὸν
2474 3076 2534 3126 ἐν
2578 3075 2757 3143 λόγοις
2790 3077 2959 3131 πολλά
3005 3079 3285 3148 δυνηθέντ’
3325 3080 3392 3135 ἂν
3437 3083 3614 3137 εἰπεῖν
3652 3087 3795 3138 εὐδο-

2229 3166 2416 3234 κ.μεῖν
2447 3165 2632 3229 δόξαι·
2679 3169 2799 3221 νυνὶ
2843 3167 2891 3220 δ’
2937 3167 3079 3221 οὕτω
3105 3170 3328 3234 πολλαῖς
3362 3174 3458 3226 καὶ
3497 3175 3686 3240 ἄλλαις
3714 3175 3793 3229 ἐπ’

547 3264 688 3320 nihil
725 3235 909 3318 tamen
937 3262 1146 3318 dixisse
1177 3235 1452 3328 videatur,
1489 3271 1585 3316 aut.
1643 3235 1776 3318 iliud
1817 3235 1962 3318 idem
1997 3235 2119 3332 pas;-

2226 3257 2412 3320 ἀλλαις
2460 3248 2810 3328 ἐντυγχάνειν
2861 3261 3040 3313 ἐστιν’
3075 3261 3217 3314 ὥστε
3271 3263 3389 3328 δέος
3433 3267 3536 3320 κᾶν
3583 3235 3795 3322 ότόνοῦν

546 3373 671 3413 sum
735 3355 930 3423 fuisse,
977 3358 1122 3427 quod
1163 3364 1219 3411 et
1259 3357 1402 3427 ignis
1458 3358 1714 3428 exiguus,
1756 3355 1876 3424 qui,
1936 3357 2110 3411 multo

547 3447 700 3516 ligno
739 3446 1021 3516 imposito,
1044 3446 1438 3516 exstinguitur.
1461 3445 1606 3517 Ergo
1637 3462 1742 3502 non
1776 3446 2122 3504 solummodo

547 3543 678 3610 quia
717 3539 885 3593 multa
929 3539 999 3593 de
1054 3539 1242 3594 multis
1291 3539 1476 3594 dicere
1521 3539 1825 3610 Oportebit,
1855 3554 2115 3610 magnum

548 3639 902 3700 comparatur
933 3637 1308 3694 certamen,-et
1342 3631 1602 3696 arduum,
1635 3631 1730 3686 sed
1758 3633 1886 3700 quia
1921 3645 2123 3702 magna

550 3737 868 3792 magnorum
903 3737 1103 3788 causa;
1147 3737 1324 3792 neque
1352 3722 1441 3776 ille
1470 3722 1562 3793 qui
1617 3723 1824 3791 multis,
1858 3737 1964 3778 non
1996 3737 2124 3777 vero

549 3815 764 3885 tuagnis
797 3813 886 3868 hic
918 3812 1100 3869 verbis
1131 3823 1382 3869 uteretur
1439 3830 1617 3885 neque
1655 3815 1740 3870 his
1795 3816 2121 3885 contrariis,
2168 3807 2170 3810 ’

547 3905 721 3960 videri
749 3911 935 3974 posset
971 3905 1332 3975 apostolicam
1393 3904 1736 3975 majestate-ni
1777 3922 1843 3961 ex
1900 3908 1968 3969 iis
2003 3925 2126 3979 quae

548 3996 685 4050 llunt
716 3995 771 4048 in
802 3994 980 4048 lucem
1028 3993 1290 4049 edidisse.
1347 3992 1498 4047 Multi
1554 4005 1703 4048 certe
1761 3995 1978 4050 illorum
2030 3997 2124 4066 qui

549 4085 768 4156 aliquos
797 4085 1022 4140 laudare
1050 4093 1227 4138 ratum
1269 4084 1604 4149 habuerunt,
1637 4085 1748 4139 sive
1779 4085 1985 4155 aliquid
2016 4088 2124 4144 illis

550 4177 650 4247 qui
710 4177 1008 4232 laudantur
1042 4175 1271 4246 dignum
1345 4175 1638 4243 habentes,
1699 4193 1808 4231 non
1859 4178 2125 4233 desinunt

547 4272 616 4324 de
647 4267 837 4322 eodem
872 4266 1034 4336 longa
1075 4280 1220 4334 saepe
1261 4274 1616 4329 connectere,
1647 4266 1765 4321 sive
1811 4268 1948 4321 nihil
2005 4269 2126 4323 lau-

550 4359 733 4414 dabile
765 4355 950 4412 vident
977 4373 994 4424 ;
1028 4365 1210 4410 tamen
1263 4367 1319 4410 et
1371 4356 1517 4424 quod
1563 4367 1761 4426 praeter
1809 4359 2122 4427 opinionem

550 4450 794 4511 dicatur,
850 4445 1081 4500 nihilum
1143 4445 1372 4500 laudare
1418 4460 1524 4499 non
1580 4446 1939 4511 erubescunt,
1979 4448 2121 4502 idem

2229 3351 2358 3421 είπῃ
2381 3367 2466 3414 τις
2499 3353 2664 3421 μηδὲν
2692 3353 2979 3424 εἰρηκέναι
3012 3353 3191 3410 δοκεῖν
3222 3356 3254 3426 ἢ
3290 3357 3508 3412 κάκεῖνο
3533 3362 3796 3427 παθεῖν,ὃ

2226 3443 2322 3494 καὶ
2349 3443 2458 3513 πῦρ
2491 3444 2695 3512 ὀλίγον,
2725 3445 2754 3497 ὃ
2782 3446 2982 3516 πολλῆς
3007 3445 3142 3518 ὕλης
3175 3449 3516 3520 ἐπιτεθείσης
3544 3453 3794 3524 ἐσϐέσθη.

2228 3533 2336 3585 Καὶ
2365 3533 2498 3603 γοῦν
2546 3535 2605 3586 οὐ
2665 3537 2825 3604 μόνον
2856 3537 2938 3589 ὅτι
2986 3537 3158 3590 πολλά
3195 3543 3321 3606 περὶ
3360 3539 3571 3592 πολλῶν
3615 3541 3794 3612 δεήσει

2227 3620 2427 3690 λέγειν,
2457 3624 2602 3692 μέγα
2631 3625 2952 3679 συνίσταται
2978 3626 3038 3678 τὸ
3065 3627 3375 3697 ἀγώνισμα,
3404 3634 3495 3682 καὶ
3518 3634 3618 3684 οὐκ
3642 3635 3797 3685 εὔπε-

2227 3713 2315 3775 τές
2371 3714 2589 3780 ἀνῦσαι,
2623 3717 2739 3770 ἀλλ’
2783 3719 2866 3772 ὅτι
2913 3718 3013 3771 καὶ·
3053 3719 3269 3789 μεγάλα
3311 3723 3563 3790 μεγάλων
3593 3726 3794 3791 ἕνεκεν,

2226 3805 2302 3868 ὡς
2336 3805 2462 3860 οὔτε
2490 3807 2583 3862 τὸν
2612 3809 2828 3873 πολλοῖς
2859 3811 2957 3881 μὲν
2981 3811 3057 3883 μὴ
3088 3813 3348 3882 μεγάλοις
3371 3814 3427 3866 δὲ
3457 3819 3795 3888 κεχρημένον

2226 3897 2479 3952 ἐνταυθοῖ
2527 3899 2707 3968 λόγοις
2741 3899 2864 3954 οὔτε
2918 3904 3184 3957 τάναντία
3221 3905 3426 3960 τούτων
3456 3908 3683 3965 δυνατὸν
3725 3908 3783 3963 δν

2225 3988 2325 4060 τὴν
2373 3993 2742 4061 ἁποστολικὴν
2792 3994 3169 4066 ἐνδειξάμενον
3225 3998 3291 4050 ἐκ
3329 3999 3440 4052 τῶν
3493 4004 3793 4072 γινομένων-

2226 4083 2382 4148 ἀξίαν
2425 4086 2684 4156 φανῆναι.
2722 4086 2912 4140 Πολλοί
2957 4105 3022 4156 γε
3077 4090 3186 4162 μὴν
3217 4090 3327 4144 τῶν
3349 4092 3592 4145 ἐπαινεῖν
3645 4099 3808 4156 τινας

2225 4175 2302 4238 ὡς
2327 4174 2395 4228 τά
2418 4175 2590 4230 πολλά
2628 4178 2985 4248 προθεμένων
3017 4180 3130 4233 εἴτε
3157 4197 3210 4233 τι
3233 4185 3342 4244 τοῖς
3367 4182 3793 4253 εὐφημουμένοις

2227 4265 2286 4320 ἓν
2320 4266 2452 4334 γοῦν
2487 4267 2640 4336 ἄξιον
2687 4269 2864 4323 εἰπεῖν
2915 4272 3009 4324 καὶ
3060 4271 3338 4340 θαυμάσαι
3375 4273 3672 4341 συνίσασιν,
3697 4275 3789 4327 οὐκ

2228 4360 2558 4429 ἀφίστανται
2592 4361 2848 4432 περὶτοῦ
2899 4362 3063 4417 αὑτοῦ
3098 4366 3291 4435 μακρά
3335 4365 3591 4430 πολλάκις
3626 4367 3791 4420 συνεί·

2230 4466 2435 4518 ροντες,
2465 4450 2574 4504 εἴτε
2614 4450 2783 4523 μηδὲν
2824 4452 2935 4506 τῶν
2963 4455 3267 4509 ἐπαινετῶν
3297 4457 3610 4527 βλέπουσιν,
3649 4459 3787 4527 ὅμως

553 4549 780 4607 prorsus
819 4533 1085 4588 facientes
1126 4545 1190 4585 ac
1238 4531 1284 4586 si
1344 4532 1490 4600 quis,
1541 4531 1675 4585 nihil
1729 4533 1939 4588 habens
1974 4538 2119 4605 quod

2231 4543 2279 4594 εί
2309 4543 2403 4595 καὶ
2430 4544 2737 4614 παράδοξον
2779 4545 2977 4612 είπεῖν,
3008 4548 3380 4618 ἐγκωμιάζειν
3413 4550 3472 4602 τὸ
3505 4552 3668 4620 μηδὲν
3694 4553 3786 4604 οὐκ

552 4626 827 4685 ostendat.
861 4625 1016 4681 diviti
1069 4632 1448 4694 paupertatem
1485 4624 1662 4694 ipsam
1721 4625 1772 4680 in
1807 4626 2123 4684 divitiarum

550 4717 1074 4776 demonstrationem
1126 4721 1291 4784 ponat
1336 4713 1388 4767 iu
1427 4713 1688 4780 medium,
1722 4724 1777 4770 et
1805 4716 2011 4786 aliquid
2047 4718 2128 4772 fa-

553 4827 680 4869 cere
737 4810 1061 4864 arbitretur.
1119 4804 1252 4860 Mihi
1296 4817 1476 4860 autem
1512 4815 1659 4862 tanta
1693 4825 1756 4862 ac
1815 4811 1945 4863 talia
1997 4821 2128 4866 sunt

555 4921 679 4978 qua:
712 4903 778 4959 de
820 4899 1090 4971 apostolis
1143 4898 1443 4964 celebrem,
1486 4909 1546 4954 ut
1580 4909 1633 4953 et
1665 4901 1935 4972 vertigine
1971 4903 2121 4957 laho-

552 5012 666 5054 rem
716 5010 841 5050 cum
896 5007 1084 5049 earum
1134 4991 1358 5045 landum
1408 4992 1813 5048 multitudinem
1870 4995 2123 5065 inSpicio.

553 5091 621 5146 Et
663 5089 733 5155 si,
781 5103 906 5144 cum
956 5099 1233 5156 praesumo
1286 5087 1547 5140 virtutem
1597 5102 1786 5140 eorum
1820 5089 2124 5154 celebrare,

552 5183 905 5255 perlustrem,
937 5175 1072 5232 illud
1105 5175 1354 5231 suflicere
1386 5188 1441 5229 ut
1471 5177 1766 5231 laudentur
1801 5194 1900 5247 pro
1938 5180 2128 5236 multis

550 5273 852 5337 videbitur,
884 5268 1108 5323 laudare
1140 5283 1479 5321 summorum
1534 5275 1713 5333 actus,
1763 5277 1818 5324 et
1876 5282 2128 5340 superest

553 5360 1195 5430 desiderimn,exiguus,
1232 5359 1419 5421 credo,
1463 5363 1644 5413 omnis
1697 5370 1993 5428 praetextas
2045 5364 2127 5417 vi-

554 5457 797 5518 debitur,
858 5469 963 5507 neu
1022 5450 1195 5503 venia:
1251 5448 1478 5518 dignum
1554 5451 1739 5504 statim
1793 5452 2122 5520 existimari,

555 5550 602 5605 si
643 5548 774 5618 quid
821 5560 927 5598 non
989 5545 1132 5611 quod
1181 5552 1433 5611 oporteat
1511 5555 1865 5609 consecutus,
1919 5547 2124 5602 audere

556 5639 732 5710 magis
753 5652 917 5706 quam
955 5648 1140 5686 amare
1179 5634 1364 5686 videar
1417 5631 1683 5702 Equidem
1720 5650 1806 5689 me
1846 5635 1963 5705 ipse
2003 5654 2128 5708 pro-

558 5730 808 5784 bibebam
841 5727 926 5780 his
963 5725 1026 5779 de
1049 5726 1235 5779 causis
1258 5727 1388 5793 quin
1438 5725 1698 5792 dieet'em,
1734 5737 1788 5782 et
1818 5729 1984 5784 silere
2016 5747 2126 5786 tne-

558 5820 666 5875 iius
722 5829 881 5874 erat:
917 5815 1010 5871 sed
1077 5816 1368 5872 videbatur
1417 5816 1680 5888 injustam
1739 5818 1784 5874 si
1823 5821 1947 5891 quis
1981 5824 2118 5879 nihil

2230 4631 2449 4687 ὀκνοῦσι
2480 4637 2867 4708 παραπλήσιόν
2897 4656 2951 4694 τι
2986 4641 3288 4708 ποιοῦντες,
3322 4640 3509 4712 ὥσπερ
3539 4641 3605 4696 ἂν
3631 4643 3682 4696 εῖ
3705 4656 3780 4703 τις

2228 4726 2456 4794 ἀπορῶν
2484 4717 2896 4784 ἐπιδείκνυσθαι
2919 4731 3139 4803 πλούτῳ
3169 4733 3341 4804 αὐτὴν
3369 4733 3468 4803 τὴν
3499 4734 3684 4786 πενίαν
3710 4733 3782 4793 εἰς

2228 4817 2492 4883 ἐπίδειξιν
2521 4820 2756 4874 πλούτου
2787 4823 2959 4887 τιθεὶς
2986 4829 3065 4888 εἰς
3101 4827 3289 4896 μέσον,
3318 4825 3484 4880 οίοιτό
3517 4843 3572 4880 τι
3598 4826 3772 4878 ποιεῖν.

2241 4905 2398 4976 Ἐμοὶ
2415 4908 2474 4961 δὲ
2500 4911 2692 4964 τοσάδε
2708 4912 2805 4965 καὶ
2825 4914 3006 4968 τοιάδε
3027 4917 3340 4970 ἀποστόλων
3367 4917 3771 4988 πάρεστινέπαι‹

2229 5001 2343 5051 νεῖν
2367 4997 2508 5053 ὥστε
2537 5002 2632 5054 καὶ
2667 5002 2906 5076 ίλιγγιᾷν
2949 5007 3223 5078 ἐνορῶντα
3270 5009 3346 5079 τῷ
3379 5010 3567 5080 πλήθει
3593 5004 3684 5058 κᾶν
3714 4999 3765 5052 ἐν

2229 5089 2292 5155 γέ
2325 5107 2376 5142 τι
2411 5090 2615 5144 τούτων
2644 5093 2934 5148 ἀπολαϐὼν
2966 5096 3039 5159 ὡς
3076 5098 3352 5169 ὑμνητέον
3392 5101 3507 5153 ἐστὶ
3540 5092 3771 5159 διεξέλθω

2230 5181 2374 5234 τοῦτ’
2405 5184 2595 5254 ἀρκεῖν
2627 5187 2708 5248 είς
2737 5187 3014 5258 εὐφημίαν
3059 5193 3180 5244 ἀντὶ
3223 5193 3435 5246 πολλῶν
3464 5191 3623 5256 δόξει,
3652 5187 3698 5240 εί
3721 5183 3782 5254 δὴ

2229 5273 2337 5325 τῶν
2367 5274 2626 5329 ἀνωτάτω
2654 5275 2716 5328 τὸ
2748 5261 2933 5347 ἔργον,
2984 5281 3074 5332 καὶ
3127 5281 3422 5349 πρόσεστιν
3450 5282 3479 5334 ὁ
3506 5279 3663 5340 πόθος
3702 5290 3788 5350 μει·
3851 5283 3860 5293 ’

2231 5364 2369 5433 κράν
2394 5365 2459 5419 ἂν
2503 5359 2659 5435 οἶμαι
2712 5355 2893 5425 πᾶσαν
2942 5375 3106 5424 παντὶ
3137 5374 3375 5441 φανῆναι
3407 5371 3673 5442 πρόφασιν
3715 5365 3787 5438 μὴ

2229 5457 2350 5526 οὐχὶ
2377 5460 2710 5530 συγγνώμης
2749 5459 2912 5526 εὐθὺς
2946 5462 3152 5529 ἀξιοῦν,
3185 5465 3238 5518 εί
3263 5483 3315 5518 τι
3348 5464 3426 5535 μὴ
3450 5463 3543 5516 τοῦ
3587 5460 3790 5520 δέοντος

2229 5549 2618 5622 ἐφικνούμενος
2652 5553 2858 5626 τολμᾷν
2885 5556 3142 5628 μᾶλλονῆ
3177 5557 3350 5625 φιλεῖν
3372 5557 3525 5621 δόξω.
3567 5554 3780 5620 Ἔγωγε

2233 5643 2341 5712 μὴν
2380 5644 2670 5714 ἀπήγαγον
2726 5647 2967 5716 ἐμαυτὸν
3011 5648 3101 5702 διὰ
3139 5649 3312 5704 ταῦτα
3361 5650 3455 5704 τοῦ
3491 5647 3646 5715 λόγου
3679 5641 3785 5696 κᾶν

2229 5734 2452 5806 εἱλόμην
2488 5738 2671 5808 σιγᾷν,
2718 5738 2894 5792 ἐδόκει
2924 5739 2981 5794 δὲ
3029 5742 3164 5806 τέως
3197 5744 3380 5796 ἄδικον
3407 5742 3458 5793 εἰ
3511 5756 3592 5802 τις
3625 5733 3791 5806 μηδὲν

2230 5827 2358 5883 ἄλλο
2391 5827 2533 5898 πλὴν
2562 5829 2755 5899 λόγους
2785 5829 2949 5914 ἔχων,
2979 5833 3170 5888 ἔπειτα
3197 5835 3381 5904 λέγειν
3412 5827 3796 5904 βουλομένουςι
