4076 6446
247 353 380 450 1021

1253 381 1654 441 ENCUMlUM
1700 379 1802 444 SS.
1852 379 2072 440 PETRI
2115 379 2206 439 ET
2251 381 2502 442 PAULI.

3361 375 3496 441 1022

243 480 370 556 τοῖις
422 490 518 546 τοῦ
554 490 715 559 λόγου
770 486 1014 560 μαθητάς
1051 505 1109 540 τε
1149 487 1242 540 καὶ
1301 487 1578 555 ὑπηρέτας
1643 502 1820 553 παρα-

1955 485 2036 539 tisi
2097 484 2262 537 verba
2321 484 2558 545 habens,
2618 497 2681 536 ac
2722 480 2908 538 dicere
2963 478 3173 547 volens,
3221 483 3497 537 sermonis

246 583 474 655 δραμὼν
529 583 660 637 ἄλλο
714 599 766 635 τι
803 581 910 651 πρὸ
945 581 1153 633 τούτων
1191 580 1452 632 ὑπόθεσιν
1481 577 1650 646 διδοίη
1701 579 1812 638 τοῖς

247 675 451 744 λόγοις.
480 674 594 744 Τὴν
651 673 752 742 μὲν
780 671 874 725 οὖν
905 670 1164 724 ὑπόθεσιν
1198 670 1342 723 οὕτω
1378 669 1619 740 μεγάλην
1672 666 1814 721 εἶναι

251 765 568 836 συμϐαίνει,
593 764 743 817 δοκεῖ
775 763 832 816 δέ
871 779 962 832 μοι
992 765 1104 825 τοῖς
1132 761 1457 823 ἀποστόλοις
1493 761 1816 830 εὐξάμενον,

247 858 346 910 καὶ
375 857 661 927 νομίζεται
707 855 818 924 γάρ
872 854 1045 916 οὕτως
1093 855 1188 908 ἐπὶ
1249 857 1362 910 τοῖς
1401 853 1664 923 μεγάλοις
1711 852 1820 904 τῶν

249 948 454 1018 ἔργων,
497 950 590 1000 ἐπὶ
618 947 686 1001 τά
725 947 916 1017 πρόσω
946 946 1040 1000 τοῦ
1097 947 1262 1014 λόγου
1291 949 1510 1018 χωρεῖν.
1545 946 1706 1016 Εἷητε
1757 944 1822 1014 δὴ

249 1042 366 1108 οὖν,
402 1038 447 1098 ὦ
484 1044 581 1098 τοῦ
629 1042 791 1111 λόγου
843 1043 1001 1109 σοφοὶ
1061 1042 1326 1111 μαθηταὶ.
1381 1044 1446 1111 τῇ
1489 1041 1624 1110 πρὸς
1667 1039 1823 1108 ὑμῶν

253 1133 514 1205 ἐπιπνοίᾳ
555 1133 943 1204 συναιρόμενοι
992 1134 1090 1185 καὶ
1132 1131 1582 1198 συνδιεξάγοντές
1615 1147 1706 1200 μοι
1733 1129 1825 1183 τὸν

252 1224 434 1295 λόγον,
468 1225 544 1288 ὼς
595 1224 664 1295 ἂν
714 1225 789 1295 μὴ
839 1225 1022 1287 κακῶς
1073 1222 1144 1277 τὰ
1195 1223 1376 1285 καλῶς
1412 1223 1542 1291 ὑμῖν
1577 1237 1830 1290 πεπραγ-

259 1317 400 1388 μένα
455 1316 676 1381 διέλθοι,
727 1317 830 1371 κάν
883 1333 989 1369 που
1047 1315 1330 1383 κάμνοντα
1388 1313 1624 1383 βλέπητε
1671 1315 1832 1383 χεῖρα

259 1409 606 1480 προτείνοιτε
680 1414 777 1461 καὶ
842 1405 1270 1478 ἐπιρρωννύοιτε
1323 1405 1517 1475 ῶσπερ
1573 1404 1833 1473 ἀλείπτης

257 1501 547 1570 κάμνοντα
579 1501 910 1565 παλαιστὴν.
949 1498 1093 1566 Ἤδη
1150 1497 1251 1568 μὲν
1286 1494 1390 1553 οὖν.
1423 1515 1506 1559 τις
1540 1497 1847 1570 ἐγκωμῖων.

254 1590 445 1661 νόμοις
499 1591 766 1658 ἑπόμενος
817 1589 910 1641 καὶ
943 1586 1206 1657 πατρίδος
1257 1585 1368 1640 τῶν
1401 1586 1838 1656 εὐφημουμένων

259 1680 573 1750 μεμνῆσθαι
601 1680 696 1733 καὶ
733 1677 1074 1747 γένουςοέγὼ
1104 1679 1150 1732 δ’
1185 1677 1285 1732 ούκ
1324 1677 1503 1744 ἀγνοῶ
1541 1675 1713 1746 μικρά
1751 1676 1838 1728 δο-

255 1768 462 1825 κοῦντα
485 1769 662 1824 ταῦτα
686 1771 798 1832 τοῖς
821 1768 1160 1834 ἀποστόλοις,
1190 1769 1236 1821 εί
1259 1767 1352 1820 καὶ
1369 1769 1433 1837 τῇ
1466 1765 1599 1835 πρὸς
1618 1765 1685 1817 τά
1714 1765 1842 1831 παρ’

1918 576 2225 646 discipulos
2252 583 2306 628 et
2355 589 2546 629 servos
2598 583 3055 642 prmtercurrens,
3107 571 3255 627 aliud
3285 570 3492 641 aliquid

1920 678 2049 724 ante
2105 683 2168 722 ea
2203 680 2520 721 sermonum
2563 665 2982 720 fundamentum
3033 673 3223 734 ponat.
3265 663 3337 717 At
3364 675 3500 717 vero

1922 772 2031 816 tam
2071 773 2332 830 magnum
2367 758 2754 827 suppeditatur
2787 757 3228 819 fundamentum,
3265 761 3323 809 et
3359 749 3497 807 mihi

1922 852 2140 906 videtur
2168 864 2293 904 cum
2327 849 2613 919 apostolos
2658 847 2986 918 deprecatus
3033 845 3259 909 fuerim,
3306 852 3363 898 et
3409 855 3500 898 as-

1925 950 2142 996 suetum
2187 939 2292 993 hoc
2325 945 2409 992 est
2443 937 2498 992 in
2525 935 2738 1006 magnis
2771 935 2960 1002 rebus,
2988 934 3044 989 in
3073 935 3336 990 ulteriora
3381 946 3501 988 ser-

1928 1032 2111 1086 monis
2146 1029 2468 1102 procedere.
2524 1027 2713 1083 Estote
2745 1041 2898 1097 ergo,
2931 1041 2964 1082 ο
2995 1025 3155 1082 Verbi
3187 1025 3495 1096 sapientes,

1927 1122 2183 1192 discipuli
2239 1129 2430 1176 vestro
2461 1117 2650 1173 afﬂatu
2695 1117 3033 1187 opitulanlrs
3063 1127 3118 1170 ct
3141 1122 3505 1186 provocantes

1930 1229 2052 1271 mea
2082 1213 2272 1278 verba,
2306 1226 2373 1266 ne
2405 1211 2546 1265 male
2570 1225 2693 1279 quae
2717 1210 2854 1264 bene
2879 1209 3131 1279 gessistis
3160 1207 3501 1277 perlustran-

1932 1317 2022 1364 tur
2041 1328 2055 1375 ;
2077 1317 2131 1364 et
2159 1309 2205 1363 si
2226 1320 2468 1377 unquam
2495 1319 2581 1359 me
2602 1303 2942 1358 laborantem
2967 1299 3221 1362 videatis,
3247 1297 3502 1352 dextram

1937 1397 2199 1468 porrigite
2231 1405 2285 1450 et
2315 1394 2660 1458 confirmato,
2695 1397 2756 1445 ut
2808 1399 3008 1446 unctor
3043 1388 3372 1441 luctatorem
3423 1383 3507 1437 la-

1937 1490 2248 1544 borantem.
2299 1484 2640 1556 Iampridem
2691 1481 2817 1553 quis
2867 1479 3245 1547 laudationum
3297 1472 3510 1544 legibus

1939 1595 2096 1644 usus,
2156 1579 2388 1649 patriam
2439 1577 2658 1632 illorum
2691 1589 2832 1645 quos
2892 1571 3178 1629 laudabat.
3238 1577 3512 1620 memora-

1937 1671 2033 1727 bat
2064 1678 2120 1726 et
2176 1684 2372 1740 genus.
2420 1666 2534 1740 Ego
2587 1681 2718 1722 vero
2767 1678 2876 1720 non
2931 1661 3128 1731 ignoro
3187 1670 3352 1728 parva
3406 1654 3513 1709 ista

1945 1764 2207 1834 apostolis
2240 1761 2437 1825 videri,
2471 1759 2728 1830 quamvis
2761 1762 3083 1824 comparata
3114 1765 3239 1806 cum
3277 1747 3346 1802 iis
3391 1758 3515 1816 quae

254 1859 572 1930 ἀνθρώποις
592 1860 822 1931 λαμπρά
846 1859 1171 1929 παραθέσει,
1194 1856 1457 1924 οὖμενουν
1482 1857 1590 1910 τῶν
1608 1855 1843 1909 εὐτελῶν

1955 1855 2088 1925 apud
2119 1854 2372 1910 homines
2402 1851 2687 1931 splendida
2711 1857 2869 1928 sunt._
2892 1846 3068 1916 igitur
3103 1841 3294 1897 vilium
3329 1850 3513 1893 rerum

255 1952 538 2022 φαίνεται·
563 1950 737 2005 ταῦτα
765 1950 875 2020 γὰρ
892 1951 990 2020 τῆς
1017 1949 1255 2006 ἀτάκτου
1286 1949 1381 2002 καὶ
1405 1946 1698 2016 ἀνωμάλου
1731 1945 1841 2000 τῶν

253 2043 321 2096 ἐν
347 2042 564 2109 γενέσει
595 2043 867 2112 κινήσεως
897 2039 1049 2110 δῶρα
1074 2054 1088 2069 ⁶
1118 2039 1168 2092 εί
1208 2037 1389 2092 καίτοι
1419 2036 1650 2106 λαμπρά
1690 2033 1844 2104 τύχοι

256 2131 541 2202 προσόντα
581 2125 662 2194 οἷς
709 2131 760 2184 εἰ
793 2131 892 2202 μέν
941 2147 1024 2193 τις
1064 2128 1311 2199 βούλοιτο
1359 2125 1597 2197 χρῆσθαι
1627 2120 1764 2178 εἷναί
1791 2141 1844 2177 τι.

257 2222 528 2277 δοκοῦντα
556 2214 658 2279 ὦδε
689 2221 900 2276 τούτων
931 2220 1222 2291 ὀλιγωρία,
1252 2220 1430 2290 μάτην
1452 2217 1846 2288 λαμπρότητας

259 2313 700 2382 ἐπαγγέλλεσθαι
731 2313 1040 2382 πεφυκότα,
1075 2311 1353 2366 καὶτοῦτο
1393 2311 1437 2363 δ’
1486 2307 1552 2363 αὖ
1589 2309 1753 2364 πάλιν
1799 2310 1847 2362 εί

267 2405 374 2473 μὲν
419 2405 770 2474 ἀναπληροῦν
824 2403 1072 2474 βούλοιτο
1107 2403 1204 2472 τὴν
1247 2402 1347 2472 τῆς
1383 2400 1588 2472 ἀρετῆς
1617 2401 1845 2467 ἔνδειαν,

261 2495 416 2549 εστιν
446 2497 504 2549 ἐν
536 2491 617 2560 οἷς
671 2497 780 2550 τῶν
815 2496 1247 2566 ἐπαινουμένων,
1290 2496 1518 2556 είκότως
1568 2495 1634 2548 ἂν
1668 2511 1851 2565 παρα-

262 2582 684 2656 λαμϐανόμενα,
729 2585 824 2650 οὓς
873 2587 930 2640 δὲ
972 2586 1042 2638 τὰ
1078 2585 1136 2652 ἐξ
1177 2585 1388 2638 ἑαυτῶν
1441 2583 1579 2655 μόνα
1622 2585 1852 2654 κοσμεῖν

261 2675 523 2742 δύναται,
571 2676 782 2740 τούτοις
835 2677 868 2746 ἡ
916 2676 1044 2747 περὶ
1090 2675 1263 2730 ταῦτα
1307 2675 1590 2745 φιλοτιμία
1624 2677 1852 2746 περιττὴ

263 2767 713 2841 προσληφθῆναι,
746 2769 936 2840 ὥσπερ
965 2767 1032 2824 ἂν
1077 2768 1232 2830 εἴτις
1272 2767 1392 2833 ἐξὲιν
1419 2766 1456 2822 θ,
1485 2767 1650 2822 πολλά
1675 2766 1855 2839 χρυςά

257 2859 542 2928 κέκτηται
579 2861 748 2930 σκεύη
776 2861 1221 2930 ἐπιδεικνύμενος
1253 2860 1449 2914 ἐαυτὸν
1479 2859 1650 2924 δεῖξαι
1684 2861 1852 2913 πλου-

1945 1924 2176 2000 videtur.
2195 1945 2306 2002 ista
2328 1945 2471 2000 enim
2501 1924 2772 1998 inconditi
2816 1924 3212 2006 inzequalisque
3261 1933 3316 1986 in
3346 1941 3512 1998 gene-

1945 2039 2159 2093 ratione
2203 2045 2384 2093 mutus
2428 2051 2657 2090 munera
2689 2030 2943 2103 quamvis
2999 2023 3285 2099 splendida
3342 2019 3509 2075 alicui

1949 2129 2088 2183 forte
2111 2127 2556 2197 conveniautqui
2588 2125 2668 2180 uti
2715 2125 2785 2180 iis
2819 2121 2951 2177 velit
2983 2134 3045 2174 ac
3069 2118 3123 2172 in
3164 2117 3347 2169 lucem
3384 2123 3518 2181 pro-

1949 2221 2130 2292 ferre;
2163 2229 2216 2274 et
2255 2233 2449 2274 rursus
2478 2217 2522 2272 si
2557 2214 2775 2270 virtutis
2815 2211 3077 2267 absentiae
3117 2203 3320 2261 mederi
3361 2200 3523 2269 velit,

1952 2313 2322 2376 laudationes,
2375 2318 2432 2364 ut
2473 2323 2568 2377 par
2600 2317 2708 2371 est,
2746 2310 2986 2374 acceptae
3023 2310 3078 2356 et
3116 2306 3285 2368 gratae
3318 2299 3517 2356 erunt;

1951 2420 2093 2477 quos
2126 2419 2251 2458 vero
2279 2418 2377 2458 sua
2397 2407 2611 2456 tantum
2631 2412 2830 2453 ornare
2850 2401 3104 2466 possunt,
3132 2391 3199 2445 iis
3233 2385 3299 2442 de
3332 2385 3418 2439 his
3437 2397 3523 2438 re-

1953 2499 2056 2555 bus
2073 2496 2299 2552 ambitio
2318 2495 2566 2557 inhaeret,
2589 2499 2649 2545 ut
2667 2491 2712 2546 si
2737 2485 2984 2558 quis,ubi
3009 2484 3135 2537 licet
3163 2478 3332 2534 multa
3353 2487 3523 2530 aurea

1953 2605 2104 2652 vasa,
2137 2602 2259 2659 qua:
2294 2585 2556 2655 possidet,
2585 2579 2878 2638 ostendere
2939 2586 2997 2631 ut
3037 2573 3285 2637 divitem,
3349 2574 3528 2622 testa-

1953 2696 2050 2737 cea
2093 2681 2148 2735 in
2188 2677 2422 2732 medium
2451 2674 2627 2744 ponit,
2667 2673 2794 2726 licet
2816 2677 2869 2726 et
2912 2665 3204 2724 illustrium
3232 2668 3524 2732 parentum

1955 2775 2027 2830 sit
2075 2773 2219 2826 ﬁlius
2262 2779 2316 2824 et
2362 2769 2533 2839 patria
2577 2763 2852 2821 communi
2886 2760 3174 2820 oriundus,
3223 2753 3319 2809 sed
3373 2764 3526 2839 pne-7

1954 2862 2104 2919 clare
2159 2860 2320 2916 factis
2363 2837 2566 2914 notus.
2619 2853 2888 2926 Equidem
2952 2849 3081 2904 nulli
3155 2846 3371 2900 illorum
3430 2837 3528 2909 qui

252 2954 354 3006 τοῦ
377 2970 475 3006 ντα
505 2954 599 3006 καὶ
625 2955 924 3025 ὀστράκινα
975 2951 1259 3023 προτιθείη
1306 2954 1386 3013 είς
1427 2953 1615 3022 μέσον,
1651 2953 1745 3004 καὶ
1776 2951 1842 3023 δὴ

1957 2970 2015 3010 se
2040 2955 2265 3010 istorum
2294 2965 2477 3007 rerum
2500 2959 2714 3004 actores
2734 2943 2978 3016 praebent
3004 2942 3058 2994 in
3083 2936 3232 2993 omni
3257 2944 3525 3003 tempore,
3614 2996 3620 3001 .

258 3046 372 3099 xui.
404 3043 577 3107 άλλως
605 3048 923 3115 περιφανῶν
971 3045 1070 3115 μὲν
1121 3042 1404 3114 προγόνων
1454 3044 1552 3097 καὶ
1595 3043 1854 3114 πατρίδος

1958 3046 2237 3109 adh-aereo,
2275 3043 2370 3098 sed
2421 3040 2793 3112 apostolorum
2827 3048 3012 3089 mores
3053 3038 3255 3086 sector.
3303 3025 3361 3081 Si
3391 3035 3527 3079 vero

261 3135 474 3204 ὁμοίας
527 3135 746 3198 πολλοῖς
798 3135 893 3189 καὶ
942 3135 1053 3188 τῶν
1102 3134 1324 3206 φαύλων
1377 3131 1587 3204 ὑπῆρξε
1630 3134 1850 3203 τυχεῖν·

1959 3135 2074 3192 haec
2109 3133 2469 3206 negligentius
2485 3132 2645 3187 alicui
2675 3135 2794 3184 acta
2819 3127 3085 3188 videntur,
3104 3119 3309 3181 audiet,
3327 3129 3526 3186 quam-

267 3227 460 3297 ἔργων
489 3227 544 3280 δέ
571 3228 750 3283 καλῶν
783 3229 880 3282 καὶ
907 3227 1189 3295 γενναίων.
1213 3223 1491 3296 Οῠμενουν
1529 3223 1707 3278 οὐδενὶ
1748 3223 1854 3276 τῶν

1966 3231 2045 3285 vis
2097 3237 2153 3284 et
2207 3227 2323 3297 ipse
2363 3223 2682 3296 providerit,
2713 3219 2979 3276 ambobus
3015 3216 3156 3271 idem
3190 3211 3336 3282 quod
3356 3208 3531 3264 Abra-

279 3317 366 3387 νὴ
393 3316 600 3372 τούτων
623 3319 960 3390 αὐτουργοὺς
983 3318 1211 3378 ἑαυτοὺς
1231 3315 1665 3387 παρασχομένων
1694 3314 1854 3390 μέχρι

1965 3319 2091 3374 bam
2142 3319 2467 3386 imputatum
2517 3321 2622 3381 est,
2689 3309 2835 3383 quod
2889 3308 3106 3379 quidem
3171 3318 3277 3358 non
3346 3313 3528 3354 coram

277 3407 508 3474 παντὸς,
537 3409 651 3462 ἀλλ’
680 3409 822 3463 οὕτω
850 3411 947 3478 μὲν
971 3410 1082 3477 ἐγὼ
1110 3410 1333 3478 τίθεμαι
1363 3408 1494 3478 περὶ
1527 3407 1739 3460 τούτων
1761 3385 1854 3459 καὶ

1969 3409 2176 3478 ignaris
2198 3385 2570 3478 perlustrabo.

273 3502 433 3556 xui-'5‘
456 3502 580 3554 νοῦν
611 3498 766 3570 οἶμαι
793 3505 907 3566 τοῖς
939 3503 1288 3566 ἀποττὸλοιςο
1313 3502 1376 3556 Εἰ
1400 3503 1456 3555 δέ
1493 3517 1572 3571 τῳ
1604 3501 1698 3552 καὶ
1730 3499 1904 3554 ταῦτα
1947 3501 2021 3572 μὴ
2059 3501 2412 3573 παροφθῆναι
2448 3500 2618 3564 δοκεῖ,
2654 3495 2979 3558 ακούσεται,
3021 3491 3201 3545 καίτοι
3237 3489 3332 3543 καὶ
3364 3486 3529 3549 αύτδδς

275 3595 554 3662 προειδὼς
598 3599 877 3666 γενόμενος
907 3597 1004 3666 μὲν
1057 3599 1260 3668 ἀμφοῖν
1289 3594 1480 3650 ταυτὸν
1514 3593 1542 3646 ὁ
1587 3591 1678 3647 τὸν
1730 3592 1984 3664 Ἀδραάμ
2045 3595 2412 3667 ἐπιγράφεται
2461 3590 2748 3662 πρόγονον,
2786 3588 2812 3640 ὃ
2857 3586 2954 3640 καὶ
3005 3583 3178 3638 ταῦτα
3240 3583 3285 3636 δ’
3323 3582 3420 3650 οὐχ
3461 3579 3538 3642 ῶς

271 3687 538 3756 «invenis;
563 3688 812 3760 διέξειμι.

355 3879 455 3940 Ei;
511 3878 796 3946 Αἴγυπτον
852 3877 984 3939 Θεὸς
1053 3874 1312 3939 ἐπιδόξως
1371 3871 1472 3944 μὲν
1524 3871 1854 3940 κατήγαγεν,

2028 3871 2090 3926 In
2116 3870 2408 3940 {Egyptum
2436 3866 2581 3921 Dens
2610 3863 2900 3933 insigniter
2929 3858 3216 3923 conduxit,
3246 3857 3377 3910 item
3405 3870 3538 3909 vero

278 3967 666 4037 ἐπιδοξότερον
695 3967 751 4020 δὲ
780 3968 878 4020 καὶ
903 3967 1202 4035 ἀνήγαγεν,
1238 3957 1282 4031 ᾧ
1316 3962 1416 4033 τὴν
1467 3951 1748 4029 Αἴγυπτον
1773 3975 1854 4012 το-

1961 3960 2153 4017 eduxit
2176 3977 2270 4029 per
2286 3973 2445 4028 quem
2463 3956 2756 4024 Egyptqu
2783 3952 2945 4006 toties
2966 3947 3298 4010 verberavit,
3319 3946 3537 4015 quoties

282 4063 455 4124 σάκις
499 4035 812 4130 ἐμάστιξεν,
850 4058 1044 4120 ὁσάκις
1108 4059 1202 4110 καὶ
1254 4052 1453 4124 μικροῦ
1492 4051 1694 4113 τελέως
1735 4049 1854 4103 ἐπέ·

1963 4051 2332 4121 transgressio
2361 4056 2445 4103 est
2488 4045 2656 4110 farta,
2712 4051 2768 4099 et
2798 4041 3018 4095 demum
3057 4039 3324 4092 rationem
3379 4035 3534 4091 dedit

186 4145 194 4150 ’
279 4153 454 4227 τριψε
477 4124 570 4206 καὶ
604 4151 795 4221 τελείῳ
843 4151 1086 4219 παρέσχε
1117 4145 1431 4214 λογίζεσθαι
1460 4144 1558 4207 τὰς
1594 4143 1854 4213 μάστιγας

1972 4156 2079 4213 qua
2114 4140 2341 4196 verbera
2370 4147 2836 4198 numerarentur;
2888 4145 2996 4200 quo
3032 4142 3183 4182 mare
3219 4124 3434 4199 dividit
3488 4134 3545 4181 et

289 4219 538 4318 ἀριθμῷ,
563 4236 608 4313 ᾧ
641 4219 917 4298 θάλασσαν
945 4241 1107 4294 διεῖλε
1143 4241 1239 4293 καὶ
1273 4236 1484 4308 τροφὴν
1513 4236 1720 4290 ἄνωθεν
1752 4234 1854 4298 ὗσε,

1971 4236 2154 4291 cibum
2191 4232 2431 4301 desuper
2493 4226 2650 4297 pluit.
2706 4232 2760 4280 ct
2813 4222 3063 4277 victoriis
3115 4219 3442 4291 populorum
3489 4225 3548 4271 ct.

287 4309 396 4399 καὶ
431 4309 626 4398 *νίκαίς
662 4333 832 4388 ἐθνῶν
877 4333 972 4386 καὶ
1016 4331 1284 4402 βασιλέων
1318 4330 1549 4398 ἀνέδησε
1601 4329 1696 4382 καὶ
1720 4327 1854 4398 ἦλιοτ

1972 4341 2164 4395 regum
2195 4322 2446 4393 religavit
2478 4320 2785 4380 vinculum,
2818 4325 2873 4372 et
2903 4314 3070 4369 solem
3103 4313 3267 4378 stitit,
3293 4319 3348 4366 et
3377 4309 3545 4364 urbes

287 4429 519 4495 ἔστησε,
547 4426 640 4479 καὶ
663 4425 844 4485 πόλεις
872 4422 944 4486 ὠς
979 4401 1079 4475 ούκ
1105 4423 1170 4477 ἄν
1199 4439 1281 4484 τις
1309 4419 1484 4492 ᾠήθη,
1515 4417 1760 4482 καθεῖλε,
1782 4433 1854 4470 κα

1975 4419 2298 4474 innumeras
2353 4414 2572 4479 evertit,
2603 4421 2658 4468 et
2711 4419 2914 4465 terram
2969 4422 3065 4477 per
3122 4412 3301 4460 sortes
3351 4401 3547 4457 dividit

291 4519 920 4591 γῆνκατεκληρούχησε
968 4522 1065 4590 τῆς
1097 4517 1430 4586 ἐπαγγελίας
1453 4514 1550 4569 καὶ
1577 4510 1854 4585 προφητῶ·

1955 4508 2389 4583 promissionis,
2425 4513 2478 4560 et
2505 4505 2894 4576 prophetarum
2944 4499 3255 4552 divinorum
3313 4494 3545 4550 chorum

289 4583 464 4665 θείων
488 4583 882 4682 ἀνῆκεῗχορόνο
915 4595 975 4664 τό
1007 4583 1267 4680 μέγιστον
1302 4609 1425 4662 ὅθεν
1453 4608 1509 4660 ἐν
1537 4583 1672 4676 ἡμῖν
1708 4583 1854 4658 ain-cu

1988 4601 2176 4667 misit;
2229 4605 2287 4654 at
2337 4597 2392 4652 in
2443 4595 2642 4667 primis
2687 4589 3216 4648 eadem'nobiscum
3243 4583 3549 4639 secundum

291 4709 398 4762 ἐπὶ
429 4704 574 4757 τέλει
601 4705 668 4774 τῇ
696 4702 819 4757 καθ’
839 4704 990 4772 ἡμᾶς
1019 4702 1180 4772 φύσει
1210 4699 1672 4770 πολιτευσάμενος
1693 4695 1876 4766 ὤφθη,

293 4797 596 4855 ἀκούσεται
656 4798 752 4850 καὶ
807 4795 1074 4863 πατρίδας
1121 4792 1199 4863 τῷ
1259 4793 1378 4862 μὲν,
1427 4791 1527 4861 τὴν
1585 4787 1879 4846 Γαλιλαίας

294 4888 609 4957 Βηθσαιδὰ,
672 4886 866 4956 Παύλῳ
926 4885 983 4938 δὲ
1037 4885 1136 4956 τὴν
1202 4883 1451 4945 Κιλικίας
1511 4880 1756 4952 Ταρσόν·
1805 4871 1882 4932 ὧν

295 4981 578 5049 ἑκατέρας
636 4979 876 5049 ἐκατέρα
940 4977 1146 5047 μᾶλλον
1203 4975 1531 5047 περιφανὴς,
1562 4975 1596 5045 ἡ
1659 4973 1756 5042 μὲν
1805 4970 1884 5040 τῷ

293 5071 544 5142 Χριστὸν
603 5071 660 5124 ἐν
727 5070 864 5139 αὐτῇ
912 5069 1171 5130 πολλάκις
1219 5067 1556 5137 ἐπιδημῆσαι
1602 5067 1697 5118 καὶ
1749 5063 1885 5116 θαυ-

299 5162 502 5236 μάτων
556 5160 849 5226 ἐπιδείξεσι
901 5160 1231 5231 χρήσασθαι,
1287 5157 1416 5228 ἡδὲ
1475 5156 1555 5225 τῷ
1605 5154 1886 5226 προκαθῆ-

297 5253 444 5309 σθαι
477 5249 572 5303 τοῦ
630 5251 866 5321 θέματος
919 5253 1014 5305 καὶ
1064 5250 1142 5319 τῷ
1187 5249 1481 5318 θαυμασίῳ
1529 5247 1638 5300 τῶν
1691 5245 1888 5316 τειχῶν

297 5343 587 5414 περιϐόλῳ
613 5345 707 5398 καὶ
743 5343 822 5414 τῷ
854 5345 1039 5400 διειδεῖ
1075 5345 1270 5416 Κύδνῳ
1303 5345 1364 5397 ὃν
1397 5345 1590 5405 ὁσάκις
1629 5341 1696 5396 ἂν
1728 5342 1890 5405 αὐτὸς

297 5435 544 5502 ἐπαινῶ,
573 5435 802 5502 τοσάκις
851 5438 1250 5493 ἀπολείπεσθαι
1281 5439 1380 5507 τῆς
1424 5436 1680 5506 ἀληθείας
1727 5433 1889 5488 δοκῶ.

296 5529 426 5586 Καὶ
476 5529 586 5600 γὰρ
638 5529 749 5584 οὐδ’
783 5529 1004 5597 ἐξέσται
1055 5531 1310 5587 τοσοῦτον
1358 5533 1535 5584 εἰπεῖν
1585 5530 1670 5582 ἐπ’
1719 5527 1890 5597 αὐτῷ,

297 5623 438 5677 ὅσον
477 5620 827 5693 Ἀλέξανδρον
879 5622 1220 5694 ἐργάσασθαι
1254 5620 1481 5691 φέρουσι
1521 5620 1713 5691 βίϐλοι.
1753 5619 1819 5674 Τί
1848 5619 1894 5672 δ’

303 5714 383 5768 ἂν
434 5713 530 5765 καὶ
571 5713 760 5783 μεῖζον
809 5715 888 5786 τῷ
941 5717 1144 5788 ῥείθρῳ
1197 5715 1491 5785 κεχάριστο
1544 5710 1896 5784 ἢτηλικοῦδε

307 5803 587 5878 βασιλέως
623 5807 848 5878 λουτρὸν
881 5808 1107 5874 θέσθαις
1147 5809 1212 5861 Ἀ
1245 5807 1344 5872 μὲν
1376 5806 1439 5869 δὴ
1470 5805 1663 5868 γένους
1703 5822 1760 5859 τε
1804 5806 1897 5858 καὶ

1981 4703 2239 4751 naturam
2289 4699 2535 4746 nostram
2560 4683 3008 4740 'conversatione
3039 4695 3173 4734 usus
3208 4688 3313 4732 εει.
3353 4673 3556 4729 Audiet

1983 4781 2193 4854 patrias
2242 4796 2257 4832 :
2313 4778 2393 4833 illi
2449 4777 2668 4847 quidem
2727 4770 3024 4828 Bethsaida
3070 4768 3327 4832 Galilaeae,
3384 4763 3556 4819 Paulo

1982 4883 2178 4932 contra
2198 4873 2254 4929 in
2281 4870 2472 4927 Cilicia
2497 4869 2763 4932 Tarsum;
2785 4878 3020 4936 quarum
3051 4876 3160 4916 una
3184 4862 3356 4914 altera
3381 4858 3554 4926 magis

1983 4969 2336 5038 conspicua:
2389 4964 2540 5036 prior
2567 4961 2698 5032 quia
2750 4959 3008 5015 Christus
3045 4955 3100 5010 in
3155 4954 3306 5009 illam
3355 4949 3556 5018 saepius

1985 5059 2209 5115 divertit
2249 5066 2306 5114 et
2335 5057 2602 5111 miracula
2629 5051 2801 5108 edidit
2828 5067 2843 5116 ;
2869 5049 3065 5116 altera,
3095 5045 3223 5118 quia
3252 5051 3417 5114 caput
3443 5049 3562 5094 erat

1988 5150 2310 5224 previucize,
2343 5158 2398 5204 et
2431 5147 2572 5202 miro
2599 5145 2924 5201 mmniorum
2950 5140 3158 5196 ambitu
3190 5135 3560 5208 praecellebat,

1989 5255 2045 5302 et
2091 5244 2244 5300 claro
2303 5251 2359 5297 et
2413 5239 2662 5310 inclyto,
2719 5250 2885 5305 quam
2941 5231 3381 5303 quotiescunque
3445 5226 3564 5295 ipse

1967 5337 2176 5402 .laudo,
2197 5336 2360 5391 toties
2390 5333 2671 5390 veritatem
2694 5343 2804 5384 non
2827 5334 3120 5381 assecutus
3145 5322 3315 5376 fuisse
3346 5317 3560 5373 videor.

1992 5428 2110 5485 Non
2147 5428 2294 5485 enim
2355 5434 2568 5482 tantum
2599 5421 2786 5477 dicere
2843 5419 2911 5473 de
2945 5428 3012 5471 eo
3049 5411 3239 5468 licebit
3299 5417 3562 5479 quantum

1993 5518 2365 5576 Alexandrum
2401 5515 2601 5570 fecisse
2650 5510 2832 5564 ferunt
2878 5505 3026 5561 libri.
3077 5501 3221 5570 Quid
3282 5513 3415 5555 vero
3461 5495 3568 5552 ﬂu-

1995 5612 2129 5668 mini
2180 5608 2444 5679 majorem
2496 5607 2758 5661 honorem
2815 5598 3064 5655 confcrat
3101 5609 3266 5666 quam
3315 5591 3458 5661 quod
3513 5590 3568 5642 in

1997 5704 2138 5760 tanti
2193 5693 2338 5772 regis
2385 5699 2640 5755 balneum
2693 5693 2999 5750 alhibitum
3056 5686 3209 5744 fuit?
3253 5685 3386 5752 Qua:
3437 5695 3570 5736 vero

2000 5797 2230 5856 dicenda
2277 5794 2345 5851 de
2387 5807 2588 5856 genere
2638 5797 2692 5846 et
2734 5785 2909 5846 natiia
2971 5781 3185 5841 habeo.
3224 5792 3286 5834 ea
3322 5783 3376 5831 et
3413 5774 3569 5833 nlura
