4076 6446
539 322 683 435 1023

1800 358 2095 421 MAXIMI
2136 356 2517 420 PLANUDB

3698 356 3828 423 ιοξι

537 476 689 531 dicta
740 472 983 530 fuissent
1019 471 1128 528 nisi
1164 471 1382 528 viderer
1426 471 1562 527 viris
1615 470 1709 541 qui
1767 469 1926 541 plura
1963 469 2131 524 etiam

2250 472 2506 540 πατρίδος
2552 472 2732 526 εἰπεῖν
2781 469 2915 543 ἔχω,
2965 469 3165 539 ταῦτα,
3213 469 3311 526 καὶ
3349 469 3524 526 πλείω
3551 469 3604 541 γ’
3639 470 3709 526 ἂν
3736 475 3829 543 ρη-

538 569 728 624 dieere
793 576 1043 640 possent,
1101 566 1377 621 mmulari.
1433 564 1533 621 Cui
1588 565 1737 619 enim
1789 577 1997 617 sensus
2047 560 2135 617 sui

539 659 720 729 ipsius
766 670 886 723 est,
936 675 1060 729 qua!
1100 658 1360 714 omnibus
1413 658 1635 728 cognita
1687 665 1820 712 sunt
1891 671 2002 709 non
2045 671 2136 710 re-

494 802 498 807 .
537 759 709 818 petet,
735 751 903 805 stulte
930 765 1248 806 sermonem
1288 750 1345 804 in
1400 749 1562 803 aliam
1597 759 1810 820 partem
1843 746 2133 810 derivatis,

506 904 511 913 η
540 843 683 899 sicut
715 859 819 899 nos
854 858 1031 914 aquas
1066 844 1176 898 alio
1209 858 1308 912 per
1355 841 1585 896 canales
1634 840 1921 895 ducimus.
1962 838 2139 909 Igitur

508 922 512 932 ’
540 952 723 1006 neque
757 936 850 991 illa
889 936 1117 992 silentio
1154 934 1474 1006 transgredi
1500 934 1657 989 decet
1694 933 1800 988 nisi
1832 932 1984 1002 prius
2018 946 2138 985 mes

541 1040 755 1085 morata
792 1031 909 1086 sint
939 1046 1066 1103 quae
1102 1029 1368 1084 momenti
1399 1026 1638 1097 alicujus
1669 1041 1793 1082 esse
1825 1026 2135 1081 videantur.

537 1124 718 1196 Magis
765 1125 915 1181 enim
964 1125 1119 1179 illinc
1161 1124 1547 1193 apostolorum
1605 1135 1819 1176 summa
1862 1118 2138 1173 industria

538 1220 690 1274 clara
731 1220 886 1274 fuit:
926 1219 1138 1289 quibus
1178 1230 1330 1270 inaru
1378 1225 1434 1270 et
1484 1215 1622 1269 retia
1680 1228 1830 1268 cura;
1888 1213 2133 1267 fuerunt.

538 1312 748 1368 Paulus
784 1327 917 1366 vero
970 1311 1465 1366 tabernaculorum
1516 1308 1806 1364 confector
1855 1315 1997 1362 erat.
2038 1307 2140 1359 Ar-

539 1415 739 1475 tesque
768 1404 879 1461 illis
901 1403 1154 1459 innocua:
1186 1406 1355 1459 vitam
1387 1402 1802 1472 componebant
1824 1412 1879 1457 et
1908 1401 2141 1456 minime

538 1496 757 1560 otiosae,
787 1505 859 1561 et,
898 1504 957 1550 ut
983 1495 1055 1549 ita
1095 1495 1306 1560 dicam,
1337 1494 1466 1550 mali
1507 1494 1715 1549 nullius
1745 1493 2137 1563 iustigatores,

542 1590 847 1657 prudenter
898 1598 953 1644 et
1026 1588 1313 1643 moderate
1390 1587 1671 1642 vivebant.
1728 1585 1887 1653 Quod
1950 1586 2141 1642 evenit

542 1683 844 1753 apostolis;
877 1682 923 1738 si
960 1682 1091 1753 quis
1122 1683 1191 1736 de
1226 1680 1386 1751 plebe
1417 1694 1679 1752 magnum
1709 1680 1920 1749 aliquid
1954 1678 2142 1735 dicere

542 1775 708 1829 habet
756 1774 822 1830 de
860 1773 992 1840 illis,
1044 1774 1351 1844 majoribus
1404 1774 1814 1828 demonstrabit
1870 1773 2142 1844 exemplis

2242 566 2423 633 οέντα,
2455 566 2504 619 εί
2544 564 2619 638 μὴ
2671 560 2854 636 μάτην
2887 567 3113 621 ἐδόκουν
3144 565 3284 637 πρὸς
3313 563 3397 619 ἔτι
3431 561 3603 619 πλείω
3648 564 3829 633 λέγειν

2240 659 2455 723 εἰδότας
2482 657 2912 727 φιλοτιμεῖσθαι.
2939 654 3014 731 ’ᾨ
3042 659 3152 727 γὰρ
3189 657 3450 727 αἴσθησις
3474 656 3669 711 ἐαυτοῦ
3689 656 3831 722 γίνε-

2239 770 2353 819 ται,
2379 754 2449 808 τὰ
2470 755 2607 808 πᾶσι
2627 754 2761 825 δῆλα
2788 753 3047 822 λέγοντος
3076 752 3321 823 ἐνοχλεῖν
3351 752 3456 805 οὐκ
3481 749 3716 805 ἀσύνετα
3760 749 3827 803 ἃν

2240 846 2393 917 δρῴη
2429 848 2806 919 μετοχετεύων
2837 847 2932 901 τὸν
2964 846 3126 917 λόγον
3153 845 3347 915 ὥσπερ
3375 842 3487 898 τῶν
3517 842 3723 897 ὑδάτων
3744 835 3825 905 οἷς

2241 941 2439 1012 ἐτέραν
2457 941 2678 1012 δίδομεν
2693 940 2790 996 νῦν
2813 940 2914 1012 τὴν
2933 940 3073 994 ὁδόν.
3090 938 3323 1005 Οὐκοῦν,
3340 939 3462 993 ούδέ
3480 937 3589 1010 γάρ
3606 937 3828 990 κάκεῖνα

2246 1036 2323 1106 μὴ
2382 1035 2852 1107 μνημονεύσαντα
2905 1035 2989 1089 δεῖ
3043 1034 3360 1108 παρελθεῖν,
3422 1035 3518 1087 καὶ
3570 1034 3620 1086 εί
3685 1031 3830 1084 δοκεῖ

2240 1130 2353 1182 τῶν
2386 1130 2741 1200 φαυλοτέρων
2766 1128 3135 1201 παραϐαλεῖν.
3168 1128 3391 1182 Μᾶλλον
3429 1128 3537 1196 γὰρ
3582 1125 3827 1180 ἐντεῦθεν

2239 1221 2340 1291 τῆς
2379 1221 2493 1276 τῶν
2543 1223 2863 1277 ἀποστόλων
2912 1223 3119 1292 ἀρετῆς
3160 1224 3397 1287 φανερὸν
3445 1222 3505 1274 τὸ
3543 1219 3826 1290 ὑπέρμεγα

2245 1312 2326 1382 τῷ
2370 1314 2473 1384 μὲν
2497 1314 2779 1386 θαλάσσης
2810 1316 2906 1368 καὶ
2940 1314 3183 1368 δικτύων
3215 1314 3477 1384 ἐμέλησε,
3529 1311 3732 1377 Παῦλος
3773 1313 3828 1366 δέ

2250 1402 2580 1474 σκηνοποιὸς
2601 1404 2663 1457 τὸ
2685 1403 3036 1476 ἐπιτήδευμα
3063 1399 3156 1475 ἦν,
3188 1406 3378 1475 τέχναι
3422 1421 3483 1456 τε
3509 1403 3716 1467 τούτοις
3740 1406 3828 1457 τὸν

2245 1494 2363 1566 βίον
2405 1496 2778 1568 συνεκρότουν
2810 1498 2951 1568 μήτε
2986 1501 3130 1565 πρὸς
3174 1497 3396 1552 ἀδικίαν
3454 1496 3682 1567 ὁρῶσαι,
3733 1497 3829 1550 καί⁵

2244 1590 2445 1659 ἀργίας
2483 1589 2941 1660 ἀπηλλαγμέναι,
2968 1591 3086 1655 καὶ,
3119 1588 3198 1654 ὡς
3226 1588 3360 1655 ἔπος
3406 1593 3607 1655 εἰπεῖν,
3660 1589 3828 1643 κακοῦ

2248 1681 2348 1751 μὲν
2378 1682 2595 1745 οὐδενὸς
2621 1682 2683 1736 τό
2706 1699 2772 1752 γε
2807 1682 2898 1737 ἐπ’
2932 1683 3130 1744 αὐταῖς
3169 1677 3313 1737 εἶναι
3364 1683 3696 1748 διδάσκαλοι,
3731 1700 3832 1735 σω-

2245 1777 2495 1848 φροσύνῃ
2523 1776 2579 1830 δὲ
2611 1776 2857 1841 συζῶσαι
2889 1776 2986 1830 καὶ
3028 1776 3376 1847 μετριότητι,
3422 1776 3719 1830 κάντεῦθεν
3767 1777 3830 1847 δὴ

540 1866 746 1922 nedum
799 1866 1015 1920 minora
1043 1865 1262 1935 probet.
1303 1864 1360 1919 Si
1398 1876 1582 1919 autem
1642 1864 1743 1920 viri
1785 1864 1955 1935 aliqui
2013 1879 2142 1934 pru-

2250 1869 2541 1939 συμϐαίνει
2569 1870 2684 1932 τοῖς
2710 1868 3059 1932 ἀποστόλοις,
3083 1870 3133 1921 εί
3167 1869 3268 1938 μέν
3297 1886 3383 1932 τις
3405 1868 3547 1937 μέγα
3579 1885 3630 1921 τι
3656 1869 3832 1937 λέγειν

539 1959 738 2015 dentes
785 1959 1161 2014 meminerunt
1201 1968 1470 2028 quantum
1528 1958 1725 2013 mutati
1777 1958 1910 2024 sint,
1961 1974 2139 2029 quatt-

539 2064 771 2121 tumque
797 2069 827 2108 a
861 2052 1214 2107 multitudine
1238 2053 1447 2108 distent
1480 2054 1665 2123 quoad
1719 2051 1952 2123 gloriam
1979 2060 2035 2106 et
2069 2052 2138 2105 ab

539 2146 612 2201 iis
659 2159 802 2215 quos
864 2159 999 2216 opes
1053 2154 1101 2200 et
1156 2146 1407 2216 potentia
1464 2144 1774 2215 impediunt
1825 2142 2133 2215 quominus

536 2242 644 2294 viae
672 2255 797 2311 qua:
833 2239 888 2294 in
922 2238 1125 2294 caelum
1159 2237 1318 2293 ducit
1349 2237 1630 2292 insistant.

2249 1964 2316 2014 ἐκ
2350 1961 2464 2014 τῶν
2492 1961 2742 2016 κάτωθεν
2767 1961 3015 2030 ἡκόντων
3042 1962 3158 2031 ἔχει
3192 1961 3323 2031 περὶ
3367 1961 3551 2016 αὐτῶν
3595 1961 3834 2030 μείζοσιν

2248 2053 2678 2111 ἀποδείκνυσθαι
2712 2055 2792 2123 τῷ
2843 2054 2914 2107 sit
2957 2053 3174 2125 μεγάλα
3230 2052 3307 2124 μὴ
3354 2053 3731 2124 καταισχῦναι.
3777 2055 3837 2107 Εἰ

2248 2145 2308 2199 δέ
2354 2163 2409 2198 τι
2478 2145 2591 2198 τῶν
2643 2144 2953 2198 ἐλαττόνων
2998 2144 3281 2216 μεγίστοις
3297 2143 3554 2216 ὁρώντων
3584 2137 3667 2208 οἷς
3709 2145 3839 2215 δρᾷν

2248 2236 2421 2303 ἐστιν,
2438 2236 2496 2302 ἐξ
2519 2237 2648 2291 οἴων
2667 2236 2985 2308 ὁρμώμενοι
3015 2236 3125 2291 τῶν
3154 2235 3279 2290 καθ’
3304 2237 3529 2295 ἑαυτοὺς
3554 2231 3655 2291 οἷοι
3684 2238 3841 2306 γεγό-

541 2351 693 2398 νατι,
729 2334 826 2388 καὶ
859 2333 967 2406 μὴν
989 2335 1086 2388 καὶ
1116 2335 1228 2396 τοῖς
1280 2331 1381 2401 μὲν
1428 2330 1698 2402 προσοῦσι
1730 2330 2016 2401 λαμπροῖς
2067 2330 2179 2386 τῶν
2222 2333 2396 2405 μηδὲν
2442 2332 2659 2388 τοιοῦτο
2707 2335 2836 2406 περὶ
2881 2323 3062 2388 αὐτῶν
3101 2332 3412 2404 κομμάζειν
3471 2334 3704 2405 ἐχόντων
3779 2332 3839 2387 τδ

542 2428 710 2482 πλέον
743 2426 915 2499 ετχον,
950 2429 1064 2490 τοῖς
1089 2427 1136 2481 δ’
1170 2430 1230 2481 ἐν
1258 2428 1383 2500 δόξῃ
1417 2425 1527 2480 τῶν
1571 2428 1938 2499 ἀσημοτέρων
1988 2426 2144 2482 οὖσιν
2184 2429 2413 2484 ἐκείνων
2478 2430 2749 2499 ἐκράτουν
2786 2422 2873 2492 οἷς
2904 2428 3140 2499 ἀφθονία
3179 2428 3281 2499 μέν
3324 2427 3433 2483 τῶν
3519 2431 3577 2483 ἐν
3641 2430 3711 2498 γῇ
3754 2445 3841 2484 σε·

545 2524 989 2598 μνολογημάτων
1016 2524 1085 2580 δι’
1114 2518 1189 2580 ὧν
1214 2526 1353 2595 πρὸς
1386 2525 1654 2597 οὐρανοὺς
1694 2526 2000 2594 πορευτέον
2032 2525 2357 2597 παντοδαπὴ
2386 2526 2605 2591 σπάνις,

620 2623 883 2679 Volebam
924 2632 979 2679 et
1034 2622 1172 2679 illud
1209 2623 1473 2693 adjicere,
1523 2623 1672 2692 quod
1739 2622 1963 2694 quidem
2033 2638 2143 2679 non

544 2719 689 2772 citra
733 2717 1077 2787 propositum
1127 2717 1300 2781 cadit,
1354 2716 1565 2772 scilicet
1605 2717 1833 2772 Paulum
1883 2725 2141 2772 ornatum

460 2884 463 2887 _
544 2812 719 2867 luisse
749 2810 894 2880 apud
947 2808 1222 2878 Romanos
1269 2812 1394 2883 jure
1430 2810 1702 2877 civitatis,
1764 2810 1859 2879 qui
1920 2810 2141 2880 quidem

543 2906 825 2961 maximus
860 2913 948 2961 est
1000 2908 1251 2961 omnium
1315 2906 1567 2961 civilium
1623 2905 1895 2960 honorum
1934 2920 1947 2958 :
1993 2901 2143 2973 quod

545 3014 673 3053 cum
703 3000 906 3054 scirem
960 2996 1184 3053 Petrum
1234 3012 1342 3052 non
1390 2997 1650 3066 adeptum
1686 2995 1880 3060 fuisse,
1914 2997 2026 3051 vidi
2056 3012 2143 3052 me

544 3093 728 3162 ipsum
748 3093 803 3146 in
828 3091 1119 3163 angustias
1148 3091 1476 3157 adductum,
1510 3091 1556 3145 si
1585 3100 1843 3161 oporteat
1866 3092 1933 3146 de
1964 3091 2143 3147 altero

544 3185 755 3257 aliquid
789 3185 1047 3254 speciose
1077 3184 1224 3255 loqui
1249 3183 1400 3254 quod
1441 3201 1548 3238 non
1584 3183 1771 3239 statim
1801 3184 1961 3238 alteri
1998 3183 2143 3240 foret

2330 2623 2672 2697 Ἐϐουλόμην
2719 2626 2950 2679 κακεῖνο
3002 2623 3326 2696 προσθεῖναι
3360 2602 3455 2677 οὐδ
3480 2623 3613 2677 am
3642 2623 3836 2694 καιροῆ

2249 2721 2453 2777 πίπτον
2472 2722 2598 2787 ἔξω,
2618 2723 2680 2775 τὸ
2704 2722 2797 2776 τὸν
2823 2722 3040 2777 Παῦλον
3085 2721 3468 2792 ἐγγεγράφθαι
3514 2719 3712 2791 δηλαδὴ
3740 2716 3835 2771 καὶ

2248 2817 2315 2886 τῇ
2342 2814 2589 2886 πολιτείᾳ
2617 2808 2954 2892 Ῥωμαίωνῇ
2983 2813 3221 2885 μέγιστα
3244 2814 3353 2869 τῶν
3370 2833 3428 2869 τε
3452 2812 3723 2884 πανταχοῦ
3744 2830 3836 2883 τη-

2250 2907 2437 2961 νικάδε
2462 2910 2556 2962 καὶ
2575 2909 2676 2962 ὅσα
2699 2908 2959 2978 γεγόνασι
2983 2909 3051 2963 τὰ
3073 2907 3352 2980 πρεσϐεῖα,
3384 2905 3540 2969 είδὼς
3563 2905 3618 2960 δέ
3645 2905 3717 2975 μὴ
3738 2904 3833 2959 καὶ

2248 2999 2329 3069 τῷ
2347 2999 2541 3072 Πέτρῳ
2562 2992 2723 3054 τοῦτο
2748 2998 3156 3068 πεπορισμένον
3178 2996 3589 3068 ἀπειλημμένον
3611 2995 3832 3049 ἔϐλεπον

2255 3093 2516 3163 ἐμαυτὸν,
2549 3095 2598 3148 εί
2628 3093 2736 3166 χρὴ
2772 3092 2907 3166 περὶ
2936 3093 3168 3163 θατέρου
3198 3109 3249 3146 τι
3301 3090 3651 3162 σεμνολογεῖν
3696 3091 3832 3158 ὅπερ

2248 3190 2351 3244 οὐκ
2411 3188 2479 3243 ἂν
2535 3188 2890 3258 καὶηθατέρῳ
2941 3186 3147 3257 κόσμος
3197 3185 3361 3250 εὐθὺς
3412 3186 3523 3256 είη,
3558 3182 3739 3239 Ταῦτα
3768 3181 3835 3252 δή

544 3285 902 3333 ornamento.
977 3273 1118 3332 Cum
1176 3277 1282 3331 ista
1349 3276 1404 3331 in
1471 3285 1654 3331 mente
1709 3276 2029 3343 volverem,
2087 3288 2142 3332 et

2253 3298 2343 3351 μοι
2375 3280 2523 3335 κατά
2584 3280 2713 3335 νοῦν
2739 3250 3075 3334 ἀνελίττοντι
3120 3279 3218 3334 καὶ
3256 3279 3363 3349 ὅπη
3393 3250 3695 3349 τράπωμαι
3723 3250 3835 3338 τοῖς

544 3385 659 3440 quo
700 3384 787 3424 me
838 3378 1221 3425 converterem
1281 3370 1579 3433 nescirem,
1633 3366 1829 3424 Petrus
1917 3369 2146 3424 clancu~

545 3462 660 3516 lum
691 3462 1057 3533 interpellans
1081 3478 1094 3514 :
1119 3460 1235 3526 Dic,
1269 3461 1473 3530 inquit,
1498 3477 1597 3531 pro
1624 3462 1728 3516 hoc
1757 3477 1869 3516 uno
1897 3462 2066 3516 multa
2093 3470 2146 3515 te

545 3563 603 3610 rt
636 3570 830 3624 magna
860 3554 1158 3620 audivisse,
1204 3555 1417 3610 scilicet
1448 3554 1735 3610 concivem
1791 3570 1877 3610 me
1932 3556 2142 3611 Christi

548 3649 750 3716 fuisse,
781 3660 836 3705 et
881 3649 1035 3705 illum
1078 3650 1131 3705 in
1194 3666 1372 3705 meam
1431 3651 1658 3705 domum
1713 3652 2020 3721 excepisse,
2088 3659 2144 3707 et

547 3743 833 3814 accepisse
866 3743 1032 3799 robur
1056 3744 1338 3814 pantherae
1382 3758 1446 3798 ex
1504 3742 1812 3799 Salvatoris
1844 3752 2132 3800 contactu.

546 3834 696 3891 Dicit
721 3845 776 3891 et
804 3836 895 3892 ille
926 3836 1060 3892 mibi
1092 3836 1301 3905 aliquid
1353 3836 1658 3891 maximum
1693 3836 1839 3891 unde
1866 3837 1995 3907 quis
2030 3838 2147 3908 gloo

482 3938 489 3944 '
545 3931 725 3986 rietur
756 3940 809 3985 et
828 3929 1120 3986 sublimius
1150 3944 1316 4002 quam
1362 3928 1407 3985 si
1436 3929 1564 3999 quis
1594 3929 1783 3986 decies
1821 3928 2027 3985 millies
2089 3930 2145 3986 in

544 4023 637 4094 jus
661 4021 906 4078 civitatis
929 4021 1197 4077 Romanae
1228 4022 1395 4078 fuerit
1419 4037 1715 4079 accensus.
1735 4021 1792 4077 Si
1823 4038 1950 4079 sero
1975 4023 2058 4079 vis
2088 4030 2145 4077 et

548 4134 802 4190 regnare,
840 4118 1110 4173 tributum
1145 4116 1317 4172 simul
1367 4118 1547 4187 pende
1578 4118 1693 4189 regi
1732 4118 2006 4173 omnium.
2043 4119 2149 4172 lle-

548 4219 776 4266 creatus
821 4208 898 4264 lui
931 4210 1117 4265 statim
1160 4213 1266 4266 ista
1302 4210 1575 4266 audiens:
1609 4210 1704 4265 sed
1735 4210 1901 4281 paulo
1933 4222 2060 4280 post
2082 4212 2145 4285 in

554 4304 798 4373 majores
850 4318 1048 4359 rursus
1093 4319 1258 4374 quam
1308 4304 1465 4374 prius
1523 4305 1816 4376 angustias
1867 4304 2059 4368 incidi,
2093 4314 2150 4360 et

549 4396 684 4455 hinc
715 4395 891 4451 multo
919 4395 1103 4451 minus
1129 4396 1419 4451 videbatur
1470 4397 1622 4468 quod
1656 4399 1722 4451 ad
1755 4396 1984 4452 Paulum
2026 4412 2149 4468 per-

547 4491 789 4555 tinebat,
820 4505 984 4561 quam
1037 4500 1222 4546 antea.
1254 4490 1366 4561 Ego
1403 4505 1535 4546 vero
1566 4505 1629 4545 ea
1663 4501 1847 4546 mente
1874 4505 2049 4553 eram,
2085 4498 2147 4545 ut

2249 3374 2391 3437 ξλοις
2421 3364 2803 3445 ἀμηχανοῦντι
2845 3372 3051 3443 Πέτρος
3088 3371 3255 3427 ποθὲν
3278 3371 3505 3442 ἀφανῶς
3539 3368 3830 3438 ἐπικύψαῖο

2252 3469 2416 3536 Λέγε,
2475 3466 2669 3539 φησὶν,
2707 3466 2830 3521 ἀνθ’
2869 3466 2991 3532 ἐνὸς
3037 3465 3229 3521 τούτου
3267 3466 3438 3520 πολλὰ
3482 3464 3576 3518 καὶ
3626 3462 3838 3533 μεγάλα

2251 3560 2486 3614 ἀκοῦσαι
2515 3561 2575 3614 τὸ
2603 3558 3147 3631 συμπολιτεύσασθαί
3181 3577 3249 3631 με
3277 3558 3500 3631 Χριστῷ
3536 3558 3629 3611 καὶ
3652 3554 3840 3610 τοῦτον

2252 3654 2333 3717 εἰς
2356 3653 2453 3724 τὴν
2489 3652 2737 3722 ἐμαυτοῦ
2783 3653 2969 3707 οἰκίαν
3002 3653 3357 3719 εἰσδέξασθαι
3390 3653 3487 3706 καὶ
3526 3653 3622 3722 τὴν
3671 3650 3838 3721 ,δῶσιν

2248 3749 2349 3818 τῆς
2403 3746 2688 3817 πανοήρας
2737 3748 2803 3817 τῇ
2851 3747 2947 3801 τοῦ
3002 3746 3261 3816 Σωτῆρος
3286 3746 3423 3817 ἀφῇ,
3459 3745 3607 3813 λέγει
3660 3744 3758 3796 καὶ
3803 3742 3833 3793 ὁ

2252 3842 2475 3896 πάντων
2527 3841 2655 3912 ἐμοὶ
2710 3841 2969 3910 μέγιστον
3007 3840 3236 3911 αὔχημα
3291 3839 3388 3893 καὶ
3442 3836 3835 3908 ὑψηλότερονῆ

2254 3934 2520 4006 μυριάκις
2551 3936 2634 3999 είς
2666 3932 2959 4004 Ῥωμαίων
2986 3935 3269 3989 πολιτείαν
3303 3932 3500 3987 τελεῖν.
3533 3933 3595 3987 Εί
3625 3932 3681 3985 δὲ
3707 3930 3833 3999 βούο

2249 4030 2333 4084 λει
2369 4030 2463 4084 καὶ
2512 4028 2826 4098 βασιλεύειν
2871 4029 2933 4083 τὸ
2975 4028 3291 4082 συντελέσαι
3344 4028 3413 4081 τὰ
3461 4027 3726 4097 δίδραχμα
3757 4025 3832 4093 τῷ

2255 4121 2470 4195 βασιλεῖ
2516 4124 2614 4178 τοῦ
2674 4124 2913 4187 παντός’
2972 4121 3214 4191 ἀνέψυξα
3277 4121 3379 4191 μὲν
3435 4121 3632 4175 αὐτίκα
3688 4119 3834 4191 μάλα

2250 4217 2461 4273 τούτων
2501 4219 2783 4282 ἀκούσας’
2820 4216 3024 4289 μικροῦ
3054 4216 3112 4271 δὲ
3153 4216 3491 4279 διαλιπόντος
3548 4214 3627 4277 είς
3667 4212 3838 4283 μείζω

2253 4313 2419 4367 πάλιν
2457 4313 2490 4384 ἥ
2522 4312 2667 4367 κατά
2690 4312 2793 4383 τὴν
2825 4311 3103 4384 προτέραν
3127 4312 3365 4381 ἀπορίαν
3397 4306 3832 4377 συνηλαυνὸμην,

2253 4406 2348 4463 καί
2411 4424 2503 4478 μοι
2556 4405 2771 4460 ἐνθένδε
2825 4403 3008 4475 πολλῷ
3061 4404 3284 4458 ἔλαττον
3317 4402 3490 4455 ἐδόκει
3516 4400 3574 4453 τδ
3620 4397 3833 4451 Παύλου

2251 4500 2286 4572 ἢ
2330 4499 2603 4572 πρότερον
2638 4499 2846 4570 μεῖζον.
2883 4496 3029 4567 Ἐγὼ
3077 4497 3134 4551 δὲ
3174 4494 3402 4566 γνώμης
3440 4487 3509 4564 ἦν
3561 4492 3671 4553 τοῖς
3699 4490 3837 4552 ἴσοις

548 4584 762 4651 pariter
788 4583 953 4638 ambo
987 4584 1319 4654 spectabiles
1361 4584 1711 4638 viderentur.
1773 4581 1891 4638 Huc
1938 4583 2143 4649 venite,

2258 4593 2430 4667 ἄμφω
2473 4593 2998 4663 καλλωπιζομένους
3042 4592 3305 4662 φανῆναι.
3336 4587 3494 4659 Δεῦρ’
3539 4585 3616 4639 ῐτε
3646 4583 3709 4654 δὴ
3745 4583 3839 4685 καὶ

548 4695 652 4736 vos
682 4693 926 4749 quoque,
977 4678 1070 4747 qui
1114 4677 1364 4747 adestis;
1408 4685 1466 4734 et
1507 4677 1808 4747 precemini
1855 4686 1913 4732 ut
1972 4681 2147 4749 quod-

549 4790 770 4843 cunque
800 4789 909 4830 non
939 4782 1101 4828 ornet
1122 4788 1462 4836 sermonem,
1489 4772 1742 4837 decedat,
1783 4781 1837 4827 et
1869 4776 2149 4829 ostendite

552 4865 710 4927 Pauli
749 4865 970 4935 quidem
1007 4865 1060 4920 id
1099 4863 1352 4921 futurum
1391 4865 1567 4929 fuisse
1597 4866 1744 4935 quod
1769 4863 1918 4922 Petri
1956 4866 2060 4922 fuit
2101 4866 2149 4923 si

560 4952 637 5007 il!i
674 4951 926 5008 licuisset
955 4951 1179 5009 Galilaea
1237 4969 1337 5023 pro
1372 4955 1548 5025 patria
1582 4956 1658 5009 uti
1687 4969 1706 5020 ;
1752 4953 1920 5012 Petro
1959 4967 2145 5014 autem

561 5046 640 5103 nil
670 5061 797 5101 cum
828 5046 1007 5103 Paulo
1040 5061 1337 5104 commune
1371 5047 1496 5103 fuit.
1531 5047 1721 5120 Neque
1754 5051 1901 5106 enim
1947 5052 2000 5107 id
2055 5068 2152 5123 pa-

555 5141 880 5197 trimonium
929 5141 1170 5196 habebat
1233 5152 1294 5197 ut
1323 5143 1379 5198 in
1428 5159 1718 5199 numerum
1754 5158 2149 5202 accenseretur

552 5237 756 5291 civium
815 5236 1225 5293 Romanorum.
1284 5236 1341 5292 Si
1381 5253 1509 5293 vero
1559 5254 1681 5310 quae
1749 5240 1969 5309 utrique
2008 5255 2148 5310 quo-

554 5333 741 5388 tannis
772 5332 1047 5395 redibant,
1090 5331 1300 5388 maiora
1338 5331 1497 5387 Petro
1528 5342 1731 5389 erant:
1781 5333 1836 5388 iu
1866 5333 2157 5407 communi.

516 5458 523 5473 ι
560 5434 831 5496 egestate,
859 5426 1079 5481 facilius
1100 5422 1323 5496 quidem
1355 5424 1555 5482 Petrus
1578 5440 1742 5495 quam
1768 5424 1975 5482 Paulus
2000 5426 2147 5498 quod

555 5518 745 5573 deerat
803 5518 1416 5591 resarcivissetpquod
1464 5520 1567 5575 fuit
1612 5520 2076 5577 demonstratum.

637 5609 808 5666 Detur
853 5610 944 5666 hic
978 5610 1249 5682 apostolis
1303 5626 1403 5682 par
1460 5612 1667 5677 honor;
1722 5620 1779 5666 et
1816 5613 1960 5683 quod
2011 5613 2155 5668 alter

563 5702 795 5760 alterum
854 5710 1082 5773 superat
1117 5718 1218 5771 pro
1253 5711 1408 5773 parte
1436 5702 1676 5774 singula,
1725 5713 1783 5759 et
1812 5702 1959 5770 quod
1992 5719 2160 5773 supe-

565 5803 745 5860 ratur,
782 5795 1047 5866 :equalcm
1083 5810 1322 5865 pugnant
1381 5796 1560 5851 sistat.
1598 5798 1855 5851 Attamen
1911 5812 2019 5851 non
2062 5797 2162 5853 ob-

560 5897 789 5944 scurum
830 5896 916 5943 est
948 5888 1333 5945 ιιοςυεείιιιιιιω
1370 5889 1505 5944 mihi
1537 5904 1662 5945 cum
1712 5889 1937 5946 laudare
1980 5906 2162 5965 coepe-

2258 4691 2435 4761 ύμεῖς,
2472 4683 2519 4743 ὦ
2564 4686 2856 4757 παρόντες,
2890 4682 3198 4755 συνάρασθέ
3235 4700 3327 4754 μοι
3377 4679 3473 4733 τοῦ
3529 4676 3601 4747 μὴ
3642 4674 3838 4728 σκευά-

2256 4784 2419 4849 ζοντα
2448 4782 2541 4835 τὸν
2566 4782 2723 4849 λόγον
2748 4781 3107 4842 καταπεσεῖν,
3135 4777 3231 4832 καὶ
3261 4774 3476 4839 δείξατε
3510 4768 3705 4838 Παύλῳ
3729 4767 3836 4835 μὲν

2255 4877 2322 4931 ἂν
2374 4873 2620 4945 ὑπάρξαι
2655 4874 2749 4927 καὶ
2798 4872 2864 4925 τὰ
2894 4870 2973 4942 τῷ
3018 4871 3234 4941 Πέτρῳ,
3265 4868 3427 4937 είπερ
3457 4860 3527 4937 ἦν
3554 4863 3643 4917 καὶ
3680 4857 3830 4927 αὐτῷ

2257 4967 2483 5039 πατρίδι
2516 4968 2581 5037 τῇ
2623 4963 2890 5034 Γαλιλαίᾳ
2935 4962 3198 5034 χρῆσθαι,
3239 4960 3429 5030 Πέτρῳ
3477 4957 3533 5011 δὲ
3577 4953 3631 5006 ού
3681 4951 3819 5039 πάνυ

2258 5036 2419 5114 τιτά
2468 5058 2548 5129 τῷ
2607 5057 2828 5128 Παύλῳ.
2882 5055 3021 5109 Οὐδὲ
3074 5055 3187 5124 γὰρ
3237 5051 3496 5120 τοιαύτην
3543 5044 3670 5101 οῐκοι
3722 5036 3824 5110 τὴν

2260 5155 2563 5225 εύκληρίαν
2611 5153 2838 5226 ἐμέτρει
2896 5150 2974 5214 ὥς
3040 5151 3106 5204 ἐκ
3163 5146 3258 5202 τοῦ
3317 5145 3520 5218 ῥᾴστου
3570 5139 3711 5210 ἔχειν
3753 5134 3835 5196 εἰς

2259 5247 2498 5320 ἀριθμὸν
2548 5244 2850 5316 ἐτασθῆναι
2888 5240 3211 5311 Ῥωμαίων.
3255 5238 3319 5293 Ei
3357 5236 3415 5293 δέ
3460 5233 3571 5320 τῶν
3612 5227 3842 5300 προσόν-

2258 5318 2370 5395 των
2403 5340 2678 5410 ἐκατέρῳ,
2717 5336 2892 5408 μείζω
2938 5335 3041 5405 μὲν
3074 5334 3145 5389 τὰ
3187 5332 3266 5405 τῷ
3296 5331 3511 5402 Πέτρῳ,
3540 5318 3615 5380 ὧν
3639 5323 3681 5376 δ’
3712 5320 3845 5376 ἐκά-

2264 5450 2421 5503 τερος
2453 5432 2661 5502 ἐνδεὴς,
2682 5431 2815 5503 ῥᾷον
2845 5428 2912 5483 ἂν
2934 5428 3147 5499 Πέτρος
3177 5424 3211 5497 ἢ
3240 5423 3453 5486 Παῦλος
3483 5417 3847 5488 ἀνεπλήρωσε

2262 5526 2326 5578 τὸ
2355 5525 2557 5591 ἐνδέον,
2603 5523 2699 5578 καί⁵
2738 5520 2885 5575 τοῦτ’
2930 5519 3170 5591 ἐδείχθη.

2337 5614 2561 5687 Δοθήτω
2585 5616 2699 5678 τοῖς
2721 5613 3047 5676 ἀποστόλοις
3072 5610 3356 5667 κάνταῦθα
3374 5608 3436 5663 τδ
3453 5602 3652 5676 σεμνδν
3668 5601 3733 5655 ἐκ
3753 5596 3853 5653 τοῦ

2269 5709 2389 5763 ίσου
2424 5710 2522 5763 καὶ
2544 5709 2602 5762 τὸ
2639 5708 2933 5779 ὑπερέχειν
2962 5706 3213 5776 ἀλλήλων
3240 5706 3300 5759 ἐν
3334 5702 3491 5774 μέρει
3518 5695 3613 5750 καὶ
3645 5691 3853 5761 tim?“

2230 5842 2237 5849 .
2270 5800 2466 5871 xssOat
2496 5799 2731 5870 ἰσοπαλῆ
2760 5799 2861 5870 τὴν
2889 5800 3048 5870 νίκην
3098 5797 3324 5852 ίστάτω.
3376 5792 3491 5847 Οὐκ
3520 5788 3717 5857 ἄδηλον
3750 5784 3865 5852 μὲν

2270 5892 2363 5947 οὖν
2389 5892 2463 5956 ὡς
2492 5892 2702 5962 ivitqu
2729 5911 2818 5964 μοι
2840 5894 2986 5945 πᾶσα
3014 5893 3123 5954 τοῖς
3145 5885 3438 5957 ἐγκωμίοις
3457 5876 3628 5952 ἀρχὴν
3653 5876 3858 5931 ἑνδέντι
