4076 6460
270 386 410 455 1025

266 595 330 651 οὑ
377 595 642 651 τοσοῦτόν
675 592 759 660 οἷς
806 596 1093 669 διεξῆλθεν
1136 601 1471 670 κουφότερον
1524 601 1748 672 ἐμαυτῷ
1794 603 1856 656 τὸ

266 689 505 759 πρᾶγμα
531 689 830 759 προϐαῖνον
862 690 989 746 ὅσον
1019 692 1134 756 τοῖς
1165 692 1384 746 ἐπιοῦσι
1411 691 1732 763 βαρύτερον,
1762 692 1857 746 καί

269 798 365 851 μοι
413 780 559 835 δοκῶ
602 781 796 852 ὥσπερ
839 783 923 846 εἰς
965 782 1293 856 λαϐύρινθον
1342 783 1602 838 εἰσελθὼν
1634 786 1760 840 ὅσον
1787 785 1856 840 ἂν

268 873 534 946 ἐνδοτέρω
572 873 668 930 τοῦ
720 874 1123 947 μηχανήματος
1169 878 1429 948 γίνομαι,
1475 876 1730 931 τοσοῦτον
1760 879 1855 932 καὶ

266 966 707 1035 δυσχερεστέραν
750 967 983 1037 ἐμαυτῷ
1008 967 1469 1033 ,κατασκευάζειν
1520 970 1621 1042 τὴν
1652 970 1854 1036 ἔξοδον.

267 1059 380 1114 Καὶ
420 1058 532 1131 γὰρ
567 1058 637 1115 αὖ
679 1060 842 1114 τοῦτο
873 1061 1074 1132 διπλῆν
1128 1080 1216 1133 μοι
1249 1062 1350 1133 τὴν
1398 1064 1637 1132 ἀπορίαν
1681 1064 1859 1116 ἐπιτι-

268 1150 509 1224 θεμένην
535 1153 667 1225 ὀρῶ.
704 1154 924 1208 Πολλῶν
963 1153 1073 1225 γὰρ
1107 1155 1448 1226 πολλαχόθεν
1480 1155 1856 1227 συρρεόντων,

268 1243 306 1299 ἆ
350 1262 434 1307 τις
486 1242 557 1299 ἂν
595 1246 887 1302 ἐπαινέσαι
948 1248 1062 1301 τῶν
1119 1247 1438 1302 ἀποστόλων
1496 1247 1621 1301 οὔτε
1673 1247 1710 1303 ἃ
1749 1247 1859 1317 χρὴ

268 1338 518 1405 λέγοντα,
554 1339 679 1393 ἐπεὶ
718 1339 902 1394 πάντα
953 1338 1031 1409 μὴ
1060 1339 1291 1393 δυνατὸν
1342 1340 1451 1392 τῶν
1502 1339 1681 1393 ἄλλων
1720 1340 1858 1393 ἀπο-

274 1428 524 1500 σχέσθαι,
557 1431 742 1501 εὑρεῖν
767 1432 885 1485 ἐστι
915 1431 1121 1503 ῥᾴδιον,
1146 1428 1262 1484 οὗθ’
1293 1430 1511 1501 εὑρόντι
1541 1431 1852 1500 προσηκόν-

270 1534 379 1582 τως
409 1518 628 1589 ἑκάστῳ
650 1519 933 1589 διαιτῆσαι
962 1521 1059 1575 καὶ
1093 1523 1333 1591 φανῆναι
1359 1521 1474 1584 τοίς
1510 1518 1754 1590 πρώτοις
1788 1519 1858 1574 τά

271 1611 468 1681 πρῶτα
495 1611 758 1683 γέμοντα.
793 1613 859 1665 Τί
886 1612 998 1685 γὰρ
1036 1614 1104 1671 ὲν,
1136 1614 1351 1677 τούτοις
1381 1612 1641 1683 δεύτερον
1692 1612 1826 1683 χαλε
1839 1638 1873 1667 ο.

269 1704 373 1757 πὸν
429 1703 617 1773 ἔμοιγε
671 1705 943 1773 συνιδεῖν;
992 1704 1067 1759 Οὑ
1118 1704 1252 1776 γὰρ,
1286 1705 1510 1759 πάντων
1557 1703 1862 1758 καλλίστων

268 1796 463 1863 ὅντων,
491 1795 553 1851 τδ
605 1796 826 1852 κάλλιον
879 1796 1025 1864 ἀξιοῖ
1070 1814 1154 1862 τις
1205 1798 1420 1866 ζητεῖν,
1456 1796 1613 1851 οὐδὲν
1666 1797 1731 1851 ἐκ
1765 1796 1860 1850 τοῦ

1290 391 1703 455 ENCO-MLUM
1751 393 1858 454 SS.
1898 392 2123 454 PE’l‘lll
2168 394 2264 456 ΕΤ
2290 395 2544 459 PAULI.

275 504 539 577 καὶπρὸς
582 502 651 559 τὰ
686 504 814 577 ἑξῆς
858 505 995 561 ἰέναι
1043 508 1136 560 τοῦ
1185 507 1387 577 λόγον’
1429 509 1761 578 αἰσθάνομαι
1820 510 1862 561 δ’

1973 511 2099 573 rim,
2141 526 2451 565 scrntOuctu
2475 513 2666 568 ordine
2692 512 2967 583 prosequi.
3003 512 3101 582 Azq
3130 512 3161 566 εἰ
3189 511 3370 567 sentio
3402 513 3548 580 apud
3646 564 3653 573 ,

3412 395 3550 462 1026

1968 618 2054 657 me
2089 603 2377 673 negotium
2414 620 2522 658 non
2555 620 2715 673 aequo
2765 605 2904 675 pede
2955 604 3258 673 procedere
3291 618 3350 659 ut
3399 605 3546 672 apud

1965 696 2252 762 asscclas;
2296 706 2351 750 et
2380 697 2512 751 mihi
2558 697 2748 753 videor
2797 698 2850 752 in
2905 698 3289 771 labyrinthum
3326 699 3549 753 venisse

1965 800 2077 855 quo
2109 785 2284 847 magis
2312 786 2625 840 machinam
2650 795 2904 856 penetro,
2930 802 2997 842 eo
3017 786 3387 842 difﬁciliorem
3412 787 3544 839 mihi
3635 844 3643 852 ,

1965 875 2171 929 exitum
2206 875 2408 942 parari.
2441 875 2657 929 Etenim
2687 875 2821 928 mihi
2854 874 3132 945 duplicem
3167 874 3547 930 difficultatem

1963 966 2279 1036 impositam
2315 965 2494 1021 video.
2540 966 2675 1020 Cum
2710 967 2859 1021 enim
2898 968 3068 1021 multa
3121 966 3366 1036 undique
3408 981 3547 1021 cou-

1963 1061 2135 1113 lluaot
2190 1075 2315 1128 quae
2365 1059 2491 1128 quis
2542 1058 2730 1114 laudet
2775 1061 2830 1113 in
2881 1058 3149 1129 apostolis
3196 1074 3376 1130 neque
3418 1073 3545 1125 qua:

1960 1152 2438 1222 oporteatdicere,
2481 1167 2607 1229 cum
2645 1167 2754 1206 nou
2798 1150 2915 1206 fieri
2958 1152 3134 1222 possit
3171 1162 3291 1206 uta
3332 1152 3547 1206 caeteris

1962 1245 2307 1299 abstineatur
2333 1283 2349 1308 ,
2398 1245 2627 1298 inventu
2683 1243 2862 1299 facilis
2889 1259 3001 1309 res,
3036 1244 3130 1298 sed
3165 1259 3290 1298 cum
3321 1246 3546 1297 inventa

1961 1336 2090 1400 erit,
2133 1348 2500 1405 congruenter
2542 1330 2852 1404 compositu
2890 1334 3184 1390 difﬁcilior.
3218 1333 3361 1401 Quid
3396 1334 3542 1389 enim

1964 1430 2017 1483 in
2062 1429 2150 1483 his
2195 1428 2444 1484 secundo
2484 1428 2607 1481 loco
2645 1426 2877 1481 difﬁcile
2926 1435 3016 1482 est
3061 1426 3388 1481 intellectu?
3425 1425 3547 1480 Non

1962 1521 2134 1586 enim,
2193 1535 2321 1575 cum
2364 1519 2548 1574 omnia
2593 1519 2961 1589 pultberrima
3013 1519 3148 1585 siut,
3197 1518 3398 1588 aliquis
3428 1519 3551 1588 pul-

1961 1611 2151 1668 chrius
2184 1612 2470 1682 requirere
2506 1611 2871 1677 dignaretur;
2929 1611 3068 1666 nihil
3120 1627 3187 1666 ex
3249 1610 3351 1666 hoc
3398 1611 3547 1680 quod

1962 1721 2178 1774 atquum
2205 1714 2312 1771 est,
2354 1712 2413 1759 ut
2446 1720 2551 1776 ego
2586 1715 2739 1772 puto,
2768 1705 3021 1770 laborat;
3058 1705 3156 1760 sed
3209 1705 3338 1760 dico
3371 1718 3550 1773 neque

1967 1796 2077 1850 illis
2100 1811 2222 1864 quze
2240 1795 2689 1865 superpositione
2718 1792 2984 1848 dicuntur
3017 1793 3136 1848 fore
3177 1802 3239 1848 ut
3261 1793 3388 1864 jure
3413 1793 3548 1863 quid

269 1888 417 1943 κατά
465 1887 646 1958 λόγον,
685 1887 761 1952 ὥς
814 1887 949 1956 γοῦν
997 1887 1111 1957 ἐγὼ
1137 1889 1371 1959 ,νομίζω
1406 1890 1582 1952 πονεῖ,
1615 1888 1760 1957 λέγω
1806 1888 1862 1942 δὲ

1968 1887 2264 1943 sublimius
2301 1887 2540 1951 dicatur,
2601 1895 2656 1941 et
2726 1901 2851 1939 cum
2910 1885 3100 1940 omnia
3146 1898 3258 1940 non
3295 1884 3553 1954 pulcher-

271 1981 411 2049 μήτε
466 1979 577 2034 τῶν
625 1980 752 2036 καθ’
805 1980 1107 2054 ὑπέρθεσιν
1157 1981 1470 2052 λεγομένων
1510 1981 1739 2045 δικαίως
1789 1981 1858 2035 ἂν

269 2070 604 2142 ὑψηλότερόν
662 2089 718 2125 τι
758 2071 954 2141 λεχθὲν
1012 2071 1114 2126 καὶ
1162 2065 1224 2125 οὗ
1281 2072 1503 2126 πάντων
1552 2072 1857 2126 καλλίστων

268 2159 441 2213 ὄντων
491 2160 568 2224 ὡς
614 2160 835 2231 εἴρηται
876 2160 939 2214 τὸ
980 2160 1205 2214 κάλλιον
1246 2161 1496 2231 βούλεταί
1538 2178 1625 2224 τις
1667 2160 1855 2215 λαϐεῖν

268 2252 330 2306 ο)
369 2252 571 2321 μᾶλλον
593 2253 653 2308 ἓν
676 2255 962 2311 ὁποιονοῦν
989 2256 1231 2325 τιμήσας
1271 2257 1598 2327 φανήσεται,
1621 2257 1656 2328 ἢ
1682 2255 1858 2311 τᾶλλα

267 2344 367 2412 τῆς
410 2346 622 2412 οἰκείας
650 2348 1017 2421 ὑποδεέστερα
1047 2348 1227 2415 δείξας
1260 2349 1560 2419 ὑπεροχῆς.
1604 2349 1696 2404 Ἐν
1727 2348 1855 2402 τού·

267 2454 383 2501 τοις
420 2438 605 2494 τοίνυν
658 2441 842 2506 καλῶς
883 2441 948 2495 ἀν
977 2441 1123 2512 ἐλειν
1156 2442 1382 2513 ἐμαυτῷ
1428 2442 1641 2511 οἴομαι,
1677 2444 1739 2496 τὸ
1780 2441 1860 2513 τῷ

267 2531 449 2601 χρόνῳ
487 2533 638 2602 μόνῳ
686 2534 1094 2606 προτάττεσθαι
1125 2535 1341 2589 δίκαιον
1374 2535 1533 2600 δόξαν
1564 2537 1661 2589 καὶ
1710 2535 1860 2604 πρῶ-

264 2638 360 2674 τον
390 2622 675 2695 ἐκθεμένῳ
708 2628 971 2697 περὶτῶν
1000 2627 1179 2681 ἄλλων
1207 2626 1282 2692 ὡς
1314 2628 1382 2681 ἀν
1423 2626 1658 2681 ἕκαστον
1705 2628 1851 2682 ἐπίοι

267 2712 548 2785 διεξιέναι,
584 2717 745 2772 τοῦτο
788 2719 847 2772 τέ
894 2736 984 2789 μοι
1031 2720 1180 2774 κατὰ
1223 2721 1445 2774 πάντων
1475 2722 1534 2773 ὲν
1566 2719 1853 2790 κεφαλαίῳ

1962 1981 2100 2033 rima
2142 1979 2279 2043 sint,
2316 1987 2379 2033 ut
2402 1979 2615 2033 dictum
2657 1987 2767 2038 est,
2822 1976 2969 2046 quod
2999 1988 3081 2033 est
3114 1976 3403 2047 pulchrius
3432 1975 3552 2029 vult

1963 2071 2162 2140 aliquis
2205 2071 2510 2140 obtingere,
2557 2086 2666 2125 non
2727 2070 2901 2140 magis
2951 2086 3120 2125 unum
3162 2070 3552 2141 qualecunque

1960 2172 2046 2219 est
2075 2164 2428 2218 honoravissc
2459 2163 2754 2226 videbitur,
2790 2178 2958 2232 quam
2986 2173 3187 2217 cretera
3227 2160 3371 2216 infra
3418 2160 3553 2232 pro-

1962 2259 2137 2328 priam
2163 2255 2476 2311 facultatem
2513 2264 2879 2311 monstrasse.
2921 2254 3081 2325 Circa
3140 2255 3256 2310 haec
3293 2255 3549 2323 equidem

1967 2350 2103 2404 bene
2165 2364 2253 2403 me
2307 2349 2515 2403 habere
2568 2348 2768 2414 credo;
2819 2362 2944 2402 nam
3008 2356 3226 2417 tempus
3273 2347 3551 2416 justitiam

1965 2444 2291 2513 cornprobat
2338 2442 2705 2513 singulorum.
2770 2441 2903 2497 Mihi
2949 2441 3170 2512 quidem
3234 2440 3289 2495 id
3335 2449 3551 2496 certum

1968 2543 2087 2591 est.
2124 2539 2268 2605 quod
2309 2542 2633 2590 cancrorum
2683 2535 2819 2588 ordo
2875 2533 3119 2589 secundo
3167 2547 3387 2594 semper
3430 2532 3555 2588 loco

1952 2640 2058 2697 est,
2095 2640 2150 2683 et
2196 2630 2336 2691 quod
2364 2631 2548 2682 omnia
2579 2628 2733 2698 signa
2771 2628 2824 2682 in
2852 2626 3191 2681 cit'culotum
3214 2626 3395 2698 prima
3427 2642 3554 2680 cum

1953 2719 2201 2776 secunda
2226 2728 2515 2790 apparent.

269 2811 674 2883 προειρημένον
710 2813 873 2877 ἔστω,
903 2813 1076 2879 ὡς’τά
1118 2816 1370 2869 ἑκάστων
1404 2818 1490 2870 ἀεὶ
1513 2816 1749 2887 δεύτερα
1777 2821 1844 2890 τῇ
1883 2818 2036 2882 τάξει
2076 2817 2282 2887 ἥκιστα
2332 2818 2555 2870 πάντων
2599 2817 2695 2869 καὶ
2742 2816 2843 2887 τὴν
2895 2814 3055 2879 ἀξίαν
3114 2814 3368 2884 ἡγεῖσθαι
3431 2816 3553 2872 δεύ-

265 2928 404 2981 τερα
450 2913 580 2985 χρὴ,
611 2913 751 2969 ἀλλὰ
808 2915 988 2970 πάντα
1037 2919 1259 2972 πάντων
1311 2904 1503 2990 ὥσπερ
1562 2921 1620 2974 ἐν
1660 2920 1846 2992 κύκλῳ
1885 2924 2090 2992 σημεῖα
2122 2922 2219 2975 καὶ
2263 2922 2457 2992 πρῶτα
2488 2923 2581 2976 καὶ
2612 2922 2864 2992 δεύτερα.

346 3012 573 3079 Πρῶτον
596 3010 779 3065 τοίνυν
811 3014 899 3068 ἵνα
925 3014 989 3087 δὴ
1021 3017 1238 3086 πρῶτον
1265 3015 1405 3071 εἴπω
1427 3017 1529 3088 (δεῖ
1559 3018 1668 3089 γὰρ
1697 3018 1862 3072 ποθὲν

268 3105 589 3173 ἄρξασθαι),
628 3110 757 3177 περὶ
792 3109 894 3176 τῆς
922 3111 1033 3165 τῶν
1066 3113 1390 3166 ἀποστόλων
1422 3112 1517 3165 ἐπὶ
1554 3112 1655 3183 τὴν
1697 3114 1860 3183 χάριν

2045 3020 2286 3076 Primum
2318 3020 2507 3091 igitur,
2565 3032 2622 3074 ut
2656 3021 2893 3089 primum
2932 3019 3104 3075 dicant
3135 3018 3376 3089 (oportet
3402 3015 3549 3069 enim

1967 3113 2220 3168 alicunde
2275 3113 2561 3183 incipere),
2633 3113 2701 3167 de
2757 3111 3135 3179 apostolorum
3192 3109 3248 3163 in
3308 3106 3579 3180 gratiaou

269 3200 520 3264 κλήσεως
565 3202 797 3265 εἰκότως
852 3203 918 3257 ἂν
966 3203 1081 3274 ἔχοι
1126 3205 1228 3274 τὴν
1283 3205 1537 3274 γλῶτταν
1578 3207 1660 3278 τῷ
1712 3205 1860 3275 λόγῳ

1965 3207 2255 3262 vocatione
2314 3205 2454 3259 bene
2504 3214 2655 3261 esset
2710 3205 2955 3276 linguam
3014 3217 3276 3259 sermone
3328 3201 3443 3267 uti;
3496 3209 3555 3254 et

271 3289 534 3361 χρῆσθαι,
572 3295 670 3348 καὶ
696 3296 965 3363 πάρεστιν
995 3298 1132 3368 ἡμῖν
1169 3300 1197 3352 ὁ
1237 3299 1431 3369 Σωτὴρ
1458 3299 1598 3366 μετά
1625 3298 1725 3369 τὴν
1757 3316 1862 3352 σω-

275 3385 517 3455 ματεκὴν
553 3386 632 3449 εἰς
664 3387 878 3460 ἀνδρῶν
901 3389 1118 3456 ἡλικίαν
1151 3389 1336 3461 ἄφιξιν
1362 3392 1456 3445 καὶ
1486 3390 1546 3444 τὸ
1573 3390 1862 3461 βάπτισμα

270 3478 458 3530 οὶκέτι
478 3479 820 3550 συσκιάζειν,
843 3482 956 3535 ἀλλ’
978 3485 1264 3553 ἐκφαίνειν
1285 3483 1613 3555 βουλόμενος
1635 3484 1869 3553 ἑαυτήν,

273 3570 389 3622 Καὶ
408 3569 517 3626 δεῖν
541 3572 800 3642 ἐγνωκὼς
826 3555 1110 3646 μάρτυρας
1129 3576 1230 3645 τῆς
1246 3575 1414 3631 αὑτοῦ
1442 3575 1742 3640 πολιτείας,
1767 3574 1863 3628 καὶ

268 3661 374 3729 τῆς
430 3663 541 3716 τῶν
601 3658 903 3735 θαυμάτων
963 3667 1280 3732 ἐπιδείξεως
1339 3666 1903 3737 προσλαμϐάνεσθαι.

270 3756 726 3826 προσλαμϐάνων
758 3760 823 3831 δὴ
859 3760 1077 3830 πρῶτον
1112 3760 1372 3815 ἁπάντων
1408 3759 1506 3813 σὺν
1532 3758 1611 3828 τῷ
1647 3756 1863 3826 ἀδελφῷ

270 3849 467 3919 Πέτρῳ
491 3850 586 3904 καὶ
613 3852 647 3920 ή
672 3851 981 3922 πρόσληψις
1006 3869 1156 3921 παρα
1165 3854 1448 3921 μείϐοντος
1468 3851 1566 3921 τὴν
1592 3850 1863 3904 θάλατταν

268 3940 587 4005 Γαλιλαίας,
613 3941 715 3995 εἴτ’
730 3940 828 3995 οὖν
848 3941 1046 4012 λίμνην
1066 3940 1383 4015 Τιϐεριάδα,
1407 3945 1501 3995 καὶ
1525 3943 1725 4005 ἰδόντος
1747 3943 1865 3994 ἐκεῖ

269 4034 367 4085 καὶ
404 4031 734 4095 καλέσαντος
764 4035 859 4086 καὶ
887 4034 1064 4088 ὀπίσω
1092 4035 1260 4089 αὑτοῦ
1304 4035 1439 4089 ἰέναι
1470 4035 1859 4102 κελεύσαντος,

273 4123 366 4176 καὶ
417 4123 605 4178 ἁλείαν
634 4124 942 4197 ἀνθρώπων
990 4127 1106 4180 ἀντ’
1151 4128 1351 4198 ἰχθύων
1381 4129 1860 4199 ἐπαγγειλαμένου

270 4216 507 4282 διδάξειν
546 4218 642 4272 καὶ
678 4219 740 4273 τὸ
778 4219 873 4273 τοῦ
920 4220 1119 4284 ἁλιέως
1162 4219 1443 4287 εὐπειθὲς,
1477 4222 1554 4285 ὼς
1597 4224 1736 4292 ταχὺ
1770 4222 1864 4276 καὶ

273 4311 307 4378 ἡ
340 4309 450 4363 τῶν
485 4309 717 4366 δικτύων
764 4312 903 4377 μετά
947 4314 1046 4376 τῆς
1076 4314 1271 4385 τέχνης
1306 4314 1610 4384 ἀπᾷκτησις
1662 4315 1756 4368 καὶ
1802 4314 1863 4368 τὸ

271 4401 503 4455 ἕπεσθαι
554 4402 634 4473 τῷ
679 4405 997 4471 καλέσαντι,
1035 4405 1207 4469 οὕτως
1253 4407 1281 4459 ὁ
1327 4407 1536 4477 Πέτρος
1594 4406 1860 4477 θᾶττονῆ

268 4492 363 4545 τὸν
400 4482 676 4565 ἡμέτερον
726 4495 887 4564 λόγον
921 4499 1121 4562 εἰπεῖν,
1155 4499 1250 4552 καὶ
1297 4501 1580 4568 ὑπήκουσε
1621 4499 1716 4552 καὶ
1752 4514 1862 4568 μα-

1965 3300 2122 3355 adest
2153 3301 2313 3355 nobis
2353 3299 2611 3354 Salvator
2645 3307 2774 3369 post
2828 3312 3159 3368 corporeum
3191 3295 3258 3351 ad
3295 3294 3554 3350 homines

1964 3395 2283 3463 adventum,
2322 3403 2379 3450 et
2426 3395 2702 3464 baptisma
2759 3393 3005 3449 nondum
3045 3392 3402 3459 obumbrare,
3453 3391 3551 3446 sed

1966 3487 2327 3544 manifestare
2362 3488 2556 3544 volens
2588 3504 2650 3544 se
2682 3488 2888 3558 ipsum,
2921 3496 2976 3543 et
3007 3486 3230 3556 cognito
3263 3499 3402 3556 opus
3427 3499 3556 3541 esse

1967 3582 2197 3638 testibus
2265 3580 2504 3637 civitatis
2567 3580 2711 3651 eius,
2765 3589 2822 3635 et
2878 3577 3157 3634 miraculis
3221 3575 3553 3647 prohalivis,

1963 3671 2216 3729 adhibuit
2278 3673 2519 3743 primum
2578 3687 2706 3726 cum
2779 3669 2948 3726 fratre
3000 3669 3246 3726 Petrum.
3315 3667 3379 3722 Et
3447 3683 3546 3723 as-

1966 3768 2207 3833 sumptio
2236 3764 2382 3819 illius
2413 3779 2536 3819 cum
2572 3751 3070 3833 praeterveheretur
3110 3775 3260 3835 mare
3291 3759 3550 3825 Galilaa'e,

1964 3867 2058 3911 aut
2090 3857 2269 3910 lacum
2303 3855 2631 3915 Tiberiadis.
2664 3863 2719 3909 et
2756 3852 2986 3909 vidisset
3017 3852 3091 3909 ibi
3145 3860 3204 3906 et
3235 3850 3553 3907 vocavisset

1964 3959 2018 4001 et
2044 3955 2345 4000 retrorsum
2380 3945 2460 4000 ire
2489 3944 2780 4013 iussisset,
2828 3952 2885 4000 et
2934 3944 3208 4014 piscatum
3259 3944 3549 3998 hominum

1966 4054 2063 4106 pro
2100 4038 2327 4108 piscium
2359 4038 2568 4107 piscatu
2603 4037 2981 4108 prmcepisset,
3004 4046 3059 4091 et
3083 4037 3380 4107 piscatoris
3412 4035 3550 4090 obe-

1964 4128 2194 4193 dientia,
2234 4145 2398 4199 quam
2429 4128 2634 4184 velocis
2677 4130 2874 4184 retium
2932 4145 3055 4184 cum
3103 4138 3224 4185 arte
3281 4131 3550 4196 desertio,

1965 4238 2131 4292 quam
2206 4221 2469 4276 velociter
2515 4221 2768 4290 sequitur
2821 4222 3145 4277 vacantem!
3209 4223 3291 4276 sic
3351 4220 3552 4277 Petrus

1966 4313 2116 4367 dicto
2157 4311 2324 4367 citius
2363 4310 2631 4376 obedivit,
2665 4318 2721 4366 et
2750 4312 3052 4384 discipulus
3098 4311 3277 4371 factus
3301 4312 3373 4367 iri
3427 4314 3554 4368 inde

1967 4402 2224 4459 discessit
2260 4417 2276 4455 :
2306 4402 2387 4457 sic
2426 4417 2548 4457 cum
2590 4401 2920 4472 piscaretur,
2942 4403 3229 4474 ignorabat
3249 4420 3307 4459 se
3339 4406 3552 4474 piscatu

1969 4504 2192 4567 captum
2229 4496 2464 4551 multum
2505 4512 2610 4554 suo
2645 4499 2856 4568 piscatu
2899 4498 3136 4555 meliori.
3173 4497 3265 4554 Sic
3299 4497 3556 4555 Salvator

270 4585 445 4656 θητὴς
473 4587 688 4643 ἐκεῖθεν
715 4588 951 4660 μετέϐη,
980 4587 1157 4653 οὕτως
1186 4590 1421 4644 ἁλιεύων
1453 4588 1646 4644 ἔλαθεν
1674 4588 1857 4642 ἁλιευ-

1968 4594 2095 4644 eut'n
2121 4589 2213 4660 qui
2238 4589 2554 4661 piscaturus
2575 4599 2777 4645 terram
2814 4591 3128 4646 universam
3155 4599 3294 4656 erat,
3328 4589 3445 4660 ipse
3470 4592 3561 4660 pi-

270 4678 386 4741 θεὶς
416 4677 609 4734 nam
655 4680 760 4751 τῆς
803 4682 1012 4744 οἰκείας
1055 4682 1238 4752 πολλῷ
1284 4682 1597 4752 κρείττονα,
1633 4680 1867 4746 οὕτωςεὸ

121 4811 127 4820 .
180 4824 185 4831 ,
269 4771 464 4843 Σωτὴρ
515 4771 609 4825 τὸν
658 4775 760 4844 τὴν
825 4774 1162 4846 οἰκουμένην
1217 4775 1488 4846 μέλλοντα
1540 4775 1867 4845 σαγηνεύειν

266 4862 436 4927 αὐτὸς
490 4864 888 4937 ὲσαγήνευσεν,
921 4865 956 4937 ἢ
1007 4868 1211 4938 μᾶλλον
1268 4867 1482 4938 σαγήνη
1535 4866 1616 4938 τῷ
1670 4867 1864 4938 Πέτρῳ

269 4956 625 5026 χρησάμενος
675 4958 809 5012 εἴσω
858 4958 1097 5014 δικτύων
1155 4961 1253 5030 τὴν
1309 4958 1643 5030 οἰκουμένην
1705 4959 1869 5012 συνέ-

273 5053 526 5106 κλεισεν
553 5044 598 5121 ᾧ
644 5052 824 5107 τοίνυν
863 5053 959 5106 καὶ
1016 5054 1174 5122 λόγος
1226 5054 1384 5120 μόνος
1433 5054 1690 5124 ἤρκεσεν,
1725 5051 1868 5106 ὥστε

271 5144 383 5196 τῶν
413 5144 472 5196 ὲν
516 5143 707 5212 χερσὶν
738 5144 1014 5213 ἀφέμενον
1044 5144 1362 5199 ἀκολουθεῖν
1393 5145 1471 5214 τῷ
1502 5144 1782 5209 καλοῦντι,
1810 5143 1865 5198 τί

272 5249 409 5286 iure
437 5233 617 5288 δοκεῖν
647 5236 797 5299 εἰκός
827 5237 942 5292 ἐστι
982 5237 1177 5293 παθεῖν
1210 5237 1277 5292 ἀν
1311 5240 1443 5309 περὶ¹
1474 5237 1566 5291 τὸν
1597 5238 1865 5293 διδάσκα-

270 5323 364 5376 λον
417 5323 611 5393 λόγους
664 5341 725 5379 τε
788 5326 1036 5391 ἐκείνους
1103 5326 1336 5392 πολλοὺς
1412 5331 1509 5383 καὶ
1578 5330 1869 5398 γενναίους

272 5415 687 5485 εἰσδεδεγμένον
739 5419 834 5471 καὶ
899 5419 1181 5489 τραπέζης
1259 5421 1356 5473 καὶ
1412 5419 1561 5474 ἁλῶν
1624 5421 1870 5492 συνεχῶς

272 5509 712 5580 κεκοινωνηκότα
760 5513 872 5577 τοῖς
926 5513 1411 5583 πεπολιτευμένοις
1461 5504 1527 5566 τε
1581 5515 1721 5567 πᾶσι
1772 5515 1868 5568 καὶ

271 5601 927 5672 τεθαυματουργημένοις
977 5601 1146 5675 μέχρι
1206 5603 1397 5667 τέλους
1440 5604 1866 5676 παρηκολουθη-

275 5692 413 5746 κότα
443 5693 802 5762 παντάπασις
828 5694 990 5764 δῆλόν
1026 5697 1143 5749 ἐστι
1178 5696 1362 5750 πᾶσαν
1396 5697 1693 5767 παρελθεῖν
1726 5699 1866 5766 ἀγά-

276 5802 388 5856 πης
419 5786 748 5860 ὑπερϐολὴν,
780 5790 875 5843 καὶ
909 5790 1016 5861 μὴν
1059 5791 1153 5843 mi
1196 5790 1411 5845 τοσόνδε
1446 5807 1499 5844 τι
1553 5790 1867 5862 προθυμίας

275 5872 432 5946 οἶμαι
495 5882 771 5949 περιεῖναι
822 5881 919 5953 τῷ
966 5882 1253 5954 ἁποστὸλῳ
1319 5882 1394 5947 ὡς
1448 5882 1611 5953 εἴπερ
1663 5883 1865 5954 ᾔσθετο

1970 4692 2158 4739 scatus
2184 4692 2303 4751 est;
2336 4692 2432 4738 aut
2464 4684 2649 4754 potius
2681 4692 2942 4755 tanquam
2983 4698 3183 4755 sagena
3227 4682 3388 4737 Petro
3417 4700 3555 4741 usus

1969 4775 2112 4831 intra
2141 4776 2282 4832 retia
2316 4785 2519 4831 terram
2551 4776 2870 4833 universam
2931 4776 3201 4831 includit:
3237 4776 3325 4831 cui
3360 4791 3556 4845 nempe

1968 4877 2024 4923 et
2055 4884 2223 4923 unum
2284 4867 2511 4925 verbum
2562 4869 2701 4925 satis
2754 4868 2857 4924 fuit
2892 4876 2975 4932 ut,
3019 4884 3141 4938 qua:
3180 4868 3234 4922 iu
3294 4868 3563 4922 manibus-

1967 4971 2132 5018 erant
2168 4961 2436 5028 dimissis,
2498 4968 2792 5018 vocantem
2827 4972 3176 5031 sequeretur.
3215 4961 3357 5026 Quid
3398 4971 3557 5031 putas

1969 5070 2071 5127 pro
2102 5054 2364 5124 Magistro
2389 5055 2545 5108 illum
2570 5052 2853 5109 facturqu
2889 5068 3015 5109 esse
3056 5063 3344 5124 postquam
3387 5052 3564 5108 verba

1970 5150 2144 5204 multa
2169 5157 2221 5203 et
2256 5148 2464 5204 nobilia
2512 5148 2751 5218 accepit,
2789 5157 2844 5202 et
2892 5162 3097 5202 mensa;
3136 5161 3202 5202 ac
3257 5145 3390 5201 salis
3418 5160 3565 5216 quo-

1973 5242 2222 5298 tidiauus
2262 5256 2495 5297 consors
2519 5239 2646 5306 fuit,
2700 5248 2756 5296 et
2798 5240 3059 5295 omnibus
3093 5246 3189 5294 aut
3239 5239 3565 5297 actionibus

1971 5344 2065 5391 aut
2094 5333 2376 5390 miraculis
2406 5333 2475 5389 ad
2503 5333 2670 5388 ﬁnem
2707 5348 2885 5403 usque
2929 5331 3154 5386 adfuit?
3197 5329 3556 5388 Manifestum

1971 5437 2057 5485 est
2110 5427 2265 5483 illum
2316 5441 2537 5482 omnem
2576 5426 2784 5484 amoris
2835 5425 3066 5494 gradum
3142 5432 3560 5494 transgressum

1972 5535 2095 5574 esse
2126 5533 2142 5572 :
2192 5531 2246 5572 et
2283 5525 2436 5572 certe
2487 5524 2701 5570 tantum
2732 5516 2947 5569 ardoris
2980 5515 3032 5568 in
3071 5515 3323 5583 apostolo
3378 5513 3562 5570 fuisse

1971 5612 2139 5666 credo
2181 5618 2264 5677 ut,
2307 5609 2354 5666 si
2412 5606 2756 5678 praevidisset
2788 5604 2907 5659 fore
2960 5615 3018 5659 ut
3069 5620 3130 5665 se
3167 5603 3425 5675 Magister
3460 5620 3560 5660 vo-

1970 5711 2144 5765 caret,
2168 5717 2359 5757 vocem
2384 5698 2629 5769 Magistri
2657 5697 3135 5768 prmcessissetﬁt
3156 5709 3290 5749 sane
3309 5692 3563 5764 quidem,

1970 5795 2123 5850 nullo
2151 5793 2433 5863 interjecto
2464 5803 2731 5861 tempore,
2758 5798 2988 5846 vocatus
3023 5786 3296 5854 accurrit;
3327 5795 3382 5842 et
3408 5788 3565 5856 quod

1972 5887 2208 5945 habebat
2252 5886 2512 5943 libentius
2540 5886 2705 5943 cessit
2740 5900 2904 5955 quam
2943 5890 3107 5939 antea
3150 5880 3556 5952 acquisivcvas.
