4076 6434
231 381 376 447 1029

1287 379 1692 441 ENCOMIUM
1733 380 1840 440 SS.
1885 383 2109 442 PETRI
2150 384 2243 442 ET
2286 385 2532 446 PAULI.

3378 389 3394 448 l
3405 390 3515 452 030

229 491 662 565 περιστήσαντα,
703 489 842 545 ἀλλὰ
871 490 964 544 καὶ
998 490 1124 554 τοὺς
1158 491 1356 555 ἄλλους
1393 493 1559 563 μηδὲν
1589 490 1731 546 εἶναι
1761 495 1820 546 τὸ

1942 494 2279 548 saevi-dolum
2313 497 2658 566 principibus
2697 511 2858 568 prout
2891 499 3109 554 volebat
3161 500 3512 569 adjutoribns

234 583 484 639 εὐσεϐεῖν
528 584 918 644 ἀναπείσαντα,
953 583 1008 636 ετ
1052 599 1136 646 τις
1184 584 1259 653 μὴ
1307 583 1381 654 τῷ
1430 586 1579 655 νόμῳ
1609 587 1822 657 χαίρειν

236 676 434 744 εἰπὼν,
481 677 596 740 τοῖς
649 676 863 730 ἐκείνου
913 676 1099 746 νόμοις
1149 677 1435 748 προσέχοι,
1477 680 1566 730 καὶ
1615 680 1679 748 δὴ
1731 679 1826 731 καὶ

239 770 384 822 κατὰ
411 770 522 822 τῶν
558 769 754 839 ἐκείνῳ
790 771 1309 840 πρσκεχωρηκξ-Ζτων
1359 771 1553 838 φωνῶν
1589 771 1621 841 ᾔ
1661 790 1697 834 ι,
1732 772 1827 825 καὶ

234 863 302 915 δι’
328 861 357 915 ὃ
381 861 552 916 ταῦτα
581 860 657 926 ὡς
699 860 923 934 εὔλογον
949 878 965 893 ο
1002 862 1142 932 ὑπὲρ
1174 861 1310 915 Θεοῦ
1350 864 1456 934 γὰρ
1494 864 1526 934 ἡ
1555 866 1702 933 μάχη
1730 870 1828 918 καὶ

241 957 352 1008 τῶν
379 956 624 1026 πατρίων
650 955 686 1010 ὃ.
718 958 916 1024 γνόφος
943 956 1038 1010 καὶ
1067 956 1215 1025 πυρα
1245 960 1342 1010 καὶ
1390 956 1612 1027 βρονταὶ
1640 958 1827 1011 θεόθεν

237 1048 298 1114 ἐξ
328 1047 489 1118 ὅρους
539 1047 854 1119 κυριόθέντα
890 1047 1277 1117 κατέπεμψαν,
1308 1048 1446 1118 πλὴν
1489 1051 1516 1102 ὃ
1651 1050 1830 1103 τοιοῦ-

239 1159 354 1206 τος,
386 1141 488 1193 κᾶν
523 1141 598 1209 τῷ
627 1141 820 1210 Σαύὶῳ
847 1141 944 1198 ,τὸν
974 1140 1184 1195 Παῦλον
1234 1141 1539 1208 ὑπέφαινεν
1579 1139 1692 1206 οἷος
1732 1143 1829 1196 καὶ

242 1230 336 1285 τὸν
382 1231 524 1301 ὑπὲρ
581 1230 822 1302 Χριστοῦ
883 1231 1049 1302 ζῆλον
1102 1232 1430 1303 θερμανθεὶς
1477 1233 1656 1298 ἔσται,
1715 1236 1830 1298 ἶσος

248 1322 351 1391 μὲν
401 1322 583 1394 ἑαυτῷ
616 1322 706 1376 τὸν
758 1323 920 1394 ζῆλον
951 1325 1010 1377 ὲν
1036 1324 1349 1395 ἑκατέροις,
1396 1321 1474 1393 τῷ
1503 1324 1560 1378 δὲ
1589 1325 1829 1397 δευτέρῳ

242 1416 342 1466 καὶ
374 1416 687 1485 προστιθεὶς
716 1418 813 1486 τὴν
857 1417 1158 1486 ἐπίγνωσιν
1189 1417 1286 1471 καὶ
1315 1421 1429 1481 τοῖς
1470 1417 1830 1473 πιστεύσασιν

243 1505 325 1568 εἰς
355 1509 417 1558 τι
447 1507 565 1559 δέον
590 1506 734 1562 ἅπαν
761 1508 1069 1578 γινόμενος,
1103 1511 1197 1562 καὶ
1231 1507 1338 1578 μὴν
1375 1511 1471 1563 καὶ⁸
1494 1511 1553 1562 τὸ
1585 1511 1830 1580 προστά-

253 1614 346 1666 την
379 1597 483 1666 μὲν
515 1602 608 1652 καὶ
641 1600 940 1669 συνήγορον
982 1594 1125 1654 εἷναι
1153 1601 1248 1653 τοῦ
1281 1602 1448 1670 νόμου
1476 1603 1570 1655 καὶ
1594 1602 1694 1672 τὴν
1735 1602 1834 1655 Ἰε-

245 1687 527 1758 ρουσαλὴμ
550 1689 890 1760 ὁρμητήριον
923 1689 1088 1759 ἔχειν,
1115 1690 1175 1743 οῦ
1201 1690 1438 1760 μάλιστα
1473 1691 1694 1744 πάντων
1720 1691 1834 1744 ἐδό-

239 1796 329 1832 κει
357 1784 426 1832 τα
447 1763 824 1850 καθεστηκότα
845 1784 1069 1850 κρατεῖν
1094 1783 1191 1835 καὶ
1219 1785 1331 1845 τοῖς
1361 1782 1680 1853 ἀρχιερεῦσι
1706 1782 1830 1836 καθ’

1934 589 2192 639 utebatur
2217 605 2230 641 :
2259 601 2311 640 at
2337 589 2424 640 illa
2452 590 2634 643 omnia
2666 607 2770 642 non
2790 591 3152 659 impedierunt
3181 594 3313 659 quin
3349 610 3511 648 ro-a-

1932 679 2135 731 tionem
2174 691 2638 746 sequeretur......
2683 681 2819 748 Quis
2855 698 2961 736 non
3006 685 3293 752 perculsus
3325 688 3514 740 venia-

1932 770 2001 824 lia
2045 773 2393 824 erubesceret
2436 771 2614 826 facere
2661 774 3117 830 Paulumicerte
3159 775 3301 831 Deus
3334 779 3508 842 solus,

1934 861 2218 914 hominum
2273 863 2420 916 enim
2473 865 2656 917 nullus
2710 864 3042 933 palinodiam
3095 879 3397 928 cantasset,
3458 880 3513 921 ct

1931 954 2210 1008 contraria
2243 957 2534 1010 contrariis
2557 967 2834 1022 satiasset,
2867 965 2921 1010 et
2953 958 3136 1012 lumen
3161 959 3422 1029 desuper,
3457 968 3512 1013 et

1931 1047 2152 1099 voeatio
2193 1045 2341 1100 inde.
2397 1047 2489 1101 Sic
2530 1057 2585 1102 et
2629 1064 2797 1104 ruens
2844 1049 3115 1104 violenter
3175 1049 3374 1106 llurnen
3408 1067 3512 1104 nec

1933 1138 2121 1193 decem
2168 1156 2428 1192 tnanuum
2477 1139 2645 1194 millia
2689 1151 2998 1194 retrorsum
3040 1153 3322 1211 cogerent.
3369 1142 3514 1197 Deus

1935 1244 2063 1283 vero
2097 1227 2425 1298 jampridem
2468 1230 2673 1282 dicitur
2703 1229 2838 1283 illud
2871 1231 3200 1284 miraculum
3237 1232 3511 1294 ell‘ecisse.

1933 1328 1990 1374 et.
2019 1335 2236 1388 seraper
2258 1331 2404 1374 certe
2423 1322 2606 1374 facere
2630 1322 2774 1375 idem
2803 1337 2963 1392 posse
2991 1324 3261 1378 creditur.
3286 1323 3346 1376 Et
3382 1326 3518 1378 ado-

1935 1407 2233 1478 lescentem
2265 1408 2493 1463 Paulum
2538 1419 2593 1464 et
2619 1411 2900 1480 juvenem,
2940 1413 3117 1466 virum
3167 1414 3520 1470 demonstra-

1933 1503 2012 1555 vit
2043 1519 2057 1555 :
2099 1517 2207 1556 non
2239 1503 2386 1558 enim
2417 1512 2528 1557 tam
2582 1503 2747 1560 facile
2772 1521 3002 1574 serpens
3023 1507 3187 1561 simul
3220 1523 3345 1562 eum
3376 1511 3518 1579 pelle

1935 1602 2273 1648 senectutem
2303 1594 2548 1663 deponit,
2581 1612 2746 1664 quam
2789 1597 2992 1653 Paulus
3046 1615 3169 1654 cum
3199 1599 3333 1670 legis
3365 1611 3521 1656 vetu-

1937 1696 2079 1742 state
2136 1697 2192 1743 et
2247 1699 2488 1744 veterem
2577 1689 2859 1745 hominem
2921 1692 3200 1762 deposuit.
3263 1692 3518 1750 Procedit

1938 1779 2109 1848 igitur
2127 1781 2574 1835 conciliationem
2610 1782 2842 1846 faciens,
2863 1799 2976 1837 non
3001 1784 3105 1838 sibi
3132 1785 3382 1854 quidem,
3416 1787 3520 1842 hoc

237 1871 267 1924 ὃ
291 1888 343 1925 τι
371 1871 439 1926 ἂν
467 1871 722 1942 βούληται
755 1875 1038 1944 συνεργοῖς
1079 1874 1342 1945 χρῆσθαι,
1375 1876 1543 1944 μηδὲν
1572 1875 1629 1928 δὲ
1659 1876 1833 1929 ταῦτα

1942 1873 2086 1925 enim
2147 1873 2446 1926 multorum
2496 1885 2601 1935 e5l,
2662 1873 2759 1928 sed
2817 1875 3247 1946 quibuscunque
3309 1881 3512 1934 caelum

238 1962 419 2017 πάντα
442 1964 577 2034 πρὸς
599 1964 697 2034 τὴν
729 1963 922 2036 κλῆσιν
951 1967 1203 2036 ἐμποδὼν
1234 1966 1384 2038 αὐτῷ
1415 1967 1700 2036 γέγονε....
1731 1968 1828 2033 Τίς

240 2055 344 2109 ούκ
376 2055 442 2110 ἂν
473 2057 771 2124 ἐκπλαγεὶς
819 2059 1146 2126 συγγνωστὰ
1176 2059 1363 2129 ὀκνοίη
1393 2062 1590 2124 ποιεῖν,
1619 2061 1831 2114 Παῦλον

239 2145 429 2215 ὀκνοίη
486 2146 550 2214 γέ
608 2163 692 2200 τοι
726 2148 858 2211 Θεὸς
914 2150 1098 2219 μόνος,
1139 2149 1446 2222 ἀνθρώπων
1494 2152 1606 2223 γὰρ
1639 2153 1704 2206 ἂν
1738 2155 1834 2207 ού-

239 2237 353 2300 δεὶς
407 2239 740 2308 παλινῳδίαν
783 2241 1038 2310 ἐποίησεν
1070 2241 1242 2313 ᾅδειν,
1293 2246 1388 2296 καὶ
1430 2246 1690 2298 τάναντία
1720 2249 1833 2309 τοῖς

240 2331 506 2394 ἐναντίοις
542 2333 748 2398 ἰᾶσθαι,
783 2336 877 2386 καὶ
909 2333 971 2386 τὸ
998 2334 1111 2403 φῶς
1142 2335 1372 2402 ἄνωθεν,
1417 2339 1513 2391 καὶ
1554 2339 1588 2409 ὴ
1636 2339 1832 2408 κλῆσις

243 2423 499 2476 ἐκεῖθενο
535 2424 678 2478 οῦτω
715 2444 818 2481 που
847 2428 940 2480 κοιλ⁹
972 2428 1278 2500 φερόμενον
1314 2430 1562 2500 ποταμὸν
1616 2432 1726 2484 οὐδ’
1765 2430 1832 2485 ἂν

244 2517 446 2587 μυρίαι
471 2520 652 2588 χεῖρες
679 2520 760 2582 είς
783 2520 1058 2590 ἁνάρῤουν
1083 2523 1332 2593 χωρῆσαι
1362 2523 1668 2594 βιάσαιντο·
1698 2525 1832 2588 Θεὸς

241 2605 299 2658 δὲ
331 2605 500 2660 πάλαι
534 2625 594 2661 τε
627 2608 849 2678 λέγεται
876 2613 1028 2665 τουτὶ
1064 2611 1691 2685 τεθαυματουργηκέναι
1738 2615 1832 2668 καὶ

242 2699 330 2750 ἀεὶ
370 2698 572 2768 δήποτε
601 2703 780 2754 ποιεῖν
818 2701 1137 2756 πιστεύεται
1160 2703 1446 2760 δύνασθαι-
1482 2707 1593 2760 Καὶ
1610 2709 1832 2762 νεανίαν

244 2795 327 2848 ἔτι
357 2795 452 2849 τὸν
483 2797 695 2850 Παῦλον
727 2797 856 2851 ὅντα
883 2799 979 2851 καὶ
1014 2799 1134 2852 νέον
1183 2800 1468 2871 ἀπέφηνεν
1502 2800 1792 2872 ἀνθρωπιν
1814 2819 1828 2833 ·

246 2890 309 2939 οὐ
342 2889 455 2960 γὰρ
485 2889 656 2954 οὕτως
689 2890 934 2959 εὐτυχῶς
958 2891 1084 2961 ὄφις
1111 2892 1412 2956 ἀποξύεται
1446 2895 1546 2947 σὺν
1581 2897 1646 2964 τῇ
1675 2895 1834 2964 λεϐη-

254 2981 367 3051 ρίδι
389 2981 450 3033 τὸ
475 2983 673 3053 γῆρας,
707 2982 783 3046 ὡς
819 2983 1028 3046 Παῦλος
1063 2985 1162 3036 σὺν
1191 2987 1257 3055 τῇ
1287 2984 1384 3038 τοῦ
1413 2986 1578 3054 νόμου
1608 2987 1834 3041 παλαιό-

247 3089 398 3143 τητι,
444 3077 539 3125 καὶ
577 3075 670 3128 τὸν
726 3075 960 3129 παλαιὸν
992 3076 1284 3148 ἄνθρωπον
1307 3095 1322 3109 ο
1360 3079 1618 3150 πρόσεισι
1649 3080 1834 3134 τοίνυν

1938 1977 2102 2032 supra
2133 1973 2300 2033 caput
2335 1974 2436 2019 est.
2477 1965 2542 2019 Et
2565 1966 2671 2020 hoc
2711 1974 2862 2019 certe
2889 1966 3092 2020 mirum
3123 1968 3177 2021 in
3207 1967 3376 2022 Paulo
3407 1979 3517 2033 est,

1936 2056 2080 2124 quod
2115 2072 2222 2109 non
2263 2073 2386 2111 cum
2415 2057 2694 2127 proposito
2730 2057 2904 2112 zelum
2934 2061 3378 2124 commntaverit.
3408 2063 3506 2117 sed

1937 2145 2082 2201 idem
2113 2147 2166 2201 in
2205 2147 2471 2203 alterutro
2519 2149 2790 2205 floruerit.
2829 2149 2968 2205 llinc
2997 2150 3156 2206 locus
3215 2153 3402 2208 nullus
3429 2155 3514 2209 bis

1938 2241 2128 2306 iStum,
2173 2243 2452 2297 volucrem
2489 2243 2646 2312 quasi
2678 2252 2898 2308 natura,
2934 2243 3161 2309 habuit;
3191 2245 3284 2300 sed
3314 2247 3521 2316 ubique

1939 2340 2209 2386 terrarum
2231 2333 2704 2403 progrediebatur,
2724 2333 2922 2401 aquilae
2940 2333 3510 2404 instar,quoscunque

1939 2422 2053 2478 fors
2101 2424 2373 2478 obtulerat
2422 2433 2480 2478 ut
2507 2425 2742 2480 salvaret
2773 2425 3031 2494 rapiens;
3069 2443 3240 2496 quare
3271 2428 3516 2496 quietum

1942 2525 2166 2585 tempzs
2199 2517 2334 2571 vidit
2386 2534 2565 2572 nemo.
2611 2518 2748 2574 Ilinc
2779 2521 2824 2574 si
2867 2536 2972 2573 non
3021 2529 3078 2575 et
3131 2531 3323 2576 noctes
3380 2531 3527 2576 totas

1940 2609 2134 2664 diebus
2168 2610 2460 2678 adjiciebat
2488 2611 2838 2680 proclamans
2864 2621 2916 2665 et
2951 2611 3177 2678 docens,
3209 2621 3264 2666 at
3318 2623 3521 2667 tectum

1937 2717 2044 2757 non
2079 2703 2348 2767 habebat;
2393 2703 2540 2768 hinc,
2577 2704 2702 2758 licet
2735 2703 2870 2757 nihil
2907 2719 3030 2758 cum
3069 2704 3136 2759 iis
3188 2704 3520 2772 quibuscum

1935 2805 2256 2850 'ct‘surelttl‘
2315 2795 2644 2861 lucraretur,
2706 2806 2998 2852 contentus
3053 2806 3172 2852 erat
3203 2813 3218 2862 ;
3253 2798 3347 2852 sed
3381 2813 3520 2868 quos

1937 2887 2176 2941 nondum
2206 2887 2386 2942 verbis
2419 2897 2795 2958 superaverat,
2856 2903 2951 2941 eos
2979 2905 3081 2942 non
3127 2888 3358 2951 habens,
3425 2905 3528 2942 nc.-

1936 2995 2045 3050 que
2082 2979 2228 3036 dicat
2257 2980 2453 3050 aliquis
2513 2993 2779 3048 quantum
2832 2981 3176 3036 existimaret
3256 2978 3520 3034 damnum

1937 3073 2165 3142 agitare,
2223 3073 2695 3127 cuminsaliabilis
2728 3089 2852 3128 vere
2880 3073 3242 3127 humanarum
3314 3075 3528 3128 anima-

245 3164 346 3234 τὴν
381 3165 660 3218 οἱκείωσιν
692 3168 974 3236 πράττων,
1007 3169 1189 3239 ἑαυτῴ
1223 3169 1322 3239 μὲν
1355 3170 1500 3242 οὐχὶ,
1523 3170 1679 3224 τοῦτο
1723 3172 1832 3241 γὰρ

1942 3185 2055 3223 rum
2093 3176 2237 3230 esset
2262 3175 2495 3232 amator,
2541 3182 2758 3221 noueas
2801 3168 2905 3221 sibi
2955 3167 3110 3235 quasi
3175 3167 3530 3222 matrimonio

245 3257 359 3312 τῶν
389 3259 622 3328 πολλῶν,
657 3261 774 3316 ἀλλ’
799 3263 946 3325 ὅσοις
982 3262 1124 3334 ὑπὲρ
1159 3265 1408 3333 κεφαλῆς
1435 3265 1686 3337 οὐρανός.
1722 3267 1834 3320 Καὶ

246 3347 411 3402 τοῦτο
456 3352 562 3421 γὰρ
611 3351 676 3422 δὴ
727 3355 1048 3424 θαυμαστὸν
1091 3356 1202 3409 τῶν
1252 3355 1349 3410 τοῦ
1403 3357 1639 3423 Παύλου,
1667 3357 1727 3409 τὸ
1763 3357 1837 3428 μὴ

248 3443 692 3511 συμμεταθεῖναι
744 3448 811 3517 τῇ
852 3447 1110 3516 προθέσει
1169 3448 1262 3502 τὸν
1324 3449 1510 3519 ζῆλον,
1562 3449 1698 3502 ἀλλὰ
1744 3447 1838 3502 τὸν

243 3532 416 3585 αὐτόν
447 3535 505 3588 ἐν
541 3536 828 3608 ἑκατέροις
867 3537 1190 3609 ἀκμάζειν.κ
1217 3541 1505 3594 Ἐντεῦθεν
1540 3543 1704 3604 τόπος
1734 3541 1837 3611 μὲν

243 3625 272 3675 ὁ
303 3625 469 3690 αὐτὸς
501 3627 696 3682 ἑκόντα
739 3630 822 3691 δὶς
869 3629 1068 3702 ἐφεξῆς
1113 3633 1204 3687 τὸν
1255 3635 1466 3703 πτηνὸν
1517 3635 1617 3704 τὴν
1671 3633 1836 3700 φύσιν

244 3717 410 3790 ἔσχεν
456 3722 657 3791 οὐδεὶς,
701 3723 836 3776 ἀλλὰ
867 3726 964 3778 καὶ
1012 3726 1152 3797 διῄει
1206 3728 1515 3795 πανταχόσε
1572 3725 1670 3794 τῆς
1734 3725 1839 3792 γῆς

247 3812 415 3867 ἀετοῦ
447 3816 650 3886 τρόπον
684 3818 895 3879 πάντας
933 3812 1016 3880 οἷς
1049 3819 1116 3870 ἂν
1147 3816 1351 3890 ἐντύχῃ
1383 3819 1520 3886 πρὸς
1559 3817 1838 3886 σωτηρίαν

247 3903 518 3973 ἁρπάζων
541 3921 557 3936 ο
591 3905 846 3959 ἐντεῦθεν
875 3907 1195 3976 ἠρεμοῦντα
1227 3913 1426 3978 χρόνος
1457 3903 1598 3960 εἶδεν
1635 3905 1834 3969 οὐδείς.

261 3993 560 4048 Ἐντεῦθεν
591 3995 641 4046 εί
669 3995 746 4065 μὴ
787 3997 880 4048 κα¹ι
907 3997 1111 4059 νύκτας
1135 3997 1263 4058 ὅλας
1293 3997 1413 4059 ταῖς
1439 3996 1677 4066 ἡμέραις
1714 4012 1841 4047 συν-

249 4083 419 4136 άπτει
471 4083 761 4153 κηρύττων
795 4085 934 4154 ὁμοῦ
981 4086 1078 4138 καὶ
1128 4085 1419 4152 διδάσκων,
1471 4088 1688 4153 στέγειν
1738 4084 1841 4137 ούκ

251 4167 404 4243 εἶχεν
426 4191 442 4206 υ
478 4174 735 4228 ἐντεῦθεν
761 4175 861 4246 οὐχ
898 4175 1050 4239 ὅπως
1107 4171 1191 4239 οἷς
1235 4175 1502 4245 ἐτύγχανε
1537 4175 1842 4245 κερδαίνων

250 4266 468 4334 ἠγάπα,
502 4262 710 4322 ἁλλ’ὧν
739 4265 892 4321 οὔπω
921 4267 998 4336 τῷ
1033 4267 1176 4340 λόγῳ
1209 4268 1584 4339 περιεγένετο,
1617 4266 1841 4331 τούτους
1879 4271 1885 4277 ’

250 4357 356 4412 οὐκ
383 4360 520 4431 ἔχων
546 4359 655 4412 οὐδ’
681 4360 748 4414 ἂν
779 4362 926 4414 εἴποι
951 4378 1037 4424 τις
1066 4361 1145 4422 εἰς
1182 4361 1314 4431 ὅσην
1343 4357 1480 4430 ᾤετο
1500 4360 1600 4430 τὴν
1633 4359 1841 4430 ζημίαν

247 4449 508 4506 ἐλαύνειν
541 4451 822 4524 ἄπληστος
874 4453 1047 4517 ὅντως
1087 4451 1195 4507 τῶν
1253 4453 1619 4522 ἀνθρωπίνων
1646 4451 1840 4522 ψυχῶν

1939 3259 2296 3328 conjungens,
2328 3256 2421 3312 sed
2447 3256 2575 3325 Deo,
2595 3256 2683 3312 cui
2706 3266 2757 3310 rt
2777 3273 2930 3311 suam
2952 3257 3121 3326 ipsius
3139 3258 3376 3310 animam
3401 3274 3528 3313 cum

1939 3351 2338 3420 despondisset.
2375 3365 2480 3403 non
2511 3349 2621 3418 jam
2653 3350 2766 3416 ipse
2797 3351 3019 3413 viveret,
3050 3353 3318 3405 viventem
3350 3363 3530 3406 autem

1940 3443 2110 3497 Deum
2152 3443 2204 3496 iu
2241 3459 2300 3498 se
2335 3443 2583 3496 haberet.
2615 3441 2748 3508 Quae
2784 3441 3002 3508 quidem
3045 3452 3174 3496 sunt
3223 3443 3530 3498 vocationis

1940 3537 2417 3607 apostolorum,ut
2458 3550 2527 3590 ne
2585 3533 2703 3604 ipse
2759 3537 2937 3588 dicam
2997 3534 3301 3590 secundum
3387 3537 3534 3605 quod

1942 3631 2198 3699 Sequitur
2223 3629 2353 3682 talia
2381 3645 2396 3695 ;
2420 3637 2471 3681 et
2502 3643 2604 3683 voc
2625 3630 2716 3681 .tio
2756 3628 2832 3682 illi
2863 3627 3083 3698 quidem
3112 3637 3355 3696 tempore
3377 3628 3534 3684 diﬂ'e-

1943 3739 2091 3788 rens,
2125 3721 2253 3774 huic
2279 3736 2406 3774 vero
2432 3720 2717 3778 mirabilis.
2745 3719 3028 3788 aequaliter
3052 3721 3321 3773 ambobus
3353 3720 3404 3774 iu
3431 3719 3535 3774 ιω.

1942 3829 2078 3866 nore
2121 3812 2336 3879 positis,
2389 3821 2441 3864 ct
2466 3827 2734 3864 summam
2789 3809 3113 3879 praahensin
3147 3811 3196 3864 id
3239 3812 3384 3879 quod
3435 3813 3533 3865 bu-

1944 3920 2073 3958 num
2091 3914 2164 3954 est
2189 3890 2634 3971 promptitudiuis
2657 3917 2850 3954 eorum
2881 3901 3290 3955 documentum.
3322 3902 3533 3957 Succe-

1942 3995 2020 4050 dit
2056 4010 2186 4048 veto
2221 3993 2354 4046 mihi
2408 3994 2494 4047 his
2528 3992 2711 4046 virbis
2766 3993 2951 4045 statim
3003 4007 3194 4045 eorum
3267 3993 3320 4047 in
3376 3993 3536 4049 Chri-

1943 4101 2086 4142 swm
2126 4100 2306 4152 amor,
2332 4085 2423 4152 qui
2458 4082 2677 4153 quidem
2703 4083 2836 4138 nihil
2874 4085 3076 4144 minus,
3109 4084 3220 4136 itno
3253 4099 3380 4137 vero
3417 4102 3537 4138 Illa-

1937 4180 2030 4251 jus
2068 4179 2281 4234 caeteris
2305 4178 2499 4232 ot'liciis
2522 4178 2706 4240 habet,
2741 4192 2842 4230 cur
2870 4177 2976 4231 illis
3009 4189 3136 4230 ante
3168 4191 3362 4230 otunes
3408 4171 3540 4247 apo-

1945 4273 2115 4331 stolos
2164 4272 2460 4328 eminentia
2499 4270 2836 4326 conferatur.
2903 4270 3076 4325 Tanta
3135 4270 3359 4325 enimet
3411 4272 3539 4325 talia

1948 4363 2342 4419 benevolenti-.1:
2365 4378 2494 4433 erga
2537 4361 2858 4433 Magistrum
2917 4363 2983 4417 ab
3045 4363 3154 4416 illis
3209 4362 3334 4417 data
3409 4357 3542 4418 sunt

1949 4457 2123 4527 signa,
2160 4465 2218 4510 ut
2248 4456 2339 4526 qui
2377 4457 2547 4511 multa
2597 4465 2652 4510 et
2683 4470 2876 4523 magna
2932 4455 2999 4510 de
3058 4455 3164 4509 idls
3217 4455 3362 4522 laqui
3410 4471 3541 4509 eou-

247 4543 493 4618 ἐραστὴς
525 4545 624 4616 οὐχ
655 4547 832 4614 ἑαυτῴ
868 4546 1073 4610 ταύτας
1113 4530 1431 4616 νῦμφεύων,
1460 4545 1596 4598 ἀλλὰ
1645 4543 1764 4615 Θεῷ
1795 4537 1837 4611 ᾧ

1951 4549 2219 4612 tenderet,
2252 4549 2604 4604 convinceret
2652 4548 2866 4603 etiamsi
2926 4562 3096 4617 pauca
3126 4549 3156 4600 d
3185 4556 3353 4600 ceret.
3418 4547 3543 4601 l‘ri-

249 4637 352 4688 καὶ
376 4639 476 4707 τὴν
503 4639 641 4691 ἰδίαν
671 4639 1089 4709 κατεγγυήσας,
1121 4638 1219 4708 ἔζη
1265 4637 1363 4705 μὲν
1397 4637 1498 4690 οὐκ
1527 4637 1608 4690 ἐτι
1649 4639 1836 4701 αὐτὸς,

251 4727 436 4790 ζῶντα
461 4729 506 4784 δ’
531 4734 740 4783 ἐκεῖνον
759 4726 907 4801 εἶχεν
939 4734 994 4784 ἐν
1020 4730 1228 4802 ἐαυτῷ.
1261 4732 1331 4784 ’Δ
1364 4731 1548 4801 μὲνδὴ
1583 4729 1684 4801 τῆς
1713 4731 1846 4800 κλή-

255 4837 399 4886 σεως
431 4823 538 4876 τῶν
563 4825 902 4889 ἀποστόλων,
937 4823 1014 4886 ὡς
1055 4825 1158 4893 ἐμέ
1193 4839 1258 4892 γε
1290 4823 1434 4876 κατὰ
1464 4825 1525 4876 τὸ
1559 4824 1714 4878 ὲπιὺν
1756 4823 1845 4877 λέο

252 4931 320 4981 γε
333 4935 405 4982 ιν,
438 4917 691 4984 τοιαῦτα,
725 4919 878 4989 καὶὴ
911 4917 1101 4987 κλῆσις
1121 4916 1200 4987 τῷ
1224 4917 1324 4988 μὲν
1353 4917 1532 4988 χρόνῳ
1557 4917 1845 4986 διάφορος,

255 5007 336 5076 τῷ
369 5011 428 5063 δὲ
453 5010 748 5080 θαυμαστὴ
779 5009 867 5062 ἐπ’
893 5011 1103 5083 ἀμφοῖν
1132 5004 1272 5063 εἶναι
1299 5010 1587 5078 ὁμότιμος,
1618 5010 1714 5062 καὶ
1744 5008 1846 5077 τὴν

257 5101 501 5174 ἐσχάτην
532 5105 888 5175 παρεχομένη
916 5104 1016 5174 τῆς
1043 5103 1184 5174 πρὸς
1215 5102 1456 5171 τάγαθὸν
1489 5101 1848 5171 ἑτοιμότητος

258 5196 443 5248 αὐτῶν
477 5197 730 5266 βάσανον.
767 5197 1090 5268 Διαδέχεται
1119 5196 1176 5249 δέ
1230 5212 1321 5264 μοι
1355 5194 1444 5248 τὸν
1504 5195 1662 5262 λόγον
1717 5193 1844 5261 ἑξῆς

257 5291 320 5340 τὸ
355 5292 492 5361 πρὸς
523 5291 761 5360 Χριστὸν
787 5291 970 5345 αὐτῶν
1001 5289 1225 5362 φίλτρον
1245 5305 1258 5320 ·
1289 5290 1430 5358 ὅπερ
1465 5289 1620 5341 οὐδὲν
1651 5283 1844 5362 ἦττον,

257 5382 396 5436 ἀλλὰ
433 5383 526 5437 καὶ
593 5383 795 5453 μᾶλλον
843 5382 953 5435 τῶν
994 5382 1173 5436 ἄλλων
1223 5379 1696 5448 κατορθωμάτων,
1747 5378 1850 5447 τὴν

258 5473 635 5547 ἀποστολικην
684 5475 984 5547 προεδριαν
1008 5477 1090 5538 εἰς
1118 5473 1318 5536 αὐτοὺς
1349 5472 1508 5542 περιέ
1523 5487 1706 5539 στησε.
1739 5469 1846 5521 Το⁹

261 5565 442 5621 σλῦτα
471 5567 578 5634 γὰρ
609 5569 702 5622 καὶ
733 5567 962 5621 τοιαῦτα
1011 5567 1109 5636 τῆς
1143 5565 1280 5635 πρὸς
1311 5564 1402 5616 τὶν
1438 5562 1708 5630 δεσπότην
1759 5563 1850 5612 sii-

259 5659 410 5723 νοίας
430 5662 610 5724 αὐτοῖς
648 5660 917 5732 ἐξηνέχθη
938 5661 1006 5712 τὰ
1035 5658 1307 5726 σύμϐολα,
1335 5657 1436 5710 ὃσα
1457 5654 1552 5707 καὶ
1585 5655 1675 5705 τὸν
1707 5655 1848 5705 πάνυ

262 5750 434 5805 πολλὰ
463 5755 557 5807 καὶ
587 5756 804 5824 μεγαλα
837 5753 1228 5808 σποδδασαντα
1256 5767 1319 5802 πε
1331 5750 1388 5820 ρί
1431 5746 1849 5800 τούτων-εἰπεῖν

263 5834 583 5912 βραχύτατα
611 5845 674 5899 ἂν
710 5845 929 5915 ἐλέγξαι
963 5845 1208 5899 εἰπόντα.
1245 5841 1448 5913 Ιιρῶτα
1507 5839 1686 5893 τοίνυν
1727 5837 1836 5891 τῶν

1955 4655 2103 4692 mum
2135 4655 2288 4708 ergo,
2346 4653 2468 4693 cum
2498 4638 2679 4692 caeteri
2709 4638 2958 4706 discipuli
2995 4637 3099 4690 alia
3151 4637 3544 4705 responderent

1950 4728 2218 4783 Salvatori
2244 4727 2750 4798 cosinterroganti:
2785 4745 2803 4778 ι
2835 4728 3005 4791 Quem
3035 4742 3120 4780 me
3145 4725 3389 4778 homines
3421 4741 3544 4778 esse

1948 4821 2224 4875 dicunt?)
2261 4863 2275 4887 ,
2311 4836 2548 4888 cumque
2587 4820 2662 4873 illi
2688 4829 2880 4888 postca
2913 4826 2973 4872 ut
3017 4832 3172 4872 suam
3264 4816 3364 4884 ipsi
3421 4832 3544 4886 pro-

1951 4921 2161 4968 merent
2195 4912 2519 4968 sententiam
2553 4912 2914 4981 postularent,
2953 4910 3146 4964 Petrus
3195 4909 3335 4963 hanc
3381 4909 3548 4960 inter-

1951 5009 2285 5078 rogationem
2313 5005 2465 5074 quasi
2499 5003 2703 5072 aliquid
2733 5002 2901 5056 [elicit
2923 5017 2964 5052 σι’
2986 5016 3287 5054 occurrens
3328 5015 3543 5051 num-u-

1960 5101 2139 5168 pando
2171 5109 2223 5152 et
2249 5098 2568 5166 phalangem
2596 5105 2921 5149 cetatrorum
2951 5101 3009 5145 ut
3033 5093 3287 5161 princeps
3313 5105 3547 5159 pra-rur-

1953 5203 2104 5253 sans,
2161 5203 2284 5258 qua:
2313 5186 2637 5256 jamdudum
2678 5182 3020 5253 parturiebat
3066 5182 3357 5235 occasione
3418 5194 3550 5232 usus

1952 5282 2264 5352 expressit;
2298 5290 2352 5334 et
2387 5279 2678 5334 hominum
2713 5280 2778 5332 de
2809 5272 3551 5342 Salraloreopinioni-Suillil

1955 5375 2264 5430 simulando
2321 5381 2416 5426 aut
2474 5369 2894 5433 dissimulando,
2929 5387 2947 5419 ι
2994 5367 3297 5428 Christum,
3352 5365 3549 5434 inquit,

1954 5465 2157 5521 Filium
2183 5465 2274 5520 Dei
2304 5465 2463 5519 vivi.»
2495 5463 2663 5531 (Iujns
2691 5475 2994 5516 consensus
3017 5473 3248 5523 merces,
3276 5456 3555 5510 beatitudo

1963 5566 2018 5611 ct
2050 5557 2334 5626 persuasio
2366 5555 2748 5609 revelatianeai
2777 5551 2937 5606 Petro
2971 5567 3000 5604 a
3057 5551 3167 5604 Deo
3207 5551 3417 5610 venire,
3487 5559 3542 5602 et

1956 5665 2123 5720 super
2177 5658 2384 5718 petram
2419 5645 2672 5700 Ecclesia:
2722 5660 2834 5699 suae
2893 5641 3207 5706 agiliﬁtatiu,
3262 5651 3316 5692 et
3373 5639 3558 5693 claves

1964 5742 2116 5813 regni
2205 5741 2474 5796 caalorum
2526 5740 2689 5802 datae,
2753 5749 2803 5792 et
2864 5739 3158 5807 promissio
3215 5746 3557 5804 quaecunque

1959 5847 2053 5890 aut
2101 5834 2274 5890 vincta
2304 5845 2396 5887 aut
2424 5831 2651 5887 remissa
2683 5847 2712 5884 a
2742 5831 2905 5886 Petro
2940 5829 3163 5893 [uer-iul,
3190 5829 3278 5881 illa
3309 5825 3464 5879 rauzd
3504 5837 3559 5876 ut

2767 5949 2792 5966 ρ
2823 5969 2826 5972 .
