4076 6476
434 416 578 484 τοττι

1684 405 1981 479 ΜΛΧῙΜΙ
2031 406 2413 473 ΡιΛΝυΟΕ

3562 406 3700 472 113⁸0

435 543 570 597 latio
596 538 827 593 tiliorum
868 531 961 589 Dc:
994 540 1045 587 et
1075 528 1302 586 denrttm
1328 526 1933 585 rectissimctribnitur.
1959 526 2024 581 Et

2135 547 2214 582 σιν
2247 527 2514 599 ὀρθότατα
2581 524 2650 580 ἂν
2714 525 2829 596 ἔχοι
2891 526 2984 579 καὶ
3039 523 3177 579 Θεοῦ
3226 523 3361 589 υίοτς
3411 526 3506 581 καὶ
3556 528 3699 589 θεοῖς

437 649 536 703 par
562 641 646 686 est
683 635 741 682 ut
782 642 906 681 cum
932 639 1040 693 quo
1064 623 1276 677 ratiOne
1299 629 1568 689 suscepta!
1598 620 1809 682 carnis,
1846 618 2018 689 inglo-

437 725 574 777 riam
596 722 758 775 vitam
784 727 999 788 agente,
1020 712 1308 784 inglorium
1328 713 1494 769 simul
1515 712 1679 766 vitam
1719 710 2017 775 duxerunt,

435 829 558 868 cum
576 812 764 866 eodem
787 810 855 864 ad
878 807 1152 875 prOprlam
1197 804 1425 875 gloriam
1462 814 1771 873 assumpto,
1798 802 2018 873 conglo-

440 907 721 959 riiiccntttr
750 916 765 954 :
799 910 855 953 ut
911 898 1137 965 proinde
1183 897 1317 951 mibi
1369 896 1666 966 apostolos.
1691 895 1847 965 quasi
1905 893 2020 964 jam

437 993 650 1050 tltronis
695 992 1015 1058 insidentes,
1032 989 1453 1061 contemplanti,
1483 989 1568 1044 sic
1598 987 1751 1042 aﬂ'ari
1790 986 1973 1042 lubeat
2002 1003 2018 1041 :

508 1153 810 1225 Oportebat
843 1158 903 1205 ut
928 1162 1043 1216 vos,
1080 1146 1173 1218 qui
1200 1162 1324 1202 curn
1351 1141 1532 1201 Verbo
1564 1144 1772 1199 multos
1792 1143 2017 1198 labores

438 1245 782 1309 cxantlastis,
819 1255 968 1297 nunc
1002 1239 1426 1294 retributionem
1460 1237 1809 1306 acciperetis.
1867 1235 2024 1291 Nunc

442 1339 656 1394 sincera
686 1345 740 1391 et
768 1332 978 1404 liquida
1010 1331 1260 1401 magistri
1301 1329 1469 1384 vestri
1495 1338 1552 1384 et
1576 1337 1759 1383 vestra
1786 1337 1872 1382 est
1894 1329 2016 1395 glo-

436 1432 546 1486 tria.
579 1425 736 1482 Nune
764 1424 915 1480 nullo
935 1438 1072 1493 opus
1101 1431 1186 1478 est
1209 1428 1558 1492 tegumento,
1591 1427 1648 1474 et
1681 1419 2022 1489 paupertatis

436 1522 687 1597 obiectu,
711 1532 873 1589 quam
901 1516 1029 1570 olim
1057 1514 1112 1569 in
1135 1511 1414 1569 communi
1445 1510 1733 1575 colebatis,
1760 1519 1820 1565 ut
1840 1509 2025 1566 dicere

446 1628 553 1666 non
587 1612 838 1674 habeam,
886 1607 1016 1678 quis
1050 1621 1115 1661 ex
1149 1604 1307 1661 vobis
1339 1613 1471 1659 tunc
1507 1604 1680 1674 magis
1714 1602 1879 1658 fuerit
1924 1602 2024 1659 ltu-

442 1702 593 1756 milis
621 1709 677 1755 et
724 1699 996 1771 abiectus,
1025 1695 1150 1764 quis
1184 1694 1359 1763 magis
1415 1706 1644 1762 egenus,
1673 1689 1798 1761 quis
1851 1689 2025 1760 magis

448 1794 777 1853 inhonorus,
838 1789 961 1856 quis
997 1786 1242 1857 undique
1299 1784 1585 1854 expulsus,
1616 1782 1739 1853 quis
1786 1783 2025 1853 pessime

2123 606 2509 691 χρηματίζειν.
2546 618 2659 673 Καὶ
2706 610 2752 686 ᾧ
2801 618 3131 689 συνηδόξουν
3191 617 3469 684 ἀδοξοῦντι
3522 617 3701 687 λόγοις

2123 711 2461 779 οἰκονομίας.
2518 706 2696 773 τούτῳ
2748 710 2889 780 μετὰ
2932 710 3033 780 τῆς
3079 710 3291 773 οἰκείας
3352 710 3484 764 ίόντι
3541 710 3698 780 δόξης

2126 803 2579 872 συνδοξασθῆναι.
2606 803 2773 856 Ὥστε
2806 820 2897 873 μοι
2944 801 3187 865 καὶτοὺς
3216 802 3545 864 ἀποστόλους
3565 802 3696 872 όρςῖν

2123 898 2219 951 ἐπὶ
2243 897 2350 950 τῶν
2371 896 2579 967 θρόνων
2604 896 2700 951 νῦν
2731 896 3055 968 ίδρυμένους
3078 895 3353 962 δοκοῦντι,
3371 896 3533 950 ταυτὶ
3562 897 3697 967 πρὸς

2124 987 2321 1051 αὐτοὺς
2349 986 2531 1040 ιπεισι
2563 986 2746 1057 λέγειν
2770 1003 2787 1021 ο

2195 1147 2311 1203 Νῦν
2339 1147 2506 1219 ιχρῆν
2529 1148 2675 1218 ὑμᾶς
2713 1148 2812 1209 τάς
2847 1131 3108 1219 ἀμοιόἀς,
3139 1138 3186 1203 ὦ
3217 1145 3294 1219 τῷ
3335 1148 3492 1218 Λόγῳ
3528 1147 3697 1203 πολλά

2128 1241 2599 1312 συμπονήσαντες,
2643 1239 2969 1297 ἀπολαϐεῖν.
3031 1239 3151 1295 Νῦν
3206 1239 3428 1311 καθαρά
3490 1241 3559 1296 τά
3603 1241 3698 1312 τῆς

2125 1334 2284 1405 δόξης
2328 1332 2408 1404 τῷ
2458 1331 2768 1404 διδασκάλῳ
2812 1348 2875 1387 τε
2930 1335 3028 1387 καὶ
3083 1333 3235 1403 ὑμῖν.
3289 1331 3406 1385 Νῦν
3456 1332 3574 1387 οὐδὲ
3620 1331 3700 1387 δεῖ

2126 1425 2677 1497 παραπετασμάτων,
2733 1423 2855 1478 οὐδὲ
2908 1426 3183 1496 πτωχείας
3229 1423 3697 1497 προϐεϐλημένης.

2127 1520 2300 1574 Πάλαι
2342 1516 2518 1573 ταῦτα
2568 1519 2767 1582 κοινῶς
2822 1520 3246 1591 ύμῖνοὲτιμᾶτο,
3281 1518 3357 1582 ὡς
3390 1518 3513 1589 μηδ’
3551 1516 3701 1589 ἔχειν

2125 1612 2304 1666 εἰπεῖν
2354 1610 2495 1682 μήτε
2545 1611 2691 1674 τότε,
2723 1611 2809 1674 τίς
2883 1611 3088 1682 μᾶλλον
3137 1610 3292 1680 ὑμῶν
3318 1610 3592 1675 ταπεινὸς,
3617 1610 3702 1674 τίς

2126 1704 2414 1775 ἀκτήμων,
2443 1702 2527 1767 τίς
2554 1703 2773 1773 ἄτιμος,
2804 1703 2891 1766 τίς
2939 1703 3305 1773 ἐλαυνόμενος
3343 1703 3696 1775 πανταχόθεν,

2126 1800 2213 1862 τίς
2264 1794 2727 1868 κακουχούμενος,
2759 1798 2897 1868 μήτε
2945 1796 3061 1861 νῦν,
3089 1797 3175 1860 τίς
3226 1796 3430 1867 μᾶλλον
3461 1796 3698 1867 ὑψηλός·

440 1884 670 1940 italiitus
694 1901 709 1949 ;
736 1882 809 1937 ita
833 1890 890 1935 et
920 1894 1066 1935 nunc
1111 1886 1355 1934 statuere
1377 1890 1490 1931 non
1520 1889 1773 1946 possum,
1802 1874 1929 1945 quis
1956 1889 2021 1931 ex

2135 1890 2210 1955 τίς
2249 1889 2527 1957 πλούσιος,
2560 1891 2643 1953 τίς
2699 1890 2858 1943 εἷπον
2910 1891 3006 1943 καὶ
3064 1890 3226 1958 μόνον
3274 1887 3697 1960 μνημονευθείη,

443 1978 601 2032 vobis
629 1976 700 2030 sit
724 1973 1032 2039 sublimior,
1054 1973 1179 2043 quis
1209 1971 1397 2035 ditior,
1430 1971 1577 2040 quis,
1606 1968 1785 2024 sicubi
1819 1968 1903 2023 vel
1928 1983 2022 2023 so-

443 2073 560 2125 lum
589 2069 793 2123 mentio
827 2066 948 2136 ejus
980 2063 1209 2126 incidat,
1245 2062 1434 2117 statim
1466 2061 1790 2122 honoribus.
1822 2059 2024 2131 plausi-

444 2161 552 2215 itus
582 2171 636 2215 ct
670 2158 919 2213 laudibus
943 2172 1051 2211 non
1073 2153 1406 2209 cumuletur.
1431 2151 1589 2218 Quis,
1613 2151 1707 2220 qui
1756 2165 1905 2205 nunc
1957 2148 2027 2203 li-

446 2252 765 2310 bentissime
817 2249 1021 2318 ubique
1055 2247 1296 2301 locorum
1354 2242 1670 2312 recipitur?
1720 2241 1878 2310 Quis,
1929 2240 2026 2312 qui

445 2359 597 2402 nunc
630 2350 780 2397 tanta
824 2338 1162 2396 beatitudine
1192 2335 1443 2390 fruitur?
1475 2333 1537 2389 ili
1574 2335 1848 2390 seminum
1907 2334 2027 2389 illo-

446 2454 570 2492 rum
599 2432 855 2503 manipuli
879 2439 1027 2487 sunt.
1058 2427 1182 2483 llaec
1203 2427 1465 2498 praeclare
1486 2426 1754 2481 factorum
1781 2424 2027 2496 praemia.

448 2528 546 2582 "ut
574 2524 942 2599 certaminum
973 2535 1210 2576 coronat.
1246 2517 1373 2574 llaec
1401 2508 1758 2573 inelabilium
1779 2517 2025 2572 laborum

447 2634 681 2675 merces.
715 2615 994 2686 Ejusmodi
1033 2626 1181 2667 nunc
1209 2608 1556 2676 divitiarum,
1587 2609 1933 2680 voluptatum
1971 2614 2029 2664 et

448 2714 721 2767 honorum
758 2708 910 2778 copia
963 2704 1373 2771 circuutlluitis,
1421 2703 1603 2772 qualis
1659 2700 1791 2758 nulli
1823 2710 2029 2756 morta-

449 2808 606 2867 lium,
648 2802 742 2858 sed
784 2817 883 2857 nec
911 2799 1167 2855 onmibus
1195 2796 1362 2853 simul
1416 2811 1655 2866 unquam
1710 2793 1932 2866 obtigit.
1965 2793 2031 2847 Et

448 2901 497 2956 si
522 2898 649 2968 quis
685 2910 779 2950 vos
822 2892 1091 2959 nominet,
1143 2890 1257 2962 jam
1313 2889 1517 2945 fontem
1554 2887 1801 2943 omnium
1852 2886 2031 2942 bono-

451 3006 513 3044 ru
526 3008 575 3044 ut
621 2988 943 3042 nominavit.

523 3148 591 3199 At
635 3158 895 3214 quorsum
931 3142 1105 3197 evasit
1161 3140 1378 3194 oratio?
1413 3155 1534 3193 naut
1574 3155 1698 3192 cum
1763 3137 2030 3207 pericula,

2130 1983 2329 2039 αὐτίκα
2373 1982 2532 2053 τιμαὶ
2577 1983 2670 2035 καὶ
2702 1985 2887 2052 κρότοι
2931 1984 3026 2037 καὶ
3057 1982 3292 2037 ἔπαινοι.
3325 1981 3420 2045 Τίς
3455 1981 3701 2051 ἀσμένως

2128 2079 2195 2135 διν
2248 2074 2560 2147 ἁπανταχοῦ
2616 2076 3053 2147 δεχθησόμενοςς
3093 2075 3192 2139 Τίς
3242 2075 3422 2129 συνὼν
3465 2074 3700 2147 τοσαύτῃ

2130 2170 2541 2242 μακαριότητις
2579 2167 2781 2223 Ταῦτα
2816 2169 2928 2222 τῶν
2988 2169 3321 2238 σπερμάτων
3365 2167 3586 2221 ἐκείνων
3632 2165 3701 2220 τά

2129 2264 2406 2334 δράματα,
2445 2260 2618 2316 ταῦτα
2672 2260 2781 2316 τῶν
2839 2260 3289 2331 κατορθωμάτων
3341 2258 3568 2313 ἐκείνων
3634 2258 3702 2312 τὰ

2132 2356 2290 2428 γέρα.
2323 2353 2483 2409 Οὗτοι
2541 2353 2652 2407 τῶν
2686 2353 3085 2422 παλαισμάτων
3131 2353 3179 2406 oi
3225 2350 3521 2422 στέφανοι⁸
3550 2343 3699 2428 οὗτος

2129 2426 2293 2506 ὁτῶν
2319 2448 2617 2521 ἀμυθήτων
2673 2448 2858 2502 πόνων
2910 2445 3125 2517 μισθός.
3156 2445 3343 2500 Ταῦτα
3393 2445 3487 2499 καὶ
3532 2426 3699 2499 πλου-

2130 2546 2296 2609 scits,
2331 2542 2427 2597 καὶ
2458 2539 2766 2596 ἀπολαύετε
2814 2541 2911 2594 καὶ
2941 2538 3203 2609 τιμᾶσθε,
3245 2539 3282 2594 ἀ
3315 2538 3504 2609 μηδεὶς
3538 2538 3701 2610 pur,“-

2132 2652 2264 2691 ποτε
2308 2633 2420 2687 τῶν
2472 2633 2564 2687 ἐπὶ
2593 2631 2700 2703 γῆς
2738 2634 2798 2686 ἐν
2834 2632 3048 2695 τούτοις
3100 2630 3448 2701 αὐξηθέντων
3492 2629 3702 2701 ἀνθρώ-

2133 2745 2274 2792 πων,
2307 2724 2425 2781 ἅλ’λ’
2463 2724 2586 2780 οὐδὲ
2619 2724 2822 2789 πάντες
2850 2722 3012 2794 ὁμοῦ.
3047 2723 3158 2778 Καὶ
3189 2720 3289 2779 νῦν
3316 2720 3383 2777 ἀν
3406 2722 3550 2795 ὑμᾶς
3577 2721 3703 2795 sinu

2130 2839 2237 2891 τις,
2268 2820 2434 2887 εὐθὺς
2464 2820 2610 2875 ἆπαν
2647 2817 2921 2887 ἐδήλωσεν
2950 2816 3180 2887 ἀγαθόν.

2214 3152 2363 3208 ’Δλλ⁹
2388 3151 2511 3206 ὅθεν
2542 3153 2569 3203 ὁ
2601 3148 2761 3218 λόγος
2791 3145 2991 3217 ὲξέϐης
3028 3145 3063 3202 ἃ
3112 3145 3221 3216 γὰρ
3267 3144 3703 3201 κεκινδυνεύκασι

454 3254 573 3310 qnze
595 3237 823 3308 apostoli
855 3237 1162 3301 subii-runt,
1194 3234 1569 3303 exposuisset.
1604 3231 1807 3302 adjecit
1836 3235 2026 3288 nescio

2135 3244 2424 3312 διεξελθὼν
2474 3244 2526 3297 oi
2579 3240 2893 3304 ἀπόστολοι,
2935 3240 3030 3292 καὶ
3058 3227 3443 3308 ἀ’τετῗμηνται
3471 3237 3556 3290 διὰ
3584 3237 3705 3298 τοὺς

454 3346 563 3400 quo
601 3338 757 3399 pacto
783 3337 838 3382 et
869 3330 1134 3386 honores.
1174 3325 1376 3396 quibus
1406 3325 1475 3379 ob
1508 3324 1752 3393 pericula
1787 3324 2030 3380 cohone-

454 3422 583 3479 stati
606 3429 775 3486 sunt;
808 3419 980 3488 magis
1011 3426 1194 3472 autent
1242 3416 1601 3473 conveniebat
1634 3415 1936 3486 praedicare
1969 3416 2034 3471 il-

456 3519 563 3570 lam
596 3514 922 3570 libertatem,
945 3524 1051 3579 qua
1086 3511 1326 3579 pericula
1359 3519 1750 3572 excusserunt,
1774 3507 2035 3577 quemad-

394 3614 401 3623 ‘
456 3606 680 3682 modum
721 3617 752 3658 a
804 3601 1084 3656 concitato
1124 3610 1287 3656 vento
1318 3599 1535 3656 ﬂamma
1569 3616 1730 3671 quant
1767 3600 2036 3657 altissime

454 3696 788 3753 sustollitur.
832 3693 888 3749 Si
923 3694 1047 3764 quis
1078 3694 1417 3753 sciscitetnr,
1455 3709 1560 3765 qua
1587 3693 1797 3748 ratione
1823 3694 2036 3748 accide-

454 3799 548 3857 nt,
586 3797 646 3844 ut
680 3787 769 3843 isti
818 3802 884 3841 ex
917 3786 1181 3857 periculis
1216 3786 1270 3840 in
1313 3785 1557 3856 pericula
1607 3794 2031 3852 succurrerent;

453 3881 584 3952 quid
626 3880 771 3935 aliud
817 3878 1219 3946 respondentes
1256 3892 1286 3932 a
1315 3878 1544 3934 veritate
1579 3879 1765 3934 minus
1810 3862 2037 3933 aberra-

453 3975 654 4039 bimus,
687 3987 847 4043 quant
878 3971 922 4027 si
953 3970 1222 4037 dicamus,
1248 3970 1556 4026 libertatem
1610 3971 1761 4026 illam
1792 3971 2035 4042 pericula

455 4067 545 4121 illa
579 4062 907 4136 peperisse?
938 4061 1001 4115 Et
1033 4062 1254 4132 quidem
1288 4061 1663 4130 quotidianam
1717 4062 1936 4117 illorum
1966 4062 2037 4117 li-

456 4158 721 4212 bertateut
757 4154 1035 4225 explicare
1071 4154 1227 4218 velle,
1251 4153 1457 4224 proprii
1493 4156 1676 4223 operis
1706 4153 1895 4210 fuerit.

527 4293 592 4344 At
625 4290 781 4343 vidi-a
807 4305 929 4354 nus,
960 4304 1065 4358 qua
1095 4288 1350 4342 libertate
1379 4302 1508 4357 erga
1542 4303 1736 4345 omnes
1777 4288 1860 4344 usi
1923 4290 2037 4345 sint

458 4386 698 4438 instante
722 4388 843 4450 post
863 4381 1317 4435 resurrectionem
1342 4379 1690 4435 Pentecoste.
1720 4381 1859 4435 Cum
1884 4382 2035 4436 enim

459 4475 696 4545 Spiritus
723 4481 950 4528 sanctus
979 4471 1048 4526 de
1077 4471 1218 4526 cutio
1243 4485 1368 4526 cum
1399 4471 1609 4537 sonitu,
1636 4477 1822 4543 specie
1843 4473 2040 4543 ignita-

2133 3339 2414 3401 κινδύνους
2443 3335 2791 3405 προσέθηκεν
2828 3331 2930 3386 ούκ
2957 3325 3058 3384 οἷδ’
3084 3331 3255 3391 ὅπως.
3289 3326 3397 3383 Ἦν
3418 3329 3477 3382 δὲ
3511 3329 3704 3397 μᾶλλον

2133 3430 2424 3486 ἀκόλουθον
2455 3429 2553 3500 τὴν
2586 3427 2906 3499 παρρησίαν
2938 3428 3113 3478 εἰπεῖν
3133 3423 3217 3477 ’δι’
3250 3417 3318 3494 ἧς
3353 3419 3704 3493 ἀνερρίπιζον

2134 3521 2261 3584 τοὺς
2306 3519 2606 3584 κινδύνους,
2652 3517 2729 3581 ὡς
2784 3515 2891 3570 ὑπὸ
2943 3515 3177 3586 σφοδροῦ
3227 3513 3536 3583 πνεύματος
3582 3509 3712 3579 vim“,

2135 3614 2216 3676 είς
2253 3611 2511 3683 μέγιστον
2552 3609 2789 3681 αἴρεται.
2822 3607 2934 3660 Καὶ
2967 3606 3079 3676 γὰρ
3110 3605 3166 3659 τί
3194 3622 3277 3668 τις
3320 3603 3519 3673 ἔροιτο,
3550 3600 3712 3654 πόθεν

2135 3700 2285 3758 οῦτοι
2331 3702 2604 3767 κινδύνοις
2664 3701 2730 3755 ἐκ
2782 3698 3047 3754 κινδύνων
3099 3697 3339 3769 ὡμίλουν
3398 3694 3506 3763 ἀεὶ,
3546 3693 3599 3749 τί
3646 3691 3711 3748 ἂν

2134 3795 2385 3868 ἕτερονῆ
2421 3794 2522 3864 τὴν
2554 3790 2873 3864 παρρησίαν
2924 3790 3140 3862 μητέρα
3189 3790 3300 3844 τῶν
3348 3788 3606 3843 κινδύνων
3639 3788 3714 3840 si-

2136 3882 2354 3956 πόντες,
2386 3887 2489 3957 τῆς
2517 3885 2778 3955 ἀληθείας
2818 3883 3020 3957 μᾶλλον
3041 3878 3335 3955 ὲχοίμιθα;
3357 3882 3468 3954 Τὴν
3497 3881 3591 3951 μὲν
3621 3877 3713 3934 οὖν

2135 3981 2410 4052 ὁσημέραι
2460 3980 2783 4051 παρρησίαν
2826 3977 3011 4033 αὐτῶν
3060 3977 3387 4049 συγγραφῆς
3437 3975 3504 4031 ἂν
3558 3976 3713 4044 ἔργον

2137 4072 2223 4145 εἴη
2258 4073 2536 4142 διεξιέναι.

2222 4296 2363 4351 Ἀλλ’
2384 4297 2531 4359 ὅπως
2555 4295 2652 4365 τῆς
2680 4292 3057 4365 Πεντηκοστῆς
3091 4290 3233 4364 μετά
3286 4289 3384 4360 τὴν
3423 4288 3711 4345 ἀνάττασιν

2139 4392 2404 4461 ινστάτης
2458 4390 2697 4461 ἡμέρας,
2736 4388 2875 4459 πρὸς
2909 4387 3159 4449 ἅπαντας
3214 4386 3707 4454 ὲπαρῤησιάτιντο.

2141 4484 2250 4539 Τοῦ
2301 4483 2411 4553 γὰρ
2465 4482 2786 4550 Πνεύματος
2827 4477 3122 4551 οὐρανόθεν
3173 4476 3272 4530 σὺν
3305 4475 3423 4547 imp
3475 4472 3708 4542 πυρίνων

458 4580 579 4620 rum
609 4564 938 4633 linguarum,
985 4578 1152 4633 supra
1183 4563 1428 4634 singulos
1455 4565 1734 4635 apostolos
1775 4567 2029 4634 sedisset,

2141 4578 2271 4632 εῐδει
2313 4575 2576 4645 γλωσσῶν
2622 4572 3047 4636 ἐπικαθίσαντος
3099 4570 3317 4640 ἑκάστῳ
3354 4568 3461 4623 τῶν
3489 4566 3716 4622 ἀποστό-

455 4664 512 4710 ct
545 4654 765 4725 propria
807 4668 906 4708 sua
958 4653 1134 4724 gratia
1175 4654 1428 4710 indoctos
1480 4655 1825 4724 replevisset,
1852 4659 2031 4711 omni-

459 4750 581 4812 bus,
620 4746 925 4817 peregrinis
972 4745 1175 4815 linguis
1204 4746 1581 4817 loquentibus,
1619 4757 1674 4802 et
1703 4750 1772 4804 iis
1815 4751 1907 4820 qui
1967 4766 2033 4805 ex

456 4848 604 4903 oinni
675 4849 919 4913 natione,
967 4862 1088 4917 quae
1124 4847 1230 4902 sub
1296 4845 1440 4899 catlo
1469 4853 1575 4906 est,
1632 4850 2031 4907 convenerant,

457 4950 609 4989 suam
640 4939 871 5004 patriam
909 4944 963 4990 et
991 4936 1231 4991 nativam
1261 4934 1501 5002 linguam
1555 4933 1609 4987 in
1652 4933 2031 5003 apostolorum

457 5038 554 5078 ore
598 5025 1027 5094 agnoscentibus
1073 5032 1129 5080 et
1164 5023 1625 5092 intelligentibus,
1681 5022 1891 5090 hocque
1939 5034 2035 5087 pro

460 5116 703 5169 maximo
743 5117 1019 5171 miraculo
1059 5115 1464 5186 reputantibus,
1513 5126 1619 5166 non
1670 5112 1898 5166 deerant
1943 5110 2034 5178 qui

454 5209 735 5277 apostolos
764 5218 948 5264 musto
985 5208 1169 5263 ebrios
1201 5208 1539 5270 dictitarent,
1592 5205 1756 5259 stulta
1806 5219 2039 5273 prorsus

458 5311 512 5355 et
555 5300 723 5355 ebriis
761 5315 893 5354 vere
933 5299 1321 5353 convenientia
1357 5296 1692 5352 eﬂ'utientes.
1738 5295 1952 5349 Etenim
1991 5293 2038 5349 si

459 5393 585 5461 quis
632 5407 699 5445 ex
732 5407 817 5445 me
847 5400 1118 5462 quaereret
1168 5399 1350 5444 utrum
1408 5405 1514 5443 non
1557 5389 1923 5457 intelligentes
1974 5403 2038 5442 ca

459 5501 582 5553 qua:
614 5485 931 5547 audiebant,
958 5483 1239 5553 apostolos
1283 5489 1465 5536 musto
1500 5484 1686 5537 ebrios
1726 5496 1851 5535 esse
1896 5480 2039 5535 amr-

460 5575 698 5641 marint;
734 5591 802 5629 an
827 5577 1210 5645 intelligentes,
1243 5574 1660 5643 responderent,
1689 5587 1775 5626 me
1800 5588 1867 5627 ex
1893 5582 2042 5627 utra-

459 5681 565 5733 que
593 5678 743 5734 parte
790 5682 883 5721 eos
924 5674 1020 5736 pro
1055 5667 1444 5735 insipientibus
1506 5666 1731 5719 ducere.
1786 5664 1841 5718 Si
1891 5666 2038 5719 enim

362 5837 370 5845 ἰ
460 5771 568 5810 non
603 5759 993 5827 intelligemus,
1025 5769 1249 5827 apparet
1286 5772 1405 5819 eos,
1441 5759 1807 5829 praeterrttisso
1832 5757 2036 5811 verita-

461 5852 535 5898 tis
566 5847 838 5913 exantinc,
869 5859 1072 5903 temch
1108 5850 1268 5925 verba
1305 5847 1533 5904 fundere
1566 5865 1579 5901 :
1626 5862 1726 5902 cur
1755 5851 1898 5903 enim
1928 5864 2029 5919 ego

2140 4670 2270 4730 λων.
2301 4669 2397 4722 καὶ
2424 4668 2521 4737 τῆς
2558 4666 2696 4729 ίδὶας
2730 4666 2857 4727 τοὺς
2896 4662 3301 4732 ἀγραμμάτους
3332 4658 3715 4729 πληρώσαντος

2143 4762 2390 4834 χάριτος,
2418 4756 2513 4812 καὶ
2562 4757 2781 4809 πάντων
2833 4753 3053 4824 ἑτέραις
3089 4752 3364 4820 γλώσσαις
3396 4746 3714 4810 λαλούντων,

2145 4855 2240 4908 καὶ
2289 4852 2398 4903 τῶν
2442 4846 2887 4916 συνεληλυθότων
2920 4847 2985 4898 ὲκ
3034 4845 3234 4905 παντὸς
3270 4842 3459 4905 ἔθνους
3488 4839 3596 4892 τῶν
3625 4838 3717 4890 ὑπ’

2142 4942 2372 5014 οὐρανὸν
2407 4942 2508 5011 τὴν
2537 4939 2749 4994 οἰκείαν
2797 4938 3033 4992 ἑκάστου
3070 4934 3347 4997 συνιέντος
3395 4933 3597 5002 φωνὴν,
3625 4930 3718 5014 καὶ.

2144 5008 2301 5090 τοῦτο
2329 5008 2597 5105 μεγίστην
2627 5031 2823 5087 πασῶν
2862 5029 2995 5099 ὓλην
3037 5027 3321 5098 θαύματος
3363 5008 3719 5096 ποιουμέ·.ων,

2146 5123 2309 5198 ἦσαν,
2343 5125 2392 5179 οἳ
2449 5124 2719 5193 γλεύκους
2777 5119 3173 5190 μεμεστῶσθαι
3212 5119 3341 5182 τοὺς
3395 5113 3722 5174 ἀποστόλους

2147 5217 2356 5286 ἔλεγον,
2391 5214 2596 5285 ἀνόητα
2654 5213 2831 5285 πάντη
2860 5202 2977 5264 ’καὶ
3031 5209 3110 5275 ὡς
3147 5208 3364 5278 ἀληθῶς
3418 5206 3721 5277 μεθυόντωι

2146 5309 2600 5376 ἀποφαινίῖμενοι.
2666 5305 2775 5357 Καὶ
2830 5304 2942 5374 γὰρ
2997 5303 3051 5356 ei
3110 5302 3178 5370 μέ
3230 5318 3315 5364 τις
3377 5300 3503 5370 περὶ
3547 5295 3723 5350 αὐτῶν

2146 5398 2335 5468 ῆρετο.
2379 5396 2603 5466 πότερον
2631 5393 2693 5446 ού
2743 5393 3041 5457 συνιέντες,
3089 5384 3168 5446 ὧν
3211 5392 3430 5463 ἤκουον,
3466 5387 3723 5458 γλεύκους

2151 5488 2383 5556 μεστοὺς
2432 5482 2574 5540 εἶναι
2603 5485 2730 5547 τοὺς
2762 5484 3098 5543 ἀποστόλους
3154 5482 3470 5550 {sacravi}
3518 5479 3724 5533 συνιέν-

2146 5594 2237 5641 τες
2261 5596 2278 5642 ;
2308 5570 2470 5648 εὖρον
2490 5575 2556 5631 ἂν
2584 5577 2845 5645 ἀνοήτους
2871 5574 3119 5643 οἰόμενον
3143 5572 3509 5643 ἑκατέρωθεν.
3535 5570 3596 5623 Ei
3627 5567 3723 5636 μὲν

2146 5673 2255 5737 γὰρ
2280 5670 2341 5722 οὐ
2383 5670 2681 5731 συνιέντες,
2708 5668 2996 5732 φαίνονται
3026 5665 3157 5735 πρὶν
3184 5668 3264 5728 είς
3293 5666 3540 5731 ἐξέτασιν
3566 5664 3720 5733 ἥκειν

2148 5763 2250 5831 τῆς
2276 5763 2557 5831 ἀληθείας,
2587 5760 2710 5829 εικῆ
2737 5759 2828 5811 τὸν
2856 5757 3015 5827 λόγον
3044 5758 3535 5831 ἀπορριπτοῦντες.
3565 5756 3628 5809 Τί
3657 5756 3718 5823 δή

2148 5872 2277 5909 ποτε
2306 5855 2416 5926 γὰρ
2453 5854 2540 5907 διὰ
2575 5852 2674 5923 τὴν
2721 5850 2929 5922 ἑτέρων
2968 5850 3336 5905 ἀπαιδευσίαν
3380 5848 3719 5921 παραληρεῑν
