4076 6438
308 410 448 509 Iutis:

1300 390 1701 461 ENCOMIUM
1743 396 1850 453 SS.
1902 388 2134 452 PETRI
2175 394 2269 453 ΕΤ
2311 390 2569 451 PAULI.

3440 375 3578 442 1006

311 496 552 600 ορωπον.
581 526 796 580 Παύλου
825 525 935 595 γὰρ
968 524 1062 577 καὶ
1084 520 1180 576 νῦν
1227 520 1367 573 εἰσιν
1426 518 1508 570 ἔτι
1541 516 1652 568 τῶν
1709 514 1892 581 νόμων

2012 519 2141 571 arat,
2196 518 2251 563 et
2302 508 2587 563 caelestem
2651 504 2980 559 hominem:
3031 512 3154 552 nam
3223 492 3377 549 Pauli
3436 494 3583 563 leges

307 621 659 691 ἀντεχόμενοί
706 637 767 673 τε
820 620 916 672 καί¹
969 614 1405 687 προμαχόμενοι.
1482 610 1547 663 '0
1585 609 1640 661 δὲ
1686 608 1892 669 Σόλων,

308 712 417 765 οὐδ’
444 712 502 778 ἐξ
534 712 798 781 ὀνόματος
830 711 1013 772 αὐτοῖς
1048 710 1128 760 ἔτι
1159 705 1462 775 γνώριμος,
1497 703 1594 756 καὶ
1614 702 1713 771 οὐχ
1746 702 1895 762 ὅπως

310 800 377 854 ειν
410 801 592 864 αὐτοῖς
622 801 656 869 ἡ
701 800 854 862 πόλις
901 795 962 853 εὖ
991 799 1196 852 οἰκοῖτο
1253 794 1458 866 μᾶλλον
1516 792 1832 855 σκοποῦσιν,
1861 792 1895 862 ἢ

310 894 461 956 ὅπως
489 893 690 956 αὐτοὺς
721 894 754 964 ή
787 893 902 946 ἄνω
930 891 1085 960 νέμοι
1127 891 1163 960 ἡ
1194 887 1351 950 πόλις
1405 885 1721 953 οἰκήτορας,
1783 882 1897 935 οὐδ’

310 984 461 1046 ὅπως
493 983 940 1052 Λακεδαιμονίων
976 982 1010 1051 ἡ
1041 997 1209 1034 τινων
1239 977 1415 1033 ἄλλων
1441 973 1654 1045 ἐχθρῶν
1684 970 1901 1043 περιγί-

314 1093 515 1140 νοιντο,
570 1075 789 1147 ῆὸπως
844 1076 964 1137 ταῖς
1016 1072 1231 1144 ἀερίαις
1274 1072 1468 1140 ἀρχαῖς
1537 1065 1897 1134 ὑποκύψαιεν.

318 1170 426 1222 Καὶ
458 1165 526 1240 ἦν
557 1169 667 1237 γὰρ
694 1167 804 1221 τῶν
833 1165 1073 1235 εὐλόγων
1132 1167 1243 1236 ὅσῳ
1272 1163 1384 1217 τῶν
1442 1159 1754 1231 νομοθετῶν
1805 1158 1901 1211 τὸν

318 1260 549 1332 ὕστερον
609 1260 859 1328 ἔγνωσαν
914 1260 1278 1328 ὑπερέχοντα,
1336 1254 1579 1322 τοσούτῳ
1623 1252 1901 1322 καὶπρὸς

317 1354 655 1425 ὑψηλοτέραν
687 1350 1094 1422 μετατάξασθαι
1122 1349 1421 1411 πολιτείαν,
1456 1347 1560 1401 κάν
1593 1362 1680 1408 τις
1701 1345 1902 1408 αύτοὺς

317 1446 570 1517 ἐξετάζῃ,
604 1445 761 1515 γνοίη
791 1444 856 1497 ἂν
884 1443 945 1497 τὸ
981 1442 1089 1512 μὲν
1111 1442 1317 1511 ἐτέρων
1345 1440 1560 1509 ἄρχειν,
1587 1438 1648 1490 ού
1684 1438 1826 1506 μέγα
1849 1455 1902 1490 τι

315 1536 659 1606 νομίζοντας,
684 1534 745 1585 τὸ
767 1532 811 1584 δ’
842 1530 1070 1592 ἑαυτοὺς
1101 1530 1333 1583 ἕκαστον
1364 1525 1578 1591 σώζειν,
1609 1526 1671 1577 οὗ
1705 1524 1904 1594 μικρὸν

315 1631 556 1690 πάντως.
594 1624 758 1678 Ἀλλά
794 1624 887 1677 καὶ
910 1620 1187 1683 Διονύσιος
1237 1619 1539 1691 ’Δθηναίων
1569 1610 1649 1680 εἷς
1677 1615 1905 1669 τοιαῦτα

224 1774 225 1779 η
318 1721 422 1775 ὑπὸ
441 1718 637 1787 Παύλῳ
659 1713 1112 1783 νενομοθέτηκεν,
1145 1713 1195 1765 εί
1225 1713 1299 1783 μή
1324 1730 1376 1764 τι
1396 1711 1502 1781 χρὴ
1534 1710 1746 1764 Παῦλον
1774 1710 1903 1762 κάν⁹

314 1813 485 1866 ταῦθα
516 1810 605 1863 διὰ
624 1808 780 1863 τοῦδε
811 1806 1005 1875 ἀνδρὸς
1035 1804 1217 1873 λέγειν
1246 1804 1629 1875 νομοθετῆσαι,
1656 1797 1738 1867 οἷς
1763 1803 1900 1856 πάν-

1999 600 2180 655 adhuc
2216 601 2457 656 retinent
2504 610 2561 652 et
2617 600 2998 667 propugnant;
3049 599 3105 645 at
3168 588 3336 644 Solon
3401 602 3467 640 ne
3514 584 3583 639 de

1998 692 2224 745 nomine
2263 691 2488 762 quidem
2534 689 2646 744 illis
2697 695 2865 742 notus
2910 696 2996 742 est
3041 699 3057 736 :
3096 698 3201 738 nec
3246 690 3356 735 tam
3408 678 3581 750 dispi-

1999 783 2176 847 ciunt,
2209 790 2269 836 ut
2296 782 2494 836 civitas
2531 766 2671 837 bene
2706 779 3130 835 administretur
3173 783 3229 830 et
3265 772 3581 835 habitetur,

1999 889 2166 945 quam
2203 885 2264 929 ιιι
2296 874 2403 943 ipsi
2443 887 2699 943 superare
2724 871 2970 927 civitatis
3010 869 3206 923 incolae
3255 869 3387 921 tiant
3425 880 3440 918 :
3479 877 3584 917 nec

2006 978 2116 1022 tam
2151 966 2305 1022 cordi
2339 966 2568 1029 habent,
2599 964 2879 1035 quomodo
2917 959 3368 1018 Lacedaemonios
3413 956 3584 1010 alios-

2001 1076 2110 1130 que
2138 1061 2331 1115 hostes
2370 1075 2505 1115 suos
2540 1058 2842 1123 debellent,
2870 1072 3037 1129 quam
3074 1065 3134 1109 ut
3169 1069 3238 1109 ne
3268 1051 3371 1123 ipsi
3402 1048 3584 1104 aereis

2006 1152 2371 1222 potestatibus
2433 1153 2765 1218 subdantur,
2814 1161 2869 1205 et
2921 1164 3020 1219 par
3062 1154 3207 1212 erat,
3260 1152 3322 1199 ut
3373 1149 3586 1213 quanto

2005 1244 2367 1312 posteriorem
2405 1241 2781 1312 legislatorem
2812 1250 3028 1296 veteres
3073 1249 3340 1309 prmstare
3383 1233 3588 1289 intelli-

2005 1334 2229 1404 gehant,
2270 1342 2425 1388 tanto
2469 1335 2540 1389 ad
2597 1333 3047 1391 excellentiorem
3084 1329 3303 1387 vivendi
3356 1326 3586 1382 formam

2001 1428 2450 1484 traducerentur.
2487 1425 2643 1494 Quod
2689 1428 2734 1483 si
2774 1426 2900 1496 quis
2945 1425 3068 1481 illos
3130 1422 3370 1495 penitius
3417 1419 3592 1474 intro-

2005 1516 2224 1587 spicere
2253 1519 2411 1588 velit,
2454 1519 2754 1589 intelliget,
2813 1518 3108 1588 imperium
3159 1516 3214 1570 in
3272 1511 3412 1569 alios
3446 1512 3590 1565 haud

2007 1610 2188 1680 magni
2218 1611 2287 1665 ab
2331 1612 2441 1669 illis
2468 1613 2660 1683 pendi,
2698 1612 2752 1666 in
2789 1613 2840 1667 id
2876 1627 3008 1667 vero
3051 1609 3137 1666 vel
3194 1608 3433 1663 maxime
3460 1621 3593 1676 ope‘

2006 1715 2124 1755 ram
2155 1700 2423 1769 conferri,
2455 1712 2514 1758 ut
2565 1705 2952 1775 uunsquisque
2996 1710 3260 1757 aeternam
3300 1699 3594 1755 beatitudi-

2008 1808 2132 1848 nem
2162 1804 2556 1866 c0nsequatur.
2592 1795 2755 1852 Tales
2803 1810 3026 1875 quoque
3071 1795 3219 1864 leges
3252 1792 3360 1848 sub
3420 1791 3592 1847 Paulo

314 1922 406 1968 τες
460 1905 509 1957 οἱ
564 1902 802 1971 Χριστὸν
883 1897 1313 1969 ἐπικαλούμενοι
1376 1896 1627 1968 χαίρουσι
1681 1896 1904 1968 χρώμε-

2012 1886 2134 1941 tulit
2159 1886 2454 1959 Dionysius
2512 1905 2660 1947 unus
2711 1905 2778 1946 ex
2810 1888 3288 1953 Atheniensibus,
3345 1887 3453 1943 nisi
3502 1885 3588 1941 di-

316 2016 417 2052 νοι.

387 2264 575 2320 Ταῦτα
613 2266 711 2337 τῆς
746 2267 962 2322 Παύλου
990 2269 1308 2341 παρρησίας
1335 2265 1472 2339 ὁμοῦ
1504 2265 1599 2320 καὶ
1627 2264 1816 2335 σοφίας
1840 2264 1911 2318 τὰ

317 2358 723 2429 κατορθώματα
751 2398 769 2414 .
831 2360 1055 2425 Τούτοις
1119 2360 1506 2432 προσηγάγετο
1564 2357 1909 2429 ’Λθηναίους.

317 2448 538 2503 Τούτων
570 2451 708 2521 πρὸς
736 2451 893 2517 ἀξίαν
946 2453 1110 2508 αὐτὸν
1165 2452 1406 2522 ἄγασθαι
1462 2450 1727 2521 βούλομαι
1785 2448 1906 2514 μὲν,

317 2542 380 2594 ού
412 2543 650 2613 δύναμαι
679 2545 760 2599 δέ.
793 2542 983 2599 Ταῦτα
1014 2546 1115 2607 τὰς
1147 2543 1446 2608 ἐπιϐουλὰς
1481 2542 1630 2613 αύτῷ
1659 2542 1911 2603 καὶτοὺς

317 2635 623 2704 κινδύνους,
652 2635 736 2698 είς
772 2635 918 2706 μέγα
967 2638 1236 2707 προῆγεν.
1271 2629 1373 2690 Ὧν
1405 2638 1516 2708 γὰρ
1557 2638 1621 2689 ἐκ
1654 2635 1906 2705 πατέρων

318 2730 397 2789 είς
415 2726 613 2791 αὐτοὺς
630 2727 985 2796 καθηκόντων
1006 2729 1217 2793 Παῦλος
1241 2729 1479 2795 ἀπάγειν
1497 2726 1789 2797 ἡξίου,’τού
1800 2742 1908 2779 των

318 2818 368 2872 οί
391 2818 598 2889 σφόδρα
619 2818 712 2871 καὶ
728 2818 821 2871 ἐπὶ
841 2818 999 2890 κακῷ
1029 2819 1132 2889 τῆς
1164 2818 1320 2887 σφῶν
1350 2818 1527 2872 αὐτῶν
1558 2816 1799 2886 κεφαλῆς
1821 2833 1910 2885 φι-

317 2910 618 2979 λοπάτορες
646 2911 1070 2981 προϊστάμενοι,
1121 2910 1302 2964 πάντα
1334 2908 1528 2963 παθεῖν
1578 2908 1645 2962 ἂν
1703 2908 1910 2979 μᾶλλον

242 3024 247 3028 ι
320 3000 636 3070 ἠνέσχοντο,
664 3000 698 3070 ἦ
732 2999 948 3056 Παῦλον
977 3001 1110 3073 όρᾷν
1132 3001 1319 3071 ἀπαθῆ
1361 3001 1547 3054 κακῶν
1576 3001 1647 3054 τά
1669 3000 1910 3056 τοσαῦτα

321 3093 774 3162 καινοτομοῦντα.
813 3094 876 3147 Οί
908 3094 1017 3163 γὰρ
1047 3094 1185 3163 μηδὲ
1203 3093 1300 3147 τοῦ
1334 3094 1537 3147 οἰκείου
1580 3095 1910 3166 Σωκράτους

2009 1990 2135 2029 cere
2183 1976 2394 2043 lubeat,
2424 1978 2652 2034 Paulum
2685 1979 2776 2034 hic
2804 1994 3027 2051 quoque
3072 1978 3381 2034 ministerio
3428 1975 3594 2047 huius

2008 2066 2112 2122 viri
2148 2069 2344 2126 tulisse
2364 2071 2535 2142 leges,
2568 2072 2776 2144 quibus
2797 2088 3019 2138 omnes,
3057 2072 3153 2143 qui
3189 2072 3470 2129 Christum
3503 2070 3595 2126 inc

1983 2165 2233 2228 _vocant,
2261 2176 2385 2216 cum
2415 2163 2615 2233 gaudio
2651 2172 2900 2219 utuntur.

2085 2253 2212 2311 Haec
2233 2255 2507 2316 libertatis
2552 2267 2607 2312 et
2664 2258 2970 2329 sapientiae,
3004 2273 3114 2329 qua
3149 2258 3357 2314 Paulus
3387 2260 3592 2329 praedi-

2012 2358 2100 2404 tus
2148 2357 2294 2413 erat,
2348 2350 2612 2421 praeclara
2653 2360 2784 2407 sunt
2817 2351 3089 2407 facinora.
3146 2350 3313 2407 liisee
3359 2352 3594 2406 attraxit

2012 2441 2399 2498 Athenienses.
2433 2443 2643 2499 Horum
2691 2436 2869 2515 gratia
2902 2459 3004 2516 pro
3058 2444 3269 2501 meritis
3307 2458 3433 2501 eum
3497 2460 3595 2501 su-

2012 2535 2226 2604 spicere
2243 2544 2298 2590 et
2320 2535 2582 2591 admirari
2612 2536 2755 2604 volo,
2786 2536 2883 2593 sed
2913 2552 3022 2592 non
3045 2551 3298 2608 possunt.
3323 2536 3451 2593 llaec
3470 2536 3594 2595 insi-

2013 2626 2132 2682 dias
2158 2635 2212 2681 et
2248 2626 2493 2695 pericula
2533 2625 2707 2683 Paulo
2740 2628 3103 2684 vehementer
3126 2640 3434 2698 auxerunt;
3468 2647 3595 2687 cum

2011 2718 2157 2769 enim
2180 2715 2387 2773 Paulus
2422 2718 2547 2774 illos
2580 2734 2610 2772 a
2671 2721 2922 2789 paternis
2981 2722 3373 2781 traditionibus
3422 2725 3596 2781 abdu-

2010 2822 2135 2862 cere
2180 2819 2502 2878 conaretur,
2572 2811 2679 2880 ipsi
2744 2827 2875 2867 vero
2928 2824 3145 2884 patrum
3204 2815 3258 2870 in
3312 2819 3593 2888 propriam

2012 2901 2312 2971 perniciem
2345 2902 2514 2960 nimis
2547 2913 2800 2961 amantes
2827 2920 2891 2961 ac
2925 2906 3157 2963 studiosi
3186 2918 3374 2964 essent
3397 2949 3416 2976 ,
3472 2925 3599 2965 οιιι-

2010 2996 2102 3051 nia
2139 2997 2324 3067 potius
2372 2998 2484 3070 pati
2526 2998 2842 3065 voluerunt,
2888 3017 3055 3072 quam
3083 3010 3144 3058 ut
3192 3002 3423 3059 Paulum
3463 3005 3593 3061 talia

2013 3091 2367 3146 inttovantem
2402 3091 2530 3146 ntali
2558 3108 3048 3166 aerumnarutnque
3099 3098 3597 3166 expertemviveru

324 3186 668 3256 φεισάμενοι,
703 3185 819 3240 ἀλλ’
851 3186 993 3240 οὕτω
1020 3185 1323 3256 προθύμως
1361 3187 1422 3240 τὸ
1452 3186 1679 3240 κώνειον
1708 3188 1789 3259 τῷ
1817 3190 1906 3259 γέ-

2014 3192 2367 3252 paterentur;
2405 3183 2497 3255 qui
2524 3185 2672 3240 enim
2701 3200 2879 3256 neque
2901 3185 3141 3244 civi'suo
3168 3187 3379 3245 Socrati
3404 3205 3597 3262 peper-

324 3297 474 3349 ροντι
520 3281 615 3334 καὶ
663 3280 940 3350 φιλοσόφῳ
994 3279 1413 3350 προτείναντες,
1465 3278 1658 3352 ὥσπερ
1724 3281 1792 3336 ἂν
1818 3282 1905 3352 εἴη

322 3374 547 3443 νέκταρ,
582 3372 737 3425 αὐτοὶ
768 3371 945 3426 πίνειν
993 3372 1241 3442 ἔμελλον.
1280 3372 1346 3425 Ὃ
1376 3372 1442 3443 δὴ
1494 3374 1720 3443 ποιηταὶ
1755 3376 1909 3444 πόμα

324 3462 465 3525 θεοῖς
492 3463 783 3530 ἐκέρασαν,
821 3463 988 3534 σχολῇ
1019 3463 1074 3531 γ’
1134 3462 1204 3517 ἂν
1246 3461 1327 3534 τῷ
1358 3466 1423 3517 ἐκ
1472 3464 1844 3536 Παλαιστίνης
1874 3466 1906 3535 ἢ

326 3555 579 3618 Κιλικίας
611 3555 775 3609 ποθὲν
802 3556 995 3626 ἥκοντι
1031 3554 1133 3608 ούκ
1179 3554 1539 3627 ἀπαραίτητα
1575 3551 1723 3627 εἶχον
1758 3557 1908 3627 ὀργί-

323 3646 533 3710 ζεσθαι.
560 3647 754 3700 Καίτοι
806 3648 1107 3718 Σωκράτης
1149 3647 1335 3701 λαϐὼν
1386 3648 1592 3715 αἰτίαν,
1622 3650 1748 3714 τοὺς
1807 3651 1907 3720 μὲν

321 3739 716 3810 νομιζομένους
741 3739 898 3803 θεοὺς
941 3739 1114 3809 μηδὲν
1149 3738 1293 3794 εἶναι
1349 3740 1554 3809 λέγειν,
1611 3743 1833 3812 ἑτέρους
1863 3744 1906 3796 δ’

322 3832 438 3885 ἀντ’
469 3833 697 3885 ἐκείνων
749 3832 1017 3900 εἰσάγειν,
1051 3830 1178 3886 οὔτε
1210 3836 1462 3887 συνεῖπεν
1506 3834 1745 3905 οὐδαμοῦ
1794 3839 1910 3899 τοῖς

322 3925 744 3992 κατηγοροῦσιν,
771 3922 886 3977 οὗθ’
916 3925 992 3988 ὠς
1005 3924 1180 3995 ἀληθῆ
1201 3925 1474 3993 λεγόντων
1494 3928 1905 3999 ἐπεσημήνατο.

326 4016 535 4077 Παῦλος
570 4016 649 4079 δὲ,
705 4017 758 4068 εῖ
814 4033 871 4068 τι
927 4015 1087 4069 τοῦτο
1144 4017 1280 4085 πρῖες
1334 4018 1677 4087 κατηγορίαν
1727 4020 1908 4073 ἕλκειν

321 4102 521 4175 χρεὼν,
573 4114 881 4178 κατήγορος
940 4104 1138 4160 ἑαυτοῦ
1192 4107 1521 4177 διαπρύσιος
1579 4111 1643 4161 ὲν·
1697 4114 1909 4174 τούτοις

324 4196 643 4265 εἰσήρχετο,
688 4198 785 4249 καὶ
838 4198 944 4249 τῶν
1001 4195 1204 4261 ἔξωθεν
1250 4195 1413 4251 αὐτὸν
1464 4198 1717 4263 ἀσεϐείας
1755 4205 1907 4271 παρά

321 4291 435 4351 τοῖς
497 4288 755 4341 ἀσεϐοῦσι
826 4290 1189 4362 γραφομένων
1263 4291 1324 4343 ού
1395 4294 1732 4362 προσεδεῖτο.
1798 4297 1909 4349 Καὶ

324 4381 622 4451 Σωκράτης
666 4383 766 4451 μὲν
792 4384 855 4437 ού
906 4383 1017 4438 τῶν
1073 4384 1286 4437 πολλῶν
1338 4385 1478 4439 θεῶν
1517 4387 1780 4454 ἀφιστὰς,
1829 4389 1910 4442 ἑνὶ

326 4489 397 4524 πῖ
413 4475 680 4542 ραὸιδόναι
715 4476 1055 4545 κατηγορίαν
1083 4474 1195 4546 εἶχε
1223 4498 1238 4511 ο
1271 4477 1484 4548 Παῦλος
1533 4479 1907 4545 δ’ὲπανιστάς,

326 4566 403 4628 εἰς
434 4565 530 4619 ἕνα
559 4568 619 4620 τὸ
647 4567 812 4631 σέϐας
834 4570 1192 4642 ὲστενοχώρει
1220 4571 1373 4626 Θεόν.

412 4827 553 4882 Ἀλλ’
586 4829 715 4893 ἴσως
744 4825 812 4901 ἦν
850 4845 935 4894 τις
989 4832 1258 4901 κρείττων
1292 4832 1521 4903 ἀμύνειν
1549 4833 1682 4897 Θεὸς
1712 4836 1737 4887 ὁ
1763 4833 1913 4887 Παύ-

326 4922 421 4974 λου
451 4922 603 4988 Θεὺς,
638 4922 670 4995 ἢ
700 4923 794 4987 οὒς
841 4923 967 4994 ἄρτι
1016 4925 1546 4997 δεδημιουργηκέναι
1608 4927 1904 4996 Σωκράτης

328 5014 563 5082 ἐλέγετο.
594 5015 813 5084 Ἀμέλει
832 5015 924 5069 καὶ
948 5015 1089 5068 σῶον
1123 5015 1424 5086 Ἀθήνηθεν
1441 5016 1533 5070 τὸν
1555 5016 1706 5080 ξένον
1735 5017 1909 5069 ἀπαλ-

328 5105 619 5159 λάττεσθαι
654 5107 1062 5178 παρεσκεύασε,
1096 5107 1191 5160 καὶ
1227 5109 1355 5170 τοὺς
1392 5108 1627 5177 πρόσθεν
1675 5109 1911 5178 λεγομέ-

331 5215 451 5260 νους
477 5198 632 5260 θεοὺς
657 5202 920 5253 ἐκλιπεῖν.
944 5199 1154 5269 Ὥσπερ
1177 5201 1306 5269 γὰρ,
1327 5195 1381 5252 οἷ
1401 5202 1744 5270 παραγέγονε
1773 5201 1910 5269 φῶς,

329 5296 574 5361 ἀχρόνους
631 5296 923 5362 ἠφάνισται
992 5295 1204 5356 σκότος,
1285 5294 1428 5346 οὕτω
1457 5295 1562 5346 τῶν
1634 5293 1914 5361 ψευδωνύ-

333 5404 449 5454 pinv
530 5387 670 5438 θεῶν
735 5388 954 5457 ὄλεθρος
1028 5387 1156 5439 ἔνθα
1208 5387 1303 5439 τοῦ
1370 5384 1627 5456 ἀληθινοῦ
1706 5405 1916 5457 παρου-

333 5480 444 5530 σξα.

404 5571 479 5621 Οὐ
511 5571 694 5623 τοίνυν
721 5571 896 5624 ταῦτα
929 5571 1029 5640 μὲν
1065 5571 1348 5642 θαυμάσιά
1391 5588 1447 5622 τε
1473 5571 1725 5640 ἡγεῖσθαι
1781 5573 1909 5642 χρὴ,

332 5664 547 5733 καὶτῆς
579 5662 942 5735 ἀποστολικῆς
993 5665 1384 5734 λαμπρότητος
1439 5664 1569 5729 ἀξια
1619 5664 1714 5716 καὶ
1769 5668 1914 5736 παῤ-

335 5755 548 5826 ρησίας,
590 5752 657 5827 ἦς
690 5755 800 5811 οὐδ’
832 5758 898 5810 ἂν
946 5758 1090 5810 εἴποι
1120 5775 1203 5820 τις
1241 5758 1496 5826 μείζονα;
1535 5758 1724 5826 Μικρὶι
1755 5757 1811 5810 δὲ
1843 5759 1913 5811 τὰ

330 5848 431 5920 τὴς
491 5851 768 5922 φροντίδος
817 5845 886 5921 ἧς
948 5850 1056 5902 τῶν
1113 5850 1420 5918 ἐκκλησιῶν
1458 5849 1667 5919 ,ἕνεκεν
1722 5847 1908 5921 εἶχεν;

693 5952 967 6009 Parum.
1007 5947 1123 6006 Gn.
1167 5943 1456 6011 CXLVII.

2014 3282 2227 3340 cerant,
2261 3275 2359 3330 sed
2407 3278 2481 3329 ita
2514 3275 2771 3346 expedite
2803 3278 3097 3346 grandva
3136 3279 3251 3349 jam
3309 3293 3364 3336 et
3411 3283 3599 3353 philo-

2012 3367 2191 3435 sopho
2221 3366 2528 3433 aconitum,
2562 3368 2723 3437 quasi
2763 3379 2956 3424 nectar
2987 3369 3152 3435 foret,
3194 3385 3597 3442 perrexerant;

2014 3456 2233 3525 ipsique
2271 3455 2502 3512 hihituri
2540 3467 2728 3515 essent
2760 3458 2914 3526 illud,
2945 3460 3094 3532 quod
3142 3471 3317 3532 poeta:
3371 3463 3443 3519 iis
3489 3465 3594 3519 nti-

2018 3557 2285 3602 scuet-unt
2310 3552 2592 3619 poculum,
2612 3565 2713 3605 cur
2741 3566 2803 3606 ex
2828 3552 3120 3608 Palaestina
3148 3554 3233 3609 vel
3262 3554 3448 3610 Cilicia
3473 3571 3598 3613 sero

2013 3642 2234 3696 tandem
2292 3643 2606 3698 advenienti
2666 3644 2872 3715 hospiti
2932 3645 3350 3704 inexorabiliter
3383 3648 3598 3706 irasce-

2011 3741 2224 3801 rentur,
2255 3749 2436 3789 causa:
2463 3734 2601 3789 nihil
2635 3736 2934 3792 habebant.
2977 3738 3307 3809 Quanquam
3336 3738 3595 3797 Socrates

2011 3835 2331 3901 accusatus,
2360 3827 2520 3893 quasi
2554 3828 2721 3898 vulgo
2749 3838 3005 3899 receptos
3036 3830 3168 3885 deos
3197 3831 3355 3885 nihili
3387 3835 3595 3901 pende-

2013 3924 2115 3982 ret,
2155 3900 2407 3986 aliosque
2462 3918 2518 3971 in
2573 3918 2793 3972 illorum
2849 3918 3034 3975 locum
3082 3900 3590 3992 subintroduceret,

2014 4023 2196 4075 neque
2245 4008 2666 4065 accusatoribus
2727 4013 2948 4077 annuit,
2996 3994 3177 4080 neque
3258 4015 3416 4085 quasi
3458 4031 3588 4071 vera

2012 4101 2287 4164 dicerent,
2326 4101 2413 4155 vel
2450 4102 2602 4156 tenui
2645 4103 2850 4159 indicio
2900 4105 3161 4176 prodidit.
3202 4106 3405 4163 Paulus
3438 4125 3590 4177 vero,

2013 4192 2058 4246 si
2101 4191 2231 4258 quid
2263 4191 2356 4247 hic
2378 4192 2446 4247 ad
2477 4196 2892 4250 accusationem
2930 4199 3148 4256 trahere
3171 4210 3414 4271 oportet,
3482 4207 3598 4260 sui-

2014 4284 2199 4353 ipsius
2232 4283 2624 4341 vocalissimus
2648 4296 2939 4343 accusator
2969 4289 3254 4361 ingressus
3283 4305 3387 4358 est.
3421 4313 3599 4368 neque

2012 4376 2312 4444 extraneis,
2352 4377 2447 4447 qui
2476 4392 2601 4433 eum
2632 4379 2775 4448 apud
2809 4381 3012 4452 impios
3065 4384 3367 4456 impietatis
3400 4405 3598 4459 argue-

2014 4468 2168 4534 bant,
2200 4482 2342 4539 opus
2372 4468 2631 4526 habebat.
2663 4468 2949 4537 Socrates,
2981 4488 3094 4528 non
3134 4477 3324 4531 relicta
3366 4478 3597 4533 deorum

1861 4557 1867 4563 ’
1943 4572 1986 4626 ι)
2022 4558 2400 4626 multitudine,
2433 4568 2725 4615 accusatus
2747 4570 2855 4629 est,
2912 4563 3068 4632 quasi
3098 4578 3267 4619 unum
3301 4567 3598 4632 quemdam

2020 4651 2188 4707 Deum
2218 4662 2511 4708 assereret.
2547 4655 2616 4707 At
2643 4651 2849 4707 Paulus
2882 4662 3069 4723 aperte
3092 4657 3262 4709 totius
3289 4656 3508 4725 pietatis
3539 4669 3599 4712 et

2027 4747 2313 4817 religionis
2351 4761 2625 4801 summam
2657 4746 2724 4799 ad
2758 4761 2928 4800 unum
2964 4745 3130 4801 Deum
3170 4748 3375 4803 retultt.

2095 4841 2200 4898 Sed
2237 4840 2381 4898 forte
2413 4840 2556 4896 Deus
2590 4840 2748 4895 Pauli
2801 4841 3067 4896 talentior
3125 4843 3266 4898 Deus
3319 4847 3385 4898 ad
3437 4845 3595 4900 auxi-

2020 4933 2270 4989 liandum
2318 4933 2444 5000 fuit,
2482 4948 2648 5003 quam
2682 4932 2757 4987 dii
2817 4933 2918 4996 illi,
2953 4947 3095 5002 quos
3131 4933 3386 4990 Socrates
3422 4951 3597 5007 nuper

2020 5027 2402 5082 fabricaverat.
2487 5027 2653 5101 Certe
2698 5035 2754 5080 et
2849 5028 3176 5083 incolumem
3247 5030 3597 5101 peregrinum

2016 5118 2249 5174 Athenis
2294 5099 2656 5174 educendum.
2699 5119 2932 5187 curavit,
2987 5128 3042 5175 et
3072 5132 3132 5175 ut
3189 5099 3598 5188 desererentur,

2017 5212 2113 5282 qui
2147 5212 2299 5282 prius
2356 5211 2428 5265 dii
2489 5211 2805 5279 audiebant,
2863 5211 3062 5267 eﬂccit.
3121 5212 3597 5278 Quemadmodum

2019 5302 2166 5357 enim
2220 5303 2312 5357 ubi
2361 5302 2454 5357 lux
2511 5310 2632 5357 orta
2691 5313 2796 5367 est,
2854 5303 3139 5374 evestigio
3195 5306 3434 5369 tenebrae
3470 5322 3601 5360 eva-

2020 5405 2252 5451 nescunt
2279 5435 2294 5459 ,
2359 5395 2439 5450 sic
2479 5394 2738 5464 lalsorutn
2781 5396 3005 5450 deorum
3056 5400 3213 5451 turba
3244 5396 3311 5451 ad
3346 5397 3457 5452 veri
3503 5396 3597 5453 Dei

2027 5492 2372 5565 praesentiam
2406 5495 2636 5547 corruit.
3033 5490 3041 5497 ’

2095 5582 2215 5637 Νοιι
2247 5582 2414 5653 igitur
2468 5584 2582 5637 haec
2612 5582 2959 5638 admirabilia
2997 5594 3057 5638 et
3091 5586 3393 5655 apostolico
3421 5586 3598 5657 fulgeo
3677 5622 3682 5627 ~

2027 5690 2085 5729 re
2117 5688 2179 5728 ac
2206 5675 2477 5737 libertate,
2519 5688 2626 5743 qua
2672 5673 2936 5743 majorem
2979 5691 3140 5732 nemo
3195 5677 3463 5743 attulerit,
3516 5677 3600 5731 di-

2020 5782 2125 5837 gna
2181 5766 2671 5823 existimabimus?
2739 5768 2818 5820 An
2883 5783 3013 5824 vero
3061 5769 3256 5839 exigua
3321 5779 3450 5824 sunt
3498 5770 3596 5823 illa

2021 5873 2141 5929 qua:
2186 5861 2553 5913 nascclantur
2613 5874 2680 5912 ex
2718 5872 2875 5926 cura,
2932 5875 3095 5929 quam
3156 5875 3285 5927 erga
3336 5856 3599 5914 ecclesias

3206 5954 3283 6018 34
