4076 6506
401 458 541 521 1067

1634 444 1929 508 ΜΑΧΙΜΙ
1971 442 2351 503 PLANUDE

3541 432 3676 495 1068

398 569 664 645 gerebat?
695 565 857 635 Atqui
917 571 972 620 et
1022 564 1136 618 haec
1181 557 1580 615 -illnstrissima
1635 565 1783 623 sunt,
1818 562 1951 611 cazte
2005 603 2012 615 ,

2115 555 2256 607 Α).λά
2279 553 2375 607 καὶ
2406 550 2581 606 ταῦτα
2616 553 3087 621 περιφανέστατα,
3120 555 3255 627 πλὴν
3311 558 3410 628 οὐχ
3444 559 3565 614 ὅσον
3617 568 3681 618 ἐκ

404 639 527 717 rum
560 673 672 715 non
735 662 1002 726 quantum
1059 665 1162 706 nos
1208 647 1414 719 eloqui,
1456 639 1572 700 sed
1611 652 1877 713 quantum
1917 655 1987 695 ex

402 753 552 811 tenui
583 747 849 809 orationis
878 746 968 801 illo
1017 741 1447 813 magnitudinem
1500 737 1779 794 actionum
1835 736 1991 789 colli-

402 860 533 918 gere
595 856 913 916 possumus.
967 838 1160 893 Ferme
1190 842 1372 889 autem
1424 830 1480 886 in
1540 830 1781 900 majores
1829 840 1993 882 curas

402 957 489 996 me
527 935 784 1008 coniicio,
818 931 1042 1005 quando
1076 930 1144 985 de
1178 928 1266 983 illa
1302 941 1429 982 cura
1476 924 1661 980 dicere
1691 921 1993 990 ingredior,

402 1049 527 1087 cum
582 1030 721 1085 nihil
750 1025 977 1083 omnino
1022 1024 1114 1087 sit,
1145 1021 1211 1076 de
1238 1036 1350 1091 quo
1389 1032 1514 1072 cum
1569 1028 1764 1084 magno
1819 1026 1991 1080 appa~

403 1135 523 1179 ratu
558 1124 744 1176 dicere
816 1134 927 1174 non
1010 1115 1323 1172 conveniat.
1362 1108 1518 1176 Quod
1552 1107 1598 1163 si
1680 1109 1795 1163 sola
1828 1103 1990 1158 etiam

404 1218 658 1271 voluntas
699 1213 840 1284 apud
907 1226 994 1265 me
1041 1201 1264 1278 aliquid
1309 1202 1532 1276 poterit,
1605 1199 1814 1272 gratias
1858 1212 1994 1267 apo-

406 1308 564 1362 stolis
611 1314 901 1375 propterea
951 1316 1130 1372 agam.
1181 1297 1263 1353 illi
1331 1296 1503 1356 enim,
1555 1299 1613 1346 ut
1648 1291 1777 1357 alia,
1840 1290 1913 1344 ita
1940 1297 1994 1343 et

407 1399 509 1451 hoc
539 1406 753 1461 curant,
808 1410 1045 1464 cumque
1080 1391 1181 1446 ttia
1218 1391 1348 1452 sint,
1383 1403 1451 1442 ex
1503 1382 1882 1440 eommuniore
1910 1382 1996 1436 di-

406 1492 642 1554 visione,
679 1492 730 1544 in
778 1490 981 1559 quibus
1038 1486 1163 1555 quis
1199 1483 1437 1539 sollicite
1465 1486 1788 1546 occupatur,
1813 1476 1994 1530 anima

410 1582 684 1645 videlicet,
722 1554 948 1650 corpus,
981 1554 1065 1634 et
1101 1580 1238 1631 bona
1289 1586 1538 1637 externa,
1593 1569 1740 1628 haud
1798 1554 1998 1623 dixerit

410 1680 558 1746 quis,
599 1674 723 1728 illos
776 1673 941 1742 hujus
996 1671 1218 1742 quidem
1269 1685 1456 1725 curam
1524 1665 1862 1735 suscepisse,
1916 1660 1998 1714 al-

413 1771 588 1823 let‘itts
653 1765 923 1836 abiecisse
959 1780 974 1817 :
1013 1763 1096 1818 vel
1155 1762 1340 1816 omnia
1375 1773 1624 1824 curasse,
1674 1754 1779 1810 sed
1804 1762 1997 1823 postea

412 1862 709 1925 destitisse,
743 1872 928 1913 verum
950 1855 1197 1911 omnium
1227 1855 1422 1908 horum
1453 1850 1771 1920 diligentem
1801 1858 1994 1898 curam

411 1956 679 2027 gessisse,
712 1966 814 2006 nec
842 1950 1013 2004 ullum
1055 1956 1272 2016 tempus
1292 1945 1432 2000 elabi
1465 1957 1680 2014 passos,
1704 1954 1814 2009 quo
1842 1938 1997 1993 solli-

413 2047 657 2102 citudine
681 2059 782 2100 sua
814 2057 921 2098 non
959 2040 1143 2096 omnia
1172 2038 1686 2107 complecterentur.
1714 2031 1848 2087 Nam
1878 2029 1997 2084 aui-

415 2154 631 2194 marum
658 2149 848 2192 curam
872 2133 1158 2205 gerebant,
1204 2128 1482 2200 quomodo
1533 2142 1596 2183 se
1634 2124 1747 2179 Deo
1802 2122 2039 2193 dignas_

415 2234 759 2296 exhiberem,
782 2241 1095 2298 corporum,
1144 2233 1203 2278 ut
1238 2222 1533 2278 animabus
1573 2218 1999 2289 subjicereutur,

414 2339 595 2395 neque
626 2322 693 2376 ad
748 2323 977 2375 honesta
1002 2324 1305 2387 torperent.
1343 2313 1420 2368 Ex
1456 2313 1619 2369 bonis
1661 2308 1909 2365 externis
1936 2321 2000 2361 ea

416 2421 592 2473 solum
626 2413 923 2476 curabant,
969 2424 1091 2479 quae
1137 2407 1205 2463 ad
1243 2406 1410 2461 vitam
1448 2401 1868 2462 sustentandam
1904 2416 2004 2454 nc-

421 2510 665 2567 cessaria
706 2513 865 2563 erant
893 2544 909 2571 ,
952 2499 1245 2572 snperlluis
1275 2497 1345 2553 ad
1377 2510 1474 2551 eos
1504 2496 1597 2565 qui
1635 2493 1691 2548 in
1746 2506 1913 2547 carne
1950 2498 2007 2545 et

424 2603 691 2673 sanguine
741 2596 1152 2655 volutabantur,
1204 2589 1474 2645 remissis.

496 2697 576 2750 Ac
620 2691 892 2764 principio
942 2690 1007 2743 de
1074 2700 1207 2741 cura
1263 2684 1595 2752 animarum,
1627 2674 1888 2750 tanquam
1941 2676 2009 2731 de

422 2788 720 2859 praecipua,
791 2780 1174 2840 disserendum
1243 2777 1373 2841 erit,
1435 2791 1558 2846 qua:
1588 2787 1755 2844 quam
1815 2784 2008 2826 omnes

422 2895 606 2937 moras
658 2888 991 2944 omnemque
1053 2870 1374 2927 dilationem
1417 2868 1473 2923 in
1537 2862 1803 2937 apostolis
1843 2862 2011 2917 abru-

420 2974 585 3045 perit,
609 2970 784 3027 cuivis
819 2966 1174 3023 manifestum
1220 2961 1314 3018 lict
1341 2959 1425 3017 vel
1476 2975 1545 3016 ex
1580 2958 1697 3016 sola
1727 2948 2013 3013 celeritate

422 3064 702 3136 Evangelii
752 3062 957 3133 ubique
1025 3056 1396 3130 praedicandi;
1447 3056 1522 3110 ita
1562 3061 1622 3108 ut
1691 3050 1902 3106 nullum
1937 3049 2015 3102 lo-

421 3176 547 3215 cum
585 3157 797 3212 coelcsti
827 3153 1094 3210 doctrina:
1129 3151 1410 3207 occultum
1442 3161 1564 3203 esse
1595 3147 1864 3207 sinerent,
1902 3156 2007 3195 uou

2098 646 2317 717 μικρῶν
2343 645 2519 712 λόγων
2566 644 2667 707 τὰς
2730 645 2975 716 μεγάλας
3008 648 3116 701 τῶν
3159 649 3413 719 πράξεων
3443 654 3684 725 συλλογί-

2096 736 2323 791 σασθαιο
2352 735 2542 806 σχεδὸν
2567 734 2706 798 δἐἰς
2738 735 2960 806 μείζους
2987 738 3096 792 τῶν
3132 741 3367 813 πρόσθεν
3402 748 3684 815 φροντίδας

2095 827 2334 899 ἐμαυτὸν
2364 826 2657 897 ἐμϐάλλειν
2677 827 2821 881 δοκῶ
2841 832 2942 901 τῆς
2966 831 3193 885 ἐκείνων
3216 835 3497 902 φροντίδος
3522 837 3682 899 ἕνεκα

2095 922 2276 990 λέγειν
2300 921 2614 992 ἐπιχειρῶν.
2654 910 2911 975 Μάλιστα
2941 924 3039 994 μὲν
3062 924 3169 995 γὰρ
3209 927 3318 981 οὐδ’
3349 928 3464 983 ἔστι
3519 933 3591 1001 μὴ
3620 935 3678 985 οἱ»

2097 1018 2196 1068 σὺν
2230 1014 2443 1084 μεγάλῃ
2475 1017 3195 1086 παρασκευῇπερὶξτούτων
3241 1022 3436 1078 εἰπεῖν,
3472 1026 3520 1077 εἰ
3551 1026 3605 1078 δέ
3633 1048 3678 1080 τι

2101 1107 2295 1161 καὶτὸ
2364 1106 2653 1177 βούλεσθαι
2698 1109 2861 1179 μόνον
2886 1109 2972 1163 ἐπ’
3020 1111 3144 1181 ἐμοὶ
3195 1104 3477 1186 δυνηθείη,
3527 1119 3683 1189 χάριν

2098 1200 2317 1269 εἴσομαι
2350 1201 2441 1252 καῖ
2471 1199 2559 1256 διὰ
2586 1200 2758 1255 ταῦτα
2816 1206 2929 1265 τοῖς
2981 1205 3324 1272 ἀποστόλοις.
3362 1209 3527 1262 Αὐτοὶ
3577 1218 3683 1280 γὰρ

2096 1291 2172 1355 ὡς
2202 1290 2311 1344 τῶν
2336 1291 2533 1359 ἄλλων,
2589 1294 2685 1348 καὶ
2736 1294 2893 1349 τοῦδε
2951 1298 3309 1366 φροντίζουσι
3336 1315 3353 1333 ο
3382 1303 3550 1368 τριῶν
3580 1306 3684 1369 γὰρ

2099 1386 2307 1440 τούτων
2332 1386 2526 1452 ὄντων,
2562 1389 2637 1452 ὡς
2666 1390 3035 1458 γενικώτερον
3077 1391 3374 1454 διελέσθαι,
3405 1388 3480 1447 ὧν
3524 1396 3685 1448 ἕνεκα

2103 1478 2437 1548 μεριμνήσει
2469 1495 2573 1544 τις,
2603 1478 2784 1550 ψυχῆς
2812 1480 2877 1551 δὴ
2897 1481 3062 1550 λέγω,
3090 1483 3341 1555 σώματός
3368 1502 3426 1537 τε
3459 1488 3549 1538 καὶ
3579 1489 3682 1540 et?»

2101 1570 2279 1634 ἐκτὸς,
2313 1571 2374 1624 οὐ
2408 1569 2505 1624 τοῦ
2542 1572 2642 1641 μὲν
2672 1573 3143 1644 ἐπιμελουμένους
3199 1577 3395 1640 αὐτοὺς
3456 1579 3553 1632 ἴδοι
3602 1596 3683 1638 τις

2100 1662 2188 1729 ἂν,
2222 1663 2315 1717 τοῦ
2343 1665 2399 1719 δὲ
2416 1663 2699 1737 ὀλιγώρως
2725 1665 2970 1737 ἔχοντας,
3002 1668 3035 1738 ἢ
3068 1669 3292 1723 πάντων
3320 1672 3684 1740 ἐπιμελουμέ-

2102 1775 2248 1821 νους.
2286 1754 2407 1812 εἶτα
2426 1757 2914 1826 διαλιμπάνοντας.
2952 1760 3074 1814 ἀλλ’
3095 1760 3219 1815 οὔτε
3244 1763 3450 1817 τούτων
3475 1765 3682 1826 οὐδενὸς

2102 1848 2225 1918 δίχα
2258 1850 2366 1904 τῶν
2412 1848 2617 1902 λοιπῶν
2651 1850 3009 1920 κηδομένους,
3046 1852 3143 1905 καὶ
3195 1853 3385 1921 χρόνον
3414 1853 3681 1921 ὑπερϐάν-

2101 1957 2199 2003 τας
2230 1939 2446 2004 ούδὲνα,
2473 1939 2645 2011 χωρὶς
2671 1942 2766 1993 τοῦ
2799 1942 3058 2011 πρόνοιαν
3089 1943 3350 1997 ἁπάντων
3387 1944 3677 1998 ποιεῖσθαι.

2101 2028 2307 2101 Ψυχῶν
2343 2030 2443 2099 μὲν
2476 2030 2583 2101 γὰρ
2612 2030 2954 2101 ἐφρόντιζον,
3000 2033 3123 2086 τίνα
3152 2033 3357 2103 τρόπον
3384 2034 3537 2099 ἀξίας
3561 2036 3683 2087 ἐαυ-

2103 2126 2203 2189 τάς
2239 2124 2538 2196 παρέξουσι
2570 2124 2648 2195 τῷ
2677 2124 2798 2195 Θεῷ
2824 2138 2839 2153 ⁸
2894 2127 3167 2195 σωμάτων
3221 2126 3302 2192 δέ,
3358 2126 3434 2190 ὡς
3489 2126 3554 2179 ἆν
3595 2128 3687 2180 καὶ

2106 2217 2305 2286 ψυχαῖς
2339 2215 2732 2270 ὑποτάττοιντο
2760 2216 2855 2269 καὶ
2888 2217 2968 2287 μὴ
2995 2218 3237 2271 ἀτονοῖεν
3268 2220 3402 2285 πρὸς
3433 2218 3501 2271 τὰ.
3528 2219 3683 2273 καλά.

2107 2310 2229 2363 Τῶν
2254 2309 2300 2363 δ’
2324 2309 2484 2373 ἐκτδς
2522 2308 2702 2379 μόνων
2732 2310 2869 2380 πρὸς
2899 2312 2997 2380 τῆς
3031 2310 3249 2379 φύσεως
3280 2310 3591 2376 ἀναγκαίως
3625 2327 3687 2377 γε

2107 2402 2530 2470 ἀπαιτουμένων
2585 2401 2870 2456 ἐποιοῦντο
2934 2404 3028 2458 τὸν
3084 2404 3265 2472 λόγον.
3305 2403 3385 2457 Τὰ
3433 2403 3540 2473 γὰρ
3598 2398 3692 2455 ns-

2114 2493 2272 2564 ριττά
2321 2496 2436 2557 τοῖς
2497 2496 2629 2565 περὶ⁵
2707 2495 2887 2566 σάρκα
2950 2495 3395 2564 καλινδουμένοις
3464 2496 3690 2567 ἀπέρρι-

2108 2586 2238 2658 om.

2186 2678 2293 2732 Kal
2319 2678 2517 2748 πρῶτα
2553 2677 2617 2749 δὴ
2659 2679 2758 2748 τῆς
2793 2678 2904 2731 τῶν
2951 2679 3141 2750 ψυχῶν
3191 2679 3467 2750 φροντίδος
3506 2679 3689 2744 ἕνεκα,

2112 2769 2209 2824 ἆτε
2243 2771 2338 2823 καὶ
2369 2770 2591 2841 πρώτης
2658 2770 3006 2842 διαληπτέον.
3042 2771 3190 2843 Αὕτη
3237 2773 3279 2827 δ’
3320 2773 3401 2827 ὅτι
3434 2772 3534 2844 μὲν
3592 2790 3693 2843 μη-

2113 2863 2308 2934 δεμίαν
2336 2864 2649 2937 ὑπερϐολὴν
2673 2865 3066 2922 ἀπολείπουσιν
3094 2870 3379 2940 ἐνηργεῖτο
3420 2872 3530 2931 τοῖς
3562 2870 3683 2921 ἀπο-

2116 2961 2346 3027 στόλοις,
2370 2961 2534 3015 παντί
2563 2979 2640 3030 τῳ
2669 2962 2829 3032 δῆλον
2858 2962 2926 3017 ἂν
2955 2963 3222 3033 γίγνοιτο,
3257 2963 3366 3017 κάκ
3402 2965 3563 3033 μένε)
3596 2959 3681 3015 τοῦ

2119 3053 2374 3108 σπεύδειν
2414 3052 2693 3125 πανταχοῦ
2752 3055 3052 3127 κηρύττειν
3082 3058 3145 3110 τὸ
3183 3055 3539 3127 Εὑαγγέλιον,
3597 3055 3690 3108 καὶ

2122 3145 2327 3216 μηδένα
2348 3146 2512 3199 τόπον
2547 3145 2840 3200 ἀδιάϐατοι)
2869 3149 2939 3217 τῇ
2973 3145 3291 3216 διδασκαλίᾳ
3316 3149 3590 3215 παρεῖναι,
3620 3146 3693 3215 μὴ

424 3249 659 3315 insulas,
692 3263 803 3302 non
836 3246 1232 3307 continentem,
1292 3255 1425 3304 non,
1481 3241 1527 3294 si
1569 3251 1733 3307 quam
1795 3233 2012 3289 tertiam

2119 3238 2340 3307 νήσους,
2376 3236 2451 3307 μὴ
2484 3239 2738 3307 ἤπειρον,
2776 3236 2898 3307 μηδ’
2927 3237 2983 3290 εί
3006 3255 3131 3291 τινα
3162 3238 3356 3310 τρίτην
3383 3236 3692 3307 ἀνθρώποις

427 3340 815 3395 habitationem
884 3336 1201 3391 hominibus
1271 3342 1470 3387 natura
1539 3327 1840 3384 concessit.
1880 3324 2017 3379 Nam

426 3450 622 3489 omnes
661 3431 913 3500 regiones
965 3423 1378 3495 evangelizandi
1410 3419 1589 3493 gratia
1623 3417 1885 3480 circuire,
1912 3406 2023 3470 non

431 3524 592 3580 modo
638 3536 748 3576 non
834 3530 1021 3587 grave,
1077 3513 1170 3569 sed
1217 3520 1273 3567 et
1327 3510 1485 3565 valde
1534 3506 1651 3561 leve
1706 3505 2016 3560 videbatur.

432 3614 724 3686 Apostolos
773 3623 903 3666 vero
949 3608 1065 3663 haec
1114 3618 1333 3673 semper
1427 3602 1730 3661 factitasSe,
1803 3599 1885 3649 vel
1924 3597 2023 3649 Pe-

434 3722 578 3764 trum
626 3706 775 3767 audi,
841 3702 935 3773 qui
969 3720 989 3753 ι
1030 3700 1237 3770 justum
1295 3697 1615 3759 arbitratur,
1661 3689 1905 3762 quzzndlu
1939 3698 2023 3743 est

430 3802 486 3857 it
536 3802 637 3853 hoc
706 3795 1086 3858 tabernaculo,
1149 3800 1420 3846 suseitare
1487 3788 1541 3841 in
1590 3782 2019 3849 counuouitione

433 3890 734 3963 discipulos
764 3890 804 3921 ¹¹
841 3927 857 3942 .
889 3906 909 3939 ι
952 3885 1020 3940 Ει
1061 3884 1263 3938 Paulus
1295 3899 1313 3934 ι
1350 3880 1650 3936 debitorem
1672 3892 1728 3932 se
1756 3890 1878 3932 esse
1899 3887 2020 3945 pro—

436 3988 615 4042 fessus
648 3990 733 4039 est.
763 3978 970 4036 Graecis
1022 3986 1077 4034 et
1106 3974 1386 4035 Barbaris,
1433 3970 1777 4041 sapientibus
1839 3980 1893 4023 et
1938 3970 2020 4022 in-

437 4075 763 4149 sipientibus
795 4073 874 4126 ".
909 4089 929 4123 ι
959 4070 1170 4124 Etcum
1200 4065 1621 4122 sollicitudinem
1654 4062 1906 4129 muniunt
1935 4076 2023 4116 ec-

438 4168 730 4225 clesiarum
773 4161 1018 4230 exponit,
1079 4166 1335 4223 testatur,
1365 4173 1424 4213 se
1490 4172 1616 4211 cum
1694 4154 2022 4208 inﬁrmanti-

438 4259 543 4312 bus
592 4252 881 4316 iutirmari,
936 4258 991 4304 et
1026 4248 1131 4313 uti,
1181 4246 1400 4316 quoties
1431 4243 2020 4315 quisrscumlalizatur,

439 4363 488 4404 et
526 4362 744 4403 rursum
810 4358 891 4410 se,
924 4358 1047 4397 cum
1097 4341 1236 4395 liber
1303 4346 1475 4404 esset,
1509 4339 1757 4391 omnium
1800 4351 2018 4391 servum

443 4444 650 4496 factum
707 4452 849 4492 csse.
905 4433 1049 4502 Quid
1104 4432 1205 4486 hac
1262 4431 1644 4487 sollicitudine
1704 4428 2019 4492 sollicitius,

442 4529 894 4605 quandoquidem
935 4540 1059 4581 cum
1096 4531 1344 4594 .possent
1380 4521 1465 4576 sui
1510 4520 1654 4591 juris
1695 4535 1838 4587 esse,
1874 4517 2019 4581 aliis,

444 4590 705 4680 abdicata
721 4621 821 4676 abs
849 4634 911 4676 se
962 4590 1252 4690 poteslate,
1300 4629 1422 4670 sese
1448 4590 1814 4675 tradiderunt,
1846 4610 2023 4680 iisque
2052 4590 2101 4650 Ι)

444 4732 552 4771 non
590 4713 803 4786 paucis,
830 4711 925 4767 sed
969 4708 1224 4774 infinitis,
1244 4719 1385 4776 quos
1421 4705 1574 4760 nullo
1604 4718 1835 4758 numero
1865 4717 2022 4758 com-

444 4809 788 4880 prehendere
818 4803 1023 4861 liceat?
1057 4803 1203 4858 Satis
1225 4802 1372 4857 enim
1413 4798 1822 4865 existimabant,
1873 4798 2024 4853 curis

443 4913 563 4954 sese
604 4888 957 4966 induet-gere,
999 4901 1055 4949 et
1109 4891 1361 4947 miserias
1410 4888 1646 4960 perpeti,
1706 4898 1768 4943 ut
1801 4902 2022 4951 omnes,

445 4993 492 5047 si
539 4989 654 5046 ﬁeri
685 4994 888 5059 posset,
925 4984 1424 5057 s‘alvarent,‘quam
1465 4980 1701 5055 propriis
1756 4981 2024 5036 duntaxat

443 5081 748 5139 commodis
779 5078 1114 5152 prospicere.

517 5173 789 5229 Cancrum
846 5172 953 5227 hoc
1014 5171 1204 5228 itidem
1261 5169 1332 5227 de
1378 5168 1643 5240 apostolis
1703 5165 2024 5230 dicendum,

448 5269 495 5324 si
544 5266 727 5322 dicere
757 5265 1005 5337 justum;
1040 5275 1125 5321 est
1155 5274 1335 5320 autem
1370 5264 1607 5334 justum,
1663 5270 1721 5317 et
1783 5261 2027 5316 omnium

448 5358 727 5416 maxime:
761 5371 869 5412 non
934 5358 1080 5413 enim
1153 5356 1382 5412 modicae
1438 5370 1585 5412 curae
1640 5363 2026 5426 argumentum

448 5461 552 5508 cst.
609 5449 787 5522 Opera
831 5449 1205 5520 apostolorum
1265 5455 1619 5504 accesserunt
1701 5450 1770 5503 ad
1819 5448 2025 5504 Christi

452 5546 610 5602 [idem
644 5543 810 5600 etiam
871 5539 1158 5605 PhariSaei,
1196 5540 1289 5610 qui
1342 5549 1399 5594 et
1440 5540 1767 5611 evangelicae
1838 5544 2029 5610 gratiae

450 5637 768 5702 credebant,
804 5644 858 5688 et
902 5649 932 5687 a
964 5632 1082 5705 lege
1123 5631 1361 5688 Mosaica
1414 5632 1686 5689 absistere
1727 5648 1897 5704 grave
1926 5633 2024 5705 ju-

449 5730 740 5795 dicabant;
797 5725 1063 5797 przecipue
1098 5727 1245 5797 quod
1323 5728 1609 5783 credentes
1656 5741 1723 5783 ex
1783 5727 2024 5784 ethnicis

526 5905 564 5936 "
610 5903 649 5958 ll
703 5904 847 5961 l’clr.
880 5921 917 5971 1,
964 5906 1047 5961 15.
1132 5905 1172 5936 ¹¹
1216 5901 1368 5957 Rom.
1404 5921 1444 5973 l,
1493 5905 1574 5961 14.

2125 3331 2413 3383 κατοικίαν
2444 3331 2477 3400 ἡ
2508 3331 2669 3398 φύσις
2703 3329 2896 3385 ἐδίδου.
2927 3330 3001 3384 Τὸ
3030 3330 3145 3401 γὰρ
3192 3333 3494 3402 πανταχόσε
3541 3349 3694 3400 περι-

2124 3422 2332 3474 νοστεῖν
2361 3422 2447 3490 ἐφ⁹
2472 3414 2516 3488 ᾧ
2539 3422 2866 3491 κηρύττοιεν
2899 3423 3021 3476 ἀντὶ
3048 3421 3143 3476 τοῦ
3171 3423 3512 3494 ταλαίπωρον
3541 3424 3695 3476 ὕπει-

2123 3512 2327 3580 λῆφθαι
2357 3512 2560 3581 κοῦφον
2591 3512 2789 3567 ἐδόκει.
2825 3513 2950 3567 Ὅτι
2999 3514 3054 3567 δὲ
3090 3515 3184 3567 καὶ
3229 3513 3319 3568 διὰ
3371 3512 3571 3579 παντὸς
3600 3510 3695 3564 τοῦ

2122 3605 2264 3670 τόγε
2293 3602 2586 3674 ἔπραττον,
2616 3604 2826 3674 Πέτρου
2856 3606 2956 3673 μὲν
2977 3604 3186 3676 ἀκούσῃ
3207 3606 3414 3659 δίκαιον
3443 3606 3707 3676 ἡγεῖσθαι.

2121 3697 2449 3767 γράφοντος,
2475 3715 2494 3749 ι
2524 3698 2607 3765 ἐφ’
2628 3698 2760 3767 ὅσην
2787 3698 2934 3751 ἐστὶν
2961 3701 3016 3751 ἐν
3053 3697 3132 3766 τῷ
3162 3698 3476 3768 σκηνώματι
3498 3697 3693 3767 τούτῳ,

2124 3790 2412 3860 διεγείρειν
2445 3793 2502 3843 ἐν
2533 3790 2841 3860 ὑπομνήσει
2872 3791 2998 3855 τοὺς
3025 3791 3275 3860 μαθητάς
3306 3808 3320 3824 ο
3353 3808 3370 3843 ι
3402 3789 3613 3843 Παύλου
3640 3790 3696 3845 δὲ

2133 3885 2446 3955 «ὀφειλέτην
2464 3885 2657 3941 ἑαυτὸν
2683 3881 2823 3938 εἶναι
2854 3885 3104 3954 λέγοντος
3125 3886 3351 3955 Ἕλλησί
3376 3903 3432 3938 τε
3449 3886 3543 3939 καὶ
3570 3886 3698 3956 βαρ-

2124 3978 2337 4049 ϐάροις,
2368 3981 2553 4046 σοφοῖς
2583 3995 2645 4031 τε
2675 3979 2770 4033 καὶ
2795 3967 3065 4050 ἀνοήτοις,
3108 3996 3127 4030 ι
3163 3979 3257 4032 καὶ
3293 3978 3389 4048 τὴν
3425 3977 3696 4048 μέριμναν
3734 3996 3746 4009 ·

2122 4068 2415 4136 διεξιόντος
2498 4070 2691 4124 πασῶν
2766 4070 2877 4124 τῶν
2929 4071 3260 4141 ἐκκλησιῶν,
3316 4072 3410 4123 καὶ
3472 4070 3531 4123 τδ
3587 4071 3699 4131 τοῖς

2121 4164 2414 4220 ἀσθενοῦσι
2466 4163 2837 4229 συνασθενεῖν,
2896 4165 2991 4217 καὶ
3042 4162 3344 4235 πυροῦσθαι
3395 4164 3585 4223 ὁσάκις
3616 4180 3698 4225 τις

2124 4258 2193 4312 ἂν
2228 4257 2678 4330 σκανδαλίζηται,
2710 4258 2808 4313 καὶ
2830 4256 2899 4311 αὖ
2937 4257 3100 4312 πάλιν
3131 4257 3205 4320 ὡς
3234 4256 3517 4325 ἐλεύθερος
3537 4253 3610 4308 ῶν
3638 4256 3699 4307 ἐκ

2125 4352 2365 4426 πάντων,
2402 4351 2568 4404 πᾶσιν
2596 4349 2894 4404 ἐδούλωσεν
2929 4349 3145 4404 ἐαυτόν.
3183 4347 3248 4401 Τί
3288 4346 3450 4417 τῆσδε
3479 4348 3574 4416 τῆς
3604 4362 3701 4414 κη-

2124 4442 2382 4513 δεμονίας
2415 4440 2615 4511 γένοιτ’
2644 4441 2712 4496 ἂν
2739 4439 3287 4510 κηδεμονικώτερον;
3316 4438 3475 4513 ὁπότε
3498 4438 3699 4490 ἑαυτῶν

2128 4531 2266 4588 εἶναι
2294 4534 2604 4600 δυνάμενοι,
2644 4533 2853 4603 ἑτέροις
2888 4532 3098 4589 ἑαυτῶν
3146 4531 3548 4601 ὑπεξέστησαν,
3610 4529 3706 4581 κά-

2129 4627 2331 4689 κείνοις
2357 4626 2480 4694 οὐχὶ
2514 4624 2760 4694 μετρίοις
2814 4624 3012 4689 είπεῖν,
3063 4622 3179 4676 ἀλλ’
3224 4623 3385 4684 ὅσους
3436 4618 3545 4674 οὐδ’
3591 4618 3702 4671 ἐστι

2130 4718 2451 4786 περιλαϐεῖν
2472 4716 2714 4787 ἀριθμῷ.
2747 4716 2964 4770 Βέλτιον
2996 4717 3106 4786 γὰρ
3129 4717 3405 4786 ἡγήσαντο
3433 4713 3704 4784 φροντίσιν

2131 4811 2362 4875 ἐαστοὺς
2395 4810 2646 4891 ἐκδόντες
2676 4810 2775 4864 καὶ
2800 4808 3319 4881 ταλαιπωρούμενοι
3365 4807 3575 4869 πάντας
3608 4803 3709 4856 σώ-

2132 4901 2268 4968 ζειν,
2296 4903 2347 4956 εί
2380 4897 2494 4957 οἷόν
2518 4918 2603 4968 τε,
2634 4901 2669 4973 ἦ
2723 4901 3001 4973 μερίμνης
3032 4902 3191 4964 ἐκτὸς
3237 4899 3297 4953 τδ
3330 4897 3457 4953 καθ’
3510 4894 3705 4957 αὐτοὺς

2135 4992 2322 5063 μόνον,
2347 4993 2498 5058 ὅπως
2523 4992 2590 5047 ἂν
2624 4992 2684 5047 εὖ
2724 4994 2903 5067 σχοίη,
2935 4994 3183 5047 σκοπεῖν.
3522 4988 3537 4995 “

2210 5177 2321 5230 Καὶ
2354 5177 2462 5249 μὴν
2488 5178 2581 5233 καὶ
2623 5176 2782 5232 τοῦτο
2808 5195 2917 5251 των
2974 5177 3289 5232 ἀποστόλων
3318 5178 3368 5230 εί
3422 5175 3604 5244 λέγειν
3629 5172 3708 5225 δί-

2136 5285 2315 5322 καιον*
2348 5269 2557 5323 δίκαιον
2581 5269 2639 5323 δέ
2674 5287 2739 5338 γε
2787 5269 2882 5324 καὶ
2926 5269 3087 5324 τοῦτο
3132 5269 3331 5338 λέγειν,
3368 5268 3462 5321 καὶ
3510 5264 3710 5329 παντὸς

2140 5361 2367 5430 μᾶλλον
2398 5363 2460 5414 οὐ
2502 5363 2613 5432 γὰρ
2670 5367 2874 5435 μικρᾶς
2917 5363 3015 5433 τῆς
3065 5360 3347 5433 φροντίδος
3410 5356 3708 5435 προσῆλθον

2137 5452 2235 5507 καὶ
2268 5457 2553 5524 φαρισαῖοι
2585 5432 2681 5508 διὰγ
2702 5432 2812 5508 τῶν
2838 5432 3153 5509 ἀποστόλων
3181 5451 3427 5525 Χριστῷ.
3457 5449 3619 5505 Οὗτοι
3646 5432 3710 5517 δὴ

2135 5550 2204 5618 τῇ
2235 5548 2418 5619 χάριτί
2445 5565 2503 5601 τε
2539 5549 2851 5612 ἐπίστευον,
2903 5549 2998 5603 καὶ
3029 5549 3125 5602 τοῦ
3160 5548 3329 5618 νόμου
3379 5543 3711 5615 ἀφίστασθαι

2135 5639 2308 5697 δεινὸν
2339 5639 2577 5711 ἔκρινον,
2613 5641 2708 5695 καὶ
2744 5641 3100 5710 μά).ιστα“τδ
3163 5641 3241 5710 μὴ
3290 5634 3714 5709 περιτέμνεσθαι

2134 5731 2260 5792 τοὺς
2291 5729 2352 5795 ἐξ
2385 5730 2555 5785 ἐθνῶν
2581 5731 2929 5804 προσιόντας,
2963 5732 3102 5804 ὅπερ
3134 5732 3208 5802 μὴ
3236 5728 3534 5814 δεῖνδοῦτω
3569 5724 3715 5794 γενει-
