4076 6448
443 412 585 483 ἸΟΠ

1687 418 1971 478 MAXIM]
2020 420 2397 480 PLANUDIE

3577 433 3711 497 1072

448 551 570 591 rum
620 535 737 604 ipse
774 534 878 589 sibi
939 533 1027 589 sui
1109 532 1263 589 exitii
1350 542 1548 588 auctor
1620 536 2003 605 cxstitit;nan

2108 537 2261 600 ,τοὺς
2295 535 2494 600 ἔξωθεν
2544 538 3081 609 προσ).αμ6άνουσα;
3125 543 3265 596 Ἀλλ’
3294 546 3498 610 ἐκεῖνος
3529 549 3707 622 ἑαυτῷ

447 626 592 682 Deus
644 639 771 680 cum
830 626 901 679 sit
932 623 1145 703 bonus,
1164 624 1339 680 bonos
1388 623 1520 679 facit
1561 632 1616 679 et
1650 634 1866 693 servat;
1900 624 2029 680 mali

445 734 576 774 vero
622 719 882 774 malitiam
913 719 1019 776 sibi
1100 718 1410 788 imputent;
1472 733 1600 774 cum
1651 719 1803 774 enim
1882 719 2027 774 domi

443 828 561 867 sure
597 813 866 880 incipiunt
917 828 1042 869 esse
1103 812 1252 875 mali,
1280 812 1347 866 de
1382 822 1584 868 caetero
1629 812 1764 867 nihil
1800 812 1903 866 loci
1935 812 2031 866 bo-

440 921 512 959 no
574 900 923 974 relio‘quitur.
974 905 1053 959 Ex
1116 920 1227 975 quo
1272 912 1461 974 postea
1533 903 1610 969 fit,
1664 917 1723 960 ut
1780 905 2028 961 bonitate

439 996 664 1060 deserti,
744 998 885 1050 male
942 996 1127 1075 itidem
1186 997 1492 1052 ambulent.
1532 996 1597 1050 Et
1644 999 1745 1052 hoc
1804 998 2025 1069 quidem

440 1104 610 1143 unum
667 1096 770 1142 est.

509 1182 775 1245 Alterum,
842 1180 1023 1250 qualis
1123 1179 1375 1245 Petrus,.
1415 1182 1508 1250 qui
1586 1181 2024 1250 coapostolorum

434 1276 764 1331 electionem
798 1274 1061 1338 instituit,
1093 1284 1148 1329 et
1193 1275 1260 1329 ad
1298 1290 1481 1344 parem
1516 1274 1620 1331 sibi
1678 1275 2019 1331 functionem

436 1368 640 1433 evehit,
694 1364 841 1435 quod
884 1366 1017 1420 nulli
1072 1366 1252 1434 alteri,
1281 1364 1389 1422 nisi
1429 1365 1533 1422 soli
1594 1365 1818 1423 Christo
1873 1384 2024 1424 com-

438 1475 625 1527 petere
654 1460 862 1515 scimus
887 1475 901 1512 :
931 1457 1035 1513 hoc
1067 1457 1215 1513 enim
1248 1457 1397 1511 omni
1427 1458 1637 1513 honore
1680 1469 1735 1513 et
1758 1458 2022 1529 dignitate

436 1552 772 1607 eminentius
809 1560 892 1605 est
923 1568 939 1604 :
973 1560 1027 1604 et
1066 1549 1169 1603 soli
1213 1549 1374 1605 Petro
1415 1564 1481 1604 ex
1529 1551 1678 1604 omni
1704 1550 2020 1605 mortalium

437 1658 668 1698 numero
729 1644 844 1697 haec
901 1640 1134 1698 felicitas
1211 1642 1428 1713 obtigit,
1477 1641 1681 1712 quippe
1739 1643 1834 1713 qui
1898 1643 2020 1707 loco

435 1736 645 1791 Christi
690 1735 924 1790 aliorum
955 1735 1066 1790 dux
1097 1744 1152 1789 et
1208 1735 1463 1805 princeps
1494 1748 1524 1786 a
1550 1733 1772 1790 Christo
1805 1736 2017 1791 consti-

434 1839 585 1884 tutus
627 1836 766 1891 erat,
792 1828 1152 1897 ejusdemque
1182 1826 1362 1881 locum
1387 1839 1518 1895 erga
1559 1827 1702 1881 alios
1754 1829 2012 1896 tenebat;

431 1928 652 1989 propter
688 1934 810 1989 qua:
849 1918 1033 1973 nullus
1061 1933 1129 1972 ex
1187 1917 1313 1974 aliis
1349 1917 1616 1987 apostolis
1649 1927 1797 1973 tanta
1839 1919 2015 1973 admi-

429 2014 645 2068 ratione
692 2011 892 2080 diguus
944 2020 1047 2077 est,
1104 2020 1305 2080 quanta
1367 2008 1587 2066 Petrus.
1644 2010 1819 2078 Quem
1867 2011 2013 2068 enim

427 2102 632 2173 alioqui
672 2101 1067 2171 discipulorum
1120 2104 1365 2158 omnium
1408 2102 1876 2160 ferventissimum
1931 2105 2016 2160 di-

426 2197 699 2267 scipulum
732 2195 939 2252 Christi
979 2196 1260 2261 noximus,
1300 2212 1426 2251 eum
1465 2211 1613 2254 nunc
1652 2198 1772 2252 vice
1808 2206 1862 2254 et
1892 2198 2015 2255 loco

423 2288 629 2345 Christi
698 2290 965 2358 apostolis
1018 2288 1329 2358 praefectura
1416 2289 1829 2360 conspicantes,
1903 2307 2015 2361 quo

426 2380 649 2434 tandem
704 2379 826 2433 loco
873 2372 1273 2447 reponemus?
1305 2377 1414 2433 Sed
1464 2381 1738 2437 orationis
1776 2380 2014 2452 impetus

428 2488 456 2524 a
505 2472 787 2540 proposito
866 2469 975 2525 huc
1058 2485 1145 2525 me
1201 2470 1490 2525 abstraxit.
1544 2471 1616 2526 At
1670 2472 2011 2530 redeundum

423 2573 531 2618 cst.
587 2564 838 2617 Dicebam
875 2561 1043 2632 igitur
1070 2562 1139 2618 de
1171 2562 1344 2630 curis,
1383 2564 1585 2634 quibus
1615 2564 1830 2623 animas
1863 2581 2014 2622 com-

427 2656 810 2727 plcctcbantur
864 2655 1124 2724 apostoli,
1168 2664 1224 2710 et
1257 2656 1326 2711 de
1375 2655 1499 2711 aliis
1530 2657 1637 2713 huc
1688 2659 2012 2729 pertinenti-

426 2751 554 2813 bus,
585 2764 708 2818 qute
747 2754 801 2801 et
829 2746 994 2822 multa
1031 2753 1087 2801 et
1136 2747 1323 2819 gravia
1380 2747 1554 2806 fuisse
1583 2760 1839 2825 constat.

493 2840 683 2909 Quoad
734 2855 967 2909 corpora
999 2839 1218 2908 attinet,
1247 2849 1511 2911 quautam
1577 2857 1771 2899 eorum
1817 2860 2006 2900 curam

425 2933 716 3004 gesserint,
759 2931 994 2987 indicem
1019 2941 1230 2988 certum
1265 2934 1535 2990 habemus
1565 2936 1682 3006 ipsa
1717 2939 2006 3005 miracula,

424 3031 478 3075 ct
518 3022 621 3077 hoc
652 3023 844 3088 etiam,
902 3023 1050 3091 quod
1112 3024 1377 3092 apostolis
1420 3027 1639 3082 curatio
1688 3030 2005 3086 morborum

426 3115 600 3186 magis
648 3131 795 3170 «σιμ-ω
849 3115 1013 3171 fuerit
1052 3131 1217 3186 quam
1257 3116 1395 3187 ipsis
1425 3118 1648 3190 azgrotis
1688 3138 1702 3175 :
1739 3136 1862 3177 nam
1896 3127 2005 3190 his,

2133 630 2234 700 τῆς
2263 634 2650 702 καταστροφῆς
2685 633 2882 699 αἴτιος,
2933 636 3009 699 ὡς
3055 637 3082 690 ὃ
3110 654 3175 702 γε
3204 638 3336 704 Θεὸς
3365 641 3565 709 ἀγαθὸς
3607 646 3703 706 ὢν.

2133 722 2376 789 ἀγαθοὺς
2412 722 2512 790 μὲν
2534 723 2631 776 καὶ
2661 727 2808 778 ποιεῖ
2835 726 2931 791 καὶ
2957 730 3152 796 τηρεί·
3183 731 3347 785 κακοὶ
3386 733 3445 786 δὲ
3480 736 3703 799 ἑαυτοὺς

2086 814 2091 815 ⁷
2133 813 2504 867 αἰτιάσθωσαν
2546 815 2647 884 τῆς
2690 816 2911 880 κακίας.
2940 817 3196 874 Ἐπειδὰν
3228 822 3335 892 γὰρ
3371 824 3581 879 οῖκοθεν
3606 829 3704 898 ἄρ-

2134 906 2333 970 ξωνται
2379 908 2540 961 κακοὶ
2586 909 2854 978 γίνεσθαι,
2896 912 3049 965 οὐδὲν
3088 914 3146 967 ἐν
3175 915 3256 986 τῷ
3283 917 3473 988 ἀγαθῷ
3520 919 3703 975 λοιπόν

2131 1000 2249 1051 ἐστι
2280 989 2485 1069 μένειν.
2519 1001 2782 1057 Λείπεται
2811 1003 2866 1056 δὲ
2911 1005 3098 1058 τούτου
3142 1023 3206 1075 γε
3233 1008 3392 1073 ἐκτὸς
3415 1011 3702 1066 ἀπολειπο-

2133 1091 2329 1161 μένους
2354 1092 2540 1154 κακῶς
2569 1093 2838 1163 οἴχεσθαι.
2879 1095 3033 1159 Ἐνὺς
3062 1098 3164 1166 μὲν
3196 1098 3289 1154 οῦν
3317 1101 3528 1158 τούτου.

2200 1181 2465 1251 Δευτέρου
2500 1183 2580 1248 δὲ,
2615 1186 2664 1237 εί
2699 1185 2944 1251 τοιοῦτος
2975 1189 3005 1241 ὁ
3054 1189 3279 1260 Πέτρος,
3316 1193 3392 1257 ὡς
3436 1196 3531 1249 καὶ
3577 1215 3701 1252 συν·
3730 1234 3735 1239 ι

2129 1275 2449 1329 αποστόλων
2480 1276 2711 1346 ἐκλογὴν
2764 1281 3058 1348 ποιεῖσθαι,
3113 1284 3208 1338 καὶ
3259 1286 3395 1356 πρὸς
3435 1288 3535 1361 τὴν
3583 1292 3701 1362 τσην

2128 1367 2280 1439 αὐτῷ
2311 1367 2681 1437 καθιστάνειν,
2724 1371 3007 1428 διακονίαν
3041 1376 3070 1429 ὃ
3108 1376 3339 1448 μηδενὸς
3365 1380 3527 1436 ἄλλου
3573 1388 3704 1454 πρό-

2130 1458 2254 1511 σθεν
2291 1457 2351 1511 ὃν
2381 1459 2539 1530 ἴσμεν
2571 1461 2605 1532 ἢ
2649 1463 2813 1532 μόνου
2866 1466 3129 1537 Χριστοῦ.
3163 1469 3335 1526 Τοῦτο
3387 1474 3497 1544 γὰρ
3535 1478 3701 1548 τιμῆς

2125 1552 2348 1622 ἀπάσης
2379 1554 2666 1618 ἐπέκεινα,
2711 1560 2809 1611 καὶ
2841 1560 3002 1629 μόνος
3048 1559 3355 1632 ἀνθρώπων
3397 1567 3705 1638 εὐτυχήσας,

2125 1642 2288 1697 τοῦτο
2321 1644 2527 1714 Πέτρος
2558 1646 2755 1716 ἐφάνη,
2810 1651 2931 1702 ἀντὶ
2967 1652 3205 1722 Χριστοῦ
3238 1655 3348 1710 τῶν
3392 1656 3569 1712 ἄλλων
3612 1663 3699 1713 ai-

2127 1735 2306 1805 ρεθεὶς
2355 1741 2655 1807 κορυφαῖος
2705 1743 2857 1810 παρὰ
2908 1741 3148 1815 Χριστοῦ
3200 1748 3293 1801 καὶ
3340 1748 3433 1803 τὸν
3485 1751 3695 1806 ἐκείνςυ

2124 1831 2287 1883 τόπον
2318 1830 2388 1884 τὰ
2413 1832 2551 1900 πρὸς
2577 1835 2704 1899 τοὺς
2725 1835 2919 1901 ἄλλους
2950 1840 3156 1910 τηρῶν.
3196 1842 3278 1895 Δι’
3305 1843 3341 1897 ἃ.
3377 1844 3441 1917 δὴ
3469 1847 3558 1900 καὶ
3588 1852 3692 1918 πρό

2120 1923 2315 1979 ἑαυτοῦ
2372 1926 2560 1980 οὐδένα
2611 1928 2991 2000 θαυμάζεσθαι
3020 1935 3147 2000 ,τῶν
3197 1936 3373 1992 ἄλλων
3423 1943 3688 2014 ,ἀφίησιι

2126 2017 2224 2071 Ὃν
2254 2017 2361 2090 γὰρ
2393 2022 2488 2073 καὶ
2519 2020 2695 2087 άλλως
2723 2025 2831 2091 πρὸ
2869 2028 3090 2083 πάντων
3122 2032 3454 2102 ήγασάμεοα
3500 2036 3695 2109 θερμό-

2118 2126 2282 2164 τατον
2328 2112 2550 2167 πάντων
2606 2112 2873 2188 μαθητὴν
2908 2120 3212 2187 ἐγνωκότες
3272 2127 3549 2198 Χριστοῦ,
3602 2132 3695 2185 νῦν

2117 2202 2239 2256 ἀντὶ
2291 2205 2531 2275 Χριστοῦ
2585 2211 2698 2273 τοῖς
2740 2212 3064 2278 ἀποστόλοις
3105 2218 3344 2288 ὁρῶντες
3389 2223 3691 2293 γινόμενον,

2118 2299 2224 2351 ποῦ
2266 2301 2513 2365 στάσεως
2541 2304 2759 2357 τάττειν
2788 2306 3119 2378 όφείλομενς
3157 2310 3303 2365 Ἀλλ’
3354 2314 3382 2366 ὁ
3439 2314 3594 2384 λόγος
3626 2336 3693 2387 με

2120 2394 2478 2463 συναρπάσας
2505 2397 2615 2449 τῶν
2648 2401 3027 2471 προκειμένων
3054 2402 3215 2474 δεῦρο
3244 2409 3560 2480 παρήγαγε·
3612 2411 3693 2464 δεῖ

2114 2485 2162 2539 δ’
2197 2488 2520 2557 ἐπανάγειν,
2552 2492 2682 2559 περὶ
2714 2487 2775 2546 οὗ
2806 2496 2991 2548 τοίνυν
3020 2496 3230 2565 ἔλεγον.
3268 2500 3379 2563 Τὰς
3423 2504 3523 2569 μὲν
3566 2506 3695 2573 περὶ

2115 2575 2307 2647 ψυχῶν
2356 2580 2470 2643 τοῖς
2513 2580 2838 2645 ἀποστόλοις
2896 2586 3222 2655 φροντίδας,
3278 2590 3371 2642 καὶ
3408 2591 3509 2645 ὅσα
3560 2595 3690 2660 πρὸς

2114 2669 2283 2733 αὐτὰς
2315 2670 2491 2742 φέρει,
2533 2671 2679 2729 οὕτω
2710 2675 2911 2739 πολλὰς
2940 2681 3034 2731 καὶ
3066 2682 3490 2766 μεγάλαςὲστιν
3536 2685 3683 2741 ἰδεῖν.

2186 2847 2288 2908 Ὧν
2333 2854 2390 2908 δέ
2443 2859 2575 2927 περὶ
2621 2860 2891 2929 σωμάτων
2947 2857 3112 2931 εῐχον,
3169 2865 3407 2937 γνώμων
3458 2867 3681 2940 ἀληθὴς,

2113 2946 2252 3001 αὐτά
2284 2965 2369 3001 σοι
2399 2951 2467 3003 τὰ
2500 2949 2781 3022 θαύματα,
2816 2958 2908 3008 καὶ
2954 2955 3016 3008 τὸ
3060 2957 3263 3025 μᾶλλον
3309 2962 3422 3024 τοῖς
3451 2961 3681 3016 ἀποστό-

2110 3039 2241 3105 λοις,
2264 3041 2295 3113 ἢ
2316 3045 2424 3105 τοῖς
2455 3045 2747 3114 κάμνουσι,
2776 3047 2872 3108 τὰς
2895 3047 3193 3116 θεραπείας
3225 3052 3334 3105 τῶν
3362 3055 3678 3125 νοσημάτων

2109 3133 2198 3187 διὰ
2231 3136 2469 3206 σπουδῆς
2510 3132 2673 3192 εἶναι·
2706 3142 2800 3193 καὶ
2833 3141 2942 3211 γὰρ
2965 3143 3246 3206 τοιούτους
3288 3145 3518 3210 ἑαυτοὺς
3544 3160 3685 3219 παρ-

424 3206 519 3275 qui
572 3222 674 3276 ope
702 3207 886 3276 aliqua
938 3207 1281 3279 indigebant,
1328 3209 1467 3267 tales
1534 3225 1595 3266 se
1633 3212 2003 3283 praebuerunt,

2113 3226 2259 3297 εἶχον
2314 3231 2430 3292 τοῖς
2479 3229 2780 3300 δεομένοις,
2833 3206 3056 3299 ότιοίους
3107 3237 3220 3290 οὐδ’
3258 3220 3332 3292 ιᾶν
3377 3206 3568 3295 ἐκεῖνοί
3621 3206 3685 3312 γε

420 3300 612 3371 quales
667 3301 769 3356 sibi
799 3301 1048 3371 polliceri
1084 3316 1190 3356 non
1234 3309 1511 3371 poterant.
1559 3301 1811 3360 Stabilita
1857 3307 2002 3362 enim

419 3394 806 3462 praedicatione
855 3408 952 3462 per
1003 3392 1114 3448 duo
1169 3394 1299 3460 icta,
1352 3410 1449 3465 per
1480 3394 1806 3468 [doctrinam
1840 3400 2005 3455 nimi-

419 3499 538 3538 rum
573 3483 642 3538 de
673 3483 922 3551 Christo,
963 3494 1017 3540 et
1054 3499 1152 3553 per
1191 3485 1588 3542 miraculorum
1635 3489 2001 3560 elfectionem,

308 3573 317 3581 ’
415 3589 470 3633 et
519 3592 644 3632 cum
677 3591 911 3649 utroque
983 3579 1185 3649 ubique
1231 3579 1316 3634 usi
1386 3580 1640 3647 fuissent,
1694 3598 1803 3638 non
1834 3585 2006 3656 magis

414 3669 699 3736 doctrinae,
740 3685 907 3741 quam
937 3670 1327 3725 miraculorum
1367 3673 1669 3743 patrationi
1697 3674 1999 3745 vacabant,

417 3778 591 3833 neque
643 3764 735 3818 uni
772 3763 966 3834 magis,
1009 3778 1175 3835 quam
1222 3764 1383 3820 alteri
1438 3768 1833 3835 attende-bant;
1874 3784 2000 3823 nam

412 3858 455 3910 si
487 3857 613 3927 quis
644 3858 766 3913 illos
793 3858 959 3913 etiam
1015 3866 1074 3913 ut
1106 3857 1365 3914 doctores
1394 3860 1657 3914 admirari
1694 3861 1844 3926 velit,
1876 3875 2001 3916 cer-

414 3962 498 4007 tos
564 3952 814 4022 ﬁdosque
915 3950 1177 4007 doctrinae
1240 3951 1644 4021 admirabitur;
1694 3953 1739 4010 si
1814 3964 1998 4010 autem

411 4043 672 4098 admirari
738 4044 924 4100 lubeat
984 4050 1242 4113 tanquam
1296 4045 1582 4100 miraculis
1648 4047 1997 4117 conSpicuos,

413 4145 560 4191 recte
614 4136 816 4206 faciet;
869 4136 998 4206 quia
1047 4136 1345 4193 admiratio
1408 4140 1695 4196 miraculis
1754 4152 1989 4213 cognata

410 4240 494 4287 est
528 4240 582 4283 ct
615 4231 984 4299 cognominis.

480 4323 789 4387 Docebant,
827 4323 1046 4392 quando
1081 4332 1295 4393 tempus
1331 4336 1471 4395 erat,
1505 4328 1586 4381 vel
1631 4330 1812 4398 potius
1843 4332 1994 4386 omni

410 4428 697 4484 tempore:
747 4424 797 4469 et
855 4414 1011 4484 signa
1042 4398 1342 4481 faciebant,
1411 4420 1631 4487 quando
1684 4423 1995 4480 necessitas

411 4507 748 4577 poswlabat,
795 4505 875 4559 vel
939 4506 1123 4576 potius
1170 4522 1389 4578 semper
1422 4526 1439 4583 ε
1473 4525 1694 4582 semper
1727 4514 1875 4568 enim
1937 4516 1990 4570 in

407 4609 560 4653 tanta
604 4596 978 4669 magnitudine
1022 4597 1172 4655 orbis
1222 4598 1327 4655 hoc
1358 4602 1727 4658 necessarium
1759 4617 1899 4661 erat.
1926 4608 1994 4663 Et

364 4752 370 4757 _
407 4692 627 4762 quidem
663 4706 788 4747 cum
822 4680 1108 4760 docerent,
1171 4692 1410 4763 seipsos,
1481 4703 1538 4749 ut
1595 4698 1990 4755 miraculorum

358 4811 367 4832 -.
404 4785 719 4851 etfectorcs,
768 4783 1108 4854 superabant
1137 4801 1152 4839 :
1183 4799 1310 4839 cum
1344 4801 1474 4842 vero
1537 4789 1801 4845 miracula
1858 4793 1990 4848 etle-

404 4888 547 4944 rent,
584 4876 929 4948 superabant
960 4891 1018 4933 se
1052 4885 1112 4931 ut
1145 4878 1434 4941 doctores;
1485 4878 1559 4933 ita
1599 4891 1653 4934 ut
1700 4881 1899 4952 seipsis
1933 4882 1987 4937 in

405 4971 676 5027 ambobus
724 4970 1139 5040 prastantiores
1177 4986 1301 5028 esse
1352 4972 1694 5038 viderentur,
1753 4976 1990 5045 aequales

400 5075 585 5119 tamen
643 5077 914 5133 paresque
970 5063 1284 5132 utrobique.
1334 5062 1502 5135 Atqui
1544 5071 1599 5121 et
1650 5080 1849 5136 corpus
1893 5082 1987 5121 ca-

404 5156 612 5227 stigare
646 5156 810 5225 inque
840 5156 1164 5211 servitutem
1216 5155 1492 5226 redigere,
1525 5165 1579 5211 et
1610 5157 1809 5213 iterum
1862 5161 1985 5216 aliis

399 5250 743 5321 prwcipere,
801 5258 858 5301 ut
934 5256 1156 5318 propter
1207 5249 1478 5305 stomachi
1543 5250 1979 5308 imbecillitatem

399 5349 586 5401 viuum
668 5345 879 5408 bibant,
913 5347 1167 5400 maximae
1247 5344 1641 5401 sollicitudinis
1720 5347 1982 5401 indicium

396 5450 520 5495 est:
563 5439 896 5508 plenumque
937 5435 1299 5492 admiratione
1351 5446 1566 5509 reputo,
1599 5453 1662 5493 ea
1692 5454 1815 5509 qua:
1847 5440 1982 5495 alias

398 5532 653 5587 vidcntur
702 5530 1001 5595 contraria,
1034 5530 1102 5584 ad
1165 5530 1421 5585 eumdem
1480 5532 1644 5585 linem
1692 5531 1978 5602 dirigere;

396 5639 492 5692 per
545 5624 677 5679 illud
729 5623 872 5678 enim
918 5624 1281 5678 exsultantem
1352 5625 1531 5677 instar
1568 5624 1700 5693 pulli
1757 5638 1979 5679 carnem

395 5708 663 5765 refrenari
698 5711 873 5781 jubet,
904 5728 971 5766 ne
996 5710 1216 5782 spiritui
1255 5713 1535 5782 negotium
1567 5713 1850 5769 facessat:
1883 5729 1980 5783 per

397 5801 499 5854 hoc
538 5806 751 5872 corpori
782 5805 849 5859 aJ
908 5813 1059 5860 recte
1113 5802 1412 5887 factorum_
1441 5802 1788 5861 elfeCtionem
1834 5805 1978 5861 vires

393 5892 633 5963 subiicit.

2110 3318 2370 3390 ἠλπισαν.
2404 3323 2537 3375 Auct
2563 3324 2671 3395 γάρ
2693 3324 2908 3389 τούτοις
2933 3324 3028 3381 τοῦ
3051 3329 3408 3401 κηρύγματος
3436 3333 3685 3404 βεϐαιου-

2113 3411 2302 3481 μένου,
2333 3411 2522 3484 διδαχῇ
2554 3431 2614 3467 τε
2650 3418 2716 3484 τῇ
2769 3418 2899 3488 περὶ
2939 3419 3181 3490 Χριστοῦ
3222 3423 3317 3477 καὶ
3345 3424 3686 3496 θαυματουρ-

2108 3502 2259 3572 γίαις
2307 3505 2402 3559 καὶ
2454 3506 2666 3571 τούτοις
2703 3508 3033 3579 ,ἁπανταχοῦ
3083 3517 3413 3587 κεχρημένοι
3457 3518 3580 3573 οὔτε
3628 3538 3683 3575 τι

2112 3596 2313 3667 μᾶλλον
2337 3597 2656 3665 διδάξαντες
2682 3602 2715 3672 ἢ
2748 3601 3349 3678 θαυμαῖουργήσαντες
3379 3612 3680 3682 φαίνονται,

2107 3685 2230 3742 οὔτε
2289 3690 2461 3759 τούτῳ
2515 3691 2824 3766 μᾶλλον,ἢ
2882 3700 3076 3768 ἐκείνῳ
3115 3705 3466 3773 πρςσχόντες.
3512 3706 3578 3759 Εἰ
3623 3724 3683 3759 τε

2092 3779 2213 3849 ’γάρ
2240 3797 2325 3857 τις
2351 3782 2427 3846 ὡς
2459 3782 2815 3852 διδασκάλους
2847 3787 3154 3861 θαυμάζειν
3187 3797 3385 3860 αὐτοὺς
3414 3797 3677 3868 βούλοιτο,

2104 3872 2373 3942 ἀσφαλεῖς
2402 3876 2716 3932 διδάσκαλοι
2764 3880 3274 3956 θαυμασθήσονται*
3306 3890 3360 3943 sf
3384 3888 3433 3941 τ’
3462 3888 3678 3957 οὒν,.ὡς

2103 3966 2347 4038 θαύμασι
2387 3971 2813 4044 διαπρέψαντας,
2863 3980 3141 4049 προσφυὲς
3175 3982 3362 4046 αὐτοῖς
3420 3983 3512 4038 καὶ¹
3540 3984 3681 4039 ἐπώ-

2102 4076 2278 4131 νυμον
2307 4064 2420 4126 τοῖς
2453 4063 2697 4135 θαύμασι
2729 4066 2792 4121 τὸ
2822 4066 3225 4140 θαυμάζεσθαι.

2171 4331 2490 4389 Ἐδίδασκόν
2527 4350 2587 4388 τε
2615 4334 2725 4406 γάρ
2754 4334 2816 4390 οῦ
2855 4338 3048 4421 τούτου
3080 4341 3274 4413 καιρός
3302 4358 3317 4374 '
3374 4343 3586 4415 μᾶλλον
3616 4344 3675 4398 δὲ

2100 4426 2277 4480 πάντα
2309 4428 2539 4499 καιρόνο
2594 4431 2691 4485 καὶ
2726 4435 2931 4502 σημεῖα
2966 4436 3371 4505 ἐπεδείκνυντο,
3421 4433 3483 4495 οὗ
3529 4439 3691 4494 τοῦτ’

2027 4565 2074 4624 D
2098 4519 2422 4587 ἀναγκαῖον,
2455 4521 2488 4594 ἢ
2525 4525 2729 4592 μᾶλλον
2761 4526 2851 4581 ἀεὶ
2893 4528 3297 4587 ἐπεδείκνυντο.
3323 4531 3439 4587 Ἀεὶ
3472 4535 3581 4607 γὰρ
3615 4536 3675 4590 ἐν

2100 4610 2281 4682 πολλῷ
2313 4613 2484 4683 μήκει
2528 4618 2625 4671 καὶ
2653 4618 2754 4689 τῆς
2784 4621 3116 4694 οἰκουμένης
3138 4620 3209 4698 ἧν
3234 4626 3555 4695 ἀναγκαῖον,
3581 4633 3674 4683 καὶ

2094 4702 2442 4770 διδάσκοντες
2496 4709 2596 4777 μὲν
2648 4711 2861 4765 ἑαυτῶν
2910 4713 2989 4777 ὡς
3051 4714 3308 4788 θαύματα
3372 4720 3674 4773 ποιούντων

2094 4797 2386 4867 ἐκράτουν,
2444 4799 2703 4871 θαύματα
2748 4802 2804 4856 δὲ
2860 4806 3028 4862 πάλιν
3083 4808 3367 4876 τελοῦντες
3408 4811 3484 4876 ὡς
3530 4812 3674 4866 διδα-

2095 4890 2355 4957 σκόντων,
2406 4892 2501 4945 καὶ
2548 4894 2628 4964 τῷ
2686 4897 2973 4964 κρείττους
3022 4899 3237 4957 ἑαυτῶν
3282 4904 3341 4957 ἐν
3390 4899 3706 4972 ἑκατέροις

2092 4974 2231 5034 εἶναι
2253 4980 2455 5049 δοκεῖν,
2500 4984 2606 5039 [σοι
2649 4986 2775 5041 καθ’
2810 4988 3055 5063 ἑκάτερα
3090 4992 3188 5048 καὶ
3215 4994 3530 5064 ἐφάμιλλοι.
3561 4997 3671 5049 Καὶ

2095 5075 2204 5144 μὴν
2238 5076 2333 5129 καὶ
2384 5076 2446 5130 τὸ
2484 5078 2854 5150 δουλαγωγεῖν
2892 5083 3014 5148 μὲν,
3074 5089 3170 5140 καὶ
3221 5078 3562 5154 ὑπωπιάζειν
3608 5089 3671 5140 τὸ

2093 5163 2275 5232 σῶμα,
2314 5167 2478 5222 πάλιν
2529 5169 2575 5222 δ’
2604 5170 2817 5242 ἑτέροις
2867 5175 3213 5231 ἐπιστέλλειν
3261 5181 3390 5252 οίνῳ
3438 5180 3672 5252 χρῆσθαι

2089 5255 2179 5308 διὰ
2205 5258 2480 5331 στόμαχον
2506 5264 2601 5318 καὶ
2628 5263 2941 5335 ἀσθένειαν,
2972 5269 3068 5339 τῆς
3100 5271 3370 5344 μεγίστης
3390 5274 3670 5344 φροντίδος

2088 5346 2165 5411 ὠς
2195 5350 2435 5422 ἀληθῶς.
2473 5354 2662 5409 Ταῦτα
2706 5355 2761 5410 δὲ
2802 5358 2906 5430 ήδη
2951 5364 3047 5414 καὶ
3090 5362 3334 5433 γέμοντα
3369 5365 3666 5436 θαύματος,

2087 5440 2167 5493 ὅτι
2195 5458 2301 5513 περ
2335 5445 2554 5500 ἐναντία
2579 5447 2843 5503 δοκοῦντα
2876 5452 3013 5521 πρὸς
3036 5452 3129 5506 τὸν
3178 5456 3343 5510 αὐτὸν
3387 5460 3666 5528 συντρέχει

2088 5536 2313 5619 σκοπόν.
2351 5538 2425 5592 Τὸ
2452 5538 2551 5608 μὲν
2580 5543 2688 5610 γὰρ
2714 5543 3030 5614 σκιρτῶσαν
3058 5546 3131 5609 ὠς
3155 5545 3357 5614 πῶλον,
3378 5547 3473 5619 τὴν
3497 5551 3670 5617 σάρκα

2084 5616 2191 5679 τοῦ
2218 5630 2295 5699 μὴ
2326 5632 2634 5703 πράγματα
2674 5636 2937 5707 παρέχειν
2967 5641 3033 5709 τῇ
3062 5639 3233 5711 ψυχῇ,
3262 5616 3513 5711 χαλινοῦν
3541 5641 3665 5711 βού-

2084 5719 2237 5773 λεται
2259 5738 2273 5753 ·
2306 5725 2367 5777 τὸ
2411 5724 2468 5779 δὲ
2504 5727 2640 5801 πρὸς
2671 5729 2937 5801 ἐργασίαν
2966 5733 3075 5788 τῶν
3111 5733 3487 5807 καλῶνλίσχὺν
3512 5735 3668 5807 νέμει

2081 5813 2160 5884 τῷ
2198 5813 2436 5887 σώματι.
2588 5850 2591 5853 ι
3636 5831 3643 5841 “
