4076 6444
430 393 564 457 10ῗῖ

1391 402 1801 468 ENCOMIUM
1836 409 1939 473 SS.
1974 412 2206 475 PETRI
2244 418 2355 478 ET’
2382 419 2638 483 PAULI'.

3538 432 3700 499 10ἷῖ

502 511 691 567 Βούλει
719 515 815 570 καὶ¹
859 506 1003 590 ᾗτινι
1034 517 1415 575 κατετείνοντο,
1453 521 1696 592 φροντίδι
1733 524 1858 594 περὶ
1890 523 1999 578 τῶν

2176 532 2257 586 Αη
2290 535 2466 606 cupis,
2506 545 2562 591 ut
2619 554 2909 609 exponam,
2974 558 3080 614 qua
3114 559 3246 600 cura
3282 547 3469 601 etiam
3527 553 3673 603 circa

393 652 400 657 .
425 603 602 668 ἐκτὸς,
632 606 808 673 εῖπως
847 607 997 678 Αὕτη
1031 611 1195 681 κοινά
1224 611 1292 666 τά
1319 613 1497 668 πάντα
1528 616 1638 676 τοῖς
1673 616 1999 672 πιστεύσασι

427 696 731 769 προύθηκε.
762 701 870 755 Καὶ
920 703 1075 756 τοῦτο
1099 704 1162 776 δὴ
1196 704 1255 758 τὸ
1283 705 1490 777 ψυχρὸν
1517 707 1578 760 τὸ
1625 709 1773 778 ἐμόν
1804 727 1863 763 τε
1906 713 2002 765 καὶ

424 787 543 841 σὸν
565 790 666 857 τῆς
695 808 755 845 τε
787 792 1033 864 γλώττης
1075 798 1170 851 καὶ
1208 797 1433 869 γνώμης
1462 799 1684 866 ἐξεῖλεν.
1714 801 1861 874 Αὕτη
1897 822 2003 857 πα-

428 881 831 953 ραθεωρεῖσθαι
865 888 967 952 τὰς
997 889 1174 959 χήρας
1214 891 1313 961 οὐχ
1354 892 1430 956 ὡς
1459 894 1685 947 ἀνεκτὸν
1729 896 1999 967 ἤνεγκεν*

426 973 566 1045 αὕτη
612 977 886 1046 Στέφανον
911 981 1162 1044 καὶτοὺς
1210 982 1268 1049 ἓξ
1302 984 1386 1047 είς
1422 985 1697 1040 διακονίαν
1726 989 2001 1058 ἐχειροτό-

425 1081 599 1134 νησε*
627 1067 830 1136 ταύτης
879 1068 1044 1140 ἔργον
1078 1073 1138 1124 τὸ
1168 1072 1255 1127 διὰ
1310 1075 1528 1129 Παύλου
1580 1077 1841 1147 σταλῆναι
1891 1075 2004 1144 τόῖς

429 1158 568 1210 κατά
621 1158 720 1230 τὴν
788 1162 1052 1216 Ἰουδαίαν
1109 1165 1383 1234 ἀδελφοῖς,
1443 1169 1632 1223 καθότι
1682 1169 1748 1224 ἂν
1795 1168 1877 1234 εἷς
1921 1190 2005 1237 τις

433 1248 664 1315 ἕκαστος
697 1252 992 1324 ηὒπορεῖτο
1022 1256 1131 1309 τῶν
1175 1261 1433 1330 μαθητῶν
1453 1276 1466 1291 '
1507 1262 1717 1329 ταύτην
1763 1266 1857 1318 ml.
1883 1268 2005 1328 ταῖς

430 1341 539 1394 τῶν
563 1344 737 1397 ἄλλων
758 1348 1110 1417 ἐγχαράττων
1129 1353 1154 1402 ὁ
1174 1351 1380 1415 Παῦλος
1396 1351 1761 1423 ψυχαῖς,Ταῗς
1778 1358 2002 1425 χρείαις

426 1454 545 1504 μου
572 1437 809 1505 καὶτοῖς
824 1439 962 1495 οὖσι
982 1443 1108 1510 μετ’
1128 1443 1275 1517 ἐμοῦ
1298 1444 1692 1514 ὑπηρέτησαν
1702 1449 1763 1502 al
1787 1449 2001 1518 χεῖρες,

430 1528 546 1598 ἕλεσι
561 1546 642 1593 εν,
681 1526 876 1587 αὗται.
914 1532 1052 1596 Τοὺς
1082 1534 1262 1588 τοίνυν
1287 1535 1429 1590 οὕτω
1466 1537 1566 1607 μὲν
1607 1540 1820 1609 ψυχῶν,
1863 1542 2006 1597 οὕτω

430 1618 485 1671 δὲ
519 1621 813 1687 σωμάτων,
858 1621 1005 1677 οὕτω
1038 1624 1097 1678 δὲ
1124 1625 1235 1679 τῶν
1266 1627 1422 1692 ἐκτὸς
1456 1630 1764 1699 φροντίζειν
1798 1631 2006 1703 προθύ-

435 1729 570 1781 μους
617 1712 798 1779 ὄντας,
851 1715 927 1780 ὡς
967 1717 1195 1786 μηδενὸς
1224 1719 1330 1773 τῶν
1375 1719 1412 1774 ἃ
1446 1720 1542 1775 καὶ
1577 1720 1646 1774 δι’
1688 1715 1763 1775 ὧν
1792 1724 1909 1776 ἐστί
1947 1742 2004 1777 τε

433 1805 526 1856 καὶ
551 1803 893 1874 διαγίγνεται
947 1807 1260 1879 ἄνθρωπος,
1291 1810 1539 1882 ἀμελεῖν,
1573 1813 1666 1865 καὶ
1704 1815 1840 1884 πρὸς
1881 1813 2006 1868 τού-

430 1912 544 1956 τοις
571 1897 701 1950 εῖσω
734 1901 836 1969 τῆς
872 1901 1081 1964 οἰκείας
1127 1905 1488 1974 ποιουμένους
1524 1908 1807 1979 φροντίδος
1850 1910 2002 1981 ἔθνη,

436 1983 646 2048 πόλεις,
691 1986 906 2057 κώμας,
961 1990 1167 2061 ἀγροὺς
1217 1995 1345 2060 τοὺς
1400 1996 1742 2052 καθέκαστον
1797 2001 2007 2065 πάντας

430 2074 639 2140 ἁπλῶς,
670 2081 740 2132 τά
792 2097 850 2134 τε
898 2080 1035 2136 ἄλλα
1086 2086 1351 2152 τοιούτοις
1389 2088 1466 2153 ὡς
1517 2090 1700 2144 ἀεὶτὸ
1750 2091 2007 2164 δεύτερον

432 2167 557 2232 περὶ
588 2169 790 2236 αὐτῶν,
824 2172 1007 2243 ῥηθὲν,
1042 2177 1292 2246 κρεῖττον
1335 2179 1431 2233 τοῦ
1483 2181 1850 2251 προλαϐόντος
1907 2184 1997 2238 δο-

433 2261 572 2325 κεῖν,
611 2261 778 2316 πόσον
806 2281 891 2328 τις
914 2267 1257 2323 ἐπαινεῖσθαι
1285 2272 1411 2335 τοὺς
1451 2272 1517 2327 ἂν
1548 2272 1741 2346 πόρρω
1775 2293 1882 2329 που
1909 2276 2006 2332 τοῦ

435 2352 570 2417 πρδς
615 2354 772 2420 ἀξίαν
818 2358 1127 2429 εὑρίσκοιτο
1160 2363 1262 2416 ἔτι.
1298 2364 1477 2435 Μέχρι
1534 2366 1635 2436 μὲν
1691 2367 1756 2439 δὴ
1800 2369 2010 2426 τούτων

433 2443 629 2511 ταῦτα,
658 2447 754 2501 καὶ
785 2451 902 2513 τοῖς
938 2451 1187 2520 φιλοῦσιν
1219 2453 1428 2510 ἕκαστα
1459 2457 1690 2531 ἱστορεῖν
1711 2461 2012 2536 σύνδρομον

433 2536 501 2607 τῇ
528 2537 755 2611 ἀληθείᾳ
785 2542 878 2594 καὶ
905 2542 967 2595 τὸ
993 2542 1179 2616 θαῦμα
1216 2547 1598 2618 προτείνοντα.

508 2718 718 2790 Καιρδς
757 2720 813 2775 δὲ
849 2722 949 2794 ἤδη
981 2726 1076 2780 καὶ
1106 2727 1173 2800 ἥν
1207 2729 1259 2782 οῖ
1299 2729 1589 2788 ἀπόστολοι
1618 2736 1779 2809 χάριν
1811 2740 2010 2796 ἐπλού-

433 2824 559 2860 τουν
593 2809 689 2863 τοῦ
724 2812 1064 2882 Πνεὺματος,
1100 2817 1335 2884 καὶτοῖς
1364 2822 1547 2887 ἄλλοις
1577 2825 1820 2897 δαψιλῶς
1844 2838 2012 2900 μεταο

435 2902 641 2956 διδόναι
686 2899 854 2975 εἶχον,
900 2908 1094 2971 εἰπεῖν,
1122 2910 1261 2980 ὅπερ
1316 2913 1415 2984 οὐχ
1458 2900 1609 2980 ὅπως
1656 2923 1782 2992 σιγῇ
1814 2899 1901 2988 τις
1944 2924 2012 2978 ἂν

437 2997 647 3067 παριὼν
698 2998 876 3053 αῖτίαν
926 2999 1233 3071 λαμϐάνοι,
1292 3006 1409 3059 ἀλλ’
1457 3010 1529 3063 εῖ-
1561 3010 1637 3083 μὴ
1683 3014 1779 3068 καὶ
1807 3015 1870 3067 ὲκ
1903 3017 2011 3072 τῶν

343 3164 354 3181 1
437 3093 667 3147 ἐνόντων
700 3096 975 3167 ἐπαινοίη,
1005 3099 1267 3170 ἀσχολίαν
1306 3101 1476 3173 ἄλλην
1526 3102 1748 3160 ἅπασαν
1779 3107 2010 3175 ἀνελὼν,

2104 632 2329 680 externa
2417 629 2520 685 ista
2588 636 2842 703 occupati
2916 634 3155 691 fuerint?
3227 637 3351 693 llaec
3426 640 3678 695 fidelibus

2107 718 2289 773 omnia
2329 724 2643 779 communia
2699 727 2934 782 reddidit
2962 736 3016 781 el.
3051 728 3305 799 frigidum
3375 732 3505 788 illud
3555 750 3678 787 ver-

2108 808 2263 874 bum,
2294 829 2467 867 meum
2490 823 2542 869 et
2577 824 2721 870 munt
2747 828 2802 873 et
2832 834 2896 873 ex
2931 834 3028 875 ore
3054 830 3107 875 et
3136 838 3198 877 ex
3244 833 3425 877 tuente
3451 816 3674 880 excutit.

2106 901 2231 957 Haec
2269 903 2468 969 effecit,
2504 915 2564 961 ut
2608 909 2898 966 viduarum
2965 914 3242 982 neglectus
3277 917 3680 986 et'despeetus

2107 992 2467 1051 intolerabilis
2491 1010 2827 1057 censeretur.
2888 1002 3014 1058 Haec
3050 1005 3387 1076 Stephanum
3417 1023 3544 1063 cum
3582 1024 3678 1065 sex

2108 1086 2332 1156 collegis
2363 1090 2627 1172 diaconos
2660 1095 2884 1150 creavit.
2948 1094 3072 1151 liceo
3116 1098 3321 1164 etiecit,
3376 1108 3436 1155 ut
3492 1100 3679 1171 egenis

2107 1181 2161 1235 in
2195 1180 2383 1238 Judma
2418 1182 2684 1243 fratribus
2710 1203 2808 1257 per
2855 1187 3085 1246 Paulum
3138 1192 3438 1247 subsidium
3496 1192 3681 1247 mitte.

2107 1283 2281 1336 retur,
2315 1290 2414 1345 pro
2451 1278 2607 1344 copia
2644 1292 2699 1333 et
2765 1280 3116 1338 facultatibus
3183 1283 3525 1354 singulorum
3591 1285 3678 1338 di-

2107 1356 2464 1435 scipulorum.
2496 1371 2651 1427 Hanc
2674 1372 2907 1427 aliorum
2941 1388 3163 1445 quoque
3184 1377 3455 1431 mentibus
3482 1376 3680 1432 Paulus

2109 1460 2421 1534 insculpere
2485 1466 2710 1533 volens,
2764 1468 3019 1526 dicebat:
3074 1470 3158 1524 Ad
3208 1487 3326 1543 qua:
3375 1472 3504 1526 mihi
3551 1489 3709 1540 Opus.

2106 1563 2281 1619 erant,
2346 1565 2397 1610 et
2437 1558 2539 1621 his,
2599 1562 2689 1630 qui
2760 1578 2962 1616 mecum
3033 1572 3177 1629 sum,
3249 1564 3684 1618 ministraverunt

2108 1662 2297 1700 manus
2353 1649 2470 1703 ista:
2500 1649 2565 1705 ’⁸.
2600 1649 2706 1706 Eos
2734 1653 2938 1724 ,igitur,
2975 1655 3070 1724 qui
3124 1664 3230 1710 tam
3279 1657 3488 1711 alacres
3517 1656 3686 1712 exSti-

2112 1747 2229 1794 tere
2291 1740 2345 1795 in
2412 1759 2546 1800 cura
2612 1746 2943 1809 animarum.
3008 1763 3323 1819 corporum,
3384 1765 3684 1818 rerumque

2037 1867 2076 1921 Β
2110 1840 2484 1897 externarum,
2540 1836 2615 1890 ita
2652 1846 2712 1890 ut
2772 1839 2907 1893 nihil
2962 1853 3177 1907 eorum,
3232 1856 3331 1911 per
3366 1857 3488 1910 qua:
3521 1843 3683 1896 houo

2110 1929 2193 1975 cst
2239 1930 2294 1977 et
2342 1923 2610 1992 subsiSIit,
2667 1926 2975 1983 incuratum
3006 1930 3392 1998 relinquerent,
3443 1941 3496 1984 et
3542 1948 3680 1997 prm-

2112 2021 2258 2070 terea
2292 2030 2445 2071 suam
2478 2018 2540 2093 in
2579 2034 2763 2075 curam
2803 2021 3112 2091 reciperent
3138 2033 3348 2093 gentes,
3403 2025 3679 2083 civitates.

2109 2108 2284 2172 vicos,
2334 2092 2497 2179 agros
2552 2125 2647 2167 seu
2698 2114 2974 2168 territoria
3031 2116 3243 2185 singula
3280 2125 3334 2171 et
3371 2118 3580 2180 omnia,
3630 2128 3686 2173 et

2113 2200 2198 2257 his
2238 2203 2466 2268 similia,
2516 2215 2575 2259 ut
2608 2205 2754 2276 quod
2786 2208 3029 2263 secundo
3065 2208 3187 2263 loco
3215 2209 3283 2265 de
3319 2209 3425 2265 illis
3483 2210 3685 2265 dicitur

2112 2292 2308 2348 melius
2370 2296 2625 2352 videatur
2656 2314 2746 2362 eo,
2795 2301 2936 2369 quod
2991 2303 3331 2369 antecessit;
3392 2312 3686 2373 quantum-

2112 2398 2330 2456 cunque
2360 2389 2488 2458 quis
2556 2390 2882 2455 laudaverit,
2918 2408 3026 2448 non
3065 2395 3256 2463 procul
3318 2394 3389 2449 ab
3413 2410 3481 2450 eo
3536 2396 3682 2465 quod

2111 2495 2178 2533 cx
2248 2478 2516 2549 dignitate
2570 2488 2674 2548 est,
2723 2482 2918 2539 abesse
2973 2483 3337 2552 indicabitur.
3409 2482 3686 2540 Hactenus

2113 2569 2214 2624 ista
2256 2571 2621 2628 admiratione
2660 2572 2825 2641 digna
2866 2575 2920 2630 in
2980 2576 3212 2645 gratiam
3269 2578 3569 2634 amantium
3599 2594 3688 2631 ve-

2115 2660 2330 2715 ritatem
2368 2663 2758 2719 convenienter
2777 2666 3052 2736 explicare
3078 2669 3284 2723 studui.

2191 2753 2429 2826 Tempus
2466 2772 2615 2812 nunc
2676 2757 2844 2813 fuerit
2874 2760 3038 2815 etiam
3075 2761 3143 2815 de
3198 2760 3372 2831 gratia
3430 2760 3686 2832 Spiritus,

2112 2860 2217 2913 qua
2252 2846 2484 2915 apostoli
2521 2846 2895 2913 abundabant,
2949 2849 3181 2921 aliisque
3213 2866 3275 2908 se
3310 2851 3534 2921 largiter
3584 2854 3692 2907 im-

2113 2938 2447 3005 pertiebant,
2479 2938 2777 3004 disserere,
2818 2949 2872 2996 et
2907 2940 3012 2997 hoc
3042 2958 3172 3007 non,
3215 2954 3276 2998 ut
3308 2944 3355 2999 si
3409 2945 3537 3013 quis
3565 2959 3686 2997 eam

2115 3029 2333 3084 silentio
2364 3038 2677 3102 praetereat,
2701 3032 2918 3104 culpam
2967 3035 3297 3111 contrahat;
3344 3038 3444 3092 sed
3478 3044 3539 3092 ut
3581 3037 3687 3091 nisi

2115 3123 2340 3192 praecisa
2398 3125 2550 3180 omni
2599 3126 2705 3180 alia
2750 3128 3132 3197 occupatione,
3192 3137 3246 3184 et
3304 3131 3557 3199 praesenti
3608 3146 3694 3184 re-

437 3183 498 3237 οὔ
536 3204 625 3256 μοι
656 3187 806 3242 δοκεῖ
832 3189 998 3260 ἔχειν,
1028 3193 1178 3257 ὅπως
1213 3194 1280 3249 ἃν
1309 3194 1410 3265 τὴν
1439 3196 1531 3250 ἐπὶ
1559 3197 1734 3267 τούτῳ
1769 3217 2008 3272 κατηγο-

2114 3231 2232 3270 rum
2287 3218 2442 3287 copia
2500 3219 2862 3275 laudationem
2916 3230 3214 3283 contexat,
3289 3221 3342 3275 in
3403 3221 3695 3276 inevitabi-

442 3275 563 3345 ρίαν
614 3279 864 3349 ἐκφύγοι.
913 3277 1020 3336 Ἦν
1067 3285 1115 3339 δ’
1163 3285 1313 3357 ὅμως
1346 3288 1523 3343 εἰπεῖν
1576 3291 1651 3363 μὴ
1698 3293 1878 3363 πολλῷ
1909 3295 2008 3362 τῆς

441 3367 599 3433 ἀξίας
648 3373 1101 3444 καταδεέστερον,
1150 3377 1321 3442 εἴτις
1365 3380 1466 3450 τῆς
1511 3382 1738 3437 ἐκείνων
1786 3384 2008 3455 χάριτος

445 3461 694 3532 μετέχειν
724 3464 872 3535 ἐξῆν.
903 3466 1019 3521 Νῦν
1043 3468 1103 3523 δέ
1141 3487 1232 3540 μοι
1263 3471 1567 3527 κινδυνεύει
1592 3473 1773 3529 λαλεῖν
1795 3476 1823 3528 ό
1852 3476 2011 3545 λόγος

440 3556 509 3607 τὰ
538 3555 632 3609 τοῦ
662 3558 972 3628 πνεύματος
1001 3565 1168 3633 χωρὶς
1191 3564 1523 3634 πνεύματος,
1548 3568 1644 3621 καὶ
1668 3571 1781 3633 τοῖς
1801 3570 2013 3639 ἀκροωο

446 3650 627 3719 μένοις
653 3653 750 3723 οὐχ
781 3654 906 3707 ὅσον
955 3654 1072 3711 ἐστι
1115 3656 1463 3726 βουλομένοις
1497 3659 1732 3714 ἀκοῦσαι
1759 3644 2013 3715 τοσοῦτον

443 3744 620 3796 είπεῖν
648 3743 964 3816 δυνηθῆναι.
1013 3748 1153 3803 Ἀλλ’
1184 3751 1310 3805 ἐπεὶ
1341 3752 1477 3824 μηδὲ
1506 3752 1665 3807 τοῦτό
1692 3772 1778 3817 τις
1808 3755 1869 3808 τὸ
1902 3756 2014 3825 μέ·

445 3851 540 3906 ρος
589 3838 947 3903 ἀνεξέταστον
1003 3841 1295 3910 παρελθεῖν
1344 3845 1652 3912 ἐπιτρέπει,
1703 3845 1933 3916 λέγομεν
1978 3846 2014 3901 ἃ

444 3926 510 3979 ἂν
563 3928 697 3996 ἡμῖν
752 3928 1044 3992 δεηθεῖσιν.
1091 3932 1224 3985 αὐτὸ
1264 3931 1339 4001 δῷ
1396 3933 1639 4007 Πνεῦμα.
1681 3936 1754 3988 Τό
1801 3953 1861 3990 τε
1902 3939 2013 4007 γὶρ

446 4019 615 4088 μηδὲν
644 4019 782 4082 ὅλως
817 4022 993 4075 εἰπεῖν
1022 4021 1220 4078 οὔκουν
1250 4004 1556 4095 εὖγνῶμον,
1587 4026 1683 4080 καὶ
1719 4027 1781 4081 τὺ
1812 4027 1888 4099 μὴ
1915 4004 2011 4083 σὺν

443 4111 717 4186 εὐλαϐείᾳ,
746 4112 1103 4185 θρασύτερον.

2115 3310 2254 3375 lem,
2310 3310 2518 3380 judicio
2587 3328 2745 3378 meo,
2796 3315 3275 3384 reprehensionem
3359 3312 3691 3370 incursurus

2115 3403 2207 3457 sit.
2267 3401 2332 3457 Et
2390 3402 2505 3458 ﬁeri
2569 3404 2786 3473 poterit,
2866 3413 2928 3460 ut
2996 3405 3122 3477 quis
3186 3406 3357 3475 gratia
3426 3406 3514 3460 illa
3577 3421 3693 3461 cm-

2119 3492 2239 3548 lesti
2300 3488 2564 3565 prteditus
2624 3512 2731 3551 non
2815 3496 2990 3552 multo
3049 3496 3309 3561 inferius,
3374 3512 3536 3567 quam
3601 3513 3694 3550 ar-

2119 3594 2440 3655 gumentum
2509 3597 2803 3653 mereatur,
2866 3586 3036 3643 dicat.
3105 3587 3234 3643 Mihi
3291 3598 3471 3645 autem
3547 3604 3695 3642 nunc

2120 3676 2420 3745 perieulum
2488 3678 2752 3742 imminet,
2839 3688 3025 3749 utpote
3092 3681 3184 3749 qui
3271 3696 3395 3750 qua:
3461 3680 3703 3749 spiritus-

2120 3750 2267 3831 sunt,
2296 3767 2504 3835 absque
2550 3768 2743 3837 spiritu
2790 3767 2971 3838 eloqui
3029 3778 3255 3834 tentem,
3312 3786 3412 3825 nec
3469 3772 3688 3825 audito-

2119 3872 2240 3912 rum
2288 3858 2514 3913 incenso
2547 3858 2819 3914 desiderio
2865 3859 3180 3916 satisfacere
3210 3861 3437 3917 valeam.
3490 3862 3704 3918 Verum.

2119 3958 2244 3997 cum
2297 3957 2474 4013 neque
2526 3946 2670 4002 hanc
2722 3954 2929 4016 partem
2989 3947 3250 4004 intactam
3309 3954 3694 4019 praetervolans

2122 4038 2510 4104 permittatur,
2567 4053 2630 4094 ea
2708 4038 3039 4105 afferemus,
3104 4059 3224 4113 qua:
3287 4043 3404 4113 ipse
3460 4044 3694 4115 Spirims

2123 4125 2616 4195 suppeditaverit:
2684 4144 2810 4183 nam
2902 4131 3145 4201 penitus.
3195 4134 3398 4200 silere,
3479 4137 3705 4191 veniam.

445 4221 551 4260 non
618 4218 876 4274 meretur,
936 4217 992 4265 et
1040 4210 1159 4266 sine
1210 4210 1394 4268 debita
1485 4213 1790 4270 reverentia
1847 4213 2068 4271 dicendi
2157 4219 2492 4287 provinciam
2569 4222 2891 4292 suscipere,
2973 4223 3201 4281 audacia
3276 4226 3423 4283 haud
3495 4225 3709 4299 injuria-

453 4299 769 4366 deputatur.

514 4392 630 4462 Τὴν
660 4393 822 4462 χάριν
850 4391 945 4447 τοῦ
986 4393 1306 4465 Πνεύματος
1331 4398 1423 4449 καὶ
1452 4399 1585 4468 πρὶν
1631 4402 1714 4464 εἰς
1754 4399 2021 4472 οὐρανοὺς

444 4484 690 4538 ἀνελθεῖν
718 4486 956 4555 Χριστὸς
994 4489 1106 4550 τοῖς
1155 4489 1481 4553 ἀποστόλοις
1507 4490 1884 4562 δεδωρημένος
1927 4508 2017 4560 γι-

443 4576 713 4631 νώσκεται
747 4578 840 4631 καὶ
876 4579 1210 4643 πιστεύεται,
1246 4582 1341 4633 καὶ
1378 4582 1468 4635 τὸν
1512 4584 1875 4655 Παράκλητον
1916 4584 2017 4637 αὑ·-

2193 4400 2497 4467 Christum,
2539 4399 2706 4455 etiam
2745 4410 2872 4457 ante
2923 4400 3302 4458 ascensionem
3361 4403 3415 4457 in
3467 4404 3721 4460 coelum:-

2117 4491 2347 4564 gratiam
2383 4490 2624 4561 Spiritus
2677 4492 2960 4562 discipulis
3003 4493 3120 4550 suis
3161 4493 3696 4573 dedisse,_novimus

2119 4594 2172 4640 et
2204 4583 2506 4651 credimus,
2563 4584 2855 4656 ipsumque
2903 4583 3247 4642 Paracletum
3278 4598 3404 4658 post
3462 4589 3695 4643 reditum

443 4670 535 4722 τὶν
570 4669 707 4739 μετά
737 4670 837 4740 τὴν
869 4672 949 4734 εἰς
979 4673 1245 4739 οὐρανοὺς
1267 4673 1452 4727 ἄνοδον
1485 4677 1806 4730 ἀποστελεῖν
1841 4677 2010 4745 ἐπηγ-

2123 4676 2177 4731 in
2212 4676 2411 4731 coelum
2440 4692 2500 4731 se
2554 4677 2635 4732 eis
2669 4678 2968 4733 missurum
3028 4679 3320 4749 promisit;
3366 4696 3484 4735 nec
3539 4682 3699 4750 quid-

444 4761 687 4828 γείλατο.
746 4761 913 4813 Οὐδὲν
967 4760 1078 4832 γὰρ
1129 4762 1321 4815 καθότι
1381 4764 1457 4834 μὴ
1506 4765 1700 4818 τούτου
1755 4768 2018 4838 παρεῖχον

444 4852 631 4917 ἀξίους
676 4854 906 4916 ἑαυτοὺς
939 4846 1084 4908 οὗτοι
1117 4854 1211 4908 καὶ
1242 4854 1412 4926 σκεύη
1461 4857 1597 4926 πρὸς
1629 4857 1898 4928 ὑποδοχὴν
1927 4860 2018 4912 εύ-

444 4944 761 5015 ψυχέστατα
783 4959 798 4975 ⁸
833 4949 960 5015 τοὺς
999 4947 1109 5019 γάρ
1138 4947 1215 5019 τῷ
1241 4948 1358 5019 Θεῷ
1390 4948 1550 5020 Λόγῳ
1581 4949 2016 5020 συμπολιτευσα·

447 5038 642 5107 μένους
676 5039 952 5093 πολιτείαν
980 5041 1218 5112 ἐκείνην,
1253 5037 1321 5114 ἧς
1353 5043 1528 5104 οὐδεὶς
1556 5043 1663 5095 τῶν
1694 5043 1792 5096 ἀπ’
1819 5044 2016 5109 αἰῶνος

448 5132 943 5204 εὐδαιμονεστέραν
967 5132 1377 5201 ἐπολιτεύσατο,
1401 5136 1494 5189 καὶ
1517 5135 1735 5207 νύκτωρ
1774 5138 1866 5190 καὶ
1899 5138 2021 5208 μεθ’

448 5223 660 5293 ἡμέραν
688 5227 1110 5294 συγγεγονὸτας,
1157 5225 1344 5279 λοιπὸν
1373 5222 1442 5298 ἦν
1475 5228 1571 5281 καὶ
1606 5227 1699 5281 τοῦ
1736 5229 2024 5300 συμφυοῦς

449 5315 599 5386 αὐτῷ
630 5316 725 5369 καὶ
753 5319 1018 5389 ὀμοτίμου
1064 5318 1384 5387 Πνεύματος
1421 5319 1606 5389 δοχεῖα
1638 5320 1921 5385 γενέσθαι.
1963 5322 2023 5376 '0

454 5404 673 5476 μὲνοῦν
710 5410 892 5463 αὐτῶν
919 5410 1016 5482 τὴν
1054 5411 1237 5465 πίστιν
1274 5411 1473 5476 τελέως
1509 5406 1588 5475 είς
1619 5412 1853 5482 δεκάτην
1885 5415 2023 5484 μετὰ

448 5501 549 5571 τὴν
605 5501 873 5571 ἀνάληψιν
931 5504 1145 5574 ἡμέραν
1192 5504 1525 5574 ἐγύμνασεν.
1588 5505 1741 5559 Ἐπεὶ
1786 5505 1841 5558 δὲ
1877 5506 2016 5575 μήτε

449 5597 617 5663 χωρὶς
653 5596 832 5662 φωτὸς
876 5595 1029 5667 ἥλιον
1079 5596 1229 5651 ἔστιν
1260 5598 1422 5663 κίδεῖν,
1459 5597 1532 5668 μή
1573 5614 1633 5650 τε
1663 5596 1798 5650 Θεὸν
1829 5599 2022 5668 νοῆσαι

452 5684 573 5756 δίχα
604 5685 699 5740 τοῦ
747 5687 1058 5759 ἀληθεύειν,
1107 5691 1290 5761 παρῆν
1341 5691 1374 5761 ὴ
1424 5688 1736 5762 προθεσμία
1786 5691 1882 5745 καὶ
1919 5691 2025 5746 τῶν

525 5865 712 5920 "-Act.
753 5881 842 5929 xx,
874 5864 961 5918 5i.

2126 4782 2290 4837 quam
2324 4766 2595 4823 obstaculi
2645 4767 2996 4838 objiciebant,
3043 4784 3151 4839 quo
3200 4770 3386 4825 minus
3426 4785 3495 4826 eo
3548 4771 3698 4841 digni

2125 4860 2338 4914 fierent.
2390 4857 2510 4913 Imo
2566 4859 2919 4928 suscipiendo
2951 4858 3178 4928 Spiritui
3235 4861 3522 4930 aptissima
3565 4878 3696 4917 vasa

2123 4961 2325 5020 erant;
2376 4963 2503 5007 nam
2539 4952 2635 5023 qui
2692 4966 2814 5007 eum
2852 4950 2945 5007 Dei
2983 4949 3168 5007 Verbo
3208 4968 3328 5007 eam
3373 4956 3498 5009 vitae
3530 4955 3699 5010 ratio-

2126 5060 2248 5100 nem
2304 5044 2562 5110 inierant,
2607 5044 2837 5115 qualisa
2868 5045 3090 5099 condito
3135 5045 3338 5101 mundo
3398 5047 3546 5101 nulla
3604 5062 3699 5101 cx-

2120 5134 2283 5201 stitit,
2342 5136 2547 5206 quique
2576 5149 2701 5191 cum
2740 5135 2929 5190 eodem
2979 5133 3162 5191 Verbo
3223 5136 3342 5192 dies
3402 5149 3700 5208 noctesque

2121 5228 2324 5285 versati
2357 5227 2594 5293 fuerant,
2649 5241 2748 5283 eos
2808 5228 3097 5298 oportebat
3156 5228 3395 5297 Spiritus
3448 5230 3694 5300 ejusdem

2122 5337 2245 5377 cum
2275 5320 2458 5376 Verbo
2509 5327 2743 5385 naturae,
2806 5319 3056 5386 honoris,
3093 5329 3149 5375 et
3188 5321 3471 5391 dignitatis
3532 5337 3697 5391 quam

2124 5414 2362 5469 maxime
2388 5413 2585 5469 idonea
2628 5413 2974 5483 receptacula
3008 5412 3172 5471 eﬂici.
3209 5414 3311 5479 Qui
3346 5424 3467 5484 post
3507 5430 3701 5469 ascen--

2124 5506 2332 5561 sionem
2366 5519 2521 5561 suam
2561 5518 2657 5576 per
2690 5503 2811 5560 dies
2837 5504 3025 5560 decem
3087 5520 3280 5560 eorum
3315 5504 3475 5560 fidem
3532 5521 3699 5562 accu-

2130 5607 2248 5656 rate
2296 5598 2565 5654 exercuit.
2631 5595 2927 5668 Postquam
2981 5613 3113 5652 vero
3171 5614 3348 5669 neque
3404 5599 3525 5656 siue
3581 5600 3700 5655 lucc

2138 5690 2307 5746 solem
2331 5688 2515 5746 videre
2539 5689 2692 5759 licet,
2718 5703 2895 5759 neque
2929 5689 3094 5746 Deum
3148 5690 3456 5760 intelligere
3490 5692 3699 5762 absque
