  <div class='ocr_page' id='page_1' title='image "/cluster/home/n/w/nwhite01/storage/ocr_20150623/147:no.3/coo.31924054870526/551.png"; bbox 0 0 4076 6512; ppageno 0'>
   <div class='ocr_carea' id='block_1_1' title="bbox 424 370 562 436">
    <p class='ocr_par' dir='ltr' id='par_1_1' title="bbox 424 370 562 436">
     <span class='ocr_line' id='line_1_1' title="bbox 424 370 562 436; baseline -0.022 0"><span class='ocrx_word' id='word_1_1' title='bbox 424 370 562 436; x_wconf 82' lang='grc'><strong>1079</strong></span> 
     </span>
    </p>
   </div>
   <div class='ocr_carea' id='block_1_2' title="bbox 415 587 2005 661">
    <p class='ocr_par' dir='ltr' id='par_1_2' title="bbox 415 587 2005 661">
     <span class='ocr_line' id='line_1_2' title="bbox 415 587 2005 661; baseline 0.004 -20"><span class='ocrx_word' id='word_1_2' title='bbox 415 603 541 641; x_wconf 84' lang='lat' dir='ltr'><strong>cum</strong></span> <span class='ocrx_word' id='word_1_3' title='bbox 573 587 752 643; x_wconf 88' lang='lat' dir='ltr'><strong>amico</strong></span> <span class='ocrx_word' id='word_1_4' title='bbox 778 588 929 659; x_wconf 85' lang='lat' dir='ltr'><strong>loqui</strong></span> <span class='ocrx_word' id='word_1_5' title='bbox 959 590 1100 646; x_wconf 88' lang='lat' dir='ltr'><strong>solet</strong></span> <span class='ocrx_word' id='word_1_6' title='bbox 1132 633 1148 660; x_wconf 95' lang='lat'><strong>,</strong></span> <span class='ocrx_word' id='word_1_7' title='bbox 1204 593 1336 647; x_wconf 80' lang='lat' dir='ltr'><strong>nihil</strong></span> <span class='ocrx_word' id='word_1_8' title='bbox 1388 601 1571 650; x_wconf 86' lang='lat' dir='ltr'><strong>tamen</strong></span> <span class='ocrx_word' id='word_1_9' title='bbox 1606 593 1697 648; x_wconf 84' lang='lat' dir='ltr'><strong>hic</strong></span> <span class='ocrx_word' id='word_1_10' title='bbox 1729 604 1835 661; x_wconf 83' lang='lat' dir='ltr'><strong>est,</strong></span> <span class='ocrx_word' id='word_1_11' title='bbox 1892 595 2005 649; x_wconf 91' lang='lat' dir='ltr'><strong>col-</strong></span> 
     </span>
    </p>
   </div>
   <div class='ocr_carea' id='block_1_3' title="bbox 414 679 2003 763">
    <p class='ocr_par' dir='ltr' id='par_1_3' title="bbox 414 679 2003 763">
     <span class='ocr_line' id='line_1_3' title="bbox 414 679 2003 763; baseline 0.006 -31"><span class='ocrx_word' id='word_1_12' title='bbox 414 679 621 736; x_wconf 78' lang='lat' dir='ltr'><strong>latione</strong></span> <span class='ocrx_word' id='word_1_13' title='bbox 667 696 793 736; x_wconf 87' lang='lat' dir='ltr'><strong>eum</strong></span> <span class='ocrx_word' id='word_1_14' title='bbox 843 686 1111 752; x_wconf 79' lang='lat' dir='ltr'><strong>apostolis</strong></span> <span class='ocrx_word' id='word_1_15' title='bbox 1169 687 1334 741; x_wconf 84' lang='lat' dir='ltr'><strong>facta.</strong></span> <span class='ocrx_word' id='word_1_16' title='bbox 1395 687 1490 743; x_wconf 86' lang='lat' dir='ltr'><strong>ille</strong></span> <span class='ocrx_word' id='word_1_17' title='bbox 1519 686 1664 763; x_wconf 87' lang='lat' dir='ltr'><strong>enim</strong></span> <span class='ocrx_word' id='word_1_18' title='bbox 1699 690 2003 758; x_wconf 80' lang='lat' dir='ltr'><strong>posteriora</strong></span> 
     </span>
    </p>
   </div>
   <div class='ocr_carea' id='block_1_4' title="bbox 417 772 1999 848">
    <p class='ocr_par' dir='ltr' id='par_1_4' title="bbox 417 772 1999 848">
     <span class='ocr_line' id='line_1_4' title="bbox 417 772 1999 848; baseline 0.004 -20"><span class='ocrx_word' id='word_1_19' title='bbox 417 772 511 829; x_wconf 88' lang='lat' dir='ltr'><strong>Dei</strong></span> <span class='ocrx_word' id='word_1_20' title='bbox 545 775 752 832; x_wconf 81' lang='lat' dir='ltr'><strong>vidisse</strong></span> <span class='ocrx_word' id='word_1_21' title='bbox 784 791 1141 843; x_wconf 80' lang='lat' dir='ltr'><strong>memoratur,</strong></span> <span class='ocrx_word' id='word_1_22' title='bbox 1176 780 1267 834; x_wconf 90' lang='lat' dir='ltr'><strong>isti</strong></span> <span class='ocrx_word' id='word_1_23' title='bbox 1325 796 1457 836; x_wconf 85' lang='lat' dir='ltr'><strong>vero</strong></span> <span class='ocrx_word' id='word_1_24' title='bbox 1490 782 1657 836; x_wconf 90' lang='lat' dir='ltr'><strong>Deum</strong></span> <span class='ocrx_word' id='word_1_25' title='bbox 1694 780 1748 835; x_wconf 90' lang='lat' dir='ltr'><strong>in</strong></span> <span class='ocrx_word' id='word_1_26' title='bbox 1810 796 1999 848; x_wconf 85' lang='lat' dir='ltr'><strong>carne,</strong></span> 
     </span>
    </p>
   </div>
   <div class='ocr_carea' id='block_1_5' title="bbox 415 866 2001 939">
    <p class='ocr_par' dir='ltr' id='par_1_5' title="bbox 415 866 2001 939">
     <span class='ocr_line' id='line_1_5' title="bbox 415 866 2001 939; baseline 0.006 -17"><span class='ocrx_word' id='word_1_27' title='bbox 415 866 558 923; x_wconf 78' lang='lat' dir='ltr'><strong>facie</strong></span> <span class='ocrx_word' id='word_1_28' title='bbox 616 869 682 924; x_wconf 91' lang='lat' dir='ltr'><strong>ad</strong></span> <span class='ocrx_word' id='word_1_29' title='bbox 741 868 939 927; x_wconf 80' lang='lat' dir='ltr'><strong>faciem</strong></span> <span class='ocrx_word' id='word_1_30' title='bbox 992 873 1272 939; x_wconf 77' lang='lat' dir='ltr'><strong>viderunt,</strong></span> <span class='ocrx_word' id='word_1_31' title='bbox 1327 883 1381 929; x_wconf 81' lang='lat' dir='ltr'><strong>et</strong></span> <span class='ocrx_word' id='word_1_32' title='bbox 1444 873 1706 931; x_wconf 87' lang='lat' dir='ltr'><strong>manibus</strong></span> <span class='ocrx_word' id='word_1_33' title='bbox 1777 884 2001 931; x_wconf 82' lang='lat' dir='ltr'><strong>contre-</strong></span> 
     </span>
    </p>
   </div>
   <div class='ocr_carea' id='block_1_6' title="bbox 415 966 2003 1034">
    <p class='ocr_par' dir='ltr' id='par_1_6' title="bbox 415 966 2003 1034">
     <span class='ocr_line' id='line_1_6' title="bbox 415 966 2003 1034; baseline 0.001 -15"><span class='ocrx_word' id='word_1_34' title='bbox 415 971 662 1029; x_wconf 86' lang='lat' dir='ltr'><strong>ctaruut,</strong></span> <span class='ocrx_word' id='word_1_35' title='bbox 712 974 769 1019; x_wconf 89' lang='lat' dir='ltr'><strong>et</strong></span> <span class='ocrx_word' id='word_1_36' title='bbox 837 979 958 1021; x_wconf 87' lang='lat' dir='ltr'><strong>cum</strong></span> <span class='ocrx_word' id='word_1_37' title='bbox 1028 966 1120 1020; x_wconf 92' lang='lat' dir='ltr'><strong>illo</strong></span> <span class='ocrx_word' id='word_1_38' title='bbox 1191 967 1557 1022; x_wconf 79' lang='lat' dir='ltr'><strong>comederunt</strong></span> <span class='ocrx_word' id='word_1_39' title='bbox 1622 977 1675 1023; x_wconf 89' lang='lat' dir='ltr'><strong>et</strong></span> <span class='ocrx_word' id='word_1_40' title='bbox 1725 968 2003 1034; x_wconf 86' lang='lat' dir='ltr'><strong>biberunt,</strong></span> 
     </span>
    </p>
   </div>
   <div class='ocr_carea' id='block_1_7' title="bbox 418 1055 2000 1127">
    <p class='ocr_par' dir='ltr' id='par_1_7' title="bbox 418 1055 2000 1127">
     <span class='ocr_line' id='line_1_7' title="bbox 418 1055 2000 1127; baseline 0.005 -19"><span class='ocrx_word' id='word_1_41' title='bbox 418 1064 474 1109; x_wconf 88' lang='lat' dir='ltr'><strong>et</strong></span> <span class='ocrx_word' id='word_1_42' title='bbox 501 1055 554 1109; x_wconf 89' lang='lat' dir='ltr'><strong>in</strong></span> <span class='ocrx_word' id='word_1_43' title='bbox 589 1056 870 1119; x_wconf 78' lang='lat' dir='ltr'><strong>omnibus,</strong></span> <span class='ocrx_word' id='word_1_44' title='bbox 904 1059 1373 1127; x_wconf 84' lang='lat' dir='ltr'><strong>quemadmodum</strong></span> <span class='ocrx_word' id='word_1_45' title='bbox 1405 1059 1572 1115; x_wconf 88' lang='lat' dir='ltr'><strong>homo</strong></span> <span class='ocrx_word' id='word_1_46' title='bbox 1601 1075 1726 1115; x_wconf 91' lang='lat' dir='ltr'><strong>cum</strong></span> <span class='ocrx_word' id='word_1_47' title='bbox 1756 1061 2000 1125; x_wconf 90' lang='lat' dir='ltr'><strong>homine,</strong></span> 
     </span>
    </p>
   </div>
   <div class='ocr_carea' id='block_1_8' title="bbox 418 1144 1998 1222">
    <p class='ocr_par' dir='ltr' id='par_1_8' title="bbox 418 1144 1998 1222">
     <span class='ocr_line' id='line_1_8' title="bbox 418 1144 1998 1222; baseline 0.005 -25"><span class='ocrx_word' id='word_1_48' title='bbox 418 1158 544 1197; x_wconf 89' lang='lat' dir='ltr'><strong>cum</strong></span> <span class='ocrx_word' id='word_1_49' title='bbox 588 1144 683 1200; x_wconf 93' lang='lat' dir='ltr'><strong>illo</strong></span> <span class='ocrx_word' id='word_1_50' title='bbox 739 1149 1051 1203; x_wconf 82' lang='lat' dir='ltr'><strong>conversati</strong></span> <span class='ocrx_word' id='word_1_51' title='bbox 1102 1157 1254 1214; x_wconf 89' lang='lat' dir='ltr'><strong>sunt,</strong></span> <span class='ocrx_word' id='word_1_52' title='bbox 1318 1150 1384 1204; x_wconf 86' lang='lat' dir='ltr'><strong>ad</strong></span> <span class='ocrx_word' id='word_1_53' title='bbox 1438 1164 1557 1204; x_wconf 89' lang='lat' dir='ltr'><strong>cam</strong></span> <span class='ocrx_word' id='word_1_54' title='bbox 1626 1151 1998 1222; x_wconf 75' lang='lat' dir='ltr'><strong>dignationem</strong></span> 
     </span>
    </p>
   </div>
   <div class='ocr_carea' id='block_1_9' title="bbox 418 1226 2004 1314">
    <p class='ocr_par' dir='ltr' id='par_1_9' title="bbox 418 1226 2004 1314">
     <span class='ocr_line' id='line_1_9' title="bbox 418 1226 2004 1314; baseline 0.006 -27"><span class='ocrx_word' id='word_1_55' title='bbox 418 1234 669 1299; x_wconf 86' lang='lat' dir='ltr'><strong>admissi.</strong></span> <span class='ocrx_word' id='word_1_56' title='bbox 702 1246 760 1291; x_wconf 93' lang='lat' dir='ltr'><strong>nt</strong></span> <span class='ocrx_word' id='word_1_57' title='bbox 799 1249 854 1294; x_wconf 91' lang='lat' dir='ltr'><strong>et</strong></span> <span class='ocrx_word' id='word_1_58' title='bbox 889 1240 1078 1304; x_wconf 82' lang='lat' dir='ltr'><strong>amici,</strong></span> <span class='ocrx_word' id='word_1_59' title='bbox 1109 1249 1164 1295; x_wconf 88' lang='lat' dir='ltr'><strong>et</strong></span> <span class='ocrx_word' id='word_1_60' title='bbox 1189 1226 1410 1312; x_wconf 78' lang='lat' dir='ltr'><strong>cognati</strong></span> <span class='ocrx_word' id='word_1_61' title='bbox 1444 1252 1499 1297; x_wconf 90' lang='lat' dir='ltr'><strong>et</strong></span> <span class='ocrx_word' id='word_1_62' title='bbox 1532 1240 1733 1301; x_wconf 82' lang='lat' dir='ltr'><strong>fratres</strong></span> <span class='ocrx_word' id='word_1_63' title='bbox 1758 1245 2004 1314; x_wconf 73' lang='lat' dir='ltr'><strong>appella~</strong></span> 
     </span>
    </p>
   </div>
   <div class='ocr_carea' id='block_1_10' title="bbox 419 1329 2003 1407">
    <p class='ocr_par' dir='ltr' id='par_1_10' title="bbox 419 1329 2003 1407">
     <span class='ocr_line' id='line_1_10' title="bbox 419 1329 2003 1407; baseline 0.005 -26"><span class='ocrx_word' id='word_1_64' title='bbox 419 1341 629 1385; x_wconf 86' lang='lat' dir='ltr'><strong>rentur.</strong></span> <span class='ocrx_word' id='word_1_65' title='bbox 680 1329 867 1400; x_wconf 83' lang='lat' dir='ltr'><strong>Neque</strong></span> <span class='ocrx_word' id='word_1_66' title='bbox 894 1332 1070 1387; x_wconf 87' lang='lat' dir='ltr'><strong>solum</strong></span> <span class='ocrx_word' id='word_1_67' title='bbox 1121 1331 1344 1404; x_wconf 80' lang='lat' dir='ltr'><strong>Moysen</strong></span> <span class='ocrx_word' id='word_1_68' title='bbox 1403 1334 1459 1389; x_wconf 92' lang='lat' dir='ltr'><strong>in</strong></span> <span class='ocrx_word' id='word_1_69' title='bbox 1513 1334 1617 1391; x_wconf 86' lang='lat' dir='ltr'><strong>hoc</strong></span> <span class='ocrx_word' id='word_1_70' title='bbox 1650 1346 2003 1407; x_wconf 82' lang='lat' dir='ltr'><strong>superarunt,</strong></span> 
     </span>
    </p>
   </div>
   <div class='ocr_carea' id='block_1_11' title="bbox 417 1418 2005 1496">
    <p class='ocr_par' dir='ltr' id='par_1_11' title="bbox 417 1418 2005 1496">
     <span class='ocr_line' id='line_1_11' title="bbox 417 1418 2005 1496; baseline 0.005 -21"><span class='ocrx_word' id='word_1_71' title='bbox 417 1422 600 1475; x_wconf 83' lang='lat' dir='ltr'><strong>sedet</strong></span> <span class='ocrx_word' id='word_1_72' title='bbox 645 1421 840 1477; x_wconf 86' lang='lat' dir='ltr'><strong>Eliam.</strong></span> <span class='ocrx_word' id='word_1_73' title='bbox 898 1423 1032 1479; x_wconf 81' lang='lat' dir='ltr'><strong>Nam</strong></span> <span class='ocrx_word' id='word_1_74' title='bbox 1086 1424 1134 1480; x_wconf 89' lang='lat' dir='ltr'><strong>si</strong></span> <span class='ocrx_word' id='word_1_75' title='bbox 1182 1418 1458 1496; x_wconf 80' lang='lat' dir='ltr'><strong>duplicem</strong></span> <span class='ocrx_word' id='word_1_76' title='bbox 1543 1427 1693 1483; x_wconf 85' lang='lat' dir='ltr'><strong>illam</strong></span> <span class='ocrx_word' id='word_1_77' title='bbox 1776 1428 2005 1495; x_wconf 82' lang='lat' dir='ltr'><strong>spiritus</strong></span> 
     </span>
    </p>
   </div>
   <div class='ocr_carea' id='block_1_12' title="bbox 416 1512 2005 1592">
    <p class='ocr_par' dir='ltr' id='par_1_12' title="bbox 416 1512 2005 1592">
     <span class='ocr_line' id='line_1_12' title="bbox 416 1512 2005 1592; baseline 0.008 -29"><span class='ocrx_word' id='word_1_78' title='bbox 416 1512 650 1580; x_wconf 78' lang='lat' dir='ltr'><strong>gratiam</strong></span> <span class='ocrx_word' id='word_1_79' title='bbox 691 1552 706 1578; x_wconf 91' lang='lat'><strong>,</strong></span> <span class='ocrx_word' id='word_1_80' title='bbox 768 1531 934 1585; x_wconf 87' lang='lat' dir='ltr'><strong>quam</strong></span> <span class='ocrx_word' id='word_1_81' title='bbox 1003 1517 1201 1574; x_wconf 86' lang='lat' dir='ltr'><strong>Elisaco</strong></span> <span class='ocrx_word' id='word_1_82' title='bbox 1281 1520 1650 1592; x_wconf 85' lang='lat' dir='ltr'><strong>transcripsit,</strong></span> <span class='ocrx_word' id='word_1_83' title='bbox 1715 1520 2005 1585; x_wconf 90' lang='lat' dir='ltr'><strong>intuearis,</strong></span> 
     </span>
    </p>
   </div>
   <div class='ocr_carea' id='block_1_13' title="bbox 416 1594 2003 1675">
    <p class='ocr_par' dir='ltr' id='par_1_13' title="bbox 416 1594 2003 1675">
     <span class='ocr_line' id='line_1_13' title="bbox 416 1594 2003 1675; baseline 0.008 -18"><span class='ocrx_word' id='word_1_84' title='bbox 416 1594 593 1659; x_wconf 75' lang='lat' dir='ltr'><strong>inulto</strong></span> <span class='ocrx_word' id='word_1_85' title='bbox 639 1609 903 1675; x_wconf 86' lang='lat' dir='ltr'><strong>apostolis</strong></span> <span class='ocrx_word' id='word_1_86' title='bbox 965 1609 1235 1667; x_wconf 89' lang='lat' dir='ltr'><strong>minorem</strong></span> <span class='ocrx_word' id='word_1_87' title='bbox 1316 1612 1603 1670; x_wconf 83' lang='lat' dir='ltr'><strong>invenies:</strong></span> <span class='ocrx_word' id='word_1_88' title='bbox 1691 1628 1800 1669; x_wconf 89' lang='lat' dir='ltr'><strong>non</strong></span> <span class='ocrx_word' id='word_1_89' title='bbox 1857 1615 2003 1670; x_wconf 88' lang='lat' dir='ltr'><strong>enim</strong></span> 
     </span>
    </p>
   </div>
   <div class='ocr_carea' id='block_1_14' title="bbox 420 1702 2007 1777">
    <p class='ocr_par' dir='ltr' id='par_1_14' title="bbox 420 1702 2007 1777">
     <span class='ocr_line' id='line_1_14' title="bbox 420 1702 2007 1777; baseline 0.003 -22"><span class='ocrx_word' id='word_1_90' title='bbox 420 1716 545 1755; x_wconf 89' lang='lat' dir='ltr'><strong>cum</strong></span> <span class='ocrx_word' id='word_1_91' title='bbox 577 1702 755 1759; x_wconf 90' lang='lat' dir='ltr'><strong>adlmc</strong></span> <span class='ocrx_word' id='word_1_92' title='bbox 791 1703 844 1758; x_wconf 90' lang='lat' dir='ltr'><strong>in</strong></span> <span class='ocrx_word' id='word_1_93' title='bbox 881 1713 1025 1760; x_wconf 90' lang='lat' dir='ltr'><strong>terra</strong></span> <span class='ocrx_word' id='word_1_94' title='bbox 1068 1706 1213 1761; x_wconf 84' lang='lat' dir='ltr'><strong>inter</strong></span> <span class='ocrx_word' id='word_1_95' title='bbox 1246 1705 1501 1763; x_wconf 82' lang='lat' dir='ltr'><strong>homines</strong></span> <span class='ocrx_word' id='word_1_96' title='bbox 1558 1707 1803 1777; x_wconf 82' lang='lat' dir='ltr'><strong>degeret,</strong></span> <span class='ocrx_word' id='word_1_97' title='bbox 1839 1705 2007 1762; x_wconf 81' lang='lat' dir='ltr'><strong>disci-</strong></span> 
     </span>
    </p>
   </div>
   <div class='ocr_carea' id='block_1_15' title="bbox 362 1794 2008 1871">
    <p class='ocr_par' dir='ltr' id='par_1_15' title="bbox 362 1794 2008 1871">
     <span class='ocr_line' id='line_1_15' title="bbox 362 1794 2008 1871; baseline 0.004 -26"><span class='ocrx_word' id='word_1_98' title='bbox 362 1814 370 1823; x_wconf 92' lang='lat'><strong><em>-</em></strong></span> <span class='ocrx_word' id='word_1_99' title='bbox 417 1794 549 1862; x_wconf 88' lang='lat' dir='ltr'><strong>polo</strong></span> <span class='ocrx_word' id='word_1_100' title='bbox 588 1796 816 1866; x_wconf 80' lang='lat' dir='ltr'><strong>gratiam</strong></span> <span class='ocrx_word' id='word_1_101' title='bbox 848 1796 996 1851; x_wconf 90' lang='lat' dir='ltr'><strong>illam</strong></span> <span class='ocrx_word' id='word_1_102' title='bbox 1038 1798 1261 1865; x_wconf 71' lang='lat' dir='ltr'><strong>reliquit</strong></span> <span class='ocrx_word' id='word_1_103' title='bbox 1311 1809 1406 1854; x_wconf 90' lang='lat' dir='ltr'><strong>aut</strong></span> <span class='ocrx_word' id='word_1_104' title='bbox 1430 1799 1690 1864; x_wconf 85' lang='lat' dir='ltr'><strong>tradidit;</strong></span> <span class='ocrx_word' id='word_1_105' title='bbox 1723 1814 1899 1871; x_wconf 89' lang='lat' dir='ltr'><strong>neque</strong></span> <span class='ocrx_word' id='word_1_106' title='bbox 1938 1800 2008 1853; x_wconf 87' lang='lat' dir='ltr'><strong>ob</strong></span> 
     </span>
    </p>
   </div>
   <div class='ocr_carea' id='block_1_16' title="bbox 1640 379 2348 447">
    <p class='ocr_par' dir='ltr' id='par_1_16' title="bbox 1640 379 2348 447">
     <span class='ocr_line' id='line_1_16' title="bbox 1640 379 2348 447; baseline 0.013 -9"><span class='ocrx_word' id='word_1_107' title='bbox 1640 379 1895 442; x_wconf 82' lang='lat' dir='ltr'><strong>MAXIM</strong></span> <span class='ocrx_word' id='word_1_108' title='bbox 1907 380 1929 442; x_wconf 84' lang='lat' dir='ltr'><strong>l</strong></span> <span class='ocrx_word' id='word_1_109' title='bbox 1971 383 2348 447; x_wconf 65' lang='lat' dir='ltr'><strong>PLANUDzE</strong></span> 
     </span>
    </p>
   </div>
   <div class='ocr_carea' id='block_1_17' title="bbox 417 488 2012 572">
    <p class='ocr_par' dir='ltr' id='par_1_17' title="bbox 417 488 2000 566">
     <span class='ocr_line' id='line_1_17' title="bbox 417 488 2000 566; baseline 0.007 -20"><span class='ocrx_word' id='word_1_110' title='bbox 417 493 634 565; x_wconf 72' lang='lat' dir='ltr'><strong>Moyses</strong></span> <span class='ocrx_word' id='word_1_111' title='bbox 664 492 880 550; x_wconf 75' lang='lat' dir='ltr'><strong>dicatur</strong></span> <span class='ocrx_word' id='word_1_112' title='bbox 912 509 1038 551; x_wconf 91' lang='lat' dir='ltr'><strong>cum</strong></span> <span class='ocrx_word' id='word_1_113' title='bbox 1078 496 1311 553; x_wconf 83' lang='lat' dir='ltr'><strong>Domino</strong></span> <span class='ocrx_word' id='word_1_114' title='bbox 1340 488 1754 566; x_wconf 25' lang='lat' dir='ltr'><strong>locutus,‘sicut</strong></span> <span class='ocrx_word' id='word_1_115' title='bbox 1784 501 2000 557; x_wconf 90' lang='lat' dir='ltr'><strong>amicus</strong></span> 
     </span>
    </p>
   </div>
   <div class='ocr_carea' id='block_1_18' title="bbox 2119 488 3052 572">
    <p class='ocr_par' dir='ltr' id='par_1_18' title="bbox 2119 504 3052 572">
     <span class='ocr_line' id='line_1_18' title="bbox 2119 504 3052 572; baseline -0.002 -14"><span class='ocrx_word' id='word_1_116' title='bbox 2119 505 2340 572; x_wconf 64' lang='grc' dir='ltr'>λαλῆσαι</span> <span class='ocrx_word' id='word_1_117' title='bbox 2377 504 2513 571; x_wconf 66' lang='grc' dir='ltr'>πρὸς</span> <span class='ocrx_word' id='word_1_118' title='bbox 2546 504 2772 569; x_wconf 62' lang='grc' dir='ltr'>Κόρην,</span> <span class='ocrx_word' id='word_1_119' title='bbox 2807 506 2939 558; x_wconf 71' lang='grc' dir='ltr'>ὡσεί</span> <span class='ocrx_word' id='word_1_120' title='bbox 2975 524 3052 568; x_wconf 82' lang='grc' dir='ltr'><strong>τις</strong></span> 
     </span>
    </p>
   </div>
   <div class='ocr_carea' id='block_1_19' title="bbox 3554 392 3686 458">
    <p class='ocr_par' dir='ltr' id='par_1_19' title="bbox 3554 392 3686 458">
     <span class='ocr_line' id='line_1_19' title="bbox 3554 392 3686 458; baseline 0.008 -1"><span class='ocrx_word' id='word_1_121' title='bbox 3554 392 3686 458; x_wconf 62' lang='lat'><strong>1030</strong></span> 
     </span>
    </p>
   </div>
   <div class='ocr_carea' id='block_1_20' title="bbox 3084 504 3685 576">
    <p class='ocr_par' dir='ltr' id='par_1_20' title="bbox 3084 504 3685 576">
     <span class='ocr_line' id='line_1_20' title="bbox 3084 504 3685 576; baseline 0.008 -19"><span class='ocrx_word' id='word_1_122' title='bbox 3084 505 3316 576; x_wconf 83' lang='grc' dir='ltr'>λαλῆσαι</span> <span class='ocrx_word' id='word_1_123' title='bbox 3346 504 3478 575; x_wconf 68' lang='grc' dir='ltr'>πρὸς</span> <span class='ocrx_word' id='word_1_124' title='bbox 3497 507 3685 562; x_wconf 77' lang='grc' dir='ltr'>ἑαυτοῦ</span> 
     </span>
    </p>
   </div>
   <div class='ocr_carea' id='block_1_21' title="bbox 2114 595 3684 667">
    <p class='ocr_par' dir='ltr' id='par_1_21' title="bbox 2114 595 3684 667">
     <span class='ocr_line' id='line_1_21' title="bbox 2114 595 3684 667; baseline 0.004 -22"><span class='ocrx_word' id='word_1_125' title='bbox 2114 595 2336 663; x_wconf 81' lang='grc' dir='ltr'>λέγεται</span> <span class='ocrx_word' id='word_1_126' title='bbox 2370 595 2547 664; x_wconf 82' lang='grc' dir='ltr'>φίλον,</span> <span class='ocrx_word' id='word_1_127' title='bbox 2573 596 2684 649; x_wconf 83' lang='grc' dir='ltr'>ἀλλ’</span> <span class='ocrx_word' id='word_1_128' title='bbox 2719 598 2838 667; x_wconf 76' lang='grc' dir='ltr'>οὐχὶ</span> <span class='ocrx_word' id='word_1_129' title='bbox 2856 598 2950 649; x_wconf 73' lang='grc' dir='ltr'>καὶ</span> <span class='ocrx_word' id='word_1_130' title='bbox 2977 599 3088 661; x_wconf 83' lang='grc' dir='ltr'>τοῖς</span> <span class='ocrx_word' id='word_1_131' title='bbox 3112 598 3434 660; x_wconf 80' lang='grc' dir='ltr'><strong>ἀποστόλοις</strong></span> <span class='ocrx_word' id='word_1_132' title='bbox 3457 600 3651 667; x_wconf 70' lang='grc' dir='ltr'>ὁμοίως</span> <span class='ocrx_word' id='word_1_133' title='bbox 3669 616 3684 629; x_wconf 87' lang='grc'><strong>·</strong></span> 
     </span>
    </p>
   </div>
   <div class='ocr_carea' id='block_1_22' title="bbox 2114 688 3684 758">
    <p class='ocr_par' dir='ltr' id='par_1_22' title="bbox 2114 688 3684 758">
     <span class='ocr_line' id='line_1_22' title="bbox 2114 688 3684 758; baseline 0.001 -16"><span class='ocrx_word' id='word_1_134' title='bbox 2114 689 2326 750; x_wconf 81' lang='grc' dir='ltr'>ἐκεῖνος</span> <span class='ocrx_word' id='word_1_135' title='bbox 2361 689 2459 757; x_wconf 86' lang='grc' dir='ltr'>μὲν</span> <span class='ocrx_word' id='word_1_136' title='bbox 2509 688 2621 758; x_wconf 75' lang='grc' dir='ltr'><strong>γαρ</strong></span> <span class='ocrx_word' id='word_1_137' title='bbox 2656 689 2883 743; x_wconf 86' lang='grc' dir='ltr'>ὀπίσθιά</span> <span class='ocrx_word' id='word_1_138' title='bbox 2919 707 3045 743; x_wconf 89' lang='grc' dir='ltr'>τινα</span> <span class='ocrx_word' id='word_1_139' title='bbox 3089 688 3224 742; x_wconf 84' lang='grc' dir='ltr'>Θεοῦ</span> <span class='ocrx_word' id='word_1_140' title='bbox 3274 691 3403 745; x_wconf 81' lang='grc' dir='ltr'>ἰδεῖν</span> <span class='ocrx_word' id='word_1_141' title='bbox 3435 691 3649 756; x_wconf 79' lang='grc' dir='ltr'>λέγεται</span> <span class='ocrx_word' id='word_1_142' title='bbox 3671 708 3684 722; x_wconf 71' lang='grc'><strong>⁸</strong></span> 
     </span>
    </p>
   </div>
   <div class='ocr_carea' id='block_1_23' title="bbox 2114 777 3686 851">
    <p class='ocr_par' dir='ltr' id='par_1_23' title="bbox 2114 777 3686 851">
     <span class='ocr_line' id='line_1_23' title="bbox 2114 777 3686 851; baseline -0.001 -16"><span class='ocrx_word' id='word_1_143' title='bbox 2114 777 2261 837; x_wconf 72' lang='grc' dir='ltr'>οὗτοι</span> <span class='ocrx_word' id='word_1_144' title='bbox 2292 781 2348 834; x_wconf 77' lang='grc' dir='ltr'>δὲ</span> <span class='ocrx_word' id='word_1_145' title='bbox 2388 780 2528 834; x_wconf 76' lang='grc' dir='ltr'>Θεὸν</span> <span class='ocrx_word' id='word_1_146' title='bbox 2577 783 2636 834; x_wconf 82' lang='grc' dir='ltr'>ὲν</span> <span class='ocrx_word' id='word_1_147' title='bbox 2671 782 2836 851; x_wconf 76' lang='grc' dir='ltr'>σαρκὶ</span> <span class='ocrx_word' id='word_1_148' title='bbox 2879 783 3022 836; x_wconf 83' lang='grc' dir='ltr'>κατὰ</span> <span class='ocrx_word' id='word_1_149' title='bbox 3061 782 3356 851; x_wconf 78' lang='grc' dir='ltr'>πρόσωπον</span> <span class='ocrx_word' id='word_1_150' title='bbox 3386 780 3545 845; x_wconf 79' lang='grc' dir='ltr'>εἶδον,</span> <span class='ocrx_word' id='word_1_151' title='bbox 3593 783 3686 836; x_wconf 69' lang='grc' dir='ltr'>καὶ</span> 
     </span>
    </p>
   </div>
   <div class='ocr_carea' id='block_1_24' title="bbox 2114 871 3769 944">
    <p class='ocr_par' dir='ltr' id='par_1_24' title="bbox 2114 871 3769 944">
     <span class='ocr_line' id='line_1_24' title="bbox 2114 871 3769 944; baseline 0.001 -20"><span class='ocrx_word' id='word_1_152' title='bbox 2114 878 2306 942; x_wconf 77' lang='grc' dir='ltr'>χερσιν</span> <span class='ocrx_word' id='word_1_153' title='bbox 2351 871 2749 943; x_wconf 68' lang='grc' dir='ltr'><strong>ἐψηλάφησαν*</strong></span> <span class='ocrx_word' id='word_1_154' title='bbox 2801 874 2896 928; x_wconf 79' lang='grc' dir='ltr'><strong>καὶ</strong></span> <span class='ocrx_word' id='word_1_155' title='bbox 2945 874 3249 941; x_wconf 81' lang='grc' dir='ltr'>συνέφαγον</span> <span class='ocrx_word' id='word_1_156' title='bbox 3294 873 3377 944; x_wconf 83' lang='grc' dir='ltr'>δὴ,</span> <span class='ocrx_word' id='word_1_157' title='bbox 3409 878 3502 927; x_wconf 79' lang='grc' dir='ltr'><strong>και</strong></span> <span class='ocrx_word' id='word_1_158' title='bbox 3532 875 3684 926; x_wconf 65' lang='grc' dir='ltr'>συνέι</span> <span class='ocrx_word' id='word_1_159' title='bbox 3766 920 3769 921; x_wconf 37' lang='grc' dir='ltr'><strong>ν</strong></span> 
     </span>
    </p>
   </div>
   <div class='ocr_carea' id='block_1_25' title="bbox 2116 964 3690 1032">
    <p class='ocr_par' dir='ltr' id='par_1_25' title="bbox 2116 964 3690 1032">
     <span class='ocr_line' id='line_1_25' title="bbox 2116 964 3690 1032; baseline 0.001 -15"><span class='ocrx_word' id='word_1_160' title='bbox 2116 982 2261 1027; x_wconf 88' lang='grc' dir='ltr'>πιον,</span> <span class='ocrx_word' id='word_1_161' title='bbox 2295 965 2391 1017; x_wconf 76' lang='grc' dir='ltr'><strong>καὶ</strong></span> <span class='ocrx_word' id='word_1_162' title='bbox 2424 964 2603 1017; x_wconf 80' lang='grc' dir='ltr'>πάντα</span> <span class='ocrx_word' id='word_1_163' title='bbox 2654 965 3195 1028; x_wconf 63' lang='grc' dir='ltr'>συνεπολιιτεύσαντο.</span> <span class='ocrx_word' id='word_1_164' title='bbox 3231 965 3353 1019; x_wconf 73' lang='grc' dir='ltr'>,ὅσα</span> <span class='ocrx_word' id='word_1_165' title='bbox 3386 966 3451 1019; x_wconf 77' lang='grc' dir='ltr'>ἂν</span> <span class='ocrx_word' id='word_1_166' title='bbox 3481 964 3690 1032; x_wconf 81' lang='grc' dir='ltr'>ἀνθρω-</span> 
     </span>
    </p>
   </div>
   <div class='ocr_carea' id='block_1_26' title="bbox 2115 1055 3690 1127">
    <p class='ocr_par' dir='ltr' id='par_1_26' title="bbox 2115 1055 3690 1127">
     <span class='ocr_line' id='line_1_26' title="bbox 2115 1055 3690 1127; baseline 0 -18"><span class='ocrx_word' id='word_1_167' title='bbox 2115 1074 2215 1119; x_wconf 88' lang='grc' dir='ltr'><strong>πος</strong></span> <span class='ocrx_word' id='word_1_168' title='bbox 2248 1055 2543 1127; x_wconf 83' lang='grc' dir='ltr'><strong>ἀνθρώπῳ,</strong></span> <span class='ocrx_word' id='word_1_169' title='bbox 2571 1058 2665 1111; x_wconf 74' lang='grc' dir='ltr'>καὶ</span> <span class='ocrx_word' id='word_1_170' title='bbox 2694 1057 2863 1126; x_wconf 80' lang='grc' dir='ltr'>φίλοι,</span> <span class='ocrx_word' id='word_1_171' title='bbox 2883 1059 2975 1111; x_wconf 68' lang='grc' dir='ltr'>καὶ</span> <span class='ocrx_word' id='word_1_172' title='bbox 3008 1060 3310 1125; x_wconf 78' lang='grc' dir='ltr'><strong>συγγενεῖς,</strong></span> <span class='ocrx_word' id='word_1_173' title='bbox 3346 1060 3442 1111; x_wconf 76' lang='grc' dir='ltr'>καὶ</span> <span class='ocrx_word' id='word_1_174' title='bbox 3468 1059 3690 1126; x_wconf 73' lang='grc' dir='ltr'>ἀδελφοὶ</span> 
     </span>
    </p>
   </div>
   <div class='ocr_carea' id='block_1_27' title="bbox 2116 1147 3692 1220">
    <p class='ocr_par' dir='ltr' id='par_1_27' title="bbox 2116 1147 3692 1220">
     <span class='ocr_line' id='line_1_27' title="bbox 2116 1147 3692 1220; baseline 0.001 -19"><span class='ocrx_word' id='word_1_175' title='bbox 2116 1149 2374 1216; x_wconf 83' lang='grc' dir='ltr'>γενέσθαι</span> <span class='ocrx_word' id='word_1_176' title='bbox 2408 1147 2851 1218; x_wconf 76' lang='grc' dir='ltr'><strong>κατηξιώθησαν.</strong></span> <span class='ocrx_word' id='word_1_177' title='bbox 2887 1151 2999 1203; x_wconf 70' lang='grc' dir='ltr'><strong>Καὶ</strong></span> <span class='ocrx_word' id='word_1_178' title='bbox 3033 1151 3094 1203; x_wconf 74' lang='grc' dir='ltr'><strong>οὗ</strong></span> <span class='ocrx_word' id='word_1_179' title='bbox 3132 1152 3380 1213; x_wconf 81' lang='grc' dir='ltr'><strong>Μωσέως</strong></span> <span class='ocrx_word' id='word_1_180' title='bbox 3437 1151 3597 1220; x_wconf 84' lang='grc' dir='ltr'>μόνου</span> <span class='ocrx_word' id='word_1_181' title='bbox 3630 1154 3692 1202; x_wconf 77' lang='grc' dir='ltr'>τὸ</span> 
     </span>
    </p>
   </div>
   <div class='ocr_carea' id='block_1_28' title="bbox 2115 1240 3691 1313">
    <p class='ocr_par' dir='ltr' id='par_1_28' title="bbox 2115 1240 3691 1313">
     <span class='ocr_line' id='line_1_28' title="bbox 2115 1240 3691 1313; baseline 0.001 -20"><span class='ocrx_word' id='word_1_182' title='bbox 2115 1240 2278 1293; x_wconf 82' lang='grc' dir='ltr'>πλέον</span> <span class='ocrx_word' id='word_1_183' title='bbox 2329 1240 2488 1310; x_wconf 81' lang='grc' dir='ltr'>ἔσχον</span> <span class='ocrx_word' id='word_1_184' title='bbox 2523 1242 2582 1293; x_wconf 79' lang='grc' dir='ltr'>ὲν</span> <span class='ocrx_word' id='word_1_185' title='bbox 2631 1241 2826 1313; x_wconf 82' lang='grc' dir='ltr'>τούτῳ,</span> <span class='ocrx_word' id='word_1_186' title='bbox 2873 1242 3009 1296; x_wconf 82' lang='grc' dir='ltr'><strong>ἀλλά</strong></span> <span class='ocrx_word' id='word_1_187' title='bbox 3061 1242 3166 1296; x_wconf 80' lang='grc' dir='ltr'>κᾶν</span> <span class='ocrx_word' id='word_1_188' title='bbox 3227 1242 3414 1296; x_wconf 87' lang='grc' dir='ltr'>Ἠλίαν</span> <span class='ocrx_word' id='word_1_189' title='bbox 3465 1245 3691 1313; x_wconf 75' lang='grc' dir='ltr'>σκοπῇς,</span> 
     </span>
    </p>
   </div>
   <div class='ocr_carea' id='block_1_29' title="bbox 2113 1332 3694 1408">
    <p class='ocr_par' dir='ltr' id='par_1_29' title="bbox 2113 1332 3694 1408">
     <span class='ocr_line' id='line_1_29' title="bbox 2113 1332 3694 1408; baseline 0 -20"><span class='ocrx_word' id='word_1_190' title='bbox 2113 1334 2312 1405; x_wconf 83' lang='grc' dir='ltr'>διπλῆν</span> <span class='ocrx_word' id='word_1_191' title='bbox 2343 1335 2440 1405; x_wconf 80' lang='grc' dir='ltr'>τὴν</span> <span class='ocrx_word' id='word_1_192' title='bbox 2471 1335 2657 1406; x_wconf 84' lang='grc' dir='ltr'>χάριν,</span> <span class='ocrx_word' id='word_1_193' title='bbox 2685 1335 2753 1408; x_wconf 76' lang='grc' dir='ltr'>ῆν</span> <span class='ocrx_word' id='word_1_194' title='bbox 2781 1332 2919 1406; x_wconf 74' lang='grc' dir='ltr'>εἷχε,</span> <span class='ocrx_word' id='word_1_195' title='bbox 2952 1335 3047 1389; x_wconf 88' lang='grc' dir='ltr'>τοῦ</span> <span class='ocrx_word' id='word_1_196' title='bbox 3080 1336 3389 1404; x_wconf 81' lang='grc' dir='ltr'>πνεύματος</span> <span class='ocrx_word' id='word_1_197' title='bbox 3418 1336 3493 1403; x_wconf 79' lang='grc' dir='ltr'>τῷ</span> <span class='ocrx_word' id='word_1_198' title='bbox 3517 1335 3694 1388; x_wconf 83' lang='grc' dir='ltr'>Ἐλισ-</span> 
     </span>
    </p>
   </div>
   <div class='ocr_carea' id='block_1_30' title="bbox 2118 1425 3692 1496">
    <p class='ocr_par' dir='ltr' id='par_1_30' title="bbox 2118 1425 3692 1496">
     <span class='ocr_line' id='line_1_30' title="bbox 2118 1425 3692 1496; baseline -0.001 -17"><span class='ocrx_word' id='word_1_199' title='bbox 2118 1425 2254 1494; x_wconf 84' lang='grc' dir='ltr'>σαίῳ</span> <span class='ocrx_word' id='word_1_200' title='bbox 2285 1425 2350 1495; x_wconf 78' lang='grc' dir='ltr'>δὴ</span> <span class='ocrx_word' id='word_1_201' title='bbox 2396 1426 2869 1495; x_wconf 85' lang='grc' dir='ltr'>παραπέμποντα,</span> <span class='ocrx_word' id='word_1_202' title='bbox 2920 1428 3174 1480; x_wconf 76' lang='grc' dir='ltr'>κάκεῖνον</span> <span class='ocrx_word' id='word_1_203' title='bbox 3220 1426 3341 1496; x_wconf 68' lang='grc' dir='ltr'>ὄψει</span> <span class='ocrx_word' id='word_1_204' title='bbox 3386 1426 3543 1479; x_wconf 84' lang='grc' dir='ltr'>τοῦτο</span> <span class='ocrx_word' id='word_1_205' title='bbox 3584 1428 3692 1477; x_wconf 76' lang='grc' dir='ltr'>τῶν</span> 
     </span>
    </p>
   </div>
   <div class='ocr_carea' id='block_1_31' title="bbox 2114 1516 3692 1590">
    <p class='ocr_par' dir='ltr' id='par_1_31' title="bbox 2114 1516 3692 1590">
     <span class='ocr_line' id='line_1_31' title="bbox 2114 1516 3692 1590; baseline 0.001 -20"><span class='ocrx_word' id='word_1_206' title='bbox 2114 1516 2430 1571; x_wconf 71' lang='grc' dir='ltr'><strong>ἀποστόλων</strong></span> <span class='ocrx_word' id='word_1_207' title='bbox 2474 1517 2810 1588; x_wconf 81' lang='grc' dir='ltr'>ἡττώμενον.</span> <span class='ocrx_word' id='word_1_208' title='bbox 2868 1519 2944 1571; x_wconf 84' lang='grc' dir='ltr'><strong>Οὐ</strong></span> <span class='ocrx_word' id='word_1_209' title='bbox 3005 1520 3114 1590; x_wconf 81' lang='grc' dir='ltr'><strong>γὰρ</strong></span> <span class='ocrx_word' id='word_1_210' title='bbox 3172 1519 3252 1571; x_wconf 79' lang='grc' dir='ltr'>ἔτι</span> <span class='ocrx_word' id='word_1_211' title='bbox 3298 1522 3411 1582; x_wconf 84' lang='grc' dir='ltr'>τοῖς</span> <span class='ocrx_word' id='word_1_212' title='bbox 3460 1520 3549 1571; x_wconf 75' lang='grc' dir='ltr'><strong>ἐπὶ</strong></span> <span class='ocrx_word' id='word_1_213' title='bbox 3592 1520 3692 1586; x_wconf 78' lang='grc' dir='ltr'><strong>γῆς</strong></span> 
     </span>
    </p>
   </div>
   <div class='ocr_carea' id='block_1_32' title="bbox 2114 1610 3692 1683">
    <p class='ocr_par' dir='ltr' id='par_1_32' title="bbox 2114 1610 3692 1683">
     <span class='ocr_line' id='line_1_32' title="bbox 2114 1610 3692 1683; baseline -0.002 -20"><span class='ocrx_word' id='word_1_214' title='bbox 2114 1611 2430 1681; x_wconf 78' lang='grc' dir='ltr'>ἀνθρώποις</span> <span class='ocrx_word' id='word_1_215' title='bbox 2484 1610 2951 1682; x_wconf 78' lang='grc' dir='ltr'><strong>συνδιαιτώμενος</strong></span> <span class='ocrx_word' id='word_1_216' title='bbox 2997 1613 3076 1683; x_wconf 77' lang='grc' dir='ltr'><strong>τῷ</strong></span> <span class='ocrx_word' id='word_1_217' title='bbox 3127 1612 3343 1682; x_wconf 83' lang='grc' dir='ltr'>μαθητῇ</span> <span class='ocrx_word' id='word_1_218' title='bbox 3397 1612 3493 1680; x_wconf 79' lang='grc' dir='ltr'>τὴν</span> <span class='ocrx_word' id='word_1_219' title='bbox 3535 1611 3692 1680; x_wconf 72' lang='grc' dir='ltr'>χάριν</span> 
     </span>
    </p>
   </div>
   <div class='ocr_carea' id='block_1_33' title="bbox 2118 1702 3693 1777">
    <p class='ocr_par' dir='ltr' id='par_1_33' title="bbox 2118 1702 3693 1777">
     <span class='ocr_line' id='line_1_33' title="bbox 2118 1702 3693 1777; baseline -0.001 -20"><span class='ocrx_word' id='word_1_220' title='bbox 2118 1704 2435 1767; x_wconf 85' lang='grc' dir='ltr'>κατέλιπεν,</span> <span class='ocrx_word' id='word_1_221' title='bbox 2479 1702 2512 1774; x_wconf 78' lang='grc' dir='ltr'>ἦ</span> <span class='ocrx_word' id='word_1_222' title='bbox 2548 1704 2879 1773; x_wconf 84' lang='grc' dir='ltr'><strong>μετέδωκεν,</strong></span> <span class='ocrx_word' id='word_1_223' title='bbox 2919 1703 3030 1758; x_wconf 82' lang='grc' dir='ltr'><strong>οὐδ’</strong></span> <span class='ocrx_word' id='word_1_224' title='bbox 3082 1704 3224 1777; x_wconf 79' lang='grc' dir='ltr'>ἥσθη</span> <span class='ocrx_word' id='word_1_225' title='bbox 3267 1702 3355 1757; x_wconf 80' lang='grc' dir='ltr'><strong>ἐπ’</strong></span> <span class='ocrx_word' id='word_1_226' title='bbox 3384 1703 3529 1773; x_wconf 72' lang='grc' dir='ltr'>αὐτῷ</span> <span class='ocrx_word' id='word_1_227' title='bbox 3556 1706 3693 1756; x_wconf 69' lang='grc' dir='ltr'><strong>κατά</strong></span> 
     </span>
    </p>
   </div>
   <div class='ocr_carea' id='block_1_34' title="bbox 2117 1788 3692 1863">
    <p class='ocr_par' dir='ltr' id='par_1_34' title="bbox 2117 1788 3692 1863">
     <span class='ocr_line' id='line_1_34' title="bbox 2117 1788 3692 1863; baseline -0.003 -16"><span class='ocrx_word' id='word_1_228' title='bbox 2117 1797 2212 1848; x_wconf 68' lang='grc' dir='ltr'><strong>τὸν</strong></span> <span class='ocrx_word' id='word_1_229' title='bbox 2264 1795 2588 1849; x_wconf 86' lang='grc' dir='ltr'>διδάσκαλον</span> <span class='ocrx_word' id='word_1_230' title='bbox 2631 1795 3011 1859; x_wconf 82' lang='grc' dir='ltr'>ἐπιδεδωκότι,</span> <span class='ocrx_word' id='word_1_231' title='bbox 3054 1797 3132 1859; x_wconf 79' lang='grc' dir='ltr'>ὣς</span> <span class='ocrx_word' id='word_1_232' title='bbox 3183 1812 3287 1849; x_wconf 90' lang='grc' dir='ltr'><strong>που</strong></span> <span class='ocrx_word' id='word_1_233' title='bbox 3334 1795 3428 1848; x_wconf 73' lang='grc' dir='ltr'>καὶ</span> <span class='ocrx_word' id='word_1_234' title='bbox 3463 1788 3692 1863; x_wconf 70' lang='grc' dir='ltr'>πατὲρὲς</span> 
     </span>
    </p>
   </div>
   <div class='ocr_carea' id='block_1_35' title="bbox 421 1875 2012 1962">
    <p class='ocr_par' dir='ltr' id='par_1_35' title="bbox 421 1888 1972 1962">
     <span class='ocr_line' id='line_1_35' title="bbox 421 1888 1972 1962; baseline 0.001 -19"><span class='ocrx_word' id='word_1_235' title='bbox 421 1888 778 1959; x_wconf 87' lang='lat' dir='ltr'><strong>discipulum,</strong></span> <span class='ocrx_word' id='word_1_236' title='bbox 816 1891 1065 1962; x_wconf 81' lang='lat' dir='ltr'><strong>magistri</strong></span> <span class='ocrx_word' id='word_1_237' title='bbox 1110 1891 1163 1948; x_wconf 91' lang='lat' dir='ltr'><strong>in</strong></span> <span class='ocrx_word' id='word_1_238' title='bbox 1213 1907 1423 1947; x_wconf 90' lang='lat' dir='ltr'><strong>morem</strong></span> <span class='ocrx_word' id='word_1_239' title='bbox 1479 1891 1790 1956; x_wconf 79' lang='lat' dir='ltr'><strong>excultum,</strong></span> <span class='ocrx_word' id='word_1_240' title='bbox 1847 1891 1972 1945; x_wconf 84' lang='lat' dir='ltr'><strong>volu</strong></span> 
     </span>
    </p>
   </div>
   <div class='ocr_carea' id='block_1_36' title="bbox 2119 1875 3691 1962">
    <p class='ocr_par' dir='ltr' id='par_1_36' title="bbox 2119 1884 3691 1958">
     <span class='ocr_line' id='line_1_36' title="bbox 2119 1884 3691 1958; baseline -0.004 -18"><span class='ocrx_word' id='word_1_241' title='bbox 2119 1888 2330 1958; x_wconf 77' lang='grc' dir='ltr'>ῆδονται</span> <span class='ocrx_word' id='word_1_242' title='bbox 2362 1887 2488 1950; x_wconf 83' lang='grc' dir='ltr'>τοὺς</span> <span class='ocrx_word' id='word_1_243' title='bbox 2527 1887 2726 1951; x_wconf 85' lang='grc' dir='ltr'>παῖδας</span> <span class='ocrx_word' id='word_1_244' title='bbox 2755 1889 2978 1958; x_wconf 80' lang='grc' dir='ltr'>ὁμοίους</span> <span class='ocrx_word' id='word_1_245' title='bbox 3012 1890 3196 1951; x_wconf 83' lang='grc' dir='ltr'>αὐτοῖς</span> <span class='ocrx_word' id='word_1_246' title='bbox 3224 1887 3536 1947; x_wconf 77' lang='grc' dir='ltr'>ἀποϐάντας</span> <span class='ocrx_word' id='word_1_247' title='bbox 3562 1884 3691 1937; x_wconf 78' lang='grc' dir='ltr'>θεώ-</span> 
     </span>
    </p>
   </div>
   <div class='ocr_carea' id='block_1_37' title="bbox 426 1970 2012 2057">
    <p class='ocr_par' dir='ltr' id='par_1_37' title="bbox 426 1984 2009 2057">
     <span class='ocr_line' id='line_1_37' title="bbox 426 1984 2009 2057; baseline 0.003 -22"><span class='ocrx_word' id='word_1_248' title='bbox 426 1991 636 2051; x_wconf 87' lang='lat' dir='ltr'><strong>ptatem</strong></span> <span class='ocrx_word' id='word_1_249' title='bbox 671 1984 842 2053; x_wconf 79' lang='lat' dir='ltr'><strong>cepit,</strong></span> <span class='ocrx_word' id='word_1_250' title='bbox 882 1985 1030 2041; x_wconf 87' lang='lat' dir='ltr'><strong>sicut</strong></span> <span class='ocrx_word' id='word_1_251' title='bbox 1066 1997 1251 2057; x_wconf 83' lang='lat' dir='ltr'><strong>patres</strong></span> <span class='ocrx_word' id='word_1_252' title='bbox 1284 1986 1656 2051; x_wconf 85' lang='lat' dir='ltr'><strong>obiectantur,</strong></span> <span class='ocrx_word' id='word_1_253' title='bbox 1689 2001 1814 2041; x_wconf 90' lang='lat' dir='ltr'><strong>eum</strong></span> <span class='ocrx_word' id='word_1_254' title='bbox 1869 1984 2009 2040; x_wconf 82' lang='lat' dir='ltr'><strong>ﬁlios</strong></span> 
     </span>
    </p>
   </div>
   <div class='ocr_carea' id='block_1_38' title="bbox 2119 1970 3687 2057">
    <p class='ocr_par' dir='ltr' id='par_1_38' title="bbox 2119 1970 3687 2051">
     <span class='ocr_line' id='line_1_38' title="bbox 2119 1970 3687 2051; baseline -0.003 -19"><span class='ocrx_word' id='word_1_255' title='bbox 2119 1997 2290 2046; x_wconf 86' lang='grc' dir='ltr'>μενοι.</span> <span class='ocrx_word' id='word_1_256' title='bbox 2349 1978 2490 2033; x_wconf 83' lang='grc' dir='ltr'>Ἀλλ’</span> <span class='ocrx_word' id='word_1_257' title='bbox 2518 1978 2683 2049; x_wconf 77' lang='grc' dir='ltr'>ἡνίκα</span> <span class='ocrx_word' id='word_1_258' title='bbox 2718 1981 2856 2051; x_wconf 71' lang='grc' dir='ltr'>πρὸς</span> <span class='ocrx_word' id='word_1_259' title='bbox 2882 1983 3070 2050; x_wconf 73' lang='grc' dir='ltr'>μεῖζον</span> <span class='ocrx_word' id='word_1_260' title='bbox 3101 1970 3525 2049; x_wconf 75' lang='grc' dir='ltr'>ἀνελαμϐάνετο.</span> <span class='ocrx_word' id='word_1_261' title='bbox 3547 1995 3687 2045; x_wconf 70' lang='grc' dir='ltr'>τηνιι</span> 
     </span>
    </p>
   </div>
   <div class='ocr_carea' id='block_1_39' title="bbox 423 2070 2012 2149">
    <p class='ocr_par' dir='ltr' id='par_1_39' title="bbox 423 2074 2007 2149">
     <span class='ocr_line' id='line_1_39' title="bbox 423 2074 2007 2149; baseline 0.001 -20"><span class='ocrx_word' id='word_1_262' title='bbox 423 2074 531 2130; x_wconf 86' lang='lat' dir='ltr'><strong>sibi</strong></span> <span class='ocrx_word' id='word_1_263' title='bbox 564 2076 775 2131; x_wconf 84' lang='lat' dir='ltr'><strong>similes</strong></span> <span class='ocrx_word' id='word_1_264' title='bbox 807 2077 1052 2134; x_wconf 82' lang='lat' dir='ltr'><strong>evasisse</strong></span> <span class='ocrx_word' id='word_1_265' title='bbox 1078 2089 1316 2134; x_wconf 91' lang='lat' dir='ltr'><strong>cernunt</strong></span> <span class='ocrx_word' id='word_1_266' title='bbox 1344 2096 1360 2145; x_wconf 78' lang='grc' dir='ltr'><strong>ς</strong></span> <span class='ocrx_word' id='word_1_267' title='bbox 1395 2078 1491 2133; x_wconf 90' lang='lat' dir='ltr'><strong>sed</strong></span> <span class='ocrx_word' id='word_1_268' title='bbox 1545 2079 1769 2149; x_wconf 89' lang='lat' dir='ltr'><strong>quando</strong></span> <span class='ocrx_word' id='word_1_269' title='bbox 1801 2079 1912 2149; x_wconf 75' lang='lat' dir='ltr'><strong>jam</strong></span> <span class='ocrx_word' id='word_1_270' title='bbox 1940 2077 2007 2131; x_wconf 91' lang='lat' dir='ltr'><strong>ad</strong></span> 
     </span>
    </p>
   </div>
   <div class='ocr_carea' id='block_1_40' title="bbox 2119 2070 3691 2149">
    <p class='ocr_par' dir='ltr' id='par_1_40' title="bbox 2119 2070 3691 2145">
     <span class='ocr_line' id='line_1_40' title="bbox 2119 2070 3691 2145; baseline -0.003 -19"><span class='ocrx_word' id='word_1_271' title='bbox 2119 2074 2287 2127; x_wconf 72' lang='grc' dir='ltr'>»ιαῦτα</span> <span class='ocrx_word' id='word_1_272' title='bbox 2346 2075 2409 2127; x_wconf 83' lang='grc' dir='ltr'>τὸ</span> <span class='ocrx_word' id='word_1_273' title='bbox 2459 2072 2728 2145; x_wconf 85' lang='grc' dir='ltr'>πρότερον</span> <span class='ocrx_word' id='word_1_274' title='bbox 2785 2075 3116 2140; x_wconf 79' lang='grc' dir='ltr'><strong>παρεδίδου·</strong></span> <span class='ocrx_word' id='word_1_275' title='bbox 3161 2074 3352 2144; x_wconf 86' lang='grc' dir='ltr'>ὥσπερ</span> <span class='ocrx_word' id='word_1_276' title='bbox 3397 2071 3451 2125; x_wconf 81' lang='grc' dir='ltr'>εῐ</span> <span class='ocrx_word' id='word_1_277' title='bbox 3478 2088 3563 2134; x_wconf 87' lang='grc' dir='ltr'><strong>τις</strong></span> <span class='ocrx_word' id='word_1_278' title='bbox 3611 2070 3691 2138; x_wconf 78' lang='grc' dir='ltr'><strong>ἐφ’</strong></span> 
     </span>
    </p>
   </div>
   <div class='ocr_carea' id='block_1_41' title="bbox 421 2165 2012 2240">
    <p class='ocr_par' dir='ltr' id='par_1_41' title="bbox 421 2168 2009 2240">
     <span class='ocr_line' id='line_1_41' title="bbox 421 2168 2009 2240; baseline 0.002 -17"><span class='ocrx_word' id='word_1_279' title='bbox 421 2168 802 2226; x_wconf 85' lang='lat' dir='ltr'><strong>sublimiorem</strong></span> <span class='ocrx_word' id='word_1_280' title='bbox 881 2180 1087 2227; x_wconf 89' lang='lat' dir='ltr'><strong>statum</strong></span> <span class='ocrx_word' id='word_1_281' title='bbox 1147 2171 1527 2236; x_wconf 76' lang='lat' dir='ltr'><strong>evehebatur,</strong></span> <span class='ocrx_word' id='word_1_282' title='bbox 1596 2179 1728 2226; x_wconf 91' lang='lat' dir='ltr'><strong>tunc</strong></span> <span class='ocrx_word' id='word_1_283' title='bbox 1804 2170 2009 2240; x_wconf 87' lang='lat' dir='ltr'><strong>primas</strong></span> 
     </span>
    </p>
   </div>
   <div class='ocr_carea' id='block_1_42' title="bbox 2119 2165 3693 2240">
    <p class='ocr_par' dir='ltr' id='par_1_42' title="bbox 2119 2165 3693 2238">
     <span class='ocr_line' id='line_1_42' title="bbox 2119 2165 3693 2238; baseline -0.003 -20"><span class='ocrx_word' id='word_1_284' title='bbox 2119 2166 2349 2234; x_wconf 72' lang='grc' dir='ltr'>ἱματίων</span> <span class='ocrx_word' id='word_1_285' title='bbox 2400 2168 2607 2221; x_wconf 85' lang='grc' dir='ltr'>καινῶν</span> <span class='ocrx_word' id='word_1_286' title='bbox 2663 2167 2869 2238; x_wconf 74' lang='grc' dir='ltr'>ἀμοιὸῇ</span> <span class='ocrx_word' id='word_1_287' title='bbox 2920 2166 3000 2238; x_wconf 84' lang='grc' dir='ltr'><strong>τῷ</strong></span> <span class='ocrx_word' id='word_1_288' title='bbox 3036 2167 3286 2238; x_wconf 79' lang='grc' dir='ltr'><strong>ὑπηρέτῃ</strong></span> <span class='ocrx_word' id='word_1_289' title='bbox 3337 2165 3405 2219; x_wconf 81' lang='grc' dir='ltr'>τὰ</span> <span class='ocrx_word' id='word_1_290' title='bbox 3451 2166 3693 2234; x_wconf 83' lang='grc' dir='ltr'>πρότερα</span> 
     </span>
    </p>
   </div>
   <div class='ocr_carea' id='block_1_43' title="bbox 417 2252 2012 2333">
    <p class='ocr_par' dir='ltr' id='par_1_43' title="bbox 417 2257 2010 2333">
     <span class='ocr_line' id='line_1_43' title="bbox 417 2257 2010 2333; baseline -0.001 -19"><span class='ocrx_word' id='word_1_291' title='bbox 417 2257 618 2314; x_wconf 54' lang='lat' dir='ltr'><strong>Elissae</strong></span> <span class='ocrx_word' id='word_1_292' title='bbox 684 2264 986 2330; x_wconf 86' lang='lat' dir='ltr'><strong>concessit,</strong></span> <span class='ocrx_word' id='word_1_293' title='bbox 1034 2262 1498 2333; x_wconf 88' lang='lat' dir='ltr'><strong>quemadmodum</strong></span> <span class='ocrx_word' id='word_1_294' title='bbox 1557 2261 1604 2316; x_wconf 91' lang='lat' dir='ltr'><strong>si</strong></span> <span class='ocrx_word' id='word_1_295' title='bbox 1664 2261 1790 2329; x_wconf 85' lang='lat' dir='ltr'><strong>quis</strong></span> <span class='ocrx_word' id='word_1_296' title='bbox 1840 2275 2010 2315; x_wconf 87' lang='lat' dir='ltr'><strong>novas</strong></span> 
     </span>
    </p>
   </div>
   <div class='ocr_carea' id='block_1_44' title="bbox 2119 2252 3695 2333">
    <p class='ocr_par' dir='ltr' id='par_1_44' title="bbox 2119 2252 3695 2329">
     <span class='ocr_line' id='line_1_44' title="bbox 2119 2252 3695 2329; baseline -0.003 -18"><span class='ocrx_word' id='word_1_297' title='bbox 2119 2258 2317 2311; x_wconf 73' lang='grc' dir='ltr'>δίδωσι.</span> <span class='ocrx_word' id='word_1_298' title='bbox 2355 2259 2495 2320; x_wconf 77' lang='grc' dir='ltr'>Τοὺς</span> <span class='ocrx_word' id='word_1_299' title='bbox 2543 2258 2590 2312; x_wconf 82' lang='grc' dir='ltr'>δ’</span> <span class='ocrx_word' id='word_1_300' title='bbox 2639 2260 2977 2323; x_wconf 75' lang='grc' dir='ltr'>ἀποστόλους</span> <span class='ocrx_word' id='word_1_301' title='bbox 3006 2259 3139 2329; x_wconf 76' lang='grc' dir='ltr'>όρᾷν</span> <span class='ocrx_word' id='word_1_302' title='bbox 3176 2257 3294 2311; x_wconf 75' lang='grc' dir='ltr'>ἔστι</span> <span class='ocrx_word' id='word_1_303' title='bbox 3328 2257 3421 2310; x_wconf 71' lang='grc' dir='ltr'>καὶ</span> <span class='ocrx_word' id='word_1_304' title='bbox 3470 2253 3546 2324; x_wconf 78' lang='grc' dir='ltr'>τῷ</span> <span class='ocrx_word' id='word_1_305' title='bbox 3593 2252 3695 2322; x_wconf 70' lang='grc' dir='ltr'>βίῳ</span> 
     </span>
    </p>
   </div>
   <div class='ocr_carea' id='block_1_45' title="bbox 418 2351 2016 2424">
    <p class='ocr_par' dir='ltr' id='par_1_45' title="bbox 418 2351 2016 2424">
     <span class='ocr_line' id='line_1_45' title="bbox 418 2351 2016 2424; baseline 0.001 -23"><span class='ocrx_word' id='word_1_306' title='bbox 418 2359 603 2407; x_wconf 76' lang='lat' dir='ltr'><strong>vestes</strong></span> <span class='ocrx_word' id='word_1_307' title='bbox 650 2351 911 2420; x_wconf 87' lang='lat' dir='ltr'><strong>induens,</strong></span> <span class='ocrx_word' id='word_1_308' title='bbox 940 2353 1197 2409; x_wconf 85' lang='lat' dir='ltr'><strong>ministro</strong></span> <span class='ocrx_word' id='word_1_309' title='bbox 1224 2369 1326 2409; x_wconf 91' lang='lat' dir='ltr'><strong>suo</strong></span> <span class='ocrx_word' id='word_1_310' title='bbox 1380 2352 1589 2424; x_wconf 89' lang='lat' dir='ltr'><strong>primas</strong></span> <span class='ocrx_word' id='word_1_311' title='bbox 1618 2352 1902 2408; x_wconf 87' lang='lat' dir='ltr'><strong>concedat.</strong></span> <span class='ocrx_word' id='word_1_312' title='bbox 1946 2351 2016 2406; x_wconf 85' lang='lat' dir='ltr'><strong>At</strong></span> 
     </span>
    </p>
   </div>
   <div class='ocr_carea' id='block_1_46' title="bbox 417 2439 2007 2525">
    <p class='ocr_par' dir='ltr' id='par_1_46' title="bbox 417 2439 2007 2525">
     <span class='ocr_line' id='line_1_46' title="bbox 417 2439 2007 2525; baseline 0.001 -26"><span class='ocrx_word' id='word_1_313' title='bbox 417 2445 648 2513; x_wconf 78' lang='lat' dir='ltr'><strong>apostoli</strong></span> <span class='ocrx_word' id='word_1_314' title='bbox 679 2444 861 2500; x_wconf 88' lang='lat' dir='ltr'><strong>adhuc</strong></span> <span class='ocrx_word' id='word_1_315' title='bbox 884 2447 1211 2517; x_wconf 85' lang='lat' dir='ltr'><strong>superstites</strong></span> <span class='ocrx_word' id='word_1_316' title='bbox 1233 2456 1282 2503; x_wconf 91' lang='lat' dir='ltr'><strong>et</strong></span> <span class='ocrx_word' id='word_1_317' title='bbox 1310 2462 1434 2525; x_wconf 84' lang='lat' dir='ltr'><strong>cum</strong></span> <span class='ocrx_word' id='word_1_318' title='bbox 1474 2439 1791 2502; x_wconf 72' lang='lat' dir='ltr'><strong>hominibus</strong></span> <span class='ocrx_word' id='word_1_319' title='bbox 1840 2461 2007 2517; x_wconf 66' lang='lat' dir='ltr'><strong>agru-</strong></span> 
     </span>
    </p>
   </div>
   <div class='ocr_carea' id='block_1_47' title="bbox 420 2539 1811 2621">
    <p class='ocr_par' dir='ltr' id='par_1_47' title="bbox 420 2539 1811 2621">
     <span class='ocr_line' id='line_1_47' title="bbox 420 2539 1811 2621; baseline 0 -27"><span class='ocrx_word' id='word_1_320' title='bbox 420 2552 525 2600; x_wconf 70' lang='lat' dir='ltr'><strong>trs.</strong></span> <span class='ocrx_word' id='word_1_321' title='bbox 572 2541 774 2596; x_wconf 90' lang='lat' dir='ltr'><strong>donum</strong></span> <span class='ocrx_word' id='word_1_322' title='bbox 854 2540 1094 2621; x_wconf 81' lang='lat' dir='ltr'><strong>Spiritus</strong></span> <span class='ocrx_word' id='word_1_323' title='bbox 1162 2541 1336 2597; x_wconf 87' lang='lat' dir='ltr'><strong>sancti</strong></span> <span class='ocrx_word' id='word_1_324' title='bbox 1388 2539 1811 2611; x_wconf 85' lang='lat' dir='ltr'><strong>distriquerunt.</strong></span> 
     </span>
    </p>
   </div>
   <div class='ocr_carea' id='block_1_48' title="bbox 489 2638 2007 2711">
    <p class='ocr_par' dir='ltr' id='par_1_48' title="bbox 489 2638 2007 2711">
     <span class='ocr_line' id='line_1_48' title="bbox 489 2638 2007 2711; baseline 0.001 -20"><span class='ocrx_word' id='word_1_325' title='bbox 489 2638 662 2696; x_wconf 84' lang='lat' dir='ltr'><strong>Porro</strong></span> <span class='ocrx_word' id='word_1_326' title='bbox 678 2641 724 2696; x_wconf 83' lang='lat' dir='ltr'><strong>si</strong></span> <span class='ocrx_word' id='word_1_327' title='bbox 747 2640 834 2695; x_wconf 91' lang='lat' dir='ltr'><strong>cui</strong></span> <span class='ocrx_word' id='word_1_328' title='bbox 849 2640 1055 2711; x_wconf 87' lang='lat' dir='ltr'><strong>grande</strong></span> <span class='ocrx_word' id='word_1_329' title='bbox 1071 2640 1305 2701; x_wconf 82' lang='lat' dir='ltr'><strong>videtur,</strong></span> <span class='ocrx_word' id='word_1_330' title='bbox 1332 2638 1478 2709; x_wconf 87' lang='lat' dir='ltr'><strong>quod</strong></span> <span class='ocrx_word' id='word_1_331' title='bbox 1512 2638 1585 2694; x_wconf 86' lang='lat' dir='ltr'><strong>ibi</strong></span> <span class='ocrx_word' id='word_1_332' title='bbox 1607 2638 1802 2708; x_wconf 80' lang='lat' dir='ltr'><strong>duplex</strong></span> <span class='ocrx_word' id='word_1_333' title='bbox 1831 2640 2007 2710; x_wconf 85' lang='lat' dir='ltr'><strong>gratia</strong></span> 
     </span>
    </p>
   </div>
   <div class='ocr_carea' id='block_1_49' title="bbox 420 2727 2010 2799">
    <p class='ocr_par' dir='ltr' id='par_1_49' title="bbox 420 2727 2010 2799">
     <span class='ocr_line' id='line_1_49' title="bbox 420 2727 2010 2799; baseline 0.001 -16"><span class='ocrx_word' id='word_1_334' title='bbox 420 2727 609 2794; x_wconf 73' lang='lat' dir='ltr'><strong>fuerit,</strong></span> <span class='ocrx_word' id='word_1_335' title='bbox 656 2729 703 2784; x_wconf 89' lang='lat' dir='ltr'><strong>is</strong></span> <span class='ocrx_word' id='word_1_336' title='bbox 761 2729 1039 2793; x_wconf 72' lang='lat' dir='ltr'><strong>Elismum,</strong></span> <span class='ocrx_word' id='word_1_337' title='bbox 1096 2745 1221 2786; x_wconf 90' lang='lat' dir='ltr'><strong>cum</strong></span> <span class='ocrx_word' id='word_1_338' title='bbox 1276 2744 1419 2783; x_wconf 89' lang='lat' dir='ltr'><strong>unus</strong></span> <span class='ocrx_word' id='word_1_339' title='bbox 1478 2728 1572 2793; x_wconf 90' lang='lat' dir='ltr'><strong>sit,</strong></span> <span class='ocrx_word' id='word_1_340' title='bbox 1625 2729 2010 2799; x_wconf 77' lang='lat' dir='ltr'><strong>pra:terrolare</strong></span> 
     </span>
    </p>
   </div>
   <div class='ocr_carea' id='block_1_50' title="bbox 381 2818 2009 2892">
    <p class='ocr_par' dir='ltr' id='par_1_50' title="bbox 381 2818 2009 2892">
     <span class='ocr_line' id='line_1_50' title="bbox 381 2818 2009 2892; baseline 0.001 -18"><span class='ocrx_word' id='word_1_341' title='bbox 381 2882 390 2890; x_wconf 87' lang='lat'><em>_</em></span> <span class='ocrx_word' id='word_1_342' title='bbox 417 2834 530 2874; x_wconf 92' lang='lat' dir='ltr'><strong>non</strong></span> <span class='ocrx_word' id='word_1_343' title='bbox 564 2819 750 2876; x_wconf 89' lang='lat' dir='ltr'><strong>sinat:</strong></span> <span class='ocrx_word' id='word_1_344' title='bbox 783 2819 914 2892; x_wconf 89' lang='lat' dir='ltr'><strong>quid</strong></span> <span class='ocrx_word' id='word_1_345' title='bbox 946 2822 1091 2876; x_wconf 87' lang='lat' dir='ltr'><strong>enim</strong></span> <span class='ocrx_word' id='word_1_346' title='bbox 1131 2820 1174 2875; x_wconf 89' lang='lat' dir='ltr'><strong>si</strong></span> <span class='ocrx_word' id='word_1_347' title='bbox 1206 2819 1450 2876; x_wconf 80' lang='lat' dir='ltr'><strong>inﬁnitos</strong></span> <span class='ocrx_word' id='word_1_348' title='bbox 1479 2818 1672 2876; x_wconf 88' lang='lat' dir='ltr'><strong>Petros</strong></span> <span class='ocrx_word' id='word_1_349' title='bbox 1700 2828 1754 2875; x_wconf 88' lang='lat' dir='ltr'><strong>et</strong></span> <span class='ocrx_word' id='word_1_350' title='bbox 1810 2820 2009 2876; x_wconf 84' lang='lat' dir='ltr'><strong>Paulos</strong></span> 
     </span>
    </p>
   </div>
   <div class='ocr_carea' id='block_1_51' title="bbox 421 2911 2009 2984">
    <p class='ocr_par' dir='ltr' id='par_1_51' title="bbox 421 2911 2009 2984">
     <span class='ocr_line' id='line_1_51' title="bbox 421 2911 2009 2984; baseline 0.001 -18"><span class='ocrx_word' id='word_1_351' title='bbox 421 2926 775 2982; x_wconf 84' lang='lat' dir='ltr'><strong>percenseas,</strong></span> <span class='ocrx_word' id='word_1_352' title='bbox 825 2912 950 2968; x_wconf 90' lang='lat' dir='ltr'><strong>illos</strong></span> <span class='ocrx_word' id='word_1_353' title='bbox 1004 2911 1273 2983; x_wconf 81' lang='lat' dir='ltr'><strong>intelligo,</strong></span> <span class='ocrx_word' id='word_1_354' title='bbox 1306 2914 1397 2984; x_wconf 88' lang='lat' dir='ltr'><strong>qui</strong></span> <span class='ocrx_word' id='word_1_355' title='bbox 1452 2914 1521 2967; x_wconf 87' lang='lat' dir='ltr'><strong>ah</strong></span> <span class='ocrx_word' id='word_1_356' title='bbox 1574 2913 1707 2984; x_wconf 89' lang='lat' dir='ltr'><strong>ipsis</strong></span> <span class='ocrx_word' id='word_1_357' title='bbox 1766 2911 2009 2982; x_wconf 88' lang='lat' dir='ltr'><strong>Spiritus</strong></span> 
     </span>
    </p>
   </div>
   <div class='ocr_carea' id='block_1_52' title="bbox 419 3005 2010 3077">
    <p class='ocr_par' dir='ltr' id='par_1_52' title="bbox 419 3005 2010 3077">
     <span class='ocr_line' id='line_1_52' title="bbox 419 3005 2010 3077; baseline 0.003 -19"><span class='ocrx_word' id='word_1_358' title='bbox 419 3006 655 3077; x_wconf 87' lang='lat' dir='ltr'><strong>gratiam</strong></span> <span class='ocrx_word' id='word_1_359' title='bbox 693 3006 1073 3076; x_wconf 85' lang='lat' dir='ltr'><strong>acceperunt?</strong></span> <span class='ocrx_word' id='word_1_360' title='bbox 1119 3006 1338 3072; x_wconf 84' lang='lat' dir='ltr'><strong>Quanto</strong></span> <span class='ocrx_word' id='word_1_361' title='bbox 1387 3007 1757 3062; x_wconf 89' lang='lat' dir='ltr'><strong>admiratione</strong></span> <span class='ocrx_word' id='word_1_362' title='bbox 1788 3005 2010 3077; x_wconf 87' lang='lat' dir='ltr'><strong>dignius</strong></span> 
     </span>
    </p>
   </div>
   <div class='ocr_carea' id='block_1_53' title="bbox 417 3099 2009 3172">
    <p class='ocr_par' dir='ltr' id='par_1_53' title="bbox 417 3099 2009 3172">
     <span class='ocr_line' id='line_1_53' title="bbox 417 3099 2009 3172; baseline -0.001 -17"><span class='ocrx_word' id='word_1_363' title='bbox 417 3108 506 3155; x_wconf 88' lang='lat' dir='ltr'><strong>est</strong></span> <span class='ocrx_word' id='word_1_364' title='bbox 543 3100 665 3166; x_wconf 89' lang='lat' dir='ltr'><strong>hoc,</strong></span> <span class='ocrx_word' id='word_1_365' title='bbox 700 3115 868 3172; x_wconf 84' lang='lat' dir='ltr'><strong>quam</strong></span> <span class='ocrx_word' id='word_1_366' title='bbox 925 3099 1114 3156; x_wconf 78' lang='lat' dir='ltr'><strong>illud?</strong></span> <span class='ocrx_word' id='word_1_367' title='bbox 1165 3099 1431 3168; x_wconf 81' lang='lat' dir='ltr'><strong>Quamvis</strong></span> <span class='ocrx_word' id='word_1_368' title='bbox 1461 3111 1515 3156; x_wconf 90' lang='lat' dir='ltr'><strong>et</strong></span> <span class='ocrx_word' id='word_1_369' title='bbox 1547 3100 1680 3155; x_wconf 89' lang='lat' dir='ltr'><strong>illud</strong></span> <span class='ocrx_word' id='word_1_370' title='bbox 1742 3100 2009 3172; x_wconf 86' lang='lat' dir='ltr'><strong>apostolis</strong></span> 
     </span>
    </p>
   </div>
   <div class='ocr_carea' id='block_1_54' title="bbox 418 3185 2011 3265">
    <p class='ocr_par' dir='ltr' id='par_1_54' title="bbox 418 3185 2011 3265">
     <span class='ocr_line' id='line_1_54' title="bbox 418 3185 2011 3265; baseline -0.003 -18"><span class='ocrx_word' id='word_1_371' title='bbox 418 3185 634 3264; x_wconf 85' lang='lat' dir='ltr'><strong>priores</strong></span> <span class='ocrx_word' id='word_1_372' title='bbox 662 3202 849 3265; x_wconf 88' lang='lat' dir='ltr'><strong>partes</strong></span> <span class='ocrx_word' id='word_1_373' title='bbox 905 3192 1198 3249; x_wconf 83' lang='lat' dir='ltr'><strong>concedit:</strong></span> <span class='ocrx_word' id='word_1_374' title='bbox 1242 3194 1389 3249; x_wconf 86' lang='lat' dir='ltr'><strong>Elias</strong></span> <span class='ocrx_word' id='word_1_375' title='bbox 1452 3194 1538 3248; x_wconf 79' lang='lat' dir='ltr'><strong>vix</strong></span> <span class='ocrx_word' id='word_1_376' title='bbox 1599 3191 1816 3246; x_wconf 88' lang='lat' dir='ltr'><strong>tandem</strong></span> <span class='ocrx_word' id='word_1_377' title='bbox 1885 3200 2011 3262; x_wconf 72' lang='lat' dir='ltr'><strong>past</strong></span> 
     </span>
    </p>
   </div>
   <div class='ocr_carea' id='block_1_55' title="bbox 2114 2351 3201 2425">
    <p class='ocr_par' dir='ltr' id='par_1_55' title="bbox 2114 2351 3201 2425">
     <span class='ocr_line' id='line_1_55' title="bbox 2114 2351 3201 2425; baseline 0.002 -20"><span class='ocrx_word' id='word_1_378' title='bbox 2114 2352 2403 2423; x_wconf 78' lang='grc' dir='ltr'>περιόντας</span> <span class='ocrx_word' id='word_1_379' title='bbox 2431 2352 2512 2406; x_wconf 74' lang='grc' dir='ltr'>ἔτι</span> <span class='ocrx_word' id='word_1_380' title='bbox 2547 2353 2608 2406; x_wconf 80' lang='grc' dir='ltr'>τὸ</span> <span class='ocrx_word' id='word_1_381' title='bbox 2633 2352 2882 2425; x_wconf 76' lang='grc' dir='ltr'>χάρισμα</span> <span class='ocrx_word' id='word_1_382' title='bbox 2911 2351 3201 2425; x_wconf 77' lang='grc' dir='ltr'>νέμοντας.</span> 
     </span>
    </p>
   </div>
   <div class='ocr_carea' id='block_1_56' title="bbox 2185 2632 3704 2707">
    <p class='ocr_par' dir='ltr' id='par_1_56' title="bbox 2185 2632 3704 2707">
     <span class='ocr_line' id='line_1_56' title="bbox 2185 2632 3704 2707; baseline -0.007 -16"><span class='ocrx_word' id='word_1_383' title='bbox 2185 2639 2247 2691; x_wconf 89' lang='grc' dir='ltr'><strong>Εἰ</strong></span> <span class='ocrx_word' id='word_1_384' title='bbox 2301 2638 2358 2691; x_wconf 80' lang='grc' dir='ltr'>δὲ</span> <span class='ocrx_word' id='word_1_385' title='bbox 2407 2637 2468 2691; x_wconf 77' lang='grc' dir='ltr'>τὸ</span> <span class='ocrx_word' id='word_1_386' title='bbox 2504 2637 2699 2705; x_wconf 79' lang='grc' dir='ltr'>διπλῆν</span> <span class='ocrx_word' id='word_1_387' title='bbox 2750 2639 2871 2692; x_wconf 78' lang='grc' dir='ltr'>ἐκεῖ</span> <span class='ocrx_word' id='word_1_388' title='bbox 2929 2636 3349 2707; x_wconf 63' lang='grc' dir='ltr'>παρασχεθῆιαι</span> <span class='ocrx_word' id='word_1_389' title='bbox 3399 2632 3496 2702; x_wconf 80' lang='grc' dir='ltr'>τὴν</span> <span class='ocrx_word' id='word_1_390' title='bbox 3539 2633 3704 2701; x_wconf 72' lang='grc' dir='ltr'>χάριν</span> 
     </span>
    </p>
   </div>
   <div class='ocr_carea' id='block_1_57' title="bbox 2115 2722 3703 2802">
    <p class='ocr_par' dir='ltr' id='par_1_57' title="bbox 2115 2722 3703 2802">
     <span class='ocr_line' id='line_1_57' title="bbox 2115 2722 3703 2802; baseline -0.007 -16"><span class='ocrx_word' id='word_1_391' title='bbox 2115 2733 2257 2802; x_wconf 83' lang='grc' dir='ltr'>μέγα</span> <span class='ocrx_word' id='word_1_392' title='bbox 2289 2732 2458 2797; x_wconf 78' lang='grc' dir='ltr'>δοκεῖ,</span> <span class='ocrx_word' id='word_1_393' title='bbox 2495 2731 2619 2802; x_wconf 78' lang='grc' dir='ltr'>μηδ’</span> <span class='ocrx_word' id='word_1_394' title='bbox 2665 2729 2973 2793; x_wconf 81' lang='grc' dir='ltr'>Ἐλισσαῖος</span> <span class='ocrx_word' id='word_1_395' title='bbox 3006 2730 3084 2793; x_wconf 84' lang='grc' dir='ltr'><strong>ὡς</strong></span> <span class='ocrx_word' id='word_1_396' title='bbox 3132 2722 3212 2790; x_wconf 79' lang='grc' dir='ltr'><strong>εἷς</strong></span> <span class='ocrx_word' id='word_1_397' title='bbox 3245 2727 3599 2796; x_wconf 77' lang='grc' dir='ltr'><strong>παραδράμῃ.</strong></span> <span class='ocrx_word' id='word_1_398' title='bbox 3634 2725 3703 2776; x_wconf 82' lang='grc' dir='ltr'>Τί</span> 
     </span>
    </p>
   </div>
   <div class='ocr_carea' id='block_1_58' title="bbox 2111 2817 3699 2895">
    <p class='ocr_par' dir='ltr' id='par_1_58' title="bbox 2111 2817 3699 2895">
     <span class='ocr_line' id='line_1_58' title="bbox 2111 2817 3699 2895; baseline -0.002 -18"><span class='ocrx_word' id='word_1_399' title='bbox 2111 2825 2220 2895; x_wconf 72' lang='grc' dir='ltr'><strong>γὰρ</strong></span> <span class='ocrx_word' id='word_1_400' title='bbox 2254 2825 2319 2894; x_wconf 85' lang='grc' dir='ltr'>δὴ</span> <span class='ocrx_word' id='word_1_401' title='bbox 2366 2824 2582 2895; x_wconf 81' lang='grc' dir='ltr'>φήσεις,</span> <span class='ocrx_word' id='word_1_402' title='bbox 2624 2822 2690 2875; x_wconf 78' lang='grc' dir='ltr'><strong>ἂν</strong></span> <span class='ocrx_word' id='word_1_403' title='bbox 2737 2822 2970 2892; x_wconf 79' lang='grc' dir='ltr'>μυρίους</span> <span class='ocrx_word' id='word_1_404' title='bbox 3014 2822 3256 2889; x_wconf 79' lang='grc' dir='ltr'>Πέτρους</span> <span class='ocrx_word' id='word_1_405' title='bbox 3303 2821 3397 2872; x_wconf 78' lang='grc' dir='ltr'>καὶ</span> <span class='ocrx_word' id='word_1_406' title='bbox 3433 2817 3699 2880; x_wconf 69' lang='grc' dir='ltr'>Παύλους,</span> 
     </span>
    </p>
   </div>
   <div class='ocr_carea' id='block_1_59' title="bbox 2116 2912 3700 2993">
    <p class='ocr_par' dir='ltr' id='par_1_59' title="bbox 2116 2912 3700 2993">
     <span class='ocr_line' id='line_1_59' title="bbox 2116 2912 3700 2993; baseline -0.009 -16"><span class='ocrx_word' id='word_1_407' title='bbox 2116 2924 2263 2991; x_wconf 86' lang='grc' dir='ltr'>λέγω</span> <span class='ocrx_word' id='word_1_408' title='bbox 2296 2922 2360 2993; x_wconf 78' lang='grc' dir='ltr'>δὴ</span> <span class='ocrx_word' id='word_1_409' title='bbox 2401 2920 2525 2976; x_wconf 84' lang='grc' dir='ltr'>κατ’</span> <span class='ocrx_word' id='word_1_410' title='bbox 2553 2920 2754 2981; x_wconf 79' lang='grc' dir='ltr'>αὐτοὺς</span> <span class='ocrx_word' id='word_1_411' title='bbox 2784 2918 3027 2980; x_wconf 80' lang='grc' dir='ltr'>ἐκείνους</span> <span class='ocrx_word' id='word_1_412' title='bbox 3076 2917 3145 2989; x_wconf 63' lang='grc' dir='ltr'><strong>δι’</strong></span> <span class='ocrx_word' id='word_1_413' title='bbox 3178 2917 3403 2970; x_wconf 79' lang='grc' dir='ltr'>ἐκείνων</span> <span class='ocrx_word' id='word_1_414' title='bbox 3432 2912 3700 2974; x_wconf 75' lang='grc' dir='ltr'>λαϐόντας</span> 
     </span>
    </p>
   </div>
   <div class='ocr_carea' id='block_1_60' title="bbox 2121 3004 3701 3087">
    <p class='ocr_par' dir='ltr' id='par_1_60' title="bbox 2121 3004 3701 3087">
     <span class='ocr_line' id='line_1_60' title="bbox 2121 3004 3701 3087; baseline -0.009 -18"><span class='ocrx_word' id='word_1_415' title='bbox 2121 3016 2236 3087; x_wconf 78' lang='grc' dir='ltr'>ἴδῃς</span> <span class='ocrx_word' id='word_1_416' title='bbox 2274 3015 2336 3068; x_wconf 61' lang='grc' dir='ltr'><strong>τι</strong></span> <span class='ocrx_word' id='word_1_417' title='bbox 2377 3014 2623 3085; x_wconf 82' lang='grc' dir='ltr'>χάρισμα</span> <span class='ocrx_word' id='word_1_418' title='bbox 2642 3029 2657 3081; x_wconf 88' lang='grc'>;</span> <span class='ocrx_word' id='word_1_419' title='bbox 2690 3011 2846 3083; x_wconf 83' lang='grc' dir='ltr'>πόσῳ</span> <span class='ocrx_word' id='word_1_420' title='bbox 2873 3028 2955 3064; x_wconf 93' lang='grc' dir='ltr'><strong>σοι</strong></span> <span class='ocrx_word' id='word_1_421' title='bbox 2983 3009 3392 3063; x_wconf 75' lang='grc' dir='ltr'>πολλαπλάσιον</span> <span class='ocrx_word' id='word_1_422' title='bbox 3423 3004 3701 3074; x_wconf 75' lang='grc' dir='ltr'>θαυμάσαι</span> 
     </span>
    </p>
   </div>
   <div class='ocr_carea' id='block_1_61' title="bbox 2120 3097 3700 3175">
    <p class='ocr_par' dir='ltr' id='par_1_61' title="bbox 2120 3097 3700 3175">
     <span class='ocr_line' id='line_1_61' title="bbox 2120 3097 3700 3175; baseline -0.009 -14"><span class='ocrx_word' id='word_1_423' title='bbox 2120 3106 2282 3161; x_wconf 75' lang='grc' dir='ltr'>τοῦτο</span> <span class='ocrx_word' id='word_1_424' title='bbox 2308 3106 2521 3160; x_wconf 73' lang='grc' dir='ltr'>ἐκείνου</span> <span class='ocrx_word' id='word_1_425' title='bbox 2552 3104 2941 3175; x_wconf 77' lang='grc' dir='ltr'>προκείσεταις</span> <span class='ocrx_word' id='word_1_426' title='bbox 2975 3103 3086 3156; x_wconf 77' lang='grc' dir='ltr'><strong>Καὶ</strong></span> <span class='ocrx_word' id='word_1_427' title='bbox 3129 3102 3235 3170; x_wconf 78' lang='grc' dir='ltr'>μὴν</span> <span class='ocrx_word' id='word_1_428' title='bbox 3266 3101 3489 3154; x_wconf 74' lang='grc' dir='ltr'>κάκεῖνο</span> <span class='ocrx_word' id='word_1_429' title='bbox 3514 3097 3700 3166; x_wconf 77' lang='grc' dir='ltr'>μεῖζον</span> 
     </span>
    </p>
   </div>
   <div class='ocr_carea' id='block_1_62' title="bbox 2118 3184 3701 3266">
    <p class='ocr_par' dir='ltr' id='par_1_62' title="bbox 2118 3184 3701 3266">
     <span class='ocr_line' id='line_1_62' title="bbox 2118 3184 3701 3266; baseline -0.003 -15"><span class='ocrx_word' id='word_1_430' title='bbox 2118 3200 2182 3252; x_wconf 75' lang='grc' dir='ltr'>τὸ</span> <span class='ocrx_word' id='word_1_431' title='bbox 2202 3198 2311 3252; x_wconf 81' lang='grc' dir='ltr'>τῶν</span> <span class='ocrx_word' id='word_1_432' title='bbox 2338 3197 2656 3251; x_wconf 78' lang='grc' dir='ltr'>ἀποστόλων</span> <span class='ocrx_word' id='word_1_433' title='bbox 2682 3196 3037 3266; x_wconf 82' lang='grc' dir='ltr'>παρίστησιν.</span> <span class='ocrx_word' id='word_1_434' title='bbox 3074 3191 3265 3253; x_wconf 81' lang='grc' dir='ltr'>Ἠλίας</span> <span class='ocrx_word' id='word_1_435' title='bbox 3285 3191 3382 3260; x_wconf 79' lang='grc' dir='ltr'>μὲν</span> <span class='ocrx_word' id='word_1_436' title='bbox 3407 3184 3515 3259; x_wconf 83' lang='grc' dir='ltr'>γὰρ</span> <span class='ocrx_word' id='word_1_437' title='bbox 3548 3186 3701 3255; x_wconf 72' lang='grc' dir='ltr'>μόλις</span> 
     </span>
    </p>
   </div>
   <div class='ocr_carea' id='block_1_63' title="bbox 420 3284 2012 3361">
    <p class='ocr_par' dir='ltr' id='par_1_63' title="bbox 420 3286 2012 3357">
     <span class='ocr_line' id='line_1_63' title="bbox 420 3286 2012 3357; baseline -0.001 -17"><span class='ocrx_word' id='word_1_438' title='bbox 420 3286 630 3342; x_wconf 89' lang='lat' dir='ltr'><strong>multas</strong></span> <span class='ocrx_word' id='word_1_439' title='bbox 659 3301 850 3357; x_wconf 87' lang='lat' dir='ltr'><strong>preces</strong></span> <span class='ocrx_word' id='word_1_440' title='bbox 885 3287 1158 3356; x_wconf 91' lang='lat' dir='ltr'><strong>discipulo</strong></span> <span class='ocrx_word' id='word_1_441' title='bbox 1210 3287 1443 3357; x_wconf 89' lang='lat' dir='ltr'><strong>gratiam</strong></span> <span class='ocrx_word' id='word_1_442' title='bbox 1495 3286 1630 3342; x_wconf 89' lang='lat' dir='ltr'><strong>dare</strong></span> <span class='ocrx_word' id='word_1_443' title='bbox 1675 3286 1871 3341; x_wconf 78' lang='lat' dir='ltr'><strong>annuit</strong></span> <span class='ocrx_word' id='word_1_444' title='bbox 1903 3301 1920 3353; x_wconf 86' lang='lat'><strong>;</strong></span> <span class='ocrx_word' id='word_1_445' title='bbox 1959 3293 2012 3339; x_wconf 90' lang='lat' dir='ltr'><strong>at</strong></span> 
     </span>
    </p>
   </div>
   <div class='ocr_carea' id='block_1_64' title="bbox 2119 3284 3703 3361">
    <p class='ocr_par' dir='ltr' id='par_1_64' title="bbox 2119 3284 3703 3361">
     <span class='ocr_line' id='line_1_64' title="bbox 2119 3284 3703 3361; baseline -0.01 -17"><span class='ocrx_word' id='word_1_446' title='bbox 2119 3291 2472 3361; x_wconf 77' lang='grc' dir='ltr'>αἰτησαμένῳ</span> <span class='ocrx_word' id='word_1_447' title='bbox 2492 3290 2570 3360; x_wconf 81' lang='grc' dir='ltr'>τῷ</span> <span class='ocrx_word' id='word_1_448' title='bbox 2612 3289 2827 3359; x_wconf 78' lang='grc' dir='ltr'>μαθητῇ</span> <span class='ocrx_word' id='word_1_449' title='bbox 2855 3286 2955 3358; x_wconf 83' lang='grc' dir='ltr'>τὴν</span> <span class='ocrx_word' id='word_1_450' title='bbox 2984 3286 3145 3357; x_wconf 90' lang='grc' dir='ltr'>χάριν</span> <span class='ocrx_word' id='word_1_451' title='bbox 3190 3284 3482 3338; x_wconf 71' lang='grc' dir='ltr'>ἐπένευσεν</span> <span class='ocrx_word' id='word_1_452' title='bbox 3504 3297 3519 3312; x_wconf 78' lang='grc' dir='ltr'><strong>ο</strong></span> <span class='ocrx_word' id='word_1_453' title='bbox 3557 3294 3703 3331; x_wconf 79' lang='grc' dir='ltr'>ουτοι</span> 
     </span>
    </p>
   </div>
   <div class='ocr_carea' id='block_1_65' title="bbox 423 3375 2007 3449">
    <p class='ocr_par' dir='ltr' id='par_1_65' title="bbox 423 3375 2007 3449">
     <span class='ocr_line' id='line_1_65' title="bbox 423 3375 2007 3449; baseline -0.003 -17"><span class='ocrx_word' id='word_1_454' title='bbox 423 3379 519 3432; x_wconf 87' lang='lat' dir='ltr'><strong>isti</strong></span> <span class='ocrx_word' id='word_1_455' title='bbox 548 3377 720 3434; x_wconf 81' lang='lat' dir='ltr'><strong>eti‘use</strong></span> <span class='ocrx_word' id='word_1_456' title='bbox 773 3377 1176 3449; x_wconf 84' lang='lat' dir='ltr'><strong>largiebantur,</strong></span> <span class='ocrx_word' id='word_1_457' title='bbox 1210 3375 1428 3431; x_wconf 87' lang='lat' dir='ltr'><strong>etiamsi</strong></span> <span class='ocrx_word' id='word_1_458' title='bbox 1461 3391 1626 3431; x_wconf 91' lang='lat' dir='ltr'><strong>nemo</strong></span> <span class='ocrx_word' id='word_1_459' title='bbox 1681 3376 2007 3446; x_wconf 80' lang='lat' dir='ltr'><strong>postularet.</strong></span> 
     </span>
    </p>
   </div>
   <div class='ocr_carea' id='block_1_66' title="bbox 425 3466 2015 3538">
    <p class='ocr_par' dir='ltr' id='par_1_66' title="bbox 425 3466 2015 3538">
     <span class='ocr_line' id='line_1_66' title="bbox 425 3466 2015 3538; baseline -0.001 -14"><span class='ocrx_word' id='word_1_460' title='bbox 425 3469 612 3525; x_wconf 86' lang='lat' dir='ltr'><strong>Testis</strong></span> <span class='ocrx_word' id='word_1_461' title='bbox 644 3470 846 3524; x_wconf 89' lang='lat' dir='ltr'><strong>borum</strong></span> <span class='ocrx_word' id='word_1_462' title='bbox 898 3468 1127 3522; x_wconf 89' lang='lat' dir='ltr'><strong>multam</strong></span> <span class='ocrx_word' id='word_1_463' title='bbox 1162 3468 1702 3524; x_wconf 79' lang='lat' dir='ltr'><strong>verisimilitudinem</strong></span> <span class='ocrx_word' id='word_1_464' title='bbox 1766 3466 2015 3538; x_wconf 85' lang='lat' dir='ltr'><strong>undique</strong></span> 
     </span>
    </p>
   </div>
   <div class='ocr_carea' id='block_1_67' title="bbox 423 3561 2015 3632">
    <p class='ocr_par' dir='ltr' id='par_1_67' title="bbox 423 3561 2015 3632">
     <span class='ocr_line' id='line_1_67' title="bbox 423 3561 2015 3632; baseline -0.001 -14"><span class='ocrx_word' id='word_1_465' title='bbox 423 3564 707 3620; x_wconf 88' lang='lat' dir='ltr'><strong>asciseens</strong></span> <span class='ocrx_word' id='word_1_466' title='bbox 752 3570 861 3628; x_wconf 90' lang='lat' dir='ltr'><strong>est,</strong></span> <span class='ocrx_word' id='word_1_467' title='bbox 922 3561 1176 3617; x_wconf 89' lang='lat' dir='ltr'><strong>homines</strong></span> <span class='ocrx_word' id='word_1_468' title='bbox 1272 3575 1440 3632; x_wconf 83' lang='lat' dir='ltr'><strong>supra</strong></span> <span class='ocrx_word' id='word_1_469' title='bbox 1518 3561 1743 3615; x_wconf 87' lang='lat' dir='ltr'><strong>modum</strong></span> <span class='ocrx_word' id='word_1_470' title='bbox 1807 3561 2015 3631; x_wconf 76' lang='lat' dir='ltr'><strong>majore</strong></span> 
     </span>
    </p>
   </div>
   <div class='ocr_carea' id='block_1_68' title="bbox 423 3652 2011 3726">
    <p class='ocr_par' dir='ltr' id='par_1_68' title="bbox 423 3652 2011 3726">
     <span class='ocr_line' id='line_1_68' title="bbox 423 3652 2011 3726; baseline -0.001 -18"><span class='ocrx_word' id='word_1_471' title='bbox 423 3655 628 3726; x_wconf 86' lang='lat' dir='ltr'><strong>gratia,</strong></span> <span class='ocrx_word' id='word_1_472' title='bbox 662 3668 828 3724; x_wconf 84' lang='lat' dir='ltr'><strong>quam</strong></span> <span class='ocrx_word' id='word_1_473' title='bbox 862 3652 917 3707; x_wconf 92' lang='lat' dir='ltr'><strong>in</strong></span> <span class='ocrx_word' id='word_1_474' title='bbox 950 3653 1067 3723; x_wconf 78' lang='lat' dir='ltr'><strong>lege</strong></span> <span class='ocrx_word' id='word_1_475' title='bbox 1100 3653 1341 3709; x_wconf 84' lang='lat' dir='ltr'><strong>donatos</strong></span> <span class='ocrx_word' id='word_1_476' title='bbox 1373 3668 1518 3709; x_wconf 89' lang='lat' dir='ltr'><strong>esse.</strong></span> <span class='ocrx_word' id='word_1_477' title='bbox 1562 3652 1750 3723; x_wconf 87' lang='lat' dir='ltr'><strong>Itaque</strong></span> <span class='ocrx_word' id='word_1_478' title='bbox 1775 3654 2011 3724; x_wconf 84' lang='lat' dir='ltr'><strong>apostoli</strong></span> 
     </span>
    </p>
   </div>
   <div class='ocr_carea' id='block_1_69' title="bbox 422 3746 2016 3817">
    <p class='ocr_par' dir='ltr' id='par_1_69' title="bbox 422 3746 2016 3817">
     <span class='ocr_line' id='line_1_69' title="bbox 422 3746 2016 3817; baseline -0.004 -14"><span class='ocrx_word' id='word_1_479' title='bbox 422 3757 480 3803; x_wconf 87' lang='lat' dir='ltr'><strong>ct</strong></span> <span class='ocrx_word' id='word_1_480' title='bbox 511 3747 677 3803; x_wconf 86' lang='lat' dir='ltr'><strong>modo</strong></span> <span class='ocrx_word' id='word_1_481' title='bbox 725 3746 1247 3802; x_wconf 79' lang='lat' dir='ltr'><strong>communicationis</strong></span> <span class='ocrx_word' id='word_1_482' title='bbox 1277 3753 1332 3800; x_wconf 88' lang='lat' dir='ltr'><strong>et</strong></span> <span class='ocrx_word' id='word_1_483' title='bbox 1380 3746 1735 3801; x_wconf 80' lang='lat' dir='ltr'><strong>multitudine</strong></span> <span class='ocrx_word' id='word_1_484' title='bbox 1788 3746 2016 3817; x_wconf 84' lang='lat' dir='ltr'><strong>partici-</strong></span> 
     </span>
    </p>
   </div>
   <div class='ocr_carea' id='block_1_70' title="bbox 422 3838 2016 3912">
    <p class='ocr_par' dir='ltr' id='par_1_70' title="bbox 422 3838 2016 3912">
     <span class='ocr_line' id='line_1_70' title="bbox 422 3838 2016 3912; baseline -0.003 -17"><span class='ocrx_word' id='word_1_485' title='bbox 422 3840 700 3911; x_wconf 83' lang='lat' dir='ltr'><strong>pantium,</strong></span> <span class='ocrx_word' id='word_1_486' title='bbox 748 3842 1067 3912; x_wconf 83' lang='lat' dir='ltr'><strong>superiores</strong></span> <span class='ocrx_word' id='word_1_487' title='bbox 1100 3851 1279 3896; x_wconf 89' lang='lat' dir='ltr'><strong>sunt:</strong></span> <span class='ocrx_word' id='word_1_488' title='bbox 1342 3854 1523 3910; x_wconf 88' lang='lat' dir='ltr'><strong>neque</strong></span> <span class='ocrx_word' id='word_1_489' title='bbox 1563 3840 1713 3894; x_wconf 93' lang='lat' dir='ltr'><strong>enim</strong></span> <span class='ocrx_word' id='word_1_490' title='bbox 1774 3838 2016 3894; x_wconf 87' lang='lat' dir='ltr'><strong>necessi-</strong></span> 
     </span>
    </p>
   </div>
   <div class='ocr_carea' id='block_1_71' title="bbox 424 3931 2013 4007">
    <p class='ocr_par' dir='ltr' id='par_1_71' title="bbox 424 3931 2013 4007">
     <span class='ocr_line' id='line_1_71' title="bbox 424 3931 2013 4007; baseline -0.005 -16"><span class='ocrx_word' id='word_1_491' title='bbox 424 3946 542 3992; x_wconf 91' lang='lat' dir='ltr'><strong>tate</strong></span> <span class='ocrx_word' id='word_1_492' title='bbox 601 3943 857 4007; x_wconf 81' lang='lat' dir='ltr'><strong>urgente,</strong></span> <span class='ocrx_word' id='word_1_493' title='bbox 924 3951 1101 4006; x_wconf 88' lang='lat' dir='ltr'><strong>neque</strong></span> <span class='ocrx_word' id='word_1_494' title='bbox 1165 3934 1387 4006; x_wconf 91' lang='lat' dir='ltr'><strong>aliquo,</strong></span> <span class='ocrx_word' id='word_1_495' title='bbox 1444 3942 1707 4003; x_wconf 89' lang='lat' dir='ltr'><strong>tanquam</strong></span> <span class='ocrx_word' id='word_1_496' title='bbox 1763 3931 2013 3987; x_wconf 85' lang='lat' dir='ltr'><strong>debitum</strong></span> 
     </span>
    </p>
   </div>
   <div class='ocr_carea' id='block_1_72' title="bbox 421 4020 2012 4098">
    <p class='ocr_par' dir='ltr' id='par_1_72' title="bbox 421 4020 2012 4098">
     <span class='ocr_line' id='line_1_72' title="bbox 421 4020 2012 4098; baseline -0.006 -15"><span class='ocrx_word' id='word_1_497' title='bbox 421 4034 723 4098; x_wconf 77' lang='lat' dir='ltr'><strong>ex&#39;gente,</strong></span> <span class='ocrx_word' id='word_1_498' title='bbox 773 4020 1095 4083; x_wconf 81' lang='lat' dir='ltr'><strong>tribuebant</strong></span> <span class='ocrx_word' id='word_1_499' title='bbox 1139 4027 1209 4082; x_wconf 90' lang='lat' dir='ltr'><strong>iis</strong></span> <span class='ocrx_word' id='word_1_500' title='bbox 1243 4065 1259 4088; x_wconf 87' lang='lat'><strong>.</strong></span> <span class='ocrx_word' id='word_1_501' title='bbox 1325 4024 1533 4097; x_wconf 88' lang='lat' dir='ltr'><strong>quibus</strong></span> <span class='ocrx_word' id='word_1_502' title='bbox 1583 4023 2012 4087; x_wconf 79' lang='lat' dir='ltr'><strong>ministrabant,</strong></span> 
     </span>
    </p>
   </div>
   <div class='ocr_carea' id='block_1_73' title="bbox 427 4114 2014 4192">
    <p class='ocr_par' dir='ltr' id='par_1_73' title="bbox 427 4114 2014 4192">
     <span class='ocr_line' id='line_1_73' title="bbox 427 4114 2014 4192; baseline -0.004 -18"><span class='ocrx_word' id='word_1_503' title='bbox 427 4125 658 4192; x_wconf 86' lang='lat' dir='ltr'><strong>gratiam</strong></span> <span class='ocrx_word' id='word_1_504' title='bbox 694 4139 708 4189; x_wconf 89' lang='lat'><strong>;</strong></span> <span class='ocrx_word' id='word_1_505' title='bbox 744 4128 798 4176; x_wconf 91' lang='lat' dir='ltr'><strong>ct</strong></span> <span class='ocrx_word' id='word_1_506' title='bbox 833 4130 890 4175; x_wconf 92' lang='lat' dir='ltr'><strong>ut</strong></span> <span class='ocrx_word' id='word_1_507' title='bbox 927 4122 1031 4175; x_wconf 91' lang='lat' dir='ltr'><strong>hoc</strong></span> <span class='ocrx_word' id='word_1_508' title='bbox 1063 4122 1116 4175; x_wconf 90' lang='lat' dir='ltr'><strong>in</strong></span> <span class='ocrx_word' id='word_1_509' title='bbox 1156 4134 1358 4191; x_wconf 84' lang='lat' dir='ltr'><strong>genere</strong></span> <span class='ocrx_word' id='word_1_510' title='bbox 1417 4119 1609 4189; x_wconf 90' lang='lat' dir='ltr'><strong>plures</strong></span> <span class='ocrx_word' id='word_1_511' title='bbox 1642 4116 1747 4173; x_wconf 88' lang='lat' dir='ltr'><strong>sibi</strong></span> <span class='ocrx_word' id='word_1_512' title='bbox 1803 4114 2014 4171; x_wconf 75' lang='lat' dir='ltr'><strong>similes</strong></span> 
     </span>
    </p>
   </div>
   <div class='ocr_carea' id='block_1_74' title="bbox 424 4200 2013 4281">
    <p class='ocr_par' dir='ltr' id='par_1_74' title="bbox 424 4200 2013 4281">
     <span class='ocr_line' id='line_1_74' title="bbox 424 4200 2013 4281; baseline -0.002 -15"><span class='ocrx_word' id='word_1_513' title='bbox 424 4200 724 4281; x_wconf 69' lang='lat' dir='ltr'><strong>vincerent,</strong></span> <span class='ocrx_word' id='word_1_514' title='bbox 779 4211 1235 4272; x_wconf 77' lang='lat' dir='ltr'><strong>honorificentius</strong></span> <span class='ocrx_word' id='word_1_515' title='bbox 1292 4222 1348 4269; x_wconf 92' lang='lat' dir='ltr'><strong>et</strong></span> <span class='ocrx_word' id='word_1_516' title='bbox 1417 4213 1611 4269; x_wconf 88' lang='lat' dir='ltr'><strong>utilius</strong></span> <span class='ocrx_word' id='word_1_517' title='bbox 1690 4211 2013 4275; x_wconf 87' lang='lat' dir='ltr'><strong>censebant,</strong></span> 
     </span>
    </p>
   </div>
   <div class='ocr_carea' id='block_1_75' title="bbox 421 4302 2013 4376">
    <p class='ocr_par' dir='ltr' id='par_1_75' title="bbox 421 4302 2013 4376">
     <span class='ocr_line' id='line_1_75' title="bbox 421 4302 2013 4376; baseline -0.002 -18"><span class='ocrx_word' id='word_1_518' title='bbox 421 4322 587 4375; x_wconf 81' lang='lat' dir='ltr'><strong>quam</strong></span> <span class='ocrx_word' id='word_1_519' title='bbox 621 4314 679 4359; x_wconf 93' lang='lat' dir='ltr'><strong>ut</strong></span> <span class='ocrx_word' id='word_1_520' title='bbox 709 4306 813 4376; x_wconf 89' lang='lat' dir='ltr'><strong>ipsi</strong></span> <span class='ocrx_word' id='word_1_521' title='bbox 836 4306 940 4361; x_wconf 85' lang='lat' dir='ltr'><strong>soli</strong></span> <span class='ocrx_word' id='word_1_522' title='bbox 973 4304 1232 4361; x_wconf 84' lang='lat' dir='ltr'><strong>omnibus</strong></span> <span class='ocrx_word' id='word_1_523' title='bbox 1260 4304 1659 4374; x_wconf 64' lang='lat' dir='ltr'><strong>praecellerent.</strong></span> <span class='ocrx_word' id='word_1_524' title='bbox 1685 4302 2013 4373; x_wconf 84' lang='lat' dir='ltr'><strong>Quanquam</strong></span> 
     </span>
    </p>
   </div>
   <div class='ocr_carea' id='block_1_76' title="bbox 421 4396 2013 4468">
    <p class='ocr_par' dir='ltr' id='par_1_76' title="bbox 421 4396 2013 4468">
     <span class='ocr_line' id='line_1_76' title="bbox 421 4396 2013 4468; baseline -0.003 -17"><span class='ocrx_word' id='word_1_525' title='bbox 421 4398 813 4467; x_wconf 71' lang='lat' dir='ltr'><strong>prarcelleltant</strong></span> <span class='ocrx_word' id='word_1_526' title='bbox 846 4412 1090 4468; x_wconf 82' lang='lat' dir='ltr'><strong>quoque,</strong></span> <span class='ocrx_word' id='word_1_527' title='bbox 1131 4396 1227 4452; x_wconf 88' lang='lat' dir='ltr'><strong>sed</strong></span> <span class='ocrx_word' id='word_1_528' title='bbox 1255 4413 1367 4452; x_wconf 89' lang='lat' dir='ltr'><strong>non</strong></span> <span class='ocrx_word' id='word_1_529' title='bbox 1398 4405 1458 4451; x_wconf 93' lang='lat' dir='ltr'><strong>ut</strong></span> <span class='ocrx_word' id='word_1_530' title='bbox 1481 4398 1636 4466; x_wconf 89' lang='lat' dir='ltr'><strong>prius</strong></span> <span class='ocrx_word' id='word_1_531' title='bbox 1663 4415 1677 4460; x_wconf 90' lang='lat'><strong>;</strong></span> <span class='ocrx_word' id='word_1_532' title='bbox 1710 4411 1834 4451; x_wconf 87' lang='lat' dir='ltr'><strong>cum</strong></span> <span class='ocrx_word' id='word_1_533' title='bbox 1865 4396 2013 4449; x_wconf 90' lang='lat' dir='ltr'><strong>enim</strong></span> 
     </span>
    </p>
   </div>
   <div class='ocr_carea' id='block_1_77' title="bbox 424 4485 2017 4555">
    <p class='ocr_par' dir='ltr' id='par_1_77' title="bbox 424 4485 2017 4555">
     <span class='ocr_line' id='line_1_77' title="bbox 424 4485 2017 4555; baseline -0.001 -14"><span class='ocrx_word' id='word_1_534' title='bbox 424 4501 561 4544; x_wconf 85' lang='lat' dir='ltr'><strong>tunc</strong></span> <span class='ocrx_word' id='word_1_535' title='bbox 591 4489 772 4543; x_wconf 89' lang='lat' dir='ltr'><strong>nullos</strong></span> <span class='ocrx_word' id='word_1_536' title='bbox 804 4487 1053 4542; x_wconf 86' lang='lat' dir='ltr'><strong>subditos</strong></span> <span class='ocrx_word' id='word_1_537' title='bbox 1106 4486 1406 4553; x_wconf 85' lang='lat' dir='ltr'><strong>haberent,</strong></span> <span class='ocrx_word' id='word_1_538' title='bbox 1461 4502 1610 4543; x_wconf 89' lang='lat' dir='ltr'><strong>nunc</strong></span> <span class='ocrx_word' id='word_1_539' title='bbox 1667 4485 1868 4555; x_wconf 81' lang='lat' dir='ltr'><strong>insigni</strong></span> <span class='ocrx_word' id='word_1_540' title='bbox 1926 4501 2017 4539; x_wconf 90' lang='lat' dir='ltr'><strong>eo-</strong></span> 
     </span>
    </p>
   </div>
   <div class='ocr_carea' id='block_1_78' title="bbox 425 4579 2016 4650">
    <p class='ocr_par' dir='ltr' id='par_1_78' title="bbox 425 4579 2016 4650">
     <span class='ocr_line' id='line_1_78' title="bbox 425 4579 2016 4650; baseline -0.004 -13"><span class='ocrx_word' id='word_1_541' title='bbox 425 4599 548 4637; x_wconf 88' lang='lat' dir='ltr'><strong>rum</strong></span> <span class='ocrx_word' id='word_1_542' title='bbox 581 4581 935 4637; x_wconf 84' lang='lat' dir='ltr'><strong>multitudine</strong></span> <span class='ocrx_word' id='word_1_543' title='bbox 990 4580 1213 4650; x_wconf 87' lang='lat' dir='ltr'><strong>gloriari</strong></span> <span class='ocrx_word' id='word_1_544' title='bbox 1281 4580 1504 4645; x_wconf 81' lang='lat' dir='ltr'><strong>licebat,</strong></span> <span class='ocrx_word' id='word_1_545' title='bbox 1547 4580 1901 4649; x_wconf 84' lang='lat' dir='ltr'><strong>illustresque</strong></span> <span class='ocrx_word' id='word_1_546' title='bbox 1934 4579 2016 4633; x_wconf 79' lang='lat' dir='ltr'><strong>ef-</strong></span> 
     </span>
    </p>
   </div>
   <div class='ocr_carea' id='block_1_79' title="bbox 2115 3373 3703 3454">
    <p class='ocr_par' dir='ltr' id='par_1_79' title="bbox 2115 3373 3703 3454">
     <span class='ocr_line' id='line_1_79' title="bbox 2115 3373 3703 3454; baseline -0.009 -15"><span class='ocrx_word' id='word_1_547' title='bbox 2115 3385 2171 3439; x_wconf 81' lang='grc' dir='ltr'>δὲ</span> <span class='ocrx_word' id='word_1_548' title='bbox 2205 3386 2467 3454; x_wconf 86' lang='grc' dir='ltr'>παρεῖχον</span> <span class='ocrx_word' id='word_1_549' title='bbox 2514 3380 2782 3450; x_wconf 81' lang='grc' dir='ltr'>ἀφθόνως,</span> <span class='ocrx_word' id='word_1_550' title='bbox 2824 3378 2928 3433; x_wconf 82' lang='grc' dir='ltr'>κᾶν</span> <span class='ocrx_word' id='word_1_551' title='bbox 2963 3379 3137 3431; x_wconf 76' lang='grc' dir='ltr'>ἐδεῖτο</span> <span class='ocrx_word' id='word_1_552' title='bbox 3168 3375 3355 3447; x_wconf 84' lang='grc' dir='ltr'>μηδείς</span> <span class='ocrx_word' id='word_1_553' title='bbox 3389 3391 3403 3406; x_wconf 77' lang='grc' dir='ltr'>ο</span> <span class='ocrx_word' id='word_1_554' title='bbox 3432 3373 3527 3427; x_wconf 76' lang='grc' dir='ltr'>καὶ</span> <span class='ocrx_word' id='word_1_555' title='bbox 3563 3387 3703 3445; x_wconf 59' lang='grc' dir='ltr'>μαρτ</span> 
     </span>
    </p>
   </div>
   <div class='ocr_carea' id='block_1_80' title="bbox 2115 3463 3706 3548">
    <p class='ocr_par' dir='ltr' id='par_1_80' title="bbox 2115 3463 3706 3548">
     <span class='ocr_line' id='line_1_80' title="bbox 2115 3463 3706 3548; baseline -0.011 -17"><span class='ocrx_word' id='word_1_556' title='bbox 2115 3478 2277 3548; x_wconf 88' lang='grc' dir='ltr'>τυρία</span> <span class='ocrx_word' id='word_1_557' title='bbox 2313 3478 2378 3546; x_wconf 78' lang='grc' dir='ltr'>δὴ</span> <span class='ocrx_word' id='word_1_558' title='bbox 2427 3476 2641 3540; x_wconf 79' lang='grc' dir='ltr'>τούτοις</span> <span class='ocrx_word' id='word_1_559' title='bbox 2699 3473 2871 3528; x_wconf 76' lang='grc' dir='ltr'>ταῦτα</span> <span class='ocrx_word' id='word_1_560' title='bbox 2922 3471 3158 3541; x_wconf 88' lang='grc' dir='ltr'>γίνεται,</span> <span class='ocrx_word' id='word_1_561' title='bbox 3216 3469 3353 3523; x_wconf 75' lang='grc' dir='ltr'>πολὺ</span> <span class='ocrx_word' id='word_1_562' title='bbox 3401 3468 3463 3521; x_wconf 72' lang='grc' dir='ltr'>τὸ</span> <span class='ocrx_word' id='word_1_563' title='bbox 3514 3463 3706 3537; x_wconf 68' lang='grc' dir='ltr'>πιστὸν</span> 
     </span>
    </p>
   </div>
   <div class='ocr_carea' id='block_1_81' title="bbox 2117 3557 3704 3640">
    <p class='ocr_par' dir='ltr' id='par_1_81' title="bbox 2117 3557 3704 3640">
     <span class='ocr_line' id='line_1_81' title="bbox 2117 3557 3704 3640; baseline -0.009 -18"><span class='ocrx_word' id='word_1_564' title='bbox 2117 3569 2457 3640; x_wconf 68' lang='grc' dir='ltr'>πανταχόθεν</span> <span class='ocrx_word' id='word_1_565' title='bbox 2512 3566 2861 3636; x_wconf 73' lang='grc' dir='ltr'>ἐπαγομένη,</span> <span class='ocrx_word' id='word_1_566' title='bbox 2924 3564 3168 3635; x_wconf 81' lang='grc' dir='ltr'>μεγίστῳ</span> <span class='ocrx_word' id='word_1_567' title='bbox 3206 3559 3448 3629; x_wconf 78' lang='grc' dir='ltr'>μείζονος</span> <span class='ocrx_word' id='word_1_568' title='bbox 3493 3557 3704 3628; x_wconf 70' lang='grc' dir='ltr'>ἤκατὰ</span> 
     </span>
    </p>
   </div>
   <div class='ocr_carea' id='block_1_82' title="bbox 2116 3648 3705 3731">
    <p class='ocr_par' dir='ltr' id='par_1_82' title="bbox 2116 3648 3705 3731">
     <span class='ocr_line' id='line_1_82' title="bbox 2116 3648 3705 3731; baseline -0.009 -15"><span class='ocrx_word' id='word_1_569' title='bbox 2116 3663 2245 3726; x_wconf 83' lang='grc' dir='ltr'>τοὺς</span> <span class='ocrx_word' id='word_1_570' title='bbox 2293 3665 2351 3715; x_wconf 81' lang='grc' dir='ltr'>ἐν</span> <span class='ocrx_word' id='word_1_571' title='bbox 2380 3661 2532 3731; x_wconf 80' lang='grc' dir='ltr'>νόμῳ</span> <span class='ocrx_word' id='word_1_572' title='bbox 2570 3660 2670 3731; x_wconf 85' lang='grc' dir='ltr'>τῆς</span> <span class='ocrx_word' id='word_1_573' title='bbox 2709 3659 2932 3730; x_wconf 82' lang='grc' dir='ltr'>χάριτος</span> <span class='ocrx_word' id='word_1_574' title='bbox 2981 3656 3248 3729; x_wconf 70' lang='grc' dir='ltr'>ἠξιῶσθαι</span> <span class='ocrx_word' id='word_1_575' title='bbox 3273 3694 3289 3717; x_wconf 86' lang='grc'><strong>,</strong></span> <span class='ocrx_word' id='word_1_576' title='bbox 3319 3653 3581 3714; x_wconf 81' lang='grc' dir='ltr'>νικῶντας</span> <span class='ocrx_word' id='word_1_577' title='bbox 3618 3648 3705 3702; x_wconf 81' lang='grc' dir='ltr'>διὰ</span> 
     </span>
    </p>
   </div>
   <div class='ocr_carea' id='block_1_83' title="bbox 2116 3740 3706 3823">
    <p class='ocr_par' dir='ltr' id='par_1_83' title="bbox 2116 3740 3706 3823">
     <span class='ocr_line' id='line_1_83' title="bbox 2116 3740 3706 3823; baseline -0.009 -17"><span class='ocrx_word' id='word_1_578' title='bbox 2116 3753 2338 3807; x_wconf 86' lang='grc' dir='ltr'>πάντων</span> <span class='ocrx_word' id='word_1_579' title='bbox 2383 3751 2480 3805; x_wconf 69' lang='grc' dir='ltr'>καὶ</span> <span class='ocrx_word' id='word_1_580' title='bbox 2528 3750 2607 3823; x_wconf 76' lang='grc' dir='ltr'>τῷ</span> <span class='ocrx_word' id='word_1_581' title='bbox 2655 3750 2844 3818; x_wconf 74' lang='grc' dir='ltr'>τρόπῳ</span> <span class='ocrx_word' id='word_1_582' title='bbox 2878 3748 2979 3820; x_wconf 78' lang='grc' dir='ltr'>τῆς</span> <span class='ocrx_word' id='word_1_583' title='bbox 3033 3747 3401 3818; x_wconf 85' lang='grc' dir='ltr'>μεταδόσεως,</span> <span class='ocrx_word' id='word_1_584' title='bbox 3453 3744 3546 3796; x_wconf 70' lang='grc' dir='ltr'>καὶ</span> <span class='ocrx_word' id='word_1_585' title='bbox 3592 3740 3706 3794; x_wconf 82' lang='grc' dir='ltr'><strong>τῶν</strong></span> 
     </span>
    </p>
   </div>
   <div class='ocr_carea' id='block_1_84' title="bbox 2121 3835 3703 3917">
    <p class='ocr_par' dir='ltr' id='par_1_84' title="bbox 2121 3835 3703 3917">
     <span class='ocr_line' id='line_1_84' title="bbox 2121 3835 3703 3917; baseline -0.007 -18"><span class='ocrx_word' id='word_1_586' title='bbox 2121 3846 2530 3917; x_wconf 83' lang='grc' dir='ltr'>μετειληφότων</span> <span class='ocrx_word' id='word_1_587' title='bbox 2576 3844 2655 3915; x_wconf 82' lang='grc' dir='ltr'><strong>τῷ</strong></span> <span class='ocrx_word' id='word_1_588' title='bbox 2709 3841 2932 3915; x_wconf 82' lang='grc' dir='ltr'>πλήθει.</span> <span class='ocrx_word' id='word_1_589' title='bbox 2980 3841 3094 3897; x_wconf 78' lang='grc' dir='ltr'><strong>Καὶ</strong></span> <span class='ocrx_word' id='word_1_590' title='bbox 3142 3842 3250 3912; x_wconf 77' lang='grc' dir='ltr'>γὰρ</span> <span class='ocrx_word' id='word_1_591' title='bbox 3308 3839 3422 3894; x_wconf 77' lang='grc' dir='ltr'>οὔτ’</span> <span class='ocrx_word' id='word_1_592' title='bbox 3459 3835 3703 3903; x_wconf 81' lang='grc' dir='ltr'>ἀνάγκης</span> 
     </span>
    </p>
   </div>
   <div class='ocr_carea' id='block_1_85' title="bbox 2117 3928 3703 4010">
    <p class='ocr_par' dir='ltr' id='par_1_85' title="bbox 2117 3928 3703 4010">
     <span class='ocr_line' id='line_1_85' title="bbox 2117 3928 3703 4010; baseline -0.009 -16"><span class='ocrx_word' id='word_1_593' title='bbox 2117 3939 2476 4010; x_wconf 74' lang='grc' dir='ltr'>ἐπικειμένης</span> <span class='ocrx_word' id='word_1_594' title='bbox 2527 3938 2649 3993; x_wconf 75' lang='grc' dir='ltr'><strong>οὐδὲ</strong></span> <span class='ocrx_word' id='word_1_595' title='bbox 2699 3938 2870 4008; x_wconf 80' lang='grc' dir='ltr'>μιᾶς,</span> <span class='ocrx_word' id='word_1_596' title='bbox 2928 3934 3057 3991; x_wconf 73' lang='grc' dir='ltr'>οὔτε</span> <span class='ocrx_word' id='word_1_597' title='bbox 3118 3934 3269 3998; x_wconf 84' lang='grc' dir='ltr'>τινὸς</span> <span class='ocrx_word' id='word_1_598' title='bbox 3337 3934 3415 3998; x_wconf 85' lang='grc' dir='ltr'><strong>ὡς</strong></span> <span class='ocrx_word' id='word_1_599' title='bbox 3479 3928 3703 4000; x_wconf 76' lang='grc' dir='ltr'>ὀφειλὴν</span> 
     </span>
    </p>
   </div>
   <div class='ocr_carea' id='block_1_86' title="bbox 2121 4024 3698 4101">
    <p class='ocr_par' dir='ltr' id='par_1_86' title="bbox 2121 4024 3698 4101">
     <span class='ocr_line' id='line_1_86' title="bbox 2121 4024 3698 4101; baseline -0.008 -13"><span class='ocrx_word' id='word_1_600' title='bbox 2121 4033 2509 4100; x_wconf 75' lang='grc' dir='ltr'>ἀπαιτοῦντος,</span> <span class='ocrx_word' id='word_1_601' title='bbox 2556 4024 2634 4086; x_wconf 85' lang='grc' dir='ltr'>ὧν</span> <span class='ocrx_word' id='word_1_602' title='bbox 2671 4029 3054 4101; x_wconf 83' lang='grc' dir='ltr'>ὑπηρέτησαν,</span> <span class='ocrx_word' id='word_1_603' title='bbox 3094 4027 3195 4098; x_wconf 81' lang='grc' dir='ltr'>τὴν</span> <span class='ocrx_word' id='word_1_604' title='bbox 3240 4027 3401 4098; x_wconf 84' lang='grc' dir='ltr'>χάριν</span> <span class='ocrx_word' id='word_1_605' title='bbox 3440 4024 3698 4084; x_wconf 75' lang='grc' dir='ltr'>ἐδίδοσαν,</span> 
     </span>
    </p>
   </div>
   <div class='ocr_carea' id='block_1_87' title="bbox 2116 4115 3702 4195">
    <p class='ocr_par' dir='ltr' id='par_1_87' title="bbox 2116 4115 3702 4195">
     <span class='ocr_line' id='line_1_87' title="bbox 2116 4115 3702 4195; baseline -0.009 -15"><span class='ocrx_word' id='word_1_606' title='bbox 2116 4127 2212 4180; x_wconf 70' lang='grc' dir='ltr'>καὶ</span> <span class='ocrx_word' id='word_1_607' title='bbox 2243 4127 2304 4179; x_wconf 80' lang='grc' dir='ltr'>τὸ</span> <span class='ocrx_word' id='word_1_608' title='bbox 2340 4125 2572 4189; x_wconf 73' lang='grc' dir='ltr'>πολλοὺς</span> <span class='ocrx_word' id='word_1_609' title='bbox 2602 4124 2825 4195; x_wconf 86' lang='grc' dir='ltr'>ὁμοίους</span> <span class='ocrx_word' id='word_1_610' title='bbox 2852 4123 3074 4184; x_wconf 75' lang='grc' dir='ltr'>ἑαυτοῖς</span> <span class='ocrx_word' id='word_1_611' title='bbox 3108 4123 3249 4174; x_wconf 80' lang='grc' dir='ltr'>κατὰ</span> <span class='ocrx_word' id='word_1_612' title='bbox 3274 4117 3435 4172; x_wconf 86' lang='grc' dir='ltr'>τοῦτο</span> <span class='ocrx_word' id='word_1_613' title='bbox 3464 4115 3702 4186; x_wconf 72' lang='grc' dir='ltr'>προόάλ-</span> 
     </span>
    </p>
   </div>
   <div class='ocr_carea' id='block_1_88' title="bbox 2118 4207 3701 4289">
    <p class='ocr_par' dir='ltr' id='par_1_88' title="bbox 2118 4207 3701 4289">
     <span class='ocr_line' id='line_1_88' title="bbox 2118 4207 3701 4289; baseline -0.008 -19"><span class='ocrx_word' id='word_1_614' title='bbox 2118 4217 2330 4282; x_wconf 88' lang='grc' dir='ltr'>λεσθαι,</span> <span class='ocrx_word' id='word_1_615' title='bbox 2359 4217 2691 4289; x_wconf 73' lang='grc' dir='ltr'>τιμιώτερον</span> <span class='ocrx_word' id='word_1_616' title='bbox 2715 4217 2811 4270; x_wconf 78' lang='grc' dir='ltr'>καὶ</span> <span class='ocrx_word' id='word_1_617' title='bbox 2839 4214 3292 4284; x_wconf 86' lang='grc' dir='ltr'>λυσιτελέστερον</span> <span class='ocrx_word' id='word_1_618' title='bbox 3314 4207 3527 4282; x_wconf 77' lang='grc' dir='ltr'>ἧγον,ἦ</span> <span class='ocrx_word' id='word_1_619' title='bbox 3557 4208 3701 4279; x_wconf 63' lang='grc' dir='ltr'>μόνοι</span> 
     </span>
    </p>
   </div>
   <div class='ocr_carea' id='block_1_89' title="bbox 2120 4303 3699 4385">
    <p class='ocr_par' dir='ltr' id='par_1_89' title="bbox 2120 4303 3699 4385">
     <span class='ocr_line' id='line_1_89' title="bbox 2120 4303 3699 4385; baseline -0.009 -17"><span class='ocrx_word' id='word_1_620' title='bbox 2120 4315 2344 4369; x_wconf 87' lang='grc' dir='ltr'>πάντων</span> <span class='ocrx_word' id='word_1_621' title='bbox 2376 4314 2657 4385; x_wconf 80' lang='grc' dir='ltr'>προέχειν.</span> <span class='ocrx_word' id='word_1_622' title='bbox 2691 4313 2802 4367; x_wconf 83' lang='grc' dir='ltr'>Καί</span> <span class='ocrx_word' id='word_1_623' title='bbox 2832 4329 2917 4364; x_wconf 89' lang='grc' dir='ltr'><strong>τοι</strong></span> <span class='ocrx_word' id='word_1_624' title='bbox 2950 4310 3232 4365; x_wconf 68' lang='grc' dir='ltr'>καὶτοῦτο</span> <span class='ocrx_word' id='word_1_625' title='bbox 3270 4306 3574 4369; x_wconf 82' lang='grc' dir='ltr'>ποιοῦντες,</span> <span class='ocrx_word' id='word_1_626' title='bbox 3606 4303 3699 4371; x_wconf 60' lang='grc' dir='ltr'><strong>οὐχ</strong></span> 
     </span>
    </p>
   </div>
   <div class='ocr_carea' id='block_1_90' title="bbox 2119 4395 3702 4477">
    <p class='ocr_par' dir='ltr' id='par_1_90' title="bbox 2119 4395 3702 4477">
     <span class='ocr_line' id='line_1_90' title="bbox 2119 4395 3702 4477; baseline -0.009 -18"><span class='ocrx_word' id='word_1_627' title='bbox 2119 4406 2324 4475; x_wconf 82' lang='grc' dir='ltr'>ὁμοίως</span> <span class='ocrx_word' id='word_1_628' title='bbox 2366 4406 2462 4459; x_wconf 72' lang='grc' dir='ltr'>καὶ</span> <span class='ocrx_word' id='word_1_629' title='bbox 2497 4404 2736 4477; x_wconf 85' lang='grc' dir='ltr'>πρόσθεν</span> <span class='ocrx_word' id='word_1_630' title='bbox 2775 4406 3051 4475; x_wconf 80' lang='grc' dir='ltr'>προεῖχον.</span> <span class='ocrx_word' id='word_1_631' title='bbox 3088 4403 3224 4455; x_wconf 87' lang='grc' dir='ltr'>Τότε</span> <span class='ocrx_word' id='word_1_632' title='bbox 3264 4401 3361 4467; x_wconf 78' lang='grc' dir='ltr'>μὲν</span> <span class='ocrx_word' id='word_1_633' title='bbox 3403 4399 3514 4467; x_wconf 74' lang='grc' dir='ltr'><strong>γὰρ</strong></span> <span class='ocrx_word' id='word_1_634' title='bbox 3554 4395 3702 4447; x_wconf 69' lang='grc' dir='ltr'>οὐδὲν</span> 
     </span>
    </p>
   </div>
   <div class='ocr_carea' id='block_1_91' title="bbox 2122 4489 3703 4570">
    <p class='ocr_par' dir='ltr' id='par_1_91' title="bbox 2122 4489 3703 4570">
     <span class='ocr_line' id='line_1_91' title="bbox 2122 4489 3703 4570; baseline -0.011 -16"><span class='ocrx_word' id='word_1_635' title='bbox 2122 4499 2266 4569; x_wconf 81' lang='grc' dir='ltr'>μέγα</span> <span class='ocrx_word' id='word_1_636' title='bbox 2326 4498 2581 4570; x_wconf 73' lang='grc' dir='ltr'>ἐχόντων,</span> <span class='ocrx_word' id='word_1_637' title='bbox 2627 4498 2749 4550; x_wconf 74' lang='grc' dir='ltr'>νυνὶ</span> <span class='ocrx_word' id='word_1_638' title='bbox 2803 4495 2852 4549; x_wconf 80' lang='grc' dir='ltr'>δ’</span> <span class='ocrx_word' id='word_1_639' title='bbox 2895 4497 2990 4549; x_wconf 80' lang='grc' dir='ltr'><strong>ἐπὶ</strong></span> <span class='ocrx_word' id='word_1_640' title='bbox 3037 4489 3296 4564; x_wconf 79' lang='grc' dir='ltr'>μεγάλοις</span> <span class='ocrx_word' id='word_1_641' title='bbox 3345 4492 3576 4560; x_wconf 78' lang='grc' dir='ltr'>ἑχόντων</span> <span class='ocrx_word' id='word_1_642' title='bbox 3622 4504 3703 4538; x_wconf 81' lang='grc' dir='ltr'>σε-</span> 
     </span>
    </p>
   </div>
   <div class='ocr_carea' id='block_1_92' title="bbox 2124 4580 3705 4663">
    <p class='ocr_par' dir='ltr' id='par_1_92' title="bbox 2124 4580 3705 4663">
     <span class='ocr_line' id='line_1_92' title="bbox 2124 4580 3705 4663; baseline -0.008 -23"><span class='ocrx_word' id='word_1_643' title='bbox 2124 4588 2582 4660; x_wconf 56' lang='grc' dir='ltr'>μνύνεσθαιίκαλ.</span> <span class='ocrx_word' id='word_1_644' title='bbox 2615 4585 2866 4663; x_wconf 78' lang='grc' dir='ltr'>λαμπροὶ</span> <span class='ocrx_word' id='word_1_645' title='bbox 2911 4584 2975 4655; x_wconf 84' lang='grc' dir='ltr'>δή</span> <span class='ocrx_word' id='word_1_646' title='bbox 3025 4601 3172 4646; x_wconf 87' lang='grc' dir='ltr'>τινες</span> <span class='ocrx_word' id='word_1_647' title='bbox 3218 4583 3370 4643; x_wconf 77' lang='grc' dir='ltr'>ὄντες</span> <span class='ocrx_word' id='word_1_648' title='bbox 3402 4580 3705 4633; x_wconf 80' lang='grc' dir='ltr'>ἐδείκνυντο</span> 
     </span>
    </p>
   </div>
   <div class='ocr_carea' id='block_1_93' title="bbox 387 4647 2012 4753">
    <p class='ocr_par' dir='ltr' id='par_1_93' title="bbox 387 4647 2012 4753">
     <span class='ocr_line' id='line_1_93' title="bbox 387 4647 2012 4753; baseline -0.004 -21"><span class='ocrx_word' id='word_1_649' title='bbox 387 4675 554 4753; x_wconf 56' lang='lat' dir='ltr'><strong>lecti</strong></span> <span class='ocrx_word' id='word_1_650' title='bbox 585 4686 731 4739; x_wconf 92' lang='lat' dir='ltr'><strong>sunt,</strong></span> <span class='ocrx_word' id='word_1_651' title='bbox 765 4689 877 4729; x_wconf 87' lang='lat' dir='ltr'><strong>non</strong></span> <span class='ocrx_word' id='word_1_652' title='bbox 917 4647 1063 4744; x_wconf 76' lang='lat' dir='ltr'><strong>quod</strong></span> <span class='ocrx_word' id='word_1_653' title='bbox 1100 4674 1310 4745; x_wconf 72' lang='lat' dir='ltr'><strong>paucis,</strong></span> <span class='ocrx_word' id='word_1_654' title='bbox 1360 4672 1458 4729; x_wconf 86' lang='lat' dir='ltr'><strong>scd</strong></span> <span class='ocrx_word' id='word_1_655' title='bbox 1503 4673 1651 4743; x_wconf 92' lang='lat' dir='ltr'><strong>quod</strong></span> <span class='ocrx_word' id='word_1_656' title='bbox 1693 4647 1906 4741; x_wconf 77' lang='lat' dir='ltr'><strong>magnis</strong></span> <span class='ocrx_word' id='word_1_657' title='bbox 1962 4682 2012 4726; x_wconf 90' lang='lat' dir='ltr'><strong>et</strong></span> 
     </span>
    </p>
   </div>
   <div class='ocr_carea' id='block_1_94' title="bbox 2119 4647 3707 4753">
    <p class='ocr_par' dir='ltr' id='par_1_94' title="bbox 2120 4669 3707 4751">
     <span class='ocr_line' id='line_1_94' title="bbox 2120 4669 3707 4751; baseline -0.009 -18"><span class='ocrx_word' id='word_1_658' title='bbox 2120 4681 2220 4751; x_wconf 79' lang='grc' dir='ltr'><strong>οὐχ</strong></span> <span class='ocrx_word' id='word_1_659' title='bbox 2275 4681 2359 4734; x_wconf 85' lang='grc' dir='ltr'>ὅτι</span> <span class='ocrx_word' id='word_1_660' title='bbox 2415 4679 2633 4749; x_wconf 80' lang='grc' dir='ltr'>μικρῶν</span> <span class='ocrx_word' id='word_1_661' title='bbox 2684 4678 2971 4746; x_wconf 82' lang='grc' dir='ltr'>ἄρχουσιν,</span> <span class='ocrx_word' id='word_1_662' title='bbox 3027 4674 3146 4729; x_wconf 83' lang='grc' dir='ltr'>ἀλλ’</span> <span class='ocrx_word' id='word_1_663' title='bbox 3179 4676 3260 4727; x_wconf 83' lang='grc' dir='ltr'>ὅτι</span> <span class='ocrx_word' id='word_1_664' title='bbox 3316 4673 3565 4739; x_wconf 65' lang='grc' dir='ltr'>μεγάλων</span> <span class='ocrx_word' id='word_1_665' title='bbox 3614 4669 3707 4719; x_wconf 77' lang='grc' dir='ltr'>καὶ</span> 
     </span>
    </p>
   </div>
   <div class='ocr_carea' id='block_1_95' title="bbox 424 4764 2017 4839">
    <p class='ocr_par' dir='ltr' id='par_1_95' title="bbox 424 4764 2017 4839">
     <span class='ocr_line' id='line_1_95' title="bbox 424 4764 2017 4839; baseline -0.002 -15"><span class='ocrx_word' id='word_1_666' title='bbox 424 4768 766 4824; x_wconf 84' lang='lat' dir='ltr'><strong>admirandis</strong></span> <span class='ocrx_word' id='word_1_667' title='bbox 835 4768 1196 4839; x_wconf 83' lang='lat' dir='ltr'><strong>imperarent.</strong></span> <span class='ocrx_word' id='word_1_668' title='bbox 1271 4764 1448 4821; x_wconf 81' lang='lat' dir='ltr'><strong>Video</strong></span> <span class='ocrx_word' id='word_1_669' title='bbox 1508 4766 1678 4835; x_wconf 83' lang='lat' dir='ltr'><strong>igitur</strong></span> <span class='ocrx_word' id='word_1_670' title='bbox 1736 4765 2017 4835; x_wconf 84' lang='lat' dir='ltr'><strong>apostolos</strong></span> 
     </span>
    </p>
   </div>
   <div class='ocr_carea' id='block_1_96' title="bbox 427 4859 2018 4934">
    <p class='ocr_par' dir='ltr' id='par_1_96' title="bbox 427 4859 2018 4934">
     <span class='ocr_line' id='line_1_96' title="bbox 427 4859 2018 4934; baseline -0.004 -16"><span class='ocrx_word' id='word_1_671' title='bbox 427 4862 694 4934; x_wconf 83' lang='lat' dir='ltr'><strong>Spiritum</strong></span> <span class='ocrx_word' id='word_1_672' title='bbox 754 4869 1006 4916; x_wconf 87' lang='lat' dir='ltr'><strong>sanctum</strong></span> <span class='ocrx_word' id='word_1_673' title='bbox 1074 4860 1518 4916; x_wconf 82' lang='lat' dir='ltr'><strong>counnunicasse</strong></span> <span class='ocrx_word' id='word_1_674' title='bbox 1573 4859 1702 4925; x_wconf 85' lang='lat' dir='ltr'><strong>illis,</strong></span> <span class='ocrx_word' id='word_1_675' title='bbox 1759 4860 1851 4928; x_wconf 83' lang='lat' dir='ltr'><strong>qui</strong></span> <span class='ocrx_word' id='word_1_676' title='bbox 1914 4859 2018 4912; x_wconf 84' lang='lat' dir='ltr'><strong>hoc</strong></span> 
     </span>
    </p>
   </div>
   <div class='ocr_carea' id='block_1_97' title="bbox 425 4952 1537 5023">
    <p class='ocr_par' dir='ltr' id='par_1_97' title="bbox 425 4952 1537 5023">
     <span class='ocr_line' id='line_1_97' title="bbox 425 4952 1537 5023; baseline -0.005 -11"><span class='ocrx_word' id='word_1_677' title='bbox 425 4969 657 5012; x_wconf 82' lang='lat' dir='ltr'><strong>munere</strong></span> <span class='ocrx_word' id='word_1_678' title='bbox 688 4952 840 5023; x_wconf 86' lang='lat' dir='ltr'><strong>digni</strong></span> <span class='ocrx_word' id='word_1_679' title='bbox 874 4962 1060 5008; x_wconf 86' lang='lat' dir='ltr'><strong>erant.</strong></span> <span class='ocrx_word' id='word_1_680' title='bbox 1520 4962 1537 4974; x_wconf 58' lang='grc' dir='ltr'><em>λ</em></span> 
     </span>
    </p>
   </div>
   <div class='ocr_carea' id='block_1_98' title="bbox 504 5043 2024 5116">
    <p class='ocr_par' dir='ltr' id='par_1_98' title="bbox 504 5043 2024 5116">
     <span class='ocr_line' id='line_1_98' title="bbox 504 5043 2024 5116; baseline -0.003 -15"><span class='ocrx_word' id='word_1_681' title='bbox 504 5047 680 5104; x_wconf 83' lang='lat' dir='ltr'><strong>Video</strong></span> <span class='ocrx_word' id='word_1_682' title='bbox 735 5046 1024 5102; x_wconf 83' lang='lat' dir='ltr'><strong>Simonem</strong></span> <span class='ocrx_word' id='word_1_683' title='bbox 1088 5061 1312 5116; x_wconf 86' lang='lat' dir='ltr'><strong>quoque</strong></span> <span class='ocrx_word' id='word_1_684' title='bbox 1368 5061 1587 5116; x_wconf 81' lang='lat' dir='ltr'><strong>magum</strong></span> <span class='ocrx_word' id='word_1_685' title='bbox 1647 5043 1932 5109; x_wconf 83' lang='lat' dir='ltr'><strong>accedere,</strong></span> <span class='ocrx_word' id='word_1_686' title='bbox 1968 5055 2024 5097; x_wconf 92' lang='lat' dir='ltr'><strong>et</strong></span> 
     </span>
    </p>
   </div>
   <div class='ocr_carea' id='block_1_99' title="bbox 427 5139 2021 5213">
    <p class='ocr_par' dir='ltr' id='par_1_99' title="bbox 427 5139 2021 5213">
     <span class='ocr_line' id='line_1_99' title="bbox 427 5139 2021 5213; baseline -0.004 -14"><span class='ocrx_word' id='word_1_687' title='bbox 427 5143 696 5213; x_wconf 85' lang='lat' dir='ltr'><strong>apostolis</strong></span> <span class='ocrx_word' id='word_1_688' title='bbox 731 5140 1018 5211; x_wconf 85' lang='lat' dir='ltr'><strong>pecuniam</strong></span> <span class='ocrx_word' id='word_1_689' title='bbox 1051 5140 1273 5205; x_wconf 74' lang='lat' dir='ltr'><strong>oﬂerre,</strong></span> <span class='ocrx_word' id='word_1_690' title='bbox 1311 5150 1371 5194; x_wconf 93' lang='lat' dir='ltr'><strong>ut</strong></span> <span class='ocrx_word' id='word_1_691' title='bbox 1406 5154 1591 5210; x_wconf 88' lang='lat' dir='ltr'><strong>parem</strong></span> <span class='ocrx_word' id='word_1_692' title='bbox 1628 5153 1756 5194; x_wconf 91' lang='lat' dir='ltr'><strong>cum</strong></span> <span class='ocrx_word' id='word_1_693' title='bbox 1806 5139 2021 5193; x_wconf 61' lang='lat' dir='ltr'><strong>caeteris</strong></span> 
     </span>
    </p>
   </div>
   <div class='ocr_carea' id='block_1_100' title="bbox 428 5230 2025 5306">
    <p class='ocr_par' dir='ltr' id='par_1_100' title="bbox 428 5230 2025 5306">
     <span class='ocr_line' id='line_1_100' title="bbox 428 5230 2025 5306; baseline -0.004 -17"><span class='ocrx_word' id='word_1_694' title='bbox 428 5238 664 5306; x_wconf 74' lang='lat' dir='ltr'><strong>gratiam</strong></span> <span class='ocrx_word' id='word_1_695' title='bbox 697 5243 1158 5304; x_wconf 87' lang='lat' dir='ltr'><strong>consequeretur.</strong></span> <span class='ocrx_word' id='word_1_696' title='bbox 1189 5232 1309 5300; x_wconf 90' lang='lat' dir='ltr'><strong>Qua</strong></span> <span class='ocrx_word' id='word_1_697' title='bbox 1344 5233 1398 5287; x_wconf 90' lang='lat' dir='ltr'><strong>in</strong></span> <span class='ocrx_word' id='word_1_698' title='bbox 1432 5249 1492 5287; x_wconf 89' lang='lat' dir='ltr'><strong>re</strong></span> <span class='ocrx_word' id='word_1_699' title='bbox 1537 5247 1715 5303; x_wconf 90' lang='lat' dir='ltr'><strong>usque</strong></span> <span class='ocrx_word' id='word_1_700' title='bbox 1755 5230 1892 5287; x_wconf 88' lang='lat' dir='ltr'><strong>adeo</strong></span> <span class='ocrx_word' id='word_1_701' title='bbox 1920 5231 2025 5285; x_wconf 85' lang='lat' dir='ltr'><strong>im-</strong></span> 
     </span>
    </p>
   </div>
   <div class='ocr_carea' id='block_1_101' title="bbox 428 5324 2028 5400">
    <p class='ocr_par' dir='ltr' id='par_1_101' title="bbox 428 5324 2028 5400">
     <span class='ocr_line' id='line_1_101' title="bbox 428 5324 2028 5400; baseline 0.001 -22"><span class='ocrx_word' id='word_1_702' title='bbox 428 5328 707 5400; x_wconf 85' lang='lat' dir='ltr'><strong>pudenter</strong></span> <span class='ocrx_word' id='word_1_703' title='bbox 751 5341 810 5381; x_wconf 87' lang='lat' dir='ltr'><strong>se</strong></span> <span class='ocrx_word' id='word_1_704' title='bbox 844 5329 1037 5395; x_wconf 81' lang='lat' dir='ltr'><strong>gessit,</strong></span> <span class='ocrx_word' id='word_1_705' title='bbox 1074 5334 1133 5380; x_wconf 90' lang='lat' dir='ltr'><strong>nt</strong></span> <span class='ocrx_word' id='word_1_706' title='bbox 1156 5341 1318 5381; x_wconf 89' lang='lat' dir='ltr'><strong>nemo</strong></span> <span class='ocrx_word' id='word_1_707' title='bbox 1349 5325 1491 5382; x_wconf 91' lang='lat' dir='ltr'><strong>alius</strong></span> <span class='ocrx_word' id='word_1_708' title='bbox 1520 5325 1629 5380; x_wconf 89' lang='lat' dir='ltr'><strong>tale</strong></span> <span class='ocrx_word' id='word_1_709' title='bbox 1677 5324 1809 5396; x_wconf 91' lang='lat' dir='ltr'><strong>quid</strong></span> <span class='ocrx_word' id='word_1_710' title='bbox 1858 5336 2028 5379; x_wconf 87' lang='lat' dir='ltr'><strong>ausus</strong></span> 
     </span>
    </p>
   </div>
   <div class='ocr_carea' id='block_1_102' title="bbox 427 5401 2030 5489">
    <p class='ocr_par' dir='ltr' id='par_1_102' title="bbox 427 5401 2030 5489">
     <span class='ocr_line' id='line_1_102' title="bbox 427 5401 2030 5489; baseline -0.004 -11"><span class='ocrx_word' id='word_1_711' title='bbox 427 5422 602 5478; x_wconf 81' lang='lat' dir='ltr'><strong>l&#39;u&#39;s~e</strong></span> <span class='ocrx_word' id='word_1_712' title='bbox 635 5401 908 5486; x_wconf 79' lang='lat' dir='ltr'><strong>videatur,</strong></span> <span class='ocrx_word' id='word_1_713' title='bbox 938 5420 982 5475; x_wconf 89' lang='lat' dir='ltr'><strong>si</strong></span> <span class='ocrx_word' id='word_1_714' title='bbox 1008 5420 1228 5489; x_wconf 89' lang='lat' dir='ltr'><strong>quidem</strong></span> <span class='ocrx_word' id='word_1_715' title='bbox 1263 5418 1391 5473; x_wconf 89' lang='lat' dir='ltr'><strong>illud</strong></span> <span class='ocrx_word' id='word_1_716' title='bbox 1418 5417 1662 5473; x_wconf 67' lang='lat' dir='ltr'><strong>audaciae</strong></span> <span class='ocrx_word' id='word_1_717' title='bbox 1692 5416 1915 5472; x_wconf 90' lang='lat' dir='ltr'><strong>nomine</strong></span> <span class='ocrx_word' id='word_1_718' title='bbox 1934 5432 2030 5472; x_wconf 83' lang='lat' dir='ltr'><strong>vo-</strong></span> 
     </span>
    </p>
   </div>
   <div class='ocr_carea' id='block_1_103' title="bbox 428 5510 2028 5583">
    <p class='ocr_par' dir='ltr' id='par_1_103' title="bbox 428 5510 2028 5583">
     <span class='ocr_line' id='line_1_103' title="bbox 428 5510 2028 5583; baseline -0.004 -12"><span class='ocrx_word' id='word_1_719' title='bbox 428 5515 669 5572; x_wconf 84' lang='lat' dir='ltr'><strong>candum</strong></span> <span class='ocrx_word' id='word_1_720' title='bbox 694 5523 800 5570; x_wconf 91' lang='lat' dir='ltr'><strong>est.</strong></span> <span class='ocrx_word' id='word_1_721' title='bbox 861 5512 1005 5578; x_wconf 86' lang='lat' dir='ltr'><strong>Quid</strong></span> <span class='ocrx_word' id='word_1_722' title='bbox 1055 5528 1188 5583; x_wconf 85' lang='lat' dir='ltr'><strong>ergo</strong></span> <span class='ocrx_word' id='word_1_723' title='bbox 1216 5511 1412 5568; x_wconf 86' lang='lat' dir='ltr'><strong>Petrus</strong></span> <span class='ocrx_word' id='word_1_724' title='bbox 1434 5511 1459 5566; x_wconf 67' lang='grc' dir='ltr'><em>ἲ</em></span> <span class='ocrx_word' id='word_1_725' title='bbox 1479 5510 1669 5583; x_wconf 85' lang='lat' dir='ltr'><strong>Neque</strong></span> <span class='ocrx_word' id='word_1_726' title='bbox 1704 5512 1796 5567; x_wconf 89' lang='lat' dir='ltr'><strong>hic</strong></span> <span class='ocrx_word' id='word_1_727' title='bbox 1823 5513 2028 5568; x_wconf 88' lang='lat' dir='ltr'><strong>oblitus</strong></span> 
     </span>
    </p>
   </div>
   <div class='ocr_carea' id='block_1_104' title="bbox 432 5606 2027 5677">
    <p class='ocr_par' dir='ltr' id='par_1_104' title="bbox 432 5606 2027 5677">
     <span class='ocr_line' id='line_1_104' title="bbox 432 5606 2027 5677; baseline 0 -16"><span class='ocrx_word' id='word_1_728' title='bbox 432 5620 536 5671; x_wconf 72' lang='lat' dir='ltr'><strong>(Si.</strong></span> <span class='ocrx_word' id='word_1_729' title='bbox 567 5624 626 5663; x_wconf 89' lang='lat' dir='ltr'><strong>se</strong></span> <span class='ocrx_word' id='word_1_730' title='bbox 654 5623 778 5663; x_wconf 88' lang='lat' dir='ltr'><strong>esse</strong></span> <span class='ocrx_word' id='word_1_731' title='bbox 822 5606 1084 5674; x_wconf 84' lang='lat' dir='ltr'><strong>Petrum;</strong></span> <span class='ocrx_word' id='word_1_732' title='bbox 1135 5606 1230 5661; x_wconf 90' lang='lat' dir='ltr'><strong>sed</strong></span> <span class='ocrx_word' id='word_1_733' title='bbox 1293 5606 1433 5677; x_wconf 88' lang='lat' dir='ltr'><strong>ipse,</strong></span> <span class='ocrx_word' id='word_1_734' title='bbox 1487 5616 1547 5661; x_wconf 92' lang='lat' dir='ltr'><strong>ut</strong></span> <span class='ocrx_word' id='word_1_735' title='bbox 1595 5606 1811 5677; x_wconf 91' lang='lat' dir='ltr'><strong>primus</strong></span> <span class='ocrx_word' id='word_1_736' title='bbox 1880 5608 2027 5664; x_wconf 87' lang='lat' dir='ltr'><strong>inter</strong></span> 
     </span>
    </p>
   </div>
   <div class='ocr_carea' id='block_1_105' title="bbox 432 5697 2027 5770">
    <p class='ocr_par' dir='ltr' id='par_1_105' title="bbox 432 5697 2027 5770">
     <span class='ocr_line' id='line_1_105' title="bbox 432 5697 2027 5770; baseline 0.002 -18"><span class='ocrx_word' id='word_1_737' title='bbox 432 5709 686 5760; x_wconf 73' lang='lat' dir='ltr'><strong>caeteros.</strong></span> <span class='ocrx_word' id='word_1_738' title='bbox 717 5714 1045 5770; x_wconf 85' lang='lat' dir='ltr'><strong>semperque</strong></span> <span class='ocrx_word' id='word_1_739' title='bbox 1073 5699 1190 5753; x_wconf 83' lang='lat' dir='ltr'><strong>zelo</strong></span> <span class='ocrx_word' id='word_1_740' title='bbox 1219 5713 1318 5767; x_wconf 90' lang='lat' dir='ltr'><strong>pro</strong></span> <span class='ocrx_word' id='word_1_741' title='bbox 1349 5698 1522 5768; x_wconf 81' lang='lat' dir='ltr'><strong>gloria</strong></span> <span class='ocrx_word' id='word_1_742' title='bbox 1554 5697 1652 5754; x_wconf 90' lang='lat' dir='ltr'><strong>Dei</strong></span> <span class='ocrx_word' id='word_1_743' title='bbox 1716 5700 2027 5756; x_wconf 79' lang='lat' dir='ltr'><strong>inﬂamma-</strong></span> 
     </span>
    </p>
   </div>
   <div class='ocr_carea' id='block_1_106' title="bbox 434 5784 2022 5859">
    <p class='ocr_par' dir='ltr' id='par_1_106' title="bbox 434 5784 2022 5859">
     <span class='ocr_line' id='line_1_106' title="bbox 434 5784 2022 5859; baseline 0.005 -22"><span class='ocrx_word' id='word_1_744' title='bbox 434 5794 549 5853; x_wconf 86' lang='lat' dir='ltr'><strong>tus,</strong></span> <span class='ocrx_word' id='word_1_745' title='bbox 606 5784 823 5856; x_wconf 85' lang='lat' dir='ltr'><strong>Magum</strong></span> <span class='ocrx_word' id='word_1_746' title='bbox 881 5786 1045 5841; x_wconf 91' lang='lat' dir='ltr'><strong>simul</strong></span> <span class='ocrx_word' id='word_1_747' title='bbox 1095 5802 1218 5842; x_wconf 90' lang='lat' dir='ltr'><strong>cum</strong></span> <span class='ocrx_word' id='word_1_748' title='bbox 1277 5789 1511 5857; x_wconf 88' lang='lat' dir='ltr'><strong>pecunia</strong></span> <span class='ocrx_word' id='word_1_749' title='bbox 1557 5788 1610 5842; x_wconf 90' lang='lat' dir='ltr'><strong>in</strong></span> <span class='ocrx_word' id='word_1_750' title='bbox 1658 5790 2022 5859; x_wconf 89' lang='lat' dir='ltr'><strong>perditionem</strong></span> 
     </span>
    </p>
   </div>
   <div class='ocr_carea' id='block_1_107' title="bbox 435 5876 2021 5951">
    <p class='ocr_par' dir='ltr' id='par_1_107' title="bbox 435 5876 2021 5951">
     <span class='ocr_line' id='line_1_107' title="bbox 435 5876 2021 5951; baseline 0.008 -24"><span class='ocrx_word' id='word_1_751' title='bbox 435 5876 606 5933; x_wconf 83' lang='lat' dir='ltr'><strong>misit.</strong></span> <span class='ocrx_word' id='word_1_752' title='bbox 635 5879 847 5935; x_wconf 88' lang='lat' dir='ltr'><strong>Etenim</strong></span> <span class='ocrx_word' id='word_1_753' title='bbox 882 5890 940 5935; x_wconf 92' lang='lat' dir='ltr'><strong>ut</strong></span> <span class='ocrx_word' id='word_1_754' title='bbox 986 5880 1107 5937; x_wconf 84' lang='lat' dir='ltr'><strong>aliis</strong></span> <span class='ocrx_word' id='word_1_755' title='bbox 1168 5883 1341 5951; x_wconf 86' lang='lat' dir='ltr'><strong>pictas</strong></span> <span class='ocrx_word' id='word_1_756' title='bbox 1382 5892 1437 5939; x_wconf 90' lang='lat' dir='ltr'><strong>ct</strong></span> <span class='ocrx_word' id='word_1_757' title='bbox 1493 5885 1669 5940; x_wconf 81' lang='lat' dir='ltr'><strong>virtus</strong></span> <span class='ocrx_word' id='word_1_758' title='bbox 1721 5882 1789 5938; x_wconf 86' lang='lat' dir='ltr'><strong>ad</strong></span> <span class='ocrx_word' id='word_1_759' title='bbox 1844 5885 2021 5941; x_wconf 88' lang='lat' dir='ltr'><strong>susci-</strong></span> 
     </span>
    </p>
   </div>
   <div class='ocr_carea' id='block_1_108' title="bbox 2124 4761 3708 4839">
    <p class='ocr_par' dir='ltr' id='par_1_108' title="bbox 2124 4761 3708 4839">
     <span class='ocr_line' id='line_1_108' title="bbox 2124 4761 3708 4839; baseline -0.008 -17"><span class='ocrx_word' id='word_1_760' title='bbox 2124 4770 2486 4839; x_wconf 84' lang='grc' dir='ltr'>θαυμαστῶν.</span> <span class='ocrx_word' id='word_1_761' title='bbox 2532 4768 2678 4839; x_wconf 81' lang='grc' dir='ltr'><strong>Ὀρῶ</strong></span> <span class='ocrx_word' id='word_1_762' title='bbox 2714 4768 2811 4836; x_wconf 81' lang='grc' dir='ltr'>μὲν</span> <span class='ocrx_word' id='word_1_763' title='bbox 2838 4761 2935 4819; x_wconf 76' lang='grc' dir='ltr'><strong>οὖν</strong></span> <span class='ocrx_word' id='word_1_764' title='bbox 2965 4766 3093 4829; x_wconf 81' lang='grc' dir='ltr'>τοὺς</span> <span class='ocrx_word' id='word_1_765' title='bbox 3124 4763 3457 4824; x_wconf 82' lang='grc' dir='ltr'>ἀποστόλους</span> <span class='ocrx_word' id='word_1_766' title='bbox 3496 4761 3708 4829; x_wconf 81' lang='grc' dir='ltr'>μεταδι-</span> 
     </span>
    </p>
   </div>
   <div class='ocr_carea' id='block_1_109' title="bbox 2123 4857 3151 4930">
    <p class='ocr_par' dir='ltr' id='par_1_109' title="bbox 2123 4857 3151 4930">
     <span class='ocr_line' id='line_1_109' title="bbox 2123 4857 3151 4930; baseline -0.004 -14"><span class='ocrx_word' id='word_1_767' title='bbox 2123 4862 2312 4923; x_wconf 80' lang='grc' dir='ltr'>δόντας</span> <span class='ocrx_word' id='word_1_768' title='bbox 2336 4864 2449 4926; x_wconf 81' lang='grc' dir='ltr'>τοῑς</span> <span class='ocrx_word' id='word_1_769' title='bbox 2474 4860 2643 4926; x_wconf 73' lang='grc' dir='ltr'>ἀξὶοις</span> <span class='ocrx_word' id='word_1_770' title='bbox 2670 4859 2766 4913; x_wconf 72' lang='grc' dir='ltr'>τοῦ</span> <span class='ocrx_word' id='word_1_771' title='bbox 2800 4857 3151 4930; x_wconf 85' lang='grc' dir='ltr'>Πνεύματος.</span> 
     </span>
    </p>
   </div>
   <div class='ocr_carea' id='block_1_110' title="bbox 2213 5035 3709 5119">
    <p class='ocr_par' dir='ltr' id='par_1_110' title="bbox 2213 5035 3709 5119">
     <span class='ocr_line' id='line_1_110' title="bbox 2213 5035 3709 5119; baseline -0.012 -17"><span class='ocrx_word' id='word_1_772' title='bbox 2213 5046 2358 5119; x_wconf 86' lang='grc' dir='ltr'><strong>Ὃρῶ</strong></span> <span class='ocrx_word' id='word_1_773' title='bbox 2386 5046 2442 5100; x_wconf 80' lang='grc' dir='ltr'>δὲ</span> <span class='ocrx_word' id='word_1_774' title='bbox 2457 5046 2564 5110; x_wconf 52' lang='grc' dir='ltr'><strong>καὶ</strong></span> <span class='ocrx_word' id='word_1_775' title='bbox 2590 5044 2814 5115; x_wconf 80' lang='grc' dir='ltr'>Σίμωνα</span> <span class='ocrx_word' id='word_1_776' title='bbox 2839 5042 3139 5112; x_wconf 82' lang='grc' dir='ltr'>προσιόντα</span> <span class='ocrx_word' id='word_1_777' title='bbox 3163 5041 3252 5093; x_wconf 64' lang='grc' dir='ltr'>τὴν</span> <span class='ocrx_word' id='word_1_778' title='bbox 3281 5037 3455 5108; x_wconf 85' lang='grc' dir='ltr'>μάγον</span> <span class='ocrx_word' id='word_1_779' title='bbox 3482 5035 3575 5088; x_wconf 75' lang='grc' dir='ltr'>καὶ</span> <span class='ocrx_word' id='word_1_780' title='bbox 3599 5035 3709 5095; x_wconf 86' lang='grc' dir='ltr'>τοῖς</span> 
     </span>
    </p>
   </div>
   <div class='ocr_carea' id='block_1_111' title="bbox 2127 5127 3711 5208">
    <p class='ocr_par' dir='ltr' id='par_1_111' title="bbox 2127 5127 3711 5208">
     <span class='ocr_line' id='line_1_111' title="bbox 2127 5127 3711 5208; baseline -0.011 -15"><span class='ocrx_word' id='word_1_781' title='bbox 2127 5139 2452 5202; x_wconf 83' lang='grc' dir='ltr'>ἀποστόλοις</span> <span class='ocrx_word' id='word_1_782' title='bbox 2487 5137 2843 5208; x_wconf 83' lang='grc' dir='ltr'>προτείνοντα</span> <span class='ocrx_word' id='word_1_783' title='bbox 2888 5135 3173 5206; x_wconf 75' lang='grc' dir='ltr'>χρήματα,</span> <span class='ocrx_word' id='word_1_784' title='bbox 3211 5130 3306 5184; x_wconf 70' lang='grc' dir='ltr'>τοῦ</span> <span class='ocrx_word' id='word_1_785' title='bbox 3344 5128 3443 5198; x_wconf 80' lang='grc' dir='ltr'>τὴν</span> <span class='ocrx_word' id='word_1_786' title='bbox 3466 5127 3588 5195; x_wconf 84' lang='grc' dir='ltr'>ῐσην</span> <span class='ocrx_word' id='word_1_787' title='bbox 3617 5141 3711 5193; x_wconf 78' lang='grc' dir='ltr'>με-</span> 
     </span>
    </p>
   </div>
   <div class='ocr_carea' id='block_1_112' title="bbox 2126 5218 3710 5303">
    <p class='ocr_par' dir='ltr' id='par_1_112' title="bbox 2126 5218 3710 5303">
     <span class='ocr_line' id='line_1_112' title="bbox 2126 5218 3710 5303; baseline -0.01 -18"><span class='ocrx_word' id='word_1_788' title='bbox 2126 5235 2353 5303; x_wconf 80' lang='grc' dir='ltr'>τασχεῙν</span> <span class='ocrx_word' id='word_1_789' title='bbox 2381 5231 2542 5302; x_wconf 82' lang='grc' dir='ltr'>χάριν</span> <span class='ocrx_word' id='word_1_790' title='bbox 2582 5234 2695 5291; x_wconf 84' lang='grc' dir='ltr'>τοῖς</span> <span class='ocrx_word' id='word_1_791' title='bbox 2739 5227 2945 5294; x_wconf 82' lang='grc' dir='ltr'>ἀλλοις,</span> <span class='ocrx_word' id='word_1_792' title='bbox 3005 5227 3102 5280; x_wconf 69' lang='grc' dir='ltr'>καὶ</span> <span class='ocrx_word' id='word_1_793' title='bbox 3150 5223 3211 5277; x_wconf 85' lang='grc' dir='ltr'><strong>τδ</strong></span> <span class='ocrx_word' id='word_1_794' title='bbox 3268 5222 3499 5291; x_wconf 81' lang='grc' dir='ltr'>πρᾶγμα</span> <span class='ocrx_word' id='word_1_795' title='bbox 3536 5218 3710 5279; x_wconf 78' lang='grc' dir='ltr'>οὕτως</span> 
     </span>
    </p>
   </div>
   <div class='ocr_carea' id='block_1_113' title="bbox 2128 5311 3785 5390">
    <p class='ocr_par' dir='ltr' id='par_1_113' title="bbox 2128 5311 3785 5390">
     <span class='ocr_line' id='line_1_113' title="bbox 2128 5311 3785 5390; baseline -0.01 -12"><span class='ocrx_word' id='word_1_796' title='bbox 2128 5325 2367 5387; x_wconf 83' lang='grc' dir='ltr'>ἀναιδῶς</span> <span class='ocrx_word' id='word_1_797' title='bbox 2413 5323 2653 5390; x_wconf 82' lang='grc' dir='ltr'>δρῶντα,</span> <span class='ocrx_word' id='word_1_798' title='bbox 2686 5320 2765 5383; x_wconf 86' lang='grc' dir='ltr'>ὡς</span> <span class='ocrx_word' id='word_1_799' title='bbox 2809 5319 2987 5382; x_wconf 78' lang='grc' dir='ltr'>οὐδεὶς</span> <span class='ocrx_word' id='word_1_800' title='bbox 3034 5317 3102 5372; x_wconf 88' lang='grc' dir='ltr'>ἂν</span> <span class='ocrx_word' id='word_1_801' title='bbox 3156 5317 3476 5387; x_wconf 76' lang='grc' dir='ltr'>ἐτόλμησεν,</span> <span class='ocrx_word' id='word_1_802' title='bbox 3526 5311 3636 5367; x_wconf 81' lang='grc' dir='ltr'>οὐδ’</span> <span class='ocrx_word' id='word_1_803' title='bbox 3663 5312 3710 5363; x_wconf 84' lang='grc' dir='ltr'><strong>εί</strong></span> <span class='ocrx_word' id='word_1_804' title='bbox 3777 5330 3785 5338; x_wconf 77' lang='grc'><em>’</em></span> 
     </span>
    </p>
   </div>
   <div class='ocr_carea' id='block_1_114' title="bbox 2128 5403 3711 5486">
    <p class='ocr_par' dir='ltr' id='par_1_114' title="bbox 2128 5403 3711 5486">
     <span class='ocr_line' id='line_1_114' title="bbox 2128 5403 3711 5486; baseline -0.008 -18"><span class='ocrx_word' id='word_1_805' title='bbox 2128 5417 2229 5486; x_wconf 83' lang='grc' dir='ltr'><strong>τὴν</strong></span> <span class='ocrx_word' id='word_1_806' title='bbox 2278 5415 2485 5485; x_wconf 86' lang='grc' dir='ltr'>τόλμαν</span> <span class='ocrx_word' id='word_1_807' title='bbox 2538 5415 2715 5476; x_wconf 76' lang='grc' dir='ltr'>εἴποις</span> <span class='ocrx_word' id='word_1_808' title='bbox 2764 5411 2959 5482; x_wconf 84' lang='grc' dir='ltr'>αὑτήν.</span> <span class='ocrx_word' id='word_1_809' title='bbox 3000 5410 3067 5463; x_wconf 82' lang='grc' dir='ltr'>Τί</span> <span class='ocrx_word' id='word_1_810' title='bbox 3104 5407 3198 5462; x_wconf 79' lang='grc' dir='ltr'><strong>οὖν</strong></span> <span class='ocrx_word' id='word_1_811' title='bbox 3236 5410 3265 5461; x_wconf 82' lang='grc' dir='ltr'>ὁ</span> <span class='ocrx_word' id='word_1_812' title='bbox 3316 5408 3555 5475; x_wconf 74' lang='grc' dir='ltr'>Ιιέτροςς</span> <span class='ocrx_word' id='word_1_813' title='bbox 3588 5403 3711 5459; x_wconf 76' lang='grc' dir='ltr'>Οὐδ’</span> 
     </span>
    </p>
   </div>
   <div class='ocr_carea' id='block_1_115' title="bbox 2130 5496 3705 5577">
    <p class='ocr_par' dir='ltr' id='par_1_115' title="bbox 2130 5496 3705 5577">
     <span class='ocr_line' id='line_1_115' title="bbox 2130 5496 3705 5577; baseline -0.011 -11"><span class='ocrx_word' id='word_1_814' title='bbox 2130 5512 2366 5566; x_wconf 73' lang='grc' dir='ltr'>ἐνταῦθα</span> <span class='ocrx_word' id='word_1_815' title='bbox 2401 5509 2497 5564; x_wconf 77' lang='grc' dir='ltr'><strong>τοῦ</strong></span> <span class='ocrx_word' id='word_1_816' title='bbox 2529 5508 2734 5577; x_wconf 80' lang='grc' dir='ltr'>Πέτρος</span> <span class='ocrx_word' id='word_1_817' title='bbox 2764 5502 2905 5560; x_wconf 76' lang='grc' dir='ltr'>εἶναι</span> <span class='ocrx_word' id='word_1_818' title='bbox 2936 5502 3357 5571; x_wconf 84' lang='grc' dir='ltr'>ἐπιλαθόμενος,</span> <span class='ocrx_word' id='word_1_819' title='bbox 3390 5499 3505 5552; x_wconf 85' lang='grc' dir='ltr'>ἀλλ’</span> <span class='ocrx_word' id='word_1_820' title='bbox 3532 5498 3607 5560; x_wconf 85' lang='grc' dir='ltr'>ὼς</span> <span class='ocrx_word' id='word_1_821' title='bbox 3640 5496 3705 5551; x_wconf 81' lang='grc' dir='ltr'><strong>ἀν</strong></span> 
     </span>
    </p>
   </div>
   <div class='ocr_carea' id='block_1_116' title="bbox 2130 5589 3707 5673">
    <p class='ocr_par' dir='ltr' id='par_1_116' title="bbox 2130 5589 3707 5673">
     <span class='ocr_line' id='line_1_116' title="bbox 2130 5589 3707 5673; baseline -0.013 -13"><span class='ocrx_word' id='word_1_822' title='bbox 2130 5623 2213 5668; x_wconf 86' lang='grc' dir='ltr'><strong>τις</strong></span> <span class='ocrx_word' id='word_1_823' title='bbox 2247 5603 2411 5667; x_wconf 79' lang='grc' dir='ltr'>αὐτὸς</span> <span class='ocrx_word' id='word_1_824' title='bbox 2441 5602 2601 5673; x_wconf 86' lang='grc' dir='ltr'>μόνος</span> <span class='ocrx_word' id='word_1_825' title='bbox 2643 5600 2741 5655; x_wconf 81' lang='grc' dir='ltr'>καὶ</span> <span class='ocrx_word' id='word_1_826' title='bbox 2789 5600 3007 5668; x_wconf 81' lang='grc' dir='ltr'>πρῶτος</span> <span class='ocrx_word' id='word_1_827' title='bbox 3039 5596 3150 5650; x_wconf 84' lang='grc' dir='ltr'>τῶν</span> <span class='ocrx_word' id='word_1_828' title='bbox 3182 5593 3360 5649; x_wconf 74' lang='grc' dir='ltr'>ἄλλων</span> <span class='ocrx_word' id='word_1_829' title='bbox 3391 5591 3481 5646; x_wconf 82' lang='grc' dir='ltr'>ἀεὶ</span> <span class='ocrx_word' id='word_1_830' title='bbox 3510 5589 3707 5660; x_wconf 74' lang='grc' dir='ltr'>ζηλοῦν</span> 
     </span>
    </p>
   </div>
   <div class='ocr_carea' id='block_1_117' title="bbox 2131 5676 3707 5765">
    <p class='ocr_par' dir='ltr' id='par_1_117' title="bbox 2131 5676 3707 5765">
     <span class='ocr_line' id='line_1_117' title="bbox 2131 5676 3707 5765; baseline -0.013 -15"><span class='ocrx_word' id='word_1_831' title='bbox 2131 5696 2302 5762; x_wconf 75' lang='grc' dir='ltr'>ἀξιῶν</span> <span class='ocrx_word' id='word_1_832' title='bbox 2327 5697 2470 5765; x_wconf 80' lang='grc' dir='ltr'>ὑπὲρ</span> <span class='ocrx_word' id='word_1_833' title='bbox 2488 5694 2582 5749; x_wconf 80' lang='grc' dir='ltr'>τοῦ</span> <span class='ocrx_word' id='word_1_834' title='bbox 2599 5692 2758 5759; x_wconf 81' lang='grc' dir='ltr'>Θεοῦ,</span> <span class='ocrx_word' id='word_1_835' title='bbox 2788 5692 2922 5762; x_wconf 74' lang='grc' dir='ltr'>πρὸς</span> <span class='ocrx_word' id='word_1_836' title='bbox 2947 5688 3224 5744; x_wconf 86' lang='grc' dir='ltr'>ἀπώλειαν</span> <span class='ocrx_word' id='word_1_837' title='bbox 3252 5686 3342 5740; x_wconf 71' lang='grc' dir='ltr'><strong>τὸν</strong></span> <span class='ocrx_word' id='word_1_838' title='bbox 3375 5686 3550 5755; x_wconf 82' lang='grc' dir='ltr'>μάγον</span> <span class='ocrx_word' id='word_1_839' title='bbox 3571 5676 3707 5749; x_wconf 80' lang='grc' dir='ltr'>ὁμοῦ</span> 
     </span>
    </p>
   </div>
   <div class='ocr_carea' id='block_1_118' title="bbox 2132 5767 3708 5861">
    <p class='ocr_par' dir='ltr' id='par_1_118' title="bbox 2132 5767 3708 5861">
     <span class='ocr_line' id='line_1_118' title="bbox 2132 5767 3708 5861; baseline -0.013 -17"><span class='ocrx_word' id='word_1_840' title='bbox 2132 5791 2500 5861; x_wconf 72' lang='grc' dir='ltr'>παραπέμπει</span> <span class='ocrx_word' id='word_1_841' title='bbox 2533 5789 2609 5859; x_wconf 85' lang='grc' dir='ltr'>τῷ</span> <span class='ocrx_word' id='word_1_842' title='bbox 2636 5787 2910 5859; x_wconf 74' lang='grc' dir='ltr'>ἀργυρίῳ.</span> <span class='ocrx_word' id='word_1_843' title='bbox 2947 5785 3053 5837; x_wconf 73' lang='grc' dir='ltr'><strong>Καὶ</strong></span> <span class='ocrx_word' id='word_1_844' title='bbox 3091 5783 3201 5851; x_wconf 79' lang='grc' dir='ltr'>γὰρ</span> <span class='ocrx_word' id='word_1_845' title='bbox 3233 5780 3260 5835; x_wconf 82' lang='grc' dir='ltr'><strong>δ</strong></span> <span class='ocrx_word' id='word_1_846' title='bbox 3285 5783 3396 5842; x_wconf 82' lang='grc' dir='ltr'>τοῖς</span> <span class='ocrx_word' id='word_1_847' title='bbox 3436 5777 3614 5836; x_wconf 83' lang='grc' dir='ltr'>ἀλλοις</span> <span class='ocrx_word' id='word_1_848' title='bbox 3640 5767 3708 5839; x_wconf 80' lang='grc' dir='ltr'>ἦν</span> 
     </span>
    </p>
   </div>
   <div class='ocr_carea' id='block_1_119' title="bbox 2132 5864 3702 5952">
    <p class='ocr_par' dir='ltr' id='par_1_119' title="bbox 2132 5864 3702 5952">
     <span class='ocr_line' id='line_1_119' title="bbox 2132 5864 3702 5952; baseline -0.011 -16"><span class='ocrx_word' id='word_1_849' title='bbox 2132 5884 2383 5937; x_wconf 72' lang='grc' dir='ltr'>εὐσέϐεια</span> <span class='ocrx_word' id='word_1_850' title='bbox 2416 5884 2511 5936; x_wconf 70' lang='grc' dir='ltr'>καὶ</span> <span class='ocrx_word' id='word_1_851' title='bbox 2560 5884 2731 5952; x_wconf 56' lang='grc' dir='ltr'>ἁρετὴ</span> <span class='ocrx_word' id='word_1_852' title='bbox 2768 5881 2865 5950; x_wconf 74' lang='grc' dir='ltr'>τῆς</span> <span class='ocrx_word' id='word_1_853' title='bbox 2896 5878 2992 5931; x_wconf 77' lang='grc' dir='ltr'><strong>τοῦ</strong></span> <span class='ocrx_word' id='word_1_854' title='bbox 3046 5875 3360 5944; x_wconf 73' lang='grc' dir='ltr'>Πνεύματος</span> <span class='ocrx_word' id='word_1_855' title='bbox 3401 5864 3702 5942; x_wconf 74' lang='grc' dir='ltr'>παρουσίας</span> 
     </span>
    </p>
   </div>
  </div>
