4076 6448
342 389 473 459 1081

1335 397 1742 461 ENCOMIUM
1792 402 1891 463 SS.
1924 406 2153 466 PETRI
2196 410 2291 467 ET
2323 410 2572 472 PAULI.

3461 418 3605 484 1082

339 505 655 576 ὲτοιμασία,
709 507 868 562 τοῦτο
920 508 1114 577 ἐκείνῳ
1166 508 1229 562 τὰ
1277 512 1559 581 χρήματα.
1612 514 1807 568 Καίτοι
1868 518 1916 568 εἰ

2030 521 2277 588 piendum
2319 522 2584 593 Spiritum
2630 533 2876 579 sanctum
2931 532 3254 597 praeparatio
3309 544 3460 600 erat,
3524 538 3596 590 ita

338 601 516 654 ταῦτα
568 602 668 672 τὴν
729 602 891 671 χάριν
954 602 1201 669 πέφυκεν
1253 604 1454 669 ἕλκειν,
1507 605 1808 660 ἀπολέσθαι
1859 608 1926 662 ἂν

340 692 561 760 εὖξαιτό
587 710 670 757 τις
702 694 906 765 ἀρετῆς
951 693 1151 757 πόνους
1193 697 1289 750 καὶ
1333 695 1641 760 εὐσεϐείας,
1678 697 1798 762 ἐξὸν
1828 699 1926 751 σὺν

348 785 602 857 ῥᾳστώνῃ
637 788 897 856 χρήματα
934 786 1129 857 ἔχοντα
1159 786 1351 857 ὥσπερ
1384 788 1554 859 ἀγρὸν
1588 789 1620 860 ἢ
1656 790 1834 844 οἰκίαν
1862 790 1926 842 τδ

347 877 575 948 Πνεῦμα
618 878 910 948 πρίασθαι.
955 878 1098 932 Ἀλλ’
1132 881 1160 932 ὁ
1204 881 1303 950 μὲν
1343 881 1582 952 χρηστὸς
1617 882 1712 936 καὶ
1762 900 1925 936 σπου-

346 970 494 1032 δαῖος
548 970 689 1039 ἀνὴρ
741 970 850 1024 οὐδ’
888 969 956 1024 ἂν
1007 970 1197 1025 ὀϐολοῦ
1255 972 1475 1042 δεηθείη
1514 971 1654 1043 πρὸς
1689 974 1749 1027 τὸ
1805 974 1925 1029 θεῖα

352 1061 540 1115 λαϐεῖν
561 1079 576 1094 ·
610 1065 636 1114 ὁ
658 1063 712 1114 δὲ
737 1062 974 1131 πονηρός
1000 1046 1065 1116 τε
1087 1065 1182 1117 καὶ
1202 1063 1427 1130 φαῦλος,
1447 1064 1571 1118 ὅσον
1591 1065 1762 1118 ταῦτα
1790 1082 1924 1135 χρη·

348 1154 534 1224 μάτων
555 1154 726 1207 οἴεται
759 1154 1012 1221 κτᾶσθαι,
1049 1154 1304 1209 τοσοῦτον
1337 1155 1517 1210 αὐτῶν
1549 1156 1763 1224 γίνεται
1792 1159 1926 1229 πορ-

349 1246 597 1315 ρωτάτω.
633 1247 820 1311 Οὕτως
854 1249 1115 1302 οὐδέποτε
1152 1252 1435 1318 κτήσεται,
1471 1248 1608 1304 ἀλλὰ
1652 1249 1757 1304 κᾶν
1789 1253 1923 1322 χρή-

348 1354 494 1405 ματα
543 1338 719 1402 διδούς
784 1341 959 1403 ἐστιν,
1026 1340 1114 1394 ὅτε
1187 1341 1350 1411 χάριν
1406 1340 1712 1410 λαμϐάνειν
1767 1342 1921 1415 δοκῇ»

342 1416 603 1498 χρήματα
652 1430 756 1502 μὲν.
783 1432 1057 1497 ἀπώλεσε,
1090 1433 1314 1503 χάριτος
1358 1432 1415 1486 δὲ
1442 1433 1545 1486 οὐκ
1590 1433 1804 1505 ἔτυχεν.
1851 1436 1917 1489 Ἡ

345 1522 452 1591 γὰρ
477 1522 544 1575 ἂν
570 1523 691 1577 οὐδὲ
728 1525 891 1593 χάρις
913 1526 946 1594 ἡ
989 1525 1148 1595 χάρις
1176 1520 1267 1595 ἦν,
1304 1526 1418 1594 εἴγε
1449 1527 1747 1596 χρημάτων
1789 1529 1925 1582 ἀποο

345 1613 588 1667 δίδοσθαι
616 1616 822 1685 ταύτην
852 1634 936 1682 τις
964 1612 1134 1688 εἶχεν,
1168 1616 1305 1671 ἀλλά
1357 1622 1431 1688 μὴ
1463 1620 1667 1689 προῖκα
1696 1619 1919 1674 διδόναι.

414 1793 526 1846 Καὶ
558 1793 624 1862 δὴ
651 1795 744 1847 καὶ
763 1795 791 1846 ὁ
815 1795 883 1849 τὰ
913 1796 1126 1867 μεγάλα
1161 1797 1295 1868 πρὸς
1318 1796 1456 1851 Θεοῦ
1484 1796 1811 1866 λαμϐάνειν,
1848 1800 1923 1865 ὣς

2028 611 2158 665 huic.
2188 616 2444 681 pecunia.
2494 614 2814 683 Quanquam
2849 617 2891 670 si
2935 622 3160 686 pecunia
3195 623 3335 677 hanc
3367 625 3596 690 gratiam

2026 703 2321 757 conciliare
2353 706 2515 769 solet,
2565 706 2836 759 intereant
2886 720 3102 777 oportet
3146 725 3336 767 omnes
3378 715 3598 768 virtutis

2024 802 2079 847 et
2110 792 2327 861 pietatis
2377 795 2822 859 exercitationes,
2883 798 3104 865 quando
3162 800 3248 864 ei,
3285 803 3376 870 qui
3436 818 3601 871 pecu-

2025 885 2222 940 niosus
2258 893 2364 951 est,
2414 884 2679 952 Spiritum
2739 898 2988 943 sanctum
3023 906 3145 944 eum
3177 894 3360 961 quiete
3414 909 3599 947 emere

1978 977 2169 1061 ‘licet,
2210 992 2318 1029 non
2380 990 2543 1031 secus
2601 993 2665 1032 ac
2726 993 2916 1049 agrum
2959 992 3050 1035 aut
3090 984 3335 1039 domum.
3387 986 3456 1039 At
3517 986 3602 1038 vir

2025 1064 2203 1119 bonus
2233 1073 2287 1119 et
2353 1067 2658 1122 industrius
2692 1085 2759 1124 ne
2823 1071 2983 1125 obolo
3046 1074 3264 1142 quidem
3300 1075 3366 1128 ad
3415 1077 3600 1130 divina

2025 1156 2165 1210 dona
2194 1159 2561 1226 comparanda
2589 1159 2814 1228 indiget.
2881 1160 3166 1232 Improbus
3206 1181 3337 1219 vero
3390 1176 3600 1236 quanto

2024 1249 2146 1318 plus
2183 1264 2530 1305 nummorum
2565 1267 2623 1305 se
2653 1253 2934 1320 possidere
2970 1262 3238 1322 autumat,
3283 1266 3431 1312 tanto
3482 1260 3602 1312 lon—

2024 1340 2144 1406 gius
2179 1339 2383 1394 abillis
2431 1349 2740 1408 separatur.
2801 1341 2890 1397 Sic
2950 1361 3228 1415 nunquam
3280 1348 3600 1416 possidebit.

2023 1428 2128 1483 Sed
2183 1430 2434 1498 quamvis
2483 1433 2742 1500 pecunias
2797 1435 2989 1504 gratia;
3047 1436 3378 1505 accipienda:
3433 1453 3598 1494 causa

2023 1522 2365 1591 expenderit,
2418 1532 2473 1577 et
2520 1525 2781 1593 pecunias
2840 1526 3097 1595 perdidit,
3129 1534 3184 1583 et
3231 1529 3459 1600 gratiam
3496 1545 3602 1584 non

2025 1614 2285 1668 obtinuit.
2322 1613 2434 1669 Nec
2469 1618 2644 1685 gratia
2700 1618 2866 1673 fuerit
2918 1620 3184 1690 gratia,si
3242 1636 3351 1676 non
3409 1623 3602 1694 gratis,

2023 1706 2118 1760 sed
2164 1707 2410 1774 pecuniis
2446 1709 2609 1763 alicui
2641 1711 2998 1767 concedatur.

2096 1797 2335 1854 Tametsi
2368 1816 2514 1870 sazpe
2571 1803 2860 1874 contingit,
2900 1814 2956 1859 ut
3004 1807 3095 1876 qui
3132 1808 3347 1878 magnis
3380 1808 3538 1863 donis
3574 1826 3602 1863 a

340 1902 397 1939 τι
444 1887 554 1940 τῶν
611 1888 848 1942 εὐτελῶν
901 1889 1276 1961 λογιζόμενος,
1333 1892 1610 1962 καθειρεῖν
1667 1895 1924 1964 πειρᾶται

2033 1893 2141 1947 Deo
2198 1894 2511 1950 cumulatus
2557 1904 2660 1961 est,
2718 1911 2779 1950 ea
2834 1905 3112 1964 extenuet,
3169 1910 3224 1954 et
3288 1901 3368 1955 sic
3434 1902 3601 1957 Deum

341 1980 494 2033 Θεὸν.
525 1983 771 2039 Δέονκαὶ
792 1986 907 2048 τοῖς
930 1985 1142 2039 ἐκεῖθεν
1167 1987 1409 2055 μικροῖς,
1438 1987 1492 2040 εί
1510 2004 1561 2039 τι
1584 1985 1693 2039 τῶν
1715 1987 1925 2041 ἐκείνου

342 2073 618 2140 τοιοῦτον,
652 2076 728 2139 ὡς
767 2077 1052 2147 μεγίστοις
1089 2097 1148 2132 τε
1177 2079 1273 2133 καὶ
1307 2079 1660 2149 τιμιωτάτοις
1691 2074 1928 2149 προσφέὲ-

355 2168 571 2237 ρεσθαι,
597 2170 733 2226 ἀλλὰ
758 2173 919 2243 μάγῳ
941 2172 1046 2225 τῶν
1062 2174 1327 2227 τοιούτων
1351 2172 1571 2236 σύνεσις
1592 2167 1661 2244 ἦν
1678 2173 1926 2242 οὐδεμία.

350 2264 628 2337 Εύενδότῳ
665 2267 765 2337 μὲν
799 2264 914 2332 οὖν,
951 2267 1047 2321 καὶ
1090 2267 1339 2336 μαλακῷ,
1377 2269 1473 2322 καὶ
1507 2266 1798 2337 καπηλικῷ
1837 2267 1928 2319 τὸν

344 2360 546 2431 τρόπον
578 2359 731 2431 ᾠήθη
763 2359 841 2430 τῷ
875 2359 1068 2431 Πέτρῳ
1096 2360 1281 2430 Σίμων
1317 2358 1662 2425 ἐντεύξεσθαι
1683 2374 1699 2392 ⁶
1732 2358 1930 2430 ᾔσθετο

343 2451 390 2506 δ’
437 2452 671 2521 ἀσφαλεῖ
730 2451 1056 2521 προσϐαλὼν
1107 2455 1201 2507 καὶ
1222 2452 1507 2523 ἀρῤήκτῳ,
1564 2452 1660 2504 καὶ
1717 2443 1930 2522 φανερᾶ

347 2545 534 2613 εργοις
571 2544 842 2615 τιθεμένῳ
871 2544 969 2616 τὴν
1004 2545 1197 2614 κλῆσιν
1222 2547 1506 2615 ’.μάταιος
1538 2543 1847 2615 ἄνθρωπος,
1882 2546 1930 2597 εἰ

349 2634 477 2704 μήθ’
499 2636 598 2688 ὅτι⁴
629 2639 913 2705 κρείττους
969 2637 1270 2704 χρημάτων
1295 2637 1342 2688 οἱ
1370 2635 1658 2688 ἀπόστολοι
1688 2638 1929 2688 συνεῖναι

346 2722 484 2800 εἷχε,
514 2729 611 2782 καὶ
652 2730 686 2797 ἡ
718 2729 898 2799 χάρις,
934 2727 1008 2789 ὡς
1036 2729 1098 2781 οὐ
1139 2727 1347 2790 δοῦλον,
1401 2727 1538 2781 ἀλλὰ
1592 2728 1700 2779 τῶν
1756 2727 1927 2780 ὄντων

314 2821 797 2894 τὲλευθερὼτατον,
852 2821 1019 2892 ἢὸτι
1075 2821 1207 2875 ποτέ
1258 2839 1343 2884 τις
1406 2822 1475 2875 ἂν
1533 2820 1683 2892 εὖροι
1740 2820 1928 2891 μεῖζον

344 2917 542 2970 εἰπεῖν.

436 3178 600 3233 ’Δλλὰ
637 3177 745 3247 γάρ
778 3174 984 3231 κείσθω
1011 3175 1076 3248 δὴ
1103 3174 1230 3241 τοὺς
1263 3175 1593 3242 ἀποστόλους
1627 3175 1928 3249 χρημάτων

348 3276 507 3345 ἑρᾷν,
544 3272 711 3327 πόθεν
763 3273 842 3333 εἰς
894 3271 1020 3323 νοῦν
1066 3269 1227 3323 τοῦτό
1275 3286 1339 3337 γε
1380 3270 1567 3323 λαϐεῖν
1602 3271 1924 3340 ἐτόλμησεν,

343 3366 426 3419 ὃτι
461 3363 597 3418 Θεοῦ
628 3363 789 3433 χάριν
817 3360 1117 3433 χρημάτων
1143 3360 1446 3431 ὡνήσεταις
1486 3358 1575 3422 Ὠς
1606 3360 1735 3431 ἡδὺς
1761 3356 1829 3430 ἦν
1879 3362 1928 3412 εἰ

342 3456 560 3525 πνεῦμα
605 3455 727 3522 μὲν,
756 3454 822 3507 ἂν
876 3453 1186 3522 αὐτόματον
1235 3453 1309 3522 μὴ
1343 3451 1503 3523 πλέῃ,
1539 3451 1729 3522 βορέου
1764 3451 1927 3522 τυχὸν

341 3549 374 3621 ἢ
405 3549 583 3614 νότου,
617 3545 740 3617 μηδ’
775 3546 842 3599 ἂν
890 3544 1038 3608 ὅσοις
1075 3544 1279 3609 κόσμος
1322 3542 1437 3614 εχει
1488 3544 1740 3615 χρήμασι
1776 3560 1929 3613 κινη-

342 3642 524 3711 θῆναι,
556 3640 655 3709 τὴν
704 3638 762 3691 δὲ
817 3637 968 3690 θείαν
1021 3635 1328 3701 ἐπίπνοιαν,
1364 3636 1464 3706 τὴν
1495 3636 1599 3691 καὶ
1622 3634 1779 3688 τοῦδε
1832 3631 1927 3688 τοῦ

342 3716 663 3804 Πνεύματος
706 3730 1059 3802 παρακτικὴν
1104 3729 1199 3782 καὶ
1251 3727 1543 3799 κινητικὴν
1576 3727 1773 3796 οἰκτρά
1806 3744 1929 3779 τινα

339 3827 600 3898 χρήματα
647 3821 976 3878 καταϐαλὼν
1033 3821 1357 3888 πορίσεσθαι
1408 3821 1662 3890 ἤλπισεν.
1723 3819 1928 3872 Ἐδόκει

256 3921 259 3924 ⁴
340 3934 404 3988 γε
456 3920 564 3988 μὴν
608 3917 637 3970 ὁ
691 3916 1117 3986 μεγαλέμπορος
1158 3911 1406 3981 ἁσμένην
1454 3913 1568 3973 τοίς
1607 3909 1930 3972 ἀποστόλοις

339 4013 439 4083 τὴν
475 4006 933 4081 ἐμπορίαν-αύτῷ
972 4005 1328 4074 γενήσεσθαι,
1366 4004 1459 4056 καὶ
1490 4003 1590 4074 τὴν
1639 4020 1927 4073 προσαγω-

338 4109 443 4175 γὴν
473 4103 581 4159 τῶν
612 4102 913 4174 χρημάτων
937 4099 1325 4171 προχωρήσειν
1355 4097 1739 4168 εὐπρόσωπονο
1772 4113 1927 4149 πτω-

337 4199 423 4268 χοὶ⁵
450 4198 559 4265 γὰρ
591 4191 673 4259 οἷς
697 4193 873 4248 ταῦτα
904 4193 1236 4263 προσήγετο,
1267 4190 1359 4242 καὶ
1385 4189 1686 4259 χρημάτων
1709 4188 1929 4250 πάντως

340 4289 373 4360 ἢ
404 4289 544 4359 τάχα
588 4288 859 4356 δεόμενοι.
911 4285 1205 4339 Ἑλάνθανε
1244 4284 1301 4337 δὲ
1341 4283 1528 4348 αὑτὸν,
1566 4281 1642 4344 ὡς
1675 4282 1928 4335 ἐντεῦθεν
1971 4315 1976 4318 -

341 4383 553 4446 τούτοις
576 4382 635 4434 τὸ
684 4377 977 4444 πένεσθαι,
1031 4380 1096 4430 ἐκ
1125 4376 1235 4431 τοῦ
1274 4376 1441 4447 μηδὲν
1493 4375 1647 4444 παρὰ
1700 4375 1928 4446 μηδενὸς

340 4473 646 4543 λαμϐάνειν
675 4471 993 4543 ἀνέχεσθαι.
1038 4470 1109 4529 Εἰ,
1152 4469 1415 4539 γάρικατ⁴
1441 4469 1610 4541 ἄνδρα
1655 4468 1764 4521 τῶν
1792 4467 1931 4537 λαμ-

2030 1987 2187 2054 quasi
2216 1984 2285 2039 de
2314 1985 2512 2040 throno
2551 1986 2846 2042 deturbare
2894 1997 3083 2056 tentet,
3140 2006 3264 2045 cum
3301 1992 3511 2055 deceat,
3547 2003 3607 2047 ut

2030 2088 2081 2130 et
2122 2078 2320 2144 exigua
2354 2079 2496 2133 dona
2516 2079 2746 2136 coalitus
2774 2081 2900 2135 data
2940 2084 3009 2154 (si
3040 2083 3168 2153 quid
3219 2092 3399 2139 tamen
3436 2084 3603 2153 hujus

2031 2168 2250 2232 generis
2281 2168 2538 2237 exiguum
2579 2168 2685 2243 est)
2716 2180 2972 2242 tanquam
3003 2174 3237 2227 maxima
3296 2182 3351 2228 et
3402 2174 3607 2246 pretio-

2031 2258 2248 2313 sissima
2324 2268 2698 2328 acceptemus.
2759 2262 2865 2318 Sed
2920 2263 3107 2319 talium
3169 2265 3354 2320 nullus
3410 2280 3606 2321 sensus

2031 2360 2149 2405 erat
2171 2365 2354 2421 mago,
2381 2351 2476 2422 qui
2503 2366 2630 2406 cum
2664 2354 2825 2409 Petro
2849 2369 3201 2425 congressus,
3232 2357 3604 2421 existimabat,

2034 2458 2095 2497 se
2130 2442 2183 2496 in
2215 2442 2496 2498 hominem
2540 2443 2736 2511 facilis,
2767 2445 2949 2502 mollis
2994 2436 3050 2501 et
3077 2449 3396 2518 cauponarii
3433 2449 3607 2503 animi

2034 2535 2312 2590 incidisse.
2357 2535 2464 2592 Sed
2490 2551 2615 2592 mox
2644 2536 2859 2603 didicit,
2916 2554 2977 2594 se
3019 2539 3309 2610 impegisse
3365 2541 3424 2595 in
3464 2541 3607 2596 invi-

2031 2635 2178 2682 ctum
2227 2635 2390 2697 atque
2463 2629 2963 2701 inexpugnabilem,
3025 2637 3081 2685 et
3130 2632 3223 2700 qui
3270 2632 3608 2688 vocationem

2033 2735 2190 2775 suam
2229 2720 2557 2788 ipsisfactis
2617 2721 2890 2790 probaret.
2945 2719 3287 2779 Vanissimus
3334 2723 3518 2787 homo.
3560 2724 3606 2778 si

2033 2813 2316 2882 apostolos
2372 2813 2624 2883 pecuniis
2674 2814 2986 2883 superiores
3035 2829 3160 2870 esse
3220 2829 3326 2870 non
3364 2816 3522 2879 vidit,
3552 2824 3610 2870 et

2032 2905 2204 2972 gratia
2231 2907 2367 2958 adeo
2400 2919 2509 2957 non
2542 2913 2625 2958 est
2665 2904 2771 2958 sub
2807 2905 3097 2968 servitute,
3123 2912 3182 2959 ut
3224 2907 3466 2960 omnium
3517 2921 3610 2962 rc-

2032 3010 2152 3049 rum
2183 2996 2255 3050 sit
2298 2997 2600 3063 liberrima,
2669 2997 2749 3053 vel
2787 2996 2833 3054 si
2872 2994 3004 3069 quid
3061 2999 3242 3070 majus
3267 3016 3295 3054 a
3333 3015 3606 3071 quoquam

2031 3087 2138 3143 dici
2168 3096 2367 3157 potest.

2106 3180 2210 3235 Sed
2245 3180 2511 3238 faciamus
2559 3183 2840 3253 apostolos
2882 3182 3143 3253 pecunias
3169 3194 3430 3237 amasse:
3467 3177 3612 3233 unde

2033 3282 2214 3328 tamen
2244 3273 2373 3329 huic
2420 3275 2474 3328 in
2513 3283 2748 3330 mentem
2798 3275 2991 3330 venire
3026 3274 3203 3345 potuit
3254 3272 3345 3326 Dei
3379 3271 3610 3338 gratiam

2035 3367 2287 3436 pecuniis
2321 3367 2478 3421 emi?
2510 3354 2701 3423 Bellus
2739 3369 2904 3423 homo
2932 3376 3072 3424 erat.
3128 3367 3186 3423 Si
3237 3365 3463 3436 spiritus
3514 3380 3609 3419 seu

2032 3470 2248 3525 ventus,
2267 3459 2542 3529 aquilonis
2580 3467 2708 3530 puta
2733 3470 2827 3514 aut
2856 3461 3053 3531 austri,
3072 3466 3264 3530 sponte
3287 3474 3396 3513 non
3423 3467 3611 3529 Spll‘t‘l,

2034 3567 2139 3606 non
2182 3550 2368 3615 ﬂabit,
2411 3550 2537 3607 licet
2564 3552 2732 3608 totius
2765 3552 2950 3608 mundi
2981 3553 3248 3624 pecunias
3281 3550 3612 3622 pollicear-is.

2030 3644 2101 3699 At
2135 3660 2262 3700 vero
2293 3644 2537 3699 divinum
2574 3642 2808 3721 amatum
2847 3655 2900 3701 et
2927 3645 3284 3715 spiraculum,
3313 3642 3457 3713 quod
3493 3639 3617 3711 Spi-

2032 3736 2198 3791 ritum
2231 3736 2437 3805 profert
2471 3745 2526 3792 et
2550 3747 2750 3799 movet.
2783 3738 2986 3793 oblatis
3022 3738 3243 3792 miseris
3275 3734 3612 3806 quibusdam

2036 3830 2339 3886 nummulis
2371 3845 2431 3886 se
2461 3831 2782 3900 adepturum
2806 3831 3080 3899 sperabat.
3111 3829 3504 3883 Arbitrahatur
3532 3826 3619 3881 ni-

2032 3924 2229 3977 mirum
2262 3922 2514 3992 egregius
2555 3923 2657 3980 iste
2687 3931 2987 3986 mercator,
3021 3920 3287 3991 apostolis
3335 3927 3615 3975 mercatu-

2031 4030 2148 4071 ram
2178 4027 2333 4069 suam
2361 4014 2685 4084 jucundam,
2739 4021 2793 4069 et
2852 4014 3189 4069 oblationem
3250 4011 3611 4082 pecuniarum

2033 4121 2293 4176 perquam
2369 4113 2581 4178 gratam
2653 4113 3051 4176 acceptamque
3118 4104 3279 4170 fore;
3349 4118 3620 4174 pauperes

2032 4199 2177 4255 enim
2200 4207 2380 4265 erant,
2413 4198 2614 4268 quibus
2670 4198 2959 4268 pecuniam
3008 4196 3292 4262 offerebat,
3334 4203 3390 4250 et
3443 4208 3611 4265 pecu-

2033 4293 2245 4348 niarum
2277 4306 2441 4362 quam
2498 4290 2737 4345 maxime
2799 4289 2989 4360 indigi.
3040 4289 3110 4344 At
3171 4287 3415 4355 fugiebat
3462 4301 3618 4348 eum,

2033 4385 2228 4439 horum
2248 4391 2549 4455 egestatem
2583 4381 2711 4437 inde
2746 4382 2918 4445 nasci,
2948 4378 3093 4451 quod
3118 4378 3254 4434 nihil
3280 4393 3311 4432 a
3342 4390 3619 4447 quoquam

2034 4479 2284 4548 accipere
2309 4477 2669 4532 sustinerent.
2702 4475 2759 4530 Si
2809 4475 2956 4529 enim
2986 4473 3193 4529 viritim
3255 4486 3356 4542 pro
3388 4483 3624 4524 numero

342 4565 617 4619 ϐανόντων
668 4564 728 4617 τὺ
778 4563 1030 4633 χάρισμα
1090 4560 1332 4614 τοσαῦτα
1391 4561 1623 4624 τούτοις.
1679 4561 1780 4615 ὅσα
1837 4560 1929 4613 καὶ

2038 4587 2252 4634 eorum,
2296 4571 2389 4639 qui
2416 4568 2680 4639 Spiritum
2719 4577 2969 4624 sanetum
3023 4574 3369 4635 acceperant,
3404 4570 3641 4616 tantum-

342 4656 547 4724 Σίμων,
583 4654 849 4716 ἐδίδοσαν,
884 4652 998 4705 οὐδ’
1032 4651 1098 4705 ἂν
1128 4651 1365 4721 πτωχῶν
1394 4651 1553 4717 δόξαν
1582 4650 1777 4705 ἔλαϐον
1804 4653 1932 4722 παρ’

339 4747 509 4816 αὐτῷ,
549 4747 582 4816 ἢ
616 4748 726 4800 τῶν
756 4745 970 4798 ἐκείνου
1005 4743 1144 4812 πρὸς
1180 4744 1372 4813 χρείαν
1411 4745 1574 4815 ἥκειν
1616 4743 1787 4805 τινός.

424 4840 569 4892 Ἀλλ’
598 4841 628 4892 ὁ
660 4840 759 4909 μὲν
811 4839 999 4908 Σίμων
1033 4838 1177 4891 οὕτω
1208 4840 1303 4891 καὶ
1338 4839 1548 4908 Πέτρου
1596 4836 1804 4905 φαῦλον
1843 4853 1934 4905 φι-

341 4930 648 5002 λαργυρίας
681 4926 816 5003 ἦθος
848 4931 1284 5001 κατεμαρτύρει,
1321 4928 1421 4999 κοιλῐ
1456 4929 1519 4982 τὸ
1551 4909 1785 4997 Πνεῦμέ
1812 4927 1935 4980 δοῦ-

343 5024 435 5079 λον
477 5026 571 5077 καὶ
622 5025 815 5094 μάγων
857 5022 1054 5094 ἤλπισε
1106 5022 1377 5090 γίνεσθαι.
1431 5020 1638 5090 Πέτρος
1688 5022 1734 5073 δ’
1788 5021 1934 5090 ὑπὲρ

342 5121 539 5174 ἑαυτοῦ
577 5122 676 5192 μὲν
707 5123 812 5175 κᾶν
837 5122 1103 5189 συνέγνω,
1134 5118 1233 5190 τὴν
1253 5118 1311 5173 δὲ
1331 5119 1476 5173 κατὰ
1498 5117 1596 5172 τοῦ
1618 5118 1757 5171 Πνεύ
1767 5135 1934 5188 ματος

347 5214 471 5267 οὐδὲ
515 5215 715 5285 μέχρις
748 5214 922 5282 ἀκοῆς
973 5214 1255 5283 ύπήνεγκε
1311 5211 1688 5282 βλασφημίαν.
1733 5209 1874 5263 Ἀλλ’
1907 5212 1935 5263 ὁ

346 5308 517 5363 πάλαι
548 5309 680 5361 ποτὲ
713 5307 900 5371 ἁλιεὺς
928 5310 1018 5360 καὶ
1048 5308 1216 5362 πάλιν
1246 5306 1435 5382 ἁλιεύς
1467 5305 1671 5375 ἀγαθὸς
1697 5304 1931 5373 γίνεται,

348 5404 440 5455 καὶ
487 5404 551 5471 τῇ
599 5401 818 5473 τριαίνῃ
863 5403 962 5471 τῆς
1018 5401 1295 5462 ἀπωλείας
1349 5400 1442 5452 τὸν
1470 5399 1622 5464 ἀξιον
1656 5397 1934 5461 ἀπωλείας

348 5493 530 5565 βαλὼν
579 5494 799 5562 ἄφυκτα
834 5482 1170 5565 περιπείρεὶ.
1215 5494 1328 5563 υύχ
1366 5493 1449 5546 ὅτι
1487 5492 1596 5563 γὰρ
1645 5490 1924 5558 ὠνεῖσθαι,

345 5588 566 5651 πάντως
603 5587 659 5640 δέ
693 5605 796 5641 που
824 5588 914 5641 καὶ
947 5587 1424 5659 μεταπιπράσκειν
1463 5586 1563 5656 τὴν
1594 5584 1760 5655 χάριν
1792 5582 1935 5651 ἔγνω

346 5676 751 5746 διανοούμενον.
811 5681 874 5733 Et
929 5683 1040 5752 γὰρ
1102 5680 1255 5746 ἄξιος
1301 5675 1461 5742 οὗτος
1508 5679 1788 5742 ἀπωλείας
1839 5679 1934 5731 καὶ

348 5774 584 5845 πρόσθεν
613 5769 703 5828 οἵα
733 5777 855 5838 ταῖς
885 5775 1165 5846 γοητείαις
1194 5774 1429 5836 πολλοὺς
1468 5770 1930 5841 ἐξανδραποδιζό-

353 5884 531 5935 μενος,
566 5868 663 5937 τὴν
703 5871 792 5921 ἐπὶ
834 5869 1040 5935 ταύτην
1081 5870 1291 5936 ἡγεῖτο,
1336 5867 1520 5920 πόσων
1560 5867 1800 5934 ὀλέθρων
1830 5865 1933 5920 οὐκ

1996 5401 2127 5470 σηιιὶ
2177 5399 2306 5453 olim
2369 5397 2611 5467 piscator
2676 5395 2874 5459 fuerat,

2037 4664 2398 4735 accepissent,
2437 4673 2704 4733 quantum
2736 4659 3001 4715 offerebat
3050 4658 3263 4720 Simon,
3320 4655 3464 4710 haud
3518 4670 3615 4712 eae

2036 4772 2136 4828 pro
2167 4757 2377 4828 egenis,
2406 4766 2461 4810 et
2492 4754 2585 4824 qui
2627 4767 2724 4809 sua
2761 4766 2866 4820 ope
2890 4759 3133 4820 egerent,
3168 4748 3474 4804 habuisset.

2107 4850 2175 4923 Et
2202 4848 2424 4920 quidem
2461 4845 2651 4901 Simon
2678 4844 2823 4899 hunc
2860 4844 2914 4897 in
2947 4844 3182 4897 modunr
3219 4849 3456 4896 testatus
3510 4850 3596 4896 est

2037 4942 2182 5012 quod
2211 4940 2433 4994 Petrum
2468 4952 2567 5005 pro
2607 4934 2786 5004 turpis
2817 4933 2954 4988 lucri
2985 4931 3187 5002 cupido
3214 4940 3268 4986 et
3322 4944 3490 4985 avaro
3537 4946 3600 4986 re

2038 5020 2263 5101 putarit,
2297 5029 2649 5097 sperarilque
2677 5026 2942 5095 Spiritum
2977 5023 3032 5079 in
3073 5023 3393 5078 servitutem
3454 5021 3623 5077 etiam

2039 5123 2206 5194 Magis
2236 5122 2352 5175 dari
2386 5136 2568 5192 posse.
2602 5121 2670 5173 At
2696 5117 2889 5173 Petrus
2927 5116 3285 5172 commissum
3344 5115 3396 5170 in
3432 5131 3490 5171 se
3517 5114 3627 5169 cri-

2039 5232 2161 5271 men
2214 5215 2453 5268 libenter
2505 5213 2557 5267 ei
2625 5211 2979 5277 condonavit,
3043 5208 3437 5280 blasphemiam
3494 5221 3628 5261 vero

2038 5318 2229 5364 contra
2262 5307 2528 5377 Spiritum
2560 5320 2629 5360 ne
2661 5305 2728 5359 ad
2755 5318 2917 5359 aures
2966 5303 3184 5374 quidem
3232 5300 3492 5365 admisit;
3528 5298 3625 5353 sed

2958 5409 3106 5448 nunc
3163 5392 3361 5447 iterum
3415 5403 3629 5460 gnavus

2036 5492 2280 5560 pisrator
2307 5486 2559 5550 eilicitur,
2590 5494 2646 5541 et
2675 5486 2913 5540 tridente
2940 5482 3269 5553 perditionis
3305 5480 3621 5547 perculsum

2037 5597 2159 5635 eum
2196 5583 2284 5651 qui
2315 5581 2514 5649 dignus
2538 5586 2658 5633 erat
2677 5577 3003 5647 perditione,
3030 5572 3416 5629 inevitabiliter
3439 5581 3619 5624 trans~

2039 5674 2172 5743 figit,
2200 5687 2306 5724 non
2336 5671 2514 5724 solum
2546 5669 2674 5734 quia
2726 5683 2929 5733 emere,
2966 5665 3060 5721 sed
3114 5674 3169 5719 et
3195 5664 3322 5734 quia
3373 5660 3622 5715 vendere

2037 5766 2267 5836 gratiam
2296 5762 2591 5833 cogitabat.
2638 5760 2695 5814 Si
2729 5759 2875 5815 enim
2922 5760 3025 5814 iste
3071 5758 3224 5827 prius
3257 5768 3477 5826 quoque
3505 5750 3614 5805 exi-

2039 5862 2112 5915 tio
2148 5858 2344 5928 dignus
2389 5855 2588 5918 fuerat,
2655 5853 2797 5923 quod
2858 5852 3042 5906 inultis
3072 5866 3168 5922 per
3223 5844 3619 5904 fascinationes
