4076 6436
512 357 657 422 103'}

1765 362 2054 422 ΜᾹΧΙΜΙ
2103 361 2480 434 ΡΙιΑΝΗῡΕ

3646 375 3773 444 10δᾶ

512 493 645 531 suas
679 475 1027 549 dementatis,
1065 478 1132 532 ad
1162 477 1391 535 exitium
1450 465 1746 549 μιμεῖται-ιι,
1782 499 1918 552 quot
1964 484 2082 538 exi-

2199 477 2266 531 ἂν
2292 481 2375 548 είη
2404 481 2497 533 νῦν
2527 480 2846 550 ἀξιώτατος,
2873 483 2932 549 ες
2958 502 3020 554 γε
3051 488 3150 559 τὴν
3174 487 3268 544 τοῦ
3290 491 3424 544 Θεοῦ
3455 492 3612 563 χάριν
3640 493 3775 550 οὕτω

515 569 607 625 liis
635 585 781 624 nunc
826 571 1182 641 dignissimus
1236 588 1343 628 non
1381 586 1486 639 est,
1540 575 1632 642 qui
1693 575 1933 630 divinam
1969 593 2092 648 gra-

510 662 640 715 tiam
673 664 747 716 ita
780 665 1027 718 venalem
1061 666 1322 731 somniat,
1353 667 1514 722 sicuti
1548 671 1599 721 in
1630 667 1750 722 foro
1777 685 1862 725 res
1890 685 2088 723 venum

506 756 935 822 proponuntur?
973 757 1166 811 Verum
1223 759 1336 813 haec
1392 759 1618 827 Spiritui
1675 762 1868 832 magis,
1928 777 2089 830 quam

506 859 648 912 aqua
683 847 818 916 igni,
855 848 1319 904 adversabantur.
1354 843 1522 906 Porro
1549 867 1672 907 cum
1719 854 2088 919 erubesceret,

505 952 566 988 se.
598 937 664 989 ad
697 953 884 992 eorum
933 950 1159 1004 caelum,
1193 944 1287 1012 qui
1343 943 1552 1014 Spiritu
1607 946 1757 1016 digni
1788 957 1965 1009 erant.
1999 963 2091 1017 ag-

503 1043 753 1097 gregare,
795 1030 1039 1086 audaciae
1083 1047 1198 1087 suae
1231 1034 1435 1103 absque
1488 1051 1638 1090 mora
1698 1052 1890 1106 pinnas
1945 1038 2089 1093 luit:

507 1135 630 1172 nam
668 1121 802 1174 nihil
832 1122 983 1176 aliud
1021 1127 1287 1189 restabat,
1319 1143 1480 1196 quam
1527 1139 1582 1183 ut
1618 1130 1688 1195 is,
1725 1131 1815 1200 qui
1863 1147 1970 1185 non
2022 1147 2090 1186 ex

507 1213 810 1282 Ignorantia
872 1230 1048 1284 neque
1092 1216 1294 1287 impetu
1345 1221 1624 1290 abreptus,
1679 1223 1775 1276 SN]
1834 1226 2090 1282 consulto

509 1305 763 1371 consilio,
797 1314 852 1360 et
895 1321 959 1362 ex
995 1312 1238 1365 versutia
1284 1321 1392 1367 tam
1447 1315 1664 1384 indigna
1724 1319 2085 1386 magnitudini

509 1397 707 1451 divina!
742 1399 994 1456 all‘ricare
1020 1406 1349 1464 conabatur.
1378 1407 1430 1460 in
1470 1409 1697 1462 exitium
1751 1413 2084 1468 mitteretur.

508 1488 662 1555 Quod
697 1501 750 1546 et
793 1493 991 1548 factum
1032 1510 1059 1549 a
1087 1495 1250 1552 Petro
1278 1500 1588 1569 justissimo
1611 1503 1843 1570 judicio.

583 1584 771 1652 Itaque
800 1587 928 1640 licet
956 1589 1082 1657 quis
1127 1591 1460 1661 cogitatione
1483 1595 1548 1648 ad
1603 1595 1752 1650 Giezi
1813 1609 2085 1663 recurrat,

509 1672 697 1729 Simon
741 1693 897 1746 poena
957 1680 1175 1750 dignior
1209 1687 1456 1754 exstitit;
1508 1703 1685 1756 neque
1724 1691 1868 1744 enim
1928 1693 2087 1745 simi-

507 1768 610 1820 l-tm
653 1780 905 1825 eventum
951 1772 1162 1837 habuit,
1206 1779 1300 1847 qui
1337 1778 1477 1833 dona
1532 1780 1654 1852 Syri
1709 1785 1847 1838 male
1886 1787 2016 1839 emit
2053 1803 2065 1839 :

505 1871 632 1911 nam
671 1859 741 1914 ibi
777 1863 920 1919 alius
956 1875 1097 1924 erat.
1134 1869 1220 1922 cui
1257 1872 1596 1927 curationem
1625 1875 1844 1930 dederat
1874 1895 1888 1945 ;
1921 1880 2082 1943 alius,

501 1951 591 2014 qui
623 1963 934 2022 acceperat,
992 1959 1192 2028 quibus
1241 1964 1441 2018 tertius
1485 1972 1880 2038 superveniens
1936 1973 2082 2028 αἰειῑί

505 2059 734 2097 nntuera
769 2050 1005 2118 accepit,
1034 2067 1225 2108 verum
1265 2058 1616 2126 existimans,
1659 2077 1718 2118 se
1745 2080 1919 2133 neque
1958 2081 2088 2119 ven-

502 2136 658 2202 dcre,
695 2155 874 2210 neque
927 2159 1114 2201 emere
1164 2151 1439 2219 gratiam;
1478 2168 1658 2223 neque
1695 2157 1838 2209 enim
1905 2159 1950 2213 is
1997 2161 2087 2213 ille

498 2238 635 2293 erat,
696 2233 790 2299 qui
849 2233 1126 2303 dederat,
1179 2255 1362 2309 neque
1419 2244 1512 2310 qui
1572 2256 1904 2314 acceperat;
1966 2251 2084 2313 sed,

502 2331 696 2376 sanato
738 2323 850 2389 jam
898 2326 1058 2398 Syro,
1095 2333 1361 2395 accnrrit,
1425 2344 1476 2386 et
1511 2351 1736 2390 munera
1785 2339 1889 2393 sibi
1923 2341 2087 2410 depo-

498 2413 694 2480 poscit.
733 2414 866 2481 Qu;e
915 2421 1100 2474 omnia
1163 2424 1364 2478 minori
1413 2428 1855 2496 reprehensioni,
1917 2451 2081 2502 quant

499 2506 803 2569 Simonem,
865 2510 1164 2565 obnoxium
1235 2515 1502 2572 indicant.
1569 2520 1898 2590 Quanquam
1991 2526 2078 2578 ille

499 2598 767 2662 pecunias
812 2603 1046 2671 accepit,
1083 2604 1169 2660 hic
1199 2606 1331 2661 dare
1364 2621 1651 2680 promptus
1699 2627 1837 2674 erat,
1870 2631 1979 2685 quo
2002 2621 2084 2682 lit,

500 2695 560 2738 ut
586 2687 732 2743 illius
761 2693 995 2749 avaritia
1025 2694 1271 2752 deterior
1301 2716 1433 2755 esse
1482 2703 1754 2771 videatur,
1783 2723 1946 2777 quam
1998 2711 2086 2764 Si-

500 2782 683 2837 monis
746 2783 1046 2845 liberalitas
1125 2791 1398 2850 Caeterum
1451 2799 1716 2863 pecunias
1776 2815 1983 2868 amare,
2030 2812 2079 2857 et

501 2871 674 2927 Deum
719 2875 1060 2937 inhonorare
1093 2885 1252 2952 velle,
1290 2903 1486 2958 magno
1527 2891 1740 2946 distant
1773 2893 2082 2962 intervallo,

499 2975 553 3017 et
588 2978 795 3033 quanto
825 2971 931 3026 hoc
964 2979 1239 3043 posterius
1268 2981 1448 3048 priore
1483 2983 1815 3041 sceleratius
1867 2997 1922 3040 et
1983 2991 2083 3041 ah-

497 3057 718 3114 snrdius
748 3070 853 3128 est,
885 3070 1039 3120 tanto
1069 3068 1234 3122 etiam
1261 3069 1453 3126 Simon
1492 3075 1687 3144 magis,
1713 3091 1876 3144 quam
1931 3077 2082 3132 Giezi

498 3149 872 3208 maledictioni
905 3155 1138 3214 idoneus
1160 3171 1301 3215 erat.
1351 3163 1514 3232 Atqui
1549 3165 1594 3219 si
1630 3165 1826 3221 Petrus
1884 3180 2073 3224 aucto-
2105 3189 2152 3252 ο

497 3255 612 3294 rem
647 3243 811 3314 hujus
836 3247 1208 3316 improbitatis
1239 3254 1405 3308 simul
1441 3272 1568 3311 cum
1597 3259 1715 3327 ipsa
1755 3259 2081 3328 improbita-

501 3343 551 3385 te
581 3351 688 3389 non
731 3339 920 3392 statim
968 3343 1361 3409 oppressisset,
1400 3362 1566 3417 quam
1634 3351 1838 3406 multos
1907 3355 2084 3408 malus
2125 3402 2130 3406 .

497 3430 712 3484 (human
769 3433 1037 3488 excitaret
1081 3437 1359 3503 Simones,
1411 3444 1632 3511 quando
1662 3447 1914 3513 necdum,
1965 3449 2088 3506 licet

497 3523 784 3579 confestim
813 3528 880 3580 ab
914 3528 1070 3584 initio
1099 3532 1383 3590 sauciatus
1435 3545 1490 3591 et
1546 3548 1876 3608 prostratus,
1935 3545 2090 3611 quie—

495 3631 650 3670 scere
686 3620 856 3684 novit,
887 3620 1061 3678 cladis
1095 3633 1330 3697 acceptae
1358 3633 1609 3685 memori

571 3795 771 3852 Verum
808 3793 1114 3872 enimvero,
1137 3821 1246 3873 quo
1275 3809 1458 3867 oratio
1487 3810 1542 3866 in
1569 3827 1871 3885 progressu
1898 3833 2090 3888 prove-

497 3894 676 3955 tuilnr,
711 3895 840 3950 dum
867 3897 1161 3954 ostendere
1193 3902 1370 3972 cupit,
1401 3905 1547 3975 quod
1575 3916 1632 3961 et
1653 3909 1857 3978 saepius
1904 3924 2093 3969 osten-

494 3985 595 4048 dit,
627 3988 892 4056 apostolis
911 3990 976 4045 ad
1000 3991 1347 4062 largitionem
1378 3993 1508 4050 doni
1538 3997 1781 4055 caelestis
1839 4003 2094 4062 sutﬁcere

484 4080 666 4131 solam
699 4093 961 4135 manuum
1002 4081 1418 4152 impositionem
1456 4101 1471 4140 :
1522 4089 1616 4157 qui
1666 4090 1816 4144 enim
1866 4105 2093 4161 aspectu

483 4177 654 4223 erant
691 4169 900 4226 indocti
934 4215 948 4239 ,
978 4172 1195 4242 inglorii
1226 4185 1279 4229 et
1307 4178 1505 4248 egeni,
1541 4179 1632 4234 illa
1672 4182 1846 4239 cll'use
1881 4187 2090 4242 submi-

487 4263 810 4317 ιιίςῑνοιιςιιιι
833 4307 846 4326 ,
882 4281 1002 4336 qua:
1038 4282 1138 4320 nec
1171 4269 1634 4340 sapientissimus,
1666 4289 1786 4341 nec,
1843 4279 1931 4334 cui
2001 4281 2085 4334 in-

485 4370 683 4423 .gi-ntes
719 4374 884 4426 gazae,
909 4359 1106 4428 quibus
1141 4363 1277 4418 alios
1303 4365 1616 4432 superabat,
1649 4367 1921 4439 insignem
1966 4373 2086 4442 glo-

495 4463 628 4501 r.am
667 4451 1028 4518 peperissent,
1068 4463 1328 4522 praestare
1365 4464 1599 4526 poterat.
1661 4459 1865 4516 Iterum
1923 4465 2069 4520 Deus

2203 573 2494 640 τυγχάνειν
2541 575 2848 644 ὠνείρωξεν
2885 578 3108 647 εὔωνον,
3156 583 3232 646 ὡς
3269 584 3335 638 ἂν
3375 585 3428 639 εί
3456 603 3507 640 τι
3542 585 3647 641 τῶν
3687 588 3772 642 ἐπ’

2206 667 2412 734 ἀγορᾶς
2437 670 2704 739 κειμένων
2731 671 2932 738 ὠνίων;
2972 675 3134 729 Ἀλλὰ
3153 679 3260 746 γὰρ
3289 674 3357 749 ἦν
3385 681 3480 749 μὲν
3501 683 3604 734 τῶν
3628 683 3748 736 ἐραν

2200 761 2486 813 τιωτάτων
2534 761 2612 831 τῷ
2658 764 2943 834 Πνεῦματι
2988 772 3085 821 καὶ
3138 771 3338 839 μᾶλλον
3367 774 3400 842 ἢ
3437 773 3577 844 ὕδωρ
3606 776 3768 844 πυρί·

2201 851 2365 904 αὑτὸν
2421 851 2477 904 δὲ
2534 855 2645 913 τοῖς
2697 853 2871 919 ἀξίοις
2927 857 3021 911 τοῦ
3085 859 3404 931 Πνεύματος
3467 865 3771 917 συντάττειν

2201 943 2560 1013 ἀνασχυντῶν
2590 945 2746 1014 δίκην
2791 949 2993 1002 αὐτίκα
3039 951 3133 1006 τοῦ
3167 953 3406 1024 θράσους
3432 956 3642 1026 ὑπεῖχε.
3673 958 3772 1008 Τδν

2200 1037 2309 1107 γάρ
2356 1038 2454 1090 οὑκ
2485 1039 2546 1104 ἐξ
2591 1041 2836 1110 ἀγνοίας,
2891 1043 3014 1098 οὐδὲ
3048 1047 3521 1116 συναρπασθέντα,
3574 1048 3686 1100 ἀλλ’
3714 1050 3772 1099 ὲκ

2199 1129 2456 1198 προνοίας
2483 1131 2576 1182 καὶ
2600 1134 2959 1203 πανουργίας,
2993 1135 3168 1197 οὕτως
3199 1137 3394 1202 ἀνάξια
3426 1138 3766 1207 προστρίὸειν

2198 1224 2262 1292 τῇ
2299 1223 2683 1294 μεγαλειότητι
2739 1231 3082 1298 πειρώμενον
3137 1229 3233 1283 τοῦ
3287 1229 3446 1292 Θεοῦ,
3487 1229 3670 1284 λοιπον
3705 1225 3769 1302 ἧν

2200 1315 2529 1370 ὑποϐάλλειν
2582 1317 2816 1389 ὀλέθρῳ,
2873 1321 2902 1373 ὃ
2949 1322 3013 1393 δὴ
3084 1327 3186 1381 καῖ
3233 1323 3437 1394 Πέτρος
3489 1323 3657 1379 ποιῶν
3707 1326 3770 1378 τὰ

2197 1408 2380 1463 δίκαια
2406 1411 2610 1481 κρίνων
2632 1411 2930 1469 ἐδείκνυτο.

2271 1586 2438 1638 Ὥστε
2470 1585 2573 1640 κᾶν
2601 1587 2696 1642 ἐπὶ
2730 1589 2824 1644 τὸν
2875 1592 3026 1655 Γιεζί
3063 1610 3148 1657 τις
3171 1595 3458 1666 ἀναδράμῃ
3493 1596 3566 1666 τῷ
3610 1597 3766 1666 λόγῳ,

2198 1678 2384 1746 Σίμων
2413 1679 2439 1730 ό
2461 1680 2618 1748 δίκην
2650 1682 2910 1750 ὑποσχεῖν
2941 1684 3284 1756 δικαιότερος
3310 1703 3322 1715 °
3358 1689 3478 1740 οὐδὲ
3503 1691 3607 1758 γὰρ
3639 1694 3765 1758 πρ³ς

2195 1770 2355 1837 ὅμοια
2388 1771 2678 1840 κεχώρηκε
2700 1777 2776 1843 τῷ
2801 1776 2992 1838 κακῶς
3012 1777 3266 1846 όναμένῳ
3293 1780 3400 1830 τῶν
3431 1781 3768 1848 δωρημάτων

2195 1862 2285 1914 τοῦ
2316 1863 2510 1926 Σύρου.
2551 1865 2698 1917 Ἑκεί
2724 1868 2834 1936 γὰρ
2857 1869 3016 1922 ἄλλου
3047 1869 3147 1938 μὲν
3173 1870 3338 1931 ὅντως
3367 1873 3458 1924 τοῦ
3487 1873 3582 1942 τὴν
3613 1873 3770 1943 θερα-

2191 1955 2353 2006 πείαν
2383 1955 2692 2026 ὀρέγοντος,
2729 1960 2856 2013 ἄλλο
2884 1961 2940 2012 δὲ
2975 1961 3069 2014 τοῦ
3099 1962 3493 2033 λαμϐάνοντος,
3538 1967 3713 2032 τρίτος
3738 1969 3764 2018 ό

2190 2047 2336 2110 Γιεῇ
2389 2050 2706 2116 παρεισδὺς,
2754 2052 2968 2120 εἰλήφει
3009 2054 3074 2106 τά
3133 2055 3303 2126 δῖρα,
3363 2058 3460 2109 οὐκ
3506 2058 3766 2126 οἰόμενος,

2190 2137 2312 2189 οὔτε
2345 2139 2700 2206 πιπράσκειν,
2733 2141 2848 2194 οὔτ’
2881 2143 3138 2197 ὠνεῖσθαι
3160 2144 3258 2216 τὴν
3287 2147 3468 2217 χάριν.
3504 2148 3636 2200 Οὔτε
3663 2153 3764 2220 γὰρ

2189 2231 2350 2293 αὐτὸς
2386 2227 2453 2301 ἦν
2484 2234 2512 2285 ό
2555 2233 2732 2296 διδοὺς
2776 2235 3003 2304 ταύτην,
3051 2237 3166 2290 οὗθ’
3198 2240 3226 2290 ὁ
3267 2239 3596 2305 λαμῆάνων·
3638 2243 3769 2295 ἀλλὰ

2189 2323 2285 2374 καὶ
2318 2323 2454 2390 μετὰ
2490 2323 2552 2374 τὺ
2589 2323 2849 2390 γενέσθαι
2881 2329 2958 2396 τῷ
2990 2328 3148 2399 Σύρῳ
3180 2331 3279 2398 τὴν
3311 2330 3607 2398 θεραπείαν
3651 2336 3770 2401 ὁμι-

2188 2413 2358 2480 λήσας
2392 2414 2526 2483 πρὸς
2571 2415 2632 2468 τὸ
2663 2416 2849 2470 λαϐεῖν
2882 2419 3097 2474 ἅπαντα
3143 2423 3357 2492 ἐκείνῳ,
3394 2427 3770 2493 μετριωτάτην

2187 2505 2219 2575 ἢ
2256 2505 2460 2572 Σίμωνι
2496 2506 2594 2575 τὴν
2618 2511 2957 2578 κατηγορίαν
2982 2511 3216 2578 είτάγει.
3257 2515 3365 2566 Καί
3401 2532 3480 2566 τοι
3508 2517 3768 2584 χρήματα

2187 2600 2394 2664 ἐκεῖνος
2429 2601 2527 2669 μὲν
2576 2601 2789 2666 ἔλαϐεν,
2842 2602 2997 2666 οὗτος
3031 2605 3088 2658 δὲ
3131 2606 3400 2676 παρέχειν
3431 2608 3641 2676 ἕτοιμος
3677 2604 3765 2676 ἦν.

2185 2691 2259 2754 ὡς
2295 2693 2392 2762 τὴν
2426 2693 2634 2745 ἐκείνου
2679 2697 3059 2765 φιλαργυρίαν
3114 2697 3284 2768 χείρω
3333 2698 3510 2751 δοκεῖν
3548 2699 3643 2767 τῆς
3676 2699 3767 2752 τοῦ

2185 2785 2430 2852 Σίμωνος
2485 2784 2956 2856 ἐλευθεριότητος.
3005 2789 3166 2842 Ἐστι
3227 2789 3271 2842 δ’
3311 2791 3370 2842 οὐ
3427 2791 3646 2859 μέςριον
3707 2795 3766 2842 τὸ

2188 2877 2354 2944 μέσον
2401 2875 2496 2930 τοῦ
2540 2894 2597 2930 τε
2637 2879 2898 2948 χρήματα
2959 2879 3160 2949 φιλεῖν,
3224 2882 3446 2936 καὶτοῦ
3503 2883 3593 2934 τὸν
3637 2884 3766 2934 bis?»

2183 2969 2418 3039 ἀτιμοῦν
2462 2971 2790 3037 βούλεσθαι,
2827 2970 2944 3024 ἀλλ’
2975 2973 3088 3043 ὅσῳ
3120 2974 3214 3026 τοῦ
3253 2975 3520 3043 προτέρου
3563 2975 3620 3026 τὸ
3649 2975 3767 3027 δεύ-

2183 3071 2344 3129 τερον
2375 3060 2740 3131 ἀσεσέστερόν
2765 3079 2846 3124 τε,
2883 3063 2978 3115 καὶ
3012 3063 3377 3134 ἀτοπώτερον,
3409 3063 3644 3133 τοσούτῳ
3674 3072 3762 3122 καὶ

2184 3154 2368 3222 Σίμων
2398 3154 2494 3208 τοῦ
2524 3154 2675 3218 Γιεζὶ
2708 3156 2909 3224 μᾶλλ.ον
2939 3157 3004 3209 ἂν
3037 3159 3122 3228 εἴη
3161 3162 3292 3228 πρὸς
3324 3161 3769 3230 ἀρὰνὲπ.τηδειό-

2186 3259 2382 3313 τερος·
2426 3249 2520 3300 καὶ
2564 3247 2671 3317 μὴν
2706 3248 2801 3299 καὶ
2835 3249 2883 3300 εἰ
2918 3248 2993 3320 μὴ
3040 3248 3132 3302 τὸν
3169 3249 3399 3322 πρώτως
3445 3251 3541 3322 τὴν
3576 3252 3768 3304 κακίαν

2187 3335 2393 3405 ταύτην
2434 3337 2749 3407 ἐκρήξαντα
2781 3341 3183 3418 συναπολέσθαι
3231 3341 3310 3410 τῷ
3344 3341 3498 3411 κακῷ
3527 3342 3767 3409 κυήματι

2189 3428 2512 3482 κατεδίκασε
2545 3432 2774 3501 Πέτρος,
2809 3431 3010 3495 πόσους
3035 3435 3101 3485 ἂν
3126 3435 3258 3502 ἡμῖν
3289 3433 3458 3488 οῖοιτό
3485 3451 3566 3497 τις
3596 3434 3770 3500 Σίμω-

2191 3537 2289 3584 νας
2319 3523 2620 3592 ἀναστῆσαι
2650 3525 2742 3578 τὸν
2782 3526 3042 3596 πονηρὸν,
3090 3527 3252 3579 ὁπότε
3301 3527 3436 3596 μηδὲ
3462 3527 3556 3596 τὴν
3600 3527 3768 3596 ἀρχὴν

2192 3613 2410 3686 βληθεὶς
2435 3617 2530 3669 καὶ
2577 3617 2761 3670 πεσὼν
2788 3618 3038 3690 ἠρεμεῖν,
3083 3615 3164 3682 οἷς
3199 3623 3396 3689 πεῖραν
3430 3621 3637 3690 εἰλήφει
3672 3619 3768 3686 τῆς

2191 3708 2358 3779 ἥττης
2383 3727 2398 3777 ;

2266 3802 2342 3852 Οὐ
2376 3801 2484 3873 μὴν
2532 3804 2648 3858 ἀλλ’
2676 3801 2731 3859 οἷ
2765 3805 2999 3876 βαδίζων
3029 3810 3058 3862 ό
3085 3807 3243 3877 λόγος
3285 3809 3566 3880 ἠπείγετο,
3602 3806 3769 3870 δεῖξαι

2197 3893 2546 3966 βουλόμενος,
2581 3898 2674 3951 καί
2710 3916 2774 3968 γε
2825 3901 3157 3970 πολλαχόθεν
3188 3901 3389 3966 δείξας,
3428 3902 3615 3971 ἀρκεῖν
3659 3900 3768 3960 τοῖς

2196 3989 2541 4059 ἀποστόλοις,
2584 3993 2664 4056 είς
2701 3993 2990 4063 μετάδοσιν
3037 3995 3129 4047 τοῦ
3163 3997 3504 4066 χαρίσματος
3537 3996 3626 4046 καὶ
3657 4012 3765 4062 χει-

2199 4081 2308 4153 ρῶν
2371 4084 2541 4154 μόνην
2593 4087 2866 4142 ἐπίθεσιν.
2929 4089 3162 4142 ’ἰδιῶται
3227 4090 3336 4159 γὰρ
3399 4091 3618 4152 ἐκεῖνοι,
3677 4089 3766 4140 καὶ

2194 4179 2401 4249 ἄτιμοι,
2452 4180 2547 4232 καὶ
2578 4179 2809 4252 πένητες
2843 4181 2998 4246 ἰδεῖν,
3041 4184 3226 4235 ἐκεῖνα
3260 4183 3555 4250 φιλοτίμως
3585 4182 3769 4248 παρεῖ-

2193 4287 2309 4341 χον,
2350 4270 2386 4324 ὃ.
2432 4272 2558 4341 μηδ’
2616 4271 2686 4325 ἂν
2740 4272 2834 4326 τὸν
2895 4275 3215 4342 σοφώτατον
3262 4277 3441 4347 εἴπῃς,
3479 4277 3571 4330 καὶ
3619 4269 3660 4342 ᾧ
3710 4273 3766 4325 τὸ

2195 4361 2369 4414 πολλὰ
2431 4361 2738 4432 κεκτῆσθαι
2798 4363 2958 4429 δόξαν
3023 4366 3273 4437 παρέχει,
3341 4367 3435 4430 τοῦ
3503 4368 3594 4420 καὶ
3662 4366 3764 4419 τῶν

2193 4443 2370 4506 ἄλλων
2394 4471 2445 4508 τι
2481 4454 2646 4507 πλέον
2681 4455 2848 4524 ἔχειν.
2885 4457 3056 4510 Πάλιν
3087 4457 3150 4527 δὴ
3185 4458 3320 4522 Θεὸς
3351 4460 3407 4511 ὲν
3438 4458 3760 4526 ἀνθρώποις,

489 4541 636 4595 inter
695 4544 946 4599 homines
1030 4556 1318 4608 versatur.
1394 4551 1651 4619 quamvis
1715 4555 1900 4611 denuo
1963 4575 2069 4613 non

2190 4546 2238 4596 εί
2266 4547 2357 4598 καὶ
2391 4545 2466 4616 μὴ
2487 4546 2620 4609 Θεὸς
2649 4547 2942 4616 ἄνθρωπον
2970 4549 3318 4618 προσλαϐών.
3355 4551 3519 4604 Πάλιν
3545 4549 3762 4608 κάθοδος

495 4647 812 4705 “sumptus
844 4635 1006 4692 Deus.
1045 4638 1248 4693 lterum
1281 4641 1576 4697 ineﬂ‘abilis
1633 4647 1936 4704 descensus
1976 4664 2081 4707 cst.

493 4729 696 4781 llvt'ttttt
726 4733 1070 4800 mysterium.
1106 4730 1168 4785 Et
1192 4734 1425 4802 apostoli
1451 4736 1517 4789 ad
1551 4744 1846 4814 utrumque
1875 4755 2084 4814 myste-

493 4823 633 4872 rium
667 4821 800 4890 apti,
844 4831 896 4876 et
921 4821 1228 4878 incredibili
1261 4824 1545 4882 alacritate
1579 4831 1898 4888 ministrare
1925 4850 2085 4905 para-

491 4915 555 4975 ti.
582 4924 658 4981 et,
689 4924 747 4969 ut
777 4917 946 4970 verbo
976 4915 1176 4982 dicam,
1203 4919 1463 4975 omnibus
1521 4922 1644 4978 aliis
1691 4926 1935 4993 omissis,
1985 4945 2080 4983 ora

491 5007 683 5072 Verbi,
717 5016 769 5061 et
803 5007 1044 5076 Spiritus
1071 5008 1454 5076 instrumenta,
1484 5021 1540 5066 et
1597 5030 1694 5084 per
1730 5015 1843 5071 haec
1910 5020 2073 5072 etiam

484 5102 680 5172 prima:
711 5101 912 5155 mentis
943 5102 1147 5172 eﬂigies
1187 5117 1250 5156 ac
1289 5103 1628 5162 imitationes
1657 5110 1906 5177 quaedam
1939 5111 2074 5165 θεῖε-

480 5197 562 5250 αἱ
591 5203 742 5250 sunt.
776 5193 1012 5249 Possunt
1035 5210 1200 5264 porro
1223 5197 1460 5266 apostoli
1493 5199 1659 5252 etiam
1687 5200 1741 5254 in
1797 5216 1992 5256 somno
2021 5214 2074 5256 et

489 5287 794 5342 secundum
827 5285 1066 5352 quietem
1110 5287 1420 5357 intelligere
1471 5287 1765 5357 Spiritum,
1799 5291 1913 5360 qui,
1952 5307 2075 5360 qua:

482 5375 742 5432 {acienda
785 5377 921 5440 sint,
955 5386 1235 5448 suggerat,
1264 5378 1318 5432 in
1343 5379 1536 5449 eisque
1593 5381 1943 5451 principalem
1993 5400 2083 5440 ra-

483 5471 659 5525 tionis
694 5479 932 5538 partem,
967 5472 1392 5541 quibuscunque
1418 5473 1610 5543 ﬁguris
1645 5475 1935 5543 placuerit,
1967 5477 2075 5531 for-

482 5574 620 5626 met,
649 5573 704 5619 et
733 5579 856 5633 qua
889 5565 1000 5634 pati
1024 5573 1298 5633 oporteat,
1328 5575 1687 5634 pramoneat,
1719 5577 1774 5623 et
1820 5585 1981 5638 quem
2018 5571 2071 5624 in

484 5657 667 5713 locum
707 5657 956 5713 mittendi
987 5659 1124 5721 sint,
1155 5659 1373 5720 doceat,
1397 5658 1484 5713 hic
1505 5659 1726 5731 quidem
1759 5659 1811 5714 in
1837 5659 2071 5731 Joppen,

486 5749 574 5802 ille
604 5750 655 5802 in
697 5749 1072 5803 Macedoniam
1114 5767 1125 5802 :
1161 5763 1388 5805 necesse
1416 5751 1559 5805 enim
1602 5760 1685 5803 cst
1745 5761 1804 5805 ut
1864 5763 1918 5806 ct
1975 5755 2074 5819 illi,

2186 4637 2451 4708 ᾰῤῥητος,
2504 4639 2670 4690 πάλιν
2719 4643 3042 4710 μυστήριον,
3091 4645 3184 4696 καὶ
3222 4643 3271 4695 οἱ
3307 4641 3593 4694 ἀπόστολοι
3637 4642 3765 4707 πρὸς

2185 4731 2446 4800 ἑκάτερον
2476 4731 2860 4802 ἁρμοζόμενοι
2889 4733 2952 4785 τὸ
2986 4737 3311 4804 μυστήριον,
3351 4738 3446 4787 καὶ
3479 4733 3764 4801 ὑπηρετεῖν

2184 4821 2426 4891 ἕτοιμοι,
2467 4807 2563 4875 καὶ
2593 4823 2653 4875 τὸ
2689 4825 2977 4894 πρόθυμον
3008 4828 3133 4880 ὅσον
3164 4829 3371 4896 ἡλίκον,
3407 4828 3498 4878 καὶ
3541 4826 3614 4888 ὡς
3643 4826 3765 4883 ἔπος

2183 4914 2362 4967 εἰπεῖν
2397 4917 2580 4968 πάντα
2635 4933 2699 4983 γε
2740 4918 3014 4986 ἀφελόντα
3061 4920 3131 4972 τὰ
3187 4920 3340 4982 ἄλλα,
3387 4919 3628 4988 στόματα
3675 4915 3762 4967 τοῦ

2183 5004 2385 5072 Λόγου,
2431 5005 2526 5059 τοῦ
2557 5009 2882 5078 Πνεὺματος
2918 5010 3154 5080 ὄργανα,
3190 5012 3282 5064 καὶ
3315 5011 3401 5064 διὰ
3428 5010 3628 5063 τούτων
3675 5007 3761 5060 τοῦ

2186 5100 2406 5171 πρώτου
2441 5101 2533 5153 νοῦ
2568 5101 2731 5154 τύποι
2762 5118 2821 5153 τε
2869 5109 2967 5156 καὶ
3006 5105 3325 5173 μιμήματα.
3367 5104 3474 5156 Καὶ
3509 5105 3760 5173 πρόσεστι

2185 5195 2246 5249 τὸ
2276 5194 2370 5248 καὶ
2403 5195 2530 5248 καθ’
2581 5195 2788 5259 ὕπνους
2844 5199 3084 5250 συνεῖναι
3125 5196 3187 5250 τὸ
3224 5196 3448 5266 Πνεῦμα
3495 5198 3603 5256 τοῖς
3632 5199 3760 5249 ἀπο·

2187 5289 2419 5351 στόλοις,
2455 5290 2548 5342 καὶ
2579 5287 2615 5343 ἃ
2646 5289 2754 5358 χρὴ
2787 5293 2961 5342 ποιεῖν
2996 5290 3374 5352 ὑποτίθεσθαι,
3424 5291 3516 5342 καὶ
3568 5285 3762 5340 τυποῦν

2185 5384 2245 5434 τὸ
2276 5386 2334 5436 ἐν
2364 5384 2546 5446 αὐτοῖς
2575 5383 2908 5453 ἡγεμονικὸν
2937 5382 3011 5445 ὡς
3045 5383 3152 5454 ἅδῃ
3191 5382 3464 5451 βούλεται,
3513 5383 3601 5432 καὶ
3637 5396 3765 5447 πρ.-

2187 5475 2369 5543 λέγειν
2415 5475 2512 5528 an
2550 5477 2749 5528 παθεῖν
2784 5475 2886 5539 δεῖ,
2925 5479 3021 5528 καὶ
3057 5475 3140 5538 τίς
3171 5478 3198 5528 ό
3229 5476 3425 5545 χῶρος,
3459 5473 3580 5526 καθ’
3605 5471 3661 5524 ὃν
3689 5473 3765 5522 δεῖ

2187 5568 2281 5620 καὶ
2328 5569 2595 5636 πέμπειν,
2639 5567 2830 5622 τοῦτον
2882 5567 2981 5638 μὲν
3007 5569 3087 5631 εἰς
3128 5569 3374 5638 Ἰόππην,
3408 5567 3594 5620 τοῦτον
3622 5564 3664 5616 δ’
3696 5563 3766 5615 αὖ

2183 5661 2262 5722 εἰς
2293 5659 2661 5713 Μακεδονίαν.
2694 5661 2786 5713 Δεῖ
2817 5662 2926 5731 γὰρ
2955 5662 3168 5724 πάντας
3213 5666 3312 5718 και
3360 5661 3485 5723 τοὺς
3518 5660 3632 5711 ἐκεῖ
3660 5673 3687 5709 τ
3711 5658 3768 5708 ζν

2191 5753 2517 5820 σωζομένων
2543 5753 2819 5820 γενέσθαι.

487 5839 585 5908 qui
614 5841 688 5895 ibi
714 5842 942 5912 degunt,
978 5851 1383 5897 accensi-antur
1441 5857 1630 5898 corum
1690 5858 1944 5911 numero,
1981 5847 2072 5916 qui
2115 5847 2422 5901 salvantur.
