4076 6452
309 387 451 454 1085

1300 379 1711 445 ENCOMIUM
1754 382 1858 445 ss.
1909 366 2131 444 μετα]
2165 385 2262 445 ET
2303 384 2549 445 PAULI.

3427 375 3566 443 1085

374 507 443 560 Οἳ
469 502 514 556 δ’
548 499 838 556 ἀπόστολοι
871 498 981 552 οὐδ’
1007 498 1099 551 ἐπὶ
1135 499 1428 569 προδήλοις
1464 504 1576 562 τοῖς
1618 500 1886 563 κινδύνοις

2063 501 2333 557 Ceterum
2376 498 2609 571 apostoli
2647 511 2826 566 neque
2865 495 2916 550 iu
2958 491 3424 551 manifestissimis
3477 511 3571 563 pe-

306 592 596 666 συνθηκῶν
647 592 997 660 ἐξιστάμενοι
1053 590 1166 645 τῶν
1220 591 1355 660 πρὸς
1396 593 1489 645 τὸν
1541 591 1885 657 διδάσκαλον,

305 689 444 744 ἀλλὰ
472 691 582 757 γὰρ
613 685 669 739 εἴ
694 703 773 755 τῳ
817 683 890 754 μὴ
915 684 972 736 ἐν
1006 682 1085 752 τῷ
1121 683 1341 752 βλέπειν
1380 685 1412 754 ἡ
1464 684 1650 745 πίστις
1699 683 1884 753 μόνον,

304 783 400 837 καὶ
458 777 942 853 προανιστάμενοι,
999 775 1094 830 καὶ
1150 777 1569 848 προτρέχοντες,
1627 776 1720 829 καὶ
1771 778 1884 839 τοῖς

308 876 503 936 δεινοῖς
554 869 1034 943 ὲμπομπεύοντες,
1091 872 1187 924 καὶ
1223 871 1360 940 πρὸς
1400 869 1501 932 τὰς
1549 868 1740 930 ὀδύνας
1786 869 1885 932 τὰς

307 966 517 1019 ἐκεῖθεν
543 963 940 1033 ἁμιλλώμενοι·
975 962 1150 1016 δεινὸν
1172 962 1280 1030 γὰρ
1304 960 1611 1026 ἐποιοῦντο,
1641 961 1690 1012 εί
1713 960 1884 1032 δήπου

309 1058 487 1128 ψυχῆς
518 1057 789 1128 ἀλήπτου,
823 1054 1076 1126 σώματος
1098 1054 1391 1123 ἀλγηδόνες
1416 1055 1659 1121 γένοιντο
1703 1053 1887 1123 κρείτ-

311 1166 460 1214 τους,
497 1149 594 1203 καὶ
624 1151 674 1203 εί
711 1147 899 1216 δήπου.
917 1146 1099 1216 ψυχῆς
1128 1145 1497 1214 ἀποστολικῆς
1527 1143 1887 1197 ἀποστολικδν

312 1237 474 1307 σῶμα
504 1237 888 1305 ἀπολειφθείη,
911 1237 1005 1290 καὶ
1032 1236 1292 1302 ὀκλάσαν,
1323 1235 1424 1289 οὐκ
1452 1234 1518 1289 ἂν
1550 1233 1637 1304 εἴη
1671 1230 1730 1289 εὗ
1763 1234 1888 1306 ἔχον

311 1329 564 1384 ἕπεσθαι.
593 1330 940 1400 Ὑπέρευγε,
994 1328 1072 1391 ὡς
1121 1329 1395 1396 ἀηττήτου
1471 1327 1645 1382 ταῦτα
1705 1327 1890 1399 ψυχῆς

312 1424 406 1475 καὶ
428 1421 681 1492 σώματος
710 1423 779 1475 τὰ
815 1421 906 1475 ίσα
929 1424 995 1493 τῇ
1029 1420 1174 1492 ψυχῇ
1215 1421 1523 1488 βλέποντος,
1558 1420 1653 1473 καὶ
1686 1421 1890 1490 ἀμφοῖν

314 1513 452 1567 πολὺ
495 1516 556 1567 τὸ
606 1516 856 1583 γενναῖον
901 1505 1390 1584 ἐπιδεικνυμένων,
1457 1512 1554 1567 καὶ
1603 1514 1889 1585 ἀμήχανον

315 1625 503 1676 φαναι.

1998 596 2190 650 riculis
2245 593 2564 648 defecerunt
2598 605 2625 643 a
2674 589 2845 660 pactis
2895 602 3018 643 eum
3069 586 3328 656 magistro
3376 584 3567 651 initis;

1997 688 2119 747 sed.
2153 688 2197 743 si
2227 688 2316 742 cui
2376 686 2509 741 iides
2538 699 2648 738 non
2672 693 2876 737 tantum
2910 680 2965 734 in
3005 677 3179 734 oculis
3223 675 3451 736 residet,
3515 676 3564 728 is

1998 782 2210 835 videbit
2265 794 2361 834 eos
2420 778 2488 832 ad
2544 776 2786 845 pericula
2829 776 2979 843 prius
3029 774 3192 827 etiam
3246 785 3565 840 exsurgere,

1993 887 2349 943 prmcurrere,
2378 871 2507 926 etin
2544 868 2788 923 adversis
2814 865 3173 933 triumphare,
3206 874 3405 917 etcum
3435 876 3567 914 cru-

1996 963 2235 1017 ciatibus
2268 961 2395 1016 inde
2432 960 2568 1014 ortis
2592 954 2809 1013 fortiter
2833 952 3125 1026 conﬂigere
3147 953 3361 1008 solitos.
3396 951 3573 1005 Grave

1995 1056 2142 1111 enim
2164 1054 2462 1119 ducebant,
2496 1053 2565 1117 si,
2589 1051 2767 1105 anima
2822 1050 3015 1111 illaesa,
3043 1048 3290 1116 corporis
3350 1045 3572 1100 dolores

1999 1150 2315 1221 superiores
2371 1146 2691 1207 evaderent,
2726 1152 2781 1198 et
2808 1220 2811 1221 ν
2838 1140 3135 1210 aliquando
3175 1140 3242 1194 ab
3272 1137 3571 1208 apostolica

2000 1244 2184 1297 anima
2232 1239 2593 1310 apostolicum
2625 1220 2826 1304 corpus
2889 1235 3256 1292 desereretur,
3316 1230 3575 1283 debilita-

2002 1346 2228 1404 tumque
2267 1333 2439 1402 probe
2492 1329 2646 1400 sequi
2700 1344 2808 1383 non
2854 1332 3060 1395 posset,
3113 1320 3571 1377 Praeclarissimrl

2002 1442 2060 1484 ut
2093 1429 2275 1484 anima
2305 1426 2567 1479 invicmm
2604 1438 2665 1477 se
2707 1419 3054 1490 praestiterit.
3091 1429 3400 1485 corpusque
3424 1412 3573 1481 parin

1999 1536 2121 1575 cum
2163 1519 2344 1572 anima
2398 1514 2611 1580 fecerit,
2653 1520 2711 1568 et
2742 1526 2905 1581 quam
2956 1520 3225 1578 generose
3284 1503 3466 1558 anima
3523 1510 3578 1555 et

2001 1626 2205 1682 corpus
2258 1624 2377 1665 sese
2411 1606 2708 1680 gesserint,
2741 1602 2909 1658 nullis
2949 1597 3136 1656 verbis
3173 1594 3434 1666 explicari
3471 1608 3571 1663 po-

2003 1708 2155 1762 terit.

382 1784 576 1837 Καίτοι
625 1784 789 1838 πάλιν
822 1785 905 1849 τίς
947 1784 1015 1840 ἂν
1055 1784 1200 1839 εἴποι
1237 1803 1352 1857 μοι,
1397 1788 1515 1851 πῶς
1548 1789 1577 1840 ὁ
1609 1788 1765 1854 λόγος
1801 1789 1893 1842 ἐπὶ

2067 1798 2137 1849 At
2161 1795 2288 1864 quis
2320 1792 2451 1848 mihi
2480 1791 2709 1854 indicet,
2739 1802 2848 1859 qua
2897 1783 3110 1840 ratione
3161 1795 3344 1870 sermo
3375 1780 3572 1835 iterum

312 1877 438 1937 τοὺς
486 1876 764 1941 κι·.δύνους
815 1878 1153 1951 περιηνέχθη
1204 1881 1314 1934 τῶν
1371 1881 1724 1948 ἀποστόλωνς
1776 1883 1889 1936 ἀλλ’

314 1969 636 2035 ἐπαναγέτω
675 1969 837 2024 πάλιν
878 1971 967 2034 ἐφ’
1001 1972 1162 2026 ἑαυτὸ
1191 1974 1380 2028 τοῦτον
1408 1973 1468 2027 τδ
1508 1973 1754 2044 Πνεῦμα,
1798 1976 1895 2029 καὶ

316 2058 603 2124 δεικνύτω,
633 2055 715 2123 οἷς
753 2061 873 2115 ούδέ
894 2080 946 2116 τι
979 2063 1181 2132 μᾶλλον
1215 2063 1528 2135 ἐπίφθονον,
1561 2066 1684 2118 οὐδὲ
1723 2084 1899 2137 προσ-

319 2149 505 2218 κορές,
569 2152 701 2223 περλ⁸
746 2153 952 2209 τούτων
1000 2154 1183 2223 λέγειν
1223 2174 1278 2210 τι
1319 2158 1411 2210 καὶ
1444 2157 1664 2213 ἀκούειν
1714 2160 1896 2212 καινό-

316 2257 497 2307 τερον,
549 2241 631 2294 ὅτι
691 2240 852 2297 τοῦτο
882 2244 958 2315 τῷ
1013 2247 1214 2316 Παύλῳ
1272 2248 1466 2317 παρὸν,
1518 2250 1614 2302 καί
1661 2250 1708 2303 τ’
1762 2252 1898 2305 ἄλλα

318 2335 582 2404 παρεῖχεν
610 2333 961 2404 ἐργάξεσθαι,
986 2339 1082 2391 καὶ
1107 2339 1206 2409 τὴν
1226 2339 1441 2409 ἔχιδναν
1465 2340 1563 2410 τὴν
1584 2342 1643 2395 ὲν
1664 2343 1896 2413 Μελίτῃ,

322 2424 455 2496 μηδὲ
490 2422 667 2478 δοκεῖν
713 2426 931 2498 ἔχιδναν
975 2432 1410 2501 παρεσκεύασεν,
1454 2432 1486 2505 ἦ
1530 2432 1734 2502 μᾶλλον
1766 2436 1899 2489 Θεὸν

314 2519 402 2569 τὸν
426 2519 654 2586 Παῦλον,
679 2519 792 2574 ἀλλ’
819 2521 918 2574 ούκ
942 2521 1231 2591 ἄνθρωπον
1256 2520 1398 2578 εἶναι
1414 2527 1615 2582 δοκεῖν.
1641 2528 1900 2596 Λεγέσθω

316 2609 412 2663 καὶ
446 2611 586 2680 ὅπερ
619 2612 872 2666 ἐνταυθοῖ
898 2615 1150 2685 παριδεῖν
1191 2618 1291 2671 οὐκ
1341 2619 1407 2673 ἂν
1436 2620 1648 2687 γένοιτο
1687 2623 1876 2692 χάριεν

311 2701 345 2769 ἡ
373 2699 482 2752 τῶν
513 2700 824 2755 Μελιταίων
849 2701 925 2766 ὡς
956 2683 1084 2775 περὶ
1123 2707 1410 2776 μιαιφόνου
1448 2683 1547 2762 *τοῦ
1586 2683 1800 2763 Παύλου
1832 2683 1901 2763 τά

315 2794 560 2864 πρότερα
588 2795 753 2863 δόξα·
787 2799 882 2851 καὶ
924 2800 958 2869 ἡ
1002 2801 1140 2870 μετὰ
1193 2802 1356 2858 τοῦτο
1404 2805 1543 2875 προς
1590 2807 1901 2863 τούναντίον

314 2886 463 2940 ἅπαν
497 2891 597 2960 τῆς
628 2889 791 2960 δόξης
824 2893 1304 2963 ἀπιμετάστασις,
1358 2897 1454 2951 καὶ
1486 2901 1519 2968 ὴ
1568 2898 1689 2971 δίκη
1734 2919 1900 2955 κατα-

313 2978 707 3085 λαιιῦανομένη
740 2985 846 3085 μὲν
874 2986 966 3037 ὑπ’
990 2987 1238 3053 ὲκείιων,
1260 2989 1400 3059 τάχα
1427 2992 1524 3043 καὶ
1558 2992 1898 3065 ὖμνουμένὴ.

317 3070 436 3123 Εἶτ’
468 3071 667 3126 αὐτίκα
713 3074 880 3145 μηδέν
923 3094 975 3130 τι
1028 3078 1164 3148 πρὸς
1204 3081 1390 3134 αὐτῶν
1423 3081 1483 3135 ὃν
1529 3084 1643 3149 τοῖς
1682 3087 1902 3157 ἀδήλοις

1998 1889 2063 1943 ad
2098 1861 2466 1956 apostolorum
2497 1883 2737 1955 pericula
2766 1880 2978 1936 delatus
3012 1861 3294 1940 sit?quém
3333 1870 3578 1939 Spiritus

1999 1997 2192 2037 rursus
2246 1980 2402 2050 quasi
2467 1978 2689 2033 domum
2753 1975 3003 2036 reducat,
3034 1978 3089 2026 et
3138 1967 3395 2023 ostendat
3441 1963 3573 2024 illis,

1997 2076 2201 2147 quibus
2225 2074 2364 2129 nihil
2395 2082 2490 2129 aut
2517 2074 2583 2126 ad
2634 2068 2922 2133 invidiam,
2983 2073 3079 2118 aut
3130 2060 3198 2116 ad
3244 2058 3574 2116 satietatem

1999 2172 2362 2241 generandam
2397 2161 2865 2231 accommodatius
2892 2169 2997 2223 est,
3027 2170 3192 2227 quam
3230 2156 3297 2210 de
3345 2153 3431 2207 his
3490 2149 3575 2205 vel

2000 2256 2182 2318 dicere
2210 2261 2293 2316 vel
2318 2263 2509 2315 audire
2541 2256 2746 2326 aliquid
2770 2254 2919 2310 novi.
2986 2249 3162 2303 Etiam
3204 2245 3373 2300 Paulo
3401 2243 3575 2313 Spiri-

2002 2360 2116 2407 tum
2151 2352 2422 2416 astitisse,
2452 2351 2781 2405 documento
2800 2342 3084 2413 sitvipera
3117 2339 3175 2393 in
3213 2337 3395 2392 Melita
3421 2337 3576 2391 insu-

2003 2445 2075 2504 la.
2103 2458 2262 2515 quam
2296 2445 2370 2497 ita
2416 2440 2690 2499 tractavit,
2724 2446 2784 2491 ut
2823 2451 2930 2491 non
2965 2433 3243 2488 videretur
3268 2442 3392 2486 esse
3421 2428 3576 2496 vipe-

2007 2554 2085 2598 ra.
2110 2536 2193 2590 vel
2220 2536 2422 2606 potius,
2455 2543 2511 2586 ut
2539 2533 2657 2600 ipse
2683 2529 2883 2584 Paulus
2907 2541 3016 2581 non
3056 2525 3244 2586 homo,
3277 2519 3373 2575 sed
3432 2517 3577 2571 Deus

2003 2637 2320 2685 censeretur
2349 2627 2416 2682 “.
2470 2625 2721 2679 Addatur
2750 2629 2807 2675 et
2830 2621 2968 2684 haec,
2999 2610 3177 2688 quam'
3200 2614 3254 2669 in
3288 2608 3576 2678 praesentia

2004 2719 2427 2793 praetermittere
2460 2730 2652 2785 parum
2697 2712 2951 2768 festivum
2986 2716 3154 2769 esset,
3211 2702 3575 2759 Melitensium

2004 2813 2263 2871 nimirum
2295 2811 2364 2866 de
2390 2809 2580 2869 Paulo,
2604 2815 2863 2874 tanquam
2889 2803 2956 2855 de
2980 2798 3280 2861 homicida,
3308 2792 3577 2860 suspicio,

2004 2924 2111 2978 qua
2148 2909 2301 2975 prius
2343 2902 2537 2957 imbuti
2566 2899 2806 2958 fuerant,
2846 2904 2902 2950 et
2934 2893 3162 2947 mutatio
3221 2885 3577 2959 ejusdemin

2004 2977 2345 3056 contrariam
2381 3009 2610 3067 prorsus
2655 2990 2995 3059 opinionem,
3032 2990 3087 3038 et
3116 2980 3328 3052 justitia
3358 2980 3425 3032 ab
3471 2977 3580 3031 illis

2008 3090 2369 3161 deprehensa,
2400 3086 2591 3141 forsan
2617 3090 2673 3138 et
2694 3080 2938 3142 laudata,
2959 3077 3032 3130 ita
3069 3082 3129 3129 ut
3172 3070 3311 3126 nihil
3344 3069 3424 3123 eis
3481 3067 3581 3123 ub-

310 3162 642 3233 ἐμϐατεύειν
683 3168 891 3237 αὐτῆς,
945 3172 1040 3225 xui.
1093 3173 1351 3228 εἰκόντων
1401 3174 1479 3245 τῷ
1523 3150 1782 3248 θαύματι,
1814 3188 1894 3237 καῖ

2014 3150 2208 3247 staret,
2242 3150 2542 3251 quominus
2587 3187 2793 3229 arcana
2827 3170 2950 3241 ejus
2977 3170 3353 3238 penetrarent,
3381 3159 3583 3230 quippe

318 3256 887 3326 συμμεταϐαλλόντων
933 3264 1000 3332 τῇ
1057 3264 1330 3336 μεταϐολῇ
1387 3257 1481 3320 τοῦ
1553 3270 1882 3340 πράγματος

317 3349 540 3411 καὶτὰς
581 3351 903 3422 ὑπολήψεις.
954 3356 1099 3409 Ἴστε
1141 3359 1236 3411 καὶ
1271 3359 1459 3427 ὑμεῖς,
1497 3336 1610 3416 κάν.
1639 3336 1905 3433 λέγω.

314 3440 491 3510 πόσην
520 3443 770 3514 εἰσέφερε
800 3443 960 3511 δόξαν
985 3449 1080 3501 καὶ
1110 3449 1279 3522 τιμὴν
1310 3453 1508 3526 Παύλῳ
1535 3455 1596 3510 τὸ
1651 3454 1906 3531 πρᾶγμαξ

314 3532 427 3625 καὶ.
464 3533 526 3625 δὴ
568 3536 663 3625 καὶ
695 3537 800 3606 πρὸ
838 3536 1055 3591 Παύλου
1103 3540 1183 3612 τῷ
1231 3542 1423 3598 τούτου
1456 3524 1599 3617 Θεῷ.
1634 3524 1708 3604 Εί-
1737 3524 1845 3625 γάΙρ
1879 3524 1908 3608 ό

314 3623 493 3692 κήρυξ
552 3624 729 3691 οὕτως
774 3628 1181 3687 ἐκκαλέσασθαι
1227 3636 1354 3699 τοὺς
1399 3638 1600 3709 ἀνδρας
1646 3640 1773 3713 ἔσχε
1818 3623 1901 3712 -τῷ

317 3713 579 3781 θαύματι,
632 3718 710 3781 ὡς
759 3717 957 3790 ἀθρόον
990 3724 1053 3777 ὲκ
1101 3728 1446 3801 φαυλοτέρας
1643 3699 1901 3801 ὑπονοίας

313 3808 406 3862 ἐπὶ
454 3809 552 3878 τὴν
605 3812 838 3884 ἀρίστην
893 3818 1299 3889 μεταπηδῆσαι,
1356 3823 1410 3875 τί
1459 3822 1527 3878 ἂν
1576 3825 1756 3890 εἴποις
1808 3831 1902 3884 τὸν

317 3905 724 3973 κηρυττόμενον
743 3922 758 3970 ;

390 3997 744 4066 Προσκείσθω
784 4000 1030 4065 κάκεῖνα,
1059 4001 1156 4056 τοῦ
1188 4004 1293 4073 γὰρ
1337 4005 1505 4060 αὐτοῦ
1558 4009 1901 4081 Πνεῦματος,

315 4084 352 4141 ἃ
376 4089 469 4140 καί
500 4103 632 4141 ποτε
665 4090 970 4162 προσετέθη
1016 4092 1095 4162 τῷ
1132 4094 1398 4163 θαύματι,
1423 4100 1517 4153 καὶ
1549 4098 1901 4169 λεγέσθωσαν

318 4178 463 4232 νόσοι
491 4181 957 4252 φυγαδευόμεναι,
998 4184 1347 4257 ἀπορώτεραι
1381 4190 1556 4245 πᾶσαι
1608 4194 1707 4263 μὲν
1736 4194 1770 4266 ἢ
1808 4199 1901 4251 καὶ

319 4271 693 4345 ἀνθίστασθαι,
727 4279 822 4330 καὶ
852 4277 886 4347 ἠ
917 4279 1055 4346 πρὸς
1102 4282 1295 4349 καιρὸν
1326 4282 1403 4352 τῷ
1447 4285 1685 4340 Ποπλίου
1730 4290 1903 4361 πατρὶ

321 4367 596 4454 παρουσία
632 4364 725 4420 τοῦ
782 4367 1017 4433 Παύλου,
1049 4372 1110 4424 τό
1140 4388 1203 4426 τε
1251 4373 1477 4443 σύμπαν
1506 4380 1561 4432 εἴ
1586 4397 1669 4443 τις
1718 4382 1900 4454 ἀξιοίη

2008 3277 2102 3346 qui
2131 3250 2398 3329 miraculo
2426 3269 2539 3339 jam
2573 3266 2859 3326 cederent,
2885 3269 2941 3316 et
2989 3273 3115 3314 cum
3150 3255 3455 3310 mutatione
3498 3250 3575 3303 rei

2009 3366 2361 3436 suspiciones
2390 3372 2611 3433 quoque
2636 3361 2935 3411 mutarent.
2979 3348 3170 3405 Nostis
3198 3346 3441 3417 ipsimet,
3499 3355 3587 3395 me

2008 3459 2194 3516 itidem
2228 3463 2460 3521 tacente,
2494 3458 2754 3522 quantam
2808 3444 3039 3518 gloriam
3064 3450 3118 3498 et
3176 3437 3589 3514 venerationem

2009 3556 2126 3609 haec
2153 3566 2243 3607 res
2276 3545 2591 3606 conciliarit
2623 3541 2815 3605 Paulo,
2846 3538 2933 3594 vel
2968 3536 3153 3607 potius
3178 3540 3309 3588 ante
3327 3530 3591 3593 Paulum,

2010 3648 2121 3701 Deo
2152 3642 2329 3699 Pauli.
2351 3640 2409 3696 Si
2435 3638 2581 3693 enim
2610 3647 2792 3705 praeco
2842 3630 2923 3685 sic
2970 3642 3074 3684 suo
3133 3622 3402 3680 miraculo
3433 3622 3591 3703 viros

2008 3740 2135 3794 illos
2177 3746 2508 3807 permovere
2539 3727 2744 3799 potuit.
2788 3731 2848 3779 ut
2893 3737 2959 3776 ex
2998 3716 3298 3789 improviso
3332 3713 3591 3785 deposita.

2005 3800 2285 3882 deteri-ore
2307 3821 2574 3892 opinione
2609 3815 2678 3870 ad
2725 3813 3012 3868 meliorem
3057 3806 3377 3869 transirent,
3444 3800 3589 3871 quid

2007 3919 2243 3988 de‘ipso,
2275 3914 2370 3985 qui
2407 3907 2831 3983 praedicabatur,
2859 3893 3304 3971 suspicabimur?

2075 4009 2463 4081 Adjungantur
2538 4009 2594 4057 et
2654 3999 2770 4060 illa,
2853 3992 3099 4064 ejusdem
3161 3998 3398 4055 namque
3452 3990 3582 4038 sunt

2004 4074 2421 4175 Spirittts,'qua3
2453 4102 2509 4151 et
2543 4100 2675 4148 tunc
2707 4087 2975 4145 miraculo
3008 4083 3154 4138 circa
3182 4080 3426 4148 viperam
3487 4074 3595 4128 ade

1958 4256 1965 4259 Ἰ
2008 4168 2155 4267 jecta
2176 4168 2441 4256 fueruntl;
2474 4189 2898 4245 enumerentur,
2935 4177 3188 4245 inquam,
3221 4168 3394 4241 fugati
3434 4179 3593 4221 mor»

2006 4263 2082 4350 hi,
2148 4297 2344 4341 omnes
2376 4264 2751 4339 inﬁrmiores,
2797 4284 2962 4342 quam
3026 4275 3088 4320 ut
3127 4264 3464 4323 resisterent,
3528 4263 3586 4311 et

2003 4379 2160 4435 Pauli
2198 4373 2547 4434 conversatio
2598 4370 2668 4426 ad
2725 4379 2947 4437 tempus
2974 4377 3099 4420 cum
3156 4356 3334 4413 Publii
3388 4362 3543 4424 patre
3562 4365 3597 4417 ;.

319 4452 505 4522 ζητεῖν
526 4458 592 4527 ,ἠ
651 4458 889 4513 ἐνταῦθα
923 4464 1037 4523 τοῖς
1071 4466 1369 4533 νησιώταις
1402 4467 1512 4520 τῶν
1558 4441 1894 4543 πραγμάτων

2008 4475 2051 4529 si
2088 4473 2213 4543 quis
2244 4484 2376 4525 vero
2403 4465 2589 4524 omnia
2610 4462 2859 4534 penitius
2882 4454 3129 4512 scrutari
3159 4450 3309 4523 velit,
3342 4448 3391 4501 is
3422 4441 3600 4499 intel-~

318 4547 657 4613 κατάστασις
690 4549 764 4615 ὡς
794 4551 1016 4619 ἀγαθῶν
1046 4552 1189 4609 εἶναι
1215 4556 1324 4610 τῶν
1352 4562 1630 4628 μεγίστων
1652 4566 1893 4622 ἀπόλαυ-

319 4654 438 4703 σις,
484 4641 580 4693 καὶ
624 4641 711 4695 οἵα
742 4642 958 4707 οὐδενὸς
984 4644 1148 4700 ἄλλου
1198 4649 1346 4716 δόξα,
1388 4653 1498 4705 τῶν
1553 4657 1635 4719 εἰς
1679 4659 1896 4730 ἐκείνην

317 4731 413 4800 τὴν
451 4732 659 4802 ἡμέραν
687 4736 1026 4804 οἰκησάντων
1057 4740 1155 4809 τὴν
1184 4740 1345 4810 νῆσον
1363 4760 1376 4775 ο
1398 4745 1488 4797 καὶ
1520 4747 1734 4812 Παῦλος
1762 4752 1897 4805 ἀπο-

318 4824 579 4894 κρύπτων
607 4827 664 4880 εἵ
682 4829 766 4891 τίς
797 4846 901 4882 που
935 4828 1074 4882 θεῶν
1123 4828 1193 4904 ἦν
1246 4835 1305 4888 έν
1344 4835 1597 4903 ἐκείνοις,
1632 4844 1731 4896 καὶ
1773 4842 1894 4909 θεὸς

316 4913 459 4971 εἶναι
489 4919 689 4975 δοκῶν.
723 4920 893 4974 Πάλιν
920 4923 1028 4991 γὰρ
1059 4926 1154 4979 καὶ
1184 4927 1446 4993 πολλάκις
1484 4932 1565 4994 εἰς
1596 4933 1759 4988 τοῦτό
1802 4954 1893 5006 μοι

313 5010 406 5062 τὸν
431 5010 590 5077 λόγον
616 5012 714 5066 τοῦ
751 5014 1079 5085 πράγματος
1122 5019 1284 5091 ἡδονὴ
1320 5024 1499 5090 φέρει,
1559 5028 1655 5079 καὶ
1695 5029 1897 5098 πρόσε-

264 5130 277 5142 ι
317 5116 402 5152 στι
432 5102 490 5154 τὸ
512 5102 589 5172 μὴ
613 5105 764 5173 παρὰ
789 5105 967 5174 λόγον.
1001 5110 1110 5161 Καὶ
1146 5113 1251 5182 γὰρ
1276 5113 1324 5165 εἰ
1372 5115 1529 5169 τοῦτό
1551 5135 1613 5185 γε
1636 5121 1893 5191 ἀποχρῶν

315 5195 393 5255 εἰς
416 5194 575 5258 δόξαν
606 5194 859 5262 θεώσεως
884 5205 946 5252 τῦ
969 5201 1135 5270 μηδὲν
1166 5201 1292 5272 μηδ’
1315 5205 1420 5258 ὑπο
1437 5207 1546 5262 τῶν
1573 5209 1896 5282 ὀλεθριωτά-

312 5305 421 5342 των
443 5291 636 5342 παθεῖν
668 5287 809 5344 εἶναι
836 5286 948 5345 οἷόν
972 5310 1055 5358 τε,
1102 5295 1341 5364 πάρεστι
1390 5297 1605 5364 Παῦλος
1658 5301 1777 5365 θεὸς
1821 5306 1896 5356 εί-

314 5382 487 5443 κὸτως
517 5374 660 5433 εἶναι
691 5381 889 5436 δοκῶν.
925 5385 1035 5437 Καὶ
1064 5386 1113 5437 εἰ
1159 5386 1224 5455 δή
1256 5404 1341 5449 τις
1373 5389 1435 5442 τὸ
1465 5391 1661 5457 μείζω,
1692 5393 1726 5463 ἢ
1752 5397 1895 5451 κατά

315 5469 605 5541 ἄνθρωπον
660 5474 902 5529 εὐποιεῖν
973 5477 1259 5542 δύνασθαι,
1317 5484 1454 5554 πρδς
1519 5485 1644 5539 θεοῦ
1695 5487 1891 5551 οἴεται,

315 5564 436 5616 οὐδὲ
470 5563 659 5619 τούτου
691 5568 903 5632 Παῦλος
933 5571 999 5625 ἂν
1036 5574 1123 5642 εἴη
1151 5575 1610 5647 ἀπολειπόμενος.
1642 5580 1752 5631 Καὶ
1780 5580 1890 5650 γὰρ

317 5658 495 5713 ἐκεῖνό
526 5675 590 5729 γε
623 5656 691 5733 ἦν
723 5662 961 5731 Παύλου,
990 5665 1051 5720 τὸ
1091 5669 1367 5741 πανταχοῦ
1400 5672 1564 5725 πλέον
1610 5671 1758 5744 ἔχειν
1791 5673 1890 5726 ἀν-

414 5835 457 5868 ⁸¹
510 5835 626 5891 Act.
683 5854 870 5902 xxvm,
930 5839 1045 5895 5-6.

2006 4568 2161 4636 liget,
2212 4561 2486 4619 insulanis
2508 4572 2635 4613 eum
2668 4565 2871 4611 statum
2903 4551 3031 4605 inde
3087 4543 3429 4617 provenisse,
3483 4536 3581 4609 qui

2006 4633 2116 4711 illis
2152 4652 2458 4725 ingentium
2489 4651 2758 4706 bonorum
2801 4640 3160 4698 fruendorutn
3184 4633 3400 4703 copiam
3448 4644 3591 4696 sup--

2008 4719 2300 4820 periitsi-et,
2321 4755 2376 4800 et
2407 4759 2525 4800 eam
2557 4739 2790 4812 gloriam
2842 4748 3060 4806 parere,
3087 4744 3195 4800 qua
3252 4725 3462 4794 majore
3516 4719 3576 4774 in

2002 4858 2126 4898 cum
2146 4853 2322 4910 usque
2336 4837 2482 4892 diem
2502 4833 2685 4889 nullus
2703 4845 2766 4884 ex
2788 4825 2980 4883 insulae
3007 4818 3272 4891 indigenis
3287 4817 3593 4871 claruerat.

2001 4936 2067 4989 Et
2098 4908 2300 4988 Paulus
2329 4929 2553 5001 quidem
2574 4921 2906 4986 occultabat,
2941 4930 3069 4971 num
3113 4912 3236 4985 quis
3275 4910 3410 4964 deus
3438 4908 3589 4960 inter

2000 5030 2125 5083 illos
2141 4999 2475 5086 versaretur,
2504 5017 2721 5075 tametsi
2750 5013 3022 5069 videretur
3051 5022 3175 5063 esse
3195 5005 3350 5060 deus.
3377 4999 3587 5054 lterum

1998 5119 2143 5173 enim
2183 5124 2239 5172 et
2278 5113 2479 5181 sapius
2510 5111 2589 5165 rei
2628 5106 2877 5163 suavitas
2924 5111 2979 5157 et
3017 5096 3334 5169 jucunditas
3364 5090 3472 5146 huc
3493 5102 3593 5141 me

1999 5208 2206 5274 trahit,
2238 5221 2340 5261 nec
2375 5212 2569 5275 praeter
2593 5197 2899 5263 rationem;
2931 5207 3061 5247 nam
3086 5190 3133 5246 si
3165 5204 3194 5241 a
3226 5181 3589 5256 perniciosis-

1997 5303 2153 5357 simis
2172 5298 2313 5354 nihil
2343 5312 2480 5352 nocu
2491 5292 2658 5349 menti
2679 5294 2926 5359 accipere
2948 5299 3130 5356 posse,
3153 5276 3430 5336 suilicitad
3450 5287 3591 5343 δυο-ι

2001 5392 2215 5451 theosin
2241 5406 2259 5459 ;
2283 5390 2406 5459 jure
2427 5386 2633 5458 optimo
2664 5382 2868 5438 Paulus
2891 5377 3113 5432 habitus
3137 5383 3224 5428 est
3243 5371 3382 5427 deus
3407 5384 3421 5421 :
3456 5376 3509 5420 et
3529 5364 3582 5420 si

2001 5486 2049 5541 is
2078 5485 2171 5556 qui
2210 5483 2441 5551 majora.
2466 5492 2629 5549 quam
2661 5489 2758 5545 pro
2795 5469 3035 5527 hominis
3064 5466 3344 5523 facultate,
3374 5459 3589 5515 beneﬂ-

1997 5578 2084 5633 cia
2117 5575 2369 5632 conferre
2401 5580 2600 5642 poteSI,
2628 5568 2764 5623 deus
2780 5572 3052 5628 censetur,
3080 5572 3256 5628 neque
3278 5556 3385 5609 hoc
3408 5549 3591 5606 Paulo.

2000 5670 2188 5728 deﬁcit
2216 5683 2232 5724 :
2265 5681 2390 5723 nam
2412 5665 2517 5722 hoc
2530 5670 2649 5721 erat
2673 5659 2831 5733 quasi
2858 5657 3073 5728 insigne
3094 5652 3271 5719 Pauli,
3292 5659 3352 5706 ut
3369 5645 3587 5719 ubique
