4076 6448
502 372 668 439 1⁸8⁸1

1835 379 2123 439 ΜᾹΧΙΜΙ
2155 377 2527 439 PLANUDJ!

3671 382 3803 450 10%

527 504 799 548 terrarum
855 494 999 564 plus.
1037 511 1199 565 quam
1254 497 1439 563 homo,
1490 499 1737 562 haberet,
1792 508 1846 555 et
1893 500 2115 564 valeret,

2225 497 2470 568 θρώπου,
2498 499 2591 551 καὶ
2616 493 2691 552 ὧν
2713 497 2920 566 ἀπορία
2956 499 3069 560 τοῖς
3103 497 3285 563 ἄλλοις
3306 497 3480 554 ταῦτα
3497 500 3683 574 ἐκείνῳ
3710 504 3799 558 εὖ.

529 598 725 656 εισιιιερ
753 587 875 641 aliis
917 592 1163 657 prmstitu
1198 602 1354 646 erant
1386 593 1769 662 impossibilia,
1814 591 1931 647 luce
1982 607 2122 660 prae-

526 689 679 734 stare
710 696 943 748 pronum
970 683 1017 734 ci
1053 698 1117 737 ac
1164 685 1405 753 proclive
1437 694 1606 748 esset,
1652 689 1912 756 quodque
1968 686 2117 740 dictu

530 774 833 825 maximum
852 781 903 826 et
929 773 1289 830 admiratiooe
1316 776 1722 846 dignissimum,
1746 776 2001 847 captivus
2033 783 2120 831 te-

530 885 582 921 ut
606 870 801 936 b-dur;
839 884 1018 938 neque
1044 871 1153 925 ulla
1183 873 1228 927 ei
1259 871 1313 926 in
1338 873 1645 928 libertatem
1690 888 1811 929 sese
1834 873 2117 930 asserendi

530 960 767 1016 facultas
802 963 1165 1031 suppetebat;
1217 979 1319 1019 nec
1350 965 1497 1034 qttod
1532 980 1599 1020 eo
1628 966 1890 1028 venisset,
1936 980 2002 1020 ex
2040 981 2122 1019 ar-

531 1054 699 1109 bitrio
731 1055 850 1122 ejus
886 1057 1181 1119 acciderat,
1213 1072 1315 1113 nec
1354 1058 1408 1112 in
1438 1073 1601 1112 manu
1634 1057 1753 1125 ejus
1780 1070 1918 1124 erat,
1952 1059 2117 1113 rebus

531 1148 649 1201 suis
677 1150 854 1212 uti,et
884 1150 988 1216 eis,
1021 1151 1189 1206 ubi'et
1223 1167 1332 1221 quo
1367 1152 1529 1208 modo
1581 1152 1769 1212 vellet.
1817 1168 1916 1221 pro
1960 1152 2115 1205 libitu

536 1238 750 1291 adesse.
787 1239 894 1294 Iste
920 1249 1122 1307 tamen,
1160 1242 1214 1295 in
1236 1243 1336 1298 hoc
1358 1250 1503 1299 statu
1528 1243 1880 1306 constitutus,
1909 1244 2119 1298 morbis

530 1331 872 1391 medebatur.
906 1341 963 1387 et
1012 1331 1272 1389 facillime
1338 1335 1594 1391 restituta
1657 1334 1895 1391 sanitate
1926 1333 1996 1389 ab
2022 1334 2121 1389 ad-

530 1436 691 1475 versa
745 1422 1064 1479 valetudine
1114 1423 1402 1488 liberabat,
1461 1432 1516 1480 et
1561 1439 1684 1495 qua:
1743 1423 1872 1494 quis
1932 1409 1985 1479 iu
2016 1424 2120 1478 hac

537 1514 651 1565 vita
678 1522 870 1583 Optare
896 1521 1130 1583 poterat,
1161 1515 1572 1584 promptissime
1596 1515 1952 1586 largiebatur.

607 1605 733 1657 Haec
762 1613 815 1658 et
849 1605 953 1658 alia
979 1605 1144 1673 hujus
1170 1605 1389 1675 generis
1441 1584 1846 1675 Spiritus'fecit
1888 1604 1944 1658 in
1982 1584 2123 1685 apo?
2186 1612 2187 1615 ‘

536 1696 713 1761 stolis,
752 1711 874 1764 quae
898 1697 941 1752 si
971 1712 1072 1768 pro
1114 1699 1378 1768 dignitate
1404 1698 1548 1753 dicta
1571 1707 1625 1752 et
1653 1698 1929 1760 celebrata
1959 1705 2114 1761 sunt,

533 1792 706 1860 gratia
746 1792 970 1863 Spiritui
1010 1812 1022 1850 :
1061 1795 1106 1849 si
1142 1804 1346 1861 autem,
1378 1795 1517 1866 quod
1564 1796 1739 1866 magis
1767 1796 2037 1865 suspicor,
2086 1810 2115 1848 a

532 1886 793 1955 dignitate
827 1901 1008 1942 rerum
1065 1902 1227 1957 quam
1290 1888 1611 1959 longissime
1650 1888 1923 1952 aberravi,
1956 1888 2116 1943 venia

533 1978 667 2031 mihi
698 1979 876 2045 detur,
906 1994 1070 2049 quam
1097 1981 1260 2036 etiam
1285 1979 1439 2037 ﬂexis
1462 1980 1693 2051 genibus
1728 1989 1784 2035 et.
1813 1980 1962 2034 humi
1992 1996 2119 2049 pro-

529 2068 792 2125 cumbens
815 2080 973 2139 peto:
998 2074 1253 2129 conscius
1285 2073 1420 2128 mihi
1446 2088 1591 2139 sum,
1624 2088 1713 2129 me
1743 2073 2114 2137 mltileorum,

524 2175 651 2228 qua:
693 2162 836 2217 vires
859 2179 995 2218 mete
1024 2162 1290 2233 ferebant,
1318 2166 1758 2235 praetermisisse.
1802 2163 1912 2219 Vos
1948 2179 2101 2228 vero,

528 2255 837 2320 auditores,
875 2256 1075 2311 mentis
1105 2268 1300 2314 vestrae
1324 2269 1379 2312 et
1411 2256 1697 2313 sententias
1742 2256 1978 2321 domini,
2020 2257 2116 2327 qui

532 2348 799 2402 hactenus
828 2362 918 2402 me
943 2363 1139 2417 magna
1165 2349 1541 2405 benevolentia
1570 2348 2113 2414 audiistis,eamdem

528 2432 791 2488 adﬁnem
854 2449 1029 2504 usque
1088 2437 1221 2492 mibi
1280 2438 1540 2495 exhibere
1590 2437 1918 2508 dignemini.
1974 2439 2115 2506 Quid

528 2521 771 2589 amplius
805 2523 993 2579 dicere
1025 2527 1297 2595 oportet?

602 2619 724 2670 iam
766 2616 966 2672 dudum
995 2621 1174 2675 sentio
1236 2623 1456 2693 aliquos
1488 2635 1827 2694 exspectare,
1866 2637 1934 2678 an
2002 2639 2112 2678 non

532 2711 812 2780 apostolos
837 2728 1151 2784 comparem
1203 2716 1292 2781 iis,
1322 2717 1421 2787 qui
1452 2732 1516 2772 ex
1549 2719 1700 2773 omni
1743 2733 1860 2773 aevo
1910 2718 2114 2799 pietate

527 2814 584 2854 ri
610 2806 813 2859 virtute
830 2805 1172 2862 claruerunt.
1200 2807 1268 2863 Et
1300 2807 1403 2863 hoc
1464 2809 1598 2863 mihi
1629 2819 1943 2880 promptum
1977 2817 2063 2863 est
2098 2827 2114 2865 :

531 2897 721 2951 nullus
742 2899 887 2951 enim
914 2899 1181 2968 apostolis
1207 2900 1274 2955 de
1304 2901 1617 2971 principatu
1665 2902 1814 2957 litem
1848 2904 2114 2969 movebit,

530 3004 710 3059 neque
735 2988 802 3044 de
843 2990 1074 3045 victoria
1103 2992 1442 3047 coucertabit
1463 3008 1482 3061 ;
1517 2994 1612 3049 sed
1665 3009 1860 3050 omnes
1918 3004 2113 3064 sponte

530 3085 753 3146 cedent,
785 3091 840 3137 ct
875 3082 1064 3153 gloria!
1092 3083 1304 3156 primas
1351 3086 1616 3156 apostolis
1649 3086 1919 3142 tribuent.
1953 3087 2111 3154 Quod

2225 608 2371 659 πορα
2399 585 2543 644 εἶναι
2576 589 2839 660 χρῆσθαι,
2864 590 2961 643 καὶ
2995 589 3054 644 τὸ
3077 590 3141 660 δὴ
3175 591 3397 646 πάντων
3450 593 3702 662 μέγιστον
3725 598 3800 650 εί-

2227 684 2353 737 πεῖν
2386 685 2483 738 καὶ
2515 683 2822 753 θαυμάσαι,
2848 682 3135 753 δεσμώτης
3178 683 3280 753 μὲν
3307 679 3396 755 ἦν,
3430 686 3528 739 καλ⁵
3550 687 3658 740 οὐδ’
3680 689 3799 741 ὅσον

2224 778 2307 839 εἰς
2337 772 2675 849 ἀνδρα-ἧκεν
2707 774 2997 846 ἐλεύθερον
3046 778 3298 846 μετεῖχεν
3345 776 3550 841 ἀδείας,
3580 776 3687 831 οὐδ’
3714 780 3799 831 ἐπ’

2224 870 2375 939 αὐτῷ
2410 886 2474 938 γε
2504 863 2595 938 ἦν,
2628 870 2752 924 οὐδὲ
2800 871 2863 924 τὸ
2927 871 3109 923 ἐκεῖσε
3160 868 3410 939 ἀφῖχθαι,
3460 869 3569 923 οὐδ’
3599 858 3801 940 αἵρεσις

2225 961 2525 1033 προῦκειτο
2557 964 2672 1025 τοῖς
2700 960 2825 1016 καθ’
2850 961 3017 1015 αὑτὸν
3038 960 3275 1030 χρῆσθαι
3298 961 3544 1032 καὶπρὸς
3578 962 3801 1025 ἐκείνοις

2223 1054 2473 1124 γίνεσθαι
2510 1054 2641 1107 ἔνθα
2673 1053 2739 1109 ἂν
2771 1056 2868 1107 καὶ
2925 1053 3051 1107 καθ’
3079 1053 3137 1106 ὃν
3171 1052 3429 1123 βούληται
3480 1053 3699 1123 τρόπον.
3742 1054 3798 1109 ’0

2221 1148 2280 1202 δὲ
2311 1147 2556 1209 τοιοῦτος
2595 1144 2691 1199 καλ⁵
2729 1145 2874 1199 οὕτω
2926 1146 3037 1200 τῶν
3067 1146 3197 1216 περὶ
3238 1145 3403 1199 αὐτόν
3449 1145 3607 1215 ἔχων,
3645 1163 3797 1213 νοση-

2226 1238 2415 1307 μάτων
2463 1237 2563 1308 μὲν
2592 1236 2821 1305 ἀπέλυε,
2885 1238 3024 1307 πρὸς
3072 1236 3132 1291 δὲ
3188 1237 3382 1304 ὑγείαν
3439 1237 3797 1307 εὐχερέστατα

2224 1330 2494 1399 ἐπανῆγε,
2548 1331 2646 1382 καὶ
2677 1328 2773 1383 τοῦ
2824 1328 3015 1394 κακῶς
3072 1328 3220 1399 ἔχειν
3256 1328 3619 1398 ἀπήλλαττεν,
3654 1332 3742 1383 καὶ
3768 1333 3796 1385 ὃ

2221 1440 2308 1487 τις
2342 1420 2547 1494 μᾶλλον
2577 1420 2687 1475 τῶν
2716 1422 2774 1476 ὲν
2799 1421 2879 1493 τῷ
2904 1420 3005 1493 βίῳ
3028 1423 3246 1476 πάντων
3270 1420 3337 1476 ἂν
3362 1420 3595 1488 εὔξαιτο,
3628 1425 3795 1495 ῥᾷστα

2223 1517 2478 1586 παρεῖχε.

2260 1660 2263 1663 .
2294 1607 2534 1661 Τοιαῦτα
2567 1607 2661 1661 ἐπὶ
2682 1610 2791 1672 τοῖς
2823 1608 3144 1674 ἀποστόλοις
3181 1607 3278 1664 καὶ
3312 1607 3487 1673 οὓτως
3514 1609 3700 1678 ἔχοντα
3728 1609 3793 1663 τὰ

2220 1696 2314 1753 τοῦ
2342 1680 2678 1767 Πνεύματος.
2709 1700 2770 1753 Εἰ
2807 1699 2906 1768 μὲν
2938 1698 3012 1771 μὴ
3043 1700 3142 1769 τῆς
3176 1698 3332 1764 ἀξίας
3353 1700 3429 1765 ὡς
3452 1700 3793 1773 πορρωτάτω

2221 1791 2481 1862 λεχθέντα
2515 1792 2607 1843 καλ⁵
2635 1792 2965 1863 ὕμνηθέντα,
2998 1791 3075 1863 τῷ
3119 1792 3398 1864 Πνεύματι
3430 1794 3608 1865 χάρις·
3639 1798 3685 1848 εἰ
3716 1796 3789 1861 δ’,

2226 1879 2271 1953 ᾧ
2328 1886 2423 1939 καὶ
2485 1883 2688 1955 μᾶλλον
2764 1885 3011 1956 τίθεμαι,
3069 1889 3431 1959 ποῤῥωτάτω,
3496 1887 3791 1959 συγγνώμη

2229 1977 2422 2046 πρῶτα
2456 1979 2554 2048 μὲν
2580 1978 2795 2033 ἐκεῖθεν
2822 1980 2957 2051 ἡμῖν
2987 1982 3427 2052 καταπέμποιτο,
3450 1984 3543 2038 καὶ
3580 1984 3685 2052 γὰρ
3707 1978 3794 2036 οὖν

2226 2074 2358 2143 γόνυ
2385 2073 2556 2126 κλίνω
2586 2074 2681 2127 καὶ
2712 2073 3009 2128 ὑποπεσὼν
3052 2074 3266 2146 δέομαι*
3317 2077 3412 2129 καὶ
3457 2076 3567 2148 γάρ
3616 2075 3707 2130 τοῦ
3735 2092 3793 2144 γε

2224 2168 2368 2222 κατά
2397 2168 2628 2238 δύναμιν
2671 2168 2772 2222 οὐκ
2815 2168 3088 2225 ἐνέλιπον.
3144 2169 3378 2223 Ἔπειτα
3411 2169 3468 2224 δὲ
3492 2170 3586 2227 καὶ
3620 2170 3790 2239 ὑμεῖς,

2222 2254 2268 2315 ὦ
2299 2260 2585 2333 παρόντες,
2616 2260 2797 2330 κύριοι
2832 2262 3058 2333 γνώμης
3088 2262 3270 2328 ὄντες,
3301 2262 3796 2335 εὐγνωμονέστερον

2222 2354 2373 2425 εἴητέ
2412 2371 2511 2424 μου
2545 2355 2673 2417 τούς
2701 2354 2898 2424 λόγους
2931 2355 3256 2423 ἀκηκοότες,
3285 2356 3380 2409 καὶ
3414 2355 3575 2425 μέχρι
3603 2355 3667 2425 δὴ
3709 2357 3797 2410 καὶ

2222 2447 2302 2509 τίς
2336 2445 2511 2514 πέρας
2535 2445 2864 2510 ἀκούσοντες
2889 2441 3037 2501 εἴτε.
3070 2447 3136 2500 Τί
3164 2447 3226 2514 δή
3268 2464 3357 2517 μοι
3381 2447 3442 2500 τὸ
3472 2449 3563 2501 ἐπὶ
3592 2449 3798 2511 τούτοις

2221 2542 2396 2593 εἰπεῖν
2423 2552 2440 2605 ;

2290 2630 2627 2701 Αίσθάνομαι
2654 2630 2753 2700 μὲν
2779 2632 2947 2686 πάλαι
2971 2631 3126 2695 τινὰς
3172 2628 3331 2686 τοῦτο
3369 2630 3795 2702 προσδοκῶντας,

2224 2726 2382 2778 εἵπου
2414 2726 2543 2787 τοὺς
2572 2726 2909 2790 ἀποστόλους
2940 2728 3053 2789 τοῖς
3108 2728 3173 2779 ὲκ
3218 2725 3312 2779 τοῦ
3351 2724 3550 2788 παντὸς
3610 2724 3795 2788 αἰῶνος

2224 2820 2311 2872 ἐπ’
2345 2819 2599 2891 εὐσεϐείᾳ
2628 2822 2726 2875 καὶ
2774 2821 2945 2893 ἀρετῇ
2974 2821 3227 2892 λάμψασι
3266 2820 3659 2890 παραϐάλοιμι,
3704 2819 3795 2871 καὶ

2220 2915 2281 2967 τό
2302 2931 2363 2983 γε
2389 2914 2483 2967 ἀπ’
2519 2912 2655 2983 ἐμοῦ
2683 2915 2985 2986 πρόθυμον.
3009 2915 3196 2978 Οὐδεὶς
3233 2914 3344 2983 γλρ
3366 2914 3497 2983 ἡμῖν
3520 2912 3625 2966 τῶν
3652 2928 3795 2981 πρω-

2222 3011 2386 3063 τείων
2420 3007 2859 3078 ἀμφισϐητήσει,
2913 3006 3035 3060 οὐδὲ
3090 3008 3415 3074 ἀγωνιεῖται
3444 3004 3575 3075 περὶ
3591 3002 3687 3071 τῆς
3718 3000 3794 3053 νί-

2220 3118 2345 3164 κης,
2378 3099 2518 3169 πλὴν
2542 3101 2624 3153 ὅτι
2656 3099 2754 3153 καὶ
2779 3097 3063 3166 ὑπείξουσι
3086 3098 3312 3163 πάντες,
3347 3098 3442 3150 καὶ
3470 3092 3796 3166 παραχωρή-

535 3175 667 3229 milii
704 3177 789 3230 vel
818 3168 1058 3233 maxime
1090 3176 1414 3248 persuadet,
1445 3187 1705 3235 conatum
1764 3179 1913 3234 hunc
1958 3196 2111 3237 com-

2225 3210 2378 3247 σουσι
2431 3168 2546 3256 τοῖς
2591 3191 2917 3255 ἀποστόλοις
2961 3190 3063 3259 τῆς
3117 3188 3294 3261 δόξης.
3362 3188 3493 3259 Ἐμὲ
3537 3188 3594 3243 δὲ
3642 3186 3796 3241 τοῦτο

532 3266 857 3333 parationis,
918 3283 1028 3323 non
1087 3283 1215 3324 esse
1268 3268 1453 3325 studio
1515 3284 1715 3341 magno
1756 3271 2006 3343 dignum.
2055 3272 2116 3328 Si

526 3357 675 3412 enim
707 3374 814 3414 non
838 3367 1048 3429 pateret
1084 3361 1367 3424 omnibus,
1403 3363 1553 3432 quod
1589 3362 1699 3418 illis
1726 3362 2036 3420 decantatis
2058 3373 2115 3419 et

532 3451 825 3507 celebratis
880 3451 951 3506 ab
1004 3453 1264 3508 omnibus
1296 3455 1639 3519 conceditur,
1696 3452 1882 3510 forsan
1933 3456 2114 3512 oratio

532 3542 737 3611 aliquid
809 3542 1101 3599 levamenti
1150 3544 1489 3612 invenisset;
1538 3560 1665 3601 cum
1719 3559 1852 3600 vero
1916 3546 2113 3601 borum

533 3635 773 3704 dignitas
803 3645 859 3692 et
890 3635 1161 3694 celsitudo
1191 3654 1298 3693 non
1331 3640 1499 3704 sinat,
1541 3648 1598 3695 ut
1629 3654 1960 3710 quemquam
1987 3650 2116 3696 ante

536 3729 660 3783 illos
688 3729 1049 3800 admiremur,
1080 3746 1387 3802 omnesque
1412 3732 1522 3788 illis
1557 3733 1718 3799 quasi
1746 3733 1812 3788 de
1831 3734 1920 3789 via
1954 3734 2116 3789 dece-

536 3821 691 3886 ιιςιηι,
728 3820 860 3889 quid
895 3821 1020 3891 quis
1051 3821 1282 3877 dicendo
1337 3822 1577 3891 amplius
1615 3822 1881 3888 olfecerit,
1947 3839 2113 3892 quam

538 3926 597 3965 ut
626 3911 939 3984 superﬂuus
967 3913 1268 3983 iudicetur,
1292 3915 1515 3984 quando
1544 3915 1713 3971 ctiam
1745 3915 1853 3979 illi;
1873 3917 1970 3987 qui
2022 3932 2115 3986 pe-

536 4007 689 4061 nitus
745 4007 891 4071 silct,
944 4006 1026 4061 fas
1056 4015 1161 4072 est,
1222 4008 1432 4077 absque
1493 4009 1600 4063 ulla
1650 4010 2112 4076 contradictione,

538 4088 572 4151 ό
599 4102 788 4153 ι’ῑιίιιιη
831 4100 1083 4164 calculis,
1113 4104 1321 4170 primas
1353 4102 1612 4171 apostolis
1664 4102 1928 4173 elargiri?
1976 4105 2115 4159 Nul-

534 4191 648 4244 irim
684 4190 829 4244 enim
870 4205 934 4245 ex
960 4189 1108 4244 omni
1139 4190 1452 4245 mortalium
1480 4204 1710 4246 numero
1732 4190 1980 4246 invenire
2006 4200 2110 4257 est,

532 4284 625 4352 qui
661 4297 785 4334 cum
829 4282 1296 4349 auditapostolos
1351 4282 1676 4354 coryplucos
1733 4291 1789 4339 et
1831 4286 2113 4356 principes

536 4374 837 4440 nominari,
865 4374 1049 4428 animo
1079 4387 1189 4428 non
1245 4374 1430 4427 statim
1463 4384 1741 4445 assurgat,
1768 4376 2115 4446 pronuntiet-

541 4481 651 4537 que
704 4481 801 4521 eos
835 4467 1079 4520 omnium
1108 4466 1341 4520 aliorum
1387 4476 1704 4537 corypuaecs
1734 4475 1789 4524 et
1840 4468 2114 4539 principes

530 4569 592 4611 es
600 4570 677 4611 δί’.

602 4648 664 4702 Et
701 4651 815 4703 lure
852 4648 1066 4721 vulgata
1100 4657 1182 4705 est
1217 4648 1361 4720 apud
1397 4650 1538 4720 pios,
1562 4658 1618 4706 et
1673 4651 1918 4706 omnium
1952 4653 2113 4710 tutis-

531 4744 673 4799 sima
730 4744 1042 4813 persuasio,
1080 4743 1355 4799 neminem
1393 4744 1738 4812 mortalium,
1780 4760 2114 4816 quocunque

532 4836 752 4888 tandem
831 4845 976 4890 statu
1038 4834 1375 4906 insignium,
1446 4836 1713 4905 apostolis
1779 4836 2114 4915 agquimrari

534 4943 719 4997 posse.
769 4926 887 4984 Non
913 4928 1058 4985 enim
1114 4943 1236 4995 eos,
1268 4927 1364 4998 qui
1396 4927 1599 4983 acriter
1649 4943 1765 4984 rem
1814 4928 2117 4999 diiudicare

534 5030 760 5088 rorunt,
793 5024 976 5086 decet.
1028 5031 1087 5077 ut
1126 5037 1249 5079 cum
1305 5027 1679 5091 apostolorum
1714 5023 1925 5078 mentio
1979 5023 2119 5077 inci-

533 5114 638 5177 dit,
671 5115 949 5170 adducaut
982 5115 1138 5181 alios,
1170 5115 1536 5173 admiratione
1600 5113 1847 5185 quidem,
1878 5116 1974 5172 sed
2009 5133 2118 5172 non

534 5208 709 5263 instar
741 5212 999 5273 istorum,
1028 5210 1247 5279 dignos.
1274 5210 1401 5281 quia
1428 5209 1516 5263 liis
1544 5222 1764 5277 quoque
1796 5208 1850 5263 in
1882 5223 2117 5280 compa-

534 5302 808 5357 rationem
843 5302 1124 5368 adductis,
1158 5303 1389 5373 apostoli
1414 5302 1846 5357 cxccllcutiores
1888 5315 2120 5370 appare-

537 5392 675 5446 bunt
707 5408 723 5458 ;
754 5393 1221 5461 quemadmodum
1256 5405 1310 5449 ct
1355 5395 1459 5450 hoc
1503 5395 1556 5449 iu
1590 5394 1784 5464 primis
1846 5394 2121 5463 apostoli-

537 5497 663 5535 cum
696 5491 799 5547 est,
827 5483 976 5538 omni
1006 5483 1284 5539 industria
1313 5486 1509 5546 arlniti.
1553 5493 1614 5539 ut
1662 5483 1925 5540 omnibus
1961 5492 2119 5541 aute—

540 5576 765 5641 ccliant,
799 5585 855 5629 ut
884 5575 955 5631 ob
994 5576 1428 5646 magnitudinem
1451 5585 1506 5632 et
1529 5576 1944 5631 multitudinem
1972 5588 2122 5631 recte

536 5667 815 5725 factorum
837 5670 1020 5725 nullus
1038 5671 1264 5725 omnino
1296 5672 1390 5725 ulli
1414 5672 1813 5741 comparationi
1844 5673 2125 5741 relinqua-

543 5762 634 5811 tur
669 5760 845 5813 locus.
874 5755 1065 5827 Neque
1091 5758 1137 5813 si
1171 5759 1338 5827 solem
1362 5761 1415 5814 iu
1448 5760 1691 5816 medium
1725 5764 2117 5832 producamus,

544 5857 602 5901 et
653 5864 775 5905 cum
835 5851 1082 5919 qualibet
1130 5852 1284 5905 stcl'a
1332 5853 1683 5910 confenmus
1739 5865 1793 5910 et
1854 5865 2114 5911 accurate

2228 3288 2470 3355 μάλιστα
2514 3287 2684 3357 μηδέν
2712 3304 2763 3340 τι
2798 3285 3094 3339 σπουδαῖον
3121 3277 3261 3337 εῖναι
3307 3281 3369 3337 τὸ
3411 3282 3639 3353 πρᾶγμα
3681 3281 3796 3334 πεί-

2224 3377 2327 3430 θει.
2360 3376 2423 3430 Ei
2457 3377 2567 3444 γὰρ
2607 3376 2683 3447 μὴ
2718 3374 2984 3443 πρόδηλον
3021 3376 3189 3430 πᾶσιν
3219 3369 3287 3446 ἦν
3318 3372 3380 3427 τὸ
3407 3372 3559 3442 παρά
3587 3372 3797 3425 πάντων

2225 3469 2657 3539 συγκεχωρηκὸς
2708 3469 2825 3531 τοῖς
2857 3467 3324 3539 εὖφημουμένοις,
3386 3466 3527 3535 τάχα
3556 3465 3621 3521 ἄν
3680 3481 3797 3517 τινα

2225 3558 2321 3610 καὶ
2353 3557 2712 3628 παραμυθίαν
2744 3557 2904 3612 τοῦτο
2931 3557 3008 3629 τῷ
3064 3556 3211 3629 λόγῳ
3265 3555 3580 3627 παρείχετο.
3649 3554 3798 3610 Ἐπεὶ

2221 3647 2281 3702 δὲ
2301 3648 2361 3701 τὸ
2391 3647 2599 3702 τούτων
2632 3650 2851 3718 ἀξίωμα
2886 3649 3065 3702 καὶτὸ
3097 3647 3230 3718 ὕψος
3256 3650 3363 3716 πρὸ
3392 3647 3569 3702 αὐτῶν
3611 3646 3798 3701 οὐδένα

2225 3739 2532 3811 θαυμάζειν
2561 3741 2646 3812 ἑᾷ,
2680 3742 2775 3794 καὶ
2829 3741 3035 3804 πάντες
3066 3739 3251 3803 αὐτοῖς
3298 3739 3703 3806 ὑπεξίστανται,
3745 3738 3797 3792 τί

2222 3847 2308 3894 τις
2343 3830 2410 3885 ἂν
2441 3830 2602 3883 πλέον
2658 3824 2807 3897 δόξᾶι
2862 3833 3061 3897 ποιεῖν,
3099 3832 3131 3899 ἢ
3167 3833 3221 3885 τί
3277 3831 3498 3899 δήποτε
3547 3830 3796 3900 περιττὸς

2223 3918 2363 3975 εἶναι
2396 3921 2684 3992 βουληθείη
2733 3923 2844 3986 τοῖς
2878 3922 3079 3991 λόγοις,
3115 3922 3276 3975 ὁπότε
3307 3924 3402 3975 καὶ
3461 3922 3625 3993 μηῗὲν
3672 3922 3797 3994 περὶ

2220 4014 2417 4069 τούτου
2444 4032 2508 4081 γε
2546 4017 2759 4069 εἰπόντι
2792 4016 3054 4087 πρόσεστι
3087 4015 3148 4069 τδ
3185 4014 3398 4079 πάντας
3434 4016 3614 4079 αὐτοῖς
3643 4015 3798 4068 ἀναν-

2221 4110 2499 4180 τιρῤήτως
2522 4109 2588 4161 τὰ
2611 4108 2807 4177 πρῶτα
2843 4108 2952 4161 τῶν
2980 4108 3181 4179 ψήφων
3209 4108 3397 4176 νέμειν
3419 4123 3436 4176 ;
3467 4109 3557 4161 καὶ
3584 4107 3687 4179 γάρ
3714 4125 3797 4162 τοι

2223 4201 2317 4253 καὶ
2347 4198 2524 4252 οὐδενὶ
2550 4199 2662 4253 τῶν
2691 4198 2952 4254 ἁπάντων
3002 4198 3121 4253 ἐστι
3184 4201 3524 4269 περιτυχεῖν,
3569 4198 3627 4262 ὃς
3671 4197 3799 4260 τοὺς

2224 4292 2565 4361 κορυφαίους
2596 4292 2708 4345 τῶν
2750 4291 3069 4346 ἀποστόλων
3114 4291 3377 4359 ἀκούσας,
3417 4292 3518 4346 οὐκ
3546 4290 3702 4353 εὐθὺς
3730 4293 3797 4359 τῇ

2227 4385 2374 4456 ψυχῇ
2399 4383 2760 4448 διανίσταται,
2792 4384 2886 4437 καὶ
2916 4383 3027 4437 τῶν
3054 4382 3232 4438 ἀλλων
3266 4382 3519 4438 ἁπάντων
3565 4380 3799 4450 ἀποφαίο

2179 4486 2188 4500 “
2221 4494 2374 4531 νεται
2425 4476 2776 4547 κορυφαίους.

2137 4549 2194 4611 D

2290 4655 2402 4709 Καὶ
2432 4653 2736 4726 δημοτελὴς
2767 4651 2909 4722 αὕτη
2952 4652 3016 4723 δὴ
3041 4654 3168 4719 δόξα
3208 4652 3364 4724 παρὰ
3405 4644 3516 4718 τοῖς
3561 4651 3803 4707 εὐσεϐέσι

2221 4745 2317 4800 καὶ
2348 4745 2743 4815 ἀσφαλέστατα
2770 4748 2963 4800 πασῶν
2995 4746 3220 4816 ἔχουσα,
3251 4745 3456 4817 μηδένα
3488 4745 3598 4798 τῶν
3629 4747 3684 4797 ὲν
3704 4743 3805 4813 οῐῳ

2221 4840 2286 4909 δή
2313 4855 2425 4893 τινι
2456 4837 2604 4891 τέλει
2624 4837 3089 4907 κατειλεγμένων,
3138 4836 3263 4909 μηδ’
3318 4837 3500 4902 ἐξίσου
3529 4840 3639 4899 τοῖς
3667 4837 3804 4890 ἀπο·

2227 4934 2440 4997 στόλοις
2475 4933 2762 5003 γίγνεσθαι
2813 4934 2984 5003 ἔχειν.
3012 4933 3088 4988 Οὐ
3133 4933 3243 5004 γὰρ
3276 4934 3455 4988 ἐκεῖνό
3482 4951 3548 5003 γε
3596 4932 3703 4987 τῶν
3734 4933 3807 4985 τά

2225 5028 2451 5098 ἀσφαλῆ
2480 5027 2692 5097 κρίνειν
2736 5026 2974 5093 εἰδότων,
3025 5027 3162 5081 ὅπου
3192 5026 3255 5098 δὴ
3285 5027 3473 5096 καιρὸς
3503 5026 3611 5080 τῶν
3648 5020 3806 5077 ’ἀπο-

2229 5120 2439 5171 στόλων
2495 5117 2833 5188 μεμνῆσθαι,
2885 5117 2980 5171 καί
3030 5135 3184 5181 τινας
3244 5119 3467 5188 ἑτέρους
3513 5119 3804 5185 παράγειν,

2228 5210 2358 5264 ἄλλο
2385 5226 2444 5263 τε
2478 5207 2545 5263 ἂν
2585 5212 2679 5263 καὶ
2716 5215 2791 5280 μὴ
2833 5211 2976 5264 κατά
3013 5208 3188 5263 ταῦτα
3221 5208 3806 5279 θαυμασθησομένους,

2227 5300 2301 5363 ὡς
2329 5301 2393 5364 δὴ
2423 5302 2488 5370 τῇ
2513 5302 2720 5353 τούτων
2753 5299 3082 5372 παραθέσει,
3112 5299 3222 5354 τῶν
3246 5299 3566 5354 ἀποστόλων
3601 5301 3659 5353 τὸ
3691 5301 3812 5369 μεῖ-

2230 5392 2323 5457 ζον
2359 5392 2590 5458 ἑξόντων
2619 5391 2809 5462 ὥσπερ
2838 5392 2961 5446 οὐδὲ
2988 5392 3149 5445 τοῦτό
3180 5408 3243 5461 γε
3268 5392 3378 5446 τῶν
3401 5390 3710 5445 ἀποστόλων
3742 5390 3813 5443 τὸ

2231 5487 2309 5556 μὴ
2336 5487 2519 5539 πᾶσαν
2552 5485 2747 5539 θέσθαι
2771 5485 3036 5555 σπουδὴν,
3064 5485 3277 5548 πάντας
3328 5485 3386 5539 ὲν
3422 5486 3588 5539 πᾶσιν
3637 5483 3810 5551 ὑπερ-

2231 5580 2517 5645 ϐαλέσθαι,
2546 5578 2623 5644 ὡς
2663 5580 2856 5651 μηδενὶ
2911 5579 3213 5647 διδόναιτῷ
3248 5577 3471 5650 μεγέθει
3496 5577 3590 5631 καὶ
3617 5576 3817 5646 πλήθει

2229 5672 2338 5725 τῶν
2370 5670 2849 5741 κατωρθωμένων,
2881 5671 3246 5741 παραθέσεως
3284 5672 3419 5739 πρὸς
3464 5668 3660 5729 αὐτοὺς
3699 5669 3816 5737 χὼ-

2236 5781 2355 5832 ραν.
2383 5763 2598 5817 Οὐκοῦν
2626 5763 2748 5817 οὐδὲ
2771 5761 2863 5815 τδν
2884 5763 3040 5833 ἥλιον
3077 5764 3428 5832 περ.ἀγοντες
3459 5762 3553 5813 καὶ
3592 5762 3815 5828 satis-trp

2231 5857 2339 5909 τῶν
2372 5858 2618 5922 ἀστέρων
2678 5855 3071 5916 παρατιθέντες
3118 5872 3175 5908 τε
3227 5857 3317 5907 καὶ
3363 5852 3815 5913 ἁντεξετάξο.τες
