4076 6462
257 523 273 543 ἡ
330 440 469 504 mea
802 467 832 488 ο

1326 425 1731 487 ENCOMlUM
1774 428 1858 486 SS
1916 427 2148 487 PETRI
2190 427 2287 487 ΕΤ
2311 427 2561 491 PAULI.

3448 422 3586 490 1000

326 551 747 623 θαυμασόμεῖῖα.
788 547 945 611 Ἀλις
975 546 1083 614 γὰρ
1117 545 1278 606 αὐτὸς
1313 543 1480 597 αὑτοῦ
1519 544 1784 612 μετρήσει
1814 544 1905 595 καὶ

2037 561 2430 615 :omponamus,
2473 545 2644 612 magis
2673 559 2796 596 eum
2831 550 3116 612 propterea
3146 541 3539 597 admirahimur
3568 560 3582 608 ;

328 645 522 707 κάλλος
553 643 647 695 καὶ
694 639 948 709 μέγεθος.
979 636 1103 707 Ἆρ’
1130 631 1223 689 οῦν
1257 636 1391 707 ὁρᾷν
1435 636 1605 697 ἐστιν,
1664 635 1812 696 ὅπως
1844 634 1903 686 οὐ

331 737 631 805 προσέσται
664 734 764 803 τὴν
814 730 951 801 πρὸς
1001 730 1126 793 τοὺς
1177 728 1370 790 ἄλλους
1416 727 1764 791 ἀντεξέτασιν
1794 725 1906 779 τῶν

329 828 644 882 ἀποστόλων
688 825 1048 893 εὐπρόσωπον
1101 823 1167 876 ἂν
1201 820 1512 891 προσιέναι,
1561 820 1655 873 καὶ
1691 818 1907 889 προσίοι

338 926 461 994 μηδ’
516 923 678 993 ἔργον
727 913 869 971 εἶναι
917 915 1127 984 ταύτης
1188 916 1246 967 ἐν
1299 912 1379 982 τῷ
1429 913 1659 982 παρόντι
1718 911 1903 981 μηδέν.

342 1015 517 1071 Τοῦτο
548 1013 646 1085 μὲν
674 1009 768 1063 οῦν
797 1008 947 1070 εἴτις
965 1005 1134 1069 οὕτως
1161 1006 1237 1068 ὡς
1266 1002 1375 1072 ἐγώ
1405 1020 1547 1071 φημι
1571 1003 1680 1055 δεῖν
1699 1002 1907 1056 οἴεσται

337 1109 539 1179 κρίνει,
575 1103 844 1158 κάλλιστα
894 1098 1110 1170 κρίνει*
1138 1098 1236 1150 καὶ
1284 1095 1502 1164 ἀπόχρη
1545 1093 1712 1162 μηδὲν
1743 1094 1907 1145 πλέον

335 1205 451 1266 τοῖς
480 1194 586 1262 εἰς’
611 1196 787 1251 ταῦτα
827 1186 1048 1264 ἔχουσιν
1089 1188 1504 1260 ἑμϐραδύνοντα
1542 1185 1742 1255 λόγοις,
1802 1184 1908 1238 τῶν

282 1290 286 1299 ’
336 1295 528 1367 πρόσω
555 1290 796 1361 ἔχεσθαι.

299 1432 319 1457 1,
414 1386 649 1439 Κάκεῖνο
674 1381 731 1434 δὲ
763 1378 816 1433 εί
854 1397 935 1443 τις
974 1378 1095 1446 ἐμοὶ
1129 1376 1304 1429 ταῦτα
1337 1372 1636 1426 σπουδάσαι
1674 1369 1910 1438 θελήσας

317 1474 494 1547 ’,ἐκτὸς
537 1475 631 1528 τοῦ
665 1473 846 1533 καλῶς
899 1471 1109 1539 ἕλοντος
1144 1468 1338 1529 οἴεται,
1369 1464 1715 1533 παραόαλεῖν.
1738 1463 1908 1531 ἀλλή-

340 1569 451 1638 λοις
484 1567 610 1630 τοὺς
633 1564 991 1624 ἀποστόλους,
1028 1559 1181 1630 μόνοι
1214 1558 1348 1625 γὰρ,
1394 1557 1444 1607 εί
1496 1555 1654 1623 θέμις
1710 1555 1908 1617 εἰπεῖν,

343 1658 593 1728 ἀλλήλοις
622 1654 718 1708 καὶ
751 1655 857 1706 ι’σοι
888 1655 981 1707 καὶ⁸
1000 1650 1306 1721 κρείττους,
1333 1648 1429 1702 καὶ
1455 1640 1631 1712 οὗτος,
1671 1645 1796 1714 ἐμοὶ
1827 1648 1913 1697 δο-

347 1753 457 1813 κεῖ,
480 1750 675 1819 νόμους
699 1746 766 1800 ἂν
792 1746 965 1814 εἰδείη
989 1741 1303 1814 παραϐολῆς
1326 1759 1386 1793 τε
1409 1738 1504 1794 καὶ
1534 1737 1909 1807 παραθέσεως.

260 1880 276 1895 .
350 1845 442 1896 Δεῖ
491 1841 556 1911 δὴ
602 1838 1022 1909 τεθαρρηκότως
1073 1835 1358 1904 προσιέναι
1403 1833 1513 1893 τοῖς
1563 1828 1765 1895 λόγοις,
1819 1825 1913 1879 καὶ

346 1906 590 2004 νομίζειν
618 1906 753 2000 πρὸς
776 1906 1013 1998 γνώμης
1045 1922 1185 1980 εἶναι
1233 1923 1392 1977 τοῦτο
1417 1921 1482 1991 δὴ
1512 1922 1606 1973 καὶ
1632 1921 1748 1980 τοῖς
1778 1920 1917 1970 ἀπο·
1950 1906 1991 1960 Β

351 2027 579 2088 στόλοις,
611 2022 778 2084 εἴτις
827 2020 1159 2089 ὑψηλότερος
1205 2016 1281 2068 ὢν
1331 2013 1426 2066 τοῦ
1472 2028 1536 2080 γε
1581 2010 1717 2081 πρὸς
1759 2009 1919 2079 χάριν

351 2118 556 2181 λέγειν,
579 2114 772 2167 ἔπειτα
801 2111 895 2165 καὶ
922 2108 1176 2179 ἀλλήλοις
1209 2106 1431 2168 αὐτοὺς,
1459 2105 1597 2170 ὅπερ
1629 2099 1793 2162 εἰσὶν,
1827 2100 1923 2151 ἐπὶ

356 2206 466 2259 τῶν
500 2207 842 2273 πραγμάτων
874 2202 1023 2263 ίσους
1067 2198 1163 2253 καὶ
1206 2199 1319 2259 τοῖς
1359 2195 1538 2261 λόγοις
1571 2194 1684 2263 ἔχοι
1714 2190 1924 2246 δεικνύ-

306 2310 311 2315 ‘
359 2314 467 2350 ναι.
498 2297 606 2350 Καί
642 2311 722 2348 τοι
746 2294 901 2365 τοῦτο
928 2293 1022 2345 καὶ
1046 2289 1429 2361 φανερῶτατόν
1461 2290 1578 2340 ἐστι
1612 2287 1747 2337 πᾶσι
1779 2281 1924 2351 γνῶ-

362 2407 473 2454 ναι,
504 2389 579 2451 ὡς
614 2384 928 2455 ἁπανταχοῦ
977 2401 1036 2436 τε
1082 2384 1179 2452 τῆς
1218 2380 1314 2434 τοῦ
1343 2381 1504 2447 λόγου
1539 2376 1927 2448 πραγματείας

360 2479 494 2549 ἡμῖν
524 2477 886 2531 ὲσπούδασται
918 2475 1014 2526 καὶ
1040 2472 1350 2542 τετίμηται.
1380 2470 1493 2522 Καὶ
1529 2469 1730 2531 σκοπδς
1773 2459 1928 2529 οὗτος

362 2571 430 2639 δὴ
472 2571 583 2630 τοῖς
627 2567 894 2632 ἐπαίνοις,
930 2567 1110 2619 πάντα
1142 2563 1277 2633 πρὸς
1312 2562 1369 2614 ἓν
1399 2561 1557 2615 τοῦτο
1589 2558 1929 2613 συνελαύνων

361 2679 421 2716 τε
451 2661 546 2714 καὶ
577 2659 903 2728 συνείργωνο
937 2658 998 2711 οὗ
1026 2656 1132 2728 μὴν
1162 2657 1217 2709 δὲ
1244 2655 1380 2709 ἀλλὰ
1408 2653 1683 2708 κάνταῦθα
1704 2653 1933 2721 γενομέ-

363 2771 476 2816 νοις
495 2771 525 2806 τ
542 2751 590 2805 ,ῦ
616 2752 800 2819 λόγου,
827 2751 922 2803 καὶ
943 2744 1003 2802 οὗ
1034 2750 1253 2802 πάντων
1285 2745 1519 2815 μάλιστα
1539 2745 1694 2797 τοῦτο
1718 2745 1929 2812 καιρὸς,

364 2845 634 2917 χρηστέον
667 2844 733 2897 ἂν
765 2842 851 2910 εἴη
902 2844 967 2909 τῇ
1019 2839 1276 2909 προθέσει
1311 2836 1675 2899 ἐπιτείνοντας
1702 2835 1764 2888 τὸ
1795 2835 1933 2904 ἐφά-

369 2936 684 3006 μιλλον,κα“·
721 2932 1092 2992 ἀπολαύοντας
1120 2930 1217 2998 τῆς
1264 2929 1366 2996 τὴν
1403 2924 1625 2993 ἰσότητα
1667 2924 1934 2995 πρεσϐευ-

364 3025 823 3096 ούσηςεὺφημίας
850 3025 956 3077 τῶν
974 3023 1309 3075 ἀποστόλων.
1339 3019 1403 3072 Τί
1428 3018 1491 3087 δή
1517 3032 1535 3085 ;
1564 3016 1772 3080 Παῦλος
1802 3020 1933 3085 ἡμῖν

364 3120 426 3173 τὸ
466 3116 660 3171 ἑαυτοῦ
703 3119 867 3187 μέρος
910 3114 1144 3168 ἐνταῦθα
1191 3111 1520 3181 προδέλλει·
1569 3111 1662 3163 καὶ
1707 3110 1931 3162 ἀκούετε

364 3211 441 3275 ὡς
474 3211 772 3280 ὑπερφυές.
818 3208 941 3261 Εἴτε
976 3207 1084 3276 γὰρ
1116 3207 1209 3260 tut
1238 3204 1383 3274 ἄλλῳ
1421 3219 1500 3272 τῳ
1553 3203 1747 3254 σκοπεῖ
1774 3220 1855 3262 τις
1885 3202 1935 3267 εί

367 3302 682 3375 πρόσεστιν,
700 3299 890 3370 ὄψεται
918 3301 1123 3368 προσόν
1146 3295 1321 3349 οὐδενί
1340 3312 1351 3323 ·
1377 3294 1487 3347 εἴτε
1511 3293 1619 3346 τῶν
1643 3294 1731 3347 ἐπ’
1754 3293 1936 3354 ἄλλοις

368 3394 688 3466 παραδόξως
710 3392 1030 3461 προϐάντων
1054 3389 1189 3458 πρὸς
1214 3386 1316 3440 Θαῦ
1326 3404 1399 3455 μα
1424 3385 1732 3453 ἐφέλκεται,
1758 3384 1938 3437 πάντα

373 3488 545 3558 μικρά
574 3485 717 3550 δόξει
745 3481 1108 3554 παραϐαλεῖν,
1133 3481 1226 3533 καὶ
1263 3474 1375 3558 οἷον
1410 3478 1547 3549 προς
1577 3477 1812 3545 πέλαγος
1846 3493 1942 3530 πο-

367 3553 559 3647 ταμός.
582 3594 603 3628 ί
633 3573 784 3640 Οἶδα,
817 3553 1006 3644 φησιν,
1031 3553 1341 3642 ἄνθρωπόν,
1374 3590 1393 3623 ι
1423 3571 1613 3623 ὲαιτὸν
1664 3570 1858 3637 λέγων,
1913 3571 1941 3622 ό

373 3672 515 3740 ὑπὲρ
542 3671 847 3742 ἄνθρωπον,
874 3686 894 3719 α
925 3670 1006 3729 είς
1038 3668 1219 3735 τρίτον
1245 3665 1475 3733 οὐρανὸν
1497 3662 1832 3733 ἁρπαγέντα,
1849 3662 1941 3714 καὶ

369 3768 450 3829 εις
481 3765 812 3835 παράδεισον
856 3761 1035 3826 αὖθις,
1066 3760 1161 3812 καὶ
1197 3759 1458 3828 ῥημάτων
1490 3756 1746 3828 ἀρρήτων
1778 3753 1944 3808 ἁκού-

370 3857 600 3922 σαντα,ἀ
618 3856 693 3929 μὴ
706 3856 863 3925 θέμις
878 3855 975 3908 ἀνθ
983 3852 1151 3923 ρώπῳ
1172 3851 1369 3905 λαλεῖν,
1386 3869 1407 3902 ι
1441 3852 1503 3901 Ὤ
1520 3850 1614 3901 τοῦ
1643 3847 1936 3917 Θαύματοςί

372 3954 695 4027 Ἀνθρωπος
742 3947 826 4013 είς
860 3947 1043 4020 τρίτον
1073 3945 1301 4016 οὐρανὸν
1330 3943 1537 4006 ἀναϐάς
1564 3958 1580 4009 ;
1611 3943 1688 4004 εἰς
1715 3940 1943 4010 οὐρανὸν

369 4049 658 4119 ἄνθρωπος
684 4060 700 4113 ;
734 4042 908 4104 ποίοις
956 4039 1178 4107 πτεροῖς
1222 4035 1572 4105 κουφισθείς;
1603 4033 1734 4104 ποίᾳ
1765 4049 1946 4104 παρα-

371 4138 644 4209 πεμφθεὶς
676 4136 943 4205 adipata;
970 4132 1075 4184 τίνι
1104 4129 1213 4181 τῶν
1256 4126 1607 4197 ὑψηλοτάτων
1634 4124 1777 4198 ὀρῶν
1814 4124 1947 4190 ἀφε-

371 4233 540 4303 τηρίᾳ
575 4231 919 4299 χρησάμενος
940 4240 957 4291 ;
976 4222 1116 4276 Ἀλλ’
1138 4222 1238 4274 οὐκ
1264 4217 1470 4279 ἀναϐὰς
1502 4214 1680 4282 εἶπεν,
1707 4216 1821 4268 ἀλλ’
1847 4216 1948 4286 ἀρ-

381 4322 574 4389 παγείς
597 4337 612 4388 ;
640 4318 749 4373 Τοῦ
775 4315 1082 4388 τεραστίουὶ
1115 4311 1315 4376 Μεῖζόν
1344 4326 1435 4381 μοι
1459 4309 1638 4378 λέγεις
1659 4309 1718 4363 τὸ
1737 4307 1944 4379 θαῦμα.

370 4394 531 4469 Θεῖον
557 4413 722 4477 διέξει
751 4412 813 4463 τὺ
846 4402 1057 4480 χρῆμα.
1096 4404 1420 4474 Ἀνθρωπος
1454 4402 1575 4456 οὐδέ
1603 4401 1723 4455 ποτ’
1749 4402 1816 4455 ἂν
1848 4401 1949 4471 ἡρ-

374 4508 526 4576 πάγη
562 4504 638 4577 μὴ
665 4502 804 4558 Θεοῦ
836 4498 1351 4572 προσλαμϐάνοντος
1376 4510 1392 4526 ο
1434 4493 1722 4565 ἄνθρωπος
1751 4493 1852 4547 οὐκ
1881 4492 1948 4547 ἂν

1965 3232 2007 3291 c
2044 3226 2169 3264 num
2228 3207 2386 3261 alteri
2460 3202 2715 3270 Cuiquam

2015 638 2153 692 satis
2183 638 2327 692 enim
2361 638 2479 704 ipse
2508 651 2664 690 suam
2709 634 3141 702 magnitudinem
3169 642 3225 688 et
3273 633 3587 702 pulchritu-

2015 731 2196 785 dinem
2227 738 2478 783 testatur.
2508 727 2748 795 Apparet
2776 727 2943 797 igitur
2996 727 3342 780 collationem
3369 737 3590 793 προδιο-

2018 826 2191 878 lorum
2220 839 2341 877 cum
2372 821 2586 875 caeteris
2636 821 2703 872 de
2720 836 2849 874 core
2872 835 2980 874 non
3008 834 3168 888 posse
3198 816 3432 875 inaliiui.
3457 825 3509 869 et
3542 815 3586 867 si

2018 915 2362 976 instituatur,
2398 912 2607 965 nullius
2651 912 2906 980 ponderis
2963 922 3011 964 et
3056 910 3258 964 valoris
3310 922 3458 962 esse.
3517 907 3590 959 De

2019 1008 2103 1062 his
2130 1008 2296 1077 igitur
2340 1007 2384 1062 si
2421 1007 2545 1076 quis
2588 1021 2798 1057 mecum
2861 1004 3046 1063 sentit.
3084 1011 3232 1056 recte
3277 1001 3463 1055 sentit.
3522 1000 3592 1052 At

2017 1108 2252 1169 Oportet,
2301 1108 2359 1152 ut
2410 1097 2588 1151 oratio
2630 1097 2713 1151 his
2750 1095 2960 1149 diutius
3005 1109 3112 1148 non
3167 1097 3489 1155 immorans,
3523 1091 3588 1144 ad
3644 1092 3677 1125 λ

2020 1193 2277 1246 ulteriora
2303 1187 2708 1259 pregrediatur.

2089 1373 2314 1442 Quodsi
2372 1370 2496 1441 quis
2575 1368 2877 1423 studio~ius
2953 1367 3069 1420 haec
3143 1364 3327 1419 excuti
3380 1364 3592 1427 volens,

2017 1469 2316 1528 existimat,
2354 1475 2549 1535 praeter
2592 1463 2853 1515 decorum
2911 1467 3096 1512 actum
3138 1457 3226 1520 iri,
3275 1456 3319 1510 si
3365 1457 3593 1524 apostoli

2021 1565 2159 1617 inter
2211 1574 2271 1613 se
2323 1557 2701 1618 conferantur,
2755 1554 2900 1608 solos
2961 1552 3129 1616 enim,
3165 1550 3210 1606 si
3260 1549 3339 1602 fas
3386 1558 3472 1603 est
3519 1549 3600 1601 di-

2019 1670 2180 1716 cere,
2243 1649 2348 1706 sibi
2401 1659 2456 1703 et
2512 1645 2752 1715 aequales
2807 1652 2861 1698 et
2920 1642 3118 1712 seipsis
3188 1639 3600 1709 pratstantiori-s

2020 1743 2288 1810 esse,hic
2356 1741 2544 1803 etiam,
2599 1737 2809 1809 judicio
2874 1750 3033 1799 meo,
3089 1735 3235 1804 leges
3291 1732 3602 1788 collationis

2022 1847 2075 1892 et
2124 1832 2553 1904 comparationis
2585 1830 2784 1886 nescit.
2837 1828 2943 1883 Par
2970 1827 3115 1881 enim
3179 1812 3284 1890 est,
3327 1835 3385 1880 ut
3434 1826 3602 1879 intre—

2023 1929 2146 2000 pide
2196 1906 2511 1997 loquamur,
2572 1921 2975 1987 credamusque
3039 1918 3143 1972 hoc
3195 1932 3261 1972 ex
3326 1914 3603 1985 apostolo-

2023 2037 2141 2074 rum
2193 2026 2376 2072 mente
2405 2029 2547 2079 esse,
2585 2012 2630 2068 si
2663 2011 2786 2080 quis
2834 2009 2901 2062 ad
2947 2007 3173 2078 gratiam
3225 2006 3363 2061 nihil
3392 2006 3601 2070 dicere,

2023 2122 2078 2167 et
2119 2109 2253 2166 nihil
2282 2106 2507 2163 auribus
2565 2105 2696 2160 dare
2738 2102 3108 2166 consueverit,
3148 2099 3342 2155 deinde
3391 2100 3436 2152 si
3467 2100 3605 2153 invi-

2025 2220 2166 2269 Cem,
2213 2202 2264 2256 id
2325 2199 2472 2272 quod
2525 2210 2675 2261 sunt,
2728 2195 2892 2252 rebus
2946 2192 3111 2264 gestis
3164 2192 3403 2262 teqtnles
3483 2205 3606 2245 esse

2027 2298 2409 2353 demonstrare
2450 2291 2690 2361 quiverit
2723 2305 2739 2343 :
2775 2303 2897 2342 nam
2930 2286 3189 2341 omnibus
3248 2284 3466 2350 cognitu
3523 2293 3608 2337 est

2031 2383 2393 2451 facillimuml,
2470 2396 2571 2436 nos
2616 2380 2669 2434 in
2732 2378 2783 2430 id
2847 2385 2960 2431 toto
3023 2375 3292 2430 orationis
3369 2373 3608 2428 decursu

2032 2479 2192 2533 unice
2234 2475 2552 2531 ineubuisse
2580 2512 2597 2539 ,
2626 2479 2679 2524 ct
2729 2466 3136 2523 laudationibus
3181 2466 3282 2519 iste
3337 2463 3458 2517 linis
3489 2478 3611 2531 ιιι-ο·

2031 2571 2245 2642 positus
2292 2575 2397 2634 est,
2443 2576 2503 2621 ut
2568 2562 2750 2616 omnia
2803 2561 2869 2615 ad
2937 2573 3107 2615 unum
3162 2555 3492 2613 contrahant
3558 2564 3614 2609 ιι

2033 2662 2361 2719 conducant.
2396 2661 2460 2714 Et
2490 2659 2616 2728 quia
2663 2657 2770 2711 huc
2810 2651 3080 2723 processit
3111 2652 3326 2715 oratiof,
3356 2650 3615 2719 quodque

2034 2752 2415 2823 opportunitas
2468 2748 2704 2803 maxime
2733 2745 2924 2813 exigit,
2957 2739 3220 2798 utendum
3267 2754 3389 2795 esse
3416 2754 3618 2793 censeo

2034 2845 2269 2909 ratione,
2306 2856 2428 2911 qua:
2481 2840 2561 2898 ,ad
2621 2839 2908 2907 paritatem
2970 2833 3145 2893 ducit,
3212 2827 3616 2896 {tuendumque

2035 2931 2365 3004 azqualitatis
2407 2930 2550 2984 inter
2615 2927 2891 2998 apostolos
2938 2921 3231 2993 przeconio.
3293 2919 3355 2971 Et
3412 2916 3617 2971 Paulus

2036 3028 2255 3097 quidem
2305 3038 2430 3077 suas
2482 3027 2667 3092 partes
2739 3016 2895 3071 nobis
2937 3015 3024 3068 hic
3083 3009 3380 3075 coacedit;
3442 3015 3617 3061 attenc

2038 3121 2172 3177 dite,
2201 3129 2361 3185 quant
2392 3111 2695 3180 ingeniose.
2726 3106 2855 3161 Nam
2883 3105 3013 3159 licet
3044 3103 3166 3173 quis
3188 3101 3617 3170 circumspiciat,

2815 3195 3130 3260 conveniat,
3201 3192 3619 3255 animadvertet,

2040 3300 2177 3356 nulli
2243 3297 2398 3352 alteri
2455 3292 2774 3357 convenire,
2811 3297 2866 3343 et
2922 3288 2967 3343 si
3009 3287 3139 3358 quid
3214 3299 3380 3354 supra
3449 3282 3623 3338 admi-

2042 3392 2309 3449 rationem
2386 3403 2511 3442 cum
2566 3383 2691 3438 aliis
2747 3390 2960 3451 gestum
3040 3377 3365 3440 adducatur,
3437 3373 3621 3427 omnia

2041 3482 2107 3537 ad
2167 3478 2633 3548 comparationem
2689 3474 2898 3525 minuta
2992 3466 3343 3529 videbuntur,
3373 3470 3428 3518 et
3475 3463 3624 3516 velut

2042 3573 2239 3629 ﬂuvius
2306 3571 2374 3625 ad
2434 3583 2606 3624 mare.
2644 3583 2662 3616 ι
2696 3564 2846 3629 Scio,
2882 3557 3080 3629 inquit,
3134 3556 3437 3614 hominem,
3481 3571 3499 3605 ι
3555 3555 3623 3605 de

2043 3667 2223 3736 seipso
2278 3665 2529 3731 loquens,
2571 3661 2617 3714 is
2663 3658 2756 3727 qui
2798 3669 2962 3724 supra
3012 3651 3291 3705 hominem
3323 3658 3462 3711 erat,
3500 3664 3519 3696 ς
3568 3647 3623 3698 in

2045 3735 2265 3813 tertium
2318 3755 2519 3809 ccelum
2570 3758 2806 3816 raptum,
2838 3754 2896 3799 et
2928 3745 2979 3796 iu
3026 3742 3367 3813 paradisum,
3404 3748 3458 3791 et
3489 3735 3621 3789 incf»

2044 3853 2229 3909 fabiiia
2280 3850 2440 3903 verba
2474 3844 2771 3904 audivisse,
2834 3853 2954 3907 qum
3001 3850 3111 3890 non
3165 3840 3250 3888 est
3283 3831 3363 3885 fas
3436 3828 3621 3898 eloqui

2045 3945 2250 4002 homini
2280 3944 2348 3995 ²²,
2387 3960 2403 3990 ι
2428 3939 2471 3994 Ο
2501 3933 2855 3991 miraculum!
2892 3930 3062 3984 l'lmno
3096 3929 3150 3981 in
3178 3926 3393 3981 tertium
3422 3925 3620 3977 emittm

2048 4034 2393 4094 ascendens?
2422 4032 2478 4085 lu
2527 4029 2723 4082 emluut
2762 4023 2965 4076 homo?
2991 4018 3252 4085 Qua’lihus
3307 4017 3406 4069 alis
3436 4016 3621 4069 suide-

2045 4129 2243 4187 vatus?
2289 4125 2500 4192 Quibus
2559 4116 2916 4174 transmissus
2982 4112 3147 4170 scalis
3187 4110 3211 4164 ?
3247 4108 3370 4174 Quo
3427 4108 3495 4159 alt
3525 4108 3625 4159 stli-

2048 4235 2263 4277 morum
2296 4216 2562 4272 montium
2592 4207 2927 4266 adminiculo
2976 4201 3154 4260 usus?
3183 4202 3249 4256 At
3281 4214 3387 4254 nun
3453 4198 3612 4256 dis‘t,

2049 4311 2375 4376 ascendens,
2453 4305 2548 4362 sed
2594 4314 2801 4372 raptus.
2845 4298 2890 4356 Ο
2923 4294 3264 4371 prodigium!
3310 4290 3481 4359 Majas
3530 4288 3628 4341 mi-

2051 4405 2295 4463 raculum
2334 4412 2547 4456 narras.
2583 4395 2833 4451 Divinam
2869 4407 2984 4448 rem
3032 4399 3445 4445 commemoras.
3480 4381 3630 4435 Nun-

2051 4515 2216 4572 quam
2265 4497 2429 4551 homo
2463 4499 2652 4562 raptus
2707 4486 2926 4550 fuisset,
2975 4482 3085 4538 Deo
3139 4495 3249 4535 non
3289 4482 3623 4532 assumente.

372 4568 599 4670 ἡρπάγη
625 4568 789 4666 ’πρδις
840 4568 1095 4663 οῦρανὺν,
1129 4589 1204 4659 μὴ
1236 4587 1330 4640 τοῦ
1365 4585 1599 4656 οὐρανοῦ
1658 4584 1935 4654 γενόμενοςΙ

2056 4568 2231 4649 llomo
2264 4601 2549 4658 nunquam
2598 4582 2663 4637 ad
2691 4581 2890 4635 ccelum
2917 4585 3103 4647 raptus
3132 4581 3301 4637 esset,
3349 4568 3443 4639 qui
3485 4568 3627 4622 cazlu

375 4692 543 4756 ἄξιος.
570 4689 699 4751 Θεὸς
725 4687 825 4741 οὐκ
856 4684 922 4739 ἂν
954 4685 1171 4753 ἥρπασε
1213 4679 1305 4732 τὸν
1334 4678 1432 4749 οὐχ
1460 4677 1651 4730 ἑαυτὸν
1679 4676 1827 4744 ἀξιον
1856 4677 1954 4729 αὑ-

373 4781 469 4835 τοῦ
524 4780 996 4851 παρεσκευακότα.
1047 4772 1291 4842 Οὐρανὸς
1339 4770 1440 4823 οὐκ
1472 4768 1541 4823 ἂν
1575 4769 1793 4832 ἐδέξατο
1840 4767 1955 4833 τὸν,

311 4911 315 4915 -
374 4876 433 4939 ὃς
458 4875 531 4946 μὴ
558 4872 799 4945 μελέτην
820 4871 907 4924 ἀεὶ
930 4869 1028 4938 τὴν
1049 4867 1157 4921 τῶν
1178 4863 1381 4934 γηΐνων
1403 4861 1666 4915 ἀπόθεσιν
1691 4862 1953 4914 ἐποιεῖτο.
1987 4920 1993 4924 _

388 4966 691 5036 Ἀνελήφθη
723 4965 820 5018 καὶ
865 4961 1072 5025 Ἠλίας,
1101 4956 1213 5010 ἀλλ’
1242 4953 1318 5018 ὡς
1348 4953 1429 5015 είς
1454 4952 1549 5005 τὸν
1573 4953 1826 5023 οὐρανὸν,
1862 4954 1989 5008 καὶ.

377 5060 498 5112 οὐδὲ
527 5057 744 5128 πρῶτον
769 5054 1000 5125 οὐρανὸν
1026 5051 1128 5105 ὕπε
1139 5045 1374 5118 ρκύψας.
1404 5044 1615 5109 Παῦλος
1639 5045 1696 5099 δὲ
1723 5046 1817 5098 καὶ
1840 5044 1959 5115 τρί-

377 5167 469 5203 τον
500 5149 735 5219 διέσχεν.

458 5244 600 5314 Ἤδη
649 5242 704 5296 δὲ
738 5241 833 5296 καὶ
889 5243 1175 5314 προφήτης
1224 5238 1413 5310 ἕτερος
1448 5239 1601 5295 ἰδεῖν
1651 5236 1807 5292 εἶπεν
1853 5235 1953 5290 ἐπὶ

382 5337 598 5405 θρόνου
644 5335 753 5389 τὸν
782 5334 1025 5403 Κύριον.
1071 5333 1213 5387 Ἀλλ’
1265 5328 1405 5385 εἶδεν
1457 5333 1639 5385 ὅντινα
1695 5329 1758 5400 δή
1821 5345 1955 5381 ποτε

382 5429 606 5498 τρόπον,
640 5424 783 5481 εἶδεν
833 5428 935 5498 οὐχ
979 5426 1277 5497 ἀρπαγεὶς,
1326 5424 1450 5481 οὐδὲ
1494 5422 1572 5491 τῷ
1636 5420 1956 5491 βλεπομένῳ

385 5522 580 5576 συνών.
632 5521 843 5583 Παῦλος
870 5521 926 5574 δε
973 5518 1179 5590 πηλικα
1208 5535 1266 5570 τε
1301 5514 1429 5580 εἶδε,
1457 5516 1551 5570 καὶ
1582 5515 1688 5568 τίνι
1719 5516 1958 5567 συνεῖναι

383 5613 530 5684 εἶχεν
558 5614 649 5667 ἰπὶ
682 5612 776 5666 τοῦ
805 5612 993 5682 τρίτου
1028 5608 1299 5682 οὐρανοῦς
1329 5612 1430 5662 κᾶν
1465 5609 1540 5680 μὴ
1571 5608 1736 5674 λέγω,
1773 5607 1963 5659 συλλοο

384 5706 636 5783 γίζεσοαι
678 5705 887 5770 πάντας
919 5701 1098 5776 οἶμαι.
1147 5701 1378 5765 Ἐνθους
1409 5700 1629 5771 γίνομαι
1670 5697 1845 5754 ταῦτα
1876 5697 1962 5750 λέ-

374 5964 379 5970 _
456 5888 499 5920 "
532 5886 570 5941 ll
598 5886 722 5939 Cur.
753 5900 848 5949 xu,
874 5884 927 5945 3,
962 5882 1013 5938 ἀ.
1119 5882 1164 5913 ³³
1192 5881 1292 5935 lsa.
1333 5897 1403 5943 γι,
1476 5882 1520 5933 ί.

2051 4688 2249 4756 dignus
2276 4698 2387 4739 non
2412 4689 2573 4736 esset.
2598 4668 2741 4730 Deus
2761 4688 2865 4727 non
2892 4668 3185 4739 rapuisset,
3212 4663 3305 4733 qui
3342 4676 3402 4716 sc
3425 4658 3530 4713 Deo
3549 4656 3633 4709 d-

2052 4794 2219 4850 guum
2242 4790 2349 4831 non
2373 4768 2724 4827 reddidisset.
2752 4753 3433 4829 Coeluminonireccpissct,
3452 4748 3539 4803 cui
3568 4746 3633 4799 de

2054 4841 2221 4928 rebus
2293 4866 2528 4923 terrenis
2567 4852 3014 4925 derelinquendis
3068 4848 3293 4903 assidua
3349 4841 3633 4897 meditatio

2058 4980 2168 5019 non
2247 4960 2459 5015 fuisset.
2521 4954 2852 5018 Assumptus
2905 4953 2988 5000 est
3069 4938 3230 4994 etiam
3293 4936 3479 5002 Elias;
3535 4928 3634 4985 sed

2055 5055 2211 5127 quasi
2249 5053 2305 5106 in‘
2338 5047 2593 5109 'cmlum,
2627 5054 2680 5098 et
2718 5055 2894 5108 neque.
2934 5035 3168 5106 primum
3200 5030 3400 5083 coelum
3457 5033 3637 5077 trans-

2055 5122 2296 5221 giressus.
2344 5143 2412 5197 At
2464 5138 2665 5192 Paulus
2722 5133 2944 5188 tertiqu
2978 5139 3194 5197 quoque
3224 5122 3416 5176 tenuit.

2125 5237 2355 5304 Quidam
2417 5232 2601 5285 itidem
2653 5242 2717 5279 ex
2771 5218 3050 5292 prophetis
3094 5214 3271 5268 dicit.
3327 5226 3381 5263 se
3443 5205 3636 5260 vidisse

2051 5335 2315 5385 sedentem
2378 5323 2657 5377 Dominum
2721 5329 2879 5382 super
2946 5309 3191 5363 thronum
3221 5304 3284 5356 ”.
3345 5300 3448 5354 Sed
3506 5297 3641 5351 vidit

2012 5418 2019 5423 ’
2073 5416 2585 5492 quomodocunque.
2636 5407 2804 5469 Vidit,
2859 5418 2968 5457 non
3004 5408 3212 5466 raptus,
3270 5406 3445 5459 neque
3501 5402 3643 5456 pra:-

2074 5481 2200 5567 scns
2246 5494 2323 5573 ei,
2370 5520 2532 5574 quem
2564 5500 2720 5554 vidit.
2750 5495 2950 5550 Paulus
3008 5502 3135 5543 vero
3165 5484 3344 5556 qualia
3396 5481 3550 5541 vidit,
3588 5484 3645 5531 et

2075 5607 2162 5661 cui
2208 5602 2263 5656 in
2308 5597 2471 5653 tertio
2531 5594 2671 5648 c0310
2743 5580 3021 5658 praesens?
3072 5578 3237 5633 etiam
3296 5587 3382 5626 me
3428 5568 3642 5628 silente,

2072 5668 2264 5754 euntes
2297 5691 2349 5747 id
2404 5688 2664 5756 colligere
2693 5690 2745 5737 et
2789 5676 3091 5746 intelligere
3152 5683 3297 5724 reor.
3334 5663 3499 5720 Extra
3558 5671 3649 5713 me
