4076 6422
509 373 640 437 1031

1715 366 1880 426 MAX
1896 363 2008 423 ιλιι
2053 361 2305 424 PLANU
2321 364 2439 424 Ι).Ἐ

3631 370 3772 437 1092

503 495 709 565 rapior,
749 506 872 547 cum
893 492 959 546 de
985 490 1069 546 his
1099 489 1461 551 sermocinor,
1491 499 1664 554 nequc
1696 499 1783 538 me
1806 479 2091 537 continere

2201 501 2342 550 γωνυ
2372 485 2472 537 οὐκ
2520 483 2649 552 ἔχω,
2699 483 2817 548 πῶς
2865 483 3107 552 ἐμαυτὸν
3161 483 3390 555 ἐπίσχω.
3437 484 3771 558 Ἐϐουλόμην

504 585 684 640 valeo.
731 580 1039 637 Voluissem
1079 579 1306 634 Paulum
1361 578 1415 633 in
1470 579 1568 632 hac
1599 591 1700 630 sua
1743 574 1941 654 illustri
1972 575 2090 644 glo-

501 679 581 732 ria
622 676 839 731 eminus
885 671 1270 742 contemplari.
1297 671 1403 725 Sed
1441 667 1619 723 valida
1652 667 1878 722 obstant
1915 666 2090 719 intrr-

503 769 681 829 stitia.
749 779 1084 832 omnemque
1165 763 1436 816 visionem
1517 757 1760 813 arcentia
1826 758 2090 810 malorum

500 859 806 916 obstacula.
833 855 1021 924 Neque
1045 868 1277 909 mentem
1312 855 1364 908 in
1401 852 1599 907 caelum
1625 869 1760 922 pure
1800 851 2088 906 transmitv

501 961 616 1006 tere
639 965 804 1021 queo.
854 948 994 1015 Quid
1041 945 1252 1016 igitur?
1279 945 1512 998 Audiam
1541 943 1890 999 solummodo
1939 957 2090 1002 eum,

499 1045 596 1114 qui
633 1041 759 1096 inde
790 1041 961 1104 venit,
1013 1038 1266 1101 Paulum,
1325 1045 1379 1090 et
1429 1037 1772 1098 admirabor,
1821 1045 1874 1090 et
1928 1051 2091 1088 vene-

501 1136 665 1190 rabor
694 1149 819 1188 eum
854 1133 1058 1194 solum,
1089 1129 1183 1198 qui
1217 1131 1319 1184 hoc
1350 1127 1530 1182 facere
1563 1130 1738 1198 potuit
1771 1147 1784 1182 :
1811 1140 1865 1184 et
1891 1131 2094 1199 gratias

500 1241 661 1294 agam
735 1224 782 1277 ei
833 1223 926 1292 qui
1000 1231 1244 1275 nostram
1322 1228 1577 1273 naturam
1650 1221 1818 1275 tantis
1902 1221 2095 1290 gratiis

499 1316 785 1372 cumulare
816 1314 1071 1384 dignatus
1106 1321 1209 1367 est.
1239 1310 1304 1364 Et
1339 1311 1558 1381 quidem
1614 1312 1844 1366 Paulum
1881 1325 2093 1382 raptum

500 1425 647 1475 csse,
683 1407 836 1462 novit
871 1407 986 1474 ipse
1037 1414 1090 1459 et
1129 1403 1352 1468 fatetur,
1389 1403 1506 1459 sive
1548 1404 1602 1457 iu
1660 1419 1917 1474 corpore,
1979 1407 2096 1460 sive

503 1507 664 1553 extra
707 1509 932 1566 corpus,
983 1495 1036 1548 id
1067 1493 1120 1548 in
1169 1493 1429 1563 ambiguo
1486 1492 1768 1561 relinquit.
1819 1492 2091 1547 Caeterum

505 1589 642 1645 mihi
721 1588 940 1642 videtur
993 1602 1060 1641 ex
1136 1584 1507 1639 submissione
1571 1585 1686 1638 haec
1761 1585 1969 1639 dicere.
2038 1583 2095 1638 Si

501 1683 648 1738 enim
706 1690 759 1734 et
837 1679 1113 1732 hominem
1189 1677 1362 1742 novit,
1393 1685 1449 1729 et
1517 1676 1776 1746 exprimit
1830 1679 2094 1746 eumqui

502 1783 692 1843 raptus
721 1785 825 1838 est,
853 1772 1074 1843 planum
1110 1770 1186 1835 lit,
1214 1768 1430 1823 etiamsi
1459 1768 1508 1822 id
1544 1769 1822 1823 oct'ultare
1843 1780 2097 1832 conetur,

501 1883 626 1920 cum
669 1879 792 1918 cum
839 1877 1068 1931 corpore
1109 1875 1176 1916 eo
1224 1860 1463 1914 delatum
1527 1875 1690 1916 esse:

502 1967 756 2012 neutrum
798 1969 990 2009 eorum
1025 1962 1130 2017 est,
1184 1968 1248 2007 ex
1301 1951 1503 2021 quibus
1564 1952 1938 2022 componitur,
1995 1953 2089 2008 sed

500 2063 585 2107 est
620 2050 783 2104 simul
821 2057 1132 2116 utrumque.

573 2141 974 2199 Circumfertur
1027 2137 1299 2210 ejusmodi
1355 2137 1539 2193 fabula
1597 2153 1626 2190 a
1667 2137 2090 2200 fabulatoribus,

504 2255 559 2298 et
600 2241 693 2312 qui
747 2243 984 2310 propria:
1026 2235 1389 2305 turpitudinis
1442 2240 1796 2288 monumenta
1859 2232 2090 2301 relique-

503 2344 658 2396 runt,
711 2331 968 2386 conticta.
1000 2331 1053 2381 in
1091 2326 1269 2396 quasi
1326 2325 1457 2394 quid
1508 2325 1611 2379 [ide
1664 2325 1888 2396 dignum
1941 2325 2092 2386 insit,

497 2434 707 2495 quanta
769 2437 917 2482 inor,
951 2420 1093 2473 bone
1125 2415 1298 2471 Deus!
1335 2415 1622 2486 turpitudo
1691 2417 1818 2474 inde
1855 2414 2096 2469 emicat?

504 2518 550 2571 si
622 2530 772 2580 vero,
820 2523 877 2567 ut
907 2520 1010 2575 est,
1050 2525 1146 2578 pro
1203 2507 1392 2562 fabula
1469 2507 1762 2571 habeatur,
1826 2507 2093 2560 n‘entlacii

503 2607 670 2664 simul
700 2616 755 2660 et
818 2601 1175 2672 turpitudinis
1223 2598 1491 2653 indicium
1541 2597 1842 2652 exhibebit.
1892 2596 2094 2651 Fabula

504 2716 587 2758 est
641 2703 788 2755 ista:
833 2698 1054 2751 Aloidas
1108 2711 1233 2749 cum
1276 2693 1424 2748 Pelio
1485 2691 1653 2744 monti
1692 2689 1888 2745 Ossam
1923 2691 2098 2759 impo-

503 2799 771 2856 suissent,
822 2792 925 2844 iter
960 2789 1027 2843 ad
1097 2788 1297 2842 (mltum
1357 2783 1668 2839 alleCIasse.
1718 2782 1894 2838 Porro
1970 2784 2097 2837 licet

503 2887 687 2944 fabula
720 2886 811 2949 sit,
849 2894 906 2938 et
963 2883 1147 2935 nuntia
1196 2879 1320 2934 lictc
1370 2878 1703 2948 composita,
1759 2877 1960 2947 justam
2019 2886 2096 2930 ta-

505 2997 628 3036 men
681 2992 897 3048 pinnam
943 2976 1046 3039 his,
1085 2974 1176 3042 qui
1228 2970 1355 3026 talia
1385 2973 1505 3025 ausi
1578 2970 1756 3032 luere.
1810 2969 2096 3040 imposuit,

507 3085 568 3129 ut
621 3072 690 3126 ab
732 3072 950 3136 incepto
1003 3083 1111 3120 non
1171 3065 1291 3120 sine
1347 3063 1549 3118 damno
1605 3062 1880 3117 desistere
1939 3078 2097 3130 coge-

1745 1861 1908 1913 bomo
1945 1861 2089 1914 enim
2129 1837 2146 1890 Ι

2193 576 2475 648 πόρρωθεν
2505 576 2636 644 γοῦν
2666 577 2783 628 ἐκεῖ
2815 574 2906 628 τὸν
2942 574 3153 630 Παῦλον
3189 576 3317 629 ίδεῖν
3353 577 3446 630 ἐπὶ
3476 579 3573 648 τῆς
3605 597 3765 648 περι-

2193 669 2394 738 φανοῦς
2423 670 2626 737 ταύτης
2668 666 2817 737 αύτῷ
2846 667 3024 739 δόξης,
3051 667 3186 722 ἀλλὰ
3224 668 3637 740 διατειχίσματὰ
3679 691 3770 740 μοι

2195 761 2420 834 στερρὰ,
2459 761 2554 816 καὶ
2588 761 2863 815 διοπτείαν
2921 764 3105 814 πᾶσαν
3159 761 3626 831 ὑπερφρονοῦντα,
3660 766 3769 818 τῶν

2193 857 2440 926 οὐρανῶν
2477 856 2545 908 τὰ
2579 855 3088 925 παραπετάσματα,
3123 856 3242 908 οὐδὲ
3278 857 3369 908 τὸν
3418 857 3540 912 νοῦν
3589 860 3769 911 ἐκεῖσε

2195 949 2453 1020 καθαρῶς
2477 949 2716 1017 δύναμαι
2739 948 3003 1017 πέμπειν.
3029 949 3092 1001 Τί
3120 948 3211 1002 οῦν
3235 965 3249 1016 ;
3274 952 3580 1020 ἀκούσομαι
3609 954 3771 1020 μόνον

2194 1044 2403 1096 ἐκεῖθεν
2431 1042 2679 1102 ἐλθόντος
2707 1042 2805 1096 καὶ
2834 1043 3199 1111 διηγουμένου
3231 1044 3389 1096 τοῦτο
3415 1046 3506 1097 τοῦ
3537 1045 3765 1106 Παύλου,

2197 1138 2292 1189 καὶ
2321 1135 2696 1205 θαυμάσομαι,
2729 1138 2822 1188 καὶ
2848 1136 3219 1205 προσκυνήσω
3245 1136 3336 1188 τὸν
3363 1138 3523 1205 μόνον
3551 1136 3770 1189 τοιαῦτα

2197 1230 2372 1281 ποιεῖν
2420 1228 2744 1296 δυνάμενον,
2803 1229 2898 1282 καὶ
2949 1227 3272 1298 ὁμολογήσω
3309 1231 3537 1298 χάριτας
3569 1227 3643 1297 τῷ
3672 1229 3771 1294 τὴν

2197 1321 2474 1390 ἡμετέραν
2513 1321 2678 1388 φύσιν
2731 1319 2872 1374 οὕτω
2923 1321 3179 1389 μεγάλων
3233 1319 3470 1384 ἀξιοῦντι
3515 1321 3768 1390 χαρίτων.

2209 1413 2351 1468 Ἀλλ’
2382 1415 2466 1467 ὅτι
2502 1414 2600 1481 μὲν
2635 1413 2862 1483 ἡρπάγη
2901 1413 3134 1476 Παῦλος,
3165 1413 3258 1465 καὶ
3283 1407 3388 1465 οἶδε
3418 1412 3514 1464 καὶ
3541 1413 3771 1479 ἀποεραέ-

2199 1520 2348 1557 νεται
2371 1517 2383 1532 ⁸
2418 1501 2528 1554 εἴτε
2559 1500 2616 1553 δὲ
2650 1499 2788 1571 μετὰ
2818 1499 3096 1569 σώματος,
3121 1501 3232 1552 εἴτε
3259 1498 3450 1551 τούτου
3479 1500 3662 1567 χωρὶς,

2198 1593 2488 1663 ἀμφότερα
2533 1593 2600 1661 τῇ
2634 1588 2830 1660 γνώμῃ
2879 1588 3245 1643 καθίσταται·
3279 1589 3402 1656 ἐμοὶ
3431 1587 3575 1640 δοκεῖ
3618 1588 3767 1653 ὑφει-

2203 1690 2350 1756 μέιίῳ
2403 1685 2711 1755 φρονήματι
2761 1683 2933 1738 ταῦτα
2983 1682 3179 1751 λέγων.
3238 1681 3300 1736 Εἰ
3333 1680 3442 1751 γὰρ
3491 1679 3768 1746 ἄνθρωπον

2201 1779 2330 1848 οἶδε,
2365 1780 2462 1834 καὶ
2492 1780 2640 1848 λέγει
2673 1780 2762 1832 τὸν
2796 1779 3142 1849 ἁρπαγέντα,
3178 1775 3334 1846 δῆλός
3365 1778 3504 1839 ἐστι,
3551 1771 3651 1827 κᾶν
3679 1789 3769 1822 συ-

2199 1872 2445 1938 σκιάζειν
2495 1872 2790 1943 σπουδάξῃ,
2831 1871 2971 1942 μετὰ
3031 1867 3282 1939 σώματος
3341 1863 3602 1920 ἀνελθών.
3645 1866 3768 1918 ’Ᾱνο

2197 1968 2414 2038 θρωπος
2445 1967 2553 2036 γὰρ
2586 1965 2866 2035 ούδέτερον
2914 1963 3038 2018 καθ’
3075 1962 3208 2017 αὐτὸ
3253 1960 3460 2015 τούτων
3491 1958 3549 2025 ἐξ
3577 1952 3647 2012 ὧν
3680 1958 3766 2011 ἄν·

2197 2062 2434 2130 θρωπος,
2461 2058 2521 2111 τὸ
2553 2057 2962 2127 συναμφότερον
2989 2055 3065 2108 δέ.

2270 2152 2584 2205 Πέπλασται
2617 2149 2712 2204 καὶ⁵
2762 2152 2873 2212 τοῖς
2917 2149 3064 2218 ἀμφὶ
3095 2151 3223 2210 τοὺς
3258 2145 3461 2217 μύθους
3496 2143 3762 2197 καλινδου-

2200 2249 2381 2317 μένοις
2417 2245 2793 2313 ὑπομνήματα
2832 2240 3196 2296 καταλιποῦσι
3226 2239 3326 2307 τῆς
3363 2237 3570 2300 οἰκείας
3603 2237 3764 2305 ἀσχη-

2200 2339 2439 2405 μοσύνης
2469 2337 2645 2389 τοιάδε
2677 2335 2820 2396 τινὰ,
2842 2326 2917 2386 ὧν
2953 2335 2999 2384 εί
3043 2332 3140 2401 μέν
3174 2347 3227 2382 τι
3255 2329 3446 2380 πιστὸν
3471 2328 3577 2395 εἴη,
3605 2324 3764 2394 βαϐαὶ

2199 2437 2293 2505 τῆς
2329 2433 2690 2502 αίσχρὸτητος
2711 2447 2726 2460 ·
2755 2432 2803 2484 εί
2832 2431 2875 2483 δ’
2903 2430 3038 2498 ὅπερ
3059 2428 3164 2481 eici.
3211 2426 3356 2481 τοῦτ’
3384 2424 3516 2480 αὐτὸ
3551 2422 3765 2493 μένουσι

2200 2528 2380 2599 μῦθοι,
2416 2523 2508 2576 τοῦ
2537 2523 2769 2592 ψεύδους
2801 2521 2915 2588 ἅμα
2945 2519 3042 2573 καὶ
3074 2513 3174 2585 τῆς
3220 2516 3594 2586 αἱσχρὸτητος,
3624 2512 3767 2565 δοκεῖ

2196 2617 2274 2687 τῷ
2308 2617 2462 2686 μύθῳ
2488 2615 2583 2666 καὶ
2600 2612 2724 2676 τοὺς
2749 2612 3014 2673 ἁλωείδας
3048 2607 3260 2664 Ὄσσαν
3299 2607 3633 2666 ἐπιτιθέντας
3653 2604 3761 2670 Πη-

2196 2711 2314 2778 λίῳ,
2349 2705 2633 2778 βιάζεσθαι
2659 2704 2758 2774 τὴν
2793 2706 2871 2766 εἰς
2908 2703 3139 2772 οὲρανὶν
3176 2701 3386 2754 ἄνοδονο
3415 2698 3549 2750 ἀλλὰ
3581 2695 3756 2749 καίτοι

2203 2804 2372 2872 μῦθος
2417 2799 2516 2860 ὢν,
2551 2797 2646 2850 καὶ
2683 2799 2863 2849 πάντα
2901 2794 3173 2856 συντιθεὶς
3207 2791 3265 2856 ἐξ
3298 2788 3664 2859 αὐτοσχεδίου,
3692 2787 3767 2839 δίο

2200 2913 2303 2965 κην
2331 2895 2478 2962 ὅμως
2505 2892 2616 2951 τοῖς
2645 2888 2941 2957 τολμηταῖς
2992 2886 3264 2954 ἐπέθηκεν
3315 2883 3554 2950 εὔλογον,
3583 2879 3766 2940 κακῶς

2199 2987 2507 3054 ἀπαλλάξαι
2566 2985 2802 3054 ποιήσας
2845 2981 2939 3036 τοῦ
2987 2982 3410 3050 ἐγχειρήματος.
3457 2978 3566 3031 Καὶ
3614 2974 3768 3029 τοῦτο

2205 3082 2377 3153 μύθου
2407 3097 2461 3134 τι
2491 3079 2656 3132 πλέον
2687 3077 2864 3146 ἔσχεν,
2895 3073 2972 3135 οἷς
3004 3075 3104 3126 οὐκ
3136 3077 3216 3137 είς
3247 3073 3396 3135 τέλος
3430 3071 3571 3138 ἔγνω
3597 3085 3768 3135 παραο

507 3171 794 3230 rentur,ct
820 3178 888 3216 eo
920 3159 1090 3230 magis
1121 3168 1281 3212 aucta
1314 3164 1398 3211 cst
1427 3154 1629 3218 fabula,
1662 3169 1770 3225 quo
1803 3155 1983 3208 minus
2018 3154 2092 3208 illi

2201 3176 2372 3226 τεῖναι
2405 3172 2504 3241 τὴν
2551 3170 2804 3224 ἀτοπίαν·
2848 3165 3124 3237 ἀνθρώπῳ
3171 3167 3280 3233 γὰρ
3335 3162 3454 3217 κατ’
3489 3163 3769 3229 ἄνθρωπον

502 3271 766 3313 conatum
817 3269 984 3309 suum
1036 3252 1104 3306 ad
1185 3266 1300 3306 rem
1371 3249 1747 3304 contulerunt.
1804 3247 2090 3302 llominem

503 3351 678 3412 (ξιιὶιιι,
735 3356 794 3400 ut
830 3347 992 3400 homo
1027 3353 1132 3410 est,
1159 3358 1411 3412 quaet-am
1462 3343 1715 3394 man-bina
1777 3339 1843 3394 ad
1891 3340 2092 3395 coelum

501 3438 820 3499 subvehat?
862 3437 1023 3491 Solus
1073 3436 1213 3490 Deus
1274 3435 1391 3488 haec
1448 3435 1648 3499 ellicit;
1701 3434 1850 3487 solus
1893 3432 2095 3502 dignus

513 3545 624 3598 est,
659 3532 752 3601 qui
800 3530 1145 3584 existimetur
1177 3525 1450 3579 hominem
1503 3543 1564 3575 ex
1622 3525 1710 3575 ilei
1744 3524 1860 3593 lege
1919 3522 2093 3592 perfe-

500 3639 656 3682 cuttn
735 3625 788 3678 in
845 3622 1046 3678 malum
1131 3619 1442 3674 sublevare.
1492 3615 1686 3669 \‘crum
1763 3621 1829 3672 de
1897 3616 2095 3672 labulis

511 3724 625 3774 Hec
659 3719 855 3774 obiter.

581 3811 784 3867 Nostra
825 3819 1030 3872 autem,
1063 3822 1188 3862 nam
1274 3821 1397 3876 qua:
1455 3805 1602 3858 l‘anli
1693 3811 1846 3870 sunt,
1909 3812 2095 3858 nostra

507 3917 674 3968 ‘roco,
733 3903 858 3971 quia
914 3900 1122 3969 reliqua
1170 3898 1356 3952 omnia
1405 3906 1458 3952 ct
1521 3913 1619 3967 pro
1649 3897 1867 3952 Christo
1915 3905 1970 3951 et
1999 3911 2098 3965 pro

504 3997 674 4054 nobis
725 3993 1029 4048 sustinebat
1064 4000 1118 4046 ct
1161 3992 1376 4060 agebat,
1433 3989 1570 4054 haec,
1609 3991 1858 4057 inquam,
1908 3997 2097 4043 nostra

510 4089 722 4146 deliriis
755 4087 970 4141 illorum
1004 4100 1069 4138 ex
1119 4085 1388 4138 diametro
1459 4092 1862 4151 opponuntur;
1895 4081 2100 4150 quippe

507 4179 725 4236 νυτὶιιιιί
759 4196 867 4246 pra:
901 4176 1160 4232 omnibus
1219 4175 1455 4228 maxime
1491 4173 1821 4234 coiiforniia,
1859 4182 1912 4227 et
1949 4187 2100 4226 sum-

512 4291 612 4328 mae
653 4271 936 4341 gravitatis
985 4269 1167 4337 plena.
1203 4265 1307 4320 Sed
1364 4266 1477 4319 haec
1525 4267 1597 4327 ei,
1629 4267 1720 4333 qui
1770 4265 1858 4318 illa
1906 4264 2100 4330 .admi-

511 4368 732 4426 nistrat,
792 4359 1073 4429 possibilia
1127 4367 1257 4410 sunt
1291 4368 1342 4410 et
1376 4355 1580 4417 facilia,
1647 4357 1941 4422 siquidem,
1980 4371 2101 4421 qum

512 4453 830 4508 hominibus
889 4457 1020 4502 sunt
1085 4446 1472 4516 impossibilia,
1535 4461 1596 4499 ea
1654 4445 1763 4498 Deo
1823 4448 2118 4514 possibilia-

2166 3241 2616 3334 ’διαγιγνομένιιη
2647 3265 2728 3325 τίς
2761 3263 2826 3318 ἂν
2866 3259 3085 3330 μηχανὴ
3131 3257 3267 3328 πρὸς
3314 3255 3541 3326 οὐρανὸν
3571 3253 3772 3340 ἀνέϐα-

2201 3378 2285 3414 σιν
2311 3359 2622 3428 σχεδιάσει;
2655 3358 2827 3418 Μένος
2863 3355 2995 3416 Θεὸς
3024 3351 3296 3419 διατίθησι
3335 3351 3525 3411 ταῦτα,
3559 3347 3651 3405 καὶ
3675 3344 3770 3414 μόν-

2199 3469 2288 3513 νος
2327 3451 2418 3502 τὶν
2464 3449 2605 3502 κατὰ
2638 3448 2770 3499 Θεὸν
2817 3445 3108 3514 ἄνθρωπον
3166 3445 3246 3506 είς
3289 3441 3518 3511 οὐρανὸν
3547 3438 3769 3505 ἀνάγειν

2198 3543 2407 3604 δίκαιος
2442 3542 2509 3594 ἂν
2547 3543 2630 3609 είη
2669 3539 3049 3592 πιστεύεσθαι.
3083 3536 3232 3607 Πλὴν
3266 3535 3405 3589 ἀλλὰ
3428 3535 3496 3588 τὰ
3534 3534 3634 3604 μὲν
3664 3531 3771 3584 τῶν

2201 3635 2411 3705 μύθων,
2441 3633 2562 3687 ὀδοῦ
2593 3651 2727 3702 φασι
2765 3632 3044 3702 πάρεργον
3072 3629 3323 3684 τοιαῦτα.

2270 3812 2352 3866 Τὰ
2381 3812 2425 3864 δ’
2450 3811 2718 3881 ἡμέτερα,
2744 3811 2838 3863 καὶ
2858 3809 2968 3882 γὰρ
2999 3808 3247 3881 ἡμέτερα
3268 3806 3416 3875 λέγω
3446 3805 3512 3859 τὰ
3536 3801 3767 3862 Παύλου,

2201 3907 2326 3960 ἐπεὶ
2381 3905 2477 3957 καὶ
2530 3904 2701 3957 τᾶλλα
2750 3905 2930 3957 πάντα
2963 3905 3171 3964 ἐκεῖνος
3227 3900 3370 3971 ὑπὲρ
3402 3895 3636 3968 Χριστοῦ
3678 3893 3770 3946 καὶ⁵

2203 3999 2360 4068 ἡμῶν
2393 3997 2635 4067 ὑπέμενε
2693 3997 2788 4050 καὶ
2837 3993 3317 4066 ἐπραγματεύετο,
3343 3991 3514 4043 ταῦτα
3546 3989 3615 4041 τὰ
3641 3987 3772 4056 ἠμέ-

2201 4108 2337 4160 τῖρα
2368 4090 2471 4157 τῆς
2500 4090 2724 4142 ἐκείνων
2756 4088 2985 4149 ἀτοπίας
3019 4089 3082 4140 ἐκ
3105 4085 3397 4156 διαμέτρου
3426 4082 3587 4151 φασιν
3611 4097 3624 4111 ο
3650 4077 3771 4142 ἀλη-

2204 4183 2354 4244 θείας
2389 4181 2488 4251 μέν
2526 4180 2686 4248 εἴπερ
2722 4196 2773 4231 τι
2801 4177 2911 4230 τῶν
2951 4178 3208 4230 ἁπάντων
3238 4175 3492 4245 ἐχόμενα,
3519 4170 3772 4240 σεμνότη-

2206 4289 2296 4335 τος
2324 4270 2380 4323 δέ
2413 4273 2490 4332 εἰς
2529 4269 2758 4338 ἔσχατον
2802 4267 3082 4337 ἀφιγμένα
3111 4266 3316 4319 δυνατὰ
3346 4265 3423 4334 τῷ
3452 4263 3619 4316 ταῦτα
3647 4262 3772 4313 διοι-

2208 4362 2527 4433 κονομοῦντι
2591 4361 2688 4416 καὶ
2745 4360 2937 4431 ῥᾴδια·
2980 4360 3137 4426 εἴπερ
3189 4359 3260 4413 τὰ
3312 4361 3422 4421 τοῖς
3473 4357 3772 4426 ἀνθρώποις

2206 4456 2464 4519 ἀδύνατα,
2493 4453 2696 4508 δυνατὰ
2721 4453 2799 4522 τῷ
2835 4451 2976 4520 Θεῷ.
3016 4451 3283 4520 Καθάπερ
3317 4452 3375 4504 δὲ
3404 4450 3462 4503 τὸ
3498 4448 3774 4503 κατελθεῖν
3805 4445 3814 4450 ’

506 4556 660 4600 suat.
705 4540 1178 4610 Qneinazltnodmn
1261 4539 1428 4610 igitur
1509 4537 1674 4590 Dcum
1749 4540 2096 4594 descendisse

2208 4550 2342 4600 Θεὸν
2372 4547 2463 4599 ἐπὶ
2516 4545 2642 4614 γῆς,
2702 4545 2810 4597 τῶν
2866 4544 3125 4613 οὐδεμίαν
3162 4543 3470 4614 ὑπερϐολὴν
3506 4541 3776 4610 θαύματος

505 4642 579 4694 de
614 4639 752 4692 ((1310
791 4635 1114 4688 Iniraciilum
1150 4641 1255 4695 est,
1303 4631 1448 4700 quod
1501 4646 1716 4684 omnem
1775 4632 2098 4685 admiratio-

513 4749 639 4786 nem
687 4740 957 4799 Superat;
1012 4734 1173 4797 pront
1263 4724 1554 4778 universus
1620 4735 1887 4778 terrarum
1950 4725 2100 4780 orbis

508 4825 785 4880 desteusu
817 4820 914 4876 illo
963 4820 1196 4876 salutem
1278 4823 1631 4880 consecutus,
1676 4816 2101 4871 venerabundos

507 4915 796 4983 agnoscit;
827 4914 898 4966 ita
929 4911 1098 4964 etiam
1128 4908 1402 4962 hominem
1455 4908 1508 4960 in
1571 4906 1773 4961 cwlum
1825 4908 2101 4962 ascendis-

504 5020 594 5066 Si),
628 5002 856 5056 illustris
906 4999 1157 5054 miraculi
1199 4999 1440 5068 speciem
1498 5007 1553 5050 et
1592 4997 1826 5066 gratiam
1860 4997 2098 5066 praefert.

514 5095 694 5149 Semel
768 5091 987 5161 quidem
1056 5090 1199 5145 Deus
1280 5091 1333 5142 in
1386 5100 1528 5144 terra
1596 5104 1720 5144 cum
1785 5091 2099 5147 hominibus

507 5193 902 5248 conversatus,
941 5198 1105 5237 carne
1141 5182 1390 5248 vestitus,
1439 5189 1494 5236 et
1549 5181 1720 5236 semel
1789 5181 1842 5235 in
1902 5184 2101 5237 ccelum

455 5285 458 5288 ’
515 5281 685 5333 homo
736 5277 982 5348 (secludo
1018 5290 1161 5330 nunc
1224 5276 1398 5342 illum,
1441 5276 1532 5345 qui
1604 5273 1744 5332 Deus
1817 5287 1872 5332 et
1939 5278 2104 5333 homo

517 5373 628 5442 ρει)
683 5372 950 5426 ascendit.
993 5369 1198 5425 Paulus
1232 5369 1398 5438 hujus
1453 5368 1532 5424 rei
1599 5370 1752 5425 leSliS
1789 5381 1891 5436 est,
1940 5371 2104 5442 digna

521 5481 700 5521 rerum
733 5463 1019 5519 retributio
1075 5477 1137 5516 ac
1166 5463 1419 5531 repeusio
1455 5479 1470 5519 :
1504 5462 1854 5532 participatio
1889 5463 2105 5518 scilicet

517 5557 727 5628 gloriae,
767 5573 870 5624 qua
921 5555 1122 5608 claruit
1189 5557 1421 5624 prinius,
1496 5562 1761 5622 quantum
1824 5553 2103 5610 secundus

520 5651 663 5703 illiu~
697 5658 780 5700 est
811 5662 1003 5715 capax.

593 5738 904 5791 Suliicirbat
937 5735 1104 5790 Paulo
1127 5738 1192 5790 acl
1225 5735 1452 5804 gloriam
1498 5736 1564 5788 ab
1597 5734 2022 5806 Hierosolymis,
2051 5747 2104 5791 et

525 5833 582 5884 in
639 5833 868 5886 circuitu
914 5847 1086 5900 usque
1144 5835 1209 5886 ad
1260 5831 1538 5899 “lyricum
1601 5829 1784 5886 omnia
1849 5831 2110 5900 implesse

2209 4639 2656 4710 παραλειπόντων
2700 4638 2836 4699 ἐστὶ,
2864 4637 2959 4690 καὶ
3013 4635 3160 4692 τοῦτ’
3207 4635 3472 4704 ἐδειξενή
3523 4633 3775 4702 σύμπασα

2209 4734 2302 4802 γῆ,
2354 4733 2450 4785 καὶ
2495 4731 2782 4800 τιμήσασα
2828 4731 2890 4781 τὸ
2938 4730 3172 4798 πρᾶγμα
3217 4730 3312 4781 καὶ
3343 4728 3429 4780 διὰ
3460 4729 3649 4780 τούτου
3683 4742 3777 4777 σω-

2210 4825 2385 4887 θεῖσα,
2417 4823 2564 4877 κατὰ
2596 4821 2774 4876 ταῦτα
2822 4822 2914 4874 καὶ
2961 4821 3022 4872 τὸ
3067 4822 3148 4884 είς
3183 4821 3450 4891 οὐρανοὺς
3496 4817 3778 4888 ἄνθρωπον

2208 4917 2454 4972 ἀνελθεῖν
2502 4910 2537 4987 ἧ
2573 4933 2677 4968 που
2719 4913 3032 4985 περιφανὴς
3079 4915 3111 4984 ἡ
3170 4915 3332 4984 χάρις
3367 4913 3459 4966 τοῦ
3485 4911 3775 4982 θαύματος.

2213 5009 2395 5073 "Attali
2447 5025 2506 5062 τε
2563 5008 2692 5075 γοῦν
2743 5009 2836 5060 ἐπὶ
2871 5009 2975 5077 γῆς
3011 5007 3142 5071 Θεὸς
3182 5009 3490 5079 ἀνθρώποις
3537 5007 3778 5076 ὡμίλησε

2213 5107 2374 5173 σαρκὶ
2408 5101 2632 5171 δηλαδὴ,
2667 5103 2764 5153 καὶ
2821 5100 2971 5164 ἅπαξ
3025 5103 3108 5165 είς
3160 5104 3422 5170 ούρανοὶς
3479 5100 3779 5168 ἄνθρωπος,

2212 5197 2306 5248 καὶ
2339 5196 2399 5246 ού
2437 5195 2580 5261 λέγω
2617 5191 2712 5245 νῦν
2750 5193 2839 5245 τὸν
2873 5193 3250 5264 θεὰνθρωπον,
3297 5191 3610 5262 ἀνελήλυθε.
3639 5189 3782 5244 Παῦ-

2195 5285 2299 5349 -λος
2331 5281 2488 5346 οὗτός
2521 5303 2602 5338 σοι
2637 5285 2728 5338 τὸν
2763 5284 2923 5353 λόγον
2963 5286 3090 5339 ὖντα
3135 5287 3486 5356 παρίστησιν,
3523 5284 3783 5354 ἑπόμενον

2211 5379 2289 5449 τῷ
2321 5377 2576 5450 προτέρῳ
2603 5378 2663 5430 τὸ
2688 5378 2963 5448 δεύτερον.
3006 5377 3179 5431 Τοῦτο
3204 5378 3249 5430 δ’
3283 5381 3398 5431 ἐστὶ
3425 5378 3534 5431 τῶν
3562 5395 3617 5430 τε
3645 5393 3784 5447 πρα-

2212 5475 2439 5544 γμάτων
2467 5473 2694 5543 ἀμοιϐὴ,
2729 5475 2822 5525 καὶ
2853 5474 3187 5538 ἀντέκτισις,
3221 5476 3318 5526 καὶ
3349 5475 3447 5543 τῆς
3477 5473 3570 5526 τοῦ
3597 5471 3784 5543 προτέ-

2213 5583 2307 5636 ρου
2338 5564 2494 5634 δόξης
2527 5564 2791 5633 μετουσία
2829 5563 2955 5616 καθ’
2985 5565 3110 5617 ὅσον
3148 5582 3204 5616 τε
3234 5564 3308 5634 τῷ
3339 5565 3596 5635 δευτέρῳ.

2289 5735 2530 5806 Καϊμὴν
2565 5729 2606 5803 ᾧ
2640 5736 2800 5790 τοῦτο
2833 5737 2968 5806 πρὸς
3007 5739 3166 5803 δόξαν
3194 5741 3448 5809 ἤρκεσεν,
3474 5743 3566 5808 ἀφ’
3602 5739 3788 5808 Ἱερου·

2224 5831 2427 5901 σαλὴμ,
2481 5832 2573 5882 καῖ
2620 5831 2807 5901 κύκλῳ
2842 5831 3004 5901 μέχρι
3039 5832 3134 5885 τοῦ
3171 5833 3470 5904 Ἰλλυρικοῦ
3503 5833 3790 5901 πεπληρω-
