4066 6478
520 394 658 457 10,ὶὸ

1766 394 2051 455 MAXIMI
2095 396 2401 458 PLANUD
2428 399 2471 457 Ε

3654 402 3788 464 ἔθ’(ῖ

516 513 583 569 Ει
621 514 750 570 licet
774 513 974 570 Paulus
999 514 1064 569 ad
1096 514 1378 570 Christum
1411 513 1463 565 in
1518 512 1719 567 cretum
1774 513 2106 578 ascenderit.

2218 519 2295 579 εἰς
2327 518 2591 583 οὐρανοὺς
2622 517 2756 586 πρὸς
2790 517 3027 586 Χριστὸν
3078 517 3290 582 Παῦλος
3316 519 3462 592 ἀνίῃ,
3492 519 3621 590 παρ’
3641 522 3789 574 ἐκεί-

516 617 576 660 υι
606 607 863 671 disceret,
888 621 1011 677 quae
1058 604 1275 661 discere
1301 616 1355 660 et
1380 605 1518 659 alios
1551 605 1748 659 docere
1777 606 1975 670 decet;
2012 614 2099 660 at-

518 697 922 754 lamcnPetrus
956 700 1209 753 eumdem
1233 697 1344 765 jam
1375 698 1519 752 caelo
1545 698 1827 766 delapsum
1853 713 2097 768 praesum

514 798 623 844 tem
658 790 910 855 habebat,
945 799 1001 844 et
1028 806 1151 860 quae
1185 788 1436 844 facienda
1484 799 1694 855 essent,
1719 799 1773 844 et
1804 805 1927 859 qua:
1959 805 2093 855 non,

519 891 907 951 exponentem,
926 881 1143 952 sibique
1159 882 1343 937 ovium
1369 881 1750 952 praefecturam
1773 881 2096 946 tradentem,

517 987 707 1028 coram
740 973 1022 1028 audiebat.
1236 974 1241 979 ’

591 1066 655 1122 Et
689 1082 787 1123 cur
831 1081 932 1137 ego
995 1065 1100 1120 hoc
1123 1063 1344 1135 patior?
1372 1063 1587 1119 Etenim
1626 1063 1826 1119 veritas
1890 1064 2094 1133 ubique

511 1170 660 1215 recte
699 1159 1035 1229 praedicatur
1072 1166 1128 1213 et
1154 1157 1525 1227 quodcunque
1566 1158 1761 1210 horum
1796 1158 1853 1211 in
1901 1170 2095 1211 manus

510 1251 578 1305 ad
605 1250 1015 1320 inquisitionem
1049 1265 1231 1316 sumo,
1261 1250 1440 1319 majus
1479 1248 1612 1302 mihi
1658 1250 1853 1311 altero,
1893 1256 1949 1302 et
1995 1249 2100 1303 hoc

512 1359 622 1397 non
649 1345 752 1398 hoc
784 1343 986 1412 exiguo
1018 1343 1330 1407 intervallo,
1362 1351 1607 1411 apparet.
1640 1341 1782 1407 Quid
1805 1342 1973 1411 igitur
2006 1341 2099 1394 hic

510 1435 805 1490 dicendum
829 1434 853 1488 ?
873 1434 955 1489 An
982 1434 1058 1498 id,
1089 1435 1234 1504 quod
1252 1435 1363 1504 jam
1393 1433 1593 1503 passim
1631 1435 1683 1487 in
1709 1433 1872 1504 hujus
1894 1436 2101 1488 oratio-

514 1528 601 1581 nis
623 1526 857 1583 decursu
880 1526 1085 1582 dictum
1114 1539 1223 1592 est,
1249 1527 1516 1595 apostolis
1541 1526 1729 1583 omnia
1754 1540 1877 1581 esse
1900 1524 2101 1595 paria?

510 1628 566 1673 et
594 1621 697 1674 hoc
727 1634 793 1675 eo
819 1620 1011 1689 magis,
1041 1618 1186 1689 quod
1222 1628 1515 1689 utrumque
1554 1624 1861 1674 extremum
1887 1625 1943 1671 et
1975 1632 2092 1670 ma-

509 1712 602 1782 jus
629 1721 684 1768 et
732 1713 917 1768 minus
947 1712 1148 1767 habere
1169 1713 1440 1778 videatur,
1482 1726 1603 1781 quae
1629 1718 1717 1766 est
1746 1709 2094 1780 apertissima

511 1805 1316 1875 aqualitas.Quemadmodum
1340 1805 1385 1860 si
1419 1805 1637 1860 duobus
1668 1803 1969 1875 pentathlis
1998 1817 2095 1859 seu

2209 626 2300 661 νου
2336 608 2743 677 μαθησομένος,
2769 609 2804 663 ἃ
2830 611 2913 664 δεῖ
2959 611 3155 678 μαθεῖν
3205 612 3302 664 καὶ
3334 612 3460 672 τοὺς
3488 612 3676 673 ἄλλους
3704 613 3784 664 δι.

2206 700 2387 765 δάξαι,
2414 701 2510 754 καὶ
2544 702 2751 771 Πέτρος
2788 704 3049 757 κατιόντα
3084 704 3222 774 προς
3251 703 3414 758 αὐτὸν
3459 703 3595 775 ἔχων
3636 704 3783 758 ἐκεῖ·

2207 809 2318 857 νον,
2344 793 2442 846 καὶ
2470 794 2542 849 τά
2568 811 2629 846 τε
2660 796 2895 865 ποιητέα
2943 796 3399 867 παιδοτριϐοῦντα
3429 797 3524 850 καὶ
3557 796 3648 868 μὴ,
3682 796 3783 849 καὶ

2204 884 2304 955 τὴν
2332 885 2441 938 τῶν
2472 886 2764 954 προϐάτων
2799 887 3178 958 ἐγχειρίζοντα
3212 890 3573 959 προστασίαν.

2281 1071 2391 1124 Καὶ
2420 1069 2473 1122 τί
2501 1068 2647 1123 τοῦτ’
2669 1069 2781 1136 ἐγὼ
2816 1071 3040 1142 πάσχως
3077 1071 3181 1127 Καὶ
3210 1073 3318 1141 γάρ
3352 1072 3410 1125 εῦ
3438 1074 3545 1143 ἔχει
3573 1093 3775 1127 παντα-

2204 1162 2302 1233 χοῦ
2338 1163 2438 1226 τὰς
2466 1161 2724 1231 ἀληθείας
2758 1164 2956 1227 εἰπεῖν,
2984 1166 3243 1232 ὁπότερον
3273 1165 3477 1218 τούτων
3519 1166 3622 1220 ἀνὰ
3666 1172 3778 1237 χεῖ-

2205 1270 2307 1324 ρας
2340 1254 2481 1323 πρὸς
2536 1252 2786 1318 ἐξέτασιν
2821 1254 2995 1324 φέρω,
3044 1253 3232 1324 μεῖζόν
3285 1272 3376 1325 μοι
3427 1255 3651 1326 θατέρου
3685 1263 3778 1309 καὶ

2202 1345 2349 1398 τοῦτ’
2399 1344 2521 1413 οὐχὶ
2570 1345 2771 1416 μικρὸν
2802 1347 3077 1413 φαίνεται.
3111 1349 3176 1399 Τί
3209 1365 3339 1401 ποτε
3373 1347 3467 1403 οῦν
3518 1350 3662 1402 ἐστιν
3690 1352 3775 1402 ἐν-

2202 1434 2398 1487 ταυθοῖ
2425 1433 2605 1502 λέγειν
2634 1450 2650 1501 ;
2680 1434 2712 1506 ἢ
2750 1434 2777 1487 ὃ
2826 1435 2918 1489 καὶ
2954 1438 3237 1511 πανταχοῦ
3267 1437 3362 1493 τοῦ
3392 1439 3546 1507 λόγου
3579 1439 3773 1494 πολλά·

2206 1545 2315 1591 κις,
2360 1527 2436 1591 ὡς
2490 1527 2580 1580 ι’σα
2621 1530 2734 1591 τοῖς
2777 1530 3099 1594 ἀποστόλοις
3129 1532 3194 1583 τὰ
3232 1532 3443 1597 πάντες
3490 1534 3593 1583 κᾶν
3623 1533 3773 1585 τοίδε

2209 1618 2432 1688 μᾶλλον,
2462 1619 2527 1671 ἐκ
2561 1617 2654 1672 τοῦ
2711 1621 2779 1673 τά
2836 1621 3099 1692 ἐκατέρου
3149 1623 3259 1674 τῶν
3310 1622 3403 1675 τοῦ
3452 1622 3658 1688 λοιποῦ,
3687 1627 3778 1677 καὶ

2203 1710 2264 1763 τὸ
2297 1711 2485 1778 μεῖζον
2539 1713 2635 1764 καὶ
2664 1711 2726 1765 τὸ
2780 1712 3000 1767 ἔλαττον
3047 1714 3194 1783 ἔχειν
3236 1716 3413 1769 δοκεῖν
3434 1732 3449 1745 ’
3479 1718 3570 1769 καὶ
3596 1717 3777 1781 ἰσότης

2204 1805 2345 1875 αῦτη
2380 1805 2445 1872 δὴ
2503 1806 2822 1874 σαφέστατα
2860 1809 3053 1861 πασῶν
3089 1807 3310 1880 ἔχουσα.
3342 1811 3601 1880 Καθάπερ
3634 1811 3776 1862 (Sua?)

511 1874 879 1952 luctatoribus
907 1912 1005 1966 par
1031 1897 1176 1952 lucta
1204 1897 1461 1960 exsistat,
1492 1910 1731 1966 quorum
1766 1894 1906 1950 alter
1927 1894 2090 1949 citius

2210 1896 2525 1963 πεντάθλων
2554 1897 2821 1969 ἱσοπαλής
2862 1916 2945 1963 τις
2975 1901 3456 1966 ἀντικατάστασις,
3484 1919 3559 1977 ων
3588 1902 3777 1955 θᾶττον

510 1990 742 2042 alterum
792 1987 1185 2054 admirahitur,
1216 2002 1379 2056 quam
1437 1995 1686 2056 superet,
1717 1987 1792 2040 ita
1826 1994 1886 2040 ut
1916 2000 2098 2056 neque

516 2081 783 2135 vincendo
831 2080 1005 2150 possit
1028 2080 1098 2135 de
1118 2080 1437 2134 adversario
1460 2079 1706 2145 gloriari,
1729 2092 1909 2148 neque
1934 2077 2099 2133 etiam

515 2174 661 2229 vinci
690 2173 837 2237 velit,
870 2172 1017 2242 quod
1050 2181 1259 2226 metuat
1278 2187 1346 2227 ne
1371 2171 1689 2226 adversario
1714 2184 1836 2227 sese
1852 2168 2101 2239 jactandi

513 2277 569 2321 ct
594 2266 886 2335 magniﬁce
938 2265 1199 2319 ederendi
1233 2264 1584 2320 occasionem
1614 2262 1876 2333 pratheat.
1927 2260 2002 2316 Ita
2044 2276 2103 2316 se

515 2361 724 2414 habent
756 2374 843 2413 res
872 2357 1051 2422 Pauli,
1089 2358 1164 2410 ita
1209 2367 1263 2411 et
1289 2356 1457 2413 Petri.
1502 2351 1582 2408 Et
1616 2356 1702 2408 hic
1726 2354 1926 2408 iterum
1977 2368 2103 2405 ora-

511 2452 650 2506 tioni
706 2464 857 2504 mura
908 2448 1177 2519 injicitur,
1246 2464 1349 2504 nec
1385 2447 1619 2503 ulterius
1671 2445 1926 2516 pragredi
1970 2452 2097 2515 per-

517 2547 775 2599 tnitt'ttur.

584 2635 923 2690 Salvatorem
953 2633 1021 2688 de
1062 2647 1250 2688 amore
1280 2630 1427 2686 Petri
1470 2647 1536 2688 ex
1571 2632 1881 2704 ignorantia
1932 2636 2102 2690 inter-

526 2742 776 2800 rogasse,
804 2741 984 2790 nemo,
1014 2725 1120 2781 nisi
1147 2725 1397 2791 insanus,
1427 2726 1777 2782 amrtnavcrit
1796 2746 1811 2795 ;
1832 2729 1927 2784 sed
1955 2729 2099 2799 quol

512 2824 617 2878 hOe
645 2820 834 2876 fecerit
861 2821 985 2876 aliis
1011 2820 1066 2874 i’n
1091 2822 1428 2890 exemplum,
1463 2830 1517 2876 et
1552 2838 1638 2888 ne,
1672 2826 1764 2893 qui
1802 2840 2101 2893 supremus

512 2915 761 2969 omnium
805 2924 911 2977 εει,
943 2913 1145 2982 injuste
1181 2914 1460 2969 videretur
1506 2931 1632 2968 eum
1658 2915 1748 2983 qui
1786 2896 1947 2984 paulo
1974 2900 2102 2969 ante

514 3008 814 3073 ceciderat,
845 3007 1110 3062 vicarium
1147 3023 1250 3062 suo
1292 3009 1417 3062 loco
1464 3019 1828 3073 constituere,
1860 3017 1913 3062 et
1961 3023 2101 3077 prte-

515 3104 729 3157 t‘eetura
760 3101 814 3155 in
861 3115 1056 3155 omnes
1091 3100 1323 3165 donare,
1370 3100 1537 3154 etiam
1581 3099 1671 3153 alii
1700 3111 1826 3155 ante
1864 3113 1966 3155 nos
2001 3101 2101 3154 do-

2206 1991 2542 2060 θαυμάσειεν
2572 1992 2835 2062 ἑκάτερος
2867 1996 2932 2046 ἂν
2985 1994 3246 2063 ἑκάτερον
3276 1995 3307 2065 ἢ
3344 1994 3627 2063 ὑπέρσχοι,
3655 1992 3775 2046 οὔτε

2202 2083 2281 2155 τῷ
2314 2085 2534 2154 νικῆσαι
2569 2086 2821 2157 δυνηθεὶς
2861 2087 2928 2140 ἂν
2959 2087 3103 2140 κατὰ
3130 2087 3224 2140 τοῦ
3260 2086 3660 2152 ἀνταγωνιστοῦ
3690 2103 3778 2138 σε·

2208 2177 2536 2248 μνύνασθαι,
2561 2177 2675 2232 οὔτ’
2709 2178 2862 2250 αὐτῷ
2897 2179 3202 2251 ἡττηθῆναι
3227 2182 3327 2249 τὴν
3352 2179 3411 2244 ἐξ
3440 2179 3645 2232 ἐκείνου
3673 2181 3776 2233 6:5-

2206 2287 2303 2332 σας
2348 2270 2676 2340 ὑψηγορίαν.
2707 2270 2961 2325 Τοιοῦτον
2994 2272 3055 2325 τὸ
3098 2272 3192 2324 τοῦ
3248 2272 3486 2335 Παύλου,
3540 2272 3780 2327 τοιοῦτον

2204 2362 2264 2413 τδ
2290 2361 2383 2413 τοῦ
2418 2361 2626 2431 Πέτρου
2653 2376 2666 2390 '
2690 2361 2851 2416 τοῦτό
2885 2379 2945 2430 γε
2982 2361 3089 2432 μὴν
3124 2363 3217 2415 κα)⁵
3249 2362 3328 2414 ἔτι
3357 2364 3606 2433 κατέχειν
3632 2366 3779 2433 ἡμᾶς

2207 2454 2457 2523 βούλεται
2484 2455 2578 2509 καὶ
2609 2455 2708 2510 οὐκ
2744 2457 2809 2526 ἐᾷ
2838 2472 2927 2508 πω
2960 2456 3051 2510 τὸν
3079 2456 3239 2520 λόγον
3264 2458 3604 2528 προσωτέρω
3629 2456 3779 2528 βαδί-

2206 2552 2341 2615 ζειν.

2285 2647 2341 2696 ’0
2373 2646 2470 2711 μὲν
2503 2646 2566 2714 δὴ
2604 2643 2795 2713 Σωτὴρ
2825 2644 2906 2697 ὅτι
2965 2644 3065 2714 μὲν
3112 2643 3212 2697 οὐκ
3247 2635 3456 2713 ἁγνοῖὗν
3486 2642 3671 2714 ἠρώτα
3719 2644 3779 2698 τὸ

2206 2738 2416 2805 Πέτρου
2448 2736 2694 2806 φίλτρον,
2718 2734 2828 2788 οὐδ’
2862 2736 2929 2788 ἂν
2957 2731 3033 2798 εἷς
3064 2737 3385 2805 ἀρνήσαιτο,
3409 2737 3457 2789 εἰ
3490 2736 3564 2807 μὴ
3596 2738 3780 2805 μαίνε-

2207 2830 2331 2883 σθαι
2369 2828 2634 2892 βούλοιτο.
2665 2828 2792 2880 Ὀτι
2820 2826 2876 2880 δὲ
2931 2828 3025 2880 καὶ
3056 2830 3168 2890 τοῖς
3201 2828 3381 2892 ἄλλοις
3415 2829 3571 2882 τοῦτο
3606 2835 3778 2898 πάρα-

2206 2921 2404 2989 σιῆσαι
2442 2919 2920 2990 φιλοτιμούμενος,
2953 2920 3048 2973 καὶ
3096 2920 3190 2972 τοῦ
3243 2920 3318 2991 μὴ
3346 2919 3493 2986 δόξαι
3526 2921 3648 2984 τοὺς
3681 2920 3779 2997 άλ-

2205 3010 2327 3074 λους
2360 3010 2601 3081 ὑπερῦὰς
2632 3014 2696 3064 οὐ
2738 3011 2837 3064 σὺν
2890 3011 3037 3082 δίκῃ,
3064 3011 3157 3064 τὸν
3191 3013 3372 3084 μικρῷ
3403 3013 3637 3082 πρόσθεν
3684 3029 3777 3065 πε-

2209 3105 2371 3157 σόντα
2420 3106 2753 3172 χειροτονεῖν
2805 3101 2922 3157 ἀνθ’
2970 3101 3191 3170 ἐαυτοῦ,
3223 3106 3319 3158 καὶ
3372 3106 3471 3174 τὴν
3526 3103 3776 3159 ἁπάντων

514 3201 772 3249 cuerunt.
803 3189 914 3247 Nec
954 3191 1102 3260 quod
1157 3191 1463 3261 negaverit,
1492 3191 1964 3246 considerandum
1998 3205 2101 3249 εει.

2210 3196 2541 3267 ἐγχειρίζειν
2605 3196 2953 3260 ἐπιστασίαν,
3009 3195 3256 3262 ἐξέθεντο
3315 3197 3410 3249 aut
3472 3197 3573 3268 πρὸ
3625 3195 3779 3267 ἡμῶν

515 3287 624 3340 Sed
653 3286 796 3355 quod
820 3292 875 3338 et
902 3295 1031 3338 ante
1062 3291 1118 3339 et
1150 3294 1278 3353 post
1308 3281 1659 3354 negationem
1694 3292 1802 3338 tam
1834 3300 2103 3356 generoso

516 3389 739 3447 pectore
763 3376 1034 3441 fuerit,ut
1059 3390 1183 3429 cum
1210 3375 1441 3429 Domino
1482 3375 1650 3429 simul
1680 3376 1735 3430 in
1770 3390 2002 3433 mortem
2027 3380 2109 3435 ire

513 3469 747 3539 optarit,
774 3465 1037 3536 quodque
1080 3464 1151 3520 ad
1182 3481 1242 3522 se
1277 3482 1537 3522 reversus
1575 3484 1699 3523 mox
1727 3486 1918 3527 amare
1939 3472 2107 3530 ﬂeve-

518 3560 610 3615 rit.
644 3556 871 3613 Videtur
909 3556 1048 3613 Deus
1076 3558 1334 3613 omnibus
1369 3559 1478 3615 illis
1500 3562 1592 3631 qui
1628 3577 1774 3617 nunc
1806 3578 1872 3618 ex
1906 3580 2101 3635 pecca-
2153 3566 2166 3578 '

515 3665 696 3707 torutn
727 3665 887 3705 emno
919 3650 985 3705 ad
1021 3649 1280 3721 pietatem
1316 3652 1397 3706 vel
1432 3653 1688 3708 virtutem
1724 3656 1976 3721 veniunt,
2013 3666 2111 3712 attt

517 3743 840 3810 reveniunt,
882 3751 1047 3814 atque
1084 3743 1220 3799 adeo
1244 3745 1400 3810 mihi,
1434 3755 1488 3801 et
1523 3748 1620 3805 tibi
1655 3749 1968 3820 pmnitenti,
1997 3766 2111 3822 pm-
2134 3780 2148 3793 ι

518 3836 805 3891 uitentiam
840 3834 1009 3901 Petri,
1056 3836 1146 3906 qui
1180 3839 1390 3906 primus
1425 3849 1567 3907 erat,
1596 3856 1694 3910 pro
1718 3844 2018 3914 exemplari
2041 3845 2111 3901 ad

521 3926 883 3986 iiiiitationent
917 3929 1295 3997 proposuisse,
1336 3938 1392 3984 ct
1414 3938 1674 4001 tanquam
1702 3931 1903 3989 fortem
1934 3943 1988 3991 et
2021 3951 2114 3992 va-

518 4016 685 4072 lidum
713 4017 915 4073 cadere
946 4020 1284 4088 permisisse,
1317 4034 1374 4075 ut
1403 4023 1550 4076 sicut
1572 4023 1627 4076 in
1664 4024 1811 4089 aliis,
1842 4025 1916 4080 ita
1957 4036 2012 4082 et
2055 4032 2107 4083 in

520 4111 845 4182 pwnitentia
870 4112 1095 4182 crepido
1116 4122 1171 4166 et
1206 4111 1625 4169 fundamentum
1655 4125 1825 4172 esset.

592 4376 731 4431 Num
764 4392 891 4431 vero
920 4377 1045 4431 illus
1085 4380 1179 4447 qui
1211 4380 1263 4434 in
1301 4396 1408 4435 uno
1448 4382 1668 4437 virtutis
1708 4399 1909 4453 genere
1936 4389 2112 4444 excel-

523 4469 763 4532 luerunt,
798 4478 858 4522 ut
895 4469 1169 4523 Abraham
1200 4470 1253 4525 in
1291 4473 1682 4543 hospitalitate,
1711 4473 2010 4547 Josephum
2056 4482 2106 4535 in

520 4558 709 4613 studio
737 4559 1129 4628 temperantim,
1155 4568 1209 4615 et
1246 4563 1300 4615 in
1327 4567 1748 4621 mansuetudine
1779 4566 2020 4641 Moysen,
2047 4585 2101 4628 et
2144 4550 2182 4603 θ

520 4651 688 4704 alium
726 4652 777 4704 in
813 4653 921 4704 alio
953 4653 1171 4707 virtutis
1202 4669 1400 4723 genere
1432 4656 1831 4714 admirahitnur
1857 4670 1911 4716 et
1951 4679 2102 4718 coms

529 4738 947 4805 tnetnlahimus;
1007 4756 1132 4794 eum
1183 4758 1330 4810 vero,
1373 4745 1465 4815 qui
1502 4742 1861 4816 poenitentiae.
1913 4756 2105 4809 matris

490 4832 767 4915 ‘OIttttiuut
811 4834 1098 4901 virtutum,
1133 4835 1241 4890 dux
1275 4846 1328 4891 et
1381 4853 1583 4909 auspex
1617 4852 1723 4905 est,
1762 4844 1919 4912 quasi
1972 4840 2111 4902 nihil

528 4924 789 4994 przeclare
817 4924 1028 4992 iecerit,
1054 4926 1272 4983 silentio
1302 4933 1795 4989 trausmittemus?
1822 4937 1941 4993 Hoc
1958 4950 2111 4997 certe

525 5018 808 5070 hominum
845 5018 1001 5072 valde
1039 5019 1415 5089 insipientium
1449 5022 1635 5083 fuerit.
1676 5028 1741 5083 Et
1774 5028 1817 5084 si
1878 5034 2107 5102 aequali-

518 5118 685 5161 talum
729 5109 1055 5177 statuimus;
1091 5120 1141 5164 at
1172 5128 1279 5177 non
1313 5113 1567 5180 dicimus,
1594 5121 1736 5188 quod
1767 5122 1969 5194 singuli
1995 5125 2108 5181 sint

464 5270 469 5279 .
516 5208 684 5268 c.tpttl
715 5200 986 5265 otnniutn,
1019 5203 1165 5270 quod
1208 5210 1405 5262 merito
1456 5212 1738 5279 posuimus
1768 5224 1821 5267 et
1862 5221 2106 5273 asserui-

458 5280 469 5295 ’
523 5304 666 5342 ιιιιιε.
696 5290 814 5341 Alia
837 5290 1082 5357 quidem,
1116 5308 1235 5363 quae
1268 5295 1353 5350 hic
1380 5299 1712 5368 objicientur
1740 5306 1943 5361 tacitus
1969 5325 2108 5378 prte—

520 5391 694 5447 tereo,
723 5394 952 5451 excepto
993 5384 1107 5448 illo,
1149 5388 1292 5452 quod
1352 5390 1514 5445 alicui
1575 5394 1686 5450 hiL‘C
1721 5399 1974 5470 apologia
2008 5420 2103 5456 su-

522 5490 792 5544 pgrvacua
835 5477 1004 5531 videri
1042 5490 1249 5547 pussct.
1287 5480 1427 5547 Quid
1487 5487 1654 5553 enim,
1709 5494 1911 5547 dixerit
1963 5496 2103 5553 forte

519 5568 667 5636 quis,
693 5568 845 5637 plura
879 5568 1064 5624 dicere
1116 5576 1372 5642 Oportet?
1430 5577 1628 5632 Annon
1670 5581 1870 5637 suilicit
1922 5590 2103 5644 on'mis

518 5659 977 5715 contradictionis
1016 5677 1236 5732 expers,
1290 5666 1567 5723 Dotninica
1627 5679 1923 5742 sententia,
1976 5697 2099 5751 qua:

486 5753 679 5807 ιι¹¹ι>ιτυ
713 5756 916 5823 primas
940 5757 993 5811 in
1029 5774 1221 5815 omnes
1256 5768 1643 5820 concessi???
1675 5772 1869 5839 Verere
1902 5777 1968 5838 de
2010 5780 2095 5836 his
2135 5784 2334 5840 iterum
2366 5788 2479 5840 diss

595 5868 661 5899 "'
687 5870 851 5925 Juun.
885 5874 1113 5938 txr,l'1'.

774 6030 809 6057 Ι

2209 3289 2408 3356 ἕτεροι.
2441 3290 2548 3343 Καὶ
2577 3288 2685 3359 γὰρ
2714 3289 2815 3360 οὐχ
2859 3290 2943 3343 ὅτι
2991 3305 3054 3358 γε
3103 3290 3403 3360 ἠρκήσατο,
3426 3290 3508 3343 δεῖ
3537 3291 3776 3355 σκοπεῖν,

2209 3383 2324 3436 αλλ’
2355 3387 2403 3436 εἰ
2438 3388 2512 3455 μὴ
2544 3386 2610 3439 τὰ
2640 3385 2745 3457 πρὸ
2789 3385 2982 3438 τούτου
3031 3388 3124 3437 καὶ
3178 3387 3317 3455 μετὰ
3361 3383 3519 3439 τοῦτο
3548 3384 3779 3447 τοιοῦτος

2212 3471 2302 3546 ἦν,
2334 3470 2447 3539 οἷος
2477 3478 2571 3530 καὶ
2595 3477 2733 3549 ὑπὲρ
2751 3476 2848 3532 τοῦ
2876 3477 3151 3531 Δεσπὸτου
3174 3479 3311 3544 πρὶς
3335 3479 3595 3540 θανάτους
3619 3478 3778 3545 ὁμόσε

2215 3572 2435 3641 χωρεῖν,
2464 3572 2559 3621 καὶ
2592 3573 2652 3623 εἶ’
2673 3572 2747 3640 μὴ
2779 3573 3123 3641 παραχρῆμα
3151 3571 3446 3640 γενόμενος
3472 3570 3663 3624 ἑαυτοῦ
3692 3588 3777 3622 πι-

2214 3661 2364 3729 κρῶς
2414 3660 2666 3715 ἐκλαυσε.
2715 3663 2824 3714 Καὶ
2873 3663 2947 3732 μή
3003 3677 3093 3731 μοι
3141 3662 3475 3733 δυσχεράνης
3501 3662 3579 3732 τῷ
3613 3664 3779 3735 πράγ-

2216 3770 2370 3823 ματι,
2413 3748 2459 3808 ὦ
2512 3756 2602 3809 τον
2654 3756 2816 3824 λόγον
2864 3754 3105 3820 ἁκούων,
3138 3755 3191 3808 εἴ
3238 3757 3321 3821 τίς
3351 3774 3484 3812 ποτε
3516 3757 3612 3811 νῦν
3647 3757 3780 3825 πρὸς

2213 3846 2498 3901 εὐσέϐειαν
2551 3850 2582 3919 ἤ
2616 3847 2823 3919 ἀρετὴν
2859 3846 3054 3919 ἕρχῃῆ
3089 3849 3393 3921 ἐπανέρχῃ,
3432 3852 3480 3903 εἰ
3507 3850 3607 3920 τὴν
3645 3849 3781 3916 ἐμὴν

2216 3942 2312 3994 καὶ
2345 3946 2444 4013 τὴν
2481 3942 2576 3995 καὶ
2607 3942 2813 4003 παντὸς
2851 3938 3168 3994 οὑτινοσοῦν
3218 3942 3493 4013 σωτηρίαν
3522 3944 3584 3995 ἐκ
3616 3958 3783 4012 μετα-

2215 4032 2385 4097 νοίας,
2419 4035 2510 4086 ἐπὶ
2540 4030 2746 4102 πρώτῳ
2771 4030 3098 4102 διεχείρισεν
3129 4035 3159 4102 ἡ
3191 4034 3418 4105 πρόνοια
3454 4035 3662 4104 Πέτρῳ,
3690 4035 3786 4087 καὶ

2215 4124 2306 4176 τὸν
2335 4123 2477 4175 οὕτω
2532 4123 2763 4195 στερρὸν
2797 4124 2976 4193 ἀφῆκε
3009 4127 3219 4193 πεσεῖν,
3246 4128 3497 4181 κάκεῖνον
3548 4126 3784 4196 κρηπῖδα

2217 4215 2309 4267 καὶ
2338 4213 2591 4284 θεμέλιον
2620 4215 2713 4279 -ὡς
2752 4219 2810 4268 ἐν
2841 4218 2955 4279 τοῖς
3007 4217 3213 4283 ἄλλοις,
3245 4220 3337 4274 καὶ
3371 4221 3468 4289 τῆς
3514 4221 3785 4290 ἡμετέρας

2216 4308 2546 4361 κατεϐάλετο
2576 4309 2887 4377 μετανοίας.

2286 4401 2420 4453 Οὐδὲ
2480 4402 2588 4471 γὰρ
2618 4403 2742 4464 τοὺς
2777 4403 2895 4465 ἐνός
2948 4420 3012 4473 γε
3062 4404 3154 4458 τοῦ
3202 4401 3303 4473 τῆς
3355 4406 3554 4475 ἀρετῆς
3587 4406 3786 4474 μέρουε

2216 4494 2596 4564 κατάρξαντας
2627 4494 2703 4558 ὡς
2750 4496 3003 4567 Ἀϐραὰμ
3037 4500 3211 4551 εἰπεῖν
3247 4499 3338 4549 ἐπὶ
3369 4497 3583 4566 φιλοξεν
3607 4516 3667 4566 ᾳ,
3693 4498 3789 4549 καὶ

2225 4589 2422 4659 Ἰωσὴφ
2456 4588 2549 4641 ἐπὶ
2582 4588 3041 4661 emporium-9,631
3077 4592 3344 4661 πρᾳότητι
3385 4590 3637 4656 Μωῦςῆν,
3695 4593 3790 4643 καὶ

2212 4680 2298 4749 ἐφ’
2326 4682 2498 4751 ἑτέρῳ
2528 4678 2714 4747 ἕτερον
2739 4681 3137 4750 θαυμασόμεθα
3157 4698 3170 4710 '
3228 4683 3319 4735 τὸν
3350 4683 3406 4735 δὲ
3444 4683 3648 4752 μητρὸς
3678 4682 3789 4733 τῶν

2219 4774 2447 4828 ἁπασῶν
2479 4773 2689 4843 ἀρετῶν
2737 4776 3049 4843 ἀρχηγέτην
3086 4775 3291 4842 Πέτρον
3325 4775 3468 4842 ,λέγω
3500 4777 3595 4844 τῇς
3623 4794 3790 4845 μετ.-

2212 4866 2385 4931 νοίας,
2406 4865 2480 4929 ὡς
2507 4865 2665 4919 οὐδὲν
2691 4867 2801 4918 τῶν
2830 4866 3098 4935 γενναίων
3140 4867 3555 4935 ’κατωρθωκότα
3612 4883 3788 4937 παρα-

2212 4957 2602 5031 δραμούμεθας
2636 4958 2777 5012 Πολὺ
2806 4958 2907 5027 μὲν
2946 4957 3055 5011 τοδ’
3089 4959 3156 5012 ἂν
3184 4960 3394 5030 ἀνδρῶν
3441 4954 3511 5031 ἦν
3544 4960 3791 5029 ἀγνωμό-

2212 5064 2339 5104 νων.
2371 5050 2479 5102 Καὶ
2503 5050 2550 5101 εἰ
2572 5048 2681 5101 τῶν
2708 5049 2841 5102 ἴσων
2870 5048 3132 5119 ἠξιοῦμεν
3160 5066 3174 5079 ⁸
3195 5051 3332 5104 ἀλλὰ
3378 5050 3452 5120 μὴ
3496 5051 3789 5121 κεφάλαιον

2218 5140 2499 5204 ἁπάντων,
2537 5139 2565 5191 ὃ
2597 5140 2659 5208 δὴ
2688 5143 2782 5195 καὶ
2808 5141 2954 5204 εῑκὺς
2978 5141 3293 5211 ἐτιθέμεθα,
3341 5144 3435 5196 καὶ
3476 5143 3635 5212 σιγᾷν
3700 5160 3790 5212 μοι

2216 5232 2386 5287 τᾶλλα
2412 5231 2556 5284 δοκῶ
2585 5233 2695 5285 τῶν
2725 5231 2961 5286 ἐνταῦθα
3012 5232 3450 5304 λεχθησομένων.
3504 5235 3639 5305 Πρὶν
3696 5252 3791 5286 πε-

2220 5325 2408 5394 ριττήν
2432 5341 2538 5376 τινι
2570 5322 2719 5388 δόξαι
2751 5324 2847 5393 τὴν
2880 5324 3021 5394 ὑπὲρ
3053 5324 3255 5377 τούτων
3309 5313 3606 5393 ἀπολογίαν
3637 5338 3650 5354 ⁴
3714 5324 3792 5378 εει

2215 5413 2322 5483 γὰρ
2356 5414 2522 5483 φήσει
2548 5431 2627 5476 τις
2666 5413 2794 5476 ἴσως
2826 5416 2996 5467 πλεῖω
3027 5417 3107 5468 δεῖ
3148 5415 3323 5486 λέγειν
3358 5433 3374 5449 ·
3421 5419 3518 5470 οὐκ
3576 5418 3795 5488 ἀπόχρη

2214 5504 2271 5556 δὲ
2305 5508 2369 5574 τῇ
2406 5506 2717 5575 Δεσποτικῇ
2749 5506 2932 5576 κρίσει
2965 5512 3253 5577 προσεῖναι
3279 5509 3339 5562 τὸ
3369 5508 3790 5580 ἀναντὶρρητον,

2215 5596 2246 5665 ἢ
2281 5601 2375 5650 καὶ
2404 5598 2598 5668 Πέτρῳ
2629 5600 2697 5652 τὰ
2726 5600 2917 5671 πρῶτα
2969 5602 3079 5654 τῶν
3136 5602 3315 5658 ἄλλων
3367 5602 3608 5675 ἔνειμεν,
3653 5603 3794 5657 Ἀλλ’

2213 5689 2390 5742 ἐκεῖνο
2426 5691 2515 5743 καὶ
2548 5691 2704 5753 αὖθις
2738 5692 2802 5762 δὴ
2826 5692 3094 5762 λέγωμεν.

2483 5804 2732 5847 ΓΙἾῌΙΗΙΒ.
