4066 6462
324 351 458 447 the?

1317 374 1723 438 ENCOMIUM
1762 376 1862 435 SS.
1909 375 2135 434 PETRI
2184 375 2276 434 ET
2316 373 2567 434 PAULI.

3426 369 3561 433 1038

405 495 464 550 Ὀ
496 499 594 566 μὲν
628 494 841 564 Σωτὴρ,
908 487 969 548 οὗ
1018 492 1177 564 χάριν
1229 492 1466 564 εἴρηται,
1528 492 1621 544 τὸν
1689 492 1891 560 Πέτρον

2068 487 2319 542 Salvator
2347 503 2466 542 eam
2490 488 2560 541 ob
2584 502 2827 551 causam,
2855 501 3019 558 quam
3057 486 3307 556 exposui,
3331 485 3558 543 Petrum

322 591 535 660 ἠρώτα.
573 585 633 639 ’0
658 586 716 639 δέ
746 584 926 639 καίτοι
953 585 1064 636 τῶν
1105 582 1522 637 συναποστόλων
1582 583 1887 651 παρόντων,

323 679 383 731 οὐ
410 676 547 748 πρὸς
579 676 641 729 τὸ
675 674 926 744 σύστημα
961 674 1184 727 ἐκείνων
1217 675 1458 737 ἀπεῖδεν,
1482 673 1582 726 οὐκ
1610 672 1893 742 ἐνενόησεν

322 767 397 831 ὡς
429 768 651 821 ἐκείνων
691 784 774 828 τις
806 764 1077 834 φιλεῖσθαι
1106 765 1514 835 ματυρούμενος
1549 760 1617 830 ἦν
1639 780 1652 794 ’
1676 764 1737 817 οὐ
1758 764 1893 833 πρός

322 861 484 931 χάριν
508 861 691 922 αὐτοῖς
716 858 984 926 ἐσκέψατο
1024 861 1124 925 τὴν
1162 858 1456 927 ἀπόκρισιν
1509 856 1717 909 δοῦναι.
1779 856 1893 907 Οὐκ

324 951 374 1002 εἰ
405 949 569 1019 μηδὲν
598 948 745 1010 ἄλλο,
787 949 846 1002 τό
886 964 950 1014 γε
1002 949 1077 1017 μὴ
1107 947 1263 1012 δόξαν
1310 945 1551 1016 ἀμαθίας
1592 948 1682 997 καὶ
1728 946 1894 998 αὐθα-

329 1042 474 1103 δείας
500 1041 912 1109 ἀπενέγκασθαι
943 1040 1245 1111 ηὐλαϐήθη,
1278 1039 1394 1094 ἀλλ’
1427 1040 1601 1101 οὕτως
1641 1039 1746 1092 ὑπὸ
1795 1042 1894 1110 τῆς

327 1134 425 1186 τοῦ
472 1135 801 1205 πράγματος
831 1133 1113 1203 ἀληθείας,
1162 1133 1382 1186 πάντων
1423 1133 1633 1185 τούτων
1695 1132 1894 1201 ὑψηλό-

328 1242 466 1294 τερα
517 1224 767 1293 προήχθη
819 1224 1110 1294 φρονῆσαι,
1164 1222 1304 1274 ὥστε
1366 1226 1461 1275 καὶ
1489 1223 1587 1292 τὴν
1623 1223 1895 1292 ἐρώτησιν

330 1316 552 1378 τοσάκις
585 1316 882 1384 ἐκύρωσεν,
914 1314 1103 1376 ὁσάκις
1128 1312 1219 1365 τὸν
1248 1313 1526 1380 Δεσπότην
1562 1313 1897 1383 πυνθανόμε-

331 1424 420 1460 νον
454 1407 672 1476 ῆκουεν.
709 1407 912 1460 Ἤκουε
943 1406 1040 1474 μὲν
1071 1405 1203 1475 γάρ,
1251 1406 1301 1456 εἰ
1343 1404 1488 1472 φιλεῖ
1529 1418 1543 1434 ο
1608 1406 1895 1459 διετείνετο

327 1498 407 1563 δέ,
442 1499 516 1560 ώς
553 1498 718 1567 φιλεῖ,
750 1498 845 1552 καὶ
874 1499 1142 1568 ἀντήκουε
1175 1495 1487 1567 ποιμαίνειν
1520 1498 1589 1550 τά
1623 1499 1892 1567 πρόϐατα·

329 1590 424 1642 καὶ
449 1588 560 1642 οὔτ’
584 1591 650 1643 ἂν
680 1592 707 1642 ὁ
741 1588 930 1659 Σωτὴρ
963 1590 1318 1652 ἐπυνθάνετο,
1350 1591 1399 1642 εί
1453 1590 1527 1659 μὴ
1586 1589 1747 1643 τοῦτο
1804 1594 1896 1643 τὸν

332 1680 533 1750 ιιέτρον
595 1681 1108 1749 ἀποκριθησὸμενον
1180 1681 1333 1753 ᾔδει,
1387 1680 1578 1750 ὥσπερ
1639 1682 1760 1735 οὐδὲ
1821 1683 1897 1753 τῷ

340 1773 592 1843 Ἀϐραὰμ
625 1773 690 1826 ἂν
719 1772 950 1838 ἐπέταξε
976 1775 1067 1826 τὸν
1116 1774 1232 1826 υἱὸν
1259 1774 1431 1835 θύειν,
1463 1774 1515 1826 ετ
1545 1790 1608 1842 γε
1654 1776 1728 1844 μὴ
1758 1775 1895 1844 πρὸς

1997 582 2386 650 interrogabat.
2427 580 2521 634 Ille
2548 592 2754 643 autem,
2777 580 3028 648 quamvis
3069 580 3400 649 coapostolis
3430 597 3566 650 prae-

1995 673 2258 734 sentibus,
2292 689 2401 725 non
2437 672 2503 725 ad
2533 686 2720 726 eorum
2749 681 2950 727 emtum
2986 672 3259 741 respexit;
3286 688 3383 726 nec
3419 674 3567 742 cogi-

1992 765 2150 826 tavit,
2185 779 2313 817 num
2350 763 2475 830 quis
2520 778 2708 818 eorum
2743 778 2988 843 amorem
3048 779 3210 819 suum
3261 772 3564 820 testaturus

1993 868 2175 923 esset;
2202 872 2298 911 nec
2329 856 2394 910 ad
2437 872 2622 911 eorum
2650 856 2879 926 gratiam
2930 872 3253 926 responsum
3294 871 3449 911 suum
3483 865 3563 909 at-

1996 949 2360 1017 temperavit;
2391 964 2509 1013 nec,
2541 949 2585 1003 si
2619 948 2750 1003 nihil
2775 951 2943 1017 aliud,
2979 949 3359 1019 imprudentia:
3388 957 3441 1003 et
3473 964 3566 1002 ar-

1999 1042 2255 1108 rogantia:
2282 1051 2468 1092 notam
2504 1039 2786 1093 incurrere
2818 1040 3033 1106 timuit;
3073 1039 3167 1095 sed
3201 1040 3280 1095 sic
3304 1054 3335 1093 a
3362 1040 3436 1095 rei
3474 1055 3569 1093 ve.

1996 1134 2156 1183 ritate
2180 1133 2436 1184 omnibus
2463 1130 2547 1184 his
2584 1132 2901 1185 sublimiora
2930 1148 3121 1201 sapere
3152 1132 3410 1186 inductus
3445 1139 3529 1185 est
3552 1170 3567 1193 ,

1998 1231 2129 1273 utet
2158 1221 2635 1289 interrogatiOnem
2669 1222 2831 1276 toties
2858 1224 3121 1285 ﬁrmaret,
3148 1224 3361 1292 quoties
3386 1223 3571 1274 Domi-

1996 1327 2124 1364 num
2191 1310 2619 1380 interrogantem
2680 1312 2958 1367 audiebat.
3014 1313 3330 1383 negabatur
3398 1315 3568 1375 enim,

2000 1421 2127 1458 ιιιιιιι
2160 1405 2428 1476 diligeret,
2474 1415 2527 1461 et
2559 1406 2647 1461 ille
2695 1421 2753 1460 se
2783 1407 3010 1476 diligere
3049 1407 3354 1461 asserebat.
3393 1407 3571 1473 ltepo-
3654 1392 3671 1437 ἶ

1999 1500 2162 1554 situm
2194 1514 2278 1554 est
2314 1520 2327 1554 :
2363 1499 2527 1555 Pasce
2548 1518 2664 1555 oves
2691 1518 2832 1555 meas
2861 1503 2953 1556 δ’δ’.
2972 1499 3082 1556 Nec
3118 1499 3375 1554 Salvator
3401 1502 3571 1554 inter-

2000 1601 2294 1661 rogaturus
2322 1605 2458 1657 erat,
2499 1595 2602 1648 nisi
2641 1595 2743 1648 hoc
2769 1595 2990 1649 Petrum
3036 1609 3435 1662 responsurum
3463 1594 3573 1647 sci-

2001 1683 2173 1739 visset
2206 1701 2220 1737 :
2254 1684 2715 1753 quemadmodum
2751 1700 2848 1739 nec
2900 1685 3215 1737 Abrahamo
3252 1683 3573 1735 mandasset

2004 1777 2171 1830 lilium
2201 1776 2502 1843 immolare,
2545 1778 2649 1831 nisi
2681 1793 2804 1831 eum
2836 1778 2900 1831 ad
2932 1778 2983 1830 id
3018 1780 3381 1847 praestandum
3411 1792 3571 1845 para-

328 1865 389 1917 τὺ
422 1866 585 1936 ἔργον
616 1864 843 1934 ἔμελλεν
885 1865 1107 1931 ἕτοιμος
1152 1860 1314 1920 εἶναι.
1348 1866 1418 1917 Ὀ
1467 1882 1525 1917 τε
1561 1866 1787 1935 Πέτρος,
1849 1869 1899 1918 εί

2009 1877 2113 1921 Lutn
2151 1871 2393 1923 novisset
2422 1887 2437 1922 :
2480 1881 2533 1923 et
2562 1869 2755 1924 Petrus
2788 1870 2887 1923 nisi
2920 1870 3176 1925 conscius
3207 1868 3312 1924 sibi
3377 1869 3575 1922 fuisset

334 1958 560 2028 μηδαμῆ
592 1959 845 2022 συνειδὼς
864 1955 930 2029 ἦν
960 1957 1157 2028 ἐαυτῷ,
1181 1958 1347 2029 μηδέν
1374 1959 1565 2030 πόρρω
1594 1958 1702 2010 τῶν
1734 1961 1899 2012 όντων

331 2051 568 2118 λέγοντι,
588 2052 696 2105 οὐδ’
720 2053 786 2105 ἃν
812 2052 1113 2121 ἀπεθάρρει
1133 2051 1309 2105 ταῦτα
1332 2052 1514 2120 λέγειν
1536 2052 1613 2120 τῷ
1634 2067 1695 2119 γε
1726 2051 1902 2105 πάντα

337 2143 684 2212 γινώσκοντι.
719 2144 829 2198 Καὶ
858 2142 925 2198 αὖ
960 2145 1123 2197 πάλιν
1146 2147 1173 2197 ό
1204 2144 1416 2214 Σωτὴρ,
1453 2144 1528 2213 μὴ
1561 2145 1770 2215 Πέτρον
1823 2145 1900 2196 εἰ-

334 2237 439 2301 δὼς
485 2237 692 2308 τάληθῆ
758 2238 1006 2304 λέγοντα,
1061 2237 1163 2289 οὐκ
1214 2237 1281 2290 ἂν
1334 2236 1433 2307 τὴν
1469 2236 1577 2289 τῶν
1607 2237 1900 2307 προϐάτων

336 2329 623 2397 παρέδωκε
657 2328 1015 2399 προστασίαν.
1035 2326 1191 2379 Οὕτω
1222 2327 1397 2380 πάντα
1421 2312 1488 2380 δι’
1535 2327 1785 2394 ἀλλήλων
1839 2345 1899 2381 τε

331 2418 624 2482 δείκνυται,
660 2420 755 2472 καὶ
796 2418 1049 2488 ἀλλήλοις
1088 2421 1523 2490 προσμαρτυρεῖ.
1582 2420 1738 2490 Ἀμα
1794 2419 1904 2490 γάρ

332 2528 441 2564 τινι
470 2509 837 2580 προκείμενον
864 2511 1055 2577 γέγονε
1090 2508 1296 2563 τοῦτων
1324 2508 1385 2562 ἓν
1438 2510 1744 2581 θεωρῆσαι,
1811 2513 1907 2566 καὶ

333 2604 405 2656 τά
429 2602 592 2655 λοιπά
629 2599 1050 2672 συνθεωρεῖσθαι
1085 2599 1400 2670 παρέστηκε
1427 2600 1520 2652 καὶ
1549 2599 1753 2653 τούτων
1784 2600 1908 2671 δίχα

336 2694 432 2749 τοῦ
491 2695 585 2748 καὶ
614 2693 782 2749 τᾶλλα
831 2695 1095 2759 συνεῖναι,
1144 2692 1452 2763 θαυμάζειν
1495 2678 1766 2764 πάρεστιν
1814 2693 1906 2746 οὐ·

329 2786 389 2841 δὲ
435 2786 513 2841 ἕν.

404 2879 518 2932 Οὐκ
544 2878 712 2949 ἄχαρι
741 2878 797 2931 δὲ
837 2879 1062 2932 κάκεῖνο
1093 2875 1190 2929 τοῦ
1234 2876 1563 2947 πράγματος
1614 2868 1855 2931 ¹συνιδεῖν
1885 2878 1902 2895 ⁹

330 2975 431 3027 καὶ⁵
459 2973 570 3041 γάρ
602 2972 699 3024 ἐπὶ
715 2971 938 3033 πολλαῖς
964 2969 1153 3033 ἄλλαις
1178 2972 1299 3032 ταῖς
1333 2969 1575 3038 πρόσθεν
1628 2970 1771 3041 ὑπὲρ
1804 2972 1907 3037 τῆς

330 3064 627 3135 ὁμολογίας
679 3063 961 3133 ἀμοιϐαῖς,
1014 3061 1297 3116 καὶτοῦτο
1328 3062 1394 3131 δὴ
1423 3061 1754 3132 προσετέθη,
1819 3080 1906 3129 μι-

332 3156 485 3226 κρῶν
546 3155 645 3223 μὲν
682 3155 789 3208 οὐδ’
838 3154 1083 3219 ἐκείνων,
1143 3151 1352 3223 ταύτης
1384 3152 1442 3206 δέ
1476 3154 1572 3206 καὶ
1616 3147 1683 3225 ἦς
1706 3154 1906 3223 δήποτε

337 3244 522 3317 βούλει
555 3244 819 3312 μείζονος,
858 3245 953 3296 καὶ⁹
1012 3241 1419 3313 ὑπεραιρούσης
1468 3241 1547 3313 τῷ
1610 3241 1905 3311 ἀξιώματι.

333 3340 484 3410 Πρὸς
522 3340 580 3391 δέ
634 3339 809 3408 τούτῳ
869 3338 964 3391 καὶ
1012 3335 1240 3404 πολλοῦὶ
1266 3336 1473 3407 Πέτρος
1526 3336 1754 3404 ἐτιμᾶτο
1814 3335 1910 3387 καὶ

330 3432 596 3503 πλείστης
630 3431 964 3500 ἐπιστροφῆς
988 3430 1138 3495 ἄξιον
1163 3425 1320 3500 ἦγεν,
1370 3425 1485 3490 ἴσος
1513 3427 1674 3488 αὐτὸς
1728 3425 1908 3494 ἐαυτῷ

329 3524 619 3595 πανταχοῦ
649 3524 984 3585 δείκνυσθαι,
1007 3524 1103 3576 καὶ
1134 3523 1271 3593 πρὸς
1307 3523 1490 3576 πᾶσαν
1539 3518 1812 3591 ἐρώτησιν
1841 3520 1911 3572 τά

330 3615 609 3686 κράτιστα
640 3614 1060 3685 ἀποκρίνεσθαι,
1086 3614 1178 3667 καὶ
1210 3614 1353 3685 ειπερ
1382 3611 1497 3667 οὔτ’
1525 3611 1592 3665 ἂν
1625 3613 1788 3675 αὐτὸς
1816 3612 1909 3666 άλ-

329 3710 403 3762 λα
443 3707 656 3777 φρονῶν
677 3705 828 3774 λέγοι
858 3705 952 3758 καὶ
980 3706 1074 3758 τὸν
1105 3705 1447 3769 δῐδάσκαλον,
1475 3699 1559 3768 οἷς
1603 3703 1791 3770 ἔλεγεν
1822 3704 1911 3756 εύ-

327 3803 433 3864 θὺς
462 3798 848 3870 συντιθέμενον
881 3794 1052 3867 εἶχεν.
1081 3798 1146 3851 Et
1186 3798 1295 3866 γὰρ
1338 3795 1543 3866 μεταξύ
1593 3813 1646 3848 τι
1708 3794 1908 3862 συνέϐη

331 3893 557 3957 παθεῖν,
592 3892 707 3946 ἀλλ’
737 3889 807 3963 ἦν
840 3890 1019 3955 αὖθις,
1046 3893 1074 3944 ό
1112 3890 1281 3945 πάλαι
1318 3891 1522 3960 Πέτρος
1560 3888 1709 3942 ἰδεῖν.
1769 3887 1848 3940 Δι’
1876 3887 1913 3941 ἀ

329 3987 434 4041 καὶ
474 3984 676 4053 ταύτης
704 3983 845 4053 ὑπὲρ
872 3981 1118 4045 ἅπαντας
1155 3980 1256 4049 τῆς
1285 3978 1450 4049 τιμῆς
1483 3978 1711 4049 ἠξιώθη.
1734 3981 1911 4033 Τίνων

325 4078 627 4151 ἡγεμόνων
654 4077 775 4146 οὐχὶ
804 4074 1153 4145 σεμνότερος,
1185 4072 1347 4124 τίνων
1394 4070 1660 4139 βασιλέων
1715 4071 1777 4125 ού
1824 4088 1911 4123 τιο

330 4172 611 4242 μιώτερος
644 4185 660 4235 ;
698 4168 857 4237 μόνος
887 4159 961 4219 ὧν
991 4166 1152 4235 ῐσμεν
1183 4166 1304 4217 ἀντὶ
1348 4162 1586 4233 Χριστοῦ
1614 4162 1710 4216 καὶ
1758 4163 1913 4233 παρὰ

327 4260 579 4333 Χριστοῦ
635 4258 840 4330 ποιμὴν
908 4259 1004 4312 καὶ
1061 4255 1377 4313 διδάσκαλος
1440 4252 1550 4307 τῶν
1601 4251 1913 4324 ἁπανταχοῦ

326 4357 440 4426 γῆς
477 4351 648 4407 ἐθνῶν
702 4350 1002 4423 ᾑρημένος,
1051 4349 1146 4402 καὶ
1180 4344 1500 4420 τετηρηκὼς
1555 4347 1635 4411 είς
1689 4349 1798 4401 πᾶν
1854 4344 1916 4398 τὸ

328 4449 587 4515 ἀξίωμα.

413 4625 577 4679 Ἐστι
611 4621 713 4693 μέν
746 4620 840 4674 οῦν
866 4623 1067 4692 ῥᾷστον
1102 4623 1269 4674 πᾶσιν
1324 4617 1574 4672 ἐντεῦθεν
1615 4616 1915 4688 ὁρωμένοις

332 4723 496 4782 ἰδεῖν,
550 4718 624 4778 ὡς
685 4718 797 4779 τοῖς
850 4714 1172 4776 ἀποστόλοις
1233 4714 1291 4765 αί
1341 4712 1727 4781 λαμπρότητες
1781 4709 1915 4763 ἶσαι.

345 4812 512 4880 Ἐμοὶ
538 4809 593 4861 δὲ
616 4809 836 4861 κάκεῖνο
866 4806 959 4859 τοῦ
993 4807 1198 4876 Πέτρου
1232 4804 1543 4874 προσθεῖναι
1570 4803 1741 4863 δοκεῖ,
1777 4800 1916 4871 πρὸς

332 4906 525 4977 τρίτον
549 4902 642 4955 καὶ
671 4899 803 4953 αὐτὸ
830 4900 922 4951 τὸν
981 4897 1208 4968 οὐρανὸν
1259 4898 1564 4948 ἀνατεῖνον.
1614 4895 1679 4946 Τί
1724 4890 1918 4963 δήποτ’

334 4996 435 5052 οὖν
493 4996 670 5048 εἰπεῖν
719 4992 1028 5062 βούλομαι,
1078 4993 1177 5055 τὴν
1230 4989 1567 5056 καθειμένην
1619 4985 1916 5055 οὐρανόθεν

335 5088 563 5155 ὀθόνην,
590 5087 655 5153 ἣν
682 5085 877 5153 ἀρχαῖς
908 5082 1171 5151 τέτταρσι
1206 5079 1337 5141 Θεὸς
1370 5079 1505 5147 πρὸς
1538 5076 1707 5129 αὐτὸν
1759 5075 1918 5128 καθιε-

344 5179 567 5248 μήσατο
605 5175 702 5245 τὴν
732 5169 914 5226 πάντα
950 5171 1014 5241 δὴ
1039 5173 1332 5240 φέρουσαν,
1361 5169 1460 5221 ὅσα
1491 5168 1659 5236 πνοῆς
1720 5167 1918 5232 ἀλόγου

342 5262 592 5333 μετέχει,
615 5263 708 5314 καὶ
737 5262 835 5330 τὴν
857 5260 1066 5313 ἐκεῖθεν
1096 5259 1402 5327 ἀφιεμένην
1434 5257 1618 5326 φωνὴν
1640 5296 1656 5320 ,
1698 5255 1772 5317 ὡς
1806 5254 1923 5307 ἀνί-

339 5352 578 5407 στασθαι
607 5351 795 5404 τοῦτον
817 5351 898 5404 δεῖ
932 5350 1026 5403 καὶ
1052 5350 1289 5401 θύσαντα
1333 5348 1443 5399 τῶν
1481 5346 1775 5417 ὁρωμένων
1820 5356 1922 5411 με·

337 5443 625 5505 ταλαϐεῖν,
678 5446 775 5496 καὶ
834 5443 1038 5514 Πέτρον
1090 5438 1509 5509 ἀπαγορεύοντα
1585 5438 1923 5508 προενέγκα-

338 5537 475 5589 σθαι
503 5533 611 5585 τῶν
635 5532 891 5585 τοιούτων
935 5533 1011 5595 ώς
1068 5529 1423 5597 ἀκαθάρτων,
1460 5532 1555 5581 καὶ
1604 5528 1702 5598 τὴν
1736 5527 1922 5598 φωνὴν

336 5628 441 5695 οὐχ
461 5623 635 5692 ἅπαξ,
668 5625 806 5678 ἀλλά
826 5624 906 5687 δὶς
938 5624 1038 5693 ἤδη
1062 5625 1155 5677 καὶ
1179 5640 1205 5675 τ
1215 5626 1301 5692 ρὶς
1328 5624 1421 5676 ἐπὶ
1470 5621 1532 5674 τὸ
1566 5622 1682 5676 ἴσον
1713 5622 1926 5676 δεῖπνον

397 5806 471 5844 ’δ’
523 5811 678 5866 Joan.
722 5824 839 5873 ut,
878 5807 962 5861 l7.
1250 5866 1255 5871 ,

664 5907 938 5966 Parnm"
986 5907 1102 5966 Gtt.
1149 5903 1450 5967 CXLVII.

2004 1975 2063 2014 se
2090 1960 2220 2015 nihil
2250 1978 2279 2015 ιι
2313 1977 2444 2015 vero
2476 1962 2778 2015 abhorrens
2828 1975 3241 2029 responsurum,
3264 1974 3372 2013 non
3406 1972 3573 2013 ausus

2006 2050 2198 2105 luisset
2236 2052 2349 2105 haec
2380 2052 2560 2106 omnia
2592 2052 2787 2106 scienti
2819 2052 3170 2120 reSpondere.
3217 2048 3419 2105 Iterum
3447 2050 3571 2103 Sal-

2003 2152 2190 2209 vator,
2226 2144 2328 2196 nisi
2366 2143 2618 2199 scivisset
2667 2143 2882 2198 Petrum
2934 2160 3058 2198 vera
3095 2143 3297 2207 dicere,
3338 2144 3481 2198 haud
3522 2144 3574 2197 ei

2005 2236 2186 2288 ovium
2221 2234 2596 2304 praefecturam
2626 2236 3016 2291 commisisset.
3060 2236 3142 2291 Ita
3183 2235 3365 2290 omnia
3397 2250 3490 2303 per
3516 2250 3576 2289 se

2007 2335 2200 2380 mutuo
2232 2326 2705 2391 demonstrantur,
2739 2336 2795 2381 et
2822 2327 2926 2382 sibi
2960 2336 3149 2381 nttttuo
3194 2325 3576 2381 testimonium

2007 2420 2244 2475 reddunt
2277 2437 2291 2474 :
2326 2435 2449 2473 nam
2484 2419 2649 2478 simul
2704 2434 2769 2473 ac
2811 2420 2935 2489 quis
2980 2418 3182 2488 aliquid
3216 2418 3411 2471 horum
3445 2431 3580 2470 con-

2010 2511 2259 2580 templari
2295 2510 2617 2579 ingreditur,
2652 2510 2859 2579 reliqua
2887 2510 3052 2565 etiam
3081 2510 3148 2565 ad
3177 2508 3584 2564 consideratio-

2008 2619 2131 2658 nem
2157 2619 2279 2658 sese
2311 2602 2586 2668 oﬂ‘erunt;
2616 2610 2671 2658 et
2717 2604 2823 2659 nisi
2851 2602 2975 2672 quis
3006 2603 3111 2656 alia
3164 2602 3453 2673 intelligat,
3488 2617 3585 2657 ne-

2009 2711 2115 2765 que
2140 2712 2308 2750 unum
2354 2710 2450 2767 pro
2477 2696 2742 2766 dignitate
2786 2695 3047 2775 admirari
3074 2696 3296 2765 poterit.

2080 2872 2198 2928 Non
2229 2873 2585 2941 iniucundum
2612 2888 2774 2943 porro
2809 2874 2915 2930 erit
2942 2883 3003 2945 et,
3027 2875 3162 2931 illud
3192 2874 3529 2945 perpendere
3560 2892 3577 2941 ;

2009 2968 2208 3023 etenim
2244 2967 2430 3021 multis
2456 2967 2578 3020 aliis
2598 2983 2719 3035 quae
2754 2976 3171 3036 pratcesserant,
3207 2968 3581 3023 confessionis

2011 3058 2470 3113 retributionibus
2493 3059 2595 3112 hoc
2634 3074 2740 3113 non
2767 3067 2852 3113 est
2870 3059 3167 3129 adjectum,
3196 3062 3450 3130 quamvis
3480 3076 3581 3117 nec

2013 3150 2144 3219 ipsa
2173 3149 2384 3218 exiguae
2413 3157 2636 3212 essent;
2671 3156 2727 3202 at
2748 3148 2877 3203 huic
2897 3164 3224 3219 quacunque
3258 3150 3384 3212 alia,
3413 3150 3458 3205 si
3494 3166 3587 3206 ve-

2010 3242 2102 3304 lis,
2144 3240 2340 3311 majori
2380 3250 2434 3296 et
2474 3241 2743 3311 dignitate
2796 3242 3171 3309 eminentiori,
3228 3241 3340 3298 haec
3373 3258 3586 3298 merces

2011 3334 2264 3403 adjuncta
2301 3341 2404 3387 est.
2434 3332 2513 3386 Ad
2558 3333 2673 3387 haec
2711 3330 3083 3401 Petrusvalde
3123 3334 3513 3401 honorabatur,
3532 3346 3587 3388 et

2012 3441 2135 3480 cum
2170 3424 2403 3492 plurima
2434 3441 2565 3479 cura
2599 3426 2763 3479 vitam
2792 3427 3009 3495 agebat,
3046 3427 3252 3496 ubique
3297 3428 3403 3482 sibi
3441 3444 3586 3482 sem—

2014 3516 2355 3586 persimilis;
2378 3524 2433 3569 et
2451 3516 2515 3569 ad
2539 3532 2755 3571 omnem
2785 3517 3273 3587 interrogationem
3301 3518 3590 3585 aptissima

2013 3621 2243 3675 qua-quc
2274 3605 2499 3660 reddere
2530 3618 2837 3676 proruptus,
2866 3616 2921 3660 et
2945 3621 3066 3674 quae
3097 3607 3213 3676 ipse
3241 3622 3588 3679 nequaquam

2013 3698 2240 3762 diceret,
2278 3697 2322 3751 si
2359 3695 2515 3751 aliter
2547 3711 2785 3767 saperet.
2821 3699 3163 3767 Quapropter
3193 3700 3359 3752 etiam
3418 3700 3591 3768 magi-

2016 3801 2189 3844 strum
2224 3790 2311 3844 Itis
2343 3806 2463 3857 quae
2497 3789 2737 3854 dicebat,
2767 3791 2952 3845 statim
2993 3790 3385 3845 assentientem
3421 3790 3589 3845 habe-

2014 3880 2130 3934 bat.
2165 3879 2222 3933 Si
2254 3880 2383 3948 quid
2424 3880 2629 3932 interea
2656 3879 2972 3947 patiendum
3003 3879 3347 3943 occurrebat,
3383 3879 3583 3933 iterum

2015 3969 2069 4023 in
2106 3970 2319 4033 eodem,
2377 3983 2487 4037 quo
2516 3980 2698 4034 antea,
2748 3978 2897 4024 statu
2958 3967 3180 4024 Petrum
3230 3970 3419 4026 videre
3448 3982 3590 4027 erat.

2017 4063 2245 4131 Propter
2280 4076 2400 4131 quae
2436 4062 2536 4114 hoc
2561 4063 2725 4114 etiam
2769 4064 2978 4116 honore
3022 4077 3190 4132 super
3213 4078 3405 4118 omnes
3455 4064 3592 4119 alios

2015 4155 2241 4210 allectus
2275 4163 2357 4209 est
2434 4152 2566 4207 Nam
2603 4155 2804 4223 quibus
2855 4155 3199 4225 principibus
3230 4170 3338 4210 non
3374 4164 3462 4211 est
3501 4172 3597 4211 ve-

2018 4249 2336 4313 nerabilior,
2382 4249 2581 4318 quibus
2637 4250 2852 4319 regibus
2889 4264 2997 4302 non
3046 4250 3382 4321 augustior?
3419 4250 3591 4316 solus,
3641 4318 3647 4323 ἱ

2019 4358 2182 4412 quem
2217 4345 2480 4406 sciamus,
2511 4342 2632 4397 loco
2661 4341 2894 4404 Christi,
2923 4351 2977 4397 et
3005 4358 3036 4396 a
3072 4343 3293 4400 Christo
3320 4357 3509 4415 pastor
3540 4355 3598 4401 et

2020 4433 2216 4488 doctor
2246 4433 2490 4487 omnium
2522 4436 2765 4504 gentium
2799 4435 3001 4505 ubique
3025 4445 3297 4491 tetrarum
3318 4438 3594 4493 constitu-

1946 4529 2117 4586 Dttts
2156 4536 2261 4586 est,
2289 4541 2453 4593 quam
2486 4525 2809 4595 dignitatem
2835 4527 2889 4580 in
2925 4538 3246 4596 perpetuum
3282 4539 3487 4585 servat.

2092 4618 2170 4671 Ex
2206 4618 2292 4671 his
2320 4617 2484 4685 igitur
2510 4618 2669 4672 tacite
2707 4616 2892 4673 videre
2932 4627 3038 4684 est,
3069 4622 3345 4687 quomodo
3372 4630 3593 4691 aposto-

2025 4707 2202 4760 lorum
2240 4709 2440 4762 decora
2474 4719 2523 4762 et
2546 4719 2870 4762 ornamenta
2910 4709 3020 4763 sint
3054 4710 3231 4779 paria.
3263 4712 3378 4780 E30
3413 4722 3599 4769 tamen

2030 4802 2132 4852 hoc
2162 4798 2348 4853 itidem
2383 4798 2450 4853 de
2472 4800 2638 4852 Petro
2689 4790 2980 4868 apponam,
3031 4803 3160 4869 quia
3215 4811 3271 4857 et
3312 4805 3491 4873 ipsum
3531 4815 3600 4859 ad

2026 4893 2243 4945 tertium
2278 4892 2477 4944 cretum
2509 4890 2703 4945 tendit.
2742 4890 2886 4955 Quid
2931 4891 3098 4962 igitur
3128 4892 3289 4958 illud,
3314 4895 3480 4963 .quod
3514 4896 3602 4950 di-

2025 4998 2150 5037 cere
2174 4981 2382 5037 institui
2404 4982 2427 5034 ?
2452 4983 2667 5037 ctelitus
2688 4983 2988 5037 demissum
3018 4984 3269 5052 linteum,
3287 4987 3434 5056 quod
3461 5003 3600 5057 qua-

2027 5082 2151 5127 tuor
2184 5073 2355 5126 initiis
2390 5072 2534 5128 Detts
2582 5073 2650 5127 ad
2688 5074 2839 5127 illum
2888 5074 3138 5140 demisit,
3184 5078 3239 5131 in
3276 5094 3388 5147 quo
3440 5091 3602 5134 erant

2023 5165 2204 5219 omnis
2238 5164 2454 5235 generis
2477 5165 2776 5219 animantia
2802 5167 3030 5222 rationis
3048 5170 3316 5237 expertia,
3346 5171 3603 5239 adjuncta

2025 5257 2128 5309 hac
2168 5271 2316 5319 voce,
2347 5266 2406 5309 ut
2432 5264 2701 5326 surgeret,
2732 5256 3028 5323 occideret,
3064 5259 3465 5327 manducaret;
3504 5260 3607 5315 Pe-

2024 5355 2281 5417 trutnque
2308 5347 2425 5402 haec
2456 5355 2718 5419 tanquam
2747 5348 3030 5404 immunda
3062 5360 3289 5421 tangere
3330 5355 3605 5416 renuisse,

2024 5442 2234 5495 emlesti
2259 5440 2526 5511 vocejam
2562 5457 2674 5496 non
2712 5442 2905 5508 semel,
2942 5442 3035 5497 sed
3064 5442 3149 5498 bis
3179 5452 3236 5498 et
3266 5453 3346 5499 ter
3372 5461 3497 5500 eum
3539 5449 3608 5500 ad

2032 5533 2409 5604 idetuepulum
2448 5534 2735 5590 invitante.
2784 5534 2952 5589 Scitis
2999 5535 3130 5602 quid
3180 5537 3295 5592 bmc
3326 5538 3466 5593 visio
3501 5540 3608 5594 sibi

2032 5628 2203 5693 velit;
2235 5640 2364 5680 nam
2393 5626 2488 5696 qui
2526 5624 2687 5695 vidit,
2724 5625 3001 5697 exposuit.
3038 5627 3180 5693 Dixi,
3220 5628 3320 5685 hoc
3348 5632 3510 5685 etiam
3541 5632 3611 5686 ad

3216 5903 3293 5963 35
