4066 6484
274 389 405 448 ll'dl

1270 377 1685 439 ENCOMIUM
1728 375 1829 437 SS,
1871 373 2101 435 PETill
2137 375 2230 433 ET
2280 372 2536 433 PAULI.

3417 365 3550 441 1102

267 494 545 565 γελμένης
587 493 706 563 ἃμα
737 498 817 565 τῷ
845 492 1094 563 Δεσπότῃ
1135 489 1428 562 καθέδρας,
1462 490 1570 542 τίνι
1624 488 1848 550 πλείους

1978 488 2106 540 nino
2140 486 2409 549 promissa
2441 483 2709 547 sessione,
2752 483 2879 553 quis
2924 479 3175 551 pluribus
3232 488 3284 534 et
3324 477 3549 548 majori-

266 587 512 652 δόξουσιν
543 586 575 656 ἢ
614 585 837 656 μείζους
870 587 1157 656 προσεῖναι
1190 602 1203 649 ;

342 680 651 751 Στρατηγοὶ
690 679 831 750 μετά
878 677 1127 743 τούτους,
1163 678 1256 733 καὶ
1290 677 1391 732 ὅσα
1443 676 1553 731 τῶν
1596 678 1852 748 ἡγεμονι-

271 774 384 825 κῶν
413 772 699 843 ὀνομάτων
750 771 822 824 τὰ
870 771 1088 839 μεγάλα
1126 770 1453 841 χειρίζουσι,
1500 769 1753 837 πολέμων
1777 769 1853 820 oi-

273 864 536 934 κονομίας
564 862 629 933 δὴ
655 863 822 932 λέγω,
864 863 960 916 καὶ
1004 862 1383 931 στρατοπέδων
1416 859 1761 928 καταλόγους
1795 876 1855 913 τε

273 955 370 1007 καὶ
409 953 713 1020 συντάξεις,
761 955 843 1006 ἔτι
890 970 950 1006 τε
989 954 1168 1024 μάχης
1199 953 1417 1021 ἀγῶνας
1449 952 1853 1017 παντοδαποὺς,

273 1049 368 1099 καὶ
395 1047 609 1101 πόλεων
637 1046 960 1116 πολιορκίας
984 1064 1043 1099 τε
1073 1049 1169 1101 καὶ⁹
1200 1045 1455 1109 ἁλώσεις,
1481 1046 1577 1098 καὶ
1601 1046 1702 1099 ὅσα
1730 1046 1859 1116 περὶ

275 1142 428 1202 νίκας
462 1141 557 1194 καὶ
584 1142 830 1211 τρόπαια
859 1142 956 1194 καὶ
991 1140 1092 1211 τὴν
1121 1139 1289 1211 ἄλλην
1334 1138 1654 1205 ἐξετάζεται
1686 1138 1858 1191 λείαν.

275 1233 514 1301 Οὐκοῦν,
552 1234 728 1297 οὐδεὶς
757 1234 868 1288 τῶν
917 1234 1238 1286 ἀποστόλων
1289 1232 1575 1300 παρόντων
1622 1247 1863 1299 στρατη-

275 1327 404 1395 γίαν
435 1326 741 1397 κομπάσει.
761 1325 837 1378 Ού
867 1316 977 1394 γάρ
1009 1328 1140 1396 περὶ
1172 1323 1411 1394 μικρῶν,
1440 1323 1561 1375 οὐδὲ
1591 1324 1721 1393 πρὸς
1750 1323 1863 1377 ὀλί-

277 1435 430 1486 γους,
461 1418 495 1491 ἢ
531 1418 651 1489 μετ’
673 1418 898 1488 ὀλίγων,
932 1417 966 1489 ἢ
1006 1417 1095 1470 ἐπ’
1123 1417 1307 1484 ὀλίγον
1337 1415 1522 1478 αὐτοῖς
1550 1418 1579 1469 ό
1602 1417 1862 1487 πόλεμο·,

280 1512 418 1566 ἀλλά
474 1513 608 1581 περὶ
640 1510 926 1581 βασιλείας
960 1509 1237 1563 ἀθανάτου
1287 1508 1397 1561 τῶν
1445 1509 1697 1579 οὐρανῶν
1725 1550 1739 1572 ,
1770 1513 1867 1564 καὶ

283 1604 423 1675 πρὸς
461 1606 647 1666 πάσας
678 1605 776 1666 τὰς
802 1602 899 1656 τοῦ
928 1603 1157 1666 σκότους
1185 1601 1385 1672 ἀρχὰς,
1424 1604 1519 1657 καὶ
1575 1602 1694 1672 μεθ’
1725 1605 1865 1657 ὅσων

281 1702 309 1752 ὁ
331 1700 537 1768 κόσμος
566 1697 873 1767 ἀνθρώπων
904 1697 1062 1766 φέρει
1095 1699 1192 1752 καὶ
1229 1696 1317 1765 ἐφ’
1356 1697 1481 1750 ὅσον
1510 1695 1577 1750 ἂν
1603 1698 1869 1769 προκραί-

284 1808 368 1843 νοι
407 1789 476 1841 τά
523 1790 623 1858 τῆς
664 1788 956 1858 γενέσεως.
1008 1787 1083 1839 Ού
1139 1785 1248 1857 γὰρ
1291 1786 1510 1856 ἄδηλον,
1542 1786 1624 1839 ὅτι
1653 1788 1749 1841 καὶ
1775 1788 1870 1841 νῦν

288 1880 690 1953 στρατηγοῦσιν

362 2062 479 2118 Οὐκ
526 2062 726 2131 ἄτιμον
765 2061 906 2132 μετά
951 2061 1178 2127 τούτους
1223 2063 1336 2134 ὁρῶ
1363 2063 1556 2134 χρῆμα
1584 2064 1677 2117 τὸν
1714 2082 1879 2137 στραα

290 2158 517 2225 τιώτην.
548 2156 659 2208 Καὶ
702 2155 810 2226 γὰρ
865 2155 1100 2209 ἔκτοπον
1147 2143 1301 2219 οὗτος
1352 2155 1535 2226 θέαμα
1571 2158 1667 2212 σὺν
1692 2158 1880 2222 ὅπλοις

292 2250 590 2320 ἐρώμενος,
627 2252 722 2301 καὶ
775 2250 889 2311 τοῖς
948 2250 1162 2320 ἐχθροῖς
1216 2250 1298 2313 είς
1359 2252 1552 2320 χεῖρας
1605 2251 1723 2306 ίών.
1771 2250 1880 2306 Keil.~

292 2343 454 2396 τοῦτο
501 2343 558 2396 δὲ
597 2342 680 2406 τίς
714 2344 814 2397 οὐκ
864 2344 932 2398 ἂν
960 2343 1076 2414 δοίη
1105 2345 1219 2407 τοῖς
1257 2344 1625 2413 ἀποστόλοις;
1662 2347 1737 2399 Οὐ
1772 2347 1880 2417 γὰρ

292 2437 441 2498 ὅπως
491 2436 620 2498 τοὺς
665 2436 861 2500 ἄλλους
914 2438 1054 2508 πρὸς
1086 2437 1182 2490 τὸν
1214 2439 1600 2508 πνευματικὸν
1632 2439 1880 2510 παραθή-

290 2545 484 2596 γοντες
513 2529 776 2598 πόλεμον,
830 2531 985 2584 αύτοί
1018 2548 1080 2598 γε
1114 2531 1358 2602 ἠμέλουν
1382 2574 1397 2598 ,
1435 2533 1573 2586 ἀλλὰ
1612 2538 1710 2588 καὶ
1747 2536 1875 2589 καθ’

290 2620 490 2683 αὐτοὺς
524 2623 947 2692 παρετάττοντο.
998 2623 1370 2678 Ἐδεδοίκεσαν
1404 2625 1537 2698 γὰρ,
1587 2626 1666 2690 ὡς
1698 2629 1878 2682 αὐτῶν

285 2710 408 2764 ἔστι
439 2712 735 2781 λεγόντων⁹
759 2713 1004 2778 ἀκούειν,
1059 2715 1263 2785 μήπως
1305 2716 1490 2781 ἄλλοις
1518 2718 1877 2788 κηρύξαντες.

295 2804 474 2869 αὐτοὶ,
501 2804 579 2874 τῷ
621 2803 690 2859 δι’
724 2805 969 2868 ἐκείνους
1003 2806 1199 2879 θάρρει
1241 2807 1594 2878 ψευσθέντες,
1627 2811 1878 2883 ἀδόκιμοι

288 2898 580 2963 γένωνται.
616 2898 729 2952 Καὶ
777 2897 886 2970 μὴν
931 2903 1028 2954 καὶ
1056 2900 1317 2974 ἀριστεὺς
1352 2903 1690 2974 στρατιώτου
1720 2922 1879 2976 περι-

288 2990 646 3072 φανέστερος.
680 2991 745 3043 Τί
772 2992 882 3063 γὰρ
914 2991 1108 3046 τούτου
1135 2992 1340 3063 μᾶλλον
1368 2994 1434 3049 ἀν
1462 3012 1548 3057 τις
1581 2996 1877 3066 ἀγάσαιτο,

289 3083 547 3152 φάλαγγα
591 3083 705 3136 τῶν
735 3086 999 3139 ἐναντίων
1035 3085 1359 3156 ρηγνύντος,
1391 3089 1489 3143 καὶ
1524 3091 1736 3161 τροπὴν
1776 3093 1877 3145 αὐο

285 3177 396 3230 τῶν
442 3177 797 3249 ποιουμένου,
833 3179 931 3234 καὶ
982 3181 1244 3245 νικῶντος
1271 3223 1285 3248 ,
1321 3184 1435 3246 τοῖς
1473 3183 1617 3248 ὅλοις
1664 3185 1763 3238 καὶ
1801 3187 1881 3239 ol-

1958 578 2060 631 bus
2088 580 2396 631 cumulatus
2432 576 2534 630 fuit
2558 575 2581 630 ?

2028 669 2159 723 Post
2193 684 2350 739 reges
2387 676 2694 739 sequuntur
2754 666 2879 722 belli
2936 666 3129 731 duces,
3176 672 3227 718 et
3279 670 3552 732 quotquot

1959 762 2189 818 illustria
2223 762 2598 832 praefectorum
2630 761 2950 817 militarium
2988 759 3209 814 nomina
3265 769 3313 812 et
3361 756 3550 811 munia

1960 864 2178 925 gerunt,
2217 855 2481 909 bellorum
2539 854 2968 918 administratio,
3020 853 3272 921 inquam,
3336 849 3550 904 exerci-

1962 954 2114 999 tuum
2147 946 2382 1016 catalogi
2416 956 2467 1001 et
2499 945 2744 1010 ordines,
2801 945 2954 1000 varia
3008 957 3317 1015 pugnarum
3367 951 3548 996 certa-

1966 1038 2136 1102 mina,
2175 1037 2399 1092 urbium
2442 1037 2759 1094 obsidiones
2810 1048 2867 1093 et
2930 1036 3343 1105 OCCupatiout‘s,
3377 1042 3431 1087 et
3478 1046 3542 1084 ea

1964 1146 2085 1200 qua:
2117 1131 2181 1184 ad
2244 1130 2523 1192 victorias,
2576 1131 2642 1183 ad
2692 1139 2897 1201 tropaea
2923 1138 2978 1185 et
3011 1129 3076 1183 ad
3113 1137 3362 1183 caeterum
3411 1142 3552 1193 prae.

1964 1222 2091 1278 dam
2147 1223 2442 1291 pertinent.
2497 1224 2565 1277 At
2642 1223 2789 1277 enim
2868 1221 3226 1292 praesentibus
3290 1221 3554 1289 apostoiis

1968 1317 2226 1372 nemo‘de
2276 1333 2337 1372 re
2379 1317 2575 1372 bellica
2612 1316 2773 1373 facile
2820 1332 2878 1373 se
2905 1315 3240 1386 jactaverit:
3273 1330 3380 1368 non
3406 1314 3552 1367 enim

1969 1410 2070 1463 fuit
2115 1409 2222 1464 illis
2253 1409 2458 1465 bellum
2519 1410 2588 1464 de
2618 1409 2786 1464 rebus
2838 1409 3078 1480 exiguis,
3133 1422 3311 1477 neque
3363 1414 3554 1459 contra

1970 1517 2196 1572 paucos,
2228 1518 2408 1573 neque
2442 1507 2571 1557 cunt
2600 1504 2811 1572 paucis,
2853 1516 3031 1572 neque
3065 1514 3243 1571 pauco
3289 1509 3555 1566 tempore.

1972 1598 2071 1655 sed
2140 1596 2209 1651 de
2267 1596 2566 1652 immortali
2621 1597 2889 1651 caelorum
2936 1600 3136 1665 regno,
3176 1601 3232 1648 et
3292 1594 3558 1647 adversus

1972 1704 2167 1741 omnes
2230 1687 2581 1742 tenebrarum
2636 1695 2964 1758 potestates,
3002 1698 3058 1739 et
3089 1701 3215 1739 rum
3278 1691 3378 1746 tot,
3427 1691 3559 1751 quot

1974 1781 2213 1835 mundus
2241 1780 2495 1836 homines
2523 1787 2866 1849 progenerat,
2899 1788 2953 1834 et
3003 1792 3289 1847 quousque
3330 1790 3560 1846 generao

1905 1870 1954 1932 Β
1984 1874 2057 1928 tio
2089 1874 2371 1928 hominum
2414 1874 2593 1929 durat.
2628 1872 2746 1929 Non
2777 1873 2923 1927 enim
2983 1872 3283 1928 obscurum
3314 1879 3419 1937 cst,
3462 1885 3559 1925 eos

1981 1968 2145 2022 etiam
2188 1982 2335 2023 nunc
2383 1968 2646 2024 militare.

2051 2059 2181 2116 Post
2210 2061 2312 2117 hos
2356 2062 2609 2132 sequitur
2638 2061 2820 2127 miles,
2846 2060 2988 2117 haud
3021 2059 3264 2131 ignobile
3289 2069 3345 2115 et
3395 2059 3582 2114 inlto-.

1982 2169 2178 2208 norunt
2204 2170 2401 2208 nomen
2426 2172 2439 2208 :
2475 2153 2688 2221 insigne
2710 2154 2851 2208 enim
2874 2153 3250 2224 spectaculum
3273 2160 3359 2208 est
3379 2151 3560 2206 videre
3628 2214 3643 2225 κ

1983 2257 2253 2302 armatum
2284 2247 2508 2301 militem
2531 2246 2587 2300 in
2611 2246 2795 2302 hostes
2819 2255 2966 2302 recta
2992 2245 3325 2301 tendentem.
3355 2244 3418 2299 Et
3439 2245 3560 2314 quis

1985 2342 2123 2396 hanc
2159 2340 2371 2394 laudent
2419 2340 2684 2409 apostolis
2724 2354 2827 2393 non
2858 2337 3237 2394 concesserit?
3266 2335 3385 2392 Nan
3417 2336 3562 2391 enim

1984 2432 2120 2487 alios
2153 2433 2207 2488 in
2249 2433 2453 2488 bellum
2486 2431 2772 2503 spirituale
2793 2433 3085 2495 acuebant,
3124 2429 3226 2502 ipsi
3256 2444 3384 2485 vero
3422 2428 3556 2483 otia-

1985 2527 2205 2592 bantur,
2247 2530 2340 2583 Sed
2368 2537 2422 2582 et
2454 2527 2668 2597 seipsos
2709 2526 2957 2582 hostibus
2995 2524 3349 2596 objiciebant.
3383 2521 3562 2577 Time.
3612 2524 3618 2535 ‘

1982 2619 2115 2674 bant
2138 2635 2399 2691 namque,
2434 2628 2493 2675 ut
2525 2620 2743 2688 ipsimet
2773 2627 3069 2681 testantur,
3112 2632 3180 2674 ne
3209 2618 3333 2673 aliis
3368 2617 3561 2687 praedi~

1982 2723 2172 2770 cautes
2189 2715 2316 2784 ipsi,
2334 2713 2557 2784 proprio
2574 2714 2767 2769 robore
2783 2713 2931 2778 falsi,
2945 2711 3295 2768 efﬁcerentur
3315 2711 3545 2780 improbi

1981 2807 2142 2876 Atqui
2219 2806 2393 2860 milite
2458 2806 2725 2861 illustrior
2769 2814 2878 2870 est,
2911 2806 3007 2875 qui
3058 2806 3274 2861 facinus
3314 2804 3565 2861 omnium

1981 2898 2465 2966 praeclarissimum
2530 2899 2754 2953 edidit:
2792 2913 2956 2968 quem
3022 2898 3168 2954 enim
3233 2899 3360 2968 quis
3395 2898 3563 2967 magis

1982 2991 2250 3061 inspiciat
2281 2991 2408 3057 isto,
2443 2993 2538 3063 qui
2587 2990 2908 3062 phalangem
2941 2990 3195 3046 hostilem
3240 2996 3549 3060 perrumpit

1981 3100 2213 3154 eamque
2244 3085 2296 3139 in
2321 3085 2502 3154 fugam
2522 3085 2710 3146 vertit,
2742 3085 3028 3141 victoriam
3072 3085 3308 3148 obtinet,
3334 3100 3564 3155 eamque

1984 3188 2092 3233 tam
2163 3180 2461 3240 universis,
2503 3193 2667 3248 quam
2734 3178 3104 3234 familiaribus
3165 3178 3565 3239 communicat,

291 3269 459 3332 κείοις
488 3245 620 3323 «ore;
644 3270 806 3324 τοῦτο
836 3271 1093 3338 διδόντος,
1122 3274 1219 3327 καὶ
1257 3245 1426 3345 γέρας
1452 3245 1828 3344 λαμσνάνοντος
1856 3293 1872 3345 ;

1981 3278 2204 3338 accepto
2262 3285 2491 3325 munere
2567 3269 2908 3326 honorario?
2941 3270 2999 3325 Si
3063 3271 3191 3339 quis
3233 3274 3340 3326 hoc
3382 3271 3566 3325 itidem

288 3362 350 3415 Ei
383 3363 438 3415 δὲ
488 3365 582 3417 καὶ
631 3366 789 3420 τοῦτο
820 3366 948 3428 τοὺς
993 3367 1310 3420 ἀποστόλων
1341 3367 1567 3422 καλεσει
1595 3387 1702 3436 τις,
1740 3371 1876 3442 ἀλη-

289 3452 526 3509 θέστατα
558 3456 777 3511 πάντων
809 3457 1099 3530 κεκληκὼς
1139 3458 1318 3516 ἔσται.
1357 3461 1400 3513 Τ
1404 3442 1489 3525 ἀς.
1517 3478 1581 3530 γε
1615 3463 1723 3534 μὴν
1750 3467 1874 3533 dp:-

290 3548 515 3615 στείας,
575 3550 642 3612 ἀς
696 3552 840 3604 κατὰ
890 3552 1171 3624 δαιμόνων
1218 3554 1581 3625 ἠρίστευσαν,
1616 3558 1712 3610 καὶ
1763 3559 1875 3612 τῶν

286 3637 542 3693 ἐπάθλων
575 3640 638 3693 τὺ
677 3640 904 3711 πλῆθος,
936 3642 1019 3696 ὅτι
1072 3661 1179 3716 περ
1225 3646 1587 3718 ἐκδηλότατα,
1639 3650 1735 3703 καὶ
1784 3651 1874 3704 ἅλ-

289 3731 405 3794 λοις
433 3732 510 3795 ὡς
540 3732 608 3787 ἂν
637 3738 753 3798 τοῖς
780 3735 1106 3801 ἀποστόλοις
1139 3740 1478 3809 χαρίζοιντο.
1508 3744 1750 3813 παρίημι
1779 3761 1878 3796 κα-

286 3824 565 3892 ταλέγειν.
628 3824 848 3897 Ταύτης
897 3829 998 3899 τῆς
1062 3831 1258 3899 μοίρας
1292 3836 1407 3887 »καὶ
1446 3833 1875 3904 Ὀλυμπιονίκης

287 3913 437 3983 ἆθλῳ
467 3915 803 3987 τιμώμενος,
860 3921 957 3973 καὶ
1004 3921 1056 3974 oi.
1103 3922 1399 3978 ἀπόστολοι
1455 3926 1600 3979 κατὰ
1653 3926 1875 3981 πάντων

289 4008 710 4077 ἀνταγωνιστῶν
746 4013 1179 4085 στεφανούμενοι
1205 4029 1220 4044 ο
1258 4013 1482 4087 ἔτρεχον
1515 4017 1624 4087 γάρ
1665 4017 1742 4082 ὡς
1774 4021 1873 4072 οὐκ

288 4100 522 4172 ἀδήλωςο
549 4103 856 4160 ἐπύκτευον
904 4106 981 4170 ὡς
1034 4108 1134 4160 οὐκ
1180 4108 1319 4179 ἀέρα
1375 4109 1631 4181 διακενῆς
1682 4111 1872 4166 παίον-

289 4208 402 4256 τες.
1412 4208 1419 4213 '

361 4286 620 4357 Πρώτους
674 4287 783 4342 τῶν
832 4291 964 4361 παρ’
991 4290 1188 4355 αὑταῖς
1226 4291 1456 4361 ἄγουσιν
1506 4294 1564 4347 αἱ
1601 4296 1873 4351 πολιτεῖαι

212 4392 227 4397 “
290 4378 414 4441 τοὺς
451 4381 770 4451 νομοθέτας,
805 4378 894 4437 οἷα
925 4384 990 4454 δὴ
1016 4384 1087 4438 τά
1114 4387 1369 4457 πρακτέα
1397 4388 1496 4442 καὶ
1528 4386 1607 4459 μὴ
1644 4388 1873 4454 ταύταις

291 4472 728 4544 ύφηγουμένους,
756 4478 853 4531 καὶ
886 4476 1001 4531 τίσι
1030 4478 1156 4541 τοὺς
1182 4478 1427 4550 ἀγαθούς
1456 4499 1515 4533 τε
1553 4482 1648 4535 καὶ
1680 4484 1874 4553 χρησί-

1979 3367 2203 3422 nomine
2235 3366 2516 3436 apostolos
2557 3367 2851 3439 indigitare
2874 3368 3038 3433 volet,
3090 3368 3139 3422 is
3167 3367 3565 3424 convenientis-

1980 3461 2180 3518 simum
2224 3476 2420 3516 nomen
2463 3461 2725 3529 imponet.
2764 3459 2976 3516 Exiutia
3024 3462 3171 3516 enim
3226 3463 3391 3529 facta,
3450 3479 3571 3533 quae

1980 3565 2173 3610 contra
2206 3556 2481 3610 daemones
2516 3562 2827 3623 patrarunt,
2880 3562 2938 3608 et
2988 3553 3338 3624 praemiorum
3390 3557 3574 3611 multi-

1983 3648 2255 3712 tudinem,
2282 3658 2545 3715 tanquam
2584 3662 2675 3703 res
2706 3647 3051 3709 notissimas,
3109 3654 3163 3701 et
3197 3658 3253 3701 ut
3283 3649 3404 3702 aliis
3442 3664 3571 3718 apo-

1979 3741 2136 3796 stolis
2168 3740 2358 3794 eadem
2418 3739 2808 3810 impertierint,
2848 3738 3211 3807 praetermitto
3237 3755 3570 3795 commemo-

1979 3846 2123 3887 rare.
2154 3829 2328 3902 llujus
2360 3833 2528 3888 sortis
2556 3841 2639 3888 est
2668 3846 2887 3902 quoque
2904 3829 3317 3903 Olympionices
3343 3838 3570 3903 praatm'o

1977 3922 2232 3990 all'ectus,
2291 3924 2526 3994 apostoli
2593 3940 2815 3995 quoque
2892 3938 3156 3980 coronam
3185 3930 3254 3983 ab
3309 3929 3571 3983 omnibus

1973 4017 2092 4072 Suis
2120 4017 2455 4073 adversariis
2488 4027 2881 4089 reportarunt;
2921 4006 3220 4075 currebant
3252 4021 3398 4077 enim
3457 4039 3565 4079 non
3614 4061 3619 4065 η

1978 4119 2038 4164 ut
2070 4110 2124 4164 in
2170 4111 2472 4179 incertum;
2503 4112 2840 4183 pugnabant,
2875 4125 2983 4167 non
3017 4113 3179 4183 quasi
3241 4126 3426 4170 aerem
3477 4116 3566 4171 in-

1975 4208 2197 4259 cas’sum
2231 4204 2608 4260 verberantes.
3180 4250 3191 4263 .

2045 4295 2260 4350 Printas
2280 4306 2466 4351 tenent
2486 4297 2537 4350 in
2572 4297 2736 4353 rebus
2753 4297 3572 4373 publicislegislatures.quippc

1975 4391 2068 4459 qui
2108 4388 2355 4445 facienda
2403 4400 2457 4444 et
2487 4391 2744 4462 fugienda
2784 4395 3164 4461 praescribat",
3200 4378 3569 4468 doceantque,

1977 4484 2175 4552 quibus
2209 4483 2417 4540 laureis
2455 4485 2579 4539 boni
2613 4493 2668 4540 et
2706 4486 2872 4542 utiles
2913 4488 3237 4550 decorandi.
3267 4500 3321 4543 et
3368 4493 3570 4557 quibus

292 4583 428 4633 μους
461 4570 861 4637 στεφανωτέον,
912 4574 1012 4625 καὶ
1059 4573 1188 4635 τοὺς
1223 4574 1489 4627 τάναντία
1543 4574 1750 4628 τούτων
1805 4576 1871 4646 δὴ

1979 4576 2267 4646 suppliciis
2316 4578 2399 4633 bis
2447 4578 2729 4633 contraria
2764 4578 3074 4636 factitantes
3130 4579 3401 4635 alliciendi
3435 4584 3565 4638 sint.

289 4657 603 4713 κολαστέον.
651 4659 814 4715 Ἀλλὰ
866 4662 972 4716 κᾶν
1014 4662 1127 4731 ἐγὼ
1160 4664 1234 4733 μὴ
1273 4665 1418 4734 λέγω
1444 4669 1598 4719 τουτὶ
1627 4661 1873 4736 πεφυκέ-

292 4764 377 4801 ναι
410 4750 542 4814 τοὺς
575 4751 932 4820 ἀποστόλους,
968 4755 1173 4819 πάντες
1220 4751 1320 4810 οἷδ’
1360 4760 1445 4812 ὄτι
1499 4758 1725 4828 βοήσετε
1781 4763 1877 4813 καὶ

292 4841 598 4912 προθήσετε
658 4844 757 4907 τὰς
809 4847 1106 4911 ἐπιστολάς
1136 4862 1151 4879 °
1216 4849 1313 4902 καὶ
1339 4849 1704 4919 προϐαλεῖσθε
1746 4853 1877 4915 τοὺς

292 4933 351 4986 ὲν
386 4934 581 4999 αὑταῖς
636 4937 865 5007 νόμους,
921 4938 954 5008 ἢ
1021 4940 1224 5010 μᾶλλον
1272 4940 1398 5005 ὅλας
1457 4943 1630 5006 αύτάς
1679 4945 1876 5014 νόμους

291 5021 433 5080 εἶναι
486 5028 823 5081 διατενείσοε
857 5046 872 5061 ο
904 5030 973 5083 δι’
999 5026 1075 5084 ὦν
1121 5032 1246 5102 οὐχὶ
1291 5034 1452 5102 τήνδε
1505 5034 1606 5103 τὴν
1653 5036 1874 5108 πόλινῆ

291 5122 449 5191 τήνδε
487 5123 670 5186 καλῶς
692 5122 842 5177 ἐστιν
873 5124 1169 5189 οἰκεῖσθαι,
1201 5124 1301 5196 τὴν
1322 5123 1370 5179 δ’
1404 5128 1736 5200 οἰκουμένην
1773 5133 1878 5186 πᾶ-

291 5229 394 5267 σαν
432 5214 593 5284 ὁμοῦ.

362 5308 664 5371 Δικασταῖς
710 5309 912 5363 οἰκεῖον
945 5309 1164 5382 ἑκάστῳ
1207 5311 1395 5381 νέμειν
1446 5313 1516 5367 τὰ
1554 5314 1869 5386 πρόσφορα.

289 5398 357 5450 Τί
386 5399 444 5451 δέ
469 5414 485 5467 ;
528 5400 895 5471 ’Λπροσφυεῖς
928 5402 1066 5472 πρός
1099 5420 1162 5470 γε
1194 5403 1355 5457 τοῦτο
1383 5405 1507 5469 τοὺς
1546 5407 1878 5472 ἀποστόλους

288 5491 532 5563 ἣκοντας
560 5492 708 5548 ἐστιν
747 5494 908 5562 ίδεῖν;
938 5494 1141 5548 Πολλοῦ
1174 5496 1268 5550 καὶ
1296 5496 1413 5569 δεῖς
1440 5498 1546 5552 κᾶν
1570 5500 1681 5569 γὰρ
1711 5501 1878 5555 τᾶλλα

288 5601 374 5645 τις
410 5585 595 5639 αὐτῶν
643 5588 772 5658 σιγῇ
805 5587 1166 5659 παραδράμῃ,
1203 5589 1263 5643 τό
1294 5605 1356 5658 γε
1387 5594 1595 5660 κρινεῖν
1625 5592 1721 5644 ἐπὶ
1755 5592 1881 5663 θρό-

293 5693 401 5730 νων
451 5678 552 5741 τάς
601 5678 776 5747 φυλὰς
834 5679 1051 5749 Ἰσραὴλ
1098 5681 1324 5752 ἐξαρκεῖ
1383 5682 1481 5751 τὴν
1549 5682 1878 5756 δικαστικὴν

302 5769 540 5835 ;ξουσίαν
569 5769 901 5839 σοφωτάτων
930 5770 1198 5841 δηλῶσαι.

1981 4668 2038 4725 Si
2082 4684 2185 4738 ego
2231 4668 2499 4725 atlirmem
2549 4670 2826 4738 apostolos
2879 4686 2982 4725 non
3042 4670 3213 4727 fuisse
3259 4673 3416 4736 tales,
3453 4693 3572 4727 tmt-

1981 4775 2101 4825 nes,
2137 4765 2271 4814 satis
2323 4761 2470 4821 novi.
2503 4761 2911 4825 exclamabitis,
2939 4770 2996 4817 et
3020 4761 3249 4832 prolatis
3298 4764 3566 4830 epistolis,

1980 4851 2147 4921 leges,
2184 4867 2321 4919 quas
2346 4852 2648 4917 continent,
2681 4854 3044 4921 deprometis,
3080 4855 3162 4908 vel
3208 4856 3395 4924 potius
3423 4857 3572 4924 ipsas
3632 4902 3635 4909 .

1981 4942 2220 5012 integras
2268 4942 2554 5011 epistolas,
2606 4943 2681 4997 nil
2715 4944 2860 4997 aliud
2901 4944 3007 4999 nisi
3058 4943 3208 5014 leges
3242 4960 3386 5008 esse,
3444 4961 3574 4998 con-

1982 5036 2234 5099 tendetis,
2278 5036 2479 5106 quibus
2516 5050 2623 5090 non
2680 5037 2798 5091 haec
2855 5036 2940 5092 vel
3017 5037 3105 5090 illa
3186 5038 3402 5103 civitas,
3479 5040 3572 5093 sed

1982 5127 2278 5182 universus
2312 5127 2467 5183 orbis
2518 5127 2760 5199 legitime
2795 5128 3222 5184 administratur
3274 5140 3328 5184 et
3367 5128 3575 5199 guber-

1983 5226 2169 5273 natur.

2053 5309 2353 5366 Familiare
2406 5320 2493 5367 est
2545 5311 2848 5382 judicibus,
2891 5322 2949 5367 ut
2994 5312 3296 5380 unicuique
3334 5311 3383 5365 id
3426 5311 3574 5382 quod

1980 5407 2327 5461 conducibile
2358 5418 2459 5470 est,
2498 5406 2747 5461 reddant.
2799 5404 2942 5472 Quid
2987 5405 3158 5476 ergo?
3193 5405 3331 5460 Num
3372 5409 3440 5460 ad
3476 5407 3575 5459 hoc

1983 5501 2199 5569 ineptos
2246 5498 2512 5554 accedere
2562 5498 2937 5569 iudicabimus
2991 5498 3318 5565 apostolos?
3349 5499 3413 5552 Et
3450 5499 3576 5551 lii-et

1981 5594 2107 5663 quis
2133 5594 2235 5647 alia
2267 5573 2491 5647 silentio
2522 5602 2835 5662 praetereat,
2859 5602 3103 5647 attamen
3136 5591 3282 5662 quod
3316 5592 3576 5647 sedentes

1983 5701 2149 5755 super
2203 5687 2431 5741 thrmtos
2459 5685 2763 5758 judicaturi
2810 5693 2940 5739 sunt
2978 5683 3266 5740 duodecim
3304 5684 3479 5738 tribus
3503 5684 3574 5737 ls-

1984 5776 2117 5837 rael,
2176 5776 2224 5829 id
2262 5776 2398 5829 satis
2444 5784 2527 5831 est
2572 5777 2637 5829 ad
2670 5792 2887 5840 eorum,
2929 5788 3191 5845 tanquam
3239 5775 3571 5845 sapientissi-

1988 5884 2224 5932 tuorum,
2256 5868 2604 5942 ju_diciariam
2637 5879 2967 5941 potesmzetn
3022 5870 3435 5925 declarandam.
