4066 6470
530 411 667 475 1103

1803 409 2097 469 MAXIM!
2146 402 2526 470 l’LANUDE

3668 399 3687 463 1
3707 394 3797 463 1⁵4

601 526 658 579 Si
721 524 800 578 vis
834 539 1054 593 quoque
1086 522 1347 593 legatum,
1390 524 1482 592 qui
1512 522 1740 577 dissidia
1792 531 2108 592 componat,

2287 516 2459 575 Εἴπω
2494 521 2590 573 κα.)¹
2638 516 2980 589 πρεσϐευτὴν
3022 513 3277 568 πείθοντα
3324 511 3392 566 τὰ
3440 510 3668 580 διάφορα
3706 531 3797 565 κι-

529 634 761 673 necesse
806 630 888 672 cst
928 626 987 672 ut
1054 616 1312 687 legationi
1364 615 1741 686 apostolorum
1803 615 2114 683 praecellen-

528 722 658 765 tiam
712 713 853 765 inter
891 708 1382 779 onmes-lai-giaris,
1426 726 1546 778 quae
1583 709 1754 762 Deum
1800 709 2118 762 hominibus

526 800 901 855 reconciliavit
933 817 947 866 ;
982 818 1103 854 nam
1143 801 1196 854 in
1235 802 1434 855 malum
1482 802 1866 866 ascendentes,
1908 802 2115 863 ιιι·δι·ἱ‹),

530 913 660 949 num
698 897 749 949 in
778 910 1010 966 corpore
1036 911 1102 949 an
1137 906 1291 949 extra
1324 911 1542 965 corpus,
1574 905 1631 947 ut
1661 894 1766 964 ipsi
1798 894 2118 965 loquuntur,

527 989 657 1043 inde
720 1005 907 1060 pacem
974 990 1295 1043 aﬂerebaut.

603 1166 729 1225 liazc
765 1185 887 1222 cum
924 1169 995 1221 ita
1044 1182 1163 1222 sese
1215 1168 1471 1232 habeant,
1517 1184 1742 1223 cernere
1787 1169 1933 1232 licet,
1957 1169 2119 1222 etiam

530 1276 809 1316 sumnmm
895 1260 1209 1327 pontiﬁcem
1267 1260 1409 1313 inter
1473 1261 1771 1313 honoratos
1824 1260 2121 1313 numerari.

533 1353 750 1418 Quibus
790 1367 919 1403 vero
963 1350 1314 1418 pontilicibus
1349 1353 1583 1420 apostoli
1633 1368 1739 1404 non
1784 1359 1913 1405 sunt
1953 1351 2125 1404 subli-

535 1444 795 1499 miares?
833 1445 983 1509 Quas
1064 1445 1110 1499 si
1139 1460 1325 1498 verum
1374 1444 1532 1498 fateri
1584 1446 1860 1509 volumus,
1927 1444 2125 1497 merito

533 1537 822 1607 pontiﬁces
863 1536 1179 1604 pnnlilicum
1230 1535 1555 1604 appellabis,
1593 1535 1659 1588 ad
1695 1548 1820 1588 eum
1878 1533 2124 1596 modum,

530 1643 643 1698 quo
684 1628 851 1683 callos
903 1628 1166 1680 cwlnrmn
1228 1629 1603 1680 nominamus.

621 1721 677 1775 Si
709 1721 993 1775 ductorem
1052 1736 1271 1789 quoque
1310 1722 1363 1773 in
1404 1719 1645 1773 medium
1681 1718 1991 1789 producere
2031 1733 2126 1773 vc-

533 1815 623 1878 lis,
689 1814 933 1868 invenies
988 1822 1042 1866 ct
1102 1815 1206 1866 hoc
1258 1812 1313 1866 in
1367 1813 1633 1882 apostolis
1716 1811 2126 1880 apertissimum

542 1906 784 1974 insigne.
821 1904 934 1957 Non
963 1904 1105 1957 enim
1140 1903 1193 1955 in
1239 1905 1419 1972 magni
1478 1904 1627 1959 illius
1658 1903 1900 1958 doctoris
1924 1900 2129 1956 Christi

536 1999 824 2068 disciplina
856 1998 1093 2051 instituti
1139 1998 1396 2064 fuissent,
1455 1997 1561 2051 nisi
1609 2007 1667 2051 et
1716 1998 1820 2066 ipsi
1875 1996 2172 2050 doctores-

543 2092 715 2146 l‘ntuii
750 2090 981 2145 luissem
1009 2107 1024 2155 ;
1056 2100 1109 2143 et
1138 2089 1224 2144 bis
1257 2090 1455 2143 mediis
1500 2104 1799 2159 possumus
1838 2102 1940 2142 nos
1967 2088 2130 2142 Chri-

535 2198 676 2242 stum
710 2200 909 2239 voeare
966 2186 1271 2249 doctorem,
1306 2193 1373 2237 ut.
1394 2183 1627 2252 proinde
1660 2182 2006 2253 impossibile
2060 2180 2132 2236 sit

539 2279 821 2331 Lhristnm
874 2286 929 2329 et
985 2276 1264 2329 doctorem
1305 2274 1388 2328 vel
1421 2274 1734 2338 nominare,
1770 2275 1855 2329 vel
1944 2274 2130 2327 animo

538 2371 854 2434 eliormare,
917 2367 1022 2422 nisi
1079 2366 1244 2420 simul
1295 2374 1350 2419 et
1400 2365 1682 2436 apostolos
1726 2366 2129 2435 concipiamus,

540 2461 1016 2533 quemadmodum
1059 2462 1151 2528 qui
1216 2474 1280 2511 ex
1333 2472 1503 2526 puteo
1558 2458 1716 2523 bibit,
1754 2459 1845 2514 ille
1908 2458 2130 2512 nonnisi

551 2558 953 2613 interveniente
984 2569 1112 2609 vase
1153 2555 1312 2607 bibit.

609 2650 753 2716 Quin
782 2656 839 2703 et
878 2655 1130 2702 oratores
1174 2656 1226 2699 et
1269 2654 1526 2716 pastores
1561 2656 1711 2700 recte
1743 2646 1866 2702 illos
1916 2662 2130 2701 nuncu-

536 2743 816 2814 pabimus,
865 2740 1312 2810 quandoquidem
1385 2740 1572 2793 omnia
1652 2740 1847 2795 salutis
1930 2750 2133 2794 nostra:

538 2832 904 2904 procuranda:
960 2832 1137 2903 gratia
1208 2840 1461 2901 egerunt,
1537 2832 1734 2902 partim
1766 2834 1833 2885 ad
1904 2833 2133 2887 honesta

534 2928 852 2994 excitando,
882 2928 1077 2996 partim
1138 2926 1206 2980 ab
1256 2924 1563 2980 inhoneStis
1619 2926 1949 2987 cohibendo,
2010 2943 2131 2995 par-

537 3035 631 3076 tgm
690 3035 827 3075 vero
858 3019 1076 3082 alendo,
1125 3018 1580 3087 pinguet‘acicndn
1620 3026 1674 3071 et
1748 3021 2132 3070 conserv-udo

535 3113 1034 3176 cohortationibus,
1065 3113 1268 3179 quibus
1314 3109 1497 3163 anima
1540 3119 1801 3162 nutntur.
1851 3107 1968 3163 Jani
2006 3125 2134 3161 vero

2218 612 2483 668 ταοέσΟαι
2514 628 2528 678 ;
2567 612 2772 676 λεγέτω
2808 612 3012 673 τοίνυν,
3048 608 3143 660 καὶ
3172 605 3362 659 διδότω
3387 603 3485 674 τὴν
3520 604 3792 674 ὑπεροχὴν

2219 700 2318 770 τῆς
2351 699 2461 751 τῶν
2498 699 2818 752 ἀποστόλων
2857 697 3158 768 πρεσϐείας
3201 686 3557 764 συμϐάλλειν,
3596 694 3630 764 ἢ
3665 695 3793 750 Θεὸν

2221 794 2533 862 ἀνθρώποις
2584 790 2913 860 κατήλλαξεξ
2953 791 3097 859 Πρὸς
3148 788 3257 858 γὰρ
3294 786 3524 855 οὐρανὸν
3560 787 3793 848 ἀνιόντες

2222 887 2404 954 ἀγνοῶ
2445 887 2555 937 εἴτε
2604 890 2659 937 ὲν
2712 884 2927 952 σώματι
2952 922 2966 947 ,
3004 883 3117 934 εἴτε
3165 881 3318 943 ἐκτὸς
3375 878 3468 932 τοῦ
3507 880 3751 947 σώματος
3777 915 3792 940 ,

2225 981 2346 1033 κατ’
2372 978 2618 1039 ἐκείνους
2658 979 2858 1043 εἰπεῖν,
2898 975 3107 1028 ἐκεῖθεν
3134 970 3500 1041 κατεκόμιζον
3526 969 3622 1039 τὴν
3648 970 3789 1039 είρή-

2225 1088 2347 1141 νην.

2302 1166 2513 1216 Ὄντων
2563 1162 2627 1232 δὴ
2684 1162 2893 1215 τούτων
2940 1159 3222 1223 τοιούτων,
3256 1159 3355 1210 καὶ
3390 1156 3679 1227 ἀρχιερεὺς
3714 1155 3796 1207 ἀεὶ

2226 1257 2447 1326 δήποτε,
2484 1257 2598 1317 τοῖς
2648 1257 2889 1324 ὲντίμοις
2940 1256 3304 1323 ἐγγράφεται.
3341 1252 3403 1302 Ol
3444 1250 3489 1303 δ’
3520 1248 3795 1302 ἀπόστολοι

2226 1352 2392 1403 τίνων
2426 1350 2735 1419 ἀρχιερέων
2788 1349 2888 1415 οὐχ
2940 1347 3312 1415 ὑψηλότεροι;
3366 1344 3429 1396 Εἰ
3477 1342 3530 1394 δὲ
3569 1340 3624 1393 τὸ
3674 1341 3800 1407 ἀλη-

2231 1444 2491 1512 Οέστερον
2526 1442 2790 1495 σκοποῖτό
2840 1458 2942 1504 τις,
3002 1440 3099 1491 καὶ
3145 1440 3432 1509 ἀρχιερεῖς
3474 1438 3538 1488 ἂν
3570 1434 3796 1498 εὐλόγως

2230 1538 2538 1606 ἀρχιερέων
2612 1536 2903 1600 καλοῖντο,
2976 1531 3168 1601 ὥσπερ
3226 1548 3329 1583 που
3395 1530 3490 1583 καὶ
3544 1525 3797 1597 οὐρανοὺς

2232 1626 2508 1694 ἀκούομεν
2538 1624 2811 1694 οὐρανῶν.

2303 1720 2365 1772 Εἰ
2396 1719 2453 1771 δὲ
2480 1719 2578 1771 καὶ
2612 1710 2941 1771 διδάσκαλον
2974 1717 3054 1779 είς
3098 1716 3266 1786 μέσον
3297 1714 3571 1785 παράγειν
3604 1709 3796 1781 βούλει,

2232 1816 2331 1869 καὶ
2374 1814 2536 1867 τοῦτο
2573 1813 2912 1882 σαφέστατον
2954 1813 3063 1865 τῶν
3101 1811 3418 1864 ἀποστόλων
3457 1808 3570 1862 ἐστι
3609 1804 3799 1875 γνώρι-

2236 1925 2371 1978 σμα.
2398 1908 2474 1960 Οὐ
2505 1906 2616 1977 γὰρ
2662 1906 2894 1973 ἔμελλον
2926 1905 3002 1975 τῷ
3036 1905 3260 1974 μεγάλῳ
3293 1905 3667 1971 φοιτήσαντες,
3704 1899 3796 1950 αὑ-

2231 2000 2314 2053 τοὶ
2353 1998 2426 2069 μὴ
2461 1998 2776 2051 διδάσκαλοι
2822 1997 3213 2067 χρηματίσειν.
3249 1994 3341 2047 καὶ
3372 1993 3584 2053 τούτοις
3621 1990 3799 2057 μέσοις

2232 2098 2396 2168 ἡμεῖς
2444 2095 2771 2147 διδάσκαλον
2815 2093 3013 2163 ἔχομεν
3066 2094 3159 2145 τὸν
3217 2090 3444 2159 Σωτῆρα
3494 2086 3698 2150 καλεῖν,
3728 2084 3801 2147 ὡς

2233 2192 2517 2260 ἀμήχανον
2571 2187 2630 2241 ὃν
2692 2187 2870 2239 εἰπεῖν
2926 2184 2961 2254 ἢ
3020 2181 3446 2255 ἀναμνησθῆναι
3507 2196 3569 2248 γε
3620 2177 3803 2231 τοῦτον

2230 2284 2391 2334 όποία
2423 2278 2771 2342 διδάσκαλον,
2810 2278 2876 2330 ἂν
2907 2277 2981 2347 μὴ
3020 2279 3116 2328 καὶ
3145 2274 3272 2336 τοὺς
3317 2266 3646 2331 ἀποστόλους
3678 2286 3800 2321 συν-

2232 2371 2541 2439 επινοῶμεν
2591 2369 2755 2432 εὐθύς
2781 2385 2794 2399 ’
2833 2368 3029 2437 ὥσπερ
3060 2369 3173 2429 τοῖς
3205 2365 3311 2417 ἀπὸ
3347 2364 3586 2432 φρέατος
3624 2362 3802 2413 πίνου-

2235 2483 2342 2527 σιν,
2399 2463 2499 2516 οὐκ
2557 2462 2689 2516 ἀνευ
2739 2460 2967 2528 ἀγγείου
3022 2459 3212 2527 μέσου,
3266 2455 3362 2509 τοῦ
3414 2452 3598 2515 ὓδατος
3632 2452 3802 2504 πίνειν

2233 2558 2400 2611 ἔστιν.

2305 2649 2380 2704 Τὸ
2414 2648 2472 2703 δὲ
2523 2648 2589 2717 δὴ
2642 2663 2739 2700 και
2796 2647 3027 2717 ρητορας
3060 2642 3261 2704 αὐτοὺς
3295 2640 3391 2692 καὶ
3423 2639 3681 2706 ποιμένας
3712 2651 3806 2686 κα-

2232 2742 2340 2804 λῶς
2370 2741 2514 2811 ἔχειν
2554 2737 2832 2806 λέγεσθαι,
2868 2735 2917 2789 τί
2984 2735 3050 2788 ἂν
3081 2730 3232 2787 εἶπόν
3265 2748 3383 2800 τις;
3414 2729 3447 2801 ἢ
3473 2729 3644 2783 πάντα
3676 2726 3808 2795 πρὸς

2234 2835 2512 2906 ἡμετέραν
2574 2831 2853 2901 σωτηρίαν
2905 2828 3132 2891 αὐτοὺς¹
3167 2826 3451 2898 μετιέναι,
3508 2821 3665 2875 τοῦτο
3708 2820 3804 2888 μὲν

2233 2931 2447 2996 τάγαθᾶ
2508 2929 2821 2990 πείθοντας,
2858 2926 2953 2979 καὶ
3017 2926 3130 2977 τῶν
3160 2921 3380 2992 φαύλων
3433 2919 3806 2988 ἀπείργοντας,

2234 3028 2395 3080 τοῦτο
2436 3025 2493 3077 δὲ
2521 3025 2826 3095 τρέφοντας
2861 3023 2959 3074 καὶ
3014 3019 3358 3081 πιαίνοντας,
3393 3017 3489 3070 καὶ
3518 3013 3809 3084 φυλάττον-

2235 3139 2335 3184 τας
2356 3120 2560 3187 λόγοις.
2594 3112 2676 3180 οἷς
2730 3115 2877 3186 ψυχὴ
2937 3115 3224 3186 τρέφεται.
3261 3110 3384 3163 Ἔτι
3437 3106 3618 3160 τοίνυν
3663 3102 3809 3156 οὐδὲν

537 3208 593 3263 id
638 3207 784 3277 quod
827 3206 959 3260 mihi
1015 3219 1123 3259 non
1174 3204 1336 3256 modo
1372 3218 1476 3255 non
1528 3203 1856 3265 absurdum,
1894 3202 1987 3256 sed
2034 3217 2133 3271 pu-

2240 3213 2438 3271 ᾰτοπόν
2473 3230 2564 3282 μοι
2599 3212 2771 3279 δοκεῖ,
2811 3210 3014 3277 μᾶλλον
3054 3208 3153 3277 μὲν
3184 3204 3276 3259 οὖν
3296 3203 3391 3257 καὶ
3416 3201 3643 3262 δίκαιον,
3672 3195 3813 3249 τοῦτ’

540 3305 652 3356 tius
705 3302 913 3370 justum
985 3299 1230 3359 videtur,
1300 3294 1668 3363 deproniam;
1744 3294 1995 3349 videlicet
2068 3310 2133 3349 ex

547 3391 934 3463 pulcherrimis
1012 3387 1204 3441 mundi
1274 3386 1524 3454 partibus
1575 3388 1838 3455 apOstulis
1901 3390 2137 3444 σοι-ουλε

548 3485 716 3547 necti,
754 3490 811 3536 et
860 3492 1119 3549 tanquam
1147 3470 1419 3545 primitias
1454 3477 1643 3531 olferri
1678 3480 1900 3544 debere,
1934 3497 2137 3533 conve-

543 3576 762 3630 nienter
815 3571 1031 3642 legibus
1111 3570 1565 3623 exornationinn.
1623 3566 1745 3622 Non
1813 3571 1959 3623 enim
2009 3572 2136 3639 quia

542 3668 869 3722 inanimata’
929 3671 1083 3727 sunt,
1137 3661 1258 3714 ideo
1333 3660 1734 3715 contemnenda
1814 3672 1965 3726 sunt,
2043 3661 2139 3715 sed

543 3762 676 3830 quia
711 3759 831 3813 sine
861 3756 972 3811 illis
1018 3754 1155 3809 nihil
1198 3753 1348 3809 nasci
1382 3753 1464 3807 vel
1507 3769 1800 3821 superesse
1834 3762 2034 3824 potest,
2083 3763 2140 3808 et

543 3851 692 3921 quod
742 3850 919 3919 majus
953 3859 1058 3912 est,
1111 3848 1241 3917 quia
1278 3846 1374 3901 Dei
1422 3847 1687 3902 creatoris
1720 3856 1775 3902 et
1832 3845 2139 3902 l'audatoris

544 3959 716 4017 opera
777 3955 927 4009 sunt,
974 3941 1101 4012 jure
1149 3942 1206 3995 in
1238 3942 1609 3995 admiratione
1646 3941 1940 3995 habentur.

618 4038 898 4106 Principio
927 4035 1170 4090 occurrit
1206 4035 1405 4089 caelum
1432 4035 1863 4103 pulcherrimum
1891 4043 1942 4088 et
1966 4033 2139 4088 maxi-

544 4146 694 4186 mum
748 4130 995 4183 omnium
1050 4142 1370 4196 corporum,
1425 4127 1700 4181 sideribus
1755 4141 1856 4182 ceu
1911 4126 2141 4181 ﬂoribus

544 4223 846 4293 depictum,
895 4230 1045 4275 motu
1068 4235 1172 4273 suo
1199 4218 1317 4273 dies
1341 4225 1395 4273 et
1426 4227 1616 4273 noctes
1642 4218 1907 4274 elliciens.
1927 4217 1990 4274 Si
2017 4219 2142 4288 quis

550 4316 829 4389 apostolos
853 4330 1075 4385 quoque
1101 4314 1272 4368 caelos
1296 4325 1351 4369 et
1386 4314 1556 4369 cados
1587 4315 1819 4384 gloriam
1851 4316 1942 4370 Dei
1974 4330 2143 4369 enar-

548 4420 740 4464 rantes
809 4414 990 4471 vocet,
1048 4407 1196 4459 hunc
1227 4420 1330 4475 ego
1416 4421 1523 4459 non
1560 4405 1751 4474 procul
1817 4421 1845 4456 a
1885 4404 2141 4460 Davidica

548 4504 763 4559 cithara
795 4501 863 4534 ⁸⁵⁸
909 4499 1186 4555 ablusisse
1215 4499 1417 4553 dicam.
1457 4496 1651 4552 Nonne
1681 4506 1734 4550 et
1779 4496 1881 4566 ipsi
1918 4499 2142 4553 maximi

2243 3306 2354 3374 ἐγὼ
2396 3306 2544 3372 λέγω
2571 3320 2584 3336 ο
2624 3304 2730 3357 κᾶν
2760 3304 2867 3357 τῶν
2918 3302 2977 3354 ἐν
3020 3301 3212 3368 κόσμῳ
3243 3295 3545 3351 καλλίστων
3598 3289 3813 3361 μερῶν»

2242 3396 2429 3463 ὥσπερ
2460 3396 2716 3465 ἀπαρχὰς
2761 3392 3042 3447 ἀναθεῖναι
3074 3392 3188 3453 τοῖς
3214 3387 3529 3448 ἀποστόλοις
3564 3383 3815 3453 φέροντα,

2241 3490 2387 3555 λέγω
2412 3490 2470 3541 δὲ
2507 3489 2732 3551 τούτους
2765 3486 3023 3550 ἐκείνοις,
3049 3484 3224 3551 ὅσπερ
3254 3481 3494 3533 ἐπαίνων
3520 3479 3700 3544 νόμος,
3736 3472 3814 3525 εἰ·

2243 3582 2480 3646 κὰζοντα
2536 3582 2661 3643 τοὺς
2713 3579 2977 3640 ἐπαίνους
3040 3575 3331 3645 συνείρειν.
3388 3573 3463 3626 Οὐ
3513 3570 3619 3640 γάρ
3647 3569 3817 3652 {mea

2242 3677 2423 3747 ἄψυχα
2480 3675 2631 3727 τοῦδε
2682 3675 2843 3744 χάριν
2880 3670 3207 3743 περιοπτέα,
3239 3667 3357 3720 ἀλλ’
3388 3667 3470 3719 ὅτι
3500 3664 3699 3715 τούτων
3729 3661 3821 3711 ὲκ-

2241 3772 2332 3833 τὸς
2384 3771 2481 3839 οὐχ
2541 3764 2652 3821 οἷόν
2702 3786 2758 3820 τε
2811 3763 3216 3834 διαγίγνεσθαι,
3253 3760 3350 3814 καὶ
3394 3760 3452 3812 τὸ
3494 3758 3698 3827 μεῖζον,
3737 3753 3821 3805 ὃει

2243 3864 2378 3917 Θεοῦ
2406 3863 2672 3933 τετύχηκε
2702 3862 2930 3930 ποιητοῦ
2958 3875 3024 3914 ’τε
3048 3862 3142 3915 καὶ
3172 3857 3479 3921 ἐπαινέτου,
3506 3854 3726 3916 εἰκότως
3757 3851 3818 3921 δὴ

2245 3952 2637 4021 θαυμαζέσθω.

2322 4043 2569 4114 Οὐρανὸς
2608 4043 2673 4111 δὴ
2703 4040 2924 4112 πρῶτον
2959 4039 3250 4103 κάλλιστός
3280 4055 3340 4092 τε
3371 4038 3508 4108 ὁμοῦ
3540 4038 3631 4089 καὶ
3670 4036 3855 4104 μέγιοι

2247 4152 2373 4197 στος
2407 4135 2686 4204 σωμάτων
2736 4133 3001 4186 ἁπάντων
3032 4132 3300 4203 ἄστροισιν
3338 4133 3409 4194 ὡς
3440 4130 3623 4183 ἄνθεσι
3659 4144 3825 4179 κατα-

2246 4227 2656 4298 γεγραμμένος,
2690 4225 2903 4295 ἡμέρας
2933 4240 2994 4274 τε
3044 4223 3139 4276 καὶ
3184 4223 3384 4285 νύκτας
3438 4221 3513 4291 τῷ
3560 4218 3825 4273 κινεῖσθαι

2248 4322 2439 4374 ποιῶν.
2473 4321 2572 4383 Ὃς
2600 4317 2659 4370 δὲ
2696 4318 2790 4370 καὶ
2825 4317 2950 4380 τοὺς
2983 4315 3317 4376 ἀποστόλους
3349 4315 3609 4383 οὐρανοὺς
3653 4312 3822 4374 λέγει,

2245 4413 2345 4465 καὶ
2401 4412 2670 4480 οὐρανοὶς
2705 4408 2867 4475 δόξαν
2919 4408 3319 4478 διηγουμένους
3357 4406 3515 4471 Θεοῦ,
3547 4403 3734 4457 τοῦτον
3764 4403 3824 4455 οὗ

2248 4506 2442 4575 πόρρω
2481 4505 2581 4573 τῆς
2613 4500 2906 4570 Δαυιδικῆς
2948 4500 3060 4569 ἐγὼ
3098 4499 3317 4570 τίθεμαι
3348 4500 3591 4568 χάριτος.
3614 4491 3691 4548 Ἦ
3719 4496 3829 4578 γὰρ

548 4605 681 4652 sunt
716 4594 988 4658 onmium,
1020 4594 1113 4664 qui
1171 4592 1255 4646 rel
1292 4592 1396 4647 sub
1438 4591 1581 4660 lege,
1630 4592 1713 4645 vel
1763 4602 1890 4645 ante
1939 4593 2134 4663 legem,

2245 4597 2367 4667 οὐχί⁵
2389 4597 2486 4649 καὶ
2508 4589 2656 4649 οὗτοι
2692 4594 2942 4664 μέγιστοι
2966 4596 3190 4648 πάντων
3218 4594 3327 4645 τῶν
3359 4595 3416 4644 ὲν
3439 4592 3589 4661 νόμῳ
3616 4608 3698 4651 τε,
3727 4605 3828 4641 και

547 4689 633 4742 vel
662 4701 829 4745 ,nunc
868 4697 1113 4755 tempore
1149 4684 1362 4755 gratiae,
1395 4683 1616 4753 pietatis
1669 4694 1724 4736 et
1777 4682 1995 4738 virtutis
2044 4700 2141 4737 no-

550 4783 699 4835 mine
740 4778 1003 4833 celebrati
1038 4777 1213 4832 sunt?
1242 4772 1441 4830 Nonne
1473 4786 1530 4829 et
1584 4774 1881 4830 virtutibus
1914 4785 1970 4832 et
2003 4776 2141 4830 mul-

551 4874 789 4927 titudine
814 4872 1119 4926 caelestium
1153 4869 1424 4923 donorum
1478 4868 1619 4922 cmlo
1655 4867 2059 4937 splendidiores
2087 4878 2142 4924 et

550 4967 839 5019 nitidiores
872 4963 1190 5018 exsistunt?
1220 4963 1415 5017 Nonne
1451 4962 1554 5017 hoc
1580 4978 1694 5034 prae
1747 4964 1889 5017 caelo
1917 4963 2139 5029 habent,

548 5058 691 5129 quod
727 5058 902 5111 solum
931 5056 1075 5109 diem
1117 5055 1401 5111 cilicium?

630 5142 857 5211 \‘erum,
921 5147 1014 5215 qui
1071 5147 1198 5201 cmli
1248 5151 1583 5203 mentionem
1662 5149 1813 5215 facit,
1841 5149 1892 5201 ei
1951 5148 2140 5203 statim

518 5248 635 5308 ,sol
669 5246 722 5298 in
777 5253 1018 5298 mentem
1054 5244 1225 5309 venit,
1264 5258 1427 5313 quem
1466 5241 1633 5296 David
1692 5244 1893 5311 saepius
1929 5243 2055 5298 cmli
2085 5250 2142 5296 et

550 5337 659 5391 diei
702 5333 923 5391 oculum
972 5332 1230 5401 appellat,
1293 5331 1663 5401 pulcherrima
1717 5339 1867 5385 certe
1923 5332 2145 5386 univer-

551 5425 731 5481 sitatis
788 5424 955 5494 hujus
992 5438 1120 5493 pars
1172 5432 1278 5487 est,
1312 5423 1651 5479 animalibus
1698 5433 1751 5479 et
1782 5424 1984 5492 plantis
2011 5439 2141 5494 pro-

550 5514 807 5570 creandis
836 5515 1135 5569 destiuata.
1174 5512 1274 5569 llic
1311 5530 1551 5584 quoque,
1585 5516 1632 5569 si
1673 5515 1959 5570 attendere
1985 5516 2140 5580 velis,

552 5609 762 5664 videbis
798 5608 1201 5678 pulcherrimos
1226 5608 1371 5663 soles
1396 5610 1695 5678 apostolos,
1722 5610 1793 5663 ab
1842 5610 2055 5665 oriente
2087 5611 2140 5664 in

551 5715 809 5755 occasum
864 5707 1175 5766 currentes,
1200 5710 1254 5755 et
1284 5701 1397 5755 illic
1428 5717 1649 5756 cursum
1709 5703 1967 5757 sistentes
2002 5719 2015 5756 :
2045 5703 2140 5772 qui

626 5874 697 5911 ⁸³
718 5879 863 5937 Psal.
893 5896 1051 5943 mu.
1086 5880 1137 5935 l.

2247 4690 2355 4758 πρὸ
2394 4688 2585 4756 νόμου,
2612 4688 2708 4742 καὶ
2726 4687 2866 4739 κατά
2908 4687 3008 4756 τὴν
3040 4688 3201 4757 χάριν
3232 4685 3320 4737 ἐπ’
3348 4683 3602 4753 εὐσεϐείᾳ
3658 4698 3831 4750 κηρυ-

2249 4780 2489 4850 χθέντων
2549 4779 2647 4830 καὶ
2716 4780 2935 4848 ἀρετῇς
2980 4778 3103 4848 οὐχὶ
3153 4781 3275 4839 ταῖς
3325 4777 3569 4845 ἀρεταῖς,
3607 4776 3696 4827 καὶ
3752 4771 3831 4840 τῷ

2248 4872 2447 4942 πλήθει
2473 4871 2581 4924 τῶν
2611 4872 2993 4940 χαρισμάτων,
3015 4872 3109 4925 καὶ
3139 4868 3375 4942 οὐρανοῦ
3406 4868 3744 4938 φαιδρότεροί
3769 4883 3833 4919 τε

2248 4969 2345 5019 καὶ
2377 4964 2861 5043 ὲκπρεπέστεροις
2910 4965 3033 5034 οὐχὶ
3063 4962 3225 5016 τοῦτο
3277 4964 3372 5016 καὶ
3407 4963 3571 5015 πλέον
3618 4961 3837 5031 ἔχουσιν

2251 5057 2513 5127 ούρανοῦ,
2543 5056 2604 5108 τὸ
2665 5056 2833 5126 μόνην
2877 5057 3095 5125 ἡμέραν
3131 5056 3330 5108 εἰδέναι
3362 5057 3578 5120 ποιεῖν;

2333 5148 2501 5202 Ἀλλὰ
2532 5147 2611 5217 τῷ
2645 5164 2708 5215 γε
2744 5147 3039 5217 μνησθέντι
3079 5147 3173 5200 τού
3206 5145 3435 5217 οὐρανοῦ
3468 5147 3561 5199 καὶ
3584 5144 3729 5216 ἧλιος
3756 5145 3842 5205 εἰς

2249 5243 2376 5297 νοῦν
2417 5241 2577 5305 εὐθὺς
2614 5241 2762 5310 ἥκει.
2790 5241 2901 5295 Καὶ
2954 5240 3064 5309 γὰρ
3108 5240 3204 5293 καὶ
3244 5241 3323 5310 τῷ
3355 5239 3520 5291 Δα6“ιδ
3560 5236 3836 5305 πολλαχοῦ

2252 5336 2348 5391 καὶ
2381 5334 2591 5389 δέδοται
2614 5333 2708 5386 τὸν
2731 5333 2889 5403 ἥλιον
2920 5329 3153 5401 οὐρανοῦ
3181 5335 3277 5385 καὶ
3308 5332 3523 5402 ἡμέρας
3557 5330 3846 5397 deﬂui-1.9.»;

2253 5428 2459 5497 λέγειν,
2490 5427 2783 5481 κάλλιστον
2833 5425 2942 5477 τῶν
2977 5428 3055 5477 .ὲν
3097 5425 3287 5494 κόσμῳ
3325 5422 3543 5493 μερῶν,
3577 5423 3669 5473 καὶ
3701 5418 3850 5480 ζωο-

2253 5521 2411 5588 γόνον
2461 5522 2555 5573 καὶ
2592 5518 2935 5588 φυτηκόμον.
2981 5517 3240 5589 Ἐντεύξῃ
3291 5516 3348 5569 δὲ
3400 5517 3497 5569 καὶ
3539 5514 3649 5576 τοῖς
3700 5514 3854 5563 ἀπο-

2259 5614 2500 5675 στόλοις,
2557 5612 2607 5664 εἰ
2679 5609 2756 5680 μὴ
2816 5608 2950 5679 παρ’
3003 5609 3157 5661 οὐδέν
3221 5625 3303 5661 σοι
3357 5606 3530 5658 ταῦτα
3581 5603 3849 5663 σκοπεῖν,

2255 5707 2425 5775 ήλίοις
2459 5705 2643 5761 ἄλλοις
2679 5701 3017 5769 καλλίστοις,
3047 5698 3144 5754 ἀπ’
3168 5700 3448 5754 ἀνατολῶν
3482 5697 3571 5750 ἐπὶ
3599 5695 3856 5761 ἑσπέραν
