4066 6474
328 411 465 471 1105

1330 408 1741 467 ENCOMlUM
1786 409 1893 470 SS.
1933 411 2179 472 PETRI
2218 414 2313 473 ET
2342 416 2595 485 PAULI.

3450 423 3588 488 1106

323 526 613 594 δραμοῦσι,
651 524 744 577 καὶ
778 523 867 577 τὸν
892 523 1096 595 δρόμον
1150 524 1268 577 ἐκεῖ
1318 525 1551 594 στήσασι
1599 523 1759 577 τοῦτο
1800 516 1894 572 τοῦ

2005 520 2061 576 in
2114 526 2226 582 line
2263 531 2425 586 etiam
2490 535 2940 605 eoeloprmstant,
3001 539 3147 608 quod
3218 553 3396 608 neque
3466 549 3588 606 post

320 618 463 670 κατὰ
490 616 579 668 τὸν
605 616 835 686 οὐρανὸν
870 614 1154 670 κάνταῦθα
1190 614 1632 677 πλεονεκτοῦσιν,
1661 614 1743 667 ὅτι
1784 631 1891 681 μη-

321 711 379 763 δέ
435 710 622 771 δύντες
678 711 895 777 ἔδυσαν,
932 709 1049 763 ἀλλ’
1102 708 1178 773 ὡς
1218 708 1349 779 πρὶν
1387 706 1575 774 δῦναι,
1616 710 1711 762 καὶ
1758 708 1895 778 μετὰ

322 804 481 857 τοῦτο
514 802 832 871 φωτίζουσι.

397 898 686 964 Δεδόσθω,
754 899 851 951 καὶ
896 898 1142 967 ,νεφέλας
1197 896 1423 961 τούτους
1468 898 1664 949 εἰπεῖν.
1709 896 1898 948 Ὑετὸν

324 991 459 1059 γοῦν
501 991 753 1062 πρώιμόν
800 1008 861 1044 τε
915 992 1010 1046 καὶ
1049 991 1247 1062 ὄψιμον
1294 990 1470 1055 ὕουσι,
1507 990 1541 1043 ἃ
1587 1006 1644 1042 τε
1687 988 1763 1059 τῷ
1797 988 1897 1058 βίῳ

326 1084 610 1153 περιόντες
637 1082 904 1150 ἐδίδαξαν,
940 1083 1037 1137 καὶ
1069 1083 1104 1139 ἃ
1132 1082 1228 1136 νῦν
1257 1100 1315 1136 τε
1348 1085 1442 1135 καὶ
1479 1081 1641 1152 μέχρι
1670 1081 1895 1143 παντός.

337 1178 428 1243 Ἓξ
460 1171 535 1233 ὧν
564 1179 617 1231 τί
642 1178 854 1245 γίνεται
885 1195 901 1246 ;
941 1177 1240 1231 Βλαστάνει
1280 1179 1378 1231 σὺν
1415 1179 1527 1239 τοῖς
1564 1177 1747 1246 ὀρθοῖς
1776 1176 1900 1242 δόγ-

330 1285 497 1334 μασιν
530 1271 587 1321 ἐν
634 1270 766 1339 ήμίν
803 1271 972 1338 ἀρετὴ
1023 1271 1116 1322 καὶ
1163 1269 1506 1340 ἀρδευομένη
1537 1269 1779 1322 ἐπίδοσιν
1812 1269 1897 1324 δέ-

327 1379 501 1431 χεται,
532 1361 689 1416 Οῦτω
717 1362 829 1416 πᾶν
851 1363 880 1416 ὃ
904 1380 955 1415 τι
988 1363 1169 1430 τίμιον
1192 1362 1476 1430 λεγόμενοι
1511 1361 1560 1414 οἱ
1584 1360 1892 1424 ἀπόστολοι,

329 1456 410 1506 ἔτι
456 1456 722 1525 μειζόνων
766 1456 861 1509 καὶ
916 1454 1217 1508 καλλιόνων
1273 1455 1594 1520 ἐφίστανται
1642 1456 1892 1523 πράκτο-

332 1565 423 1616 ρες
473 1548 779 1618 ὀνομάτων,
815 1549 911 1603 ἆτε
959 1547 1070 1599 τῶν
1120 1549 1432 1617 είρημὲνων
1479 1548 1735 1600 ἀπάντων
1765 1546 1896 1600 εἴσω

328 1641 657 1695 πιπτόντων.
692 1640 758 1694 Τί
795 1637 925 1707 οῦν;
961 1642 1268 1712 ὑπερϐῆναι
1298 1642 1480 1711 δεήσει
1508 1641 1599 1694 τὸν
1629 1642 1893 1710 οὐρανόν;

327 1735 445 1785 ἐκεῖ
480 1735 588 1802 γάρ
631 1734 696 1787 τὰ
746 1733 919 1798 μείζω
963 1736 1059 1786 καὶ
1100 1736 1335 1803 κρείττω
1371 1733 1480 1787 τῶν
1518 1732 1753 1786 ἐνταῦθα
1783 1734 1901 1786 ὀνό-

2010 635 2265 677 occasum
2308 627 2699 689 occubuerunt.
2736 631 2832 685 sed
2853 641 2920 685 ἰιι
2960 642 3084 687 ante
3116 647 3394 699 occasum,
3429 633 3508 688 sic
3533 641 3587 686 et

2005 724 2149 782 post,
2182 715 2362 772 lucent
2398 733 2461 772 ac
2508 720 2836 778 illuminant.

2081 894 2482 965 Concedamus,
2520 904 2798 970 apostolos
2841 905 3010 959 nubes
3039 922 3258 977 quoque
3297 908 3580 976 appellari.

2008 987 2251 1044 Pluviam
2296 992 2464 1059 igitur
2497 996 2821 1050 matutinam
2865 1006 2919 1052 et
2968 999 3269 1053 serotinam
3330 1000 3585 1065 snppeiIF-

2007 1086 2161 1146 tant;
2221 1095 2417 1151 nempe
2463 1098 2548 1148 ca,
2581 1101 2703 1154 quae
2732 1087 2785 1140 in
2819 1086 2922 1142 hac
2957 1090 3086 1153 vita,
3123 1097 3177 1143 et
3209 1104 3355 1143 nunc
3391 1089 3578 1141 itidem

2006 1168 2379 1226 indesinenter
2401 1174 2705 1230 docuerunt
2743 1186 2797 1231 et
2829 1177 3045 1234 docent.
3087 1181 3162 1234 Ex
3196 1180 3396 1247 quibus
3450 1181 3579 1245 quid

2006 1263 2301 1318 nascitur?
2329 1263 2613 1321 Germinat
2649 1270 2702 1321 in
2733 1269 2896 1323 nobis
2932 1286 3055 1323 cum
3120 1272 3287 1325 rectis
3318 1271 3584 1339 dogmati-

2007 1356 2108 1412 bus
2137 1358 2339 1421 virtus,
2371 1363 2655 1431 rigataque
2686 1361 3082 1417 incrementum
3126 1365 3290 1432 capit.
3333 1365 3412 1419 lla
3451 1381 3575 1416 ‹-ιιιιι
3646 1406 3667 1432 ε

2006 1451 2216 1513 omnia,
2260 1467 2381 1518 quae
2412 1453 2465 1506 in
2502 1455 2678 1522 pretio
2711 1466 2762 1509 et
2806 1454 3015 1510 honore
3066 1465 3214 1517 sunt,
3246 1457 3314 1510 de
3363 1465 3584 1524 aposto-
3646 1512 3649 1519 λ

2004 1542 2074 1597 lis
2115 1543 2344 1610 dixeris,
2377 1544 2477 1615 ipsi
2519 1547 2642 1614 jure
2689 1563 2789 1603 suo
2831 1549 3033 1619 majora
3083 1563 3300 1618 semper
3361 1550 3583 1601 nomina
3644 1556 3657 1588 ‘-

2006 1643 2059 1688 et
2086 1637 2333 1689 encnmia
2366 1639 2609 1707 exigunt,
2644 1648 2704 1693 ut
2750 1656 2974 1695 necesse
3007 1642 3078 1696 sit
3111 1640 3295 1694 omnia
3331 1642 3584 1709 praedi-ita
3662 1696 3667 1699 ,

2007 1742 2182 1782 ruere.
2213 1728 2349 1795 Quid
2375 1731 2579 1800 igitur?
2604 1730 2743 1786 Num
2771 1733 2966 1788 malum
3003 1733 3391 1787 transcendere.
3425 1748 3584 1802 opor-
3658 1747 3662 1751 “

326 1845 495 1895 ματα.
538 1826 900 1895 Λεγέσθωσαν
927 1828 1106 1880 τοίνυν
1148 1829 1242 1880 καὶ
1272 1827 1498 1895 ἄγγελοι
1545 1829 1643 1881 καὶ
1683 1828 1894 1897 ἀρχάγ-

2008 1818 2186 1872 tebit?
2226 1820 2295 1875 ibi
2380 1822 2525 1876 enim
2590 1822 2799 1891 majora
2851 1832 2906 1877 et
2952 1824 3180 1877 meliora
3227 1823 3584 1877 inveniuntur

323 1919 493 1985 γελοι,
531 1921 627 1972 καὶ
657 1920 823 1989 μέχρι
853 1920 962 1974 τῶν
995 1919 1230 1989 πρώτων
1274 1918 1473 1986 ἐφεξῆς
1509 1920 1771 1983 ἀνιόντες,
1800 1920 1897 1973 καὶ

322 2011 478 2072 τέλος
537 2009 566 2062 δ
612 2010 714 2079 τῆς
764 2012 1068 2081 ἀκρότητος
1102 2011 1344 2078 πάντων,
1380 2010 1514 2072 θεοὶ,
1546 2010 1763 2063 πάντων
1802 2012 1899 2080 μὲν

326 2103 570 2170 ὑστάτῳ,
603 2103 849 2172 μεγίστῳ
880 2104 934 2156 δὲ
964 2103 1180 2156 πάντων
1212 2104 1425 2172 ἀπείρῳ
1464 2102 1540 2172 τῷ
1581 2105 1750 2172 μέσῳ.
1786 2103 1899 2155 Νῦν

325 2184 445 2240 οἶδα
492 2188 827 2257 τιμηθέντας
860 2192 985 2252 τοὺς
1030 2193 1381 2257 ἀποστόλους,
1417 2193 1511 2244 καὶ
1544 2193 1897 2244 ἐπαναπαύο-

328 2297 426 2347 μαι
479 2280 555 2349 τῷ
600 2283 974 2353 προσρήματι.
1044 2284 1370 2353 Ἀποχρῶσα
1434 2285 1493 2335 δὲ
1551 2286 1828 2349 κάκείνοις
1862 2288 1895 2356 ή

325 2373 540 2441 κλῆσις,
578 2375 674 2426 καὶ
721 2374 999 2428 ούκιέστιν
1111 2377 1431 2446 προσέξουσι
1471 2378 1705 2447 μείζονι.
1741 2379 1899 2432 Οῦτω

323 2467 437 2526 τοῖς
467 2466 813 2518 καθέκαστον
845 2468 893 2520 ot
925 2448 1217 2522 ἀπόστολοι
1271 2470 1579 2540 θαυμαστοί
1600 2485 1616 2504 ο
1658 2471 1794 2542 ὁμοῦ
1840 2472 1896 2525 δέ

323 2556 458 2609 πᾶσι
486 2558 583 2609 καὶ
614 2556 1094 2627 ὑπερθαύμαστοι.

404 2826 613 2882 Ἐδόκει
652 2845 743 2901 μοι
797 2831 976 2903 πέρας
1021 2833 1289 2887 ἐπιθεῖναι
1323 2833 1401 2904 τῷ
1450 2833 1617 2904 λόγῳ.
1658 2834 1730 2887 Οὐ
1792 2833 1897 2905 μὴν

319 2918 494 2983 οὕτως
518 2922 737 2986 ἀτόπως
776 2924 885 2994 ἔχω
911 2966 925 2991 ,
967 2922 1109 2978 ὥστε
1165 2926 1238 2997 μὴ
1289 2932 1383 2978 καὶ
1441 2926 1504 2978 ἐκ
1553 2926 1653 2994 τῆς
1688 2927 1894 2995 Πέτρου

318 3012 529 3077 ἁλείας,
580 3008 691 3069 οἷον
734 3016 1046 3070 ἐπίδειπνον
1089 3016 1309 3087 ἥδυσμά
1344 3033 1398 3071 τι
1432 3016 1740 3086 προθεῖναι,
1784 3018 1895 3077 τοῖς

319 3105 417 3156 καὶ
469 3105 646 3158 ὁτιοῦν
694 3106 803 3160 τῶν
856 3110 1064 3161 ἐκείνου
1119 3110 1247 3178 περὶ
1299 3107 1496 3161 πολλοῦ
1548 3108 1896 3177 ποιουμένοις

2004 1911 2242 1971 nomina.
2285 1926 2448 1979 quam
2485 1913 2626 1982 apud
2663 1930 2783 1970 nos.
2822 1916 3178 1986 Appellentur
3224 1931 3355 1983 ergo
3404 1916 3580 1981 angeli

2001 2009 2057 2053 et
2091 2002 2402 2073 archangeli
2443 2022 2456 2059 :
2498 2014 2548 2060 et
2578 2005 2768 2060 ordine
2811 2023 2983 2077 usque
3035 2007 3099 2060 ad
3138 2007 3345 2075 primos
3387 2022 3580 2060 ascen-

2002 2096 2196 2150 damus
2234 2113 2248 2164 ;
2280 2107 2329 2152 et
2358 2100 2501 2166 quod
2538 2102 2716 2155 omnis
2748 2101 3096 2157 celsitudinis
3148 2115 3465 2169 supremum
3497 2110 3581 2152 ιεμι
3671 2135 3678 2142 -

2002 2188 2074 2241 dii
2108 2195 2397 2255 vocentur,
2447 2191 2593 2260 quod
2624 2193 2867 2245 omnium
2917 2192 3171 2246 ultimum
3226 2191 3577 2251 vocabulum,

2003 2281 2230 2336 inlinitis
2270 2295 2448 2337 autem
2502 2286 2746 2354 partibus
2775 2286 3020 2340 omnium
3071 2286 3391 2340 maximum.
3425 2283 3582 2339 Nunc

2002 2376 2116 2430 seio
2154 2375 2455 2430 honoratos
2498 2378 2860 2448 laudatusque
2908 2393 3031 2434 esse
3084 2378 3386 2446 apostolos.
3438 2385 3493 2431 et
3524 2378 3579 2431 in

2005 2468 2107 2522 hac
2139 2468 2506 2539 appellatione
2537 2470 2831 2539 acquiesco
2867 2489 2881 2527 :
2916 2471 3042 2540 quia
3104 2470 3327 2535 sntiicit,
3365 2484 3467 2524 nec
3497 2479 3583 2524 est

2002 2562 2145 2630 quod
2175 2562 2460 2617 celsiorem
2505 2579 2840 2635 qumramus.
2876 2563 2968 2618 Sic
2991 2564 3045 2617 in
3077 2564 3310 2632 singulis
3337 2564 3581 2618 admira-

2001 2652 2138 2707 biles
2180 2663 2307 2707 sunt
2338 2655 2595 2723 apostoli,
2652 2655 2709 2709 in
2743 2656 2996 2711 omnibus
3027 2665 3208 2711 autem
3257 2654 3423 2711 simul
3456 2655 3579 2726 plus

2000 2757 2165 2812 quam
2218 2744 2586 2801 admirabiles.

2074 2833 2335 2890 Volebam
2363 2839 2598 2893 orationi
2630 2839 2792 2915 tinem
2825 2840 3127 2909 imponere.
3168 2837 3439 2893 Caeterum
3466 2852 3578 2893 non

2001 2927 2138 2981 adeo
2195 2928 2435 2985 absonus
2487 2945 2631 2995 sum,
2664 2940 2725 2986 ut
2771 2947 2834 2987 ex
2893 2930 3196 3001 piscatione
3244 2930 3394 2984 Petri
3443 2930 3581 2983 nihil

2000 3019 2354 3075 bellariorum
2430 3036 2699 3091 apponam
2751 3023 2881 3085 illis,
2926 3024 3021 3093 qui
3082 3021 3288 3091 alioqui
3342 3036 3581 3090 ea,qa:e

2001 3110 2222 3166 Petrum
2262 3124 2626 3179 concernunt,
2685 3116 2738 3169 in
2772 3115 2989 3169 deliciis
3016 3115 3220 3188 habere
3273 3129 3581 3168 consueve-

318 3199 553 3268 τρυφᾷν.
587 3198 697 3252 Καὶ
731 3199 879 3270 δεῦρ’
910 3199 990 3252 ῐτε
1034 3199 1097 3271 δή
1132 3217 1222 3270 μοι
1266 3202 1416 3270 παρὰ
1448 3200 1547 3269 τὴν
1575 3200 1773 3269 λίμνην
1801 3200 1894 3251 Τι-

2003 3213 2151 3259 runt.
2212 3204 2410 3259 Adeste
2442 3220 2655 3261 mecum
2690 3206 2761 3259 ad
2794 3220 2949 3260 mare
2982 3204 3291 3260 Tiberiadis
3341 3214 3393 3257 et
3425 3203 3581 3267 vide-

318 3289 586 3360 ϐεριάδος,
613 3291 709 3346 καὶ
744 3292 906 3362 ὁρᾶτε
940 3292 1139 3362 Πέτρον
1190 3293 1287 3344 σὺν
1318 3293 1525 3362 ἑτέροις
1558 3292 1668 3344 τῶν
1710 3294 1893 3362 μαθη-

318 3384 429 3436 τῶν
480 3383 1012 3454 διανυκτερεύσαντα
1053 3386 1151 3453 μὲν
1208 3387 1273 3454 τῇ
1308 3386 1518 3456 παλαιᾷ
1560 3386 1746 3457 τέχνῃ,
1781 3402 1890 3454 μη-

317 3476 406 3531 δὲν
449 3477 506 3530 δέ
535 3477 700 3531 πλέον
742 3480 823 3540 είς
859 3474 1073 3547 πρωῖαν
1101 3476 1248 3547 αὐτῷ
1274 3478 1497 3545 γεγονός
1518 3494 1533 3509 ·
1583 3478 1892 3548 τηνικαῦτα

316 3568 371 3620 δὲ
404 3569 497 3620 καὶ
522 3568 613 3622 τὸν
648 3567 854 3639 Ἰησοῦν
884 3569 1023 3637 μετά
1047 3570 1147 3637 τὴν
1178 3570 1499 3632 ἀνάστασιν,
1526 3571 1620 3623 ἐπὶ⁸
1648 3570 1742 3623 τοῦ
1779 3569 1895 3640 χεί-

311 3662 442 3723 λους
499 3648 599 3733 τῆς
646 3661 846 3734 λίμνης
888 3663 1178 3732 ἱστάμενον
1206 3703 1220 3727 ,
1273 3665 1367 3715 καὶ
1414 3664 1644 3733 μηδενὸς
1686 3664 1891 3728 εἰδότος

313 3760 487 3828 ὅσπερ
541 3757 670 3810 ποτὲ
720 3757 749 3809 ό
800 3757 1152 3825 φαινόμενος,
1196 3755 1252 3808 εἴ
1295 3757 1348 3810 τί
1398 3774 1501 3809 που
1543 3756 1674 3827 ὄψον
1714 3757 1891 3827 ἔχοιεν

314 3849 642 3921 ἐρωτῶντα,
687 3849 958 3902 κάκείνων
1009 3846 1175 3918 μηδὲν
1210 3847 1357 3916 ἔχειν
1396 3848 1677 3916 φαμένων,
1733 3848 1892 3911 αῦθις

314 3948 391 4008 είς
429 3945 500 3998 τὰ
528 3943 678 4009 δεξιά
708 3943 802 3996 τοῦ
847 3942 1038 3995 πλοίου
1083 3942 1253 4012 χαλᾷν
1286 3942 1347 3993 τὸ
1392 3943 1608 3997 δίκτυον
1657 3943 1891 4011 ἐπισκή-

244 4051 255 4060 ’
314 4055 518 4103 πτοντα
553 4077 568 4101 ,
618 4032 655 4107 ἦ
704 4036 811 4106 μὴν
863 4036 1120 4105 εὑρήσειν
1161 4035 1281 4099 ἐκεῖ
1310 4052 1361 4088 τι
1397 4036 1644 4105 χρηστὰς
1676 4034 1893 4088 ὑποτεί-

314 4147 473 4183 νοντα
499 4130 597 4194 τὰς
628 4130 849 4192 ἐλπίδας
883 4129 977 4181 καὶ
1006 4129 1133 4191 τοὺς
1164 4128 1419 4197 μαθητὰς
1447 4131 1527 4192 είς
1560 4128 1724 4198 ἔργον
1758 4131 1894 4196 ἀγα-

315 4224 510 4290 γόντας
541 4222 633 4275 τὸν
661 4223 840 4288 λόγον,
877 4220 1166 4280 τοσούτους
1197 4221 1487 4273 συλλαϐεῖν
1520 4220 1630 4273 τῶν
1665 4220 1889 4289 ἰχθύων,

314 4314 388 4375 ὼ;
424 4314 621 4382 μηκέτι
679 4311 949 4382 μηδαμῶς
1000 4311 1185 4373 αὐτοῖς
1244 4306 1383 4363 εἶναι
1440 4311 1576 4379 πρὸς
1615 4312 1676 4362 τὸ
1709 4310 1893 4364 πλοῖον

316 4406 614 4459 ἁνελκῦσαι
664 4408 727 4457 τὸ
773 4404 1010 4469 δίκτυον,
1058 4403 1173 4457 ἀλλ’
1204 4403 1310 4457 ὑπὸ
1352 4403 1412 4456 τὸ
1464 4402 1605 4473 ὓδωρ
1631 4402 1893 4474 σύραντας

317 4496 578 4563 κατάγειν
629 4494 721 4547 ἐπὶ
770 4492 869 4563 τὴν
916 4493 1041 4563 γῆν,
1075 4492 1187 4547 ,καὶ
1235 4491 1442 4563 Πέτρον
1501 4494 1745 4560 μαθόντα
1797 4493 1892 4546 τὸν

316 4586 644 4643 Διδάσκαλον
692 4581 833 4639 εἶναι
866 4585 958 4637 τὸν
994 4585 1233 4655 ἐργάτην
1262 4585 1355 4639 τοῦ
1393 4584 1696 4655 θαύματος,
1730 4588 1893 4649 εὐθὺς

314 4681 385 4742 ὡς
428 4675 561 4748 εἶχε,
597 4681 688 4731 τὸν
721 4678 1022 4746 ἐπενδύτην
1080 4677 1557 4748 περιζωσάμενον,
1610 4680 1704 4732 καὶ
1757 4680 1896 4749 πρὸς
1930 4702 1942 4717 ε

314 4774 373 4825 τὸ
407 4769 554 4840 ὕδωρ
602 4771 794 4823 ἐαυτζν
842 4770 1138 4823 καθεικότα
1160 4810 1175 4834 ,
1206 4771 1304 4823 καὶ
1336 4770 1735 4840 διανηχόμενον
1773 4767 1890 4837 ἷξαι

314 4865 451 4934 πρὸς
485 4866 576 4921 τὸν
609 4863 938 4923 Διδάσκαλον
968 4878 983 4894 ·
1015 4860 1137 4916 εἶτα
1191 4865 1287 4916 καὶ
1333 4865 1394 4916 τὸ
1429 4865 1645 4917 δίκτυον
1673 4866 1765 4919 ἐπὶ
1791 4866 1894 4935 γῆς

312 4956 577 5021 ἕλκοντα,
627 4955 718 5008 καὶ
774 4956 835 5008 τὸ
883 4954 1099 5011 δίκτυον
1152 4955 1359 5025 πλῆρες
1413 4955 1663 5026 ἰχθύων,
1704 4957 1801 5010 καὶ
1843 4957 1894 5011 οἱ

318 5049 497 5118 ἰχθύες
535 5049 804 5118 μεγάλοι,
846 5043 949 5100 οἷοι
1005 5048 1072 5114 δ’,
1132 5049 1180 5101 εί
1238 5030 1458 5118 βούλει,
1516 5048 1755 5120 πρόσθες
1800 5052 1894 5104 καὶ

313 5143 559 5194 πλεῖστοι
591 5157 606 5172 °
636 5144 784 5211 τρεῖς
814 5142 921 5211 γὰρ
950 5142 1045 5193 ἐπὶ
1075 5141 1415 5210 πεντήκοντα
1446 5142 1585 5209 πρὸς
1613 5145 1725 5204 τοῖς
1763 5142 1892 5195 ἐκα-

313 5237 425 5290 τόν.
472 5230 602 5303 *ιΑρ’
638 5236 737 5305 οὐχ
774 5235 934 5304 ἱκανὴ
973 5234 1070 5287 τοῦ
1117 5235 1398 5303 θαύματος
1455 5236 1487 5304 ή
1533 5237 1696 5305 χάρις
1743 5235 1893 5306 ὑμᾶς

313 5333 389 5390 εἰς
420 5326 581 5397 κόρον
608 5323 807 5396 ’ἡδῦναι
837 5344 851 5395 ;
892 5328 1036 5394 Ἐγὼ
1059 5328 1105 5380 δ’
1148 5327 1248 5397 ήδη
1280 5329 1442 5381 τινῶν
1494 5328 1771 5396 λεγόντων
1805 5331 1891 5383 αί-

314 5421 603 5489 σθάνομαι,
645 5421 719 5482 ὡς
772 5421 1032 5490 μακάριοι
1086 5412 1136 5472 οί
1182 5420 1296 5473 τῶν
1329 5420 1534 5491 ἰχθύων
1583 5420 1889 5475 ἀπολελαυ-

313 5515 470 5576 κότες
501 5513 726 5571 ἐκείνων
749 5530 762 5544 '
799 5512 1149 5582 θαυμάσαιμι
1185 5513 1228 5565 δ’
1261 5513 1349 5576 ἂν,
1386 5513 1435 5565 εί
1484 5514 1559 5585 μὴ
1606 5515 1701 5567 καὶ
1746 5515 1892 5584 ὑμᾶς

312 5607 512 5669 αὐτοὺς
543 5606 848 5675 μακαρίους
881 5607 1151 5677 νομίζετε,
1178 5607 1283 5660 ὑπὸ
1307 5606 1535 5678 Χριστῷ
1565 5609 1660 5662 καὶ
1697 5609 1890 5680 Πέτρῳ

310 5698 422 5759 τοῖς
454 5697 767 5765 ἐστιάτορσι
798 5697 1128 5766 δαιτυμόνας
1157 5699 1490 5768 γενομένους
1518 5699 1613 5753 τοῦ
1669 5700 1889 5772 θαύμα-

312 5802 426 5848 τος.
460 5786 610 5857 Τάχα
644 5788 750 5856 γὰρ
784 5788 884 5841 οὐκ
918 5789 982 5843 ἂν
1022 5790 1158 5861 πρὸς
1192 5791 1336 5862 ὑμᾶς
1360 5795 1543 5848 ’ἐκεῖνό
1570 5811 1633 5863 γε
1665 5797 1885 5869 ῥηθείη,

387 5903 430 5932 ³⁸
450 5900 605 5957 Joan.
640 5918 711 5962 vi.
739 5902 828 5957 9.6.

1923 4535 1972 4593 D

2000 3306 2049 3349 te
2074 3297 2289 3351 Petrum
2341 3313 2467 3350 cum
2527 3299 2742 3353 caeteris
2784 3297 3070 3363 discipulis
3142 3304 3256 3349 tota
3310 3303 3469 3348 nocte
3526 3294 3578 3345 in

1998 3389 2170 3443 veteri
2207 3405 2306 3444 suo
2345 3390 2578 3445 artilicio
2616 3402 2946 3456 occupatum
2991 3389 3111 3443 sine
3151 3387 3263 3442 ulio
3309 3401 3481 3454 usque
3513 3385 3581 3439 ad

1995 3482 2324 3535 matutinum
2364 3491 2577 3552 tempus
2617 3480 2886 3551 profectu.
2924 3480 3117 3535 Videte
3172 3478 3333 3533 etiam
3368 3476 3580 3539 Jcsum,

1996 3583 2117 3644 post
2158 3576 2616 3629 resurrectionem
2667 3584 2795 3629 tunc
2828 3572 2881 3627 in
2914 3573 3097 3626 littore
3130 3572 3299 3625 maris
3342 3577 3578 3623 Slitltlt'tll

1994 3677 2068 3731 et,
2097 3668 2314 3721 nemine
2362 3668 2566 3721 seiente
2621 3666 2872 3735 quisnam
2933 3674 3115 3726 esset,
3149 3664 3577 3731 interrogantem

1995 3760 2267 3828 quodnam
2306 3761 2734 3829 pulmentarium
2778 3758 3057 3823 haberent,
3095 3758 3312 3825 illisque
3349 3770 3580 3823 respon-

1996 3851 2271 3914 dentibus,
2325 3851 2532 3904 nullum
2584 3863 2644 3903 se
2696 3849 2915 3909 habere,
2978 3847 3032 3901 in
3090 3848 3369 3901 dexteram
3423 3846 3579 3897 mni-

1995 3939 2066 4009 gii
2104 3948 2312 4007 partem
2362 3939 2497 3993 retia
2541 3938 2724 3992 laxare
2778 3937 3088 4005 jubentem,
3139 3944 3213 3989 et-
3248 3934 3449 4003 aliquid
3502 3934 3576 3987 ibi

1995 4023 2268 4099 repertum
2338 4030 2406 4085 iri
2462 4030 2636 4084 bonas
2707 4045 2832 4098 spes
2894 4035 3299 4098 suggerentem,
3342 4040 3394 4082 et
3447 4022 3623 4097 apo?

2000 4125 2171 4179 stolos
2194 4124 2346 4193 jussa
2380 4132 2755 4193 capessentes,
2784 4132 2864 4177 tot
2884 4125 3062 4189 pisces
3107 4123 3338 4191 cepisse,
3370 4133 3426 4176 ut
3462 4134 3578 4177 rete

1999 4215 2144 4269 nullo
2177 4215 2342 4269 modo
2366 4216 2601 4284 amplius
2627 4217 2692 4267 ad
2720 4216 2995 4284 navigium
3027 4215 3245 4267 trahere
3278 4214 3575 4282 potuerint,

1997 4309 2091 4364 sed
2118 4309 2221 4365 sub
2258 4323 2399 4377 aqua
2424 4308 2491 4361 ad
2557 4316 2755 4360 terram
2812 4307 3181 4371 deduxerint;
3221 4305 3575 4375 Petrumque,

1997 4419 2123 4459 cum
2155 4402 2517 4459 intellexisset
2566 4402 2870 4455 Dominum
2916 4401 3048 4454 tanti
3105 4398 3356 4453 miraculi
3391 4407 3578 4453 aucto.

2001 4511 2115 4551 rem
2168 4511 2311 4558 esse,
2342 4496 2547 4559 statim,
2601 4501 2658 4547 ut
2710 4505 2851 4556 erat,
2892 4493 3079 4547 tunica
3124 4492 3492 4557 succinctum,
3524 4491 3576 4544 in

2002 4603 2198 4657 aquam
2263 4602 2323 4643 se
2384 4587 2693 4652 demisisse,
2739 4595 2795 4641 et
2854 4585 3094 4639 natando
3133 4584 3200 4638 ad
3260 4583 3576 4652 Magistrum

2003 4679 2354 4748 pervenisse;
2386 4677 2582 4732 deinde
2612 4686 2728 4731 rete
2781 4676 2847 4728 ad
2890 4685 3093 4728 terram
3149 4674 3408 4735 traxisse,
3460 4682 3611 4724 rete.

1999 4775 2219 4844 plenum
2252 4772 2519 4836 piscibus,
2559 4779 2612 4823 et
2637 4770 2856 4838 quidem
2919 4768 3153 4834 magnis,
3206 4765 3366 4829 adde,
3398 4764 3444 4817 si
3480 4779 3576 4814 vo-

1998 4869 2098 4930 les,
2134 4867 2300 4921 etiam
2353 4862 2627 4934 plurimis,
2688 4868 2873 4928 utpote
2907 4866 3125 4912 centum
3177 4857 3574 4925 quinquaginta

1998 4958 2199 5012 tribus.
2249 4957 2444 5010 Annon
2502 4951 2757 5006 miraculi
2824 4949 2984 5019 hujus
3062 4946 3234 5016 gratia
3288 4947 3355 5000 ad
3408 4947 3577 5000 satie-

2002 5060 2165 5105 tatem
2199 5063 2377 5116 usque
2418 5061 2519 5099 vos
2550 5045 2823 5099 oblectare
2857 5040 3203 5110 potest?Ego
3232 5055 3362 5094 vero
3394 5040 3575 5092 anim-

1997 5146 2220 5198 adverto
2271 5141 2534 5211 quosdam
2586 5139 2900 5192 dictitantes
2951 5135 3178 5200 :Quam
3235 5132 3380 5187 beati
3452 5121 3576 5200 qui-

1997 5237 2099 5291 bus
2129 5233 2370 5304 piscibus
2405 5233 2509 5303 illis
2546 5230 2649 5284 frui
2685 5244 3006 5285 concessum
3036 5228 3151 5281 est!
3192 5224 3442 5285 Mirarer.
3470 5224 3573 5276 nisi

1994 5338 2046 5386 et
2078 5342 2173 5381 vos
2204 5328 2392 5381 beatos
2415 5324 2735 5384 censeretis,
2764 5322 2880 5391 qui,
2922 5321 3140 5374 Christo
3171 5330 3225 5372 et
3260 5318 3417 5372 Petro
3442 5333 3576 5372 coa-

1994 5424 2353 5486 vivatoribus,
2383 5418 2632 5473 miraculi
2679 5418 2842 5484 huius
2873 5415 3116 5470 convivae
3170 5415 3296 5468 facti
3324 5411 3479 5466 estis.
3517 5410 3573 5461 In

1994 5534 2091 5575 vos
2117 5514 2345 5587 piscium
2380 5512 2644 5583 miraculo
2677 5510 2904 5566 satiatos
2946 5521 3291 5577 nequaquam
3320 5503 3574 5573 conjicie-

1993 5623 2106 5678 tur,
2130 5611 2270 5683 quod
2299 5617 2354 5665 et
2384 5609 2506 5663 aliis
2532 5605 2808 5660 nonnullis
2841 5603 3229 5671 exprobratum
3259 5606 3342 5654 est
3367 5616 3380 5652 :
3408 5597 3571 5663 Qum-

1994 5707 2115 5762 ritis
2176 5717 2262 5758 nne
2322 5698 2536 5762 audire,
2575 5713 2682 5752 non
2738 5694 2863 5763 quia
2898 5695 3049 5766 signa
3112 5689 3425 5755 vid'stis”,
3472 5687 3576 5743 seti

1994 5804 2118 5875 quia
2158 5812 2322 5869 panes
2384 5808 2534 5849 meos
2562 5787 2900 5846 comi-distis.
