4066 6506
491 460 625 525 1107

1758 454 2049 516 ΜΛΧΙΜΙ
2100 451 2485 515 ΡιΑΝυοιΕ

3615 437 3755 505 1108

482 574 677 645 πόρρω
724 570 833 623 τῶν
887 567 1085 639 ίχθύων
1118 564 1571 638 ἐμφορουμένους
1620 564 1714 618 τοῦ
1749 548 2053 635 θαύμάτος,
2097 564 2126 617 6
2160 565 2252 619 καὶ
2290 563 2473 627 ἄλλοις
2501 563 2646 617 τισὶν
2696 558 2985 625 ὠνειδίσθη
3012 574 3027 591 '
3088 553 3310 627 Ζητεῖτέ
3360 569 3428 624 με
3506 551 3746 622 ἀκούειν,

482 664 582 733 οὐχ
610 663 694 716 ὅτι
728 663 932 729 σημεῖα
955 659 1153 725 εἰδετε,
1188 660 1302 712 ἀλλ’
1333 661 1414 711 ὅτι
1453 675 1556 728 μου
1588 659 1680 710 τὸν
1712 655 1878 726 ἄρτον
1913 656 2169 724 ἐφάγετε.

554 757 602 827 ο
631 770 844 819 vocem,
894 756 982 809 cui
1008 755 1190 811 -etiam
1236 755 1416 824 pisces
1467 752 1950 820 obtemperatum,
2012 757 2145 813 utA

482 859 644 905 antea
682 864 833 903 mare.
867 857 921 903 et
956 849 1140 903 venti!
1193 847 1239 902 Ο
1277 847 1637 915 discipulum,
1670 846 1762 915 qui
1795 853 1920 899 ante
1949 860 2069 899 om-

483 954 585 995 nes
623 940 952 994 miraculum
1004 938 1315 1007 proﬁtetur,
1364 937 1495 1007 quia
1548 936 1765 1005 prinms
1791 936 1977 989 exsilit
2002 935 2069 988 ad

484 1029 811 1100 Magistrum
842 1031 855 1083 ι
893 1027 938 1085 Ο
971 1029 1308 1096 discipulum
1342 1028 1435 1096 qui
1469 1028 1636 1081 etiam
1678 1039 1865 1080 contra
1896 1026 2071 1081 undas

483 1123 691 1192 aliquid
719 1137 890 1177 ausus
916 1131 1024 1186 est,
1094 1136 1218 1175 cum
1284 1128 1612 1189 praesontem
1664 1130 1917 1175 cerneret
1958 1118 2072 1172 Ma-

483 1215 754 1285 gistrum!
798 1213 843 1270 Ο
877 1215 1057 1268 zelum
1114 1213 1379 1268 ferventis
1442 1212 1729 1281 discipuli,
1773 1211 2074 1267 dilectione

488 1307 722 1369 int-ensi,
800 1319 991 1360 amore
1069 1305 1323 1359 indomiti
1388 1303 1680 1373 solumque
1744 1302 2070 1372 Magistrum

486 1399 788 1467 Spirantis!
824 1398 965 1465 Quid
1017 1398 1282 1465 praeclare
1333 1395 1402 1451 de
1459 1412 1519 1453 se
1565 1395 1845 1467 cogitandi
1891 1407 1946 1451 et
1991 1395 2075 1449 lo-

486 1491 690 1562 quendi
723 1492 829 1546 iste
878 1507 988 1546 non
1018 1491 1450 1546 subministrat?
1506 1494 1704 1546 Annon
1740 1488 1807 1542 ad
1868 1489 2073 1544 ccelum

490 1594 627 1637 tunc
658 1594 853 1638 natare
881 1582 1201 1651 videbatur,
1229 1584 1454 1653 quando
1502 1583 1767 1639 enatabat
1799 1581 1865 1636 ad
1900 1580 2075 1652 Magi—

491 1684 664 1730 strum
687 1674 712 1727 ἲ

562 1856 633 1911 At
692 1857 996 1925 permittite
1058 1858 1191 1912 mihi
1255 1865 1316 1913 ut
1373 1858 1608 1928 piscium
1664 1855 2077 1911 multitudinem

492 1950 558 2003 ad
586 1964 949 2006 numerorum
998 1952 1258 2005 virtutem
1310 1951 1609 2017 excutiam,
1647 1950 1776 2019 quia
1829 1965 1942 2004 non
1986 1963 2071 2004 so-

496 2042 609 2094 lum
643 2057 740 2110 per
794 2044 1035 2099 unitates
1102 2053 1157 2099 et
1202 2042 1464 2110 det-ades,
1526 2044 1621 2098 sed
1658 2051 1714 2096 et
1763 2056 1859 2111 per
1879 2048 2078 2096 centu-

392 2156 395 2159 ·
494 2137 630 2189 1⁸Ῐ3Ίι
657 2136 928 2202 decurrit,
964 2145 1019 2192 et
1049 2137 1231 2193 tribus
1273 2137 1693 2207 quadrangulis,
1723 2146 1783 2189 ut
1815 2136 2078 2189 arithme-

490 2238 634 2282 l-rtts
673 2231 950 2299 quispiam
984 2229 1211 2294 dixerit,
1257 2238 1500 2286 constat.
1542 2228 1700 2297 Quod
1748 2230 1793 2283 si
1828 2228 1917 2283 cui
1948 2243 2079 2282 con-

492 2324 742 2390 templari
790 2324 1102 2392 jucundum
1137 2332 1244 2387 est,
1304 2339 1335 2378 a
1386 2322 1592 2392 quibus
1641 2332 1743 2374 tria
1786 2320 1892 2376 ista
1944 2335 2081 2389 qua-

488 2412 759 2481 clrangula
828 2423 1301 2483 progenerantur,
1356 2413 1525 2481 hujus
1585 2412 1771 2466 statim
1834 2410 2076 2480 primum

489 2519 784 2558 numerum
801 2520 865 2575 pa
876 2520 986 2560 rem
1002 2516 1055 2559 et
1075 2505 1446 2574 undequaque
1466 2504 1775 2559 absolutum
1798 2503 2074 2570 inveniet;

492 2596 642 2653 illius
677 2611 830 2660 vero,
866 2613 992 2652 eum
1051 2614 1213 2669 quem
1263 2598 1530 2669 virginem
1581 2598 1894 2669 appellant;
1931 2600 2074 2653 tertii

489 2689 752 2760 lenique,
779 2705 1071 2745 numerum
1103 2692 1431 2761 perfectum,
1468 2693 1611 2747 ultra
1637 2708 1801 2762 quem
1830 2693 1952 2747 sine
1986 2708 2077 2747 re-

489 2780 726 2836 liexione
761 2782 1017 2853 progredi
1054 2798 1163 2837 non
1208 2783 1354 2839 licet.
1382 2784 1517 2848 Quae
1578 2785 1764 2839 omnia
1797 2784 1939 2839 Petri
1997 2784 2080 2855 pi-

489 2874 798 2931 seationem
855 2875 1321 2946 perfectissimam
1378 2877 1552 2933 fuisse
1601 2880 1873 2944 indicant,
1929 2878 2079 2948 ejus-

489 2983 599 3034 que
666 2967 720 3023 in
786 2970 1048 3027 omnibus
1108 2971 1528 3041 praerogativam
1589 2981 1643 3026 ct
1708 2970 2076 3036 maiestatem,

487 3069 765 3131 quantum
807 3060 1125 3133 conjectare
1167 3061 1252 3118 fas
1302 3074 1409 3126 est,
1460 3062 1761 3118 declarant.
1812 3063 1880 3118 Et
1914 3064 1959 3118 si
1995 3062 2081 3117 his

489 3154 683 3211 subest
742 3157 994 3224 quaedam
1050 3157 1217 3221 ratio,
1274 3162 1439 3225 prout
1502 3170 1688 3209 revera
1744 3156 1956 3221 subest,
1989 3171 2083 3209 ne-

488 3260 597 3315 que
624 3245 772 3300 enim
804 3254 1013 3301 temere
1044 3246 1349 3315 quidquam
1383 3246 1580 3300 hormn
1638 3247 1720 3300 vel
1768 3255 1949 3298 actum
1996 3245 2080 3299 vel

489 3336 759 3407 scriptum
809 3345 916 3402 est,
973 3339 1151 3390 oratio
1215 3347 1395 3389 tamen
1459 3340 1526 3390 ad
1567 3338 1714 3391 illam
1768 3337 2079 3390 accuratio-

2262 754 2407 810 Ἀλλ’
2429 796 2444 821 ,
2479 753 2525 808 ὣ
2564 754 2747 823 φωνῆς
2793 751 3051 820 ἒκείνηςῐ
3162 746 3255 800 καὶ
3290 742 3470 815 ἰχθύες
3515 742 3754 811 ὑπήκου-

2176 866 2297 912 σαν,
2325 848 2400 911 ὡς
2432 848 2565 917 πρὶν
2596 847 2694 901 καὶ
2746 844 3026 911 Θαλάσσης
3081 841 3224 910 ὕδωρ
3283 838 3378 891 καὶ
3426 836 3636 903 ἄνεμοι.
3678 829 3752 886 Ὦ

2177 941 2426 1013 μαθητοῦ
2465 946 2573 1012 πρὸ
2597 941 2822 994 πάντων
2854 933 3251 1007 ὁμολογοῦντος
3300 931 3360 985 τδ
3414 930 3617 997 θαῦμαι
3673 924 3752 995 τῷ

2174 1038 2410 1106 πρώτως
2444 1033 2753 1102 ἐκπηδῆσαι
2781 1031 2917 1100 πρὸς
2945 1029 3036 1082 τὸν
3066 1023 3397 1079 Διδάσκαλον
3424 1024 3441 1078 l
3478 1017 3548 1074 Ὦ
3582 1019 3754 1089 μαθη-

2175 1127 2269 1182 τοῦ
2295 1125 2646 1195 κατατολμᾷν
2675 1126 2769 1179 καὶ
2803 1122 3066 1191 κυμάτων
3095 1119 3198 1190 ἤδη
3230 1115 3513 1184 γεγονότος
3533 1115 3587 1168 ἒν
3619 1112 3748 1176 ἔθει,

2177 1218 2424 1288 παρόντα
2481 1217 2571 1271 τὸν
2618 1215 2954 1269 Διδάσκαλον
3007 1211 3297 1284 βλέποντος
3325 1225 3340 1242 ο
3406 1203 3451 1260 ὧ
3512 1205 3750 1277 μαθητοῦ

2179 1312 2387 1383 θερμοῦ
2426 1312 2519 1366 τδν
2550 1311 2735 1379 ζῆλον,
2770 1306 2969 1361 πολλοῦ
3016 1305 3077 1360 τὸ
3102 1304 3347 1373 φίλτρον,
3379 1303 3604 1372 ἀσχέτου
3662 1299 3753 1351 τὶν

2178 1408 2377 1478 ἔρωτα,
2409 1406 2500 1460 καὶ
2537 1406 2697 1473 μόνον
2742 1404 2834 1456 τον
2866 1399 3196 1455 Διδάσκαλον
3234 1396 3521 1459 πνέοντοςί
3555 1394 3618 1445 Τί
3657 1392 3754 1461 μὲν

2175 1502 2289 1555 τῶν
2315 1497 2539 1569 ἀγαθῶν
2575 1499 2635 1553 ού
2675 1497 2893 1551 δίδωσιν
2918 1495 3051 1565 ἡμῖν
3086 1493 3287 1546 ἐννοεῖν
3328 1487 3481 1551 οὗτος
3509 1489 3635 1558 περὶ
3659 1487 3754 1540 αὖ-

2178 1593 2309 1661 τοῦ;
2347 1594 2400 1646 τί
2450 1592 2508 1645 δὲ
2536 1575 2598 1646 οὗ
2631 1590 2854 1658 λέγεινς
2903 1581 3030 1659 ’Ἆρ’
3064 1585 3125 1639 οὐ
3174 1583 3309 1652 πρὸς
3361 1579 3583 1649 οὒρανδν
3625 1579 3755 1630 ἀνα-

2178 1684 2442 1759 νήχεσθαι
2472 1682 2772 1755 τηνικαῦτα
2802 1681 2976 1736 ἐδόκει
3009 1677 3147 1748 πρὸς
3174 1677 3266 1729 τὸν
3303 1671 3631 1728 Διδάσκαλον
3664 1673 3755 1723 ἐκ·

2179 1782 2310 1852 νηχό
2320 1796 2478 1848 μενος
2504 1796 2520 1842 ;
3164 1814 3171 1819 .

2254 1872 2366 1928 Καὶ
2388 1869 2616 1942 παρίετέ
2650 1886 2738 1936 μοι
2765 1867 2877 1921 τῶν
2909 1864 3107 1936 ἰχθύων
3137 1864 3196 1918 τὸ
3225 1861 3425 1930 πλῆθος
3448 1859 3567 1914 κατ’
3606 1857 3755 1925 ἀριθ-

2186 1967 2302 2038 μῶν
2369 1964 2600 2034 δύναμιν
2623 1960 2920 2025 ἐξετάζειν,
2950 1959 3025 2022 ὡς
3052 1959 3113 2011 οὐ
3142 1953 3446 2027 μοναδικῶς
3501 1951 3563 2018 δὴ
3600 1949 3753 2020 μόνον

2183 2062 2278 2116 καλ.
2311 2057 2634 2120 δεκαδικῶς.
2667 2054 2805 2112 ἀλλά
2858 2052 2956 2108 καὶ
3002 2051 3130 2105 καθ’
3182 2046 3514 2103 ἑκατοντάδα
3568 2060 3761 2110 συγκο-

2184 2154 2525 2226 ρυφούμενος
2553 2149 2850 2210 δείκνυται,
2874 2146 2967 2199 καὶ
3000 2145 3076 2208 ὡς
3102 2141 3250 2207 τρισὶ
3284 2139 3349 2210 δὴ
3403 2136 3757 2226 τετραγώνοις

2180 2223 2544 2321 ἀριθμητικὸς
2577 2244 2643 2297 ἄν
2702 2259 2784 2302 τις
2821 2240 2988 2299 εἴποι,
3045 2232 3385 2321 συντέθειται
3418 2248 3434 2264 ·
3482 2223 3555 2283 ὧν
3585 2229 3636 2281 εἴ
3652 2244 3757 2280 τινι

2179 2338 2305 2402 τοὺς
2328 2336 2636 2404 γεννῶντας
2660 2335 2854 2393 αὐτοὺς
2875 2331 2941 2386 ἂν
2963 2329 3189 2384 σκοπεῖν
3216 2317 3305 2396 ἦν,
3323 2323 3417 2377 τοῦ
3442 2322 3539 2394 μὲν
3557 2324 3586 2376 6
3611 2319 3757 2389 πρῶ-

2179 2450 2269 2496 τος
2302 2431 2460 2494 εὐθὺς
2495 2428 2682 2499 ἄρτιος
2713 2426 2779 2480 ἂν
2824 2425 3071 2493 ἀνεφάνη
3095 2437 3143 2500 ⁸-
3165 2418 3259 2474 τοῦ
3296 2416 3340 2472 δ’
3385 2418 3444 2472 ὃν
3496 2413 3758 2484 παρθένον

2180 2525 2495 2594 ὠνόμασαν,
2523 2522 2620 2574 τοῦ
2655 2520 2699 2573 δ’
2737 2520 2826 2572 ἐπ’
2857 2517 3043 2580 αὐτοῖς
3072 2514 3261 2585 τρίτου
3310 2513 3338 2564 6
3395 2509 3622 2574 τέλειος,
3669 2508 3759 2560 καὶ

2184 2614 2302 2687 μεθ’
2333 2614 2392 2668 ὃν
2421 2612 2523 2666 οὐκ
2550 2612 2665 2664 ἔστι
2711 2608 3033 2679 προϐαίνειν
3086 2604 3162 2675 μὴ
3216 2602 3659 2668 ἀνακάμπτοντα.
3695 2596 3760 2649 Ἀ

2179 2707 2243 2777 δὴ
2285 2706 2468 2759 πάντα
2493 2702 2592 2773 τὴν
2614 2698 2960 2766 τελεωτάτην
2988 2695 3175 2750 ἀλείαν
3205 2692 3495 2761 ὑποφαίνει
3525 2687 3616 2743 τοῦ
3664 2687 3762 2739 Πέ-

2179 2815 2347 2870 τρου,
2386 2797 2481 2850 καὶ
2515 2797 2576 2847 τὸ
2601 2793 2806 2863 ταύτης
2854 2792 2910 2843 ὲν
2968 2789 3103 2842 πᾶσι
3154 2785 3468 2857 πρεσϐεῖον,
3522 2780 3614 2835 καὶ
3665 2778 3761 2848 τὴν

2182 2893 2281 2944 σὺν
2311 2888 2486 2959 τούτῳ
2509 2885 2840 2954 σεμνότητα,
2877 2884 2981 2936 ὅσα
3015 2897 3080 2949 γε
3106 2879 3200 2932 καὶ
3240 2875 3571 2947 συμβάλλειν
3620 2873 3760 2961 τινάτ

2181 2981 2369 3036 Ταῦτα
2401 2981 2510 3051 γὰρ
2538 2980 2587 3032 εἰ
2614 2977 2749 3049 πρός
2776 2993 2902 3030 τινα
2955 2975 3114 3043 φέρει
3166 2971 3349 3041 λόγον,
3398 2969 3491 3022 καὶ
3535 2968 3641 3037 γὰρ
3672 2962 3763 3019 οἷν

2181 3076 2357 3146 φέρει,
2389 3075 2472 3128 ὅτι
2500 3071 2625 3143 μηδ’
2647 3071 2712 3123 ἐκ
2741 3068 2835 3122 τοῦ
2867 3069 3212 3136 παρήκοντος
3258 3058 3415 3133 οἶμαι
3448 3057 3756 3131 πεπρᾶχθαί

2179 3187 2238 3224 τε
2270 3167 2365 3222 καὶ
2389 3163 2728 3236 γεγράφθαι,
2748 3160 2864 3215 ἀλλ’
2889 3159 2984 3214 οῦν
3017 3159 3115 3229 οὐχ
3145 3156 3285 3211 ὥστε
3317 3157 3411 3210 καὶ
3468 3155 3567 3223 τῆς
3619 3169 3761 3222 γινο-

2185 3261 2354 3332 μένης
2378 3256 2695 3330 ἀκριϐείας,
2729 3253 2867 3323 πρὸς
2909 3252 3035 3325 ἢνδ
3081 3250 3243 3319 λόγος
3283 3247 3539 3320 βούληται
3586 3262 3766 3316 χειρα-

2182 3351 2407 3422 γωγεῖν,
2444 3349 2810 3421 ἐφικνεῖσθαι.
2840 3347 2932 3418 Τῷ
2965 3345 3020 3399 δὲ
3050 3344 3113 3414 δὴ
3145 3345 3242 3397 καὶ
3270 3339 3759 3413 προσμαρτυρῆσαι

491 3444 644 3492 nem,
678 3444 841 3498 quam
880 3430 1223 3499 propositam
1265 3429 1454 3492 habet,
1508 3430 1819 3499 pertingere
1865 3432 2076 3500 nequit.

496 3518 745 3539 ιωημη
1029 3533 1143 3539 _.___
1189 3518 1271 3539 ___,
1720 3535 1807 3539 __-
2044 3529 2073 3539 ν.

2186 3446 2260 3515 τῷ
2295 3444 2491 3514 πλήθει
2520 3446 2615 3495 καὶ
2646 3439 2870 3511 μεγέθει
2898 3438 2999 3507 τῆς
3057 3436 3238 3504 ἄγρας
3296 3432 3429 3503 μηδὲ
3477 3428 3766 3539 μέχριιτοῦ

496 3518 751 3574 Voluisse
788 3529 975 3573 autem
1023 3533 1146 3574 eum
1182 3518 1273 3589 qui
1315 3518 1429 3573 haac
1481 3519 1683 3574 litteris
1719 3520 1984 3589 prodidit,
2026 3529 2077 3575 et

494 3613 851 3670 multitudini
885 3622 943 3668 et
999 3613 1370 3684 magnitudini
1424 3623 1670 3684 captum
1701 3616 2079 3669 testimonium

497 3710 670 3775 dare,
718 3708 850 3764 inde
898 3721 1128 3779 apparet
1183 3708 1331 3779 quod
1391 3725 1684 3763 numerum
1735 3709 2080 3779 perfecti“!-

494 3817 648 3857 mum
681 3802 977 3858 adhibuit:
1015 3818 1124 3871 quo
1177 3816 1311 3857 Sane
1353 3803 1680 3858 immensam
1732 3804 1880 3857 illam
1938 3803 2084 3858 Petri

495 3895 858 3965 piscaturam,
909 3911 1017 3965 qua
1070 3896 1322 3950 homines
1356 3896 1675 3965 piscaturus
1730 3904 1872 3963 erat,
1910 3905 1966 3951 et
1997 3912 2091 3952 sa-

494 3987 668 4042 lutem
699 3996 908 4057 partam
955 3988 1395 4043 Iuculentissime
1436 3990 1597 4042 nobis
1640 3989 1909 4044 exhibuit.
1936 3989 2088 4045 Con-

497 4086 823 4132 sentaneum
862 4079 1009 4132 enim
1054 4079 1260 4134 rationi
1297 4078 1613 4143 videbatur,
1654 4089 1718 4133 ut
1757 4096 1881 4150 qua:
1919 4081 2089 4136 mira-

497 4170 591 4225 bili
620 4171 808 4240 aliquo
846 4172 1007 4224 modo
1038 4170 1235 4227 effecta
1288 4180 1439 4236 sntit,
1484 4173 1574 4224 illa
1609 4173 1811 4227 litteris
1859 4174 2084 4229 manda-

499 4270 718 4327 rentur,
752 4272 809 4316 et
855 4279 1073 4329 eorum,
1105 4279 1228 4333 qua:
1283 4266 1651 4318 maximarum
1696 4281 1878 4320 rerum
1933 4278 2088 4321 erant

498 4355 775 4424 symbola,
848 4356 989 4408 nihil
1043 4356 1578 4424 praetermitteretur.
1664 4355 1815 4411 Talis
1876 4357 1999 4424 tibi,
2055 4373 2088 4413 ο

500 4446 692 4511 Paule,
723 4446 1085 4515 coapostolus
1123 4446 1353 4515 obtigit;
1397 4448 1524 4501 talis
1577 4447 1699 4510 tibi,
1733 4447 1916 4512 Petre,
1948 4448 2089 4502 Pau-

502 4539 611 4599 lus,
644 4539 840 4608 quales
884 4539 1067 4592 oratio
1124 4540 1512 4593 demonstrare
1574 4539 1800 4608 quidem
1863 4553 2086 4608 cauata,

499 4634 592 4687 sed
623 4646 984 4703 nequaquam
1018 4641 1275 4688 assecuta
1302 4642 1427 4700 est;
1457 4636 1677 4689 tametsi
1724 4636 2091 4694 nihilominus

500 4728 582 4781 sic
634 4742 859 4798 quoque
912 4726 1116 4797 aliquid
1174 4726 1594 4782 demonstravit.
1661 4725 1827 4782 Tales
1883 4743 1979 4782 vos
2037 4737 2091 4783 et

2187 3537 2281 3592 xui.
2311 3537 2401 3590 τὸν
2427 3535 2829 3607 ἀκριϐέστατον
2862 3529 3098 3602 ἀριθμὸν
3130 3527 3450 3599 προσθεῖναι
3493 3525 3585 3577 τοῦ
3611 3520 3766 3589 λόγου

2187 3630 2502 3700 φείσασθαι,
2568 3628 2726 3697 δῆλός
2783 3627 2934 3678 ἐστιν
2968 3626 2996 3677 ό
3054 3620 3229 3675 ταῦτα
3285 3619 3513 3690 γράφων
3545 3618 3642 3684 τὴν
3673 3614 3771 3684 οὐχ

2186 3726 2318 3793 ὅσην
2349 3723 2414 3778 ἂν
2435 3723 2581 3776 εἶποι
2638 3738 2724 3783 τις
2785 3718 3007 3772 ἔσεσθαι
3064 3715 3367 3787 μέλλουσαν
3421 3710 3524 3763 ὑπὸ
3568 3709 3769 3776 Πέτρου

2187 3818 2297 3872 τῶν
2329 3815 2633 3887 ἀνθρώπων
2658 3812 2847 3867 ἀλείαν
2901 3811 2995 3863 καὶ
3060 3806 3339 3877 σωτηρίαν
3396 3800 3771 3872 ἐκφανέστατα

2189 3909 2499 3983 παριστῶν.
2536 3908 2648 3962 Καὶ
2685 3906 2798 3977 γάρ
2830 3902 3055 3968 εὔλογον
3086 3901 3264 3954 ἐδόκει
3298 3914 3435 3960 πως,
3472 3897 3507 3950 ἃ
3539 3896 3651 3953 τοῖς
3685 3891 3773 3959 ἔρι

2188 4023 2307 4074 γοις
2339 4002 2656 4072 θαυμαστὸν
2703 4000 2766 4070 δή
2812 4014 2935 4051 τινα
2971 3994 3175 4065 τρόπον
3234 3988 3508 4061 ἐπράχθη,
3570 3983 3773 4038 τούτων

2193 4098 2272 4159 εἰς
2336 4098 2502 4164 μέσον
2557 4090 2876 4159 προτιθέναι
2918 4087 3048 4147 τοὺς
3075 4086 3289 4150 λόγους,
3328 4083 3424 4136 καὶ
3463 4080 3499 4134 ἃ
3534 4078 3641 4131 τῶν
3677 4091 3769 4145 με·

2192 4190 2397 4257 γίστων
2428 4181 2500 4255 ἦν
2531 4182 2800 4253 σύμϐολα,
2840 4177 3131 4250 μηδοτιοῦν
3168 4174 3276 4228 τῶν
3308 4177 3366 4228 ὲν
3392 4174 3574 4236 αὐτοῖς
3604 4185 3778 4240 παρα-

2191 4279 2448 4332 λείποντα
2470 4276 2670 4344 λέγειν.
2695 4270 2949 4334 Τοιοῦτός
2986 4287 3091 4340 σοι,
3123 4267 3329 4330 Παῦλε,
3357 4268 3386 4320 6
3438 4262 3771 4318 συναπόστο-

2192 4373 2284 4436 λος
2311 4387 2326 4403 ·
2349 4370 2595 4434 τοιοῦτός
2627 4386 2737 4435 σοι,
2772 4368 2972 4438 Πέτρε,
3012 4368 3039 4420 6
3071 4363 3285 4428 Παῦλος
3325 4377 3340 4393 ⁸
3373 4361 3519 4422 οἴους
3547 4361 3576 4411 6
3627 4356 3778 4425 λόγος

2192 4464 2365 4530 δεῖξαι
2397 4462 2822 4535 προτεθύμηται
2854 4461 2976 4531 μὲν,
3011 4460 3215 4530 ἥκιστα
3241 4457 3287 4511 δ’
3317 4453 3663 4527 ἐφικόμενος,
3693 4449 3780 4502 οὐ·

2193 4557 2283 4611 δὲν
2312 4552 2476 4629 ἦττον
2502 4555 2600 4609 καὶ
2622 4554 2797 4618 οὕτως
2826 4552 3018 4619 ἔδειξε.
3049 4550 3298 4605 Τοιοῦτοι
3348 4549 3532 4618 ὑμεῖς.
3585 4541 3782 4599 Τοσοῦ-

2193 4667 2287 4702 τον
2318 4649 2580 4713 ὲκάτερος
2609 4648 2668 4700 ἐν
2689 4649 2756 4716 τῇ
2801 4644 3103 4715 Ἐκκλησία
3147 4643 3240 4697 τοῦ
3271 4638 3512 4712 Χριστοῦ
3549 4638 3778 4710 ἔχοντες,

2197 4741 2377 4811 δσονῄ
2406 4740 2608 4809 σελήνη
2643 4742 2701 4792 έν
2728 4739 3017 4808 άστρασιν.
3052 4732 3219 4805 Οἶμαι
3253 4734 3389 4803 γάρ,
3423 4730 3628 4802 μηδένα
3661 4725 3782 4780 νοῦν
3823 4758 3841 4807 τ

500 4830 715 4874 tantum
753 4832 986 4890 uterque
1036 4822 1089 4874 in
1134 4818 1382 4875 Ecclesia
1427 4818 1635 4874 Christi
1667 4821 1883 4883 obinet,
1910 4836 2083 4889 quan-

2196 4834 2415 4903 ἔχοντα,
2442 4830 2519 4901 μὴ
2554 4832 2837 4901 θαυμάσαι
2870 4830 3080 4884 τούτων
3112 4829 3172 4882 τὸ
3207 4827 3487 4896 φρόνημα,
3511 4822 3610 4893 τὴν
3640 4819 3785 4873 πολι-
3836 4836 3845 4841 “

501 4922 617 4967 tum
685 4916 814 4967 luna
888 4913 1033 4967 inter
1093 4912 1298 4967 sidera.
1354 4911 1613 4966 Arbitror
1660 4912 1808 4965 enim
1876 4914 2090 4966 nullum

498 5004 703 5058 mentis
735 5012 1044 5072 compotem
1077 5017 1223 5067 esse,
1285 5003 1379 5072 qui
1444 5016 1636 5057 eorum
1675 5002 1845 5055 animi
1876 5004 2093 5073 magni-

496 5098 770 5165 tudinem,
806 5097 1293 5152 conversationem
1313 5104 1369 5151 et
1392 5111 1559 5166 opera
1583 5108 1694 5150 non
1730 5095 2039 5150 admiretur
2072 5115 2086 5151 :

2200 4923 2375 4986 τείαν,
2420 4924 2480 4975 τὸ
2533 4922 2716 4993 ἔργον,
2760 4923 2821 4974 τὸ
2872 4923 2972 4993 μὲν
3001 4921 3133 4990 γὰρ,
3192 4913 3304 4972 οἷον
3352 4917 3451 4970 οὐκ
3497 4909 3780 4982 ἄλλο,ήδὲ

2199 5016 2454 5083 ἀγγέλοις
2522 5015 2842 5086 ἐφάμιλλος,
2901 5013 2965 5068 τὸ
3014 5012 3073 5066 δὲ
3107 5010 3285 5067 οὐδενὶ
3346 5009 3457 5063 τῶν
3498 5003 3780 5077 πρωτείων

2198 5108 2591 5179 παραχωροῦν.

459 5250 472 5267 κ
496 5192 939 5262 magnitudinem
961 5190 1180 5261 quidem
1205 5189 1400 5255 animi,
1435 5192 1656 5259 qualem
1706 5188 1835 5242 alibi
1889 5204 1997 5243 non
2040 5196 2289 5255 invenias
2317 5201 2841 5268 ,conversationetn
2870 5198 3078 5271 angelis
3116 5196 3396 5262 similem;
3438 5206 3627 5265 opera,
3667 5198 3785 5258 quin

498 5287 635 5341 nulli
669 5286 894 5353 cedant,
936 5285 1225 5355 multoque
1256 5285 1445 5339 minus
1486 5283 1694 5351 primas
1723 5282 2052 5337 concedant.

569 5486 711 5539 Cum
745 5482 891 5539 enim
958 5480 1129 5551 probe
1190 5486 1439 5544 nossent,
1491 5475 1601 5532 sibi
1659 5476 1908 5531 omnium
1954 5490 2093 5545 pra:-

499 5578 773 5634 l‘ecturatn
825 5587 1147 5630 concessam
1203 5586 1351 5636 esse,
1408 5570 1659 5627 studiose
1714 5571 2092 5633 enitebantur,

502 5682 564 5725 ut
596 5685 790 5725 omnes
822 5670 961 5723 alios
1002 5667 1191 5722 labore
1228 5666 1536 5721 vincerent.
1588 5665 1706 5720 Scit
1749 5664 1895 5717 enim
1928 5664 2091 5716 etiam

503 5765 615 5818 dux
644 5762 794 5829 belli,
842 5763 946 5818 sibi
998 5762 1124 5832 plus
1172 5759 1540 5816 laborandum
1591 5772 1739 5819 esse,
1781 5771 1945 5825 quam
1978 5758 2095 5809 cui-

503 5856 588 5909 vis
610 5856 990 5925 gregariorum
1047 5856 1315 5911 militum.
1350 5853 1523 5922 Igitur
1578 5861 1633 5911 et
1684 5851 1919 5905 laborat.
1976 5850 2087 5902 Suil

505 5960 724 6017 quoque
786 5949 1121 6017 gubernator
1178 5950 1353 6012 nmis,
1409 5947 1533 6017 plus
1583 5944 1686 5999 sibi
1742 5943 2079 6013 vigilandum

2280 5476 2531 5545 Καὶ’γάρ
2561 5492 2645 5528 τοι
2697 5472 3000 5534 συνειδότες
3043 5472 3255 5534 ἑαυτοῖς
3303 5469 3404 5542 τὴν
3456 5466 3785 5539 προστασίαν

2206 5570 2426 5624 πάντων
2447 5567 2838 5641 ἀνῃρημένοις,
2866 5568 2963 5619 καὶ
3003 5565 3146 5635 ὑπὲρ
3188 5563 3436 5627 ἅπαντας
3465 5565 3577 5625 τοῖς
3606 5562 3786 5621 πόνοις

2204 5664 2480 5733 ἐντρυφᾷν
2516 5659 2954 5730 ἐφιλοτιμοῦντο.
2987 5652 3110 5712 Οἵδε
3141 5656 3244 5728 μὲν
3280 5658 3392 5727 γὰρ
3421 5656 3514 5709 καὶ
3555 5669 3786 5722 στρατη-

2203 5757 2318 5822 γὸς,
2354 5754 2428 5817 ὡς
2453 5753 2714 5807 πλειόνων
2749 5750 2897 5820 αὐτῷ
2932 5750 3020 5803 δεῖ
3058 5751 3256 5815 πόνων,
3290 5750 3322 5821 ἢ
3355 5750 3462 5803 τῶν
3494 5749 3789 5813 ὑποτεταγ-

2205 5848 2381 5916 μένων
2412 5846 2686 5909 ἑκάστοις.
2726 5842 2939 5898 Οὐκοῦν
2992 5844 3085 5897 καλ⁵
3116 5845 3290 5898 πονεῖ.
3318 5837 3441 5896 Οἶδε
3489 5839 3546 5893 δὲ
3578 5838 3669 5893 καὶ
3690 5855 3787 5891 κυ-

2199 5940 2488 6013 δερνήτης,
2526 5940 2725 6011 μᾶλλον
2756 5937 2905 6010 αὑτῷ
2941 5937 3225 6008 προσῆκον
3251 5936 3359 5993 τῶν
3387 5932 3661 5990 ὲπιῦατῶν
3693 5929 3789 5985 καὶ
