4066 6482
373 407 513 472 1109

1377 399 1780 460 ENCOMIUM
1822 399 1934 460 SS.
1974 401 2200 460 PETRI
2250 401 2340 459 ET
2368 398 2617 460 PAULI.

3482 392 3615 456 lilii

367 523 582 578 ναυτῶν
615 522 918 590 ἀγρυπνεῖν
945 535 956 548 ·
989 519 1184 572 οὐκοῦν
1219 521 1310 571 καὶ
1343 519 1668 586 ἐγρήγορεν.
1733 519 1932 582 Ὄντως

2045 535 2191 586 esse,
2255 535 2418 590 quam
2484 516 2799 580 vectoribus
2863 525 2918 569 et
2984 509 3184 566 nautis.
3226 507 3424 577 Vigilat
3458 524 3612 572 ergo.

369 613 606 685 πρόσθεν
639 613 868 683 οὐρανὸς
901 611 1063 680 φύσει
1103 611 1354 681 βοτάνας,
1405 611 1500 664 καὶ
1552 611 1787 680 ἀστέρες
1837 611 1941 678 γῆν

367 705 780 775 διαγράψουσιν,
814 703 847 774 ἢ
878 704 1008 766 τοὺς
1034 703 1364 762 ἀποστόλους
1399 703 1574 770 ἔγωγε
1621 701 1789 770 φαίην
1853 703 1939 767 ἂν,

371 795 447 862 μὴ
481 795 658 846 πάντα
685 793 904 847 πάντων
941 794 1214 862 προέχειν.
1251 792 1314 844 El
1347 793 1454 860 γὰρ
1479 791 1554 859 μὴ
1577 791 1671 845 καὶ
1691 789 1768 858 τῷ
1815 791 1942 860 χρή-

367 903 444 956 νῳ
475 886 684 948 πάντας
736 885 1062 956 προέλαϐον,
1116 883 1231 936 ἐστι
1277 881 1322 934 δ’
1353 879 1427 935 ὧν
1456 882 1515 934 οὗ
1574 881 1811 951 μετρίων
1847 881 1941 934 καὶ

367 977 612 1048 δεύτεροι
639 976 776 1048 πρὸς
801 979 893 1030 τὸν
925 977 1040 1046 βίον
1075 977 1354 1046 ἀφίκοντο,
1400 973 1518 1029 ἀλλ’
1571 973 1704 1044 ὁμοῦ
1761 972 1939 1026 πάντα

375 1069 730 1132 συλλαϐόντες
751 1071 809 1122 ὲν
838 1071 1055 1131 ἑαυτοῖς
1101 1067 1524 1139 κατορθώματα,
1572 1065 1689 1118 καὶ·
1721 1065 1940 1118 πάντων

367 1161 444 1224 ὡς
463 1159 543 1214 ἔνι
571 1160 806 1228 μάλιστα
834 1161 1242 1232 ὑπερίδρυνται.
1277 1160 1386 1212 Καὶ
1413 1159 1788 1228 προκάθηνται
1843 1157 1939 1225 μὲν

371 1251 687 1319 προφητῶν,
711 1251 1085 1322 κροκάθηνται
1109 1251 1165 1305 δὲ
1187 1251 1300 1303 τῶν
1331 1247 1747 1302 συναποστόλων
1773 1265 1789 1280 ο
1831 1247 1939 1300 τῶν

371 1342 494 1410 μὲν,
525 1342 606 1395 ὅτι
633 1343 746 1404 ῗτὰς
794 1342 1017 1398 ἐκείνων
1053 1345 1240 1413 ῥήσεις
1305 1342 1608 1412 ἐκύρωσαν,
1654 1344 1750 1392 καὶ
1795 1340 1939 1402 ἅπερ

365 1433 594 1497 ἐκείνοις
621 1429 689 1505 ἦν
715 1435 774 1486 ὲν
794 1437 1003 1503 ἐφέσει,
1027 1436 1234 1497 τούτοις
1275 1435 1333 1487 ἐν
1362 1434 1679 1496 ἀπολαύσει,
1705 1433 1936 1504 προέϐη,

261 1575 270 1579 -
291 1523 316 1543 ’
363 1523 476 1578 τῶν
501 1521 556 1578 δὲ
581 1525 662 1578 ὅτι
687 1543 745 1578 τε
769 1526 859 1583 τὸν
880 1526 1155 1598 Δεσπότην
1190 1525 1346 1598 ἐσίλη
1357 1543 1453 1578 σαν
1479 1525 1642 1578 πλέον
1697 1527 1934 1588 πάντων,

366 1619 461 1672 καὶ
531 1617 870 1688 ἠγωνίσαντο
917 1617 1082 1674 πλέον
1138 1619 1378 1672 πάντων.
1444 1615 1828 1688 Προκάθηνται
1879 1615 1938 1668 δὲ

367 1706 665 1776 μαρτύρων
693 1707 827 1776 ὁμοῦ
861 1707 954 1760 καὶ
971 1707 1134 1761 ὁσίων
1164 1723 1181 1740 °
1218 1707 1352 1776 πρὸς
1379 1707 1621 1769 ἐκείνους
1655 1708 1762 1778 γάρ
1791 1705 1936 1760 οὗτοι

364 1796 672 1864 βλέποντες,
704 1799 754 1850 οἱ
791 1799 890 1868 μὲν
917 1801 1053 1870 πρὸς
1084 1801 1313 1868 ὁρκτοὺς
1341 1799 1482 1868 ὁμοῦ
1527 1803 1622 1851 καὶ
1663 1800 1935 1868 ἀοράτους

361 1887 608 1958 ἐχθροὺς,
641 1889 688 1942 οἱ
737 1889 792 1942 δὲ
829 1891 964 1960 πρὸς
1021 1891 1219 1960 μόνους
1257 1891 1592 1945 ἀπεδύσαντο
1647 1893 1772 1956 τοὺς
1815 1893 1934 1945 δευ-

359 1981 574 2050 τέρους.
621 1982 1002 2054 Προκάθηνται
1059 1985 1127 2038 δι’
1173 1984 1388 2055 ἱερέων,
1433 1985 1535 2038 ὅσα
1579 1983 1674 2037 καὶ
1729 1985 1937 2038 παίδων

365 2075 602 2142 πατέρες
633 2091 648 2106 ο
677 2075 1050 2145 προκάθηνται
1077 2079 1298 2132 πάντων
1319 2077 1458 2146 ὁμοῦ
1491 2077 1671 2131 πάντα
1717 2077 1937 2130 πάντων

369 2163 828 2234 ὑπερϐαλόμενοι.
883 2168 992 2222 Καὶ
1022 2171 1160 2222 πᾶσι
1197 2171 1376 2222 πάντα
1409 2170 1522 2232 τοῖς
1573 2168 1939 2236 ἐπικαλουμέ-

364 2267 476 2314 νοις
511 2252 709 2317 αὐτοὺς
743 2256 1007 2322 γίνονται.
1046 2257 1216 2312 Τοῦτο
1261 2261 1372 2329 γὰρ
1399 2261 1533 2312 αὐτὸ
1579 2260 1673 2312 καὶ
1727 2261 1940 2330 περιόν-

364 2360 452 2406 τες
480 2343 561 2400 ἔτι
591 2348 920 2419 παρείχοντο
949 2351 1200 2416 ἑαυτοὺς,
1235 2351 1493 2419 καὶπρὸς
1537 2351 1694 2405 τοῦτο
1730 2352 1938 2423 προθύ-

363 2451 494 2502 μους
529 2437 688 2508 ίσμεν
718 2441 914 2502 αὐτοὺς
967 2444 1348 2513 γιγνομένους,
1381 2444 1510 2506 τοὺς
1549 2445 1785 2511 Χριστοῦ
1819 2447 1941 2500 στό-

365 2544 440 2596 μα
467 2526 611 2596 λέγω
645 2533 1078 2603 γεγενημένους,
1126 2535 1254 2598 τοὺς
1303 2535 1471 2605 σκεύη
1525 2536 1627 2606 τῆς
1686 2537 1938 2606 ἐκλογῆς.

357 2617 487 2679 τοὺς
521 2617 809 2688 θεμελίους
839 2624 935 2690 τῆς
969 2624 1314 2694 Ἐκκλησίας,
1341 2626 1468 2687 τοὺς
1493 2627 1693 2696 ταμίας
1723 2626 1829 2680 τῶν
1855 2628 1942 2680 οὗ·

361 2709 564 2778 ρανῶν,
591 2712 715 2775 τοὺς
746 2713 838 2766 τοῦ
877 2715 1128 2786 Σωτῆρος
1173 2717 1503 2794 ἀκολούθους
1537 2719 1631 2770 καὶ
1673 2719 1940 2786 μιμητὰς,

355 2802 482 2864 τοὺς
514 2804 638 2871 μετ’
657 2805 864 2860 ἐκεῖνον
887 2808 988 2872 τῆς
1040 2809 1368 2880 οἰκουμένης
1429 2811 1704 2878 σωτῆρας.
1758 2811 1940 2864 Ταῦτα

353 2893 452 2946 καλ
479 2892 686 2949 τούτων
714 2895 797 2950 ἔτι
823 2898 994 2952 πλείω
1024 2918 1079 2951 τε
1110 2903 1204 2954 καὶ
1245 2902 1344 2970 οὐχ
1396 2903 1566 2972 ἥττω,
1612 2894 1693 2965 οἷς
1736 2903 1802 2955 ἀν
1857 2916 1942 2962 τις

353 2983 576 3054 θαρρῶν
598 2987 882 3057 χρήσαιτο,
931 2991 1223 3060 ἀηττήτοις
1271 2994 1600 3062 προμάχοις,
1671 2993 1940 3065 ἀρῤαγέσι

357 3077 672 3146 προῦόλοις,
712 3082 1015 3151 ἀγρύπνοις
1067 3083 1288 3152 φύλαξι,
1337 3087 1678 3157 παρηγόροις
1729 3088 1787 3138 ὲν
1849 3086 1940 3140 λύ-

2054 615 2183 669 Vere
2221 615 2420 668 emtum
2457 612 2607 682 prius
2658 611 2872 680 plantas
2923 604 3326 677 progener-abit,
3353 613 3406 655 ct
3437 601 3615 656 stellis

2048 717 2190 759 terra
2233 703 2582 774 insigniettlr,
2625 718 2789 771 quam
2848 716 2950 768 ego
2993 698 3280 759 allirmem,
3331 694 3612 763 apostolos

2045 799 2179 852 istos
2229 799 2280 850 in
2319 796 2576 850 omnibus
2633 804 2686 848 et
2737 807 2904 862 super
2953 804 3142 844 omnes
3182 803 3291 841 non
3343 785 3610 840 eminere.

2043 889 2176 944 Nam
2212 889 2335 942 licet
2378 896 2620 954 tempore
2653 890 2775 938 ‘non
2829 881 3232 935 anteverterim
3277 891 3490 939 omnes,
3534 885 3616 927 ta-

2044 997 2167 1036 men
2209 991 2262 1034 et
2295 979 2550 1032 secundis
2589 991 2694 1030 non
2739 974 3034 1039 mediocria
3087 969 3424 1042 capessenda
3483 981 3612 1035 pro-

2042 1085 2344 1144 ponuntur,
2377 1083 2432 1126 et
2459 1072 2548 1126 isti
2591 1072 2774 1125 omnia
2803 1068 3059 1139 praeclare
3093 1068 3232 1122 facta
3265 1065 3319 1119 in
3362 1077 3422 1118 se
3465 1075 3613 1116 com-

2044 1163 2206 1232 plexi,
2251 1162 2530 1224 omnibus,
2568 1174 2732 1222 quam
2783 1159 3020 1213 maxime
3068 1157 3185 1212 ﬁeri
3222 1163 3424 1224 potest.
3461 1159 3614 1205 ante-

2043 1266 2344 1328 ponuntur.
2397 1255 2702 1314 Praesident
2761 1253 3064 1324 prophetis,
3116 1250 3408 1322 prmsident
3438 1256 3493 1302 et
3519 1261 3611 1298 ro-

2043 1347 2522 1416 apostoliszillis,
2582 1347 2710 1416 quia
2775 1359 2962 1398 eorum
3025 1341 3247 1396 oracula
3311 1339 3608 1392 contirma-

2043 1447 2188 1502 runt,
2218 1447 2274 1494 et
2310 1453 2430 1506 qua:
2479 1436 2587 1491 illis
2619 1443 2780 1490 erant
2817 1434 2870 1486 in
2906 1430 3130 1500 optatis.
3169 1429 3361 1482 horum
3396 1425 3609 1480 fruetus
3685 1469 3690 1472 .

2041 1534 2150 1588 illis
2182 1546 2488 1587 concessus
2515 1541 2631 1594 est;
2672 1528 2818 1592 istis,
2865 1527 2993 1596 quia
3025 1525 3146 1594 plus
3177 1521 3392 1582 caeteris
3424 1518 3610 1572 Domi-

2041 1640 2168 1678 num
2203 1623 2518 1680 dilexerunt
2571 1631 2626 1676 et
2675 1621 2829 1688 plura
2875 1632 3037 1681 quam
3093 1613 3274 1668 caueri
3310 1611 3608 1666 certamina

2040 1717 2347 1771 subierunt.
2383 1713 2686 1768 Praesident
2735 1711 2961 1778 insuper
3011 1704 3342 1775 martyribus
3378 1701 3610 1771 aliisque

2041 1807 2267 1862 sanctis.
2324 1807 2402 1860 Ad
2459 1805 2585 1859 illos
2647 1803 2792 1858 enim
2859 1799 3218 1869 respicientes
3265 1793 3487 1860 quidam
3552 1802 3609 1847 et

2039 1914 2162 1953 cum
2197 1895 2616 1967 aspectabilibus
2649 1903 2703 1949 et
2753 1910 2876 1947 cum
2909 1887 3390 1959 inaspectahilibus
3419 1884 3611 1939 adver-

2038 1989 2200 2046 sariis
2253 1989 2304 2040 in
2355 2002 2575 2042 arenam
2607 1983 3038 2047 descenderunt;
3095 1981 3184 2033 alii
3243 1987 3452 2032 tantum
3483 1990 3607 2029 cum

2038 2079 2547 2150 inaspectahilibus.
2581 2077 2884 2131 Prmsident
2928 2070 3330 2132 sacerdotibus,
3369 2076 3426 2120 ut
3457 2051 3612 2136 pater

2039 2173 2192 2228 ﬁliis.
2229 2171 2529 2228 Praesident
2561 2169 2817 2225 omnibus
2846 2166 3010 2224 simul
3043 2178 3234 2219 omnes
3263 2163 3314 2216 in
3353 2159 3611 2214 omnibus

2041 2267 2407 2337 supergressi,
2444 2275 2499 2319 et
2545 2263 2803 2318 omnibus
2872 2276 2932 2316 se
2984 2255 3368 2312 invocantibus
3425 2253 3609 2306 omnia

2041 2361 2191 2428 farti,
2225 2359 2408 2414 ethoc
2465 2357 2666 2428 ipsum,
2717 2370 2842 2410 cum
2907 2352 3088 2406 adhuc
3129 2352 3182 2404 in
3231 2358 3374 2402 terra
3423 2361 3609 2415 supcr-

2041 2453 2201 2508 Stites
2249 2455 2453 2511 essent,
2515 2455 2768 2518 prompte
2830 2443 3086 2498 omnibus
3143 2439 3496 2510 prtestabant,
3554 2445 3610 2490 et

2042 2544 2255 2597 alacres
2284 2557 2362 2602 se,
2398 2549 2454 2594 ιιι
2480 2530 2714 2610 singulis
2745 2536 3208 2607 gratiﬁcarentur,
3255 2529 3609 2586 exhibebant.

2040 2634 2122 2690 Illi
2158 2635 2390 2694 scilicet,
2425 2633 2519 2704 qui
2549 2647 2612 2685 os
2640 2629 2844 2682 Christi
2905 2635 3084 2689 erant,
3138 2637 3268 2678 vasa
3305 2608 3611 2685 t-Izetioiiis,

2043 2727 2395 2782 fundamenta
2440 2723 2718 2788 Ecclesiae,
2766 2729 3070 2792 quaestores
3113 2718 3400 2782 coriorum,
3427 2714 3584 2768 Salva

2044 2820 2178 2874 toris
2205 2817 2360 2888 pedis
2393 2817 2517 2886 equi
2579 2825 2634 2870 et
2689 2811 3044 2876 imitatores;
3105 2819 3162 2866 ct
3245 2821 3368 2878 post
3435 2807 3612 2868 illum,

2042 2911 2194 2967 orbis
2247 2921 2516 2965 terrarum
2579 2917 2911 2963 servatores.
2981 2905 3110 2960 Ha‘c
3166 2911 3378 2959 suntet
3436 2903 3612 2969 plura,

2040 3019 2142 3058 nec
2181 3003 2392 3056 minora
2424 3001 2509 3054 his
2534 3006 2854 3070 supersunt,
2897 2997 3274 3064 apostolorum
3312 2994 3609 3065 praeconia,

2042 3107 2181 3164 quos
2203 3093 2340 3160 ‘quis
2378 3089 2610 3144 ﬁdenter
2673 3089 2776 3143 sibi
2835 3087 3089 3152 asciscat,
3149 3095 3408 3153 tanquam
3469 3083 3613 3136 invi-

357 3184 510 3233 παις,
535 3171 592 3222 ἐν
615 3171 886 3236 κινδύνοις
913 3175 1163 3246 ρύσταις,
1213 3178 1420 3249 ἰατροῖς
1461 3179 1522 3230 ὲν
1565 3181 1764 3246 νόσοις,
1805 3197 1930 3232 συν-

2042 3194 2160 3238 ctos
2187 3192 2643 3252 propugnatores,
2697 3177 3101 3248 propugnacula
3138 3174 3608 3244 inexpugnabilia.

355 3259 632 3315 οδεύουσιν
670 3265 720 3316 εί
766 3265 964 3328 ὁδεύοι,
995 3266 1362 3337 κυϐερνήταις
1387 3270 1436 3323 εἰ
1490 3270 1664 3336 πλέοι,
1693 3270 1802 3336 ζῶν
1825 3290 1928 3343 κη-

353 3351 564 3424 δεμόσι,
597 3357 692 3410 καὶ
721 3357 898 3412 θανὼν
923 3361 1364 3432 ἀντιλὴπτορσιν.

2039 3275 2298 3330 Custodes
2323 3271 2632 3342 vigilantes,
2685 3268 3059 3321 consolatores
3112 3265 3166 3318 in
3223 3262 3493 3323 adversis,
3554 3261 3608 3314 in

2045 3363 2307 3434 periculis
2341 3363 2685 3423 liberatores,
2723 3361 2774 3412 in
2815 3358 3021 3412 morbis
3055 3357 3319 3419 medicos,
3358 3355 3638 3436 coinites‘,‘

357 3451 403 3502 si
435 3453 560 3520 quis
603 3455 705 3510 iter
753 3453 952 3524 faciat,
985 3458 1400 3530 gubernatores,
1439 3461 1486 3517 si
1513 3465 1639 3532 quis
1674 3467 1932 3536 naviget,
1973 3479 2116 3536 quos
2159 3463 2284 3532 quis
2329 3460 2517 3513 virens
2562 3465 2870 3521 curatores,
2915 3462 2970 3508 et
3017 3461 3265 3506 mortuos
3330 3451 3612 3519 adjutores

359 3543 424 3596 Ira
435 3545 544 3598 bet.

427 3635 529 3696 Ὧν
553 3646 619 3714 τῇ
642 3647 948 3717 προστασίᾳ
971 3649 1062 3702 καὶ
1093 3649 1317 3723 βοηθείᾳ
1344 3653 1444 3724 ἤδη
1475 3655 1646 3724 κάμοὶ
1673 3657 1811 3726 πρὸς
1839 3656 1930 3713 τέ-

355 3732 448 3795 λος
479 3733 708 3801 ὁλόγος,
741 3735 818 3800 ὡς
880 3739 961 3801 είς
999 3737 1196 3808 λιμένα
1246 3743 1519 3813 καταίρει.
1586 3745 1770 3798 Πάντα
1833 3746 1932 3816 μὲν

355 3821 450 3878 οὖν
481 3825 569 3880 διὰ
600 3827 836 3896 πάντων,
861 3829 923 3883 εὖ
961 3831 1104 3899 μάλα
1129 3835 1240 3896 τοῖς
1270 3835 1590 3898 ἀποστόλοις
1643 3839 1930 3907 εἴργασται

355 3921 450 3972 καὶ
479 3921 811 3976 τετέλεσται.
847 3923 914 3976 Τί
941 3925 1052 3994 γάρ
1083 3941 1098 3990 ;
1141 3925 1250 3978 ἔδει
1283 3925 1362 3996 τῷ
1421 3928 1642 3996 Χριστῷ
1701 3933 1932 3998 προσελ-

355 4015 508 4078 θείν;
560 4014 893 4086 Προσῆλθον.
943 4017 1228 4087 Πανταχοῦ
1265 4018 1538 4089 κηρύξαις
1594 4021 1924 4091 Ἐκήρυξαν.

356 4104 542 4157 Πάντα
565 4105 745 4168 καλῶς
775 4105 1185 4173 ἀγωνίσασθαις
1236 4107 1618 4176 Ἠγωνίσαντο.
1665 4111 1928 4182 Ἐφάμιλ-

351 4197 444 4248 λον
464 4197 524 4250 τὸ
548 4197 720 4266 πέρας
768 4200 888 4260 ταῖς
943 4199 1207 4271 πράξεσιν
1256 4200 1552 4266 ὲπιθεῖναι;
1594 4201 1925 4270 Ἐπέθηκαν.

351 4289 592 4352 Θάνατος
622 4292 729 4358 γὰρ
767 4290 907 4361 ὑπὲρ
940 4291 1178 4362 Χριστοῦ
1217 4291 1386 4362 βίαιος
1410 4293 1742 4364 παρέπεμψε
1789 4295 1926 4366 πρὸς

353 4381 611 4450 Χριστόν.
639 4384 750 4436 Καὶ
792 4385 820 4436 ὁ
850 4383 1010 4436 τοῦτο
1048 4384 1282 4438 κελεύων
1314 4385 1527 4455 Νέρων,
1569 4387 1627 4449 ὃς
1685 4389 1922 4455 ἐκφανέ-

253 4523 272 4544 \
353 4483 524 4520 στατα
557 4467 861 4536 ἀνθρώπων
889 4470 1090 4537 ἔδειξεν
1125 4474 1157 4542 ἦ
1196 4474 1356 4542 μόνος
1401 4475 1435 4542 ἢ
1503 4476 1766 4544 μάλιστα,
1823 4479 1922 4530 ὅσα

353 4560 448 4612 καὶ
483 4559 646 4628 ἡλίκα
673 4563 848 4614 ποιεῖν
873 4565 1015 4632 ἀρχὴ
1048 4570 1194 4634 κακὴ
1225 4566 1448 4620 δύναται
1479 4569 1650 4622 κακοῦ
1683 4570 1924 4641 τυχοῦσα

2109 3649 2353 3716 Quorum
2418 3645 2586 3697 ductu
2656 3650 2710 3698 et
2765 3641 2971 3694 auxilio
3031 3638 3164 3692 mihi
3215 3637 3327 3706 jam
3389 3652 3610 3706 quoque

2035 3743 2214 3798 oratio
2274 3740 2343 3794 ad
2402 3738 2583 3800 ﬁnem,
2639 3734 2788 3788 velut
2834 3735 2900 3785 ad
2959 3741 3201 3800 portum,
3266 3731 3604 3798 provehitur.

2036 3834 2230 3890 Omnia
2263 3831 2431 3900 igitur
2476 3823 2530 3882 et
2593 3841 2688 3895 per
2751 3823 2936 3880 omnia
2996 3823 3258 3892 apostolis
3313 3821 3602 3873 admoJum

2037 3927 2206 3996 probe
2265 3931 2480 3992 peracta
2541 3926 2692 3973 sunt.
2755 3915 2896 3980 Quid
2958 3913 3144 3985 enim?
3199 3915 3278 3966 Ad
3321 3914 3604 3967 Christum

2034 4019 2321 4090 Oportebat
2365 4011 2666 4068 accedere?
2718 4011 3109 4063 Accesseiuot.
3143 4006 3360 4074 Ubique
3411 4007 3612 4074 pracdi-

2033 4111 2196 4166 care?
2240 4108 2634 4162 Praedicarunt.
2684 4103 2742 4156 lu
2800 4101 3056 4156 omnibus
3098 4099 3296 4154 bonum
3330 4109 3606 4153 certamen

2031 4199 2624 4257 certare?Certarunt.
2657 4193 2903 4248 Similem
2951 4192 3112 4246 linem
3151 4191 3462 4245 actionibus
3502 4190 3606 4243 itu-

2031 4293 2278 4363 ponerc?
2310 4292 2715 4358 imposuerunt.
2746 4284 2996 4340 Violenta
3037 4286 3185 4338 enim
3238 4299 3338 4352 pro
3389 4282 3608 4336 Christo

2031 4398 2288 4454 suscepta
2327 4399 2474 4437 mors
2507 4381 2574 4436 ad
2601 4381 2881 4435 Christum
2928 4377 3048 4432 illos
3079 4375 3405 4430 transmisit.
3434 4373 3605 4442 Cujus

2032 4479 2225 4532 mortis
2280 4485 2474 4530 auctor
2520 4473 2688 4538 Nero,
2725 4472 2815 4542 qui
2863 4469 2942 4526 vel
2987 4471 3162 4535 solus,
3200 4469 3282 4524 vel
3333 4471 3605 4538 praacipne

2032 4569 2342 4624 luculenter
2376 4567 2652 4631 ostendit,
2683 4573 2891 4636 quanta
2923 4575 2978 4618 et
3015 4563 3198 4632 qualia
3230 4563 3473 4618 facinora
3502 4565 3604 4617 iiii-

349 4651 446 4704 τοῦ
480 4651 812 4736 ἐφεστῶτος.
839 4655 954 4708 Νῦν
979 4657 1037 4709 δὲ
1064 4657 1144 4727 τῷ
1185 4660 1405 4730 Χριστῷ
1437 4662 1690 4723 συνόντες
1745 4666 1802 4715 ἐν
1835 4664 1923 4716 οὒ·-

2037 4666 2237 4736 perium
2276 4676 2494 4734 patrare
2525 4664 2718 4730 possit,
2749 4663 2795 4714 si
2841 4661 3041 4713 malum
3073 4657 3357 4726 praesidem
3408 4659 3600 4711 nanci-

352 4745 558 4812 ρανοῖς,
583 4733 629 4810 ᾧ
655 4747 748 4799 καὶ
780 4745 873 4798 ἐπὶ
901 4747 1003 4815 γῆς
1037 4749 1278 4818 συνῆσαν
1315 4749 1634 4820 ἀχώριστοι,
1681 4751 1922 4822 ἀπέραν-

233 4894 251 4907 ο
345 4852 411 4888 τι
434 4834 740 4906 χαίρουσιν.

428 5015 586 5085 Ἐμοί
609 5015 666 5070 δὲ
691 5014 838 5070 δοκεῖ
865 5015 962 5071 καὶ
1011 5016 1087 5078 ὡς
1133 5018 1193 5072 ὲν
1243 5019 1530 5090 κεφαλαίῳ
1573 5021 1682 5074 τῶν
1746 5022 1924 5092 λόγων

347 5109 717 5175 προσειπόντα
747 5109 875 5172 τοὺς
903 5111 1238 5175 ἀποστόλους
1266 5113 1361 5164 καὶ
1405 5111 1798 5183 ἐπευξάμενον,
1823 5116 1920 5169 αὑ-

345 5199 474 5254 τίκα
494 5200 674 5254 δοῦναι
700 5203 777 5272 τῷ
803 5204 946 5273 λόγῳ
969 5203 1184 5270 στῆναι.
1218 5204 1456 5274 Χαίρετε
1501 5203 1618 5273 οὖν,
1647 5201 1693 5259 ὦ
1741 5207 1921 5276 μακά-

347 5307 476 5362 ριοι,
503 5293 744 5361 χαίρετε,
773 5291 1010 5364 Χριστοῦ
1039 5295 1300 5366 μαθηταί.
1335 5297 1597 5367 Χαίρετε,
1616 5299 1714 5367 τῆς
1737 5301 1918 5352 οίκου-

347 5383 516 5453 μένης
547 5384 878 5440 διδάσκαλοι.
921 5385 1032 5439 Καὶ
1060 5389 1172 5456 γὰρ
1203 5389 1425 5457 χαίρετε
1467 5388 1604 5458 πρὸς
1643 5385 1726 5452 οἷς
1780 5393 1920 5444 ἀπο-

345 5475 560 5542 λαύετε,
616 5478 679 5530 το
737 5478 1003 5549 ὑμέτερον
1047 5479 1302 5548 ποίμνιον
1347 5480 1556 5535 ἀνωθεν
1611 5482 1920 5552 ἐφορῶντες

343 5565 424 5626 εἰς
451 5561 564 5619 οἷον
611 5565 731 5618 ἀνθ’
769 5565 884 5620 οῖου
923 5571 1044 5631 ταῖς
1097 5569 1186 5622 ἀεὶ
1227 5569 1568 5642 προσθήκαις
1627 5573 1915 5628 ἐπέδωκεν.

341 5656 406 5709 Ei
439 5657 596 5728 μήτι
625 5661 980 5730 παραιρεῖται
1031 5661 1130 5730 τῆς
1159 5660 1355 5732 ἡδονῆς
1405 5662 1462 5716 τὸ
1500 5664 1625 5726 τοὺς
1673 5666 1920 5720 ἅπαντα·

345 5741 444 5814 χοῦ
466 5746 571 5816 γῆς
601 5745 694 5800 τὸν
723 5747 822 5801 ἕνα
859 5747 1097 5818 Χριστὸν
1125 5739 1634 5820 ἐπικαλεσαμένους
1675 5754 1810 5807 Θεὸν
1848 5755 1918 5808 δι’

347 5834 524 5906 ὑμῶν,
552 5839 618 5908 τῇ
644 5835 738 5892 τοῦ
795 5839 1033 5909 πονηροῦ
1063 5841 1391 5913 κακοτεχνίᾳ
1421 5843 1669 5916 πολλαχῆ
1697 5847 1915 5903 διεσπῶ

2031 4766 2237 4813 scatur.
2265 4755 2420 4810 Nunc
2448 4763 2631 4832 autem
2666 4769 2788 4808 cum
2812 4751 3032 4806 Christo
3058 4749 3110 4802 in
3131 4749 3288 4803 cwlis
3317 4749 3597 4817 degente,

2031 4851 2119 4904 cui
2147 4849 2312 4904 etiam
2345 4851 2398 4902 in
2429 4847 2591 4902 terris
2617 4842 3064 4914 inseparabiliter
3085 4841 3450 4904 adhaeserant,
3481 4840 3603 4893 sine

2031 4941 2138 4995 ﬁne
2159 4939 2460 4994 exsultant.

2101 5030 2214 5099 Ego
2253 5043 2381 5083 vero
2409 5027 2722 5082 consultum
2761 5039 2960 5081 censeo
2996 5031 3077 5086 ut,
3117 5021 3245 5092 quia
3277 5021 3330 5075 in
3358 5019 3596 5074 termino

2031 5135 2344 5183 versamur,
2385 5119 2665 5190 apostolos
2695 5117 3016 5188 compellem
3059 5125 3116 5169 et
3147 5116 3417 5174 invocem,
3451 5127 3598 5164 mox-

2027 5227 2135 5282 que
2160 5227 2383 5266 cursum
2435 5213 2651 5266 sistam.
2703 5209 2922 5285 Salvete
2970 5207 3157 5274 igitnr,
3201 5221 3236 5258 ο
3278 5201 3443 5257 beati.
3481 5202 3603 5254 Sal-

2027 5312 2170 5368 vete,
2211 5303 2414 5357 Christi
2461 5303 2737 5372 discipuli,
2769 5303 2935 5356 totius
2971 5302 3124 5354 orbis
3157 5297 3422 5364 magistri.
3455 5294 3598 5348 Gall-

2025 5395 2170 5450 detis
2197 5395 2398 5449 etenim
2459 5397 2600 5449 inter
2663 5395 2882 5465 gaudia,
2935 5396 3138 5464 quibus
3173 5395 3224 5446 in
3276 5391 3420 5446 ccelo
3463 5388 3602 5442 frui-

2024 5485 2184 5552 mini,
2219 5488 2443 5556 quando
2486 5496 2726 5542 vestrum
2770 5502 2984 5556 gregem
3035 5483 3369 5554 quotidianis
3417 5481 3601 5535 incre-

2026 5578 2228 5634 mentis
2253 5589 2472 5632 auctum
2509 5580 2790 5648 aspicitis;
2826 5579 2929 5634 nisi
2977 5576 3182 5647 aliquid
3213 5567 3280 5630 de
3321 5573 3599 5640 voluptate

2024 5671 2298 5739 decerpat,
2348 5673 2494 5740 quod
2543 5673 2637 5740 qui
2691 5671 2892 5741 ubique
2945 5680 3212 5726 terrarum
3252 5685 3282 5723 a
3320 5667 3476 5722 vobis
3509 5668 3599 5718 in-

2024 5759 2203 5814 stituti
2238 5776 2406 5815 unum
2436 5761 2737 5830 Christum,
2782 5772 2841 5816 ut
2893 5763 3084 5826 Deum,
3133 5765 3409 5827 invocant,
3441 5777 3602 5816 caco-

2027 5851 2292 5909 dazmonis
2340 5853 2544 5910 malitia
2593 5854 2949 5910 multilaiiam
2993 5855 3213 5910 dissecti
3254 5858 3402 5919 sunt;
3450 5862 3598 5906 recta
