4066 6452
532 359 671 423 1115

1836 355 1887 412 Μ
1903 356 1938 411 Α
1952 356 1996 413 Χ
2009 357 2024 414 l
2039 353 2130 414 Mi“
2174 350 2566 413 PLANU'D.E‘

3672 336 3795 401 1116

527 488 634 543 ter,
665 485 720 531 et
749 477 1107 543 intelligentia
1144 476 1389 531 omnium
1425 475 1587 531 trium
1620 466 1815 543 Filius,
1839 486 1893 531 et
1945 474 2131 529 cbari-
2162 473 2211 533 Α
2238 472 2441 526 donum
2483 470 2575 523 Dei
2608 468 2713 525 nisi
2749 467 2990 539 Spiritus
3020 472 3247 521 sanctus
3275 479 3291 531 ;
3321 477 3420 517 nec
3442 460 3510 516 de
3533 477 3638 531 quo
3660 463 3797 530 geni-

532 580 614 627 tas
654 572 902 625 omnium
956 574 1118 625 trium
1160 572 1401 641 Spiritus
1432 578 1682 633 sanctus,
1741 571 1900 639 quasi
1963 571 2123 624 Pater

530 682 633 718 nec
665 666 934 732 intelligat
968 667 1070 720 sibi
1108 681 1205 720 nec
1234 667 1420 734 diligat
1454 682 1470 734 ;
1501 667 1594 720 sed
1631 665 1678 718 ei
1715 662 1889 717 Filius
1917 663 2121 717 intelli-

529 769 640 824 gat,
677 772 729 811 et
764 759 1002 829 Spiritus
1032 754 1257 816 sanctus
1288 762 1335 814 ei
1359 762 1574 832 diligat,
1597 761 1713 829 ipse
1744 771 1927 814 autem
1954 759 2125 813 sibiet

527 851 638 906 illis
666 859 881 906 tantum
909 854 1213 907 n’temincrit
1236 871 1251 922 ;
1277 865 1329 907 ct
1352 853 1523 908 Filius
1542 868 1642 908 nec
1674 854 2003 915 meminerit,
2025 866 2126 905 nec

528 947 718 1018 diligat
743 949 869 1013 sibi,
899 947 994 1001 sed
1022 933 1333 1002 meminerit
1362 947 1409 1001 ei
1455 946 1637 1007 Pater,
1707 954 1762 1000 ct
1829 946 2021 1016 diligat
2074 946 2124 1001 ei

529 1039 769 1110 Spiritus
812 1052 1062 1099 sanctus.
1094 1041 1212 1110 ip~e
1245 1049 1501 1094 autemet
1532 1039 1637 1095 sibi
1665 1052 1715 1095 et
1743 1038 1847 1095 illis
1884 1028 2126 1094 tanturn-

529 1131 696 1187 modo
718 1133 1014 1204 intelligat;
1049 1133 1293 1201 itemque
1330 1130 1572 1202 Spiritus
1601 1142 1835 1187 sanctus
1875 1148 1976 1187 nec
2009 1148 2126 1187 me-

528 1222 771 1284 minerit,
800 1240 904 1279 nec
936 1224 1207 1294 intelligat
1240 1224 1367 1288 sibi,
1401 1224 1496 1279 sed
1527 1224 1907 1279 incinineritei
1940 1224 2122 1291 Pater,

528 1326 582 1368 et
613 1315 954 1385 intelligatei
977 1315 1176 1379 Filius,
1203 1318 1320 1386 ipse
1346 1325 1529 1372 autem
1582 1325 1636 1372 et
1668 1317 1774 1371 sibi
1814 1330 1867 1373 et
1891 1319 1997 1371 illis
2017 1335 2126 1373 non

531 1407 636 1460 nisi
660 1407 849 1478 diligat
877 1424 892 1464 :
929 1409 1021 1462 sed
1048 1409 1128 1481 sic
1164 1410 1366 1479 potius,
1403 1419 1462 1463 ut
1500 1410 1681 1464 omnia
1715 1410 1815 1464 tria
1849 1419 1901 1465 et
1933 1426 2128 1468 omnes

528 1506 580 1549 ct
611 1497 813 1567 singuli
851 1498 1090 1553 habeant
1124 1499 1179 1554 in
1222 1515 1320 1555 sua
1352 1499 1588 1569 quisque
1624 1510 1823 1556 natura
1853 1520 1867 1566 ;
1907 1517 2010 1557 nec
2045 1502 2131 1556 di-

529 1596 676 1643 stent
709 1588 761 1643 in
796 1590 876 1644 eis
910 1589 1039 1655 ista,
1071 1591 1215 1646 sicut
1246 1592 1300 1645 in
1340 1593 1496 1646 nobis
1533 1592 1682 1647 aliud
1716 1603 1801 1648 est
1840 1591 2127 1663 memoria,

529 1685 674 1740 atiud
717 1697 803 1743 est
834 1688 1218 1758 intelligentia.
1252 1688 1401 1743 aliud
1428 1689 1648 1744 dilectio
1675 1692 1790 1746 sive
1842 1692 2125 1761 cltaritas;

529 1778 624 1832 sed
657 1796 822 1833 utan
853 1781 1060 1850 aliquid
1088 1783 1159 1837 sit
1190 1783 1340 1852 quod
1373 1784 1559 1837 omnia
1594 1785 1791 1846 valeat.
1839 1788 1984 1842 sicut
2036 1806 2126 1843 sa-

529 1867 761 1934 pientia,
788 1879 843 1923 et
873 1872 955 1925 sic
987 1870 1256 1927 habeatur
1311 1874 1365 1929 in
1428 1874 1861 1948 uniuscujusque
1907 1890 2128 1948 natura,

529 1970 590 2012 ut
654 1962 747 2031 qui
792 1963 976 2027 habet.
1021 1966 1125 2021 hoc
1151 1968 1392 2035 sitquod
1428 1968 1616 2031 habet.
1667 1972 1818 2027 sicut
1870 1975 2130 2030 immuta-

530 2052 653 2108 bilis
688 2056 1033 2128 simplexque
1064 2060 1401 2119 substantia.

600 2146 658 2203 Si
697 2164 831 2222 ergo
860 2152 975 2207 haec
999 2154 1274 2212 intellecta
1307 2169 1459 2226 sunt,
1492 2171 1546 2218 et
1583 2173 1849 2235 quantum
1884 2165 2120 2220 nobisin

529 2239 695 2297 rebus
728 2244 895 2299 tantis
923 2246 1111 2302 videre
1159 2260 1217 2305 et
1264 2254 1587 2320 conjectare
1643 2273 1967 2313 concessum
2017 2268 2149 2331 cst,_

526 2348 655 2389 vera
692 2351 818 2392 esse
850 2339 1189 2408 claruerunt,
1224 2347 1411 2399 nescio
1441 2362 1543 2401 cur
1578 2365 1687 2404 non
1723 2352 1870 2406 sicut
1898 2351 2125 2422 sapien-

490 2468 499 2471 -
527 2425 628 2493 tia,
670 2436 725 2481 ct
754 2429 915 2484 Pater
945 2432 1152 2487 dicitur
1182 2446 1237 2489 et
1276 2435 1475 2504 Filius,
1497 2448 1553 2494 et
1582 2441 1822 2511 Spiritus
1873 2455 2123 2511 Sanctus,

527 2526 583 2570 et
620 2518 787 2574 simul
827 2536 1019 2578 omnes
1054 2540 1163 2580 non
1205 2535 1338 2596 tres,
1373 2532 1468 2584 sed
1523 2547 1630 2587 una
1688 2533 1966 2605 sapientia
2004 2552 2019 2603 ;
2054 2538 2124 2591 ita

527 2607 865 2673 cbaritas,ct
889 2612 1051 2667 Pater
1077 2615 1300 2670 dicainr
1329 2626 1383 2671 et
1421 2620 1592 2676 Filius
1623 2632 1677 2677 et
1711 2623 1952 2692 Spiritus
1981 2642 2125 2681 san-

530 2715 561 2755 c
586 2716 677 2766 us,
702 2711 757 2758 et
779 2705 947 2761 simul
970 2723 1162 2766 omnes
1186 2729 1293 2767 una
1315 2714 1581 2769 cltaritas.
1603 2716 1696 2772 Sic
1713 2722 1858 2773 enim
1883 2728 1936 2775 et
1960 2720 2127 2775 Pater

524 2790 692 2858 Deus,
729 2806 785 2850 et
814 2794 989 2854 Filius
1040 2800 1209 2864 Deus.
1254 2816 1309 2859 et
1339 2806 1585 2873 Spiritus
1614 2821 1843 2868 sanctus
1873 2811 2039 2878 Deus,
2069 2822 2125 2869 et

526 2886 690 2940 simul
748 2902 939 2945 omnes
972 2910 1117 2950 unus
1154 2894 1316 2952 Deus.
1349 2899 1411 2953 Et
1451 2910 1634 2958 tamen
1670 2921 1781 2959 non
1828 2905 2032 2960 frustra
2068 2907 2125 2962 in

527 2977 632 3034 hac
652 2977 919 3040 Trinitate
937 3001 1043 3041 non
1065 2986 1267 3044 diritur
1293 2990 1530 3049 Verbum
1555 2994 1648 3051 Dei
1676 2997 1780 3053 nisi
1806 2998 2000 3065 Filius,
2024 3015 2125 3057 nec

527 3158 627 3266 τοῦ
655 3161 974 3266 νοὸς-ἡμῶν
1003 3167 1395 3266 ὑπεξείξαμεν,
1442 3175 1521 3240 ὡς
1558 3179 1788 3249 μνήμην
1832 3181 1935 3252 μὲν
1980 3179 2124 3238 εἶναι

2236 574 2348 617 tum
2387 574 2472 617 est
2506 561 2766 626 Verbum,
2796 577 2898 616 nec
2921 560 2989 614 de
3014 573 3125 629 quo
3160 557 3407 628 procedit
3441 555 3798 626 principaliter

2233 655 2471 724 Spiritus
2493 662 2736 718 sanctus,
2759 654 2863 707 nisi
2884 653 3025 707 Deus
3059 652 3239 707 Pater.
3268 651 3398 705 ideo
3425 660 3602 707 autem
3627 649 3793 704 addidi

2234 746 2634 816 principaliter,
2656 746 2784 816 quia
2800 755 2852 799 et
2881 744 2949 799 dc
2970 743 3111 798 Filio
3132 742 3367 815 Spiritus
3384 753 3607 797 sanctus
3625 758 3801 811 proce-

2232 841 2359 894 dere
2377 839 2793 907 reperitur.Sed
2816 839 2920 892 hoc
2957 854 3179 909 quoque
3218 839 3295 892 illi
3320 837 3662 900 Patcrdcdit,
3697 852 3793 889 non

2228 932 2338 1004 jam
2359 934 2732 998 exsisteuti,ct
2754 933 2990 986 nomium
3009 932 3356 993 Itabenti,sed
3390 931 3646 999 quidquid
3681 928 3803 985 Uni-

2232 1028 2417 1098 geuito
2468 1025 2641 1080 Verbo
2672 1028 2842 1092 dedit,
2872 1028 3145 1097 gignendo
3183 1026 3351 1080 dcd't.
3395 1024 3486 1080 Sic
3530 1013 3791 1094 ergo'cum

2232 1119 2443 1189 genuit,
2470 1126 2527 1170 ut
2546 1119 2708 1172 etiam
2734 1119 2801 1174 de
2826 1119 2917 1173 illo
2946 1120 3149 1172 donum
3172 1133 3459 1173 commune
3483 1118 3801 1188 procederet,

2170 1216 2177 1223 ’
2232 1223 2286 1265 et
2316 1209 2557 1279 Spiritus
2595 1218 2844 1269 sanctus,
2875 1210 3117 1279 Spiritus
3154 1222 3299 1265 esset
3325 1212 3632 1265 anrborum.
3696 1208 3797 1261 Non

2233 1316 2316 1361 cst
2371 1307 2539 1377 igitur
2594 1306 2913 1375 accipienda
2958 1312 3335 1367 transeunter,
3387 1302 3481 1358 sed
3533 1301 3803 1368 diligenter

2235 1401 2496 1455 intuenda
2554 1400 2941 1470 inseparabilis
2986 1397 3289 1453 Trinitatis
3353 1398 3457 1451 ista
3506 1394 3802 1449 distinctiO.

2234 1492 2373 1547 llinc
2402 1492 2545 1545 enim
2569 1491 2773 1547 factum
2802 1501 2887 1547 cst
2916 1498 2977 1547 ut
3005 1492 3224 1562 proprie
3243 1488 3336 1544 Dei
3370 1486 3800 1549 Verbutn.etiam

2235 1588 2325 1644 Dci
2364 1587 2644 1653 Sapientia
2676 1588 2984 1655 diceretur,
3018 1604 3139 1645 cum
3178 1587 3248 1641 sit
3269 1584 3544 1656 Sapientia
3572 1592 3627 1638 et
3660 1584 3806 1638 Patcr

2234 1688 2288 1734 et
2328 1681 2568 1749 Spiritus
2607 1691 2847 1736 sanctus.
2886 1681 3097 1755 Siergo
3129 1680 3346 1749 proprie
3376 1677 3578 1746 aliquid
3616 1675 3797 1729 horum

2238 1776 2400 1827 trium
2432 1773 2675 1829 Charitas
2710 1775 3077 1843 nuncupanda
3115 1782 3220 1837 est,
3254 1772 3383 1841 quid
3414 1770 3596 1838 aptius
3650 1784 3801 1835 quam

2236 1878 2292 1920 ut
2344 1868 2446 1921 hoc.
2471 1874 2541 1921 sit
2596 1867 2838 1937 Spiritus
2898 1868 3179 1923 sanctus?
3215 1866 3288 1922 Ut
3353 1864 3562 1920 scilicet
3612 1864 3669 1917 in
3726 1862 3804 1915 illa

2232 1961 2566 2033 (Trinitatis)
2626 1962 2862 2033 simplici
2935 1976 3263 2029 summaque
3327 1971 3522 2015 natura
3580 1972 3689 2011 non
3744 1957 3809 2008 sit

2229 2055 2378 2113 aliud
2419 2055 2754 2122 substantia,
2786 2063 2840 2109 et
2866 2054 3015 2109 aliud
3068 2055 3332 2118 charitas,
3390 2052 3482 2108 sed
3514 2048 3817 2107 substantia

2229 2150 2345 2220 ipsa
2374 2149 2446 2202 sit
2483 2148 2745 2213 cbaritas,
2789 2156 2843 2204 et
2902 2147 3144 2203 cliaritas
3178 2147 3297 2215 ipse
3352 2145 3425 2201 sit
3479 2141 3807 2204 substantia,

2230 2244 2348 2301 sive
2387 2242 2441 2295 in
2486 2240 2669 2303 Patre,
2693 2241 2809 2297 sive
2833 2243 2887 2295 in
2919 2239 3083 2307 Filio,
3117 2240 3232 2294 sive
3270 2240 3326 2293 in
3364 2236 3572 2308 Spiritu
3598 2244 3808 2299 sancto,

2228 2346 2285 2390 et
2326 2344 2505 2388 tamen
2543 2335 2764 2403 proprie
2791 2334 3029 2401 Spiritus
3063 2341 3290 2387 sanctus
3313 2331 3553 2386 cbaritas
3597 2345 3815 2387 nuncu-

2229 2437 2413 2500 petur.
2452 2428 3013 2497 Sicutlegisnominc
3071 2425 3364 2497 aliquando
3426 2424 3587 2479 simul
3633 2429 3812 2480 omnia

2227 2525 2432 2580 Veteris
2460 2523 2813 2577 instrumenti
2843 2532 3161 2579 sanctarum
3199 2518 3607 2590 Scripturarum
3638 2522 3808 2593 signi—

2230 2618 2465 2670 tit-antur
2492 2614 2732 2685 eloquia.
2766 2613 2898 2669 Nam
2941 2630 3007 2669 ex
3062 2614 3328 2684 propheta
3385 2599 3814 2669 lsaiadestimo-

2228 2711 2378 2765 nium
2417 2725 2630 2778 ponens
2652 2708 2971 2778 Apostolus,
3010 2709 3102 2762 ubi
3122 2709 3206 2773 ait
3241 2727 3256 2762 :
3295 2726 3315 2759 ι
3351 2706 3406 2762 In
3435 2707 3556 2761 aliis
3587 2707 3810 2777 linguis,

2227 2811 2281 2859 et
2329 2802 2384 2858 in
2419 2803 2544 2857 aliis
2572 2800 2739 2855 labiis
2785 2800 2974 2870 loquar
3016 2800 3216 2871 populo
3268 2801 3469 2864 buic',
3504 2819 3522 2852 ι
3557 2800 3815 2868 praemisit

2226 2905 2412 2951 tamen
2448 2913 2462 2950 :
2499 2914 2518 2948 ι
2556 2892 2614 2948 In
2640 2894 2757 2964 lege
2788 2894 3058 2959 scriptum
3085 2904 3198 2949 est.
3235 2912 3254 2945 ι
3287 2893 3481 2963 Etipse
3508 2891 3810 2958 Dominus;

2232 3009 2251 3042 ι
2276 2989 2336 3044 1η
2361 2988 2497 3059 lege,
2531 2990 2730 3058 inquit,
2763 3002 2953 3045 eorum
2989 2986 3256 3055 scriptum
3287 2992 3393 3049 est,
3415 2986 3545 3055 quia
3568 2983 3812 3039 Oderunt

2227 3175 2367 3247 ὁμοῦ
2404 3176 2608 3239 πάντες
2646 3174 2746 3244 μία
2789 3173 3008 3243 ἀγάπη.
3070 3170 3230 3225 Οὕτω
3267 3170 3378 3242 γὰρ
3431 3171 3528 3225 καὶ⁵
3570 3170 3599 3224 6
3630 3169 3813 3239 Πατήρ

528 3255 643 3306 τῶν
668 3255 845 3324 τριῶν
866 3255 1205 3318 πάντων’τδν
1226 3267 1471 3337 Πατέρα,
1494 3274 1590 3323 καὶ
1614 3278 1803 3337 νόησιν
1829 3277 1938 3329 τῶν
1958 3278 2128 3345 τριῶν
2157 3280 2200 3339 c
2233 3271 2390 3333 Θεὸς,
2427 3269 2525 3323 καὶ
2579 3270 2606 3322 6
2642 3269 2772 3331 Υίὸς
2829 3267 2989 3331 Θεὸς,
3033 3266 3128 3319 καὶ
3178 3266 3240 3318 τὸ
3287 3263 3513 3334 Πνεῦμα
3554 3264 3614 3316 τὺ
3662 3265 3813 3333 ἅγιον

531 3348 755 3401 πάντων
788 3350 881 3403 τὸν
931 3352 1078 3419 Υἱὸν,
1117 3358 1215 3409 καὶ
1255 3360 1482 3431 ἀγάπην
1528 3363 1753 3418 πάντων
1803 3366 1915 3419 τῶν
1949 3368 2123 3438 τριῶν

532 3441 597 3531 τὸ
650 3441 881 3513 Πνεῦμα
923 3445 985 3499 τὸ
1020 3446 1205 3516 ἅγιον,
1244 3452 1324 3513 ὡς
1353 3454 1448 3507 τὸν
1497 3458 1720 3529 Πατέρα
1781 3462 1922 3531 μήτε
1978 3465 2125 3517 νοεῖν

529 3530 735 3603 ἑαυτῷ,
769 3535 909 3606 μήτε
943 3537 1197 3610 ἀγαπᾷν,
1234 3541 1372 3597 ἀλλὰ
1415 3546 1508 3598 τὸν
1541 3546 1672 3601 Υίὺν
1720 3530 1923 3620 ἐκείνῳ
1957 3553 2123 3617 νοεῖν,

531 3624 630 3678 καὶ
664 3625 727 3678 τὸ
755 3628 986 3699 Πνεῦμα
1024 3633 1224 3705 ἐκείνῳ
1257 3636 1505 3709 ἀγαπᾷν,
1536 3639 1701 3693 αὐτὸν
1725 3640 1779 3693 δὲ
1820 3642 1915 3695 καὶ
1942 3641 2125 3711 ἐαυτῷ

532 3720 630 3772 καὶ
685 3719 921 3786 ἐκείνοις
970 3726 1134 3794 μόνον
1182 3732 1540 3800 μεμνῆσθαιο
1595 3734 1689 3803 καὶ
1731 3737 1839 3804 μὴν
1890 3736 1989 3789 καὶ
2029 3739 2124 3789 τὸν

533 3810 663 3865 Υίόν
704 3816 846 3886 μήτε
895 3822 1238 3888 μεμνῆσθαι,
1291 3825 1430 3893 μήτε
1462 3825 1690 3896 ἀγαπᾷν
1728 3826 1933 3891 ἐαυτῷ,
1985 3827 2124 3882 ἀ).λά

533 3907 849 3978 μεμνῆσθαι
873 3913 1028 3985 αὐτῷ
1058 3916 1153 3968 τὸν
1188 3918 1436 3988 Πατέρα.
1489 3921 1585 3972 καὶ
1609 3921 1833 3991 ἀγαπᾷν
1872 3920 2022 3990 αὐτῷ
2064 3923 2125 3975 τὸ

532 4000 760 4069 Πνεῦμα
796 4003 858 4055 τὸ
895 4005 1054 4072 ἀγιον
1084 4024 1098 4039 ’
1137 4009 1304 4063 αὐτὸν
1326 4011 1383 4063 δὲ
1410 4014 1505 4065 καὶ
1537 4013 1720 4081 ἑαυτῷ
1750 4014 1847 4067 καὶ
1884 4014 2124 4079 ἐκείνοις

532 4090 694 4161 μόνον
740 4097 883 4147 νοεῖν
907 4111 922 4128 ο
962 4097 1044 4151 ἔτι
1087 4098 1145 4152 δὲ
1181 4101 1371 4155 καὶτὸ
1405 4103 1632 4172 Πνεῦμα
1688 4105 1750 4156 τὸ
1780 4105 1936 4172 ἆγιον
1983 4109 2125 4176 μήτε

533 4187 875 4257 μεμνῆσθαι,
957 4194 1096 4262 μήτε
1155 4196 1300 4248 νοεῖν
1355 4196 1557 4265 ἑαυτῷ,
1599 4198 1741 4251 ἀλλά
1803 4200 2124 4269 μεμνῆσθαι

530 4278 684 4346 αὐτῷ
729 4281 822 4334 τὸν
867 4284 1103 4354 Πατέρα,
1137 4289 1235 4340 καὶ
1261 4290 1404 4341 νοεῖν
1436 4289 1591 4361 αὐτῷ
1643 4291 1734 4344 τὸν
1784 4291 1914 4345 Υίὸν
1941 4312 1956 4326 ο
1993 4294 2129 4347 αὐτὸ

530 4370 589 4423 δὲ
622 4372 718 4423 καὶ
774 4371 957 4442 ἑαυτῷ
991 4376 1091 4429 καὶ
1131 4377 1372 4443 ἐκείνοις
1421 4380 1579 4433 οὐδὲν
1614 4381 1698 4434 ὅτι
1747 4383 1824 4453 μὴ
1858 4383 2084 4458 ἀγαπᾷν
2112 4400 2126 4415 ⁸

534 4462 655 4515 ἀλλ’
688 4461 836 4518 οὕτω
865 4467 1070 4535 μᾶλλον
1098 4469 1174 4533 ὡς
1202 4473 1383 4526 πάντα
1408 4473 1476 4526 τὰ
1498 4475 1629 4545 τρία
1672 4477 1771 4530 καὶ
1794 4477 2006 4538 πάντας
2034 4476 2129 4531 καὶ

535 4556 770 4610 ἕκαστον
801 4558 949 4630 ἔχειν
972 4563 1031 4613 ὲν
1066 4565 1131 4633 τῇ
1163 4565 1346 4635 οἰκείᾳ
1373 4566 1611 4621 ἕκαστον
1642 4567 1827 4636 φύσει,
1859 4570 1957 4623 καὶ
1989 4571 2128 4641 μηδὲ

2232 3363 2387 3428 Θεὸς,
2446 3364 2541 3416 καὶ
2592 3362 2730 3427 ὁμοῦ
2793 3361 2995 3423 πάντες
3056 3355 3136 3422 εἷς
3170 3359 3323 3423 Θεός,
3365 3360 3475 3412 Καὶ
3533 3360 3719 3426 μέντοι
3754 3358 3810 3409 οὔ

2238 3457 2418 3527 μάτην
2446 3457 2503 3508 ἐν
2532 3455 2661 3526 τῇδε
2697 3457 2762 3522 τῇ
2785 3453 2979 3519 Τριάδι
2999 3452 3061 3508 οὺ
3084 3452 3306 3519 ).έγεται
3330 3450 3500 3519 Λόγος
3532 3449 3625 3503 τοῦ
3653 3448 3811 3512 Θεοῦ,

2233 3552 2282 3602 εί
2320 3550 2397 3619 ’μὴ
2431 3550 2458 3600 6
2487 3548 2640 3610 Υἱὸς,
2664 3546 2791 3599 οῦδὲ
2826 3546 2999 3614 δῶρον
3046 3543 3205 3608 Θεοῦ,
3227 3546 3277 3596 εί
3313 3544 3388 3611 μὴ
3422 3543 3482 3595 τὸ
3508 3542 3732 3611 Πνεῦμα
3755 3542 3812 3594 τὸ

2233 3643 2412 3710 ἅγιον.
2445 3641 2583 3693 Οὐδὲ
2618 3640 2677 3705 ἐξ
2700 3632 2759 3694 οὗ
2795 3636 3059 3707 ἐγεννήθη
3082 3639 3109 3691 6
3143 3638 3336 3703 Λόγος,
3368 3637 3462 3689 καὶ
3483 3636 3540 3700 ἐξ
3569 3627 3628 3686 οὗ
3655 3637 3813 3686 ἐκπο-

2238 3735 2457 3804 ρεύεται
2491 3732 2793 3803 ἀρχοειδῶς
2829 3734 2889 3785 τὸ
2916 3731 3142 3799 Πνεῦμα
3167 3731 3227 3783 τὸ
3258 3729 3437 3796 ἆγιον,
3468 3731 3517 3781 εί
3544 3729 3619 3798 μὴ
3646 3730 3671 3781 6
3714 3730 3813 3780 Πα-

2232 3831 2338 3898 τήρ
2364 3845 2376 3858 ·
2401 3829 2490 3881 διὰ
2514 3828 2674 3881 τοῦτο
2704 3828 2761 3881 δὲ
2799 3825 3122 3893 προσέθηκα
3148 3825 3207 3876 τὸ
3243 3822 3594 3891 ἀρχοειδῶς,
3628 3820 3810 3889 ἐπειδὴ

2233 3921 2332 3973 καὶ
2369 3921 2433 3972 ἐκ
2478 3919 2570 3971 τοῦ
2617 3918 2747 3971 Υίοῦ
2799 3917 2861 3970 τὸ
2918 3916 3145 3984 Πνεῦμα
3172 3915 3233 3966 τδ
3281 3915 3440 3981 ἅγιον
3492 3913 3806 3982 εὑρίσκεται

2234 4014 2705 4082 ἐκπορευόμενον,
2731 4009 2849 4062 ἀλλ’
2879 4009 3070 4077 ἐπειδὴ
3097 4008 3193 4060 καὶ
3212 4006 3380 4059 τοῦτο
3396 4005 3546 4073 αὐτῷ
3577 4007 3605 4058 6
3629 4006 3815 4072 Πατὴρ

2235 4107 2463 4170 ἔδωκεν,
2497 4104 2599 4156 οὐκ
2635 4097 2737 4174 ἤδη
2766 4101 3128 4171 ὑφεστηκότι,
3155 4098 3250 4153 καὶ
3277 4099 3445 4169 μήπω
3473 4099 3671 4169 ἔχοντι.
3697 4097 3817 4151 ἀλλ’

2236 4201 2264 4254 ὃ
2286 4217 2342 4253 τι
2366 4197 2500 4251 me
2537 4197 2615 4266 τῷ
2645 4197 2933 4267 μονογενεῖ
2958 4194 3118 4264 Λόγῳ
3150 4193 3402 4260 δέδωκεν,
3430 4193 3487 4244 ὲν
3516 4191 3594 4260 τῷ
3624 4192 3819 4261 γεννᾷν

2234 4290 2494 4353 δέδωκεν,
2529 4287 2704 4350 οὕτως
2734 4289 2845 4357 ἀρα
2901 4285 3069 4339 αὐτὸν
3126 4285 3448 4352 ἐγέννησεν,
3497 4271 3572 4347 ὧς
3620 4282 3713 4336 καὶ
3763 4282 3820 4349 ἐξ

2235 4379 2405 4435 αὐτοῦ
2453 4382 2516 4434 τὸ
2548 4381 2727 4449 δῶρον
2762 4377 2946 4432 κοινὸν
2983 4376 3387 4446 προέρχεσοαι,
3439 4376 3535 4428 καὶ
3599 4375 3822 4446 Πνεῦμα

2235 4475 2392 4541 ἆγιον
2425 4466 2566 4525 εἶναι
2607 4472 2837 4538 ἀμφοῖν.
2879 4469 2993 4522 Οῦκ
3026 4467 3135 4536 ἄρα
3169 4464 3485 4534 παροδικῶς
3522 4464 3651 4529 ἀξία
3676 4466 3818 4532 λαμ-

2235 4566 2521 4629 ϐάνεσθαι,
2570 4562 2688 4617 ἀλλ’
2741 4560 3025 4631 ἐπιμελῶς
3085 4560 3513 4612 ἐπισκοπεῖσθαι
3558 4560 3590 4625 ή
3644 4558 3818 4611 ἀδιαί-

529 4649 839 4706 διίστασθαι
879 4656 939 4707 ἐν
989 4656 1177 4720 αὐτοῖς
1208 4659 1410 4722 ταῦτα,
1439 4659 1631 4732 ῶσπερ
1693 4662 1752 4715 ὲν
1802 4665 1938 4732 ἡμῖν
1993 4664 2126 4718 ἄλλο
2159 4650 2204 4706 Ῑ)
2238 4668 2411 4735 ρετος⁴
2437 4658 2579 4729 αῦτη
2613 4658 2712 4727 τῆς
2751 4656 2987 4727 Τριάδος
3043 4652 3330 4715 διαστολῆο
3386 4651 3667 4704 Ἐντεῦθεν
3707 4655 3819 4719 γὰρ

531 4746 633 4814 μὲν
664 4749 696 4817 ἡ
730 4749 946 4820 μνήμη,
978 4749 1111 4805 ἄλλο
1141 4751 1198 4805 δὲ
1232 4754 1265 4824 ή
1299 4753 1509 4825 νόησις,
1536 4755 1727 4821 ἕτερον
1757 4758 1814 4811 δὲ
1847 4759 1879 4827 ἡ
1909 4760 2120 4829 ἀγάπη,

528 4838 649 4892 ἀλλ’
689 4834 831 4895 εἷναί
864 4860 917 4895 τι
950 4844 1014 4896 τὸ
1040 4843 1222 4898 πάντα
1251 4846 1584 4918 δυνάμενον,
1619 4848 1811 4922 ὥσπερ
1861 4853 1893 4922 ὴ
1934 4854 2118 4923 σοφία,

530 4933 626 4987 καὶ
660 4932 835 4998 οὕτως
877 4934 1102 5006 ἔχεσθαι
1134 4940 1194 4990 ὲν
1254 4941 1372 5003 ἐνὸς
1403 4940 1639 4995 ἑκάστου
1676 4944 1863 5012 φύσει,
1916 4944 1993 5007 ὡς
2028 4947 2122 4999 τὶν

527 5027 652 5080 τόδε
684 5045 739 5081 τι
782 5026 979 5099 ἔχοντα
1009 5025 1154 5086 εἶναι
1179 5032 1208 5085 ὃ
1241 5032 1376 5105 ἔχει,
1408 5033 1485 5098 ὡς
1512 5034 1789 5107 ἄτρεπτον
1817 5039 1913 5091 καὶ
1938 5039 2120 5110 ἁπλῆν

524 5122 739 5177 οὐσίαν.

599 5215 760 5270 Οὕτω
797 5217 899 5287 μὲν
938 5218 1033 5275 οὖν
1071 5220 1246 5275 ταῦτα
1283 5223 1566 5295 νενόηται,
1599 5226 1695 5280 καὶ
1754 5228 1953 5281 ὁπόσον
1988 5230 2123 5298 ἡμῖν

524 5312 581 5363 ὲν
608 5310 953 5379 τηλικούτοις
991 5314 1320 5385 πράγμασιν
1356 5317 1487 5372 ἰδεῖν
1523 5320 1896 5390 στοχάσασθαι
1922 5340 2123 5391 συγκε-

527 5400 800 5475 χώρηται,
836 5403 1015 5475 ἀληθῆ
1044 5405 1177 5459 ὄντα
1221 5408 1496 5479 ἀνεφάνη.
1549 5413 1665 5464 Οὐκ
1695 5408 1813 5465 ο⁹δα
1838 5414 1895 5466 δὲ
1930 5415 1981 5466 τί
2031 5416 2121 5483 δή·

530 5510 665 5546 ποτε
696 5494 774 5565 μὴ
809 5492 1004 5566 ὥσπερ
1032 5496 1196 5565 σοφία
1237 5500 1334 5551 καὶ
1366 5502 1394 5553 ὁ
1423 5502 1617 5573 Πατὴρ
1661 5503 1907 5569 λέγεται,
1957 5507 2057 5558 καὶ
2093 5507 2121 5558 ὁ

528 5586 681 5653 Υἱὸς,
725 5586 825 5640 καὶ
864 5587 931 5639 τὸ’
954 5588 1182 5659 Πνεῦμα
1212 5604 1274 5644 το
1298 5589 1478 5658 ἀγιον,
1509 5596 1607 5647 καὶ
1644 5594 1785 5661 ὁμοῦ
1814 5601 2019 5659 πάντες
2056 5598 2118 5650 οὐ

522 5682 695 5749 τρεῖς,
744 5679 887 5733 ἀλλὰ
923 5680 1025 5752 μία
1061 5684 1254 5752 σοφία,
1292 5684 1469 5750 οὕτως
1523 5688 1713 5758 ἀγάπη
1751 5689 1846 5742 καὶ
1874 5691 1902 5742 ὁ
1932 5691 2122 5759 Πατὴρ

525 5769 771 5839 λέγεται,
803 5774 900 5827 καὶ
948 5776 977 5827 6
1008 5773 1166 5843 Υίὺς,
1207 5779 1306 5833 καὶ
1342 5780 1403 5834 τὸ
1435 5780 1666 5851 Πνεῦμα
1698 5782 1758 5835 τὸ
1793 5783 1975 5850 ἂγινν,
2026 5784 2124 5836 καὶ

600 5888 620 5918 ⁹
651 5888 671 5943 Ι
697 5889 823 5947 Cor.
854 5907 969 5960 xw,
1002 5890 1095 5949 21.

2232 4760 2458 4827 γέγονεν
2496 4753 2572 4818 ὡς
2604 4752 2817 4822 κυρίως
2844 4751 2936 4803 τὶν
2973 4747 3067 4800 τοῦ
3097 4746 3233 4800 Θεοῦ
3266 4747 3441 4813 Λόγον
3465 4745 3598 4798 Θεοῦ
3625 4746 3818 4812 σοφίαν

2231 4847 2510 4917 λέγεσθαι,
2544 4844 2725 4897 καίτοι
2753 4842 2847 4894 καὶ
2876 4838 2969 4892 τυῦ
3002 4836 3219 4907 lla-:96;
3273 4838 3467 4901 σοφίας
3513 4833 3689 4898 ὄντος,
3724 4834 3821 4885 καὶ

2231 4943 2326 4998 τοῦ
2366 4940 2527 5009 ἁγίου
2557 4936 2904 5006 Πνεύματος.
2938 4934 3001 4986 Ei
3035 4934 3221 4984 τοίνυν
3270 4930 3481 5001 κυρίως
3509 4930 3619 4982 τῶν
3653 4927 3822 4998 τριῶν

2229 5051 2284 5086 τι
2341 5031 2550 5085 τούτων
2591 5029 2821 5097 ἀγάπην
2853 5022 3226 5092 ὀνομάζεσθαι
3282 5021 3414 5089 χρὴ,
3469 5021 3529 5072 τί
3576 5022 3693 5071 ποτ’
3750 5019 3818 5071 ἂν

2231 5122 2643 5195 ἁρμοδιώτερον
2701 5118 2792 5186 εἴη
2838 5115 2987 5169 τοῦτ’
3058 5105 3201 5166 εἶναι
3272 5111 3305 5181 ἢ
3363 5110 3423 5163 τὸ
3476 5109 3699 5178 Πνεῦμα
3756 5109 3820 5159 τὸ

2232 5218 2387 5287 Ξγιον
2416 5235 2430 5282 ;
2461 5213 2537 5276 ὼς
2582 5215 2646 5265 ὲν
2671 5208 2863 5282 ἐκείνῃ
2894 5206 3095 5279 δηλαδὴ
3126 5208 3193 5275 τῇ
3223 5204 3368 5273 ἁπλῇ
3406 5205 3501 5257 καὶ
3536 5202 3813 5271 ἀκροτάτῃ

2232 5311 2397 5378 φύσει
2449 5305 2523 5378 μὴ
2569 5291 2713 5359 εἶναι
2752 5302 2940 5372 ἕτερον
2981 5301 3081 5370 μὲν
3135 5300 3234 5366 τὴν
3279 5298 3496 5363 οὐσίαν,
3526 5296 3711 5366 ἕτερον
3763 5298 3821 5349 δὲ

2167 5406 2173 5411 ’
2230 5405 2327 5474 τὴν
2366 5402 2615 5471 ἀγάπην,
2673 5394 2791 5451 ἀλλ’
2865 5393 3058 5447 οὐσίαν
3110 5385 3255 5443 εἶναι
3297 5390 3397 5454 τὴν
3448 5388 3689 5458 ἀγάπην,
3725 5388 3822 5439 καὶ

2231 5496 2589 5575 τὴνιάγάῦπην
2640 5487 2834 5542 οὐσίαν
2881 5487 2990 5538 εἴτε
3029 5486 3086 5536 ὲν
3135 5481 3215 5546 τῷ
3252 5480 3588 5552 Πατρὶ,εἱ’τε
3636 5481 3692 5531 ὲν
3742 5478 3824 5547 τῷ

2236 5589 2373 5660 Υἰῷ,
2407 5573 2522 5640 εἴτε
2563 5588 2621 5637 ὲν
2655 5582 2735 5652 τῷ
2767 5579 2911 5649 ἁγίῳ
2945 5576 3269 5646 "vadunt;
3322 5574 3518 5643 Ὅμως
3549 5573 3727 5643 μέντοι
3763 5573 3825 5623 τὸ

2232 5683 2462 5752 Πνεῦμα
2489 5679 2552 5733 τὸ
2582 5678 2739 5746 ἅγιον
2769 5676 2975 5744 κυρίως
3006 5673 3232 5740 ἀγάπην
3276 5666 3819 5739 προσαγορεύεσθαι·

2234 5779 2427 5850 ὥσπερ
2478 5776 2574 5829 καὶ
2624 5771 2704 5843 τῷ
2734 5769 2831 5824 τοῦ
2882 5768 3051 5837 νόμου
3098 5763 3331 5833 ὀνόματι
3374 5764 3527 5817 ἔστιν
3564 5764 3653 5819 ὅτε
3682 5759 3823 5828 ὁμοῦ
