4066 6474
371 418 505 482 lll7
1254 417 1677 482 TRANSLAT.
1712 420 1770 482 S.
1815 421 2251 487 AUGUSTlNl
2301 427 2397 487 DE
2426 426 2725 503 TRINIT,
3475 429 3615 496 1118

365 550 454 591 me
496 531 665 603 gratis
693 530 715 564 ⁸
753 547 767 584 :
806 549 824 582 ι
864 543 984 584 cum
1036 529 1139 584 hoc
1187 528 1397 600 legatur
1440 531 1494 584 in
1539 529 1778 585 Psalmo.
1827 531 1939 583 Ali-
1971 536 2016 590 A
2047 538 2430 594 universaliter
2461 540 2702 596 charitas
2731 546 2786 595 et
2810 541 2974 595 Pater
3018 545 3072 594 et
3109 540 3300 597 Filius.
3361 541 3465 598 Sed
3526 544 3620 598 Dei

366 631 589 702 quando
623 637 808 684 autem
843 626 1063 697 proprie
1089 635 1316 681 vocatur
1340 626 1447 690 lex,
1481 642 1603 696 qua:
1658 626 1785 682 data
1853 635 1939 683 est
2044 628 2307 697 Verbum,
2344 630 2398 682 id
2421 638 2505 684 est
2532 630 2846 701 unigenitus
2877 630 2966 684 Dei
2994 631 3188 698 Filius,
3223 642 3408 701 aperte
3437 633 3619 688 dictus

369 742 462 792 per
488 724 705 793 Moysen
738 722 1044 778 Secundum
1075 722 1219 792 quod
1249 722 1456 776 dictum
1494 731 1580 776 est
1619 739 1634 776 :
1666 739 1685 773 ι
1720 721 1829 775 Lex
1887 729 1943 774 et

369 816 645 885 propheta:
679 830 851 884 usque
893 817 958 868 ad
988 813 1250 870 Joannem
1277 815 1320 868 ⁸.
1356 834 1376 867 ›
1412 815 1474 868 Ει
1508 834 1524 869 :
1558 833 1577 865 ι
1614 813 1667 867 lu
1706 814 1789 867 his
1813 812 1943 868 duo-

342 907 472 984 _bus
496 909 785 978 praeceptis
812 915 927 962 tela
959 908 1044 961 lex
1076 909 1279 976 pendet
1308 916 1363 961 et
1410 906 1689 976 prephetae
1714 906 1758 960 ⁸.
1791 923 1810 958 ι
1846 905 1946 960 llic

370 1001 560 1065 utique
586 1003 803 1070 preprie
833 999 914 1053 lex
980 1000 1248 1070 appellata
1302 1008 1385 1054 est
1429 1000 1498 1055 de
1534 1010 1717 1053 monte
1764 997 1892 1053 Sina
1928 1012 1945 1064 ;

373 1088 756 1156 prophetarum
813 1099 999 1144 autem
1046 1093 1263 1146 nomine
1296 1088 1460 1145 etiam
1525 1089 1716 1158 psalmi
1773 1088 1945 1158 signi-

375 1180 521 1236 ﬁcati
546 1190 696 1246 sunt,
717 1193 772 1236 ct
801 1195 980 1238 tamen
1002 1185 1251 1239 alio'loco
1285 1185 1401 1254 ipse
1425 1183 1705 1237 Salvator:
1733 1201 1751 1234 ι
1777 1182 1950 1251 Opur—

375 1275 540 1337 tebat,
568 1276 772 1345 inquit,
805 1277 1019 1346 impleri
1049 1280 1250 1339 Omnia,
1288 1292 1411 1345 qua:
1437 1277 1641 1344 scripta
1712 1287 1841 1329 sunt
1891 1277 1944 1329 in

373 1365 510 1435 lege,
537 1375 592 1419 et
625 1367 925 1435 prophetis,
957 1378 1012 1421 et
1043 1367 1265 1436 psalmis
1299 1367 1369 1421 de
1401 1380 1486 1419 me
1512 1365 1556 1418 °.
1591 1385 1609 1418 ι
1637 1366 1733 1417 llic
1758 1381 1949 1419 rursus

377 1459 762 1527 prophetarum
790 1475 1014 1523 nomen,
1042 1460 1290 1527 exceptis
1322 1457 1570 1524 psalmis.
1597 1456 1825 1519 intelligi
1848 1473 1948 1510 vo-

379 1549 501 1605 luit.
533 1548 742 1605 Dicitur
773 1565 903 1620 ergo
930 1551 1015 1604 lex
1044 1550 1428 1604 universalitcr
1486 1564 1610 1602 eum
1670 1550 1950 1618 prophetis

375 1651 430 1698 et
458 1643 689 1713 psalmis
726 1643 974 1710 ;dicitur
1003 1654 1058 1698 et
1103 1643 1345 1712 proprie,
1409 1656 1534 1711 quae
1584 1656 1676 1710 per
1728 1641 1947 1712 Moysen

375 1736 500 1790 data
532 1746 637 1791 est.
660 1734 791 1790 ltem
816 1736 1076 1791 dicuntur
1097 1735 1468 1791 communiter
1492 1736 1766 1802 prepheta)
1789 1735 1950 1790 simul

375 1842 498 1879 cum
535 1827 785 1896 psalmis,
843 1829 1098 1882 dicuntur
1121 1838 1175 1882 et
1209 1827 1430 1897 proprie
1460 1838 1658 1897 praeter
1689 1827 1948 1896 psalmos.

379 1920 444 1973 Et
479 1921 663 1974 multis
717 1919 843 1974 aliis
876 1921 1141 1989 exemplis
1189 1919 1375 1974 doceri
1430 1927 1608 1988 potest
1653 1919 1943 1972 multarum

380 2026 562 2064 rerum
615 2010 878 2065 vocabula
922 2020 973 2064 et
1005 2011 1387 2066 universaliter
1428 2009 1578 2077 poni,
1625 2018 1679 2063 et
1732 2010 1948 2077 proprie

376 2100 705 2171 quibusdam
735 2103 898 2156 rebus
931 2103 1197 2169 adhiberi,
1230 2104 1330 2157 nisi
1356 2104 1407 2156 in
1430 2119 1487 2157 re
1513 2111 1700 2172 aperta
1726 2102 1947 2157 vitantia

378 2191 451 2245 sit
482 2190 764 2259 longitudo
789 2192 1079 2247 sermonis.
1101 2192 1226 2248 llaec
1257 2194 1379 2248 ideo
1409 2193 1545 2255 dixi,
1569 2210 1634 2246 ne
1655 2193 1947 2260 quisquam

313 2329 330 2348 ,
379 2289 668 2351 propterea
700 2298 800 2337 nos
842 2283 1290 2339 inconvenienter
1321 2285 1600 2340 existimes
1628 2285 1948 2350 rharitatem

382 2374 659 2442 appellare
699 2373 965 2443 Spiritum
1023 2379 1537 2444 sanctum,quiact
1594 2376 1737 2429 Deus
1791 2375 1953 2430 Pater

381 2473 437 2520 et
485 2464 629 2519 Deus
669 2465 840 2521 Filius
896 2475 1076 2535 potest
1121 2458 1374 2522 Charitas.
1416 2470 1744 2536 nuncupari.
1801 2467 1954 2523 Sicut

379 2572 515 2626 ergo
546 2558 765 2612 unis-um
795 2559 889 2614 Dei
918 2559 1156 2614 Verbum
1192 2561 1411 2630 proprie
1445 2576 1704 2615 vocamus
1730 2563 1954 2615 nomine

382 2648 684 2712 sapientiae,
707 2665 829 2702 eum
854 2650 927 2704 sit
960 2651 1339 2704 nniversaliter
1365 2660 1418 2704 et
1447 2650 1685 2719 Spiritus
1730 2660 1953 2706 sanctus

382 2742 439 2787 et
468 2730 632 2787 Pater
663 2735 778 2803 ipsa
815 2735 1089 2804 Sapientia
1121 2755 1134 2790 :
1163 2739 1235 2791 ita
1284 2737 1525 2808 Spiritus
1558 2751 1783 2795 sanctus
1829 2756 1958 2809 pro-

382 2823 504 2894 prie
572 2836 931 2896 nuncupatur
1004 2829 1271 2883 vocabulo
1330 2829 1640 2895 charitatis,
1700 2847 1823 2885 cum
1883 2835 1957 2887 sit

385 3004 566 3060 πάντα
589 3004 660 3060 τά
691 3007 792 3079 τῆς
817 3008 1057 3071 παλαιᾶς
1089 3010 1183 3062 καὶ
1216 3010 1369 3072 θείας
1412 3010 1638 3080 Γραφῆς
1666 3010 1955 3076 δηλοῦνται

384 3097 579 3165 λόγια*
609 3099 703 3152 καὶ
727 3099 837 3172 γὰρ
865 3101 930 3153 ἐκ
969 3100 1070 3169 τῆς
1106 3101 1335 3169 Γραφῆς
1360 3101 1455 3154 τοῦ
1498 3102 1723 3156 Ἡσαΐου
1751 3121 1960 3172 μαρτυ-

2044 733 2128 779 est
2157 724 2250 777 Dei
2279 724 2578 794 Sapientia,
2603 739 2698 779 ore
2724 726 3049 794 apostolico.
3086 725 3178 781 ubi
3208 726 3304 786 ait.
3336 726 3617 781 Christum

2028 816 2144 872 'Dei
2182 818 2436 871 virtutem
2486 826 2540 871 et
2590 817 2684 871 Dei
2737 818 3082 886 sapientiam.
3140 818 3377 882 Spiritus
3439 829 3617 871 autem

2048 920 2273 966 sanctus
2304 910 2394 964 ubi
2423 911 2494 964 sit
2520 909 2699 965 dictus
2723 911 2983 975 charitas,
3031 891 3384 973 invenimus,
3419 912 3462 965 si
3498 912 3623 963 dili-

2049 1015 2238 1073 genter
2264 1002 2491 1057 Joannis
2541 1004 2774 1069 apostoli
2809 1013 3122 1059 scrutemur
3150 992 3454 1072 el0quinm.
3513 1001 3621 1067 Qui

2048 1113 2172 1149 cum
2222 1096 2501 1149 dixisset:
2549 1116 2569 1147 ι
2604 1092 2979 1160 Dilectissimi,
3026 1097 3317 1165 diligamus
3363 1096 3618 1158 invicem,

2048 1189 2175 1257 quia
2206 1188 2426 1243 dilectio
2468 1201 2531 1239 ex
2566 1187 2676 1241 Deo
2721 1198 2837 1251 est,
2870 1205 2890 1240 ι
2938 1195 3157 1242 secutus
3196 1186 3477 1254 adiunxit:
3516 1203 3532 1235 ι
3562 1184 3626 1236 Et

2050 1284 2231 1336 omnis
2260 1279 2349 1349 qui
2381 1280 2576 1347 diligit,
2611 1295 2673 1333 ex
2701 1279 2811 1333 Deo
2841 1288 3001 1333 natus
3028 1287 3144 1345 est;
3175 1281 3265 1347 qui
3298 1293 3405 1331 non
3431 1277 3621 1342 diligit,

2052 1385 2160 1423 nou
2186 1368 2440 1433 cognovit
2468 1367 2653 1433 Deum;
2699 1369 2825 1435 quia
2861 1368 3005 1423 Dens
3037 1368 3257 1421 dilcmio
3287 1376 3370 1420 est
3401 1369 3445 1420 ⁷.
3475 1386 3493 1417 ι
3525 1366 3626 1420 llic

2054 1460 2423 1514 tnanifestavit
2470 1473 2590 1512 eam
2650 1473 2710 1511 se
2755 1458 2963 1511 dixisse
3015 1455 3363 1510 dilectionem
3432 1453 3626 1513 Deum,

2052 1571 2216 1625 quam
2252 1556 2387 1608 dixit
2423 1569 2488 1606 ex
2516 1551 2648 1606 Deo.
2681 1550 2827 1605 Deus
2855 1566 2985 1619 ergo
3015 1565 3081 1602 ex
3110 1547 3222 1603 Deo
3249 1555 3332 1601 est
3380 1545 3627 1599 dilectio.

2055 1648 2159 1703 Sed
2201 1647 2331 1718 quia
2362 1646 2608 1702 etFilius
2635 1660 2698 1699 ex
2728 1643 2839 1698 Deo
2862 1643 3024 1697 Patre
3056 1653 3216 1696 natus
3244 1652 3349 1705 est,
3404 1652 3460 1694 et
3511 1639 3631 1707 Spi-

2055 1746 2194 1799 ritus
2226 1752 2449 1796 sanctus
2470 1756 2536 1794 ex
2575 1740 2683 1792 Deo
2717 1737 2880 1793 Patre
2921 1735 3187 1805 procedit,
3227 1749 3387 1803 quem
3450 1735 3631 1803 pomis

2056 1852 2245 1893 eorum
2282 1836 2370 1888 hic
2403 1834 2704 1889 debeamus
2760 1831 3030 1900 accipere,
3067 1829 3276 1883 dictum
3320 1842 3445 1882 esse
3493 1826 3632 1878 dile-

2054 1930 2290 1985 t‘tionem
2332 1928 2520 1990 Deum,
2552 1926 2751 1980 merito
2772 1924 3038 1994 quaeritur
3072 1938 3086 1976 :
3117 1920 3280 1975 Pater
3311 1919 3455 1974 enim
3481 1918 3631 1971 solus

2053 2025 2128 2078 ita
2159 2022 2302 2078 Deus
2322 2030 2423 2083 est,
2466 2027 2525 2073 ut
2551 2034 2659 2072 non
2692 2019 2763 2073 sit
2793 2032 2856 2070 ex
2885 2015 2994 2069 Dco
3019 2028 3116 2083 ;ac
3141 2027 3238 2081 per
3261 2008 3626 2074 hocdilectio,

2055 2130 2176 2188 qua!
2210 2115 2282 2168 ita
2313 2112 2462 2166 Deus
2494 2118 2598 2173 est,
2640 2116 2701 2162 ut
2733 2122 2798 2163 ex
2828 2107 2941 2161 Deo
2990 2105 3086 2166 sit,
3149 2111 3245 2157 aut
3295 2099 3466 2155 Filius
3522 2110 3630 2165 est,

2055 2219 2150 2264 aut
2178 2206 2417 2274 Spiritus
2440 2210 2684 2259 sanctus.
2728 2199 2832 2255 Sed
2866 2201 2921 2252 in
2983 2193 3445 2264 consequentibus
3505 2206 3630 2246 cum

2056 2296 2151 2351 Dei
2181 2293 2527 2349 dilectionem
2565 2294 3068 2350 commemorasset,
3091 2300 3200 2339 non
3225 2298 3330 2352 qua
3360 2298 3461 2337 nos
3480 2297 3632 2346 eum,

2060 2388 2155 2444 sed
2181 2403 2287 2455 qua
2323 2386 2440 2455 ipse
2466 2383 2659 2438 dilexit
2687 2398 2808 2445 nos,
2844 2390 2898 2434 et
2929 2379 3077 2433 misit
3109 2376 3309 2432 Filium
3341 2390 3500 2429 snmn
3562 2373 3597 2427 li
3618 2402 3634 2414 -

2058 2482 2363 2536 beratorem
2402 2492 2500 2546 pro
2533 2472 2775 2546 peccatis
2810 2470 3038 2536 nostris,
3072 2478 3132 2524 et
3162 2469 3291 2523 hinc
3316 2466 3635 2520 exhortatus

2059 2585 2203 2628 esset
2243 2582 2301 2625 ut
2353 2580 2407 2624 et
2438 2585 2535 2622 nos
2581 2567 2815 2621 invicem
2872 2564 3185 2634 diligamus,
3242 2567 3406 2627 atque
3452 2557 3526 2611 ita
3578 2556 3636 2609 in

2061 2667 2223 2719 nobis
2253 2662 2396 2718 Deus
2421 2671 2637 2715 maneat
2664 2676 2680 2714 :
2714 2659 2841 2727 quia
2870 2659 3060 2724 utique
3084 2651 3432 2708 dilectionem
3466 2648 3633 2701 Deum

2061 2759 2294 2824 dixerat,
2326 2753 2509 2810 statim
2544 2752 2733 2805 volens
2769 2748 2839 2803 de
2869 2748 2972 2801 hac
3020 2761 3080 2801 re
3136 2742 3378 2814 apertius
3428 2739 3636 2808 aliquid

2061 2849 2243 2918 eloqui
2277 2864 2291 2902 :
2337 2864 2356 2898 ι
2384 2845 2444 2900 In
2474 2842 2830 2912 hoc,.inquit,
2864 2838 3250 2910 cognoscimus
3278 2833 3406 2903 quia
3437 2833 3490 2887 in
3522 2833 3641 2900 ipso

2062 3022 2195 3084 Θεὸς
2236 3020 2331 3073 καὶ
2379 3016 2593 3086 Πατὴρ,
2630 3014 2729 3067 καὶ
2777 3014 2806 3067 6
2845 3007 2977 3075 Θεὸς
3010 3010 3141 3075 Υίδς
3173 3009 3397 3064 δύναται
3447 3008 3638 3076 ἀγάπη

2064 3109 2616 3184 προσαγορεύεσθαιο
2674 3108 2865 3177 ῶσπερ
2913 3104 3007 3158 οῦν
3064 3104 3157 3157 τὸν
3224 3101 3489 3173 μονογενῆ
3543 3098 3640 3152 τοῦ

388 3193 510 3290 ρίαν
540 3191 718 3290 ἰαθεὶς
770 3192 800 3246 6
833 3193 1168 3290 -ᾏπόστςλος
1223 3194 1353 3290 Ereti!
1412 3198 1617 3290 φησὶνι
1655 3215 1676 3247 ί
1728 3197 1815 3250 Ἐν
1843 3197 1959 3249 ἓτε·
1987 3230 2035 3290 C
2065 3204 2201 3259 Θεοῦ
2232 3204 2406 3272 Λόγον
2440 3201 2644 3270 κυρίως
2673 3198 2948 3267 καλοῦμεν
2977 3196 3057 3267 τῷ
3083 3198 3184 3262 τῆς
3212 3196 3405 3263 σοφίας
3437 3193 3637 3262 ὀνόμαη

390 3285 729 3357 ρογλώσσαις
759 3285 856 3339 καὶ
882 3288 942 3338 ἐν
968 3287 1209 3357 χείλεσιν
1245 3287 1458 3356 ἑτέροις
1490 3287 1713 3358 λαλήσω
1746 3288 1824 3359 τῷ
1845 3289 1963 3362 λαῷ

385 3378 600 3450 τούτῳ,
644 3396 663 3430 ι
727 3376 1043 3450 προῦθηκεν
1069 3379 1243 3446 ὅμως,
1283 3397 1302 3429 ι
1350 3380 1438 3432 Ἐν
1467 3378 1542 3449 τῷ
1582 3380 1731 3450 νόμῳ
1757 3384 1963 3453 γέγρα-

387 3488 545 3527 πται.
584 3490 605 3524 ι
665 3472 777 3524 Καὶ
811 3470 978 3534 αὐτὸς
1019 3470 1076 3524 δὲ
1103 3473 1132 3524 6
1180 3470 1412 3541 K6pto:,
1449 3491 1468 3525 ι
1522 3473 1610 3526 Ἐν
1656 3472 1732 3544 τῷ
1793 3475 1963 3546 νόμῳ,

389 3563 578 3632 φησὶν,
633 3563 816 3616 αὐτῶν
862 3564 1198 3632 γέγραπται,
1238 3565 1345 3625 ὅτι,
1401 3565 1704 3635 Ἐμίσησάν
1756 3585 1824 3634 με
1861 3568 1967 3622 δω-

392 3658 545 3727 ρεὰν,
613 3674 633 3709 ι
692 3656 873 3710 καίτοι
934 3656 1129 3709 τούτου
1191 3657 1712 3725 ἀναγινωσκομένου
1773 3661 1829 3712 ὲν
1887 3658 1967 3731 τῷ

390 3748 614 3820 ψαλμῷ.
659 3749 864 3803 Ἐνίοτε
888 3749 945 3803 δὲ
980 3749 1145 3814 νόμος
1176 3750 1385 3817 κυρίως
1412 3750 1769 3803 καλεῖταιδιά
1797 3754 1968 3808 Μωῦ-

392 3841 551 3906 σέως,
582 3841 724 3895 κατὰ
750 3841 810 3893 τὸ
838 3840 1020 3910 ῥηθὲν,
1052 3859 1069 3891 ι
1095 3839 1153 3893 '0
1173 3841 1334 3907 νόμος
1358 3842 1449 3892 καὶ
1476 3841 1525 3893 0i
1548 3844 1827 3911 προφῆται
1860 3843 1968 3907 ἕως

404 3933 677 3986 Ἰωάννου.
705 3950 725 3985 ι
770 3933 911 3985 Καί’
953 3949 971 3981 ι
1009 3932 1102 3983 Ἐν
1142 3930 1367 3992 ταύταις
1392 3932 1507 3991 ταῖς
1547 3931 1696 3983 δυσὶν
1728 3931 1968 3994 ἐντολαῖς

390 4025 513 4088 ὂλδς
534 4026 561 4077 6
582 4025 747 4094 νόμος
777 4023 870 4076 καὶ
897 4023 947 4077 οἱ
977 4024 1258 4093 προφῆται
1288 4023 1619 4091 κρέμανται.
1653 4040 1669 4075 t
1702 4018 1967 4077 Ἐνταῦθα

391 4117 500 4188 γὰρ
529 4117 748 4180 πάντως
780 4115 946 4185 νόμος
973 4115 1179 4184 κυρίως
1208 4114 1681 4184 προσαγορεύεται
1715 4118 1743 4169 6
1772 4118 1836 4167 ἐκ
1876 4114 1966 4167 τοῦ

393 4211 556 4281 ὅρους
599 4211 766 4277 Σινᾶ,
811 4209 891 4278 τῷ
936 4209 1046 4261 τῶν
1080 4207 1380 4277 προφητῶν
1419 4207 1477 4261 δὲ
1517 4208 1747 4277 ὀνόματι
1782 4209 1876 4262 καὶ
1917 4210 1967 4263 οί

395 4304 604 4373 ψαλμοὶ
649 4303 1028 4373 σημαίνονται.
1059 4300 1150 4353 Ἐν
1176 4300 1260 4353 ἑτέ
1271 4316 1347 4370 ρῳ
1372 4300 1555 4369 μέντοι
1577 4299 1736 4370 τύπῳ
1759 4303 1919 4365 αὐτὸς
1941 4304 1970 4356 6

395 4399 607 4467 Σωτὴρ,
632 4416 651 4448 ι
673 4396 841 4459 Ἔδει,
874 4414 893 4447 ι
929 4395 1081 4464 φησι,
1121 4413 1139 4446 ι
1190 4392 1544 4462 πληρωθῆναι
1591 4395 1855 4449 πάντατά
1875 4413 1972 4466 γε-

393 4490 691 4559 γραμμένα
734 4489 791 4540 ὲν
832 4486 910 4555 τῷ
941 4489 1091 4555 νόμῳ
1147 4486 1243 4539 καὶ
1272 4486 1580 4554 προφήταις
1608 4467 1707 4540 καὶ
1736 4487 1970 4556 ψαλμοῖς

2063 3314 2139 3362 τι,
2169 3295 2347 3350 καίτοι
2378 3293 2609 3347 καθόλου
2638 3291 2734 3344 καὶ
2767 3287 2862 3342 τοῦ
2889 3288 3049 3357 ἁγίου
3067 3286 3390 3356 ῐιρνεύματος
3424 3283 3641 3337 καὶτοῦ

2064 3383 2279 3453 Πατρὸς
2312 3381 2507 3450 σοφίας
2533 3378 2708 3444 ὄντος,
2742 3376 2884 3430 οὕτω
2915 3376 3008 3429 καὶ
3035 3375 3097 3429 τὸ
3129 3375 3358 3443 Πνεῦμα
3391 3374 3452 3427 τὸ
3485 3374 3644 3441 ἆγιον
3746 3371 3759 3383 ⁸

2064 3475 2275 3545 κυρίως
2305 3472 2384 3543 τῷ
2414 3472 2512 3543 τῆς
2544 3470 2772 3540 ἀγάπης
2814 3468 3065 3538 ὀνόματι,
3119 3466 3352 3521 καθόλου
3399 3466 3496 3519 καὶ
3549 3465 3644 3518 τοῦ

2066 3571 2281 3640 Πατρὸς
2334 3568 2431 3622 καὶ⁵
2474 3566 2569 3620 τοῦ
2621 3562 2754 3618 Υίοῦ
2809 3562 3033 3631 ἀγάπης
3066 3560 3243 3623 ὄντος.
3292 3558 3436 3612 Ἀλλ’
3477 3560 3504 3611 6
3546 3557 3647 3626 μὲν

2067 3664 2241 3730 Λόγος
2293 3660 2388 3714 τοῦ
2441 3657 2581 3712 Θεοῦ
2605 3698 2621 3722 ,
2655 3655 2941 3710 τουτέστιν
2988 3655 3015 3705 6
3054 3650 3351 3723 μονογενὴς
3380 3649 3508 3711 Υἱὸς
3549 3649 3645 3700 τοῦ

2066 3753 2222 3819 Θεοῦ,
2257 3749 2509 3821 φανερῶς
2543 3747 2761 3818 εἴρηται
2790 3745 2884 3798 τοῦ
2920 3742 3055 3797 Θεοῦ
3103 3745 3265 3813 σοφία
3292 3741 3370 3810 τῷ
3405 3740 3661 3794 ἀποστο-”

2068 3849 2206 3915 λικῷ
2240 3846 2489 3913 στόματι,
2521 3841 2651 3894 ἔνθα
2698 3839 2854 3905 φησι,
2886 3857 2905 3889 ι
2948 3835 3185 3907 Χριστὸν
3215 3833 3352 3887 Θεοῦ
3386 3833 3643 3900 δύναμιν,

2066 3939 2163 3993 καὶ
2197 3937 2335 3989 Θεοῦ
2369 3932 2588 4002 σοφίαν.
2628 3949 2648 3983 ι
2680 3930 2755 3981 Τὸ
2777 3929 2835 3982 δὲ
2861 3927 3090 3998 Πνεῦμα
3112 3927 3171 3979 τὸ
3194 3927 3352 3994 ἅγιον
3379 3925 3481 3978 ποῦ
3512 3939 3645 3976 ποτε

2068 4027 2320 4099 εἰρῆσθαι
2357 4026 2581 4092 ἀγάπην
2611 4022 2974 4090 εὑρίσκομεν;
3020 4019 3086 4073 ἄν
3119 4034 3226 4087 περ
3267 4017 3541 4084 ἐπιμελῶς
3568 4014 3647 4082 τῷ

2067 4118 2160 4172 τοῦ
2193 4115 2495 4170 ἀποστόλου
2557 4112 2814 4166 Ἰωάννου
2854 4109 3026 4179 λογίῳ
3061 4110 3450 4178 πρόσσχωμεν,
3476 4106 3535 4169 ὃς
3564 4110 3645 4158 εξ-

2070 4208 2211 4272 πὼν,
2240 4225 2259 4259 ι
2298 4205 2624 4274 Ἀγαπητοί,
2647 4199 2958 4270 ἀγαπῶμεν
2982 4198 3266 4267 ἀλλήλους,
3299 4199 3379 4252 ὅτι
3402 4199 3435 4266 ἠ
3456 4198 3644 4264 ἀγάπη

2071 4305 2135 4358 ἔκ
2160 4301 2255 4355 τοῦ
2304 4297 2439 4354 Θεοῦ
2472 4299 2650 4360 ἐστιν,
2688 4315 2708 4350 ι
2742 4294 3026 4364 ἑπομένως
3060 4295 3289 4365 συνῆψε,
3334 4311 3352 4344 ι
3396 4295 3504 4348 Καὶ
3536 4296 3647 4356 πᾶς

2070 4398 2098 4450 6
2129 4393 2360 4465 ἀγαπῶν
2390 4394 2454 4447 ὲκ
2487 4390 2583 4445 τοῦ
2613 4389 2750 4444 Θεοῦ
2792 4389 3083 4460 ἐγεννήθηο
3110 4391 3138 4444 6
3187 4389 3244 4442 δὲ
3300 4388 3374 4459 μὴ
3414 4389 3651 4455 ἀγαπῶν

2072 4488 2178 4542 οὐκ
2208 4486 2352 4556 ἔγνω
2383 4484 2473 4538 τὸν
2497 4482 2655 4547 Θεὸν,
2692 4483 2775 4536 ὅτι
2814 4483 2843 4536 6
2864 4481 3001 4544 Θεὸς
3033 4482 3226 4552 ἀγάπη
3260 4479 3429 4535 ἐστίν.
3471 4500 3488 4532 ι
3531 4480 3649 4532 Ἐν-

390 4586 521 4655 περὶ
567 4581 724 4650 ἐμοῦ.
752 4598 771 4631 ι
824 4577 1092 4632 Ἐνταῦθα
1115 4576 1223 4648 γὰρ
1251 4575 1417 4630 πάλιν
1443 4578 1508 4630 τὸ
1534 4578 1642 4631 τῶν
1670 4580 1967 4649 προφητῶν
2000 4572 2043 4624 υ
2071 4581 2249 4636 ταῦθα
2280 4579 2636 4649 ἐφανέρωσεν
2666 4576 2869 4630 ἑαυτὸν
2906 4575 3079 4646 αὐτὴν
3113 4574 3397 4645 είρηκέναι
3423 4573 3653 4643 ἀγάπην

389 4677 582 4745 ὄνομα,
614 4674 1020 4744 ἑξαιρουμένων
1081 4670 1203 4723 τῶν
1243 4669 1473 4740 ψαλμῶν
1496 4710 1511 4735 ,
1547 4670 1788 4724 νοεῖσθαι
1843 4673 1969 4743 ἠθέ-

388 4772 545 4842 λησε.
576 4769 814 4835 Λέγεται
844 4766 954 4834 ἄρα
984 4765 1151 4833 νόμος
1203 4762 1511 4825 καθολικῶς
1543 4763 1640 4817 σὺν
1669 4766 1783 4828 τοῖς
1831 4783 1969 4835 προ-

388 4871 588 4938 φήταις
634 4865 730 4918 καὶ
754 4863 1012 4934 ψαλμοῖς.
1032 4862 1270 4928 Λέγεται
1301 4859 1400 4915 καὶ
1426 4860 1631 4929 κυρίως
1663 4862 1690 4913 6
1717 4859 1803 4913 διὰ
1838 4861 1968 4914 Μω-

390 4959 528 5021 σέως
572 4956 772 5017 δοθείς.
804 4956 927 5008 Ἔτι
959 4954 1213 5021 λέγονται
1244 4952 1440 5016 κοινῶς
1471 4952 1522 5005 οἱ
1551 4953 1833 5024 προφῆται
1867 4953 1966 5006 σὺν

387 5053 498 5113 ταῖς
530 5050 786 5121 ψαλμοῖς.
815 5049 1076 5113 Λέγονται
1100 5046 1157 5098 δὲ
1187 5044 1284 5100 καὶ
1308 5044 1452 5108 ἰδίως
1506 5044 1646 5115 πλὴν
1687 5045 1798 5098 τῶν
1831 5044 1968 5115 ψαλ-

392 5141 649 5212 μῶν.Καὶ
672 5139 888 5203 πολλοῖς
905 5138 963 5191 δὲ
988 5138 1397 5207 παραδείγμασι
1416 5137 1512 5190 καὶ
1535 5135 1715 5198 ἄλλοις
1736 5136 1968 5189 δυνατὸν

279 5244 296 5250 ’
389 5233 538 5303 ἡμᾶς
565 5233 791 5301 γνῶναι,
820 5231 896 5293 ὡς
935 5229 1152 5284 πολλῶν
1185 5228 1533 5299 πραγμάτων
1577 5229 1821 5297 ὀνόματα
1869 5227 1965 5280 καὶ

389 5322 698 5387 καθολικῶς
729 5321 1016 5388 τίθεσθαι,
1055 5322 1154 5373 καὶ
1188 5321 1334 5384 ἰδίως
1366 5320 1513 5374 τισὶν
1545 5319 1920 5387 ἁπονέμεσθαι
1946 5336 1961 5351 θ

392 5417 441 5468 εί
473 5415 546 5485 μὴ
575 5416 633 5469 ἐν
669 5415 959 5484 πράγματι
991 5412 1215 5483 φανερῷ
1250 5412 1622 5481 φυλάττεσθαι
1655 5411 1763 5481 χρὴ
1788 5411 1848 5463 τὸ
1866 5411 1962 5465 τοῦ

389 5507 550 5575 λόγου
580 5506 772 5576 μῆκος.
806 5505 979 5559 Τοῦτο
1023 5505 1079 5558 δὲ
1121 5504 1211 5559 διά
1247 5505 1391 5558 τοῦτ’
1424 5500 1599 5567 εἶπον,
1633 5507 1721 5561 ἵνα
1772 5507 1846 5576 μή
1880 5521 1967 5565 τις

392 5598 539 5667 ἡμᾶς
569 5596 760 5648 τούτου
794 5596 957 5667 χάριν
984 5594 1199 5666 οἰηθείη
1226 5634 1244 5662 ,
1283 5596 1358 5664 μὴ
1414 5595 1691 5666 ἁρμοδίως
1740 5596 1964 5664 ἀγάπην

390 5687 831 5760 προσαγορεύειν
879 5688 940 5742 τὸ
989 5687 1214 5761 Πνεῦμα
1249 5687 1310 5743 τὸ
1346 5688 1534 5757 ἅγιον,
1569 5689 1755 5761 ἐπειδὴ
1809 5689 1901 5741 καὶ
1934 5691 1961 5742 ὀ

464 5874 485 5905 ³
515 5871 669 5927 Joan.
731 5886 819 5935 xv,
843 5869 931 5924 9.5.
1040 5868 1062 5898 "
1100 5868 1229 5924 Luc.
1263 5882 1372 5931 xw,
1400 5864 1492 5919 16.

1598 5865 1618 5894 ⁵
1646 5864 1831 5931 Matth.
1868 5883 1977 5922 ut.
2043 5865 2129 5921 40.

2069 4675 2161 4729 τὸν
2190 4673 2346 4737 Θεὸν,
2383 4674 2447 4743 ἢν
2479 4668 2635 4723 εἶπεν
2669 4671 2734 4723 ἐκ
2762 4667 2856 4723 τοῦ
2909 4666 3071 4720 Θεοῦ.
3120 4666 3252 4725 Θεὸς
3284 4668 3392 4736 ἄρα
3422 4667 3484 4716 ἐκ
3512 4662 3653 4715 Θεοῦ

2069 4769 2220 4821 ἐστιν
2269 4767 2303 4836 ἡ
2349 4765 2536 4834 ἀγάπη
2563 4778 2577 4794 ο
2617 4758 2736 4816 ἀλλ’
2765 4760 2892 4814 ἐπεὶ
2932 4760 3030 4813 καὶ
3059 4761 3088 4812 6
3120 4757 3249 4820 Υίὸς
3295 4759 3358 4810 ὲκ
3386 4754 3481 4808 τοῦ
3509 4753 3652 4807 Θεοῦ

2073 4860 2169 4914 καὶ
2204 4857 2417 4925 Πατρὸς
2443 4852 2734 4924 ἐγεννήθη,
2763 4852 2860 4905 καὶ
2904 4851 2966 4904 τὸ
3023 4850 3245 4919 Πνεῦμα
3290 4848 3349 4901 τὸ
3392 4847 3548 4914 ἅγιον
3582 4847 3650 4899 ἐκ

2066 4951 2163 5006 τοῦ
2223 4948 2359 5004 Θεοῦ
2418 4948 2514 5001 καὶ
2563 4946 2778 5015 Πατρὸς
2831 4941 3223 5012 ἐκπορεύεται,
3264 4940 3385 4992 τίνα
3432 4937 3643 4990 τούτων

2080 5040 2281 5108 μᾶλλον
2311 5035 2549 5090 ἐνταῦθα
2584 5032 2839 5088 ἐκλαϐεῖν
2869 5032 3169 5102 ὀφείλομεν
3203 5030 3464 5101 εἰρῆσθαι
3509 5029 3651 5097 ἀγά-

2075 5151 2186 5202 πην
2209 5132 2299 5197 τὸν
2334 5132 2489 5194 Θεὸν,
2524 5127 2753 5189 δικαίως
2783 5125 3058 5195 ζητεῖται.
3097 5124 3158 5179 '0
3192 5124 3302 5195 γὰρ
3336 5123 3654 5191 Πατὴρλμό·

2074 5245 2160 5290 νος
2186 5227 2334 5280 ἐστὶν
2370 5223 2516 5276 οὕτω
2548 5222 2700 5289 Θεὸς,
2732 5220 2808 5284 ὡς
2847 5220 2923 5291 μὴ
2975 5223 3040 5272 ἐκ
3085 5218 3223 5271 Θεοῦ
3249 5212 3412 5280 εἷναι,
3437 5216 3530 5269 καὶ
3560 5215 3650 5267 διὰ

2075 5321 2249 5376 ταῦτα
2283 5319 2335 5387 ἡ,
2368 5316 2584 5382 ἀγάπη,
2615 5314 2736 5384 ἦτις
2778 5313 2925 5366 οὕτω
2957 5311 3088 5373 Θεός
3121 5313 3291 5374 ἐστιν,
3324 5309 3399 5369 ὡς
3445 5309 3507 5359 ὲκ
3553 5306 3648 5359 τοῦ

2076 5414 2213 5468 Θεοῦ
2248 5409 2412 5475 εἶναι,
2451 5410 2481 5479 ἢ
2523 5408 2652 5470 Υίός
2701 5402 2873 5474 ἐστιν,
2909 5406 2942 5478 ἢ
2990 5406 3053 5458 τὸ
3101 5403 3327 5472 Πνεῦμα
3381 5401 3439 5453 τὸ
3471 5400 3647 5467 ἅγιον,

2076 5504 2197 5558 ἀλλ’
2236 5505 2292 5554 ὲν
2320 5502 2432 5563 τοῖς
2474 5498 2764 5569 ἑπομένοις
2811 5497 2910 5562 τὴν
2954 5495 3176 5563 ἀγάπην
3202 5491 3301 5563 τοῦ
3343 5491 3478 5544 Θεοῦ
3510 5494 3647 5542 ἀνα-

2079 5597 2310 5666 μνήσας,
2340 5593 2402 5646 οὗ
2426 5590 2549 5645 καθ’
2573 5591 2639 5660 ἢν
2672 5589 2834 5659 ἡμεῖς
2862 5588 3050 5649 αὐτὸν,
3078 5586 3214 5640 ἀλλὰ
3235 5584 3358 5638 καθ’
3389 5585 3457 5654 ἢν
3486 5582 3649 5644 αὐτὸς

2074 5689 2363 5759 ἠγάπησεν
2397 5684 2568 5755 ἡμᾶς,
2610 5698 2629 5732 ι
2669 5680 2781 5734 Καὶ
2805 5678 3093 5733 ἀπέστειλε
3119 5676 3208 5730 τὸν
3243 5675 3370 5730 Υξὸν
3395 5672 3588 5739 αὐτοῦ,
3619 5690 3641 5726 s

2228 5864 2247 5896 ⁸
2276 5862 2388 5921 Luc

2458 5879 2608 5929 xxrv,
2646 5862 2733 5917 44.
2837 5861 2858 5894 ⁷
2890 5859 2905 5914 l
2937 5857 3096 5916 Joau.
3135 5875 3206 5925 tv,
3251 5857 3304 5926 7,
3364 5856 3418 5913 8.
