4066 6448
526 360 662 429 Ηίθ

1774 381 2059 439 MAXIMI
2105 382 2478 443 ILANUDE

3660 395 3785 461 11°20

523 482 1106 550 tnauemus.etipsein
1131 470 1543 559 nobis.quiade
1582 474 1787 560 spiritu
1822 511 1921 549 suo
1960 496 2106 549 dedit
2142 502 2181 556 Α
2213 509 2357 560 ctus,
2413 511 2470 553 ιιι
2538 518 2661 555 eum
2724 503 2816 558 Dei
2865 515 2917 559 et
2968 508 3197 574 proximi
3255 510 3415 566 faciat
3476 525 3782 573 amatorenn

519 571 676 623 nobis
695 573 738 625 ⁸.
769 593 786 623 ι
814 574 1052 642 Spiritus
1080 580 1264 650 itaque
1291 593 1521 638 sanctus
1543 588 1608 639 ιίο
1628 603 1736 656 quo
1760 588 1902 640 dedit
1932 592 2109 653 nobis,
2141 582 2147 589 ’

517 662 651 719 facit
682 682 783 723 nos
807 668 857 721 in
890 672 999 725 Deo
1032 688 1274 738 manere,
1300 685 1353 729 et
1379 677 1555 746 ipsum
1588 680 1641 733 in
1676 681 1854 745 nobis,
1888 684 1990 736 hoc
2021 700 2115 737 ana

516 765 623 809 tom
661 757 1058 817 lacitdilectio.
1093 763 1214 834 Ipse
1270 777 1356 821 est
1432 771 1603 839 igitur
1666 774 1810 829 Dens
1865 776 2113 834 dilectio:

516 844 766 915 Denique
799 853 958 920 paulo
994 868 1115 924 post
1141 874 1264 913 cum
1299 863 1403 917 hoc
1446 864 1621 932 ipsum
1659 869 1972 936 repetisset,
2026 882 2108 927 at-

422 951 427 957 ‘
515 955 623 1008 que
659 942 934 1001 dixisset:
994 967 1013 1001 ι
1056 950 1200 1007 Deus
1235 954 1455 1010 dilectio
1490 970 1593 1025 est,
1638 980 1661 1012 ι
1686 963 2107 1019 continuo-sult-

506 1033 642 1102 jecit
672 1055 686 1091 :
729 1058 746 1088 ι
788 1038 852 1093 Et
885 1043 977 1111 qui
1010 1059 1192 1100 manet
1223 1049 1275 1101 in
1303 1050 1599 1106 dilectione
1625 1096 1639 1117 ,
1676 1057 1727 1108 in
1757 1056 1869 1110 Deo
1900 1070 2098 1119 manet.

513 1136 569 1180 et
610 1127 754 1184 Deus
788 1146 969 1189 manet
1001 1137 1055 1191 iu
1086 1153 1174 1193 eo.
1214 1159 1233 1192 ι
1276 1139 1429 1196 Unde
1463 1160 1629 1215 supra
1667 1148 1876 1203 dixerat
1916 1169 1930 1205 :
1969 1170 1987 1202 ι
2045 1152 2103 1206 In

510 1216 616 1273 hoc
653 1225 1011 1291 coguoxintus
1066 1231 1195 1298 Quia
1229 1232 1284 1286 in
1318 1234 1436 1301 ipso
1493 1253 1777 1295 manemus
1812 1253 1865 1296 et
1897 1243 2012 1313 ipse
2049 1245 2100 1300 in

510 1314 697 1378 nobis,
728 1317 856 1383 quia
892 1319 959 1374 de
988 1319 1196 1390 Spiritu
1236 1340 1338 1380 suo
1368 1327 1523 1384 dedit
1555 1332 1734 1388 nobis.
1771 1353 1789 1386 ι
1830 1334 1946 1406 Ipse
1973 1354 2103 1408 ergo

508 1404 848 1473 signiﬁcatur
875 1410 966 1464 ubi
1004 1412 1205 1483 legitur
1244 1435 1255 1471 :
1284 1438 1302 1470 ι
1336 1419 1480 1476 Deus
1518 1424 1741 1480 dilectio
1764 1404 1870 1485 est.
1915 1450 1932 1482 ι
1955 1404 2099 1489 Deus

508 1491 677 1560 igitur
711 1496 951 1567 Spiritus
979 1517 1205 1562 saucius
1240 1511 1329 1578 qui
1364 1516 1610 1581 procedit
1655 1534 1721 1571 ex
1793 1522 1921 1586 Deo,
1974 1541 2097 1580 cum

506 1585 865 1645 (1.ιιιιείιιοι’ἱι
900 1594 1130 1666 homini,
1167 1605 1415 1657 accendit
1458 1622 1581 1660 eum
1637 1611 1688 1663 in
1745 1612 2092 1671 dileCtionetn

507 1674 603 1729 Dei
632 1687 684 1732 et
716 1684 974 1749 proximi,
997 1695 1051 1740 et
1083 1689 1201 1759 ipse
1231 1692 1452 1750 dilectio
1476 1710 1584 1755 est.
1611 1699 1729 1757 Non
1762 1707 1907 1761 enim
1937 1709 2095 1764 habet

506 1768 672 1825 homo
715 1776 858 1829 unde
913 1777 1091 1834 Deum'
1113 1784 1324 1854 diligat,
1375 1790 1480 1843 nisi
1546 1809 1609 1847 ex
1687 1794 1815 1850 Deo.
1862 1799 2096 1871 Propter

504 1864 650 1961 quod
688 1869 851 1934 paulo
874 1884 995 1940 post
1031 1873 1167 1929 dicit
1203 1896 1216 1931 :
1255 1897 1273 1929 ι
1304 1879 1412 1935 Nos
1446 1884 1760 1954 diligamus,
1795 1891 1923 1960 quia
1976 1864 2092 1961 ipse

504 1952 654 2020 prior
702 1955 891 2014 dilexit
953 1979 1053 2019 nos
1081 1967 1122 2023 ν,
1164 1986 1182 2018 ι
1215 1971 1509 2039 Apostolus
1563 1993 1778 2049 quoque
1833 1981 2033 2039 Paulus
2073 2003 2087 2039 :

509 2064 526 2094 ι
570 2046 818 2113 Dilectio,
859 2053 1058 2126 inquit,
1093 2059 1188 2116 Dci
1221 2062 1415 2121 diffusa
1458 2078 1544 2123 est
1597 2071 1651 2125 in
1686 2046 1943 2133 cordibus
1993 2095 2091 2133 no-

503 2143 635 2197 stris
663 2160 760 2214 per
788 2148 1054 2221 Spiritum
1078 2165 1353 2219 sanctum,
1378 2161 1470 2228 qui
1500 2163 1664 2219 datus
1694 2178 1776 2220 est
1808 2171 2035 2226 nobis”.
2064 2192 2084 2227 ι

1076 2291 1306 2350 CAPUT
1339 2295 1526 2356 XVIII.

571 2419 791 2478 Nullum
845 2436 930 2481 est
980 2428 1091 2485 isto
1157 2432 1250 2489 Dei
1282 2436 1424 2493 dono
1482 2443 1864 2505 excellentius.
1900 2450 2087 2507 Solum

498 2521 605 2575 est,
644 2515 790 2583 qund
839 2519 1034 2575 dividit
1094 2524 1237 2581 inter
1266 2528 1409 2586 lilios
1437 2536 1589 2602 regni
1625 2541 1815 2593 aeterni
1856 2552 1910 2597 et
1949 2545 2089 2603 lilios

499 2606 829 2673 perditionis
877 2625 1115 2674 mternze.
1170 2619 1381 2680 Dantur
1424 2637 1481 2682 et
1533 2630 1636 2685 alia
1674 2648 1770 2702 per
1816 2634 2081 2705 Spiritum

497 2707 754 2797 sanctum
808 2720 1064 2777 munera,
1099 2712 1195 2767 sed
1227 2716 1347 2772 sine
1374 2719 1644 2777 charitate
1672 2724 1808 2780 nihil
1834 2741 2085 2797 prosunt.

493 2786 612 2844 Nisi
645 2807 777 2863 ergo
825 2806 1033 2856 tantum
1061 2802 1407 2880 impertiatur
1458 2813 1659 2885 cuique
1689 2786 1931 2888 Spiritus
1963 2838 2090 2879 san-

496 2976 691 3047 cpco‘m,
723 2998 746 3034 ι
783 2981 1017 3055 ἱλασμὸν
1042 2987 1182 3060 ὑπὲρ
1209 2991 1319 3046 τῶν
1355 2994 1645 3067 ἁμαρτιῶν
1678 2999 1858 3071 ἡμῶνο
1897 3024 1916 3057 ι
1950 3006 2085 3060 κάν-

494 3074 689 3129 τεῦθεν
734 3077 973 3145 ἐδίδαξεν
1007 3083 1084 3147 ὡς
1113 3085 1211 3138 καὶ
1236 3088 1402 3156 ἡμεῖς
1438 3091 1708 3163 ἀλλήλους
1746 3095 2085 3169 ἀγαπῶμεν,

491 3166 591 3219 καὶ
635 3167 814 3233 οὕτως
867 3173 896 3224 ὁ
958 3173 1091 3239 Θεὸς
1145 3178 1206 3231 ἐν
1269 3180 1402 3251 ἡμῖν
1465 3184 1644 3252 μένει.
1691 3187 1851 3242 Ἐπεὶ
1900 3166 2155 3268 coit:qu

492 3257 721 3329 ἀγάπην
753 3262 848 3317 τὸν
904 3264 1040 3318 Θεὸν
1095 3269 1312 3339 εἴρηκε,
1346 3272 1511 3334 εὐθὺς
1559 3277 1736 3332 τέλων
1763 3283 1896 3352 περὶ
1924 3283 2083 3339 τοῦδε

491 3347 589 3401 τοῦ
626 3352 963 3421 πράγματος
998 3360 1385 3433 φανερώτερον
1429 3381 1483 3419 τι
1511 3347 1891 3444 διαλεχθῆναι,
1926 3395 1949 3429 ‹
1994 3378 2084 3433 Ἐν

490 3441 689 3512 τούτῳ,
729 3463 748 3496 ι
783 3448 940 3517 φησὶ,
978 3468 995 3501 ι
1036 3453 1410 3525 γινώσκομεν,
1439 3459 1520 3513 ὅτι
1556 3464 1614 3515 ἐν
1645 3441 1795 3536 αὖτῷ
1824 3469 2082 3543 μένομεν,

491 3536 587 3587 καὶ
632 3538 795 3602 αὐτὸς
840 3543 899 3596 ἐν
953 3545 1108 3616 ἡμῖν,
1170 3550 1256 3603 ὅτι
1306 3554 1371 3607 ἐκ
1421 3555 1519 3620 τοῦ
1556 3557 1882 3631 Πνεθματος
1914 3567 2083 3621 αὐτοῦ

492 3630 726 3726 δέδωκεν
760 3635 913 3705 ἡμῖν.
955 3656 973 3689 ι
1015 3640 1088 3693 Τὸ
1140 3643 1370 3713 Πνεῦμα
1408 3650 1594 3705 τοίνυν
1623 3653 1685 3707 τὸ
1712 3630 1895 3724 Ϋᾶγιον,
1927 3659 1985 3726 ἐξ
2019 3655 2082 3718 οῦ

489 3719 727 3777 δέδωκεν
776 3726 933 3797 ἡμῖν,
969 3735 1114 3786 ποιεῖ
1163 3736 1315 3804 ἡμᾶς
1363 3740 1424 3792 ἐν
1470 3741 1549 3810 τῷ
1586 3743 1706 3817 Θεῷ
1755 3719 2084 3818 μένε-ινίκαὶ

489 3817 657 3868 αὑτὸν
689 3819 747 3869 ἐν
775 3820 908 3889 ἡμῖν
931 3838 943 3852 ·
974 3825 1135 3880 τοῦτο
1168 3828 1224 3881 δὲ
1249 3834 1399 3884 ποιεῖ
1424 3834 1456 3904 ἡ
1496 3835 1707 3909 ἀγάπη·
1740 3817 1904 3907 αὑτός
1932 3847 2083 3899 ἐστιν

490 3907 600 3975 ἄρα
638 3910 666 3962 ὁ
696 3909 831 3974 Θεὸς
867 3915 900 3983 ἡ
930 3916 1142 3989 ἀγάπη.
1181 3921 1292 3974 Καὶ
1331 3924 1490 3988 τέλος
1527 3907 1681 3995 μετά
1706 3933 1902 4002 μικρὸν
1932 3935 2082 3991 τοῦτ’

490 4002 624 4056 αὐτὸ
677 4006 1084 4075 ἐπαναλαὸὼν,
1147 4015 1247 4068 καὶ
1299 4018 1497 4088 εἰπὼν,
1537 4039 1557 4073 ι
1607 4021 1665 4076 '0
1698 4024 1832 4090 Θεὸς
1886 4030 2081 4104 ἀγάπη

488 4097 661 4190 ἐστὶν,
698 4118 717 4152 ι
749 4100 874 4170 ἑξῆς
907 4104 1181 4174 ἐπήγαγε,
1216 4128 1236 4160 ‹
1277 4110 1387 4163 Καὶ
1423 4115 1450 4166 ὀ
1491 4115 1673 4184 μένων
1699 4119 1759 4173 ὲν
1788 4123 1853 4192 τῇ
1886 4097 2079 4198 ἀγάπη

488 4191 549 4241 ἐν
585 4190 671 4274 τῷ,
696 4191 817 4263 Θεῷ
855 4196 1033 4263 μένει,
1070 4201 1218 4252 καὶὸ
1257 4201 1388 4267 Θεὸς
1418 4206 1474 4258 ὲν
1504 4208 1656 4279 αὐτῷ
1692 4190 1870 4281 μένειο
1905 4190 2081 4271 »νδθεῦ

487 4283 749 4353 ἀνωτέρω
791 4285 1051 4357 εἴρηκεν,
1095 4309 1114 4342 ι
1161 4291 1251 4344 Ἐν
1311 4294 1489 4367 τούτῳ
1534 4301 1883 4374 γινώσκομεν
1912 4308 1992 4361 ὅτι
2024 4312 2081 4364 ἐν

487 4372 641 4442 αὐτῷ
676 4375 940 4444 μένομεν,
967 4379 1063 4432 καὶ
1093 4380 1255 4444 αὐτὸς
1287 4383 1344 4435 ἐν
1377 4387 1533 4454 ἡμῖν,
1566 4389 1650 4442 ὅτι
1685 4392 1748 4443 ἐκ
1773 4394 1868 4446 τοῦ
1904 4398 2077 4450 Ilvati-

490 4482 664 4532 ματος
713 4466 882 4520 αὑτοῦ
932 4469 1169 4524 δέδωκεν
1204 4475 1358 4541 ἡμῖν.
1401 4494 1419 4527 ι
1464 4478 1608 4531 Αὐτὸ
1663 4478 1772 4550 ἄρα
1818 4483 2077 4553 δηλοῦται

2220 592 2449 645 sinistra
2486 608 2592 646 non
2625 596 2956 655 transfertur
3009 604 3074 652 asl
3111 601 3381 657 dextram.
3422 605 3529 660 Nec
3560 605 3785 676 Spiritus

2220 685 2446 753 proprie
2474 686 2675 741 dieitur
2725 688 2955 753 donum,
2990 693 3099 747 nisi
3143 707 3366 763 propter
3428 698 3783 756 dilectionem.

2216 776 2386 842 Quam
2449 778 2544 847 qni
2611 796 2718 834 non
2783 782 3058 846 habuerit,
3094 803 3111 836 ι
3156 786 3213 840 Si
3266 788 3464 857 linguis
3517 792 3781 845 hominum

2213 869 2469 938 loquatur
2498 883 2552 927 et
2595 875 2940 941 angelorum,
2983 893 3190 933 sonans
3216 889 3567 935 :eramentum
3598 892 3699 950 est,
3736 893 3783 936 et

2210 965 2520 1034 cymbalum
2578 968 2844 1024 tinuiens.
2877 970 3016 1025 Etsi
3053 972 3306 1027 habuerit
3346 975 3703 1044 prophetiam.
3736 988 3785 1030 ct

2210 1059 2398 1113 scierit
2435 1060 2618 1113 omnia
2648 1073 3017 1129 sacramenta,
3050 1076 3104 1119 et
3134 1081 3349 1121 omnem
3403 1057 3710 1131 scientiam,
3733 1082 3781 1125 et

2211 1151 2254 1205 si
2289 1152 2541 1205 habuerit
2589 1169 2805 1207 omnem
2839 1154 2998 1209 ﬁdem
3037 1157 3109 1210 ita
3143 1168 3201 1212 ut
3231 1170 3446 1214 montes
3474 1162 3778 1229 transferar,

2206 1244 2340 1296 nihil
2386 1254 2489 1298 est.
2534 1244 2601 1299 Et
2651 1246 2695 1301 si
2751 1247 3095 1303 distribuerit
3157 1266 3375 1306 onmem
3428 1254 3780 1309 subsmntiam

2204 1353 2382 1401 suam,
2433 1340 2561 1392 etsi
2622 1340 2907 1395 tradiderit
2962 1358 3163 1413 corpus
3223 1362 3378 1399 suum
3439 1357 3501 1401 ut
3575 1349 3778 1413 ardeat,

2204 1430 2338 1502 nihil
2383 1432 2430 1483 ci
2487 1432 2706 1499 prodest
2742 1434 2807 1489 ¹¹.
2845 1454 2863 1485 ι
2905 1436 3178 1503 Quantqu
3221 1455 3349 1509 ergo
3400 1441 3598 1495 bonum
3661 1452 3778 1508 est,

2203 1522 2323 1577 sine
2354 1538 2465 1593 quo
2502 1524 2567 1575 ad
2619 1534 2883 1581 aeternam
2937 1530 3103 1583 vitam
3142 1534 3417 1588 nemiuem
3452 1536 3594 1587 bona
3636 1544 3780 1589 tanta

2200 1617 2545 1684 perducunt?
2575 1615 2693 1686 Ipsa
2728 1635 2856 1673 vero
2904 1620 3145 1687 dilectio,
3197 1625 3311 1681 sive
3357 1627 3618 1692 charitas,
3658 1644 3779 1684 nam

2201 1710 2365 1765 unius
2400 1712 2477 1766 rei
2511 1722 2598 1767 est
2638 1725 2931 1785 utrmnque
3013 1733 3235 1782 nomen,
3274 1721 3321 1776 si
3384 1722 3580 1777 habeat
3636 1738 3778 1785 eam,

2200 1803 2290 1868 qui
2329 1817 2433 1855 non
2486 1802 2726 1872 loquitur
2762 1806 2982 1873 linguis,
3025 1825 3126 1863 nec
3198 1811 3366 1866 habet
3414 1814 3777 1881 prophetiam,

2200 1906 2302 1946 nec
2331 1894 2516 1946 omnia
2551 1895 2655 1948 scit
2689 1909 3065 1960 sacramenta,
3101 1915 3435 1971 omnemque
3470 1904 3779 1970 scientiam,

2200 2001 2300 2039 nec
2348 1986 2625 2042 distribuit
2659 1990 2840 2043 omnia
2888 2006 2983 2045 sua
3019 1993 3373 2062 pauperibus,
3409 1995 3491 2049 vel
3544 2011 3651 2050 non
3682 1997 3784 2049 ha-

2196 2078 2376 2133 bendo
2408 2080 2558 2148 quod
2593 2081 2901 2148 distribuit,
2944 2084 3029 2137 vel
3058 2085 3241 2154 aliqua
3278 2090 3602 2142 necessitate
3644 2104 3777 2158 pro-

2197 2169 2423 2232 hibitus,
2457 2187 2557 2225 nec
2589 2174 2756 2227 tradit
2790 2189 2989 2243 corpus
3055 2191 3216 2230 suum
3266 2189 3322 2230 ut
3356 2180 3560 2245 ardeat,
3591 2182 3634 2234 si
3662 2182 3783 2237 talis

2197 2263 2471 2331 passionis
2520 2264 2668 2318 nulla
2748 2265 2978 2320 tentatio
3006 2276 3107 2331 est,
3136 2270 3384 2335 perducit
3418 2273 3481 2325 ad
3535 2289 3782 2344 regnum,

2194 2353 2271 2407 ita
2328 2364 2387 2407 ut
2436 2355 2608 2422 ipsam
2685 2354 2846 2410 fidem
2904 2374 3011 2413 non
3066 2359 3230 2414 faciat
3277 2363 3464 2416 utilem
3516 2365 3618 2418 nisi
3648 2367 3782 2419 cha-

2197 2447 2350 2500 ritas.
2391 2446 2817 2505 Sioecharitate
2867 2454 3068 2522 quippe
3128 2454 3261 2509 lides
3297 2464 3474 2525 potest
3561 2459 3782 2527 quidem

2194 2555 2341 2608 esse,
2372 2542 2465 2596 sed
2500 2558 2607 2597 non
2638 2539 2924 2611 prodesse.
2977 2548 3207 2619 Propter
3236 2552 3380 2621 quod
3421 2561 3474 2607 et
3511 2556 3785 2622 apostolus

2194 2632 2395 2690 Paulus
2426 2653 2438 2688 :
2480 2653 2498 2686 ι
2526 2636 2584 2689 In
2616 2636 2857 2704 Christo,
2890 2641 3090 2710 inquit,
3123 2641 3251 2698 Jesn
3301 2660 3477 2713 neque
3500 2645 3786 2699 circumci-

2193 2728 2297 2790 sio,
2327 2743 2503 2794 neque
2526 2732 2853 2799 prmputium
2893 2733 3098 2801 aliquid
3142 2736 3307 2800 valet,
3348 2739 3440 2792 sed
3483 2736 3634 2801 ﬁdes,
3659 2744 3783 2805 qua:

2191 2832 2291 2888 per
2332 2818 2677 2876 dilectionem
2720 2806 2981 2893 operatur
3010 2825 3053 2856 ¹¹
3081 2840 3095 2876 :
3128 2843 3146 2876 ι
3181 2826 3263 2882 sic
3308 2840 3427 2881 eam
3462 2827 3782 2882 discernens

2783 3004 3038 3062 ΚΕΦΑΔ.
3074 3007 3188 3059 III'.

2194 3118 2339 3188 Περὶ
2379 3112 2487 3183 τῆς
2513 3118 2824 3189 ὑπεροχῆς
2878 3119 2991 3187 τῆς
3019 3120 3282 3188 ἀγάπης,
3315 3122 3450 3189 ἣτις
3480 3122 3667 3188 οὕτως
3706 3121 3779 3177 ἐκ

2315 3189 2423 3244 τοῦ
2457 3190 2605 3245 Θεοῦ
2627 3191 2824 3256 ἐστιν,
2854 3191 2936 3257 ὡς
2978 3192 3077 3245 καὶ
3114 3192 3269 3260 αὐτὴ
3306 3193 3452 3259 Θεὸς
3477 3190 3649 3247 εἶναι.

2264 3281 2434 3335 Οὐδέν
2469 3284 2584 3335 ἐστι
2629 3283 2784 3336 τοῦδε
2831 3284 2927 3337 τοῦ
2976 3283 3153 3355 δώρου
3185 3285 3279 3338 τοῦ
3329 3285 3467 3339 Θεοῦ
3509 3285 3780 3356 ὑψηλότε-

2195 3389 2288 3440 ρον
2313 3389 2326 3403 ο
2362 3373 2522 3442 μόνον
2553 3375 2661 3446 γάρ
2700 3376 2905 3430 ἔστιτὸ
2956 3376 3202 3449 διαιροῦν
3237 3378 3441 3449 μεταξὺ
3487 3380 3595 3433 τῶν
3646 3378 3778 3434 υἱῶν

2194 3465 2292 3533 τῆς
2350 3467 2571 3520 αἰωνίου
2626 3468 2927 3536 βασιλείας,
2967 3472 3064 3523 καὶ
3096 3471 3208 3523 τῶν
3242 3472 3375 3525 υἱῶν
3423 3472 3525 3543 τῆς
3554 3474 3776 3525 αἰωνίου

2193 3555 2491 3619 ἀπωλείας.
2545 3558 2790 3612 Δίδονται
2845 3559 2901 3613 δὲ
2954 3563 3049 3615 καὶ
3096 3562 3258 3630 ἔτερα
3311 3563 3399 3617 διά
3454 3563 3549 3617 τοῦ
3608 3562 3780 3616 Πνεῦ-

2197 3663 2366 3715 ματος
2412 3648 2581 3719 δῶρα,
2635 3650 2771 3704 ἀλλά
2831 3652 2954 3723 δίχα
3007 3656 3107 3722 τῆς
3160 3655 3383 3724 ἀγάπης
3410 3655 3563 3709 οὐδὲν
3610 3656 3779 3724 ὠφει-

2192 3739 2405 3804 λοῦσιν,
2455 3743 2504 3795 εί
2558 3741 2634 3813 μὴ
2686 3744 2795 3815 ἄρα
2855 3746 3115 3801 τοσοῦτον
3167 3748 3529 3820 διανεμηθείη
3569 3751 3677 3803 τινὶ
3715 3749 3777 3802 τὸ

2195 3831 2423 3903 Πνεῦμα
2457 3834 2518 3888 τὸ
2548 3835 2730 3903 ἆγιον,
2768 3837 2842 3900 ὡς
2878 3842 3045 3892 αὐτὸν
3074 3840 3166 3893 τοῦ
3193 3842 3334 3895 Θεοῦ
3369 3842 3589 3897 καὶτοῦ
3633 3843 3773 3912 πλη-

2194 3929 2311 3979 σίον
2340 3928 2579 3998 ἐραστὴν
2609 3930 2835 3998 ποιῆσαι
2861 3949 2876 3963 ·
2908 3934 2973 3985 ἐκ
3003 3935 3111 4004 γάρ
3136 3935 3235 4005 τῆς
3258 3937 3555 4005 ἀριστερᾶς
3580 3938 3638 3988 οῦ
3675 3954 3771 4006 με·

2190 4018 2420 4085 τάγεται
2454 4018 2593 4089 πρὸς
2622 4019 2721 4088 τὴν
2752 4020 2954 4087 δεξιάν.
3005 4023 3150 4075 Ἀλλ’
3175 4025 3298 4078 οὐδὲ
3328 4027 3387 4079 τὸ
3416 4025 3639 4095 Πνεῦμα
3666 4042 3767 4078 κυ-

2195 4106 2326 4176 ρίως
2362 4106 2583 4174 λέγεται
2622 4106 2817 4177 δῶρον,
2848 4111 2929 4163 ὅτι
2985 4112 3059 4179 μὴ
3100 4111 3188 4164 διά
3218 4114 3317 4182 τὴν
3365 4114 3605 4183 ἀγάπην,
3638 4115 3702 4184 ῆν
3739 4116 3768 4167 ὁ

2194 4200 2270 4270 μὴ
2315 4199 2483 4269 ἔχων,
2520 4201 2618 4254 ἐὰν
2658 4205 2780 4265 ταῖς
2812 4203 3091 4269 γλώσσαις
3115 4205 3227 4258 τῶν
3260 4206 3566 4275 ἀνθρώπων
3610 4207 3765 4275 λαλῇ,

2191 4295 2286 4345 καὶ
2329 4294 2437 4347 τῶν
2465 4295 2738 4363 ἀγγέλων,
2774 4296 2925 4366 ἠχῶν
2961 4298 3079 4351 ἐστι
3128 4298 3332 4368 χαλκὸς
3363 4300 3457 4353 καὶ
3491 4299 3556 4351 κύ
3568 4299 3768 4368 μϐαλον

2142 4404 2161 4410 “
2189 4383 2484 4449 ἀλαλάζον,
2515 4386 2610 4438 καὶ
2642 4388 2737 4438 ὲάν
2781 4386 2881 4457 ἔχῃ
2914 4390 3280 4459 προφητείαν,
3312 4390 3403 4442 καὶ
3429 4388 3541 4458 εἰδῇ
3575 4392 3639 4441 τὰ
3671 4405 3771 4457 μυ-

2192 4479 2390 4546 στήρια
2423 4477 2626 4539 πάντα,
2656 4477 2752 4528 καὶ
2786 4479 2971 4531 πᾶσαν
3003 4480 3104 4547 τὴν
3141 4479 3368 4546 γνῶσιν,
3404 4480 3498 4533 καὶ
3530 4479 3624 4532 ἐὰν
3666 4481 3766 4549 σχῇ

486 4557 615 4610 ἔνθα
661 4558 1133 4633 ἀναγινώσκομεν,
1173 4583 1192 4616 ι
1241 4567 1300 4619 Ὀ
1341 4567 1474 4631 Θεὸς
1530 4571 1719 4642 ἀγάπη
1763 4576 1911 4629 ἐστίν
1939 4594 1951 4607 ο
1989 4598 2007 4629 ι
2051 4581 2078 4633 ὁ
2115 4578 2155 4632 ι)
2189 4572 2370 4623 πᾶσαν
2416 4568 2517 4638 τὴν
2575 4569 2787 4632 πίστιν,
2835 4569 2978 4624 ὥστε
3026 4572 3127 4643 ὅρη
3194 4573 3579 4643 μεθιστάνειν,
3616 4572 3768 4625 οὐδέν

485 4651 620 4711 Θεὸς
639 4652 820 4706 τοίνυν
843 4654 903 4708 τὸ
934 4655 1158 4725 Πνεῦμα
1196 4661 1255 4711 τὸ
1279 4659 1437 4728 ἅγιον
1458 4662 1518 4715 τὸ
1547 4665 1984 4737 ἐκπορευόμενον
2021 4674 2084 4726 ὲκ

481 4741 578 4795 τοῦ
610 4742 774 4810 Θεοῦ,
802 4746 1027 4799 ἐπειδᾶν
1059 4748 1188 4820 δοθῇ
1220 4750 1298 4821 τῷ
1323 4752 1624 4825 ἀνθρώπῳ,
1656 4758 1889 4812 ἀνάπτει
1917 4762 2081 4816 αὑτὸν

484 4839 564 4898 εἰς
599 4836 698 4906 τὴν
730 4838 953 4908 ἀγάπην
981 4841 1074 4894 τοῦ
1103 4842 1267 4910 Θεοῦ,
1307 4846 1403 4898 καὶ
1442 4848 1536 4900 τοῦ
1573 4849 1822 4919 πλησίον,
1859 4854 1953 4905 καὶ
1984 4857 2081 4909 αὺ-

486 4929 545 4981 τὸ
593 4930 782 5001 ἀγάπη
823 4932 993 4987 ἐστίν.
1045 4935 1182 4988 Οὐδὲ
1223 4938 1334 5007 γὰρ
1388 4938 1504 5009 ἔχει
1564 4943 1590 4993 ὁ
1628 4943 1921 5013 ἄνθρωπος
1956 4946 2080 4999 ὅθεν

482 5025 574 5073 τ“ρν
605 5023 737 5076 Θεὸν
772 5025 1060 5099 ἀγαπήσῃ.
1109 5030 1193 5081 ὅτι
1238 5031 1314 5102 μὴ
1368 5035 1430 5085 ἐκ
1485 5035 1582 5087 τοῦ
1637 5037 1797 5091 Θεοῦ.
1831 5040 1921 5092 Διὸ
1959 5042 2080 5108 μετ’

481 5115 638 5182 ὀλίγα
674 5118 863 5185 φησὶν,
903 5138 921 5171 ι
975 5120 1157 5190 Ἠμᾶς
1188 5123 1243 5175 δὲ
1268 5125 1598 5195 ἀγαπῶμεν,
1628 5129 1714 5182 ὅτι
1746 5132 1911 5195 αὐτὸς
1943 5137 2079 5204 πρό-

483 5227 643 5277 τερον
695 5212 988 5282 ἠγάπησεν
1029 5216 1200 5284 ἡμᾶς.
1248 5234 1267 5267 ›
1303 5220 1415 5271 Καὶ
1458 5222 1484 5271 ὁ
1525 5222 1828 5286 ἀπόστολος
1864 5226 2078 5293 Παῦλος

493 5319 510 5350 ι
558 5300 620 5352 Ἡ
649 5301 843 5372 ἀγάπη
882 5305 975 5355 τοῦ
1005 5304 1163 5369 Θεοῦ,
1217 5327 1234 5358 ι
1270 5310 1458 5378 φησιν,
1489 5330 1508 5362 ι
1536 5313 1831 5382 ἐκκέχυται
1863 5318 1924 5369 ἐν
1956 5324 2078 5383 ταῖς

483 5393 740 5460 καρδίαις
770 5397 931 5465 ἡμῶν
976 5398 1066 5453 διὲι
1120 5400 1442 5471 Πνεῦματος
1488 5405 1650 5473 ἁγίου
1689 5408 1785 5461 τοῦ
1828 5410 2077 5475 δοθέντος

485 5485 639 5554 ἡμῖν.
680 5505 699 5539 ι

565 5839 583 5870 ⁸
619 5839 775 5897 Joan.
810 5860 882 5911 tv,
926 5846 1012 5903 I3.
1114 5849 1133 5880 ⁹
1175 5806 1306 5906 ibid.
1339 5848 1424 5905 I9.

1538 5852 1577 5883 ¹⁰
1611 5851 1747 5906 Rom
1804 5870 1856 5921 ν,
1894 5852 1947 5908 ὃ.

2057 5856 2098 5887 ¹¹
2130 5854 2299 5910 ICor.
2334 5870 2452 5923 xm,
2511 5857 2530 5909 I
2571 5874 2721 5928 seqq.

2194 4658 2333 4709 ἐστι’
2377 4657 2474 4709 καὶ
2507 4657 2599 4709 ἐὰν
2632 4646 2860 4732 ψωμίσῃ
2896 4664 3073 4715 πάντα
3104 4661 3174 4714 τά
3222 4662 3540 4733 ὑπάρχοντα
3579 4664 3766 4727 αὑτοῦ,

2192 4751 2289 4803 καὶ
2324 4751 2420 4803 ὲάν
2454 4752 2686 4823 παραδῷ
2726 4754 2788 4806 τὸ
2828 4753 2989 4824 σῶμα
3024 4755 3214 4823 αὑτοῦ,
3247 4756 3336 4809 ἵνα
3385 4758 3586 4826 καυθῇ,
3619 4759 3767 4812 οὐδὲν

2187 4844 2505 4911 ὠφελεῖται.
2555 4847 2728 4899 Πόσον
2781 4848 2963 4899 τοίνυν
3018 4848 3222 4914 ἀγαθόν
3278 4850 3434 4915 ἐστι,
3487 4844 3546 4903 οῦ
3600 4851 3767 4920 χωρὶς

2189 4938 2325 5006 πρὸς
2374 4939 2473 5007 τὴν
2518 4937 2740 4990 αἰώνιον
2772 4936 2921 5008 ζωὴν
2955 4940 3147 4992 οὐδένα
3191 4940 3431 4995 τοσαῦτα
3478 4934 3765 5012 ὁδηγοῦσιν

2186 5027 2405 5095 ἀγαθά;
2452 5029 2601 5098 Αὐτὴ
2630 5028 2685 5084 δὲ
2722 5031 2753 5096 ἡ
2787 5030 3003 5100 ἀγάπη,
3041 5033 3090 5083 εἰ
3126 5034 3222 5085 καὶ
3258 5034 3331 5100 μὴ
3375 5031 3653 5101 γλώσσαις
3677 5032 3767 5087 λα-

2185 5118 2286 5183 λεῖ,
2319 5122 2443 5190 μήτ’
2476 5120 2589 5189 ἔχει
2622 5122 2988 5191 προφητείαν,
3024 5124 3161 5191 μήτε
3210 5124 3392 5176 πάντα
3429 5120 3539 5176 οἶδε
3570 5123 3641 5177 τὰ
3672 5140 3765 5193 μυ-

2185 5214 2406 5283 στηρία.
2441 5218 2535 5267 καὶ
2570 5215 2753 5267 πᾶσαν
2791 5215 2887 5285 τὴν
2920 5217 3144 5283 γνῶσιν,
3184 5218 3324 5286 μήτε
3356 5216 3595 5287 ψωμίσει
3626 5233 3765 5268 πτω-

2184 5307 2300 5374 χοῖς
2348 5306 2528 5358 πάντα
2571 5305 2636 5358 τά
2690 5306 2915 5374 ἑαυτῆς,
2960 5306 2990 5377 ἢ
3032 5307 3111 5373 τῷ
3161 5307 3235 5377 μὴ
3287 5309 3432 5378 ἔχειν
3470 5308 3522 5362 τί
3560 5308 3677 5363 ποτ’
3702 5307 3764 5360 ἂν

2182 5397 2511 5466 ψωμίσειεν,
2548 5397 2583 5468 ἡ
2633 5415 2743 5449 τινι
2802 5399 3018 5469 ἀνάγκη
3053 5399 3386 5462 κωλυθεῖσα,
3420 5403 3558 5470 μήτε
3595 5419 3766 5469 mp:-

2183 5488 2346 5540 δώσει
2383 5488 2444 5541 τὸ
2499 5489 2660 5556 σῶμα
2709 5488 2912 5557 ἑαυτῆς
2946 5487 3021 5549 ὡς
3071 5488 3346 5559 καυθῆναι
3375 5531 3390 5553 ,
3444 5490 3490 5542 εἰ
3528 5491 3763 5544 τοιοῦτον

2187 5582 2394 5643 πάθους
2447 5581 2639 5650 μηδείς
2698 5584 2813 5635 ἐστι
2861 5586 3212 5653 πειρασμὸς,
3268 5586 3602 5654 χειραγευγεῖ
3635 5585 3765 5653 πρὸς

2187 5674 2285 5743 τὴν
2345 5676 2625 5744 βασιλείαν
2713 5676 2789 5728 ὠ*
2844 5678 2937 5729 καὶ
2994 5676 3164 5747 αὐτὴν
3210 5677 3310 5747 τὴν
3376 5679 3565 5733 πίστιν
3606 5678 3765 5749 μηδὲν

2830 5859 2868 5888 ¹¹
2900 5857 2915 5911 I
2945 5858 3069 5913 Cur.
3108 5877 3159 5926 ι’,
3193 5861 3247 5914 6.
