4066 6448
473 361 614 425 11ἷὸ

1779 349 2068 408 ΜΑΧΙΜΙ
2100 348 2474 409 PLANUDxli

3603 342 3736 407 1124

472 472 625 528 dedit
658 470 798 522 dona
832 465 1144 521 hominibus
1169 464 1236 519 "'.
1273 483 1292 517 ι
1326 462 1689 519 Notissimnm
1721 470 1807 516 est
1838 473 2046 525 autem,
2084 466 2128 522 Α
2156 473 2241 515 est
2275 462 2515 532 Spiritus
2549 471 2797 528 sanctus,
2847 463 2900 515 in
2930 476 3222 515 commune
3271 460 3521 514 omnibus
3555 473 3728 512 mem-

477 560 768 616 Duminum
797 557 1006 619 Jesum,
1041 571 1166 608 cum
1196 561 1318 623 post
1343 553 1809 608 resurrectionem
1846 568 1875 604 a
1912 566 2057 603 mor-

476 654 589 707 tuis
626 650 969 724 ascendisset
1019 650 1072 701 in
1103 649 1328 712 cadum,
1370 646 1591 701 dedisse
1625 644 1892 714 Spiritum
1930 658 2060 697 san-

475 756 648 812 ctum,
689 759 799 813 quo
832 743 1037 811 impleti
1068 743 1162 811 qui
1190 739 1543 794 crediderant
1574 739 1783 808 linguis
1809 739 2060 791 omnium

475 839 719 908 gentium
751 837 1139 905 loquebantur.
1164 832 1277 886 Nec
1302 842 1538 897 moveat,
1558 832 1705 901 quod
1753 831 1852 892 ait,
1881 829 2061 892 Dona,

480 947 589 984 non
619 931 820 982 donum
865 943 882 991 ;
917 926 970 978 id
1009 927 1154 979 enim
1193 923 1566 978 testimonium
1610 937 1676 976 ex
1709 922 1921 990 psalmo
1966 935 2064 989 po-

476 1023 609 1075 suit.
635 1019 745 1073 Hoc
774 1026 957 1072 autem
996 1018 1049 1070 in
1082 1019 1297 1083 psalmo
1329 1017 1402 1069 ita
1431 1016 1663 1084 legitur:
1703 1032 1723 1065 ι
1754 1012 2061 1068 Ascendisti

479 1118 533 1168 in
568 1114 760 1177 altum,
811 1109 1098 1179 captivasti
1150 1109 1549 1177 captivitatem,
1590 1107 1853 1176 accepisti
1911 1106 2059 1160 dona

479 1209 533 1259 in
577 1204 888 1259 hominibus
914 1202 978 1254 ".
1019 1219 1039 1253 ›
1072 1200 1163 1255 Sic
1195 1201 1343 1253 enim
1377 1200 1560 1269 plures
1591 1200 1810 1254 codices
1837 1197 2061 1260 habent,

477 1307 532 1351 et
571 1296 807 1349 maxime
837 1292 1034 1355 Graeci,
1068 1302 1121 1347 et
1147 1308 1212 1347 ex
1247 1290 1478 1344 Hebraeo
1510 1291 1589 1343 sic
1635 1290 2058 1358 interpretatum

481 1388 767 1442 habemus.
801 1384 952 1439 Dona
1011 1387 1199 1454 itaque
1242 1384 1384 1438 dixit
1429 1382 1750 1453 Apostolus,
1796 1379 2063 1450 quemad-

484 1480 709 1532 modum
744 1476 1041 1547 Propheta,
1074 1492 1184 1530 non
1223 1476 1454 1529 donuin.
1487 1475 1591 1527 Sed
1624 1489 1749 1526 cum
1783 1472 2058 1541 PrOpheta

481 1570 684 1624 dixerit
712 1588 725 1623 :
759 1587 779 1621 ι
812 1569 1087 1637 Aceepisti
1114 1569 1167 1621 in
1201 1567 1536 1629 hominibus,
1567 1583 1585 1616 ι
1621 1565 1920 1635 Apostolus
1951 1577 2065 1617 ma-

482 1662 808 1724 luitdicere,
839 1681 856 1714 ι
884 1662 1042 1715 Dedit
1066 1660 1567 1724 donahominibus,
1599 1676 1619 1710 ι
1648 1671 1707 1711 ιιι
1732 1675 1795 1711 ex
1828 1669 2064 1725 utroque

480 1753 690 1808 scilicet
729 1754 920 1819 verbo,
973 1771 1081 1806 uno
1127 1755 1472 1824 prophetico,
1506 1751 1813 1821 apostolico
1861 1752 2059 1812 altero,

2164 554 2280 609 bris
2302 554 2512 610 Christi
2549 554 2721 609 multa
2769 555 2910 608 dona
2953 569 3076 623 qua:
3111 565 3235 607 sunt
3269 553 3579 622 quibusque
3610 565 3736 618 pro-

2165 649 2281 716 pria
2320 647 2663 701 dividuntur.
2696 645 2817 701 Non
2856 645 3003 699 enim
3039 645 3242 714 singuli
3282 644 3486 714 quique
3524 641 3734 697 habent

2163 741 2374 828 omnia.
2406 739 2501 793 sed
2539 739 2592 792 bi
2631 740 2749 798 illa.
2782 748 2838 793 et
2869 737 2962 791 alii
2988 736 3114 799 alia,
3151 737 3407 805 quamvis
3430 734 3611 803 ipsum
3640 734 3738 786 do-

2163 848 2322 896 num,
2386 846 2415 885 ιι
2474 846 2585 900 quo
2624 832 2823 899 cuique
2878 830 3103 900 propria
3151 827 3499 888 dividuntur,
3544 840 3738 879 omnes

2169 927 2430 988 habeant,
2463 926 2517 981 id
2568 935 2654 980 est
2696 924 2964 994 Spiritum
3005 931 3281 978 sanctum.
3338 921 3469 974 Nam
3509 930 3563 974 et
3609 919 3735 971 alihi

2165 1034 2291 1074 Cum
2322 1020 2490 1081 multa
2517 1017 2660 1073 dona
2684 1026 3212 1072 commemorasset:
3242 1033 3259 1064 ι
3287 1013 3501 1078 Omnia,
3532 1011 3734 1079 inquit,

2163 1111 2282 1166 haec
2337 1117 2600 1179 operatur
2634 1124 2780 1164 unus
2809 1117 2973 1177 atque
3014 1108 3158 1161 idem
3199 1104 3459 1175 Spiritus,
3492 1103 3740 1155 dividens

2167 1204 2393 1273 propria
2425 1200 2751 1270 unicuique,
2800 1209 2963 1270 prout
3008 1198 3126 1253 vult
3148 1199 3214 1252 “.
3247 1215 3266 1249 ι
3308 1196 3463 1261 Quod
3510 1194 3737 1247 verbnu

2165 1307 2218 1349 et
2246 1293 2302 1347 in
2334 1291 2600 1362 Epistula,
2632 1305 2755 1359 qua:
2787 1292 2854 1345 ad
2882 1288 3146 1344 Hebraeos
3176 1296 3280 1353 est,
3320 1285 3625 1349 invenitur,
3651 1282 3738 1336 uhi

2166 1384 2435 1452 scriptum
2464 1392 2550 1438 est
2585 1400 2600 1436 :
2647 1400 2667 1433 ι
2706 1383 3016 1437 Attestante
3055 1378 3167 1435 Deo
3195 1379 3367 1449 signis
3393 1386 3449 1432 et
3486 1379 3738 1436 ostentis,

2165 1481 2219 1527 et
2253 1473 2425 1528 variis
2479 1472 2808 1534 virtutibus,
2837 1481 2893 1526 et
2927 1470 3168 1541 Spiritus
3192 1469 3372 1522 sancti
3393 1465 3740 1521 distributio-

2166 1564 2330 1621 nibus
2352 1565 2422 1617 ”.
2463 1581 2482 1616 ι
2531 1562 2598 1617 Ει
2641 1563 2731 1619 hic
2777 1579 2901 1619 cum
2956 1562 3228 1616 dixisset:
3284 1558 3533 1613 Ascendit
3566 1556 3625 1608 in
3659 1553 3744 1608 ai-

2166 1669 2312 1727 lum,
2355 1659 2640 1727 captivavit
2692 1658 3096 1726 captivitatem,
3137 1654 3279 1709 dedit
3332 1657 3469 1706 dona
3520 1650 3748 1703 homini—

2168 1749 2263 1804 bus
2288 1766 2307 1804 :
2343 1770 2362 1801 ι
2392 1750 2547 1816 Quod
2578 1759 2757 1804 autem
2792 1750 3043 1804 ascendit
3075 1750 3170 1814 ait,
3211 1746 3340 1816 quid
3370 1753 3452 1799 est
3483 1743 3585 1811 nisi
3621 1741 3745 1810 Quia

480 1843 610 1912 quia
664 1846 718 1895 in
760 1853 997 1911 utroque
1046 1855 1131 1898 est
1184 1842 1357 1896 divini
1406 1841 1679 1895 sermonis
1732 1840 2062 1903 auctoritas,
2096 1811 2225 1896 Bet
2277 1842 2559 1896 descendit
2634 1842 2691 1895 in
2763 1840 3053 1896 inferiores
3109 1852 3293 1910 partes
3361 1836 3573 1892 terras?
3643 1832 3746 1901 Qui

481 1948 674 1988 sensus
726 1933 1079 2002 plenissimus
1122 1935 1468 1988 redderetur.
1531 1931 1843 1999 Utrumque
1898 1934 2047 1985 enim

480 2041 671 2079 verum
708 2034 810 2087 est,
836 2035 888 2079 et
920 2027 1048 2095 quia
1081 2025 1232 2080 dedit
1262 2026 1600 2088 hominibus,
1623 2033 1677 2077 et
1701 2027 1829 2093 quia
1854 2022 2067 2091 accepit

483 2113 539 2166 in
600 2114 940 2170 hominibus.
991 2115 1151 2169 Dedit
1198 2116 1537 2176 hominihus,
1595 2125 1857 2181 tanquam
1895 2127 2062 2181 caput

484 2206 751 2261 membris
813 2208 954 2261 suis.
994 2208 1224 2276 Accepit
1268 2209 1320 2260 in
1382 2206 1703 2260 hominibus
1754 2204 1895 2259 idem
1949 2206 2066 2272 ipse

486 2298 679 2368 utique
712 2298 765 2351 in
800 2300 1065 2355 membris
1105 2301 1246 2363 suis,
1292 2308 1515 2370 propter
1541 2314 1664 2367 qua:
1691 2298 1936 2351 membra
1963 2311 2065 2351 sua

480 2392 739 2445 clamavit
764 2394 831 2446 de
869 2394 1010 2446 coelo
1044 2409 1058 2445 :
1100 2411 1118 2443 ι
1155 2392 1340 2457 8.ιυ1θ,
1377 2392 1562 2453 Saule,
1593 2390 1725 2458 quid
1763 2407 1846 2445 me
1879 2406 2067 2460 perse-

478 2482 767 2551 queris“?
792 2502 810 2534 ι
839 2482 987 2538 Etde
1005 2483 1210 2553 quibus
1234 2484 1497 2538 membris
1513 2484 1631 2538 suis
1648 2486 1759 2537 ait:
1793 2501 1811 2534 ι
1834 2481 2065 2548 Quando

483 2573 578 2625 uni
620 2588 687 2627 ex
740 2574 985 2628 minimis
1040 2579 1179 2628 meis
1238 2573 1481 2641 fecistis;
1512 2576 1647 2629 mihi
1701 2573 1998 2629 fecisus".
2039 2592 2059 2626 ι

479 2663 602 2734 Ipse
636 2682 767 2736 ergo
794 2666 1052 2722 Christus
1087 2675 1143 2722 et
1183 2666 1337 2721 dedit
1369 2669 1435 2722 de
1468 2669 1630 2733 coelo,
1663 2677 1717 2722 et
1750 2668 1966 2738 aer-epit
2006 2667 2063 2723 in

477 2765 648 2812 terra.
679 2757 852 2814 Porro
891 2769 1078 2815 autem
1105 2760 1245 2814 dona
1297 2762 1369 2814 oh
1428 2761 1532 2815 hoc
1571 2762 1734 2815 ambo
1782 2762 2064 2824 dixerunt,

477 2861 533 2904 et
560 2853 854 2921 propheta,
892 2863 947 2909 et
979 2853 1302 2923 Apostolus,
1345 2853 1476 2925 quia
1514 2870 1612 2925 per
1648 2855 1883 2923 donum,
1916 2856 2065 2926 quod

476 3032 632 3104 πηγὴ
680 3032 873 3097 ὕδατος
915 3034 1216 3106 ἁλλομένου
1271 3040 1353 3101 εἰς
1405 3038 1553 3109 ζωὴν
1586 3039 1829 3096 αἰώνιον.
1889 3062 1909 3095 ι
1951 3045 2065 3097 Καὶ

2170 1936 2476 1999 descendit,
2520 1935 2636 2004 ipse
2689 1943 2774 1990 est
2813 1945 2868 1988 et
2909 1933 3002 2003 qui
3059 1934 3304 1988 ascendit
3338 1932 3499 2000 super
3550 1941 3747 1983 omnes

2171 2031 2361 2093 (celos,
2381 2038 2442 2085 ut
2477 2031 2807 2101 adimpleret
2829 2033 3033 2085 omnia.
3062 2030 3128 2084 Et
3158 2029 3274 2098 ipse
3299 2027 3447 2080 dedit
3470 2024 3741 2093 quosdam

2170 2125 2397 2192 quidem
2459 2123 2762 2192 apostolos,
2822 2122 3098 2193 quosdam
3164 2129 3347 2173 autem
3417 2119 3742 2187 prephi-tas,

2169 2215 2439 2285 quosdam
2478 2230 2609 2270 vero
2650 2214 3047 2285 evangelistas,
3107 2212 3377 2281 quosdam
3429 2217 3613 2263 autem
3648 2221 3746 2276 pa-

2169 2318 2345 2361 smres
2382 2315 2436 2361 et
2469 2306 2744 2362 doctores.
2775 2325 2794 2359 ι
2829 2306 2967 2361 Ecce
3019 2319 3195 2372 quare
3240 2303 3381 2357 dicta
3418 2310 3544 2354 sunt
3573 2299 3748 2361 dona,

2168 2399 2297 2467 quia
2328 2399 2473 2453 sicut
2510 2398 2641 2453 alibi
2688 2398 2825 2453 dicit
2855 2417 2866 2451 :
2902 2417 2925 2450 ε
2953 2396 3211 2467 Nunquid
3255 2410 3447 2450 omnes
3476 2394 3752 2465 apostoli?

2169 2488 2425 2561 Nunquid
2443 2506 2635 2547 omnes
2665 2490 3043 2562 prophetae“?
3074 2508 3093 2541 ι
3125 2502 3179 2544 et
3197 2498 3429 2544 cretei-az
3460 2490 3545 2543 hic
3565 2499 3749 2543 autem

2169 2586 2472 2656 adjnuxit:
2528 2604 2547 2638 ι
2578 2587 2658 2641 Ad
2717 2570 3252 2643 consummationem
3303 2594 3645 2648 sanctorum,
3697 2583 3749 2637 in

2169 2694 2309 2749 opus
2344 2679 2659 2746 ministerii,
2693 2678 2752 2734 in
2822 2677 3246 2733 aedificationem
3304 2676 3555 2747 corporis
3584 2676 3750 2730 Chri-

2169 2772 2239 2825 sti
2255 2771 2325 2824 ".
2364 2789 2383 2822 ι
2416 2769 2542 2827 Haec
2572 2781 2656 2826 est
2683 2770 2912 2835 domus,
2952 2785 3098 2840 quae,
3127 2771 3271 2827 sicut
3298 2768 3549 2824 Psalmns
3574 2769 3747 2831 canit,

2169 2860 2482 2918 aediﬁcatur
2518 2872 2649 2933 post
2671 2863 3051 2932 captivitatem
3078 2877 3097 2931 ς
3133 2865 3395 2932 quoniam
3435 2861 3525 2930 qui
3561 2866 3697 2915 sunt
3720 2873 3752 2913 a

2175 3042 2382 3113 μέλεσι,
2419 3044 2488 3098 δι’
2537 3043 2683 3115 ἅπερ
2737 3044 2914 3097 οίκεῖα
2956 3042 3092 3115 μέλη
3141 3043 3200 3111 ἐξ
3246 3041 3479 3113 οὐρανοῦ
3527 3042 3747 3113 ἐϐόησε,

475 3126 690 3188 Παῦλος
733 3127 762 3178 ὁ
800 3126 1125 3191 ἀπόστολος.
1167 3146 1184 3179 ι
1231 3130 1505 3200 Ἐκάστῳ.
1545 3150 1564 3183 ι
1604 3133 1793 3203 φησὶν,
1832 3152 1850 3186 ι
1904 3136 2066 3205 ήμῶν
2095 3153 2138 3212 c
2178 3153 2198 3187 ι
2227 3136 2425 3204 Σαῦλε,
2460 3136 2657 3202 Σαῦλε,
2682 3136 2734 3190 τί
2771 3153 2839 3205 με
2876 3135 3095 3198 διώκεις
3122 3152 3139 3203 ;
3171 3154 3189 3186 ι
3238 3136 3347 3189 Καὶ
3378 3137 3506 3204 περὶ
3537 3134 3646 3188 τῶν
3680 3136 3753 3190 oi-

473 3217 679 3272 δίδοται
709 3218 871 3288 χάρις
913 3221 1057 3272 κατὰ
1097 3221 1159 3272 τὸ
1187 3213 1395 3292 ’μέτρον
1431 3225 1530 3292 τῆς
1556 3226 1768 3294 δωρεᾶς
1803 3228 1898 3281 τοῦ
1931 3230 2066 3299 Χρι-

476 3309 628 3362 στοῦ.
666 3327 685 3360 ι
724 3311 834 3364 Καὶ
865 3310 950 3362 ἵνα
974 3310 1072 3382 τὴν
1101 3314 1314 3381 δωρεὰν
1345 3314 1439 3368 τοῦ
1470 3317 1713 3385 Χριστοῦ
1743 3321 1803 3372 τὸ
1832 3322 2064 3391 Πνεῦμα

475 3400 538 3452 τὸ
571 3400 726 3467 ἅγιον
773 3397 913 3453 εἶναι
963 3402 1246 3474 ἀποδείξῃ,
1285 3405 1555 3475 ἑπόμενος
1612 3411 1842 3481 συνῆψε,
1898 3432 1918 3465 ι
1972 3415 2065 3467 Διὸ

475 3491 572 3543 καὶ
602 3492 789 3560 φησιν,
825 3490 1060 3554 Ἀναϐὰς
1092 3494 1172 3556 είς
1221 3492 1355 3561 ὕψος
1386 3496 1821 3566 ᾐχμαλώτευσεν
1858 3502 2067 3572 αίχμα-

474 3581 703 3647 λωσίαν,
752 3582 920 3636 ἔδωκε
975 3583 1185 3655 δόματα
1237 3588 1354 3649 τοῖς
1403 3587 1739 3656 ἀνθρώποις.
1784 3610 1802 3642 ι
1858 3592 2065 3662 Γνωρι-

478 3677 727 3743 μώτατον
753 3677 810 3729 δέ
845 3680 984 3739 ἐστι,
1016 3679 1107 3730 τὸν
1143 3678 1348 3751 Κύριον
1400 3679 1640 3751 Ἰησοῦν,
1675 3684 1816 3752 μετὰ
1862 3685 1964 3751 τὴν
2002 3686 2066 3737 ἐκ

475 3771 689 3838 νεκρῶν
715 3771 1018 3825 ἀνάστασιν
1044 3775 1124 3835 εἰς
1158 3773 1389 3843 οὐρανόν
1426 3770 1749 3839 ἀνελθόντα,
1791 3777 1975 3830 δοῦναι
2006 3777 2067 3829 τὸ

476 3864 702 3931 Πνεῦμα
744 3864 804 3916 τὸ
854 3864 1036 3933 ἅγιον,
1076 3859 1141 3919 οὗ
1174 3867 1514 3936 πλησθέντες
1563 3867 1612 3920 oi
1645 3869 2063 3934 πιστεύσαντες,

473 3958 594 4018 ταῖς
627 3954 738 4007 τῶν
788 3953 961 4008 ἐθνῶν
1009 3953 1287 4023 γλώσσαις
1336 3959 1557 4012 πάντων
1604 3960 1832 4013 ἐλάλουν
1858 3978 1871 3992 ο
1906 3966 1980 4032 μὴ
2011 3962 2068 4015 δὲ

472 4045 705 4115 θροείτω
734 4047 907 4117 ἡμᾶς,
933 4050 1015 4102 ὅτι
1048 4050 1203 4119 φησὶ,
1239 4050 1474 4119 δόματα,
1501 4052 1622 4122 οὐχὶ
1651 4052 1816 4121 δόμα.
1845 4053 2066 4122 Ταύτην

470 4143 583 4209 (γὰρ
612 4143 714 4211 τὴν
775 4142 1088 4213 μαρτυρίαν
1121 4147 1186 4196 ἐκ
1222 4142 1317 4197 τοῦ
1366 4144 1587 4213 ψαλμοῦ
1634 4145 1874 4211 τέθεικε,
1906 4146 2066 4200 τοῦτο

472 4233 517 4284 δ’
546 4236 603 4286 ἐν
632 4234 707 4303 τῷ
732 4233 937 4305 ψαλμῷ
967 4236 1140 4298 οῦτως
1179 4237 1643 4304 ἀναγινώσκεται,
1682 4257 1702 4291 τ
1730 4238 1959 4306 Ἀνέϐης
1988 4244 2068 4303 είς

474 4326 628 4398 ὕψος,
658 4328 1097 4399 ῄχμαλώτευσας
1141 4330 1552 4398 αἰχμαλωσίαν,
1605 4330 1801 4392 ἔλαϐες
1844 4333 2064 4402 δόματα

473 4420 533 4470 ὲν
560 4416 893 4488 ἀνθρώποις.
933 4436 952 4469 ι
989 4416 1148 4470 Οὕτω
1180 4424 1285 4489 γὰρ
1325 4419 1396 4472 τὰ
1426 4422 1660 4474 πλεῖστα
1697 4422 1807 4475 τῶν
1837 4422 2063 4492 βιϐλίων

472 4510 689 4580 ἔχουσι,
771 4509 869 4561 καὶ
953 4510 1193 4578 μάλιστα
1275 4510 1389 4564 τῶν
1456 4512 1710 4580 Γραικῶν
1783 4515 1876 4567 καὶ
1956 4517 2069 4569 τῶν

483 4602 755 4673 Ἐϐραίων
789 4601 961 4663 οὕτως
995 4602 1334 4673 έρμηνευθὲν
1365 4603 1587 4673 ἔχομεν.
1629 4608 1852 4676 Δόματα
1882 4610 2068 4662 τοίνυν

474 4699 640 4764 φησιν
666 4694 693 4747 ὁ
723 4692 1049 4759 ’Λπόστολος
1073 4695 1133 4749 ὃν
1157 4697 1359 4765 τρόπον
1401 4699 1429 4750 6
1468 4699 1781 4769 προφήτης,
1807 4702 1867 4754 οὐ
1903 4701 2066 4771 δόμα,

472 4787 609 4838 ἀλλὰ
640 4787 732 4838 τοῦ
765 4788 1046 4857 προφήτου
1105 4789 1375 4857 φαμένου,
1413 4806 1433 4840 ι
1474 4790 1708 4854 Ἔλαϐες
1761 4795 1820 4846 ὲν
1864 4794 2072 4867 ἀνθρώ-

475 4897 616 4942 ποις,
656 4898 675 4929 ι
713 4882 740 4933 6
762 4880 1089 4945 Ἀπόστολος
1124 4883 1328 4951 μᾶλλον
1363 4884 1543 4937 είλετο
1570 4887 1771 4953 εἰπεῖν,
1804 4906 1823 4939 ι
1860 4889 2070 4943 Ἔδωκε

474 4974 588 5034 τοῖς
617 4972 971 5041 ἀνθρὼποις’
1019 4994 1039 5028 ›
1070 4974 1147 5040 ὡς
1192 4977 1251 5043 ἐξ
1297 4977 1560 5049 ἑκατέρου
1612 4979 1818 5051 δηλαδὴ
1878 4982 2064 5051 λόγου,

475 5065 592 5127 ἑνὸς
627 5065 725 5132 μὲν
777 5065 870 5118 τοῦ
910 5068 1278 5138 προφητικοῦ,
1335 5070 1525 5141 ἑτέρου
1587 5070 1645 5123 δὲ
1693 5072 1787 5125 τοῦ
1832 5075 2068 5128 ἀποστοο

475 5157 631 5210 λικοῦ
697 5159 815 5228 (καὶ
864 5159 972 5233 γὰρ
1029 5162 1088 5215 ἐν
1139 5163 1390 5234 ἑκατέρῳ
1450 5164 1710 5219 αὐθεντία
1763 5166 1857 5220 τοῦ
1917 5167 2063 5222 θείου

472 5249 654 5320 λόγου)
710 5252 1064 5325 πληρεστάτη
1125 5255 1365 5326 ἀποδοθῇ
1418 5258 1449 5327 ἡ
1511 5258 1694 5312 ἔννοια
1727 5276 1742 5293 ⁸
1798 5261 2065 5330 ἑκάτερον

472 5344 581 5413 γὰρ
615 5345 817 5414 ἀληθὲς
849 5348 946 5399 καὶ
987 5348 1071 5401 ὃτι
1106 5348 1309 5402 δέδωκε
1336 5351 1453 5411 τοῖς
1485 5352 1823 5420 ἀνθρώποις,
1856 5357 1953 5407 καὶ
1983 5358 2064 5409 ὅτι

472 5434 667 5489 ἐλαϐεν
697 5441 757 5492 ἐν
800 5440 1133 5511 ἀνθρώποις.
1179 5443 1389 5497 Ἔδωκε
1421 5445 1523 5515 μὲν
1552 5448 1659 5517 γὰρ
1712 5450 1823 5512 τοῖς
1853 5440 2068 5520 ἀνθρώ-

473 5545 620 5591 ποις,
651 5529 726 5592 ὡς
758 5530 824 5584 ἂν
873 5533 1085 5603 κεφαλὴ
1118 5538 1231 5597 τοῖς
1272 5537 1491 5598 οἰκείοις
1533 5529 1781 5607 μέλεσιν,
1810 5541 1973 5596 ἔλαϐε
2000 5546 2057 5599 δὲ

479 5622 536 5671 ἐν
589 5619 903 5691 ἀνθρώποις
954 5624 981 5674 6
1036 5625 1221 5688 αὐτὸς,
1253 5625 1499 5695 δηλονότι
1554 5631 1613 5681 ἐν
1666 5635 1777 5694 τοῖς
1839 5636 2063 5700 οἰκείοις

502 5734 755 5810 .f‘lnh.
787 5752 865 5797 ιν,
893 5736 946 5789 8.
1029 5739 1071 5771 ιο
1105 5738 1251 5792 Pani.
1300 5758 1443 5795 LXVI.
1491 5744 1571 5797 ιο.
1649 5746 1694 5774 ὐ
1734 5749 2042 5810 Art-13.5-

476 5801 519 5831 ²’⁶
548 5801 562 5853 Ι
591 5793 718 5856 (Io-tu
750 5793 962 5873 .\it,"2‘8,
1001 5809 1094 5865 29.
1189 5814 1231 5842 η
1262 5793 1458 5874 L‘plies.
1617 5818 1703 5869 l2.
1734 5793 1793 5800 η’
1818 5793 1850 5800 Π
1883 5793 1957 5818 η’

2169 3230 2335 3284 κείων
2367 3230 2548 3301 μελῶν
2599 3248 2793 3302 φησιν,
2824 3249 2845 3283 ι
2881 3229 3000 3298 Ἐφ’
3027 3230 3153 3282 ὅσον
3180 3230 3263 3282 év‘t
3312 3230 3422 3282 τῶν
3452 3228 3750 3298 ἐλαχίστων

2171 3341 2274 3393 μου
2328 3325 2644 3395 ἐποιήσατε,
2678 3324 2807 3392 ἐμοὶ
2866 3325 3184 3391 ἐποιήσατε.
3225 3340 3245 3373 ι
3311 3322 3484 3386 Αὐτὸς
3552 3322 3663 3390 ἄρα
3723 3322 3752 3375 ὁ

2167 3418 2401 3489 Χριστὸς
2449 3422 2545 3474 καὶ
2592 3419 2797 3474 ἔδωκεν
2845 3419 2903 3486 ἐξ
2943 3419 3200 3490 οὐρανοῦ,
3233 3419 3329 3472 καὶ
3362 3418 3555 3471 ἐλαϐεν
3588 3420 3646 3473 ἐν
3679 3419 3745 3488 τῇ

2168 3512 2261 3581 γῇ.
2292 3511 2394 3563 Διὰ
2444 3510 2619 3563 ταῦτα
2672 3511 2729 3564 δὲ
2785 3512 2998 3581 δόματα
3054 3511 3150 3564 καὶ
3198 3511 3365 3581 ἄμφω
3418 3506 3595 3575 εἶπον,
3630 3510 3657 3563 ὃ
3690 3526 3749 3563 τε

2170 3605 2460 3675 προφήτης
2510 3606 2605 3657 καὶ
2644 3606 2673 3658 6
2721 3605 3073 3669 Ἀπόστολος,
3127 3606 3210 3659 ὅτι
3266 3605 3355 3658 διὰ
3400 3602 3493 3657 τοῦ
3550 3602 3749 3673 δώρου,

2166 3697 2418 3749 τουτέστι
2465 3696 2558 3750 τοῦ
2600 3698 2760 3769 ἁγίου
2795 3698 3134 3767 Πνεύματος,
3168 3700 3248 3760 είς
3282 3697 3464 3752 κοινὸν
3495 3700 3608 3762 τοῖς
3654 3699 3754 3752 ἀν-

2169 3788 2409 3856 θρώποις
2470 3794 2587 3855 τοῖς
2648 3791 2741 3845 τοῦ
2792 3782 3032 3862 Χριστοῦ
3103 3792 3293 3861 μέλεσι
3358 3790 3528 3846 πολλὰ
3577 3792 3748 3862 δῶρα,

2170 3882 2315 3951 ἅπερ
2372 3884 2509 3936 εἰσὶν
2565 3884 2783 3953 ἑκάστῳ
2836 3883 2965 3949 ἴδια,
3017 3882 3400 3952 διαιροῦνται⁶
3454 3883 3574 3937 οὐδὲ
3639 3883 3752 3953 γὰρ

2168 3975 2388 4028 ἕκαστοι
2449 3977 2626 4031 πάντα
2669 3976 2911 4047 ἔχουσιν,
2971 3975 3087 4029 ἀλλ’
3132 3978 3180 4030 oi
3243 3977 3342 4044 μὲν
3401 3976 3548 4040 τάδε,
3594 3976 3641 4029 oi
3695 3977 3751 4029 δὲ

2167 4068 2316 4135 τάδε,
2349 4069 2554 4142 καίπερ
2600 4070 2734 4123 αὐτὸ
2783 4072 2845 4123 τὸ
2886 4070 3086 4138 δῶρον,
3123 4069 3217 4137 ἀφ’
3259 4061 3320 4122 οὗ
3374 4067 3591 4136 ἑκάστῳ
3641 4065 3750 4121 ίδια

2168 4162 2534 4233 διαιροῦνται,
2570 4164 2773 4228 πάντες
2809 4163 3018 4233 έχουσι,
3049 4164 3297 4217 τουτέστι
3329 4162 3389 4215 τὸ
3418 4161 3644 4230 Πνεῦμα
3686 4160 3751 4214 τὺ

2170 4259 2348 4326 ἆγιον.
2400 4256 2508 4309 Καὶ
2560 4256 2671 4326 γὰρ
2724 4256 2962 4326 ἀλλαχοῦ
3014 4256 3228 4309 πολλῶν
3279 4256 3468 4327 δώρων
3499 4254 3600 4307 εἶτ’
3654 4249 3750 4308 οὖν

2168 4349 2525 4421 χαρισμάτων
2584 4349 3000 4421 μνημονεύσας,
3057 4368 3076 4400 ι
3141 4348 3325 4402 Πάντα
3371 4347 3427 4401 δὲ
3485 4346 3674 4409 ταῦτα,
3726 4364 3745 4397 ι

2174 4419 2363 4511 φησιν.
2414 4459 2434 4492 ι
2491 4444 2704 4513 ἐνεργεῖ
2749 4419 2821 4495 ἓν
2851 4442 2945 4495 καὶ
2977 4442 3040 4494 τὸ
3074 4442 3206 4494 αὐτὸ
3237 4440 3483 4511 Πνεῦμα,
3511 4436 3753 4508 διαιροῦν

2177 4535 2401 4605 ἑκάστῳ
2442 4535 2624 4595 καθὼς
2662 4533 2934 4604 βούλεται.
2979 4553 2997 4586 ι
3037 4534 3103 4586 Ὃ
3143 4534 3296 4602 ῥῆμα
3345 4534 3447 4585 κάν
3497 4534 3561 4602 τῇ
3612 4532 3752 4601 πρὸς

2184 4627 2470 4697 Ἑϐραίους
2523 4628 2809 4699 Ἐπιστολῇ
2875 4626 3213 4697 εὑρίσκεται,
3261 4624 3388 4678 ἔνθα
3427 4624 3753 4693 γέγραπται,

2178 4737 2197 4770 ι
2249 4719 2872 4790 Συνεπιμαρτυροῦντος
2926 4718 3021 4771 τοῦ
3052 4716 3190 4771 Θεοῦ
3241 4715 3491 4787 σημείοις
3534 4716 3629 4768 καὶ
3659 4714 3779 4794 τέο.

2176 4828 2326 4883 ρασι,
2362 4814 2457 4866 καὶ
2496 4811 2773 4875 ποικίλαις
2797 4811 3085 4880 δυνάμεσι,
3113 4810 3208 4863 καὶ
3239 4809 3555 4879 Πνεῦματος
3584 4807 3742 4876 ἁγίου

2177 4907 2511 4977 μερισμοῖς*
2574 4924 2593 4957 ι
2648 4902 2931 4959 κάνταῦθα
2979 4904 3035 4957 δὲ
3085 4901 3282 4969 είπὼν,
3322 4920 3341 4953 ι
3401 4900 3631 4963 Ἀναϐὰς
3675 4899 3754 4960 είς

2177 4998 2311 5066 ὕψος
2364 4997 2794 5068 ᾐχμαλώτευσεν
2837 4995 3258 5066 αἰχμαλωσίαν,
3312 4993 3480 5046 ἔδωκε
3543 4992 3751 5062 δόματα

2172 5094 2288 5153 τοῖς
2313 5089 2648 5159 ἀνθρώποις.
2676 5107 2695 5140 ι
2716 5117 2789 5129 —-
2812 5105 2829 5139 ι
2856 5087 2928 5139 Τὸ
2950 5087 3007 5140 δὲ
3029 5085 3232 5154 ἀνέϐη,
3260 5087 3419 5156 φησὶ,
3443 5087 3497 5138 τί
3525 5088 3691 5146 ἐστιν,
3711 5083 3757 5136 εί

2177 5183 2253 5254 μὴ
2282 5184 2367 5237 ὅτι
2398 5183 2492 5234 καὶ
2518 5180 2727 5251 κατέϐη
2754 5181 2834 5242 είς
2866 5179 2933 5232 τὰ
2965 5179 3250 5247 κατώτερα
3293 5176 3431 5246 μέρη
3480 5173 3581 5244 τῆς
3610 5174 3749 5243 γῆς;

2185 5280 2244 5331 '0
2272 5277 2326 5329 δὲ
2361 5274 2608 5336 καταϐὰς
2663 5273 2826 5336 αὐτός
2865 5275 2983 5326 ἐστι
3038 5274 3133 5325 καὶ
3178 5272 3207 5324 6
3253 5270 3460 5332 ἀναϐὰς
3503 5268 3753 5338 ὑπεράνω

2175 5368 2397 5422 πάντων
2428 5367 2535 5421 τῶν
2558 5364 2827 5438 οὐρανῶν,
2861 5364 2949 5418 ἵνα
3005 5364 3272 5435 πληρώσῃ
3304 5363 3376 5417 τὰ
3409 5362 3610 5415 πάντα.
3645 5359 3751 5411 Καὶ

2175 5459 2338 5520 αὐτὸς
2358 5457 2593 5511 δέδωκεν
2615 5455 2707 5518 οὓς
2738 5455 2841 5525 μὲν
2866 5455 3228 5519 ἀποστόλους,
3246 5452 3341 5517 οὓς
3360 5453 3420 5506 δὲ
3451 5449 3759 5521 προφήτας.

2169 5549 2262 5614 οὒς
2290 5550 2332 5603 δ’
2363 5547 2776 5616 εὐαγγελιστὰς,
2813 5544 2906 5609 οὓς
2937 5544 2997 5599 δὲ
3049 5547 3316 5617 ποιμένας
3362 5544 3460 5598 καὶ
3503 5540 3758 5596 διδασκά-
3785 5608 3795 5617 1

2169 5642 2318 5705 λους.
2357 5661 2375 5693 ι
2409 5642 2548 5694 Ἰδοὺ
2588 5640 2733 5705 τίνος
2764 5640 2952 5694 ἕνεκεν
2984 5640 3240 5711 εἴρηνται
3265 5636 3629 5710 δόματα.Καὶ
3655 5634 3760 5703 γὰρ

2148 5757 2209 5829 "_
2230 5754 2421 5810 Matth.
2445 5768 2569 5823 xxv,
2603 5753 2692 5810 40.
2775 5752 2863 5810 ³⁸1
2901 5753 3030 5810 Cor.
3065 5754 3263 5822 xn,ll.
3347 5754 3394 5785 ²³
3423 5747 3588 5806 Hebr.
3624 5764 3681 5816 ll,
3710 5749 3765 5805 4.
