4066 6480
364 428 508 499 Ὶίέὗ

1255 417 1686 479 TRANSLAT.
1727 414 1785 475 S.
1823 411 2257 474 AUGUSTINI
2299 413 2396 473 DE
2433 414 2729 474 TRINIT.

366 537 582 595 diabolo
627 534 795 599 eruti,
833 551 863 587 a
911 546 1021 603 quo
1076 530 1277 597 captivi
1328 527 1695 591 tenebantur;
1746 521 1813 577 de
1860 520 2252 592 hisAqueute
2285 521 2449 577 Petro
2496 523 2662 578 verba
2705 525 2838 586 ltazc,
2875 524 3073 579 cecidit
3111 524 3353 590 Spiritus
3400 542 3630 587 sanctus

365 634 671 688 aediﬁcatur
726 608 1183 687 domusCltriSti,
1216 639 1339 694 quae
1392 621 1590 675 domus
1640 615 1945 686 appellatur

367 725 632 779 Ecclesia.
666 721 817 775 lianc
850 722 1032 773 autem
1067 713 1441 784 captivitatem
1472 712 1587 779 ipse
1622 705 1944 776 captivavit,

366 819 459 888 qui
496 816 776 879 diabolum
814 813 963 868 vicit.
1003 810 1071 864 Et
1105 824 1175 862 ne
1221 807 1333 868 illa,
1380 820 1499 873 quae
1554 801 1736 857 futura
1789 804 1946 852 erant

367 910 544 967 sancti
597 908 793 976 capitis
844 903 1113 967 membra,
1171 901 1224 955 iu
1286 908 1553 954 aeternum
1611 891 1941 961 supplicium

365 1016 551 1057 secum
585 1001 846 1058 traheret,
873 1012 997 1051 eum
1026 993 1256 1064 justitia:
1304 990 1481 1059 prius,
1519 985 1718 1040 deinde
1749 992 1943 1053 poten-

368 1093 456 1148 tire
477 1091 709 1147 vinculis
734 1088 995 1158 alligavit.
1017 1086 1138 1154 Ipse
1156 1084 1339 1153 itaque
1361 1080 1618 1134 diabolus
1637 1085 1722 1130 est
1751 1073 1943 1158 appel-

277 1204 281 1209 ·
367 1188 474 1239 lata
521 1156 843 1254 captivitas,
866 1195 1031 1250 quem
1079 1177 1401 1246 captivavit,
1436 1171 1528 1240 qui
1572 1156 1824 1224 ascendit
1884 1166 1939 1218 in

365 1278 560 1341 altum,
609 1282 662 1329 et
698 1273 848 1326 dedit
898 1272 1042 1324 dona
1102 1264 1449 1325 hominibus,
1489 1261 1572 1314 vel
1617 1260 1831 1325 accepit
1880 1256 1935 1309 in

366 1369 706 1424 hominibus.
747 1365 944 1420 Petrus
996 1368 1177 1414 autem
1209 1357 1527 1427 apostolus,
1581 1354 1725 1407 sicut
1776 1353 1830 1406 itt
1873 1366 1939 1406 eo

364 1463 504 1515 libro
535 1457 804 1514 canonico
842 1456 1066 1524 legitur,
1094 1451 1183 1506 ubi
1219 1450 1410 1519 scripti
1448 1456 1580 1503 sunt
1611 1456 1766 1501 actus
1809 1459 1941 1514 apo-

364 1555 653 1612 stolorum.
685 1551 914 1618 loquens
944 1548 1011 1601 de
1038 1544 1283 1606 Christo,
1303 1541 1608 1597 commotis
1643 1539 1809 1593 corde
1839 1538 1937 1594 Ju-

363 1646 494 1700 daeis
522 1652 575 1698 et
603 1641 912 1696 dicentibus
944 1656 957 1692 :
989 1656 1007 1687 ι
1052 1636 1196 1702 Quid
1226 1648 1355 1702 ergo
1390 1632 1680 1697 faciemus,
1707 1629 1931 1696 fratres,

365 1746 667 1791 monstrate
698 1733 878 1795 nobis,
926 1749 945 1782 ι
982 1729 1122 1783 dixit
1151 1726 1218 1783 ad
1246 1742 1341 1782 eos
1373 1744 1386 1779 :
1425 1743 1444 1776 ι
1475 1725 1631 1792 Agite
1663 1722 1937 1791 pwniten-

364 1832 514 1894 tiatn,
548 1838 603 1881 et
624 1826 935 1894 baptizetur
955 1820 1331 1891 unusquisque
1363 1826 1606 1872 vestrum
1631 1814 1684 1868 in
1712 1813 1933 1868 nomine

360 1916 573 1971 Domini
614 1914 743 1969 Jestt
776 1913 981 1968 Christi
1015 1913 1070 1965 itt
1127 1910 1508 1979 remissionem
1554 1916 1926 1974 peccatorum,

358 2019 412 2062 et
456 2008 740 2077 accipietis
792 2006 997 2060 donum
1033 2003 1279 2074 Spiritus
1308 2002 1484 2055 Sancti
1505 1999 1571 2053 ".
1617 2017 1636 2051 ι
1684 1997 1935 2066 Itemque

358 2103 425 2156 in
446 2102 639 2157 eodem
681 2100 822 2153 libro
851 2098 1070 2168 legitur,
1111 2093 1394 2150 Simonem
1431 2093 1646 2161 Magum
1675 2088 1937 2158 apostolis

357 2198 491 2248 dare
514 2192 755 2246 voluis~:c
779 2191 1089 2261 pecuniam,
1135 2197 1194 2242 ιιι
1227 2187 1293 2241 ab
1327 2189 1408 2241 eis
1446 2186 1726 2253 acciperet
1785 2192 1936 2251 pote-

357 2295 578 2352 statem,
614 2301 722 2354 qua
760 2299 858 2353 per
893 2281 1303 2349 impositionem
1339 2293 1535 2333 manus
1565 2284 1683 2346 ejus
1710 2277 1935 2331 daretur

362 2376 597 2447 Spiritus
625 2388 875 2430 sanctus.
908 2372 1007 2428 Cui
1044 2371 1243 2427 Petrus
1271 2371 1450 2424 ident:
1489 2388 1508 2421 ι
1545 2368 1813 2434 Pecunia,
1847 2369 1937 2421 in~

357 2471 496 2540 quit,
518 2480 607 2523 tua
640 2479 819 2523 tecum
854 2467 924 2521 sit
947 2469 1003 2520 in
1034 2465 1414 2535 perditionem,
1438 2463 1561 2533 quia
1586 2464 1791 2517 donum
1827 2460 1925 2515 Dei

356 2564 639 2618 :estitnasti
674 2572 724 2617 te
776 2577 871 2631 per
903 2561 1172 2631 pecunias
1223 2559 1506 2629 possidere
1529 2556 1599 2611 ".
1642 2574 1662 2609 ι
1706 2554 1772 2609 Ει
1828 2551 1934 2608 alio

354 2656 598 2725 ejusdem
634 2654 755 2707 libri
791 2654 934 2717 loco,
981 2666 1107 2705 cum
1160 2650 1357 2705 Petrus
1389 2647 1675 2715 Cornelio,
1712 2656 1761 2701 et
1826 2646 1929 2713 eis,

1966 1865 2011 1924 Β

354 2750 445 2817 qui
506 2763 631 2800 cum
672 2763 737 2800 eo
790 2745 1031 2807 fuerant,
1071 2744 1415 2811 loqueretur,
1466 2741 1827 2806 annuntians,
1875 2747 1932 2791 et
1972 2780 1979 2787 .

355 2841 657 2912 praedicans
684 2840 990 2906 Christum,
1026 2838 1102 2891 ait
1156 2836 1489 2905 Scriptura:
1532 2852 1551 2887 ι
1604 2835 1802 2897 Adhuc
1842 2834 1927 2887 lo-

348 3024 425 3088 ὠς
488 3019 724 3091 ἀλλαχοῦ
780 3035 938 3089 φησι,
992 3034 1011 3069 ι
1065 3017 1158 3087 Μὴ
1222 3017 1425 3076 πάντες
1485 3015 1818 3082 ἀπόστολοι;
1854 3016 1933 3086 μὴ

350 3118 550 3181 πάντες
602 3118 879 3187 προφῆται
906 3131 923 3181 ;
1004 3132 1024 3166 ›
1081 3112 1176 3165 καὶ
1227 3111 1296 3165 τά
1352 3111 1501 3180 ἑξῆς.
1547 3108 1817 3163 Ἐνταῦθα
1873 3109 1930 3163 δὲ

351 3209 609 3280 συνῆψεν,
650 3228 668 3261 ι
701 3213 782 3271 είς
829 3207 1108 3260 τελείωσιν
1139 3205 1247 3258 τῶν
1293 3204 1486 3273 ἁγίων,
1510 3205 1591 3267 είς
1622 3202 1786 3273 ἔργον
1815 3202 1931 3256 δια-

349 3305 555 3364 κονίας,
588 3303 667 3363 ei;
713 3298 1003 3367 οἰκοδομὴν
1036 3295 1128 3359 τοῦ
1183 3294 1443 3363 σώματος
1471 3292 1568 3347 τοῦ
1603 3293 1867 3364 Χριστοῦ.
1901 3313 1921 3347 ι

349 3392 513 3457 Οὗτός
572 3395 721 3446 ἐστιν
776 3394 803 3445 6
857 3389 1027 3455 οἶκος,
1059 3393 1107 3454 6,
1144 3390 1397 3459 καθάπερ
1428 3390 1457 3443 6
1506 3388 1723 3458 ψαλμὺς
1785 3389 1924 3461 ᾄδει,

347 3486 799 3558 οἰκοδομούμενος
837 3483 974 3552 μετὰ
996 3484 1095 3549 τὴν
1123 3481 1531 3550 αίχμαλωσίαν.
1567 3479 1677 3535 Καὶ
1703 3481 1814 3552 γὰρ
1862 3484 1927 3533 ὲκ

344 3581 454 3634 τῶν
509 3582 574 3633 ὲκ
631 3578 725 3631 τοῦ
779 3576 1028 3630 διαϐόλου
1089 3573 1422 3644 ρυσθέντων,
1459 3573 1591 3645 παρ’
1624 3572 1684 3627 οῦ
1737 3572 1927 3627 κατεί-

347 3689 504 3743 χοντο
562 3670 941 3739 αἰχμάλωτοι,
1003 3667 1372 3736 οἰκοδομεῖται
1438 3668 1466 3718 6
1527 3663 1623 3718 τοῦ
1683 3662 1921 3733 Χριστοῦ

344 3762 513 3829 οἶκος,
546 3761 606 3824 ὃς
637 3757 788 3822 οἶκος
824 3759 1126 3829 Ἐκκλησία
1170 3756 1667 3828 προσαγορεύεται.
1704 3756 1926 3826 Ταύτην

343 3861 400 3915 δὲ
451 3860 550 3931 τὴν
598 3854 981 3928 αἰχμαλωσίαν
1029 3852 1193 3915 αὐτὸς
1247 3849 1697 3922 ᾐχμαλώτευσεν,
1731 3849 1924 3917 ἐπειδὴ

344 3953 698 4007 τονδιάὅολσν
727 3952 966 4016 ἐνίκησε,
1003 3950 1099 3999 καὶ
1131 3946 1221 3998 ἵνα
1255 3945 1332 4013 μὴ
1379 3943 1447 3996 τὰ
1482 3941 1746 4013 μέλλοντα
1783 3943 1924 4011 μέλη

343 4048 441 4115 τῆς
503 4046 665 4112 ἁγίας
738 4042 982 4109 κεφαλῆς
1064 4035 1320 4101 ἔσεσθαι,
1374 4035 1457 4098 εἰς
1527 4036 1627 4104 τὴν
1702 4033 1923 4086 αἰώνιον

344 4140 569 4191 κόλασιν
622 4135 739 4206 μεθ’
790 4130 992 4185 ἑαυτοῦ
1054 4130 1453 4197 ἐπισπάσηται,
1509 4129 1774 4197 πρότερον
1822 4126 1923 4197 μὲν

342 4235 463 4292 ταῖς
510 4228 608 4298 τῆς
658 4223 1009 4293 δικαιοσύνης
1066 4222 1253 4286 αὐτὸν,
1294 4218 1487 4272 ἔπειτα
1536 4217 1593 4270 δὲ
1638 4219 1759 4280 ταῖς
1819 4207 1922 4286 τῆς

343 4311 631 4393 δυνάμεως
695 4319 884 4380 πέδαις
938 4315 1246 4384 συνέδησεν.
1304 4311 1477 4374 Αὐτὸς
1511 4312 1690 4363 τοίνυν
1738 4312 1766 4361 6
1807 4308 1919 4362 διὰ-

345 4418 496 4478 6ολος
538 4410 884 4482 αίχμαλωσία
916 4404 1359 4478 προσηγορεύθη,
1398 4402 1458 4456 ὃν
1490 4403 1921 4474 ᾐχμαλώτευσεν

342 4511 372 4561 6
405 4505 610 4565 ἀναϐὰς
641 4502 720 4563 είς
751 4506 811 4551 το
847 4497 979 4567 ὕψος
1018 4500 1109 4549 καὶ
1137 4496 1259 4557 δοὺς
1294 4496 1501 4561 δόματα
1546 4493 1660 4552 τοῖς
1704 4492 1919 4562 ἀνθρώ⁶

343 4618 490 4663 ποις,
515 4599 548 4669 ἢ
576 4594 755 4649 λαὸὼν
785 4598 841 4646 ἐν
870 4594 1202 4660 ἀνθρώποις.
1225 4590 1431 4658 Πέτρος
1457 4588 1513 4639 δὲ
1540 4590 1567 4640 6
1593 4588 1918 4653 ἀπόστολος,

347 4694 537 4761 ὥσπερ
568 4692 625 4741 έν
658 4690 725 4757 τῇ
760 4683 1192 4751 κεκανονισμένῃ
1231 4682 1398 4750 βίϐλῳ
1450 4680 1922 4749 ἀναγινώσκομεν,

343 4785 473 4837 ἔνθα
514 4782 570 4835 αἱ
601 4780 710 4832 τῶν
756 4775 1067 4829 ἀποστόλων
1113 4775 1347 4841 Πραξεις
1377 4773 1759 4841 γεγραμμέναι
1791 4773 1923 4835 εἰσὶ,

343 4875 728 4943 διαλεγόμενος
777 4872 907 4937 περὶ
953 4867 1047 4918 τοῦ
1097 4862 1358 4934 Χριστοῦ,
1393 4867 1815 4930 κσιανυγέντων
1856 4865 1921 4934 τῇ

344 4968 546 5040 καρδίᾳ
578 4968 686 5019 τῶν
732 4962 1021 5023 Ἰουδαίων,
1053 4959 1143 5009 καὶ
1172 4957 1461 5024 λεγόντων,
1494 4974 1512 5006 ι
1552 4957 1617 5008 Τί
1640 4953 1732 5008 οὖν
1760 4957 1922 5026 ποιή-

344 5076 532 5127 σομεν,
572 5057 815 5123 ἀδελφοὶ,
848 5052 1056 5114 δείξατε
1090 5050 1256 5120 quiti;
1300 5067 1317 5099 ›
1369 5045 1491 5100 εἷπε
1536 5047 1671 5117 πρὸς
1701 5048 1918 5113 αὐτοὺς,

351 5171 371 5205 ι
415 5151 828 5218 Μετανοήσατε,
858 5147 948 5196 καὶ
984 5140 1341 5211 βαπτισθήτω
1369 5141 1601 5203 ἕκαστος
1632 5140 1788 5207 ὑμῶν
1826 5141 1921 5192 ἐπὶ

344 5246 423 5313 τῷ
452 5244 681 5311 ὀνόματι
728 5237 904 5303 Ἰησοῦ
956 5234 1195 5304 Χριστοῦ
1242 5234 1322 5294 είς
1366 5234 1563 5298 ἅςρεσιν
1609 5231 1919 5301 ἁμαρτιῶν,

345 5332 835 5406 καὶλήψεσθειτὴν
888 5329 1097 5399 δωρεὰν
1148 5325 1241 5379 τοῦ
1294 5327 1454 5395 ἁγίου
1507 5324 1845 5394 Πνεύματος.
1894 5342 1914 5375 ι

347 5427 455 5484 Καὶ
489 5428 642 5490 αὖθις
675 5427 732 5477 ἐν
774 5426 839 5493 τῇ
882 5422 1022 5492 αὐτῇ
1069 5419 1236 5491 βίϐλῳ
1269 5418 1736 5488 ἀναγινώσκομεν,
1776 5434 1794 5468 ι
1834 5417 1921 5468 Σί-

347 5536 500 5591 μωνα
528 5519 622 5570 τὸν
656 5515 847 5581 Μάγον
880 5513 994 5574 τοῖς
1039 5511 1360 5573 ἀποστόλοις
1393 5510 1578 5563 δοῦναι
1613 5509 1919 5580 θελήσαντα

345 5607 741 5684 “imm!”
782 5606 912 5677 παρ’
940 5605 1122 5657 αὐτῶν
1167 5601 1310 5673 λάθῃ
1360 5602 1632 5670 ἐξουσίαν,
1679 5603 1806 5655 καθ’
1854 5604 1923 5672 ἢν

345 5708 412 5759 ἂν
435 5703 501 5757 δι’
530 5698 830 5759 ἐπιθέσεως
856 5698 965 5749 τῶν
993 5695 1192 5766 χειρῶν
1211 5693 1376 5747 αὑτοῦ
1397 5694 1590 5765 διδῴτο
1612 5695 1672 5747 τὸ
1700 5694 1922 5765 Πνεῦμα

418 5891 461 5919 ”
494 5894 614 5943 Act.
639 5903 700 5950 ll.
733 5888 824 5950 '57,
860 5887 947 5942 58.
1052 5885 1093 5915 "
1134 5886 1252 5941 Act.
1287 5900 1402 5952 vttt,
1462 5884 1552 5938 ΞΟ.

1662 5882 1703 5912 ²⁸
1743 5881 1864 5936 Act.
1898 5898 1952 5947 Χ,
1984 5880 2171 5935 4446.

2051 630 2215 684 super
2252 631 2444 670 omnes
2475 617 2568 686 qui
2602 617 2900 672 audiebant
2930 620 3182 683 verbum,
3230 631 3283 675 et
3321 621 3627 691 obstupue-

2050 716 2199 769 runt,
2221 707 2313 773 qui
2336 721 2404 760 cx
2433 707 2863 764 circumcisione
2897 708 3088 765 fideles
3117 712 3283 766 simul
3318 728 3442 768 cum
3464 714 3628 770 Petro

2048 809 2332 863 venerant,
2358 801 2485 868 quia
2511 810 2563 855 et
2586 803 2638 854 in
2672 803 2922 856 nationes
2945 803 3148 857 donum
3174 803 3419 873 Spiritus
3445 809 3625 862 sancti

2046 888 2278 945 effusum
2314 899 2442 946 est:
2486 893 2781 946 audiebant
2829 895 2976 947 enim
3028 896 3151 949 illos
3189 897 3477 966 loquentes
3520 900 3625 952 litt-

2047 984 2190 1050 guis,
2224 992 2277 1036 et
2307 983 2723 1047 magniﬁcantes
2752 985 2918 1038 Deum
2941 986 3008 1041 “.
3050 1006 3069 1038 ι
3105 976 3178 1041 De
3213 1003 3322 1057 quo
3359 990 3499 1042 facto
3523 1006 3625 1045 suo

2046 1076 2193 1143 quod
2230 1075 2654 1131 incircumcisos
2696 1076 3096 1147 baptizaverat.
3131 1082 3261 1150 quia
3301 1083 3622 1153 priusquam

2044 1167 2481 1238 baptizarcntur,
2520 1180 2578 1225 ut
2607 1172 2809 1226 nodum
2868 1176 3195 1243 quaestionis
3229 1177 3397 1247 hujus
3439 1179 3622 1234 aufer-

2045 1272 2152 1327 ret,
2177 1263 2231 1316 in
2277 1278 2373 1317 eos
2402 1275 2632 1318 venerat
2667 1264 2909 1334 Spiritus
2952 1279 3201 1333 sam-tus,
3245 1284 3369 1323 cum
3426 1272 3621 1327 Petrus

2046 1366 2234 1425 postea
2265 1355 2524 1410 redderet
2549 1356 2815 1411 rationem
2844 1357 3127 1423 fratribus,
3168 1360 3258 1427 qui
3299 1371 3455 1414 erant
3492 1360 3622 1415 llic-

2043 1449 2360 1518 rosolymis,
2405 1458 2458 1503 et
2502 1449 2602 1505 hac
2630 1466 2688 1503 re
2722 1451 2909 1506 audita
2945 1452 3328 1519 movebantur,
3365 1453 3442 1506 ait
3498 1463 3625 1522 post

2042 1547 2237 1591 cmtera
2279 1557 2293 1595 :
2338 1558 2357 1590 ι
2404 1540 2543 1594 Cum
2586 1542 2876 1609 cmpissem
2921 1549 3101 1595 autem
3150 1542 3299 1613 loqui
3362 1543 3428 1597 ad
3474 1544 3623 1606 illos,

2040 1628 2239 1681 cecidit
2272 1628 2515 1696 Spiritus
2569 1640 2791 1685 sanctus
2845 1631 2900 1685 in
2946 1630 3087 1696 illos,
3135 1631 3278 1685 sicut
3309 1641 3364 1685 et
3405 1634 3457 1685 in
3516 1647 3622 1687 nos

2041 1719 2095 1772 in
2128 1718 2303 1772 initio.
2338 1720 2784 1790 Menmratusque
2830 1738 2950 1776 sum
3005 1723 3154 1777 verbi
3205 1723 3446 1784 Domini.
3477 1726 3624 1780 sicut

2042 1811 2258 1865 d:cebat
2296 1798 2483 1877 {Quia
2517 1811 2761 1866 Joannes
2816 1813 3040 1882 quidem
3100 1813 3401 1883 baptizavit
3452 1832 3616 1882 aqua,

2044 1918 2138 1957 vos
2172 1915 2352 1957 autem
2388 1904 2802 1972 baptizabimini
2843 1904 3051 1975 Spiritu
3084 1919 3300 1961 sancto.
3334 1907 3391 1962 Si
3452 1911 3623 1978 igitur

2039 1997 2251 2063 mquale
2281 1995 2487 2047 donum
2511 1995 2662 2048 dedit
2695 1996 2824 2061 illis,
2856 1996 2998 2050 sicut
3023 2007 3075 2051 et
3106 1998 3287 2064 nobis,
3323 2000 3416 2067 qui
3444 2001 3623 2053 credi-

2039 2087 2223 2141 dimus
2284 2088 2335 2141 in
2371 2086 2665 2141 Dominum
2711 2085 2908 2141 Jesum
2951 2087 3234 2143 Christum
3286 2105 3302 2145 :
3362 2104 3460 2160 ego
3497 2092 3622 2159 quis

2037 2193 2211 2242 eram,
2251 2178 2344 2247 qui
2377 2192 2593 2243 possem
2629 2179 2924 2247 prohibere
2972 2178 3140 2232 Deum
3198 2196 3307 2235 non
3344 2181 3477 2236 dare
3510 2184 3618 2237 illis

2040 2271 2310 2338 Spiritum
2348 2273 2692 2327 sanctum”.
2740 2291 2758 2323 ι
2802 2272 2866 2326 Ει
2924 2273 3096 2326 multa
3141 2274 3248 2327 alia
3282 2286 3411 2330 sunt
3466 2278 3621 2330 testi-

2037 2369 2221 2421 monia
2256 2369 2698 2436 Scripturarum,
2734 2385 2858 2437 qua:
2888 2368 3236 2424 concorditer
3263 2378 3615 2438 attestantur,

2038 2462 2240 2514 donum
2286 2460 2379 2514 Dei
2423 2477 2546 2515 esse
2598 2459 2865 2529 Spiritum
2914 2472 3187 2527 sanctum,
3241 2464 3295 2518 in
3344 2473 3616 2535 quantum

2037 2551 2199 2607 datur
2247 2556 2327 2606 eis
2366 2554 2457 2623 qui
2495 2569 2589 2622 per
2621 2569 2744 2606 cum
2778 2555 3011 2624 diligunt
3058 2553 3265 2622 Deum;
3300 2556 3393 2610 sed
3449 2559 3619 2611 nimis

2037 2647 2266 2715 longum
2303 2655 2388 2699 est
2418 2656 2616 2700 cuncta
2651 2647 2931 2714 colligere.
2966 2648 3030 2701 Et
3064 2649 3195 2718 quid
3225 2649 3308 2703 eis
3339 2649 3474 2704 satis
3508 2662 3617 2712 est,

2036 2739 2237 2807 quibus
2272 2739 2385 2793 luec
2433 2756 2554 2808 qua:
2590 2739 2850 2802 diximus,
2888 2739 3023 2794 satis
3072 2749 3185 2793 nun
3248 2740 3418 2795 sunt?
3470 2742 3616 2798 Sane

2035 2828 2365 2882 admonendi
2395 2836 2545 2895 sunt,
2585 2829 3034 2898 quandoquidem
3090 2830 3298 2885 donum
3339 2830 3433 2886 Dei
3490 2833 3605 2902 jam

2032 3029 2093 3082 τὸ
2147 3026 2322 3096 ἅγιον.
2369 3047 2387 3078 ι
2432 3022 2619 3098 ⁷ῼπερ
2649 3027 2678 3077 6
2724 3027 2886 3090 αὐτὸς
2924 3027 3150 3096 Πέτρος,
3180 3047 3198 3078 ι
3236 3029 3311 3082 1'6
3343 3031 3614 3100 ἀργύριόν

2035 3136 2151 3183 σου,
2176 3121 2332 3189 φησὶ,
2368 3118 2465 3171 σὺν
2499 3118 2579 3170 σοὶ
2630 3116 2715 3188 εἴη
2752 3119 2833 3180 είς
2865 3118 3142 3171 ἀπώλειαν
3168 3136 3181 3149 ·
3212 3120 3294 3173 ὃτι
3332 3121 3392 3174 τὸ
3433 3122 3610 3193 δῶρον

1956 3223 2001 3281 (ι
2032 3212 2124 3265 τοῦ
2172 3211 2308 3265 Θεοῦ
2355 3211 2623 3275 ὑπέλαϐες
2669 3211 2971 3279 χρημάτων
3035 3211 3297 3269 κτᾶσθαι.
3339 3232 3358 3265 ι
3398 3216 3507 3269 Καὶ
3552 3218 3615 3268 ἐν

2033 3303 2205 3372 ἑτέρῳ
2230 3302 2285 3354 δὲ
2319 3302 2419 3371 τῆς
2449 3302 2618 3366 αὐτῆς
2650 3302 2833 3371 βίϐλου
2866 3302 3072 3371 χωρίῳ,
3107 3303 3268 3372 ἡνίκα
3300 3305 3503 3377 Πέτρος
3535 3307 3616 3377 τῷ

2034 3395 2318 3464 Κορνηλίῳ
2351 3395 2446 3447 καὶ
2475 3399 2587 3457 τοῖς
2640 3396 2737 3447 σὺν
2777 3394 2925 3462 αὐτῷ
2959 3390 3079 3447 οῦσι
3112 3395 3384 3463 διελέγετο
3429 3399 3617 3465 ἀπαγ-

2030 3488 2236 3557 γέλλων
2271 3488 2367 3540 καὶ
2399 3486 2688 3557 κηρύττων
2714 3486 2805 3539 τὸν
2838 3487 3097 3556 Χριστὸν,
3131 3490 3298 3558 φησὶν
3329 3490 3361 3560 ἡ
3394 3489 3613 3561 Γραφὴ,

2038 3598 2057 3631 ι
2090 3579 2211 3632 Ἐτι
2243 3578 2529 3640 λαλοῦντος
2560 3578 2655 3629 τοῦ
2692 3577 2896 3647 Πέτρου
2922 3577 2991 3628 τὰ
3023 3578 3245 3646 ῥήματα
3270 3576 3620 3642 ταῦτα,ὲπέ-

2031 3689 2167 3724 πεσε
2196 3671 2281 3724 τὸς
2309 3669 2532 3739 Πνεῦμα
2566 3668 2629 3722 τὸ
2664 3670 2818 3735 ἆγιον
2851 3668 2943 3720 ἐπὶ
2981 3670 3188 3732 πάντας
3221 3670 3350 3734 τοὺς
3384 3670 3615 3724 άκούον·

2028 3780 2128 3825 τας
2160 3762 2461 3829 τὸνλόγον,
2510 3759 2603 3813 καὶ
2653 3759 3036 3829 ἐξεπλάγησαν
3086 3761 3135 3812 οί
3189 3761 3254 3812 ἐκ
3305 3763 3615 3832 περιτομῆς

2028 3857 2233 3920 πιστοὶ,
2259 3854 2307 3907 οἱ
2338 3854 2435 3907 σὺν
2482 3853 2560 3922 τῷ
2586 3853 2806 3921 Πέτρῳ
2860 3852 3111 3914 ἐλθόντες
3132 3868 3148 3882 ο
3175 3852 3260 3905 ὅτι
3305 3856 3402 3907 καὶ
3431 3855 3511 3916 είς
3543 3856 3614 3908 τὰ

2026 3948 2154 4017 ἔθνη
2208 3949 2240 4018 ὴ
2306 3947 2484 4018 δωρεὰ
2535 3943 2630 3997 τοῦ
2700 3945 2857 4011 ἁγίου
2922 3942 3234 4012 Πνεύματος
3287 3944 3609 4014 ἐκκέχυται.

2029 4046 2265 4096 Ἤκουον
2296 4043 2404 4111 γάρ
2436 4039 2616 4094 αὑτῶν
2647 4038 2956 4091 λαλούντων
2982 4038 3275 4105 γλώσσαις,
3303 4040 3399 4092 καὶ
3437 4055 3609 4108 μεγα-

2025 4138 2292 4191 λυνόντων
2323 4135 2414 4189 τὸν
2447 4134 2581 4186 Θεόν
2605 4148 2618 4162 ·
2661 4152 2679 4184 ι
2722 4134 2849 4200 περὶ
2897 4126 2964 4205 ἧς
3016 4131 3182 4184 αὐτοῦ
3218 4132 3493 4202 πράξεως,
3527 4134 3610 4186 ὅτι

2023 4232 2152 4294 τοὺς
2183 4228 2595 4297 άπεριτμήτους
2624 4225 2912 4285 ἐϐάπτισε,
2941 4226 3073 4294 πρὶν
3104 4224 3212 4294 γὰρ
3237 4224 3269 4294 ἢ
3301 4223 3611 4294 βαπτισθῆ-

2024 4339 2135 4387 ναι,
2155 4321 2230 4383 ὡς
2262 4321 2362 4387 τὴν
2391 4321 2627 4388 ἀπορίαν
2658 4317 2807 4370 τοῦδε
2850 4316 2944 4368 τοῦ
2974 4315 3288 4386 ζητήματος
3316 4315 3605 4387 ἀφέληται,

2024 4415 2085 4467 τὸ
2119 4411 2347 4481 Πνεῦμα
2381 4410 2443 4463 τὸ
2482 4410 2640 4477 ἆγιον
2671 4403 2833 4477 ἦλθεν
2863 4406 2951 4459 ἐπ’
2983 4408 3201 4470 αὐτοὺς,
3247 4405 3407 4473 λόγον
3466 4408 3605 4475 μετὰ

2028 4503 2201 4558 ταῦτα
2226 4504 2255 4556 6
2286 4502 2491 4571 Πέτρος
2541 4498 2827 4573 ἀποδιδοὺς
2873 4499 2986 4559 τοῖς
3023 4492 3176 4550 οῦσιν
3208 4498 3264 4550 ὲν
3304 4495 3608 4563 Ἰεροσολύ-

2032 4614 2154 4667 μοις
2203 4594 2475 4663 ἀδελφοῖς,
2509 4594 2599 4644 καὶ
2632 4589 2784 4643 τοῦδε
2818 4588 2913 4642 τοῦ
2949 4588 3279 4659 πράγματος
3311 4587 3608 4641 ἀκουσθέν-

2023 4707 2115 4751 τος
2140 4684 2570 4757 ταραττομένοις
2588 4678 2708 4734 εἷπε
2737 4679 2857 4751 μεθ’
2894 4680 3082 4750 ἕτερα,
3121 4696 3141 4729 ¢
3174 4667 3511 4747 ’Δρξαμένου
3545 4679 3604 4730 δέ

2028 4797 2132 4851 μου
2159 4779 2343 4831 λαλεῖν
2369 4779 2507 4845 πρὸς
2533 4773 2757 4834 αὐτοὺς,
2784 4770 3020 4823 ἐπέπεσε
3037 4768 3098 4821 τὸ
3121 4768 3346 4838 Πνεῦμα
3366 4768 3425 4821 τὸ
3451 4770 3607 4836 ᾶγιον

2023 4874 2111 4926 ἐπ’
2134 4871 2353 4933 αὐτοὺς,
2389 4866 2581 4937 ὥσπερ
2612 4864 2706 4917 καὶ
2734 4860 2822 4931 ἐφ’
2852 4863 3002 4931 ἡμᾶς
3033 4862 3090 4911 έν
3121 4862 3284 4929 ἀρχῇ,
3314 4858 3406 4911 καὶ
3438 4859 3606 4928 ἐμνή-

2025 4964 2161 5030 σθην
2190 4961 2282 5014 τοῦ
2306 4960 2465 5025 λόγου
2495 4954 2721 5025 Κυρίου,
2747 4952 2823 5015 ὼς
2852 4951 3059 5018 ἔλεγεν,
3083 4950 3164 5002 ὅτι
3188 4949 3468 5015 Ἰωάννης
3487 4949 3608 5017 μὲν

2022 5055 2344 5108 ἐϐάπτισεν
2376 5051 2448 5104 ἐν
2482 5049 2676 5111 ὕδατι,
2708 5045 2878 5115 ὑμεῖς
2906 5043 2975 5097 δὲ
2990 5044 3497 5109 ,ϐαπτισθήσεσθε
3535 5042 3607 5094 ἐν

2025 5148 2322 5215 ΙῘνεύματι
2355 5142 2522 5213 ἁγίῳ.
2548 5141 2611 5193 Εἰ
2642 5140 2821 5193 τοίνυν
2858 5139 2978 5205 ῐσην
3008 5135 3216 5205 δωρεὰν
3248 5134 3479 5186 δέδωκεν
3510 5134 3604 5184 αύ-

2022 5242 2160 5301 τοίς,
2186 5235 2373 5305 ὥσπερ
2398 5234 2491 5284 καὶ
2519 5233 2651 5298 ἡμῖν
2674 5231 2784 5291 τοῖς
2807 5226 3155 5279 πιστεύουσιν
3180 5226 3259 5285 εἰς
3284 5224 3370 5275 τὸν
3401 5223 3605 5292 Κύριον

2022 5327 2236 5398 Ἰησοῦν
2263 5323 2524 5394 Χριστὸν,
2557 5320 2641 5384 τίς
2694 5315 2763 5391 ἦν
2815 5315 2928 5384 ἐγὼ
2969 5318 2996 5369 6
3026 5315 3324 5384 δυνάμενος
3361 5312 3607 5365 κωλῦσαι

2021 5422 2114 5473 τὸν
2141 5419 2273 5472 Θεὸν
2320 5415 2395 5487 μὴ
2430 5413 2615 5467 δοῦναι
2667 5412 2852 5471 αὐτοῖς
2889 5409 2950 5461 τὸ
2984 5406 3212 5475 Πνεῦμα
3244 5407 3302 5458 τ»)
3346 5403 3542 5470 ἆγιον;
3581 5421 3602 5454 ι

2029 5514 2141 5565 Καὶ
2170 5507 2362 5561 πολλαί
2396 5509 2534 5559 εἰσιν
2565 5505 2754 5571 ἕτεραι
2782 5500 2891 5553 τῶν
2920 5497 3158 5565 Γραφῶν
3197 5494 3522 5564 μαρτυρίαι,
3548 5493 3608 5548 αἳ

2035 5601 2345 5675 συμφώνως
2380 5596 2721 5669 μαρτυροῦσι
2753 5594 2927 5664 δῶρον
2957 5590 3091 5644 Θεοῦ
3124 5583 3264 5642 εἶναι
3291 5586 3353 5639 τὺ
3385 5585 3606 5653 Πνεῦμα

2036 5698 2097 5751 τὸ
2128 5697 2281 5773 iith
2308 5692 2447 5773 ἔρρ’
2471 5693 2596 5745 ὅσον
2631 5690 2833 5743 δίδοται
2887 5688 3000 5748 τοῖς
3047 5684 3115 5739 δι’
3145 5680 3310 5736 αὑτοῦ
3351 5682 3445 5733 τὸν
3477 5679 3609 5729 Θεὸν

2275 5878 2320 5909 η
2348 5876 2470 5932 Act.
2498 5888 2574 5939 XI,
2610 5850 2797 5925 tanti.

3490 418 3628 483 11Ξῦ
3702 470 3711 475 ,
