4066 6454
610 161 637 185 Ι

526 325 664 393 ῙΞΞἹ

1742 332 2030 394 MAXIM!
2074 333 2451 395 PLANUD/E

3612 314 3619 323 ’
3656 337 3791 401 112:8

523 442 707 497 vident
734 442 1002 513 Spiritum
1038 454 1314 509 sanetum,
1361 455 1417 500 ut
1463 462 1585 502 cum
1621 449 1853 502 audiunt
1900 450 2106 503 donum
2144 455 2182 508 Α
2216 458 2274 502 ιιι
2302 449 2418 518 ipse
2451 449 2523 504 sit
2549 448 2813 517 charitas,
2844 450 2938 517 qui
2973 450 3179 508 dicitur
3199 460 3251 508 et
3289 453 3430 510 Deus
3465 463 3518 511 et
3547 472 3611 511 ex
3642 456 3792 512 Deo?

529 535 767 604 Spiritus
802 539 1005 600 sancti,
1042 539 1172 592 illud
1209 526 1728 609 genusilocutionis
1775 555 2105 614 agnoscant,

525 644 638 697 quo
666 630 871 684 dictum
920 639 1024 695 est,
1085 632 1137 685 in
1190 634 1561 701 expliCnlitme
1606 638 1859 705 corporis
1902 640 2106 691 carnis.

527 720 685 776 Sicut
747 724 894 776 enim
952 738 1151 793 corpus
1193 726 1377 781 carnis
1428 727 1563 780 nihil
1619 740 1701 781 est
1758 728 1907 783 aliud
1945 745 2109 798 quam

529 830 681 881 caro,
730 815 811 869 sic
859 815 1062 870 donum
1106 816 1351 887 Spiritus
1397 821 1574 873 sancti
1615 820 1753 875 nihil
1811 831 1896 877 est
1960 824 2108 878 aliud

526 921 692 973 quam
736 905 977 975 Spiritus
1034 923 1285 963 sanctus.
1331 908 1389 964 ln
1448 919 1661 964 tantum
1716 928 1849 983 ergo
1907 916 2111 970 donum

526 997 621 1051 Dei
664 1007 768 1063 est,
789 999 842 1051 in
880 1014 1146 1069 quantum
1178 1003 1340 1056 datur
1369 1003 1475 1065 eis,
1505 1004 1708 1072 quibus
1736 1006 1918 1060 datur.
1955 1008 2109 1074 Apud

528 1105 587 1144 se
610 1099 794 1143 autem
837 1091 978 1144 Deus
1027 1102 1134 1157 est,
1172 1102 1226 1146 et
1260 1093 1306 1147 si
1334 1078 1542 1147 neruini
1586 1096 1772 1162 datur,
1804 1097 1929 1166 quia
1968 1097 2111 1153 Deus

525 1190 644 1232 erat
680 1182 825 1235 Patri
855 1192 908 1235 et
940 1181 1083 1238 Filio
1123 1195 1454 1252 coaeternus,
1495 1197 1787 1256 antequam
1843 1192 2103 1261 cuiquam

525 1270 771 1327 daretur.
804 1270 916 1325 Nec
949 1275 1077 1340 quia
1118 1274 1191 1327 illi
1218 1264 1375 1340 dant,
1402 1276 1521 1345 ipse
1553 1279 1739 1343 datur,
1778 1281 1902 1335 ideo
1934 1285 2113 1336 :niuor

525 1373 611 1416 est
644 1363 769 1418 illis.
800 1363 881 1418 Ita
906 1365 1050 1418 enim
1088 1370 1252 1421 datur
1285 1370 1427 1423 sicut
1468 1371 1673 1426 donum
1704 1373 1818 1439 Dei,
1855 1385 1913 1428 ut
1947 1376 2109 1430 etiam

525 1453 768 1521 seipsum
812 1454 926 1515 det.
974 1455 1121 1509 sicut
1183 1457 1347 1513 Deus.
1384 1458 1503 1514 Non
1533 1463 1679 1516 enim
1737 1465 1846 1518 dici
1904 1478 2105 1536 potest,

524 1560 634 1598 non
668 1562 791 1599 esse
821 1563 934 1602 suae
953 1552 1273 1618 potestatis;
1297 1554 1362 1606 de
1386 1570 1498 1624 quo
1528 1556 1739 1609 dictum
1763 1568 1848 1611 est
1877 1575 1892 1611 :
1926 1578 1943 1608 ι
1986 1559 2109 1630 Spi-

529 1639 670 1693 ritus
708 1639 799 1692 ubi
857 1640 972 1694 vult
1021 1642 1275 1710 spirat”.
1329 1663 1348 1695 ι
1424 1647 1487 1699 Et
1543 1648 1674 1703 illud
1717 1652 2105 1717 apostolicum,

524 1729 672 1797 quod
717 1730 827 1799 jam
890 1748 1056 1801 supra
1116 1740 1540 1793 commemoravi
1592 1757 1605 1792 :
1674 1763 1690 1793 ι
1742 1741 1937 1797 Omnia
1992 1744 2107 1798 haec

525 1831 786 1889 operatur
821 1839 986 1889 unus,
1019 1837 1185 1895 atque
1213 1828 1354 1882 idem
1381 1830 1653 1899 Spiritus,
1691 1834 1944 1890 dividens
1975 1850 2106 1904 pro-

520 1916 634 1981 pria
669 1917 987 1987 unicuique,
1022 1932 1185 1989 prout
1237 1916 1435 1976 vult“.
1484 1943 1503 1975 ι
1545 1924 1659 1980 Non
1698 1938 1779 1982 est
1827 1928 1938 1982 illic
1969 1944 2102 1983 con-

520 2008 658 2059 ditio
683 2008 818 2073 dati,
867 2017 922 2062 et
971 2012 1277 2069 dominatio
1318 2014 1607 2081 dantium,
1659 2020 1753 2073 SCll
1804 2016 2104 2075 concordia

518 2099 628 2151 dati
662 2108 718 2154 et
766 2101 1043 2157 dantium.
1080 2103 1436 2176 Quapropter
1486 2110 1530 2163 si
1568 2122 1758 2165 saneta
1817 2112 2102 2182 Scriptura

518 2193 842 2260 proclamat,
878 2214 897 2247 ι
948 2195 1091 2253 Deus
1119 2200 1367 2255 charitas
1399 2210 1518 2266 est;
1563 2221 1581 2252 ι
1617 2202 1705 2254 illa
1749 2218 1869 2272 quae
1896 2220 1959 2258 ex
1993 2204 2103 2262 Deo

517 2288 624 2346 est,
658 2292 713 2337 et
745 2284 799 2337 in
835 2284 995 2341 nobis
1032 2286 1086 2340 id
1143 2289 1276 2358 agit,
1329 2300 1385 2342 ιιι
1425 2290 1479 2343 iu
1518 2291 1625 2346 Deo
1660 2309 1999 2362 maneamus,
2049 2308 2103 2352 et

519 2373 641 2440 ipse
682 2374 735 2428 in
773 2360 953 2441 nobis,
983 2379 1176 2433 ethoc
1229 2381 1355 2435 inde
1408 2385 1818 2451 cognoscimus,
1856 2387 1985 2456 quia
2034 2382 2101 2443 de

430 2504 433 2507 ι
519 2464 728 2531 Spiritu
779 2483 881 2523 suo
936 2470 1087 2524 dedit
1142 2473 1336 2539 nobis;
1377 2473 1493 2541 ipse
1545 2474 1788 2543 Spiritus
1824 2477 1967 2546 ejus,
2016 2489 2101 2536 est

516 2554 662 2609 Deus
694 2558 939 2615 charitas
971 2576 988 2615 :
1019 2561 1217 2615 deinde
1258 2566 1303 2618 si
1344 2567 1396 2619 in
1426 2565 1589 2620 donis
1626 2566 1718 2621 Dei
1748 2570 1881 2625 nihil
1919 2574 2098 2642 majus

511 2654 597 2700 est
638 2647 926 2718 charitate,
976 2660 1031 2706 et
1083 2642 1292 2709 nullum
1347 2669 1429 2711 est
1485 2659 1665 2727 majus
1718 2661 1925 2717 donum
1979 2664 2096 2730 Dei,

511 2755 678 2808 quam
717 2740 953 2812 Spiritus
1002 2757 1255 2815 sanctus,
1295 2750 1425 2817 quid
1458 2756 1888 2821 consequentius
1927 2771 2093 2826 quam

506 2912 822 2979 ἀγαπῶσιν.
853 2914 1020 2972 Ἀλλά
1079 2921 1289 2993 σφόδρα
1323 2926 1539 2995 μακρὸν
1591 2930 1955 3000 ἀναλέγεσθαι
1991 2939 2095 2991 πά-

508 3021 630 3067 σας.
654 3007 765 3059 Καὶ
790 3007 965 3073 ἄλλως
996 3011 1057 3065 δὲ
1086 3013 1139 3066 τί
1167 3016 1285 3067 ποτ’
1307 3015 1374 3069 ἂν
1425 3020 1765 3093 ἀποχρήσειε
1807 3027 1920 3089 τοῖς
1947 3027 2091 3100 άπερ

503 3094 719 3165 ἔφημεν
754 3098 830 3168 μὴ
860 3100 1191 3172 ἀποχρῶντα
1218 3121 1235 3173 ;
1282 3107 1454 3162 Τοῦτό
1484 3127 1548 3180 γε
1587 3115 1695 3183 μὴν
1728 3116 1835 3186 χρὴ
1866 3094 2089 3184 τούτους

502 3187 740 3255 διδάξαι,
780 3190 857 3254 ὡς
886 3194 1049 3247 ὁπότε
1079 3196 1254 3266 δῶρον
1288 3200 1427 3254 Θεοῦ
1455 3204 1556 3273 ἤδη
1608 3209 1913 3279 συνορῶσιν
1944 3215 2093 3283 εἰρῆ-

506 3280 636 3333 σθαι
665 3283 725 3335 τὸ
754 3283 984 3354 Πνεῦμα
1009 3288 1072 3340 τὸ
1101 3289 1278 3356 ἆγιον,
1308 3295 1529 3349 ἐπειδὰν
1552 3300 1816 3368 ἀκούωσι,
1853 3323 1871 3354 ι
1917 3280 2091 3378 δῶρον

503 3373 600 3427 τοῦ
638 3374 797 3442 ἁγίου
833 3377 1173 3449 Πνεῦματος,
1211 3402 1231 3437 ι
1288 3387 1468 3441 ἐκεῖνο
1518 3391 1578 3443 τὺ
1627 3396 1780 3460 γένος
1835 3399 2091 3467 ἐπιγινώ-

424 3512 430 3517 .
509 3482 631 3518 σκει
680 3469 779 3537 τῆς
823 3469 1139 3538 διαλέξεως,
1178 3476 1319 3548 ὅπερ
1352 3480 1569 3550 εἴρηται
1602 3487 1657 3537 ἐν
1702 3491 1769 3558 τῇ
1802 3491 2091 3547 ἐπεκδύσει

501 3556 599 3609 τοῦ
636 3558 894 3627 σώματος
923 3563 1021 3632 τῆς
1056 3569 1278 3636 σαρκός.
1308 3571 1520 3644 Ὣςπερ
1552 3580 1661 3647 γάρ
1696 3556 1768 3631 to"
1796 3582 1959 3652 σῶμα
1987 3587 2084 3656 τῆς

504 3651 708 3719 σαρκὸς
738 3653 894 3708 οὐδὲν
924 3655 1115 3728 ἕτερόν
1146 3661 1297 3715 ἐστιν
1325 3664 1356 3733 ἢ
1388 3666 1421 3736 ἡ
1462 3667 1618 3737 σάρξ,
1643 3671 1793 3725 οὕτω
1821 3651 1891 3726 τὸν
1912 3651 2086 3748 δῶρον

503 3738 600 3791 τοῦ
638 3742 961 3813 Πνεύματος
990 3748 1147 3802 οὐδὲν
1201 3750 1392 3822 ἕτερόν
1424 3756 1574 3810 ἐστιν
1610 3759 1641 3829 ἢ
1678 3761 1738 3812 τὸ
1772 3738 2087 3832 Πνεῦματδ

500 3832 676 3900 ἅγιον.
699 3835 823 3889 Ἐπὶ
848 3839 1104 3893 τοσοῦτον
1135 3844 1315 3896 τοίνυν
1342 3846 1517 3918 δῶρόν
1545 3851 1660 3923 ἐστι
1692 3855 1787 3908 τοῦ
1820 3856 1978 3923 Θεοῦ,
2001 3858 2087 3928 ἐφ’

497 3925 620 3978 ὅσον
639 3926 864 3996 δίδοται,
883 3926 965 3996 οἷς
991 3932 1216 3990 δίδοται.
1242 3939 1380 4010 Παρ⁹
1407 3942 1585 4013 ἑαυτῷ
1607 3944 1664 3997 δὲ
1686 3948 1713 3999 ὁ
1745 3948 1879 4013 Θεὸς
1907 3925 2079 4020 ἐστιν,

495 4018 544 4070 εἰ
570 4018 664 4071 καὶ
698 4020 890 4090 μηδενὶ
919 4022 1147 4092 δίδοται,
1178 4029 1370 4101 ἐπειδὴ
1404 4031 1537 4097 Θεὸς
1566 4032 1635 4105 ἦν
1668 4037 1745 4108 τῷ
1773 4041 1950 4113 [lat-pi.
1981 4018 2078 4097 και

493 4112 573 4181 τῷ
603 4113 714 4183 Υίῷ
753 4117 1024 4182 πναῖδιος
1051 4123 1241 4194 πρὶνῆ
1278 4125 1497 4198 ἑκάστῳ
1527 4130 1773 4202 δοθῆναι.
1805 4136 1939 4188 Οὐδὲ
1976 4136 2082 4208 μὴν

493 4206 684 4274 ἐπειδὴ
707 4209 759 4259 ot
795 4208 894 4276 μὲν
919 4208 1150 4277 διδόασι,
1174 4215 1235 4266 τὸ
1262 4216 1318 4269 δὲ
1353 4217 1575 4289 δίδοται,
1601 4224 1690 4277 διὰ
1714 4228 1887 4281 ταῦτα
1921 4206 2080 4285 ἐλατ-

491 4312 585 4348 τον
609 4298 819 4350 ἐκείνου
852 4302 1025 4355 ἐστίν.
1052 4303 1210 4360 Οὕτω
1235 4309 1347 4377 γὰρ
1373 4311 1576 4368 δίδοται
1606 4317 1797 4390 ὥσπερ
1825 4323 1918 4377 τοῦ
1943 4325 2078 4380 Θεοῦ

493 4386 691 4456 δῶρον,
715 4390 788 4452 ὡς
823 4394 917 4443 καὶ
949 4396 1082 4447 αὐτὸ
1110 4398 1272 4451 ἑαυτὸ
1304 4401 1507 4457 διδόναι
1536 4409 1727 4481 ὥσπερ
1756 4386 1909 4478 Θεός.
1940 4420 2078 4472 Οὐδὲ

491 4480 601 4546 γὰρ
625 4478 852 4575 δυνατὸν
887 4485 1141 4553 λέγεσθαι
1171 4492 1246 4559 μὴ
1272 4490 1416 4547 εἶναι
1439 4497 1540 4567 τῆς
1569 4478 1765 4556 ἑαυτοῦ
1800 4506 2076 4575 ἐξουσίας,

492 4572 622 4639 περὶ
660 4571 719 4625 οῦ
750 4574 991 4644 εἴρηται,
1034 4598 1053 4629 ι
1100 4581 1171 4633 Τὸ
1207 4583 1455 4656 Πνεῦμα,
1490 4591 1623 4644 ὅπου
1671 4594 1818 4649 θέλει
1857 4604 1999 4653 πνεῖ.
2050 4621 2068 4654 ι

491 4663 605 4715 Καὶ
652 4669 807 4735 παρὰ
843 4668 920 4737 τῷ
951 4668 1289 4745 Ἀποστό>.ῳ,
1339 4678 1478 4748 ὅπερ
1524 4684 1625 4754 ἤδη
1657 4686 1918 4760 ἀνωτέρω
1949 4694 2074 4745 ἀνέ-

490 4772 696 4825 μνησα,
732 4775 753 4809 ‹
798 4759 986 4812 Πάντα
1018 4762 1075 4815 δὲ
1126 4765 1304 4821 ταῦτα
1356 4772 1576 4840 ἐνεργεῖ
1606 4774 1664 4828 ἒν
1698 4780 1792 4831 καὶ
1840 4759 1899 4834 τὸ
1942 4786 2074 4839 αὐτὸ

486 4846 735 4918 Πνεῦμα,
786 4851 1035 4924 διαιροῦν
1082 4858 1189 4911 [δια
1226 4862 1443 4934 ἑκάστῳ
1498 4868 1684 4933 καθὼς
1719 4873 1995 4942 βούλεται.
2046 4897 2066 4931 ι

487 4941 609 4992 Οὐδ’
637 4940 784 4996 ἐστιν
830 4948 949 5000 ἐκεῖ
990 4950 1239 5025 ὑποταγὴ
1274 4957 1369 5009 τοῦ
1411 4959 1694 5030 διδομένου
1721 4940 1823 5019 καὶ
1857 4970 1965 5022 τῶν
1997 4974 2076 5025 δι-

484 5032 705 5101 δῦντων,
726 5037 840 5089 ἀλλ’
863 5040 1088 5108 ὁμόνοια
1108 5046 1202 5097 τοῦ
1225 5047 1510 5120 διδομένου
1539 5055 1633 5107 καὶ
1659 5057 1768 5110 τῶν
1792 5059 2069 5130 διδόντων,

485 5127 585 5179 Διά
601 5127 664 5197 δὴ
682 5129 1082 5206 ταῦτανεῐπερή
1110 5138 1230 5192 Θεία
1247 5141 1440 5213 Γραφὴ
1461 5146 1610 5215 βοᾷ,ι
1636 5147 1693 5201 Ὀ
1723 5150 1856 5215 Θεὸς
1880 5127 2069 5228 ἀγάπη

484 5220 650 5286 ἐστὶν,
690 5239 710 5271 ι
763 5225 795 5293 ὴ
854 5225 920 5277 ὲκ
964 5227 1061 5280 τοῦ
1096 5231 1234 5282 Θεοῦ
1288 5233 1443 5303 οὖσα,
1494 5241 1588 5293 καὶ
1620 5245 1676 5293 ὲν
1724 5245 1860 5312 ἡμῖν
1912 5250 2071 5304 τοῦτο

483 5311 734 5377 ποιοῦσα,
766 5314 842 5377 ὡς
869 5317 927 5368 ὲν
957 5318 1036 5389 τῷ
1087 5320 1209 5392 Θεῷ
1256 5325 1406 5394 ἡμᾶς
1444 5328 1648 5397 μένειν,
1682 5338 1779 5388 καὶ
1810 5338 1976 5392 αὑτὸν
2010 5343 2069 5394 ἐν

480 5403 636 5472 ἡμῖν,
673 5407 769 5458 καὶ
823 5407 983 5462 τοῦτο
1031 5412 1285 5469 ἐντεῦθεν
1334 5420 1705 5492 γινώσκομεν,
1730 5428 1814 5482 ὅτι
1858 5432 1923 5484 ἐκ
1970 5434 2066 5487 τοῦ

479 5496 802 5567 Πνεύματος
831 5500 998 5555 αὑτοῦ
1035 5503 1237 5558 ἔδωκεν
1271 5509 1429 5579 ἡμῖν,
1458 5514 1588 5567 αὐτὸ
1618 5518 1678 5569 τὺ
1711 5520 1938 5592 Πνεῦμα
1970 5528 2064 5577 αὺ-

481 5586 577 5639 τοῦ
613 5589 762 5643 ἐστιν
797 5594 825 5644 6
853 5592 986 5658 Θεὸς
1017 5596 1231 5668 ἀγάπη.
1285 5603 1517 5659 Ἔπειτα
1560 5606 1617 5661 δὲ
1648 5612 1696 5664 εί
1727 5613 1785 5666 ὲν
1814 5586 1927 5679 τοῖς
1959 5636 2063 5688 χα-

545 5771 591 5803 ³⁰
623 5775 778 5833 Joan.
815 5797 896 5847 ιιι,
925 5779 980 5836 8.
1057 5784 1099 5816 ³¹
1134 5786 1303 5847 lCor.
1332 5808 1432 5862 xu,
1461 5796 1547 5851 ll.

1658 5800 1701 5832 ³¹
1735 5800 2023 5872 ΟοΙοεεηῐ,
2060 5807 2149 5861 15.

2218 538 2280 591 Et
2313 540 2358 591 si
2391 538 2658 608 charitas,
2695 556 2800 608 qua
2829 540 2992 596 Pater
3023 543 3200 615 diligit
3228 542 3449 610 Filium,
3485 555 3538 601 et
3575 546 3790 602 Patrem

2214 632 2389 700 diligit
2441 630 2628 698 Filius,
2666 632 3017 689 ineﬂabiliter
3066 634 3508 692 counnuniouein
3548 643 3779 692 demost-

2215 733 2350 779 strat
2391 724 2703 789 amborum,
2743 726 2875 795 quid
2905 727 3324 783 eonvenientius
3376 744 3537 798 quam
3595 738 3655 783 ut
3690 730 3778 781 ille

2214 816 2432 870 dicatur
2452 817 2698 871 charitas
2723 820 2945 888 proprie
2974 819 3068 888 qui
3096 820 3337 888 Spiritus
3364 831 3447 875 est
3473 822 3775 876 communis

2215 910 2523 964 ambobus?
2555 910 2668 965 lloc
2717 915 2866 967 enim
2903 913 3093 967 sanius
3124 914 3367 968 creditur
3406 914 3487 967 vel
3533 915 3787 984 intelligi-

2217 1011 2324 1069 tur,
2367 1013 2422 1057 ut
2465 1021 2569 1059 non
2626 1007 2775 1061 solus
2811 1007 3063 1076 Spiritus
3085 1017 3313 1097 san.ctus
3357 1012 3598 1065 charitas
3631 1012 3699 1065 sit
3728 1013 3778 1064 iu

2215 1093 2308 1148 illa
2371 1093 2660 1157 Trinitate,
2702 1098 2796 1150 sed
2859 1115 2965 1150 non
3012 1093 3215 1151 frustra
3272 1098 3489 1168 proprie
3545 1101 3781 1153 charitas

2216 1199 2578 1255 nuncupatur,
2638 1200 2861 1258 propter
2908 1190 2996 1243 illa
3057 1206 3178 1259 quae
3216 1192 3360 1245 dicta
3407 1201 3537 1247 sunt
3577 1209 3591 1244 :
3643 1194 3782 1246 sicut

2215 1294 2323 1333 non
2363 1281 2542 1334 solum
2597 1292 2680 1336 est
2727 1284 2779 1336 in
2838 1284 2926 1336 illa
2968 1282 3255 1339 Trinitate.
3287 1284 3369 1337 vel
3399 1285 3635 1352 Spiritus
3696 1287 3775 1339 vel

2214 1382 2460 1438 sanctus,
2502 1375 2631 1442 quia
2664 1385 2718 1430 et
2777 1375 2941 1431 Pater
2982 1376 3245 1445 Spiritus,
3279 1386 3333 1431 et
3382 1377 3554 1431 Filius
3606 1377 3773 1445 Spirio

2213 1472 2332 1528 tus;
2358 1476 2409 1517 et
2443 1465 2599 1519 Pater
2621 1477 2865 1533 sanctus,
2895 1478 2950 1523 et
2996 1469 3168 1522 Filius
3191 1480 3445 1532 sanctus.
3484 1474 3627 1536 quod
3657 1491 3761 1527 non

2214 1556 2441 1626 ambigit
2474 1559 2670 1627 pietas,
2706 1569 2758 1613 et
2809 1571 2991 1615 tamen
3025 1562 3128 1617 iste
3173 1579 3282 1617 non
3326 1564 3527 1619 frustra
3567 1569 3777 1635 proprie
3846 1642 3849 1645 _

2213 1649 2417 1702 dicitur
2452 1649 2691 1714 Spirims
2723 1662 2972 1708 sanctus.
3007 1652 3149 1720 Quia
3180 1656 3340 1710 enim
3363 1667 3445 1711 est
3475 1659 3777 1712 communis

2215 1741 2506 1807 ambobus,
2564 1745 2612 1798 id
2681 1754 2906 1800 voeatur
2956 1750 3069 1815 ipse
3110 1750 3349 1818 proprie,
3418 1751 3558 1818 quod
3623 1751 3779 1805 ambo

2216 1835 2603 1888 communiter.
2651 1838 2907 1906 Alioquin
2968 1840 3011 1893 si
3077 1840 3131 1893 in
3187 1841 3276 1894 illa
3332 1840 3600 1896 Triuitate
3638 1844 3778 1896 solus

2218 1922 2454 1993 Spiritus
2500 1941 2725 1982 sanctus
2759 1940 2844 1985 est
2898 1931 3167 1995 charitas,
3225 1933 3470 2001 profecto
3517 1944 3568 1989 et
3606 1932 3775 1988 Filius

2213 2032 2325 2070 non
2365 2019 2541 2072 solum
2598 2018 2798 2088 Patris,
2847 2037 3034 2077 verum
3093 2026 3258 2078 etiam
3321 2025 3557 2094 Spiritus
3606 2028 3773 2080 sancti

2212 2106 2389 2164 Filius
2423 2111 2723 2167 invenitur.
2767 2113 2844 2167 lla
2904 2114 3048 2168 enim
3091 2116 3228 2173 locis
3281 2119 3774 2174 innumerabilibus

2210 2201 2414 2256 dicitur
2443 2214 2495 2257 ct
2528 2205 2724 2274 legitur
2754 2204 2924 2261 Filius
2955 2209 3275 2276 unigenitus
3331 2210 3423 2264 Dei
3456 2209 3635 2265 Patris
3665 2227 3680 2265 :
3716 2219 3775 2264 ut

2211 2301 2395 2348 tamen
2428 2305 2482 2349 et
2515 2296 2647 2350 illud
2694 2314 2881 2354 verum
2934 2310 3038 2368 est,
3074 2303 3218 2373 quod
3260 2302 3555 2370 Apostolus
3603 2303 3676 2357 ait
3709 2303 3775 2358 de

2210 2382 2321 2439 Deo
2356 2387 2557 2442 Patre:
2595 2408 2613 2441 ι
2652 2389 2754 2457 Qui
2787 2391 2933 2446 eruit
2958 2408 3062 2448 nos
3102 2394 3171 2450 de
3217 2404 3489 2464 potestate
3523 2395 3771 2449 tenebra-

2210 2495 2356 2544 rum,
2421 2491 2475 2535 et
2533 2484 2816 2538 transtulit
2883 2487 2936 2539 in
3003 2501 3229 2555 regnum
3301 2486 3424 2542 Filii
3490 2487 3772 2542 charitatis

2209 2587 2323 2627 suze
2349 2572 2419 2638 ³⁸,
2451 2593 2469 2626 ι
2501 2589 2610 2628 ιιοη
2642 2576 2800 2642 dixit,
2823 2576 2946 2632 Filii
2971 2579 3085 2644 sui;
3112 2582 3255 2646 quod
3279 2581 3323 2635 si
3348 2581 3568 2647 diceret,
3596 2581 3772 2635 Veris-

2206 2666 2345 2721 sime
2376 2669 2598 2735 diceret,
2647 2670 3132 2739 quemadmodum,
3160 2674 3287 2743 quia
3325 2688 3466 2744 sacpe
3503 2675 3661 2737 dixit,
3685 2690 3772 2729 ve-

2206 2760 2425 2815 rissime
2455 2762 2614 2826 dixit,
2649 2762 2745 2818 sed
2764 2763 2860 2829 ait,
2891 2783 2909 2816 ι
2935 2762 3057 2819 Filii
3088 2765 3370 2822 cbaritatis
3394 2782 3524 2822 suae.
3550 2784 3568 2819 ι
3606 2764 3771 2821 Filius

2205 2937 2439 3008 ρίσμασι
2475 2939 2571 2992 τοῦ
2608 2940 2746 2994 Θεοῦ
2800 2942 2958 2996 οὐδέν
3006 2943 3126 2997 ἐστι
3167 2944 3354 3014 μεῖζον
3376 2947 3477 3016 τῆς
3527 2947 3765 3039 ἀγάπης,

2201 3034 2292 3084 καὶ
2330 3032 2503 3104 μηδὲν
2526 3035 2642 3087 ἐστι
2671 3033 2858 3104 μεῖζον
2888 3035 3061 3106 δῶρον
3088 3039 3183 3091 τοῦ
3208 3039 3346 3094 Θεοῦ
3381 3040 3414 3111 ἢ
3444 3041 3505 3094 τὺ
3547 3032 3766 3110 Πνεῦμα

2121 3158 2163 3214 C
2200 3126 2260 3179 τὸ
2289 3129 2465 3195 ἅγιον,
2503 3131 2557 3184 τί
2589 3129 3060 3201 καταλληλότερον
3110 3132 3142 3202 ἢ
3186 3134 3317 3187 αὐτὸ
3360 3131 3499 3189 εἶναι
3529 3137 3766 3204 ἀγάπην,

2195 3220 2315 3290 ἥτις
2345 3223 2406 3274 ὲκ
2432 3223 2567 3276 Θεοῦ
2624 3225 2720 3277 καὶ
2762 3223 2895 3288 Θεὸς
2942 3221 3083 3277 εἶναι
3123 3224 3343 3293 λέγεται
3369 3244 3385 3295 ;
3414 3227 3477 3280 Εἰ
3510 3229 3567 3282 δὲ
3602 3229 3695 3283 καὶ
3734 3231 3765 3301 ἡ

2196 3313 2408 3382 ἀγάπη,
2457 3314 2580 3367 καθ’
2611 3316 2679 3385 ἢν
2709 3317 2737 3367 6
2775 3316 2965 3385 Πατὴρ
3020 3317 3211 3388 ἀγαπᾷ
3264 3319 3355 3371 τὸν
3409 3318 3556 3385 Υίὺν,
3604 3322 3694 3374 καὶ
3739 3324 3766 3374 ὁ

2195 3401 2322 3465 Υἱὸς
2363 3404 2554 3474 ἀγαπᾷ
2591 3406 2684 3459 τὸν
2721 3407 2970 3477 Πατέρα,
3002 3410 3284 3480 ἀρρήτως,
3336 3412 3437 3481 τὴν
3480 3420 3762 3466 κοινωνίαν

2194 3494 2470 3547 δείκνυσιν
2524 3497 2751 3565 ἀμφοῖν,
2794 3500 2847 3552 τί
2904 3499 3025 3553 ποτ’
3075 3499 3142 3553 ἂν
3194 3502 3597 3573 ἁρμοδιώτερον
3628 3505 3659 3574 ἦ
3692 3504 3764 3566 ὡς

2192 3588 2328 3640 αὐτὸ
2356 3590 2563 3659 κυρίως
2595 3590 2852 3659 λέγεσθαι
2903 3594 3146 3664 ἀγάπην,
3181 3596 3318 3666 ὅπερ
3354 3599 3579 3669 Πνεῦμα
3613 3600 3762 3669 ἆγιόν

2192 3683 2308 3734 ἐστι
2342 3683 2519 3736 κοινὸν
2555 3683 2919 3755 ἀμφοτέρων;
2951 3687 3125 3742 Τοῦτο
3158 3690 3267 3759 γάρ
3314 3692 3629 3764 ὑγιέστερον
3677 3712 3761 3747 πι-

2192 3777 2467 3844 στεύεται,
2522 3780 2553 3850 ἢ
2605 3783 2832 3847 νοεῖται,
2883 3784 2960 3846 ὡς
3013 3785 3090 3856 μὴ
3148 3788 3308 3857 μόνον
3342 3791 3400 3844 τὸ
3436 3790 3657 3861 Πνεῦμα
3703 3794 3761 3845 τὸ

2188 3868 2345 3936 ἅγιον
2382 3872 2604 3941 ἀγάπην
2649 3869 2794 3930 εἶναι
2842 3876 2900 3928 ἐν
2944 3880 3011 3947 τῇ
3041 3879 3254 3948 Τριάδι,
3283 3881 3420 3936 ἀλλά
3480 3883 3556 3955 μὴ
3588 3885 3758 3955 μάτην

2190 3960 2338 4023 ἰδίως
2396 3966 2904 4035 προσαγορεύεσθαι
2949 3969 3170 4039 ἀγάπην
3219 3971 3308 4025 διά
3349 3974 3417 4026 τὰ
3455 3975 3751 4045 εἰρημένα·

2186 4055 2377 4127 ὥσπερ
2413 4059 2473 4110 οὑ
2513 4059 2677 4128 μόνον
2707 4060 2922 4129 εἴρηται
2958 4063 3015 4114 ἐν
3059 4066 3125 4134 τῇ
3181 4065 3372 4136 Τριάδι
3409 4067 3438 4138 ἢ
3471 4068 3749 4139 Πνεῦμαῆ

2185 4147 2363 4216 ἅγιον.
2398 4151 2508 4204 Καὶ
2561 4152 2671 4225 γὰρ
2718 4153 2815 4206 καὶ
2857 4156 2884 4206 6
2935 4155 3125 4226 Πατὴρ
3180 4157 3426 4227 Πνεῦμα,
3459 4161 3600 4213 καὶὸ
3632 4157 3754 4224 Υἱὸς

2186 4243 2434 4312 Πνεῦμα,
2467 4246 2562 4297 καὶ
2584 4248 2612 4298 6
2648 4247 2833 4318 Πατὴρ
2889 4245 3064 4316 ἀγιος,
3092 4251 3183 4302 καὶ
3205 4251 3233 4302 6
3265 4250 3391 4315 Υἱὸς
3422 4252 3595 4325 ἅγιος,
3622 4254 3755 4325 ὅπερ

2184 4336 2217 4403 ἡ
2249 4335 2501 4389 εὐσέϐεια
2536 4336 2597 4388 οὐ
2637 4336 2900 4403 διστάζει,
2934 4340 3084 4409 ὅμως
3120 4342 3181 4394 οὐ
3214 4343 3393 4412 μάτην
3425 4324 3555 4398 αῦτδ
3604 4324 3751 4409 ιδεωέ

2185 4427 2414 4495 Πνεῦμα
2465 4426 2627 4495 ἆγιον.
2690 4429 2909 4498 λέγεται
2939 4448 2954 4463 ο
2987 4433 3173 4504 ἐπειδὴ
3226 4436 3335 4506 γὰρ
3390 4438 3565 4490 κοινόν
3614 4440 3758 4492 ἐστιν

2109 4514 2157 4567 1)
2188 4521 2414 4587 ἀμφοῖν,
2446 4519 2607 4573 τοῦτο
2644 4520 2788 4584 ἰδίως
2818 4524 2952 4578 αὐτὸ
2983 4526 3253 4593 καλεῖται,
3277 4528 3412 4597 ὅπερ
3448 4530 3614 4600 ἄμφω
3644 4550 3755 4587 κοι-

2184 4609 2326 4670 νῶςο
2366 4612 2412 4662 εἰ
2452 4610 2548 4680 μὴ,
2602 4613 2650 4663 εἰ
2698 4614 2755 4665 ἐν
2811 4616 2876 4685 τῇ
2913 4615 3105 4686 Τριάδι
3159 4618 3320 4688 μόνον
3345 4620 3405 4672 τὸ
3440 4621 3664 4691 Πνεῦμα
3700 4624 3756 4677 τὺ

2183 4700 2343 4770 ἅγιον
2374 4705 2563 4775 ἀγάπη
2597 4707 2734 4773 ἐστὶ,
2772 4712 3091 4762 παντάπασι
3127 4713 3223 4766 καὶ
3253 4715 3281 4766 6
3330 4714 3456 4777 Υἱὸς
3491 4716 3552 4768 οὐ
3602 4718 3756 4787 μόνον

2182 4796 2274 4849 τοῦ
2326 4799 2562 4869 Πατρὶς,
2595 4801 2736 4853 ἀλλά
2774 4802 2998 4855 καὶτοῦ
3048 4803 3206 4872 ἁγίου
3257 4806 3573 4876 Πνεῦματος
3633 4808 3756 4871 Υἱὸς

2181 4890 2525 4960 εὑρίσκεται.
2579 4893 2736 4947 Οὖτω
2772 4894 2879 4963 γὰρ
2931 4896 2989 4949 ὲν
3038 4898 3259 4968 μυρίοις
3307 4900 3495 4963 τόποις
3547 4900 3754 4969 λέγεται

2184 4985 2281 5037 καὶ
2332 4986 2769 5053 ἀναγινώσκεται
2805 4989 2835 5040 6
2873 4990 3166 5061 μονογενὴς
3199 4990 3326 5055 Υἱὸς
3363 4992 3457 5047 τοῦ
3488 4993 3622 5047 Θεοῦ
3666 4995 3756 5049 καὶ

2183 5077 2418 5146 Πατρός,
2445 5080 2521 5141 ὡς
2550 5081 2772 5134 κάκεῖνο
2798 5079 2999 5150 ἀληθὲς
3027 5080 3188 5151 εἶναι,
3209 5084 3239 5138 ὃ
3267 5101 3430 5155 φησιν
3455 5088 3483 5139 6
3503 5086 3755 5141 Ἀπόσιτοι

2178 5168 2271 5233 λος
2302 5173 2431 5241 περὶ
2452 5171 2545 5224 τοῦ
2570 5172 2705 5226 Θεοῦ
2742 5177 2837 5226 καὶ
2875 5176 3109 5245 Πατρδς,
3138 5194 3157 5228 t
3197 5179 3293 5242 Ὃς
3316 5180 3586 5251 ἐρρύσατο
3612 5183 3751 5252 ἡμᾶς

2181 5265 2245 5316 ὲκ
2275 5264 2372 5332 τῆς
2404 5265 2659 5329 ἐξουσίας
2707 5267 2802 5319 τοῦ
2858 5268 3108 5336 σκότους,
3160 5271 3259 5324 καὶ
3308 5274 3645 5344 μετήνεγκεν
3676 5275 3753 5337 είς

2175 5353 2275 5424 τὴν
2305 5354 2583 5424 βασιλείαν
2608 5358 2700 5409 τοῦ
2730 5358 2862 5411 Υίοῦ
2887 5360 2988 5430 τῆς
3025 5363 3247 5433 ἀγάπης
3269 5365 3457 5431 αὐτοῦ,
3484 5384 3503 5419 ι
3538 5366 3633 5418 καὶ
3658 5367 3752 5419 οὐκ

2174 5441 2318 5511 εἷπε,
2373 5447 2464 5499 τοῦ
2516 5448 2650 5502 Υίοῦ
2699 5451 2890 5515 αὐτοῦ,
2941 5453 3080 5525 ὅπερ
3114 5457 3162 5509 εἰ
3200 5453 3375 5523 εἶπεν,
3402 5458 3744 5527 ἀληθέστατα

2174 5535 2241 5587 ἂν
2274 5535 2419 5603 εἰπε,
2445 5536 2591 5591 καῦά
2622 5538 2686 5610 δὴ
2727 5541 2991 5605 πολλάκις
3053 5544 3247 5612 εἰπὼν,
3286 5546 3628 5617 ἀληθέστατα
3679 5545 3754 5600 εἶ-

2174 5644 2276 5679 πεν
2301 5646 2315 5659 ι
2340 5628 2453 5690 ἀλλ’
2486 5632 2611 5701 ἔφη,
2651 5650 2668 5684 ι
2707 5633 2800 5686 τοῦ
2853 5633 2983 5688 Υίοῦ
3015 5635 3115 5706 τῆς
3140 5636 3363 5710 ἀγάπης
3405 5640 3593 5697 αὐτοῦ.
3637 5659 3656 5692 ι
3695 5639 3751 5692 '0
