4066 6492
295 511 427 577 ιτιι

1223 514 1319 576 DE
1368 512 1896 576 PROCESSIOVE
1929 514 2295 600 S'PIRITUS
2331 520 2627 582 SANCTI‘.

3412 470 3574 586 illi?

291 626 498 694 Spiritu
555 635 746 682 sancto
784 624 852 682 de
908 628 1013 682 hoc
1058 625 1268 698 judicio
1315 627 1554 684 mundus
1597 626 1867 695 arguitur,
1904 632 1946 686 Α
1984 629 2122 686 mori
2162 648 2261 701 pro
2282 634 2502 690 Christo
2527 635 2766 691 nondum
2789 645 2947 692 erant
2975 635 3170 693 idonei
3191 646 3321 693 tunc
3341 648 3565 708 aposto-

290 715 516 778 uuaudo
545 716 600 770 in
629 715 838 786 Spiritu
869 728 1064 772 sancto
1097 718 1214 774 haec
1241 718 1484 788 loquitur
1540 718 1878 786 Apostolus?
1919 758 1922 760 ν

291 808 531 863 Credant
557 808 742 878 itaque
778 808 1032 864 homines
1061 810 1116 864 in
1147 810 1453 872 Christum,
1481 825 1548 865 ne
1578 817 1880 878 arguantur

292 900 360 953 de
387 908 612 969 peccato
637 899 977 956 inﬁdelitatis
999 917 1132 964 sum,
1155 917 1264 972 quo
1283 911 1507 972 peccata
1525 903 1709 958 omnia
1735 900 1882 956 deti-

293 990 839 1061 ttentnr.Trattseant
861 993 916 1046 in
941 1008 1230 1048 numerum
1251 993 1515 1060 lidelittm,
1545 1008 1612 1048 ne
1637 1008 1879 1064 arguan-

292 1097 381 1140 tur
411 1085 477 1140 de
502 1085 713 1156 iustitia
741 1100 936 1141 eorum
967 1102 1105 1156 quos
1134 1087 1465 1157 justiﬁeatos
1504 1102 1611 1148 non
1651 1086 1877 1141 imitan-

294 1187 383 1233 tur
401 1185 671 1253 ;,ca_vean.t
691 1177 935 1242 futurum
955 1180 1222 1250 judicium
1248 1197 1262 1232 :
1292 1194 1358 1233 ne
1379 1195 1502 1232 cum
1521 1180 1706 1233 mundi
1730 1181 1894 1249 prin-.

293 1270 416 1339 cipe
441 1261 972 1339 judicentuhﬂllem
1001 1272 1308 1341 judicatum
1339 1271 1878 1334 imitanturmtenim

297 1377 362 1416 ue
395 1363 496 1415 sibi
531 1363 810 1418 existimet
858 1362 1008 1433 parci
1066 1362 1322 1432 superbia
1348 1365 1481 1417 dura
1539 1364 1880 1429 mortalium,

294 1455 361 1514 de
391 1453 754 1522 superborum
797 1455 1070 1525 supplicio
1107 1454 1362 1509 terrenda
1387 1465 1471 1510 est
1505 1456 1842 1525 angelorum.

298 1567 372 1630 Ex
401 1567 661 1638 Tractatn
698 1566 883 1638 XCVI,
907 1583 1072 1638 super
1101 1567 1209 1622 illis
1242 1569 1424 1624 verbis
1455 1586 1470 1625 :
1501 1568 1684 1623 Adhuc
1713 1570 1883 1626 multa

366 1637 533 1693 habeo
564 1638 706 1692 vobis
730 1637 923 1703 dicere,
956 1637 1047 1693 sed
1081 1655 1184 1694 non
1202 1641 1418 1707 potestis
1466 1649 1682 1705 portare
1703 1640 1881 1698 modo.

847 1730 913 1785 Et
938 1742 1061 1801 post
1089 1746 1260 1801 pauca
1294 1749 1309 1786 :

367 1822 500 1892 Quae
534 1821 810 1893 istasiut,
851 1837 974 1891 quae
1023 1822 1260 1893 apostoli
1315 1830 1445 1878 tunc
1501 1836 1722 1893 portare
1771 1839 1882 1883 non

296 1923 572 1982 poterant,
600 1915 768 1968 vultis
798 1913 1029 1970 forsitan
1058 1915 1221 1970 scire.
1283 1914 1392 1971 Sed
1447 1916 1573 1986 quis
1633 1927 1878 1972 nostrum

1985 725 2270 792 ligonibus
2298 728 2532 794 dicebat,
2562 747 2582 780 t
2623 728 2742 784 Non
2765 730 2994 799 potestis
3013 745 3100 786 me
3132 732 3287 801 sequi
3314 730 3497 785 modo.
3541 749 3560 783 ι
3603 726 3609 728 ”

1987 820 2142 874 [inde
2171 823 2381 890 primus
2409 837 2601 877 eorum
2647 823 2859 889 Petrus,
2894 824 2989 894 qui
3033 823 3148 894 jam
3189 824 3292 880 hoc
3321 839 3379 879 se
3403 840 3567 893 posse

1984 921 2430 978 praesumpserat,
2480 912 2626 966 aliud
2652 924 2911 981 expertus
2946 923 3052 982 est,
3087 930 3253 984 quam
3287 916 3515 985 putabat
3550 931 3566 969 :

1983 1010 2045 1058 et
2069 1009 2251 1060 tamen
2279 1012 2491 1071 postea,
2523 1013 2578 1062 et
2605 1005 2706 1060 viri
2733 1015 2784 1062 et
2814 1006 3094 1074 mulieres,
3149 1007 3303 1076 pueri
3335 1015 3389 1062 et
3414 1009 3567 1077 puel-

1985 1091 2069 1159 Ite,
2104 1091 2335 1160 juvenes
2365 1103 2420 1147 et
2473 1093 2742 1163 virgines,
2801 1097 3050 1153 seniores
3083 1111 3204 1153 cum
3250 1099 3570 1168 junioribus

1988 1181 2420 1241 innumerabiles
2452 1187 2721 1258 martyrio
2741 1189 2982 1242 coronati
3012 1196 3163 1257 sunt,
3194 1199 3249 1245 et
3281 1205 3444 1261 posse
3481 1191 3569 1245 iu-

1985 1285 2162 1331 ventze
2193 1286 2325 1332 sunt
2380 1287 2603 1348 portare
2638 1293 2769 1335 oves
2831 1279 2979 1350 quod
3024 1289 3176 1349 tunc,
3211 1283 3430 1351 quando
3465 1282 3567 1336 ista

1986 1366 2252 1423 Dominus
2285 1368 2635 1439 loquebatur,
2670 1372 2912 1425 nondum
2947 1381 3199 1442 poterant
3216 1383 3435 1444 portare
3477 1390 3573 1442 pa-

1986 1469 2188 1516 stores.
2206 1461 2468 1532 Nunquid
2495 1478 2627 1534 ergo
2651 1463 2839 1519 debuit
2861 1465 2970 1522 illis
2993 1465 3249 1523 omnibus
3269 1466 3452 1522 dici‘in
3484 1467 3574 1522 illo

1987 1555 2307 1610 tentationis
2339 1555 2596 1624 articulo,
2633 1571 2742 1626 quo
2767 1569 2980 1614 certare
3012 1573 3190 1630 usque
3221 1559 3288 1616 ad
3345 1568 3571 1615 mortem

1987 1662 2088 1718 pro
2123 1647 2351 1703 veritate
2377 1649 2686 1718 oportebat,
2731 1658 2783 1706 et
2809 1666 2908 1722 pro
2937 1649 3144 1708 Christi
3205 1651 3450 1719 nomine,
3490 1651 3574 1708 vel

1985 1741 2234 1797 doctrina
2267 1741 2590 1808 sanguinem
2649 1739 2924 1810 fundere;
2981 1745 3256 1814 nunquid,
3326 1745 3574 1813 inquam,

1986 1832 2177 1886 debuit
2208 1833 2288 1886 eis
2322 1831 2489 1888 dici:
2541 1832 2679 1898 Quis
2741 1843 2985 1890 vestrum
3050 1834 3253 1888 audeat
3313 1834 3572 1888 idoneum

1987 1925 2251 1995 martyrio
2291 1937 2350 1980 se
2380 1925 2618 1995 putare?
2657 1925 2747 1980 cui
2785 1925 2980 1982 Petrus
3043 1926 3276 1981 idoneus
3331 1925 3574 1981 nondum

294 2008 497 2065 audeat
523 2023 713 2063 eorum
737 2023 796 2063 se
825 2007 1140 2078 dicereiam
1164 2023 1448 2079 capacem,»
1467 2023 1586 2078 quae
1618 2008 1692 2063 illi
1718 2023 1885 2078 ωρο-
1914 1989 1961 2050 B
1995 1989 2188 2078 fuerat,
2220 1989 2440 2086 quando
2466 2031 2593 2072 eum
2623 2031 2687 2072 os
2721 2017 2787 2071 ad
2820 2033 2883 2072 os
2907 2018 3024 2088 ipse
3042 2017 3309 2073 Dominus
3337 2018 3578 2070 instrue-.-

279 2114 355 2157 ’τε
381 2117 490 2156 non
520 2101 821 2158 valebant?
851 2103 928 2156 At:
961 2117 1059 2172 per
1111 2101 1215 2158 hoc
1247 2119 1350 2160 nec
1374 2119 1402 2159 a
1434 2119 1519 2160 me
1565 2113 1886 2173 exspectan-

272 2195 366 2270 ⁴«1η
397 2203 548 2263 sunt,
580 2202 639 2249 ut
675 2195 950 2262 dicantur,
1019 2209 1144 2264 qua:
1172 2193 1315 2252 forte
1379 2212 1486 2252 non
1535 2211 1788 2268 caperem
1839 2200 1885 2254 si

294 2289 365 2346 ab
395 2288 533 2342 ‘alio
588 2288 956 2344 dicerentur:
998 2303 1100 2344 nec
1161 2303 1256 2346 vos
1311 2305 1373 2346 ea
1427 2300 1648 2361 portare
1699 2305 1890 2362 posse-

296 2383 384 2447 tis,
417 2383 636 2438 etiamsi
664 2398 765 2453 ego
819 2392 1006 2442 tantus
1057 2398 1262 2447 essem,
1317 2394 1436 2439 uta
1472 2400 1556 2440 me
1607 2385 1732 2454 iSta,
1767 2401 1890 2457 quae

295 2474 450 2541 vobis
476 2474 678 2539 altiora,
703 2483 853 2542 sunt.
889 2475 1177 2531 audiretis.
1202 2475 1267 2530 Et
1297 2475 1411 2530 ﬁeri
1434 2476 1652 2546 quidem
1689 2486 1888 2548 potest,

297 2577 354 2622 ιιι
387 2569 498 2622 sint
529 2569 585 2622 in
621 2571 777 2626 vobis
813 2569 980 2640 aliqui
1011 2570 1078 2624 ad
1135 2584 1199 2625 ea
1235 2569 1500 2641 capienda
1527 2572 1640 2642 jam
1680 2573 1887 2641 idonei,

294 2676 416 2734 (ψειι
439 2659 544 2715 alii.
559 2676 756 2731 capere
787 2661 1030 2717 nondum
1062 2663 1271 2728 valent,
1305 2669 1360 2717 et
1413 2663 1460 2719 si
1517 2678 1628 2718 non
1682 2665 1890 2731 omnia,

293 2754 363 2806 de
390 2753 592 2820 quibus
623 2755 884 2823 magister
910 2755 1004 2812 ille
1024 2756 1171 2813 Deus
1201 2755 1442 2824 dicebat,
1471 2775 1490 2809 ι
1528 2757 1722 2814 Adhuc
1755 2757 1894 2814 mul-

299 2855 350 2898 ta
378 2844 554 2904 habeo
586 2845 742 2902 vobis
769 2847 975 2915 dicere,
1003 2865 1022 2899 ι
1057 2856 1240 2904 tamen
1267 2863 1457 2905 eorum
1491 2847 1728 2906 fortasse
1755 2865 1886 2905 non-

293 2939 446 3006 nulla
472 2955 488 3008 ;
519 2941 613 2997 sed
667 2953 920 3012 quaenam
953 2942 1067 2998 sint
1120 2943 1250 3012 ista,
1297 2958 1420 3015 qua:
1447 2944 1564 3015 ipse
1587 2960 1696 3000 non
1731 2945 1889 3012 dixit,

299 3032 671 3102 temerarium
694 3041 778 3092 est
800 3031 940 3098 velle
966 3035 1328 3108 presumere‘
1355 3041 1410 3092 et
1437 3033 1644 3092 dicere.
1676 3033 1811 3101 Nam
1836 3047 1902 3093 et

299 3215 425 3283 καθ’
447 3216 515 3290 ἢν
549 3219 576 3272 6
609 3217 798 3289 ἄρχων
819 3216 916 3272 τοῦ
947 3218 1156 3290 κόσμου
1204 3217 1398 3274 τούτου
1432 3217 1711 3290 κέκριται,
1741 3216 1896 3286 ἐλέγ·

298 3329 384 3380 χει
409 3311 502 3366 τὸν
535 3311 746 3381 κόσμον
786 3312 848 3365 τὸ
899 3312 1128 3382 Πνεῦμα
1160 3311 1222 3365 τδ
1268 3310 1450 3378 ἅγιον,
1487 3311 1572 3365 ὅτι
1621 3311 1762 3379 μετά
1793 3309 1888 3364 τοῦ

303 3401 438 3457 ἰδίου
468 3402 753 3474 ἄρχοντος,
783 3403 844 3458 ὃν
872 3404 1229 3475 ὑπερήφανον
1271 3403 1405 3458 ὄντα
1439 3405 1534 3456 καὶ
1585 3402 1760 3475 ἀσεϐῆ
1795 3405 1890 3472 ζη-

299 3495 404 3559 λοῖ,
436 3495 705 3566 κρίνεται.
749 3497 812 3550 Εί
834 3497 944 3567 γὰρ
974 3514 992 3548 ι
1032 3498 1060 3550 6
1091 3496 1247 3562 Θεὸς,
1281 3495 1466 3561 καθώς
1493 3512 1660 3566 φησιν
1693 3497 1722 3551 6
1755 3496 1892 3551 ἀπό-

304 3587 491 3654 στολος
541 3587 773 3659 Πέτρος,
803 3589 1058 3659 ἀγγέλων
1107 3589 1556 3662 ἁμαρτησάντων
1601 3589 1704 3644 οὑκ
1748 3589 1893 3659 ἐφεί-

304 3697 456 3748 σατο,
485 3681 602 3735 ἀλλ’
630 3682 892 3752 εἱρκταῖς,
910 3681 1076 3752 ζόφου
1124 3681 1251 3754 ᾅδου
1293 3682 1660 3752 ταρταρώσας
1715 3683 1892 3752 παρέ-

299 3775 474 3840 δωκεν
503 3774 584 3838 είς
619 3776 804 3846 κρίσιν
827 3775 1223 3846 τηρουμένους,
1255 3795 1274 3827 ι
1307 3775 1426 3840 πῶς
1452 3776 1550 3846 οὑχ
1579 3775 1684 3828 ὑπὸ
1719 3775 1893 3827 Πνεύ-

306 3883 482 3936 ματος
513 3865 606 3921 τοῦ
641 3867 801 3936 ἀγίου
835 3869 966 3938 περὶ
993 3866 1202 3938 ταύτης
1224 3867 1325 3935 τῆς
1360 3866 1599 3937 κρίσεως
1629 3867 1660 3920 6
1688 3867 1893 3936 κόσμος

303 3959 614 4030 ἐλέγχεται,
642 3959 700 4013 ἐν
733 3959 876 4030 ἀγίῳ
909 3958 1192 4029 Πνεύματι
1225 3957 1324 4011 τοῦ
1350 3958 1686 4014 Ἀποστόλου
1719 3957 1906 4020 ταῦτα,

304 4052 681 4122 λαλήσαντος;
739 4051 1161 4107 Πιστευέτωσαν
1215 4046 1314 4105 οὑν
1369 4051 1419 4103 οί
1469 4049 1749 4121 ἀνθρωττοι
1818 4051 1893 4123 τῷ

303 4143 552 4215 Χριστῷ,
584 4143 672 4197 ἵνα
713 4141 791 4213 μὴ
840 4141 1040 4204 αὐτοὺς
1076 4140 1275 4215 ἐλέγξῃ
1302 4140 1363 4194 τὸ
1392 4142 1618 4208 Πνεῦμα
1643 4142 1706 4195 τὸ
1737 4142 1894 4211 ἀγιον

306 4234 561 4308 περὶτοῦ
603 4235 702 4306 τῆς
753 4235 935 4290 αὑτῶν
980 4233 1248 4298 ἀπιστίας
1308 4233 1730 4306 ἁμαρτήματος,
1758 4235 1816 4288 ἐν
1851 4227 1896 4302 ᾧ

306 4328 677 4400 ἁμαρτήματι
715 4328 898 4382 πάντα
927 4326 998 4382 τὰ
1032 4327 1172 4383 ἄλλα
1219 4327 1629 4397 κεκράτηνται..
1664 4327 1896 4396 Σλυναρις-

311 4423 699 4494 θμηθείτωσαν
731 4425 845 4486 τοῖς
896 4421 1139 4488 πιστοῖς,
1168 4419 1260 4474 ἵνα
1309 4419 1384 4492 μὴ
1429 4418 1761 4490 ἐλεγχθῶσιν
1792 4421 1897 4474 ὑπὸ

307 4519 410 4587 τῆς
459 4517 690 4578 ἐκείνων
735 4514 1111 4584 δικαιοσύνης,
1144 4512 1238 4576 οὓς
1285 4512 1680 4576 δικαιωθέντας
1711 4514 1772 4580 ού
1808 4531 1898 4583 μις

314 4609 545 4680 μοῦνται
566 4626 580 4642 ο
615 4606 1081 4677 φυλαττέσθωσαν
1106 4605 1208 4676 τὴν
1236 4604 1542 4675 μέλλουσαν
1568 4605 1789 4676 κρίσιν,
1809 4605 1896 4670 ἵνα

1991 2109 2252 2165 bat?Sic
2281 2109 2464 2179 itaque
2514 2110 2717 2165 dixerit
2771 2109 2996 2180 aliquis,
3031 2125 3149 2164 non
3211 2109 3416 2166 debere.
3467 2109 3582 2160 diri

1990 2203 2205 2274 populis
2237 2201 2570 2258 Christianis
2596 2203 2790 2258 audire
2817 2203 3188 2273 cupientibus,
3220 2219 3341 2274 qua:
3365 2203 3476 2257 sint
3509 2201 3585 2255 de

1995 2295 2194 2365 quibus
2232 2295 2494 2351 Dominus
2535 2302 2666 2350 tunc
2695 2294 2916 2351 dicebat
2947 2312 2962 2349 :
3005 2313 3024 2348 t
3057 2295 3252 2349 Adhuc
3278 2295 3448 2348 tnulta
3483 2295 3576 2348 ha-

1991 2387 2096 2443 beo
2127 2386 2286 2440 vobis
2319 2386 2531 2448 dicere.
2559 2385 2654 2443 sed
2696 2401 2804 2442 non
2835 2386 3062 2455 potestis
3093 2395 3312 2456 portare
3338 2387 3498 2441 modo
3523 2403 3579 2441 τι

1995 2477 2052 2534 Si
2079 2478 2312 2550 apostoli
2379 2480 2955 2550 nondum-poterant,
3005 2479 3179 2536 multo
3248 2479 3432 2535 minus
3482 2495 3580 2534 vos

1995 2572 2255 2644 potestis,
2287 2572 2414 2642 quia
2440 2571 2580 2628 forte
2616 2572 2697 2629 sic
2727 2574 2883 2629 multi
2918 2584 3148 2645 possunt
3185 2573 3399 2638 audire,
3432 2573 3592 2643 quotL

1994 2674 2124 2723 tunc
2146 2665 2387 2740 nondum
2414 2674 2635 2736 poterat
2677 2668 2902 2730 Petrus,
2951 2666 3094 2722 sicut
3160 2666 3315 2722 multi
3348 2679 3592 2739 possunt.

1996 2758 2263 2830 martyrio
2330 2758 2609 2824 coronari,
2670 2757 3004 2830 quod-tunc
3059 2759 3299 2814 nondum
3367 2768 3580 2829 poterat

1995 2847 2239 2912 Petrus:
2274 2850 2581 2919 praesertim
2616 2850 2730 2919 jam
2766 2849 2938 2905 misso
2961 2849 3179 2920 ,Spiritu
3217 2858 3436 2915 saneto,
3485 2850 3576 2918 qui

1995 2941 2394 2996 tuncnondum
2424 2949 2548 2997 erat
2573 2941 2797 3006 missus,
2836 2941 2904 2996 de
2924 2953 3036 3012 quo
3057 2942 3321 2998 continuo
3347 2941 3580 3008 sul)qu-

1995 3033 2095 3104 git,
2130 3043 2296 3106 atque
2320 3033 2444 3090 ait:
2490 3031 2658 3089 «Cum
2717 3043 2899 3090 autem
2956 3032 3169 3091 venerit
3197 3033 3290 3089 ille
3338 3032 3590 3104 Spiritus

1999 3213 2136 3279 ζειν.
2172 3217 2220 3268 εί
2251 3214 2409 3284 κάγὼ
2438 3213 2696 3279 τοσοῦτος
2725 3209 2816 3287 ἦν,
2845 3215 2894 3269 εί
2924 3214 3056 3287 παρ’
3086 3214 3238 3285 ἐμοῦ·
3257 3212 3325 3269 τά
3346 3214 3446 3284 τὴν
3467 3213 3585 3266 διά-

2000 3327 2152 3363 νοιαν
2183 3307 2589 3378 ὑπερϐαίνοντα
2614 3306 2716 3374 τὴν
2744 3307 3020 3382 ὑμετέραν
3050 3307 3306 3378 ἠκούετε.
3342 3305 3590 3359 Δυνατὶν.

1998 3399 2097 3472 μὲν
2127 3395 2223 3454 οῦν
2251 3401 2309 3453 ἐν
2339 3399 2470 3470 ὑμῖν
2503 3393 2647 3453 εἶναί
2674 3416 2830 3463 τινας
2863 3399 3083 3462 ἱκανοὺς
3118 3399 3319 3468 μᾶλλον
3345 3398 3452 3451 τῶν
3486 3397 3586 3450 ἄ).-

1994 3495 2103 3551 λων
2134 3493 2273 3566 πρὸς
2308 3493 2602 3567 ὑποδοχὴν,
2629 3494 2678 3547 εἰ
2704 3492 2800 3546 καὶ
2827 3492 2902 3563 μὴ
2934 3493 3430 3555 πάντωνέκείνων,
3457 3491 3586 3554 περὶ

1996 3581 2070 3640 ῶν
2101 3585 2287 3654 ἔλεγεν
2316 3587 2344 3640 6
2379 3584 2700 3650 διδάσκαλος
2726 3585 2824 3639 καῖ¹
2855 3584 3010 3651 Θεὸς,
3041 3602 3084 3642 ι,
3109 3586 3234 3639 ’Ἔτι
3267 3585 3440 3640 πολλὰ
3477 3583 3588 3654 ἔχω

1993 3676 2176 3744 λέγειν
2203 3677 2356 3747 ὑμῖν,
2407 3694 2427 3729 ι
2463 3677 2616 3748 ὅμως
2647 3675 2815 3730 τινῶν
2871 3675 2932 3741 ἐξ
2983 3675 3235 3730 ἐκείνων.
3267 3677 3430 3730 Ἀλλὰ
3464 3677 3588 3730 τίνα

1996 3769 2069 3824 ἀν’
2092 3767 2205 3824 εἷεν
2241 3771 2426 3824 ἐκεῖνα
2455 3770 2585 3840 περὶ
2614 3762 2691 3823 ὧν
2720 3771 2928 3833 ἐκεῖνος
2958 3769 3320 3841 mixtionem,
3349 3768 3589 3838 αὔθαδες

1995 3863 2202 3933 τολμᾷν
2258 3863 2440 3930 λέγειν
2492 3863 2814 3933 ἐπιχειρεῖν.
2869 3863 2981 3916 Καὶ
3033 3862 3145 3931 γὰρ
3180 3862 3446 3933 καὶπρὸς
3489 3864 3584 3918 τὸν

1997 3955 2139 4024 ὑπὲρ
2178 3954 2420 4024 Χριστοῦ
2477 3953 2714 4009 θάνατον
2766 3949 3139 4026 οῦποτ⁹εῆσαν
3187 3955 3239 4010 oi
3293 3955 3593 4010 ἀπόστολοι

2000 4047 2198 4113 ἱκανοὶ,
2252 4041 2333 4108 οἷς
2383 4035 2594 4115 ἔλεγεν,
2627 4063 2646 4098 t
2692 4045 2768 4100 Οὑ
2819 4045 3051 4101 δύνασθε
3103 4063 3196 4116 μοι
3230 4046 3325 4102 νῦν
3359 4046 3589 4102 ἀκολου.-

1999 4139 2180 4207 θῆσαι.
2222 4158 2241 4191 ι
2280 4138 2388 4192 Καὶ
2417 4139 2444 4192 ὃ
2475 4155 2538 4208 γε
2570 4138 2791 4210 πρῶτος
2820 4138 3003 4193 αὑτῶν
3031 4139 3262 4211 Πέτρος,
3294 4140 3354 4206 ὃς
3385 4140 3587 4203 ίκανῶς

1997 4228 2136 4300 ᾤετο
2175 4230 2313 4302 πρὸς
2341 4229 2499 4283 τοῦτο
2530 4229 3004 4301 παρεσκευάσθαι,
3032 4230 3226 4302 ἐτέρου
3251 4230 3586 4303 πεπείραται

2000 4325 2147 4394 ειπερ
2175 4323 2331 4394 ῷετο.
2376 4322 2519 4383 Ἀλλῗ
2550 4324 2700 4394 ὅμως
2733 4323 2966 4395 ὕστερον
2993 4324 3091 4378 καὶ
3119 4323 3336 4396 ἄνδρες,
3365 4323 3461 4378 καὶ
3487 4329 3601 4392 γυ-’

2000 4419 2212 4481 ναῖκες,
2243 4418 2338 4470 καὶ
2377 4416 2592 4484 παῖδες,
2628 4417 2724 4471 καὶ
2750 4417 3034 4489 μείρακες,
3059 4419 3153 4470 καὶ
3179 4417 3463 4488 παρθένοι,
3495 4419 3592 4471 καὶ

2002 4512 2113 4564 νέοι
2154 4510 2248 4566 καὶ
2283 4508 2654 4580 πρεσϐύτεροι
2703 4508 2846 4580 μετά
2892 4509 3196 4580 νεωτέρων,
3224 4509 3590 4579 ἀναρίθμητοι

2002 4603 2171 4674 δῆμοι
2203 4602 2348 4672 ὺπέρ
2379 4601 2547 4655 αὑτοῦ
2591 4603 3001 4672 μαρτυροῦντες
3031 4598 3430 4668 ἐστεφανοῦντο
3457 4617 3470 4630 ο
3496 4601 3592 4654 καὶ

315 4700 394 4773 μὴ
425 4705 525 4755 σὺν
553 4699 632 4771 τῷ
683 4699 912 4771 ἀρχοντι
961 4695 1061 4762 τοῦ
1115 4697 1324 4766 κόσμου
1381 4696 1670 4767 κριθῶσιν,
1699 4696 1756 4750 ὃν
1791 4697 1893 4768 ήδη
1929 4701 1979 4760 1)
2009 4698 2151 4765 μετὰ
2171 4697 2342 4751 ταῦτα
2384 4695 2695 4766 εὑρέθησαν
2734 4693 3010 4763 δυνάμενα
3038 4691 3332 4761 βαστάζειν
3360 4692 3429 4745 τὰ
3459 4693 3593 4763 πρό-

313 4796 646 4867 κεκριμένον
704 4790 1003 4864 μιμοῦνται
1031 4806 1045 4821 ⁸
1077 4787 1166 4856 ῐνα
1201 4788 1310 4861 γὰρ
1346 4789 1423 4860 μὴ
1455 4789 1490 4860 ἠ
1542 4789 1756 4861 σκληρά
1790 4789 1899 4844 τῶν

315 4889 526 4959 θνητῶν
575 4884 930 4958 ὑπερηφανία
988 4882 1286 4954 φείσασθαι
1333 4882 1541 4955 ταύτης
1593 4882 1777 4954 οἴηται
1809 4884 1901 4944 τὸν

313 4983 472 5044 Θεὸν,
507 4983 626 5045 ταῖς
653 4979 870 5042 ποιναῖς
904 4976 1015 5038 τῶν
1045 4975 1699 5052 ὑπερηφάνωνάγγέλων
1729 4993 1899 5038 κατα.

317 5074 572 5131 σειὲσθω.

314 5188 410 5240 Ἐκ
436 5185 532 5239 τοῦ
567 5186 678 5254 ιιςν
708 5184 892 5254 λόγου,
924 5183 982 5237 ἐν
1044 5178 1276 5254 ἐκείνοις
1301 5163 1704 5254 τοῖςμασιν
1727 5197 1742 5210 ο
1774 5181 1904 5254 "Et:

385 5250 600 5310 πολλά
629 5250 750 5321 ἔχω
778 5253 984 5321 λέγειν
1005 5252 1171 5320 ὑμῖν,
1209 5251 1350 5305 ἀλλ’
1382 5250 1469 5304 οὔ
1497 5251 1767 5306 δύνασθε
1791 5250 1906 5315 βαέ

383 5326 624 5387 στάζειν
651 5325 804 5394 ἄρτι.
842 5323 952 5380 Καὶ
981 5323 1108 5394 μετ’
1132 5323 1310 5389 ὀλίγα
1336 5337 1351 5351 ο

389 5437 700 5494 Γινιὲισκειν⁴
745 5434 880 5498 ἴσως
926 5433 1268 5503 ἐπιθυμεῖτε,
1320 5432 1464 5501 ειπερ
1517 5432 1567 5492 οἱ
1614 5430 1950 5486 ἀπόστολοι·

317 5529 443 5582 τότε
476 5527 771 5598 βαστάζειν
801 5526 900 5596 οὑχ
931 5523 1035 5579 οἷοί
1061 5543 1122 5580 τε
1146 5521 1307 5596 ἦσαν.
1344 5523 1511 5578 Ἀλλά
1542 5523 1625 5587 τίς
1656 5523 1722 5578 ἂν
1753 5524 1909 5594 ἡμῶν

317 5622 619 5692 τ,λμήσειε
683 5619 890 5673 τούτων
942 5619 1253 5690 χωρητικὸν
1299 5618 1493 5673 ἑαυτὸν
1547 5618 1650 5688 ἤδη
1705 5617 1905 5687 λέγειν,

317 5715 468 5784 ειπερ
495 5717 692 5766 ἐκεῖνοι
726 5694 849 5765 τότέ
889 5712 1182 5780 γινώσκειν
1208 5711 1308 5766 οὑκ
1338 5711 1560 5780 ἴσχυον;
1595 5710 1762 5763 Ὅθεν
1791 5710 1911 5764 οὐδὲ

318 5807 458 5878 παρ’
491 5805 628 5876 ἐμοῦ
659 5805 810 5858 ταῦτ’
835 5805 1130 5874 ἀναμένειν
1164 5804 1582 5875 μαθησομένους
1618 5806 1910 5874 προσήκει,

320 5900 471 5969 ἇπερ
504 5900 635 5964 ἴσως
682 5898 806 5952 οὑδέ
850 5900 980 5968 παρ’
1030 5898 1192 5953 ἄλλου
1228 5898 1503 5967 λεγόμενα
1535 5899 1762 5963 δυνατός
1796 5903 1911 5970 εἰμι

321 5992 609 6060 δέξασθαι.
647 5992 788 6048 Ἀλλ’
820 5991 930 6047 οὐδ’
958 5991 1113 6062 ὑμεῖς
1144 5990 1384 6046 δύναισθ’
1414 5992 1480 6048 ἂν
1506 5991 1681 6048 ταῦτα
1713 5991 1914 6064 βαστά-

2003 4790 2165 4850 ϐατα.
2197 4787 2344 4859 ἅπερ
2388 4789 2478 4842 ὅτε
2527 4785 2680 4839 ταῦτ’
2714 4786 2901 4854 ἐλεγεν
2931 4785 2958 4837 6
2995 4783 3191 4853 Σωτὴρ
3225 4781 3514 4852 βαστάζειν
3541 4785 3590 4836 οἱ

2003 4882 2266 4952 ποιμένες
2298 4881 2396 4950 οὑχ
2427 4874 2531 4932 οἷοί
2584 4895 2644 4930 τε
2674 4872 2838 4949 ἦσαν.
2869 4871 3018 4946 Ἀρα
3058 4875 3241 4931 τοίνυν
3275 4873 3446 4944 ἐχρῆν
3477 4877 3591 4938 τοῖς

2007 4974 2306 5046 προϐάτοις
2339 4971 2571 5034 ἐκείνοις
2607 4968 2866 5042 ῥηθῆναι,
2905 4965 3298 5037 ἐπηρτημένου
3331 4964 3428 5018 τοῦ
3468 4983 3592 5019 πει-

2009 5067 2241 5141 ρασμοῦ.
2260 5069 2317 5120 ἐν
2341 5059 2499 5136 ’ᾧπερ
2531 5065 2639 5121 ἔδει
2677 5062 2842 5136 μέχρι
2865 5061 3100 5116 θανάτου
3119 5060 3255 5129 πρὸς
3283 5058 3384 5128 τὴν
3415 5059 3594 5131 ἀμαρ-

2005 5162 2140 5219 τίαν.
2162 5161 2305 5232 ὑπὲρ
2339 5161 2438 5233 τῆς
2471 5158 2736 5226 ἀληθείας
2791 5153 3288 5212 ἀντικαθίστασθαι
3325 5154 3419 5207 καὶ
3452 5153 3594 5225 ὑπὲρ

2005 5253 2101 5306 τοῦ
2130 5253 2398 5322 ὀνόματος
2429 5250 2520 5305 τοῦ
2547 5246 2812 5321 Χριστοῦ,
2835 5247 2930 5302 καὶ
2962 5246 3065 5315 τῆς
3097 5244 3310 5298 ἐκείνου
3339 5244 3598 5298 διδασκα-

2007 5346 2128 5410 λίας
2175 5345 2236 5399 τὸ
2282 5341 2423 5416 αἷμα
2477 5342 2769 5414 προΐεσθαι
2795 5358 2812 5410 ;
2844 5336 2954 5410 ἆρα
2987 5339 3190 5404 τοίνυν,
3243 5339 3382 5409 ὅπερ
3437 5335 3596 5406 ἔφην,

2009 5439 2180 5510 ἐχρῆν
2213 5439 2445 5498 ἐκείνοις
2481 5435 2759 5507 εἰρῆσθαι,
2789 5431 2888 5496 Τίς
2934 5431 3092 5502 ὑμῶν
3125 5431 3265 5502 πρὸς
3291 5428 3355 5484 τὸ
3384 5427 3597 5500 μαρτύ-

2014 5548 2129 5602 ριον
2180 5529 2369 5589 ἱκανὸν
2406 5528 2600 5582 ἐαυτὸν
2650 5526 2832 5593 λέγειν
2868 5523 3186 5596 τολμήσειε,
3230 5523 3370 5594 πρὸς
3401 5522 3600 5594 δωρό-

2010 5641 2169 5693 τερον
2202 5624 2231 5676 6
2279 5622 2484 5693 Πέτρος
2519 5620 2620 5674 οὑκ
2666 5619 2850 5692 ἤρκει.
2883 5618 2974 5671 ὅτε
3024 5618 3201 5687 στόμα
3235 5617 3373 5690 πρὶς
3421 5618 3600 5688 στόμα

2013 5718 2178 5772 αὑτὶν
2203 5717 2231 5768 6
2261 5714 2463 5786 Κύριος
2500 5715 2757 5786 ἧλειφεν;
2794 5711 3082 5782 Οὐδαμῶς.
3119 5711 3276 5766 Οῦτω
3297 5709 3475 5765 τοίνυν
3507 5711 3604 5764 καὶ

2015 5809 2113 5862 νῦν
2143 5807 2290 5863 εἴποι
2319 5825 2401 5870 τις
2437 5807 2526 5868 ἂν,
2559 5805 2634 5876 μὴ
2681 5805 2796 5858 δεῖν
2830 5807 2944 5867 τοῖς
2974 5802 3082 5856 τῶν
3127 5804 3480 5874 Χριστιανῶν
3507 5803 3603 5856 λέν

2016 5900 2210 5969 γεοθαι
2257 5900 2452 5971 δήμοις
2499 5895 2869 5969 ἐπιθυμοῦσιν
2908 5895 3166 5959 ἀκοῦσαι,
3196 5896 3316 5949 τίνα
3353 5889 3442 5965 ἦν,
3477 5895 3606 5963 περὶ

2017 5989 2093 6054 ὧν
2123 5995 2150 6048 6
2179 5993 2387 6066 Κύριος
2417 5992 2572 6062 ἔλεγε
2619 5992 2764 6058 τότε,
2795 6008 2813 6043 ‹
2861 5989 3041 6047 Πολλὰ
3090 5990 3199 6062 ἔχω
3233 5990 3417 6060 λέγειν
3451 5987 3602 6058 ὑμῖν,
