  <div class='ocr_page' id='page_1' title='image "/cluster/home/n/w/nwhite01/storage/ocr_20150623/147:no.3/coo.31924054870526/585.png"; bbox 0 0 4066 6526; ppageno 0'>
   <div class='ocr_carea' id='block_1_1' title="bbox 413 453 597 573">
    <p class='ocr_par' dir='ltr' id='par_1_1' title="bbox 413 453 597 573">
     <span class='ocr_line' id='line_1_1' title="bbox 413 453 597 573; baseline -0.027 -24"><span class='ocrx_word' id='word_1_1' title='bbox 413 453 597 573; x_wconf 43' lang='lat' dir='ltr'><strong>tiu,</strong></span> 
     </span>
    </p>
   </div>
   <div class='ocr_carea' id='block_1_2' title="bbox 1275 447 2765 553">
    <p class='ocr_par' dir='ltr' id='par_1_2' title="bbox 1275 447 2765 553">
     <span class='ocr_line' id='line_1_2' title="bbox 1275 447 2765 553; baseline 0.002 -6"><span class='ocrx_word' id='word_1_2' title='bbox 1275 447 1597 549; x_wconf 75' lang='lat' dir='ltr'><strong>tNCEtt&#39;rt</strong></span> <span class='ocrx_word' id='word_1_3' title='bbox 1641 484 1742 547; x_wconf 84' lang='lat' dir='ltr'><strong>EX</strong></span> <span class='ocrx_word' id='word_1_4' title='bbox 1781 485 2230 549; x_wconf 80' lang='lat' dir='ltr'><strong>AUGUSTINO</strong></span> <span class='ocrx_word' id='word_1_5' title='bbox 2277 490 2363 552; x_wconf 72' lang='lat' dir='ltr'><strong>uv-</strong></span> <span class='ocrx_word' id='word_1_6' title='bbox 2395 490 2765 553; x_wconf 60' lang='lat' dir='ltr'><strong>manum</strong></span> 
     </span>
    </p>
   </div>
   <div class='ocr_carea' id='block_1_3' title="bbox 3542 481 3689 545">
    <p class='ocr_par' dir='ltr' id='par_1_3' title="bbox 3542 481 3689 545">
     <span class='ocr_line' id='line_1_3' title="bbox 3542 481 3689 545; baseline -0.014 0"><span class='ocrx_word' id='word_1_7' title='bbox 3542 481 3689 545; x_wconf 53' lang='grc' dir='ltr'><strong>Μ’ίῆ</strong></span> 
     </span>
    </p>
   </div>
   <div class='ocr_carea' id='block_1_4' title="bbox 410 597 3691 672">
    <p class='ocr_par' dir='ltr' id='par_1_4' title="bbox 410 597 3691 672">
     <span class='ocr_line' id='line_1_4' title="bbox 410 597 3691 672; baseline -0.003 -12"><span class='ocrx_word' id='word_1_8' title='bbox 410 604 489 660; x_wconf 73' lang='lat' dir='ltr'><strong>Et:</strong></span> <span class='ocrx_word' id='word_1_9' title='bbox 516 601 779 656; x_wconf 74' lang='lat' dir='ltr'><strong>Tractalu</strong></span> <span class='ocrx_word' id='word_1_10' title='bbox 802 598 990 662; x_wconf 75' lang='lat' dir='ltr'><strong>XCIX.</strong></span> <span class='ocrx_word' id='word_1_11' title='bbox 1020 602 1317 667; x_wconf 80' lang='lat' dir='ltr'><strong>superillis</strong></span> <span class='ocrx_word' id='word_1_12' title='bbox 1345 605 1564 672; x_wconf 78' lang='lat' dir='ltr'><strong>verbis;</strong></span> <span class='ocrx_word' id='word_1_13' title='bbox 1594 602 1714 658; x_wconf 87' lang='lat' dir='ltr'><strong>Non</strong></span> <span class='ocrx_word' id='word_1_14' title='bbox 1752 606 1891 657; x_wconf 79' lang='lat' dir='ltr'><strong>enim</strong></span> <span class='ocrx_word' id='word_1_15' title='bbox 1920 603 1999 657; x_wconf 85' lang='grc' dir='ltr'><strong>ιο-</strong></span> <span class='ocrx_word' id='word_1_16' title='bbox 2031 609 2074 667; x_wconf 79' lang='grc' dir='ltr'><strong>Α</strong></span> <span class='ocrx_word' id='word_1_17' title='bbox 2102 620 2198 662; x_wconf 89' lang='lat' dir='ltr'><strong>ore</strong></span> <span class='ocrx_word' id='word_1_18' title='bbox 2226 622 2326 662; x_wconf 90' lang='lat' dir='ltr'><strong>suo</strong></span> <span class='ocrx_word' id='word_1_19' title='bbox 2362 624 2378 672; x_wconf 89' lang='lat'><strong>;</strong></span> <span class='ocrx_word' id='word_1_20' title='bbox 2409 614 2466 662; x_wconf 88' lang='lat' dir='ltr'><strong>et</strong></span> <span class='ocrx_word' id='word_1_21' title='bbox 2521 606 2684 662; x_wconf 82' lang='lat' dir='ltr'><strong>Jesus</strong></span> <span class='ocrx_word' id='word_1_22' title='bbox 2738 602 2995 660; x_wconf 86' lang='lat' dir='ltr'><strong>Christus</strong></span> <span class='ocrx_word' id='word_1_23' title='bbox 3051 601 3183 656; x_wconf 89' lang='lat' dir='ltr'><strong>dicit</strong></span> <span class='ocrx_word' id='word_1_24' title='bbox 3221 618 3235 655; x_wconf 92' lang='lat'>:</span> <span class='ocrx_word' id='word_1_25' title='bbox 3269 617 3286 652; x_wconf 86' lang='grc' dir='ltr'><strong>ι</strong></span> <span class='ocrx_word' id='word_1_26' title='bbox 3322 597 3469 654; x_wconf 85' lang='lat' dir='ltr'><strong>Meus</strong></span> <span class='ocrx_word' id='word_1_27' title='bbox 3521 598 3691 653; x_wconf 83' lang='lat' dir='ltr'><strong>cibus_</strong></span> 
     </span>
    </p>
   </div>
   <div class='ocr_carea' id='block_1_5' title="bbox 471 670 1990 746">
    <p class='ocr_par' dir='ltr' id='par_1_5' title="bbox 471 670 1990 746">
     <span class='ocr_line' id='line_1_5' title="bbox 471 670 1990 746; baseline 0 -18"><span class='ocrx_word' id='word_1_28' title='bbox 471 683 717 746; x_wconf 67' lang='lat' dir='ltr'><strong>queturn</strong></span> <span class='ocrx_word' id='word_1_29' title='bbox 734 674 1034 746; x_wconf 71' lang='lat' dir='ltr'><strong>semetipso.</strong></span> <span class='ocrx_word' id='word_1_30' title='bbox 1063 673 1155 746; x_wconf 67' lang='lat' dir='ltr'><strong>sed</strong></span> <span class='ocrx_word' id='word_1_31' title='bbox 1186 690 1510 746; x_wconf 71' lang='lat' dir='ltr'><strong>quozcunque</strong></span> <span class='ocrx_word' id='word_1_32' title='bbox 1529 670 1709 730; x_wconf 77' lang='lat' dir='ltr'><strong>dudiet</strong></span> <span class='ocrx_word' id='word_1_33' title='bbox 1731 673 1990 746; x_wconf 74' lang='lat' dir='ltr'><strong>loquetur.</strong></span> 
     </span>
    </p>
   </div>
   <div class='ocr_carea' id='block_1_6' title="bbox 470 743 1539 813">
    <p class='ocr_par' dir='ltr' id='par_1_6' title="bbox 470 743 1539 813">
     <span class='ocr_line' id='line_1_6' title="bbox 470 743 1539 813; baseline -0.001 -12"><span class='ocrx_word' id='word_1_34' title='bbox 470 743 543 801; x_wconf 82' lang='lat' dir='ltr'><strong>de</strong></span> <span class='ocrx_word' id='word_1_35' title='bbox 577 743 778 813; x_wconf 84' lang='lat' dir='ltr'><strong>quibus</strong></span> <span class='ocrx_word' id='word_1_36' title='bbox 808 744 954 798; x_wconf 87' lang='lat' dir='ltr'><strong>circa</strong></span> <span class='ocrx_word' id='word_1_37' title='bbox 990 744 1228 800; x_wconf 89' lang='lat' dir='ltr'><strong>medium</strong></span> <span class='ocrx_word' id='word_1_38' title='bbox 1263 745 1380 802; x_wconf 65' lang='lat' dir='ltr'><strong>haec</strong></span> <span class='ocrx_word' id='word_1_39' title='bbox 1419 743 1539 801; x_wconf 82' lang='lat' dir='ltr'><strong>ait:</strong></span> 
     </span>
    </p>
   </div>
   <div class='ocr_carea' id='block_1_7' title="bbox 475 879 1997 952">
    <p class='ocr_par' dir='ltr' id='par_1_7' title="bbox 475 879 1997 952">
     <span class='ocr_line' id='line_1_7' title="bbox 475 879 1997 952; baseline -0.001 -15"><span class='ocrx_word' id='word_1_40' title='bbox 475 881 616 937; x_wconf 83' lang='lat' dir='ltr'><strong>Cum</strong></span> <span class='ocrx_word' id='word_1_41' title='bbox 652 881 819 952; x_wconf 83' lang='lat' dir='ltr'><strong>igitur</strong></span> <span class='ocrx_word' id='word_1_42' title='bbox 843 879 1087 951; x_wconf 74' lang='lat' dir='ltr'><strong>Spiritus</strong></span> <span class='ocrx_word' id='word_1_43' title='bbox 1148 889 1372 936; x_wconf 75' lang='lat' dir='ltr'><strong>sanctus</strong></span> <span class='ocrx_word' id='word_1_44' title='bbox 1434 880 1585 936; x_wconf 89' lang='lat' dir='ltr'><strong>nulla</strong></span> <span class='ocrx_word' id='word_1_45' title='bbox 1642 880 1997 949; x_wconf 79' lang='lat' dir='ltr'><strong>susceptione</strong></span> 
     </span>
    </p>
   </div>
   <div class='ocr_carea' id='block_1_8' title="bbox 405 971 1993 1042">
    <p class='ocr_par' dir='ltr' id='par_1_8' title="bbox 405 971 1993 1042">
     <span class='ocr_line' id='line_1_8' title="bbox 405 971 1993 1042; baseline 0 -16"><span class='ocrx_word' id='word_1_46' title='bbox 405 973 647 1026; x_wconf 73' lang='lat' dir='ltr'><strong>bominis</strong></span> <span class='ocrx_word' id='word_1_47' title='bbox 673 973 747 1027; x_wconf 80' lang='lat' dir='ltr'><strong>sit</strong></span> <span class='ocrx_word' id='word_1_48' title='bbox 781 973 951 1027; x_wconf 88' lang='lat' dir='ltr'><strong>homo</strong></span> <span class='ocrx_word' id='word_1_49' title='bbox 975 972 1174 1032; x_wconf 82' lang='lat' dir='ltr'><strong>factus,</strong></span> <span class='ocrx_word' id='word_1_50' title='bbox 1228 971 1374 1026; x_wconf 88' lang='lat' dir='ltr'><strong>nulla</strong></span> <span class='ocrx_word' id='word_1_51' title='bbox 1410 971 1763 1042; x_wconf 78' lang='lat' dir='ltr'><strong>susceptione</strong></span> <span class='ocrx_word' id='word_1_52' title='bbox 1815 971 1993 1040; x_wconf 72' lang='lat' dir='ltr'><strong>angeli</strong></span> 
     </span>
    </p>
   </div>
   <div class='ocr_carea' id='block_1_9' title="bbox 406 1063 1998 1135">
    <p class='ocr_par' dir='ltr' id='par_1_9' title="bbox 406 1063 1998 1135">
     <span class='ocr_line' id='line_1_9' title="bbox 406 1063 1998 1135; baseline -0.001 -15"><span class='ocrx_word' id='word_1_53' title='bbox 406 1066 479 1120; x_wconf 91' lang='lat' dir='ltr'><strong>sit</strong></span> <span class='ocrx_word' id='word_1_54' title='bbox 517 1065 749 1135; x_wconf 80' lang='lat' dir='ltr'><strong>angelus</strong></span> <span class='ocrx_word' id='word_1_55' title='bbox 782 1063 987 1130; x_wconf 86' lang='lat' dir='ltr'><strong>factus,</strong></span> <span class='ocrx_word' id='word_1_56' title='bbox 1022 1065 1171 1120; x_wconf 82' lang='lat' dir='ltr'><strong>n-uila</strong></span> <span class='ocrx_word' id='word_1_57' title='bbox 1227 1064 1579 1133; x_wconf 83' lang='lat' dir='ltr'><strong>susceptione</strong></span> <span class='ocrx_word' id='word_1_58' title='bbox 1618 1064 1998 1135; x_wconf 83' lang='lat' dir='ltr'><strong>cujuscunque</strong></span> 
     </span>
    </p>
   </div>
   <div class='ocr_carea' id='block_1_10' title="bbox 405 1156 1999 1228">
    <p class='ocr_par' dir='ltr' id='par_1_10' title="bbox 405 1156 1999 1228">
     <span class='ocr_line' id='line_1_10' title="bbox 405 1156 1999 1228; baseline -0.001 -16"><span class='ocrx_word' id='word_1_59' title='bbox 405 1166 676 1213; x_wconf 70' lang='lat' dir='ltr'><strong>creatum</strong></span> <span class='ocrx_word' id='word_1_60' title='bbox 729 1165 984 1213; x_wconf 75' lang='lat' dir='ltr'><strong>creatura</strong></span> <span class='ocrx_word' id='word_1_61' title='bbox 1004 1157 1075 1213; x_wconf 92' lang='lat' dir='ltr'><strong>sit</strong></span> <span class='ocrx_word' id='word_1_62' title='bbox 1104 1156 1303 1221; x_wconf 71' lang='lat' dir='ltr'><strong>factus,</strong></span> <span class='ocrx_word' id='word_1_63' title='bbox 1330 1157 1607 1228; x_wconf 84' lang='lat' dir='ltr'><strong>quomodo</strong></span> <span class='ocrx_word' id='word_1_64' title='bbox 1627 1158 1694 1212; x_wconf 89' lang='lat' dir='ltr'><strong>de</strong></span> <span class='ocrx_word' id='word_1_65' title='bbox 1722 1157 1816 1211; x_wconf 84' lang='lat' dir='ltr'><strong>illo</strong></span> <span class='ocrx_word' id='word_1_66' title='bbox 1841 1158 1999 1213; x_wconf 83' lang='lat' dir='ltr'><strong>intel-</strong></span> 
     </span>
    </p>
   </div>
   <div class='ocr_carea' id='block_1_11' title="bbox 418 1250 2001 1321">
    <p class='ocr_par' dir='ltr' id='par_1_11' title="bbox 418 1250 2001 1321">
     <span class='ocr_line' id='line_1_11' title="bbox 418 1250 2001 1321; baseline 0.001 -16"><span class='ocrx_word' id='word_1_67' title='bbox 418 1252 696 1320; x_wconf 85' lang='lat' dir='ltr'><strong>ligendum</strong></span> <span class='ocrx_word' id='word_1_68' title='bbox 723 1259 828 1311; x_wconf 89' lang='lat' dir='ltr'><strong>est,</strong></span> <span class='ocrx_word' id='word_1_69' title='bbox 861 1252 1004 1321; x_wconf 80' lang='lat' dir='ltr'><strong>quod</strong></span> <span class='ocrx_word' id='word_1_70' title='bbox 1029 1251 1288 1306; x_wconf 87' lang='lat' dir='ltr'><strong>Dominus</strong></span> <span class='ocrx_word' id='word_1_71' title='bbox 1316 1253 1390 1305; x_wconf 84' lang='lat' dir='ltr'><strong>ait</strong></span> <span class='ocrx_word' id='word_1_72' title='bbox 1422 1269 1468 1305; x_wconf 75' lang='grc' dir='ltr'><strong>ει</strong></span> <span class='ocrx_word' id='word_1_73' title='bbox 1492 1250 1607 1304; x_wconf 81' lang='lat' dir='ltr'><strong>Non</strong></span> <span class='ocrx_word' id='word_1_74' title='bbox 1628 1251 1774 1306; x_wconf 89' lang='lat' dir='ltr'><strong>enim</strong></span> <span class='ocrx_word' id='word_1_75' title='bbox 1805 1251 2001 1320; x_wconf 84' lang='lat' dir='ltr'><strong>loque-</strong></span> 
     </span>
    </p>
   </div>
   <div class='ocr_carea' id='block_1_12' title="bbox 370 1342 1990 1413">
    <p class='ocr_par' dir='ltr' id='par_1_12' title="bbox 370 1342 1990 1413">
     <span class='ocr_line' id='line_1_12' title="bbox 370 1342 1990 1413; baseline 0.001 -18"><span class='ocrx_word' id='word_1_76' title='bbox 370 1392 373 1395; x_wconf 44' lang='grc' dir='ltr'>η</span> <span class='ocrx_word' id='word_1_77' title='bbox 414 1352 507 1400; x_wconf 91' lang='lat' dir='ltr'><strong>tur</strong></span> <span class='ocrx_word' id='word_1_78' title='bbox 535 1360 563 1398; x_wconf 87' lang='lat' dir='ltr'><strong>a</strong></span> <span class='ocrx_word' id='word_1_79' title='bbox 589 1344 908 1411; x_wconf 87' lang='lat' dir='ltr'><strong>semetipso,</strong></span> <span class='ocrx_word' id='word_1_80' title='bbox 930 1342 1025 1397; x_wconf 79' lang='lat' dir='ltr'><strong>sed</strong></span> <span class='ocrx_word' id='word_1_81' title='bbox 1060 1358 1404 1413; x_wconf 73' lang='lat' dir='ltr'><strong>qumonnque</strong></span> <span class='ocrx_word' id='word_1_82' title='bbox 1432 1344 1617 1398; x_wconf 91' lang='lat' dir='ltr'><strong>audiet</strong></span> <span class='ocrx_word' id='word_1_83' title='bbox 1638 1344 1933 1412; x_wconf 82' lang='lat' dir='ltr'><strong>loquetur?</strong></span> <span class='ocrx_word' id='word_1_84' title='bbox 1971 1362 1990 1396; x_wconf 74' lang='grc' dir='ltr'>ι</span> 
     </span>
    </p>
   </div>
   <div class='ocr_carea' id='block_1_13' title="bbox 410 1436 1999 1508">
    <p class='ocr_par' dir='ltr' id='par_1_13' title="bbox 410 1436 1999 1508">
     <span class='ocr_line' id='line_1_13' title="bbox 410 1436 1999 1508; baseline -0.001 -14"><span class='ocrx_word' id='word_1_85' title='bbox 410 1440 598 1494; x_wconf 81' lang='lat' dir='ltr'><strong>Ardua</strong></span> <span class='ocrx_word' id='word_1_86' title='bbox 628 1437 884 1508; x_wconf 83' lang='lat' dir='ltr'><strong>quaestio,</strong></span> <span class='ocrx_word' id='word_1_87' title='bbox 914 1438 1080 1493; x_wconf 86' lang='lat' dir='ltr'><strong>nimis</strong></span> <span class='ocrx_word' id='word_1_88' title='bbox 1111 1437 1308 1492; x_wconf 88' lang='lat' dir='ltr'><strong>ardua.</strong></span> <span class='ocrx_word' id='word_1_89' title='bbox 1349 1436 1473 1508; x_wconf 86' lang='lat' dir='ltr'><strong>Ipse</strong></span> <span class='ocrx_word' id='word_1_90' title='bbox 1528 1438 1676 1492; x_wconf 86' lang='lat' dir='ltr'><strong>adsit</strong></span> <span class='ocrx_word' id='word_1_91' title='bbox 1734 1436 1999 1508; x_wconf 85' lang='lat' dir='ltr'><strong>Spiritus.</strong></span> 
     </span>
    </p>
   </div>
   <div class='ocr_carea' id='block_1_14' title="bbox 416 1527 1999 1600">
    <p class='ocr_par' dir='ltr' id='par_1_14' title="bbox 416 1527 1999 1600">
     <span class='ocr_line' id='line_1_14' title="bbox 416 1527 1999 1600; baseline -0.001 -17"><span class='ocrx_word' id='word_1_92' title='bbox 416 1538 474 1583; x_wconf 90' lang='lat' dir='ltr'><strong>ut</strong></span> <span class='ocrx_word' id='word_1_93' title='bbox 505 1529 724 1593; x_wconf 89' lang='lat' dir='ltr'><strong>saltem,</strong></span> <span class='ocrx_word' id='word_1_94' title='bbox 756 1529 900 1583; x_wconf 84' lang='lat' dir='ltr'><strong>sicut</strong></span> <span class='ocrx_word' id='word_1_95' title='bbox 923 1543 1044 1583; x_wconf 89' lang='lat' dir='ltr'><strong>eam</strong></span> <span class='ocrx_word' id='word_1_96' title='bbox 1081 1529 1325 1600; x_wconf 81' lang='lat' dir='ltr'><strong>cogitare</strong></span> <span class='ocrx_word' id='word_1_97' title='bbox 1360 1543 1676 1596; x_wconf 86' lang='lat' dir='ltr'><strong>possumus,</strong></span> <span class='ocrx_word' id='word_1_98' title='bbox 1714 1529 1793 1584; x_wconf 87' lang='lat' dir='ltr'><strong>sie</strong></span> <span class='ocrx_word' id='word_1_99' title='bbox 1817 1527 1999 1595; x_wconf 83' lang='lat' dir='ltr'><strong>eloqui</strong></span> 
     </span>
    </p>
   </div>
   <div class='ocr_carea' id='block_1_15' title="bbox 413 1603 2002 1693">
    <p class='ocr_par' dir='ltr' id='par_1_15' title="bbox 413 1603 2002 1693">
     <span class='ocr_line' id='line_1_15' title="bbox 413 1603 2002 1693; baseline 0.001 -18"><span class='ocrx_word' id='word_1_100' title='bbox 413 1623 711 1692; x_wconf 86' lang='lat' dir='ltr'><strong>possimus.</strong></span> <span class='ocrx_word' id='word_1_101' title='bbox 748 1635 814 1675; x_wconf 90' lang='lat' dir='ltr'><strong>ac</strong></span> <span class='ocrx_word' id='word_1_102' title='bbox 846 1621 927 1677; x_wconf 91' lang='lat' dir='ltr'><strong>sic</strong></span> <span class='ocrx_word' id='word_1_103' title='bbox 989 1622 1056 1676; x_wconf 89' lang='lat' dir='ltr'><strong>ad</strong></span> <span class='ocrx_word' id='word_1_104' title='bbox 1118 1603 1540 1691; x_wconf 80' lang='lat' dir='ltr'><strong>intelligentiam</strong></span> <span class='ocrx_word' id='word_1_105' title='bbox 1592 1629 1835 1677; x_wconf 81' lang='lat' dir='ltr'><strong>vestram</strong></span> <span class='ocrx_word' id='word_1_106' title='bbox 1902 1636 2002 1693; x_wconf 91' lang='lat' dir='ltr'><strong>pro</strong></span> 
     </span>
    </p>
   </div>
   <div class='ocr_carea' id='block_1_16' title="bbox 417 1711 2003 1785">
    <p class='ocr_par' dir='ltr' id='par_1_16' title="bbox 417 1711 2003 1785">
     <span class='ocr_line' id='line_1_16' title="bbox 417 1711 2003 1785; baseline 0.003 -19"><span class='ocrx_word' id='word_1_107' title='bbox 417 1712 519 1767; x_wconf 87' lang='lat' dir='ltr'><strong>mei</strong></span> <span class='ocrx_word' id='word_1_108' title='bbox 552 1712 758 1768; x_wconf 89' lang='lat' dir='ltr'><strong>moduli</strong></span> <span class='ocrx_word' id='word_1_109' title='bbox 789 1711 1055 1768; x_wconf 80' lang='lat' dir='ltr'><strong>facultate</strong></span> <span class='ocrx_word' id='word_1_110' title='bbox 1071 1713 1406 1783; x_wconf 78' lang='lat' dir='ltr'><strong>perveniam.</strong></span> <span class='ocrx_word' id='word_1_111' title='bbox 1427 1711 1805 1785; x_wconf 85' lang='lat' dir='ltr'><strong>Priusitaque</strong></span> <span class='ocrx_word' id='word_1_112' title='bbox 1839 1729 2003 1771; x_wconf 90' lang='lat' dir='ltr'><strong>nosse</strong></span> 
     </span>
    </p>
   </div>
   <div class='ocr_carea' id='block_1_17' title="bbox 416 1807 2005 1878">
    <p class='ocr_par' dir='ltr' id='par_1_17' title="bbox 416 1807 2005 1878">
     <span class='ocr_line' id='line_1_17' title="bbox 416 1807 2005 1878; baseline 0.001 -16"><span class='ocrx_word' id='word_1_113' title='bbox 416 1807 648 1874; x_wconf 72' lang='lat' dir='ltr'><strong>(lubt-tis,</strong></span> <span class='ocrx_word' id='word_1_114' title='bbox 679 1816 731 1863; x_wconf 86' lang='lat' dir='ltr'><strong>et</strong></span> <span class='ocrx_word' id='word_1_115' title='bbox 756 1807 1057 1875; x_wconf 72' lang='lat' dir='ltr'><strong>intelligere</strong></span> <span class='ocrx_word' id='word_1_116' title='bbox 1099 1807 1252 1877; x_wconf 76' lang='lat' dir='ltr'><strong>quod</strong></span> <span class='ocrx_word' id='word_1_117' title='bbox 1278 1808 1527 1878; x_wconf 83' lang='lat' dir='ltr'><strong>potestis,</strong></span> <span class='ocrx_word' id='word_1_118' title='bbox 1558 1811 1785 1864; x_wconf 88' lang='lat' dir='ltr'><strong>credere</strong></span> <span class='ocrx_word' id='word_1_119' title='bbox 1817 1808 2005 1864; x_wconf 80' lang='lat' dir='ltr'><strong>autem</strong></span> 
     </span>
    </p>
   </div>
   <div class='ocr_carea' id='block_1_18' title="bbox 416 1896 2001 1972">
    <p class='ocr_par' dir='ltr' id='par_1_18' title="bbox 416 1896 2001 1972">
     <span class='ocr_line' id='line_1_18' title="bbox 416 1896 2001 1972; baseline 0.004 -25"><span class='ocrx_word' id='word_1_120' title='bbox 416 1896 562 1966; x_wconf 88' lang='lat' dir='ltr'><strong>quod</strong></span> <span class='ocrx_word' id='word_1_121' title='bbox 595 1897 896 1967; x_wconf 80' lang='lat' dir='ltr'><strong>intelligere</strong></span> <span class='ocrx_word' id='word_1_122' title='bbox 927 1897 1171 1952; x_wconf 87' lang='lat' dir='ltr'><strong>nondum</strong></span> <span class='ocrx_word' id='word_1_123' title='bbox 1205 1900 1458 1972; x_wconf 82' lang='lat' dir='ltr'><strong>potestis,</strong></span> <span class='ocrx_word' id='word_1_124' title='bbox 1489 1899 1541 1954; x_wconf 92' lang='lat' dir='ltr'><strong>in</strong></span> <span class='ocrx_word' id='word_1_125' title='bbox 1574 1914 1637 1954; x_wconf 90' lang='lat' dir='ltr'><strong>ea</strong></span> <span class='ocrx_word' id='word_1_126' title='bbox 1672 1900 2001 1965; x_wconf 83' lang='lat' dir='ltr'><strong>substantia,</strong></span> 
     </span>
    </p>
   </div>
   <div class='ocr_carea' id='block_1_19' title="bbox 416 1988 2003 2062">
    <p class='ocr_par' dir='ltr' id='par_1_19' title="bbox 416 1988 2003 2062">
     <span class='ocr_line' id='line_1_19' title="bbox 416 1988 2003 2062; baseline 0 -18"><span class='ocrx_word' id='word_1_127' title='bbox 416 2005 539 2058; x_wconf 66' lang='lat' dir='ltr'><strong>quae</strong></span> <span class='ocrx_word' id='word_1_128' title='bbox 590 1988 732 2045; x_wconf 87' lang='lat' dir='ltr'><strong>Deus</strong></span> <span class='ocrx_word' id='word_1_129' title='bbox 792 1999 900 2047; x_wconf 86' lang='lat' dir='ltr'><strong>est.</strong></span> <span class='ocrx_word' id='word_1_130' title='bbox 956 2006 1064 2045; x_wconf 90' lang='lat' dir='ltr'><strong>non</strong></span> <span class='ocrx_word' id='word_1_131' title='bbox 1137 1991 1297 2060; x_wconf 87' lang='lat' dir='ltr'><strong>quasi</strong></span> <span class='ocrx_word' id='word_1_132' title='bbox 1355 2007 1455 2062; x_wconf 86' lang='lat' dir='ltr'><strong>per</strong></span> <span class='ocrx_word' id='word_1_133' title='bbox 1507 1991 1754 2060; x_wconf 77' lang='lat' dir='ltr'><strong>corporis</strong></span> <span class='ocrx_word' id='word_1_134' title='bbox 1807 1991 2003 2046; x_wconf 89' lang='lat' dir='ltr'><strong>molem</strong></span> 
     </span>
    </p>
   </div>
   <div class='ocr_carea' id='block_1_20' title="bbox 417 2083 2005 2154">
    <p class='ocr_par' dir='ltr' id='par_1_20' title="bbox 417 2083 2005 2154">
     <span class='ocr_line' id='line_1_20' title="bbox 417 2083 2005 2154; baseline 0.002 -17"><span class='ocrx_word' id='word_1_135' title='bbox 417 2096 620 2138; x_wconf 87' lang='lat' dir='ltr'><strong>sensus</strong></span> <span class='ocrx_word' id='word_1_136' title='bbox 670 2083 805 2139; x_wconf 81' lang='lat' dir='ltr'><strong>locis</strong></span> <span class='ocrx_word' id='word_1_137' title='bbox 840 2084 1079 2154; x_wconf 84' lang='lat' dir='ltr'><strong>propriis</strong></span> <span class='ocrx_word' id='word_1_138' title='bbox 1141 2084 1490 2152; x_wconf 87' lang='lat' dir='ltr'><strong>distributos,</strong></span> <span class='ocrx_word' id='word_1_139' title='bbox 1524 2085 1667 2140; x_wconf 85' lang='lat' dir='ltr'><strong>sicut</strong></span> <span class='ocrx_word' id='word_1_140' title='bbox 1727 2086 1782 2140; x_wconf 91' lang='lat' dir='ltr'><strong>in</strong></span> <span class='ocrx_word' id='word_1_141' title='bbox 1838 2101 2005 2141; x_wconf 86' lang='lat' dir='ltr'><strong>carne</strong></span> 
     </span>
    </p>
   </div>
   <div class='ocr_carea' id='block_1_21' title="bbox 419 2175 2004 2242">
    <p class='ocr_par' dir='ltr' id='par_1_21' title="bbox 419 2175 2004 2242">
     <span class='ocr_line' id='line_1_21' title="bbox 419 2175 2004 2242; baseline 0.003 -14"><span class='ocrx_word' id='word_1_142' title='bbox 419 2175 634 2231; x_wconf 81' lang='lat' dir='ltr'><strong>mortali</strong></span> <span class='ocrx_word' id='word_1_143' title='bbox 694 2177 1019 2232; x_wconf 84' lang='lat' dir='ltr'><strong>animalium</strong></span> <span class='ocrx_word' id='word_1_144' title='bbox 1086 2177 1217 2231; x_wconf 85' lang='lat' dir='ltr'><strong>alibi</strong></span> <span class='ocrx_word' id='word_1_145' title='bbox 1282 2188 1366 2231; x_wconf 87' lang='lat' dir='ltr'><strong>est</strong></span> <span class='ocrx_word' id='word_1_146' title='bbox 1447 2177 1801 2242; x_wconf 77' lang='lat' dir='ltr'><strong>visus.&#39;alibi</strong></span> <span class='ocrx_word' id='word_1_147' title='bbox 1845 2178 2004 2233; x_wconf 88' lang='lat' dir='ltr'><strong>audi-</strong></span> 
     </span>
    </p>
   </div>
   <div class='ocr_carea' id='block_1_22' title="bbox 418 2268 2008 2339">
    <p class='ocr_par' dir='ltr' id='par_1_22' title="bbox 418 2268 2008 2339">
     <span class='ocr_line' id='line_1_22' title="bbox 418 2268 2008 2339; baseline 0.001 -16"><span class='ocrx_word' id='word_1_148' title='bbox 418 2278 529 2331; x_wconf 89' lang='lat' dir='ltr'><strong>tus,</strong></span> <span class='ocrx_word' id='word_1_149' title='bbox 595 2268 720 2324; x_wconf 84' lang='lat' dir='ltr'><strong>alibi</strong></span> <span class='ocrx_word' id='word_1_150' title='bbox 776 2280 993 2339; x_wconf 81' lang='lat' dir='ltr'><strong>gusms,</strong></span> <span class='ocrx_word' id='word_1_151' title='bbox 1054 2271 1183 2325; x_wconf 86' lang='lat' dir='ltr'><strong>alibi</strong></span> <span class='ocrx_word' id='word_1_152' title='bbox 1217 2269 1475 2332; x_wconf 85' lang='lat' dir='ltr'><strong>olfactus,</strong></span> <span class='ocrx_word' id='word_1_153' title='bbox 1535 2286 1632 2339; x_wconf 81' lang='lat' dir='ltr'><strong>per</strong></span> <span class='ocrx_word' id='word_1_154' title='bbox 1681 2279 1853 2325; x_wconf 88' lang='lat' dir='ltr'><strong>tot-um</strong></span> <span class='ocrx_word' id='word_1_155' title='bbox 1913 2286 2008 2325; x_wconf 88' lang='lat' dir='ltr'><strong>au-</strong></span> 
     </span>
    </p>
   </div>
   <div class='ocr_carea' id='block_1_23' title="bbox 418 2361 2016 2430">
    <p class='ocr_par' dir='ltr' id='par_1_23' title="bbox 418 2361 2016 2430">
     <span class='ocr_line' id='line_1_23' title="bbox 418 2361 2016 2430; baseline 0.003 -16"><span class='ocrx_word' id='word_1_156' title='bbox 418 2369 526 2415; x_wconf 87' lang='lat' dir='ltr'><strong>tem</strong></span> <span class='ocrx_word' id='word_1_157' title='bbox 562 2372 758 2417; x_wconf 82' lang='lat' dir='ltr'><strong>tactus.</strong></span> <span class='ocrx_word' id='word_1_158' title='bbox 787 2362 944 2418; x_wconf 85' lang='lat' dir='ltr'><strong>Absit</strong></span> <span class='ocrx_word' id='word_1_159' title='bbox 980 2363 1086 2417; x_wconf 93' lang='lat' dir='ltr'><strong>boc</strong></span> <span class='ocrx_word' id='word_1_160' title='bbox 1143 2362 1374 2417; x_wconf 79' lang='lat' dir='ltr'><strong>credere</strong></span> <span class='ocrx_word' id='word_1_161' title='bbox 1424 2362 1476 2416; x_wconf 92' lang='lat' dir='ltr'><strong>in</strong></span> <span class='ocrx_word' id='word_1_162' title='bbox 1533 2361 1627 2416; x_wconf 79' lang='lat' dir='ltr'><strong>illa</strong></span> <span class='ocrx_word' id='word_1_163' title='bbox 1689 2362 2016 2430; x_wconf 35' lang='lat' dir='ltr'><strong>incorporea,</strong></span> 
     </span>
    </p>
   </div>
   <div class='ocr_carea' id='block_1_24' title="bbox 417 2452 2009 2523">
    <p class='ocr_par' dir='ltr' id='par_1_24' title="bbox 417 2452 2009 2523">
     <span class='ocr_line' id='line_1_24' title="bbox 417 2452 2009 2523; baseline 0 -18"><span class='ocrx_word' id='word_1_164' title='bbox 417 2453 861 2523; x_wconf 85' lang='lat' dir='ltr'><strong>immutabilique</strong></span> <span class='ocrx_word' id='word_1_165' title='bbox 901 2454 1128 2509; x_wconf 89' lang='lat' dir='ltr'><strong>natura!</strong></span> <span class='ocrx_word' id='word_1_166' title='bbox 1161 2452 1368 2507; x_wconf 83' lang='lat' dir='ltr'><strong>Audire</strong></span> <span class='ocrx_word' id='word_1_167' title='bbox 1394 2468 1525 2521; x_wconf 83' lang='lat' dir='ltr'><strong>ergo</strong></span> <span class='ocrx_word' id='word_1_168' title='bbox 1561 2453 1634 2507; x_wconf 88' lang='lat' dir='ltr'><strong>ibi</strong></span> <span class='ocrx_word' id='word_1_169' title='bbox 1691 2467 1747 2509; x_wconf 88' lang='lat' dir='ltr'><strong>et</strong></span> <span class='ocrx_word' id='word_1_170' title='bbox 1798 2455 2009 2522; x_wconf 75' lang='lat' dir='ltr'><strong>videro,</strong></span> 
     </span>
    </p>
   </div>
   <div class='ocr_carea' id='block_1_25' title="bbox 421 2529 2017 2613">
    <p class='ocr_par' dir='ltr' id='par_1_25' title="bbox 421 2529 2017 2613">
     <span class='ocr_line' id='line_1_25' title="bbox 421 2529 2017 2613; baseline 0.004 -16"><span class='ocrx_word' id='word_1_171' title='bbox 421 2560 590 2599; x_wconf 88' lang='lat' dir='ltr'><strong>unum</strong></span> <span class='ocrx_word' id='word_1_172' title='bbox 629 2529 736 2602; x_wconf 70' lang='lat' dir='ltr'><strong>est.</strong></span> <span class='ocrx_word' id='word_1_173' title='bbox 779 2543 991 2600; x_wconf 88' lang='lat' dir='ltr'><strong>Dicitur</strong></span> <span class='ocrx_word' id='word_1_174' title='bbox 1050 2552 1105 2600; x_wconf 86' lang='lat' dir='ltr'><strong>et</strong></span> <span class='ocrx_word' id='word_1_175' title='bbox 1161 2544 1400 2599; x_wconf 86' lang='lat' dir='ltr'><strong>olfactus</strong></span> <span class='ocrx_word' id='word_1_176' title='bbox 1429 2544 1482 2598; x_wconf 89' lang='lat' dir='ltr'><strong>in</strong></span> <span class='ocrx_word' id='word_1_177' title='bbox 1513 2545 1665 2613; x_wconf 85' lang='lat' dir='ltr'><strong>Deo;</strong></span> <span class='ocrx_word' id='word_1_178' title='bbox 1692 2545 1841 2603; x_wconf 69' lang='lat' dir='ltr'><strong>unde’</strong></span> <span class='ocrx_word' id='word_1_179' title='bbox 1881 2547 2017 2603; x_wconf 83' lang='lat' dir='ltr'><strong>dirit-</strong></span> 
     </span>
    </p>
   </div>
   <div class='ocr_carea' id='block_1_26' title="bbox 419 2636 2013 2707">
    <p class='ocr_par' dir='ltr' id='par_1_26' title="bbox 419 2636 2013 2707">
     <span class='ocr_line' id='line_1_26' title="bbox 419 2636 2013 2707; baseline 0.002 -15"><span class='ocrx_word' id='word_1_180' title='bbox 419 2636 716 2707; x_wconf 83' lang='lat' dir='ltr'><strong>Apostolus</strong></span> <span class='ocrx_word' id='word_1_181' title='bbox 747 2655 763 2697; x_wconf 89' lang='lat'><strong>:</strong></span> <span class='ocrx_word' id='word_1_182' title='bbox 805 2656 825 2690; x_wconf 81' lang='grc' dir='ltr'>ι</span> <span class='ocrx_word' id='word_1_183' title='bbox 860 2637 1017 2693; x_wconf 85' lang='lat' dir='ltr'><strong>Sicut</strong></span> <span class='ocrx_word' id='word_1_184' title='bbox 1051 2647 1107 2694; x_wconf 90' lang='lat' dir='ltr'><strong>et</strong></span> <span class='ocrx_word' id='word_1_185' title='bbox 1134 2637 1392 2694; x_wconf 85' lang='lat' dir='ltr'><strong>Christus</strong></span> <span class='ocrx_word' id='word_1_186' title='bbox 1417 2637 1608 2693; x_wconf 77' lang='lat' dir='ltr'><strong>dilexit</strong></span> <span class='ocrx_word' id='word_1_187' title='bbox 1644 2654 1769 2703; x_wconf 92' lang='lat' dir='ltr'><strong>nos,</strong></span> <span class='ocrx_word' id='word_1_188' title='bbox 1794 2652 1848 2694; x_wconf 89' lang='lat' dir='ltr'><strong>et</strong></span> <span class='ocrx_word' id='word_1_189' title='bbox 1900 2651 2013 2695; x_wconf 87' lang='lat' dir='ltr'><strong>tra-</strong></span> 
     </span>
    </p>
   </div>
   <div class='ocr_carea' id='block_1_27' title="bbox 420 2730 2013 2803">
    <p class='ocr_par' dir='ltr' id='par_1_27' title="bbox 420 2730 2013 2803">
     <span class='ocr_line' id='line_1_27' title="bbox 420 2730 2013 2803; baseline 0.004 -22"><span class='ocrx_word' id='word_1_190' title='bbox 420 2730 559 2785; x_wconf 87' lang='lat' dir='ltr'><strong>didit</strong></span> <span class='ocrx_word' id='word_1_191' title='bbox 588 2733 944 2803; x_wconf 90' lang='lat' dir='ltr'><strong>semetipsum</strong></span> <span class='ocrx_word' id='word_1_192' title='bbox 984 2749 1082 2802; x_wconf 91' lang='lat' dir='ltr'><strong>pro</strong></span> <span class='ocrx_word' id='word_1_193' title='bbox 1116 2732 1276 2787; x_wconf 88' lang='lat' dir='ltr'><strong>nobis</strong></span> <span class='ocrx_word' id='word_1_194' title='bbox 1330 2732 1664 2787; x_wconf 86' lang='lat' dir='ltr'><strong>oblationem</strong></span> <span class='ocrx_word' id='word_1_195' title='bbox 1698 2744 1752 2789; x_wconf 90' lang='lat' dir='ltr'><strong>et</strong></span> <span class='ocrx_word' id='word_1_196' title='bbox 1777 2733 2013 2788; x_wconf 82' lang='lat' dir='ltr'><strong>hostiam</strong></span> 
     </span>
    </p>
   </div>
   <div class='ocr_carea' id='block_1_28' title="bbox 423 2822 2015 2898">
    <p class='ocr_par' dir='ltr' id='par_1_28' title="bbox 423 2822 2015 2898">
     <span class='ocr_line' id='line_1_28' title="bbox 423 2822 2015 2898; baseline 0.003 -21"><span class='ocrx_word' id='word_1_197' title='bbox 423 2823 533 2878; x_wconf 91' lang='lat' dir='ltr'><strong>Deo</strong></span> <span class='ocrx_word' id='word_1_198' title='bbox 566 2822 621 2878; x_wconf 92' lang='lat' dir='ltr'><strong>in</strong></span> <span class='ocrx_word' id='word_1_199' title='bbox 649 2825 876 2880; x_wconf 88' lang='lat' dir='ltr'><strong>odorem</strong></span> <span class='ocrx_word' id='word_1_200' title='bbox 911 2827 1225 2881; x_wconf 83' lang='lat' dir='ltr'><strong>suavitatis.</strong></span> <span class='ocrx_word' id='word_1_201' title='bbox 1260 2843 1279 2878; x_wconf 75' lang='grc' dir='ltr'>ι</span> <span class='ocrx_word' id='word_1_202' title='bbox 1314 2825 1379 2881; x_wconf 80' lang='lat' dir='ltr'><strong>Et</strong></span> <span class='ocrx_word' id='word_1_203' title='bbox 1408 2837 1606 2893; x_wconf 76' lang='lat' dir='ltr'><strong>gustus</strong></span> <span class='ocrx_word' id='word_1_204' title='bbox 1634 2824 1865 2898; x_wconf 76' lang='lat' dir='ltr'><strong>intelligi</strong></span> <span class='ocrx_word' id='word_1_205' title='bbox 1921 2841 2015 2895; x_wconf 83' lang='lat' dir='ltr'><strong>po-</strong></span> 
     </span>
    </p>
   </div>
   <div class='ocr_carea' id='block_1_29' title="bbox 420 2905 2018 2992">
    <p class='ocr_par' dir='ltr' id='par_1_29' title="bbox 420 2905 2018 2992">
     <span class='ocr_line' id='line_1_29' title="bbox 420 2905 2018 2992; baseline -0.002 -16"><span class='ocrx_word' id='word_1_206' title='bbox 420 2905 553 2984; x_wconf 80' lang='lat' dir='ltr'><strong>test,</strong></span> <span class='ocrx_word' id='word_1_207' title='bbox 581 2920 881 2975; x_wconf 89' lang='lat' dir='ltr'><strong>secundum</strong></span> <span class='ocrx_word' id='word_1_208' title='bbox 919 2936 1081 2992; x_wconf 86' lang='lat' dir='ltr'><strong>quem</strong></span> <span class='ocrx_word' id='word_1_209' title='bbox 1123 2921 1286 2986; x_wconf 92' lang='lat' dir='ltr'><strong>Deus,</strong></span> <span class='ocrx_word' id='word_1_210' title='bbox 1317 2930 1371 2975; x_wconf 83' lang='lat' dir='ltr'><strong>et</strong></span> <span class='ocrx_word' id='word_1_211' title='bbox 1398 2921 1512 2976; x_wconf 91' lang='lat' dir='ltr'><strong>odit</strong></span> <span class='ocrx_word' id='word_1_212' title='bbox 1545 2920 1933 2985; x_wconf 80' lang='lat' dir='ltr'><strong>amsrieantes,</strong></span> <span class='ocrx_word' id='word_1_213' title='bbox 1964 2930 2018 2974; x_wconf 87' lang='lat' dir='ltr'><strong>et</strong></span> 
     </span>
    </p>
   </div>
   <div class='ocr_carea' id='block_1_30' title="bbox 425 3011 2016 3086">
    <p class='ocr_par' dir='ltr' id='par_1_30' title="bbox 425 3011 2016 3086">
     <span class='ocr_line' id='line_1_30' title="bbox 425 3011 2016 3086; baseline -0.001 -19"><span class='ocrx_word' id='word_1_214' title='bbox 425 3028 529 3068; x_wconf 87' lang='lat' dir='ltr'><strong>nec</strong></span> <span class='ocrx_word' id='word_1_215' title='bbox 560 3011 812 3085; x_wconf 83' lang='lat' dir='ltr'><strong>frigidos,</strong></span> <span class='ocrx_word' id='word_1_216' title='bbox 848 3029 950 3070; x_wconf 87' lang='lat' dir='ltr'><strong>nec</strong></span> <span class='ocrx_word' id='word_1_217' title='bbox 983 3014 1216 3082; x_wconf 86' lang='lat' dir='ltr'><strong>calidos,</strong></span> <span class='ocrx_word' id='word_1_218' title='bbox 1261 3029 1358 3071; x_wconf 85' lang='lat' dir='ltr'><strong>seu</strong></span> <span class='ocrx_word' id='word_1_219' title='bbox 1410 3013 1627 3086; x_wconf 85' lang='lat' dir='ltr'><strong>tepidos</strong></span> <span class='ocrx_word' id='word_1_220' title='bbox 1675 3013 1889 3070; x_wconf 75' lang='lat' dir='ltr'><strong>evomit</strong></span> <span class='ocrx_word' id='word_1_221' title='bbox 1951 3029 2016 3069; x_wconf 80' lang='lat' dir='ltr'><strong>ex</strong></span> 
     </span>
    </p>
   </div>
   <div class='ocr_carea' id='block_1_31' title="bbox 438 3194 2018 3265">
    <p class='ocr_par' dir='ltr' id='par_1_31' title="bbox 438 3194 2018 3265">
     <span class='ocr_line' id='line_1_31' title="bbox 438 3194 2018 3265; baseline -0.002 -14"><span class='ocrx_word' id='word_1_222' title='bbox 438 3194 538 3251; x_wconf 85' lang='grc' dir='ltr'>Ἐκ</span> <span class='ocrx_word' id='word_1_223' title='bbox 581 3194 678 3251; x_wconf 89' lang='grc' dir='ltr'><strong>τοῦ</strong></span> <span class='ocrx_word' id='word_1_224' title='bbox 726 3198 824 3265; x_wconf 65' lang='grc' dir='ltr'><strong>ῑιΘ’</strong></span> <span class='ocrx_word' id='word_1_225' title='bbox 852 3197 1040 3262; x_wconf 78' lang='grc' dir='ltr'>λόγου,</span> <span class='ocrx_word' id='word_1_226' title='bbox 1073 3196 1444 3265; x_wconf 76' lang='grc' dir='ltr'><strong>ἐξηγούμενος</strong></span> <span class='ocrx_word' id='word_1_227' title='bbox 1488 3196 1667 3251; x_wconf 81' lang='grc' dir='ltr'>ἐκεῖνο</span> <span class='ocrx_word' id='word_1_228' title='bbox 1709 3194 1771 3249; x_wconf 78' lang='grc' dir='ltr'>τὸ</span> <span class='ocrx_word' id='word_1_229' title='bbox 1808 3194 1972 3262; x_wconf 75' lang='grc' dir='ltr'>ῥητόν</span> <span class='ocrx_word' id='word_1_230' title='bbox 2001 3210 2018 3227; x_wconf 75' lang='grc' dir='ltr'><strong><em>ο</em></strong></span> 
     </span>
    </p>
   </div>
   <div class='ocr_carea' id='block_1_32' title="bbox 502 3265 2022 3338">
    <p class='ocr_par' dir='ltr' id='par_1_32' title="bbox 502 3265 2022 3338">
     <span class='ocr_line' id='line_1_32' title="bbox 502 3265 2022 3338; baseline -0.002 -17"><span class='ocrx_word' id='word_1_231' title='bbox 502 3269 588 3338; x_wconf 84' lang='grc' dir='ltr'><strong>οὐ</strong></span> <span class='ocrx_word' id='word_1_232' title='bbox 632 3267 1028 3338; x_wconf 64' lang='grc' dir='ltr'><strong>γὰρλιιλήσει</strong></span> <span class='ocrx_word' id='word_1_233' title='bbox 1068 3269 1171 3338; x_wconf 70' lang='grc' dir='ltr'><strong>ἀφ’</strong></span> <span class='ocrx_word' id='word_1_234' title='bbox 1200 3266 1422 3322; x_wconf 71' lang='grc' dir='ltr'><strong>ἑαυτοῦ</strong></span> <span class='ocrx_word' id='word_1_235' title='bbox 1470 3265 1677 3331; x_wconf 76' lang='grc' dir='ltr'>οὐδὲν,</span> <span class='ocrx_word' id='word_1_236' title='bbox 1725 3266 1864 3320; x_wconf 73' lang='grc' dir='ltr'>ἀλλ’</span> <span class='ocrx_word' id='word_1_237' title='bbox 1901 3265 2022 3338; x_wconf 64' lang='grc' dir='ltr'><strong>ὅσα</strong></span> 
     </span>
    </p>
   </div>
   <div class='ocr_carea' id='block_1_33' title="bbox 501 3336 2020 3409">
    <p class='ocr_par' dir='ltr' id='par_1_33' title="bbox 501 3336 2020 3409">
     <span class='ocr_line' id='line_1_33' title="bbox 501 3336 2020 3409; baseline -0.001 -18"><span class='ocrx_word' id='word_1_238' title='bbox 501 3337 581 3392; x_wconf 81' lang='grc' dir='ltr'><strong>ἂν</strong></span> <span class='ocrx_word' id='word_1_239' title='bbox 631 3336 872 3406; x_wconf 71' lang='grc' dir='ltr'>ἀκούσῃ</span> <span class='ocrx_word' id='word_1_240' title='bbox 920 3336 1397 3409; x_wconf 39' lang='grc' dir='ltr'><strong>λαιήσειηπερί</strong></span> <span class='ocrx_word' id='word_1_241' title='bbox 1457 3354 1564 3391; x_wconf 87' lang='grc' dir='ltr'><strong>που</strong></span> <span class='ocrx_word' id='word_1_242' title='bbox 1596 3338 1667 3390; x_wconf 75' lang='grc' dir='ltr'>τὰ</span> <span class='ocrx_word' id='word_1_243' title='bbox 1717 3339 1862 3408; x_wconf 86' lang='grc' dir='ltr'><strong>μέσα</strong></span> <span class='ocrx_word' id='word_1_244' title='bbox 1919 3336 2020 3406; x_wconf 88' lang='grc' dir='ltr'><strong>τῆς</strong></span> 
     </span>
    </p>
   </div>
   <div class='ocr_carea' id='block_1_34' title="bbox 502 3406 1317 3479">
    <p class='ocr_par' dir='ltr' id='par_1_34' title="bbox 502 3406 1317 3479">
     <span class='ocr_line' id='line_1_34' title="bbox 502 3406 1317 3479; baseline 0 -18"><span class='ocrx_word' id='word_1_245' title='bbox 502 3411 898 3479; x_wconf 76' lang='grc' dir='ltr'><strong>πραγματείας</strong></span> <span class='ocrx_word' id='word_1_246' title='bbox 924 3406 1071 3460; x_wconf 74' lang='grc' dir='ltr'>οὕτω</span> <span class='ocrx_word' id='word_1_247' title='bbox 1104 3407 1276 3477; x_wconf 83' lang='grc' dir='ltr'><strong>φησίν</strong></span> <span class='ocrx_word' id='word_1_248' title='bbox 1303 3422 1317 3437; x_wconf 89' lang='grc'><strong>·</strong></span> 
     </span>
    </p>
   </div>
   <div class='ocr_carea' id='block_1_35' title="bbox 523 3566 2028 3642">
    <p class='ocr_par' dir='ltr' id='par_1_35' title="bbox 523 3566 2028 3642">
     <span class='ocr_line' id='line_1_35' title="bbox 523 3566 2028 3642; baseline -0.002 -16"><span class='ocrx_word' id='word_1_249' title='bbox 523 3570 685 3626; x_wconf 76' lang='grc' dir='ltr'>Ἐπεὶ</span> <span class='ocrx_word' id='word_1_250' title='bbox 701 3571 887 3624; x_wconf 78' lang='grc' dir='ltr'><strong>τοίνυν</strong></span> <span class='ocrx_word' id='word_1_251' title='bbox 907 3567 969 3622; x_wconf 78' lang='grc' dir='ltr'><strong>τὸ</strong></span> <span class='ocrx_word' id='word_1_252' title='bbox 992 3566 1221 3637; x_wconf 78' lang='grc' dir='ltr'><strong>Πνεῦμα</strong></span> <span class='ocrx_word' id='word_1_253' title='bbox 1253 3567 1314 3621; x_wconf 74' lang='grc' dir='ltr'><strong>τὸ</strong></span> <span class='ocrx_word' id='word_1_254' title='bbox 1333 3566 1491 3637; x_wconf 65' lang='grc' dir='ltr'>ἅγιον</span> <span class='ocrx_word' id='word_1_255' title='bbox 1515 3567 1637 3623; x_wconf 72' lang='grc' dir='ltr'>οὐδὲ</span> <span class='ocrx_word' id='word_1_256' title='bbox 1662 3571 1762 3642; x_wconf 77' lang='grc' dir='ltr'><strong>μιᾷ</strong></span> <span class='ocrx_word' id='word_1_257' title='bbox 1789 3569 2028 3641; x_wconf 82' lang='grc' dir='ltr'>προσλή-</span> 
     </span>
    </p>
   </div>
   <div class='ocr_carea' id='block_1_36' title="bbox 434 3660 2030 3735">
    <p class='ocr_par' dir='ltr' id='par_1_36' title="bbox 434 3660 2030 3735">
     <span class='ocr_line' id='line_1_36' title="bbox 434 3660 2030 3735; baseline -0.001 -18"><span class='ocrx_word' id='word_1_258' title='bbox 434 3664 530 3735; x_wconf 63' lang='grc' dir='ltr'><strong>ψει</strong></span> <span class='ocrx_word' id='word_1_259' title='bbox 568 3662 790 3735; x_wconf 82' lang='grc' dir='ltr'>φύσεως</span> <span class='ocrx_word' id='word_1_260' title='bbox 838 3661 1199 3730; x_wconf 77' lang='grc' dir='ltr'>ἀνθρωπίνης</span> <span class='ocrx_word' id='word_1_261' title='bbox 1250 3660 1483 3730; x_wconf 81' lang='grc' dir='ltr'>γέγονεν</span> <span class='ocrx_word' id='word_1_262' title='bbox 1532 3661 1848 3732; x_wconf 76' lang='grc' dir='ltr'>ἅνθρωπος,</span> <span class='ocrx_word' id='word_1_263' title='bbox 1906 3662 2030 3717; x_wconf 71' lang='grc' dir='ltr'><strong>οὐδὲ</strong></span> 
     </span>
    </p>
   </div>
   <div class='ocr_carea' id='block_1_37' title="bbox 442 3754 2033 3828">
    <p class='ocr_par' dir='ltr' id='par_1_37' title="bbox 442 3754 2033 3828">
     <span class='ocr_line' id='line_1_37' title="bbox 442 3754 2033 3828; baseline -0.001 -18"><span class='ocrx_word' id='word_1_264' title='bbox 442 3757 540 3828; x_wconf 83' lang='grc' dir='ltr'>μιᾷ</span> <span class='ocrx_word' id='word_1_265' title='bbox 569 3754 880 3826; x_wconf 79' lang='grc' dir='ltr'><strong>προσλήψει</strong></span> <span class='ocrx_word' id='word_1_266' title='bbox 908 3754 1145 3823; x_wconf 79' lang='grc' dir='ltr'><strong>ἀγγέλου</strong></span> <span class='ocrx_word' id='word_1_267' title='bbox 1179 3754 1407 3822; x_wconf 78' lang='grc' dir='ltr'>γέγονεν</span> <span class='ocrx_word' id='word_1_268' title='bbox 1455 3754 1713 3825; x_wconf 74' lang='grc' dir='ltr'>ἄγγελος,</span> <span class='ocrx_word' id='word_1_269' title='bbox 1770 3754 1892 3809; x_wconf 77' lang='grc' dir='ltr'>οὐδὲ</span> <span class='ocrx_word' id='word_1_270' title='bbox 1934 3756 2033 3827; x_wconf 80' lang='grc' dir='ltr'><strong>μιᾷ</strong></span> 
     </span>
    </p>
   </div>
   <div class='ocr_carea' id='block_1_38' title="bbox 439 3844 2033 3919">
    <p class='ocr_par' dir='ltr' id='par_1_38' title="bbox 439 3844 2033 3919">
     <span class='ocr_line' id='line_1_38' title="bbox 439 3844 2033 3919; baseline -0.004 -16"><span class='ocrx_word' id='word_1_271' title='bbox 439 3846 750 3919; x_wconf 71' lang='grc' dir='ltr'><strong>προσλήψει</strong></span> <span class='ocrx_word' id='word_1_272' title='bbox 781 3844 1088 3915; x_wconf 77' lang='grc' dir='ltr'><strong>κτίσματος</strong></span> <span class='ocrx_word' id='word_1_273' title='bbox 1112 3848 1307 3914; x_wconf 81' lang='grc' dir='ltr'>γέγονε</span> <span class='ocrx_word' id='word_1_274' title='bbox 1335 3845 1565 3916; x_wconf 77' lang='grc' dir='ltr'><strong>κτίσμα,</strong></span> <span class='ocrx_word' id='word_1_275' title='bbox 1590 3846 1711 3909; x_wconf 84' lang='grc' dir='ltr'>πῶς</span> <span class='ocrx_word' id='word_1_276' title='bbox 1736 3846 1864 3916; x_wconf 81' lang='grc' dir='ltr'>περὶ</span> <span class='ocrx_word' id='word_1_277' title='bbox 1890 3845 2033 3899; x_wconf 82' lang='grc' dir='ltr'>ὲκεί-</span> 
     </span>
    </p>
   </div>
   <div class='ocr_carea' id='block_1_39' title="bbox 439 3936 2030 4009">
    <p class='ocr_par' dir='ltr' id='par_1_39' title="bbox 439 3936 2030 4009">
     <span class='ocr_line' id='line_1_39' title="bbox 439 3936 2030 4009; baseline -0.001 -17"><span class='ocrx_word' id='word_1_278' title='bbox 439 3957 533 3992; x_wconf 85' lang='grc' dir='ltr'><strong>νου</strong></span> <span class='ocrx_word' id='word_1_279' title='bbox 568 3938 631 3993; x_wconf 74' lang='grc' dir='ltr'><strong>τὸ</strong></span> <span class='ocrx_word' id='word_1_280' title='bbox 668 3937 826 4009; x_wconf 83' lang='grc' dir='ltr'>παρὰ</span> <span class='ocrx_word' id='word_1_281' title='bbox 867 3938 960 3993; x_wconf 88' lang='grc' dir='ltr'>τοῦ</span> <span class='ocrx_word' id='word_1_282' title='bbox 1003 3938 1214 4009; x_wconf 78' lang='grc' dir='ltr'>Κυρίου</span> <span class='ocrx_word' id='word_1_283' title='bbox 1263 3940 1431 4009; x_wconf 80' lang='grc' dir='ltr'>ῥηθὲν</span> <span class='ocrx_word' id='word_1_284' title='bbox 1486 3936 1816 4008; x_wconf 80' lang='grc' dir='ltr'>νοηθήσεται</span> <span class='ocrx_word' id='word_1_285' title='bbox 1845 3953 1860 3969; x_wconf 87' lang='grc'>⁶</span> <span class='ocrx_word' id='word_1_286' title='bbox 1896 3956 1914 3989; x_wconf 84' lang='grc' dir='ltr'><strong>ι</strong></span> <span class='ocrx_word' id='word_1_287' title='bbox 1954 3937 2030 3991; x_wconf 84' lang='grc' dir='ltr'>Ού</span> 
     </span>
    </p>
   </div>
   <div class='ocr_carea' id='block_1_40' title="bbox 440 4029 2032 4103">
    <p class='ocr_par' dir='ltr' id='par_1_40' title="bbox 440 4029 2032 4103">
     <span class='ocr_line' id='line_1_40' title="bbox 440 4029 2032 4103; baseline -0.002 -16"><span class='ocrx_word' id='word_1_288' title='bbox 440 4032 551 4102; x_wconf 78' lang='grc' dir='ltr'><strong>νάρ</strong></span> <span class='ocrx_word' id='word_1_289' title='bbox 581 4031 814 4103; x_wconf 83' lang='grc' dir='ltr'><strong>λαλήσει</strong></span> <span class='ocrx_word' id='word_1_290' title='bbox 862 4032 960 4101; x_wconf 81' lang='grc' dir='ltr'><strong>ἀφ’</strong></span> <span class='ocrx_word' id='word_1_291' title='bbox 993 4031 1190 4086; x_wconf 78' lang='grc' dir='ltr'>ἑαυτοῦ</span> <span class='ocrx_word' id='word_1_292' title='bbox 1222 4033 1401 4097; x_wconf 64' lang='grc' dir='ltr'>οὐδὲν,</span> <span class='ocrx_word' id='word_1_293' title='bbox 1432 4031 1550 4086; x_wconf 83' lang='grc' dir='ltr'>ἀλλ’</span> <span class='ocrx_word' id='word_1_294' title='bbox 1582 4033 1685 4085; x_wconf 85' lang='grc' dir='ltr'><strong>ὅσα</strong></span> <span class='ocrx_word' id='word_1_295' title='bbox 1719 4031 1785 4085; x_wconf 83' lang='grc' dir='ltr'>ἂν</span> <span class='ocrx_word' id='word_1_296' title='bbox 1820 4029 2032 4103; x_wconf 78' lang='grc' dir='ltr'>ἀκούσῃ</span> 
     </span>
    </p>
   </div>
   <div class='ocr_carea' id='block_1_41' title="bbox 441 4124 2036 4196">
    <p class='ocr_par' dir='ltr' id='par_1_41' title="bbox 441 4124 2036 4196">
     <span class='ocr_line' id='line_1_41' title="bbox 441 4124 2036 4196; baseline 0 -18"><span class='ocrx_word' id='word_1_297' title='bbox 441 4126 703 4196; x_wconf 74' lang='grc' dir='ltr'><strong>λαλήσεις</strong></span> <span class='ocrx_word' id='word_1_298' title='bbox 744 4142 766 4177; x_wconf 71' lang='grc' dir='ltr'>ι</span> <span class='ocrx_word' id='word_1_299' title='bbox 802 4125 965 4194; x_wconf 83' lang='grc' dir='ltr'><strong>Μέγα</strong></span> <span class='ocrx_word' id='word_1_300' title='bbox 1003 4125 1063 4179; x_wconf 79' lang='grc' dir='ltr'><strong>τὸ</strong></span> <span class='ocrx_word' id='word_1_301' title='bbox 1089 4125 1335 4195; x_wconf 81' lang='grc' dir='ltr'><strong>ζήτημα,</strong></span> <span class='ocrx_word' id='word_1_302' title='bbox 1367 4124 1466 4178; x_wconf 78' lang='grc' dir='ltr'>καὶ</span> <span class='ocrx_word' id='word_1_303' title='bbox 1522 4126 1665 4178; x_wconf 85' lang='grc' dir='ltr'>πάνυ</span> <span class='ocrx_word' id='word_1_304' title='bbox 1701 4125 1867 4195; x_wconf 81' lang='grc' dir='ltr'>μέγα.</span> <span class='ocrx_word' id='word_1_305' title='bbox 1893 4125 2036 4179; x_wconf 73' lang='grc' dir='ltr'><strong>Αὐτὸ</strong></span> 
     </span>
    </p>
   </div>
   <div class='ocr_carea' id='block_1_42' title="bbox 443 4216 2036 4289">
    <p class='ocr_par' dir='ltr' id='par_1_42' title="bbox 443 4216 2036 4289">
     <span class='ocr_line' id='line_1_42' title="bbox 443 4216 2036 4289; baseline 0.001 -18"><span class='ocrx_word' id='word_1_306' title='bbox 443 4218 649 4289; x_wconf 80' lang='grc' dir='ltr'>παρείη</span> <span class='ocrx_word' id='word_1_307' title='bbox 674 4217 735 4270; x_wconf 86' lang='grc' dir='ltr'>τὺ</span> <span class='ocrx_word' id='word_1_308' title='bbox 776 4216 1006 4287; x_wconf 78' lang='grc' dir='ltr'><strong>Πνεῦμα</strong></span> <span class='ocrx_word' id='word_1_309' title='bbox 1038 4218 1098 4270; x_wconf 71' lang='grc' dir='ltr'>τὸ</span> <span class='ocrx_word' id='word_1_310' title='bbox 1126 4218 1307 4285; x_wconf 78' lang='grc' dir='ltr'>ἀγιον,</span> <span class='ocrx_word' id='word_1_311' title='bbox 1337 4219 1428 4272; x_wconf 82' lang='grc' dir='ltr'><strong>ἶνα</strong></span> <span class='ocrx_word' id='word_1_312' title='bbox 1465 4218 1827 4287; x_wconf 81' lang='grc' dir='ltr'>τούλάχιστον</span> <span class='ocrx_word' id='word_1_313' title='bbox 1859 4219 2036 4282; x_wconf 70' lang='grc' dir='ltr'>οὕτως</span> 
     </span>
    </p>
   </div>
   <div class='ocr_carea' id='block_1_43' title="bbox 444 4308 2039 4379">
    <p class='ocr_par' dir='ltr' id='par_1_43' title="bbox 444 4308 2039 4379">
     <span class='ocr_line' id='line_1_43' title="bbox 444 4308 2039 4379; baseline -0.002 -14"><span class='ocrx_word' id='word_1_314' title='bbox 444 4313 622 4365; x_wconf 69' lang='grc' dir='ltr'>εἰπεῖν</span> <span class='ocrx_word' id='word_1_315' title='bbox 656 4310 790 4363; x_wconf 78' lang='grc' dir='ltr'><strong>αὐτὸ</strong></span> <span class='ocrx_word' id='word_1_316' title='bbox 816 4308 1166 4378; x_wconf 79' lang='grc' dir='ltr'><strong>δυνηθῶμεν,</strong></span> <span class='ocrx_word' id='word_1_317' title='bbox 1217 4308 1278 4362; x_wconf 85' lang='grc' dir='ltr'><strong>δν</strong></span> <span class='ocrx_word' id='word_1_318' title='bbox 1328 4311 1533 4379; x_wconf 83' lang='grc' dir='ltr'>τρόπον</span> <span class='ocrx_word' id='word_1_319' title='bbox 1583 4309 1901 4377; x_wconf 77' lang='grc' dir='ltr'><strong>λογίσασθαι</strong></span> <span class='ocrx_word' id='word_1_320' title='bbox 1954 4311 2039 4363; x_wconf 81' lang='grc' dir='ltr'><strong>δε-</strong></span> 
     </span>
    </p>
   </div>
   <div class='ocr_carea' id='block_1_44' title="bbox 443 4401 2038 4474">
    <p class='ocr_par' dir='ltr' id='par_1_44' title="bbox 443 4401 2038 4474">
     <span class='ocr_line' id='line_1_44' title="bbox 443 4401 2038 4474; baseline 0 -16"><span class='ocrx_word' id='word_1_321' title='bbox 443 4404 750 4474; x_wconf 80' lang='grc' dir='ltr'>δυνήμεθα,</span> <span class='ocrx_word' id='word_1_322' title='bbox 783 4403 884 4458; x_wconf 83' lang='grc' dir='ltr'><strong>καὶ</strong></span> <span class='ocrx_word' id='word_1_323' title='bbox 914 4402 1059 4456; x_wconf 72' lang='grc' dir='ltr'>οὕτω</span> <span class='ocrx_word' id='word_1_324' title='bbox 1102 4404 1244 4457; x_wconf 83' lang='grc' dir='ltr'><strong>κατά</strong></span> <span class='ocrx_word' id='word_1_325' title='bbox 1275 4404 1377 4472; x_wconf 75' lang='grc' dir='ltr'><strong>τὴν</strong></span> <span class='ocrx_word' id='word_1_326' title='bbox 1415 4401 1558 4474; x_wconf 81' lang='grc' dir='ltr'>ἐμὴν</span> <span class='ocrx_word' id='word_1_327' title='bbox 1604 4403 1796 4472; x_wconf 77' lang='grc' dir='ltr'><strong>εὐτελῆ</strong></span> <span class='ocrx_word' id='word_1_328' title='bbox 1831 4406 2038 4474; x_wconf 84' lang='grc' dir='ltr'>ταύτην</span> 
     </span>
    </p>
   </div>
   <div class='ocr_carea' id='block_1_45' title="bbox 444 4494 2039 4566">
    <p class='ocr_par' dir='ltr' id='par_1_45' title="bbox 444 4494 2039 4566">
     <span class='ocr_line' id='line_1_45' title="bbox 444 4494 2039 4566; baseline -0.001 -16"><span class='ocrx_word' id='word_1_329' title='bbox 444 4496 678 4566; x_wconf 79' lang='grc' dir='ltr'>δύναμιν</span> <span class='ocrx_word' id='word_1_330' title='bbox 708 4496 800 4549; x_wconf 73' lang='grc' dir='ltr'>ἐπὶ</span> <span class='ocrx_word' id='word_1_331' title='bbox 834 4494 937 4565; x_wconf 80' lang='grc' dir='ltr'><strong>τὴν</strong></span> <span class='ocrx_word' id='word_1_332' title='bbox 966 4494 1248 4565; x_wconf 73' lang='grc' dir='ltr'>ὑμετέραν</span> <span class='ocrx_word' id='word_1_333' title='bbox 1290 4496 1480 4566; x_wconf 82' lang='grc' dir='ltr'>νόησιν</span> <span class='ocrx_word' id='word_1_334' title='bbox 1515 4495 1821 4566; x_wconf 75' lang='grc' dir='ltr'>δυνηθῆναι</span> <span class='ocrx_word' id='word_1_335' title='bbox 1862 4496 2039 4550; x_wconf 81' lang='grc' dir='ltr'>διαδι-</span> 
     </span>
    </p>
   </div>
   <div class='ocr_carea' id='block_1_46' title="bbox 2097 690 3685 765">
    <p class='ocr_par' dir='ltr' id='par_1_46' title="bbox 2097 690 3685 765">
     <span class='ocr_line' id='line_1_46' title="bbox 2097 690 3685 765; baseline -0.006 -13"><span class='ocrx_word' id='word_1_336' title='bbox 2097 706 2203 765; x_wconf 87' lang='lat' dir='ltr'><strong>est,</strong></span> <span class='ocrx_word' id='word_1_337' title='bbox 2235 708 2294 753; x_wconf 90' lang='lat' dir='ltr'><strong>ut</strong></span> <span class='ocrx_word' id='word_1_338' title='bbox 2324 698 2519 754; x_wconf 83' lang='lat' dir='ltr'><strong>faciam</strong></span> <span class='ocrx_word' id='word_1_339' title='bbox 2553 700 2888 753; x_wconf 83' lang='lat' dir='ltr'><strong>voluntatem</strong></span> <span class='ocrx_word' id='word_1_340' title='bbox 2925 695 3045 763; x_wconf 89' lang='lat' dir='ltr'><strong>ejus</strong></span> <span class='ocrx_word' id='word_1_341' title='bbox 3089 693 3182 764; x_wconf 91' lang='lat' dir='ltr'><strong>qui</strong></span> <span class='ocrx_word' id='word_1_342' title='bbox 3217 692 3364 748; x_wconf 86' lang='lat' dir='ltr'><strong>misit</strong></span> <span class='ocrx_word' id='word_1_343' title='bbox 3388 706 3494 747; x_wconf 91' lang='lat' dir='ltr'><strong>me.</strong></span> <span class='ocrx_word' id='word_1_344' title='bbox 3531 710 3550 744; x_wconf 83' lang='grc' dir='ltr'>ι</span> <span class='ocrx_word' id='word_1_345' title='bbox 3584 690 3685 744; x_wconf 70' lang='lat' dir='ltr'><strong>Est.</strong></span> 
     </span>
    </p>
   </div>
   <div class='ocr_carea' id='block_1_47' title="bbox 2097 785 3681 857">
    <p class='ocr_par' dir='ltr' id='par_1_47' title="bbox 2097 785 3681 857">
     <span class='ocr_line' id='line_1_47' title="bbox 2097 785 3681 857; baseline -0.005 -12"><span class='ocrx_word' id='word_1_346' title='bbox 2097 794 2261 845; x_wconf 90' lang='lat' dir='ltr'><strong>etiam</strong></span> <span class='ocrx_word' id='word_1_347' title='bbox 2283 800 2461 849; x_wconf 86' lang='lat' dir='ltr'><strong>tactus</strong></span> <span class='ocrx_word' id='word_1_348' title='bbox 2478 792 2566 848; x_wconf 87' lang='lat' dir='ltr'><strong>ille</strong></span> <span class='ocrx_word' id='word_1_349' title='bbox 2585 792 2824 857; x_wconf 86' lang='lat' dir='ltr'><strong>divinus,</strong></span> <span class='ocrx_word' id='word_1_350' title='bbox 2851 788 2995 844; x_wconf 88' lang='lat' dir='ltr'><strong>unde</strong></span> <span class='ocrx_word' id='word_1_351' title='bbox 3020 788 3152 843; x_wconf 87' lang='lat' dir='ltr'><strong>dicit</strong></span> <span class='ocrx_word' id='word_1_352' title='bbox 3180 785 3391 857; x_wconf 81' lang='lat' dir='ltr'><strong>Sponsa</strong></span> <span class='ocrx_word' id='word_1_353' title='bbox 3416 785 3483 841; x_wconf 87' lang='lat' dir='ltr'><strong>de</strong></span> <span class='ocrx_word' id='word_1_354' title='bbox 3504 785 3681 854; x_wconf 61' lang='lat' dir='ltr'><strong>Spono</strong></span> 
     </span>
    </p>
   </div>
   <div class='ocr_carea' id='block_1_48' title="bbox 2098 878 3687 953">
    <p class='ocr_par' dir='ltr' id='par_1_48' title="bbox 2098 878 3687 953">
     <span class='ocr_line' id='line_1_48' title="bbox 2098 878 3687 953; baseline -0.004 -13"><span class='ocrx_word' id='word_1_355' title='bbox 2098 900 2164 940; x_wconf 87' lang='lat' dir='ltr'><strong>so</strong></span> <span class='ocrx_word' id='word_1_356' title='bbox 2191 904 2237 940; x_wconf 77' lang='grc' dir='ltr'>ει</span> <span class='ocrx_word' id='word_1_357' title='bbox 2268 885 2501 942; x_wconf 81' lang='lat' dir='ltr'><strong>Sinistra</strong></span> <span class='ocrx_word' id='word_1_358' title='bbox 2536 883 2657 952; x_wconf 82' lang='lat' dir='ltr'><strong>ejus</strong></span> <span class='ocrx_word' id='word_1_359' title='bbox 2686 884 2790 941; x_wconf 85' lang='lat' dir='ltr'><strong>sub</strong></span> <span class='ocrx_word' id='word_1_360' title='bbox 2820 884 3002 953; x_wconf 89' lang='lat' dir='ltr'><strong>capite</strong></span> <span class='ocrx_word' id='word_1_361' title='bbox 3028 896 3172 943; x_wconf 88' lang='lat' dir='ltr'><strong>meo,</strong></span> <span class='ocrx_word' id='word_1_362' title='bbox 3197 889 3252 936; x_wconf 91' lang='lat' dir='ltr'><strong>et</strong></span> <span class='ocrx_word' id='word_1_363' title='bbox 3281 879 3505 934; x_wconf 82' lang='lat' dir='ltr'><strong>dextera</strong></span> <span class='ocrx_word' id='word_1_364' title='bbox 3532 878 3687 933; x_wconf 88' lang='lat' dir='ltr'><strong>illius.</strong></span> 
     </span>
    </p>
   </div>
   <div class='ocr_carea' id='block_1_49' title="bbox 2098 970 3680 1048">
    <p class='ocr_par' dir='ltr' id='par_1_49' title="bbox 2098 970 3680 1048">
     <span class='ocr_line' id='line_1_49' title="bbox 2098 970 3680 1048; baseline -0.004 -17"><span class='ocrx_word' id='word_1_365' title='bbox 2098 979 2615 1048; x_wconf 81' lang='lat' dir='ltr'><strong>romplectitu‘rme.</strong></span> <span class='ocrx_word' id='word_1_366' title='bbox 2650 997 2669 1030; x_wconf 76' lang='grc' dir='ltr'>ι</span> <span class='ocrx_word' id='word_1_367' title='bbox 2698 977 2815 1031; x_wconf 79' lang='lat' dir='ltr'><strong>Non</strong></span> <span class='ocrx_word' id='word_1_368' title='bbox 2868 985 2998 1033; x_wconf 87' lang='lat' dir='ltr'><strong>sunt</strong></span> <span class='ocrx_word' id='word_1_369' title='bbox 3025 978 3139 1030; x_wconf 74' lang='lat' dir='ltr'><strong>haec</strong></span> <span class='ocrx_word' id='word_1_370' title='bbox 3185 973 3239 1028; x_wconf 90' lang='lat' dir='ltr'><strong>in</strong></span> <span class='ocrx_word' id='word_1_371' title='bbox 3291 973 3401 1028; x_wconf 88' lang='lat' dir='ltr'><strong>Deo</strong></span> <span class='ocrx_word' id='word_1_372' title='bbox 3450 987 3547 1041; x_wconf 84' lang='lat' dir='ltr'><strong>per</strong></span> <span class='ocrx_word' id='word_1_373' title='bbox 3595 970 3680 1025; x_wconf 92' lang='lat' dir='ltr'><strong>di-</strong></span> 
     </span>
    </p>
   </div>
   <div class='ocr_carea' id='block_1_50' title="bbox 2099 1062 3689 1149">
    <p class='ocr_par' dir='ltr' id='par_1_50' title="bbox 2099 1062 3689 1149">
     <span class='ocr_line' id='line_1_50' title="bbox 2099 1062 3689 1149; baseline -0.006 -24"><span class='ocrx_word' id='word_1_374' title='bbox 2099 1087 2257 1126; x_wconf 82' lang='lat' dir='ltr'><strong>versa</strong></span> <span class='ocrx_word' id='word_1_375' title='bbox 2295 1070 2544 1137; x_wconf 84' lang='lat' dir='ltr'><strong>corporis</strong></span> <span class='ocrx_word' id='word_1_376' title='bbox 2567 1069 2870 1125; x_wconf 80' lang='lat' dir='ltr'><strong>loca.6um</strong></span> <span class='ocrx_word' id='word_1_377' title='bbox 2909 1067 3055 1123; x_wconf 90' lang='lat' dir='ltr'><strong>enim</strong></span> <span class='ocrx_word' id='word_1_378' title='bbox 3110 1066 3316 1122; x_wconf 81' lang='lat' dir='ltr'><strong>dicitur</strong></span> <span class='ocrx_word' id='word_1_379' title='bbox 3372 1064 3540 1149; x_wconf 72' lang='lat' dir='ltr'><strong>scire,</strong></span> <span class='ocrx_word' id='word_1_380' title='bbox 3604 1062 3689 1117; x_wconf 88' lang='lat' dir='ltr'><strong>ibi.</strong></span> 
     </span>
    </p>
   </div>
   <div class='ocr_carea' id='block_1_51' title="bbox 2101 1157 3680 1228">
    <p class='ocr_par' dir='ltr' id='par_1_51' title="bbox 2101 1157 3680 1228">
     <span class='ocr_line' id='line_1_51' title="bbox 2101 1157 3680 1228; baseline -0.006 -7"><span class='ocrx_word' id='word_1_381' title='bbox 2101 1174 2227 1221; x_wconf 82' lang='lat' dir='ltr'><strong>Sunt</strong></span> <span class='ocrx_word' id='word_1_382' title='bbox 2250 1163 2433 1218; x_wconf 90' lang='lat' dir='ltr'><strong>omnia</strong></span> <span class='ocrx_word' id='word_1_383' title='bbox 2466 1181 2482 1228; x_wconf 84' lang='lat'><strong>;</strong></span> <span class='ocrx_word' id='word_1_384' title='bbox 2515 1175 2568 1219; x_wconf 89' lang='lat' dir='ltr'><strong>et</strong></span> <span class='ocrx_word' id='word_1_385' title='bbox 2596 1162 2801 1227; x_wconf 82' lang='lat' dir='ltr'><strong>videre,</strong></span> <span class='ocrx_word' id='word_1_386' title='bbox 2832 1169 2888 1217; x_wconf 88' lang='lat' dir='ltr'><strong>et</strong></span> <span class='ocrx_word' id='word_1_387' title='bbox 2918 1161 3133 1223; x_wconf 84' lang='lat' dir='ltr'><strong>audire,</strong></span> <span class='ocrx_word' id='word_1_388' title='bbox 3186 1166 3241 1215; x_wconf 87' lang='lat' dir='ltr'><strong>et</strong></span> <span class='ocrx_word' id='word_1_389' title='bbox 3296 1157 3558 1224; x_wconf 79' lang='lat' dir='ltr'><strong>olfacere,</strong></span> <span class='ocrx_word' id='word_1_390' title='bbox 3624 1166 3680 1211; x_wconf 88' lang='lat' dir='ltr'><strong>et</strong></span> 
     </span>
    </p>
   </div>
   <div class='ocr_carea' id='block_1_52' title="bbox 2101 1251 3681 1328">
    <p class='ocr_par' dir='ltr' id='par_1_52' title="bbox 2101 1251 3681 1328">
     <span class='ocr_line' id='line_1_52' title="bbox 2101 1251 3681 1328; baseline -0.003 -18"><span class='ocrx_word' id='word_1_391' title='bbox 2101 1265 2343 1326; x_wconf 67' lang='lat' dir='ltr'><strong>gustare,</strong></span> <span class='ocrx_word' id='word_1_392' title='bbox 2380 1265 2434 1312; x_wconf 87' lang='lat' dir='ltr'><strong>et</strong></span> <span class='ocrx_word' id='word_1_393' title='bbox 2464 1265 2712 1328; x_wconf 71' lang='lat' dir='ltr'><strong>tangere,</strong></span> <span class='ocrx_word' id='word_1_394' title='bbox 2744 1256 2862 1311; x_wconf 89' lang='lat' dir='ltr'><strong>sine</strong></span> <span class='ocrx_word' id='word_1_395' title='bbox 2893 1256 2999 1311; x_wconf 85' lang='lat' dir='ltr'><strong>ulla</strong></span> <span class='ocrx_word' id='word_1_396' title='bbox 3034 1254 3155 1324; x_wconf 85' lang='lat' dir='ltr'><strong>ejus</strong></span> <span class='ocrx_word' id='word_1_397' title='bbox 3196 1254 3498 1308; x_wconf 85' lang='lat' dir='ltr'><strong>mutatione</strong></span> <span class='ocrx_word' id='word_1_398' title='bbox 3555 1251 3681 1308; x_wconf 88' lang='lat' dir='ltr'><strong>sub-</strong></span> 
     </span>
    </p>
   </div>
   <div class='ocr_carea' id='block_1_53' title="bbox 2101 1345 3692 1418">
    <p class='ocr_par' dir='ltr' id='par_1_53' title="bbox 2101 1345 3692 1418">
     <span class='ocr_line' id='line_1_53' title="bbox 2101 1345 3692 1418; baseline -0.004 -13"><span class='ocrx_word' id='word_1_399' title='bbox 2101 1351 2341 1414; x_wconf 68' lang='lat' dir='ltr'><strong>stantiae,</strong></span> <span class='ocrx_word' id='word_1_400' title='bbox 2369 1350 2489 1405; x_wconf 87' lang='lat' dir='ltr'><strong>sine</strong></span> <span class='ocrx_word' id='word_1_401' title='bbox 2521 1351 2637 1405; x_wconf 30' lang='lat' dir='ltr'><strong>ulla.</strong></span> <span class='ocrx_word' id='word_1_402' title='bbox 2659 1350 2821 1415; x_wconf 90' lang='lat' dir='ltr'><strong>mole,</strong></span> <span class='ocrx_word' id='word_1_403' title='bbox 2853 1364 2975 1418; x_wconf 71' lang='lat' dir='ltr'><strong>quae</strong></span> <span class='ocrx_word' id='word_1_404' title='bbox 3003 1350 3060 1403; x_wconf 92' lang='lat' dir='ltr'><strong>in</strong></span> <span class='ocrx_word' id='word_1_405' title='bbox 3114 1347 3231 1404; x_wconf 82' lang='lat' dir='ltr'><strong>alia</strong></span> <span class='ocrx_word' id='word_1_406' title='bbox 3280 1353 3435 1418; x_wconf 90' lang='lat' dir='ltr'><strong>parte</strong></span> <span class='ocrx_word' id='word_1_407' title='bbox 3487 1345 3692 1414; x_wconf 65' lang='lat' dir='ltr'><strong>major,</strong></span> 
     </span>
    </p>
   </div>
   <div class='ocr_carea' id='block_1_54' title="bbox 2102 1435 3817 1513">
    <p class='ocr_par' dir='ltr' id='par_1_54' title="bbox 2102 1435 3817 1513">
     <span class='ocr_line' id='line_1_54' title="bbox 2102 1435 3817 1513; baseline -0.005 -14"><span class='ocrx_word' id='word_1_408' title='bbox 2102 1442 2157 1499; x_wconf 83' lang='lat' dir='ltr'><strong>in</strong></span> <span class='ocrx_word' id='word_1_409' title='bbox 2184 1443 2691 1505; x_wconf 82' lang='lat' dir='ltr'><strong>aliaminor,etiant</strong></span> <span class='ocrx_word' id='word_1_410' title='bbox 2721 1442 2775 1496; x_wconf 90' lang='lat' dir='ltr'><strong>in</strong></span> <span class='ocrx_word' id='word_1_411' title='bbox 2808 1443 3066 1498; x_wconf 84' lang='lat' dir='ltr'><strong>sensibus</strong></span> <span class='ocrx_word' id='word_1_412' title='bbox 3091 1439 3193 1513; x_wconf 53' lang='lat' dir='ltr'><strong>[ala</strong></span> <span class='ocrx_word' id='word_1_413' title='bbox 3219 1435 3470 1508; x_wconf 85' lang='lat' dir='ltr'><strong>senibus]</strong></span> <span class='ocrx_word' id='word_1_414' title='bbox 3490 1436 3694 1507; x_wconf 82' lang='lat' dir='ltr'><strong>puerili-</strong></span> <span class='ocrx_word' id='word_1_415' title='bbox 3734 1461 3739 1465; x_wconf 84' lang='lat'><strong>-</strong></span> <span class='ocrx_word' id='word_1_416' title='bbox 3805 1475 3817 1485; x_wconf 84' lang='lat'><strong>.</strong></span> 
     </span>
    </p>
   </div>
   <div class='ocr_carea' id='block_1_55' title="bbox 2101 1529 3698 1607">
    <p class='ocr_par' dir='ltr' id='par_1_55' title="bbox 2101 1529 3698 1607">
     <span class='ocr_line' id='line_1_55' title="bbox 2101 1529 3698 1607; baseline -0.004 -16"><span class='ocrx_word' id='word_1_417' title='bbox 2101 1551 2293 1592; x_wconf 86' lang='lat' dir='ltr'><strong>errore</strong></span> <span class='ocrx_word' id='word_1_418' title='bbox 2324 1536 2618 1607; x_wconf 85' lang='lat' dir='ltr'><strong>cogitatur,</strong></span> <span class='ocrx_word' id='word_1_419' title='bbox 2650 1537 2872 1604; x_wconf 88' lang='lat' dir='ltr'><strong>quando</strong></span> <span class='ocrx_word' id='word_1_420' title='bbox 2896 1536 3038 1591; x_wconf 86' lang='lat' dir='ltr'><strong>Dens</strong></span> <span class='ocrx_word' id='word_1_421' title='bbox 3098 1535 3180 1591; x_wconf 88' lang='lat' dir='ltr'><strong>sic</strong></span> <span class='ocrx_word' id='word_1_422' title='bbox 3227 1534 3519 1605; x_wconf 80' lang='lat' dir='ltr'><strong>cogitatur.</strong></span> <span class='ocrx_word' id='word_1_423' title='bbox 3573 1529 3698 1586; x_wconf 77' lang='lat' dir='ltr'><strong>Nec.</strong></span> 
     </span>
    </p>
   </div>
   <div class='ocr_carea' id='block_1_56' title="bbox 2103 1623 3694 1699">
    <p class='ocr_par' dir='ltr' id='par_1_56' title="bbox 2103 1623 3694 1699">
     <span class='ocr_line' id='line_1_56' title="bbox 2103 1623 3694 1699; baseline -0.004 -14"><span class='ocrx_word' id='word_1_424' title='bbox 2103 1629 2344 1692; x_wconf 82' lang='lat' dir='ltr'><strong>mireris,</strong></span> <span class='ocrx_word' id='word_1_425' title='bbox 2373 1629 2518 1699; x_wconf 88' lang='lat' dir='ltr'><strong>quod</strong></span> <span class='ocrx_word' id='word_1_426' title='bbox 2553 1628 2849 1685; x_wconf 73' lang='lat' dir='ltr'><strong>ineffabilia</strong></span> <span class='ocrx_word' id='word_1_427' title='bbox 2902 1627 2994 1683; x_wconf 80' lang='lat' dir='ltr'><strong>Dei</strong></span> <span class='ocrx_word' id='word_1_428' title='bbox 3054 1626 3310 1690; x_wconf 83' lang='lat' dir='ltr'><strong>scientia,</strong></span> <span class='ocrx_word' id='word_1_429' title='bbox 3374 1639 3481 1695; x_wconf 90' lang='lat' dir='ltr'><strong>qua</strong></span> <span class='ocrx_word' id='word_1_430' title='bbox 3532 1623 3694 1678; x_wconf 87' lang='lat' dir='ltr'><strong>novit-</strong></span> 
     </span>
    </p>
   </div>
   <div class='ocr_carea' id='block_1_57' title="bbox 2102 1715 3680 1791">
    <p class='ocr_par' dir='ltr' id='par_1_57' title="bbox 2102 1715 3680 1791">
     <span class='ocr_line' id='line_1_57' title="bbox 2102 1715 3680 1791; baseline -0.004 -15"><span class='ocrx_word' id='word_1_431' title='bbox 2102 1721 2311 1785; x_wconf 88' lang='lat' dir='ltr'><strong>omnia,</strong></span> <span class='ocrx_word' id='word_1_432' title='bbox 2345 1735 2440 1791; x_wconf 89' lang='lat' dir='ltr'><strong>per</strong></span> <span class='ocrx_word' id='word_1_433' title='bbox 2466 1720 2652 1777; x_wconf 87' lang='lat' dir='ltr'><strong>varios</strong></span> <span class='ocrx_word' id='word_1_434' title='bbox 2685 1722 2937 1775; x_wconf 69' lang='lat' dir='ltr'><strong>humanae</strong></span> <span class='ocrx_word' id='word_1_435' title='bbox 2973 1717 3271 1774; x_wconf 87' lang='lat' dir='ltr'><strong>locutionis</strong></span> <span class='ocrx_word' id='word_1_436' title='bbox 3326 1715 3517 1769; x_wconf 89' lang='lat' dir='ltr'><strong>modos</strong></span> <span class='ocrx_word' id='word_1_437' title='bbox 3561 1726 3680 1769; x_wconf 89' lang='lat' dir='ltr'><strong>om.-</strong></span> 
     </span>
    </p>
   </div>
   <div class='ocr_carea' id='block_1_58' title="bbox 2108 1801 3701 1881">
    <p class='ocr_par' dir='ltr' id='par_1_58' title="bbox 2108 1801 3701 1881">
     <span class='ocr_line' id='line_1_58' title="bbox 2108 1801 3701 1881; baseline -0.008 -14"><span class='ocrx_word' id='word_1_438' title='bbox 2108 1814 2261 1867; x_wconf 91' lang='lat' dir='ltr'><strong>nium</strong></span> <span class='ocrx_word' id='word_1_439' title='bbox 2318 1811 2550 1867; x_wconf 83' lang='lat' dir='ltr'><strong>istorum</strong></span> <span class='ocrx_word' id='word_1_440' title='bbox 2618 1808 2995 1881; x_wconf 84' lang='lat' dir='ltr'><strong>corporalium</strong></span> <span class='ocrx_word' id='word_1_441' title='bbox 3056 1820 3319 1863; x_wconf 85' lang='lat' dir='ltr'><strong>sensuum</strong></span> <span class='ocrx_word' id='word_1_442' title='bbox 3375 1801 3701 1858; x_wconf 69' lang='lat' dir='ltr'><strong>nominibus</strong></span> 
     </span>
    </p>
   </div>
   <div class='ocr_carea' id='block_1_59' title="bbox 2111 1895 3684 1974">
    <p class='ocr_par' dir='ltr' id='par_1_59' title="bbox 2111 1895 3684 1974">
     <span class='ocr_line' id='line_1_59' title="bbox 2111 1895 3684 1974; baseline -0.006 -17"><span class='ocrx_word' id='word_1_443' title='bbox 2111 1912 2460 1974; x_wconf 85' lang='lat' dir='ltr'><strong>nuncupatur</strong></span> <span class='ocrx_word' id='word_1_444' title='bbox 2494 1919 2509 1957; x_wconf 90' lang='lat'><strong>:</strong></span> <span class='ocrx_word' id='word_1_445' title='bbox 2535 1916 2659 1957; x_wconf 90' lang='lat' dir='ltr'><strong>eum</strong></span> <span class='ocrx_word' id='word_1_446' title='bbox 2687 1910 2743 1957; x_wconf 86' lang='lat' dir='ltr'><strong>et</strong></span> <span class='ocrx_word' id='word_1_447' title='bbox 2761 1902 2878 1971; x_wconf 88' lang='lat' dir='ltr'><strong>ipsa</strong></span> <span class='ocrx_word' id='word_1_448' title='bbox 2899 1915 3051 1955; x_wconf 80' lang='lat' dir='ltr'><strong>mens</strong></span> <span class='ocrx_word' id='word_1_449' title='bbox 3072 1907 3280 1958; x_wconf 87' lang='lat' dir='ltr'><strong>nostra.</strong></span> <span class='ocrx_word' id='word_1_450' title='bbox 3305 1896 3406 1952; x_wconf 86' lang='lat' dir='ltr'><strong>hoc</strong></span> <span class='ocrx_word' id='word_1_451' title='bbox 3422 1907 3503 1950; x_wconf 76' lang='grc' dir='ltr'>εει</span> <span class='ocrx_word' id='word_1_452' title='bbox 3526 1895 3684 1948; x_wconf 89' lang='lat' dir='ltr'><strong>homo</strong></span> 
     </span>
    </p>
   </div>
   <div class='ocr_carea' id='block_1_60' title="bbox 2113 1984 3682 2062">
    <p class='ocr_par' dir='ltr' id='par_1_60' title="bbox 2113 1984 3682 2062">
     <span class='ocr_line' id='line_1_60' title="bbox 2113 1984 3682 2062; baseline -0.01 -12"><span class='ocrx_word' id='word_1_453' title='bbox 2113 1996 2364 2060; x_wconf 85' lang='lat' dir='ltr'><strong>interior,</strong></span> <span class='ocrx_word' id='word_1_454' title='bbox 2398 1996 2486 2051; x_wconf 87' lang='lat' dir='ltr'><strong>cui</strong></span> <span class='ocrx_word' id='word_1_455' title='bbox 2522 1994 2874 2051; x_wconf 86' lang='lat' dir='ltr'><strong>uniformiter</strong></span> <span class='ocrx_word' id='word_1_456' title='bbox 2910 1984 3117 2048; x_wconf 38' lang='lat' dir='ltr'><strong>‘scienti</strong></span> <span class='ocrx_word' id='word_1_457' title='bbox 3150 2005 3246 2062; x_wconf 90' lang='lat' dir='ltr'><strong>per</strong></span> <span class='ocrx_word' id='word_1_458' title='bbox 3271 1990 3371 2044; x_wconf 86' lang='lat' dir='ltr'><strong>hos</strong></span> <span class='ocrx_word' id='word_1_459' title='bbox 3424 1990 3682 2058; x_wconf 76' lang='lat' dir='ltr'><strong>quinque,</strong></span> 
     </span>
    </p>
   </div>
   <div class='ocr_carea' id='block_1_61' title="bbox 2111 2080 3705 2158">
    <p class='ocr_par' dir='ltr' id='par_1_61' title="bbox 2111 2080 3705 2158">
     <span class='ocr_line' id='line_1_61' title="bbox 2111 2080 3705 2158; baseline -0.008 -14"><span class='ocrx_word' id='word_1_460' title='bbox 2111 2089 2282 2146; x_wconf 86' lang='lat' dir='ltr'><strong>veluti</strong></span> <span class='ocrx_word' id='word_1_461' title='bbox 2313 2088 2540 2144; x_wconf 89' lang='lat' dir='ltr'><strong>nuntios</strong></span> <span class='ocrx_word' id='word_1_462' title='bbox 2574 2088 2826 2158; x_wconf 83' lang='lat' dir='ltr'><strong>corporis</strong></span> <span class='ocrx_word' id='word_1_463' title='bbox 2854 2087 3070 2142; x_wconf 83' lang='lat' dir='ltr'><strong>diversa</strong></span> <span class='ocrx_word' id='word_1_464' title='bbox 3100 2084 3442 2145; x_wconf 86' lang='lat' dir='ltr'><strong>nuntiantur,</strong></span> <span class='ocrx_word' id='word_1_465' title='bbox 3472 2080 3705 2151; x_wconf 75' lang='lat' dir='ltr'><strong>quando.</strong></span> 
     </span>
    </p>
   </div>
   <div class='ocr_carea' id='block_1_62' title="bbox 2114 2173 3688 2248">
    <p class='ocr_par' dir='ltr' id='par_1_62' title="bbox 2114 2173 3688 2248">
     <span class='ocr_line' id='line_1_62' title="bbox 2114 2173 3688 2248; baseline -0.007 -12"><span class='ocrx_word' id='word_1_466' title='bbox 2114 2181 2516 2236; x_wconf 89' lang='lat' dir='ltr'><strong>immutabilem</strong></span> <span class='ocrx_word' id='word_1_467' title='bbox 2544 2181 2832 2236; x_wconf 82' lang='lat' dir='ltr'><strong>veritatem</strong></span> <span class='ocrx_word' id='word_1_468' title='bbox 2867 2178 3145 2248; x_wconf 86' lang='lat' dir='ltr'><strong>intelligit,</strong></span> <span class='ocrx_word' id='word_1_469' title='bbox 3169 2176 3343 2247; x_wconf 80' lang='lat' dir='ltr'><strong>eligit,</strong></span> <span class='ocrx_word' id='word_1_470' title='bbox 3387 2173 3584 2243; x_wconf 81' lang='lat' dir='ltr'><strong>diligit,</strong></span> <span class='ocrx_word' id='word_1_471' title='bbox 3634 2181 3688 2226; x_wconf 90' lang='lat' dir='ltr'><strong>et</strong></span> 
     </span>
    </p>
   </div>
   <div class='ocr_carea' id='block_1_63' title="bbox 2092 2268 3701 2345">
    <p class='ocr_par' dir='ltr' id='par_1_63' title="bbox 2092 2268 3701 2345">
     <span class='ocr_line' id='line_1_63' title="bbox 2092 2268 3701 2345; baseline -0.009 -16"><span class='ocrx_word' id='word_1_472' title='bbox 2092 2275 2299 2329; x_wconf 83' lang='lat' dir='ltr'><strong>&#39;lunten</strong></span> <span class='ocrx_word' id='word_1_473' title='bbox 2325 2273 2500 2339; x_wconf 89' lang='lat' dir='ltr'><strong>videt,</strong></span> <span class='ocrx_word' id='word_1_474' title='bbox 2525 2275 2590 2329; x_wconf 72' lang='lat' dir='ltr'><strong>de</strong></span> <span class='ocrx_word' id='word_1_475' title='bbox 2617 2289 2726 2345; x_wconf 92' lang='lat' dir='ltr'><strong>quo</strong></span> <span class='ocrx_word' id='word_1_476' title='bbox 2756 2273 2956 2329; x_wconf 86' lang='lat' dir='ltr'><strong>dicitur</strong></span> <span class='ocrx_word' id='word_1_477' title='bbox 2988 2289 3032 2325; x_wconf 75' lang='grc' dir='ltr'><strong>ει</strong></span> <span class='ocrx_word' id='word_1_478' title='bbox 3056 2268 3182 2330; x_wconf 76' lang='lat' dir='ltr'><strong>Erat</strong></span> <span class='ocrx_word' id='word_1_479' title='bbox 3204 2268 3385 2323; x_wconf 88' lang='lat' dir='ltr'><strong>lumen</strong></span> <span class='ocrx_word' id='word_1_480' title='bbox 3408 2281 3594 2320; x_wconf 84' lang='lat' dir='ltr'><strong>verum</strong></span> <span class='ocrx_word' id='word_1_481' title='bbox 3620 2280 3646 2331; x_wconf 51' lang='grc' dir='ltr'><strong>;υ</strong></span> <span class='ocrx_word' id='word_1_482' title='bbox 3665 2283 3701 2315; x_wconf 75' lang='grc' dir='ltr'><strong>ι-</strong></span> 
     </span>
    </p>
   </div>
   <div class='ocr_carea' id='block_1_64' title="bbox 2114 2357 3685 2440">
    <p class='ocr_par' dir='ltr' id='par_1_64' title="bbox 2114 2357 3685 2440">
     <span class='ocr_line' id='line_1_64' title="bbox 2114 2357 3685 2440; baseline -0.012 -15"><span class='ocrx_word' id='word_1_483' title='bbox 2114 2379 2169 2425; x_wconf 88' lang='lat' dir='ltr'><strong>et</strong></span> <span class='ocrx_word' id='word_1_484' title='bbox 2198 2366 2440 2424; x_wconf 70' lang='lat' dir='ltr'><strong>Verbum</strong></span> <span class='ocrx_word' id='word_1_485' title='bbox 2480 2367 2651 2430; x_wconf 82' lang='lat' dir='ltr'><strong>audit,</strong></span> <span class='ocrx_word' id='word_1_486' title='bbox 2705 2368 2771 2421; x_wconf 87' lang='lat' dir='ltr'><strong>tle</strong></span> <span class='ocrx_word' id='word_1_487' title='bbox 2819 2381 2929 2436; x_wconf 89' lang='lat' dir='ltr'><strong>quo</strong></span> <span class='ocrx_word' id='word_1_488' title='bbox 2963 2363 3166 2440; x_wconf 63' lang='lat' dir='ltr'><strong>dicitur</strong></span> <span class='ocrx_word' id='word_1_489' title='bbox 3204 2378 3221 2418; x_wconf 88' lang='lat'><strong>:</strong></span> <span class='ocrx_word' id='word_1_490' title='bbox 3256 2359 3435 2435; x_wconf 66' lang='lat' dir='ltr'><strong>«Post</strong></span> <span class='ocrx_word' id='word_1_491' title='bbox 3470 2357 3685 2414; x_wconf 87' lang='lat' dir='ltr'><strong>odorem</strong></span> 
     </span>
    </p>
   </div>
   <div class='ocr_carea' id='block_1_65' title="bbox 2117 2449 3687 2530">
    <p class='ocr_par' dir='ltr' id='par_1_65' title="bbox 2117 2449 3687 2530">
     <span class='ocr_line' id='line_1_65' title="bbox 2117 2449 3687 2530; baseline -0.008 -15"><span class='ocrx_word' id='word_1_492' title='bbox 2117 2470 2522 2530; x_wconf 82' lang='lat' dir='ltr'><strong>unguentorum</strong></span> <span class='ocrx_word' id='word_1_493' title='bbox 2562 2470 2779 2514; x_wconf 90' lang='lat' dir='ltr'><strong>tuorum</strong></span> <span class='ocrx_word' id='word_1_494' title='bbox 2813 2460 3133 2525; x_wconf 88' lang='lat' dir='ltr'><strong>currimus;</strong></span> <span class='ocrx_word' id='word_1_495' title='bbox 3176 2474 3195 2509; x_wconf 74' lang='grc' dir='ltr'>ι</span> <span class='ocrx_word' id='word_1_496' title='bbox 3232 2463 3287 2510; x_wconf 79' lang='grc' dir='ltr'>ει</span> <span class='ocrx_word' id='word_1_497' title='bbox 3306 2449 3687 2509; x_wconf 78' lang='lat' dir='ltr'><strong>fontem&#39;bibit.</strong></span> 
     </span>
    </p>
   </div>
   <div class='ocr_carea' id='block_1_66' title="bbox 2117 2544 3705 2623">
    <p class='ocr_par' dir='ltr' id='par_1_66' title="bbox 2117 2544 3705 2623">
     <span class='ocr_line' id='line_1_66' title="bbox 2117 2544 3705 2623; baseline -0.01 -14"><span class='ocrx_word' id='word_1_498' title='bbox 2117 2555 2187 2610; x_wconf 88' lang='lat' dir='ltr'><strong>de</strong></span> <span class='ocrx_word' id='word_1_499' title='bbox 2209 2569 2318 2623; x_wconf 86' lang='lat' dir='ltr'><strong>quo</strong></span> <span class='ocrx_word' id='word_1_500' title='bbox 2364 2553 2593 2617; x_wconf 86' lang='lat' dir='ltr'><strong>dicitur,</strong></span> <span class='ocrx_word' id='word_1_501' title='bbox 2626 2571 2645 2605; x_wconf 83' lang='grc' dir='ltr'>ι</span> <span class='ocrx_word' id='word_1_502' title='bbox 2677 2552 2808 2608; x_wconf 78' lang='lat' dir='ltr'><strong>Mihi</strong></span> <span class='ocrx_word' id='word_1_503' title='bbox 2845 2560 3026 2607; x_wconf 85' lang='lat' dir='ltr'><strong>autem</strong></span> <span class='ocrx_word' id='word_1_504' title='bbox 3057 2550 3339 2606; x_wconf 73' lang='lat' dir='ltr'><strong>adhaerere</strong></span> <span class='ocrx_word' id='word_1_505' title='bbox 3365 2545 3475 2601; x_wconf 85' lang='lat' dir='ltr'><strong>Deo</strong></span> <span class='ocrx_word' id='word_1_506' title='bbox 3494 2544 3705 2599; x_wconf 85' lang='lat' dir='ltr'><strong>bonum.</strong></span> 
     </span>
    </p>
   </div>
   <div class='ocr_carea' id='block_1_67' title="bbox 2118 2634 3698 2715">
    <p class='ocr_par' dir='ltr' id='par_1_67' title="bbox 2118 2634 3698 2715">
     <span class='ocr_line' id='line_1_67' title="bbox 2118 2634 3698 2715; baseline -0.011 -11"><span class='ocrx_word' id='word_1_507' title='bbox 2118 2657 2239 2714; x_wconf 90' lang='lat' dir='ltr'><strong>est;</strong></span> <span class='ocrx_word' id='word_1_508' title='bbox 2273 2666 2291 2701; x_wconf 78' lang='grc' dir='ltr'>ι</span> <span class='ocrx_word' id='word_1_509' title='bbox 2333 2662 2439 2703; x_wconf 91' lang='lat' dir='ltr'><strong>non</strong></span> <span class='ocrx_word' id='word_1_510' title='bbox 2469 2646 2641 2713; x_wconf 91' lang='lat' dir='ltr'><strong>aliud,</strong></span> <span class='ocrx_word' id='word_1_511' title='bbox 2693 2655 2859 2715; x_wconf 87' lang='lat' dir='ltr'><strong>atque</strong></span> <span class='ocrx_word' id='word_1_512' title='bbox 2901 2643 3071 2711; x_wconf 88' lang='lat' dir='ltr'><strong>aliud,</strong></span> <span class='ocrx_word' id='word_1_513' title='bbox 3095 2640 3188 2697; x_wconf 90' lang='lat' dir='ltr'><strong>sed</strong></span> <span class='ocrx_word' id='word_1_514' title='bbox 3215 2655 3318 2694; x_wconf 90' lang='lat' dir='ltr'><strong>una</strong></span> <span class='ocrx_word' id='word_1_515' title='bbox 3343 2634 3698 2710; x_wconf 81' lang='lat' dir='ltr'><strong>intelligentia</strong></span> 
     </span>
    </p>
   </div>
   <div class='ocr_carea' id='block_1_68' title="bbox 2122 2727 3695 2806">
    <p class='ocr_par' dir='ltr' id='par_1_68' title="bbox 2122 2727 3695 2806">
     <span class='ocr_line' id='line_1_68' title="bbox 2122 2727 3695 2806; baseline -0.009 -11"><span class='ocrx_word' id='word_1_516' title='bbox 2122 2752 2194 2795; x_wconf 88' lang='lat' dir='ltr'><strong>tot</strong></span> <span class='ocrx_word' id='word_1_517' title='bbox 2231 2746 2490 2798; x_wconf 83' lang='lat' dir='ltr'><strong>sensuum</strong></span> <span class='ocrx_word' id='word_1_518' title='bbox 2543 2739 2861 2795; x_wconf 88' lang='lat' dir='ltr'><strong>nominibus</strong></span> <span class='ocrx_word' id='word_1_519' title='bbox 2891 2743 3258 2806; x_wconf 85' lang='lat' dir='ltr'><strong>nuncupatur.</strong></span> <span class='ocrx_word' id='word_1_520' title='bbox 3305 2732 3439 2787; x_wconf 82' lang='lat' dir='ltr'><strong>Cum</strong></span> <span class='ocrx_word' id='word_1_521' title='bbox 3465 2744 3593 2799; x_wconf 88' lang='lat' dir='ltr'><strong>ergo</strong></span> <span class='ocrx_word' id='word_1_522' title='bbox 3628 2727 3695 2781; x_wconf 86' lang='lat' dir='ltr'><strong>de.</strong></span> 
     </span>
    </p>
   </div>
   <div class='ocr_carea' id='block_1_69' title="bbox 2122 2826 3697 2906">
    <p class='ocr_par' dir='ltr' id='par_1_69' title="bbox 2122 2826 3697 2906">
     <span class='ocr_line' id='line_1_69' title="bbox 2122 2826 3697 2906; baseline -0.011 -15"><span class='ocrx_word' id='word_1_523' title='bbox 2122 2836 2335 2906; x_wconf 77' lang='lat' dir='ltr'><strong>Spiritu</strong></span> <span class='ocrx_word' id='word_1_524' title='bbox 2406 2842 2602 2890; x_wconf 88' lang='lat' dir='ltr'><strong>sancto</strong></span> <span class='ocrx_word' id='word_1_525' title='bbox 2652 2834 2858 2887; x_wconf 89' lang='lat' dir='ltr'><strong>dicitur</strong></span> <span class='ocrx_word' id='word_1_526' title='bbox 2895 2849 2909 2887; x_wconf 90' lang='lat'><strong>:</strong></span> <span class='ocrx_word' id='word_1_527' title='bbox 2954 2849 2974 2883; x_wconf 81' lang='grc' dir='ltr'><strong>ι</strong></span> <span class='ocrx_word' id='word_1_528' title='bbox 3004 2829 3121 2885; x_wconf 79' lang='lat' dir='ltr'><strong>Non</strong></span> <span class='ocrx_word' id='word_1_529' title='bbox 3176 2826 3322 2883; x_wconf 86' lang='lat' dir='ltr'><strong>enim</strong></span> <span class='ocrx_word' id='word_1_530' title='bbox 3370 2826 3620 2895; x_wconf 85' lang='lat' dir='ltr'><strong>loquetur</strong></span> <span class='ocrx_word' id='word_1_531' title='bbox 3666 2834 3697 2873; x_wconf 89' lang='lat' dir='ltr'><strong>a</strong></span> 
     </span>
    </p>
   </div>
   <div class='ocr_carea' id='block_1_70' title="bbox 2122 2912 3729 3000">
    <p class='ocr_par' dir='ltr' id='par_1_70' title="bbox 2122 2912 3729 3000">
     <span class='ocr_line' id='line_1_70' title="bbox 2122 2912 3729 3000; baseline -0.014 -14"><span class='ocrx_word' id='word_1_532' title='bbox 2122 2930 2442 3000; x_wconf 85' lang='lat' dir='ltr'><strong>semetipso,</strong></span> <span class='ocrx_word' id='word_1_533' title='bbox 2472 2931 2568 2983; x_wconf 89' lang='lat' dir='ltr'><strong>sed</strong></span> <span class='ocrx_word' id='word_1_534' title='bbox 2585 2938 2925 2993; x_wconf 75' lang='lat' dir='ltr'><strong>quaecunque</strong></span> <span class='ocrx_word' id='word_1_535' title='bbox 2949 2922 3154 2986; x_wconf 85' lang='lat' dir='ltr'><strong>audiet,</strong></span> <span class='ocrx_word' id='word_1_536' title='bbox 3180 2920 3450 2990; x_wconf 88' lang='lat' dir='ltr'><strong>loquetur,</strong></span> <span class='ocrx_word' id='word_1_537' title='bbox 3481 2935 3502 2970; x_wconf 78' lang='grc' dir='ltr'>ι</span> <span class='ocrx_word' id='word_1_538' title='bbox 3530 2912 3729 2981; x_wconf 53' lang='lat' dir='ltr'><strong>multo._</strong></span> 
     </span>
    </p>
   </div>
   <div class='ocr_carea' id='block_1_71' title="bbox 2124 3005 3709 3096">
    <p class='ocr_par' dir='ltr' id='par_1_71' title="bbox 2124 3005 3709 3096">
     <span class='ocr_line' id='line_1_71' title="bbox 2124 3005 3709 3096; baseline -0.012 -15"><span class='ocrx_word' id='word_1_539' title='bbox 2124 3024 2298 3096; x_wconf 79' lang='lat' dir='ltr'><strong>magis</strong></span> <span class='ocrx_word' id='word_1_540' title='bbox 2328 3024 2400 3080; x_wconf 87' lang='lat' dir='ltr'><strong>ibi</strong></span> <span class='ocrx_word' id='word_1_541' title='bbox 2428 3020 2664 3093; x_wconf 80' lang='lat' dir='ltr'><strong>simplex</strong></span> <span class='ocrx_word' id='word_1_542' title='bbox 2704 3030 2923 3084; x_wconf 88' lang='lat' dir='ltr'><strong>natura,</strong></span> <span class='ocrx_word' id='word_1_543' title='bbox 2985 3016 3076 3072; x_wconf 89' lang='lat' dir='ltr'><strong>ubi</strong></span> <span class='ocrx_word' id='word_1_544' title='bbox 3135 3011 3428 3070; x_wconf 85' lang='lat' dir='ltr'><strong>verissime</strong></span> <span class='ocrx_word' id='word_1_545' title='bbox 3476 3005 3709 3079; x_wconf 73' lang='lat' dir='ltr'><strong>simplex</strong></span> 
     </span>
    </p>
   </div>
   <div class='ocr_carea' id='block_1_72' title="bbox 2128 3189 3697 3275">
    <p class='ocr_par' dir='ltr' id='par_1_72' title="bbox 2128 3189 3697 3275">
     <span class='ocr_line' id='line_1_72' title="bbox 2128 3189 3697 3275; baseline -0.013 -15"><span class='ocrx_word' id='word_1_546' title='bbox 2128 3205 2321 3275; x_wconf 67' lang='grc' dir='ltr'><strong>ἐξεμεῖ</strong></span> <span class='ocrx_word' id='word_1_547' title='bbox 2344 3200 2438 3260; x_wconf 83' lang='grc' dir='ltr'><strong>τοῦ</strong></span> <span class='ocrx_word' id='word_1_548' title='bbox 2475 3200 2750 3274; x_wconf 86' lang='grc' dir='ltr'><strong>στόματος</strong></span> <span class='ocrx_word' id='word_1_549' title='bbox 2803 3198 2990 3260; x_wconf 70' lang='grc' dir='ltr'>αὐτοῦ.</span> <span class='ocrx_word' id='word_1_550' title='bbox 3038 3194 3150 3249; x_wconf 73' lang='grc' dir='ltr'><strong>Καὶ</strong></span> <span class='ocrx_word' id='word_1_551' title='bbox 3197 3194 3227 3248; x_wconf 98' lang='lat'><strong>6</strong></span> <span class='ocrx_word' id='word_1_552' title='bbox 3276 3189 3468 3259; x_wconf 76' lang='grc' dir='ltr'>Σωτήρ</span> <span class='ocrx_word' id='word_1_553' title='bbox 3515 3203 3697 3259; x_wconf 81' lang='grc' dir='ltr'>φησιν.</span> 
     </span>
    </p>
   </div>
   <div class='ocr_carea' id='block_1_73' title="bbox 2048 3276 3701 3381">
    <p class='ocr_par' dir='ltr' id='par_1_73' title="bbox 2048 3276 3701 3381">
     <span class='ocr_line' id='line_1_73' title="bbox 2048 3276 3701 3381; baseline -0.013 -30"><span class='ocrx_word' id='word_1_554' title='bbox 2048 3319 2095 3381; x_wconf 76' lang='lat' dir='ltr'>c</span> <span class='ocrx_word' id='word_1_555' title='bbox 2131 3315 2153 3350; x_wconf 78' lang='grc' dir='ltr'>ι</span> <span class='ocrx_word' id='word_1_556' title='bbox 2207 3297 2373 3367; x_wconf 80' lang='grc' dir='ltr'>Ἐμὸν</span> <span class='ocrx_word' id='word_1_557' title='bbox 2420 3295 2622 3367; x_wconf 81' lang='grc' dir='ltr'><strong>βρῶμά</strong></span> <span class='ocrx_word' id='word_1_558' title='bbox 2671 3296 2843 3356; x_wconf 75' lang='grc' dir='ltr'>ἐστιν,</span> <span class='ocrx_word' id='word_1_559' title='bbox 2881 3290 2970 3344; x_wconf 74' lang='grc' dir='ltr'><strong>ἶνα</strong></span> <span class='ocrx_word' id='word_1_560' title='bbox 3019 3287 3159 3341; x_wconf 87' lang='grc' dir='ltr'>ποιῶ</span> <span class='ocrx_word' id='word_1_561' title='bbox 3199 3284 3281 3381; x_wconf 33' lang='grc' dir='ltr'>Ῑτδ</span> <span class='ocrx_word' id='word_1_562' title='bbox 3307 3282 3577 3381; x_wconf 35' lang='grc' dir='ltr'><strong>θέλημα.</strong></span> <span class='ocrx_word' id='word_1_563' title='bbox 3606 3276 3701 3332; x_wconf 82' lang='grc' dir='ltr'><strong>τοῦ</strong></span> 
     </span>
    </p>
   </div>
   <div class='ocr_carea' id='block_1_74' title="bbox 2130 3372 3702 3460">
    <p class='ocr_par' dir='ltr' id='par_1_74' title="bbox 2130 3372 3702 3460">
     <span class='ocr_line' id='line_1_74' title="bbox 2130 3372 3702 3460; baseline -0.016 -12"><span class='ocrx_word' id='word_1_564' title='bbox 2130 3389 2449 3460; x_wconf 70' lang='grc' dir='ltr'>πέμψαντός</span> <span class='ocrx_word' id='word_1_565' title='bbox 2478 3405 2568 3458; x_wconf 91' lang='grc' dir='ltr'><strong>με.</strong></span> <span class='ocrx_word' id='word_1_566' title='bbox 2603 3406 2622 3439; x_wconf 73' lang='grc' dir='ltr'>ι</span> <span class='ocrx_word' id='word_1_567' title='bbox 2664 3385 2826 3439; x_wconf 84' lang='grc' dir='ltr'>Ἔστι</span> <span class='ocrx_word' id='word_1_568' title='bbox 2858 3383 2952 3438; x_wconf 70' lang='grc' dir='ltr'>καὶ</span> <span class='ocrx_word' id='word_1_569' title='bbox 2986 3381 3099 3454; x_wconf 73' lang='grc' dir='ltr'><strong>ἁφὴ</strong></span> <span class='ocrx_word' id='word_1_570' title='bbox 3126 3379 3270 3446; x_wconf 84' lang='grc' dir='ltr'><strong>Θεία,</strong></span> <span class='ocrx_word' id='word_1_571' title='bbox 3302 3378 3424 3432; x_wconf 83' lang='grc' dir='ltr'>ὅθεν</span> <span class='ocrx_word' id='word_1_572' title='bbox 3456 3376 3490 3446; x_wconf 73' lang='grc' dir='ltr'>ἡ</span> <span class='ocrx_word' id='word_1_573' title='bbox 3520 3372 3702 3441; x_wconf 80' lang='grc' dir='ltr'>νύμφη</span> 
     </span>
    </p>
   </div>
   <div class='ocr_carea' id='block_1_75' title="bbox 2131 3463 3708 3548">
    <p class='ocr_par' dir='ltr' id='par_1_75' title="bbox 2131 3463 3708 3548">
     <span class='ocr_line' id='line_1_75' title="bbox 2131 3463 3708 3548; baseline -0.009 -18"><span class='ocrx_word' id='word_1_574' title='bbox 2131 3481 2263 3548; x_wconf 73' lang='grc' dir='ltr'>περὶ</span> <span class='ocrx_word' id='word_1_575' title='bbox 2299 3476 2393 3531; x_wconf 88' lang='grc' dir='ltr'><strong>τοῦ</strong></span> <span class='ocrx_word' id='word_1_576' title='bbox 2430 3474 2668 3546; x_wconf 65' lang='grc' dir='ltr'>νυμιρίου</span> <span class='ocrx_word' id='word_1_577' title='bbox 2709 3472 2895 3545; x_wconf 67' lang='grc' dir='ltr'><strong>φησίν*</strong></span> <span class='ocrx_word' id='word_1_578' title='bbox 2936 3490 2955 3523; x_wconf 78' lang='grc' dir='ltr'><strong>ι</strong></span> <span class='ocrx_word' id='word_1_579' title='bbox 2977 3471 3042 3524; x_wconf 81' lang='grc'><strong>’11</strong></span> <span class='ocrx_word' id='word_1_580' title='bbox 3074 3468 3342 3541; x_wconf 78' lang='grc' dir='ltr'>ἀριστερά</span> <span class='ocrx_word' id='word_1_581' title='bbox 3368 3465 3532 3521; x_wconf 82' lang='grc' dir='ltr'>αὐτοῦ</span> <span class='ocrx_word' id='word_1_582' title='bbox 3566 3463 3708 3534; x_wconf 73' lang='grc' dir='ltr'>ὑπὲρ</span> 
     </span>
    </p>
   </div>
   <div class='ocr_carea' id='block_1_76' title="bbox 2131 3558 3698 3639">
    <p class='ocr_par' dir='ltr' id='par_1_76' title="bbox 2131 3558 3698 3639">
     <span class='ocr_line' id='line_1_76' title="bbox 2131 3558 3698 3639; baseline -0.011 -15"><span class='ocrx_word' id='word_1_583' title='bbox 2131 3570 2234 3639; x_wconf 75' lang='grc' dir='ltr'>τὴν</span> <span class='ocrx_word' id='word_1_584' title='bbox 2266 3569 2517 3638; x_wconf 77' lang='grc' dir='ltr'>κεφαλήν</span> <span class='ocrx_word' id='word_1_585' title='bbox 2556 3585 2681 3637; x_wconf 88' lang='grc' dir='ltr'>μου,</span> <span class='ocrx_word' id='word_1_586' title='bbox 2711 3568 2806 3622; x_wconf 74' lang='grc' dir='ltr'>καὶ</span> <span class='ocrx_word' id='word_1_587' title='bbox 2835 3570 2900 3637; x_wconf 84' lang='grc' dir='ltr'><strong>τῇ</strong></span> <span class='ocrx_word' id='word_1_588' title='bbox 2934 3565 3085 3635; x_wconf 80' lang='grc' dir='ltr'>δεξιᾷ</span> <span class='ocrx_word' id='word_1_589' title='bbox 3118 3558 3527 3633; x_wconf 72' lang='grc' dir='ltr'>περιλαμϐάνει</span> <span class='ocrx_word' id='word_1_590' title='bbox 3556 3574 3640 3627; x_wconf 87' lang='grc' dir='ltr'><strong>με.</strong></span> <span class='ocrx_word' id='word_1_591' title='bbox 3679 3572 3698 3607; x_wconf 74' lang='grc' dir='ltr'>ι</span> 
     </span>
    </p>
   </div>
   <div class='ocr_carea' id='block_1_77' title="bbox 2145 3649 3707 3723">
    <p class='ocr_par' dir='ltr' id='par_1_77' title="bbox 2145 3649 3707 3723">
     <span class='ocr_line' id='line_1_77' title="bbox 2145 3649 3707 3723; baseline -0.01 -7"><span class='ocrx_word' id='word_1_592' title='bbox 2145 3662 2288 3716; x_wconf 79' lang='grc' dir='ltr'><strong>Ἀλλ’</strong></span> <span class='ocrx_word' id='word_1_593' title='bbox 2320 3662 2459 3714; x_wconf 72' lang='grc' dir='ltr'>αὐτὰ</span> <span class='ocrx_word' id='word_1_594' title='bbox 2489 3662 2667 3714; x_wconf 81' lang='grc' dir='ltr'>πάντα</span> <span class='ocrx_word' id='word_1_595' title='bbox 2698 3660 2798 3713; x_wconf 81' lang='grc' dir='ltr'>οὐκ</span> <span class='ocrx_word' id='word_1_596' title='bbox 2827 3660 2968 3712; x_wconf 72' lang='grc' dir='ltr'>εἰσὶν</span> <span class='ocrx_word' id='word_1_597' title='bbox 3004 3658 3063 3710; x_wconf 82' lang='grc' dir='ltr'><strong>ὲν</strong></span> <span class='ocrx_word' id='word_1_598' title='bbox 3094 3653 3173 3723; x_wconf 85' lang='grc' dir='ltr'><strong>τῷ</strong></span> <span class='ocrx_word' id='word_1_599' title='bbox 3198 3652 3320 3722; x_wconf 84' lang='grc' dir='ltr'><strong>Θεῷ</strong></span> <span class='ocrx_word' id='word_1_600' title='bbox 3347 3653 3404 3705; x_wconf 75' lang='grc' dir='ltr'><strong>ἐν</strong></span> <span class='ocrx_word' id='word_1_601' title='bbox 3436 3649 3707 3719; x_wconf 72' lang='grc' dir='ltr'>διαφόροις</span> 
     </span>
    </p>
   </div>
   <div class='ocr_carea' id='block_1_78' title="bbox 2133 3730 3707 3824">
    <p class='ocr_par' dir='ltr' id='par_1_78' title="bbox 2133 3730 3707 3824">
     <span class='ocr_line' id='line_1_78' title="bbox 2133 3730 3707 3824; baseline -0.011 -16"><span class='ocrx_word' id='word_1_602' title='bbox 2133 3754 2229 3809; x_wconf 89' lang='grc' dir='ltr'><strong>τοῦ</strong></span> <span class='ocrx_word' id='word_1_603' title='bbox 2265 3753 2522 3823; x_wconf 85' lang='grc' dir='ltr'><strong>σώματος</strong></span> <span class='ocrx_word' id='word_1_604' title='bbox 2551 3753 2784 3824; x_wconf 85' lang='grc' dir='ltr'>χώραις.</span> <span class='ocrx_word' id='word_1_605' title='bbox 2820 3752 2991 3806; x_wconf 83' lang='grc' dir='ltr'>Ὅταν</span> <span class='ocrx_word' id='word_1_606' title='bbox 3021 3747 3130 3821; x_wconf 78' lang='grc' dir='ltr'><strong>γὰρ</strong></span> <span class='ocrx_word' id='word_1_607' title='bbox 3167 3730 3394 3815; x_wconf 72' lang='grc' dir='ltr'>λέγηται</span> <span class='ocrx_word' id='word_1_608' title='bbox 3424 3740 3707 3813; x_wconf 81' lang='grc' dir='ltr'>γινώσκειν</span> 
     </span>
    </p>
   </div>
   <div class='ocr_carea' id='block_1_79' title="bbox 2134 3832 3708 3917">
    <p class='ocr_par' dir='ltr' id='par_1_79' title="bbox 2134 3832 3708 3917">
     <span class='ocr_line' id='line_1_79' title="bbox 2134 3832 3708 3917; baseline -0.013 -12"><span class='ocrx_word' id='word_1_609' title='bbox 2134 3851 2321 3917; x_wconf 73' lang='grc' dir='ltr'>αὐτὸν,</span> <span class='ocrx_word' id='word_1_610' title='bbox 2353 3850 2472 3904; x_wconf 80' lang='grc' dir='ltr'>ἐκεῖ</span> <span class='ocrx_word' id='word_1_611' title='bbox 2517 3848 2699 3903; x_wconf 76' lang='grc' dir='ltr'>πάντα</span> <span class='ocrx_word' id='word_1_612' title='bbox 2729 3845 2907 3901; x_wconf 86' lang='grc' dir='ltr'>ταῦτά</span> <span class='ocrx_word' id='word_1_613' title='bbox 2945 3845 3075 3911; x_wconf 75' lang='grc' dir='ltr'>εἱσι,</span> <span class='ocrx_word' id='word_1_614' title='bbox 3112 3844 3207 3897; x_wconf 77' lang='grc' dir='ltr'>καὶ</span> <span class='ocrx_word' id='word_1_615' title='bbox 3235 3839 3298 3893; x_wconf 85' lang='grc' dir='ltr'><strong>τὸ</strong></span> <span class='ocrx_word' id='word_1_616' title='bbox 3326 3838 3482 3911; x_wconf 76' lang='grc' dir='ltr'>ὁρᾷν,</span> <span class='ocrx_word' id='word_1_617' title='bbox 3530 3834 3623 3889; x_wconf 71' lang='grc' dir='ltr'>καὶ</span> <span class='ocrx_word' id='word_1_618' title='bbox 3651 3832 3708 3886; x_wconf 75' lang='grc' dir='ltr'><strong>τὸ</strong></span> 
     </span>
    </p>
   </div>
   <div class='ocr_carea' id='block_1_80' title="bbox 2134 3927 3708 4014">
    <p class='ocr_par' dir='ltr' id='par_1_80' title="bbox 2134 3927 3708 4014">
     <span class='ocr_line' id='line_1_80' title="bbox 2134 3927 3708 4014; baseline -0.015 -13"><span class='ocrx_word' id='word_1_619' title='bbox 2134 3946 2381 4010; x_wconf 84' lang='grc' dir='ltr'>ἀκούειν,</span> <span class='ocrx_word' id='word_1_620' title='bbox 2416 3944 2508 3998; x_wconf 73' lang='grc' dir='ltr'>καὶ</span> <span class='ocrx_word' id='word_1_621' title='bbox 2534 3940 2955 4014; x_wconf 84' lang='grc' dir='ltr'>ὀσφραίνεσθαι,</span> <span class='ocrx_word' id='word_1_622' title='bbox 2987 3939 3085 3991; x_wconf 78' lang='grc' dir='ltr'><strong>καὶ</strong></span> <span class='ocrx_word' id='word_1_623' title='bbox 3107 3934 3390 4005; x_wconf 76' lang='grc' dir='ltr'>γεύεσθαι,</span> <span class='ocrx_word' id='word_1_624' title='bbox 3423 3930 3517 3985; x_wconf 74' lang='grc' dir='ltr'>καὶ</span> <span class='ocrx_word' id='word_1_625' title='bbox 3543 3927 3708 3984; x_wconf 69' lang='grc' dir='ltr'>ἀπτε-</span> 
     </span>
    </p>
   </div>
   <div class='ocr_carea' id='block_1_81' title="bbox 2139 4021 3706 4102">
    <p class='ocr_par' dir='ltr' id='par_1_81' title="bbox 2139 4021 3706 4102">
     <span class='ocr_line' id='line_1_81' title="bbox 2139 4021 3706 4102; baseline -0.011 -10"><span class='ocrx_word' id='word_1_626' title='bbox 2139 4037 2262 4092; x_wconf 87' lang='grc' dir='ltr'>σθαι</span> <span class='ocrx_word' id='word_1_627' title='bbox 2318 4037 2448 4090; x_wconf 80' lang='grc' dir='ltr'>ἄνευ</span> <span class='ocrx_word' id='word_1_628' title='bbox 2500 4034 2652 4099; x_wconf 78' lang='grc' dir='ltr'>τινὸς</span> <span class='ocrx_word' id='word_1_629' title='bbox 2713 4031 3024 4102; x_wconf 73' lang='grc' dir='ltr'>μεταϐολῆς</span> <span class='ocrx_word' id='word_1_630' title='bbox 3075 4029 3174 4097; x_wconf 85' lang='grc' dir='ltr'>τῆς</span> <span class='ocrx_word' id='word_1_631' title='bbox 3223 4027 3410 4089; x_wconf 80' lang='grc' dir='ltr'><strong>οὐσίας</strong></span> <span class='ocrx_word' id='word_1_632' title='bbox 3473 4021 3706 4089; x_wconf 78' lang='grc' dir='ltr'>ἐκείνης,</span> 
     </span>
    </p>
   </div>
   <div class='ocr_carea' id='block_1_82' title="bbox 2137 4112 3709 4199">
    <p class='ocr_par' dir='ltr' id='par_1_82' title="bbox 2137 4112 3709 4199">
     <span class='ocr_line' id='line_1_82' title="bbox 2137 4112 3709 4199; baseline -0.014 -13"><span class='ocrx_word' id='word_1_633' title='bbox 2137 4130 2269 4186; x_wconf 76' lang='grc' dir='ltr'><strong>ἄνευ</strong></span> <span class='ocrx_word' id='word_1_634' title='bbox 2299 4127 2589 4199; x_wconf 76' lang='grc' dir='ltr'>μεγέθους,</span> <span class='ocrx_word' id='word_1_635' title='bbox 2621 4127 2763 4195; x_wconf 78' lang='grc' dir='ltr'>ὅπερ</span> <span class='ocrx_word' id='word_1_636' title='bbox 2795 4123 2984 4179; x_wconf 75' lang='grc' dir='ltr'>ἄλλοθι</span> <span class='ocrx_word' id='word_1_637' title='bbox 3041 4120 3141 4193; x_wconf 71' lang='grc' dir='ltr'><strong>μὲν</strong></span> <span class='ocrx_word' id='word_1_638' title='bbox 3192 4119 3397 4190; x_wconf 77' lang='grc' dir='ltr'>μεῖζον,</span> <span class='ocrx_word' id='word_1_639' title='bbox 3431 4113 3614 4170; x_wconf 82' lang='grc' dir='ltr'>ἄλλοθι</span> <span class='ocrx_word' id='word_1_640' title='bbox 3652 4112 3709 4165; x_wconf 79' lang='grc' dir='ltr'>δὲ</span> 
     </span>
    </p>
   </div>
   <div class='ocr_carea' id='block_1_83' title="bbox 2138 4204 3712 4285">
    <p class='ocr_par' dir='ltr' id='par_1_83' title="bbox 2138 4204 3712 4285">
     <span class='ocr_line' id='line_1_83' title="bbox 2138 4204 3712 4285; baseline -0.013 -9"><span class='ocrx_word' id='word_1_641' title='bbox 2138 4220 2384 4285; x_wconf 73' lang='grc' dir='ltr'>ἔλαττον,</span> <span class='ocrx_word' id='word_1_642' title='bbox 2422 4221 2527 4273; x_wconf 86' lang='grc' dir='ltr'><strong>κάν</strong></span> <span class='ocrx_word' id='word_1_643' title='bbox 2584 4220 2705 4281; x_wconf 83' lang='grc' dir='ltr'>ταῖς</span> <span class='ocrx_word' id='word_1_644' title='bbox 2755 4214 3051 4285; x_wconf 77' lang='grc' dir='ltr'><strong>αἰσθήσεσι</strong></span> <span class='ocrx_word' id='word_1_645' title='bbox 3106 4210 3198 4285; x_wconf 76' lang='grc' dir='ltr'><strong>[ἐν</strong></span> <span class='ocrx_word' id='word_1_646' title='bbox 3227 4210 3418 4275; x_wconf 67' lang='grc' dir='ltr'><strong>ἄλλῳ,</strong></span> <span class='ocrx_word' id='word_1_647' title='bbox 3452 4207 3556 4261; x_wconf 72' lang='grc' dir='ltr'>κᾶν</span> <span class='ocrx_word' id='word_1_648' title='bbox 3600 4204 3712 4266; x_wconf 84' lang='grc' dir='ltr'><strong>τοῖς</strong></span> 
     </span>
    </p>
   </div>
   <div class='ocr_carea' id='block_1_84' title="bbox 2139 4297 3714 4385">
    <p class='ocr_par' dir='ltr' id='par_1_84' title="bbox 2139 4297 3714 4385">
     <span class='ocr_line' id='line_1_84' title="bbox 2139 4297 3714 4385; baseline -0.013 -17"><span class='ocrx_word' id='word_1_649' title='bbox 2139 4311 2394 4385; x_wconf 78' lang='grc' dir='ltr'>γέρουσι]</span> <span class='ocrx_word' id='word_1_650' title='bbox 2426 4311 2652 4380; x_wconf 80' lang='grc' dir='ltr'>παιδικῇ</span> <span class='ocrx_word' id='word_1_651' title='bbox 2689 4309 2903 4377; x_wconf 66' lang='grc' dir='ltr'>διανοίᾳ</span> <span class='ocrx_word' id='word_1_652' title='bbox 2936 4305 3149 4375; x_wconf 80' lang='grc' dir='ltr'>νοῆται,</span> <span class='ocrx_word' id='word_1_653' title='bbox 3185 4304 3312 4357; x_wconf 76' lang='grc' dir='ltr'>ὅταν</span> <span class='ocrx_word' id='word_1_654' title='bbox 3339 4300 3481 4353; x_wconf 80' lang='grc' dir='ltr'>οὕτω</span> <span class='ocrx_word' id='word_1_655' title='bbox 3501 4297 3714 4366; x_wconf 75' lang='grc' dir='ltr'>λογίζη-</span> 
     </span>
    </p>
   </div>
   <div class='ocr_carea' id='block_1_85' title="bbox 2139 4387 3714 4475">
    <p class='ocr_par' dir='ltr' id='par_1_85' title="bbox 2139 4387 3714 4475">
     <span class='ocr_line' id='line_1_85' title="bbox 2139 4387 3714 4475; baseline -0.013 -13"><span class='ocrx_word' id='word_1_656' title='bbox 2139 4425 2233 4462; x_wconf 85' lang='grc' dir='ltr'><strong>ται</strong></span> <span class='ocrx_word' id='word_1_657' title='bbox 2264 4407 2393 4475; x_wconf 72' lang='grc' dir='ltr'>περὶ</span> <span class='ocrx_word' id='word_1_658' title='bbox 2424 4402 2586 4459; x_wconf 83' lang='grc' dir='ltr'><strong>Θεοῦ.</strong></span> <span class='ocrx_word' id='word_1_659' title='bbox 2619 4400 2712 4473; x_wconf 78' lang='grc' dir='ltr'><strong>Μὴ</strong></span> <span class='ocrx_word' id='word_1_660' title='bbox 2741 4398 3033 4473; x_wconf 78' lang='grc' dir='ltr'>Θαυμάσῃς</span> <span class='ocrx_word' id='word_1_661' title='bbox 3081 4396 3137 4449; x_wconf 79' lang='grc' dir='ltr'>δὲ</span> <span class='ocrx_word' id='word_1_662' title='bbox 3173 4397 3222 4449; x_wconf 85' lang='grc' dir='ltr'><strong>εί</strong></span> <span class='ocrx_word' id='word_1_663' title='bbox 3279 4393 3555 4463; x_wconf 81' lang='grc' dir='ltr'>διαφόροις</span> <span class='ocrx_word' id='word_1_664' title='bbox 3594 4387 3714 4459; x_wconf 82' lang='grc' dir='ltr'>τρό-</span> 
     </span>
    </p>
   </div>
   <div class='ocr_carea' id='block_1_86' title="bbox 2142 4484 3714 4569">
    <p class='ocr_par' dir='ltr' id='par_1_86' title="bbox 2142 4484 3714 4569">
     <span class='ocr_line' id='line_1_86' title="bbox 2142 4484 3714 4569; baseline -0.013 -16"><span class='ocrx_word' id='word_1_665' title='bbox 2142 4518 2267 4563; x_wconf 83' lang='grc' dir='ltr'>ποις</span> <span class='ocrx_word' id='word_1_666' title='bbox 2301 4497 2654 4569; x_wconf 62' lang='grc' dir='ltr'>ἀνῖρωπίνης</span> <span class='ocrx_word' id='word_1_667' title='bbox 2701 4495 2888 4564; x_wconf 75' lang='grc' dir='ltr'>φωνῆς</span> <span class='ocrx_word' id='word_1_668' title='bbox 2930 4495 2963 4564; x_wconf 85' lang='grc' dir='ltr'>ἡ</span> <span class='ocrx_word' id='word_1_669' title='bbox 3017 4493 3257 4565; x_wconf 77' lang='grc' dir='ltr'><strong>ἅρρητος</strong></span> <span class='ocrx_word' id='word_1_670' title='bbox 3306 4488 3401 4541; x_wconf 89' lang='grc' dir='ltr'><strong>τοῦ</strong></span> <span class='ocrx_word' id='word_1_671' title='bbox 3436 4484 3570 4539; x_wconf 82' lang='grc' dir='ltr'><strong>Θεοῦ</strong></span> <span class='ocrx_word' id='word_1_672' title='bbox 3604 4484 3714 4535; x_wconf 70' lang='grc' dir='ltr'>ἔπι-</span> 
     </span>
    </p>
   </div>
   <div class='ocr_carea' id='block_1_87' title="bbox 448 4574 3717 4663">
    <p class='ocr_par' dir='ltr' id='par_1_87' title="bbox 448 4574 3717 4663">
     <span class='ocr_line' id='line_1_87' title="bbox 448 4574 3717 4663; baseline -0.005 -23"><span class='ocrx_word' id='word_1_673' title='bbox 448 4588 634 4642; x_wconf 73' lang='grc' dir='ltr'>ϐἀσαι.</span> <span class='ocrx_word' id='word_1_674' title='bbox 664 4586 896 4659; x_wconf 81' lang='grc' dir='ltr'>Πρῶτον</span> <span class='ocrx_word' id='word_1_675' title='bbox 922 4587 1107 4640; x_wconf 82' lang='grc' dir='ltr'>τοίνυν</span> <span class='ocrx_word' id='word_1_676' title='bbox 1130 4586 1429 4654; x_wconf 81' lang='grc' dir='ltr'>γινώσκειν</span> <span class='ocrx_word' id='word_1_677' title='bbox 1452 4587 1741 4658; x_wconf 73' lang='grc' dir='ltr'><strong>ὠφείλετε,</strong></span> <span class='ocrx_word' id='word_1_678' title='bbox 1774 4589 1872 4641; x_wconf 69' lang='grc' dir='ltr'><strong>καὶ</strong></span> <span class='ocrx_word' id='word_1_679' title='bbox 1894 4591 2039 4642; x_wconf 82' lang='grc' dir='ltr'><strong>νοεῖν</strong></span> <span class='ocrx_word' id='word_1_680' title='bbox 2146 4591 2356 4660; x_wconf 81' lang='grc' dir='ltr'><strong>στήμη,</strong></span> <span class='ocrx_word' id='word_1_681' title='bbox 2450 4589 2625 4643; x_wconf 80' lang='grc' dir='ltr'>πάντα</span> <span class='ocrx_word' id='word_1_682' title='bbox 2653 4583 2786 4652; x_wconf 74' lang='grc' dir='ltr'><strong>οἶδε,</strong></span> <span class='ocrx_word' id='word_1_683' title='bbox 2818 4587 2957 4639; x_wconf 81' lang='grc' dir='ltr'>πᾶσι</span> <span class='ocrx_word' id='word_1_684' title='bbox 3000 4587 3115 4647; x_wconf 77' lang='grc' dir='ltr'>τοῖς</span> <span class='ocrx_word' id='word_1_685' title='bbox 3146 4583 3255 4635; x_wconf 85' lang='grc' dir='ltr'>τῶν</span> <span class='ocrx_word' id='word_1_686' title='bbox 3286 4576 3588 4650; x_wconf 81' lang='grc' dir='ltr'>ἀνθρώπων</span> <span class='ocrx_word' id='word_1_687' title='bbox 3634 4574 3717 4627; x_wconf 84' lang='grc' dir='ltr'><strong>αι·</strong></span> 
     </span>
    </p>
   </div>
   <div class='ocr_carea' id='block_1_88' title="bbox 444 4666 3713 4753">
    <p class='ocr_par' dir='ltr' id='par_1_88' title="bbox 444 4666 3713 4753">
     <span class='ocr_line' id='line_1_88' title="bbox 444 4666 3713 4753; baseline -0.005 -19"><span class='ocrx_word' id='word_1_688' title='bbox 444 4679 701 4746; x_wconf 65' lang='grc' dir='ltr'>δὲνασοε,</span> <span class='ocrx_word' id='word_1_689' title='bbox 735 4680 1024 4734; x_wconf 81' lang='grc' dir='ltr'>πιστεύειν</span> <span class='ocrx_word' id='word_1_690' title='bbox 1050 4680 1107 4733; x_wconf 76' lang='grc' dir='ltr'>δὲ</span> <span class='ocrx_word' id='word_1_691' title='bbox 1142 4681 1192 4733; x_wconf 88' lang='grc' dir='ltr'><strong>οἱ</strong></span> <span class='ocrx_word' id='word_1_692' title='bbox 1241 4682 1390 4734; x_wconf 80' lang='grc' dir='ltr'>νοεῖν</span> <span class='ocrx_word' id='word_1_693' title='bbox 1427 4680 1526 4751; x_wconf 80' lang='grc' dir='ltr'><strong>οὐχ</strong></span> <span class='ocrx_word' id='word_1_694' title='bbox 1572 4675 1677 4733; x_wconf 78' lang='grc' dir='ltr'>οἷοί</span> <span class='ocrx_word' id='word_1_695' title='bbox 1706 4697 1767 4734; x_wconf 89' lang='grc' dir='ltr'>τε</span> <span class='ocrx_word' id='word_1_696' title='bbox 1801 4679 1954 4743; x_wconf 71' lang='grc' dir='ltr'>ὄντες</span> <span class='ocrx_word' id='word_1_697' title='bbox 1981 4683 2039 4734; x_wconf 77' lang='grc' dir='ltr'><strong>ἐν</strong></span> <span class='ocrx_word' id='word_1_698' title='bbox 2074 4675 2115 4731; x_wconf 90' lang='lat' dir='ltr'><strong>D</strong></span> <span class='ocrx_word' id='word_1_699' title='bbox 2142 4682 2391 4753; x_wconf 78' lang='grc' dir='ltr'>σοήσεων</span> <span class='ocrx_word' id='word_1_700' title='bbox 2434 4682 2656 4748; x_wconf 81' lang='grc' dir='ltr'>τρόποις</span> <span class='ocrx_word' id='word_1_701' title='bbox 2707 4675 3162 4746; x_wconf 76' lang='grc' dir='ltr'><strong>κατονομάζεται,</strong></span> <span class='ocrx_word' id='word_1_702' title='bbox 3211 4672 3335 4726; x_wconf 71' lang='grc' dir='ltr'><strong>ἐπεὶ</strong></span> <span class='ocrx_word' id='word_1_703' title='bbox 3388 4670 3484 4723; x_wconf 80' lang='grc' dir='ltr'>καὶ</span> <span class='ocrx_word' id='word_1_704' title='bbox 3517 4666 3713 4753; x_wconf 77' lang='grc' dir='ltr'>αύτὴῆ</span> 
     </span>
    </p>
   </div>
   <div class='ocr_carea' id='block_1_89' title="bbox 447 4752 3712 4846">
    <p class='ocr_par' dir='ltr' id='par_1_89' title="bbox 447 4752 3712 4846">
     <span class='ocr_line' id='line_1_89' title="bbox 447 4752 3712 4846; baseline -0.005 -18"><span class='ocrx_word' id='word_1_705' title='bbox 447 4778 511 4846; x_wconf 82' lang='grc' dir='ltr'><strong>τῇ</strong></span> <span class='ocrx_word' id='word_1_706' title='bbox 540 4774 700 4846; x_wconf 74' lang='grc' dir='ltr'>οὐσία</span> <span class='ocrx_word' id='word_1_707' title='bbox 732 4773 945 4844; x_wconf 74' lang='grc' dir='ltr'><strong>ἐκείνῃ,</strong></span> <span class='ocrx_word' id='word_1_708' title='bbox 975 4774 1099 4845; x_wconf 76' lang='grc' dir='ltr'>ἥτις</span> <span class='ocrx_word' id='word_1_709' title='bbox 1130 4774 1303 4839; x_wconf 35' lang='grc' dir='ltr'>,ἐστὶν</span> <span class='ocrx_word' id='word_1_710' title='bbox 1338 4773 1366 4825; x_wconf 84' lang='lat'><strong>6</strong></span> <span class='ocrx_word' id='word_1_711' title='bbox 1406 4772 1576 4841; x_wconf 73' lang='grc' dir='ltr'>Θεὸς,</span> <span class='ocrx_word' id='word_1_712' title='bbox 1611 4772 1711 4842; x_wconf 76' lang='grc' dir='ltr'>ούχ</span> <span class='ocrx_word' id='word_1_713' title='bbox 1758 4771 1949 4843; x_wconf 72' lang='grc' dir='ltr'>ὥσπερ</span> <span class='ocrx_word' id='word_1_714' title='bbox 1978 4773 2037 4826; x_wconf 82' lang='grc' dir='ltr'><strong>ὲν</strong></span> <span class='ocrx_word' id='word_1_715' title='bbox 2138 4775 2386 4846; x_wconf 76' lang='grc' dir='ltr'><strong>ἡμετέρα</strong></span> <span class='ocrx_word' id='word_1_716' title='bbox 2416 4771 2651 4834; x_wconf 81' lang='grc' dir='ltr'>διάνοια,</span> <span class='ocrx_word' id='word_1_717' title='bbox 2691 4771 2721 4824; x_wconf 92' lang='lat'><strong>6</strong></span> <span class='ocrx_word' id='word_1_718' title='bbox 2756 4768 2911 4831; x_wconf 69' lang='grc' dir='ltr'>ἔντος</span> <span class='ocrx_word' id='word_1_719' title='bbox 2944 4766 3232 4834; x_wconf 79' lang='grc' dir='ltr'>ἅνθρωπος</span> <span class='ocrx_word' id='word_1_720' title='bbox 3263 4761 3528 4833; x_wconf 83' lang='grc' dir='ltr'>δηλονότι,</span> <span class='ocrx_word' id='word_1_721' title='bbox 3562 4752 3712 4827; x_wconf 84' lang='grc' dir='ltr'>ᾧτινι</span> 
     </span>
    </p>
   </div>
   <div class='ocr_carea' id='block_1_90' title="bbox 452 4865 2039 4939">
    <p class='ocr_par' dir='ltr' id='par_1_90' title="bbox 452 4865 2039 4939">
     <span class='ocr_line' id='line_1_90' title="bbox 452 4865 2039 4939; baseline -0.002 -17"><span class='ocrx_word' id='word_1_722' title='bbox 452 4869 674 4939; x_wconf 75' lang='grc' dir='ltr'><strong>μεγέθει</strong></span> <span class='ocrx_word' id='word_1_723' title='bbox 708 4884 968 4936; x_wconf 77' lang='grc' dir='ltr'>σωματος</span> <span class='ocrx_word' id='word_1_724' title='bbox 1007 4865 1301 4936; x_wconf 77' lang='grc' dir='ltr'><strong>αἰσθήσεις</strong></span> <span class='ocrx_word' id='word_1_725' title='bbox 1338 4865 1497 4928; x_wconf 89' lang='grc' dir='ltr'>ίδίοις</span> <span class='ocrx_word' id='word_1_726' title='bbox 1546 4866 1732 4928; x_wconf 82' lang='grc' dir='ltr'>τόποις</span> <span class='ocrx_word' id='word_1_727' title='bbox 1778 4866 2039 4937; x_wconf 81' lang='grc' dir='ltr'>διανεμη-</span> 
     </span>
    </p>
   </div>
   <div class='ocr_carea' id='block_1_91' title="bbox 452 4955 2038 5029">
    <p class='ocr_par' dir='ltr' id='par_1_91' title="bbox 452 4955 2038 5029">
     <span class='ocr_line' id='line_1_91' title="bbox 452 4955 2038 5029; baseline -0.004 -14"><span class='ocrx_word' id='word_1_728' title='bbox 452 4961 644 5028; x_wconf 82' lang='grc' dir='ltr'>μένας,</span> <span class='ocrx_word' id='word_1_729' title='bbox 674 4958 872 5029; x_wconf 83' lang='grc' dir='ltr'>ὥσπερ</span> <span class='ocrx_word' id='word_1_730' title='bbox 903 4959 961 5011; x_wconf 74' lang='grc' dir='ltr'>ἑν</span> <span class='ocrx_word' id='word_1_731' title='bbox 1005 4959 1120 5022; x_wconf 83' lang='grc' dir='ltr'>τοῖς</span> <span class='ocrx_word' id='word_1_732' title='bbox 1168 4958 1281 5011; x_wconf 84' lang='grc' dir='ltr'><strong>τῶν</strong></span> <span class='ocrx_word' id='word_1_733' title='bbox 1336 4955 1494 5023; x_wconf 82' lang='grc' dir='ltr'>ζώων</span> <span class='ocrx_word' id='word_1_734' title='bbox 1524 4956 1772 5027; x_wconf 85' lang='grc' dir='ltr'>σώμασιν</span> <span class='ocrx_word' id='word_1_735' title='bbox 1802 4956 2038 5028; x_wconf 76' lang='grc' dir='ltr'><strong>ἀλλαχοῦ</strong></span> 
     </span>
    </p>
   </div>
   <div class='ocr_carea' id='block_1_92' title="bbox 454 5048 2041 5124">
    <p class='ocr_par' dir='ltr' id='par_1_92' title="bbox 454 5048 2041 5124">
     <span class='ocr_line' id='line_1_92' title="bbox 454 5048 2041 5124; baseline -0.002 -17"><span class='ocrx_word' id='word_1_736' title='bbox 454 5054 555 5124; x_wconf 72' lang='grc' dir='ltr'><strong>μὲν</strong></span> <span class='ocrx_word' id='word_1_737' title='bbox 592 5053 742 5106; x_wconf 81' lang='grc' dir='ltr'>ἔστιν</span> <span class='ocrx_word' id='word_1_738' title='bbox 780 5051 927 5121; x_wconf 72' lang='grc' dir='ltr'><strong>ὄψις,</strong></span> <span class='ocrx_word' id='word_1_739' title='bbox 980 5048 1220 5121; x_wconf 81' lang='grc' dir='ltr'><strong>ἀλλαχοῦ</strong></span> <span class='ocrx_word' id='word_1_740' title='bbox 1259 5049 1317 5104; x_wconf 80' lang='grc' dir='ltr'>δὲ</span> <span class='ocrx_word' id='word_1_741' title='bbox 1353 5049 1519 5119; x_wconf 82' lang='grc' dir='ltr'>ἀκοὴ,</span> <span class='ocrx_word' id='word_1_742' title='bbox 1553 5048 1821 5113; x_wconf 84' lang='grc' dir='ltr'>ὡσαύτως</span> <span class='ocrx_word' id='word_1_743' title='bbox 1846 5049 1904 5102; x_wconf 84' lang='grc' dir='ltr'>δὲ</span> <span class='ocrx_word' id='word_1_744' title='bbox 1945 5050 2041 5104; x_wconf 75' lang='grc' dir='ltr'>καὶ</span> 
     </span>
    </p>
   </div>
   <div class='ocr_carea' id='block_1_93' title="bbox 449 5141 2041 5215">
    <p class='ocr_par' dir='ltr' id='par_1_93' title="bbox 449 5141 2041 5215">
     <span class='ocr_line' id='line_1_93' title="bbox 449 5141 2041 5215; baseline -0.003 -16"><span class='ocrx_word' id='word_1_745' title='bbox 449 5148 639 5215; x_wconf 85' lang='grc' dir='ltr'><strong>γεῦσις</strong></span> <span class='ocrx_word' id='word_1_746' title='bbox 670 5146 764 5199; x_wconf 74' lang='grc' dir='ltr'>καὶ</span> <span class='ocrx_word' id='word_1_747' title='bbox 791 5145 1083 5215; x_wconf 79' lang='grc' dir='ltr'><strong>ὅσφρησι·,</strong></span> <span class='ocrx_word' id='word_1_748' title='bbox 1117 5161 1197 5197; x_wconf 90' lang='grc' dir='ltr'><strong>πα</strong></span> <span class='ocrx_word' id='word_1_749' title='bbox 1212 5141 1401 5213; x_wconf 72' lang='grc' dir='ltr'><strong>ιταχοῦ</strong></span> <span class='ocrx_word' id='word_1_750' title='bbox 1435 5142 1493 5196; x_wconf 77' lang='grc' dir='ltr'>δὲ</span> <span class='ocrx_word' id='word_1_751' title='bbox 1521 5142 1661 5210; x_wconf 73' lang='grc' dir='ltr'><strong>ἁφή.</strong></span> <span class='ocrx_word' id='word_1_752' title='bbox 1708 5142 1800 5211; x_wconf 83' lang='grc' dir='ltr'><strong>Μὴ</strong></span> <span class='ocrx_word' id='word_1_753' title='bbox 1828 5142 2041 5210; x_wconf 81' lang='grc' dir='ltr'>γένοιτο</span> 
     </span>
    </p>
   </div>
   <div class='ocr_carea' id='block_1_94' title="bbox 448 5233 2043 5304">
    <p class='ocr_par' dir='ltr' id='par_1_94' title="bbox 448 5233 2043 5304">
     <span class='ocr_line' id='line_1_94' title="bbox 448 5233 2043 5304; baseline -0.003 -13"><span class='ocrx_word' id='word_1_754' title='bbox 448 5238 608 5293; x_wconf 88' lang='grc' dir='ltr'><strong>τοῦτο</strong></span> <span class='ocrx_word' id='word_1_755' title='bbox 654 5235 953 5292; x_wconf 84' lang='grc' dir='ltr'>πιστεῦσαι</span> <span class='ocrx_word' id='word_1_756' title='bbox 1007 5235 1135 5287; x_wconf 75' lang='grc' dir='ltr'>τινὰ</span> <span class='ocrx_word' id='word_1_757' title='bbox 1198 5236 1326 5303; x_wconf 78' lang='grc' dir='ltr'>περὶ</span> <span class='ocrx_word' id='word_1_758' title='bbox 1378 5233 1479 5303; x_wconf 76' lang='grc' dir='ltr'><strong>τὴν</strong></span> <span class='ocrx_word' id='word_1_759' title='bbox 1528 5235 1827 5303; x_wconf 80' lang='grc' dir='ltr'>ἀσώματον</span> <span class='ocrx_word' id='word_1_760' title='bbox 1878 5235 2043 5304; x_wconf 81' lang='grc' dir='ltr'>φύσιν</span> 
     </span>
    </p>
   </div>
   <div class='ocr_carea' id='block_1_95' title="bbox 450 5326 2043 5399">
    <p class='ocr_par' dir='ltr' id='par_1_95' title="bbox 450 5326 2043 5399">
     <span class='ocr_line' id='line_1_95' title="bbox 450 5326 2043 5399; baseline -0.003 -16"><span class='ocrx_word' id='word_1_761' title='bbox 450 5331 671 5397; x_wconf 67' lang='grc' dir='ltr'>ὲιείνην</span> <span class='ocrx_word' id='word_1_762' title='bbox 698 5330 794 5384; x_wconf 68' lang='grc' dir='ltr'><strong>καλ⁸</strong></span> <span class='ocrx_word' id='word_1_763' title='bbox 820 5327 1231 5399; x_wconf 76' lang='grc' dir='ltr'><strong>ἀμετάϐλητον.</strong></span> <span class='ocrx_word' id='word_1_764' title='bbox 1276 5327 1429 5380; x_wconf 78' lang='grc' dir='ltr'>Ἐκεῖ</span> <span class='ocrx_word' id='word_1_765' title='bbox 1460 5327 1642 5380; x_wconf 79' lang='grc' dir='ltr'>τοίνυν</span> <span class='ocrx_word' id='word_1_766' title='bbox 1675 5326 1735 5380; x_wconf 75' lang='grc' dir='ltr'>τὸ</span> <span class='ocrx_word' id='word_1_767' title='bbox 1776 5327 1913 5398; x_wconf 70' lang='grc' dir='ltr'>όρᾷν</span> <span class='ocrx_word' id='word_1_768' title='bbox 1947 5327 2043 5379; x_wconf 71' lang='grc' dir='ltr'><strong>καὶ</strong></span> 
     </span>
    </p>
   </div>
   <div class='ocr_carea' id='block_1_96' title="bbox 450 5417 2043 5489">
    <p class='ocr_par' dir='ltr' id='par_1_96' title="bbox 450 5417 2043 5489">
     <span class='ocr_line' id='line_1_96' title="bbox 450 5417 2043 5489; baseline -0.003 -14"><span class='ocrx_word' id='word_1_769' title='bbox 450 5423 672 5475; x_wconf 84' lang='grc' dir='ltr'>ἀκούειν</span> <span class='ocrx_word' id='word_1_770' title='bbox 702 5420 762 5473; x_wconf 73' lang='grc' dir='ltr'>ἓν</span> <span class='ocrx_word' id='word_1_771' title='bbox 807 5420 927 5473; x_wconf 75' lang='grc' dir='ltr'>ἔστι</span> <span class='ocrx_word' id='word_1_772' title='bbox 978 5421 1074 5473; x_wconf 77' lang='grc' dir='ltr'>καὶ</span> <span class='ocrx_word' id='word_1_773' title='bbox 1105 5417 1327 5473; x_wconf 82' lang='grc' dir='ltr'>ταυτόν.</span> <span class='ocrx_word' id='word_1_774' title='bbox 1366 5417 1603 5486; x_wconf 80' lang='grc' dir='ltr'>Λέγεται</span> <span class='ocrx_word' id='word_1_775' title='bbox 1643 5418 1739 5472; x_wconf 73' lang='grc' dir='ltr'>καὶ</span> <span class='ocrx_word' id='word_1_776' title='bbox 1769 5417 2043 5489; x_wconf 77' lang='grc' dir='ltr'><strong>ὄσφρησις</strong></span> 
     </span>
    </p>
   </div>
   <div class='ocr_carea' id='block_1_97' title="bbox 454 5509 2045 5584">
    <p class='ocr_par' dir='ltr' id='par_1_97' title="bbox 454 5509 2045 5584">
     <span class='ocr_line' id='line_1_97' title="bbox 454 5509 2045 5584; baseline -0.002 -17"><span class='ocrx_word' id='word_1_777' title='bbox 454 5516 549 5568; x_wconf 70' lang='grc' dir='ltr'>ἐπὶ</span> <span class='ocrx_word' id='word_1_778' title='bbox 584 5512 747 5581; x_wconf 83' lang='grc' dir='ltr'><strong>Θεοῦ,</strong></span> <span class='ocrx_word' id='word_1_779' title='bbox 799 5513 876 5577; x_wconf 85' lang='grc' dir='ltr'><strong>ὥς</strong></span> <span class='ocrx_word' id='word_1_780' title='bbox 906 5530 1076 5584; x_wconf 74' lang='grc' dir='ltr'>φησιν</span> <span class='ocrx_word' id='word_1_781' title='bbox 1105 5512 1133 5565; x_wconf 88' lang='grc' dir='ltr'>ὁ</span> <span class='ocrx_word' id='word_1_782' title='bbox 1179 5509 1509 5574; x_wconf 84' lang='grc' dir='ltr'>Ἀπόστολος</span> <span class='ocrx_word' id='word_1_783' title='bbox 1529 5551 1545 5575; x_wconf 91' lang='grc'>,</span> <span class='ocrx_word' id='word_1_784' title='bbox 1586 5529 1605 5561; x_wconf 86' lang='grc' dir='ltr'><strong>ι</strong></span> <span class='ocrx_word' id='word_1_785' title='bbox 1636 5510 1853 5580; x_wconf 83' lang='grc' dir='ltr'>Ὥσπερ</span> <span class='ocrx_word' id='word_1_786' title='bbox 1883 5511 1978 5564; x_wconf 79' lang='grc' dir='ltr'>καὶ</span> <span class='ocrx_word' id='word_1_787' title='bbox 2015 5511 2045 5564; x_wconf 83' lang='lat'><strong>6</strong></span> 
     </span>
    </p>
   </div>
   <div class='ocr_carea' id='block_1_98' title="bbox 456 5602 2045 5677">
    <p class='ocr_par' dir='ltr' id='par_1_98' title="bbox 456 5602 2045 5677">
     <span class='ocr_line' id='line_1_98' title="bbox 456 5602 2045 5677; baseline -0.006 -15"><span class='ocrx_word' id='word_1_788' title='bbox 456 5609 694 5677; x_wconf 73' lang='grc' dir='ltr'>Χριστὸς</span> <span class='ocrx_word' id='word_1_789' title='bbox 748 5606 1041 5677; x_wconf 58' lang='grc' dir='ltr'><strong>ἠγάπησεν</strong></span> <span class='ocrx_word' id='word_1_790' title='bbox 1091 5604 1268 5675; x_wconf 77' lang='grc' dir='ltr'><strong>ἡμᾶς,</strong></span> <span class='ocrx_word' id='word_1_791' title='bbox 1316 5602 1412 5656; x_wconf 75' lang='grc' dir='ltr'>καὶ</span> <span class='ocrx_word' id='word_1_792' title='bbox 1469 5602 1794 5672; x_wconf 79' lang='grc' dir='ltr'>παρέδωκεν</span> <span class='ocrx_word' id='word_1_793' title='bbox 1845 5603 2045 5656; x_wconf 74' lang='grc' dir='ltr'>ἑαυτὸν</span> 
     </span>
    </p>
   </div>
   <div class='ocr_carea' id='block_1_99' title="bbox 457 5693 2047 5771">
    <p class='ocr_par' dir='ltr' id='par_1_99' title="bbox 457 5693 2047 5771">
     <span class='ocr_line' id='line_1_99' title="bbox 457 5693 2047 5771; baseline -0.004 -16"><span class='ocrx_word' id='word_1_794' title='bbox 457 5703 598 5771; x_wconf 77' lang='grc' dir='ltr'>ὑπὲρ</span> <span class='ocrx_word' id='word_1_795' title='bbox 628 5701 786 5771; x_wconf 81' lang='grc' dir='ltr'><strong>ἡμῶν</strong></span> <span class='ocrx_word' id='word_1_796' title='bbox 815 5698 1135 5769; x_wconf 80' lang='grc' dir='ltr'>προσφορὰν</span> <span class='ocrx_word' id='word_1_797' title='bbox 1156 5699 1253 5751; x_wconf 75' lang='grc' dir='ltr'>καὶ</span> <span class='ocrx_word' id='word_1_798' title='bbox 1274 5696 1467 5751; x_wconf 82' lang='grc' dir='ltr'>ουσίαν</span> <span class='ocrx_word' id='word_1_799' title='bbox 1499 5694 1577 5763; x_wconf 84' lang='grc' dir='ltr'><strong>τῷ</strong></span> <span class='ocrx_word' id='word_1_800' title='bbox 1603 5693 1725 5765; x_wconf 85' lang='grc' dir='ltr'><strong>Θεῷ</strong></span> <span class='ocrx_word' id='word_1_801' title='bbox 1759 5695 1840 5758; x_wconf 84' lang='grc' dir='ltr'>είς</span> <span class='ocrx_word' id='word_1_802' title='bbox 1865 5695 2047 5766; x_wconf 82' lang='grc' dir='ltr'>ὀσμὴν</span> 
     </span>
    </p>
   </div>
   <div class='ocr_carea' id='block_1_100' title="bbox 457 5771 2079 5859">
    <p class='ocr_par' dir='ltr' id='par_1_100' title="bbox 457 5771 2079 5859">
     <span class='ocr_line' id='line_1_100' title="bbox 457 5771 2079 5859; baseline -0.002 -16"><span class='ocrx_word' id='word_1_803' title='bbox 457 5792 709 5850; x_wconf 72' lang='grc' dir='ltr'>εὐωδίας.</span> <span class='ocrx_word' id='word_1_804' title='bbox 748 5809 768 5842; x_wconf 72' lang='grc' dir='ltr'>ι</span> <span class='ocrx_word' id='word_1_805' title='bbox 831 5771 999 5844; x_wconf 63' lang='grc' dir='ltr'><strong>ἰίλλὰ</strong></span> <span class='ocrx_word' id='word_1_806' title='bbox 1037 5790 1137 5845; x_wconf 77' lang='grc' dir='ltr'>καὶ</span> <span class='ocrx_word' id='word_1_807' title='bbox 1193 5788 1387 5859; x_wconf 86' lang='grc' dir='ltr'>γεῦσιν</span> <span class='ocrx_word' id='word_1_808' title='bbox 1429 5789 1548 5840; x_wconf 78' lang='grc' dir='ltr'><strong>ἐκεῖ</strong></span> <span class='ocrx_word' id='word_1_809' title='bbox 1600 5788 1745 5842; x_wconf 86' lang='grc' dir='ltr'>νοείν</span> <span class='ocrx_word' id='word_1_810' title='bbox 1794 5786 2079 5859; x_wconf 59' lang='grc' dir='ltr'>δυνατὴν,</span> 
     </span>
    </p>
   </div>
   <div class='ocr_carea' id='block_1_101' title="bbox 460 5879 2049 5954">
    <p class='ocr_par' dir='ltr' id='par_1_101' title="bbox 460 5879 2049 5954">
     <span class='ocr_line' id='line_1_101' title="bbox 460 5879 2049 5954; baseline -0.001 -19"><span class='ocrx_word' id='word_1_811' title='bbox 460 5883 582 5935; x_wconf 74' lang='lat' dir='ltr'><strong>sz‘</strong></span> <span class='ocrx_word' id='word_1_812' title='bbox 615 5886 683 5954; x_wconf 82' lang='grc' dir='ltr'><strong>ἢν</strong></span> <span class='ocrx_word' id='word_1_813' title='bbox 714 5886 740 5935; x_wconf 89' lang='lat'><strong>6</strong></span> <span class='ocrx_word' id='word_1_814' title='bbox 766 5881 902 5944; x_wconf 74' lang='grc' dir='ltr'><strong>Θεὺς</strong></span> <span class='ocrx_word' id='word_1_815' title='bbox 937 5885 1093 5952; x_wconf 86' lang='grc' dir='ltr'>μισεῖ</span> <span class='ocrx_word' id='word_1_816' title='bbox 1144 5882 1274 5943; x_wconf 73' lang='grc' dir='ltr'>τοὺς</span> <span class='ocrx_word' id='word_1_817' title='bbox 1326 5879 1902 5950; x_wconf 80' lang='grc' dir='ltr'>παραπικραίνοντας,</span> <span class='ocrx_word' id='word_1_818' title='bbox 1953 5881 2049 5934; x_wconf 72' lang='grc' dir='ltr'>καὶ</span> 
     </span>
    </p>
   </div>
   <div class='ocr_carea' id='block_1_102' title="bbox 462 5969 2048 6044">
    <p class='ocr_par' dir='ltr' id='par_1_102' title="bbox 462 5969 2048 6044">
     <span class='ocr_line' id='line_1_102' title="bbox 462 5969 2048 6044; baseline 0 -20"><span class='ocrx_word' id='word_1_819' title='bbox 462 5974 587 6037; x_wconf 72' lang='grc' dir='ltr'>τοὺς</span> <span class='ocrx_word' id='word_1_820' title='bbox 639 5974 777 6044; x_wconf 81' lang='grc' dir='ltr'><strong>μήτε</strong></span> <span class='ocrx_word' id='word_1_821' title='bbox 808 5973 1077 6043; x_wconf 73' lang='grc' dir='ltr'>ψυχροὺς,</span> <span class='ocrx_word' id='word_1_822' title='bbox 1117 5972 1256 6044; x_wconf 73' lang='grc' dir='ltr'>μήτε</span> <span class='ocrx_word' id='word_1_823' title='bbox 1309 5970 1573 6041; x_wconf 74' lang='grc' dir='ltr'><strong>οεομοῦς,</strong></span> <span class='ocrx_word' id='word_1_824' title='bbox 1611 5969 1751 6024; x_wconf 71' lang='grc' dir='ltr'>ἀλλὰ</span> <span class='ocrx_word' id='word_1_825' title='bbox 1790 5970 2048 6043; x_wconf 75' lang='grc' dir='ltr'>χλιαροὺς</span> 
     </span>
    </p>
   </div>
   <div class='ocr_carea' id='block_1_103' title="bbox 2143 4848 3718 4937">
    <p class='ocr_par' dir='ltr' id='par_1_103' title="bbox 2143 4848 3718 4937">
     <span class='ocr_line' id='line_1_103' title="bbox 2143 4848 3718 4937; baseline -0.013 -17"><span class='ocrx_word' id='word_1_826' title='bbox 2143 4864 2439 4937; x_wconf 83' lang='grc' dir='ltr'>μονοειδῶς</span> <span class='ocrx_word' id='word_1_827' title='bbox 2469 4862 2826 4931; x_wconf 75' lang='grc' dir='ltr'>ἐπισταμένῳ</span> <span class='ocrx_word' id='word_1_828' title='bbox 2850 4859 2941 4913; x_wconf 70' lang='grc' dir='ltr'>διὰ</span> <span class='ocrx_word' id='word_1_829' title='bbox 2973 4855 3085 4913; x_wconf 86' lang='grc' dir='ltr'><strong>τῶν</strong></span> <span class='ocrx_word' id='word_1_830' title='bbox 3115 4856 3277 4909; x_wconf 80' lang='grc' dir='ltr'>πέντε</span> <span class='ocrx_word' id='word_1_831' title='bbox 3300 4852 3506 4908; x_wconf 87' lang='grc' dir='ltr'>τούτων</span> <span class='ocrx_word' id='word_1_832' title='bbox 3531 4848 3718 4919; x_wconf 79' lang='grc' dir='ltr'><strong>αἱσθή-</strong></span> 
     </span>
    </p>
   </div>
   <div class='ocr_carea' id='block_1_104' title="bbox 2143 4941 3715 5033">
    <p class='ocr_par' dir='ltr' id='par_1_104' title="bbox 2143 4941 3715 5033">
     <span class='ocr_line' id='line_1_104' title="bbox 2143 4941 3715 5033; baseline -0.013 -20"><span class='ocrx_word' id='word_1_833' title='bbox 2143 4976 2306 5033; x_wconf 63' lang='grc' dir='ltr'><strong>σειιε),</strong></span> <span class='ocrx_word' id='word_1_834' title='bbox 2340 4955 2533 5025; x_wconf 81' lang='grc' dir='ltr'>ὥσπερ</span> <span class='ocrx_word' id='word_1_835' title='bbox 2558 4954 2648 5009; x_wconf 80' lang='grc' dir='ltr'>διά</span> <span class='ocrx_word' id='word_1_836' title='bbox 2674 4970 2837 5007; x_wconf 90' lang='grc' dir='ltr'>τινων</span> <span class='ocrx_word' id='word_1_837' title='bbox 2865 4951 3118 5020; x_wconf 84' lang='grc' dir='ltr'>ἀγγέλων</span> <span class='ocrx_word' id='word_1_838' title='bbox 3153 4944 3505 5033; x_wconf 84' lang='grc' dir='ltr'>σωματικῶν,</span> <span class='ocrx_word' id='word_1_839' title='bbox 3538 4941 3715 5033; x_wconf 80' lang='grc' dir='ltr'>πάντα</span> 
     </span>
    </p>
   </div>
   <div class='ocr_carea' id='block_1_105' title="bbox 2144 5031 3718 5122">
    <p class='ocr_par' dir='ltr' id='par_1_105' title="bbox 2144 5031 3718 5122">
     <span class='ocr_line' id='line_1_105' title="bbox 2144 5031 3718 5122; baseline -0.013 -18"><span class='ocrx_word' id='word_1_840' title='bbox 2144 5031 2500 5122; x_wconf 79' lang='grc' dir='ltr'>σημαίνεται,</span> <span class='ocrx_word' id='word_1_841' title='bbox 2550 5046 2833 5109; x_wconf 85' lang='grc' dir='ltr'>τοσούτοις</span> <span class='ocrx_word' id='word_1_842' title='bbox 2875 5042 3186 5114; x_wconf 74' lang='grc' dir='ltr'>αἰσθήσεων</span> <span class='ocrx_word' id='word_1_843' title='bbox 3229 5032 3492 5107; x_wconf 80' lang='grc' dir='ltr'>ὀνόμασιν</span> <span class='ocrx_word' id='word_1_844' title='bbox 3524 5031 3718 5102; x_wconf 81' lang='grc' dir='ltr'><strong>ὀνομά-</strong></span> 
     </span>
    </p>
   </div>
   <div class='ocr_carea' id='block_1_106' title="bbox 2143 5126 3719 5209">
    <p class='ocr_par' dir='ltr' id='par_1_106' title="bbox 2143 5126 3719 5209">
     <span class='ocr_line' id='line_1_106' title="bbox 2143 5126 3719 5209; baseline -0.011 -13"><span class='ocrx_word' id='word_1_845' title='bbox 2143 5143 2323 5207; x_wconf 78' lang='grc' dir='ltr'>ζεταιο</span> <span class='ocrx_word' id='word_1_846' title='bbox 2364 5140 2467 5194; x_wconf 83' lang='grc' dir='ltr'><strong>οὐκ</strong></span> <span class='ocrx_word' id='word_1_847' title='bbox 2510 5139 2657 5209; x_wconf 78' lang='grc' dir='ltr'>ἄλλῳ</span> <span class='ocrx_word' id='word_1_848' title='bbox 2691 5137 2788 5192; x_wconf 77' lang='grc' dir='ltr'>καὶ</span> <span class='ocrx_word' id='word_1_849' title='bbox 2818 5135 2985 5204; x_wconf 80' lang='grc' dir='ltr'>ἄλλῳ,</span> <span class='ocrx_word' id='word_1_850' title='bbox 3019 5133 3157 5188; x_wconf 85' lang='grc' dir='ltr'><strong>ἀλλά</strong></span> <span class='ocrx_word' id='word_1_851' title='bbox 3205 5132 3305 5202; x_wconf 79' lang='grc' dir='ltr'><strong>μιᾷ</strong></span> <span class='ocrx_word' id='word_1_852' title='bbox 3341 5129 3547 5198; x_wconf 85' lang='grc' dir='ltr'>νοήσει,</span> <span class='ocrx_word' id='word_1_853' title='bbox 3593 5126 3719 5179; x_wconf 85' lang='grc' dir='ltr'>ὅταν</span> 
     </span>
    </p>
   </div>
   <div class='ocr_carea' id='block_1_107' title="bbox 2144 5219 3713 5306">
    <p class='ocr_par' dir='ltr' id='par_1_107' title="bbox 2144 5219 3713 5306">
     <span class='ocr_line' id='line_1_107' title="bbox 2144 5219 3713 5306; baseline -0.013 -16"><span class='ocrx_word' id='word_1_854' title='bbox 2144 5238 2246 5306; x_wconf 84' lang='grc' dir='ltr'>τὴν</span> <span class='ocrx_word' id='word_1_855' title='bbox 2296 5232 2681 5305; x_wconf 74' lang='grc' dir='ltr'><strong>ἀμετάϐλητον</strong></span> <span class='ocrx_word' id='word_1_856' title='bbox 2719 5229 2982 5298; x_wconf 77' lang='grc' dir='ltr'>ἀλήθειαν</span> <span class='ocrx_word' id='word_1_857' title='bbox 3029 5226 3245 5295; x_wconf 71' lang='grc' dir='ltr'>ἐκείνην</span> <span class='ocrx_word' id='word_1_858' title='bbox 3292 5221 3420 5294; x_wconf 74' lang='grc' dir='ltr'>ὁρᾷ,</span> <span class='ocrx_word' id='word_1_859' title='bbox 3470 5219 3713 5290; x_wconf 74' lang='grc' dir='ltr'>αἱρῆται,</span> 
     </span>
    </p>
   </div>
   <div class='ocr_carea' id='block_1_108' title="bbox 2145 5308 3718 5398">
    <p class='ocr_par' dir='ltr' id='par_1_108' title="bbox 2145 5308 3718 5398">
     <span class='ocr_line' id='line_1_108' title="bbox 2145 5308 3718 5398; baseline -0.011 -17"><span class='ocrx_word' id='word_1_860' title='bbox 2145 5327 2358 5398; x_wconf 78' lang='grc' dir='ltr'>ἀγαπᾷ.</span> <span class='ocrx_word' id='word_1_861' title='bbox 2391 5326 2494 5396; x_wconf 80' lang='grc' dir='ltr'><strong>ὁρᾷ</strong></span> <span class='ocrx_word' id='word_1_862' title='bbox 2524 5324 2585 5377; x_wconf 83' lang='grc' dir='ltr'><strong>τὺ</strong></span> <span class='ocrx_word' id='word_1_863' title='bbox 2613 5322 2750 5390; x_wconf 80' lang='grc' dir='ltr'>φῶς,</span> <span class='ocrx_word' id='word_1_864' title='bbox 2786 5321 2919 5390; x_wconf 72' lang='grc' dir='ltr'>περὶ</span> <span class='ocrx_word' id='word_1_865' title='bbox 2947 5311 3009 5373; x_wconf 74' lang='grc' dir='ltr'>οὗ</span> <span class='ocrx_word' id='word_1_866' title='bbox 3049 5317 3294 5385; x_wconf 81' lang='grc' dir='ltr'>λέγεται,</span> <span class='ocrx_word' id='word_1_867' title='bbox 3330 5333 3349 5367; x_wconf 80' lang='grc' dir='ltr'><strong>ι</strong></span> <span class='ocrx_word' id='word_1_868' title='bbox 3378 5309 3488 5366; x_wconf 83' lang='grc' dir='ltr'>Ἦν</span> <span class='ocrx_word' id='word_1_869' title='bbox 3514 5311 3582 5365; x_wconf 69' lang='grc' dir='ltr'><strong>εδ</strong></span> <span class='ocrx_word' id='word_1_870' title='bbox 3609 5308 3718 5381; x_wconf 77' lang='grc' dir='ltr'><strong>φῶς</strong></span> 
     </span>
    </p>
   </div>
   <div class='ocr_carea' id='block_1_109' title="bbox 2145 5398 3718 5491">
    <p class='ocr_par' dir='ltr' id='par_1_109' title="bbox 2145 5398 3718 5491">
     <span class='ocr_line' id='line_1_109' title="bbox 2145 5398 3718 5491; baseline -0.015 -16"><span class='ocrx_word' id='word_1_871' title='bbox 2145 5422 2207 5474; x_wconf 78' lang='grc' dir='ltr'><strong>τὸ</strong></span> <span class='ocrx_word' id='word_1_872' title='bbox 2232 5419 2509 5491; x_wconf 79' lang='grc' dir='ltr'>ἀληθινὸν,</span> <span class='ocrx_word' id='word_1_873' title='bbox 2541 5434 2560 5468; x_wconf 75' lang='grc' dir='ltr'>ι</span> <span class='ocrx_word' id='word_1_874' title='bbox 2588 5415 2683 5469; x_wconf 70' lang='grc' dir='ltr'><strong>καὶ</strong></span> <span class='ocrx_word' id='word_1_875' title='bbox 2713 5411 2887 5484; x_wconf 80' lang='grc' dir='ltr'>ἀκούῃ</span> <span class='ocrx_word' id='word_1_876' title='bbox 2914 5411 3005 5464; x_wconf 72' lang='grc' dir='ltr'>τὸν</span> <span class='ocrx_word' id='word_1_877' title='bbox 3032 5408 3214 5477; x_wconf 79' lang='grc' dir='ltr'>λόγον,</span> <span class='ocrx_word' id='word_1_878' title='bbox 3238 5406 3368 5478; x_wconf 70' lang='grc' dir='ltr'>περὶ</span> <span class='ocrx_word' id='word_1_879' title='bbox 3395 5398 3458 5459; x_wconf 76' lang='grc' dir='ltr'><strong>οὗ</strong></span> <span class='ocrx_word' id='word_1_880' title='bbox 3482 5401 3718 5474; x_wconf 73' lang='grc' dir='ltr'>εἴρηται,</span> 
     </span>
    </p>
   </div>
   <div class='ocr_carea' id='block_1_110' title="bbox 2155 5497 3719 5583">
    <p class='ocr_par' dir='ltr' id='par_1_110' title="bbox 2155 5497 3719 5583">
     <span class='ocr_line' id='line_1_110' title="bbox 2155 5497 3719 5583; baseline -0.01 -17"><span class='ocrx_word' id='word_1_881' title='bbox 2155 5532 2174 5566; x_wconf 83' lang='grc' dir='ltr'><strong>ι</strong></span> <span class='ocrx_word' id='word_1_882' title='bbox 2225 5515 2316 5568; x_wconf 87' lang='grc' dir='ltr'>Ἐν</span> <span class='ocrx_word' id='word_1_883' title='bbox 2359 5513 2501 5583; x_wconf 75' lang='grc' dir='ltr'>ἀρχῇ</span> <span class='ocrx_word' id='word_1_884' title='bbox 2533 5506 2608 5582; x_wconf 78' lang='grc' dir='ltr'><strong>ἦν</strong></span> <span class='ocrx_word' id='word_1_885' title='bbox 2640 5512 2667 5563; x_wconf 92' lang='lat'><strong>6</strong></span> <span class='ocrx_word' id='word_1_886' title='bbox 2701 5509 2899 5575; x_wconf 83' lang='grc' dir='ltr'>Λόγος,</span> <span class='ocrx_word' id='word_1_887' title='bbox 2932 5525 2952 5560; x_wconf 72' lang='grc' dir='ltr'>ι</span> <span class='ocrx_word' id='word_1_888' title='bbox 2993 5506 3091 5560; x_wconf 71' lang='grc' dir='ltr'><strong>καὶ</strong></span> <span class='ocrx_word' id='word_1_889' title='bbox 3131 5504 3357 5575; x_wconf 76' lang='grc' dir='ltr'>δέχηται</span> <span class='ocrx_word' id='word_1_890' title='bbox 3395 5500 3494 5572; x_wconf 77' lang='grc' dir='ltr'><strong>τὴν</strong></span> <span class='ocrx_word' id='word_1_891' title='bbox 3528 5497 3719 5569; x_wconf 75' lang='grc' dir='ltr'><strong>ὀσμὴν,</strong></span> 
     </span>
    </p>
   </div>
   <div class='ocr_carea' id='block_1_111' title="bbox 2149 5588 3723 5677">
    <p class='ocr_par' dir='ltr' id='par_1_111' title="bbox 2149 5588 3723 5677">
     <span class='ocr_line' id='line_1_111' title="bbox 2149 5588 3723 5677; baseline -0.015 -18"><span class='ocrx_word' id='word_1_892' title='bbox 2149 5606 2280 5676; x_wconf 75' lang='grc' dir='ltr'>περὶ</span> <span class='ocrx_word' id='word_1_893' title='bbox 2311 5598 2380 5677; x_wconf 83' lang='grc' dir='ltr'><strong>ῆς</strong></span> <span class='ocrx_word' id='word_1_894' title='bbox 2415 5602 2656 5674; x_wconf 73' lang='grc' dir='ltr'>εἴρηται,</span> <span class='ocrx_word' id='word_1_895' title='bbox 2696 5616 2715 5650; x_wconf 79' lang='grc' dir='ltr'><strong>ι</strong></span> <span class='ocrx_word' id='word_1_896' title='bbox 2761 5597 2972 5652; x_wconf 82' lang='grc' dir='ltr'>Ὀπίσω</span> <span class='ocrx_word' id='word_1_897' title='bbox 3015 5593 3117 5664; x_wconf 84' lang='grc' dir='ltr'>τῆς</span> <span class='ocrx_word' id='word_1_898' title='bbox 3149 5591 3331 5662; x_wconf 78' lang='grc' dir='ltr'>ὀσμῆς</span> <span class='ocrx_word' id='word_1_899' title='bbox 3380 5588 3491 5642; x_wconf 87' lang='grc' dir='ltr'>τῶν</span> <span class='ocrx_word' id='word_1_900' title='bbox 3536 5588 3723 5677; x_wconf 74' lang='grc' dir='ltr'>μύρων</span> 
     </span>
    </p>
   </div>
   <div class='ocr_carea' id='block_1_112' title="bbox 2153 5672 3727 5765">
    <p class='ocr_par' dir='ltr' id='par_1_112' title="bbox 2153 5672 3727 5765">
     <span class='ocr_line' id='line_1_112' title="bbox 2153 5672 3727 5765; baseline -0.015 -15"><span class='ocrx_word' id='word_1_901' title='bbox 2153 5672 2246 5750; x_wconf 81' lang='grc' dir='ltr'>σου</span> <span class='ocrx_word' id='word_1_902' title='bbox 2278 5672 2644 5765; x_wconf 81' lang='grc' dir='ltr'>δραμούμεθα</span> <span class='ocrx_word' id='word_1_903' title='bbox 2677 5705 2691 5720; x_wconf 78' lang='grc'><strong><em>⁸</em></strong></span> <span class='ocrx_word' id='word_1_904' title='bbox 2722 5707 2742 5743; x_wconf 71' lang='grc' dir='ltr'>ι</span> <span class='ocrx_word' id='word_1_905' title='bbox 2777 5688 2911 5758; x_wconf 85' lang='grc' dir='ltr'>πίνῃ</span> <span class='ocrx_word' id='word_1_906' title='bbox 2962 5684 3061 5755; x_wconf 87' lang='grc' dir='ltr'>τῆς</span> <span class='ocrx_word' id='word_1_907' title='bbox 3102 5682 3310 5753; x_wconf 75' lang='grc' dir='ltr'>πηγῆς,</span> <span class='ocrx_word' id='word_1_908' title='bbox 3357 5679 3487 5748; x_wconf 75' lang='grc' dir='ltr'>περὶ</span> <span class='ocrx_word' id='word_1_909' title='bbox 3531 5672 3599 5751; x_wconf 83' lang='grc' dir='ltr'>ῆς</span> <span class='ocrx_word' id='word_1_910' title='bbox 3638 5674 3727 5744; x_wconf 78' lang='grc' dir='ltr'><strong>γέο</strong></span> 
     </span>
    </p>
   </div>
   <div class='ocr_carea' id='block_1_113' title="bbox 2150 5768 3728 5859">
    <p class='ocr_par' dir='ltr' id='par_1_113' title="bbox 2150 5768 3728 5859">
     <span class='ocr_line' id='line_1_113' title="bbox 2150 5768 3728 5859; baseline -0.013 -17"><span class='ocrx_word' id='word_1_911' title='bbox 2150 5804 2417 5859; x_wconf 79' lang='grc' dir='ltr'>γραπται,</span> <span class='ocrx_word' id='word_1_912' title='bbox 2474 5804 2493 5838; x_wconf 84' lang='grc' dir='ltr'><strong>ι</strong></span> <span class='ocrx_word' id='word_1_913' title='bbox 2535 5782 2694 5853; x_wconf 77' lang='grc' dir='ltr'>Παρά</span> <span class='ocrx_word' id='word_1_914' title='bbox 2737 5782 2822 5835; x_wconf 82' lang='grc' dir='ltr'><strong>σοὶ</strong></span> <span class='ocrx_word' id='word_1_915' title='bbox 2851 5780 3004 5848; x_wconf 77' lang='grc' dir='ltr'>πηγὴ</span> <span class='ocrx_word' id='word_1_916' title='bbox 3038 5777 3186 5844; x_wconf 75' lang='grc' dir='ltr'>ζωῆς</span> <span class='ocrx_word' id='word_1_917' title='bbox 3216 5792 3231 5806; x_wconf 76' lang='grc' dir='ltr'><strong>ο</strong></span> <span class='ocrx_word' id='word_1_918' title='bbox 3269 5794 3289 5826; x_wconf 71' lang='grc' dir='ltr'>ι</span> <span class='ocrx_word' id='word_1_919' title='bbox 3354 5771 3601 5841; x_wconf 79' lang='grc' dir='ltr'>ἀπολαύῃ</span> <span class='ocrx_word' id='word_1_920' title='bbox 3634 5768 3728 5837; x_wconf 83' lang='grc' dir='ltr'>τῆς</span> 
     </span>
    </p>
   </div>
   <div class='ocr_carea' id='block_1_114' title="bbox 2154 5863 3728 5950">
    <p class='ocr_par' dir='ltr' id='par_1_114' title="bbox 2154 5863 3728 5950">
     <span class='ocr_line' id='line_1_114' title="bbox 2154 5863 3728 5950; baseline -0.015 -14"><span class='ocrx_word' id='word_1_921' title='bbox 2154 5882 2319 5949; x_wconf 64' lang='grc' dir='ltr'>ἁφῆς,</span> <span class='ocrx_word' id='word_1_922' title='bbox 2350 5880 2482 5950; x_wconf 80' lang='grc' dir='ltr'>περὶ</span> <span class='ocrx_word' id='word_1_923' title='bbox 2500 5872 2570 5950; x_wconf 82' lang='grc' dir='ltr'><strong>ἦς</strong></span> <span class='ocrx_word' id='word_1_924' title='bbox 2603 5876 2849 5945; x_wconf 74' lang='grc' dir='ltr'>λέγεται,</span> <span class='ocrx_word' id='word_1_925' title='bbox 2882 5892 2901 5925; x_wconf 83' lang='grc' dir='ltr'><strong>ι</strong></span> <span class='ocrx_word' id='word_1_926' title='bbox 2926 5872 3083 5939; x_wconf 71' lang='grc' dir='ltr'>Ἐμοὶ</span> <span class='ocrx_word' id='word_1_927' title='bbox 3112 5869 3168 5924; x_wconf 81' lang='grc' dir='ltr'>δὲ</span> <span class='ocrx_word' id='word_1_928' title='bbox 3196 5869 3259 5923; x_wconf 79' lang='grc' dir='ltr'><strong>τὸ</strong></span> <span class='ocrx_word' id='word_1_929' title='bbox 3292 5863 3728 5938; x_wconf 78' lang='grc' dir='ltr'>προσκολλᾶσθαι</span> 
     </span>
    </p>
   </div>
   <div class='ocr_carea' id='block_1_115' title="bbox 2154 5951 3728 6044">
    <p class='ocr_par' dir='ltr' id='par_1_115' title="bbox 2154 5951 3728 6044">
     <span class='ocr_line' id='line_1_115' title="bbox 2154 5951 3728 6044; baseline -0.01 -20"><span class='ocrx_word' id='word_1_930' title='bbox 2154 5972 2234 6044; x_wconf 80' lang='grc' dir='ltr'><strong>τῷ</strong></span> <span class='ocrx_word' id='word_1_931' title='bbox 2268 5970 2456 6042; x_wconf 79' lang='grc' dir='ltr'>Κυρίῳ</span> <span class='ocrx_word' id='word_1_932' title='bbox 2507 5968 2713 6038; x_wconf 80' lang='grc' dir='ltr'>ἀγαθόν</span> <span class='ocrx_word' id='word_1_933' title='bbox 2767 5969 2934 6034; x_wconf 72' lang='grc' dir='ltr'>ἐστιν.</span> <span class='ocrx_word' id='word_1_934' title='bbox 2971 5983 2989 6017; x_wconf 83' lang='grc' dir='ltr'>ι</span> <span class='ocrx_word' id='word_1_935' title='bbox 3033 5963 3203 6017; x_wconf 86' lang='grc' dir='ltr'><strong>Ὅταν</strong></span> <span class='ocrx_word' id='word_1_936' title='bbox 3250 5958 3430 6015; x_wconf 84' lang='grc' dir='ltr'>τοίνυν</span> <span class='ocrx_word' id='word_1_937' title='bbox 3466 5956 3593 6023; x_wconf 58' lang='grc' dir='ltr'>περὶ</span> <span class='ocrx_word' id='word_1_938' title='bbox 3635 5951 3728 6008; x_wconf 82' lang='grc' dir='ltr'><strong>τοῦ</strong></span> 
     </span>
    </p>
   </div>
  </div>
