4066 6456
507 372 647 430 1163

1771 370 1882 430 ΜΛ
1893 369 2069 439 ΧΙΜΙ
2113 368 2496 431 PLANUD/E

3611 369 3730 435 1164

500 489 805 556 permanet.
836 479 1203 553 Nihilquippe
1260 482 1525 557 a‘liud.est
1584 497 1698 550 ars,
1744 498 1910 554 quam
1979 483 2100 537 ani-
2133 485 2174 542 Α
2204 481 2388 537 sentis
2425 479 2624 536 mentis
2650 478 3008 535 ctmemoriae
3030 492 3141 534 non
3199 479 3417 536 recedit.
3470 481 3576 536 Non
3622 498 3731 555 ergo

500 591 615 641 ma,
645 584 700 632 et
751 574 931 629 anima
985 573 1122 630 nihil
1191 574 1340 630 aliud
1387 584 1471 631 est
1502 590 1667 645 quam
1705 590 1796 631 ars
1846 574 1986 645 ejus,
2040 582 2094 630 et

500 683 592 723 ars
616 666 737 737 ejus
759 666 889 722 nihil
921 666 1171 723 aliudest
1223 681 1387 737 quam
1439 668 1554 737 ipsa
1616 668 1746 722 vita.
1809 666 1903 723 Sic
1965 665 2097 722 Ver-

502 757 632 813 bum
660 756 752 812 Dei
787 757 923 812 nihil
980 757 1128 812 aliud
1182 768 1268 829 est
1315 771 1477 828 quam
1538 771 1629 812 ars
1686 758 1829 827 ejus,
1892 765 1947 812 et
2003 770 2095 814 ars

504 850 640 906 nihil
670 850 818 906 aliud
842 858 947 914 est,
1002 851 1311 921 quamipsa
1366 850 1501 915 vita,
1549 850 1685 904 etin
1745 849 1849 905 hac
1896 861 2094 904 cuncta

504 944 921 1001 immutabiliter
990 944 1414 1017 permanebunt,
1484 957 1608 1031 qua:
1678 943 1735 997 in
1786 942 2092 998 substantia

505 1037 595 1093 sui
625 1039 909 1096 mutabilia
939 1035 1222 1096 deﬁciunt.

579 1130 833 1189 Fratres.
874 1133 1010 1188 Cum
1043 1134 1273 1191 evidens
1300 1134 1446 1189 ratio
1472 1132 1616 1189 idem
1678 1129 1918 1186 Verbum
1966 1142 2090 1184 cum

508 1223 690 1287 Patre.
716 1232 771 1280 et
800 1224 1006 1295 Spiritu
1032 1234 1247 1294 saneto,
1280 1241 1444 1281 uuam
1489 1232 1545 1278 et
1575 1222 1908 1278 individuam
1960 1219 2093 1275 sub-

508 1319 768 1375 stantiam
837 1319 1339 1390 incxpugnabiliter
1399 1316 1732 1387 probaverit,
1816 1311 2093 1384 quomodo

509 1413 687 1468 solum
728 1413 1009 1468 iucarnari
1039 1412 1260 1483 potuit?
1293 1410 1348 1466 Si
1378 1411 1524 1465 enim
1562 1425 1590 1463 a
1619 1407 1802 1463 Patris
1834 1415 1908 1473 Aet
1970 1404 2095 1476 Spi—

509 1506 651 1562 ritus
678 1505 854 1565 sancti
884 1506 1125 1561 essentia
1160 1517 1247 1561 est
1281 1513 1617 1575 separatum,
1644 1510 1699 1557 et
1720 1503 1801 1557 sic
1851 1499 2095 1572 singula-

507 1598 646 1654 riter
677 1600 731 1653 in
761 1599 1071 1655 substantia
1106 1613 1214 1653 non
1241 1608 1325 1653 est
1381 1596 1686 1662 individua,
1747 1608 1870 1665 qua!
1917 1592 2092 1663 potuit

506 1692 617 1759 pati
651 1690 1014 1760 separationis
1058 1686 1402 1744 discrimina.

2201 588 2355 629 mens
2382 587 2558 642 neque
2593 572 2875 637 memoria,
2903 571 2998 627 sed
3056 570 3236 627 solum
3287 572 3498 627 verbum
3526 575 3729 644 singula-

2198 666 2336 718 riter
2362 666 2546 720 sonuit
2575 680 2671 735 per
2697 679 2902 733 corpus
2965 662 3114 718 vocis
3159 663 3437 730 sensibile,
3482 672 3531 718 et
3577 673 3734 720 tamen

2201 754 2655 825 inseparabiliter
2693 755 2901 810 mansit
2933 753 2987 807 in
3023 754 3261 808 essentia
3315 753 3526 820 mentis,
3556 765 3604 807 et
3639 770 3736 807 tne-

2196 848 2388 902 moriae
2409 847 2704 902 invisibile.
2730 846 2823 903 Sic
2849 862 3097 903 summus
3123 847 3288 902 Pater
3340 845 3567 901 Verbum
3599 861 3736 901 suum
3766 841 3774 848 ’

2196 941 2440 1010 seipsum
2471 940 2763 1011 cogitando
2784 939 2993 1008 genuit,
3019 938 3167 1012 quod
3201 939 3256 993 in
3280 939 3454 994 Patris
3496 948 3549 995 et
3592 937 3740 1008 Spiri-

2197 1037 2291 1084 tus
2322 1031 2495 1085 sancti
2518 1032 2759 1086 essentia
2789 1032 2952 1088 simul
2993 1034 3347 1090 coessentiale
3371 1034 3639 1090 subsistit:
3659 1034 3740 1090 sed

2197 1130 2379 1176 tamen
2406 1138 2504 1178 nec
2527 1122 2691 1179 Pater
2709 1140 2809 1180 nec
2838 1125 3078 1196 Spiritus
3141 1136 3388 1202 sanctus,
3441 1129 3529 1184 sed
3585 1127 3740 1184 solum

2196 1212 2461 1279 Verbum,
2489 1215 2638 1285 quod
2667 1226 2751 1272 est
2780 1216 2964 1275 Patris
2985 1219 3159 1275 Filius
3208 1220 3550 1291 singulariter
3572 1219 3741 1273 huma-

2195 1323 2328 1363 num
2355 1323 2559 1381 corpus
2586 1310 2789 1377 induit,
2825 1327 2886 1368 se
2937 1312 3254 1369 hominibus
3308 1300 3565 1369 sensibile
3606 1313 3741 1369 exhi-

2194 1401 2336 1470 buit,
2373 1417 2572 1473 corpus
2622 1413 2902 1474 sumptum
2952 1405 3175 1476 indigna
3238 1408 3348 1475 pati
3402 1406 3657 1477 permisit,
3699 1416 3746 1461 et

2196 1495 2375 1566 ipsum
2410 1495 2852 1565 inseparabiliter
2887 1497 2942 1552 in
2974 1497 3217 1554 essentia
3242 1496 3439 1565 Patris,
3485 1506 3537 1552 et
3593 1496 3746 1569 Spiriv

2197 1595 2285 1641 tus
2313 1588 2488 1643 sancti
2513 1588 2816 1657 invisibile,
2840 1597 2895 1645 et
2914 1589 3252 1661 impassibile
3316 1592 3620 1661 permansit.

2264 1678 2512 1736 Fratres.
2540 1682 2657 1748 Qua
2685 1691 2868 1738 autem
2900 1684 3260 1741 similitudine
3285 1701 3439 1741 amor
3474 1700 3477 1703 '
3501 1685 3591 1742 Dei
3638 1684 3747 1756 Spi-

579 1784 860 1855 Magister.
894 1782 1048 1838 Sicut
1078 1781 1410 1852 sempiterna
1433 1779 1613 1834 virtus
1645 1776 1960 1833 Divinitatis
1992 1790 2090 1846 per
2124 1845 2164 1855 _
2198 1772 2336 1828 ritus
2368 1783 2591 1830 sanctus
2615 1778 2969 1833 nominatur?

507 1891 572 1932 ea
607 1845 730 1946 quva:
764 1873 901 1929 facta
958 1845 1400 1944 conspici-untur,
1459 1880 1638 1942 potest
1696 1869 1950 1939 intelligi,
1996 1845 2089 1926 εἰσ
2124 1845 2169 1903 Β
2268 1862 2551 1936 Magister.
2594 1867 2689 1922 Dei
2714 1869 3014 1929 essentiam
3050 1869 3163 1926 dixi
3217 1887 3344 1929 esse
3399 1872 3591 1940 Vitam;
3639 1886 3752 1929 ῗεη

376 1973 393 1983 “
505 1969 612 2024 Ιιοο
634 1965 974 2040 profundum
1026 1964 1350 2039 mysterium
1405 1973 1462 2019 et
1510 1962 1820 2028 occultum,
1877 1975 1978 2033 per
2022 1973 2090 2020 ea

506 2077 630 2133 quae
660 2061 715 2116 in
750 2060 913 2115 nobis
936 2068 1204 2125 geruntur
1227 2058 1447 2114 ratione
1477 2063 1866 2128 perscrutante
1923 2062 2089 2124 pote-

508 2155 582 2210 rit
604 2153 826 2225 inspici.
866 2151 1066 2208 Notum
1107 2160 1194 2206 est
1250 2150 1398 2205 enim
1451 2149 1597 2218 quod
1646 2148 1883 2202 humana
1934 2162 2092 2204 meus

503 2247 736 2301 verbum
759 2243 1066 2299 communis
1089 2242 1383 2299 locutionis
1409 2257 1474 2296 ex
1504 2257 1563 2297 se
1587 2240 1879 2309 cogitando
1895 2240 2092 2311 gignit,

506 2348 560 2392 et
586 2335 731 2390 idem
765 2336 994 2391 verbum
1029 2333 1085 2388 in
1118 2342 1299 2389 mente
1322 2344 1378 2388 et
1411 2337 1462 2388 in
1493 2332 1754 2418 memoria
1782 2331 1946 2386 simul
1988 2345 2093 2384 una

503 2427 746 2485 essentia
796 2427 1038 2483 exsistit.
1087 2426 1223 2482 Cum
1251 2439 1384 2481 vero
1446 2440 1603 2480 mens
1652 2410 1881 2478 verbum
1930 2410 2092 2477 suum

506 2521 633 2577 aliis
667 2521 1009 2576 innotescere
1029 2519 1200 2590 cupit,
1228 2532 1350 2572 cum
1374 2518 1563 2572 eadem
1591 2516 1946 2588 cogitatione,
1972 2529 2095 2585 quas

504 2614 646 2671 nihil
676 2611 822 2667 aliud
861 2622 947 2667 est
978 2625 1141 2682 quam
1175 2611 1400 2666 verbum
1431 2626 1615 2673 suam,
1636 2619 1687 2664 et
1725 2624 1848 2664 cum
1882 2622 2094 2663 memo-

504 2708 587 2763 ria
610 2706 869 2778 dispnnit,
902 2703 1046 2775 quod
1076 2702 1218 2759 idem
1250 2701 1475 2758 verbum
1507 2716 1708 2771 corpus
1741 2702 1887 2756 vocis
1918 2700 2095 2756 induit

504 2800 814 2858 et-auribus
865 2797 1107 2853 audibile
1135 2803 1191 2877 et
1214 2794 1476 2851 cordibus
1507 2794 1847 2851 audientium
1880 2794 2095 2851 visibile

505 2893 793 2967 procedit,
824 2892 1073 2947 etetiam
1102 2889 1301 2945 litteris
1346 2903 1549 2957 corpus
1611 2902 1773 2942 suum
1837 2886 1992 2954 ligari
2040 2893 2095 2941 et

507 2987 683 3043 videri
718 2985 1005 3057 permittit,
1029 2991 1085 3038 et
1127 2991 1309 3037 tamen
1345 2979 1620 3035 invisibile
1657 2994 1884 3034 manens
1912 2978 1981 3034 de
2010 2993 2097 3035 es-

511 3187 626 3233 τως
662 3167 868 3234 ὁλὸγος
895 3164 990 3220 τοῦ
1025 3164 1162 3219 Θεοῦ
1192 3164 1348 3219 οὑδὲν
1377 3162 1569 3233 ἕτερον
1621 3163 1771 3216 ἐστιν
1813 3163 1864 3215 εί
1927 3162 2002 3233 μὴ
2058 3164 2091 3233 ἡ
2125 3188 2169 3249 c

515 3264 681 3333 τέχνη
715 3259 882 3314 αὑτοῦ
914 3277 933 3294 ο
999 3260 1035 3330 ἠ
1068 3258 1126 3311 δὲ
1148 3258 1311 3328 τέχνη
1346 3257 1505 3311 οὐδὲν
1533 3256 1664 3311 ἄλλο
1699 3258 1747 3310 εί
1793 3255 1870 3327 μὴ
1899 3255 2038 3328 αὑτὴ
2062 3258 2096 3326 ἡ

521 3352 657 3423 ζωὴ,
709 3350 806 3405 καὶ
828 3353 885 3404 ἐν
936 3339 1101 3419 αὑτῇ
1135 3349 1317 3403 πάντα
1380 3346 1778 3417 ἀμεταὸλήτως
1827 3346 2096 3419 διαμένει,

484 3436 485 3439 “
520 3445 669 3516 ἅπερ
698 3445 756 3497 ὲν
784 3443 853 3513 τῇ
893 3440 1077 3495 αὑτῶν
1107 3439 1268 3511 οὑσίᾳ
1304 3437 1707 3510 μεταϐάλλεται
1756 3438 1853 3491 καὶ
1905 3439 2102 3509 ἀπογί-

522 3555 702 3593 νεται.

488 3668 497 3676 ο
592 3631 784 3687 Ἀδελ.
834 3628 991 3685 Ἐπεὶ
1035 3626 1283 3699 ἀριδή).ῳ
1335 3629 1438 3685 καὶ
1491 3626 1922 3698 ἀκαταγωνίστῳ
1958 3625 2104 3696 λόγῳ

526 3726 657 3796 μίαν
693 3724 790 3778 καὶ
819 3723 1129 3795 ἀδιαίρετον
1154 3722 1348 3776 οὑσίαν
1394 3717 1539 3776 εἶναι
1570 3719 1667 3774 τοῦ
1702 3720 1864 3789 λόγου
1909 3720 2103 3774 τούτου

524 3816 667 3889 μετὰ
693 3817 789 3870 τοῦ
826 3815 1036 3885 Πατρδς
1062 3815 1159 3869 καὶ¹
1197 3814 1293 3868 τοῦ
1328 3813 1646 3883 Πνεῦματος
1669 3812 1957 3877 δέδεικται,
1986 3811 2104 3874 πῶς

520 3912 588 3966 ἂν
618 3909 707 3980 εἴη
731 3909 963 3965 δυνατὸν
990 3907 1157 3978 μόνον
1186 3908 1281 3962 τὸν
1306 3907 1437 3960 Υἱὸν
1470 3906 1831 3977 σαρκωθῆναι
1861 3921 1879 3973 ;
1911 3907 1967 3959 εἰ·
1996 3906 2105 3977 γὰρ

520 4002 619 4070 τῆς
647 3999 743 4057 τοῦ
775 3980 991 4072 Πατρδς
1015 3998 1208 4062 οὐσίας
1239 3995 1561 4068 χωρισθεὶς,
1626 3995 1771 4058 ίδίως
1820 3995 2108 4069 σεσάρκω·

518 4111 632 4158 ται,
666 4093 828 4163 δῆλον
862 4092 939 4156 ὡς
973 4091 1126 4163 ἠτοῦ
1164 4090 1383 4160 Πατβὸς
1434 4089 1532 4143 καὶ
1570 4087 1666 4142 τοῦ
1696 4086 1828 4142 Υἱοῦ
1857 4089 1954 4142 καὶ
2008 4088 2105 4144 τοῦ

523 4188 682 4257 ἁγίου
714 4186 1032 4256 Πνεῦματος
1061 4183 1225 4239 οὑσία
1248 4184 1350 4237 οὑκ
1383 4181 1533 4237 ἔστιν
1561 4182 1903 4255 ἀδιαίρετος,
1934 4182 2106 4247 πάθος

524 4280 812 4334 ὑποστᾶσα
852 4275 1163 4348 χωρισμοῦ.

595 4370 720 4425 Διδ.
758 4371 972 4440 Ὥσπερ
1023 4370 1057 4440 ἡ
1106 4368 1280 4431 ἀΐδιος
1310 4367 1543 4439 δύναμις
1603 4368 1700 4422 καὶ
1756 4367 1972 4437 θειότης
2020 4366 2109 4421 διὰ

520 4463 632 4517 τῶν
676 4461 989 4532 γενομένων
1062 4458 1390 4531 καθορᾶται,
1421 4460 1518 4513 καὶ
1554 4458 1782 4515 δυνατὸν
1817 4460 2109 4532 νοηθῆναι*
2182 4488 2189 4505 ι

2194 1964 2376 2012 autem
2405 1957 2513 2013 vita
2535 1972 2595 2015 se
2613 1959 2797 2016 vivere
2823 1962 3097 2033 intelligit,
3118 1972 3176 2020 et
3198 1966 3246 2022 si
3298 1982 3359 2022 se
3379 1969 3541 2022 vitam
3568 1966 3751 2021 intelli-

2193 2048 2293 2120 git,
2321 2050 2589 2121 sentique
2617 2051 2792 2124 diligit
2831 2069 2851 2131 .;
2882 2053 2976 2111 Dei
3006 2064 3187 2113 autem
3221 2059 3424 2125 vivere,
3455 2060 3752 2131 intelligere,

2195 2142 2330 2196 nihil
2358 2152 2442 2198 est
2469 2145 2641 2211 aliud,
2665 2161 2827 2217 quam
2855 2150 3144 2207 exsistere.
3178 2150 3411 2210 Dilectio
3433 2170 3563 2226 ergo
3576 2156 3660 2225 D_ei
3681 2164 3754 2211 est

2195 2235 2328 2301 vita,
2363 2246 2419 2290 et
2446 2237 2552 2290 vita
2581 2247 2667 2292 est
2686 2237 2950 2310 Spiritus.
2994 2242 3207 2312 thuia
3245 2245 3386 2303 Deus
3413 2263 3509 2317 per
3526 2249 3756 2304 dilectio-

2197 2337 2320 2377 nem
2347 2325 2564 2381 cunctis
2598 2340 2741 2391 esse,
2763 2328 2850 2383 vel
2872 2328 3054 2386 vivere
3077 2332 3291 2397 tribuit,
3313 2335 3518 2392 idcirco
3539 2336 3755 2408 Spiritus

2196 2428 2570 2486 nuncupatur.
2603 2416 2729 2473 ldeo
2769 2429 2955 2476 autem
2992 2434 3220 2481 sanctus
3240 2427 3478 2494 additur,
3504 2430 3623 2500 quia
3641 2444 3760 2484 cuu-
3853 2441 3857 2446 ‘

2196 2512 2283 2559 cta
2308 2520 2407 2574 per
2442 2520 2567 2561 eum
2605 2509 3043 2570 sanctiﬁcantur.

2269 2594 2514 2656 Fratres.
2535 2598 2781 2666 Qualiter
2812 2606 3077 2673 probatur
3102 2608 3193 2666 hic
3258 2608 3499 2683 Spiritus
3542 2629 3572 2668 a
3613 2612 3759 2668 Patro

2179 2700 2251 2745 -οι
2283 2688 2422 2746 Filio
2466 2696 2800 2763 procedere?

2271 2784 2554 2856 Magister.
2612 2785 2761 2843 Nihil
2820 2788 2969 2845 aliud
3018 2789 3260 2862 Spiritus
3317 2808 3559 2866 sanatus,
3609 2812 3755 2866 quam

2197 2894 2354 2935 amor
2390 2882 2479 2937 Dei
2511 2884 2860 2954 intelligitur,
2893 2887 3034 2943 unde
3068 2889 3212 2945 Deus
3261 2892 3505 2949 charitas
3553 2894 3757 2950 dicitur.

2197 2972 2431 3031 CouSIat
2458 2986 2638 3031 autem
2668 2976 2797 3048 quia
2828 2977 2991 3034 Pater
3024 2978 3225 3035 Filium
3264 2986 3615 3056 .ut'seipsum
3677 2986 3767 3041 di-

2202 3151 2507 3222 ἁποχωρεί.
2539 3153 2615 3206 υὺ
2649 3156 2830 3209 τοίνυν
2851 3156 2878 3209 6
2908 3153 3030 3221 νοῦς
3066 3156 3100 3230 ἢ
3135 3158 3167 3230 ἡ
3196 3160 3416 3234 μνήμη,
3459 3162 3591 3216 ἀλλὰ
3625 3162 3767 3234 μόνος

2203 3248 2231 3299 6
2263 3247 2420 3315 λόγος
2453 3249 2627 3319 ἤχησε
2660 3248 2749 3303 διὰ
2786 3249 2883 3304 τοῦ
2913 3251 3177 3324 αἰσθητοῦ
3208 3255 3467 3327 σώματος
3514 3256 3612 3328 τῆς
3666 3272 3769 3327 φω-

2202 3341 2300 3411 νῆς
2322 3358 2336 3372 ο
2368 3342 2463 3395 καὶ
2485 3343 2635 3411 ὅμως
2664 3343 2974 3412 ἀδιαίρετος
3006 3345 3221 3416 ἔμεινεν
3240 3350 3299 3402 ἐν
3331 3354 3399 3423 τῇ
3448 3351 3542 3406 τοῦ
3570 3351 3660 3406 νοῦ
3688 3352 3774 3405 καὶ

2204 3434 2305 3503 τῆς
2361 3438 2585 3507 μνήμης
2635 3435 2814 3509 οὐσίᾳ.
2861 3438 3020 3494 Οῦτω
3050 3443 3145 3496 καὶ
3202 3444 3231 3495 6
3282 3445 3456 3517 ἄκρος
3497 3447 3682 3516 Πατὴρ
3703 3445 3773 3515 τῷ

2206 3531 2348 3581 νοεῖν
2373 3530 2569 3583 ἑαυτὸν
2602 3530 2695 3584 τὸν
2726 3532 2921 3588 ἑαυτοῦ
2956 3536 3116 3603 λόγον
3164 3538 3382 3607 ἐνόησε,
3433 3541 3536 3595 κάν
3567 3543 3631 3612 τῇ
3686 3538 3775 3593 τοῦ

2205 3618 2421 3691 Πατρδς
2449 3619 2545 3673 καὶ
2576 3619 2672 3675 τοῦ
2701 3623 2861 3692 ἁγίου
2893 3627 3217 3698 Πνεῦματος
3270 3629 3433 3702 οὐσίᾳ
3485 3630 3778 3701 ὁμοουσίως

2207 3712 2513 3784 ὑφέστηκεν
2543 3730 2558 3745 ⁶
2591 3718 2708 3770 ἀλλ’
2727 3720 2875 3788 ὅμως
2910 3719 3001 3772 διὰ
3022 3720 3181 3775 τοῦτο
3202 3720 3317 3775 οὔθ’
3364 3726 3394 3777 6
3428 3724 3636 3796 Πατὴρ,
3658 3721 3775 3777 οὔτε

2206 3804 2267 3857 τὸ
2301 3806 2529 3875 Πνεῦμα
2558 3808 2619 3861 τὸ
2657 3810 2836 3879 ἅγιον,
2864 3811 2985 3865 ἀλλ’
3020 3813 3050 3866 6
3081 3802 3254 3881 Λόγος
3281 3815 3465 3886 μόνος,
3501 3820 3529 3871 6
3548 3819 3637 3869 τοῦ
3684 3833 3781 3869 πα-

2207 3899 2337 3968 τρος
2364 3899 2488 3963 Υἱὸς
2515 3901 2739 3973 δηλαδὴ,
2776 3904 2927 3968 ἰδίως
2961 3904 3311 3975 ἀνθρώπινον
3340 3910 3505 3979 σῶμα
3534 3909 3780 3979 αἰσθητὸν

2208 3991 2521 4057 ἐνεδύσατο,
2556 3996 2650 4048 καὶ
2680 3997 2874 4050 ἑαυτὸν
2904 3999 3021 4061 τοῖς
3072 3997 3385 4070 ἀνθρώποις
3450 4003 3778 4072 παρέστησε.

2209 4081 2284 4136 Τὸ
2310 4086 2660 4156 προσληφθὲν
2692 4089 2852 4158 σῶμα
2895 4090 3122 4158 ἀτιμίαν
3156 4093 3484 4163 ὑπενεγκεῖν
3542 4093 3776 4165 συνεχῶ-

2213 4191 2406 4243 ρησεν,
2429 4175 2546 4229 ἀλλ’
2572 4176 2732 4233 αὑτὸς
2765 4179 3088 4249 ἁχωρίστως
3118 4183 3177 4235 ἐν
3231 4185 3296 4253 τῇ
3327 4184 3423 4237 τοῦ
3464 4186 3673 4256 Πατρὶς
3697 4184 3784 4236 καὶ

2208 4269 2305 4320 τοῦ
2331 4268 2490 4337 ἁγίου
2524 4269 2848 4341 Πνεῦματος
2897 4272 3061 4345 οὐσίᾳ
3105 4273 3329 4346 ἀπαθὴς
3389 4277 3783 4348 διαμεμένηκε,

2210 4362 2304 4414 καὶ
2343 4361 2598 4432 ἀόρατος.
3566 4394 3569 4399 -

2263 4454 2481 4512 ι’Δδελ.
2510 4457 2629 4510 Τίνι
2652 4457 2795 4528 λόγῳ
2824 4458 2887 4512 τὸ
2915 4459 3139 4533 Πνεῦμα
3171 4461 3309 4534 ἔρως
3337 4461 3670 4536 ὀνομάζεται
3698 4461 3785 4520 τοῦ

521 4555 667 4611 οὑτω
694 4554 790 4609 καὶ
823 4552 884 4607 τὺ
919 4551 1057 4625 βαθὺ
1076 4551 1236 4606 τοῦτο
1269 4567 1367 4605 και
1396 4552 1862 4624 συνεσκιασμένον
1895 4555 2106 4625 μυστή-
2141 4532 2181 4586 Ῑ)
2211 4549 2350 4606 Θευῦ
2381 4569 2402 4619 ;

525 4666 644 4721 ριον
686 4647 777 4701 διὰ
804 4646 915 4701 τῶν
940 4644 1072 4715 παρ’
1101 4645 1236 4715 ἡμῖν
1265 4643 1571 4715 γινομένων
1606 4649 1703 4700 καὶ
1733 4645 1821 4701 διὰ
1858 4646 1953 4700 τοῦ
2017 4647 2107 4702 λό-

522 4760 623 4812 γου
655 4739 1090 4812 διερευνωμένου
1120 4736 1349 4791 δυνατὸν
1386 4738 1482 4790 καὶ
1518 4736 1676 4791 τοῦτο
1709 4739 2106 4810 καθοραθῆναι.

524 4835 697 4906 Δῆλον
744 4831 860 4902 γὰρ
912 4829 1005 4883 τὸν
1055 4827 1404 4896 ἀνθρώπινον
1448 4828 1575 4883 νοῦν
1621 4829 1967 4901 λογιζόμενοι
2014 4832 2108 4901 ἀφ’

529 4925 725 4983 ἑαυτοῦ
765 4926 1032 4995 γεννῆσαι
1073 4922 1267 4976 τοῦτον
1295 4922 1388 4976 τὸν
1419 4923 1517 4993 τῆς
1580 4924 1772 4995 κοινῆς
1823 4924 2108 4980 διαλέκτου

525 5019 822 5091 λόγον,καὶ
850 5016 1040 5071 τοῦτον
1068 5017 1160 5070 τὸν
1187 5016 1347 5084 λόγον
1380 5019 1437 5070 ὲν
1469 5015 1547 5087 τῷ
1576 5016 1652 5086 νῷ
1697 5020 1791 5071 καὶ
1819 5020 1886 5088 τῇ
1920 5021 2109 5092 μνήμῃ

527 5111 664 5183 ὁμοῦ
695 5110 824 5184 μίαν
857 5106 998 5165 εἶναι
1028 5109 1245 5164 οὐσίαν.
1284 5109 1458 5162 Ὅταν
1487 5108 1546 5161 δὲ
1585 5110 1676 5163 τὸν
1732 5109 1899 5165 αὑτοῦ
1955 5112 2112 5179 λόγον

531 5208 625 5261 καὶ.
671 5205 854 5268 ἄλλοις
887 5200 1207 5272 ἐπιθυμήσῃ
1241 5202 1468 5270 ποιῆσαι
1497 5202 1800 5271 γνώριμον,
1835 5204 2114 5274 οἰκονομεῖ

537 5300 678 5369 μετὰ
704 5294 800 5350 τοῦ
833 5294 967 5349 ίδίου
994 5292 1281 5364 λογισμοῦ,
1308 5292 1366 5357 ὃς
1388 5294 1542 5348 οὐδὲν
1576 5294 1763 5364 ἕτερόν
1812 5297 1961 5352 ἐστιν
2012 5297 2045 5368 ἢ
2084 5299 2113 5352 6

532 5396 689 5461 λόγος
736 5389 925 5445 αὑτοῦ.
990 5390 1099 5443 Καὶ
1146 5390 1287 5460 μετὰ
1327 5388 1431 5453 τῆς
1486 5391 1712 5460 μνήμης
1758 5390 1921 5445 αὑτὸν
1958 5391 2114 5460 λόγον

454 5514 457 5521 ·
532 5486 691 5556 σῶμα
722 5482 909 5555 φωνῆς
936 5481 1284 5549 ἐνδύσασθαι,
1317 5483 1414 5536 καὶ
1461 5486 1573 5547 τοῖς
1625 5483 1760 5538 ὠσὶν
1820 5485 2111 5549 ἀκουστὸν,

531 5578 625 5628 κει
646 5576 767 5638 ταῖς
793 5573 901 5627 τῶν
929 5571 1240 5625 ἀκουόντων
1275 5571 1527 5642 καρδίαις
1552 5574 1748 5644 ὁρατὸν
1775 5575 1961 5645 ἐφίησι
2019 5593 2113 5645 γε-

532 5666 888 5721 νέσθαι.Ἐτι
941 5665 1034 5718 καὶ
1087 5664 1382 5735 γράμμασι
1418 5666 1803 5738 περισφίγγων
1854 5667 1915 5720 τὸ
1953 5669 2112 5739 σῶμα

532 5754 625 5807 τοῦ
682 5756 866 5824 λόγου,
916 5754 1031 5810 ἀλλ’
1086 5756 1235 5825 ὅμως
1299 5759 1328 5810 ὁ
1391 5756 1547 5824 λόγος
1625 5760 1835 5823 ἐκεῖνος
1876 5761 2110 5833 ἀόρατος

536 5848 709 5915 μένων
738 5850 832 5920 τῆς
868 5850 960 5903 τοῦ
988 5848 1080 5903 νοῦ
1129 5854 1219 5902 καὶ
1248 5848 1347 5919 τῆς
1380 5849 1605 5921 μνήμης
1650 5851 1952 5922 ὑπάρξεως
2004 5856 2105 5909 οὐκ

1751 6137 1784 6164 Ο

2283 4645 2405 4699 Διδ.
2442 4647 2554 4716 Τὴν
2583 4647 2683 4703 τοῦ
2711 4648 2845 4702 Θεοῦ
2875 4648 3068 4704 οὐσίαν
3087 4650 3233 4723 ζωὴν
3258 4646 3414 4709 εἶπον
3444 4649 3592 4710 εἶναι
3626 4670 3641 4686 ·
3671 4654 3707 4724 ἡ
3736 4651 3789 4706 δὲ

2211 4736 2415 4809 ἀληθὴς
2434 4739 2548 4812 ζωή
2560 4740 2765 4811 ἑαυτὴν
2794 4740 2975 4805 ζῶσαν
2998 4745 3128 4797 νοεῖ.
3150 4745 3213 4797 Et
3231 4746 3409 4801 τοίνυν
3426 4748 3634 4819 ἑαυτὴν
3657 4745 3791 4817 ζωὴν

2211 4825 2378 4883 οὖσαν
2406 4833 2543 4896 νοεῖ,
2574 4833 2775 4902 ἑαυτὴν
2804 4833 3027 4897 πάντως
3058 4836 3268 4909 ἀγαπᾷ.
3310 4839 3418 4892 Τοῦ
3474 4840 3534 4894 δὲ
3570 4839 3706 4894 Θεοῦ
3736 4837 3792 4891 τὸ

2166 5001 2169 5006 1
2213 4921 2334 4994 ζῇν,
2352 4924 2417 4976 τὸ
2442 4925 2605 4988 νοεῖν,
2634 4924 2695 4978 τὸ
2730 4924 2979 4998 ἀγαπᾷν,
3011 4927 3166 4982 οὐδέν
3190 4929 3339 4983 ἐστιν
3363 4929 3560 5002 ἕτερον
3584 4932 3616 5003 ἢ
3648 4926 3791 4985 τὸεῖ-

2212 5033 2300 5071 ναι
2320 5032 2340 5052 ⁶
2379 5019 2412 5090 ἡ
2442 5020 2631 5088 ἀγάπη
2659 5023 2840 5075 τοίνυν
2879 5023 2975 5074 τοῦ
3005 5021 3140 5075 Θεοῦ
3172 5022 3289 5094 ζωὴ
3309 5028 3450 5081 ἐστι.
3473 5026 3590 5081 Καὶ
3622 5028 3656 5098 ἡ
3685 5022 3792 5095 ζωὴ

2215 5110 2437 5181 πνεῦμὰ
2461 5113 2600 5176 ἔστι,
2635 5113 2731 5166 καὶ
2756 5114 2877 5167 ἐπεὶ
2908 5116 2936 5167 6
2974 5114 3109 5179 Θεὸς
3138 5115 3207 5169 δι’
3255 5118 3482 5189 ἀγάπην
3539 5121 3679 5174 πᾶσι
3736 5118 3792 5171 τὸ

2214 5199 2356 5257 εἶναι
2395 5204 2492 5258 καὶ
2524 5205 2624 5276 ζῇν
2653 5205 2878 5272 δέδωκε,
2921 5205 3012 5261 διὰ
3042 5206 3201 5261 τοῦτο
3243 5209 3471 5280 Πνεῦμα
3524 5225 3791 5280 προσαγο-

2220 5296 2462 5360 ρεύεται.
2508 5295 2662 5350 Ἑκεὶ
2691 5296 2751 5350 δὲ
2780 5298 2840 5350 τὸ
2870 5298 3027 5368 ἆγιον
3053 5299 3508 5372 πρόσκειται,ὃτι
3533 5303 3602 5357 δι’
3633 5303 3792 5359 αὑτοῦ

2217 5384 2392 5440 πάντα
2433 5388 2749 5455 ἁγιάζεται.

2289 5478 2489 5536 Ἀδελ.
2551 5482 2677 5548 Πῶς
2722 5483 2999 5539 δείκνυται
3042 5485 3203 5541 τοῦτο
3245 5486 3308 5541 τὸ
3354 5485 3592 5559 Πνεῦμα
3651 5468 3791 5556 παρὰ

2220 5575 2429 5646 Πατρὸς
2461 5576 2557 5631 καὶ
2587 5575 2721 5638 Υἰοῦ
2757 5580 3196 5649 ὲκπορεύεσθαις

2289 5670 2422 5727 Λιὸ.
2461 5671 2536 5725 Τὸ
2569 5670 2796 5742 Πνεῦμα
2831 5672 2891 5726 τὸ
2921 5672 3075 5742 ἆγιον
3123 5674 3282 5729 οὐδὲν
3338 5673 3531 5743 ἕτερον
3583 5672 3616 5743 ἢ
3664 5669 3792 5741 ἔρως

2216 5765 2311 5818 τοῦ
2341 5766 2476 5819 Θεοῦ
2504 5769 2728 5832 νοεῖται,
2755 5766 2876 5819 ὅθεν
2894 5767 2987 5818 καὶ
3009 5768 3037 5819 ὁ
3067 5768 3200 5830 Θεὸς
3223 5768 3410 5838 ἀγάπη
3431 5767 3683 5833 λέγεται,
3707 5763 3791 5832 δῆ-

2219 5860 2309 5914 λον
2339 5860 2394 5913 δὲ
2433 5861 2506 5925 ὡς
2534 5861 2559 5911 ὁ
2594 5862 2781 5930 Πατὴο
2823 5861 2913 5915 τὶν
2941 5860 3070 5916 Υἰδν
3113 5860 3187 5926 ὡς
3217 5861 3407 5917 ἑαυτὸν
3453 5860 3670 5919 ἀγαπᾶ.
3710 5855 3792 5910 καὶ
