4066 6506
421 469 555 532 H73

1386 467 1631 528 COMPA
1644 469 1880 532 RATIO
1922 471 2209 534 HIEMIS
2248 473 2357 555 ET»
2382 474 2642 536 VERIS.

3534 461 3680 527 ιιπ

416 579 814 642 καθεστηκέναι
870 577 967 640 τὰς
1003 576 1154 648 ὥρας
1203 579 1470 649 ἑκατέρας
1514 581 1906 652 ἀποδιδομένης
1929 584 1994 652 τῇ
2030 590 2071 644 Α
2102 586 2316 655 χρόνος.
2340 587 2430 656 Τῴ
2460 587 2517 639 δὲ
2570 583 2873 638 διαλείπειν
2925 581 3020 636 καὶ
3056 577 3410 647 παραχωρεῖν
3474 573 3670 642 ἑτέραν

416 671 711 739 προσφόρῳ
762 673 972 738 κινήσει
996 684 1012 700 ⁶
1037 675 1132 725 κοιλ⁵
1187 669 1294 740 γὰρ
1327 672 1426 724 ούκ
1457 671 1658 726 ἄτοπον
1712 673 1850 743 πρὸς
1889 674 1989 742 τῆς

417 760 673 825 ἀληθείας
702 761 872 828 αὐτῆς
895 762 989 814 καὶ
1015 761 1123 814 τῶν
1153 760 1327 828 λόγων
1350 763 1449 830 τῆς
1482 761 1725 831 ἰσότητος
1755 763 1989 832 ἔκφυλον

415 856 508 909 δύο
536 859 630 918 τὰς
653 857 894 924 κινήσεις
919 855 1197 922 λέγοντας,
1230 856 1499 925 τέτταρας
1554 855 1852 909 ὑποθέσθαι
1889 859 1988 921 τάς

417 949 588 1012 ὧρας,
644 951 737 1000 καὶ
796 948 1141 1018 παρενείρειν
1195 949 1423 1018 χειμῶνι
1456 947 1556 1016 μὲν
1601 947 1721 1016 ἔαρ,
1758 949 1903 1018 θέρει
1933 950 1988 1002 δὲ

419 1041 582 1093 πάλιν
615 1039 764 1108 ὥραν
792 1041 1006 1109 ἑτέραν,
1036 1039 1222 1106 ὥσπερ
1251 1038 1316 1091 ἂν
1343 1041 1391 1090 εἰ
1416 1039 1566 1110 παρά
1595 1039 1753 1092 τοῦτο
1786 1040 1990 1110 μείζων

419 1134 446 1185 6
476 1132 720 1193 ἐνιαυτὸς
748 1131 944 1184 ἑαυτοῦ
976 1130 1262 1198 γίγνεσθαι
1302 1131 1507 1200 μέλλοι.

507 1221 653 1288 Ἐγὼ
684 1222 740 1274 δὲ
763 1222 826 1292 δὴ
857 1223 952 1275 καὶ
979 1220 1120 1276 εἶδον
1161 1223 1254 1275 ἐπὶ
1296 1222 1505 1291 λιθίνης
1556 1225 1763 1286 εἰκόνος
1794 1225 1992 1279 κύκλον

417 1316 540 1368 τινὰ
564 1301 952 1384 γεγραμμένον
987 1315 1081 1369 καὶ
1125 1314 1315 1368 τοῦτον
1377 1315 1718 1385 ἑκατέρωθεν
1765 1320 1990 1385 γυναῖκε

419 1406 530 1459 δύω
581 1407 997 1476 πτερυγοφόρω,
1047 1405 1206 1470 δόξαν
1256 1405 1590 1476 παρειχέτην
1654 1409 1773 1470 ταῖς
1832 1409 1990 1479 χερσί

421 1498 806 1567 περιστρέφειν
838 1514 853 1529 ο
883 1497 1070 1567 θαῦμα
1089 1497 1144 1549 δέ
1177 1495 1321 1567 σχὼν
1344 1499 1440 1566 τῆς
1467 1499 1704 1569 γραφῆς,
1738 1500 1856 1552 οὐδὲ
1883 1501 1992 1571 γὰρ

421 1589 500 1642 ὅτι
561 1589 807 1658 βούλεται
854 1585 999 1658 εἶχον
1053 1592 1314 1652 συνεῖναι,
1390 1591 1676 1661 ὲπηρόμην
1722 1592 1831 1646 τῶν
1869 1611 1992 1646 τινα

421 1682 835 1751 προσεστώτων,
874 1681 957 1734 ὅτι
977 1683 1040 1752 δή
1078 1699 1208 1736 ποτε
1244 1685 1532 1754 σημαίνειν
1557 1687 1584 1737 6
1613 1686 1994 1755 γεγλυμμένος

421 1770 534 1837 ἅμα
567 1775 677 1823 τοῖν
707 1773 996 1838 γυναίκοιν
1023 1773 1197 1828 ἐθέλει
1222 1777 1433 1845 τροχός.
1459 1779 1568 1830 Καὶ
1605 1777 1663 1839 ὃς
1690 1777 1993 1846 ἐξηγούμε-

419 1880 506 1922 νος
529 1861 628 1930 τὴν
653 1863 861 1930 εἰκόνα,
899 1866 990 1918 τὸν
1019 1865 1118 1932 μὲν
1148 1865 1350 1919 κύκλον
1378 1868 1641 1935 ἔφασκεν,
1692 1862 1737 1922 ὧ
1793 1870 1988 1936 ἀγαθὲ,

415 1955 507 2006 τὸν
542 1956 788 2009 ἐνιαυτόν
823 1973 913 2024 μοι
937 1959 1156 2026 νοήσας,
1195 1959 1273 2010 τὼ
1321 1959 1378 2011 δὲ
1411 1961 1731 2030 παρεστῶτε
1792 1962 1988 2032 ζῳδίω,

415 2047 516 2108 τὰς
547 2047 694 2118 ὧρας
721 2064 804 2101 σοι
841 2051 1084 2120 παριστᾷ
1109 2051 1376 2115 τοσαύτας
1419 2051 1586 2115 οὔσας
1627 2054 1719 2107 καὶ
1768 2053 1860 2106 τὸν
1909 2056 1992 2106 ὲν-

421 2141 629 2195 ιαύσςον
655 2145 855 2196 κύκλον
879 2143 938 2208 ἐξ
969 2146 1204 2215 ἀμοιϐῆς
1231 2149 1288 2209 ές
1310 2147 1371 2199 τὸ
1419 2146 1664 2214 διηνεκὲς
1718 2145 1992 2198 διατελοῦ-

420 2250 505 2285 σιν
536 2235 996 2306 ἔπιτροπεύουσαι
1026 2255 1039 2268 ·
1076 2238 1170 2288 καὶ
1202 2239 1310 2308 γὰρ
1364 2237 1520 2290 ταῦθ’
1554 2238 1697 2290 οὕτω
1740 2239 1854 2300 τοῖς
1905 2254 1993 2289 σο-

419 2325 683 2396 φωτέροις
716 2327 888 2380 ἐδόκει
910 2327 1019 2380 τῶν
1043 2329 1309 2385 παλαιῶν.
1348 2329 1487 2383 Ἀλλ’
1523 2332 1644 2384 ἐπεὶ
1682 2330 1756 2401 μὴ
1783 2329 1992 2401 ἔκφοροι

307 2459 316 2468 .
416 2419 486 2470 τά
508 2418 680 2470 πολλὰ
719 2419 830 2472 τῶν
860 2421 960 2490 τῆς
989 2421 1308 2489 φιλοσοφίας
1354 2421 1666 2492 δογμάτων,
1713 2421 1820 2474 οὐδ’
1852 2423 1994 2475 αύτά

416 2511 797 2581 παρεδόθησαν
821 2511 1047 2581 βίϐλοις,
1070 2513 1188 2567 ἀλλ’
1210 2514 1284 2577 ὼς
1313 2515 1368 2568 ἐν
1405 2515 1694 2584 συμϐόλοις
1737 2515 1851 2577 τισὶ
1897 2517 1992 2569 καὶ

416 2597 506 2655 οἷα
532 2603 596 2672 δὴ
624 2603 691 2656 τά
717 2603 825 2656 τῶν
849 2605 1162 2671 Αἰγυπτίων
1199 2607 1322 2674 ἰερά
1347 2605 1519 2659 πάλαι
1549 2607 1612 2675 δή
1647 2623 1778 2658 ποτε
1833 2606 1992 2672 λόγος

417 2693 530 2762 ἔχει
580 2693 886 2764 γράμματα
940 2696 1247 2763 γεγονέναι,
1308 2696 1769 2764 συγκεκρύροιται,
1821 2699 1916 2749 καὶ
1962 2697 1990 2749 6

418 2787 519 2853 μὲν
547 2787 620 2851 ὡς
651 2781 776 2841 εἶπε
811 2805 824 2820 ·
867 2789 940 2842 Σὺ
970 2788 1028 2841 δὲ
1068 2790 1183 2842 νυνὶ
1217 2789 1462 2858 σύμϐαλέ
1524 2806 1616 2858 μοι
1664 2790 1764 2858 τὴν
1804 2792 1990 2844 εἰκόνα

415 2876 494 2946 τῷ
523 2878 666 2948 λόγῳ
701 2894 716 2910 ο
749 2878 854 2934 κᾶν
880 2880 1281 2948 συμϐαίνουσαν
1305 2882 1437 2950 ὁρᾷς
1460 2880 1604 2932 κατά
1637 2881 1744 2933 πᾶν
1782 2879 1985 2948 ὁτιοῦν,

417 2969 606 3024 πείθου
638 2972 734 3025 καὶ
757 2973 1002 3041 χειμῶνα
1042 2973 1139 3041 μὲν
1177 2973 1547 3042 ὑφεστηκέναι
1571 2975 1701 3040 περί
1740 2972 1831 3024 τὸν
1861 2973 1991 3043 χρό-

417 3080 525 3122 νον,
552 3063 650 3134 ἔαρ
676 3063 732 3116 δὲ
761 3063 1008 3132 εὔφημον
1037 3064 1210 3126 ἄλλως
1237 3064 1408 3132 ὄνομα
1438 3065 1837 3134 τεθρυλλῆσθαι
1894 3065 1990 3118 καὶ

420 3156 684 3226 κρατήσει
716 3156 818 3209 κάν
842 3155 1014 3225 τούτῳ
1040 3155 1205 3209 πάλιν
1234 3159 1297 3209 ἐκ
1331 3156 1530 3209 πολλοῦ
1563 3156 1657 3209 τοῦ
1680 3157 1986 3224 περιόντος,

2092 677 2277 748 ἑτέρᾳ,
2305 679 2400 730 τοῦ
2433 677 2561 747 περὶ
2594 676 2684 729 τὸν
2719 674 2922 742 κόσμον
2953 672 3119 742 ἔχειν,
3144 669 3316 732 αύτάς
3347 667 3471 723 καθ’
3500 664 3688 730 αὑτὰς.

2093 767 2411 838 παυομένην
2437 768 2535 839 τὴν
2563 768 2782 838 κίνησιν
2812 767 2980 837 ἔχειν,
3014 765 3165 819 πᾶσα
3188 763 3244 816 δὲ
3289 761 3528 832 ἠρεμίαν
3583 761 3660 811 δε»

2093 862 2298 929 χομένη
2338 861 2550 929 κίνησις
2581 861 2680 913 οὐκ
2726 860 2859 914 ἄνευ
2889 857 2984 912 τοῦ
3027 857 3314 924 κατολίγον
3366 852 3670 923 ἀπολήγειν

2092 951 2340 1016 γίνεσθαι
2369 951 2585 1018 πέφυκε
2620 953 2714 1003 καί
2738 951 2885 1004 τοῦτ’
2916 951 2980 1002 ὲκ
3009 948 3221 1002 πολλῶν
3280 945 3440 1016 δῆλον
3495 943 3671 998 καθα-

2095 1041 2338 1111 ρώτατον
2360 1042 2424 1110 δὴ
2456 1041 2531 1104 ὡς
2569 1043 2663 1094 καὶ
2684 1040 2896 1110 χειμὼν
2920 1041 3019 1110 οὐχ
3050 1040 3125 1103 ὡς
3175 1039 3399 1108 ἑτέρως,
3451 1034 3567 1088 ἀλλ’
3595 1033 3672 1096 ὡς

2092 1129 2210 1201 ὥρα
2243 1137 2342 1202 τῆς
2369 1135 2638 1202 κινήσεως
2674 1135 2958 1204 στήσεται,
3011 1133 3104 1185 καὶ
3160 1131 3313 1193 τέλος
3370 1128 3530 1182 ἔσται
3578 1127 3685 1179 τὸν·

2092 1223 2252 1290 λόγον
2284 1222 2472 1276 τοῦτον
2500 1224 2767 1295 χειμῶνος
2792 1225 2853 1276 τὸ
2902 1222 3004 1294 ἔαρ
3039 1223 3132 1277 καὶ
3184 1221 3390 1292 χειμὼν
3435 1220 3672 1288 ἐπικρα-

2093 1316 2350 1385 τέστερος
2383 1317 2560 1386 ἔαρος.
2587 1318 2658 1370 Ἢ
2689 1316 2787 1386 οὐχ
2815 1317 2945 1385 ὁρᾷς
2985 1315 3061 1376 ὡς
3086 1315 3179 1367 καὶ
3227 1313 3362 1382 πρὸς
3399 1309 3509 1364 τῶν
3555 1310 3672 1362 ὀνο-

2096 1414 2585 1484 ματοθετησάντων
2625 1413 2807 1482 ὀλίγου
2851 1413 2960 1466 δεῖν
3019 1411 3128 1464 οὐδ’
3174 1411 3438 1480 ὀνόματος
3485 1409 3674 1478 τυχεῖν

2091 1503 2152 1556 τὸ
2174 1505 2269 1572 ἔαρ
2305 1505 2541 1575 ἐμέλησε
2578 1520 2594 1572 ;
2631 1506 2756 1569 Πῶς
2777 1504 2888 1574 γάρ
2917 1505 3169 1574 χειμῶνι,
3196 1503 3314 1567 πῶς
3341 1503 3490 1572 θέρει
3517 1517 3533 1532 ο
3554 1501 3675 1562 πῶς

2095 1595 2424 1666 φθινοπώρῳ
2449 1595 2713 1667 ’,ἑκάστῳ
2768 1595 2974 1648 τούτων
3022 1594 3056 1664 ἢ
3116 1593 3319 1663 πλῆθος
3367 1593 3402 1662 ἢ
3450 1590 3683 1652 ἔκτασις·

2095 1689 2428 1756 συλλαϐῶνῆ
2462 1687 2771 1757 συμφώνων
2829 1687 2963 1753 γοῦν
3009 1686 3297 1756 ηύτυχὴθη
3344 1682 3630 1756 περιουσία
3657 1698 3682 1713 θ’

2093 1781 2192 1850 ἔαρ
2218 1781 2276 1834 δὲ
2299 1781 2521 1834 πάντων
2549 1780 2746 1840 ἐνδεές.
2794 1779 2973 1834 Ψιλὸν
3016 1777 3452 1848 συνεληλαμένον
3509 1775 3569 1838 ἐς
3613 1777 3678 1828 τὸ

2098 1873 2433 1944 βραχύτατον
2460 1890 2474 1904 ο
2516 1872 2660 1925 ἔοικε
2694 1872 2801 1939 γάρ
2861 1887 2981 1932 πως
3036 1869 3130 1922 καὶ
3181 1868 3557 1937 ἀπειρημένον
3597 1859 3676 1920 εἴ·

2095 1983 2183 2020 ναι
2227 1966 2377 2036 ποιρά
2410 1967 2521 2028 τοῖς
2561 1963 2808 2034 ἀρχαίοις
2840 1961 2938 2030 ἔαρ
2977 1957 3410 2028 προσαγορεύειν
3449 1959 3545 2011 καὶ
3580 1957 3673 2010 τδν

2095 2055 2194 2126 ἔαρ
2231 2057 2480 2121 εἰπόντα,
2521 2056 2586 2109 ἔα
2626 2055 2722 2108 καὶ
2772 2053 2847 2123 μή
2893 2052 3070 2124 φράζε
3121 2049 3364 2120 δηλονότι
3423 2047 3671 2103 ἀκούειν.

2100 2148 2334 2217 Ποιητα“ι
2391 2147 2448 2201 δὲ
2501 2147 2596 2199 καὶ
2655 2146 2898 2214 ποιητῶν
2937 2143 3128 2202 παῖδες
3180 2147 3233 2200 οἱ
3287 2146 3385 2199 καὶ
3439 2141 3684 2212 μάλιστα

2098 2240 2238 2294 θεῶν
2281 2239 2485 2301 εἰδότες
2539 2239 2632 2291 καὶ
2675 2237 2870 2308 βουλὰς
2904 2238 3001 2292 καὶ
3033 2238 3346 2309 ἀπόρρητα,
3402 2237 3498 2288 καὶ
3547 2235 3671 2302 ἐξᾶ-

2099 2353 2189 2405 ραι
2227 2333 2375 2386 τοῦτ⁹
2408 2331 2814 2402 ἠϐουλήθησαν.
2864 2329 2943 2399 Τῇ
2995 2328 3052 2382 δὲ
3093 2326 3225 2396 περί
3288 2326 3381 2380 τὸν
3429 2325 3679 2392 Ἕλληνι--

2097 2427 2233 2498 σμδν
2266 2424 2594 2494 κηδεμονίας
2630 2424 2727 2475 καὶ
2757 2423 2892 2476 διότι
2921 2422 2984 2492 δὴ
3011 2420 3105 2488 τοῦ
3141 2419 3380 2490 πλήθους
3410 2418 3519 2472 τῶν
3558 2417 3674 2470 ὀνο-

2098 2521 2284 2590 μάτων
2314 2518 2609 2584 ἀπλήστως
2648 2511 2816 2585 ε’χον,
2845 2513 3136 2582 ἐφείσαντο
3180 2512 3300 2583 μὲν,
3350 2512 3584 2579 συνῆγον
3615 2508 3672 2561 δὲ

2094 2615 2152 2676 ἐς
2193 2612 2253 2666 τὸ
2291 2613 2582 2680 ὀλίγιστον,
2619 2605 2694 2677 ἦρ
2757 2609 2818 2661 τὸ
2857 2609 2959 2677 ἔαρ
3007 2608 3458 2679 προσειρηκότες,
3526 2605 3669 2660 ὥστε

2067 2701 2376 2757 ’λανθάνειν
2403 2701 2545 2754 κατᾶ
2577 2699 2675 2770 τὴν
2709 2701 3000 2753 σννέπειαν
3027 2717 3044 2733 ο
3079 2699 3174 2752 καὶ
3221 2699 3297 2770 μὴ
3352 2697 3556 2768 μεταξὺ
3587 2698 3674 2750 λε-

2094 2796 2302 2864 γόντων
2329 2795 2455 2855 τοὺς
2483 2793 2784 2854 ἀκούοντας
2815 2790 3216 2861 δυσχεραίνειν,
3252 2788 3395 2843 οὕτω
3425 2789 3482 2842 δὲ
3516 2791 3674 2859 προϊ-

2092 2889 2206 2942 όντι
2235 2887 2312 2957 τῷ
2339 2887 2483 2956 λόγῳ
2512 2887 2606 2938 καὶ
2634 2885 2824 2952 ἔτερον
2870 2882 3177 2937 ἁνακύπτει
3230 2881 3549 2949 κεφάλαιον,
3603 2881 3683 2940 δι’·

2093 2971 2266 3047 οὗπερ
2288 2977 2385 3046 οὐχ
2411 2976 2493 3030 ὅτι
2524 2974 2704 3044 ἔαρος,
2734 2972 2870 3027 ἀλλά
2898 2975 2992 3026 καὶ
3024 2971 3132 3025 τῶν
3163 2969 3337 3026 ἄλλων
3361 2969 3520 3040 ὡρῶν
3549 2971 3685 3024 ἐπι-ν

2096 3069 2399 3138 σημότερος
2429 3067 2834 3137 ἀναφανήσεται
2863 3066 2891 3118 6
2913 3063 3140 3134 χειμών.

2160 3161 2339 3231 Τριῶν
2363 3159 2471 3228 γὰρ
2497 3158 2668 3212 ὄντων
2707 3155 2822 3209 τῶν
2852 3156 3024 3223 γενῶν
3051 3156 3128 3218 ὡς
3167 3156 3278 3218 τοῖς
3309 3157 3442 3225 περὶ
3492 3171 3677 3227 γραμ-

419 3245 580 3314 ἔαρος
607 3249 633 3299 6
654 3245 884 3316 χειμών.
915 3246 1038 3307 Τοῖς
1062 3249 1161 3317 μὲν
1201 3248 1292 3302 οὖν
1320 3249 1478 3318 λόγον
1509 3249 1672 3319 μόνου
1699 3248 1794 3302 τοῦ
1822 3249 1986 3302 κοιλοῦ
2017 3271 2062 3333 c
2099 3253 2338 3324 ματικήν
2373 3250 2694 3323 ἐσχολακόσι
2731 3248 3216 3318 ’τετεχνολόγηται,
3273 3245 3370 3300 καὶ
3395 3245 3509 3300 ’τοῦ
3575 3249 3676 3317 μὲν

420 3339 763 3409 ποιουμένοις
797 3337 939 3392 οὕτω
967 3341 1034 3393 τὰ
1062 3341 1170 3394 τῶν
1210 3341 1371 3411 ὡρῶν
1425 3341 1832 3412 μετρηθήσεται
1895 3341 1991 3394 καὶ

417 3430 561 3483 οὕτω
603 3432 962 3500 ταχθήσεται.
1019 3433 1246 3502 ’ἰατρῶν
1299 3434 1358 3486 δὲ
1423 3433 1612 3496 παῖδες
1657 3432 1751 3485 καὶ
1796 3433 1874 3496 εἰς
1899 3431 1992 3492 οὓς

417 3523 529 3591 ἐγὼ
558 3524 656 3594 τὴν
686 3526 814 3595 περὶ
843 3525 943 3588 τὰς
971 3524 1117 3596 ὥρας
1146 3527 1406 3595 ἀναφέρω
1428 3525 1797 3595 καινοτομίαν.
1831 3519 1990 3578 Οὗτοι

418 3615 528 3684 γὰρ
581 3617 959 3685 ὲσταμάλιστα
1007 3619 1412 3686 νεωτεροποιοὶ,
1483 3619 1574 3670 καὶ
1635 3618 1874 3687 τετραχῆ
1931 3619 1994 3671 τὸ

419 3707 536 3770 ἔτος
562 3707 859 3774 διένειμαν,
896 3710 1168 3777 πρόφασιν
1201 3709 1300 3776 μὲν
1330 3707 1464 3762 ὦστι
1503 3709 1644 3779 μέγα
1673 3709 1766 3761 καὶ
1801 3725 1993 3761 κοινω-

420 3799 578 3866 φελὲς
608 3801 734 3868 περὶ
762 3799 854 3852 τὸν
895 3799 1009 3856 Βίον
1067 3801 1400 3868 εἰσάγοντες,
1455 3797 1754 3868 σοφώτεροι
1804 3798 1862 3850 δὲ
1911 3799 1996 3852 6o-
2025 3816 2038 3832 δ

420 3893 537 3944 κεῖν
564 3890 813 3944 ἐντεῦθεν
842 3890 1080 3957 οἰόμενοι
1119 3889 1194 3958 τῷ
1223 3889 1449 3952 πολλοὺς
1477 3890 1712 3960 ἀπατᾷν,
1752 3888 1848 3940 καὶ
1907 3888 1994 3940 ἵνα

422 3984 558 4036 πολὺ
583 3981 732 4051 σφίσι
768 3981 1045 4050 πορίζοιτο
1075 3981 1135 4030 τὸ
1159 3979 1444 4049 ἀργύριον.
1512 3980 1610 4033 Διά
1664 3979 1838 4032 ταῦτα
1885 3983 1993 4050 γὰρ

422 4076 517 4128 καὶ
574 4074 633 4127 οὗ
695 4091 827 4142 φασι
854 4075 963 4128 δεῖν
1007 4072 1116 4126 τῶν
1159 4073 1336 4126 αὐτῶν
1390 4073 1702 4143 φαρμάκων
1757 4072 1993 4141 έκάστης

421 4167 565 4237 ὥρας
587 4165 905 4236 λαμϐάνειν,
937 4166 1169 4236 χρῆσθαι
1194 4166 1247 4218 δέ
1288 4165 1398 4218 δεῖν
1443 4164 1538 4218 νῦν
1594 4164 1692 4232 μὲν
1718 4166 1859 4232 τοῖς,
1900 4165 1994 4218 νῦν

420 4262 476 4312 δὲ
507 4262 637 4325 τοῖς,
665 4259 761 4312 καὶ
785 4259 974 4312 ἄλλοτε
1007 4258 1220 4324 ἄλλοις,’
1250 4257 1323 4320 ὡς
1358 4257 1425 4310 ἂν
1453 4258 1678 4319 ἐκείνοις
1741 4257 1873 4326 δοκῇ
1902 4259 1996 4310 καὶ

421 4349 534 4403 είθε
567 4350 729 4420 μέχρι
759 4341 949 4402 τούτου
974 4348 1036 4400 τδ
1059 4347 1325 4418 προπετὲς
1351 4347 1585 4416 ἔστησαν
1624 4363 1637 4378 ο
1663 4345 1758 4397 νῦν
1788 4345 1844 4398 δὲ
1878 4344 1997 4397 τολ-

422 4443 685 4513 μῶσικαὶ
708 4442 908 4503 ταύτας
946 4439 1298 4510 ύποδιοιιρείν.
1347 4439 1628 4508 Λεγόντων
1680 4437 1773 4490 οὖν
1825 4438 1995 4490 ἀκού-

422 4553 557 4600 σεις,
599 4536 656 4588 έν
684 4536 902 4604 ἀρχαῖς.
935 4532 1248 4593 Μεσοῦντος
1282 4531 1562 4599 φθίνοντο;
1585 4529 1764 4600 ἔαρος,
1805 4530 1996 4600 θέρους

2094 3346 2382 3419 ἀρσενικοῦ
2414 3344 2784 3415 καλουμένου,
2808 3342 2902 3396 τοῦ
2934 3343 2988 3395 δὲ
3013 3339 3274 3411 θηλυκοῦ,
3303 3340 3585 3412 οὐδετέρου
3619 3341 3675 3395 δὲ

2094 3438 2190 3493 τοῦ
2221 3438 2407 3510 τρίτου
2433 3437 2529 3491 καὶ
2553 3435 2890 3498 τελευταίου,
2927 3432 3136 3505 βέλτιον
3167 3433 3265 3503 μὲν
3293 3435 3352 3486 ὲν
3385 3434 3557 3488 ἀπασι
3579 3433 3675 3486 καὶ

2095 3532 2538 3602 προφερέστερον
2559 3529 2652 3583 τοῦ
2685 3526 2923 3598 θηλυκού
2979 3527 3041 3580 τὸ
3070 3525 3396 3598 ’ἀρσενικδν,
3457 3526 3676 3578 κακεῖνο

2097 3624 2260 3679 πάλιν
2291 3621 2384 3675 τοῦ
2417 3622 2723 3694 οὐδετέρου,
2752 3623 2847 3675 καί
2880 3621 3022 3673 οὕτω
3045 3619 3109 3688 δὴ
3136 3619 3246 3688 ἀρα
3300 3615 3481 3687 πολλῷ
3506 3617 3680 3684 ὑπερ-

2094 3717 2234 3786 έχων
2262 3717 2356 3772 τοῦ
2387 3717 2576 3787 τρίτου
2607 3715 2667 3769 τὸ
2699 3713 2920 3785 πρῶτον
2956 3729 2971 3744 ⁸
3003 3711 3064 3764 τὸ
3119 3709 3228 3777 γὰρ
3280 3708 3374 3762 τοῦ
3429 3708 3677 3777 μείζονος

2099 3808 2304 3877 μεῖζον,
2341 3806 2537 3877 μακρῷ
2565 3804 2776 3874 μεῖζον.
2811 3804 2914 3857 Ἢν
2935 3797 3028 3854 οὖν
3059 3798 3267 3868 χειμὼν
3320 3797 3421 3866 μὲν
3457 3797 3677 3867 ἀρρεν-

2095 3898 2206 3959 κῶς
2231 3895 2588 3967 σχηματίζειν
2609 3894 2766 3958 ἀξίαν
2797 3894 2983 3962 ἔσχεν,
3012 3889 3134 3952 ἔαρι
3165 3888 3219 3940 δι
3253 3886 3348 3939 καὶ
3391 3886 3539 3955 θέρει
3579 3887 3676 3941 καὶ

2098 3989 2402 4062 μετοπώρῳ
2431 3987 2549 4041 οὐδὲ
2586 3985 2838 4055 θηλυκῶς
2874 3984 3157 4051 ἐξεγένετο
3187 3979 3526 4050 ὠνομάσθαι,
3554 3983 3686 4044 πῶς

2093 4083 2195 4136 οὐκ
2256 4081 2514 4151 ἀθέμιτον
2566 4065 2648 4151 ’μὴ
2705 4077 2825 4148 οὐχὶ
2892 4074 3208 4147 κρείττονος
3241 4073 3492 4144 ἀύτὸνῆ
3537 4073 3688 4126 κατὰ·

2095 4175 2268 4228 ταῦτα
2292 4173 2461 4244 τιμῆς
2486 4171 2784 4226 ἀπολαύειν
2817 4186 2834 4237 ;
2867 4168 2988 4223 Ἵνα
3054 4167 3164 4238 γάρ
3205 4165 3278 4236 μή
3338 4166 3450 4228 τοῖς
3500 4165 3690 4234 χρόνῳ-

2098 4264 2326 4334 ὖστερον
2361 4264 2648 4333 ἐσομένοις
2685 4263 2916 4330 ἐπείπερ
2950 4259 3174 4330 ἔμελλεν
3216 4257 3244 4308 6
3293 4257 3403 4310 τῶν
3465 4255 3679 4324 ἀνθρώ-ο

2099 4375 2215 4412 πων
2251 4357 2364 4426 βίος
2395 4356 2532 4426 πρὸς
2558 4355 2619 4408 τὸ
2641 4354 3065 4427 τρυφερώτερον
3096 4352 3359 4422 ὑπορρεῖν
3392 4349 3591 4420 χείρων
3623 4363 3689 4402 τι

2098 4446 2249 4518 παρὰ
2277 4445 2346 4498 τὰ
2371 4445 2535 4501 λοιπά
2561 4449 2588 4500 6
2612 4434 2822 4516 χειμὼν
2855 4443 3005 4514 ὥρας
3029 4442 3346 4514 ’ύποληφθῇ,
3408 4443 3682 4510 ἀρῤενικῇ·

2101 4537 2164 4609 δὴ
2198 4538 2391 4607 κλήσει
2456 4537 2646 4591 τοῦτον
2703 4537 3000 4607 προσεῖπον
3037 4536 3086 4588 οί
3125 4535 3391 4604 πρότερον
3450 4533 3676 4586 ἐκείνων

419 4631 516 4684 καὶ
563 4629 672 4683 τῶν
724 4628 928 4683 λοιπῶν
985 4626 1127 4680 κατά
1174 4643 1308 4690 τινα.
1341 4625 1450 4677 τῶν
1495 4623 1664 4677 πάλαι
1704 4622 1997 4692 Ῥωμαίων
2033 4607 2076 4660 D
2103 4629 2179 4699 τῷ
2207 4629 2354 4699 γένει
2379 4629 2695 4698 διῳκικότες
2751 4629 2814 4680 ὲκ
2854 4629 3151 4697 διαμέτρου
3184 4642 3197 4657 ·
3241 4624 3403 4678 οίονεί
3445 4641 3498 4676 τι
3552 4639 3692 4676 συνι

423 4723 746 4792 στρατηγόν,
777 4721 837 4774 ὃν
868 4720 1086 4788 λέγεται
1115 4715 1477 4787 προΐστασθαί
1503 4731 1646 4777 τινος
1681 4714 1868 4776 ἔθνους
1894 4713 1996 4765 λα-

420 4816 603 4884 χόντα,
630 4815 753 4867 ἐπεὶ
777 4813 901 4866 καθ’
933 4812 1181 4881 ἔμμηνον
1234 4810 1375 4877 ἔγνω
1436 4809 1606 4861 πολὺν
1647 4807 1738 4860 τὸν
1790 4807 1996 4877 δασμὸν

420 4908 905 4978 εἰσπραττόμενος,
943 4906 1068 4968 τοὺς
1105 4903 1196 4958 τοῦ
1245 4903 1400 4962 ἔτους
1470 4903 1646 4970 μῆνας
1688 4901 1782 4952 δύο
1842 4899 1996 4968 παρά

423 5003 556 5054 πᾶσι
584 4998 976 5069 νομιζομένους
1005 4999 1102 5050 καὶ
1131 4997 1283 5065 δέκα,
1317 4996 1446 5064 περί
1493 5012 1598 5048 που
1636 4993 1765 5054 τοὺς
1797 5009 1994 5044 τεσσα-

424 5093 751 5162 ρεσκαίδεκα
807 5091 1272 5155 πεπλεονακέναι,
1363 5087 1632 5156 ἐπιθυμία
1709 5086 1801 5137 τοῦ
1873 5084 1998 5137 ὅσον

317 5237 330 5248 ,
421 5188 677 5240 πλεῖστον
707 5181 1179 5254 χρηματίσασθαι,
1217 5181 1334 5235 ἀλλ’
1370 5179 1510 5232 ἔστω
1540 5194 1555 5210 ·
1605 5176 1839 5232 δεδίσθω
1902 5174 1998 5227 καὶ

422 5278 520 5348 ἔαρ
544 5277 752 5339 είς¹τάς
789 5274 937 5344 ὥρας
962 5271 1384 5344 εἰσγράφεσθαι,
1419 5269 1556 5324 ἀλλά
1592 5269 1688 5322 καὶ
1713 5267 1766 5319 εί
1793 5284 1847 5320 τι
1894 5266 1996 5335 χά-

423 5385 538 5438 ριεν
569 5365 672 5418 ὑπὸ
704 5363 813 5416 τῶν
854 5363 1066 5416 πολλῶν
1105 5360 1514 5431 ἀποκληρούται
1578 5357 1656 5428 τῷ
1702 5356 1850 5425 ἔαρι,
1915 5355 1995 5424 τῷ

422 5458 655 5529 χειμῶνι
684 5455 959 5510 καὶτοῦτο
993 5453 1454 5524 προσλογίζεσθαι
1480 5451 1609 5523 χρὴ,
1671 5445 1758 5503 οἷα
1814 5449 1880 5518 δὴ
1927 5449 1998 5502 τὰ

421 5551 516 5604 τοῦ
545 5551 743 5620 μέρους
770 5548 846 5618 τῷ
875 5549 1002 5616 ὅλῳ,
1042 5547 1124 5600 ὅτι
1147 5547 1240 5599 καὶ
1269 5545 1432 5615 μέρος
1461 5543 1732 5614 χειμῶνος
1781 5541 1842 5594 τὸ
1873 5543 1997 5611 ἔαρ,

423 5639 767 5708 καταμικρδν
823 5637 1106 5697 ἀνεθέντος
1171 5634 1263 5686 καὶ
1323 5633 1675 5701 λωφήσαντος
1749 5629 2000 5700 ὕστερον.

437 5732 591 5785 Ἐπεὶ
622 5730 731 5799 γὰρ
754 5730 782 5780 6
808 5729 905 5798 μὲν
936 5727 1128 5796 χρόνος
1155 5726 1212 5779 ἐν
1244 5726 1405 5795 ἀϊδίῳ
1429 5725 1593 5794 φορᾷ,
1625 5724 1718 5785 τὰς
1768 5723 1815 5775 δ’
1847 5721 2001 5793 ὥρας

428 5820 586 5888 κοινῆ
615 5819 710 5888 μὲν
742 5818 943 5883 πάσας,
976 5818 1066 5869 καὶ
1097 5815 1342 5884 ἀλλήλων
1367 5814 1630 5884 ἐχομένας
1675 5813 1861 5874 ἀϊδίους
1905 5812 2001 5865 καὶ

426 5912 588 5974 αὑτὰς
650 5907 915 5962 κινεῖσθαι
982 5905 1296 5983 συμϐέϐηκε
1332 5923 1342 5934 ·
1384 5904 1542 5959 τοῦτο
1591 5903 1699 5974 γὰρ
1755 5903 1920 5958 πάλιν
1972 5906 2001 5958 6

2100 4722 2251 4792 θημα
2279 4708 2597 4786 δεδωκότες,
2622 4719 2753 4774 αύτὺ
2773 4719 2933 4772 τοῦτο
2954 4719 3014 4772 τὺ
3060 4719 3218 4787 γένος
3251 4716 3344 4768 καὶ
3396 4699 3699 4784 μονονουχὶ·

2099 4812 2462 4883 κεκραγότες,
2485 4813 2561 4874 ὡς
2589 4802 2744 4872 οὗτος
2771 4811 2799 4862 6
2822 4809 3013 4878 καιρὸς
3044 4806 3164 4861 καθ’
3207 4806 3267 4858 δν
3298 4805 3380 4859 δεῖ
3417 4805 3516 4874 ζῇν
3556 4805 3680 4867 ξάνς

2099 4905 2223 4974 δρα,
2255 4904 2377 4957 καθ’
2404 4905 2466 4956 ὃν
2491 4901 2984 4971 ἀνδραγαθίζεσθαι
3015 4899 3138 4953 καθ’
3168 4898 3239 4952 ὃν
3279 4897 3546 4966 γενναῖον.
3584 4897 3680 4948 καὶ

2101 4995 2418 5068 ἀρρενωπὸν
2439 4974 2530 5046 τὸν
2559 4993 2852 5063 ἄνθρωπον
2898 4987 3060 5044 εῖναι.
3097 4990 3158 5042 Εἰ
3186 4989 3242 5043 δὲ
3271 4989 3365 5042 καὶ
3400 4987 3490 5040 τὸν
3539 4985 3681 5039 κατὰ

2098 5087 2161 5139 τὸ
2185 5088 2385 5156 ἔτυμον
2434 5083 2921 5153 πολυπραγμονοίη
2951 5091 3051 5151 ίτις
3095 5080 3275 5149 λόγον,
3325 5077 3478 5132 οὐδὲν
3516 5072 3702 5149 ἦττονί

2100 5177 2197 5231 καὶ
2220 5175 2364 5229 οὕτω
2389 5176 2487 5243 τῆς
2514 5175 2722 5238 οἰκείας
2753 5173 3110 5236 ἐλαττώσεως
3153 5171 3254 5239 ἔαρ
3308 5170 3628 5239 αἰσθήσεται
3663 5183 3678 5199 ·

2099 5267 2392 5340 ἦδειξάτω
2427 5284 2510 5328 τις
2533 5263 2766 5336 παριὼν
2789 5265 2889 5334 μὲν
2929 5263 3027 5334 τήν
3079 5262 3308 5332 γνώμην
3359 5246 3700 5314 τανταλεύόαη

2103 5377 2287 5430 μενος,
2321 5357 2484 5412 πόθεν
2511 5356 2609 5427 ἔαρ
2641 5356 2857 5426 ἐτύμως
2882 5356 3206 5426 λεχθήσεται
3241 5369 3256 5385 °
3279 5352 3377 5406 τοῦ
3407 5351 3697 5420 χειμῶνοςτ

2102 5455 2195 5507 καὶ
2247 5453 2388 5506 κατά
2430 5450 2590 5503 τοῦτο
2620 5448 2882 5518 πλείστης
2934 5446 3242 5518 ἠξιωμένου
3292 5444 3554 5514 σπουδῆς,
3591 5444 3680 5498 ἶνα

2103 5543 2197 5596 καὶ
2232 5544 2391 5612 μόνον
2429 5541 2723 5611 λεγόμενος
2752 5540 2890 5610 ὅπερ
2940 5539 3056 5592 ἐστὶ
3101 5539 3331 5608 παρέχοι
3370 5537 3531 5591 νοεῖν.
3583 5540 3680 5587 Δο-

2104 5632 2342 5701 κοῢσιδή
2383 5647 2472 5700 μοι
2502 5630 2597 5682 καὶ
2637 5628 2926 5699 Ῥωμαίων
2958 5630 3006 5682 οἱ
3062 5629 3202 5682 κατὰ
3230 5628 3356 5690 τοὺς
3388 5625 3521 5680 ἀνωι
3555 5624 3682 5694 χρό-

2105 5739 2249 5786 νους’
2279 5721 2328 5774 οἳ
2367 5721 2474 5773 τῶν
2505 5718 2627 5772 καθ’
2659 5718 2887 5793 ἑαυτούς
2921 5735 2980 5771 τε
3013 5718 3107 5771 καὶ
3135 5717 3329 5770 ἔπειτα
3353 5715 3680 5786 ἀνθρώπων,

2106 5811 2562 5882 περιφανέστατοί
2583 5814 2652 5874 ’τε
2702 5802 2961 5879 γεγόνασι
2997 5811 3089 5863 καὶ
3123 5809 3567 5878 ὀνομαστότατοι,
3605 5809 3682 5876 μή

2109 5901 2237 5959 ἄνευ
2271 5900 2565 5965 σπουδαίας
2593 5902 2688 5958 καὶ
2713 5903 2882 5974 σοφῆς
2917 5902 3240 5968 ἐπιστασίας
3267 5901 3364 5972 τήν
3390 5901 3564 5972 ἀρχὴν
3585 5895 3701 5951 to?»
