1908 3088
139 207 166 239 Π
598 207 896 238 ECCLESIASTIC/E
914 206 1110 239 HISTORUE
1128 210 1201 240 LIB.
1225 211 1284 242 XV.
1734 213 1766 244 13

136 260 214 294 οἶκος,
228 262 258 293 ἐς
274 262 371 297 τέχνην
390 261 461 296 μάλα
475 261 675 297 ἐξησκημένος,
689 261 762 288 κίοσι
778 262 826 289 καὶ
841 262 922 294 αὐτὸς

979 267 1029 292 tus.
1055 271 1109 298 qua
1128 268 1204 299 parte
1227 265 1267 291 sol
1285 264 1384 297 oritur,
1410 265 1484 293 ardes
1502 266 1646 294 rotundior
1674 274 1764 294 erecta

136 307 181 342 τὴν
203 307 271 342 ὓλην
289 309 357 338 ἴσοις
383 308 431 334 καὶ
451 309 508 339 τοῖς
524 309 652 342 μεγέθεσι
672 308 719 334 καὶ
735 309 793 337 τοῖς
807 307 923 343 χρώμα-

139 363 186 387 σιν,
207 355 246 386 ὡς
265 355 294 381 ἑν
310 354 383 390 χορῷ
401 355 472 382 κατὰ
496 355 598 382 κύκλον
622 355 748 388 ἑστῶσιν,
765 355 871 382 ἔνδοθεν
887 355 924 381 ὤ-

139 402 238 436 ραῖξων
264 401 295 428 τὸ
309 403 434 435 τέμενος.
451 401 510 436 Ἐφ’
534 399 576 433 οἷς
605 402 732 437 ὑπερῷόν
748 411 776 429 τι
803 402 923 437 ἐπῆρται

138 448 221 483 ὀροφῇ
235 449 269 482 τῇ
282 447 364 483 αὐτῇ.
381 447 419 479 ὡς
433 448 468 475 ἄν
489 447 514 481 γ’
531 447 578 482 ἐξῇ
594 448 749 483 βουλομένῳ
768 448 852 474 παντὶ
867 449 924 479 τοῖς

137 493 308 528 τελουμένοις
334 495 474 529 παρεῖναι,
496 493 526 519 ἐν
559 493 653 529 ταυτῷ
676 493 704 520 δὲ
721 493 831 528 καὶτῆς
852 493 924 528 μάρ-

138 548 216 574 τυρος
240 539 356 571 δεῖσθαι,
384 540 569 574 τετραμμένῳ
583 540 652 574 πρὸς
679 540 727 566 έω.
743 539 798 566 Τοῦ
814 547 847 574 γε
871 540 924 575 μὴν

139 586 213 612 θόλου
229 585 303 612 ἔνδον
317 586 395 616 ἄλλος
413 586 472 612 ἐστὶ
490 587 575 620 σηκὸς
592 586 836 621 εὐπρεπέστατος·
855 587 923 613 ὅπου

138 633 167 667 δὴ
181 633 233 667 τὴν
247 632 377 667 μάρτυρα
399 632 507 658 κεῖσθαι
526 632 682 663 συνέόαινε,
700 633 773 667 σορῷ
792 641 845 659 τινι
861 633 926 659 ἐπι-

140 680 230 713 μήκει,
243 679 276 713 ῆν
291 678 356 704 ἔνιοι
371 677 484 704 καλοῦσι
497 679 630 713 Μακρὰν,
646 678 762 714 ἀργύρῳ
772 679 812 710 εἰς
825 679 925 714 τέχνην

138 724 298 758 διαχυθέντι,
315 721 345 750 εὖ
366 723 438 758 μάλα
453 723 613 759 ἁπανταχοῦ
628 725 859 760 περιειλουμὲνην
876 726 924 753 καὶ

139 770 174 800 εις
191 770 290 801 κάλλος
303 769 425 801 ἐξαίσιον
449 769 694 805 διεσκευασμένην.
715 770 786 797 Ἀλλ’
808 771 858 798 ὅσα
876 771 925 806 μὲν

139 815 178 841 ἀεὶ
194 815 276 847 ξένως
289 815 545 850 ἐθαυματουργεῖτο
560 816 645 843 πάλαι
661 817 695 852 τῇ
711 817 843 853 μάρτυρι,
856 818 925 844 πᾶσι

141 860 311 895 Χριστιανοῖς
334 861 468 895 πρόδηλα.
488 862 542 887 Καὶ
558 861 613 896 γὰρ
632 863 804 898 ἑφιστοιμὲνη
822 863 861 898 τῷ
875 864 924 898 τὴν

138 905 227 940 χώραν
258 906 459 933 ἐπισκοποῦντι
486 907 617 939 πολλάκις
645 908 724 943 ὕναρ,
747 909 764 944 ἡ
789 918 842 936 τινι
870 911 924 936 τῶν

138 952 221 983 ἄλλως
243 952 389 986 ἐπισήμως
408 951 553 988 βιούντων,
579 954 611 980 ἐκ
635 954 683 980 τοῦ
707 955 880 990 παρήκοντος
902 955 924 982 δ’

138 998 355 1033 ἐντυγχανόντων
371 999 410 1032 τῷ
428 999 529 1035 ταύτης
548 1000 635 1035 δόμῳ,
648 1000 773 1035 ἀφθόνως
789 1001 843 1028 τῶν
859 1001 926 1028 θαυ-

140 1042 230 1076 μάτων
246 1044 352 1078 τρυγᾷν
368 1044 552 1071 ἐνεκελεύετο.
575 1045 608 1071 '0
620 1045 653 1079 δὴ
666 1045 789 1079 γνωσθὲν
804 1047 861 1078 τοῖς
873 1047 926 1073 ἀνὰ

138 1088 185 1122 τὴν
199 1089 420 1123 Κωνσταντίνου,
439 1091 557 1124 ἐφοίτων
576 1091 714 1127 πανδημεὶ
733 1091 829 1126 ὅμιλος
852 1093 927 1119 πλεῖ-

139 1141 218 1165 στος·
235 1135 248 1160 ὅ
262 1143 292 1160 τε
319 1136 353 1161 τὰ
375 1138 504 1171 σκῆπτρα
527 1137 641 1169 διέπων,
668 1138 715 1164 καὶ
738 1139 763 1164 οἱ
785 1138 834 1168 τὰς
850 1139 926 1174 ἱερὰς

138 1180 213 1214 ἡνίας
229 1181 457 1216 διαχειρίζοντες,
479 1183 528 1209 καὶ
539 1184 563 1210 οἳ
580 1185 639 1214 ταῖς
654 1184 764 1216 λοιπαῖς
781 1185 926 1220 ἐφίσταντο

138 1226 189 1251 τῶν
204 1227 307 1260 ἀρχῶν,
325 1228 359 1254 τὰ
373 1228 528 1264 τελούμενα
547 1229 708 1264 βουλόμενοι
721 1231 851 1257 κατιδεῖν,
870 1232 927 1257 Καὶ

137 1272 168 1306 δὴ
181 1273 291 1298 παντων
309 1273 449 1308 ὁρώντων,
465 1276 479 1301 ὁ
494 1275 543 1306 τῆς
556 1275 766 1302 Κωνσταντενου
779 1278 828 1311 τὴν
845 1277 926 1312 ἱερω-

138 1318 218 1352 σύνην
232 1318 435 1353 ἐπειλημμένος
463 1320 532 1354 μετὰ
561 1320 617 1347 τῶν
641 1321 710 1355 ἀμφ’
728 1321 809 1347 αὑτὸν
829 1321 926 1356 ἱερέων

136 1364 201 1390 εἵσω
217 1364 266 1390 τοῦ
289 1365 438 1400 εἰρημένου
463 1375 508 1400 μοι
527 1367 611 1401 δόμου
633 1367 742 1402 ἐχώρει,
769 1367 832 1394 ἔνθα
849 1367 882 1403 δὴ
896 1368 926 1394 τὺ

139 1411 310 1444 μαρτυρικδν
325 1413 413 1438 ἐκεῖνο
438 1412 519 1446 σῶμα
536 1413 710 1440 κατάκειται.
730 1413 837 1448 Προσῆν
849 1413 878 1440 δὲ
891 1415 924 1449 τῇ

139 1455 210 1490 σορῴ
234 1456 308 1481 κατὰ
326 1457 356 1482 τὸ
379 1457 456 1484 λαιὸν
484 1458 567 1492 μέρος
591 1459 753 1493 κλειθρίδιόν
765 1467 791 1485 τι
814 1459 924 1494 σεμνὸν,

137 1499 235 1534 θύραις
251 1501 365 1534 μικραῖς
383 1502 409 1532 ἐς
433 1501 464 1527 τὸ
480 1501 680 1536 ἀκριϐέστατον
699 1502 927 1538 κατησφαλισμέ-

136 1551 200 1569 νον⁶
216 1543 261 1576 ἐφ’
273 1540 296 1577 ᾧ
314 1544 426 1580 σίδηρόν
438 1554 499 1574 τινα
517 1547 643 1582 ἐπιμήκη
660 1547 784 1579 καθιᾶσι,
805 1549 925 1581 σπόγγον

136 1590 207 1616 κατὰ
221 1590 253 1616 τὺ
267 1589 354 1625 ἄκρον
377 1592 616 1628 περιαρτήσαντες
628 1600 635 1607 ·
653 1593 683 1619 ὃν
698 1593 737 1628 τῷ
753 1593 859 1629 σιδήρῳ
875 1594 926 1621 ἀνὰ

134 1637 168 1662 τὰ.
183 1636 309 1671 πανάγια
323 1637 442 1672 λείψανα.
457 1638 506 1673 τῆς
521 1638 663 1674 μάρτυρος
680 1641 923 1675 περιστρέφοντες,

134 1683 273 1717 ἀνιμῶντο
288 1682 369 1715 αὖθις
394 1684 519 1718 αἱμάτων
545 1685 649 1720 πλήρη,
665 1686 713 1712 καὶ
732 1686 860 1720 θρόμὸων
876 1696 925 1721 με-

134 1730 206 1762 στὸν,
224 1729 254 1762 ἐξ
269 1729 386 1765 ἰχώρων,
406 1730 461 1757 τῶν
477 1731 658 1766 μαρτυρικῶν
685 1732 924 1766 ἀνακεκραμένον.

134 1776 182 1801 ’ον
200 1776 317 1802 ἐπειδὰν
333 1776 364 1802 τὸ
381 1775 484 1810 πλῆθος
504 1778 619 1810 κατίδοι,
635 1777 715 1809 εὐθὺς
737 1779 777 1809 εις
799 1779 850 1812 γῆν
863 1778 923 1804 κλί-

132 1832 240 1855 ναντες,
268 1823 319 1849 σὺν
348 1823 500 1858 ἀλαλαγμῷ
529 1824 652 1859 μεγίστῳ
673 1824 739 1850 Θεὸν
764 1824 921 1859 ἐγέραιρον,

133 1870 228 1903 νεῖρας
245 1869 371 1904 αἴροντες
391 1870 439 1895 καὶ
450 1869 490 1904 τῷ
515 1870 660 1905 παραδόξῳ
686 1870 923 1905 ἐκπεπληγμένοι.

109 1908 112 1909 ν
134 1914 220 1941 τόσον
236 1915 260 1941 δ’
288 1913 324 1950 ἦν
343 1914 374 1941 τὸ
401 1916 539 1950 ἀπορρέον
564 1916 681 1948 ἐκεῖθεν,
707 1917 754 1943 καὶ
776 1917 823 1943 ἐπὶ
845 1916 924 1943 τόσον

133 1960 250 1994 ἇξθονον
267 1961 419 1996 προΐσχετο
445 1961 494 1997 τὴν
517 1961 700 1997 πλημμύραν,
723 1962 762 1993 ὡς
784 1961 822 1997 μὴ
844 1963 925 1997 μόνον

133 1997 256 2039 βῖσιλεῖς
269 2014 299 2032 τε
317 2007 366 2033 καὶ
393 2007 484 2042 Σερέας
501 2007 526 2033 οἳ
551 2008 741 2040 συναλίζονται
760 2007 808 2034 καὶ
834 2007 924 2034 πάντα

132 2051 178 2076 τὸν
209 2051 459 2086 συναθροιζόμενον
487 2051 552 2079 λαὸν
579 2052 717 2084 πλουσίως
739 2051 924 2079 ἐπαπολαύειν

132 2098 188 2122 τῶν
203 2097 307 2123 ἐκεῖθεν
321 2098 514 2133 ἀναρῤεόντων
531 2098 633 2134 ὑγρῶν,
649 2099 718 2126 ἀλλὰ
738 2099 785 2125 καὶ
801 2099 924 2124 ἀπανταυ

132 2142 182 2176 χοῦ
204 2143 252 2176 γῆς
277 2143 479 2178 μετακομίζειν
496 2143 559 2175 τοὺς
587 2143 788 2179 βουλομένους⁸
815 2144 862 2170 καὶ
886 2142 924 2177 τῷ

132 2191 223 2224 χρόνῳ
239 2191 309 2225 μήτε
325 2191 390 2221 τοὺς
406 2189 546 2224 θρόμϐους
567 2190 713 2222 ἐπιλιπεῖν,
728 2190 776 2216 καὶ
802 2189 832 2215 τὸ
855 2186 925 2223 αἷμα

131 2239 162 2263 τὸ
193 2238 266 2263 θεῖον
301 2237 438 2272 μηδαμῶς
456 2237 708 2272 παραλλάττωθαι,
731 2236 787 2264 ἀλλ’
806 2237 849 2263 ἀεὶ
876 2236 926 2270 τὴν

132 2283 199 2318 ἴσην
229 2283 292 2318 ὅφιν
317 2283 442 2318 ἐρυθρὰν
469 2284 496 2314 ἐς
527 2283 608 2318 βάθος
623 2283 654 2310 εὖ
685 2283 758 2318 μάλα
775 2284 926 2318 διατηρεῖν.
943 2296 966 2323 D

137 2330 306 2364 ’ἐπράττετο
321 2330 349 2355 δὲ
365 2328 454 2356 ταῦτα
466 2329 497 2355 οὺ
509 2329 580 2355 κατά
596 2338 656 2356 τινα
670 2329 794 2364 περίοδον
807 2330 927 2365 ὡρισμέ-

131 2385 194 2410 νην,
209 2376 266 2402 ἀλλ’
281 2376 318 2407 ὡς
333 2376 366 2402 ἂν
382 2375 400 2410 ἦ
411 2383 441 2401 τε
453 2375 500 2402 τοῦ
515 2375 692 2410 προεδρεύειν
708 2375 833 2410 λαχόντος
849 2376 927 2411 βιοτὴ

130 2423 182 2448 καὶ
203 2424 217 2456 ἡ
237 2423 290 2448 τῶν
311 2423 426 2457 τρόπων
447 2421 581 2456 σεμνότης
599 2422 739 2457 ἠϐούλετο.
763 2422 848 2456 Λόγος
873 2424 928 2456 γὰρ

131 2469 203 2503 ἔχει,
224 2469 347 2503 Lai-pix:
367 2477 410 2499 τις
432 2469 466 2495 τὰ
481 2470 531 2503 τῆς
543 2469 708 2504 Ἐκκλησίας
725 2469 820 2501 ἰθύνοι,
832 2469 929 2503 ἐπισή-

133 2524 196 2549 μως
209 2515 326 2541 διασιῶν
343 2515 390 2541 καὶ
413 2515 498 2550 ἀρετῇ
515 2515 561 2541 τὸν
578 2515 636 2550 βίον
661 2515 783 2550 κοσμῶν,
800 2516 831 2541 τὸ
846 2515 928 2550 τέρας

131 2561 300 2594 συχνάτερον
332 2559 523 2593 ἐπιγίνεσθαι·
553 2561 597 2586 ὅτε
622 2561 649 2586 δὲ
675 2561 713 2595 μὴ
739 2559 859 2591 τοιοῦτος
873 2559 929 2594 εἴη,

132 2607 283 2638 σπανίζειν
309 2606 341 2633 τὸ
361 2606 467 2642 θαῦμα,
483 2607 530 2633 καὶ
556 2607 593 2642 μὴ
621 2607 722 2642 ῥαδίως
739 2607 863 2641 προϊέναι
880 2607 929 2642 τῆς

131 2654 278 2689 μάρτυρος
290 2653 322 2679 τὸ
334 2653 491 2685 τεράστιον.
510 2652 596 2679 Τοῦτο
620 2653 669 2687 μὲν
684 2652 769 2683 οὕτως
790 2653 877 2687 ἔγνων
889 2661 931 2685 γι-

130 2699 296 2734 νὸμενοϊὸ
322 2699 345 2725 δ’
360 2696 411 2725 οὖν
442 2697 505 2724 οὔτε
533 2699 642 2733 χρόνος,
670 2698 727 2724 ἀλλ’
755 2699 815 2724 οὐδὲ
834 2698 930 2732 καιρλις

130 2745 287 2780 δια-τέμνει,
301 2743 388 2771 ἀεὶδὲ
407 2744 449 2778 ῥεῖ
465 2743 514 2769 καὶ
531 2744 613 2770 πᾶσιν
627 2743 733 2769 ἀνεῖται
749 2744 864 2775 πιστοῖς,
882 2743 930 2769 καὶ

131 2791 222 2822 ἂλλως
237 2791 345 2826 ἔχουσι,
363 2789 449 2820 λέξων
463 2789 592 2824 ἔρχομαι.
620 2789 757 2823 Ὀπηνίκα
773 2797 814 2820 τις
835 2789 930 2815 ἐνθάδε

132 2837 252 2871 γένηται
267 2838 338 2863 ὅπου
357 2835 391 2871 δὴ
412 2836 463 2870 τὴν
476 2836 555 2869 σορὸν
571 2835 618 2862 καὶ
639 2836 672 2862 τὰ
686 2836 747 2870 ἱερὰ
759 2836 809 2869 τῆς
825 2836 930 2870 μάρτυ-

134 2892 181 2917 ρος
203 2885 312 2920 ἀρτίως
331 2883 536 2918 θησαυρίζεται
556 2882 683 2917 λείψανα,
707 2882 791 2917 ὀδμῆς
814 2883 928 2916 ἀπείρου

132 2934 180 2957 mi.
197 2929 362 2966 ὑπερφυοῦς
375 2928 540 2963 πίμπλαται,
552 2928 704 2963 ὑπερτέρας
715 2927 768 2955 τῶν
779 2924 814 2954 ὧν
828 2927 930 2961 ἀνθρὼ-

973 314 1026 343 est,
1043 309 1129 336 multa
1139 314 1197 337 arte
1206 309 1355 342 elaborata,
1373 311 1512 339 columnis
1526 317 1552 339 ct
1568 312 1625 347 ipsa
1645 313 1767 340 materia:

975 355 1172 389 magnitudinis
1201 360 1228 383 et
1243 355 1342 384 coloris
1358 357 1493 391 ejusdem,
1521 359 1605 385 veluti
1633 359 1660 384 in
1682 358 1766 385 choro

973 402 1001 428 in
1017 401 1114 429 circuli
1132 401 1254 428 formam
1274 403 1423 436 stantibus,
1441 404 1537 438 templi
1554 404 1694 432 interioris
1708 413 1767 438 par-

981 453 1035 475 tem
1060 448 1254 476 cohonestans.
1282 449 1371 484 Super
1387 450 1489 484 quibus
1504 450 1625 484 porticus
1640 451 1767 478 sublimis

975 493 1069 521 eadem
1084 495 1135 521 sub
1149 495 1286 522 testudine
1301 500 1459 522 constructa
1481 501 1534 528 est,
1555 497 1600 524 uhi
1618 497 1706 524 cuivis
1722 496 1765 523 di~

975 539 1047 566 vinae
1062 539 1101 567 rei
1121 541 1298 576 mysticisque
1309 542 1395 568 sacris
1409 542 1516 573 adesse.
1535 547 1617 577 atque
1633 543 1715 570 etiam
1731 543 1764 569 ad

974 586 1108 614 orientem
1121 595 1255 615 converso
1271 588 1455 622 precationem
1469 588 1501 615 ad
1515 594 1661 621 martyrem
1679 589 1764 623 ipsam

975 630 1067 657 facere
1082 630 1156 658 licet.
1175 630 1249 658 Intra
1267 632 1402 666 porticum
1419 633 1507 667 ipsam
1525 633 1675 660 sacrarium
1692 634 1765 659 aliud

974 681 1018 704 est
1031 676 1112 712 longe
1123 677 1352 712 pulcherrimum,
1374 678 1420 706 ubi
1443 684 1546 713 martyr
1570 679 1657 714 posita
1673 684 1724 711 est,
1739 679 1765 705 in

976 722 1083 749 tumulo
1112 723 1245 758 longiore.
1261 732 1344 758 quem
1374 725 1500 751 nonnulli
1530 725 1612 751 etiam
1643 725 1766 759 Longum

978 774 1085 801 vocant,
1100 774 1213 804 argento
1235 774 1294 798 arte
1317 770 1418 798 diffuso
1442 771 1555 806 pulchre
1571 771 1716 798 admodum
1734 779 1768 798 ex

975 816 1050 843 omni
1066 822 1143 850 parte
1160 817 1308 849 inclusum,
1332 823 1360 845 et
1384 818 1418 844 ad
1437 818 1602 852 prrer-ipuam
1616 818 1768 852 pulchritu-

976 861 1068 888 dinem
1082 861 1233 889 redaetum.
1251 862 1385 890 Caeterum
1404 871 1465 898 qua:
1479 863 1544 890 olim
1567 871 1675 898 semper
1697 871 1768 890 mar-

978 911 1019 941 tyr
1035 913 1066 934 ea
1082 906 1201 934 ediderit
1217 908 1360 939 miracula,
1377 908 1542 935 Christianis
1556 909 1686 936 omnibus
1702 915 1768 935 con-

978 957 1041 980 stat.
1065 952 1127 980 Loci
1154 961 1273 988 namque
1302 954 1361 990 ejus
1389 962 1510 989 persaepe
1535 954 1704 989 episcopum.
1739 953 1766 981 in

977 999 1083 1027 somnis
1112 1006 1172 1027 sese
1188 1000 1214 1026 ei
1230 1000 1376 1032 exhibens,
1399 1004 1446 1027 aut
1462 1000 1545 1027 alium
1561 1001 1643 1034 etiam
1672 1007 1767 1034 quem-

976 1045 1049 1078 piam
1064 1045 1191 1079 pneclare
1202 1046 1284 1072 vitam
1294 1049 1432 1080 agentem.
1457 1045 1547 1072 obiter
1562 1044 1693 1079 templum
1705 1044 1766 1078 ejus

978 1091 1144 1126 ingressum,
1164 1094 1193 1117 ut
1209 1091 1405 1117 miraculorum
1421 1090 1516 1118 talium
1538 1090 1657 1117 fructum
1672 1091 1764 1124 perci-

977 1140 1089 1170 perent,
1105 1141 1145 1162 est
1164 1135 1317 1162 cohortala.
1331 1135 1409 1168 Quod
1429 1135 1476 1162 ubi
1497 1136 1525 1162 in
1546 1136 1614 1162 urbe
1632 1135 1767 1162 Constan-

977 1181 1156 1215 tinopolitana
1183 1180 1313 1213 innotuit,
1340 1180 1474 1206 universa!
1501 1187 1535 1206 eo
1557 1178 1649 1214 populi
1680 1178 1766 1204 turbae

976 1232 1041 1254 sunt
1060 1226 1188 1261 profecta:
1205 1235 1211 1252 :
1227 1226 1285 1260 ipse
1301 1225 1382 1252 etiam
1399 1225 1559 1260 imperator,
1571 1228 1598 1251 et
1612 1223 1658 1258 qui
1673 1230 1766 1249 sacras

976 1271 1157 1298 ecclesiarum
1186 1271 1305 1298 habenas
1332 1271 1561 1305 regunr,‘quique
1589 1269 1708 1295 honores
1737 1272 1766 1294 et

977 1319 1153 1354 magistratus
1169 1318 1236 1346 alios
1260 1318 1287 1345 in
1309 1317 1448 1352 republica
1470 1321 1579 1352 gerunt,
1602 1321 1631 1342 ut
1647 1323 1707 1349 qua:
1728 1315 1765 1342 ibi

976 1371 1184 1400 peragerentur,
1203 1365 1339 1392 viderent.
1350 1364 1441 1398 Atque
1454 1364 1534 1390 etiam
1546 1361 1766 1397 inspectantibus

977 1412 1116 1444 onmibus,
1140 1412 1287 1446 episcopus
1301 1409 1626 1444 Constantinopolitanus
1639 1415 1701 1435 eum
1722 1414 1766 1435 sa-

977 1458 1135 1486 cerdotibus
1154 1458 1210 1485 suis
1241 1458 1373 1492 templum
1390 1456 1426 1486 id.
1445 1456 1491 1482 ubi
1513 1455 1640 1490 martyris
1665 1459 1767 1487 corpus

977 1503 1129 1538 repositum
1143 1502 1279 1536 est,visit.
1294 1501 1324 1529 ln
1338 1501 1421 1529 loculi
1437 1501 1505 1528 levo
1519 1500 1606 1527 latere
1624 1498 1765 1526 ienestella

977 1549 1101 1583 quaedam
1123 1548 1284 1576 admiranda
1313 1552 1373 1580 est,
1392 1547 1525 1582 operculo
1539 1553 1622 1580 quam
1647 1544 1765 1571 maxime

978 1595 1131 1628 obﬁrmata,
1161 1603 1210 1630 per
1230 1594 1302 1629 quod
1331 1594 1528 1621 ferramentum
1553 1590 1765 1626 longiusculum,

979 1643 1023 1670 cui
1038 1643 1064 1669 in
1078 1647 1202 1669 extrema
1217 1646 1293 1676 parte
1310 1641 1423 1676 spongia
1439 1640 1545 1674 alligata
1560 1641 1644 1671 esset,
1660 1637 1765 1664 immit-

977 1689 1072 1715 tebant
1090 1697 1097 1715 :
1114 1687 1193 1723 59],
1213 1688 1410 1723 spongiamque
1430 1686 1515 1720 ipsam
1539 1685 1565 1711 in
1581 1682 1766 1711 sacrosanctis

980 1734 1107 1770 martyris
1122 1734 1245 1768 reliquiis
1260 1733 1429 1765 obvolutam,
1440 1738 1467 1759 et
1481 1731 1566 1767 guttis
1577 1738 1676 1758 cruore
1691 1729 1766 1756 illius

980 1780 1111 1808 delibutis
1137 1780 1277 1811 refertam,
1294 1778 1484 1806 extrahebant.
1513 1777 1588 1804 lianc
1615 1776 1661 1803 ubi
1689 1775 1766 1809 plebs

980 1826 1178 1861 conspexisset,
1201 1826 1325 1852 homines
1342 1824 1433 1851 statim
1451 1823 1477 1850 in
1503 1827 1603 1849 terram
1629 1820 1764 1851 inclinati,

979 1871 1174 1898 vociferatione
1194 1872 1311 1897 maxima
1330 1870 1412 1896 Deum
1439 1868 1624 1900 honorabant,
1645 1867 1766 1892 miracu-

977 1917 1060 1951 loque
1087 1924 1120 1943 eo
1147 1916 1291 1950 stupefacti
1320 1924 1417 1942 alarius
1438 1915 1628 1942 sustollebant.
1657 1912 1764 1939 Tantus

979 1966 1071 1989 autem
1086 1960 1148 1987 inde
1159 1960 1289 1995 proﬂuxit
1304 1960 1422 1987 ubertim
1441 1960 1550 1990 humor,
1561 1963 1591 1985 ut
1606 1965 1658 1984 non
1675 1957 1764 1983 solum

980 2007 1160 2041 imperatores
1174 2011 1200 2033 et
1213 2005 1345 2041 episcopi,
1363 2005 1536 2039 populusque
1553 2004 1601 2038 qui
1629 2003 1668 2029 ibi
1699 2010 1765 2029 con-

979 2054 1085 2088 gregari
1101 2053 1199 2081 solitus
1213 2053 1274 2084 fuit,
1298 2053 1399 2079 atl’atim
1419 2060 1452 2079 eo
1481 2051 1698 2086 pet-fruerentur.
1719 2057 1765 2076 ve-

981 2107 1041 2126 rum
1053 2100 1135 2126 etiam
1152 2106 1315 2133 quocunque
1334 2098 1424 2133 quivis
1443 2099 1525 2125 vellet
1538 2098 1673 2128 locorum,
1688 2096 1721 2122 de
1732 2103 1765 2122 eo

981 2145 1081 2180 aliquid
1092 2153 1184 2172 secum
1199 2145 1328 2172 auferret.
1353 2144 1444 2178 Neque
1460 2148 1543 2178 gulue
1558 2147 1680 2176 tempore
1706 2141 1766 2175 ipso

981 2192 1116 2225 defecere,
1129 2199 1217 2226 neque
1232 2191 1341 2219 divinus
1359 2191 1403 2218 ille
1417 2191 1525 2224 sanguis
1538 2191 1629 2224 aliqua
1645 2197 1677 2215 ex
1690 2193 1766 2222 parte

982 2242 1103 2265 mutatus
1119 2242 1169 2269 est,
1185 2238 1232 2265 sed
1248 2238 1269 2264 is
1289 2245 1397 2272 semper
1418 2237 1536 2264 colorem
1553 2243 1632 2262 suum
1658 2242 1765 2261 summe

980 2284 1093 2310 rubrum
1109 2283 1290 2310 conscrtavit.
1311 2283 1391 2310 Facta
1417 2283 1474 2310 haec
1487 2291 1542 2309 non
1566 2287 1643 2309 certo
1673 2282 1767 2315 aliquo

982 2329 1112 2364 temporis
1123 2329 1272 2361 curriculo,
1285 2328 1331 2355 sed
1347 2337 1394 2363 pro
1406 2336 1439 2356 eo
1450 2333 1532 2363 atque
1546 2327 1666 2362 episc0pi
1680 2327 1767 2361 ipsius

980 2377 1042 2403 vitm
1063 2383 1224 2409 uterumque
1243 2375 1374 2402 sanctitas
1400 2374 1493 2402 ferret.
1510 2374 1556 2401 Sic
1577 2374 1650 2401 cnim
1668 2374 1765 2403 fortitr,

981 2429 1043 2449 cum
1060 2421 1082 2447 is
1094 2421 1140 2455 qui
1159 2420 1307 2447 Ecclesium
1319 2421 1494 2456 gubernaret,
1507 2420 1636 2453 prie-clare
1650 2419 1766 2449 vireret.

980 2473 1008 2495 et
1026 2467 1128 2493 virtute
1143 2471 1294 2493 exornatus
1310 2470 1394 2497 esset,
1409 2466 1582 2500 frequentius
1600 2465 1765 2491 miraculum

983 2514 1035 2541 hoc
1049 2514 1201 2540 exhibitum
1216 2521 1287 2545 esse,
1309 2521 1371 2540 cum
1387 2517 1478 2539 autem
1492 2512 1607 2538 antistes
1622 2519 1765 2538 Sacrorum

983 2560 1044 2587 talis
1060 2567 1114 2586 non
1133 2564 1217 2590 esset,
1239 2561 1328 2586 rarius
1341 2565 1400 2585 eam
1420 2566 1476 2584 rem
1491 2563 1544 2583 tam
1563 2556 1766 2587 admiramlam,

982 2613 1034 2632 nec
1050 2610 1103 2631 tam
1116 2605 1194 2631 facile
1210 2612 1224 2631 a
1250 2609 1370 2638 martyre
1386 2603 1564 2637 processisse.
1588 2602 1644 2629 lloe
1661 2603 1701 2629 sie
1728 2603 1767 2628 fa—

981 2655 1056 2677 ctum
1074 2657 1134 2676 esse
1150 2649 1225 2675 ιιονί.
1247 2647 1374 2675 Sedenim
1393 2647 1466 2681 quod
1496 2655 1585 2682 neque
1601 2647 1661 2674 dics
1677 2655 1768 2681 neque

983 2700 1092 2729 tempus
1117 2695 1204 2721 ullum
1223 2694 1376 2727 intercipit,
1395 2693 1443 2721 sed
1474 2699 1607 2728 perpetuo
1639 2694 1768 2719 omnibus

983 2743 1110 2769 ﬁdelibus
1123 2741 1205 2768 simul
1223 2746 1250 2767 et
1266 2739 1425 2767 infidelibus
1439 2741 1524 2767 allluil
1543 2745 1570 2767 et
1595 2740 1713 2771 accedit,
1739 2739 1765 2766 id

983 2796 1056 2816 nunc
1070 2787 1170 2814 dicam.
1185 2787 1212 2814 Si
1231 2786 1293 2820 quis
1316 2785 1343 2812 iu
1362 2787 1514 2814 sacrarium
1538 2787 1576 2819 id,
1598 2787 1644 2813 ubi
1661 2786 1768 2812 lor-qus

983 2840 1011 2862 ct
1031 2838 1132 2861 sancta:
1143 2833 1271 2869 martyris
1291 2832 1415 2867 reliquia:
1428 2832 1543 2868 perinde
1555 2838 1638 2866 atque
1655 2832 1768 2858 tlicsau~

986 2889 1032 2908 rus
1050 2888 1122 2907 nunc
1138 2880 1263 2914 reposita:
1279 2883 1353 2910 sunt.
1374 2880 1476 2910 veniat,
1492 2879 1560 2905 odor
1576 2880 1726 2905 irumensus
1741 2881 1769 2903 et

986 2931 1088 2953 natura:
1117 2930 1237 2960 captum,
1266 2924 1422 2958 odurcsque
1443 2932 1539 2952 onmcs
1553 2931 1622 2959 quos
1647 2931 1691 2949 ais
1718 2923 1767 2949 hu-
