1908 3088
107 148 142 179 23
721 150 935 181 NICEPHORI
957 151 1133 182 CALLISTI
1698 151 1734 184 25

107 209 159 236 bus
185 212 249 235 sunt
276 208 430 236 consecuti.
450 208 567 237 lla'resis
588 208 675 244 ipsius
692 210 744 236 du:
759 209 896 244 Gaugram

954 218 989 236 ret
1007 211 1055 237 καὶ
1069 211 1186 246 νεύμασι
1201 211 1248 238 τοῦ
1262 211 1423 247 κρατοῦντος
1436 212 1613 246 ἀνακλήσεως
1627 211 1734 246 ἔτυχον.

107 254 185 282 exsul
199 255 336 282 abductus
349 261 401 282 est.
417 255 468 288 Qui
488 260 580 282 autem
592 263 606 282 a
622 256 752 283 Dioscoro
764 255 892 282 condem-

109 302 165 329 nati
184 301 388 337 proscriptique
404 301 523 333 fuerant,
544 300 577 328 de
591 301 688 336 synodi
703 300 840 328 sententia
863 304 892 327 et

948 254 1056 282 Πολλῶν
1073 256 1101 282 δὲ
1116 257 1163 283 καὶ
1176 257 1265 284 ἄλλων
1277 257 1491 292 πεπραγμένων,
1509 258 1571 292 ὅρος
1584 258 1617 292 τῇ
1633 257 1737 292 συνόδῳ

946 299 1117 336 ὲξεφωνήθη,
1141 302 1206 329 τάδε
1220 302 1292 329 κατὰ
1310 304 1385 337 ῥῆμα
1398 302 1506 335 διεξιών
1517 311 1524 318 ·

107 349 284 384 imperatoris
297 356 432 376 consensu
450 349 569 376 revocati
584 353 659 376 sunt.
691 349 782 384 Atque
799 348 846 376 ubi
877 348 929 376 alia
950 348 1033 376 etiam
1061 349 1191 385 pleraque
1205 355 1264 378 acta
1279 355 1354 383 sunt,
1370 350 1510 378 decretum
1528 350 1649 379 svnodus
1661 350 1738 378 hisce

106 402 269 432 conceptum
289 395 381 423 verbis
393 395 576 431 promulgavit
594 404 602 422 :

407 452 519 496 CAPU'E
550 454 593 483 vr.

107 499 250 527 Decretum
270 499 333 534 ﬁdei
358 503 457 526 sanclte
482 498 641 526 universalis
665 503 768 534 quarta:
791 500 896 535 synodi.

147 596 157 613 ι
175 586 356 621 Dominus(l)
369 591 397 614 et
412 586 538 615 Salvator
564 592 658 616 noster
667 586 746 615 Iesus
759 587 896 621 Christus,

108 632 172 660 ﬁdei
204 632 357 660 doctrinam
386 633 531 668 discipulis
566 633 767 667 contirmans,‘
789 634 896 666 Pacem,

109 677 211 712 inquit.
242 686 328 705 meam
340 678 373 704 do
387 678 469 710 vobis,
493 687 586 714 pacem
603 687 689 706 meam
719 680 838 714 relinquo
853 688 897 707 vo-

109 724 148 750 bis
165 725 184 757 ',
206 729 326 751 utuemo
340 732 355 751 a
373 731 443 751 verm
452 725 561 758 pietatis
573 725 746 760 dogmatibus
762 725 896 758 dissonet,

108 769 156 796 sed
171 777 289 803 exaequo
298 777 393 797 omnes
408 770 534 798 veritatis
547 770 701 798 doctrinam
715 772 892 806 praedicent.»

110 815 145 842 Et
160 820 254 850 postea
272 821 365 843 saneto
378 816 487 844 Nicatno
496 816 635 852 Symbolo,
649 823 677 845 et
691 823 800 846 centum
814 824 895 853 atque

110 860 308 896 quinquaginta
323 862 601 896 sanctoruml’atrum
622 862 733 890 decreto
747 863 832 895 lecto.
853 864 895 891 in-

111 908 252 935 tulerunt:
271 918 280 934 ι
297 907 369 936 Satis
384 908 467 944 igitur
484 909 517 937 ad
532 909 682 945 perfectam
701 919 772 938 vera:
788 911 897 946 pietatis
913 904 933 931 Β

113 953 296 988 cognitionem
306 958 334 981 et
346 955 582 983 confirmationem
597 960 678 988 esset,
689 957 826 992 sapienter
833 965 899 984 con—

113 1004 223 1034 ceptum
238 1004 266 1027 et
281 1000 400 1028 salutare
418 1001 492 1028 istud
508 1001 607 1029 divinae
620 1002 714 1037 gratiae
727 1001 897 1035 Symbolum.

113 1046 151 1073 De
167 1047 247 1074 Patre
266 1047 367 1074 etenim
384 1051 413 1074 et
427 1047 496 1075 Filio
514 1052 542 1075 et
554 1047 658 1082 Spiritu
674 1054 770 1076 sancto
787 1049 899 1076 absolu-

113 1095 168 1118 tam
180 1090 334 1118 doctrinam
350 1091 483 1124 continet,
498 1097 526 1120 et
542 1092 760 1120 inltumationem
791 1093 898 1120 Domini

114 1144 176 1164 cum
192 1136 244 1169 [ide
255 1144 314 1164 eam
331 1137 529 1172 recipientibus
545 1138 653 1166 astruit.
673 1138 898 1173 Quandoquidem

113 1188 204 1211 autem
233 1184 359 1212 veritatis
380 1184 498 1216 inimici,
516 1184 564 1219 qui
594 1184 706 1212 abolere
720 1191 771 1219 per
783 1184 900 1211 harreses

113 1237 179 1257 suas
217 1230 440 1264 [medicationem
497 1230 679 1262 contendunt,
709 1230 900 1264 inauiloquen-

115 1276 180 1303 tiam
205 1283 337 1311 peperere
354 1296 362 1309 ,
393 1276 474 1311 595
498 1281 526 1304 et
544 1277 670 1304 nonnulli
698 1281 898 1304 sacrosanctam

115 1322 224 1349 Domini
246 1326 339 1349 nostra
364 1322 450 1357 gratia
481 1327 637 1357 susceptam
667 1322 899 1357 dispensationem

114 1367 279 1400 adulterare,
292 1372 320 1395 et
336 1375 430 1395 vocem
442 1368 512 1395 hanc
535 1367 676 1401 Θεοτὸχος,
695 1368 742 1395 Dei
759 1367 893 1401 Genitrix,

115 1421 264 1449 pernegare
278 1413 337 1440 ausi
349 1419 424 1446 sunt,
451 1413 535 1449 aliqui
553 1421 617 1441 vero
637 1414 835 1441 confusionem
849 1415 901 1442 nti-

116 1460 291 1494 stionemque
303 1459 475 1490 inducentes,
488 1467 569 1487 unam
582 1467 642 1487 esse
657 1460 748 1487 carnis
762 1464 790 1487 et
801 1459 901 1487 divini-

115 1505 180 1533 tatis
199 1510 325 1533 naluram
352 1505 553 1534 inconsiderate
585 1505 701 1541 fingunt,
724 1506 901 1540 divinumque

118 1550 255 1586 Unigeuiti
280 1555 406 1578 naturam
438 1558 488 1585 per
516 1551 706 1579 confusionem
730 1551 898 1586 perpessioni
914 1569 937 1599 α

116 1596 263 1624 obnoxiam
295 1596 452 1631 prodigiose
482 1600 627 1623 asserunt:
656 1596 715 1624 lucc
742 1596 800 1630 ipsa
827 1603 900 1623 nunc

118 1646 214 1670 sancta
229 1646 257 1670 et
277 1650 375 1677 magna
391 1642 554 1670 universalis
569 1642 699 1678 synodus,
717 1649 825 1669 omnem
847 1641 900 1669 illis

117 1687 242 1716 fraudem
265 1691 293 1715 et
332 1687 562 1714 machinationem
597 1687 730 1715 adversus
758 1688 902 1715 veritatem

117 1734 286 1769 prtecludere
297 1734 404 1767 volens,
415 1738 443 1761 et
457 1733 642 1769 integritatem
658 1734 901 1769 infirmitatemque

117 1781 220 1808 veteris
235 1779 365 1808 doctrina:
388 1780 540 1812 vindicans,
559 1782 587 1807 in
613 1780 711 1815 primis
738 1780 852 1813 statuit,
870 1784 902 1807 ut

120 1830 279 1853 sanctorum
307 1831 494 1855 trecentorum
532 1827 644 1853 Patrum
677 1825 744 1853 fides
773 1825 902 1853 inviolata

119 1876 238 1899 constet.
264 1872 368 1900 Deinde
396 1876 425 1899 et
450 1879 550 1900 eorum
566 1872 612 1907 qui
627 1873 653 1899 iu
669 1872 736 1900 urbe
749 1872 902 1907 imperante

120 1917 253 1944 adversus
269 1917 390 1952 Spiritus
412 1918 501 1945 sancti
519 1918 610 1945 hostes
622 1918 821 1953 posterioribus
835 1923 903 1945 tem»

121 1963 234 1999 poribus
244 1968 442 1995 convenerunt,
456 1963 769 1999 centumquinquaginta
779 1963 902 1996 Patrum,

120 2009 154 2037 de
167 2008 285 2044 Spiritus
296 2009 412 2036 essentia
424 2009 578 2036 doctrinam
592 2009 754 2037 auctoritate
777 2017 826 2036 sua
839 2017 904 2037 con-

121 2056 212 2082 ﬁrmat.
228 2064 234 2082 :
249 2062 330 2089 quam
347 2054 386 2081 illi
412 2055 507 2082 Patres
533 2055 659 2082 omnibus
674 2059 766 2082 notam
787 2062 847 2082 esse
857 2062 904 2082 vo-

120 2102 242 2133 luerunt,
273 2108 327 2128 non
356 2105 387 2128 ut
402 2101 506 2135 aliquid
524 2101 597 2136 quod
620 2101 770 2136 majoribus
781 2101 903 2137 ignotum

123 2147 232 2178 fuisset,
245 2147 472 2178 inducerent,sed
491 2151 519 2174 ut
537 2147 655 2182 Spiritus
666 2147 752 2174 sancti
766 2151 902 2181 naturam,

122 2193 247 2227 quaedam
263 2192 297 2220 de
314 2192 387 2220 illius
403 2197 537 2227 potestate
561 2193 684 2221 obtinere
714 2193 846 2226 volentes,
865 2199 905 2221 te-

1245 455 1374 482 ΚΕΦΑΛ.
1396 453 1442 488 ς’.

950 500 1036 534 Ὅρος
1052 499 1108 534 τῆς
1120 500 1206 535 ἁγίας
1216 500 1267 527 καὶ
1280 500 1491 535 οὶκουμενικῆς
1507 500 1650 534 τετάρτης
1660 507 1738 527 συν-

1199 535 1272 562 όδου
1285 535 1338 570 τῆς
1350 536 1491 567 πίστεως.

989 601 999 617 ε
1016 590 1047 618 Ὀ
1062 591 1165 626 Κύριος
1176 591 1255 626 ἡμῶν
1269 592 1318 618 καὶ
1329 592 1424 626 Σωτὴρ
1438 590 1542 626 Ἰησοῦς
1552 591 1680 626 Χριστὸς,
1688 591 1739 626 τῆς

950 637 1068 669 πίστεως
1093 637 1145 672 τὴν
1160 638 1262 671 γνῶσιν
1278 638 1335 669 τοῖς
1353 637 1488 672 μαθηταῖς
1513 637 1642 672 βεϐαιῶν,
1666 637 1738 672 ἔφη*

948 683 1083 718 Εἰρήνην
1111 683 1169 718 τὴν
1192 683 1271 718 ἐμὴν
1296 684 1400 718 δίδωμι
1419 683 1510 718 ὑμῖν·
1538 684 1665 718 εἰρήνην
1682 684 1740 717 τὴν

947 729 1026 764 ἐμὴν
1050 729 1157 764 ἀφίημι
1179 730 1265 764 ὑμῖν·
1283 730 1320 761 ὼς
1347 729 1450 764 μηδένα
1465 729 1611 763 διαφωνεῖν
1629 730 1658 755 ἐν
1681 730 1739 760 τοῖς

946 776 1065 811 δόγμασι
1078 776 1128 811 τῆς
1139 775 1293 808 εὐσεϐείας,
1313 775 1371 802 ἀλλ’
1386 775 1485 809 ἐπίσης
1498 776 1528 802 τὺ
1544 776 1594 810 τῆς
1608 775 1739 810 ἀληθείας

947 821 1136 849 ἐνδείκνυσθαι
1145 822 1305 857 κήρυγμα.»
1318 822 1368 847 Καὶ
1380 821 1600 854 ἀναγνωσθέντος
1608 821 1655 847 τοῦ
1665 821 1738 847 θείου

949 868 1096 903 συμϐόλου,
1120 869 1169 894 καὶ
1184 867 1253 902 πρός
1272 875 1305 901 γε
1323 867 1354 894 τὸ
1380 868 1434 893 τῶν
1448 867 1546 894 ἑκατὸν
1566 867 1739 900 πεντήκοντα

950 912 1035 946 ἁγίων
1055 913 1194 948 Πατέρων,
1208 913 1348 947 ἐπήγαγον
1360 920 1367 927 ·
1394 912 1511 947 ιἪρκει
1528 912 1576 946 μὲν
1585 909 1632 938 οὖν
1643 911 1682 942 εἰς
1694 912 1739 938 ὲν-

949 958 1013 993 τελῆ
1039 958 1090 992 τῆς
1119 958 1263 988 εὐσεϐείας
1278 957 1428 992 ἐπίγνωσιν
1456 957 1503 984 καὶ
1535 956 1683 992 βεδαίωσιν
1707 957 1740 983 τὸ

950 1003 1032 1037 σοφὸν
1050 1003 1098 1030 καὶ
1114 1003 1250 1038 σωτήριον
1271 1003 1351 1029 τοῦτο
1370 1003 1420 1037 τῆς
1442 1003 1518 1034 θείας
1540 1003 1651 1037 χάριτος
1668 1003 1739 1037 σύμ-

950 1049 1028 1075 σολον
1040 1057 1046 1064 ·
1064 1048 1128 1083 περί
1145 1057 1176 1074 τε
1189 1048 1244 1083 γὰρ
1258 1049 1306 1075 τοῦ
1321 1048 1426 1083 Πατρδς
1439 1048 1486 1074 καὶ
1501 1049 1548 1074 τοῦ
1561 1048 1638 1081 ἁγίου
1655 1048 1740 1074 Πνεὺ-

952 1103 1036 1130 ματος
1049 1093 1204 1121 ἐκδιδάσκει
1229 1094 1260 1120 τὸ
1276 1093 1390 1124 τέλειον,
1421 1093 1533 1120 καὶτοῦ
1561 1093 1664 1127 Κυρίου
1689 1093 1741 1128 τὴν

950 1139 1160 1174 ἑνανθρώπησιν
1174 1140 1232 1170 τοῖς
1250 1139 1355 1169 πιστῶς
1376 1137 1534 1173 δεχομένοις
1552 1139 1736 1173 παρίστησιν·

950 1186 1009 1213 ἀλλ’
1030 1185 1181 1221 ἐπειδήπερ
1194 1186 1218 1211 οί
1237 1186 1288 1220 τῆς
1303 1185 1434 1220 ἀληθείας
1451 1184 1543 1219 ἐχθροὶ
1556 1185 1665 1211 ἀθετεῖν
1677 1186 1738 1211 ἐπι-

950 1231 1073 1266 χειροῦσι
1090 1231 1120 1257 τὸ
1147 1231 1290 1265 κήρυγμα,
1319 1231 1364 1257 διὰ
1381 1231 1438 1257 τῶν
1466 1230 1578 1257 οἰκείων
1603 1231 1739 1265 αἱρέσεων

951 1276 1120 1310 κενοφωνίας
1144 1277 1280 1303 ἀπέτεκον
1293 1284 1300 1291 ·
1316 1277 1342 1302 οι
1369 1279 1418 1312 μὲν
1430 1277 1460 1304 τὸ
1475 1277 1525 1312 τῆς
1539 1277 1573 1304 δι’
1598 1278 1673 1312 ἡμᾶς
1691 1276 1740 1303 τοῦ

951 1323 1057 1358 Κυρίου
1073 1322 1229 1355 οἰκονομίας
1246 1323 1399 1357 μυστήριον
1424 1323 1624 1358 παραφθείρειν
1638 1322 1740 1357 τολμή-

952 1377 1059 1400 σαντες,
1073 1370 1120 1394 καὶ
1132 1367 1182 1403 τὴν
1202 1369 1348 1400 Θεοτόκος
1364 1369 1408 1394 sui.
1423 1369 1472 1402 τῆς
1494 1367 1633 1402 Παρθένου
1646 1367 1740 1402 φωνὴν

951 1414 1155 1449 ἀπαρνούμενοι
1169 1421 1177 1430 ·
1194 1414 1219 1440 οῑ
1233 1413 1262 1440 δὲ
1286 1413 1420 1449 σύγχυσιν
1436 1414 1484 1440 καὶ
1500 1414 1602 1448 πρᾶσιν
1618 1413 1740 1446 εἰσάγον-

952 1468 1008 1490 τες,
1031 1459 1078 1485 καὶ
1098 1460 1164 1494 μίαν
1181 1457 1253 1486 εἶναι
1274 1459 1323 1494 τὴν
1340 1459 1422 1493 φύσιν
1445 1459 1495 1493 τῆς
1515 1459 1616 1493 σαρκὸς
1631 1458 1678 1484 καὶ
1689 1457 1740 1491 τῆς

952 1504 1078 1539 θεότητος
1093 1505 1216 1535 ἀνοήτως
1233 1504 1465 1535 ἀναπλάττοντες.
1487 1504 1534 1530 καὶ
1551 1503 1676 1539 παθητὴν
1690 1503 1740 1538 τὴν

954 1551 1029 1578 θείαν
1057 1550 1104 1577 τοῦ
1121 1550 1291 1583 Μονογενοῦς
1314 1551 1348 1585 τῇ
1367 1550 1498 1585 συγχύσει
1514 1550 1738 1585 τερατευόμενοι.

952 1596 1001 1622 Διὰ
1018 1595 1096 1622 τοῦτο
1128 1596 1220 1622 πᾶσαν
1243 1595 1336 1626 αὐτοῖς
1354 1596 1426 1622 κατὰ
1454 1596 1504 1630 τῆς
1525 1596 1655 1630 ἀληθείας
1672 1596 1740 1622 ἀπο-

953 1641 1058 1668 κλεῖσαι
1089 1642 1217 1676 μηχανὴν
1240 1641 1424 1678 βουλομένηὴ
1448 1643 1575 1678 παροῦσα
1591 1643 1639 1670 νῦν
1668 1643 1739 1678 αὕτη

953 1687 1019 1721 ἁγία
1033 1688 1082 1714 καὶ
1104 1688 1211 1723 μεγάλη
1234 1689 1413 1723 οἰκουμενικὴ
1435 1689 1556 1722 σύνοδος,
1575 1689 1604 1715 τὸ
1627 1689 1675 1716 τοῦ
1689 1697 1740 1723 κη-

954 1734 1096 1770 ρύγματος
1109 1735 1214 1762 ἄνωθεν
1222 1735 1372 1762 ἀσάλευτον
1388 1735 1543 1768 ἐκδικοῦσα,
1559 1735 1642 1770 ὥρισε
1655 1744 1741 1770 προη-

952 1781 1094 1814 γουμένως
1108 1781 1163 1808 τῶν
1179 1781 1345 1816 τριακοσίων
1377 1785 1413 1817 ιη’
1438 1782 1524 1815 ἁγίων
1547 1783 1678 1817 Πατέρων
1690 1782 1740 1816 τὴν

953 1826 1045 1854 πίστιν
1074 1827 1167 1862 μένειν
1191 1828 1442 1864 ἀπαρεγχείρητον.
1470 1829 1526 1855 Καὶ
1553 1828 1604 1863 μὲν
1632 1829 1664 1863 δὴ
1691 1828 1740 1854 καὶ

952 1873 1016 1904 τοὺς
1032 1873 1070 1907 τῷ
1086 1873 1228 1908 Πνεύματι
1242 1873 1282 1909 τῷ
1305 1874 1377 1909 ἁγίῳ
1395 1875 1580 1909 μαχομένους,
1600 1873 1651 1909 τὴν
1675 1873 1740 1909 χρό-

954 1928 1016 1951 νους
1034 1919 1149 1954 ὕστερον
1162 1919 1240 1954 παρὰ
1255 1919 1310 1946 τῶν
1328 1920 1374 1946 ἐπὶ
1405 1920 1452 1954 τῆς
1475 1920 1671 1954 βασιλευούσης
1693 1919 1740 1946 πό-

953 1965 1022 1996 λεως
1036 1968 1076 2001 ρν¹
1091 1965 1276 1992 συνελθόντων
1290 1967 1422 2000 Πατέρων
1439 1966 1505 2000 περὶ
1521 1966 1570 1999 τῆς
1588 1966 1635 1992 τοῦ
1652 1965 1740 1992 Πνεύ-

956 2019 1040 2046 ματος
1059 2010 1154 2041 οὐσίας
1170 2010 1371 2045 παραδοθείσης
1389 2012 1479 2046 κυροῖ.
1494 2011 1528 2046 ἢν
1543 2010 1641 2038 ἐκεῖνοι
1655 2011 1740 2037 πᾶσιν

950 2056 1108 2092 ἐγνώρισαν
1120 2056 1169 2091 οὐχ
1180 2056 1218 2087 ὥς
1229 2065 1256 2083 τι
1267 2056 1361 2082 λεῖπον
1377 2057 1432 2087 τοῖς
1448 2056 1632 2091 προλαϐοῦσιν
1647 2056 1740 2083 ἐπειθ-

955 2102 1089 2133 άγοντες,
1115 2101 1184 2127 ἀλλὰ.
1212 2102 1263 2135 τὴν
1289 2101 1366 2136 παρὰ
1393 2101 1440 2127 τοῦ
1471 2101 1551 2135 ἁγίου
1582 2101 1739 2135 Πνεύματος

956 2147 1050 2180 αὐτοῦ,
1069 2147 1129 2173 ἔνια
1144 2147 1217 2174 κατὰ
1240 2147 1290 2182 τὴν
1305 2146 1388 2173 αὑτοῦ
1414 2147 1576 2173 δεσποτείαν
1600 2146 1741 2173 αὐθεντεῖν

956 2195 1136 2230 πειρώμενοι,
1159 2194 1313 2229 γραφικαῖς
1342 2194 1508 2229 μαρτυρίαις
1534 2193 1738 2228 τρανώσαντες.

121 2238 259 2266 stimouiis
277 2237 304 2264 in
317 2237 448 2272 scriptum
463 2238 567 2271 relatis,
578 2238 678 2266 clarius
688 2239 900 2274 promulgarent.

957 2242 1006 2268 Διὰ
1019 2242 1046 2268 δὲ
1058 2242 1121 2273 τοὺς
1131 2240 1161 2267 τὸ
1172 2241 1221 2276 τῆς
1235 2240 1392 2275 οἰκονομίας
1411 2239 1611 2274 παραφθεὶρειν
1619 2239 1742 2274 τολμῶν-

122 2284 237 2318 Propter
249 2291 297 2311 eos
314 2291 379 2311 vero
393 2283 440 2318 qui
468 2284 629 2311 oeconomiae
644 2289 672 2311 ct
690 2285 904 2320 dispensationis

122 2329 283 2364 mysterium
308 2329 579 2364 depravareaudent,
592 2335 620 2357 et
632 2330 678 2365 qui
699 2338 731 2358 ex
750 2330 832 2358 Maria
846 2331 907 2359 Vir-

123 2376 186 2411 gine
213 2379 296 2403 natus
307 2380 360 2408 est,
378 2383 483 2402 merum
504 2375 642 2403 hominem
656 2384 716 2404 esse
734 2376 906 2412 impudenter

121 2427 148 2448 et
161 2421 317 2449 conviciose
331 2421 437 2454 dicunt,
451 2420 522 2448 beati
532 2421 636 2457 Cyrilli,
649 2423 694 2456 qui
715 2422 905 2450 Alexandrinae

123 2465 251 2493 Ecclesiae
268 2470 362 2501 pastor
373 2465 435 2499 fuit,
447 2466 592 2501 synodales
602 2467 732 2501 epistolas
757 2468 791 2495 ad
807 2467 906 2496 Nesto-

124 2512 196 2539 rium
212 2517 240 2540 et
263 2512 414 2541 Orientales
441 2513 585 2548 episcopos
611 2514 698 2546 datas,
727 2513 799 2549 quod
833 2519 906 2542 recte

123 2558 233 2593 scripta:
244 2559 309 2591 sint,
333 2566 395 2586 cum
409 2558 443 2585 ad
470 2559 587 2586 Nestorii
598 2567 725 2586 vesanam
739 2559 905 2587 dementiam

124 2606 307 2638 refutandam,
325 2611 381 2634 tum
396 2607 429 2634 ad
448 2607 611 2634 sententiam
629 2607 754 2634 salutaris
773 2606 906 2642 Syruboli,

123 2653 165 2681 eis
193 2652 239 2688 qui
252 2660 312 2679 cam
337 2653 381 2687 pio
399 2653 497 2680 ardore
517 2652 671 2687 requirunt,
699 2652 906 2683 declarandam.

124 2698 246 2733 recepit:
276 2697 376 2732 quibus
393 2699 537 2733 epistolam
553 2705 662 2733 quoque.
691 2698 815 2725 maxima:
831 2698 906 2725 urbis

123 2744 224 2772 veteris
233 2745 324 2771 [torum
336 2744 475 2777 antistitis,
487 2744 636 2772 beatissimi
645 2748 672 2772 et
685 2744 848 2772 sanctissimi
861 2752 906 2771 ar—

179 2802 186 2817 ³
203 2800 284 2828 Joan.
300 2808 356 2834 xlv,
371 2801 416 2827 27.

957 2296 1008 2319 τας
1030 2287 1191 2323 μυστήριον,
1214 2286 1262 2313 καὶ
1282 2285 1360 2320 ψιλὸν
1376 2285 1520 2320 ἄνθρωπον
1542 2285 1586 2311 τὸν
1601 2285 1677 2320 παρὰ
1692 2285 1741 2319 τῆς

957 2332 1038 2366 ἁγίας
1067 2330 1203 2365 Παρθένου
1226 2329 1357 2364 τεχθέντα
1382 2329 1493 2363 Μαρίας
1511 2328 1630 2360 ἀναιδῶς
1655 2328 1740 2354 λοιδο-

959 2377 1082 2412 ροῦντας,
1100 2376 1149 2407 τὰς
1165 2375 1211 2402 τοῦ
1230 2375 1366 2410 μακαρίου
1382 2374 1519 2409 Κυρί).λου
1533 2373 1580 2400 τοῦ
1594 2373 1643 2408 τῆς
1663 2373 1739 2399 Ἀλε-

959 2423 1093 2457 ξανδρέων
1107 2420 1271 2455 Ἐκκλησίας
1286 2420 1435 2455 γενομένου
1453 2420 1581 2454 ποιμένος
1598 2418 1741 2449 συνοδικὰς

957 2468 1102 2498 ἐπιστολὰς
1119 2467 1186 2502 πρός
1207 2475 1238 2500 γε
1263 2466 1413 2501 Νεστόριον
1439 2466 1486 2492 καὶ
1509 2465 1578 2500 πρὸς
1603 2465 1666 2495 τοὺς
1691 2465 1741 2498 τῆς

964 2512 1111 2547 Ἀκατολῆς
1127 2510 1291 2541 ἐπισκόπους
1306 2509 1451 2545 ἁρμοδίως
1467 2508 1548 2540 οὔσας
1568 2507 1687 2540 ἐδέξατο,
1698 2507 1739 2539 εἰς

959 2558 1069 2593 ἔλεγχον
1096 2557 1145 2592 μὲν
1162 2557 1211 2591 τῆς
1234 2555 1384 2590 Neo-reptat:
1413 2553 1639 2589 φρενοὸλαόείας,
1656 2553 1742 2587 ἑρμη-

959 2604 1035 2630 νείαν
1050 2604 1079 2630 δὲ
1093 2603 1148 2629 τῶν
1165 2603 1193 2629 ὲν
1213 2602 1320 2628 εὐσεϐεῖ
1336 2601 1410 2636 ζήλῳ
1424 2601 1471 2627 τοῦ
1488 2599 1624 2635 σωτηρίου
1638 2598 1742 2633 συμϐό-

958 2650 1006 2676 λου
1024 2649 1178 2676 ποθούντων
1201 2649 1251 2683 τὴν
1265 2648 1368 2674 ἔννοιαν
1382 2656 1388 2662 ·
1406 2647 1450 2678 αἶς
1465 2647 1512 2674 καὶ
1526 2646 1576 2682 τὴν
1596 2643 1741 2678 ἐπιστολὴν

958 2698 1006 2723 τοῦ
1025 2697 1073 2730 τῆς
1097 2696 1230 2730 μεγίστης
1251 2694 1298 2720 καὶ
1321 2693 1510 2729 πρεσϐυτέρας
1528 2693 1637 2728 Ῥώμης
1660 2689 1742 2725 προέ-

959 2745 1023 2779 δρου
1038 2742 1083 2770 τοῦ
1104 2741 1313 2777 μακαριωτάτου
1332 2741 1379 2767 καὶ
1396 2741 1551 2774 ἁγιωτάτου
1564 2735 1740 2774 ἀρχιεπισκόπ-

168 2871 205 2906 (l)
222 2870 251 2898 L.
265 2870 394 2903 Quoniam
412 2868 567 2896 venerabilis
597 2867 638 2903 (C.
657 2867 692 2894 De
707 2867 791 2902 cpisc.
805 2871 831 2894 et
853 2865 944 2894 cleric.
961 2865 990 2892 L.
1003 2865 1155 2900 Quicunque
1170 2866 1195 2893 in
1206 2866 1264 2894 hac.
1282 2866 1312 2894 α.
1332 2866 1369 2894 Dc
1386 2866 1480 2893 haeret.
1493 2871 1520 2894 et
1535 2862 1664 2897 Manieh.)
