1908 3088
144 158 178 192 31
764 161 936 193 ΝΙΩΕΡΙΙΟῙ

996 163 1171 194 CALLISTI
1563 168 1565 170 ’
1739 165 1774 196 32

145 220 271 254 petierat,
290 219 543 256 Hierosolymorum
563 220 691 249 thronum
710 222 866 257 occupavit,
885 223 932 250 ad-

988 231 1046 258 μων
1063 223 1220 259 ὺφαρπάζει
1247 223 1352 258 θρόνον,
1381 224 1502 259 ἀρωγοῐς
1526 224 1699 260 χρησάμενος
1716 227 1774 257 τοῖς

144 266 282 302 jutoribus
296 274 326 293 ea
341 266 369 293 in
385 275 414 294 re
427 275 503 300 usus,
519 267 565 300 qui
580 267 675 303 synodi
690 269 933 297 constitutionibus

145 313 376 345 adversabantur,
389 318 417 341 et
431 313 560 341 Eudocia:
572 314 808 349 gratiﬁcabantur.
822 316 857 343 Et
871 323 933 343 cum

145 359 267 393 episcopi
293 360 415 387 nondum
435 367 450 387 a
467 360 573 395 synodo
596 361 699 394 reversi
721 361 849 393 fuissent,
866 361 935 390 alios

145 404 204 439 ipse
229 404 371 432 ordinatos
404 405 431 432 in
456 405 538 433 urbes
556 413 689 441 quasqne-
702 406 787 433 misit.
807 406 934 434 Severia-

147 458 212 477 num
231 455 322 477 autem
340 450 516 486 Scythopolis
536 451 708 486 episcopum,
726 452 797 486 quod
814 452 934 479 malevo-

147 497 236 523 lentia!
259 497 331 523 illius
343 496 486 532 suﬂ‘ragari
499 497 593 529 nollet,
618 497 720 532 oppido
739 502 866 525 exactum
894 497 936 524 itt-

146 543 264 571 teremit.
286 543 408 578 Magnam
423 550 532 578 quoque
552 543 636 570 tnovit
659 544 889 578 persecutionem,
908 544 934 570 itt

147 589 257 616 civitate
286 595 398 623 sancta,
427 590 561 617 adversus
584 596 633 616 eos
657 589 703 624 qui
730 589 935 616 communicare

151 643 213 662 (‘ltlll
229 643 263 662 eo
279 636 419 663 nolebant.
437 635 575 669 Quosdam
597 643 714 670 namque
731 635 875 662 tormentis
890 643 937 661 cx-

149 683 293 716 eruciat'it,
312 683 450 718 aliquibus
476 683 657 711 substantiam
683 683 798 714 ademit.
818 683 935 710 aliorum

146 729 251 756 aedibus
267 729 356 764 ignem
375 729 477 764 injecit,
493 730 530 756 ita
549 734 578 756 ut
595 729 661 757 urbs
676 736 690 755 a
706 729 834 756 barbaris
858 733 935 762 capta

146 784 207 803 esse
226 776 375 803 videretur.
401 776 438 803 De
455 783 510 810 quo
532 780 627 811 postea
649 775 847 802 monachorum
868 775 936 802 ordo

148 822 182 850 ad
207 822 373 858 Alcisoqem‘
392 822 497 850 litteras
521 823 599 856 dans,
620 822 687 849 illud
711 822 822 856 scripsit
838 831 845 849 :
864 823 935 857 quod

148 874 210 894 cum
228 873 257 895 ut
275 869 414 896 maleﬁcus
437 874 465 896 et
485 869 616 903 episcopo
640 876 691 897 suo
715 868 816 896 infidus
837 869 936 903 depre-

149 913 253 940 ltensus
278 920 362 947 esset,
387 915 555 942 monasterio
581 923 632 942 suo
657 914 798 950 expulsus,
817 920 843 942 et
870 914 934 949 quia

146 959 319 986 Alexandria:
335 967 446 995 quoque
463 960 576 987 rebellis
594 960 725 987 Dioscoro
742 960 842 993 fuerat,
860 959 935 994 quod

148 1005 313 1033 verberibus
329 1006 422 1033 tttultis
436 1006 559 1037 affectus.
577 1011 705 1041 tanquam
724 1006 806 1033 homo
821 1006 935 1033 seditio-

148 1059 195 1078 sus
210 1059 259 1086 pcr
275 1053 370 1080 urbem
386 1052 513 1079 scabioso
529 1052 635 1080 camelo
652 1052 774 1080 insidens
791 1053 935 1079 traductus

149 1097 196 1124 sit.
212 1097 285 1125 ldcm
301 1105 410 1132 quoque
426 1097 580 1125 Palaestinae
596 1098 677 1125 urbes
693 1098 872 1130 circumiens,
888 1105 936 1125 eas

149 1148 180 1170 ut
196 1143 249 1171 sibi
268 1144 414 1182 episcopos
434 1145 566 1179 legerent,
592 1144 692 1179 coegit.
715 1144 837 1176 Quorum
862 1151 934 1171 unus

148 1189 230 1216 etiam
247 1190 300 1217 fuit
315 1190 422 1223 Petrus,
438 1198 471 1217 ex
492 1191 581 1217 lberia
605 1190 752 1221 oriundus,
773 1191 934 1225 Gazzeorupt

147 1234 277 1266 civitatis,
293 1235 337 1262 cui
354 1235 477 1269 lilajutnat
499 1242 598 1262 nomen
614 1239 669 1267 est,
685 1235 843 1270 episcopus.
860 1235 935 1263 Adeo

149 1284 179 1305 ιιι
208 1281 374 1307 Athanasius
401 1281 512 1315 quidam
543 1281 569 1307 in
601 1280 781 1308 diaconorttm
811 1281 935 1308 ordinent

149 1329 311 1359 cooptatus,
339 1325 365 1351 itt
389 1325 478 1352 media
506 1326 622 1352 ecclesia
649 1325 846 1361 Hierosolymis
872 1334 935 1353 curn

150 1369 235 1396 multa
262 1369 371 1396 dicendi
398 1370 534 1401 libertate,
557 1370 701 1404 inquitatis
729 1371 935 1398 abominatione

151 1417 250 1442 throno
274 1416 448 1443 sanctissimo
475 1417 622 1447 insidente,
641 1425 738 1444 voeetn
765 1417 839 1444 illam
866 1425 936 1452 pra:-

149 1463 250 1488 elarant
270 1462 393 1489 emiserit
411 1471 418 1489 :
440 1472 448 1487 ι
468 1462 577 1493 Desine,
595 1462 745 1494 Theodosi,
761 1467 863 1490 tantam
882 1472 935 1491 cae-

150 1508 212 1535 detn
234 1510 418 1541 committere,
442 1509 537 1536 desine
561 1508 674 1536 Christo
699 1509 800 1536 bellum
824 1509 935 1542 inferre,

150 1556 177 1578 et
203 1559 312 1586 gregem
341 1554 401 1587 ejus
427 1553 454 1579 in
482 1553 640 1586 praedonum
669 1561 773 1581 morem
799 1562 815 1581 e
840 1554 935 1582 divino

149 1597 216 1624 ovili
236 1597 346 1632 elicere,
366 1603 394 1624 et
415 1598 565 1632 aliquando
583 1599 693 1626 tandem
715 1599 936 1627 benevolentiam

151 1650 215 1677 erga
233 1650 330 1669 verum
349 1651 567 1678 germanumque
584 1649 723 1679 pastorem
746 1649 867 1672 ιιοεῑιίιιιι
889 1653 938 1672 CO-

149 1697 270 1723 gnosce;
286 1689 376 1724 neque
391 1690 464 1716 enim
477 1690 596 1718 alienum
614 1691 691 1725 sequi
710 1692 868 1723 didicimus,
886 1700 940 1719 ne-

150 1742 205 1768 quc
220 1742 315 1762 vocem
331 1740 490 1763 extraneam
506 1736 612 1763 audire.
633 1746 642 1762 ι
665 1737 726 1764 Παιο
742 1745 805 1764 eum
822 1737 938 1771 diceret,

151 1789 165 1806 a
182 1781 350 1808 satellitibus
358 1781 504 1808 Theodosii
522 1786 660 1816 arreptus,
670 1787 697 1809 et
707 1790 740 1809 ex
751 1783 864 1810 ecclesia
885 1788 939 1811 tra-

151 1831 212 1853 ctus
238 1831 290 1853 est.
317 1826 408 1861 Atque
435 1826 579 1854 insolentis
606 1828 763 1861 petulantiae
784 1833 812 1855 ct
831 1830 939 1856 crucia-

153 1879 230 1898 tttutn
247 1879 333 1908 genus
350 1879 432 1899 omne
448 1877 562 1907 propter
576 1872 717 1900 Christum
739 1881 895 1909 perpessus,
912 1879 940 1902 et

153 1920 245 1954 ﬂagris
258 1919 351 1946 multis
365 1919 503 1952 concisus,
518 1924 657 1954 postrcuto
670 1920 753 1947 etiam
769 1920 841 1948 ferro
855 1921 938 1948 vitam

152 1966 254 1993 amisit.
268 1965 393 1993 Cadaver
405 1966 464 2000 eius
477 1973 510 1992 ex
526 1965 644 2000 pedibus
656 1973 705 1999 per
720 1967 815 1994 urbem
829 1975 938 1994 omnettt

154 2018 273 2046 ruptum,
287 2012 403 2039 canibus
417 2012 526 2038 tandem
541 2019 604 2038 esea
618 2012 770 2047 projectum
785 2017 835 2040 est.
854 2013 939 2041 Porro

154 2059 320 2086 Dorotltetts.
337 2058 383 2092 qui
409 2057 580 2084 Palmstinam
607 2058 776 2092 provinciam
800 2058 833 2085 ab
854 2059 939 2094 impe—

154 2111 245 2131 l‘:tlttrt.!
258 2109 399 2138 acceptam
416 2102 637 2135 administrabat,
653 2103 731 2138 601
750 2109 777 2131 et
795 2109 851 2131 tum
866 2105 938 2140 apud

154 2150 328 2177 Moabitidem
365 2150 436 2176 bello
465 2149 597 2176 adversus
627 2149 761 2176 barbaros
789 2156 938 2185 occupatus

152 2202 222 2235 erat,
238 2197 283 2224 ubi
301 2204 332 2224 ea
349 2204 410 2231 qum
426 2196 451 2222 iu
470 2196 536 2223 urbe
553 2195 592 2222 sic
609 2195 776 2230 gerebantur
795 2197 936 2232 cognovit,

985 270 1115 296 τάναντία
1132 271 1164 304 τῇ
1185 269 1287 305 συνόδῳ
1312 270 1454 304 φρονοῦσι,
1469 270 1516 297 καὶ
1539 271 1597 302 τοῖς
1624 271 1775 305 ὑπουργοῖς

985 313 1128 345 Εὺδοχίας.
1145 315 1201 340 Καὶ
1216 314 1272 341 τῶν
1289 315 1448 342 ἐπισκόπων
1462 316 1546 351 μήπω
1558 317 1590 342 ὲκ
1603 316 1653 349 τῆς
1664 316 1773 342 συνόδου

985 359 1203 393 ἐπανελθόντων,
1221 361 1326 392 ἐκεῖνος
1352 361 1461 397 ἐτέρους
1484 362 1688 397 χειροτονήσας,
1704 362 1774 388 κατὰ

986 405 1063 432 πόλιν
1088 405 1241 440 ἐξέπεμπε.
1266 407 1432 441 Σευηριανὸν
1455 407 1484 433 δὲ
1508 407 1555 434 τὸν
1579 407 1774 439 Σκυθοπόλεως

986 452 1146 483 ἐπίσκοπον,
1166 452 1203 487 μὴ
1217 453 1374 488 ὑπαχθῆναι
1390 454 1422 488 τῇ
1437 454 1543 479 ἐκείνου
1559 453 1691 488 κακονοίᾳ
1706 454 1774 489 ᾑρη-

988 497 1078 532 μένον,
1094 498 1144 532 τῆς
1161 498 1264 530 πόλεως
1280 498 1424 533 ἐξαγαγὼν
1441 500 1557 527 ἔκτεινε.
1575 501 1671 534 Μέγαν
1685 501 1706 527 δ’
1718 501 1774 527 ὲκί-

987 552 1051 578 νησε
1066 544 1186 579 διωγμὸν
1201 546 1255 571 ἀνὰ
1277 545 1326 580 τὴν
1343 546 1425 580 ἁγίαν
1443 546 1521 572 πόλιν
1538 546 1599 572 κατ’
1620 547 1734 574 ἐκείνων
1749 547 1775 573 οἳ

987 589 1026 622 μὴ
1040 589 1137 624 ἐκείνῳ
1150 591 1289 616 κοινωνεῖν
1305 591 1408 617 εἴλοντο
1420 598 1426 604 “
1442 590 1489 622 οὒς
1509 591 1558 625 μὲν
1573 592 1628 626 γὰρ
1645 591 1774 625 βασάνοις

986 635 1102 670 ᾐκίσατο
1116 643 1122 650 '
1137 636 1226 663 ἄλλων
1242 636 1292 672 τὴν
1308 637 1473 671 περιουσίαν
1487 637 1638 672 διήρπασεν
1650 646 1657 654 ·
1669 638 1775 672 ἑτέρων

986 680 1013 706 δὲ
1032 679 1086 714 πῦρ
1104 680 1186 714 ἐνῆκε
1202 682 1260 712 τοῖς
1282 681 1386 712 οἴκοιςο
1405 682 1442 713 ὡς
1459 682 1549 709 δοκεῖν
1564 682 1614 718 τὴν
1628 682 1706 709 πόλιν
1722 683 1776 709 ὑπὸ

987 724 1136 760 βαρϐάρων
1152 726 1326 753 ἁλίσκεσθαι.
1343 727 1411 762 Περὶ
1438 727 1469 753 οὗ
1486 728 1515 754 τὸ
1534 728 1682 763 μοναχικὸν
1697 728 1776 754 ὕστε-

988 780 1034 806 ρον
1048 772 1116 806 πρὸς
1136 772 1290 798 ’Λλκίσωνα
1317 774 1424 807 γράφον
1448 773 1570 807 εἴρηκεν,
1584 773 1621 805 ὡς
1646 773 1776 807 καὶπερὶ

986 817 1032 844 τὸν
1057 819 1158 845 οἰκεῖον
1183 819 1335 846 ἐπίσκοπον
1361 817 1406 846 οἷα
1434 820 1590 854 κακοῦργος
1618 820 1710 852 ἁλοὺς,
1726 819 1774 846 τοῦ

988 863 1048 890 κατ’
1060 864 1141 890 αὐτὸν
1156 865 1285 900 ἀπηλάθη
1302 866 1497 900 μοναστηρίου,
1512 867 1559 893 καὶ
1574 867 1620 892 ἐπὶ
1635 867 1684 901 τῆς
1701 866 1776 893 Ἀλε-

954 899 973 926 B
988 908 1100 945 ξάνδρου
1117 910 1245 946 διάφορος
1263 899 1404 947 Διοσκόρω
1417 899 1550 946 κατέστη.
1565 913 1651 939 Ἔνθα
1663 899 1776 944 πολλαῖς

987 955 1168 988 καταξανθεὶς
1182 958 1242 988 ταῖς
1258 957 1378 992 πληγαῖς
1392 957 1428 989 ὡς
1445 958 1609 993 στασιώδης,
1624 959 1671 985 ἐπὶ
1685 959 1777 993 καμή-

986 1001 1032 1027 λου
1046 1001 1195 1036 ψωριώσης
1208 1003 1261 1028 ἀνὰ
1275 1002 1326 1038 τὴν
1343 1003 1420 1030 πόλιν
1438 1003 1613 1039 περιηνέχθη.
1636 1005 1692 1030 Καὶ
1707 1004 1775 1040 πρὸς

966 1044 968 1051 ’
988 1048 1037 1078 τὰς
1053 1048 1148 1079 πόλεις
1164 1049 1344 1084 Παλαιστίνης
1363 1049 1422 1082 ἰὼν,
1444 1050 1612 1082 ἐπισκόπους
1628 1051 1704 1084 σφίσι
1719 1059 1777 1085 χει-

989 1094 1106 1128 ροτονεῖν
1123 1093 1345 1128 κατηνάγκαζεν.
1367 1092 1418 1121 Ὧν
1431 1093 1470 1127 εἷς
1487 1093 1521 1130 ἦν
1537 1098 1584 1122 καὶ
1604 1097 1706 1131 Πέτρος
1718 1097 1732 1123 ὸ
1746 1096 1776 1128 ἐξ

987 1139 1109 1174 Ἰϐηρίας
1128 1141 1178 1176 τῆς
1196 1140 1318 1172 Γαζαίων
1332 1141 1446 1173 πόλεως,
1502 1142 1651 1177 Μοιῖουμᾶς
1678 1142 1775 1177 ὖνομα,

986 1187 1050 1217 τοὺς
1064 1186 1112 1221 τῆς
1126 1187 1280 1221 ἐπισκοπῆς
1297 1187 1395 1219 οἴακας
1411 1188 1567 1220 πιστευθείς
1581 1197 1588 1203 ·
1602 1188 1641 1220 ὡς
1657 1188 1701 1215 καί
1713 1197 1776 1215 τινα

986 1230 1149 1257 ’Δθανόισιον
1173 1231 1212 1266 τῷ
1239 1230 1294 1257 τῶν
1322 1231 1457 1258 διακόνων
1475 1233 1688 1267 κατειλεγμένον
1704 1232 1777 1267 χορῷ

989 1277 1264 1313 παῤῥησιασάμενον,
1289 1279 1318 1304 ὲν
1347 1278 1417 1313 μέσῃ
1442 1280 1475 1313 τῇ
1502 1279 1649 1314 ἐκκλησίᾳ,
1660 1279 1707 1305 τοῦ
1725 1279 1776 1314 τῆς

987 1323 1100 1358 ἀνομίας
1116 1323 1312 1358 βδελύγματος,
1329 1324 1358 1350 ὲν
1383 1323 1422 1358 τῷ
1449 1324 1594 1360 ἁγιωτάτῳ
1610 1325 1777 1359 ὲςεζομένου

988 1369 1086 1405 θρόνῳ,
1109 1369 1200 1404 φωνὴν
1218 1370 1339 1404 ἀφεῖναι,
1357 1380 1365 1396 ι
1390 1370 1508 1402 Παῦσαι,
1524 1370 1668 1405 λέγουσαν,
1683 1372 1776 1398 Θεοδό-

988 1424 1040 1447 σ.ε,
1058 1415 1107 1449 τῆς
1121 1415 1258 1449 τοσαύτης
1273 1415 1431 1450 μιαιφονίας
1443 1425 1450 1431 ·
1466 1415 1571 1443 παῦσαι
1592 1415 1711 1450 Χριστὸν
1727 1424 1775 1441 πο·

987 1461 1088 1497 λεμὼν,
1105 1462 1153 1488 καὶ
1180 1462 1212 1488 τί)
1236 1461 1319 1488 αὐτοῦ
1343 1463 1471 1497 ποίμνιον
1487 1463 1535 1497 τῆς
1552 1462 1628 1491 θείας
1654 1462 1776 1496 μάνδρας

987 1507 1143 1542 λῃστρικῶς
1159 1506 1322 1533 ἀπελαύνων
1334 1516 1341 1523 ⁸
1357 1509 1404 1534 καὶ
1430 1507 1533 1541 γνῶναι
1560 1507 1636 1542 μόλις
1653 1506 1777 1540 γενέσθω

989 1561 1030 1578 σοι
1047 1553 1077 1579 τὸ
1091 1553 1227 1588 ἡμέτερον
1243 1554 1338 1580 εὔνουν
1355 1554 1421 1588 περὶ
1433 1554 1479 1579 τὸν
1506 1553 1594 1588 ἀληθῆ
1618 1553 1665 1579 καὶ
1692 1553 1777 1585 ὅντως

988 1601 1118 1635 ποιμένα·
1138 1601 1241 1635 ἥκιστα
1257 1601 1312 1634 γὰρ
1325 1600 1457 1634 ἀλλοτρίῳ
1481 1599 1595 1626 ἕπεσθαι
1614 1599 1778 1635 μεμαθήκα-

989 1654 1051 1680 μεν,
1080 1647 1149 1681 μηδὲ
1178 1647 1257 1681 ξένης
1281 1646 1393 1673 ἀκούειν
1411 1647 1513 1681 φωνῆς.
1536 1655 1546 1671 ι
1564 1646 1658 1673 Ταῦτα
1680 1646 1776 1680 λέγων,

989 1693 1164 1728 ἀνάρπαστος
1178 1693 1270 1728 ἤγετο,
1284 1693 1336 1719 ὑπὸ
1355 1692 1411 1718 τῶν
1435 1693 1578 1719 Θεοδοσίου
1596 1693 1778 1720 ὑπασπιστῶν

988 1737 1041 1770 ἔξω
1058 1739 1220 1773 συρόμενος,
1236 1738 1285 1764 καὶ
1304 1738 1358 1764 πᾶν
1374 1734 1444 1768 εἶδος
1471 1738 1618 1773 παροινίας
1633 1739 1680 1765 καὶ
1694 1738 1779 1773 βασά-

990 1791 1036 1809 νου
1063 1783 1155 1818 φέρων
1179 1784 1224 1810 ora
1247 1783 1380 1818 Χριστόν.
1405 1784 1520 1815 Πολλαῖς
1546 1784 1574 1810 δὲ
1599 1784 1779 1818 καταξανθεὶς

991 1828 1112 1862 μάστιξι,
1128 1828 1204 1859 τέλος
1220 1829 1267 1855 καὶ
1285 1829 1411 1864 μαχαίρᾳ
1429 1829 1558 1856 καταλύει
1582 1830 1612 1857 τὸ
1630 1829 1690 1864 ζῇν.
1711 1830 1739 1857 '0
1755 1830 1778 1857 δ’

989 1874 1096 1901 ἐκείνου
1109 1873 1217 1908 νεκρὸς,
1235 1874 1268 1900 ὲκ
1284 1875 1364 1906 ποδὸς
1381 1874 1426 1901 διὰ
1445 1875 1536 1910 πάσης
1551 1876 1600 1910 τῆς
1618 1875 1723 1907 πόλεως
1737 1876 1780 1902 έλ-

990 1922 1111 1952 κυσθεὶς,
1127 1921 1204 1951 τέλος
1219 1921 1285 1947 κυσὶ
1309 1920 1378 1956 βορὰ
1396 1922 1564 1956 παρεδίδοτο.
1592 1922 1730 1956 Δωρόθεος
1755 1922 1779 1948 δ’

989 1967 1064 2001 ὀτὴν
1083 1967 1269 2000 Παλαιστίνην
1293 1967 1325 1992 ὲκ
1346 1967 1479 2000 βασιλέως
1505 1967 1617 1998 διέπων,
1634 1969 1697 2002 περί
1725 1976 1777 1994 που

989 2011 1037 2044 τὴν
1051 2010 1193 2037 Μωαϐῖτιν
1209 2010 1278 2044 προς
1301 2009 1460 2046 βαρϐάρους
1490 2011 1732 2046 ὲνασχο).ούμενος,
1744 2013 1779 2039 τὰ

990 2057 1060 2083 κατὰ
1073 2058 1123 2091 τὴν
1139 2056 1217 2082 πόλιν
1234 2057 1370 2091 γενόμενα
1385 2056 1522 2090 διαγνοὺς,
1539 2057 1602 2084 ὅσον
1619 2059 1702 2093 τάχος
1715 2059 1778 2093 ἣκει

990 2104 1038 2130 σὺν
1062 2104 1110 2130 οὐκ
1135 2103 1244 2136 ἀγεννεῖ
1263 2103 1302 2138 τῷ
1321 2103 1432 2138 στρατῷ
1458 2104 1602 2138 βοηθήσων
1617 2107 1672 2136 τοῖς
1688 2107 1779 2139 πράγ-

990 2158 1084 2184 μασιν.
1101 2148 1136 2176 Οἵ
1152 2157 1183 2182 γε
1207 2149 1261 2184 μὴν
1284 2149 1428 2176 Θεοδοσίου
1445 2150 1492 2176 καὶ
1510 2150 1642 2181 Εὐδοκίας
1658 2151 1779 2178 ὑπασπι-

990 2197 1051 2222 σταὶ
1071 2196 1120 2226 τὰς
1138 2195 1223 2230 θύρας
1238 2196 1335 2230 ἐκείνῳ
1351 2194 1584 2229 ἐπιζυγώσαντες,
1599 2196 1630 2222 οὐ
1645 2197 1778 2231 πρότερον

152 2244 295 2271 celeritate
308 2250 415 2269 summa
428 2249 490 2269 eum
504 2241 628 2269 exercitu
645 2241 707 2268 forti
723 2242 804 2269 rebus
816 2251 936 2277 praesen-

991 2241 1105 2274 ἀνῆκαν,
1118 2241 1171 2272 ἓως
1188 2237 1218 2266 οὗ
1234 2241 1314 2274 λόγον
1333 2241 1378 2266 καὶ
1405 2240 1469 2275 παρ’
1494 2240 1578 2266 αὑτοῦ
1601 2241 1699 2268 ἔλαϐον
1712 2262 1719 2274 ,
1741 2243 1779 2274 ὡς

153 2292 226 2318 tibus
245 2289 424 2317 consulturus
442 2288 571 2315 accurrit.
591 2287 727 2315 Creterum
747 2288 893 2316 Theodosii
910 2294 938 2316 et

152 2338 281 2365 Eudocia:
298 2336 442 2367 satellites,
460 2335 549 2369 portis
570 2335 684 2367 clausis,
702 2343 756 2362 tton
778 2335 855 2370 prius
873 2343 936 2374 eum

152 2383 301 2416 admisere,
320 2390 400 2417 qttattt
417 2382 458 2408 eis
474 2381 613 2416 pollicitus
628 2385 711 2413 esset,
726 2389 755 2408 se
773 2390 882 2416 quoque
903 2383 936 2410 ad

153 2435 243 2463 partes
257 2436 352 2456 eorutn
368 2427 554 2459 deiecturum,
569 2427 649 2454 sicuti
667 2427 862 2454 monachorum
879 2436 938 2454 om-

152 2477 227 2503 nium
246 2475 314 2502 ordo
328 2478 356 2501 et
370 2474 498 2501 universa
517 2473 637 2500 civitatis
653 2474 801 2500 multitudo
816 2473 936 2501 fecisset.

153 2521 190 2547 Ita
203 2528 311 2547 menses
325 2519 419 2554 viginti
434 2519 568 2547 exitiosus
581 2519 752 2547 Theodosius
766 2520 937 2555 tyrannidem

152 2567 179 2593 in
195 2567 259 2594 sedc
276 2566 523 2601 llierosolyntitaua
539 2565 673 2593 exercuit.
689 2565 776 2599 Quam
791 2574 847 2593 rem
863 2572 937 2601 βοει-

151 2621 235 2648 quant
254 2613 408 2640 Marcianus
425 2612 572 2643 intellexit,
589 2620 603 2639 a
622 2612 759 2639 Dorotltco
775 2612 818 2639 ille
834 2612 939 2647 ejectus

150 2663 212 2684 est:
229 2665 310 2692 quem
328 2657 350 2684 is
365 2665 464 2692 capere
480 2658 592 2692 quidctn
609 2658 660 2693 (sic
673 2658 746 2684 enim
764 2658 938 2693 imperatoris

151 2704 422 2739 prmcepcratjussio)
432 2709 608 2736 conatusest;
627 2704 674 2732 sed
687 2704 712 2731 id
726 2704 758 2731 ab
772 2712 804 2732 eo
815 2705 872 2732 fieri
883 2713 937 2732 non

151 2749 251 2784 potuit,
270 2755 414 2785 propterea
427 2751 500 2785 quod
520 2751 605 2785 pestis
618 2751 663 2777 illa
680 2750 706 2777 in
722 2749 842 2777 Simeum
857 2758 937 2777 mutt-

152 2802 205 2823 tern
232 2796 400 2831 profugerat.
428 2796 513 2829 Quam
538 2797 574 2823 ob
596 2804 706 2823 causam
736 2796 865 2830 plurimi.
890 2797 936 2830 qui

151 2843 275 2878 partibus
289 2843 350 2879 ejus
365 2843 500 2876 faverant,
513 2843 659 2870 tormentis
674 2843 777 2870 subditi
794 2848 869 2875 sunt,
884 2851 936 2870 non

152 2889 250 2923 plebeii
276 2893 381 2917 tantum
408 2890 550 2924 ltontincs,
575 2889 623 2917 sed
647 2889 730 2916 etiam
756 2889 802 2924 qui
828 2894 936 2924 propter

991 2287 1118 2318 κάκεῖνος
1136 2287 1186 2314 σὺν
1205 2286 1295 2318 αὐτοῖς
1318 2286 1361 2320 εἴη
1377 2287 1558 2313 ἀποστατῶν·
1574 2286 1669 2322 ὥσπερ
1684 2287 1716 2322 δὴ
1732 2289 1780 2314 καὶ

989 2332 1019 2358 τὸ
1037 2333 1183 2367 μοναχικον
1200 2332 1272 2359 ἁπαν
1293 2333 1340 2358 καὶ
1355 2332 1386 2358 τὺ
1409 2333 1460 2367 τῆς
1485 2332 1588 2364 πόλεως
1612 2333 1780 2368 διεπράξατο

989 2379 1103 2413 πλῆθος.
1122 2379 1184 2405 Ἐπὶ
1209 2379 1295 2404 εἴκοσι
1320 2378 1410 2404 τοίνυν
1427 2379 1510 2412 μησὶν
1528 2379 1541 2404 ὸ
1557 2377 1666 2413 λυμεὼν
1681 2379 1778 2405 Θεοδό-

990 2433 1046 2455 σιος
1056 2426 1100 2451 τὸν
1113 2425 1207 2460 θρόνον
1221 2425 1404 2459 τυραννήσας,
1419 2425 1581 2459 Μοιρκιανοῦ
1595 2425 1629 2451 τὰ
1645 2434 1773 2460 πεπραγ-

991 2473 1059 2507 μένα
1077 2471 1219 2506 μαθόντος,
1243 2471 1309 2505 πρὸς
1334 2471 1475 2505 Δωροθέου
1501 2470 1675 2503 ἐκϐάλλεται,
1691 2480 1778 2498 κατα-

991 2520 1064 2553 σχεῖν
1082 2518 1132 2553 μὲν
1149 2510 1326 2552 πειραθέιτος
1353 2518 1466 2543 ἐκεῖνον·
1485 2516 1557 2543 οὕτω
1580 2518 1634 2551 γὰρ
1659 2518 1688 2543 τὺ
1706 2519 1778 2544 θεῖον

989 2565 1097 2592 ἑκέλευε
1114 2564 1281 2599 πρόσταγμα
1293 2573 1300 2580 ·
1321 2564 1358 2599 μὴ
1381 2564 1542 2597 δυνηθέντος
1557 2572 1589 2597 γε
1605 2564 1669 2598 μὴν,
1683 2564 1721 2599 τῷ
1734 2565 1778 2590 τὸν

989 2612 1132 2646 ἀλιτήριον
1150 2611 1218 2646 πρὸς
1232 2611 1262 2636 τὸ
1280 2610 1388 2636 Σίναιον
1406 2611 1580 2644 ἀποδρᾶναι·
1597 2611 1631 2637 δι’
1649 2609 1687 2639 ὧν
1702 2613 1776 2638 πλεῖ-

991 2665 1048 2683 στοι
1071 2657 1125 2682 τῶν
1151 2656 1247 2691 ἐκείνῳ
1265 2656 1463 2690 συναραμένων
1481 2657 1588 2688 αἰκίαις
1605 2658 1776 2693 ὑπήχθησαν,

990 2703 1020 2729 οὺ
1040 2703 1121 2738 μόνον
1147 2702 1193 2728 τοῦ
1221 2702 1341 2734 λαώδους
1367 2702 1561 2737 πληρώματος,
1575 2703 1644 2730 ἀλλὰ
1659 2704 1705 2731 καὶ
1721 2705 1777 2730 τῶν

991 2749 1128 2784 μοιαδικῷ
1157 2749 1280 2784 σχήματι
1307 2749 1570 2783 κατατεταγμένων.
1605 2750 1726 2776 Ἑκείνου
1753 2751 1775 2777 δ’

989 2796 1111 2822 ἐκποδὼν
1137 2797 1293 2830 γεγονότος,
1320 2796 1496 2828 Ίουϐενὰλιος
1513 2795 1591 2828 αὖθις
1615 2798 1660 2823 τὸν
1681 2797 1776 2833 θρόνον

991 2841 1143 2869 κατέλαϐε⁸
1169 2844 1216 2869 καὶ
1243 2842 1348 2874 πάντες
1373 2843 1452 2874 ὅσους
1484 2844 1649 2878 χειροτονίας
1675 2845 1776 2877 ἠξίωσε

989 2888 1140 2922 Θεοδόσιος,
1153 2889 1275 2916 καθεῖλεν
1301 2889 1393 2921 εὐθύς.
1413 2889 1501 2916 Πολλὰ
1515 2891 1543 2917 δὲ
1563 2891 1610 2918 καὶ
1625 2892 1706 2927 ἕτερα
1722 2891 1776 2919 τῶν
