1908 3088
94 123 123 150 .‘l'i
558 128 862 162 ECCLESIASTIC/E
881 134 1075 165 HISTORL’E
1097 137 1167 167 LIB.
1192 139 1251 169 XV.
1684 143 1720 176 34

94 176 206 211 ἀνιαρῶν
222 177 261 211 τῷ
277 179 378 214 πλήθει
394 180 544 216 ἐπισυνέϐη
557 183 663 210 ἐκεῖθεν
679 184 756 212 ἔνοεν
772 188 866 221 προῖὁν

933 190 1055 217 habitum
1086 191 1112 218 in
1143 193 1340 220 monachorum
1366 194 1463 227 ordine
1493 196 1569 223 censi
1595 196 1713 226 fuerant.

94 231 149 253 των,
164 223 214 249 ὅσα
235 233 266 257 γε
286 226 299 251 ὁ
319 226 403 260 Θυμὺς
420 227 496 262 αὑτῷ
511 229 665 264 διηγόρευε,
678 230 725 256 τοῦ
743 231 878 266 βασκάνου

96 269 134 294 καὶ
148 268 299 304 Θεομισοῦς
317 271 446 307 δαίμονος
463 274 535 300 οὕτω
557 276 689 309 πράττειν
715 278 878 313 εἰσηγουμέ-

96 321 133 338 νου
147 314 207 344 ἑνὸς
221 315 391 350 γράμματος
409 318 542 353 ἐναλλαγῇ
554 327 560 334 ·
574 319 612 350 ὼς
625 320 724 352 ἐξεῖναι
739 322 771 356 τῇ
788 322 878 356 ἐκφω-

97 360 163 392 ιήσει
182 359 300 396 θατέρου
325 363 439 397 σύμπαν
455 364 570 398 ἐπάγειν
584 365 701 392 ἐνταῦθα
717 366 747 393 τὸ
764 367 857 402 ἕτερον
869 376 876 383 ·

95 405 134 431 ἐπὶ
149 405 241 438 ⁴ιόσον,
255 407 293 438 ὼς
309 409 358 434 καὶ
374 409 441 436 πολὺ
464 410 494 436 τὸ
513 410 703 446 παραλλάττον
718 412 878 447 νομίζεσθαι

95 451 161 484 παρὰ
174 453 234 483 τοῖς
251 453 370 485 πλείοσι,
384 455 431 481 καὶ
445 455 575 490 ἄντικρυς
591 457 641 488 τὰς
655 458 759 489 ἐννοίας
776 459 807 484 ἐκ
820 459 877 485 διας

96 496 186 530 μέτρου
215 498 363 532 φέρεσθαι,
381 500 418 530 ὡς
441 502 618 536 ἀναιρετικὰς
647 503 772 537 ἀλλήλων
796 505 876 531 καθε-

94 543 192 571 στάναι,
211 545 268 571 Καὶ
283 544 340 579 γὰρ
354 547 368 572 ὁ
380 546 426 572 τὸν
443 547 560 582 Χριστὸν
576 549 605 575 ἐν
620 549 666 575 δύο
679 550 794 583 φύσεσιν
812 553 877 586 ὀμο-

94 590 172 623 λογῶν
188 593 219 616 ἐκ
237 591 284 617 δύο
301 592 434 628 ἄντικρυς
449 594 536 628 λέγει,
549 595 629 630 εἴπερ
642 596 670 621 ἐν
696 596 804 632 θεότητι
829 599 876 624 καὶ

93 635 279 670 ἁνῦρωπὸτητι
308 639 502 672 συνομολογῶν
520 640 566 666 τὸν
591 641 720 675 Χριστὸν,
733 643 765 668 ὲκ
781 642 875 677 θεότη-

94 690 131 711 τος
155 683 200 708 x11
226 683 442 718 ἀνθρωπότητος
462 686 649 713 συντεθεῖσθαι
665 687 738 721 λέγει
751 695 759 703 ”
772 689 786 715 ὅ
798 697 828 715 τε
843 690 875 716 ὲκ

94 728 132 754 δύο
146 728 233 762 λέγων
252 730 304 764 τὴν
317 731 346 755 ὲν
362 730 409 756 δύο
425 731 535 763 πάντως
549 733 698 767 ὁμολογίαν
714 735 824 767 ἐπάγει,
837 737 875 762 εῖ-

94 783 139 809 περ
161 775 191 800 ἐκ
214 775 347 810 θεότητος
374 778 422 803 καὶ⁸
447 777 660 814 ἁνθρωπότητος
685 780 731 806 τὸν
754 781 875 815 Χριστὸν

94 818 179 852 λέγων,
195 821 224 845 ἐν
240 820 352 855 θεότητι
369 823 416 848 καὶ
442 823 632 858 ἀνθρωττότητι
650 825 778 859 ὁμολογεῖ
793 827 874 854 αὑτὸν

933 236 996 262 Post
1012 236 1161 264 Theodosii
1177 238 1280 273 fugam,
1293 240 1435 267 Iuvenalis
1450 240 1476 267 in
1492 241 1621 269 thronum
1637 251 1717 271 suum

932 281 1088 314 restitutus,
1109 283 1238 311 omnibus
1261 292 1331 318 qtios
1351 286 1396 312 ille
1419 285 1606 319 ordinaverat,
1626 288 1717 323 digni-

932 330 1015 353 tatem
1040 328 1131 355 statim
1153 329 1266 357 ademit.
1291 331 1374 358 Multa
1397 337 1529 366 pra-terea
1553 334 1604 360 alia
1629 335 1717 362 tristia

931 371 996 400 hinc
1019 377 1047 400 et
1067 373 1131 401 inde
1155 376 1346 409 provenientia
1374 377 1543 404 multitudini
1573 379 1718 411 accidere,

929 425 990 452 qua:
1006 419 1114 446 animus
1128 420 1165 452 ei,
1185 421 1278 448 invido
1294 429 1322 449 et
1341 422 1397 449 Deo
1413 423 1501 450 inviso
1517 425 1651 453 daemone.
1669 433 1719 460 per

930 464 1014 491 unins
1039 465 1139 492 litterae
1166 467 1358 498 mutationem,
1386 469 1529 502 suadente,
1553 473 1687 506 suggessit
1709 482 1715 499 :

929 509 967 536 ita
984 514 1014 537 ut
1030 511 1146 539 alterius
1167 512 1266 539 littera:
1288 514 1525 548 pronuntiatione,
1544 516 1618 543 aliud
1637 525 1717 551 pror-

928 563 976 583 sus
996 557 1129 585 inducere
1149 558 1257 585 liceret.
1272 560 1347 586 Adeo
1366 560 1460 591 etiam,
1476 565 1505 587 nt
1526 562 1609 589 multa
1627 571 1641 589 a
1657 564 1717 597 plu-

928 600 1005 627 ribus
1032 602 1149 629 mutatio
1173 603 1252 634 fieri,
1279 609 1307 631 et
1332 606 1469 632 sententia
1495 607 1521 633 in
1547 609 1714 636 contrariam

929 653 1042 680 prorsus
1063 651 1091 674 et
1109 655 1142 674 ex
1159 649 1295 676 diametro
1313 656 1511 685 repugnantem
1536 653 1715 688 signiﬁcatio—

927 699 990 718 nem
1009 692 1086 724 ferri.
1104 698 1132 720 et
1149 695 1263 722 alteram
1283 703 1333 730 per
1353 697 1464 724 alteram
1491 699 1547 725 tolli
1572 700 1714 728 exislima-

927 741 1013 764 retur.
1032 737 1098 764 Nam
1117 739 1256 766 Christum
1275 741 1314 773 ὲν,
1331 741 1383 768 hoc
1397 747 1440 769 est
1469 742 1495 769 in
1512 743 1618 771 duabus
1635 751 1715 772 natu-

928 782 969 809 ris
984 783 1030 816 qui
1052 784 1205 818 profitetur.
1231 787 1275 818 ἐκ,
1294 785 1347 813 hoc
1363 792 1454 814 estex
1479 788 1598 821 duabus,
1622 790 1688 817 dicit
1706 801 1713 818 :

927 827 1064 862 siquidem
1093 829 1158 856 dum
1192 830 1218 856 in
1240 831 1382 859 divinitate
1401 837 1429 859 et
1448 833 1619 862 humanitate
1636 835 1715 864 Chri—

93 867 259 900 ιαθεστάναι,
274 868 339 896 οὔτε
357 870 407 904 τῆς
426 870 524 903 σαρκὸς
547 871 587 902 εἰς
602 871 717 907 Θεότητα
736 874 866 908 μεταὸληι

925 878 999 901 stum
1016 874 1174 908 conﬁtetur,
1192 883 1225 902 ex
1248 876 1390 904 divinitate
1412 882 1440 905 et
1464 879 1633 908 humanitate
1651 883 1715 909 uni-

93 913 184 947 Θείτης,
202 914 262 940 οὔτ’
277 913 310 941 αὖ
329 916 379 950 τῆς
398 916 525 951 θεότητος
540 918 580 949 είς
593 918 683 953 σάρκα
695 920 871 954 χωρησάσης·

94 958 119 990 ἐξ
131 956 164 985 ὧν
182 960 198 994 ἡ
224 961 347 996 ἄρῤητος
367 961 473 994 Evam-1;,
490 963 527 994 ὡς
556 963 603 989 καὶ
619 963 663 990 διὰ
681 964 730 998 τῆς
756 965 790 991 ἐκ
817 965 872 993 δύο

92 1005 172 1039 φωνῆς
197 1006 322 1033 ἐνταῦθα
348 1008 467 1034 νοεῖσθαι
494 1008 658 1044 προσφόροις
675 1009 725 1044 τὴν
747 1010 782 1036 ἐν
802 1010 871 1042 δύο,

92 1051 129 1076 u‘.
144 1051 184 1077 διὰ
200 1053 251 1087 τῆς
279 1052 315 1079 ἐν
341 1053 398 1080 δύο
421 1054 470 1088 τὴν
496 1054 531 1081 ἐκ
545 1054 612 1086 δύο,
626 1054 673 1081 καὶ
688 1054 804 1090 θάτερον
823 1056 871 1082 τοῦ

92 1097 173 1131 ἑτέρου
201 1098 240 1133 μὴ
267 1099 514 1134 ἀπολιμπάνεσῦαι
529 1108 537 1116 ·
555 1101 622 1127 ὅπου
640 1109 672 1135 γε
689 1102 760 1128 κατὰ
777 1102 809 1129 τὸ
823 1111 872 1129 πε-

92 1143 198 1176 ριούσιον
211 1144 242 1169 οὐ
265 1144 351 1178 μόνον
369 1145 399 1170 τὸ
427 1145 487 1172 ὅλον
510 1146 542 1172 ὲκ
568 1146 670 1181 μερῶν,
693 1147 762 1174 ἀλλὰ
780 1149 826 1174 καὶ
841 1150 870 1174 ἐν

92 1188 174 1223 μέρεσι
190 1189 220 1215 τὸ
238 1189 303 1216 ὅλον
321 1191 496 1225 γνωρίζεται.
513 1193 569 1219 Καὶ
588 1193 663 1228 ὅμως
687 1195 811 1228 ἀλλήλων
824 1195 870 1222 οὖ-

92 1241 135 1262 τως
150 1234 361 1270 άπεσχοινίσοαι
375 1237 462 1264 ταῦτα
476 1239 635 1273 νομίζουσιν
652 1240 792 1275 ἄνθρωποι
803 1250 868 1268 συν-

92 1279 158 1313 ηθείᾳ
185 1281 240 1307 τινὶ
256 1281 327 1317 περὶ
344 1283 394 1317 τῆς
409 1283 455 1309 τοῦ
467 1283 535 1310 Θεοῦ
550 1285 631 1319 δόξης
641 1293 649 1301 υ
664 1286 680 1321 ἢ
696 1286 744 1312 καὶ
756 1287 786 1313 τὸ
797 1287 868 1314 οὕτω

92 1323 218 1357 βούλεσθαι
246 1327 479 1363 προειλημμένοι,
494 1330 542 1356 καὶ
562 1331 654 1365 πάσης
680 1331 752 1362 ἰδέας
777 1341 869 1368 παρα-

93 1374 201 1405 ςρονεῑν·
216 1373 233 1408 ἥ
250 1373 324 1408 πρὸς
346 1373 397 1409 τὴν
413 1374 459 1401 toﬁ
475 1375 553 1408 ὄντος
569 1377 639 1403 ἰέναι
657 1379 867 1411 συγκατάθεσιν.

92 1418 122 1444 Δι’
134 1418 199 1454 ᾰπερ
215 1420 244 1447 αι
263 1420 415 1455 εἰρημέναι
432 1429 477 1456 μοι
494 1422 641 1457 συγχύσεις
657 1424 792 1457 ἐγένοντο.
815 1426 870 1452 Καὶ

91 1465 117 1490 τὰ
135 1465 178 1497 μὲν
203 1466 293 1498 οὕτως
323 1466 352 1493 ἐν
378 1475 407 1494 τε
434 1468 624 1505 Ἀλεξανδρείᾳ
640 1470 687 1496 καὶ
703 1470 868 1508 Παλαιστίνῃ

93 1512 227 1540 σονέῦαινε.

926 924 982 946 tum
996 927 1056 948 esse
1073 921 1209 948 concedit.
1226 922 1259 949 Et
1274 923 1321 957 qui
1339 931 1373 951 ex
1389 924 1499 953 duabus
1514 926 1590 958 dicit,
1608 928 1714 962 profes-

923 966 1028 993 sionem
1050 970 1138 993 tamen
1162 967 1188 994 in
1219 968 1326 996 duabus
1349 970 1431 997 infert
1448 980 1455 997 :
1473 971 1494 999 si
1514 979 1547 999 ex
1569 972 1713 1002 divinitate

922 1016 950 1038 et
978 1011 1148 1039 humanitate
1175 1012 1316 1041 Christum
1342 1015 1447 1048 dicens,
1469 1016 1496 1043 in
1519 1017 1664 1047 divinitate
1685 1025 1714 1047 ct

923 1056 1095 1085 humanitate
1129 1059 1280 1086 consistere
1313 1060 1400 1094 ipsum
1435 1061 1590 1096 profitetur,
1621 1071 1712 1099 neque

922 1110 1004 1130 carne
1020 1104 1048 1130 in
1069 1103 1242 1132 divinitatem
1264 1111 1358 1138 eunte,
1374 1114 1463 1141 neque
1480 1115 1588 1135 rursum
1608 1109 1711 1137 divini-

923 1153 977 1176 tatc
993 1149 1020 1176 in
1034 1157 1144 1178 carnem
1166 1151 1319 1184 evadente;
1343 1152 1417 1180 unde
1435 1153 1582 1181 incll‘abilis
1601 1155 1646 1182 illa
1665 1163 1713 1183 ex~

922 1194 992 1221 stitit
1010 1195 1085 1228 unio,
1102 1201 1132 1224 ut
1143 1204 1190 1231 per
1205 1197 1386 1230 locutionem,
1403 1207 1434 1225 ea:
1450 1200 1562 1230 duabus.
1577 1201 1622 1228 hic
1636 1209 1712 1229 com-

921 1241 1001 1268 mode
1022 1241 1124 1269 locutio
1147 1243 1175 1269 in
1192 1243 1306 1276 duabus,
1324 1248 1352 1271 et
1376 1253 1434 1279 per,
1450 1247 1477 1272 in
1498 1247 1610 1280 duabus,
1626 1249 1710 1276 etiam

919 1295 951 1314 ea:
971 1288 1071 1315 duabus
1095 1289 1277 1324 intelligatur,
1294 1295 1323 1317 et
1348 1291 1464 1318 alterum
1489 1292 1523 1319 ab
1545 1294 1631 1320 altero
1653 1302 1710 1322 non

920 1333 1045 1366 differat;
1068 1334 1291 1370 quandoquidem
1314 1341 1341 1363 et
1361 1337 1437 1370 juxta
1459 1338 1646 1367 abundantem
1670 1341 1711 1368 lo-

920 1379 1021 1412 quendi
1047 1381 1182 1407 rationem
1207 1389 1262 1408 non
1286 1382 1374 1409 solum
1403 1387 1489 1410 totum
1515 1392 1547 1411 ex
1573 1386 1708 1420 partibus,

919 1425 966 1453 scd
989 1426 1071 1452 etiam
1098 1427 1125 1453 in
1143 1427 1267 1461 partibus
1283 1432 1370 1455 totum
1396 1430 1556 1464 percipitur.
1577 1432 1657 1467 602
1677 1433 1710 1460 Et

921 1476 1011 1498 tamen
1028 1476 1153 1505 separata
1169 1472 1227 1499 haec
1240 1473 1312 1499 inter
1329 1481 1358 1500 se
1379 1474 1418 1501 sic
1434 1482 1494 1502 esse
1510 1476 1635 1504 homines
1648 1477 1708 1512 opi-

921 1519 975 1545 nati
993 1523 1068 1549 sunt,
1083 1518 1199 1552 quadam
1211 1518 1245 1545 de
1258 1519 1312 1546 Deo
1328 1520 1466 1554 opinionis
1482 1522 1683 1550 consuetudine
1699 1531 1708 1551 :

92 1559 123 1586 vel
133 1561 200 1594 quod
215 1561 253 1589 ita
266 1561 456 1591 destinatione
471 1565 555 1591 animi
569 1565 718 1598 voluerint,
751 1569 781 1594 et
794 1566 910 1601 quodvis
947 1566 1037 1600 potius
1075 1566 1170 1593 mortis
1191 1573 1277 1601 genus
1292 1567 1396 1600 subire,
1411 1575 1492 1603 quam
1511 1569 1536 1596 ei
1553 1570 1626 1605 quod
1660 1579 1707 1598 ve-

91 1614 138 1633 rum
153 1613 204 1641 est,
243 1610 391 1638 assentiri.
418 1612 504 1644 Quam
530 1613 566 1640 ob
587 1621 709 1646 causam,
747 1621 807 1648 quae
827 1622 842 1642 a
867 1622 909 1641 me
930 1615 1008 1642 dicta:
1035 1618 1099 1641 sunt
1122 1613 1297 1642 t-cnfusiones
1318 1615 1458 1644 exstitere.
1482 1616 1545 1645 Haec
1571 1618 1611 1646 sic
1634 1619 1707 1654 apud

90 1651 274 1683 Alexandrinos
289 1661 322 1683 et
336 1657 409 1692 apud
424 1657 584 1686 Palaestinos
601 1658 738 1687 accidere.

379 1725 506 1754 ΚΕΦΑΛ.
536 1728 566 1754 l'.

91 1779 144 1818 Περὶ
156 1782 205 1808 τοῦ
216 1782 488 1816 ἐπεισφρήσαντος
502 1784 537 1811 ἐν
551 1783 616 1817 ταῖς
635 1784 719 1818 ἑῴοις
737 1785 796 1812 τῶν
810 1786 864 1812 πό-

115 1817 184 1853 λεων
192 1818 291 1853 .1:on
300 1818 421 1853 reidyoii
445 1819 493 1845 καὶ
508 1820 615 1853 λοιμοῦ
627 1829 634 1835 ·
655 1821 702 1846 καὶ
720 1821 759 1852 ὠς
774 1822 863 1847 αὺτο-

114 1849 202 1884 μάτως
249 1851 291 1887 τῆ
307 1852 348 1885 τῷ
359 1849 474 1880 ἐπιόντι
486 1853 546 1881 ἔτει
555 1849 653 1888 ἃνῆκε
667 1849 813 1888 καρπούς.

116 1909 192 1944 Πολλὴ
205 1910 233 1936 δέ
254 1919 299 1942 τις
317 1910 380 1937 κατ’
402 1911 491 1938 ἐκεῖνο
516 1911 614 1946 καιροῦ
643 1913 779 1948 ἀνομϐρία
803 1914 863 1948 ὲγὲ-

89 1962 144 1986 me,
159 1957 202 1982 καὶ
224 1956 308 1990 λιμδς
327 1956 397 1991 ὁμοῦ
416 1957 463 1983 καὶ
486 1957 580 1992 λοιμὸς
596 1958 624 1984 ἐν
638 1967 668 1985 τε
688 1960 794 1996 Φρυγίᾳ
811 1961 862 1986 Γα-

89 2001 151 2035 λατία
166 2011 194 2029 τε
210 2002 244 2030 αὖ
261 2006 313 2030 καὶ
329 2005 364 2038 τῇ
393 2004 587 2031 Καππαδοκῶν
599 2012 607 2019 ·
624 2006 671 2032 καὶ
687 2006 752 2042 ἄχρι
767 2007 799 2042 δὴ
816 2007 861 2034 καὶ

89 2046 193 2080 Κιλικίας
207 2050 296 2084 αὐτῆς
318 2050 479 2085 περιφανῶς
501 2051 656 2086 προεχώρει
674 2060 680 2067 ·
694 2052 731 2084 ὡς
744 2054 862 2088 συμϐαί-

88 2101 130 2119 νειν
144 2096 173 2130 τῇ
189 2095 281 2131 ἐνδείᾳ,
296 2096 355 2123 τῶν
373 2097 534 2131 ἀναγκαίων
549 2098 611 2129 τοὺς
633 2099 792 2134 περιοίκους
807 2100 861 2128 τῶν

88 2139 221 2173 εἰρημένων
249 2142 470 2178 ἀπηγορευμένῃ
499 2144 546 2169 καὶ
571 2143 681 2180 ὀλεθρία
709 2145 755 2171 καὶ
780 2146 861 2180 ἀήθει

88 2185 218 2218 χρήσασθαι
230 2188 262 2222 τῇ
276 2188 382 2222 τροφῇ,
397 2187 609 2214 ἐπιλελοιπότων
618 2188 675 2214 τῶν
689 2189 859 2222 ἀναγκαίων.

87 2231 158 2265 Λιμοῦ
168 2233 195 2259 δὲ
205 2233 339 2260 τοσούτου
351 2234 591 2268 ὲπιχωριάζοντος,
606 2236 637 2270 τῇ
655 2235 793 2270 μεταϐολῇ
808 2236 859 2270 τῆς

86 2274 171 2312 initi};
195 2279 309 2305 ἐνόσουν
339 2279 414 2314 μάλα
436 2279 460 2304 οἱ
478 2279 635 2313 ἄνθρωποι·
651 2280 789 2316 ὑπερϐολῇ
805 2281 860 2316 γὰρ

87 2322 222 2359 φλεγμονῆς
239 2325 413 2355 οἱδαῑνοντος
436 2325 511 2359 σφισι
529 2325 576 2351 τοῦ
600 2325 738 2361 σώματος,
751 2327 859 2361 πρῶτον

86 2368 124 2401 μὲν
135 2371 178 2401 τὰς
189 2371 267 2405 ὄψεις
286 2371 451 2405 ἐφθείροντο
465 2379 472 2386 ·
485 2369 536 2397 εἶτ’
549 2372 746 2407 ἐπιγινομένης
763 2372 857 2407 βηχὸς,

1230 1729 1344 1758 CAPUT
1359 1730 1394 1758 Χ.

917 1785 955 1812 De
967 1786 1038 1821 [ante
1053 1785 1133 1812 simul
1147 1791 1171 1812 et
1186 1791 1266 1822 peste,
1281 1795 1340 1822 qua:
1352 1788 1502 1816 ciuitatibus
1518 1788 1700 1820 Orientalibus

950 1823 1113 1861 incesserunt
1126 1826 1173 1861 :lel
1188 1826 1216 1848 ut
1229 1830 1277 1849 sua
1292 1828 1383 1861 sponte
1399 1828 1470 1850 terra
1488 1833 1559 1852 anno
1577 1832 1702 1861 sequente

950 1856 1039 1891 fruges
1054 1857 1206 1890 protulerit.
1306 1856 1310 1857 ν
1353 1859 1357 1865 ‘

951 1913 1059 1940 Eisdem
1086 1913 1256 1947 temporibus
1278 1913 1374 1949 ingens
1396 1915 1446 1941 fuit
1464 1915 1585 1949 siccitas,
1600 1916 1703 1945 fames-

914 1967 967 1995 que
986 1959 1067 1986 simul
1086 1964 1114 1986 et
1134 1960 1217 1994 pestis
1232 1961 1259 1987 in
1275 1960 1404 1996 Phrygia,
1435 1961 1539 1989 Galatia
1555 1968 1582 1990 et
1596 1963 1704 1998 Cappa-

914 2005 1015 2031 docia:
1037 2011 1097 2038 qum
1127 2004 1269 2032 calamitas
1298 2005 1380 2032 etiam
1407 2006 1438 2033 ad
1467 2006 1588 2034 Ciliciam
1615 2016 1704 2044 usque

913 2057 1056 2085 progressa
1081 2054 1134 2082 est,
1155 2054 1184 2077 ut
1205 2058 1300 2077 earum
1326 2058 1395 2086 quas
1416 2048 1535 2079 diximus
1560 2053 1702 2089 regionum

913 2096 1009 2124 incola:
1024 2096 1052 2122 in
1070 2103 1177 2123 summa
1202 2095 1317 2130 penuria
1333 2096 1366 2123 ad
1382 2104 1429 2125 eas
1445 2098 1585 2133 angustias
1606 2107 1704 2134 perve-

913 2142 1015 2174 nerint,
1035 2141 1117 2168 rebus
1139 2142 1306 2169 necessariis
1330 2142 1532 2176 deficientibus,
1552 2148 1581 2172 ut
1606 2146 1702 2180 prohi-

913 2187 986 2219 bitis,
1004 2187 1122 2214 insolitis
1145 2191 1173 2214 et
1195 2187 1321 2215 exitiosis
1338 2189 1476 2216 alimentis
1494 2194 1649 2221 uterentur.
1668 2192 1703 2220 Et

911 2232 983 2260 fame
1009 2237 1150 2268 tantopere
1175 2233 1372 2265 invalescente.
1392 2235 1530 2269 homines,
1546 2237 1635 2264 victus
1656 2246 1702 2265 ra-

913 2279 986 2306 tione
1010 2283 1125 2312 mutata,
1145 2280 1171 2307 in
1195 2281 1372 2315 aegritudines
1393 2282 1562 2309 inciderunt.
1577 2283 1700 2318 Corpora

912 2333 1031 2360 namque
1047 2331 1161 2360 propter
1185 2327 1316 2354 maximas
1332 2327 1572 2362 inﬂalmnationes,
1595 2333 1701 2357 tumore

911 2377 1056 2406 concepto,
1073 2373 1167 2400 oculos
1182 2373 1301 2407 primum
1318 2373 1501 2400 amittebant:
1518 2373 1617 2401 deinde
1633 2376 1701 2402 tussi

86 2417 182 2446 τριταῖοι
202 2418 248 2443 τὸν
264 2417 327 2451 βίον
354 2416 489 2452 ἀπῄεσαν.
523 2417 604 2443 Ἀλλὰ
621 2418 669 2444 τοῦ
697 2418 746 2453 μὲν
764 2418 859 2453 λοιμῦῦ

920 2418 1073 2451 recedente,
1092 2419 1136 2446 die
1155 2419 1240 2447 tertid
1261 2420 1461 2449 moriebantur.
1478 2419 1578 2448 Contra
1595 2428 1700 2456 pestem

85 2459 123 2485 οὐκ
132 2458 161 2495 ἦν
174 2471 213 2493 τις
227 2463 347 2498 βοήθεια
362 2462 481 2497 οὐδαμοῦ
494 2470 500 2477 ”
511 2464 570 2495 τοῖς
580 2472 611 2498 γε
624 2464 678 2499 μὴν
689 2464 736 2491 ὑπ’
750 2465 856 2492 ἐκείνου

85 2507 186 2540 navim;
209 2509 333 2544 πάμπαν
345 2509 571 2544 καταλειφθεῖσιν
589 2511 700 2546 ἀρωγὴν
715 2512 732 2545 ἡ
749 2510 857 2538 ’πάντων

63 2580 66 2584 ,
84 2551 180 2588 σώτειρα
207 2555 333 2590 Πρόνοια
354 2555 465 2589 δέδωκε,
479 2556 524 2582 τδν
540 2556 618 2590 λιμὸν
647 2556 854 2591 θεραπεύσασα.

84 2595 143 2624 Κατὰ
158 2600 206 2633 μὲν
230 2601 287 2636 γὰρ
309 2602 403 2627 ὲιεῖνο
424 2601 455 2626 τὺ
479 2601 538 2633 ἔτος
559 2599 580 2635 ᾧ
599 2601 637 2636 μὴ
654 2602 705 2636 ἔφυ
722 2601 755 2627 τὰ
772 2603 855 2637 σπέρ-

84 2650 146 2676 ματα,
163 2647 246 2682 ἀερίῳ
262 2648 356 2682 τροφῇ
374 2646 500 2681 ἔθρεψεν,
520 2645 615 2683 ὥσπερ
633 2648 699 2674 ποτὲ
728 2649 785 2679 τοῖς
804 2649 854 2674 πά-

83 2686 115 2714 h:
128 2691 308 2728 Ἰσραηλίταις
331 2693 475 2727 ίστιίρηται
487 2693 627 2728 πράξασα,
640 2694 654 2720 ὃ
666 2694 756 2728 μάννα
771 2703 853 2729 προσ-

84 2737 205 2771 ηγόρευται
230 2740 421 2775 ὲπιὸρέξσισαθ
443 2739 615 2774 αὐτομάτους
648 2739 676 2766 δὲ
697 2739 852 2774 τελεσιουρ-

84 2784 170 2817 Τήτασα
187 2787 250 2817 τοὺς
276 2786 406 2821 καρποὺς
431 2785 487 2811 ἔτει
512 2785 550 2820 τῷ
569 2786 638 2820 μετὰ
656 2785 748 2811 τοῦτο.
765 2785 804 2811 Τὰ
823 2786 851 2811 δὲ

83 2830 174 2859 τοιαῦτα
187 2833 259 2861 κακὰ
275 2834 330 2868 τήν
343 2841 373 2859 τε
394 2832 580 2859 [Ιαλαιστινῶν
593 2831 734 2867 ἐπέδραμε
749 2831 850 2867 χώραν,

910 2472 969 2491 eam
994 2465 1099 2492 nullum
1118 2473 1232 2500 usquam
1250 2466 1302 2492 fuit
1318 2466 1463 2493 auxilium.
1481 2466 1532 2499 Qui
1555 2472 1645 2494 autem
1666 2476 1699 2494 ex

909 2517 939 2537 ea
956 2510 1060 2544 perrari
1080 2511 1254 2545 superfuere,
1270 2512 1310 2539 eis
1325 2519 1405 2545 opem
1419 2511 1553 2538 servatrix
1574 2512 1698 2540 omnium

909 2557 1083 2584 Providentia
1099 2557 1201 2590 attulit,
1213 2562 1240 2585 et
1253 2558 1315 2585 fami
1330 2558 1469 2594 subvenit.
1485 2557 1522 2584 Eo
1535 2558 1608 2584 enim
1625 2565 1698 2585 anno

909 2612 964 2638 quo
989 2605 1081 2638 fruges
1105 2613 1159 2632 non
1184 2610 1379 2640 provenerunt,
1403 2605 1536 2632 alimento
1552 2606 1627 2632 aerio
1651 2613 1699 2632 eos

907 2648 986 2681 fovit,
1003 2649 1084 2677 sicuti
1100 2650 1165 2677 olim
1181 2650 1319 2677 veteribus
1334 2650 1466 2677 Israelitis
1480 2650 1579 2677 fecisse
1594 2657 1698 2677 memo-

909 2699 995 2727 ratur,
1017 2703 1116 2722 Inanna
1143 2696 1195 2722 illis
1220 2695 1301 2731 (quod
1328 2695 1440 2729 dicitur)
1464 2696 1572 2723 cmlilus
1595 2695 1696 2722 demit-

909 2748 980 2769 tcns.
1005 2742 1134 2769 Proximo
1155 2747 1246 2769 autem
1270 2749 1342 2768 anno
1365 2746 1395 2768 ut
1417 2742 1507 2776 fruges
1526 2750 1575 2769 sua
1598 2749 1696 2776 sponte

907 2794 1110 2820 excrescerent,
1126 2788 1227 2816 ell‘ccit.
1260 2788 1322 2815 lla-.e
1336 2788 1403 2814 mala
1422 2789 1593 2816 Palaestinam
1611 2788 1694 2814 etiam

906 2841 934 2863 et
949 2835 1082 2871 plurimus
1096 2835 1164 2863 alias
1180 2835 1306 2870 regiones
1324 2839 1511 2870 pervasernnt.
1530 2834 1563 2861 Et
1577 2833 1691 2861 calami-
