1908 3088
166 142 201 174 39
756 152 759 154 -
780 134 991 166 NICEPHORI
1011 135 1184 166 CALLISTI
1763 135 1798 167 Ιιί)

463 193 576 221 CAPUT
596 193 656 220 ΧΠ.

170 243 203 272 Ut
219 242 376 276 imperalria:
397 241 513 268 Eudocia
533 239 824 276 Bitia/ieriw_Augustw
836 239 876 276 sit
894 247 956 266 con-

201 274 296 305 ciliata
311 285 321 305 :
336 281 360 303 et
376 276 407 303 de
417 276 525 311 juniore
540 275 668 307 Eudocia,
685 274 813 301 Eudoxio:
827 274 900 308 ﬁlice.

203 367 327 395 Eudocia
351 366 475 401 Augusta
500 365 528 392 in
554 364 698 392 Palaestina
726 363 818 391 adhuc
842 365 956 398 degens,

168 415 203 441 de
221 413 282 441 tiliae
300 413 440 443 Eudoxiae,
457 411 605 446 maritique
619 415 647 438 et
663 411 816 437 liberorum
833 410 955 446 ejusdem

170 460 254 487 rebus
278 459 380 486 certior
408 458 490 489 facta.
520 457 554 484 ad
583 461 734 484 extremam
764 457 889 492 conjecta
914 461 958 484 est

170 503 255 531 animi
280 504 457 530 anxietatem.
481 502 600 530 Proinde
618 501 712 528 funem
732 509 858 533 omnem,
884 505 914 527 ut
929 501 956 527 in

169 550 319 584 proverbio
334 554 386 583 est,
405 556 529 581 movens,
546 555 595 583 per
612 547 752 575 Valerium
769 552 797 574 et
813 546 956 582 Olybrium

171 596 303 632 patricios
317 595 471 623 Pnlrherire
495 594 671 622 reconciliata
688 598 731 620 est
746 603 752 620 :
769 601 784 620 ιι
804 601 857 628 qua
875 593 956 620 etiam

171 645 260 680 petiit,
280 648 310 671 ut
325 644 366 670 eis
382 650 441 677 qua:
458 642 483 668 in
504 641 664 676 captivitate
679 645 783 672 essent,
805 647 885 674 opem
901 639 958 667 fer-

171 695 225 720 ret.
239 690 272 717 Et
286 697 347 717 cum
365 697 417 724 pax
436 688 507 715 inter
522 687 723 715 Gensericbum
740 691 768 713 et
786 685 957 713 Marcianum

172 738 243 764 facta
265 741 350 766 esset.
366 734 519 762 Eudoxiatn
535 733 725 760 Genserichus
754 737 782 759 et
796 731 957 763 Placidiam,

171 783 315 812 Puleheria
339 785 461 816 petente,
487 780 568 807 sicuti
594 779 661 812 dixi,
690 778 850 814 Byzantium
873 777 958 805 misit.

171 827 269 854 Junior
287 830 377 852 autem
395 824 517 851 Eurlocia
535 824 606 858 apud
623 823 753 850 maritum
772 822 958 850 llonorichum

1309 193 1434 220 ΚΕΦᾹΛ.
1453 192 1502 220 ΙΒ’.

1015 238 1065 275 ᾯς
1080 239 1098 272 ἡ
1114 239 1240 272 βασιλὶς
1269 239 1402 275 Εὺδοκία
1416 239 1454 275 ζῇ
1477 239 1615 272 βασιλίδι
1633 241 1800 273 Πουλχερίῃ

1045 274 1209 309 ἐσπείσατο
1219 281 1227 289 ο
1253 274 1303 300 καὶ
1318 275 1383 308 περὶ
1398 273 1453 308 τῆς
1473 275 1617 309 νεωτέρας
1634 275 1792 308 Εὺὸοκίας,

1047 308 1101 342 τῆς
1117 309 1265 343 θυγατρὸς
1276 309 1435 342 Εὑδοξίας.

1047 365 1162 392 Εὑδοκία
1178 366 1206 392 δὲ
1221 367 1237 400 ὴ
1263 366 1416 400 βασίλισσα,
1441 366 1475 393 τὰ
1493 367 1564 394 κατὰ
1587 367 1637 402 τὴν
1661 367 1801 403 Θυγατέρα

1013 410 1142 443 Εὑδοξίαν
1156 411 1202 438 καὶ
1222 412 1267 438 τὸν
1285 412 1403 445 σύζυγον
1426 413 1538 444 καὶτὰς
1562 413 1675 440 ἐκείνων
1701 414 1801 445 παῖδας

1011 457 1201 493 ἀναμαθοῦσα,
1214 459 1254 484 ἑτι
1273 460 1306 493 τῇ
1332 459 1501 494 Παλαιστίνῃ
1525 458 1743 494 ἐνδιατρίϐουσα,
1759 459 1800 490 είς

1012 505 1126 539 ἔσχατον
1148 504 1268 538 ἀθυμίας
1293 502 1361 540 ἦκε⁴
1382 506 1429 532 καὶ
1455 505 1545 531 πάντα
1571 505 1672 538 κάλων,
1697 505 1726 532 τὸ
1752 505 1801 532 τοῦ

1011 551 1108 584 λόγου,
1138 551 1291 585 κινήσασα,
1325 551 1470 577 σπένδεται
1504 551 1676 587 Πουλχερῐᾳ,
1712 551 1803 586 μέσων

1012 596 1166 630 γενομένων
1191 597 1359 632 Οὗαλλερίου
1386 597 1434 623 καὶ
1463 596 1607 631 Ὀλυὸρίου
1628 597 1684 623 τῶν
1704 605 1804 631 πατρι-

1013 642 1091 669 κίων.
1110 643 1190 677 ᾚτει
1204 643 1231 669 δὲ
1245 643 1341 676 βοηθὸν
1354 643 1402 669 καὶ
1416 644 1477 675 ταῖς
1491 644 1520 669 ὲν
1533 643 1708 678 αἰχμαλωσίᾳ
1727 642 1803 676 γενέ-

1013 689 1087 716 σθαι.
1102 689 1158 716 Καὶ
1180 689 1231 724 τῆς
1253 689 1366 725 εἰρήνης
1394 689 1574 724 ἀκμαζούσης
1598 689 1701 724 μεταξὺ
1723 688 1803 720 Γιζε-

1014 735 1091 770 ρίχου
1106 735 1154 762 χαὶ
1176 735 1352 770 Μαρκιανοῦ.
1372 735 1421 770 τὴν
1445 736 1494 770 μὲν
1510 735 1640 767 Εὺδοξίαν
1660 735 1708 762 καὶ
1728 735 1802 762 Πλα-

1013 781 1102 807 κιδίαν
1117 781 1269 816 αἰτησάσης
1296 781 1476 816 Πουλχερίας,
1493 782 1522 812 ἐς
1538 781 1696 812 Βυζάντιον,
1707 781 1803 814 ὥσπερ

1014 827 1092 860 ἑφην,
1110 827 1253 862 Γιζέριχος
1279 827 1422 862 ἔπεμπεν·
1447 828 1463 863 ὴ
1486 827 1513 854 δὲ
1537 827 1658 862 νεωτέρα
1687 826 1803 854 Eudoxio.

172 872 200 898 in
225 871 313 898 Africa
332 871 450 903 mansit,
473 877 535 896 cum
553 877 609 904 quo
633 869 754 896 sedecim
781 876 869 895 annos
884 869 961 898 vixit.

1018 873 1090 907 παρὰ
1117 873 1155 907 τῷ
1182 872 1260 908 ἀνδρὶ
1288 873 1427 908 Ὀνωρίχῳ
1443 871 1477 908 ἦν
1499 874 1570 900 κατὰ
1596 873 1646 908 τὴν
1665 873 1803 908 ’Δφρικὴν

171 918 317 952 eidemque
342 917 426 944 lilium
445 916 643 944 llulderichum
666 915 772 950 genuit.
794 915 878 942 Porro
895 922 957 942 cum

171 972 268 999 parum
283 968 361 999 grata
376 964 401 990 ei
423 967 496 990 esset
512 962 563 990 viri
580 961 752 996 coniunctio,
768 962 815 996 qui
831 961 960 988 Arianam

171 1009 350 1046 profitebatur
375 1009 550 1044 religionem,
576 1014 633 1036 arte
652 1015 751 1035 manus
776 1008 837 1042 ejus
854 1007 960 1042 elapsa.

171 1061 200 1083 et
214 1056 303 1083 aviam
317 1055 468 1082 Eudociam
489 1055 595 1082 imitata
607 1074 614 1086 ,
632 1054 666 1081 ad
693 1059 790 1081 sancta
815 1055 873 1081 loca
890 1061 960 1080 con-

172 1103 273 1132 ecssit.
288 1106 317 1128 et
341 1101 498 1135 sepulcrum
526 1101 600 1128 illius
620 1101 700 1136 longe
716 1105 778 1135 post
800 1099 960 1126 exosculata

170 1152 224 1176 est.
241 1148 293 1176 [ibi
316 1153 345 1175 et
358 1148 413 1183 ipsa
439 1156 493 1175 non
517 1148 565 1174 ditt
588 1147 676 1174 vixit:
694 1146 742 1174 sed
767 1153 864 1173 somno
880 1145 961 1173 beato

172 1195 273 1229 sopita,
296 1195 373 1229 juxta
395 1195 463 1221 aviae
487 1194 624 1221 tumulum
644 1193 671 1220 in
696 1192 829 1228 praeclaro
851 1196 878 1220 et
903 1193 963 1227 ipsa

173 1241 293 1275 reposita
315 1244 360 1268 est
375 1245 566 1268 monumento.
590 1239 730 1274 Quidquid
748 1242 840 1266 autem
859 1238 885 1266 ei
903 1243 963 1266 erat

172 1285 344 1317 facultatum,
364 1286 390 1313 id
408 1286 576 1321 pauperibus
590 1291 619 1313 et
635 1289 735 1314 sanctae
749 1285 854 1314 Christi
869 1292 962 1313 resur-

173 1332 290 1360 rectioni
305 1333 343 1368 (l)
359 1333 543 1360 consecravit.

417 1435 499 1470 606
514 1434 627 1463 CAPUT
647 1435 718 1463 Xlll.

176 1481 211 1512 υι
226 1482 412 1518 procuratione
426 1487 521 1518 nefarie
535 1481 694 1518 Pulcheriw.
715 1481 831 1509 Eudocia
842 1486 963 1518 sanctam

209 1516 345 1554 qam-titur
363 1516 532 1554 approbarit
542 1517 691 1554 synodttm,
720 1518 890 1554 persuasione
914 1516 964 1553 Sy-

210 1550 310 1581 ineonix
327 1551 431 1587 Stylila:
444 1552 498 1578 sive
513 1550 668 1579 Columella:
684 1557 708 1578 et
720 1550 814 1586 'magm‘
826 1550 962 1588 Eulliyniii

212 1589 330 1615 inducta.

211 1644 357 1672 Pulcheria
380 1644 502 1678 Augusta
530 1642 736 1677 quamprimum
761 1643 891 1670 Emlocire
921 1650 964 1670 re-

176 1691 322 1719 conciliata
347 1695 400 1721 est,
424 1689 522 1716 fratres
535 1694 562 1716 et
579 1689 649 1716 tilias
662 1689 723 1724 ejus
743 1688 850 1716 hortata
865 1694 917 1722 est,
934 1694 965 1716 ut

176 1737 288 1764 crebras
301 1736 334 1763 ad
348 1743 408 1763 eam
429 1735 527 1762 darent
541 1735 660 1766 litteras.
676 1742 732 1770 quo
752 1734 786 1762 ab
803 1735 964 1770 Eutychetis

176 1788 203 1810 et
219 1782 342 1809 Dioscori
360 1781 491 1816 opinione
509 1781 687 1813 descisceret,
704 1785 732 1808 et
747 1786 848 1808 sancta:
870 1781 966 1809 catho-

175 1828 236 1856 lica:
253 1827 380 1854 Ecclesiae
397 1827 618 1854 communionem
635 1827 861 1862 amplecteretur.
878 1827 965 1854 Litte«

177 1873 215 1900 ris
236 1873 372 1908 ejusmodi
398 1872 521 1900 Eudocia
543 1873 676 1907 acceptis.
691 1880 754 1900 cum
779 1873 861 1900 etiam
885 1873 964 1900 beata

176 1918 258 1946 Bassa
273 1926 381 1951 semper
393 1918 429 1950 ei,
446 1922 476 1945 ut
491 1918 588 1946 eadem
603 1926 696 1946 secum
712 1918 740 1946 in
755 1918 889 1953 religione
903 1926 965 1946 sen-

177 1966 259 1996 tiret,
277 1965 393 1992 moleSta
409 1970 501 1992 esset:
524 1969 651 1992 metuens
671 1965 734 1998 illa,
758 1973 793 1993 ne
814 1966 841 1993 id
862 1974 917 1993 non
932 1974 965 1993 ex

177 2010 315 2038 sententia
331 2009 377 2038 Dei
394 2010 510 2044 faceret,
527 2011 685 2038 faciendum
701 2011 753 2039 sibi
768 2019 830 2040 esse
847 2013 964 2047 putavit,

178 2061 208 2084 ut
226 2057 259 2084 de
275 2065 307 2084 ea
323 2064 353 2084 re
367 2057 400 2084 ad
419 2057 528 2085 divinos
544 2057 640 2085 Patres
656 2058 776 2085 referret
788 2084 794 2096 ,
814 2059 863 2093 qui
885 2067 914 2086 se
932 2059 965 2086 de

176 2110 242 2130 vero
258 2102 368 2137 pietatis
384 2102 459 2129 cultu
474 2107 552 2130 certo
573 2103 735 2130 edocerent.
751 2104 872 2132 Proinde
894 2105 966 2132 Ana-

176 2148 263 2176 stasio
289 2149 487 2183 chorepiscopo
502 2149 611 2182 accito,
641 2150 675 2176 ad
702 2154 826 2177 sanetum
853 2150 966 2186 Symeo-

1014 920 1150 954 μένουσα·
1170 920 1231 954 μεθ’
1251 916 1283 946 οῦ
1306 920 1455 946 ἑκκαίδεκα
1480 919 1527 954 ἔτη
1549 918 1728 950 διαῦιώσασα,
1755 918 1803 944 καὶ

1013 966 1093 992 παῖδα
1111 965 1141 998 ἐξ
1165 966 1268 992 ἐκείνου
1294 965 1452 1001 Ἦλδὲριχον
1474 964 1659 997 ἀποτεκοῦσα,
1685 964 1803 999 δυσαρεη·

1013 1011 1114 1037 στοῦσιι
1136 1011 1242 1046 τάνδρὶ,
1259 1011 1300 1037 ὅτι
1317 1011 1352 1037 τὰ
1371 1008 1520 1045 Ἀρειανῶν
1543 1010 1707 1046 ἐπρέσϐευε,
1719 1010 1802 1044 τέχνῃ

1011 1057 1062 1088 τὰς
1077 1059 1170 1092 χεῖρας
1184 1056 1290 1083 ἐκείνου
1307 1056 1491 1090 διαφυγοῦσα,
1512 1055 1562 1092 τὴν
1585 1054 1703 1090 μάμμην
1718 1055 1802 1082 E659-

1013 1104 1073 1130 κίαν
1088 1103 1278 1138 μιμησαμένη,
1289 1103 1356 1138 προς
1371 1103 1433 1134 τοὺς
1447 1103 1543 1138 ἁγίους
1556 1103 1605 1129 καὶ
1617 1101 1686 1138 αὺτὴ
1702 1101 1804 1131 τόπους

1013 1149 1133 1182 ἐγένετο,
1160 1149 1207 1176 καὶ
1233 1148 1279 1175 τὺν
1307 1147 1417 1183 ἐκείνης
1445 1148 1529 1182 τάφον
1551 1147 1690 1182 ἠσπάζετο
1712 1145 1803 1180 πολλῷ

1013 1195 1138 1231 ὕστερον.
1158 1195 1203 1222 Ἐν
1218 1191 1241 1229 ᾧ
1258 1196 1305 1221 καὶ
1320 1195 1388 1229 αὐτὴ
1404 1194 1448 1220 ἐπ’
1471 1194 1561 1228 ὀλίγον
1586 1193 1740 1226 διαϐιοῦσα,
1756 1193 1804 1219 τὴν

1015 1241 1151 1277 μακάριον
1182 1240 1305 1268 ὕπνωσεν
1336 1240 1432 1273 ῦπνον,
1461 1240 1537 1274 παρά
1562 1240 1609 1266 τὸν
1637 1239 1722 1273 τάφον
1752 1239 1803 1273 τῆς

1016 1287 1135 1322 μάμμης
1149 1287 1319 1322 περιφανοῦς
1336 1287 1457 1321 τυχοῦσα
1483 1286 1583 1321 ταφῆς.
1600 1286 1670 1312 Ὅσα
1694 1286 1718 1312 δ’
1733 1286 1803 1321 αὐτῇ

1014 1332 1270 1367 προσῆσαν,πένησι
1291 1331 1338 1358 καὶ
1354 1333 1388 1366 τῇ
1408 1331 1474 1367 ἁγίᾳ
1487 1331 1534 1358 τοῦ
1548 1330 1668 1366 Χριστοῦ
1681 1330 1803 1365 ἀφιέρω-

1015 1386 1061 1404 σεν
1076 1378 1235 1405 ἀναστάσει.

1314 1436 1438 1464 ΚΕΦΑΛ.
1457 1436 1506 1463 ll".

1021 1484 1070 1517 Ὠς
1095 1482 1213 1518 μεθόδῳ
1242 1482 1427 1516 Πουλχερίας
1450 1481 1469 1514 ἡ
1487 1480 1616 1518 ageam
1632 1479 1700 1518 ,τὴν
1715 1479 1806 1518 ἁγίαν

1052 1514 1202 1552 ἑείάρτηινέ
1226 1514 1402 1550 προσήὶιατο
1429 1515 1565 1543 σύνοδον
1580 1536 1587 1547 ,
1622 1514 1806 1548 ὁδηγηθεῖσα

1051 1555 1111 1582 ὑπὸ
1128 1552 1252 1585 Συμεὼν
1280 1552 1332 1579 τοῦ
1360 1552 1506 1578 Στυλίτου
1535 1551 1584 1578 καὶ
1605 1551 1656 1578 τοῦ
1669 1549 1805 1585 μεγάλου

1051 1562 1111 1582 uno
1128 1562 1220 1587 Δυμεο

1051 1589 1220 1623 Εὑθυμίου.

1051 1645 1203 1680 ιῐουλχερία
1228 1644 1257 1671 δὲ
1283 1645 1300 1679 ἡ
1330 1643 1448 1678 βασιλὶῖ,
1475 1643 1537 1678 ἄρτι
1569 1642 1741 1677 σπεισαμένη
1770 1644 1806 1678 τῇ

1016 1691 1144 1726 Εὺδοκίᾳ,
1174 1691 1230 1722 τοῖς
1259 1697 1289 1716 τε
1318 1690 1444 1724 ἀδελφοῖς
1472 1688 1580 1724 ἐκείνης
1609 1689 1731 1715 ὑπετίθει
1758 1690 1807 1715 καὶ

1015 1737 1168 1773 θυγατράσι
1195 1737 1390 1772 συνεχέστερον
1412 1735 1568 1770 γράμματα
1584 1736 1708 1771 πέμπειν
1723 1736 1806 1772 αὐτῇ,

1015 1783 1085 1810 ὥστε
1098 1784 1149 1818 τῆς
1166 1784 1214 1818 μὲν
1232 1782 1369 1817 Εὐτυχοῦς
1384 1783 1430 1808 καὶ
1445 1782 1592 1817 Διοσκόρου
1605 1781 1686 1816 δόξης
1702 1782 1807 1809 πείθειν

1016 1829 1194 1864 ἀφίστασθαι,
1219 1831 1252 1865 τῇ
1277 1830 1306 1856 δὲ
1334 1829 1400 1863 ἁγίᾳ
1428 1831 1473 1855 καὶ
1496 1829 1626 1865 καθολιχῇ
1658 1829 1808 1864 Ἐκκλησία,

1016 1878 1155 1905 κοινωνεῖν
1181 1878 1339 1912 αἱρείσυαι·
1362 1876 1380 1903 ὃ.
1394 1876 1460 1910 δῆτα
1486 1875 1619 1911 δεχομένη
1638 1877 1653 1912 ἡ
1680 1876 1807 1909 Εὺδοκια,

1017 1925 1128 1959 καὶτῆς
1155 1924 1295 1959 μακαρίας
1312 1923 1421 1958 Βάσσης
1438 1923 1473 1949 τὰ
1490 1923 1534 1949 ἴσα
1560 1925 1671 1957 φρονεῖν
1686 1924 1731 1950 ἀεὶ
1747 1925 1808 1951 ἔνου

1016 1973 1144 2008 χλούτης,
1171 1971 1283 1998 δείσασα
1312 1971 1350 2006 μὴ
1379 1971 1410 1996 οὺ
1441 1971 1512 1998 κατὰ
1546 1973 1660 2006 γνώμην
1688 1972 1807 2007 πράττοι

1016 2019 1094 2051 Θεοῦ,
1112 2019 1167 2045 δεῖν
1182 2018 1270 2044 ἐδόκει
1284 2018 1319 2044 τὰ
1334 2017 1381 2043 τοῦ
1400 2018 1504 2044 σκοποῦ
1527 2019 1583 2048 τοῖς
1599 2018 1739 2053 θεοφόροις
1751 2019 1808 2046 τῶν

1017 2065 1147 2100 Πατέρων
1171 2063 1366 2097 κοινώσασθαι,
1383 2064 1431 2091 καὶ
1458 2064 1525 2100 παρ’
1539 2065 1651 2092 ἐκείνων
1673 2066 1703 2092 τὸ
1725 2075 1809 2101 προσ-

1016 2111 1082 2147 ῆκον
1096 2110 1178 2142 σέϐας
1191 2110 1449 2145 ἁπακριὸώσασοαι.
1463 2111 1519 2137 Καὶ
1531 2111 1563 2146 δὴ
1578 2111 1623 2138 τὸν
1636 2113 1809 2146 χωρεπὶσκοο

1017 2166 1067 2184 πον
1084 2157 1260 2184 Ἀναστάσιον
1278 2157 1527 2192 μεταστειλαμένη,
1543 2158 1581 2192 τῷ
1596 2158 1667 2193 ἁγίῳ
1682 2159 1808 2193 Συμεῶνι

176 2202 240 2222 nem
254 2194 378 2229 Slylitem
398 2202 446 2229 per
463 2194 539 2222 illum
561 2194 690 2228 scripsit,
708 2195 754 2230 qui
778 2201 834 2223 tum
854 2197 961 2224 virtuti-

1018 2203 1057 2240 τῷ
1072 2204 1187 2240 Στυλίτῃ
1203 2204 1364 2236 ἀπέστελλε,
1382 2204 1532 2239 τηνικαῦτα
1545 2205 1595 2240 τὴν
1612 2205 1729 2241 ὑφήλιον
1746 2209 1808 2238 ταῖς

176 2241 229 2268 bus
243 2241 300 2267 suis
315 2240 410 2267 orbem
427 2240 592 2268 illustrabat.
609 2241 649 2268 Ad
664 2249 726 2268 eum
740 2241 842 2269 litteris
854 2250 964 2277 quoque

178 2293 260 2312 manu
282 2293 330 2312 sua
349 2286 525 2320 conscriptis,
541 2287 739 2314 conscientiam
761 2295 838 2315 suam
859 2289 966 2316 revela-

178 2331 216 2358 vit
231 2339 238 2358 :
255 2331 460 2365 complexuram
483 2339 512 2359 se
537 2339 608 2364 esse,
624 2332 696 2367 quod
715 2333 761 2360 ille
786 2333 966 2367 decrevisset,

177 2377 310 2412 pollicita.
333 2377 451 2405 Sanctus
474 2383 565 2405 autem
587 2379 630 2406 vir
647 2379 693 2406 ille
719 2380 752 2406 ad
777 2387 837 2407 eam
859 2380 886 2407 in
907 2381 966 2408 lucc

178 2424 260 2450 verba
273 2424 434 2457 rescripsit:
452 2423 552 2456 «Scito,
564 2423 659 2454 ﬁliola,
669 2425 742 2460 quod
757 2425 896 2460 diabolus,
911 2428 967 2454 vir-

179 2474 267 2496 tutum
295 2473 405 2496 tuarum
428 2469 540 2496 divitias
562 2478 699 2503 cernens,
727 2475 753 2498 te
777 2473 908 2507 expetivit
936 2479 965 2500 ut

177 2515 312 2542 cribraret
326 2515 408 2543 sicuti
427 2515 560 2543 triticum.
577 2515 611 2543 Et
626 2517 759 2545 exitiosus
774 2518 822 2545 ille
837 2518 965 2546 Theodo-

178 2560 248 2593 sius,
266 2568 312 2588 ras
332 2565 360 2587 et
380 2561 596 2588 instrumentum
617 2562 681 2589 mali
699 2563 774 2590 illius
791 2563 897 2597 factus,
916 2565 964 2593 Dei

178 2607 280 2634 amanti
302 2607 400 2635 anima:
415 2612 468 2635 tuae
483 2608 610 2636 tenebras
631 2609 747 2643 oll'udit,
765 2618 881 2646 eamque
896 2620 963 2640 con-

177 2651 310 2679 turbavit.
330 2652 383 2680 Sed
398 2653 517 2680 conﬁde.
530 2654 589 2681 Non
603 2655 677 2682 enim
697 2655 805 2683 deliciet
822 2657 890 2684 ﬁdes
906 2663 963 2685 tua.

176 2697 233 2732 Ego
248 2698 360 2733 quidem
378 2699 445 2726 illud
461 2699 540 2728 valde
558 2701 710 2729 admiratus
722 2709 794 2734 sum,
809 2705 882 2738 quod
901 2712 961 2731 eum

178 2744 281 2771 l'ontem
301 2744 373 2778 apud
390 2745 506 2780 tcipsam
523 2746 656 2779 haberes,
679 2755 800 2784 eumque
818 2749 961 2784 ignorans,

176 2788 285 2824 longius
305 2797 404 2824 aquam
425 2791 607 2819 hauriendam
624 2797 743 2827 peteres.
768 2793 860 2822 Habes
878 2795 961 2830 igitur

1017 2249 1130 2283 ἀρεταῖς
1157 2248 1352 2283 δᾳδουχοῦντι·
1380 2245 1402 2282 ᾧ
1422 2249 1469 2274 καὶ
1497 2249 1531 2275 τὰ
1555 2249 1603 2284 τῆς
1629 2250 1809 2285 συνειδήσεως

1016 2293 1187 2329 οἱκειοχείρῳ
1203 2294 1352 2329 γράμματι
1374 2294 1506 2326 ἀνετίθει,
1526 2295 1652 2330 στέργειν
1671 2295 1686 2322 ὃ
1704 2297 1808 2329 ἐκεῖνος

1016 2339 1148 2374 ὲγκρίνοι.
1171 2339 1200 2365 Ὀ
1216 2339 1244 2365 δὲ
1259 2339 1332 2370 ὅσιος
1348 2340 1496 2375 γράμματι
1512 2340 1590 2372 αὖθις
1605 2341 1711 2375 ἐδήλου,
1722 2342 1809 2368 ταῦτα

1018 2385 1089 2412 κατὰ
1115 2385 1188 2418 λέξιν
1208 2386 1367 2417 ἐπιστείλας
1390 2387 1460 2422 αὐτῇ
1474 2395 1481 2402 ·
1507 2396 1516 2412 ι
1546 2387 1678 2419 Γίνωσκε,
1700 2388 1806 2419 τέκνον,

1017 2432 1058 2458 ὅτι
1074 2432 1088 2457 ὁ
1103 2431 1225 2463 διὰῦολος
1249 2432 1320 2467 ὀρῶν
1338 2432 1383 2458 τὸν
1408 2432 1524 2459 πλοῦτον
1537 2433 1591 2458 τῶν
1610 2434 1664 2459 σῶν
1687 2434 1806 2468 ἀρετῶν,

1018 2477 1170 2512 stigmam
1185 2485 1213 2503 σε
1230 2479 1352 2504 σινιάσαι
1368 2479 1405 2509 ὡς
1421 2478 1467 2505 τὸν
1482 2480 1555 2505 σῖτον
1566 2485 1573 2493 ⁸
1591 2480 1638 2505 καὶ
1662 2480 1676 2505 ό
1698 2479 1808 2514 λυμεὼν

1017 2524 1121 2554 ἐκεῖνος
1138 2523 1288 2556 ϋεοδόσιος,
1304 2525 1407 2558 δοχεῖον
1431 2525 1478 2550 καὶ
1495 2525 1612 2559 ὕργανον
1624 2525 1670 2551 τοῦ
1688 2527 1808 2561 πονηροῦ

1017 2569 1148 2604 γεγονὼς,
1163 2569 1212 2604 τὴν
1235 2570 1347 2604 Θεοφιλῆ
1371 2579 1418 2596 σου
1444 2569 1534 2604 ψυχὴν
1556 2571 1681 2606 ἑζὸςρωσὲ
1705 2581 1733 2599 τε
1760 2574 1808 2599 καὶ

1017 2616 1209 2650 συνετάραξεν.
1230 2616 1311 2642 Ἀλλὰ
1339 2615 1456 2651 θάρτει·
1473 2616 1502 2642 οὐ
1531 2616 1585 2652 γὰρ
1613 2619 1735 2645 ἐκλείπει
1759 2628 1806 2646 σου

1016 2660 1032 2695 ὴ
1058 2661 1161 2693 πίστις.
1184 2661 1255 2695 Ἐγὼ
1281 2662 1309 2688 δὲ
1336 2661 1415 2688 τοῦτο
1430 2662 1488 2690 λίαν
1504 2663 1682 2699 τεῡαύμακα,
1698 2665 1738 2691 ὅτι
1757 2665 1806 2700 τὴν

1015 2707 1107 2742 πηγὴν
1123 2707 1224 2742 ἔχουσα
1245 2708 1292 2734 καὶ
1307 2708 1413 2743 ταύτην
1432 2710 1577 2743 ἀγνοοῦσα,
1595 2711 1734 2746 μακρόθεν
1758 2712 1805 2737 τοῦ

1016 2751 1110 2783 ὓδατος
1134 2753 1265 2787 ἀντλῆσαι
1296 2753 1483 2786 turre-56161;.
1516 2756 1608 2791 Ἔχεις
1641 2756 1731 2782 τοίνυν
1759 2756 1806 2784 τὸν

1015 2799 1146 2833 Οεοφὸρον
1178 2799 1336 2834 Εὑθύμιονο
1352 2800 1420 2827 ἕπου
1450 2802 1541 2828 τοίνυν
1567 2803 1628 2834 ταῖς
1654 2802 1737 2830 α.ὑωῦ
1764 2802 1806 2830 δι·-

211 2871 250 2907 (l)
266 2871 294 2899 In
310 2871 388 2908 cujus
400 2873 531 2902 honorem
545 2875 675 2911 templum
697 2877 890 2913 Hierosolymis
913 2883 1101 2907 constructum
1123 2880 1223 2909 fuerat.
1236 2882 1334 2917 Evagr.
1352 2882 1400 2910 lib.
1413 2890 1442 2916 ιι,
1453 2891 1513 2918 cap.
1528 2883 1556 2911 5.
