1908 3088
168 161 202 193 87
779 165 990 196 NICEPHORI
1010 168 1181 199 CALLISTI
1765 169 1800 202 88

169 219 324 254 ceperimus
338 219 470 255 injuriam
486 228 499 246 a
518 220 726 256 religiosissime
736 224 962 256 magmeAlcxan-

1015 227 1030 260 ἡ
1047 226 1075 252 ὲν
1094 225 1206 261 Χριστῷ
1236 226 1329 256 πίστις
1357 225 1404 252 καὶ
1421 226 1503 261 ἡμεῖς
1530 225 1708 259 πεπόνθαμεν
1722 225 1799 259 παρὰ

169 264 255 291 drinze
278 264 355 292 urbis
382 266 512 300 episcopo
536 266 677 297 Diosooro.
702 267 735 293 ad
761 267 890 302 pietatem
902 277 959 297 ,.vc-

169 315 253 337 stram
283 311 468 346 confugimus.
493 316 522 338 ut
545 312 590 346 jus
608 317 733 340 nostrum
754 321 958 348 consequamur

169 362 306 390 petentes.
334 357 386 385 [les
401 359 465 385 'tota
488 358 514 384 in
533 359 585 386 hoc
606 359 658 386 sita
673 364 716 386 est
735 360 783 393 (Ι).
802 361 829 387 lu
845 369 877 388 ea
897 369 959 395 que

171 403 292 437 proxime
315 404 341 430 in
372 404 516 438 metropoli
546 404 729 439 Ephesiorum
755 406 889 434 celebrata
917 412 960 434 cst

170 450 274 484 synodo
287 449 404 482 (utinam
420 454 511 477 autem
526 451 663 477 celebrata
679 459 733 477 non
747 457 832 482 esset,
847 460 898 479 nec
911 461 957 479 or-

171 495 211 522 bis
231 499 366 523 terrarum
392 497 510 523 tumultu
526 502 554 523 et
567 497 645 524 malis
662 498 753 525 multis
779 498 958 532 replerctur),

171 541 261 568 bonus
281 542 438 575 Dioscorus,
454 543 529 569 nulla
543 543 668 577 justitias,
685 544 759 571 nulla
789 544 895 571 timoris
912 544 959 571 Dei

173 589 266 615 habita
294 589 410 621 ratione,
428 589 502 624 quod
525 589 620 617 eadem
647 598 709 618 cum
733 598 837 624 vesano
850 595 876 618 et
902 591 958 617 lue-

170 635 256 662 reticn
275 635 425 670 Eutychetc
443 636 604 669 opinaretur
616 636 782 670 etseutirel,
803 637 896 664 multis
914 637 959 664 illo

170 680 280 715 quidem
303 686 359 708 tum
385 682 504 716 ignotus,
519 681 568 709 sed
586 686 680 716 postea
700 683 821 717 seipsum
847 682 960 710 manife-

171 727 254 754 stavit
272 732 299 754 et
317 727 449 762 prodidit.
465 728 699 763 opportunitatem
715 734 813 756 nactus
838 736 887 764 per
916 729 958 755 in.

172 773 294 800 stitutam
322 780 338 800 a
354 780 397 800 me
412 773 545 801 adversus
565 773 703 808 opinionis
715 778 772 802 suae
799 775 958 809 popularem

173 819 352 854 Eutychetem
368 820 581 850 accusationem.
596 825 624 848 et
650 821 849 856 promulgatam
866 828 959 848 contra

172 871 236 891 eum
255 872 270 891 a
285 869 385 891 sancta:
402 865 540 891 memoriae
564 865 693 892 Flaviano
705 866 834 900 episcopo
849 871 959 893 senten-

175 911 252 942 tiam,
265 910 440 938 multitudine
457 911 678 938 turbulentorum
701 911 960 946 dissolutorumque

176 956 316 984 hominum
333 961 483 988 contracta,
500 961 526 983 et
536 961 669 990 potestate
685 957 798 991 pecunia
819 957 870 983 sibi
887 965 962 983 com-

175 1008 278 1039 parata.
295 1003 366 1038 piam
388 1003 602 1030 orthodoxorum
625 1008 754 1038 recteque
771 1003 960 1034 sentientium.

174 1054 310 1084 quantum
323 1049 350 1076 in
366 1057 399 1077 eo
417 1050 485 1081 luit,
503 1049 663 1084 religionem
681 1049 775 1076 afﬂixit
787 1069 794 1080 ,
808 1054 837 1076 et
850 1057 961 1083 pravam

177 1095 335 1131 Eutychetis
359 1095 483 1122 monachi
509 1095 666 1129 opinionem
691 1096 881 1127 continuavit,
901 1103 962 1130 quae

172 1142 228 1176 jam
244 1141 306 1168 inde
319 1141 353 1168 ab
365 1141 445 1178 initio
469 1149 484 1168 a
507 1141 611 1168 sanctis
629 1141 755 1168 Patrihus
768 1146 810 1168 est
830 1141 962 1168 condem-

176 1192 250 1214 nata.
265 1186 380 1219 Quando
404 1187 487 1221 igitur
506 1194 559 1213 nou
585 1194 666 1220 parva
683 1190 758 1218 sunt,
775 1194 834 1220 qme
853 1187 897 1220 ille
915 1187 962 1212 atl-

177 1241 273 1260 versns
289 1233 368 1259 [idem
388 1232 414 1259 in
432 1232 572 1258 Christum
597 1237 625 1258 et
647 1239 696 1259 uos
720 1232 864 1266 designare
879 1240 963 1259 ausus

177 1283 230 1311 est,
257 1279 289 1306 ad
302 1278 510 1312 amplitudinem
527 1284 642 1305 vestram
671 1279 865 1312 provolvintur,
883 1279 964 1306 obse-

177 1329 296 1354 crantes.
313 1328 342 1351 ut
364 1323 516 1358 amplitudo
530 1328 621 1350 vestra
642 1324 785 1351 sanctione
805 1331 854 1351 sua
872 1325 962 1359 ipsum

177 1369 412 1405 religiosissimum
437 1369 597 1396 Dioscorum
618 1377 728 1397 causam
744 1370 836 1397 dicere
860 1370 894 1397 de
909 1370 964 1397 cri-

178 1416 298 1443 minibus
315 1416 366 1443 sibi
382 1424 397 1443 a
415 1416 493 1443 nobis
505 1416 621 1451 objectis
640 1416 735 1451 jubeat
748 1437 756 1448 .
774 1423 882 1444 necnon
905 1424 964 1444 tuo-

178 1467 310 1490 numenta
332 1467 360 1490 et
375 1466 434 1489 aeta
456 1466 552 1489 contra
570 1470 621 1489 nos
635 1462 669 1489 ab
685 1470 719 1489 eo
730 1462 802 1489 edita
820 1463 846 1489 in
869 1467 963 1490 sancta

179 1510 285 1545 synodo
308 1510 362 1545 legi
388 1509 511 1540 mandet.
533 1516 582 1543 per
600 1516 659 1543 quae
674 1508 789 1541 probare.
806 1515 962 1543 possumus,

1012 271 1159 306 Δεοσκόρου
1182 270 1229 297 τοῦ
1257 270 1460 297 εὐλαϐεστάτου
1487 270 1640 297 ἐπισκόπου
1658 270 1799 303 τῆςἋλε-

1013 317 1149 350 ξινόρέων
1183 316 1417 351 μεγαλοπόλεως,
1448 316 1585 350 πρόσιμεν
1612 317 1645 350 τῇ
1679 315 1801 349 ὑμετέρᾳ

1012 363 1139 398 εὐσεϐείᾳ
1156 362 1210 388 τῶν
1231 362 1344 389 δικαίων
1359 362 1500 394 ἀξιοῦντες
1523 362 1626 396 τυχεῖν.
1646 361 1687 387 Τὰ.
1709 361 1737 387 δὲ
1752 360 1800 386 τοῦ

1014 409 1179 443 πράγματος
1194 409 1224 435 ὲν
1241 408 1358 439 τούτοις.
1380 408 1443 434 Ἐπὶ
1456 408 1505 442 τῆς
1519 407 1633 442 ἔναγχος
1650 407 1800 442 γενομένης

1013 455 1123 481 συνόδου
1141 455 1169 480 ὲν
1184 455 1218 488 τῇ
1241 453 1376 488 Ἐφεσίων
1394 454 1563 488 μητροπόλει
1589 454 1634 489 (ἢν
1648 454 1744 486 ὄφελός
1767 462 1799 486 γε

1010 498 1044 535 ἦν
1060 501 1097 534 μὴ
1111 499 1259 533 γενέσθαι,
1277 500 1321 526 ἵνα
1349 499 1387 535 μὴ
1413 500 1506 526 κακῶν
1528 500 1576 526 καὶ
1600 500 1723 534 ταραχῆς
1749 500 1800 533 τὴν

1011 545 1177 579 οἰκουμένην
1204 545 1365 579 ἐμπλήσῃὶ,
1382 544 1396 569 ό
1417 544 1534 578 χρηστὸς
1559 544 1706 578 Διόσκορος
1734 550 1791 577 παρ

1010 591 1089 617 οὐδὲν
1114 591 1227 625 θέμενος
1247 591 1292 616 τὸν
1315 589 1362 617 τοῦ
1382 590 1488 616 δικαίου
1513 589 1594 623 λόγου
1613 590 1666 622 aut
1691 590 1737 616 τδν
1752 587 1800 613 τοῦ

1011 636 1079 663 Θεοῦ
1101 635 1196 670 φόϐον,
1221 635 1351 671 ὀμόδοξος
1373 635 1411 662 ὣν
1433 635 1482 662 καὶ
1508 635 1638 670 ὀμόφρων
1662 635 1800 670 Εὑτυχοῦς

1010 682 1058 708 τοῦ
1075 682 1275 716 ματαιόφρονος
1289 681 1336 708 καὶ
1354 681 1496 716 αἱρετικοῦ
1510 689 1517 696 ·
1534 680 1674 707 λανθάνων
1691 681 1719 708 δὲ
1735 681 1800 713 τοὺς

1011 727 1140 759 πολλοὺς,
1159 728 1211 754 κᾶν
1224 727 1253 758 ἐς
1270 727 1384 761 ὕστερον
1399 726 1496 753 ἑαυτὸν
1511 725 1697 761 ἐφανέρωσεν,
1711 726 1800 761 εὑρὼν

1012 775 1122 809 καιρὸν,
1142 775 1190 808 τὴν
1211 773 1400 808 γεγενημένην
1413 773 1478 806 παρ’
1492 773 1560 808 ἐμοῦ
1578 773 1650 798 κατὰ
1663 771 1801 806 Εὑτυχιῦς

1011 822 1057 848 τοῦ
1074 821 1203 856 ὁμοδόξου
1219 821 1302 847 αὐτοῦ
1319 821 1502 856 κατηγορίαν,
1520 820 1568 846 καὶ
1590 819 1640 854 τὴν
1655 819 1698 846 ἐπ’
1724 819 1800 853 αὐτῷ

1011 867 1199 901 ἐξενεχθεῖσιν
1224 867 1315 901 ψῆφον
1341 866 1416 900 παρὰ
1443 865 1490 891 τοῦ
1511 865 1561 899 τῆς
1590 865 1667 896 ὁσίας
1695 864 1800 900 λήξ-ως

1011 913 1164 940 mamma
1188 913 1354 942 ἐπισκόπου,
1372 911 1476 946 πλῆθος
1491 912 1617 938 ἀτάκτων
1632 911 1721 946 ὄχλων
1739 919 1801 936 συν-

1012 959 1136 993 αγαγὼν,
1159 959 1207 985 καὶ
1231 958 1393 984 δυναστείαν
1414 957 1503 991 ἑαυτῷ
1520 957 1564 983 διὰ
1589 957 1738 991 χρημάτων
1753 964 1801 982 πο-

1014 1006 1171 1041 ρισάμενος,
1191 1004 1241 1039 τὴν
1263 1004 1365 1039 εὗσεὸἧ
1383 1003 1534 1038 θρησκείαν
1561 1002 1614 1029 τῶν
1639 1001 1801 1036 ὀρθοδόξίυν,

1013 1050 1043 1076 τό
1071 1059 1102 1084 γε
1116 1047 1184 1085 ἧκον
1209 1050 1238 1081 ὲς
1264 1049 1364 1081 αὐτὸν,
1391 1049 1546 1083 ἐλυμήνατο
1559 1055 1567 1063 ο
1586 1048 1634 1074 καὶ
1649 1047 1699 1082 τὴν
1718 1055 1801 1073 κακο-

1014 1098 1106 1130 δοξίαν
1125 1097 1264 1132 Εὐτυχοῦς
1282 1096 1331 1123 τοῦ
1358 1096 1532 1131 μονάζοντος,
1557 1095 1618 1130 ἥτις
1635 1094 1740 1121 ἄνωθεν
1753 1094 1802 1119 καὶ

1014 1144 1043 1176 ἐξ
1056 1143 1144 1177 ἀρχῆς
1161 1143 1238 1177 παρὰ
1265 1143 1319 1169 τῶν
1346 1142 1434 1176 ἁγίων
1462 1141 1592 1175 Πατέρων
1608 1139 1800 1174 ἀπεκηρὺχθη,

1014 1190 1189 1215 ὲῦεσαίωσιν.
1212 1189 1292 1214 Ἐπεὶ
1314 1187 1361 1214 οὖν
1389 1189 1420 1213 οὺ
1438 1187 1526 1222 μικρὰ
1550 1186 1584 1212 τὰ
1607 1185 1800 1220 τετολμημένα

1014 1236 1088 1271 αὐτῷ
1103 1234 1173 1261 κατά
1194 1243 1224 1260 τε
1239 1236 1288 1270 τῆς
1307 1235 1348 1264 ei;
1379 1233 1499 1268 Χριστὸν
1521 1232 1641 1263 πίστεως
1666 1232 1714 1258 καὶ
1740 1231 1802 1257 >ίαο’

1014 1281 1118 1316 ἡμῶν,
1149 1281 1269 1314 δεόμεθα
1298 1280 1346 1307 καὶ
1371 1278 1584 1314 προσπίπτομεν
1608 1278 1647 1313 τῷ
1675 1278 1802 1312 δμτέρῳ

1015 1328 1113 1363 κράτει
1126 1348 1133 1360 ,
1159 1327 1289 1354 Θεσπίπαι
1308 1327 1355 1354 τὸν
1372 1325 1456 1352 αὑτὸν
1476 1325 1677 1352 εὐλαϐέστατον
1690 1323 1802 1349 Διόσκο-

1017 1383 1062 1409 ρον
1093 1373 1319 1408 ἀπολογήσασθαι
1339 1373 1395 1403 τοῖς
1413 1371 1479 1406 παρ’
1496 1371 1576 1406 ἡμῶν
1600 1370 1674 1404 αὐτῷ
1702 1370 1802 1401 ἐπαγο-

1017 1421 1119 1456 μένοιςθ
1136 1420 1236 1456 δηλαδὴ
1251 1419 1305 1446 τῶν
1321 1419 1386 1454 παρ’
1399 1417 1485 1445 αὑτοῦ
1497 1417 1559 1444 καθ’
1576 1417 1655 1452 ἡμῶν
1678 1417 1801 1450 ὑπομνη-

1017 1467 1111 1501 μάτων
1123 1465 1387 1499 ἀναγινωσκομένων
1401 1463 1453 1490 ὐπδ
1468 1463 1518 1498 τῆς
1539 1462 1620 1496 ἁγίας
1633 1461 1753 1492 συνόδου,
1767 1461 1801 1486 δι’

1014 1510 1051 1540 ὧν
1080 1510 1221 1546 δυνάμεθα
1244 1510 1387 1542 ἀποδεῖξαι
1405 1510 1487 1536 αὑτὸν
1513 1509 1561 1535 καὶ
1586 1507 1728 1542 ἀλλότριον
1751 1506 1801 1540 τῆς

180 1557 257 1584 illttm
273 1557 352 1590 longe
365 1556 399 1583 ab
411 1555 562 1583 orthodoxa
573 1560 600 1582 et
611 1559 683 1583 recta
697 1555 749 1581 [ide
760 1555 878 1582 alienum
890 1563 962 1587 esse,

1015 1557 1155 1592 ὀρθοδόξου
1178 1556 1306 1588 πίστεως,
1324 1556 1373 1582 καὶ
1389 1555 1496 1590 αἰρεσιν
1510 1554 1639 1585 ἀσεϐείας
1654 1553 1803 1587 πεπληρω-

179 1607 208 1629 et
234 1601 360 1628 lia-resin:
381 1601 528 1635 impietatis
544 1600 651 1634 plenam
663 1599 851 1631 conﬁrmasse,
867 1599 963 1626 nobis-

180 1656 234 1683 que
246 1648 340 1682 iuique
357 1647 518 1682 dignitatem
535 1646 689 1677 ademisse.
705 1649 733 1672 et
759 1653 869 1680 gravem
892 1645 963 1679 inju-

181 1695 248 1722 riatn
265 1693 390 1721 intulisse
403 1702 410 1721 :
431 1697 461 1720 ut.
474 1692 575 1720 divinis
590 1691 810 1726 venerandisque
830 1691 965 1718 mandatis

180 1742 279 1768 vestris
306 1742 339 1768 ad
364 1745 486 1768 sanctam
516 1744 544 1766 et
567 1738 750 1766 uniuersalem
778 1738 963 1772 plissimorum

180 1787 372 1822 episcoporum
387 1786 521 1821 synodum
534 1785 616 1816 datis,
634 1784 668 1811 ab
690 1784 757 1817 ipsis
778 1783 811 1810 de
830 1788 922 1811 nostra
937 1789 965 1810 et

182 1831 302 1858 Diusnori
324 1839 406 1858 causa
425 1831 590 1864 inquiratur,
609 1834 636 1856 et
661 1828 782 1856 actiones
811 1837 906 1856 omnes
931 1830 963 1856 ad

181 1877 292 1912 pietatis
307 1883 405 1904 vestra
430 1875 613 1910 cognitionem
624 1894 632 1906 ,
649 1879 677 1901 et
695 1874 857 1901 immortalis
880 1875 965 1901 subli-

182 1924 285 1951 mitatis
293 1927 389 1951 vestra:
406 1921 550 1950 arbitrium
567 1921 734 1948 referantur.
755 1921 843 1955 Atque
860 1921 912 1948 hoc
925 1923 965 1948 sic

183 1971 479 2001 consecutimrationes
491 1973 635 2003 perpetuas
648 1968 681 1994 ad
697 1968 791 1999 Deum,
804 1976 852 2002 pro
862 1973 965 1994 aeterno

184 2023 276 2045 vestro
290 2016 417 2050 imperio,
432 2015 546 2050 piissimi
563 2014 710 2050 principes,
723 2014 837 2041 fundere
853 2021 907 2040 non
923 2014 965 2040 iu-

182 2064 378 2091 termittcmus.
395 2071 404 2088 ι

216 2111 300 2147 638
316 2109 408 2144 Itaque
426 2109 558 2136 Dioscoro
578 2107 655 2143 juxta
671 2112 698 2134 ct
728 2107 846 2134 Eusebio
866 2107 902 2134 ita
919 2114 965 2141 pe-

182 2161 268 2190 tente,
291 2161 351 2184 aeta
372 2155 489 2190 Ephesia
505 2154 534 2182 in
551 2153 673 2180 medium
694 2153 826 2188 producta
841 2158 869 2180 et
896 2153 964 2180 lecta

181 2207 255 2232 sunt.
275 2203 312 2237 Ex
325 2201 426 2237 quibus
439 2201 562 2228 constitit
579 2200 719 2235 epistolam
734 2199 833 2226 Leonis
855 2198 964 2233 publice

182 2251 280 2278 lectam
299 2256 353 2276 non
368 2255 429 2275 esse
444 2257 451 2274 :
467 2254 529 2274 cum
546 2246 668 2281 quidem,
686 2250 715 2272 ut
731 2246 756 2272 id
773 2246 860 2277 licret,
886 2244 964 2271 multi

181 2296 266 2324 semel
279 2301 361 2330 atque
374 2295 472 2321 iterum
487 2294 679 2328 postulassent.
694 2292 840 2318 Dioscorus
855 2298 964 2318 causam

182 2340 243 2375 ejus
262 2339 299 2366 rei
315 2339 407 2366 dicere
423 2339 526 2372 jussus,
547 2337 632 2364 semel
649 2342 732 2371 atque
757 2337 856 2363 ilertuu
878 2343 917 2368 se,
938 2341 967 2362 ot

182 2385 210 2412 id
242 2385 329 2416 fieret,
355 2383 516 2419 praecepisse
530 2383 620 2409 dixit:
645 2387 782 2416 testesque
807 2381 965 2409 Iuvenalem

183 2433 433 2468 Hierosolymorum
449 2435 476 2457 et
492 2429 664 2457 Thalassium
685 2429 816 2456 Caesarem
829 2429 967 2464 primariae

183 2479 260 2506 urbis
276 2477 469 2512 Cappadocum
484 2476 628 2511 episcopos
650 2475 779 2506 laudavit.
802 2475 849 2510 qui
874 2481 966 2501 secum

184 2523 288 2560 synodo
299 2524 323 2550 ei
336 2522 517 2557 praefuissent.
528 2521 667 2548 Iuvenalis
678 2528 706 2547 se
721 2527 827 2546 sacrum
843 2520 880 2551 id,
893 2519 967 2554 quod

182 2570 287 2606 synodo
306 2569 426 2604 praeiret,
444 2567 576 2600 scriptum
592 2567 645 2601 legi
660 2567 773 2602 jussisse
789 2571 966 2599 testatusest,

185 2621 280 2650 postea
299 2620 390 2642 autem
414 2613 552 2641 neminem
568 2613 628 2648 ejus
644 2612 811 2638 mentionem
831 2612 966 2640 intulisse.

185 2662 343 2689 Thalassius
372 2665 463 2686 autem
480 2659 619 2694 professus
633 2663 674 2684 est
690 2665 731 2688 se.
749 2662 778 2683 ut
793 2657 818 2684 id
833 2658 968 2692 legeretur

184 2715 238 2734 non
251 2705 401 2737 obstitisse;
411 2704 458 2731 sed
474 2711 563 2738 neque
576 2703 738 2730 tantumsihi
748 2702 928 2734 auctoritatis,
939 2707 968 2729 ut

184 2753 259 2781 solus
272 2752 329 2786 ipse
346 2751 396 2785 legi
413 2750 438 2776 id
449 2750 568 2785 juberet,
585 2756 740 2784 usurpasse.
757 2750 825 2775 (tum
843 2754 967 2775 actorum

186 2799 266 2826 lectio
280 2798 497 2827 continuaretur,
511 2795 631 2830 episcopi
658 2794 768 2829 quidam
790 2802 869 2821 voccs
885 2802 968 2829 quas-

222 2887 261 2923 (l)
275 2887 362 2923 Supra
378 2886 426 2913 lib.
442 2894 498 2917 xtv,
511 2893 571 2922 cap.
582 2887 624 2913 Η.

1017 1606 1102 1640 μένην
1125 1602 1312 1638 κρατύναντα,
1333 1602 1380 1628 καὶ
1406 1601 1507 1632 ἀδίκως
1536 1601 1611 1635 ἡμᾶς
1640 1599 1802 1629 καθελόντα,

1015 1651 1062 1677 καὶ
1084 1652 1118 1676 τὶ
1149 1649 1226 1675 δεινὰ
1254 1648 1327 1684 ἡμᾶς
1355 1647 1617 1681 κατειργασμένον·
1646 1645 1728 1672 Θείων
1753 1644 1802 1670 καὶ

1016 1706 1035 1722 π
1039 1704 1172 1731 ροσκυνου
1177 1697 1266 1730 μένων
1288 1695 1302 1721 ὑ
1307 1694 1364 1730 μῶν
1386 1694 1529 1729 μανδάτων
1545 1701 1650 1719 καταπε
1654 1700 1709 1726 μπο
1713 1691 1803 1726 μένων

1016 1745 1047 1777 τῇ
1063 1744 1131 1778 ἀγα
1156 1745 1203 1768 καὶ
1226 1742 1408 1776 οίκουμενικῇ
1428 1739 1533 1775 συνόδῳ
1556 1739 1611 1765 τῶν
1627 1737 1803 1772 Θεοφιλιστα-

1015 1799 1070 1816 των
1095 1789 1264 1820 ἐπισκόπων,
1281 1789 1327 1823 ἐφ’
1342 1785 1363 1822 ᾧ
1379 1795 1410 1814 τε
1425 1786 1505 1822 ἡμῶν
1525 1785 1572 1812 καὶ
1595 1784 1643 1811 τοῦ
1671 1792 1801 1820 προειρη-

1018 1837 1099 1871 μένου
1123 1837 1273 1871 Διοσκὸρου
1285 1834 1406 1866 δοκοῦσι,
1423 1833 1471 1860 καὶ
1482 1832 1641 1866 ἀνενεγκεῖν
1655 1831 1684 1862 ἐς
1699 1830 1802 1865 γνῶσιν

1016 1883 1065 1918 τῆς
1079 1883 1216 1917 ὑμετέρας
1231 1881 1373 1912 εὐσεὸείας
1386 1880 1476 1907 πάντα
1489 1879 1523 1906 τὰ
1541 1877 1720 1913 πραττόμενα
1733 1876 1803 1911 πρὸς

1016 1929 1046 1956 τὸ
1071 1928 1276 1963 παριστάμενον
1297 1929 1330 1962 τῇ
1356 1928 1483 1960 ἀῠανάτῳ
1509 1925 1588 1960 ὑμῶν
1607 1924 1727 1959 κορυφῇ.
1748 1923 1803 1949 Καὶ

1016 1976 1113 2002 τούτου
1131 1974 1270 2008 τυχόντες,
1293 1973 1484 2002 ἀδιαλείπτους
1504 1972 1587 2005 εὐχὰς
1603 1969 1803 2004 ἁναπὲμψομεν

1017 2021 1086 2054 ὑπὲρ
1112 2020 1158 2045 τοῦ
1183 2019 1293 2045 αἰωνίου
1317 2019 1395 2051 ὑμῶν
1412 2018 1550 2052 κράτους,
1568 2016 1702 2043 θειότατοι
1728 2015 1804 2050 βασι-

1016 2066 1081 2096 λεῖς.
1103 2074 1112 2091 ν

1052 2110 1152 2145 Κοινῆς
1169 2110 1259 2136 τοίνυν
1275 2108 1462 2144 γεγενημένης
1477 2107 1597 2143 δεήσεως
1612 2107 1668 2134 ἀπό
1682 2115 1712 2133 τι
1724 2108 1802 2133 Διοσ-

1017 2156 1099 2190 κόρου
1128 2156 1176 2182 καὶ
1201 2155 1345 2187 Εὐσεδίου,
1369 2154 1404 2181 τὰ
1432 2155 1460 2179 ὲν
1490 2154 1595 2188 Ἐφέσῳ
1620 2152 1804 2187 πεπραγμένα

1017 2202 1055 2233 εἰς
1070 2202 1151 2237 μέσον
1173 2202 1271 2236 ’ἤγοντο
1299 2201 1347 2228 καὶ
1371 2199 1595 2234 ἀνεγινώσκοντο.
1614 2199 1668 2225 Καί
1687 2206 1720 2232 γε
1734 2197 1804 2224 ἐδεί-

1018 2256 1101 2275 κνυτο
1126 2248 1163 2283 μὴ
1185 2247 1429 2283 παῤῥησιασθῆναι
1443 2247 1493 2282 τὴν
1509 2245 1626 2276 Λέοντος
1642 2244 1803 2278 ἐπιστολὴν,

1017 2295 1108 2321 καίτοι
1124 2302 1155 2327 γε
1173 2293 1278 2320 πολλῶν
1295 2292 1548 2328 προσκαλουμένων
1564 2290 1649 2324 αὐτὴν
1666 2290 1714 2316 καὶ
1729 2287 1806 2321 ἅπαξ

1018 2341 1064 2367 καὶ
1075 2341 1124 2369 δίς.
1135 2339 1163 2366 '0
1176 2339 1204 2366 δὲ
1213 2340 1356 2373 Διόσκορος
1374 2338 1423 2372 τὴν
1439 2337 1528 2364 αἰτίαν
1538 2335 1712 2370 ἅπαιτηθεὶς,
1728 2335 1806 2369 είρη-

1017 2393 1049 2411 κε
1068 2385 1113 2410 καὶ
1133 2385 1206 2417 ἅπαξ
1235 2385 1282 2410 καὶ
1307 2383 1348 2414 δὶς
1370 2383 1530 2416 διολαλῆσαι
1558 2380 1638 2407 τοῦτο
1661 2379 1804 2413 γενέσθαι.

1018 2431 1153 2465 Μάρτυρά
1185 2438 1214 2456 τε
1239 2429 1330 2456 ἐκάλει
1345 2429 1389 2455 τόν
1417 2436 1447 2454 τε
1462 2426 1639 2454 Ὶιιυὸενὰλιον
1657 2426 1705 2451 τὸν
1722 2424 1805 2458 Ἰερο-

1019 2477 1145 2510 σολύμων
1167 2476 1328 2506 ἐπίσκοπον,
1362 2474 1410 2500 καὶ
1434 2473 1585 2500 Θαλάσσιον
1614 2473 1664 2506 τῆς
1692 2469 1805 2505 πρώτης

1017 2522 1072 2549 τῶν
1087 2522 1275 2549 Καππαδοκῶν
1296 2519 1473 2554 Καισαρείας·
1494 2519 1530 2553 μὴ
1545 2519 1598 2553 γὰρ
1622 2517 1705 2544 αὐτὸν
1722 2517 1802 2551 μόνον

1018 2567 1067 2601 τῆς
1100 2567 1225 2598 συνόδου,
1248 2566 1317 2592 ἀλλὰ
1341 2566 1387 2591 καὶ
1413 2563 1525 2594 τούτους
1550 2563 1754 2589 καταυϐεντεῖν.
1772 2562 1803 2587 Ὀ

1021 2613 1070 2648 μὲν
1087 2613 1273 2643 Ὶουϐενάλιος,
1287 2611 1332 2638 καὶ
1354 2610 1368 2636 ὂ
1392 2610 1462 2636 θεῖον
1477 2611 1656 2644 προηγήσατο
1673 2608 1803 2643 γράμμα,

1018 2658 1133 2685 διελάλει
1157 2659 1309 2691 ἀναγνωσει
1329 2657 1459 2690 δοθῆναι,
1480 2656 1580 2690 μηδένα
1603 2655 1625 2682 δ’
1643 2656 1670 2686 ἐς
1690 2649 1803 2688 ὕστερον

1019 2704 1068 2738 τῆς
1086 2703 1230 2738 ἐπιστολῆς
1248 2704 1278 2729 δν
1293 2702 1371 2738 μνείᾳ
1390 2702 1528 2735 γενέσθαιο
1542 2701 1694 2731 Θαὶάσσιος
1710 2700 1733 2726 δ’
1747 2701 1800 2736 ἔφη

1021 2751 1058 2784 μὴ
1089 2750 1212 2776 κωλῦσαι
1235 2749 1337 2783 ταύτην
1367 2749 1594 2782 ἀναγνωσθῆναιη
1612 2748 1679 2774 ἀλλὰ
1698 2746 1760 2781 μηδ’
1774 2747 1804 2777 ἐς

1019 2796 1095 2822 τόσην
1112 2796 1180 2822 εἶναι
1197 2795 1349 2830 παρῤησίτς
1366 2796 1478 2827 ἐκεῖνον,
1494 2794 1529 2826 ὡς
1546 2794 1592 2821 καὶ
1615 2793 1693 2828 μόνον
1712 2792 1804 2826 ὁρίσαι
