1908 3088
112 1815 118 1820 ”
166 1814 369 1849 significabant.

165 147 213 177 ll'l

756 151 968 181 NlClCl‘llOllI
990 153 1164 182 CALLIS'l‘l

1741 149 1791 183 lis

161 202 283 234 litteras,
302 202 404 236 quibus
424 202 500 230 illum
525 201 560 229 de
588 203 692 242 synodo
719 204 950 245 (Ilialcedoneusi,

1004 215 1076 233 νωνα
1096 206 1272 241 διεπέμπετο,
1292 205 1363 240 ὺπέρ
1386 213 1416 231 τε
1442 205 1491 239 τῆς
1517 206 1545 232 ὲν
1561 205 1714 240 Χαλκηδόνι
1731 214 1791 233 συν-

159 253 185 274 ct
201 247 235 275 de
249 255 281 275 ea
306 255 388 282 quam
407 248 434 275 in
450 248 543 275 Africa
562 249 735 283 Honorichns
749 251 947 284 concitaverat,

161 294 357 327 persecutione
373 293 543 321 admonebat
565 294 614 329 (l).
633 295 704 328 Quin
724 300 752 322 et
768 296 800 322 ad
818 296 948 324 Acacium

161 340 284 374 scripsit,
313 340 458 367 maximam
486 348 549 367 eum
579 345 742 368 novatarum
767 342 794 368 in
827 342 949 369 Ecclesia

161 393 254 412 rerum
268 393 379 413 causam
396 393 457 413 esse
469 386 576 414 dicens.
591 386 666 414 Zeno
682 387 777 414 eadem
792 395 853 422 quae
869 392 949 414 antea

160 432 244 458 Felici
271 431 424 467 rescripsit,
463 432 596 460 Joannem
635 434 740 461 scilicet
779 434 879 461 frustra
910 433 949 460 illi

161 478 314 505 molestiam
326 478 469 512 exhibere,
483 479 529 513 qui
545 479 759 515 haudquaquam
775 487 803 507 se
819 480 950 507 thronum

160 523 289 550 Ecclesia:
303 524 494 552 Alexandrinae
505 532 719 552 conscensurum
733 533 793 552 esse
803 525 949 560 iuraverit,

159 570 344 605 jurisjurandi
367 571 529 606 religionem
544 570 667 603 violarit,
687 571 877 607 episcopatum
901 579 950 606 per

162 617 338 651 sacrilegium
364 617 535 652 arripuerit,
561 623 590 645 et
625 618 679 645 alia
707 618 800 654 gravia
827 618 950 645 facinora

161 663 314 690 a-lmiserit.
330 663 387 691 Nec
397 663 508 691 Petrum
523 664 657 699 MuggumI
674 665 855 699 inquisitione
873 664 950 691 nulla

161 714 300 743 praeeunte
312 709 345 736 ad
358 710 451 737 sedem
466 711 630 745 pervenisse.
646 712 694 738 sed
708 711 782 738 illum
793 711 951 745 priusquam

160 761 222 780 eam
251 755 411 789 acceperit,
435 756 564 783 manibus
597 756 654 784 suis
680 756 743 783 lidei
777 755 950 783 Nicanorum

161 800 275 827 Patrum
292 808 375 834 quam
401 802 590 837 comprobat-it
613 802 812 836 subscripsisse
835 810 842 828 :
871 801 951 836 cujus

163 844 224 871 lldei
239 845 360 880 vestigiis
390 845 622 875 Chalcedonensis
637 848 719 875 etiam
736 846 859 882 synodus
879 846 952 873 inui-

162 894 246 918 tatur.
276 891 345 919 lllud
371 900 482 928 quoque
508 893 601 920 verbis
621 893 697 921 hisce
709 893 783 921 Zeno
810 892 920 927 scripsit
941 888 990 918 :B

164 945 174 962 ι
193 936 280 965 Debes
294 943 372 966 certo
395 946 575 974 cognoscere,
591 945 619 967 et
639 944 761 967 nostram
777 939 907 975 pietatem
923 945 951 966 et

161 982 272 1010 Petrum
288 984 507 1017 sanctissimum,
518 986 552 1013 de
570 994 624 1020 quo
638 990 704 1014 ante
724 985 830 1013 dictum
843 990 895 1016 est.
923 989 951 1012 et

162 1036 259 1056 onlnes
286 1030 476 1059 sanctissimas
495 1032 629 1060 ecclesias
659 1032 785 1067 recipere
809 1037 836 1060 et
860 1031 951 1060 colere

161 1074 414 1103 Clialeedoncnsem
449 1081 573 1105 sanctam
607 1078 760 1113 synodum,
792 1085 853 1113 qua:
887 1084 950 1104 cum

164 1121 336 1154 professione
361 1122 426 1150 ﬁdei
447 1122 564 1152 Nicaeus:
588 1124 688 1159 synodi
709 1124 871 1151 concordat.
893 1132 902 1149 ι
922 1122 950 1150 lu

164 1175 256 1194 rerum
282 1168 399 1195 istarum
429 1169 511 1202 actis,
543 1170 605 1204 ejus
637 1177 719 1204 quem
744 1169 950 1197 nominavimus

162 1213 268 1248 Cyrilli,
286 1214 459 1249 aliarumque
481 1214 513 1242 in
534 1215 603 1242 urbe
629 1215 767 1250 imperiali
793 1215 951 1241 archiman-

162 1259 308 1291 clrilaruul,
325 1265 407 1294 atque
420 1261 501 1287 etiam
519 1260 653 1295 Egyptite
667 1261 794 1289 dioecesis
806 1261 951 1294 episcopo-

165 1314 224 1332 rum
243 1311 271 1333 et
292 1307 469 1337 clericorum.
486 1307 519 1334 ad
542 1307 662 1335 Felicem
677 1313 772 1335 contra
795 1308 904 1335 Petrum
923 1312 951 1334 et

163 1360 211 1379 eos
227 1352 275 1386 qui
290 1360 351 1380 cum
368 1360 401 1379 eo
417 1353 672 1386 commnnicabant,
689 1353 775 1380 veluti
793 1353 950 1387 hmreticos,

164 1399 235 1424 «lata!
248 1398 373 1432 epistolae
391 1397 579 1432 reperiuntur.
593 1397 628 1425 Et
652 1398 780 1425 nonnulli
797 1406 831 1426 ex
846 1399 951 1426 Insom-

164 1445 240 1471 nium
258 1444 428 1471 monasterio
444 1443 559 1470 Romam
587 1444 714 1479 profecti,
731 1445 803 1479 apud
831 1444 950 1472 Felicem

164 1492 197 1518 de
213 1491 316 1518 Miseno
327 1495 355 1517 et
368 1489 451 1518 Vitali
467 1492 554 1524 questi
570 1496 645 1522 sunt,
659 1490 733 1525 quod
749 1491 781 1517 ad
802 1491 950 1518 adventum

164 1546 252 1572 usque
282 1545 379 1564 eorum
410 1536 533 1571 Byzantii
564 1536 633 1564 clam
668 1541 696 1563 et
737 1536 844 1564 occulte
875 1536 948 1563 Petri

167 1592 266 1610 nomen
291 1583 318 1610 in
346 1583 433 1610 sacris
448 1582 584 1610 codicillis
610 1582 720 1615 fuisset,
747 1587 829 1617 atque
856 1590 889 1608 ex
915 1590 949 1609 eo

166 1636 289 1663 tempore
305 1629 338 1656 ad
351 1637 414 1657 eum
433 1636 521 1663 usque
533 1629 606 1656 diem
624 1634 708 1661 esset,
722 1634 749 1655 et
762 1629 834 1663 quod
853 1636 951 1663 propa-

166 1678 218 1703 lum
233 1676 365 1707 ferretur,
381 1680 477 1702 contra
491 1683 611 1703 canones
627 1675 743 1703 Vitaleni
763 1679 791 1702 et
817 1674 949 1701 Misenum

134 1729 145 1735 '
164 1731 227 1750 cum
250 1723 331 1750 Petro
349 1726 378 1749 et
393 1721 493 1748 Acacio
517 1721 713 1748 commercium
738 1725 765 1748 et
778 1721 952 1748 communio-

166 1777 228 1796 nem
249 1769 363 1796 habere.
377 1767 568 1802 [Egyptiorum
585 1774 696 1801 quoque
713 1767 838 1801 epistolze
853 1767 949 1794 eadem

413 1814 448 1840 Et
486 1817 631 1848 prtclerea,
671 1812 806 1840 Joannem
840 1812 950 1846 quidem

165 1861 350 1888 urthodoxum
377 1867 459 1892 esse,
486 1863 618 1894 recteque
643 1859 768 1890 sentire,
799 1863 827 1886 et
857 1858 952 1886 sedem

166 1907 319 1935 secundum
347 1913 467 1934 canones
498 1907 658 1940 recepisse:
690 1905 803 1934 Petrum
829 1911 950 1933 autcma

166 1954 275 1980 duobus
293 1957 399 1980 tantum
426 1953 474 1987 qui
500 1952 625 1979 eamdem
653 1959 763 1986 pravam
791 1952 950 1986 opinionem

166 2001 252 2027 seculi
274 2000 402 2031 fuissent,
418 1999 576 2026 ordinatum
605 2006 665 2025 esse
689 1998 872 2033 eamdemque
890 2004 951 2033 post

166 2046 281 2073 Joannis
297 2045 450 2072 discessum
467 2044 536 2070 nihil
555 2051 645 2070 rerum
666 2044 790 2077 gravium
819 2044 952 2072 adversus

167 2092 339 2119 urtliodoxos
353 2098 438 2125 agere
460 2089 652 2117 intermisisse.
668 2090 751 2124 682
777 2090 840 2118 Hzec
859 2091 951 2118 omnia

166 2146 229 2163 runt
245 2136 362 2163 Aeacius
373 2143 405 2162 ex
419 2135 460 2161 eis
476 2135 522 2169 qui
534 2133 694 2170 Byzantium
712 2135 797 2162 Roma
809 2141 950 2168 venerant,

165 2183 351 2215 ei‘gliovisset,
372 2188 476 2210 tantum
496 2185 572 2211 abest
586 2189 615 2210 ut
628 2184 791 2211 auctoritate
806 2192 855 2211 sua
871 2184 952 2211 rebus

167 2228 335 2261 huiusmodi,
366 2236 428 2254 cum
455 2228 535 2255 facile
555 2233 658 2262 possat,
684 2229 892 2262 intercesserit,
922 2233 950 2256 ut
968 2239 989 2266 ι)

166 2275 250 2300 etiam
262 2273 453 2300 administrqu
469 2282 498 2301 se
524 2274 600 2302 Petri
623 2274 765 2302 actionum
791 2275 949 2310 prazbucrit,

165 2326 191 2346 et
210 2321 267 2347 fere
281 2327 375 2346 omnes
390 2327 452 2347 cum
466 2320 513 2348 illo
527 2322 729 2348 communicare
739 2321 869 2356 coegerit.
887 2321 952 2354 Qua:

166 2365 258 2392 munia
273 2366 396 2395 adauxit.
414 2371 441 2393 et
459 2373 524 2393 vera
538 2373 598 2393 esse
617 2367 790 2394 confirmavit
803 2367 952 2402 Symeoues

166 2411 211 2437 ille
226 2420 259 2438 ex
281 2411 456 2438 Insomuibus
473 2411 506 2438 ad
522 2411 644 2439 Felicem
658 2412 769 2445 missus,
786 2412 835 2447 qui
856 2418 951 2447 aperte

166 2458 189 2485 ll
204 2465 302 2484 senum
319 2462 346 2485 et
361 2458 478 2485 Vitalem
493 2457 568 2492 quod
588 2465 650 2485 cum
676 2458 813 2485 haereticis
828 2466 951 2485 conmm-

166 2504 307 2531 nicassent
336 2503 478 2536 c0uvicit,
503 2504 634 2538 quodque
674 2504 741 2539 ipsis
770 2505 951 2539 praisentibus

166 2551 306 2585 propalam
326 2550 399 2577 Petri
415 2558 516 2577 nomen
529 2557 562 2577 ex
578 2550 664 2578 sacris
680 2549 781 2577 tabulis
795 2551 951 2585 promulga-

168 2601 226 2622 tum
245 2601 329 2627 esset,
345 2604 407 2623 eum
424 2604 458 2624 ne
483 2604 532 2631 per
545 2602 707 2631 pnetcxtum
729 2597 839 2632 quidem
864 2597 951 2632 gravi-

167 2648 210 2667 ter
239 2649 269 2668 se
308 2641 335 2667 id
365 2641 402 2668 illi
443 2641 516 2669 ferre
553 2642 751 2669 ostendissent.
778 2642 977 2677 Quaproptcr‘

166 2687 280 2719 fuzlum,
299 2691 329 2713 ut
344 2688 471 2721 permulti
489 2696 523 2716 ex
537 2688 753 2723 simplicioribus
763 2690 798 2717 ab
814 2689 951 2717 haereticis

167 2733 274 2759 scducti
289 2732 357 2764 sint,
375 2733 422 2768 qui
438 2742 454 2761 a
469 2734 589 2761 Romana
613 2735 695 2762 etiam
719 2735 785 2763 sede
809 2741 950 2769 receptum

166 2787 227 2805 esse
241 2779 353 2806 Petrum
374 2779 513 2807 dixerunt.
532 2779 642 2807 Addidit
663 2785 691 2808 et
707 2781 774 2808 illud
789 2781 950 2816 Symeones.

204 2837 241 2871 (l)
261 2837 435 2864 ilonorieiius
456 2845 501 2863 rex
528 2837 713 2864 Vandalurum
729 2839 873 2873 plusquam
895 2844 950 2865 trc-

167 2873 255 2899 Cctlils
268 2873 377 2908 triginta
392 2878 510 2908 quatuor
525 2873 662 2907 t'plscuj'is
675 2873 702 2901 in
716 2874 841 2902 exsilium
852 2874 948 2904 pulsis.

1000 252 1061 278 ὁδου
1075 252 1301 286 διαγορευούσας,
1320 251 1404 278 ἔτιδὲ
1424 251 1472 277 καὶ
1496 252 1561 286 περὶ
1584 252 1632 278 τοῦ
1648 251 1719 278 κατὰ
1741 252 1791 286 τὴν

1000 296 1133 332 Ἀφρικὴν
1150 297 1282 332 διωγμοῦ,
1297 297 1327 322 ὃν
1349 297 1496 332 Ὀνώριχος
1511 297 1642 332 ἔπραττε,
1658 297 1715 323 Ναὶ
1733 297 1789 332 μὴν

1000 343 1049 369 καὶ
1073 343 1143 377 πρὸς
1159 343 1288 369 ’Δκάκιον
1307 342 1444 375 ἔστελλεν,
1457 342 1622 370 αἰτιώτατον
1645 342 1699 369 τῶν
1720 343 1791 369 κατὰ

1001 388 1049 424 τὴν
1070 389 1237 423 ’Ἐκκλησίαν
1257 388 1492 424 νεωτερισθέντων
1517 389 1621 416 ἐκεῖνον
1648 388 1718 415 εἶναι
1744 388 1789 414 λέ-

1001 442 1069 468 γων.
1088 433 1159 468 Πρὸς
1178 433 1251 468 ἆπερ
1264 433 1345 460 πάλιν
1366 434 1380 459 ὁ
1404 434 1497 468 Ζήνων
1528 433 1563 459 τὰ
1579 433 1626 460 τσα
1648 434 1705 465 τοῖς
1720 434 1788 468 πρό-

1000 487 1078 512 τερον
1091 478 1320 505 ἀνταπέστελλεν·
1336 477 1375 509 ὡς
1394 477 1450 512 ἄρα
1472 477 1605 512 ὲπικενῆς
1627 477 1789 513 διαταράξω

1000 523 1094 550 τοῦτον
1110 525 1124 551 ὁ
1142 523 1280 559 Ἰωάννης,
1301 524 1414 559 μηδαμῆ
1430 523 1566 559 μηδαμῶς
1580 523 1789 559 ἐπομοσάμενος

1001 570 1046 596 διὰ
1066 570 1114 596 τοῦ
1137 570 1235 605 θρόνου
1264 571 1392 606 παριέναι
1419 571 1469 604 τῆς
1485 570 1675 605 Ἀλεξάνδρου·
1699 579 1789 605 παρα-

1002 615 1082 650 ϐῆναι
1097 615 1126 642 δὲ
1139 617 1203 647 τοὺς
1222 617 1322 652 ὅρκους
1345 617 1391 642 καὶ
1419 616 1594 652 ἱεροσυλῆσαι
1607 618 1654 643 τδν
1678 615 1786 651 θρόνον,

1002 663 1049 688 καὶ
1065 662 1153 694 ἄλλως
1169 663 1202 689 τὰ
1221 663 1351 689 πάνδεινα
1368 662 1664 697 διαπράξασθαι.Ἀλλὰ
1678 663 1724 689 καὶ
1742 662 1789 689 τὸν

1002 710 1114 744 Μογγὸν
1136 711 1241 745 Πέτρον
1269 711 1306 745 μὴ
1341 718 1414 741 τινος
1444 710 1509 737 ἄνευ
1528 710 1646 745 βασάνου
1670 710 1718 736 ἐπὶ
1741 709 1789 736 τὺν

1004 756 1099 792 θρόνον
1127 757 1227 783 ἐλθεῖνο
1257 757 1337 790 χερσὶ
1359 756 1512 788 δὀὶκείαις
1528 757 1662 791 πρότερον
1685 756 1789 791 ὑποση-

1005 803 1173 837 μηνάμενον,
1194 802 1244 836 τὴν
1259 802 1351 828 πίστιν
1366 801 1421 828 τῶν
1441 803 1470 827 ὲν
1485 801 1590 836 Νικαίᾳ
1604 801 1789 828 συνελθόντων

1005 849 1135 884 Πατέρων
1158 848 1295 883 δέχεσθαι·
1319 845 1400 884 ᾖκαὶ
1424 849 1441 883 ή
1467 849 1496 875 ἐν
1512 848 1663 882 Χαλκηδόνι
1679 847 1790 877 σύνοδος

1002 894 1064 921 κατ’
1080 895 1154 930 ἴχνος
1172 894 1377 928 ἐπηκολούθησε
1391 914 1398 926 ,
1425 894 1473 920 καὶ
1502 893 1580 920 ταῦτ’
1599 893 1647 919 επὶ
1665 893 1790 928 ῥήματος

1002 941 1158 976 γεγραφώς·
1172 950 1182 966 ι
1205 941 1340 975 Ὀφείλεις
1358 939 1488 973 ἀσφαλῶς
1503 939 1576 974 ἔχειν
1591 939 1638 965 καὶ
1654 939 1705 974 τὴν
1721 940 1791 974 ἡμε-

1001 987 1086 1020 τέραν
1108 987 1250 1013 εὑσέΰειαν
1273 986 1319 1012 τὺν
1347 985 1529 1021 προλεχθὲντα
1561 985 1713 1019 ἁγιώτατον
1734 984 1788 1011 Πέ-

1002 1041 1068 1068 τρον
1106 1031 1152 1058 καὶ
1179 1032 1269 1063 πάσας
1297 1031 1348 1063 τὰς
1371 1032 1528 1066 ἁγιωτάτας
1549 1032 1698 1066 ἐκκλησίας
1712 1031 1790 1066 δέχε-

1002 1077 1065 1104 σθαί
1092 1086 1121 1104 τε
1147 1078 1194 1104 καὶ
1210 1077 1311 1108 σὲὗειν.
1340 1077 1387 1104 καὶ
1402 1077 1451 1112 τὴν
1477 1078 1505 1104 ὲν
1531 1077 1683 1110 Χαλκηδόνι
1706 1077 1791 1110 ἁγίαν

1003 1124 1123 1155 σύνοδον,
1139 1124 1201 1158 ἣτις
1218 1124 1335 1158 συνέστη
1356 1124 1390 1158 τῇ
1417 1124 1508 1149 πίστει
1519 1124 1552 1158 τῇ
1570 1124 1598 1150 ἐν
1611 1124 1644 1158 τῇ
1661 1122 1790 1150 Νικαέων

1003 1169 1116 1203 συνόδῳ.
1135 1178 1145 1195 ›
1162 1169 1201 1204 Τῇ
1217 1169 1246 1195 δὲ
1262 1168 1376 1204 τοιαύτῃ
1399 1168 1498 1204 πράξει
1522 1169 1569 1195 καὶ
1584 1169 1662 1195 ἄλλαι
1680 1170 1791 1195 ἐπιστο-

1001 1215 1046 1242 λαὶ
1071 1215 1118 1242 τοῦ
1147 1216 1349 1251 προειρημένου
1371 1215 1508 1251 Κυρίλλου
1534 1215 1711 1251 ὲμφέρονται,
1739 1217 1790 1242 καὶ

1002 1262 1090 1288 ἄλλων
1103 1262 1153 1296 τῆς
1172 1262 1309 1297 βασιλίδος
1324 1262 1559 1297 ἀρχιμανδριτῶν,
1577 1261 1616 1288 ἔτι
1630 1262 1658 1288 δὲ
1675 1263 1791 1288 ἐπισκό-

1001 1318 1062 1335 πων
1088 1308 1135 1334 καὶ
1164 1308 1307 1343 κληρικῶν
1336 1308 1385 1343 τῆς
1408 1307 1599 1342 Αἰγυπτιακῆς
1625 1308 1789 1342 διοικήσεως

1002 1356 1071 1391 πρὸς
1084 1356 1190 1390 Φήλικα
1204 1356 1276 1381 κατὰ
1292 1354 1395 1389 Πέτρου
1411 1354 1583 1389 πεμφθεῖσαι
1599 1354 1647 1380 καὶ
1665 1354 1719 1380 τῶν
1729 1362 1789 1380 κοι-

1002 1401 1160 1428 νωνούντων
1182 1400 1257 1435 αὑτῷ
1280 1398 1325 1426 οἷα
1342 1399 1499 1435 αἱρετικῶν·
1521 1399 1568 1425 καί
1592 1407 1665 1430 τινες
1688 1399 1716 1426 δὲ
1739 1400 1790 1434 τῆς

1004 1448 1089 1487 μονῆς
1119 1447 1174 1473 τῶν
1199 1447 1376 1480 ’Δκοιμήτων
1410 1446 1560 1479 ἀφιγμένοι
1587 1445 1656 1480 πρδς
1685 1445 1790 1480 Φήλικί

1001 1491 1147 1526 διήλεγξαν
1160 1492 1224 1523 τοὺς
1239 1493 1303 1526 περὶ
1320 1492 1442 1526 Μισῆνον
1456 1499 1463 1506 ·
1481 1491 1518 1522 ὡς
1537 1491 1619 1526 μέχρι
1632 1491 1681 1525 τῆς
1698 1491 1790 1517 αἰτῶν

1002 1538 1121 1572 ἀφίξεως
1140 1539 1168 1569 ἐς
1191 1537 1339 1570 Βυζάντιον
1364 1540 1456 1573 κρύφα
1474 1546 1532 1569 πως
1553 1538 1601 1564 καὶ
1618 1538 1646 1563 ὲν
1664 1537 1791 1572 παραδύ-

1004 1593 1058 1619 atq;
1070 1585 1173 1619 Πέτρος
1186 1585 1242 1616 τοῖς
1258 1585 1341 1618 ἱεροῖς
1352 1584 1492 1618 διπτύχοις
1505 1584 1629 1618 ἐφέρετο·
1648 1583 1742 1610 ἔκτοτε
1760 1583 1790 1609 δὲ

1004 1631 1086 1665 μέχρι
1108 1631 1154 1657 τοῦ
1173 1631 1231 1662 νῦν,
1253 1631 1302 1658 καὶ
1321 1631 1474 1665 ἀναφανδὸν
1499 1631 1667 1666 περιᾴδεταν
1689 1620 1791 1656 ἀκανθ-

1003 1677 1101 1708 νίστως
1121 1677 1150 1702 δὲ
1164 1677 1226 1707 τοὺς
1245 1677 1310 1711 περὶ
1327 1677 1448 1710 Μισῆιον
1471 1676 1638 1710 κοινωνῆσαι
1654 1677 1709 1707 τοῖς
1724 1675 1791 1711 περὶ

1005 1723 1107 1756 Πέτρον
1120 1731 1148 1749 τε
1166 1724 1214 1749 καὶ
1228 1724 1370 1750 ’Ᾱκάκιον.
1386 1723 1419 1749 Al
1432 1723 1461 1749 δὲ
1478 1723 1534 1749 τῶν
1548 1723 1707 1755 Αἰγυπτίων
1727 1726 1791 1749 ἐπι-

1003 1769 1107 1802 στολαὶ,
1127 1770 1175 1795 καὶ
1188 1769 1269 1795 αὗται
1285 1769 1318 1796 τὰ
1339 1769 1520 1803 παραπλήσια
1536 1768 1629 1802 ἔλεγον
1641 1776 1648 1783 ·
1669 1769 1716 1794 καὶ
1731 1769 1789 1794 ὄτι-

1004 1824 1056 1850 περ
1069 1816 1196 1850 Ἰωάννης
1209 1816 1259 1849 μὲν
1276 1815 1416 1850 ὀρϐόδοξος
1435 1814 1483 1847 ὢν,
1505 1814 1575 1841 κατὰ
1590 1814 1706 1845 κανόνας
1724 1814 1791 1848 ἔσχε

1002 1861 1048 1887 τὸν
1061 1860 1167 1896 θρόνον
1185 1861 1198 1886 ὃ
1216 1868 1248 1894 γε
1277 1860 1330 1895 μὴν
1351 1860 1451 1894 Πέτρος
1476 1859 1529 1885 ὑπὸ
1552 1859 1599 1886 δύο
1626 1860 1673 1886 καὶΙ
1700 1858 1792 1893 μόνων

1003 1908 1204 1943 παραπλησίων
1227 1907 1301 1942 αὺτῷ
1317 1907 1367 1941 τὴν
1395 1905 1555 1937 κακοδοξίαν
1571 1905 1791 1940 κεχειροτόνητο,

1002 1954 1051 1981 καὶ
1067 1954 1163 1988 ὅτιπερ
1183 1953 1252 1988 μετὰ
1266 1953 1315 1986 τὴν
1330 1952 1505 1987 ἀναχώρησιν
1516 1951 1640 1978 Ἰωάννου
1664 1951 1742 1977 οὐδέν
1763 1959 1794 1977 ιι

1002 1997 1057 2023 τῶν
1072 1997 1166 2023 δεινῶν
1183 1997 1254 2022 κατὰ
1276 1996 1330 2022 τῶν
1353 1996 1502 2030 ὁρθοδόξων
1520 1996 1628 2022 ἐνέλιπε
1652 1996 1792 2029 γίνεσθαι.

1003 2042 1097 2069 Ταῦτα
1123 2041 1151 2068 δὲ
1176 2043 1265 2067 πάντα
1287 2041 1383 2076 μαθεῖν
1402 2042 1446 2067 τὸν
1473 2042 1600 2068 Ἀκὰκιον
1616 2042 1693 2076 ποιρὰ
1707 2050 1794 2067 τινων

1003 2090 1032 2120 ἐς
1046 2087 1194 2121 Βυζάντιον
1209 2088 1379 2122 ἀφιγμένων·
1399 2088 1446 2114 τὸν
1464 2087 1493 2113 δὲ
1509 2090 1590 2122 μήτοι
1613 2096 1644 2121 γε
1660 2086 1793 2122 ἐμποδὼν

1004 2135 1174 2169 καταστῆναι
1187 2135 1352 2168 δυνάμενον,
1367 2134 1436 2161 ἀλλὰ
1461 2134 1509 2160 καὶ
1523 2134 1567 2168 ἐφ’
1584 2134 1670 2160 ἆπασι
1694 2142 1796 2168 συνερ-

1004 2181 1052 2215 γδν
1068 2180 1248 2211 καθεστάναι,
1265 2181 1313 2207 καὶ
1330 2180 1423 2215 σχεδὸν
1442 2180 1548 2210 πάντας
1570 2179 1673 2214 βιάζειν
1690 2179 1796 2214 ἐκείνῳ

1005 2228 1154 2254 κοινωνεῖν.
1177 2228 1210 2253 ’Δ
1238 2227 1269 2261 δὴ
1298 2227 1345 2252 ἐπὶ
1372 2226 1474 2259 μᾶλλον
1500 2226 1618 2260 αὐξῆσαι
1639 2227 1684 2252 καὶ
1700 2226 1795 2261 ἁληθῆ

1004 2270 1076 2298 εἶναι
1088 2271 1214 2306 ἐκύρωσε
1231 2271 1377 2306 Συμεώνης
1393 2273 1495 2302 ἐκεῖνος
1507 2272 1521 2298 ὁ
1543 2272 1575 2297 ὲκ
1587 2272 1642 2297 τῶν
1654 2271 1792 2305 Ἀκιιιμὴ-

1002 2328 1057 2346 των
1072 2319 1179 2351 σταλεὶς
1199 2319 1307 2354 Φήλικι·
1334 2318 1486 2352 ἀναφανδὸν
1513 2319 1567 2352 γὰρ
1585 2317 1710 2352 διήλεγξε
1725 2319 1797 2349 τοὺς

1002 2366 1068 2400 περὶ
1096 2365 1220 2401 Μισῆνον
1244 2365 1300 2395 τοῖς
1321 2365 1474 2400 αἰρετικοϊς
1489 2365 1723 2398 κοινωνήσαντας.
1741 2361 1796 2395 υἷς

1006 2412 1150 2446 παρόντων
1163 2411 1288 2443 ἐκείνων,
1303 2410 1453 2445 διαρρήδην
1468 2410 1498 2436 τὸ
1513 2411 1616 2445 Πέτρου
1630 2410 1715 2443 ὄνομα
1730 2412 1797 2441 ταῖς

1005 2459 1090 2492 ιεραῖς
1113 2457 1218 2489 δέλτοις
1245 2457 1435 2492 ἀνεκηρύχθη,
1459 2456 1521 2491 μηδ’
1537 2457 1599 2483 ὅσον
1624 2457 1652 2482 ὲν
1668 2457 1797 2491 σχήματι

1005 2505 1087 2539 βάρος
1113 2512 1140 2530 τι
1169 2504 1408 2539 διασημηνάντων.
1433 2502 1527 2537 Ταύτῃ
1545 2510 1588 2528 τοι
1608 2503 1655 2528 καὶ
1672 2502 1796 2534 πολλοὺς

1002 2551 1057 2576 τῶν
1090 2549 1284 2584 ἁπλουστέρων
1308 2547 1518 2583 καθυπαχθῆναι
1551 2550 1608 2578 τοῖς
1636 2548 1797 2582 αἰρετικοῑς

1002 2595 1111 2629 λέγουσι
1129 2595 1175 2622 τὸν
1192 2595 1295 2629 Πέτρον
1317 2595 1368 2629 ήδη
1395 2594 1555 2628 παραδοχῆς
1577 2594 1624 2620 καὶ
1652 2594 1719 2628 πρὸς
1743 2595 1798 2622 τοῦ

1007 2640 1119 2676 Ῥώμης
1134 2641 1230 2676 θρόνου
1258 2639 1419 2675 ἀξιωθῆναι.
1438 2640 1595 2674 Προσετίθει
1621 2639 1650 2666 δὲ
1678 2640 1801 2674 Συμεώ-

1003 2697 1062 2722 νης,
1080 2688 1122 2714 ὅτι
1149 2688 1197 2714 καὶ
1214 2687 1351 2722 διαφόρων
1371 2687 1526 2722 γενομένων
1546 2688 1687 2722 (inﬁmum
1699 2705 1706 2718 ,
1724 2688 1798 2718 τοὺς

1003 2735 1069 2769 περὶ
1085 2734 1208 2768 Μισῆνον
1229 2734 1266 2768 μή
1282 2742 1337 2759 τινι
1362 2733 1419 2759 τῶν
1445 2733 1594 2768 όρθοδόξων
1609 2733 1732 2767 ἐντυχεῖν
1747 2733 1801 2759 οε-

1003 2781 1094 2815 λῆσαι,
1120 2781 1136 2815 ἢ
1162 2780 1292 2807 ἀπόδοσιν
1319 2780 1485 2815 ποιήσασθαι
1513 2781 1695 2813 γράμματος.
1716 2779 1733 2814 ἡ
1766 2788 1799 2806 τι

1003 2848 1036 2866 co
1058 2839 1130 2871 quml
1155 2838 1273 2866 Arianus
1297 2843 1381 2870 esset,
1409 2839 1435 2865 iu
1458 2838 1615 2866 Callwllcos
1639 2836 1799 2865 admodum

1004 2875 1102 2901 sa'vill.
1117 2874 1215 2903 (Βίης.)
1596 2880 1600 2882 “
