1915 3094
171 124 225 155 207

791 127 1001 159 NICEPHORI
1022 129 1194 162 CALLISTI

1757 136 1812 169 203

172 184 351 214 peccatorum
368 179 492 206 omnium
513 179 693 208 abolitionem
712 180 868 216 induceret,
882 182 955 210 audit

1019 192 1105 219 peotv,
1122 185 1287 220 μεταϐαλεῖν
1310 185 1391 218 εὐθύς
1404 194 1411 202 ν
1432 186 1480 213 καὶ
1507 186 1558 222 τὴν
1575 188 1708 223 πατρῴαν
1734 189 1814 224 νόμι-

134 246 136 249 .
177 228 268 254 visse:
285 226 458 262 proindeque
474 227 596 255 animttm
615 228 709 255 statim
731 229 893 261 mutavisse,
915 237 964 264 pa-

176 274 257 300 triam
272 274 433 308 opinionem
448 278 476 301 et
500 274 636 302 idolorum
654 275 695 310 (ut
714 275 760 302 ille
785 275 888 310 inquit}
904 276 964 302 cul-

173 325 231 346 tum
265 321 415 356 reiecisse,
447 325 474 348 et
501 320 724 349 Christianorum
754 329 832 350 sacra
868 329 964 350 susce-

171 366 264 400 pisse,
299 367 394 394 refert.
427 367 564 394 Creterum
596 367 667 395 falso
702 368 762 395 haec
799 368 963 400 Zositnum,

172 412 313 440 calumnia
354 414 550 447 imperatorem
590 422 721 450 magnum
751 415 883 450 sugillare
915 422 965 441 vo-

174 458 297 491 lentem,
331 459 497 494 scripsisse,
535 467 584 494 per
618 461 835 488 confutationem
870 468 963 488 veram

170 505 325 533 ostendam.
346 505 398 533 Sed
425 507 459 534 de
481 507 673 542 Aurargenteo
688 508 815 543 vectigali
842 508 963 543 primum

170 551 274 579 dicant.

455 600 568 628 CAPUT
594 599 676 627 XLII.

170 644 305 679 Refutatio
337 653 427 672 eorum
451 654 518 707 gms
547 646 579 672 de
591 646 752 707 dqpqstolico
789 645 963 673 Constantino

474 689 572 707 osnnus
610 689 646 707 ut
663 702 669 707 .

474 681 572 708 osimus
591 682 669 709 dixit.

205 736 234 763 ln
254 736 384 768 historia,
403 736 488 763 ltomo
503 736 631 767 exitiose,
656 744 802 770 memoras,
821 738 894 772 qttod
915 738 962 765 ille

170 784 267 811 urbem
293 783 373 810 aliant
399 782 532 810 Romana:
557 783 675 810 similem
704 785 826 812 condere
855 785 960 816 volens,

169 830 288 862 primum
304 828 376 856 inter
387 828 522 855 Troadem
535 834 562 856 et
578 828 656 856 lliutn
671 830 774 861 locum,
785 831 869 857 veluti
883 831 960 865 operi

169 876 299 903 instituto
327 875 468 908 idoncutn,
495 875 622 909 eceperit,
649 875 828 904 fundamenta
850 877 958 911 jecerit,

167 927 317 949 ettnurum
334 928 419 956 supra
433 925 535 948 terram
555 921 696 949 extulerit.
708 922 855 956 Postquam
867 927 959 949 atttem

169 969 331 1004 Byzantium
346 967 521 995 commodius
534 975 595 995 esse
610 969 755 1003 comperit,
771 968 887 995 consilio
901 976 960 995 mu-

168 1019 236 1044 tato,
253 1013 350 1040 urbem
367 1020 428 1040 eain
447 1013 577 1040 celeriter
593 1013 731 1041 tuentibus
757 1013 843 1040 firmis
863 1014 959 1041 cinxe-

168 1060 215 1093 rit,
234 1060 398 1095 magnisque
415 1060 540 1086 turribus
554 1066 638 1094 opere
660 1059 741 1094 longe
765 1061 874 1094 lateque
894 1067 958 1094 pro-

167 1107 265 1138 ducto,
282 1110 309 1133 et
326 1111 380 1132 tam
402 1105 526 1140 pulchris
543 1106 708 1140 porticibus,
732 1106 849 1141 aliisque
873 1106 958 1133 aedili-

169 1153 221 1180 ciis
236 1153 272 1179 ita
289 1152 440 1184 exornarit,
453 1152 531 1186 721
547 1157 577 1179 ut
593 1152 686 1179 Romae
703 1160 731 1179 re
747 1152 819 1179 nulla
835 1153 957 1185 cederet,

167 1206 228 1233 qua:
244 1204 384 1225 tantorum
401 1202 628 1225 ornamentorum
640 1203 667 1225 et
683 1199 875 1226 amoenitatum
892 1207 958 1234 pall-

165 1246 244 1272 latim
271 1246 351 1272 annis
381 1245 510 1280 plurimis
543 1244 714 1271 incrementa
748 1245 833 1279 copit.
861 1245 959 1273 Refcrs

165 1291 264 1322 etiam,
289 1291 401 1325 publice
432 1297 496 1317 eum
524 1290 656 1317 frumenti
683 1295 812 1323 tesseras,
843 1295 871 1318 et
898 1292 958 1318 auri

168 1337 296 1370 tnultum,
317 1337 358 1364 eis
370 1337 416 1371 qui
431 1344 461 1363 se
474 1344 508 1363 eo
528 1336 720 1367 contulissent,
737 1336 770 1363 ad
788 1337 956 1370 privatarum

168 1383 268 1410 aedium
283 1387 452 1410 structuram
467 1382 596 1409 donasse.
615 1382 689 1409 [uter
705 1382 760 1409 alia
777 1383 834 1409 haec
847 1390 957 1417 quoque

167 1429 208 1456 sic
232 1429 352 1455 scribis:
376 1438 384 1453 α
414 1427 598 1454 Constantino
623 1433 742 1461 mortuo,
768 1428 801 1455 ad
824 1428 957 1456 Constan-

168 1475 235 1501 tium
254 1474 339 1501 tilium
364 1475 434 1510 ejus,
461 1479 523 1509 post
551 1474 668 1501 fratrum
693 1475 818 1509 ejusdem
836 1471 955 1507 obitum,

1017 239 1060 256 σιν
1090 230 1263 266 ἁοετήσαντα
1292 232 1349 258 τῶν
1372 232 1508 264 εἰδώὶων,
1532 233 1571 264 ὡς
1594 234 1699 265 ἐκεῖνός
1725 243 1811 270 φησι,

1017 277 1067 313 τὴν
1107 278 1282 313 Χριστιανῶν
1324 278 1476 314 θρησκείαν
1510 279 1632 307 ἑλέσθαι.
1668 281 1740 307 Ἀλλ’
1771 282 1811 307 ὅτι

1016 323 1104 349 ταῦτα
1122 323 1229 357 ψευδῶς
1257 324 1385 358 ἱστόρησε
1400 323 1559 350 διαῦαλλειν
1584 325 1630 351 τὸν
1648 325 1735 359 μέγαν
1749 333 1811 351 πει-

1018 370 1161 404 ρώμενος,
1192 371 1224 397 ἐκ
1252 370 1298 396 τοῦ
1331 371 1445 405 ἐλέγχου
1479 371 1633 406 κατάδηλον
1663 371 1808 404 ἀποδείξω.

1022 417 1103 443 Ἀλλὰ
1114 419 1180 453 περὶ
1196 417 1244 444 τοῦ
1268 417 1473 453 Χρυσαργύρου
1497 418 1608 452 πρῶτόν
1626 426 1668 445 σοι
1690 418 1810 450 διαλέξο-

1019 473 1081 499 μαι.

1284 598 1411 626 ΚΕΦᾹΛ.
1437 599 1506 626 ΜΒ’.

1022 643 1184 678 Ἁνατροπὴ
1202 643 1261 670 τῶν
1279 644 1446 678 εῖρημένων
1455 644 1582 678 Ζωσίμῳ
1605 644 1656 672 διὰ
1676 646 1730 673 τὸν
1743 647 1807 673 ἶσα-

1203 680 1358 707 πόστολον
1371 680 1616 708 Κωνσταντῐνον.

1051 735 1086 761 Σὺ
1097 735 1160 770 φῂς,
1171 735 1309 769 ἀλιτήριε,
1321 735 1359 769 τῷ
1370 735 1579 770 συγγράμματι,
1589 735 1626 768 ὡς
1636 735 1714 762 πόλιν
1722 737 1806 772 ἄλλην

1015 782 1078 816 ἴσην
1091 783 1124 816 τῇ
1145 781 1239 817 Ῥώμῃ
1254 782 1361 816 ἐγεῖραι
1379 781 1553 816 βουλόμενος,
1572 783 1682 816 πρῶτον
1701 783 1751 818 μὲν
1768 783 1805 815 ὡς

1014 828 1172 863 ἐπιτήδειον
1185 828 1310 860 οἰόμενος
1324 828 1370 854 τὸν
1387 828 1489 862 μεταξὺ
1507 829 1636 864 Τρῳάδος
1660 830 1707 856 καὶ
1725 830 1803 857 Ἰλίου

1013 874 1094 900 τόπον
1125 874 1193 909 πρὸς
1213 874 1243 900 τὸ
1273 874 1403 906 δέξασθαι
1431 875 1477 901 τὸν
1506 875 1618 907 σκοπὸν,
1641 876 1756 910 οεμέ).ιὰ
1773 885 1803 902 τε

1013 920 1131 954 ὲπήγνυ,
1148 920 1196 947 καὶ
1213 920 1243 946 τὸ
1265 921 1355 955 τεῖχος
1379 922 1428 955 τῆς
1452 921 1506 956 γῆς
1526 921 1642 956 ἐξαίρων
1657 922 1804 957 ἔπραττεν.

1017 965 1061 997 Ὠς
1075 965 1097 992 δ’
1111 966 1333 1001 ἐπιτηδειότερον
1347 967 1379 993 τὸ
1396 966 1546 998 Βυζάντιον
1561 965 1636 1002 εὗρε,
1654 968 1805 1004 μεταθέμεο

1012 1020 1056 1043 νος
1068 1012 1117 1046 τὴν
1129 1012 1260 1046 σπουδὴν,
1278 1013 1376 1039 οᾶττον
1390 1013 1493 1048 τείχεσι
1506 1014 1632 1049 στερῤοῐς
1643 1014 1802 1049 περιέϐαλε,

1011 1059 1060 1086 καὶ
1084 1058 1214 1092 μεγάλοις
1232 1058 1351 1094 πύργοις
1372 1058 1496 1094 εὐρύνων
1520 1060 1561 1091 εις
1580 1061 1711 1095 μήκιστον
1724 1069 1732 1078 ι
1756 1063 1804 1088 καὶ

1009 1104 1132 1138 τοσούτῳ
1159 1104 1251 1131 κάλλει
1270 1104 1358 1130 στοῶν
1384 1106 1433 1132 καὶ
1453 1105 1682 1140 οἰκοδομημάτων
1699 1107 1803 1142 ταύτην

1010 1148 1183 1184 ὲφαῐδρυνεν,
1198 1149 1235 1181 ὡς
1261 1151 1311 1185 τῆς
1330 1150 1442 1185 Ῥώμης
1463 1152 1526 1177 κατ’
1544 1151 1621 1178 οὐδὲν
1647 1152 1802 1184 λείπεσθαι,

1010 1194 1160 1226 τοσαύταις
1176 1195 1271 1230 χάρισι
1288 1197 1344 1227 τοῖς
1359 1197 1430 1223 κατὰ
1448 1196 1547 1232 μικρὸν
1562 1197 1651 1224 ἐτεσιν
1673 1198 1804 1233 αὐξηθεί-

1012 1249 1073 1275 σηα.
1097 1241 1226 1275 ’ἱστορεῖς
1238 1242 1260 1268 δ¹
1277 1242 1314 1273 ὠς
1335 1243 1382 1269 καὶ
1399 1243 1500 1270 σίτισιν
1516 1245 1550 1279 τῇ
1575 1244 1652 1270 πόλει
1669 1245 1803 1279 δημοσίαν

1010 1286 1153 1322 ἀπένειμε,
1171 1288 1220 1313 καὶ
1235 1287 1302 1314 πολύ
1320 1297 1345 1314 τι
1363 1289 1467 1323 χρυσοῦ
1482 1291 1540 1320 τοῖς
1565 1290 1641 1324 αὐτῷ
1654 1291 1678 1316 οἱ
1696 1291 1802 1324 ἑπομέ-

1009 1340 1065 1363 νοις
1080 1334 1109 1364 ἐς
1133 1333 1308 1367 κατασκευὴν
1327 1332 1401 1359 ἰδίων
1418 1334 1503 1360 οῐκων
1526 1334 1720 1370 ἀπεχαρὶζετο,
1740 1335 1801 1360 Ἐπὶ

1010 1377 1132 1412 ῥήματος
1147 1377 1175 1403 δὲ
1188 1377 1328 1403 καὶταῦτα
1345 1378 1534 1413 προσγράφεις
1546 1386 1552 1393 ·
1566 1388 1575 1404 ι
1591 1378 1801 1406 Κωνσταντίνου

1008 1423 1233 1458 τελευτήσαντος,
1252 1424 1280 1454 ὲς
1296 1425 1491 1450 Κωνστάντιον
1505 1425 1552 1451 τὸν
1567 1424 1649 1451 αὐτοῦ
1668 1425 1752 1451 παῖδα
1767 1426 1802 1452 τὰ.

1010 1470 1162 1505 πράγματα
1175 1470 1341 1504 περιελθεῖν,
1357 1471 1425 1504 μετὰ
1437 1471 1551 1498 θάνατον
1562 1473 1619 1498 τοῖν
1627 1471 1712 1499 αὐτοῦ
1724 1472 1802 1498 ἁδελ-

165 1529 260 1549 rerum
285 1528 391 1548 summa
410 1521 546 1555 pervenit.
563 1521 653 1556 Atque
671 1522 716 1549 ubi
736 1521 911 1556 Magnentius
928 1526 955 1549 et

1010 1518 1070 1550 φοίν
1081 1525 1088 1532 ·
1102 1517 1150 1543 καὶ
1172 1516 1208 1547 ὡς
1224 1517 1395 1550 Μαγνεντίου
1410 1517 1458 1543 καὶ
1479 1517 1681 1552 Βρεταννίωνος
1697 1526 1800 1553 τυραν-

166 1569 313 1596 Britannia
333 1567 507 1603 tyrannident
525 1568 679 1602 arripucre,
699 1569 879 1602 persuasione
888 1569 956 1596 Con-

166 1615 285 1642 stantius
302 1614 509 1642 Britattttionetn
524 1614 550 1641 in
565 1619 728 1649 potestatem
746 1623 823 1642 suam
840 1615 954 1650 redegit.

166 1663 233 1688 Cum
256 1663 328 1688 enim
345 1668 379 1687 ex
404 1665 520 1696 utraque
537 1666 614 1696 parte
638 1661 779 1688 exercitus
807 1662 896 1689 coacti
914 1669 958 1689 es-

166 1713 239 1739 sent.
262 1707 440 1734 Constantius
463 1714 514 1742 pro
536 1707 682 1740 concione,
712 1708 844 1735 militibtts
867 1708 955 1743 patris

165 1760 231 1788 erga
245 1761 294 1780 eos
309 1753 351 1780 sui
370 1753 564 1780 liberalitatem
580 1754 607 1780 in
623 1754 784 1782 memoriam
803 1755 954 1787 revocavit,

166 1807 230 1826 eum
246 1807 301 1833 quo
316 1799 385 1826 bella
399 1799 482 1826 multa
497 1799 657 1834 gessissent,
672 1800 799 1827 maximis
809 1801 843 1828 ab
858 1801 954 1828 eodem

166 1846 340 1873 cohuncstati
367 1846 456 1873 donis.
483 1846 511 1872 ld
535 1854 601 1873 vero
618 1846 665 1873 ubi
689 1847 792 1874 milites
812 1847 953 1880 audivere,

165 1892 290 1918 detracta
321 1891 492 1918 liritaunioni
519 1899 658 1926 purpurea
685 1897 773 1923 veste.
803 1892 830 1918 in
855 1893 953 1926 privati

167 1937 290 1963 hominis
319 1936 414 1962 habitu
432 1944 495 1963 eutn
523 1936 555 1963 ad
579 1936 772 1964 Constantium
802 1937 952 1965 abduxere.

165 1984 254 2016 Atque
276 1982 298 2008 is
314 1982 380 2008 nihil
398 1990 426 2008 se
444 1983 586 2017 indignum
603 1991 709 2017 passus,
728 1985 775 2011 sed
791 1993 806 2011 a
819 1984 953 2011 Constan-

165 2029 204 2056 tio
221 2034 347 2055 servatus
363 2034 415 2059 est.
431 2037 493 2056 cum
511 2029 537 2056 in
554 2029 630 2056 illum
654 2034 681 2056 et
703 2036 808 2063 patrem
821 2031 881 2065 ejus
897 2038 952 2057 ntav

165 2074 267 2102 ledieta
282 2075 366 2102 multa
382 2075 506 2108 jeeisset.
529 2084 537 2100 ι
561 2075 657 2110 Itaque
679 2081 706 2102 te
731 2084 808 2111 rogo,
823 2084 905 2111 quem
921 2076 955 2103 li-

167 2121 282 2147 bcrttlite
296 2125 323 2147 et
339 2120 529 2147 munificentia
543 2124 616 2147 tanta
630 2121 753 2155 gavisqu
769 2129 829 2148 esse
845 2122 951 2153 scribis,

165 2165 306 2198 quomodo
329 2172 425 2191 rursus
448 2164 576 2192 ettmdent
597 2170 651 2192 tant
673 2165 816 2192 sordidum
839 2171 866 2194 et
887 2174 952 2193 ava-

1008 1563 1153 1596 νήσαντος.
1179 1562 1269 1588 πειθοῖ
1289 1563 1334 1589 τὸν
1363 1563 1553 1597 Βρεταννίωνα
1586 1565 1721 1598 μετῆλθεν
1752 1565 1801 1592 καὶ

1009 1609 1111 1643 ἀμφοῖν
1141 1610 1196 1634 τοῖν
1219 1609 1416 1644 στρατοπέδων
1439 1611 1622 1641 ἁλισθέντοιν,
1652 1611 1763 1646 πρῶτος
1787 1613 1801 1638 ὁ

1009 1653 1201 1686 Κωνστάντιος
1212 1655 1420 1690 δημηγορήσας.
1430 1657 1481 1691 τῆς
1497 1656 1544 1683 τοῦ
1567 1657 1671 1692 πατρὸς
1701 1657 1801 1692 ἀνεμί-

1009 1709 1113 1736 μνησκε
1126 1701 1187 1732 τοὺς
1206 1701 1375 1736 στρατιώτας
1387 1702 1544 1737 φιλοτιμίας
1553 1710 1560 1717 '
1578 1702 1637 1738 μεθ’
1647 1698 1677 1730 οὗ
1686 1703 1802 1735 πολλοὺς

1008 1746 1145 1781 πολέμους
1161 1747 1318 1780 διεπόνησε,
1331 1747 1378 1774 καὶ
1396 1748 1540 1782 μεγίσταις
1553 1748 1725 1784 ἐτιμήθησαν
1738 1750 1800 1780 ταῖς

1007 1792 1122 1827 δωρεαῖς
1135 1800 1142 1807 ⁸
1155 1793 1203 1818 καὶ
1217 1793 1253 1823 ὡς
1268 1792 1371 1819 τούτων
1384 1793 1505 1828 ἠκουσαν
1521 1795 1546 1820 οἱ
1560 1794 1738 1828 στρατιῶται,
1750 1795 1796 1820 τὸν

1008 1837 1199 1871 Βρεταννίωνα
1212 1838 1429 1873 περιδυσὰμενοι
1445 1838 1493 1874 τὴν
1509 1839 1622 1873 ἐσθῆτα,
1643 1840 1671 1865 ἐν
1691 1839 1798 1865 ἰδιώτου

1008 1885 1129 1919 σχήματι
1147 1885 1333 1919 Κωνσταντίῳ
1349 1885 1525 1919 παρήγαγον.
1547 1884 1577 1911 '0
1593 1886 1621 1911 δὲ
1641 1885 1723 1921 μηδὲν
1735 1886 1799 1912 ἄτο-

1007 1940 1058 1958 πον
1086 1931 1240 1963 πεπονθὼς,
1266 1930 1410 1963 διεσώζετο
1439 1931 1507 1966 πρὸς
1538 1932 1742 1961 Κωνσταντίου.
1768 1933 1799 1960 ὃν

1005 1977 1113 2003 τοσαῦτ’
1136 1977 1353 2012 ἐσλασφήμησας
1370 1977 1440 2011 μετὰ
1463 1977 1511 2004 τοῦ
1530 1979 1644 2013 πατρός.
1667 1988 1676 2004 ι
1700 1979 1798 2006 Τοίνυν

1005 2023 1140 2057 ἐρήσομαί
1155 2031 1196 2056 σε,
1214 2023 1272 2054 πῶς
1286 2023 1316 2049 ὃν
1335 2024 1422 2056 ἀξιοῖς
1442 2024 1485 2051 τὸν
1501 2023 1574 2051 οὕτω
1589 2024 1734 2061 φιλοτιμίᾳ.
1749 2027 1799 2052 καὶ

1007 2070 1199 2104 μεγαλοδωρεᾷ
1217 2070 1359 2104 χαίροντα,
1384 2071 1467 2098 πάλιν
1491 2071 1535 2099 τὸν
1551 2072 1633 2098 αὑτὸν
1645 2072 1717 2099 οὕτω
1733 2081 1798 2107 σμι-

1004 2116 1135 2151 κρολὸγον
1152 2114 1222 2143 εἶναι
1239 2117 1287 2142 καὶ
1310 2117 1522 2151 φειδωλότατον,
1539 2118 1576 2150 ὡς
1600 2118 1649 2145 καὶ
1672 2119 1797 2146 τοιοῦτον

1005 2162 1119 2196 θεομισῆ
1135 2162 1219 2198 πόρον
1236 2163 1280 2188 καὶ
1297 2164 1382 2199 ἐναγῆ
1405 2165 1437 2198 τῇ
1461 2164 1609 2198 Ῥωμαίων
1627 2166 1796 2201 καινουργῆ-

166 2219 227 2238 rum
256 2211 340 2238 fuisse
365 2211 452 2243 dicis,
478 2216 507 2238 ut
536 2216 590 2238 tam
614 2212 807 2240 detestandum
839 2212 951 2247 Deoque

1009 2215 1049 2234 σαι
1079 2207 1221 2243 minds};
1250 2209 1413 2235 Παντάπασι
1438 2209 1568 2244 συνάγειν
1596 2210 1625 2236 ού
1654 2211 1794 2245 δὲναμαι·

165 2257 285 2283 invisum
315 2258 489 2291 portorium,
521 2257 634 2285 insolito
662 2266 791 2293 novoque
820 2257 900 2284 modo
925 2257 951 2284 in

166 2304 282 2330 lloutaui
299 2304 407 2338 imperii
428 2304 699 2332 administrationem
716 2305 871 2332 invexerit?
895 2304 952 2338 Ego

164 2356 239 2377 certe
255 2350 367 2384 quidem
389 2351 520 2385 colligere
536 2351 561 2378 id
582 2359 636 2378 non
657 2359 779 2385 possunt.
794 2350 951 2378 Clarissitue

164 2397 246 2423 etiam
264 2397 312 2423 ιιὺί
327 2397 486 2430 ostendant,
500 2405 592 2432 neque
605 2397 733 2432 Crispum
750 2397 846 2430 ﬁliuni,
862 2404 951 2431 tteque

162 2442 307 2476 coniugem
338 2443 475 2480 Faustam,
500 2443 584 2470 abeo
607 2443 643 2470 ita
662 2443 811 2471 crudeliter
839 2447 952 2470 necatos

162 2497 224 2516 esse
239 2498 246 2515 :
264 2497 355 2524 neque
370 2490 453 2517 etiam
479 2489 607 2517 eumdem
623 2489 665 2517 vel
679 2497 742 2516 cum
766 2489 894 2524 (Egyptio
918 2497 951 2517 eo

163 2535 260 2565 fuisse.
279 2536 321 2562 vel
340 2536 504 2571 religionem
523 2541 659 2568 nostram,
673 2539 818 2570 postquam
834 2543 894 2563 eam
907 2540 951 2563 est

162 2582 334 2616 complexus,
353 2582 387 2608 ab
405 2589 437 2609 eo
464 2582 618 2617 accepisse.
639 2582 789 2609 Eusebium
816 2582 949 2617 l’atnpltili

162 2627 238 2659 audi,
258 2628 304 2661 qui
325 2628 434 2654 illorum
456 2633 579 2662 tempore
596 2628 700 2660 floruit,
716 2632 745 2655 et
760 2635 822 2654 cum
836 2628 877 2655 eis
890 2629 950 2662 plu-

162 2675 263 2700 rimunt
283 2673 345 2706 fttit,
370 2675 573 2701 consuetudine
592 2679 621 2701 et.
640 2674 762 2701 amicitia
783 2683 879 2701 eorum
899 2675 948 2701 ad-

163 2720 273 2746 tnodttttt
290 2728 367 2747 usus.
386 2720 425 2747 Tu
443 2729 562 2756 namque
577 2721 665 2748 solum
680 2728 819 2748 rumorem
835 2720 947 2747 mutila-

163 2771 221 2793 tum
248 2766 361 2793 ntundas
387 2767 499 2797 litteris.
522 2776 575 2795 nou
595 2768 740 2794 veritatem
765 2766 875 2801 ipsam:
901 2766 948 2800 qui

160 2813 242 2847 longo
256 2817 319 2846 post
336 2817 470 2853 tempore,
488 2814 539 2841 sub
556 2814 678 2840 Honorio
693 2818 720 2840 et
738 2813 865 2843 Arcadio.
883 2812 948 2847 qui-

161 2857 214 2885 bus
242 2858 383 2885 historiam
410 2863 483 2885 tuam
513 2859 660 2891 dedicasti,
685 2864 711 2886 et
738 2859 855 2887 fortasse
886 2863 947 2895 post

1003 2254 1138 2287 ἀποδείξω
1148 2254 1175 2281 δέ
1193 2263 1234 2281 σοι
1258 2256 1427 2289 σαφέστατα,
1447 2256 1484 2287 ὡς
1498 2257 1560 2283 οὐδὲ
1576 2257 1623 2284 τὸν
1650 2258 1707 2284 υἱὸν
1727 2258 1798 2293 Κρί-

1006 2309 1084 2333 σπον,
1101 2300 1159 2327 ἀλλ’
1172 2300 1233 2327 οὐδὲ
1248 2300 1296 2336 τὴν
1309 2302 1432 2336 γαμετὴν
1448 2303 1584 2333 Φαύσταν.
1600 2304 1713 2339 ἀπηνῶς
1724 2304 1797 2331 οὕτω

1003 2346 1202 2381 διεχειρίσατο·
1221 2346 1276 2373 οὐδ’
1299 2347 1345 2373 ἐπὶ
1358 2347 1392 2373 τὰ
1406 2347 1530 2383 ἡμέτερα
1548 2346 1630 2383 ἦλθεν
1646 2350 1793 2385 Αἰγυπτίῳ

1002 2395 1055 2420 τινὶ
1082 2395 1292 2429 συγγενόμενος,
1321 2395 1367 2429 ἀφ’
1392 2391 1422 2420 οῗ)
1448 2395 1503 2421 τῶν
1531 2396 1737 2429 νενομισμένων
1759 2398 1793 2431 τῇ

1003 2440 1137 2475 θρησκείᾳ
1151 2440 1278 2475 μετέσχε.
1296 2441 1351 2468 Καὶ
1368 2441 1399 2476 δὴ
1412 2442 1494 2468 ἄκουε
1516 2442 1639 2468 ῖὺσεόίου
1656 2443 1702 2469 τοῦ
1716 2444 1796 2478 Παμ-

1003 2485 1091 2519 φίλου,
1106 2485 1135 2517 ὃς
1149 2486 1206 2516 τοῖς
1222 2486 1335 2513 ἐκείνων
1356 2487 1463 2522 χρόνοις
1479 2488 1651 2523 συνήκμασε,
1667 2491 1714 2515 καὶ
1729 2498 1794 2516 συν-

1001 2531 1110 2566 εγένετο
1131 2531 1269 2564 πλεῖστον,
1284 2533 1394 2566 ὁμιλίας
1420 2533 1467 2559 καὶ
1492 2533 1582 2567 φιλίας
1613 2535 1728 2561 ἐκείνων
1752 2536 1793 2566 εἰς

1001 2579 1083 2612 κόρον
1095 2578 1318 2610 καταπολαύσας.
1329 2579 1365 2606 Σὺ
1377 2579 1431 2614 γὰρ
1445 2579 1477 2614 δὴ
1491 2581 1568 2614 μόλις
1580 2580 1665 2616 ἀκοὴν
1677 2582 1792 2617 γράφεις

1001 2625 1279 2660 ἡκρωτηριασμὲνην,
1295 2626 1376 2659 μήτοι
1392 2634 1422 2659 γε
1439 2626 1471 2661 δὴ
1482 2626 1613 2661 ἀλήθειαν
1628 2635 1635 2642 ·
1651 2629 1697 2655 ἐπὶ
1722 2630 1790 2655 πολὺ

1001 2670 1206 2704 καθυστερίζων
1224 2671 1271 2696 τοῦ
1288 2671 1397 2706 χρόνου,
1411 2672 1458 2698 ἐπὶ
1474 2672 1607 2708 Ὀνωρίου
1623 2676 1670 2701 καὶ
1690 2676 1792 2711 Ἀρκα-

1000 2716 1057 2742 δίου
1071 2717 1228 2751 γενόμενος,
1246 2713 1287 2747 οἷς
1315 2718 1362 2742 καὶ
1377 2717 1428 2753 τὴν
1453 2720 1620 2754 συγγραφὴν
1653 2720 1789 2754 ἕστησας·

1002 2762 1066 2793 ἴσως
1084 2761 1111 2787 δὲ
1131 2763 1177 2788 καὶ
1193 2762 1283 2796 πολλῷ
1301 2763 1447 2797 γενόμενος
1461 2764 1583 2800 ὕστερον.
1599 2764 1650 2792 υἷα
1664 2756 1690 2793 δί
1703 2767 1790 2793 Εὐσέ-

1001 2809 1059 2840 ϐιος
1076 2809 1089 2834 ὀ
1113 2809 1313 2844 Κωνσταντίνῳ
1331 2810 1378 2836 καὶ
1395 2811 1512 2847 Κρίσπῳ
1539 2815 1720 2848 συνακμάσας
1743 2816 1791 2841 καὶ

1001 2855 1197 2889 συγγενόμενος
1214 2856 1242 2881 ἐν
1258 2855 1296 2889 τῷ
1313 2855 1400 2892 ὀγδόῳ
1417 2858 1494 2893 τόμῳ
1514 2859 1563 2894 τῆς
1580 2860 1789 2897 συγγραφείσης
