  <div class='ocr_page' id='page_1' title='image "/cluster/home/n/w/nwhite01/storage/ocr_20150623/147/njp.32101010943429/131.png"; bbox 0 0 1915 3094; ppageno 0'>
   <div class='ocr_carea' id='block_1_1' title="bbox 186 160 234 192">
    <p class='ocr_par' dir='ltr' id='par_1_1' title="bbox 186 160 234 192">
     <span class='ocr_line' id='line_1_1' title="bbox 186 160 234 192; baseline 0 0"><span class='ocrx_word' id='word_1_1' title='bbox 186 160 234 192; x_wconf 66' lang='grc'><strong>2⁵1</strong></span> 
     </span>
    </p>
   </div>
   <div class='ocr_carea' id='block_1_2' title="bbox 790 159 1194 190">
    <p class='ocr_par' dir='ltr' id='par_1_2' title="bbox 790 159 1194 190">
     <span class='ocr_line' id='line_1_2' title="bbox 790 159 1194 190; baseline 0.002 -2"><span class='ocrx_word' id='word_1_2' title='bbox 790 159 1001 190; x_wconf 75' lang='lat' dir='ltr'><strong>NlCEl’llORl</strong></span> <span class='ocrx_word' id='word_1_3' title='bbox 1021 160 1194 190; x_wconf 76' lang='lat' dir='ltr'><strong>CALLISTI</strong></span> 
     </span>
    </p>
   </div>
   <div class='ocr_carea' id='block_1_3' title="bbox 1746 156 1802 188">
    <p class='ocr_par' dir='ltr' id='par_1_3' title="bbox 1746 156 1802 188">
     <span class='ocr_line' id='line_1_3' title="bbox 1746 156 1802 188; baseline -0.036 0"><span class='ocrx_word' id='word_1_4' title='bbox 1746 156 1802 188; x_wconf 64' lang='lat'><strong>252</strong></span> 
     </span>
    </p>
   </div>
   <div class='ocr_carea' id='block_1_4' title="bbox 186 213 964 252">
    <p class='ocr_par' dir='ltr' id='par_1_4' title="bbox 186 215 964 252">
     <span class='ocr_line' id='line_1_4' title="bbox 186 215 964 252; baseline 0.003 -10"><span class='ocrx_word' id='word_1_5' title='bbox 186 221 276 242; x_wconf 87' lang='lat' dir='ltr'><strong>autem</strong></span> <span class='ocrx_word' id='word_1_6' title='bbox 303 215 402 249; x_wconf 86' lang='lat' dir='ltr'><strong>templa</strong></span> <span class='ocrx_word' id='word_1_7' title='bbox 431 223 478 242; x_wconf 62' lang='lat' dir='ltr'><strong>sum</strong></span> <span class='ocrx_word' id='word_1_8' title='bbox 504 220 713 250; x_wconf 81' lang='lat' dir='ltr'><strong>recuperarunt.</strong></span> <span class='ocrx_word' id='word_1_9' title='bbox 739 217 816 251; x_wconf 75' lang='lat' dir='ltr'><strong>juxta</strong></span> <span class='ocrx_word' id='word_1_10' title='bbox 838 216 964 252; x_wconf 79' lang='lat' dir='ltr'><strong>Cypriani</strong></span> 
     </span>
    </p>
   </div>
   <div class='ocr_carea' id='block_1_5' title="bbox 1016 213 1803 252">
    <p class='ocr_par' dir='ltr' id='par_1_5' title="bbox 1022 213 1803 250">
     <span class='ocr_line' id='line_1_5' title="bbox 1022 213 1803 250; baseline -0.003 -8"><span class='ocrx_word' id='word_1_11' title='bbox 1022 216 1267 250; x_wconf 73' lang='grc' dir='ltr'>τατροπωσάμενος</span> <span class='ocrx_word' id='word_1_12' title='bbox 1290 213 1480 250; x_wconf 73' lang='grc' dir='ltr'>Βελισσάριος,</span> <span class='ocrx_word' id='word_1_13' title='bbox 1495 214 1590 240; x_wconf 79' lang='grc' dir='ltr'>ἔπειτα</span> <span class='ocrx_word' id='word_1_14' title='bbox 1603 213 1631 245; x_wconf 76' lang='grc' dir='ltr'>ἐς</span> <span class='ocrx_word' id='word_1_15' title='bbox 1653 213 1803 246; x_wconf 48' lang='lat' dir='ltr'><strong>Regiv-nov</strong></span> 
     </span>
    </p>
   </div>
   <div class='ocr_carea' id='block_1_6' title="bbox 187 261 968 297">
    <p class='ocr_par' dir='ltr' id='par_1_6' title="bbox 187 261 968 297">
     <span class='ocr_line' id='line_1_6' title="bbox 187 261 968 297; baseline 0.004 -10"><span class='ocrx_word' id='word_1_16' title='bbox 187 261 314 296; x_wconf 76' lang='lat' dir='ltr'><strong>martyris</strong></span> <span class='ocrx_word' id='word_1_17' title='bbox 328 261 544 294; x_wconf 64' lang='lat' dir='ltr'><strong>praedictionem.</strong></span> <span class='ocrx_word' id='word_1_18' title='bbox 558 261 597 288; x_wconf 77' lang='lat' dir='ltr'><strong>Ad</strong></span> <span class='ocrx_word' id='word_1_19' title='bbox 610 261 668 288; x_wconf 72' lang='lat' dir='ltr'><strong>lucc</strong></span> <span class='ocrx_word' id='word_1_20' title='bbox 679 261 828 296; x_wconf 68' lang='lat' dir='ltr'><strong>Procopius</strong></span> <span class='ocrx_word' id='word_1_21' title='bbox 842 262 888 290; x_wconf 80' lang='lat' dir='ltr'><strong>illa</strong></span> <span class='ocrx_word' id='word_1_22' title='bbox 900 270 968 297; x_wconf 90' lang='lat' dir='ltr'><strong>quo-</strong></span> 
     </span>
    </p>
   </div>
   <div class='ocr_carea' id='block_1_7' title="bbox 185 306 968 342">
    <p class='ocr_par' dir='ltr' id='par_1_7' title="bbox 185 306 968 342">
     <span class='ocr_line' id='line_1_7' title="bbox 185 306 968 342; baseline 0.006 -11"><span class='ocrx_word' id='word_1_23' title='bbox 185 314 239 342; x_wconf 88' lang='lat' dir='ltr'><strong>que</strong></span> <span class='ocrx_word' id='word_1_24' title='bbox 268 306 406 333; x_wconf 67' lang='lat' dir='ltr'><strong>memoriae</strong></span> <span class='ocrx_word' id='word_1_25' title='bbox 431 307 600 341; x_wconf 80' lang='lat' dir='ltr'><strong>posteritatis</strong></span> <span class='ocrx_word' id='word_1_26' title='bbox 625 308 836 335; x_wconf 90' lang='lat' dir='ltr'><strong>commendavit.</strong></span> <span class='ocrx_word' id='word_1_27' title='bbox 864 308 968 336; x_wconf 86' lang='lat' dir='ltr'><strong>Belisa-</strong></span> 
     </span>
    </p>
   </div>
   <div class='ocr_carea' id='block_1_8' title="bbox 187 352 969 390">
    <p class='ocr_par' dir='ltr' id='par_1_8' title="bbox 187 352 969 390">
     <span class='ocr_line' id='line_1_8' title="bbox 187 352 969 390; baseline 0.003 -10"><span class='ocrx_word' id='word_1_28' title='bbox 187 353 269 385; x_wconf 79' lang='lat' dir='ltr'><strong>rium.</strong></span> <span class='ocrx_word' id='word_1_29' title='bbox 288 352 334 380; x_wconf 91' lang='lat' dir='ltr'><strong>ubi</strong></span> <span class='ocrx_word' id='word_1_30' title='bbox 348 352 381 379; x_wconf 89' lang='lat' dir='ltr'><strong>de</strong></span> <span class='ocrx_word' id='word_1_31' title='bbox 395 352 524 379; x_wconf 84' lang='lat' dir='ltr'><strong>Vandalis</strong></span> <span class='ocrx_word' id='word_1_32' title='bbox 543 353 622 380; x_wconf 89' lang='lat' dir='ltr'><strong>victis</strong></span> <span class='ocrx_word' id='word_1_33' title='bbox 638 357 738 388; x_wconf 69' lang='lat' dir='ltr'><strong>tropaea</strong></span> <span class='ocrx_word' id='word_1_34' title='bbox 752 354 904 386; x_wconf 89' lang='lat' dir='ltr'><strong>statuisset,</strong></span> <span class='ocrx_word' id='word_1_35' title='bbox 919 354 969 390; x_wconf 82' lang='lat' dir='ltr'><strong>By—</strong></span> 
     </span>
    </p>
   </div>
   <div class='ocr_carea' id='block_1_9' title="bbox 185 397 966 434">
    <p class='ocr_par' dir='ltr' id='par_1_9' title="bbox 185 397 966 434">
     <span class='ocr_line' id='line_1_9' title="bbox 185 397 966 434; baseline 0.001 -8"><span class='ocrx_word' id='word_1_36' title='bbox 185 399 306 426; x_wconf 87' lang='lat' dir='ltr'><strong>zantium</strong></span> <span class='ocrx_word' id='word_1_37' title='bbox 325 397 441 425; x_wconf 84' lang='lat' dir='ltr'><strong>rediisse</strong></span> <span class='ocrx_word' id='word_1_38' title='bbox 468 405 529 425; x_wconf 90' lang='lat' dir='ltr'><strong>cum</strong></span> <span class='ocrx_word' id='word_1_39' title='bbox 553 398 650 432; x_wconf 89' lang='lat' dir='ltr'><strong>spoliis</strong></span> <span class='ocrx_word' id='word_1_40' title='bbox 675 403 703 426; x_wconf 88' lang='lat' dir='ltr'><strong>et</strong></span> <span class='ocrx_word' id='word_1_41' title='bbox 728 399 801 426; x_wconf 89' lang='lat' dir='ltr'><strong>bello</strong></span> <span class='ocrx_word' id='word_1_42' title='bbox 825 404 966 434; x_wconf 88' lang='lat' dir='ltr'><strong>captorum</strong></span> 
     </span>
    </p>
   </div>
   <div class='ocr_carea' id='block_1_10' title="bbox 185 443 968 481">
    <p class='ocr_par' dir='ltr' id='par_1_10' title="bbox 185 443 968 481">
     <span class='ocr_line' id='line_1_10' title="bbox 185 443 968 481; baseline 0 -9"><span class='ocrx_word' id='word_1_43' title='bbox 185 444 328 472; x_wconf 88' lang='lat' dir='ltr'><strong>hominum</strong></span> <span class='ocrx_word' id='word_1_44' title='bbox 344 443 520 481; x_wconf 66' lang='lat' dir='ltr'><strong>multitudine</strong></span> <span class='ocrx_word' id='word_1_45' title='bbox 537 444 640 477; x_wconf 69' lang='lat' dir='ltr'><strong>ingenti</strong></span> <span class='ocrx_word' id='word_1_46' title='bbox 657 454 664 472; x_wconf 88' lang='lat'><strong>:</strong></span> <span class='ocrx_word' id='word_1_47' title='bbox 689 444 717 472; x_wconf 91' lang='lat' dir='ltr'><strong>in</strong></span> <span class='ocrx_word' id='word_1_48' title='bbox 738 445 838 479; x_wconf 87' lang='lat' dir='ltr'><strong>quibus</strong></span> <span class='ocrx_word' id='word_1_49' title='bbox 858 449 885 472; x_wconf 85' lang='lat' dir='ltr'><strong>et</strong></span> <span class='ocrx_word' id='word_1_50' title='bbox 897 445 968 474; x_wconf 88' lang='lat' dir='ltr'><strong>Geli-</strong></span> 
     </span>
    </p>
   </div>
   <div class='ocr_carea' id='block_1_11' title="bbox 185 490 967 526">
    <p class='ocr_par' dir='ltr' id='par_1_11' title="bbox 185 490 967 526">
     <span class='ocr_line' id='line_1_11' title="bbox 185 490 967 526; baseline 0.003 -8"><span class='ocrx_word' id='word_1_51' title='bbox 185 498 244 518; x_wconf 89' lang='lat' dir='ltr'><strong>mer</strong></span> <span class='ocrx_word' id='word_1_52' title='bbox 257 490 367 517; x_wconf 88' lang='lat' dir='ltr'><strong>illorum</strong></span> <span class='ocrx_word' id='word_1_53' title='bbox 385 490 440 517; x_wconf 82' lang='lat' dir='ltr'><strong>dux</strong></span> <span class='ocrx_word' id='word_1_54' title='bbox 455 490 518 517; x_wconf 87' lang='lat' dir='ltr'><strong>i&#39;nit.</strong></span> <span class='ocrx_word' id='word_1_55' title='bbox 542 490 722 526; x_wconf 78' lang='lat' dir='ltr'><strong>Triumphum</strong></span> <span class='ocrx_word' id='word_1_56' title='bbox 741 490 797 526; x_wconf 79' lang='lat' dir='ltr'><strong>egit</strong></span> <span class='ocrx_word' id='word_1_57' title='bbox 819 492 967 520; x_wconf 82' lang='lat' dir='ltr'><strong>Belisarius</strong></span> 
     </span>
    </p>
   </div>
   <div class='ocr_carea' id='block_1_12' title="bbox 184 536 968 570">
    <p class='ocr_par' dir='ltr' id='par_1_12' title="bbox 184 536 968 570">
     <span class='ocr_line' id='line_1_12' title="bbox 184 536 968 570; baseline 0.004 -8"><span class='ocrx_word' id='word_1_58' title='bbox 184 537 213 563; x_wconf 84' lang='lat' dir='ltr'><strong>in</strong></span> <span class='ocrx_word' id='word_1_59' title='bbox 240 536 422 570; x_wconf 86' lang='lat' dir='ltr'><strong>hippodromo</strong></span> <span class='ocrx_word' id='word_1_60' title='bbox 440 544 447 562; x_wconf 89' lang='lat'><strong>:</strong></span> <span class='ocrx_word' id='word_1_61' title='bbox 474 537 500 563; x_wconf 91' lang='lat' dir='ltr'><strong>in</strong></span> <span class='ocrx_word' id='word_1_62' title='bbox 517 543 571 570; x_wconf 87' lang='lat' dir='ltr'><strong>quo</strong></span> <span class='ocrx_word' id='word_1_63' title='bbox 586 543 648 563; x_wconf 92' lang='lat' dir='ltr'><strong>cum</strong></span> <span class='ocrx_word' id='word_1_64' title='bbox 669 537 721 564; x_wconf 88' lang='lat' dir='ltr'><strong>alia</strong></span> <span class='ocrx_word' id='word_1_65' title='bbox 742 538 828 565; x_wconf 86' lang='lat' dir='ltr'><strong>multa</strong></span> <span class='ocrx_word' id='word_1_66' title='bbox 849 538 968 565; x_wconf 85' lang='lat' dir='ltr'><strong>admira-</strong></span> 
     </span>
    </p>
   </div>
   <div class='ocr_carea' id='block_1_13' title="bbox 186 582 968 619">
    <p class='ocr_par' dir='ltr' id='par_1_13' title="bbox 186 582 968 619">
     <span class='ocr_line' id='line_1_13' title="bbox 186 582 968 619; baseline 0.003 -10"><span class='ocrx_word' id='word_1_67' title='bbox 186 583 260 610; x_wconf 86' lang='lat' dir='ltr'><strong>tione</strong></span> <span class='ocrx_word' id='word_1_68' title='bbox 275 583 366 617; x_wconf 74' lang='lat' dir='ltr'><strong>digna,</strong></span> <span class='ocrx_word' id='word_1_69' title='bbox 392 587 449 609; x_wconf 92' lang='lat' dir='ltr'><strong>tum</strong></span> <span class='ocrx_word' id='word_1_70' title='bbox 467 583 605 617; x_wconf 75' lang='lat' dir='ltr'><strong>prmcipue</strong></span> <span class='ocrx_word' id='word_1_71' title='bbox 627 582 739 610; x_wconf 90' lang='lat' dir='ltr'><strong>donaria</strong></span> <span class='ocrx_word' id='word_1_72' title='bbox 756 583 857 619; x_wconf 76' lang='lat' dir='ltr'><strong>ingenti</strong></span> <span class='ocrx_word' id='word_1_73' title='bbox 879 584 904 611; x_wconf 90' lang='lat' dir='ltr'><strong>vi</strong></span> <span class='ocrx_word' id='word_1_74' title='bbox 921 592 968 617; x_wconf 90' lang='lat' dir='ltr'><strong>pe-</strong></span> 
     </span>
    </p>
   </div>
   <div class='ocr_carea' id='block_1_14' title="bbox 186 627 968 662">
    <p class='ocr_par' dir='ltr' id='par_1_14' title="bbox 186 627 968 662">
     <span class='ocr_line' id='line_1_14' title="bbox 186 627 968 662; baseline 0.003 -8"><span class='ocrx_word' id='word_1_75' title='bbox 186 627 328 654; x_wconf 88' lang='lat' dir='ltr'><strong>cuniarum</strong></span> <span class='ocrx_word' id='word_1_76' title='bbox 353 627 497 659; x_wconf 68' lang='lat' dir='ltr'><strong>restimala,</strong></span> <span class='ocrx_word' id='word_1_77' title='bbox 525 632 631 662; x_wconf 87' lang='lat' dir='ltr'><strong>portata</strong></span> <span class='ocrx_word' id='word_1_78' title='bbox 653 633 737 655; x_wconf 88' lang='lat' dir='ltr'><strong>sunt:</strong></span> <span class='ocrx_word' id='word_1_79' title='bbox 767 635 826 662; x_wconf 72' lang='lat' dir='ltr'><strong>qum</strong></span> <span class='ocrx_word' id='word_1_80' title='bbox 854 628 968 657; x_wconf 88' lang='lat' dir='ltr'><strong>donaria</strong></span> 
     </span>
    </p>
   </div>
   <div class='ocr_carea' id='block_1_15' title="bbox 186 672 967 706">
    <p class='ocr_par' dir='ltr' id='par_1_15' title="bbox 186 672 967 706">
     <span class='ocr_line' id='line_1_15' title="bbox 186 672 967 706; baseline 0.003 -6"><span class='ocrx_word' id='word_1_81' title='bbox 186 672 385 700; x_wconf 84' lang='lat' dir='ltr'><strong>Genzerichum</strong></span> <span class='ocrx_word' id='word_1_82' title='bbox 396 677 476 700; x_wconf 86' lang='lat' dir='ltr'><strong>antea</strong></span> <span class='ocrx_word' id='word_1_83' title='bbox 489 673 607 700; x_wconf 82' lang='lat' dir='ltr'><strong>diximus</strong></span> <span class='ocrx_word' id='word_1_84' title='bbox 616 673 709 700; x_wconf 59' lang='lat' dir='ltr'><strong>Romae</strong></span> <span class='ocrx_word' id='word_1_85' title='bbox 720 681 892 706; x_wconf 72' lang='lat' dir='ltr'><strong>convasasse,</strong></span> <span class='ocrx_word' id='word_1_86' title='bbox 904 683 967 702; x_wconf 88' lang='lat' dir='ltr'><strong>cum</strong></span> 
     </span>
    </p>
   </div>
   <div class='ocr_carea' id='block_1_16' title="bbox 186 717 968 754">
    <p class='ocr_par' dir='ltr' id='par_1_16' title="bbox 186 717 968 754">
     <span class='ocr_line' id='line_1_16' title="bbox 186 717 968 754; baseline 0.005 -9"><span class='ocrx_word' id='word_1_87' title='bbox 186 718 223 745; x_wconf 85' lang='lat' dir='ltr'><strong>ibi</strong></span> <span class='ocrx_word' id='word_1_88' title='bbox 240 717 267 745; x_wconf 89' lang='lat' dir='ltr'><strong>in</strong></span> <span class='ocrx_word' id='word_1_89' title='bbox 285 718 387 752; x_wconf 75' lang='lat' dir='ltr'><strong>regiam</strong></span> <span class='ocrx_word' id='word_1_90' title='bbox 411 723 537 754; x_wconf 88' lang='lat' dir='ltr'><strong>receptus</strong></span> <span class='ocrx_word' id='word_1_91' title='bbox 551 723 634 751; x_wconf 82' lang='lat' dir='ltr'><strong>esset,</strong></span> <span class='ocrx_word' id='word_1_92' title='bbox 649 723 676 745; x_wconf 85' lang='lat' dir='ltr'><strong>et</strong></span> <span class='ocrx_word' id='word_1_93' title='bbox 692 720 791 754; x_wconf 86' lang='lat' dir='ltr'><strong>templa</strong></span> <span class='ocrx_word' id='word_1_94' title='bbox 813 719 968 750; x_wconf 90' lang='lat' dir='ltr'><strong>invasisset.</strong></span> 
     </span>
    </p>
   </div>
   <div class='ocr_carea' id='block_1_17' title="bbox 186 763 968 800">
    <p class='ocr_par' dir='ltr' id='par_1_17' title="bbox 186 763 968 800">
     <span class='ocr_line' id='line_1_17' title="bbox 186 763 968 800; baseline 0.004 -10"><span class='ocrx_word' id='word_1_95' title='bbox 186 764 245 797; x_wconf 87' lang='lat' dir='ltr'><strong>Quo</strong></span> <span class='ocrx_word' id='word_1_96' title='bbox 271 769 395 798; x_wconf 86' lang='lat' dir='ltr'><strong>tempore</strong></span> <span class='ocrx_word' id='word_1_97' title='bbox 418 765 525 792; x_wconf 88' lang='lat' dir='ltr'><strong>scilicet</strong></span> <span class='ocrx_word' id='word_1_98' title='bbox 552 763 674 791; x_wconf 78' lang='lat' dir='ltr'><strong>Eudoxia</strong></span> <span class='ocrx_word' id='word_1_99' title='bbox 698 764 894 797; x_wconf 78' lang='lat' dir='ltr'><strong>Valentiniani.</strong></span> <span class='ocrx_word' id='word_1_100' title='bbox 921 766 968 800; x_wconf 88' lang='lat' dir='ltr'><strong>qui</strong></span> 
     </span>
    </p>
   </div>
   <div class='ocr_carea' id='block_1_18' title="bbox 185 809 967 845">
    <p class='ocr_par' dir='ltr' id='par_1_18' title="bbox 185 809 967 845">
     <span class='ocr_line' id='line_1_18' title="bbox 185 809 967 845; baseline 0.003 -9"><span class='ocrx_word' id='word_1_101' title='bbox 185 809 359 837; x_wconf 85' lang='lat' dir='ltr'><strong>Occidentale</strong></span> <span class='ocrx_word' id='word_1_102' title='bbox 393 810 559 845; x_wconf 77' lang='lat' dir='ltr'><strong>gubernavit</strong></span> <span class='ocrx_word' id='word_1_103' title='bbox 591 810 749 844; x_wconf 89' lang='lat' dir='ltr'><strong>imperium,</strong></span> <span class='ocrx_word' id='word_1_104' title='bbox 774 810 884 845; x_wconf 76' lang='lat' dir='ltr'><strong>coniux,</strong></span> <span class='ocrx_word' id='word_1_105' title='bbox 917 811 967 838; x_wconf 90' lang='lat' dir='ltr'><strong>sub</strong></span> 
     </span>
    </p>
   </div>
   <div class='ocr_carea' id='block_1_19' title="bbox 185 855 969 891">
    <p class='ocr_par' dir='ltr' id='par_1_19' title="bbox 185 855 969 891">
     <span class='ocr_line' id='line_1_19' title="bbox 185 855 969 891; baseline 0.001 -9"><span class='ocrx_word' id='word_1_106' title='bbox 185 855 301 882; x_wconf 78' lang='lat' dir='ltr'><strong>Maximo</strong></span> <span class='ocrx_word' id='word_1_107' title='bbox 315 859 441 891; x_wconf 76' lang='lat' dir='ltr'><strong>tyranno,</strong></span> <span class='ocrx_word' id='word_1_108' title='bbox 454 860 599 889; x_wconf 82' lang='lat' dir='ltr'><strong>postquam</strong></span> <span class='ocrx_word' id='word_1_109' title='bbox 615 855 695 882; x_wconf 82' lang='lat' dir='ltr'><strong>simul</strong></span> <span class='ocrx_word' id='word_1_110' title='bbox 708 860 736 882; x_wconf 87' lang='lat' dir='ltr'><strong>ct</strong></span> <span class='ocrx_word' id='word_1_111' title='bbox 750 855 839 882; x_wconf 84' lang='lat' dir='ltr'><strong>virum</strong></span> <span class='ocrx_word' id='word_1_112' title='bbox 855 863 904 890; x_wconf 88' lang='lat' dir='ltr'><strong>per</strong></span> <span class='ocrx_word' id='word_1_113' title='bbox 918 863 969 883; x_wconf 65' lang='lat' dir='ltr'><strong>cat-</strong></span> 
     </span>
    </p>
   </div>
   <div class='ocr_carea' id='block_1_20' title="bbox 185 895 1004 936">
    <p class='ocr_par' dir='ltr' id='par_1_20' title="bbox 185 895 1004 936">
     <span class='ocr_line' id='line_1_20' title="bbox 185 895 1004 936; baseline 0.002 -9"><span class='ocrx_word' id='word_1_114' title='bbox 185 902 246 929; x_wconf 86' lang='lat' dir='ltr'><strong>dem</strong></span> <span class='ocrx_word' id='word_1_115' title='bbox 264 901 410 934; x_wconf 83' lang='lat' dir='ltr'><strong>amisisset,</strong></span> <span class='ocrx_word' id='word_1_116' title='bbox 428 905 456 928; x_wconf 91' lang='lat' dir='ltr'><strong>et</strong></span> <span class='ocrx_word' id='word_1_117' title='bbox 470 901 497 928; x_wconf 90' lang='lat' dir='ltr'><strong>in</strong></span> <span class='ocrx_word' id='word_1_118' title='bbox 517 901 672 928; x_wconf 83' lang='lat' dir='ltr'><strong>castitatem</strong></span> <span class='ocrx_word' id='word_1_119' title='bbox 685 901 744 936; x_wconf 86' lang='lat' dir='ltr'><strong>ejus</strong></span> <span class='ocrx_word' id='word_1_120' title='bbox 758 901 867 929; x_wconf 86' lang='lat' dir='ltr'><strong>illusum</strong></span> <span class='ocrx_word' id='word_1_121' title='bbox 882 907 966 935; x_wconf 87' lang='lat' dir='ltr'><strong>esset,</strong></span> <span class='ocrx_word' id='word_1_122' title='bbox 981 895 1004 926; x_wconf 81' lang='grc' dir='ltr'><strong>Β</strong></span> 
     </span>
    </p>
   </div>
   <div class='ocr_carea' id='block_1_21' title="bbox 183 947 968 983">
    <p class='ocr_par' dir='ltr' id='par_1_21' title="bbox 183 947 968 983">
     <span class='ocr_line' id='line_1_21' title="bbox 183 947 968 983; baseline 0.001 -9"><span class='ocrx_word' id='word_1_123' title='bbox 183 955 247 974; x_wconf 87' lang='lat' dir='ltr'><strong>cum</strong></span> <span class='ocrx_word' id='word_1_124' title='bbox 266 947 401 980; x_wconf 82' lang='lat' dir='ltr'><strong>evocavit,</strong></span> <span class='ocrx_word' id='word_1_125' title='bbox 417 947 528 975; x_wconf 90' lang='lat' dir='ltr'><strong>ductum</strong></span> <span class='ocrx_word' id='word_1_126' title='bbox 548 947 572 974; x_wconf 91' lang='lat' dir='ltr'><strong>ei</strong></span> <span class='ocrx_word' id='word_1_127' title='bbox 597 951 679 982; x_wconf 87' lang='lat' dir='ltr'><strong>atque</strong></span> <span class='ocrx_word' id='word_1_128' title='bbox 703 947 854 983; x_wconf 75' lang='lat' dir='ltr'><strong>ingressum</strong></span> <span class='ocrx_word' id='word_1_129' title='bbox 872 949 898 975; x_wconf 92' lang='lat' dir='ltr'><strong>in</strong></span> <span class='ocrx_word' id='word_1_130' title='bbox 921 956 968 975; x_wconf 90' lang='lat' dir='ltr'><strong>ur-</strong></span> 
     </span>
    </p>
   </div>
   <div class='ocr_carea' id='block_1_22' title="bbox 185 993 966 1028">
    <p class='ocr_par' dir='ltr' id='par_1_22' title="bbox 185 993 966 1028">
     <span class='ocr_line' id='line_1_22' title="bbox 185 993 966 1028; baseline 0.001 -9"><span class='ocrx_word' id='word_1_131' title='bbox 185 993 248 1020; x_wconf 87' lang='lat' dir='ltr'><strong>bem</strong></span> <span class='ocrx_word' id='word_1_132' title='bbox 271 993 421 1020; x_wconf 85' lang='lat' dir='ltr'><strong>Romanam</strong></span> <span class='ocrx_word' id='word_1_133' title='bbox 443 993 575 1028; x_wconf 83' lang='lat' dir='ltr'><strong>pollicita.</strong></span> <span class='ocrx_word' id='word_1_134' title='bbox 595 993 632 1020; x_wconf 89' lang='lat' dir='ltr'><strong>lbi</strong></span> <span class='ocrx_word' id='word_1_135' title='bbox 649 1000 713 1020; x_wconf 86' lang='lat' dir='ltr'><strong>vero</strong></span> <span class='ocrx_word' id='word_1_136' title='bbox 739 993 786 1021; x_wconf 87' lang='lat' dir='ltr'><strong>ille</strong></span> <span class='ocrx_word' id='word_1_137' title='bbox 811 999 839 1021; x_wconf 85' lang='lat' dir='ltr'><strong>et</strong></span> <span class='ocrx_word' id='word_1_138' title='bbox 852 993 966 1021; x_wconf 82' lang='lat' dir='ltr'><strong>Romam</strong></span> 
     </span>
    </p>
   </div>
   <div class='ocr_carea' id='block_1_23' title="bbox 184 1038 966 1073">
    <p class='ocr_par' dir='ltr' id='par_1_23' title="bbox 184 1038 966 1073">
     <span class='ocr_line' id='line_1_23' title="bbox 184 1038 966 1073; baseline 0.004 -9"><span class='ocrx_word' id='word_1_139' title='bbox 184 1038 240 1073; x_wconf 63' lang='lat' dir='ltr'><strong>igni</strong></span> <span class='ocrx_word' id='word_1_140' title='bbox 256 1038 382 1071; x_wconf 76' lang='lat' dir='ltr'><strong>vastavit,</strong></span> <span class='ocrx_word' id='word_1_141' title='bbox 399 1043 426 1066; x_wconf 88' lang='lat' dir='ltr'><strong>et</strong></span> <span class='ocrx_word' id='word_1_142' title='bbox 440 1038 592 1066; x_wconf 85' lang='lat' dir='ltr'><strong>Eudoxiam</strong></span> <span class='ocrx_word' id='word_1_143' title='bbox 608 1046 671 1066; x_wconf 91' lang='lat' dir='ltr'><strong>cum</strong></span> <span class='ocrx_word' id='word_1_144' title='bbox 689 1039 796 1066; x_wconf 90' lang='lat' dir='ltr'><strong>duabus</strong></span> <span class='ocrx_word' id='word_1_145' title='bbox 810 1038 918 1067; x_wconf 89' lang='lat' dir='ltr'><strong>ﬁliabus</strong></span> <span class='ocrx_word' id='word_1_146' title='bbox 932 1039 966 1067; x_wconf 88' lang='lat' dir='ltr'><strong>ad</strong></span> 
     </span>
    </p>
   </div>
   <div class='ocr_carea' id='block_1_24' title="bbox 183 1084 967 1120">
    <p class='ocr_par' dir='ltr' id='par_1_24' title="bbox 183 1084 967 1120">
     <span class='ocr_line' id='line_1_24' title="bbox 183 1084 967 1120; baseline 0.003 -9"><span class='ocrx_word' id='word_1_147' title='bbox 183 1084 321 1112; x_wconf 83' lang='lat' dir='ltr'><strong>Vandalos</strong></span> <span class='ocrx_word' id='word_1_148' title='bbox 336 1084 460 1113; x_wconf 78' lang='lat' dir='ltr'><strong>abduxit.</strong></span> <span class='ocrx_word' id='word_1_149' title='bbox 477 1085 556 1120; x_wconf 81' lang='lat'><strong>753</strong></span> <span class='ocrx_word' id='word_1_150' title='bbox 574 1085 612 1112; x_wconf 87' lang='lat' dir='ltr'><strong>Eo</strong></span> <span class='ocrx_word' id='word_1_151' title='bbox 627 1086 686 1120; x_wconf 89' lang='lat' dir='ltr'><strong>ipso</strong></span> <span class='ocrx_word' id='word_1_152' title='bbox 702 1089 825 1120; x_wconf 88' lang='lat' dir='ltr'><strong>tempore</strong></span> <span class='ocrx_word' id='word_1_153' title='bbox 839 1093 892 1113; x_wconf 87' lang='lat' dir='ltr'><strong>una</strong></span> <span class='ocrx_word' id='word_1_154' title='bbox 905 1093 967 1114; x_wconf 92' lang='lat' dir='ltr'><strong>cum</strong></span> 
     </span>
    </p>
   </div>
   <div class='ocr_carea' id='block_1_25' title="bbox 183 1122 967 1167">
    <p class='ocr_par' dir='ltr' id='par_1_25' title="bbox 183 1122 967 1167">
     <span class='ocr_line' id='line_1_25' title="bbox 183 1122 967 1167; baseline 0.004 -11"><span class='ocrx_word' id='word_1_155' title='bbox 183 1129 244 1157; x_wconf 84' lang='lat' dir='ltr'><strong>aliis</strong></span> <span class='ocrx_word' id='word_1_156' title='bbox 262 1131 369 1158; x_wconf 84' lang='lat' dir='ltr'><strong>eximiis</strong></span> <span class='ocrx_word' id='word_1_157' title='bbox 382 1131 459 1159; x_wconf 91' lang='lat' dir='ltr'><strong>urbis</strong></span> <span class='ocrx_word' id='word_1_158' title='bbox 474 1131 643 1158; x_wconf 82' lang='lat' dir='ltr'><strong>ornamentis</strong></span> <span class='ocrx_word' id='word_1_159' title='bbox 660 1122 743 1158; x_wconf 76' lang='lat' dir='ltr'><strong>etiam</strong></span> <span class='ocrx_word' id='word_1_160' title='bbox 754 1131 878 1165; x_wconf 87' lang='lat' dir='ltr'><strong>donaria,</strong></span> <span class='ocrx_word' id='word_1_161' title='bbox 891 1139 967 1167; x_wconf 70' lang='lat' dir='ltr'><strong>quae-</strong></span> 
     </span>
    </p>
   </div>
   <div class='ocr_carea' id='block_1_26' title="bbox 183 1176 969 1213">
    <p class='ocr_par' dir='ltr' id='par_1_26' title="bbox 183 1176 969 1213">
     <span class='ocr_line' id='line_1_26' title="bbox 183 1176 969 1213; baseline 0.003 -11"><span class='ocrx_word' id='word_1_162' title='bbox 183 1184 293 1210; x_wconf 89' lang='lat' dir='ltr'><strong>cunque</strong></span> <span class='ocrx_word' id='word_1_163' title='bbox 317 1176 478 1211; x_wconf 84' lang='lat' dir='ltr'><strong>Vespasiani</strong></span> <span class='ocrx_word' id='word_1_164' title='bbox 501 1176 573 1203; x_wconf 91' lang='lat' dir='ltr'><strong>ﬁlius</strong></span> <span class='ocrx_word' id='word_1_165' title='bbox 592 1176 682 1209; x_wconf 86' lang='lat' dir='ltr'><strong>Titus,</strong></span> <span class='ocrx_word' id='word_1_166' title='bbox 705 1177 792 1212; x_wconf 83' lang='lat' dir='ltr'><strong>captis</strong></span> <span class='ocrx_word' id='word_1_167' title='bbox 813 1176 969 1213; x_wconf 81' lang='lat' dir='ltr'><strong>Hierosoly-</strong></span> 
     </span>
    </p>
   </div>
   <div class='ocr_carea' id='block_1_27' title="bbox 186 1221 965 1256">
    <p class='ocr_par' dir='ltr' id='par_1_27' title="bbox 186 1221 965 1256">
     <span class='ocr_line' id='line_1_27' title="bbox 186 1221 965 1256; baseline 0.003 -9"><span class='ocrx_word' id='word_1_168' title='bbox 186 1221 248 1252; x_wconf 86' lang='lat' dir='ltr'><strong>mis,</strong></span> <span class='ocrx_word' id='word_1_169' title='bbox 261 1221 376 1248; x_wconf 85' lang='lat' dir='ltr'><strong>Romam</strong></span> <span class='ocrx_word' id='word_1_170' title='bbox 388 1221 549 1256; x_wconf 86' lang='lat' dir='ltr'><strong>pertulerat,</strong></span> <span class='ocrx_word' id='word_1_171' title='bbox 563 1226 591 1249; x_wconf 91' lang='lat' dir='ltr'><strong>et</strong></span> <span class='ocrx_word' id='word_1_172' title='bbox 605 1221 733 1249; x_wconf 90' lang='lat' dir='ltr'><strong>Salomon</strong></span> <span class='ocrx_word' id='word_1_173' title='bbox 750 1222 887 1256; x_wconf 89' lang='lat' dir='ltr'><strong>quondam</strong></span> <span class='ocrx_word' id='word_1_174' title='bbox 899 1223 965 1255; x_wconf 87' lang='lat' dir='ltr'><strong>Deo,</strong></span> 
     </span>
    </p>
   </div>
   <div class='ocr_carea' id='block_1_28' title="bbox 185 1266 949 1301">
    <p class='ocr_par' dir='ltr' id='par_1_28' title="bbox 185 1266 949 1301">
     <span class='ocr_line' id='line_1_28' title="bbox 185 1266 949 1301; baseline 0.004 -10"><span class='ocrx_word' id='word_1_175' title='bbox 185 1274 266 1301; x_wconf 79' lang='lat' dir='ltr'><strong>quem</strong></span> <span class='ocrx_word' id='word_1_176' title='bbox 283 1267 309 1293; x_wconf 92' lang='lat' dir='ltr'><strong>in</strong></span> <span class='ocrx_word' id='word_1_177' title='bbox 325 1267 422 1301; x_wconf 83' lang='lat' dir='ltr'><strong>primis</strong></span> <span class='ocrx_word' id='word_1_178' title='bbox 435 1266 531 1300; x_wconf 90' lang='lat' dir='ltr'><strong>coluit,</strong></span> <span class='ocrx_word' id='word_1_179' title='bbox 547 1266 697 1299; x_wconf 86' lang='lat' dir='ltr'><strong>dicaverat,</strong></span> <span class='ocrx_word' id='word_1_180' title='bbox 718 1266 906 1294; x_wconf 87' lang='lat' dir='ltr'><strong>Genzcrichus</strong></span> <span class='ocrx_word' id='word_1_181' title='bbox 921 1275 949 1294; x_wconf 84' lang='lat' dir='ltr'><strong>ra</strong></span> 
     </span>
    </p>
   </div>
   <div class='ocr_carea' id='block_1_29' title="bbox 183 1312 965 1347">
    <p class='ocr_par' dir='ltr' id='par_1_29' title="bbox 183 1312 965 1347">
     <span class='ocr_line' id='line_1_29' title="bbox 183 1312 965 1347; baseline 0.001 -8"><span class='ocrx_word' id='word_1_182' title='bbox 183 1313 254 1347; x_wconf 92' lang='lat' dir='ltr'><strong>puit.</strong></span> <span class='ocrx_word' id='word_1_183' title='bbox 277 1312 343 1346; x_wconf 64' lang='lat' dir='ltr'><strong>Qum</strong></span> <span class='ocrx_word' id='word_1_184' title='bbox 369 1312 479 1347; x_wconf 86' lang='lat' dir='ltr'><strong>quidem</strong></span> <span class='ocrx_word' id='word_1_185' title='bbox 506 1313 597 1340; x_wconf 91' lang='lat' dir='ltr'><strong>omnia</strong></span> <span class='ocrx_word' id='word_1_186' title='bbox 627 1312 812 1345; x_wconf 86' lang='lat' dir='ltr'><strong>Justinianus,</strong></span> <span class='ocrx_word' id='word_1_187' title='bbox 826 1313 965 1341; x_wconf 82' lang='lat' dir='ltr'><strong>Christum</strong></span> 
     </span>
    </p>
   </div>
   <div class='ocr_carea' id='block_1_30' title="bbox 182 1358 965 1393">
    <p class='ocr_par' dir='ltr' id='par_1_30' title="bbox 182 1358 965 1393">
     <span class='ocr_line' id='line_1_30' title="bbox 182 1358 965 1393; baseline 0 -7"><span class='ocrx_word' id='word_1_188' title='bbox 182 1359 268 1386; x_wconf 84' lang='lat' dir='ltr'><strong>Deum</strong></span> <span class='ocrx_word' id='word_1_189' title='bbox 281 1364 404 1386; x_wconf 92' lang='lat' dir='ltr'><strong>nostrum</strong></span> <span class='ocrx_word' id='word_1_190' title='bbox 418 1358 531 1386; x_wconf 87' lang='lat' dir='ltr'><strong>miriﬁce</strong></span> <span class='ocrx_word' id='word_1_191' title='bbox 543 1358 692 1390; x_wconf 87' lang='lat' dir='ltr'><strong>bonorans,</strong></span> <span class='ocrx_word' id='word_1_192' title='bbox 708 1358 905 1393; x_wconf 85' lang='lat' dir='ltr'><strong>Hierosolyma,</strong></span> <span class='ocrx_word' id='word_1_193' title='bbox 918 1359 965 1387; x_wconf 93' lang='lat' dir='ltr'><strong>ubi</strong></span> 
     </span>
    </p>
   </div>
   <div class='ocr_carea' id='block_1_31' title="bbox 182 1404 966 1440">
    <p class='ocr_par' dir='ltr' id='par_1_31' title="bbox 182 1404 966 1440">
     <span class='ocr_line' id='line_1_31' title="bbox 182 1404 966 1440; baseline 0.001 -9"><span class='ocrx_word' id='word_1_194' title='bbox 182 1404 259 1440; x_wconf 74' lang='lat' dir='ltr'><strong>prius</strong></span> <span class='ocrx_word' id='word_1_195' title='bbox 267 1412 375 1439; x_wconf 85' lang='lat' dir='ltr'><strong>quoque</strong></span> <span class='ocrx_word' id='word_1_196' title='bbox 389 1408 547 1432; x_wconf 88' lang='lat' dir='ltr'><strong>consecrata</strong></span> <span class='ocrx_word' id='word_1_197' title='bbox 559 1404 667 1431; x_wconf 83' lang='lat' dir='ltr'><strong>fuerant</strong></span> <span class='ocrx_word' id='word_1_198' title='bbox 677 1405 792 1432; x_wconf 84' lang='lat' dir='ltr'><strong>remisit.</strong></span> <span class='ocrx_word' id='word_1_199' title='bbox 807 1404 878 1432; x_wconf 88' lang='lat' dir='ltr'><strong>Dicit</strong></span> <span class='ocrx_word' id='word_1_200' title='bbox 889 1405 966 1433; x_wconf 85' lang='lat' dir='ltr'><strong>insu-</strong></span> 
     </span>
    </p>
   </div>
   <div class='ocr_carea' id='block_1_32' title="bbox 182 1450 974 1486">
    <p class='ocr_par' dir='ltr' id='par_1_32' title="bbox 182 1450 974 1486">
     <span class='ocr_line' id='line_1_32' title="bbox 182 1450 974 1486; baseline 0.001 -9"><span class='ocrx_word' id='word_1_201' title='bbox 182 1459 232 1485; x_wconf 80' lang='lat' dir='ltr'><strong>per</strong></span> <span class='ocrx_word' id='word_1_202' title='bbox 248 1451 319 1478; x_wconf 87' lang='lat' dir='ltr'><strong>idem</strong></span> <span class='ocrx_word' id='word_1_203' title='bbox 336 1451 488 1485; x_wconf 84' lang='lat' dir='ltr'><strong>Procopius</strong></span> <span class='ocrx_word' id='word_1_204' title='bbox 506 1450 671 1478; x_wconf 87' lang='lat' dir='ltr'><strong>Gelimerem</strong></span> <span class='ocrx_word' id='word_1_205' title='bbox 689 1450 725 1485; x_wconf 78' lang='grc' dir='ltr'><strong>(Ι)</strong></span> <span class='ocrx_word' id='word_1_206' title='bbox 749 1454 806 1478; x_wconf 91' lang='lat' dir='ltr'><strong>tum</strong></span> <span class='ocrx_word' id='word_1_207' title='bbox 823 1452 852 1478; x_wconf 95' lang='lat' dir='ltr'><strong>in</strong></span> <span class='ocrx_word' id='word_1_208' title='bbox 871 1451 974 1486; x_wconf 49' lang='lat' dir='ltr'><strong>hippom</strong></span> 
     </span>
    </p>
   </div>
   <div class='ocr_carea' id='block_1_33' title="bbox 183 1488 965 1532">
    <p class='ocr_par' dir='ltr' id='par_1_33' title="bbox 183 1488 965 1532">
     <span class='ocr_line' id='line_1_33' title="bbox 183 1488 965 1532; baseline 0 -8"><span class='ocrx_word' id='word_1_209' title='bbox 183 1499 290 1529; x_wconf 88' lang='lat' dir='ltr'><strong>dromo,</strong></span> <span class='ocrx_word' id='word_1_210' title='bbox 304 1497 350 1524; x_wconf 89' lang='lat' dir='ltr'><strong>ubi</strong></span> <span class='ocrx_word' id='word_1_211' title='bbox 364 1488 513 1531; x_wconf 82' lang='lat' dir='ltr'><strong>imperator</strong></span> <span class='ocrx_word' id='word_1_212' title='bbox 528 1496 680 1531; x_wconf 68' lang='lat' dir='ltr'><strong>pmsidens</strong></span> <span class='ocrx_word' id='word_1_213' title='bbox 693 1496 824 1531; x_wconf 88' lang='lat' dir='ltr'><strong>triumphi</strong></span> <span class='ocrx_word' id='word_1_214' title='bbox 838 1504 965 1532; x_wconf 88' lang='lat' dir='ltr'><strong>pompam</strong></span> 
     </span>
    </p>
   </div>
   <div class='ocr_carea' id='block_1_34' title="bbox 183 1542 968 1578">
    <p class='ocr_par' dir='ltr' id='par_1_34' title="bbox 183 1542 968 1578">
     <span class='ocr_line' id='line_1_34' title="bbox 183 1542 968 1578; baseline 0.001 -8"><span class='ocrx_word' id='word_1_215' title='bbox 183 1543 333 1578; x_wconf 85' lang='lat' dir='ltr'><strong>spectabat,</strong></span> <span class='ocrx_word' id='word_1_216' title='bbox 350 1543 425 1570; x_wconf 93' lang='lat' dir='ltr'><strong>humi</strong></span> <span class='ocrx_word' id='word_1_217' title='bbox 444 1543 595 1577; x_wconf 67' lang='lat' dir='ltr'><strong>projectum</strong></span> <span class='ocrx_word' id='word_1_218' title='bbox 611 1542 699 1576; x_wconf 83' lang='lat' dir='ltr'><strong>patria</strong></span> <span class='ocrx_word' id='word_1_219' title='bbox 719 1542 812 1576; x_wconf 79' lang='lat' dir='ltr'><strong>lingua</strong></span> <span class='ocrx_word' id='word_1_220' title='bbox 828 1542 901 1569; x_wconf 90' lang='lat' dir='ltr'><strong>illam</strong></span> <span class='ocrx_word' id='word_1_221' title='bbox 917 1543 968 1571; x_wconf 92' lang='lat' dir='ltr'><strong>So-</strong></span> 
     </span>
    </p>
   </div>
   <div class='ocr_carea' id='block_1_35' title="bbox 182 1588 964 1622">
    <p class='ocr_par' dir='ltr' id='par_1_35' title="bbox 182 1588 964 1622">
     <span class='ocr_line' id='line_1_35' title="bbox 182 1588 964 1622; baseline -0.001 -6"><span class='ocrx_word' id='word_1_222' title='bbox 182 1590 300 1616; x_wconf 80' lang='lat' dir='ltr'><strong>lomonis</strong></span> <span class='ocrx_word' id='word_1_223' title='bbox 315 1589 479 1616; x_wconf 74' lang='lat' dir='ltr'><strong>sententiam</strong></span> <span class='ocrx_word' id='word_1_224' title='bbox 494 1588 641 1622; x_wconf 83' lang='lat' dir='ltr'><strong>protulisse</strong></span> <span class='ocrx_word' id='word_1_225' title='bbox 657 1596 663 1615; x_wconf 92' lang='lat'>:</span> <span class='ocrx_word' id='word_1_226' title='bbox 682 1588 791 1615; x_wconf 78' lang='lat' dir='ltr'><strong>Vanitas</strong></span> <span class='ocrx_word' id='word_1_227' title='bbox 805 1589 964 1620; x_wconf 66' lang='lat' dir='ltr'><strong>vanitatem,</strong></span> 
     </span>
    </p>
   </div>
   <div class='ocr_carea' id='block_1_36' title="bbox 182 1634 964 1668">
    <p class='ocr_par' dir='ltr' id='par_1_36' title="bbox 182 1634 964 1668">
     <span class='ocr_line' id='line_1_36' title="bbox 182 1634 964 1668; baseline 0 -6"><span class='ocrx_word' id='word_1_228' title='bbox 182 1637 271 1662; x_wconf 83' lang='lat' dir='ltr'><strong>omnia</strong></span> <span class='ocrx_word' id='word_1_229' title='bbox 290 1636 405 1663; x_wconf 78' lang='lat' dir='ltr'><strong>vanitas.</strong></span> <span class='ocrx_word' id='word_1_230' title='bbox 423 1634 503 1661; x_wconf 80' lang='lat' dir='ltr'><strong>Aliud</strong></span> <span class='ocrx_word' id='word_1_231' title='bbox 525 1641 635 1668; x_wconf 90' lang='lat' dir='ltr'><strong>quoque</strong></span> <span class='ocrx_word' id='word_1_232' title='bbox 657 1634 807 1667; x_wconf 85' lang='lat' dir='ltr'><strong>Procopius</strong></span> <span class='ocrx_word' id='word_1_233' title='bbox 825 1639 964 1666; x_wconf 85' lang='lat' dir='ltr'><strong>recenset,</strong></span> 
     </span>
    </p>
   </div>
   <div class='ocr_carea' id='block_1_37' title="bbox 182 1679 965 1717">
    <p class='ocr_par' dir='ltr' id='par_1_37' title="bbox 182 1679 965 1717">
     <span class='ocr_line' id='line_1_37' title="bbox 182 1679 965 1717; baseline 0 -9"><span class='ocrx_word' id='word_1_234' title='bbox 182 1682 255 1717; x_wconf 82' lang='lat' dir='ltr'><strong>quod</strong></span> <span class='ocrx_word' id='word_1_235' title='bbox 280 1689 360 1708; x_wconf 88' lang='lat' dir='ltr'><strong>nemo</strong></span> <span class='ocrx_word' id='word_1_236' title='bbox 384 1685 484 1715; x_wconf 62' lang='lat' dir='ltr'><strong>praeter</strong></span> <span class='ocrx_word' id='word_1_237' title='bbox 504 1687 566 1707; x_wconf 90' lang='lat' dir='ltr'><strong>eum</strong></span> <span class='ocrx_word' id='word_1_238' title='bbox 589 1688 622 1707; x_wconf 77' lang='lat' dir='ltr'><strong>ex</strong></span> <span class='ocrx_word' id='word_1_239' title='bbox 640 1679 761 1714; x_wconf 83' lang='lat' dir='ltr'><strong>antiquis</strong></span> <span class='ocrx_word' id='word_1_240' title='bbox 782 1680 965 1715; x_wconf 81' lang='lat' dir='ltr'><strong>scriptoribus</strong></span> 
     </span>
    </p>
   </div>
   <div class='ocr_carea' id='block_1_38' title="bbox 183 1725 964 1762">
    <p class='ocr_par' dir='ltr' id='par_1_38' title="bbox 183 1725 964 1762">
     <span class='ocr_line' id='line_1_38' title="bbox 183 1725 964 1762; baseline 0 -8"><span class='ocrx_word' id='word_1_241' title='bbox 183 1727 322 1754; x_wconf 68' lang='lat' dir='ltr'><strong>memoria:</strong></span> <span class='ocrx_word' id='word_1_242' title='bbox 338 1726 469 1762; x_wconf 87' lang='lat' dir='ltr'><strong>prodidit,</strong></span> <span class='ocrx_word' id='word_1_243' title='bbox 483 1725 608 1753; x_wconf 85' lang='lat' dir='ltr'><strong>miraculi</strong></span> <span class='ocrx_word' id='word_1_244' title='bbox 623 1725 834 1754; x_wconf 89' lang='lat' dir='ltr'><strong>admirationem</strong></span> <span class='ocrx_word' id='word_1_245' title='bbox 855 1733 964 1754; x_wconf 90' lang='lat' dir='ltr'><strong>omnem</strong></span> 
     </span>
    </p>
   </div>
   <div class='ocr_carea' id='block_1_39' title="bbox 183 1771 963 1807">
    <p class='ocr_par' dir='ltr' id='par_1_39' title="bbox 183 1771 963 1807">
     <span class='ocr_line' id='line_1_39' title="bbox 183 1771 963 1807; baseline -0.001 -7"><span class='ocrx_word' id='word_1_246' title='bbox 183 1773 330 1800; x_wconf 68' lang='lat' dir='ltr'><strong>excedens.</strong></span> <span class='ocrx_word' id='word_1_247' title='bbox 350 1773 421 1800; x_wconf 88' lang='lat' dir='ltr'><strong>Dicit</strong></span> <span class='ocrx_word' id='word_1_248' title='bbox 441 1779 572 1807; x_wconf 88' lang='lat' dir='ltr'><strong>namque,</strong></span> <span class='ocrx_word' id='word_1_249' title='bbox 585 1772 750 1805; x_wconf 87' lang='lat' dir='ltr'><strong>Maurusios,</strong></span> <span class='ocrx_word' id='word_1_250' title='bbox 767 1771 963 1799; x_wconf 86' lang='lat' dir='ltr'><strong>occidentalem</strong></span> 
     </span>
    </p>
   </div>
   <div class='ocr_carea' id='block_1_40' title="bbox 184 1817 964 1854">
    <p class='ocr_par' dir='ltr' id='par_1_40' title="bbox 184 1817 964 1854">
     <span class='ocr_line' id='line_1_40' title="bbox 184 1817 964 1854; baseline -0.001 -8"><span class='ocrx_word' id='word_1_251' title='bbox 184 1819 277 1854; x_wconf 73' lang='lat' dir='ltr'><strong>Libya:</strong></span> <span class='ocrx_word' id='word_1_252' title='bbox 293 1822 412 1854; x_wconf 81' lang='lat' dir='ltr'><strong>gentem,</strong></span> <span class='ocrx_word' id='word_1_253' title='bbox 434 1818 587 1852; x_wconf 88' lang='lat' dir='ltr'><strong>antiquitus</strong></span> <span class='ocrx_word' id='word_1_254' title='bbox 609 1817 752 1844; x_wconf 67' lang='lat' dir='ltr'><strong>Palmstina</strong></span> <span class='ocrx_word' id='word_1_255' title='bbox 774 1817 912 1852; x_wconf 79' lang='lat' dir='ltr'><strong>expulsos.</strong></span> <span class='ocrx_word' id='word_1_256' title='bbox 937 1818 964 1845; x_wconf 92' lang='lat' dir='ltr'><strong>in</strong></span> 
     </span>
    </p>
   </div>
   <div class='ocr_carea' id='block_1_41' title="bbox 182 1862 963 1898">
    <p class='ocr_par' dir='ltr' id='par_1_41' title="bbox 182 1862 963 1898">
     <span class='ocr_line' id='line_1_41' title="bbox 182 1862 963 1898; baseline 0.001 -8"><span class='ocrx_word' id='word_1_257' title='bbox 182 1864 342 1892; x_wconf 85' lang='lat' dir='ltr'><strong>occidentali</strong></span> <span class='ocrx_word' id='word_1_258' title='bbox 359 1871 390 1891; x_wconf 90' lang='lat' dir='ltr'><strong>ea</strong></span> <span class='ocrx_word' id='word_1_259' title='bbox 407 1863 499 1898; x_wconf 65' lang='lat' dir='ltr'><strong>Libya:</strong></span> <span class='ocrx_word' id='word_1_260' title='bbox 514 1871 562 1890; x_wconf 79' lang='lat' dir='ltr'><strong>ora</strong></span> <span class='ocrx_word' id='word_1_261' title='bbox 574 1862 743 1896; x_wconf 87' lang='lat' dir='ltr'><strong>consedisse,</strong></span> <span class='ocrx_word' id='word_1_262' title='bbox 756 1870 803 1890; x_wconf 89' lang='lat' dir='ltr'><strong>eos</strong></span> <span class='ocrx_word' id='word_1_263' title='bbox 815 1871 881 1891; x_wconf 89' lang='lat' dir='ltr'><strong>vero</strong></span> <span class='ocrx_word' id='word_1_264' title='bbox 893 1871 963 1896; x_wconf 81' lang='lat' dir='ltr'><strong>esse,</strong></span> 
     </span>
    </p>
   </div>
   <div class='ocr_carea' id='block_1_42' title="bbox 182 1907 963 1943">
    <p class='ocr_par' dir='ltr' id='par_1_42' title="bbox 182 1907 963 1943">
     <span class='ocr_line' id='line_1_42' title="bbox 182 1907 963 1943; baseline 0.001 -8"><span class='ocrx_word' id='word_1_265' title='bbox 182 1917 251 1943; x_wconf 78' lang='lat' dir='ltr'><strong>quos</strong></span> <span class='ocrx_word' id='word_1_266' title='bbox 262 1910 417 1943; x_wconf 70' lang='lat' dir='ltr'><strong>Gergesmos</strong></span> <span class='ocrx_word' id='word_1_267' title='bbox 428 1915 512 1935; x_wconf 73' lang='lat' dir='ltr'><strong>sacrae</strong></span> <span class='ocrx_word' id='word_1_268' title='bbox 522 1907 634 1935; x_wconf 64' lang='lat' dir='ltr'><strong>Littera:</strong></span> <span class='ocrx_word' id='word_1_269' title='bbox 652 1913 680 1936; x_wconf 89' lang='lat' dir='ltr'><strong>et</strong></span> <span class='ocrx_word' id='word_1_270' title='bbox 695 1907 835 1936; x_wconf 68' lang='lat' dir='ltr'><strong>Jebusaaos</strong></span> <span class='ocrx_word' id='word_1_271' title='bbox 845 1914 963 1936; x_wconf 88' lang='lat' dir='ltr'><strong>vocant:</strong></span> 
     </span>
    </p>
   </div>
   <div class='ocr_carea' id='block_1_43' title="bbox 183 1954 965 1990">
    <p class='ocr_par' dir='ltr' id='par_1_43' title="bbox 183 1954 965 1990">
     <span class='ocr_line' id='line_1_43' title="bbox 183 1954 965 1990; baseline 0 -8"><span class='ocrx_word' id='word_1_272' title='bbox 183 1956 304 1990; x_wconf 84' lang='lat' dir='ltr'><strong>aliasque</strong></span> <span class='ocrx_word' id='word_1_273' title='bbox 326 1955 438 1989; x_wconf 90' lang='lat' dir='ltr'><strong>insuper</strong></span> <span class='ocrx_word' id='word_1_274' title='bbox 454 1958 559 1989; x_wconf 80' lang='lat' dir='ltr'><strong>gentes,</strong></span> <span class='ocrx_word' id='word_1_275' title='bbox 574 1962 642 1989; x_wconf 88' lang='lat' dir='ltr'><strong>quas</strong></span> <span class='ocrx_word' id='word_1_276' title='bbox 658 1954 722 1982; x_wconf 85' lang='lat' dir='ltr'><strong>Jcsu</strong></span> <span class='ocrx_word' id='word_1_277' title='bbox 737 1955 811 1982; x_wconf 86' lang='lat' dir='ltr'><strong>Nave</strong></span> <span class='ocrx_word' id='word_1_278' title='bbox 827 1955 898 1982; x_wconf 87' lang='lat' dir='ltr'><strong>illius</strong></span> <span class='ocrx_word' id='word_1_279' title='bbox 915 1956 965 1982; x_wconf 93' lang='lat' dir='ltr'><strong>de-</strong></span> 
     </span>
    </p>
   </div>
   <div class='ocr_carea' id='block_1_44' title="bbox 181 2001 965 2035">
    <p class='ocr_par' dir='ltr' id='par_1_44' title="bbox 181 2001 965 2035">
     <span class='ocr_line' id='line_1_44' title="bbox 181 2001 965 2035; baseline 0 -7"><span class='ocrx_word' id='word_1_280' title='bbox 181 2002 268 2028; x_wconf 86' lang='lat' dir='ltr'><strong>victas</strong></span> <span class='ocrx_word' id='word_1_281' title='bbox 283 2001 410 2028; x_wconf 91' lang='lat' dir='ltr'><strong>domibus</strong></span> <span class='ocrx_word' id='word_1_282' title='bbox 425 2001 483 2028; x_wconf 91' lang='lat' dir='ltr'><strong>suis</strong></span> <span class='ocrx_word' id='word_1_283' title='bbox 497 2001 590 2035; x_wconf 86' lang='lat' dir='ltr'><strong>ejecit.</strong></span> <span class='ocrx_word' id='word_1_284' title='bbox 605 2001 679 2028; x_wconf 89' lang='lat' dir='ltr'><strong>llanc</strong></span> <span class='ocrx_word' id='word_1_285' title='bbox 693 2008 751 2028; x_wconf 89' lang='lat' dir='ltr'><strong>rem</strong></span> <span class='ocrx_word' id='word_1_286' title='bbox 766 2008 859 2028; x_wconf 89' lang='lat' dir='ltr'><strong>veram</strong></span> <span class='ocrx_word' id='word_1_287' title='bbox 878 2001 965 2028; x_wconf 83' lang='lat' dir='ltr'><strong>maxi-</strong></span> 
     </span>
    </p>
   </div>
   <div class='ocr_carea' id='block_1_45' title="bbox 182 2047 962 2081">
    <p class='ocr_par' dir='ltr' id='par_1_45' title="bbox 182 2047 962 2081">
     <span class='ocr_line' id='line_1_45' title="bbox 182 2047 962 2081; baseline 0 -7"><span class='ocrx_word' id='word_1_288' title='bbox 182 2055 226 2074; x_wconf 89' lang='lat' dir='ltr'><strong>me</strong></span> <span class='ocrx_word' id='word_1_289' title='bbox 237 2055 308 2080; x_wconf 84' lang='lat' dir='ltr'><strong>esse,</strong></span> <span class='ocrx_word' id='word_1_290' title='bbox 331 2051 439 2074; x_wconf 87' lang='lat' dir='ltr'><strong>vetusta</strong></span> <span class='ocrx_word' id='word_1_291' title='bbox 459 2047 576 2081; x_wconf 89' lang='lat' dir='ltr'><strong>quadam</strong></span> <span class='ocrx_word' id='word_1_292' title='bbox 603 2047 784 2081; x_wconf 90' lang='lat' dir='ltr'><strong>inscriptione</strong></span> <span class='ocrx_word' id='word_1_293' title='bbox 807 2048 962 2081; x_wconf 87' lang='lat' dir='ltr'><strong>conﬁrmat,</strong></span> 
     </span>
    </p>
   </div>
   <div class='ocr_carea' id='block_1_46' title="bbox 180 2093 964 2128">
    <p class='ocr_par' dir='ltr' id='par_1_46' title="bbox 180 2093 964 2128">
     <span class='ocr_line' id='line_1_46' title="bbox 180 2093 964 2128; baseline 0 -8"><span class='ocrx_word' id='word_1_294' title='bbox 180 2101 261 2128; x_wconf 85' lang='lat' dir='ltr'><strong>quam</strong></span> <span class='ocrx_word' id='word_1_295' title='bbox 276 2101 306 2120; x_wconf 87' lang='lat' dir='ltr'><strong>se</strong></span> <span class='ocrx_word' id='word_1_296' title='bbox 325 2093 370 2120; x_wconf 91' lang='lat' dir='ltr'><strong>ille</strong></span> <span class='ocrx_word' id='word_1_297' title='bbox 389 2093 489 2126; x_wconf 77' lang='lat' dir='ltr'><strong>legisse</strong></span> <span class='ocrx_word' id='word_1_298' title='bbox 506 2097 633 2125; x_wconf 84' lang='lat' dir='ltr'><strong>testatur,</strong></span> <span class='ocrx_word' id='word_1_299' title='bbox 646 2093 807 2120; x_wconf 66' lang='lat' dir='ltr'><strong>Pbaanicum</strong></span> <span class='ocrx_word' id='word_1_300' title='bbox 825 2094 964 2128; x_wconf 85' lang='lat' dir='ltr'><strong>composi-</strong></span> 
     </span>
    </p>
   </div>
   <div class='ocr_carea' id='block_1_47' title="bbox 180 2138 963 2176">
    <p class='ocr_par' dir='ltr' id='par_1_47' title="bbox 180 2138 963 2176">
     <span class='ocr_line' id='line_1_47' title="bbox 180 2138 963 2176; baseline 0.001 -10"><span class='ocrx_word' id='word_1_301' title='bbox 180 2143 234 2166; x_wconf 84' lang='lat' dir='ltr'><strong>tam</strong></span> <span class='ocrx_word' id='word_1_302' title='bbox 253 2138 351 2166; x_wconf 90' lang='lat' dir='ltr'><strong>litteris</strong></span> <span class='ocrx_word' id='word_1_303' title='bbox 373 2138 407 2165; x_wconf 90' lang='lat' dir='ltr'><strong>ad</strong></span> <span class='ocrx_word' id='word_1_304' title='bbox 423 2138 525 2165; x_wconf 79' lang='lat' dir='ltr'><strong>fontem</strong></span> <span class='ocrx_word' id='word_1_305' title='bbox 542 2138 699 2173; x_wconf 88' lang='lat' dir='ltr'><strong>quemdam,</strong></span> <span class='ocrx_word' id='word_1_306' title='bbox 715 2138 762 2165; x_wconf 89' lang='lat' dir='ltr'><strong>ubi</strong></span> <span class='ocrx_word' id='word_1_307' title='bbox 779 2139 840 2166; x_wconf 63' lang='lat' dir='ltr'><strong>dua:</strong></span> <span class='ocrx_word' id='word_1_308' title='bbox 855 2146 963 2176; x_wconf 89' lang='lat' dir='ltr'><strong>quoque</strong></span> 
     </span>
    </p>
   </div>
   <div class='ocr_carea' id='block_1_48' title="bbox 180 2183 963 2218">
    <p class='ocr_par' dir='ltr' id='par_1_48' title="bbox 180 2183 963 2218">
     <span class='ocr_line' id='line_1_48' title="bbox 180 2183 963 2218; baseline 0.001 -7"><span class='ocrx_word' id='word_1_309' title='bbox 180 2184 313 2211; x_wconf 71' lang='lat' dir='ltr'><strong>columna:</strong></span> <span class='ocrx_word' id='word_1_310' title='bbox 326 2191 359 2211; x_wconf 81' lang='lat' dir='ltr'><strong>ex</strong></span> <span class='ocrx_word' id='word_1_311' title='bbox 375 2183 490 2211; x_wconf 88' lang='lat' dir='ltr'><strong>candido</strong></span> <span class='ocrx_word' id='word_1_312' title='bbox 504 2184 594 2218; x_wconf 87' lang='lat' dir='ltr'><strong>lapide</strong></span> <span class='ocrx_word' id='word_1_313' title='bbox 609 2184 735 2212; x_wconf 63' lang='lat' dir='ltr'><strong>excitatae</strong></span> <span class='ocrx_word' id='word_1_314' title='bbox 749 2184 862 2212; x_wconf 80' lang='lat' dir='ltr'><strong>fuerint.</strong></span> <span class='ocrx_word' id='word_1_315' title='bbox 877 2185 963 2213; x_wconf 89' lang='lat' dir='ltr'><strong>Litte-</strong></span> 
     </span>
    </p>
   </div>
   <div class='ocr_carea' id='block_1_49' title="bbox 1024 259 1804 295">
    <p class='ocr_par' dir='ltr' id='par_1_49' title="bbox 1024 259 1804 295">
     <span class='ocr_line' id='line_1_49' title="bbox 1024 259 1804 295; baseline -0.006 -7"><span class='ocrx_word' id='word_1_316' title='bbox 1024 262 1123 294; x_wconf 73' lang='grc' dir='ltr'>ἄνεισι,</span> <span class='ocrx_word' id='word_1_317' title='bbox 1140 263 1174 288; x_wconf 86' lang='grc' dir='ltr'>τά</span> <span class='ocrx_word' id='word_1_318' title='bbox 1191 270 1221 288; x_wconf 90' lang='grc' dir='ltr'><strong>τε</strong></span> <span class='ocrx_word' id='word_1_319' title='bbox 1239 261 1346 295; x_wconf 76' lang='grc' dir='ltr'>λάφυρα</span> <span class='ocrx_word' id='word_1_320' title='bbox 1361 261 1408 287; x_wconf 82' lang='grc' dir='ltr'>καὶ</span> <span class='ocrx_word' id='word_1_321' title='bbox 1425 260 1455 287; x_wconf 85' lang='grc' dir='ltr'>τδ</span> <span class='ocrx_word' id='word_1_322' title='bbox 1473 260 1528 286; x_wconf 84' lang='grc' dir='ltr'><strong>τῶν</strong></span> <span class='ocrx_word' id='word_1_323' title='bbox 1543 259 1718 294; x_wconf 78' lang='grc' dir='ltr'><strong>ἀνδραπόδων</strong></span> <span class='ocrx_word' id='word_1_324' title='bbox 1733 259 1804 284; x_wconf 81' lang='grc' dir='ltr'>ὲπα-</span> 
     </span>
    </p>
   </div>
   <div class='ocr_carea' id='block_1_50' title="bbox 1024 302 1805 343">
    <p class='ocr_par' dir='ltr' id='par_1_50' title="bbox 1024 302 1805 343">
     <span class='ocr_line' id='line_1_50' title="bbox 1024 302 1805 343; baseline -0.005 -9"><span class='ocrx_word' id='word_1_325' title='bbox 1024 307 1140 343; x_wconf 81' lang='grc' dir='ltr'>γόμενος</span> <span class='ocrx_word' id='word_1_326' title='bbox 1154 306 1253 341; x_wconf 81' lang='grc' dir='ltr'>πλῆθος</span> <span class='ocrx_word' id='word_1_327' title='bbox 1267 315 1274 321; x_wconf 85' lang='grc'><strong>·</strong></span> <span class='ocrx_word' id='word_1_328' title='bbox 1290 307 1339 333; x_wconf 77' lang='grc' dir='ltr'><strong>σὺν</strong></span> <span class='ocrx_word' id='word_1_329' title='bbox 1354 304 1395 338; x_wconf 68' lang='grc' dir='ltr'>οἷς</span> <span class='ocrx_word' id='word_1_330' title='bbox 1418 306 1465 333; x_wconf 79' lang='grc' dir='ltr'>καὶ</span> <span class='ocrx_word' id='word_1_331' title='bbox 1482 305 1598 340; x_wconf 85' lang='grc' dir='ltr'>Γελίμερ</span> <span class='ocrx_word' id='word_1_332' title='bbox 1617 305 1632 331; x_wconf 81' lang='grc'>6</span> <span class='ocrx_word' id='word_1_333' title='bbox 1651 305 1755 331; x_wconf 85' lang='grc' dir='ltr'>τούτων</span> <span class='ocrx_word' id='word_1_334' title='bbox 1770 302 1805 339; x_wconf 80' lang='grc' dir='ltr'>ἦν</span> 
     </span>
    </p>
   </div>
   <div class='ocr_carea' id='block_1_51' title="bbox 1024 350 1806 389">
    <p class='ocr_par' dir='ltr' id='par_1_51' title="bbox 1024 350 1806 389">
     <span class='ocr_line' id='line_1_51' title="bbox 1024 350 1806 389; baseline -0.005 -9"><span class='ocrx_word' id='word_1_335' title='bbox 1024 353 1162 389; x_wconf 79' lang='grc' dir='ltr'>ἀρχηγός·</span> <span class='ocrx_word' id='word_1_336' title='bbox 1179 352 1227 379; x_wconf 71' lang='grc' dir='ltr'>καὶ</span> <span class='ocrx_word' id='word_1_337' title='bbox 1249 351 1382 387; x_wconf 73' lang='grc' dir='ltr'>θρίαμϐος</span> <span class='ocrx_word' id='word_1_338' title='bbox 1400 351 1449 386; x_wconf 75' lang='grc' dir='ltr'>μὲν</span> <span class='ocrx_word' id='word_1_339' title='bbox 1474 350 1548 386; x_wconf 81' lang='grc' dir='ltr'>αὐτῷ</span> <span class='ocrx_word' id='word_1_340' title='bbox 1563 351 1634 377; x_wconf 84' lang='grc' dir='ltr'>κατὰ</span> <span class='ocrx_word' id='word_1_341' title='bbox 1656 350 1702 377; x_wconf 73' lang='grc' dir='ltr'><strong>τὸν</strong></span> <span class='ocrx_word' id='word_1_342' title='bbox 1722 351 1806 377; x_wconf 68' lang='lat' dir='ltr'><strong>imus-</strong></span> 
     </span>
    </p>
   </div>
   <div class='ocr_carea' id='block_1_52' title="bbox 1023 394 1806 433">
    <p class='ocr_par' dir='ltr' id='par_1_52' title="bbox 1023 394 1806 433">
     <span class='ocr_line' id='line_1_52' title="bbox 1023 394 1806 433; baseline -0.005 -8"><span class='ocrx_word' id='word_1_343' title='bbox 1023 398 1123 433; x_wconf 85' lang='grc' dir='ltr'>δρομον</span> <span class='ocrx_word' id='word_1_344' title='bbox 1134 398 1251 425; x_wconf 71' lang='grc' dir='ltr'>ἐτελεῖτο</span> <span class='ocrx_word' id='word_1_345' title='bbox 1263 405 1270 412; x_wconf 91' lang='grc'><strong>·</strong></span> <span class='ocrx_word' id='word_1_346' title='bbox 1286 399 1315 424; x_wconf 83' lang='grc' dir='ltr'>ὲν</span> <span class='ocrx_word' id='word_1_347' title='bbox 1326 394 1347 431; x_wconf 82' lang='grc' dir='ltr'>ᾧ</span> <span class='ocrx_word' id='word_1_348' title='bbox 1362 405 1394 431; x_wconf 86' lang='grc' dir='ltr'><strong>γε</strong></span> <span class='ocrx_word' id='word_1_349' title='bbox 1409 397 1495 424; x_wconf 81' lang='grc' dir='ltr'>πολλὰ</span> <span class='ocrx_word' id='word_1_350' title='bbox 1507 397 1557 431; x_wconf 79' lang='grc' dir='ltr'>μὲν</span> <span class='ocrx_word' id='word_1_351' title='bbox 1567 396 1615 423; x_wconf 71' lang='grc' dir='ltr'><strong>καὶ</strong></span> <span class='ocrx_word' id='word_1_352' title='bbox 1628 395 1696 423; x_wconf 85' lang='grc' dir='ltr'>ἄλλα</span> <span class='ocrx_word' id='word_1_353' title='bbox 1709 396 1806 430; x_wconf 76' lang='grc' dir='ltr'>εἰσῆγε</span> 
     </span>
    </p>
   </div>
   <div class='ocr_carea' id='block_1_53' title="bbox 1023 441 1806 479">
    <p class='ocr_par' dir='ltr' id='par_1_53' title="bbox 1023 441 1806 479">
     <span class='ocr_line' id='line_1_53' title="bbox 1023 441 1806 479; baseline -0.006 -8"><span class='ocrx_word' id='word_1_354' title='bbox 1023 443 1162 479; x_wconf 83' lang='grc' dir='ltr'>θαύματος</span> <span class='ocrx_word' id='word_1_355' title='bbox 1175 444 1248 478; x_wconf 73' lang='grc' dir='ltr'>ἄξια,</span> <span class='ocrx_word' id='word_1_356' title='bbox 1264 444 1311 470; x_wconf 65' lang='grc' dir='ltr'>καὶ</span> <span class='ocrx_word' id='word_1_357' title='bbox 1328 442 1458 478; x_wconf 86' lang='grc' dir='ltr'>κειμήλια</span> <span class='ocrx_word' id='word_1_358' title='bbox 1472 442 1500 469; x_wconf 83' lang='grc' dir='ltr'><strong>δὲ</strong></span> <span class='ocrx_word' id='word_1_359' title='bbox 1511 442 1680 474; x_wconf 83' lang='grc' dir='ltr'><strong>παμπόλλων</strong></span> <span class='ocrx_word' id='word_1_360' title='bbox 1693 441 1806 476; x_wconf 76' lang='grc' dir='ltr'>χρημάο</span> 
     </span>
    </p>
   </div>
   <div class='ocr_carea' id='block_1_54' title="bbox 1023 488 1807 526">
    <p class='ocr_par' dir='ltr' id='par_1_54' title="bbox 1023 488 1807 526">
     <span class='ocr_line' id='line_1_54' title="bbox 1023 488 1807 526; baseline -0.006 -9"><span class='ocrx_word' id='word_1_361' title='bbox 1023 500 1077 517; x_wconf 90' lang='grc' dir='ltr'><strong>των</strong></span> <span class='ocrx_word' id='word_1_362' title='bbox 1091 490 1246 526; x_wconf 77' lang='grc' dir='ltr'>τιμώμενα,</span> <span class='ocrx_word' id='word_1_363' title='bbox 1276 490 1294 518; x_wconf 72' lang='grc' dir='ltr'>ἃ</span> <span class='ocrx_word' id='word_1_364' title='bbox 1324 489 1464 524; x_wconf 75' lang='grc' dir='ltr'>Γιζέριχον</span> <span class='ocrx_word' id='word_1_365' title='bbox 1487 489 1592 524; x_wconf 70' lang='grc' dir='ltr'>ἔφαμεν</span> <span class='ocrx_word' id='word_1_366' title='bbox 1610 488 1807 522; x_wconf 67' lang='grc' dir='ltr'>ἱστορήσαντες</span> 
     </span>
    </p>
   </div>
   <div class='ocr_carea' id='block_1_55' title="bbox 1023 531 1807 571">
    <p class='ocr_par' dir='ltr' id='par_1_55' title="bbox 1023 531 1807 571">
     <span class='ocr_line' id='line_1_55' title="bbox 1023 531 1807 571; baseline -0.005 -10"><span class='ocrx_word' id='word_1_367' title='bbox 1023 536 1055 561; x_wconf 77' lang='grc' dir='ltr'>ἐκ</span> <span class='ocrx_word' id='word_1_368' title='bbox 1075 535 1184 571; x_wconf 80' lang='grc' dir='ltr'>Ῥώμης</span> <span class='ocrx_word' id='word_1_369' title='bbox 1207 536 1332 569; x_wconf 79' lang='grc' dir='ltr'><strong>συλῆσαι,</strong></span> <span class='ocrx_word' id='word_1_370' title='bbox 1357 535 1410 561; x_wconf 87' lang='grc' dir='ltr'><strong>τῶν</strong></span> <span class='ocrx_word' id='word_1_371' title='bbox 1424 533 1580 568; x_wconf 79' lang='grc' dir='ltr'><strong>ἀνακτόρων</strong></span> <span class='ocrx_word' id='word_1_372' title='bbox 1594 532 1668 559; x_wconf 79' lang='grc' dir='ltr'>ἐνδον</span> <span class='ocrx_word' id='word_1_373' title='bbox 1691 531 1807 566; x_wconf 79' lang='grc' dir='ltr'>γινόμε-</span> 
     </span>
    </p>
   </div>
   <div class='ocr_carea' id='block_1_56' title="bbox 1023 577 1805 616">
    <p class='ocr_par' dir='ltr' id='par_1_56' title="bbox 1023 577 1805 616">
     <span class='ocr_line' id='line_1_56' title="bbox 1023 577 1805 616; baseline -0.008 -8"><span class='ocrx_word' id='word_1_374' title='bbox 1023 589 1068 608; x_wconf 90' lang='grc' dir='ltr'><strong>νον</strong></span> <span class='ocrx_word' id='word_1_375' title='bbox 1081 589 1088 596; x_wconf 92' lang='grc'>·</span> <span class='ocrx_word' id='word_1_376' title='bbox 1103 581 1220 616; x_wconf 79' lang='grc' dir='ltr'>ὁπηνίκα</span> <span class='ocrx_word' id='word_1_377' title='bbox 1249 579 1362 612; x_wconf 80' lang='grc' dir='ltr'>Εὑδοξία</span> <span class='ocrx_word' id='word_1_378' title='bbox 1384 580 1400 615; x_wconf 83' lang='grc' dir='ltr'><strong>ή</strong></span> <span class='ocrx_word' id='word_1_379' title='bbox 1417 577 1623 606; x_wconf 82' lang='grc' dir='ltr'>Βαλεντινιαυοῦ</span> <span class='ocrx_word' id='word_1_380' title='bbox 1642 577 1761 612; x_wconf 81' lang='grc' dir='ltr'>γαμετὴ,</span> <span class='ocrx_word' id='word_1_381' title='bbox 1776 577 1805 607; x_wconf 75' lang='grc' dir='ltr'>ὃς</span> 
     </span>
    </p>
   </div>
   <div class='ocr_carea' id='block_1_57' title="bbox 1023 623 1806 662">
    <p class='ocr_par' dir='ltr' id='par_1_57' title="bbox 1023 623 1806 662">
     <span class='ocr_line' id='line_1_57' title="bbox 1023 623 1806 662; baseline -0.005 -9"><span class='ocrx_word' id='word_1_382' title='bbox 1023 627 1073 662; x_wconf 81' lang='grc' dir='ltr'>τὴν</span> <span class='ocrx_word' id='word_1_383' title='bbox 1087 627 1136 661; x_wconf 76' lang='grc' dir='ltr'>τῆς</span> <span class='ocrx_word' id='word_1_384' title='bbox 1154 627 1291 661; x_wconf 79' lang='grc' dir='ltr'>Ἐσπέρας</span> <span class='ocrx_word' id='word_1_385' title='bbox 1309 626 1411 652; x_wconf 79' lang='grc' dir='ltr'><strong>διεῖπεν</strong></span> <span class='ocrx_word' id='word_1_386' title='bbox 1437 624 1535 660; x_wconf 79' lang='grc' dir='ltr'>ἀρχὴν,</span> <span class='ocrx_word' id='word_1_387' title='bbox 1556 624 1608 650; x_wconf 80' lang='grc' dir='ltr'><strong>ὑπὸ</strong></span> <span class='ocrx_word' id='word_1_388' title='bbox 1628 623 1748 658; x_wconf 80' lang='grc' dir='ltr'><strong>Μαξίμῳ</strong></span> <span class='ocrx_word' id='word_1_389' title='bbox 1766 623 1806 656; x_wconf 81' lang='grc' dir='ltr'>τῷ</span> 
     </span>
    </p>
   </div>
   <div class='ocr_carea' id='block_1_58' title="bbox 1023 669 1806 709">
    <p class='ocr_par' dir='ltr' id='par_1_58' title="bbox 1023 669 1806 709">
     <span class='ocr_line' id='line_1_58' title="bbox 1023 669 1806 709; baseline -0.008 -9"><span class='ocrx_word' id='word_1_390' title='bbox 1023 674 1149 709; x_wconf 77' lang='grc' dir='ltr'><strong>τυράννῳ</strong></span> <span class='ocrx_word' id='word_1_391' title='bbox 1162 673 1208 700; x_wconf 81' lang='grc' dir='ltr'><strong>τόν</strong></span> <span class='ocrx_word' id='word_1_392' title='bbox 1224 682 1254 699; x_wconf 87' lang='grc' dir='ltr'><strong>τε</strong></span> <span class='ocrx_word' id='word_1_393' title='bbox 1274 673 1359 708; x_wconf 81' lang='grc' dir='ltr'>ἄνδρα</span> <span class='ocrx_word' id='word_1_394' title='bbox 1376 672 1450 707; x_wconf 83' lang='grc' dir='ltr'>φόνῳ</span> <span class='ocrx_word' id='word_1_395' title='bbox 1465 670 1683 704; x_wconf 76' lang='grc' dir='ltr'>ἁποὸαλλομένη,</span> <span class='ocrx_word' id='word_1_396' title='bbox 1711 669 1757 696; x_wconf 74' lang='grc' dir='ltr'>καὶ</span> <span class='ocrx_word' id='word_1_397' title='bbox 1776 669 1806 700; x_wconf 75' lang='grc' dir='ltr'>ἐς</span> 
     </span>
    </p>
   </div>
   <div class='ocr_carea' id='block_1_59' title="bbox 1023 714 1805 754">
    <p class='ocr_par' dir='ltr' id='par_1_59' title="bbox 1023 714 1805 754">
     <span class='ocr_line' id='line_1_59' title="bbox 1023 714 1805 754; baseline -0.008 -8"><span class='ocrx_word' id='word_1_398' title='bbox 1023 720 1073 754; x_wconf 84' lang='grc' dir='ltr'>τὴν</span> <span class='ocrx_word' id='word_1_399' title='bbox 1089 719 1267 754; x_wconf 82' lang='grc' dir='ltr'>σωφροσύνην</span> <span class='ocrx_word' id='word_1_400' title='bbox 1289 717 1524 754; x_wconf 77' lang='grc' dir='ltr'>περιϋϐριοθεῖσα,</span> <span class='ocrx_word' id='word_1_401' title='bbox 1544 715 1735 751; x_wconf 78' lang='grc' dir='ltr'><strong>μετεστείλατο</strong></span> <span class='ocrx_word' id='word_1_402' title='bbox 1758 714 1805 741; x_wconf 78' lang='grc' dir='ltr'><strong>τὸν</strong></span> 
     </span>
    </p>
   </div>
   <div class='ocr_carea' id='block_1_60' title="bbox 1026 760 1804 800">
    <p class='ocr_par' dir='ltr' id='par_1_60' title="bbox 1026 760 1804 800">
     <span class='ocr_line' id='line_1_60' title="bbox 1026 760 1804 800; baseline -0.009 -9"><span class='ocrx_word' id='word_1_403' title='bbox 1026 765 1176 800; x_wconf 82' lang='grc' dir='ltr'>Γιζέριχον,</span> <span class='ocrx_word' id='word_1_404' title='bbox 1195 765 1334 800; x_wconf 78' lang='grc' dir='ltr'>είσιτητήν</span> <span class='ocrx_word' id='word_1_405' title='bbox 1347 764 1371 790; x_wconf 79' lang='grc' dir='ltr'>οι</span> <span class='ocrx_word' id='word_1_406' title='bbox 1386 763 1513 798; x_wconf 79' lang='grc' dir='ltr'>γενέσθαι</span> <span class='ocrx_word' id='word_1_407' title='bbox 1527 762 1575 788; x_wconf 78' lang='grc' dir='ltr'>καὶ</span> <span class='ocrx_word' id='word_1_408' title='bbox 1589 762 1638 796; x_wconf 85' lang='grc' dir='ltr'>τὴν</span> <span class='ocrx_word' id='word_1_409' title='bbox 1650 762 1678 793; x_wconf 79' lang='grc' dir='ltr'>ἐς</span> <span class='ocrx_word' id='word_1_410' title='bbox 1694 760 1804 794; x_wconf 78' lang='grc' dir='ltr'>Ῥώμην</span> 
     </span>
    </p>
   </div>
   <div class='ocr_carea' id='block_1_61' title="bbox 1024 806 1804 846">
    <p class='ocr_par' dir='ltr' id='par_1_61' title="bbox 1024 806 1804 846">
     <span class='ocr_line' id='line_1_61' title="bbox 1024 806 1804 846; baseline -0.008 -9"><span class='ocrx_word' id='word_1_411' title='bbox 1024 811 1127 838; x_wconf 80' lang='grc' dir='ltr'><strong>εἴσοδον</strong></span> <span class='ocrx_word' id='word_1_412' title='bbox 1143 809 1354 846; x_wconf 81' lang='grc' dir='ltr'>ἑγγυησαμένη·</span> <span class='ocrx_word' id='word_1_413' title='bbox 1371 809 1415 836; x_wconf 86' lang='grc' dir='ltr'>ὅτε</span> <span class='ocrx_word' id='word_1_414' title='bbox 1432 809 1463 842; x_wconf 82' lang='grc' dir='ltr'><strong>δὴ</strong></span> <span class='ocrx_word' id='word_1_415' title='bbox 1480 808 1527 834; x_wconf 75' lang='grc' dir='ltr'>καὶ</span> <span class='ocrx_word' id='word_1_416' title='bbox 1543 807 1593 842; x_wconf 82' lang='grc' dir='ltr'>τὴν</span> <span class='ocrx_word' id='word_1_417' title='bbox 1612 806 1723 841; x_wconf 86' lang='grc' dir='ltr'>Ῥώμην</span> <span class='ocrx_word' id='word_1_418' title='bbox 1739 806 1804 832; x_wconf 82' lang='grc' dir='ltr'>ἀνα-</span> 
     </span>
    </p>
   </div>
   <div class='ocr_carea' id='block_1_62' title="bbox 1022 852 1804 892">
    <p class='ocr_par' dir='ltr' id='par_1_62' title="bbox 1022 852 1804 892">
     <span class='ocr_line' id='line_1_62' title="bbox 1022 852 1804 892; baseline -0.009 -8"><span class='ocrx_word' id='word_1_419' title='bbox 1022 856 1113 889; x_wconf 74' lang='grc' dir='ltr'>λώσας</span> <span class='ocrx_word' id='word_1_420' title='bbox 1127 857 1206 892; x_wconf 76' lang='grc' dir='ltr'>πυρὶ,</span> <span class='ocrx_word' id='word_1_421' title='bbox 1230 857 1279 890; x_wconf 80' lang='grc' dir='ltr'>τὴν</span> <span class='ocrx_word' id='word_1_422' title='bbox 1300 855 1429 888; x_wconf 76' lang='grc' dir='ltr'>Εὑδοξίαν</span> <span class='ocrx_word' id='word_1_423' title='bbox 1456 855 1565 888; x_wconf 87' lang='grc' dir='ltr'>σύναμα</span> <span class='ocrx_word' id='word_1_424' title='bbox 1578 853 1639 884; x_wconf 81' lang='grc' dir='ltr'>ταῖς</span> <span class='ocrx_word' id='word_1_425' title='bbox 1663 852 1736 887; x_wconf 77' lang='grc' dir='ltr'>τρισὶ</span> <span class='ocrx_word' id='word_1_426' title='bbox 1758 852 1804 878; x_wconf 85' lang='grc' dir='ltr'>θυ-</span> 
     </span>
    </p>
   </div>
   <div class='ocr_carea' id='block_1_63' title="bbox 1018 899 1804 940">
    <p class='ocr_par' dir='ltr' id='par_1_63' title="bbox 1018 899 1804 940">
     <span class='ocr_line' id='line_1_63' title="bbox 1018 899 1804 940; baseline -0.008 -9"><span class='ocrx_word' id='word_1_427' title='bbox 1018 904 1152 940; x_wconf 83' lang='grc' dir='ltr'>γατράσιν</span> <span class='ocrx_word' id='word_1_428' title='bbox 1168 906 1196 934; x_wconf 74' lang='grc' dir='ltr'>ἐς</span> <span class='ocrx_word' id='word_1_429' title='bbox 1207 903 1349 934; x_wconf 74' lang='grc' dir='ltr'>Βανδίλους</span> <span class='ocrx_word' id='word_1_430' title='bbox 1363 901 1518 937; x_wconf 80' lang='grc' dir='ltr'>ἀπήγαγεν.</span> <span class='ocrx_word' id='word_1_431' title='bbox 1532 900 1601 927; x_wconf 85' lang='grc' dir='ltr'>Τότε</span> <span class='ocrx_word' id='word_1_432' title='bbox 1615 900 1659 932; x_wconf 80' lang='grc' dir='ltr'><strong>δὴ,</strong></span> <span class='ocrx_word' id='word_1_433' title='bbox 1677 899 1737 926; x_wconf 87' lang='grc' dir='ltr'>τότε</span> <span class='ocrx_word' id='word_1_434' title='bbox 1754 900 1804 925; x_wconf 76' lang='grc' dir='ltr'>σὺν</span> 
     </span>
    </p>
   </div>
   <div class='ocr_carea' id='block_1_64' title="bbox 1021 945 1804 982">
    <p class='ocr_par' dir='ltr' id='par_1_64' title="bbox 1021 945 1804 982">
     <span class='ocr_line' id='line_1_64' title="bbox 1021 945 1804 982; baseline -0.009 -5"><span class='ocrx_word' id='word_1_435' title='bbox 1021 951 1076 982; x_wconf 82' lang='grc' dir='ltr'>τοῖς</span> <span class='ocrx_word' id='word_1_436' title='bbox 1092 949 1183 981; x_wconf 78' lang='grc' dir='ltr'>ἄλλοις</span> <span class='ocrx_word' id='word_1_437' title='bbox 1198 949 1326 982; x_wconf 73' lang='grc' dir='ltr'><strong>ἐξαισίοις</strong></span> <span class='ocrx_word' id='word_1_438' title='bbox 1339 948 1387 982; x_wconf 82' lang='grc' dir='ltr'>τῆς</span> <span class='ocrx_word' id='word_1_439' title='bbox 1400 947 1514 978; x_wconf 81' lang='grc' dir='ltr'>πόλεως,</span> <span class='ocrx_word' id='word_1_440' title='bbox 1528 947 1576 973; x_wconf 74' lang='grc' dir='ltr'>καὶ</span> <span class='ocrx_word' id='word_1_441' title='bbox 1589 946 1639 972; x_wconf 81' lang='grc' dir='ltr'>ὅσα</span> <span class='ocrx_word' id='word_1_442' title='bbox 1650 945 1663 971; x_wconf 81' lang='grc' dir='ltr'>ὁ</span> <span class='ocrx_word' id='word_1_443' title='bbox 1679 945 1804 971; x_wconf 72' lang='grc' dir='ltr'>Οὐεσπα-</span> 
     </span>
    </p>
   </div>
   <div class='ocr_carea' id='block_1_65' title="bbox 1019 990 1804 1029">
    <p class='ocr_par' dir='ltr' id='par_1_65' title="bbox 1019 990 1804 1029">
     <span class='ocr_line' id='line_1_65' title="bbox 1019 990 1804 1029; baseline -0.009 -6"><span class='ocrx_word' id='word_1_444' title='bbox 1019 995 1112 1023; x_wconf 82' lang='grc' dir='ltr'>σιανοῦ</span> <span class='ocrx_word' id='word_1_445' title='bbox 1133 996 1188 1027; x_wconf 67' lang='grc' dir='ltr'>υίὶς</span> <span class='ocrx_word' id='word_1_446' title='bbox 1202 994 1293 1027; x_wconf 83' lang='grc' dir='ltr'>Τίτος,</span> <span class='ocrx_word' id='word_1_447' title='bbox 1309 992 1612 1029; x_wconf 71' lang='grc' dir='ltr'>ἐξανδραποδισάμενος</span> <span class='ocrx_word' id='word_1_448' title='bbox 1637 991 1671 1017; x_wconf 80' lang='grc' dir='ltr'><strong>τὰ</strong></span> <span class='ocrx_word' id='word_1_449' title='bbox 1688 990 1804 1025; x_wconf 78' lang='grc' dir='ltr'>Ἰεροσὸ-</span> 
     </span>
    </p>
   </div>
   <div class='ocr_carea' id='block_1_66' title="bbox 1017 1036 1803 1077">
    <p class='ocr_par' dir='ltr' id='par_1_66' title="bbox 1017 1036 1803 1077">
     <span class='ocr_line' id='line_1_66' title="bbox 1017 1036 1803 1077; baseline -0.009 -8"><span class='ocrx_word' id='word_1_450' title='bbox 1017 1043 1101 1077; x_wconf 84' lang='grc' dir='ltr'>λυμα,</span> <span class='ocrx_word' id='word_1_451' title='bbox 1119 1042 1160 1073; x_wconf 80' lang='grc' dir='ltr'><strong>είς</strong></span> <span class='ocrx_word' id='word_1_452' title='bbox 1179 1040 1292 1076; x_wconf 83' lang='grc' dir='ltr'>Ῥώμην</span> <span class='ocrx_word' id='word_1_453' title='bbox 1307 1040 1411 1075; x_wconf 74' lang='grc' dir='ltr'>ἢγαγεν</span> <span class='ocrx_word' id='word_1_454' title='bbox 1426 1038 1601 1073; x_wconf 80' lang='grc' dir='ltr'>ἀναθήματα,</span> <span class='ocrx_word' id='word_1_455' title='bbox 1617 1037 1634 1064; x_wconf 69' lang='grc' dir='ltr'>ἃ</span> <span class='ocrx_word' id='word_1_456' title='bbox 1645 1036 1773 1070; x_wconf 88' lang='grc' dir='ltr'>Σολομῶν</span> <span class='ocrx_word' id='word_1_457' title='bbox 1789 1037 1803 1062; x_wconf 87' lang='grc' dir='ltr'>ὁ</span> 
     </span>
    </p>
   </div>
   <div class='ocr_carea' id='block_1_67' title="bbox 1018 1082 1802 1121">
    <p class='ocr_par' dir='ltr' id='par_1_67' title="bbox 1018 1082 1802 1121">
     <span class='ocr_line' id='line_1_67' title="bbox 1018 1082 1802 1121; baseline -0.01 -6"><span class='ocrx_word' id='word_1_458' title='bbox 1018 1087 1102 1115; x_wconf 76' lang='grc' dir='ltr'>πάλαι</span> <span class='ocrx_word' id='word_1_459' title='bbox 1112 1087 1176 1114; x_wconf 84' lang='grc' dir='ltr'>Θεδν</span> <span class='ocrx_word' id='word_1_460' title='bbox 1188 1086 1376 1121; x_wconf 73' lang='grc' dir='ltr'>ὲξοσιοὺμενος</span> <span class='ocrx_word' id='word_1_461' title='bbox 1387 1085 1515 1116; x_wconf 79' lang='grc' dir='ltr'><strong>ἀνετίθει,</strong></span> <span class='ocrx_word' id='word_1_462' title='bbox 1526 1085 1587 1118; x_wconf 72' lang='grc' dir='ltr'>ἔσχε</span> <span class='ocrx_word' id='word_1_463' title='bbox 1599 1083 1700 1110; x_wconf 77' lang='grc' dir='ltr'>λασών.</span> <span class='ocrx_word' id='word_1_464' title='bbox 1711 1082 1802 1116; x_wconf 81' lang='grc' dir='ltr'>Ἀπερ</span> 
     </span>
    </p>
   </div>
   <div class='ocr_carea' id='block_1_68' title="bbox 1017 1128 1802 1165">
    <p class='ocr_par' dir='ltr' id='par_1_68' title="bbox 1017 1128 1802 1165">
     <span class='ocr_line' id='line_1_68' title="bbox 1017 1128 1802 1165; baseline -0.01 -4"><span class='ocrx_word' id='word_1_465' title='bbox 1017 1133 1126 1161; x_wconf 72' lang='grc' dir='ltr'>ἅπαντα</span> <span class='ocrx_word' id='word_1_466' title='bbox 1152 1130 1339 1164; x_wconf 76' lang='grc' dir='ltr'>ἰουστινανὸς,</span> <span class='ocrx_word' id='word_1_467' title='bbox 1351 1131 1533 1165; x_wconf 73' lang='grc' dir='ltr'>διαφερόντως</span> <span class='ocrx_word' id='word_1_468' title='bbox 1546 1129 1662 1165; x_wconf 75' lang='grc' dir='ltr'>Χριστὸν</span> <span class='ocrx_word' id='word_1_469' title='bbox 1678 1129 1723 1155; x_wconf 74' lang='grc' dir='ltr'>τὸν</span> <span class='ocrx_word' id='word_1_470' title='bbox 1733 1128 1802 1154; x_wconf 63' lang='grc' dir='ltr'>Θεὸν</span> 
     </span>
    </p>
   </div>
   <div class='ocr_carea' id='block_1_69' title="bbox 1017 1175 1800 1214">
    <p class='ocr_par' dir='ltr' id='par_1_69' title="bbox 1017 1175 1800 1214">
     <span class='ocr_line' id='line_1_69' title="bbox 1017 1175 1800 1214; baseline -0.006 -9"><span class='ocrx_word' id='word_1_471' title='bbox 1017 1179 1096 1214; x_wconf 80' lang='grc' dir='ltr'>ἡμῶν</span> <span class='ocrx_word' id='word_1_472' title='bbox 1111 1179 1260 1214; x_wconf 83' lang='grc' dir='ltr'>γεραίρων,</span> <span class='ocrx_word' id='word_1_473' title='bbox 1271 1179 1312 1209; x_wconf 79' lang='grc' dir='ltr'><strong>είς</strong></span> <span class='ocrx_word' id='word_1_474' title='bbox 1329 1177 1506 1212; x_wconf 79' lang='grc' dir='ltr'>Ἰεροσόλυμα</span> <span class='ocrx_word' id='word_1_475' title='bbox 1521 1176 1603 1203; x_wconf 78' lang='grc' dir='ltr'>πάλιν</span> <span class='ocrx_word' id='word_1_476' title='bbox 1623 1175 1800 1209; x_wconf 81' lang='grc' dir='ltr'><strong>ἀνέπεμπεν,</strong></span> 
     </span>
    </p>
   </div>
   <div class='ocr_carea' id='block_1_70' title="bbox 1017 1219 1800 1259">
    <p class='ocr_par' dir='ltr' id='par_1_70' title="bbox 1017 1219 1800 1259">
     <span class='ocr_line' id='line_1_70' title="bbox 1017 1219 1800 1259; baseline -0.009 -8"><span class='ocrx_word' id='word_1_477' title='bbox 1017 1224 1083 1251; x_wconf 75' lang='grc' dir='ltr'>ὅπου</span> <span class='ocrx_word' id='word_1_478' title='bbox 1105 1224 1137 1259; x_wconf 85' lang='grc' dir='ltr'><strong>δὴ</strong></span> <span class='ocrx_word' id='word_1_479' title='bbox 1155 1225 1201 1250; x_wconf 74' lang='grc' dir='ltr'>καὶ</span> <span class='ocrx_word' id='word_1_480' title='bbox 1226 1223 1361 1257; x_wconf 79' lang='grc' dir='ltr'>πρότερον</span> <span class='ocrx_word' id='word_1_481' title='bbox 1387 1221 1575 1256; x_wconf 62' lang='grc' dir='ltr'>ἀνετέθησαν</span> <span class='ocrx_word' id='word_1_482' title='bbox 1601 1219 1668 1254; x_wconf 82' lang='grc' dir='ltr'>φησὶ</span> <span class='ocrx_word' id='word_1_483' title='bbox 1685 1219 1714 1246; x_wconf 77' lang='grc' dir='ltr'><strong>δὲ</strong></span> <span class='ocrx_word' id='word_1_484' title='bbox 1738 1220 1800 1244; x_wconf 76' lang='grc' dir='ltr'>τότε</span> 
     </span>
    </p>
   </div>
   <div class='ocr_carea' id='block_1_71' title="bbox 1016 1266 1800 1306">
    <p class='ocr_par' dir='ltr' id='par_1_71' title="bbox 1016 1266 1800 1306">
     <span class='ocr_line' id='line_1_71' title="bbox 1016 1266 1800 1306; baseline -0.009 -9"><span class='ocrx_word' id='word_1_485' title='bbox 1016 1270 1152 1306; x_wconf 73' lang='grc' dir='ltr'>Γελίμερα</span> <span class='ocrx_word' id='word_1_486' title='bbox 1179 1271 1193 1297; x_wconf 85' lang='grc' dir='ltr'><strong>ό</strong></span> <span class='ocrx_word' id='word_1_487' title='bbox 1213 1269 1364 1305; x_wconf 82' lang='grc' dir='ltr'>Προκόπιος</span> <span class='ocrx_word' id='word_1_488' title='bbox 1383 1267 1453 1294; x_wconf 80' lang='grc' dir='ltr'>κατὰ</span> <span class='ocrx_word' id='word_1_489' title='bbox 1479 1267 1530 1302; x_wconf 80' lang='grc' dir='ltr'>γῆς</span> <span class='ocrx_word' id='word_1_490' title='bbox 1553 1266 1731 1301; x_wconf 68' lang='grc' dir='ltr'>ἐρριμμένον,</span> <span class='ocrx_word' id='word_1_491' title='bbox 1752 1266 1800 1291; x_wconf 74' lang='grc' dir='ltr'><strong>ἐπὶ</strong></span> 
     </span>
    </p>
   </div>
   <div class='ocr_carea' id='block_1_72' title="bbox 1017 1312 1802 1350">
    <p class='ocr_par' dir='ltr' id='par_1_72' title="bbox 1017 1312 1802 1350">
     <span class='ocr_line' id='line_1_72' title="bbox 1017 1312 1802 1350; baseline -0.006 -7"><span class='ocrx_word' id='word_1_492' title='bbox 1017 1317 1062 1343; x_wconf 63' lang='grc' dir='ltr'>τὶν</span> <span class='ocrx_word' id='word_1_493' title='bbox 1075 1317 1244 1350; x_wconf 77' lang='grc' dir='ltr'>ἱππόδρομον</span> <span class='ocrx_word' id='word_1_494' title='bbox 1258 1315 1305 1342; x_wconf 77' lang='grc' dir='ltr'><strong>τοῦ</strong></span> <span class='ocrx_word' id='word_1_495' title='bbox 1321 1314 1454 1350; x_wconf 63' lang='grc' dir='ltr'>βασιλέως</span> <span class='ocrx_word' id='word_1_496' title='bbox 1466 1313 1687 1349; x_wconf 76' lang='grc' dir='ltr'>προκαθημένου,</span> <span class='ocrx_word' id='word_1_497' title='bbox 1703 1313 1752 1339; x_wconf 71' lang='grc' dir='ltr'><strong>καὶ</strong></span> <span class='ocrx_word' id='word_1_498' title='bbox 1767 1312 1802 1338; x_wconf 76' lang='grc' dir='ltr'>τὰ</span> 
     </span>
    </p>
   </div>
   <div class='ocr_carea' id='block_1_73' title="bbox 1016 1357 1803 1398">
    <p class='ocr_par' dir='ltr' id='par_1_73' title="bbox 1016 1357 1803 1398">
     <span class='ocr_line' id='line_1_73' title="bbox 1016 1357 1803 1398; baseline -0.006 -9"><span class='ocrx_word' id='word_1_499' title='bbox 1016 1362 1147 1398; x_wconf 83' lang='grc' dir='ltr'>δρώμενα</span> <span class='ocrx_word' id='word_1_500' title='bbox 1174 1362 1325 1396; x_wconf 79' lang='grc' dir='ltr'>θεωμένου,</span> <span class='ocrx_word' id='word_1_501' title='bbox 1347 1362 1380 1396; x_wconf 80' lang='grc' dir='ltr'>τῇ</span> <span class='ocrx_word' id='word_1_502' title='bbox 1403 1360 1508 1396; x_wconf 81' lang='grc' dir='ltr'>πατρίᾳ</span> <span class='ocrx_word' id='word_1_503' title='bbox 1538 1359 1649 1394; x_wconf 80' lang='grc' dir='ltr'>γλώσσῃ</span> <span class='ocrx_word' id='word_1_504' title='bbox 1665 1358 1696 1385; x_wconf 79' lang='grc' dir='ltr'>τὸ</span> <span class='ocrx_word' id='word_1_505' title='bbox 1722 1357 1803 1384; x_wconf 79' lang='grc' dir='ltr'>Σολο-</span> 
     </span>
    </p>
   </div>
   <div class='ocr_carea' id='block_1_74' title="bbox 1019 1403 1796 1444">
    <p class='ocr_par' dir='ltr' id='par_1_74' title="bbox 1019 1403 1796 1444">
     <span class='ocr_line' id='line_1_74' title="bbox 1019 1403 1796 1444; baseline -0.006 -9"><span class='ocrx_word' id='word_1_506' title='bbox 1019 1408 1150 1444; x_wconf 84' lang='grc' dir='ltr'>μὼντειον</span> <span class='ocrx_word' id='word_1_507' title='bbox 1167 1409 1256 1435; x_wconf 77' lang='grc' dir='ltr'>ἐκεῖνο</span> <span class='ocrx_word' id='word_1_508' title='bbox 1272 1408 1377 1434; x_wconf 76' lang='grc' dir='ltr'>εἰπεῖν·</span> <span class='ocrx_word' id='word_1_509' title='bbox 1390 1406 1562 1439; x_wconf 82' lang='grc' dir='ltr'>Ματαιότης</span> <span class='ocrx_word' id='word_1_510' title='bbox 1575 1403 1796 1439; x_wconf 79' lang='grc' dir='ltr'>ματαιοτήτων.</span> 
     </span>
    </p>
   </div>
   <div class='ocr_carea' id='block_1_75' title="bbox 1017 1450 1802 1490">
    <p class='ocr_par' dir='ltr' id='par_1_75' title="bbox 1017 1450 1802 1490">
     <span class='ocr_line' id='line_1_75' title="bbox 1017 1450 1802 1490; baseline -0.008 -9"><span class='ocrx_word' id='word_1_511' title='bbox 1017 1455 1054 1483; x_wconf 83' lang='grc' dir='ltr'>τὰ</span> <span class='ocrx_word' id='word_1_512' title='bbox 1068 1454 1166 1482; x_wconf 74' lang='grc' dir='ltr'>πάντα</span> <span class='ocrx_word' id='word_1_513' title='bbox 1177 1455 1352 1490; x_wconf 78' lang='grc' dir='ltr'>ματαιότης.</span> <span class='ocrx_word' id='word_1_514' title='bbox 1368 1453 1422 1480; x_wconf 78' lang='grc' dir='ltr'><strong>Καὶ</strong></span> <span class='ocrx_word' id='word_1_515' title='bbox 1440 1453 1534 1487; x_wconf 75' lang='grc' dir='ltr'>ἕτερον</span> <span class='ocrx_word' id='word_1_516' title='bbox 1550 1451 1577 1478; x_wconf 83' lang='grc' dir='ltr'><em>δέ</em></span> <span class='ocrx_word' id='word_1_517' title='bbox 1596 1459 1678 1485; x_wconf 83' lang='grc' dir='ltr'>φησιν</span> <span class='ocrx_word' id='word_1_518' title='bbox 1694 1451 1707 1476; x_wconf 86' lang='grc' dir='ltr'>ὁ</span> <span class='ocrx_word' id='word_1_519' title='bbox 1729 1450 1802 1484; x_wconf 82' lang='grc' dir='ltr'>Προ-</span> 
     </span>
    </p>
   </div>
   <div class='ocr_carea' id='block_1_76' title="bbox 1018 1499 1800 1536">
    <p class='ocr_par' dir='ltr' id='par_1_76' title="bbox 1018 1499 1800 1536">
     <span class='ocr_line' id='line_1_76' title="bbox 1018 1499 1800 1536; baseline 0.003 -7"><span class='ocrx_word' id='word_1_520' title='bbox 1018 1502 1124 1535; x_wconf 84' lang='grc' dir='ltr'>κὸπιος,</span> <span class='ocrx_word' id='word_1_521' title='bbox 1148 1502 1162 1528; x_wconf 88' lang='grc' dir='ltr'><strong>ὂ</strong></span> <span class='ocrx_word' id='word_1_522' title='bbox 1181 1502 1218 1536; x_wconf 86' lang='grc' dir='ltr'>μή</span> <span class='ocrx_word' id='word_1_523' title='bbox 1243 1510 1286 1533; x_wconf 85' lang='grc' dir='ltr'><strong>τις</strong></span> <span class='ocrx_word' id='word_1_524' title='bbox 1301 1502 1380 1532; x_wconf 77' lang='grc' dir='ltr'>ἄλλος</span> <span class='ocrx_word' id='word_1_525' title='bbox 1397 1500 1451 1527; x_wconf 85' lang='grc' dir='ltr'><strong>τῶν</strong></span> <span class='ocrx_word' id='word_1_526' title='bbox 1468 1500 1501 1527; x_wconf 82' lang='grc' dir='ltr'>τὰ</span> <span class='ocrx_word' id='word_1_527' title='bbox 1520 1499 1620 1533; x_wconf 80' lang='grc' dir='ltr'>ἀρχαῖα</span> <span class='ocrx_word' id='word_1_528' title='bbox 1642 1505 1800 1530; x_wconf 79' lang='grc' dir='ltr'>συγγεγρα-</span> 
     </span>
    </p>
   </div>
   <div class='ocr_carea' id='block_1_77' title="bbox 1018 1542 1800 1582">
    <p class='ocr_par' dir='ltr' id='par_1_77' title="bbox 1018 1542 1800 1582">
     <span class='ocr_line' id='line_1_77' title="bbox 1018 1542 1800 1582; baseline -0.008 -8"><span class='ocrx_word' id='word_1_529' title='bbox 1018 1548 1107 1582; x_wconf 86' lang='grc' dir='ltr'>φότων</span> <span class='ocrx_word' id='word_1_530' title='bbox 1132 1547 1270 1582; x_wconf 75' lang='grc' dir='ltr'>ἱστόρησε,</span> <span class='ocrx_word' id='word_1_531' title='bbox 1295 1547 1386 1573; x_wconf 83' lang='grc' dir='ltr'>πᾶσαν</span> <span class='ocrx_word' id='word_1_532' title='bbox 1402 1545 1555 1580; x_wconf 78' lang='grc' dir='ltr'>ὑπερόολὴν</span> <span class='ocrx_word' id='word_1_533' title='bbox 1580 1543 1725 1578; x_wconf 83' lang='grc' dir='ltr'>τεραστίου</span> <span class='ocrx_word' id='word_1_534' title='bbox 1753 1542 1800 1568; x_wconf 79' lang='grc' dir='ltr'><strong>ὲκ-</strong></span> 
     </span>
    </p>
   </div>
   <div class='ocr_carea' id='block_1_78' title="bbox 1017 1588 1798 1626">
    <p class='ocr_par' dir='ltr' id='par_1_78' title="bbox 1017 1588 1798 1626">
     <span class='ocr_line' id='line_1_78' title="bbox 1017 1588 1798 1626; baseline -0.008 -7"><span class='ocrx_word' id='word_1_535' title='bbox 1017 1593 1116 1620; x_wconf 82' lang='grc' dir='ltr'>6αϊνον.</span> <span class='ocrx_word' id='word_1_536' title='bbox 1135 1592 1216 1626; x_wconf 79' lang='grc' dir='ltr'>Λέγει</span> <span class='ocrx_word' id='word_1_537' title='bbox 1235 1592 1325 1618; x_wconf 89' lang='grc' dir='ltr'>τοίνυν</span> <span class='ocrx_word' id='word_1_538' title='bbox 1340 1591 1378 1623; x_wconf 84' lang='grc' dir='ltr'><strong>ῶς</strong></span> <span class='ocrx_word' id='word_1_539' title='bbox 1400 1592 1424 1618; x_wconf 84' lang='lat' dir='ltr'><strong>oi.</strong></span> <span class='ocrx_word' id='word_1_540' title='bbox 1446 1589 1617 1625; x_wconf 85' lang='grc' dir='ltr'>Μαυρούσιοι</span> <span class='ocrx_word' id='word_1_541' title='bbox 1638 1589 1668 1615; x_wconf 81' lang='grc' dir='ltr'><strong>τὺ</strong></span> <span class='ocrx_word' id='word_1_542' title='bbox 1689 1588 1798 1615; x_wconf 78' lang='grc' dir='ltr'>Λιϐύων</span> 
     </span>
    </p>
   </div>
   <div class='ocr_carea' id='block_1_79' title="bbox 1015 1635 1798 1674">
    <p class='ocr_par' dir='ltr' id='par_1_79' title="bbox 1015 1635 1798 1674">
     <span class='ocr_line' id='line_1_79' title="bbox 1015 1635 1798 1674; baseline -0.006 -9"><span class='ocrx_word' id='word_1_543' title='bbox 1015 1639 1069 1666; x_wconf 86' lang='grc' dir='ltr'><strong>τῶν</strong></span> <span class='ocrx_word' id='word_1_544' title='bbox 1086 1638 1155 1674; x_wconf 73' lang='grc' dir='ltr'>πρὸς</span> <span class='ocrx_word' id='word_1_545' title='bbox 1180 1638 1301 1673; x_wconf 76' lang='grc' dir='ltr'>ἑσπέραν</span> <span class='ocrx_word' id='word_1_546' title='bbox 1317 1638 1403 1670; x_wconf 78' lang='grc' dir='ltr'>ἔθνος,</span> <span class='ocrx_word' id='word_1_547' title='bbox 1429 1638 1513 1665; x_wconf 85' lang='grc' dir='ltr'>πάλαι</span> <span class='ocrx_word' id='word_1_548' title='bbox 1535 1637 1602 1664; x_wconf 79' lang='grc' dir='ltr'>ποτὲ</span> <span class='ocrx_word' id='word_1_549' title='bbox 1624 1636 1673 1669; x_wconf 82' lang='grc' dir='ltr'><strong>τῆς</strong></span> <span class='ocrx_word' id='word_1_550' title='bbox 1696 1635 1798 1661; x_wconf 83' lang='grc' dir='ltr'>Παλαι-</span> 
     </span>
    </p>
   </div>
   <div class='ocr_carea' id='block_1_80' title="bbox 1016 1681 1798 1720">
    <p class='ocr_par' dir='ltr' id='par_1_80' title="bbox 1016 1681 1798 1720">
     <span class='ocr_line' id='line_1_80' title="bbox 1016 1681 1798 1720; baseline -0.006 -8"><span class='ocrx_word' id='word_1_551' title='bbox 1016 1685 1109 1720; x_wconf 86' lang='grc' dir='ltr'>στίνης</span> <span class='ocrx_word' id='word_1_552' title='bbox 1122 1685 1338 1717; x_wconf 74' lang='grc' dir='ltr'>ἀπαναστάντες,</span> <span class='ocrx_word' id='word_1_553' title='bbox 1354 1686 1380 1717; x_wconf 74' lang='grc' dir='ltr'>ἐς</span> <span class='ocrx_word' id='word_1_554' title='bbox 1394 1685 1427 1711; x_wconf 77' lang='grc' dir='ltr'>τὰ</span> <span class='ocrx_word' id='word_1_555' title='bbox 1440 1684 1616 1719; x_wconf 82' lang='grc' dir='ltr'>προσέσπερα</span> <span class='ocrx_word' id='word_1_556' title='bbox 1630 1682 1679 1717; x_wconf 80' lang='grc' dir='ltr'>τῆς</span> <span class='ocrx_word' id='word_1_557' title='bbox 1693 1681 1798 1716; x_wconf 78' lang='grc' dir='ltr'>Λιϐύης</span> 
     </span>
    </p>
   </div>
   <div class='ocr_carea' id='block_1_81' title="bbox 1015 1727 1799 1766">
    <p class='ocr_par' dir='ltr' id='par_1_81' title="bbox 1015 1727 1799 1766">
     <span class='ocr_line' id='line_1_81' title="bbox 1015 1727 1799 1766; baseline -0.008 -8"><span class='ocrx_word' id='word_1_558' title='bbox 1015 1731 1195 1766; x_wconf 72' lang='grc' dir='ltr'><strong>κατῴκησαν·</strong></span> <span class='ocrx_word' id='word_1_559' title='bbox 1224 1732 1336 1762; x_wconf 79' lang='grc' dir='ltr'>τούτους</span> <span class='ocrx_word' id='word_1_560' title='bbox 1356 1730 1379 1757; x_wconf 82' lang='grc' dir='ltr'><strong>δ’</strong></span> <span class='ocrx_word' id='word_1_561' title='bbox 1406 1729 1487 1763; x_wconf 81' lang='grc' dir='ltr'>εῖναι,</span> <span class='ocrx_word' id='word_1_562' title='bbox 1508 1729 1555 1761; x_wconf 80' lang='grc' dir='ltr'>οὒς</span> <span class='ocrx_word' id='word_1_563' title='bbox 1581 1728 1764 1764; x_wconf 83' lang='grc' dir='ltr'>Γεργεσαίους</span> <span class='ocrx_word' id='word_1_564' title='bbox 1785 1727 1799 1753; x_wconf 82' lang='grc' dir='ltr'>ὁ</span> 
     </span>
    </p>
   </div>
   <div class='ocr_carea' id='block_1_82' title="bbox 1016 1773 1798 1812">
    <p class='ocr_par' dir='ltr' id='par_1_82' title="bbox 1016 1773 1798 1812">
     <span class='ocr_line' id='line_1_82' title="bbox 1016 1773 1798 1812; baseline -0.005 -8"><span class='ocrx_word' id='word_1_565' title='bbox 1016 1778 1088 1812; x_wconf 72' lang='grc' dir='ltr'>ἱερὸς</span> <span class='ocrx_word' id='word_1_566' title='bbox 1102 1777 1181 1812; x_wconf 81' lang='grc' dir='ltr'>λόγος</span> <span class='ocrx_word' id='word_1_567' title='bbox 1198 1777 1274 1812; x_wconf 66' lang='grc' dir='ltr'>φησὶ,</span> <span class='ocrx_word' id='word_1_568' title='bbox 1298 1778 1345 1803; x_wconf 72' lang='grc' dir='ltr'>καὶ</span> <span class='ocrx_word' id='word_1_569' title='bbox 1363 1776 1557 1806; x_wconf 72' lang='grc' dir='ltr'>Ἰεϐουσαίους,</span> <span class='ocrx_word' id='word_1_570' title='bbox 1595 1774 1642 1800; x_wconf 76' lang='grc' dir='ltr'>καὶ</span> <span class='ocrx_word' id='word_1_571' title='bbox 1665 1774 1699 1800; x_wconf 84' lang='grc' dir='ltr'>τὰ</span> <span class='ocrx_word' id='word_1_572' title='bbox 1714 1773 1798 1800; x_wconf 82' lang='grc' dir='ltr'>λοιπὰ</span> 
     </span>
    </p>
   </div>
   <div class='ocr_carea' id='block_1_83' title="bbox 1014 1819 1799 1858">
    <p class='ocr_par' dir='ltr' id='par_1_83' title="bbox 1014 1819 1799 1858">
     <span class='ocr_line' id='line_1_83' title="bbox 1014 1819 1799 1858; baseline -0.006 -8"><span class='ocrx_word' id='word_1_573' title='bbox 1014 1823 1068 1850; x_wconf 83' lang='grc' dir='ltr'><strong>τῶν</strong></span> <span class='ocrx_word' id='word_1_574' title='bbox 1087 1823 1182 1855; x_wconf 74' lang='grc' dir='ltr'>ἐθνῶν,</span> <span class='ocrx_word' id='word_1_575' title='bbox 1204 1823 1254 1849; x_wconf 86' lang='grc' dir='ltr'>ὅσα</span> <span class='ocrx_word' id='word_1_576' title='bbox 1268 1822 1300 1858; x_wconf 81' lang='grc' dir='ltr'><strong>δὴ</strong></span> <span class='ocrx_word' id='word_1_577' title='bbox 1323 1823 1336 1849; x_wconf 87' lang='grc' dir='ltr'><strong>ὀ</strong></span> <span class='ocrx_word' id='word_1_578' title='bbox 1353 1822 1399 1849; x_wconf 83' lang='grc' dir='ltr'><strong>τοῦ</strong></span> <span class='ocrx_word' id='word_1_579' title='bbox 1420 1822 1499 1855; x_wconf 84' lang='grc' dir='ltr'>Ναυῆ</span> <span class='ocrx_word' id='word_1_580' title='bbox 1522 1820 1623 1855; x_wconf 77' lang='grc' dir='ltr'>Ἰησοῦς</span> <span class='ocrx_word' id='word_1_581' title='bbox 1645 1819 1799 1846; x_wconf 76' lang='grc' dir='ltr'>καταπολεο</span> 
     </span>
    </p>
   </div>
   <div class='ocr_carea' id='block_1_84' title="bbox 1016 1865 1797 1903">
    <p class='ocr_par' dir='ltr' id='par_1_84' title="bbox 1016 1865 1797 1903">
     <span class='ocr_line' id='line_1_84' title="bbox 1016 1865 1797 1903; baseline -0.006 -8"><span class='ocrx_word' id='word_1_582' title='bbox 1016 1869 1115 1903; x_wconf 84' lang='grc' dir='ltr'>μήσας,</span> <span class='ocrx_word' id='word_1_583' title='bbox 1131 1868 1219 1895; x_wconf 73' lang='grc' dir='ltr'>ἐποίει</span> <span class='ocrx_word' id='word_1_584' title='bbox 1243 1868 1399 1895; x_wconf 67' lang='grc' dir='ltr'>ἀνάσταταο</span> <span class='ocrx_word' id='word_1_585' title='bbox 1415 1868 1462 1894; x_wconf 75' lang='grc' dir='ltr'><strong>καὶ</strong></span> <span class='ocrx_word' id='word_1_586' title='bbox 1486 1866 1629 1894; x_wconf 82' lang='grc' dir='ltr'>πιστοῦται</span> <span class='ocrx_word' id='word_1_587' title='bbox 1640 1865 1698 1901; x_wconf 62' lang='grc' dir='ltr'>,τὸν</span> <span class='ocrx_word' id='word_1_588' title='bbox 1716 1865 1797 1899; x_wconf 68' lang='grc' dir='ltr'>λόγον</span> 
     </span>
    </p>
   </div>
   <div class='ocr_carea' id='block_1_85' title="bbox 1015 1911 1798 1949">
    <p class='ocr_par' dir='ltr' id='par_1_85' title="bbox 1015 1911 1798 1949">
     <span class='ocr_line' id='line_1_85' title="bbox 1015 1911 1798 1949; baseline -0.004 -9"><span class='ocrx_word' id='word_1_589' title='bbox 1015 1914 1102 1949; x_wconf 80' lang='grc' dir='ltr'><strong>ἀληθῆ</strong></span> <span class='ocrx_word' id='word_1_590' title='bbox 1125 1913 1158 1940; x_wconf 86' lang='grc' dir='ltr'><strong>τὰ</strong></span> <span class='ocrx_word' id='word_1_591' title='bbox 1183 1914 1257 1948; x_wconf 82' lang='grc' dir='ltr'>μάλα</span> <span class='ocrx_word' id='word_1_592' title='bbox 1273 1914 1429 1948; x_wconf 79' lang='grc' dir='ltr'>τυγχάνειν,</span> <span class='ocrx_word' id='word_1_593' title='bbox 1448 1914 1477 1946; x_wconf 77' lang='grc' dir='ltr'><strong>ἐξ</strong></span> <span class='ocrx_word' id='word_1_594' title='bbox 1497 1912 1611 1948; x_wconf 77' lang='grc' dir='ltr'>ἀρχαίου</span> <span class='ocrx_word' id='word_1_595' title='bbox 1638 1911 1710 1941; x_wconf 73' lang='lat' dir='ltr'><strong>m2..-</strong></span> <span class='ocrx_word' id='word_1_596' title='bbox 1735 1912 1798 1937; x_wconf 81' lang='grc' dir='ltr'>ὲπι-</span> 
     </span>
    </p>
   </div>
   <div class='ocr_carea' id='block_1_86' title="bbox 1014 1959 1796 1996">
    <p class='ocr_par' dir='ltr' id='par_1_86' title="bbox 1014 1959 1796 1996">
     <span class='ocr_line' id='line_1_86' title="bbox 1014 1959 1796 1996; baseline -0.005 -9"><span class='ocrx_word' id='word_1_597' title='bbox 1014 1961 1188 1996; x_wconf 82' lang='grc' dir='ltr'>γράμματος,</span> <span class='ocrx_word' id='word_1_598' title='bbox 1213 1961 1272 1995; x_wconf 84' lang='grc' dir='ltr'><strong>ὃδὴ</strong></span> <span class='ocrx_word' id='word_1_599' title='bbox 1298 1961 1343 1987; x_wconf 70' lang='grc' dir='ltr'>καὶ</span> <span class='ocrx_word' id='word_1_600' title='bbox 1368 1960 1449 1992; x_wconf 67' lang='grc' dir='ltr'>αὐτὸς</span> <span class='ocrx_word' id='word_1_601' title='bbox 1478 1961 1583 1990; x_wconf 72' lang='grc' dir='ltr'>ἐκεῖνος</span> <span class='ocrx_word' id='word_1_602' title='bbox 1610 1959 1796 1992; x_wconf 81' lang='grc' dir='ltr'>ἀνεγνωκέναι</span> 
     </span>
    </p>
   </div>
   <div class='ocr_carea' id='block_1_87' title="bbox 1015 2004 1797 2040">
    <p class='ocr_par' dir='ltr' id='par_1_87' title="bbox 1015 2004 1797 2040">
     <span class='ocr_line' id='line_1_87' title="bbox 1015 2004 1797 2040; baseline 0 -9"><span class='ocrx_word' id='word_1_603' title='bbox 1015 2007 1092 2040; x_wconf 70' lang='grc' dir='ltr'>φησι,</span> <span class='ocrx_word' id='word_1_604' title='bbox 1109 2006 1240 2032; x_wconf 80' lang='grc' dir='ltr'>Φοινίκων</span> <span class='ocrx_word' id='word_1_605' title='bbox 1268 2005 1447 2040; x_wconf 81' lang='grc' dir='ltr'>συγκείμενον</span> <span class='ocrx_word' id='word_1_606' title='bbox 1471 2004 1652 2040; x_wconf 80' lang='grc' dir='ltr'>γράμμασιν·</span> <span class='ocrx_word' id='word_1_607' title='bbox 1678 2004 1797 2038; x_wconf 71' lang='grc' dir='ltr'>ἄγχιστα</span> 
     </span>
    </p>
   </div>
   <div class='ocr_carea' id='block_1_88' title="bbox 1013 2049 1794 2086">
    <p class='ocr_par' dir='ltr' id='par_1_88' title="bbox 1013 2049 1794 2086">
     <span class='ocr_line' id='line_1_88' title="bbox 1013 2049 1794 2086; baseline -0.003 -8"><span class='ocrx_word' id='word_1_608' title='bbox 1013 2051 1042 2078; x_wconf 75' lang='grc' dir='ltr'><strong>δὲ</strong></span> <span class='ocrx_word' id='word_1_609' title='bbox 1062 2052 1166 2086; x_wconf 88' lang='grc' dir='ltr'>κρήνης</span> <span class='ocrx_word' id='word_1_610' title='bbox 1183 2049 1253 2077; x_wconf 77' lang='grc' dir='ltr'>εἶναι</span> <span class='ocrx_word' id='word_1_611' title='bbox 1271 2050 1352 2078; x_wconf 73' lang='grc' dir='ltr'>τοῦτό</span> <span class='ocrx_word' id='word_1_612' title='bbox 1367 2060 1449 2083; x_wconf 84' lang='grc' dir='ltr'>τινος,</span> <span class='ocrx_word' id='word_1_613' title='bbox 1466 2050 1531 2077; x_wconf 75' lang='grc' dir='ltr'>ἔνθα</span> <span class='ocrx_word' id='word_1_614' title='bbox 1554 2050 1586 2085; x_wconf 77' lang='grc' dir='ltr'><strong>δὴ</strong></span> <span class='ocrx_word' id='word_1_615' title='bbox 1602 2049 1707 2076; x_wconf 80' lang='grc' dir='ltr'>καὶδύο</span> <span class='ocrx_word' id='word_1_616' title='bbox 1727 2050 1794 2084; x_wconf 78' lang='grc' dir='ltr'>στῆ-</span> 
     </span>
    </p>
   </div>
   <div class='ocr_carea' id='block_1_89' title="bbox 1013 2096 1796 2132">
    <p class='ocr_par' dir='ltr' id='par_1_89' title="bbox 1013 2096 1796 2132">
     <span class='ocr_line' id='line_1_89' title="bbox 1013 2096 1796 2132; baseline -0.003 -8"><span class='ocrx_word' id='word_1_617' title='bbox 1013 2098 1058 2125; x_wconf 90' lang='grc' dir='ltr'><strong>λαι</strong></span> <span class='ocrx_word' id='word_1_618' title='bbox 1084 2098 1238 2132; x_wconf 72' lang='grc' dir='ltr'>ἐγείρονται</span> <span class='ocrx_word' id='word_1_619' title='bbox 1269 2097 1344 2124; x_wconf 81' lang='grc' dir='ltr'>λίθου</span> <span class='ocrx_word' id='word_1_620' title='bbox 1374 2097 1557 2132; x_wconf 68' lang='grc' dir='ltr'>πεποιημέναι</span> <span class='ocrx_word' id='word_1_621' title='bbox 1588 2096 1704 2127; x_wconf 83' lang='grc' dir='ltr'>λευκοῦ.</span> <span class='ocrx_word' id='word_1_622' title='bbox 1730 2096 1796 2123; x_wconf 85' lang='grc' dir='ltr'>τάδε</span> 
     </span>
    </p>
   </div>
   <div class='ocr_carea' id='block_1_90' title="bbox 1013 2142 1795 2178">
    <p class='ocr_par' dir='ltr' id='par_1_90' title="bbox 1013 2142 1795 2178">
     <span class='ocr_line' id='line_1_90' title="bbox 1013 2142 1795 2178; baseline -0.001 -9"><span class='ocrx_word' id='word_1_623' title='bbox 1013 2143 1157 2178; x_wconf 87' lang='grc' dir='ltr'>γλύμμασι</span> <span class='ocrx_word' id='word_1_624' title='bbox 1171 2143 1343 2178; x_wconf 85' lang='grc' dir='ltr'>γραμμάτων</span> <span class='ocrx_word' id='word_1_625' title='bbox 1358 2144 1414 2174; x_wconf 78' lang='grc' dir='ltr'>τοῖς</span> <span class='ocrx_word' id='word_1_626' title='bbox 1429 2143 1518 2170; x_wconf 70' lang='grc' dir='ltr'>ἐκεῖσε</span> <span class='ocrx_word' id='word_1_627' title='bbox 1531 2142 1564 2176; x_wconf 83' lang='grc' dir='ltr'><strong>δὴ</strong></span> <span class='ocrx_word' id='word_1_628' title='bbox 1577 2142 1690 2177; x_wconf 83' lang='grc' dir='ltr'>φοιτῶσι</span> <span class='ocrx_word' id='word_1_629' title='bbox 1700 2142 1795 2173; x_wconf 70' lang='grc' dir='ltr'>διασατ</span> 
     </span>
    </p>
   </div>
   <div class='ocr_carea' id='block_1_91' title="bbox 1013 2187 1794 2223">
    <p class='ocr_par' dir='ltr' id='par_1_91' title="bbox 1013 2187 1794 2223">
     <span class='ocr_line' id='line_1_91' title="bbox 1013 2187 1794 2223; baseline -0.004 -8"><span class='ocrx_word' id='word_1_630' title='bbox 1013 2188 1112 2223; x_wconf 79' lang='grc' dir='ltr'>φοῦσαι</span> <span class='ocrx_word' id='word_1_631' title='bbox 1124 2196 1131 2204; x_wconf 89' lang='grc'>·</span> <span class='ocrx_word' id='word_1_632' title='bbox 1151 2197 1161 2214; x_wconf 91' lang='grc'><strong>‹</strong></span> <span class='ocrx_word' id='word_1_633' title='bbox 1184 2188 1281 2222; x_wconf 82' lang='grc' dir='ltr'>Ἡμεῖς</span> <span class='ocrx_word' id='word_1_634' title='bbox 1297 2188 1379 2222; x_wconf 76' lang='grc' dir='ltr'>ἐσμεν</span> <span class='ocrx_word' id='word_1_635' title='bbox 1391 2188 1415 2214; x_wconf 75' lang='lat' dir='ltr'><strong>oi</strong></span> <span class='ocrx_word' id='word_1_636' title='bbox 1431 2187 1564 2222; x_wconf 82' lang='grc' dir='ltr'>φυγόντες</span> <span class='ocrx_word' id='word_1_637' title='bbox 1574 2187 1627 2214; x_wconf 80' lang='grc' dir='ltr'><strong>ἀπὸ</strong></span> <span class='ocrx_word' id='word_1_638' title='bbox 1645 2187 1794 2222; x_wconf 80' lang='grc' dir='ltr'>προσώπου</span> 
     </span>
    </p>
   </div>
   <div class='ocr_carea' id='block_1_92' title="bbox 180 2229 964 2271">
    <p class='ocr_par' dir='ltr' id='par_1_92' title="bbox 180 2229 961 2266">
     <span class='ocr_line' id='line_1_92' title="bbox 180 2229 961 2266; baseline 0.004 -11"><span class='ocrx_word' id='word_1_639' title='bbox 180 2233 269 2256; x_wconf 85' lang='lat' dir='ltr'><strong>ratum</strong></span> <span class='ocrx_word' id='word_1_640' title='bbox 293 2229 436 2263; x_wconf 81' lang='lat' dir='ltr'><strong>sculptura</strong></span> <span class='ocrx_word' id='word_1_641' title='bbox 449 2236 483 2256; x_wconf 91' lang='lat' dir='ltr'><strong>eo</strong></span> <span class='ocrx_word' id='word_1_642' title='bbox 501 2229 712 2257; x_wconf 89' lang='lat' dir='ltr'><strong>advenientibus</strong></span> <span class='ocrx_word' id='word_1_643' title='bbox 730 2230 788 2258; x_wconf 71' lang='lat' dir='ltr'><strong>ham</strong></span> <span class='ocrx_word' id='word_1_644' title='bbox 802 2231 961 2266; x_wconf 77' lang='lat' dir='ltr'><strong>promulga-</strong></span> 
     </span>
    </p>
   </div>
   <div class='ocr_carea' id='block_1_93' title="bbox 1016 2229 1796 2271">
    <p class='ocr_par' dir='ltr' id='par_1_93' title="bbox 1018 2233 1796 2271">
     <span class='ocr_line' id='line_1_93' title="bbox 1018 2233 1796 2271; baseline -0.005 -8"><span class='ocrx_word' id='word_1_645' title='bbox 1018 2234 1106 2270; x_wconf 85' lang='grc' dir='ltr'><strong>Ἰησοῦ</strong></span> <span class='ocrx_word' id='word_1_646' title='bbox 1123 2234 1170 2261; x_wconf 81' lang='grc' dir='ltr'>τοῦ</span> <span class='ocrx_word' id='word_1_647' title='bbox 1187 2234 1285 2271; x_wconf 76' lang='grc' dir='ltr'>λῃστοῦ</span> <span class='ocrx_word' id='word_1_648' title='bbox 1310 2233 1368 2260; x_wconf 84' lang='grc' dir='ltr'>υἱοῦ</span> <span class='ocrx_word' id='word_1_649' title='bbox 1382 2234 1474 2268; x_wconf 82' lang='grc' dir='ltr'>Ναυῆ.</span> <span class='ocrx_word' id='word_1_650' title='bbox 1491 2242 1502 2260; x_wconf 82' lang='grc'><strong><em>›</em></strong></span> <span class='ocrx_word' id='word_1_651' title='bbox 1523 2234 1579 2260; x_wconf 79' lang='grc' dir='ltr'><strong>Καὶ</strong></span> <span class='ocrx_word' id='word_1_652' title='bbox 1592 2233 1656 2268; x_wconf 79' lang='grc' dir='ltr'>περὶ</span> <span class='ocrx_word' id='word_1_653' title='bbox 1669 2233 1719 2267; x_wconf 78' lang='grc' dir='ltr'>μὲν</span> <span class='ocrx_word' id='word_1_654' title='bbox 1734 2234 1796 2260; x_wconf 81' lang='grc' dir='ltr'><strong>τοὺ-</strong></span> 
     </span>
    </p>
   </div>
   <div class='ocr_carea' id='block_1_94' title="bbox 181 2275 960 2311">
    <p class='ocr_par' dir='ltr' id='par_1_94' title="bbox 181 2275 960 2311">
     <span class='ocr_line' id='line_1_94' title="bbox 181 2275 960 2311; baseline 0.003 -9"><span class='ocrx_word' id='word_1_655' title='bbox 181 2277 246 2302; x_wconf 85' lang='lat' dir='ltr'><strong>bat:</strong></span> <span class='ocrx_word' id='word_1_656' title='bbox 269 2284 278 2301; x_wconf 80' lang='grc' dir='ltr'><strong>ι</strong></span> <span class='ocrx_word' id='word_1_657' title='bbox 293 2275 347 2302; x_wconf 86' lang='lat' dir='ltr'><strong>Nos</strong></span> <span class='ocrx_word' id='word_1_658' title='bbox 362 2282 467 2307; x_wconf 86' lang='lat' dir='ltr'><strong>sumus,</strong></span> <span class='ocrx_word' id='word_1_659' title='bbox 485 2275 533 2310; x_wconf 92' lang='lat' dir='ltr'><strong>qui</strong></span> <span class='ocrx_word' id='word_1_660' title='bbox 554 2283 568 2302; x_wconf 90' lang='lat' dir='ltr'><strong>a</strong></span> <span class='ocrx_word' id='word_1_661' title='bbox 586 2275 655 2303; x_wconf 79' lang='lat' dir='ltr'><strong>facie</strong></span> <span class='ocrx_word' id='word_1_662' title='bbox 673 2275 738 2304; x_wconf 87' lang='lat' dir='ltr'><strong>Jesu</strong></span> <span class='ocrx_word' id='word_1_663' title='bbox 753 2276 891 2311; x_wconf 68' lang='lat' dir='ltr'><strong>praedonis</strong></span> <span class='ocrx_word' id='word_1_664' title='bbox 912 2276 960 2304; x_wconf 90' lang='lat' dir='ltr'><strong>ﬁlii</strong></span> 
     </span>
    </p>
   </div>
   <div class='ocr_carea' id='block_1_95' title="bbox 178 2320 962 2356">
    <p class='ocr_par' dir='ltr' id='par_1_95' title="bbox 178 2320 962 2356">
     <span class='ocr_line' id='line_1_95' title="bbox 178 2320 962 2356; baseline 0.003 -8"><span class='ocrx_word' id='word_1_665' title='bbox 178 2320 252 2348; x_wconf 87' lang='lat' dir='ltr'><strong>Nave</strong></span> <span class='ocrx_word' id='word_1_666' title='bbox 269 2320 451 2355; x_wconf 78' lang='lat' dir='ltr'><strong>prol‘ngimus.</strong></span> <span class='ocrx_word' id='word_1_667' title='bbox 470 2330 480 2346; x_wconf 75' lang='grc' dir='ltr'><strong>ι</strong></span> <span class='ocrx_word' id='word_1_668' title='bbox 499 2321 538 2348; x_wconf 80' lang='lat' dir='ltr'><strong>Ac</strong></span> <span class='ocrx_word' id='word_1_669' title='bbox 552 2321 585 2348; x_wconf 91' lang='lat' dir='ltr'><strong>de</strong></span> <span class='ocrx_word' id='word_1_670' title='bbox 602 2321 645 2348; x_wconf 91' lang='lat' dir='ltr'><strong>his</strong></span> <span class='ocrx_word' id='word_1_671' title='bbox 655 2322 765 2356; x_wconf 90' lang='lat' dir='ltr'><strong>quidem</strong></span> <span class='ocrx_word' id='word_1_672' title='bbox 780 2322 813 2349; x_wconf 85' lang='lat' dir='ltr'><strong>ad</strong></span> <span class='ocrx_word' id='word_1_673' title='bbox 831 2323 903 2350; x_wconf 87' lang='lat' dir='ltr'><strong>hunc</strong></span> <span class='ocrx_word' id='word_1_674' title='bbox 913 2323 962 2351; x_wconf 70' lang='lat' dir='ltr'><strong>ille</strong></span> 
     </span>
    </p>
   </div>
   <div class='ocr_carea' id='block_1_96' title="bbox 179 2366 962 2402">
    <p class='ocr_par' dir='ltr' id='par_1_96' title="bbox 179 2366 962 2402">
     <span class='ocr_line' id='line_1_96' title="bbox 179 2366 962 2402; baseline 0.004 -9"><span class='ocrx_word' id='word_1_675' title='bbox 179 2366 290 2394; x_wconf 89' lang='lat' dir='ltr'><strong>modum</strong></span> <span class='ocrx_word' id='word_1_676' title='bbox 305 2366 410 2394; x_wconf 85' lang='lat' dir='ltr'><strong>scribit.</strong></span> <span class='ocrx_word' id='word_1_677' title='bbox 421 2366 506 2402; x_wconf 86' lang='lat' dir='ltr'><strong>Libya</strong></span> <span class='ocrx_word' id='word_1_678' title='bbox 524 2375 591 2393; x_wconf 86' lang='lat' dir='ltr'><strong>vero</strong></span> <span class='ocrx_word' id='word_1_679' title='bbox 605 2367 631 2394; x_wconf 94' lang='lat' dir='ltr'><strong>in</strong></span> <span class='ocrx_word' id='word_1_680' title='bbox 649 2372 810 2402; x_wconf 88' lang='lat' dir='ltr'><strong>polestatem</strong></span> <span class='ocrx_word' id='word_1_681' title='bbox 826 2368 962 2396; x_wconf 82' lang='lat' dir='ltr'><strong>Romano-</strong></span> 
     </span>
    </p>
   </div>
   <div class='ocr_carea' id='block_1_97' title="bbox 179 2412 961 2448">
    <p class='ocr_par' dir='ltr' id='par_1_97' title="bbox 179 2412 961 2448">
     <span class='ocr_line' id='line_1_97' title="bbox 179 2412 961 2448; baseline 0.004 -9"><span class='ocrx_word' id='word_1_682' title='bbox 179 2420 239 2439; x_wconf 92' lang='lat' dir='ltr'><strong>rum</strong></span> <span class='ocrx_word' id='word_1_683' title='bbox 261 2412 381 2443; x_wconf 85' lang='lat' dir='ltr'><strong>redacta,</strong></span> <span class='ocrx_word' id='word_1_684' title='bbox 400 2420 490 2439; x_wconf 84' lang='lat' dir='ltr'><strong>annua</strong></span> <span class='ocrx_word' id='word_1_685' title='bbox 511 2413 662 2447; x_wconf 74' lang='lat' dir='ltr'><strong>vectigalia.</strong></span> <span class='ocrx_word' id='word_1_686' title='bbox 681 2414 761 2442; x_wconf 91' lang='lat' dir='ltr'><strong>siculi</strong></span> <span class='ocrx_word' id='word_1_687' title='bbox 784 2420 810 2441; x_wconf 88' lang='lat' dir='ltr'><strong>et</strong></span> <span class='ocrx_word' id='word_1_688' title='bbox 826 2420 916 2448; x_wconf 90' lang='lat' dir='ltr'><strong>antea,</strong></span> <span class='ocrx_word' id='word_1_689' title='bbox 934 2416 961 2442; x_wconf 90' lang='lat' dir='ltr'><strong>in</strong></span> 
     </span>
    </p>
   </div>
   <div class='ocr_carea' id='block_1_98' title="bbox 178 2459 959 2494">
    <p class='ocr_par' dir='ltr' id='par_1_98' title="bbox 178 2459 959 2494">
     <span class='ocr_line' id='line_1_98' title="bbox 178 2459 959 2494; baseline 0.005 -10"><span class='ocrx_word' id='word_1_690' title='bbox 178 2459 306 2485; x_wconf 66' lang='lat' dir='ltr'><strong>aerarium</strong></span> <span class='ocrx_word' id='word_1_691' title='bbox 332 2459 434 2486; x_wconf 88' lang='lat' dir='ltr'><strong>intulit.</strong></span> <span class='ocrx_word' id='word_1_692' title='bbox 449 2459 477 2486; x_wconf 88' lang='lat' dir='ltr'><strong>In</strong></span> <span class='ocrx_word' id='word_1_693' title='bbox 492 2460 588 2487; x_wconf 80' lang='lat' dir='ltr'><strong>eadem</strong></span> <span class='ocrx_word' id='word_1_694' title='bbox 606 2459 690 2494; x_wconf 87' lang='lat' dir='ltr'><strong>Libya</strong></span> <span class='ocrx_word' id='word_1_695' title='bbox 705 2460 877 2488; x_wconf 79' lang='lat' dir='ltr'><strong>Justinianus</strong></span> <span class='ocrx_word' id='word_1_696' title='bbox 897 2469 959 2488; x_wconf 85' lang='lat' dir='ltr'><strong>cen-</strong></span> 
     </span>
    </p>
   </div>
   <div class='ocr_carea' id='block_1_99' title="bbox 179 2505 960 2540">
    <p class='ocr_par' dir='ltr' id='par_1_99' title="bbox 179 2505 960 2540">
     <span class='ocr_line' id='line_1_99' title="bbox 179 2505 960 2540; baseline 0.003 -9"><span class='ocrx_word' id='word_1_697' title='bbox 179 2510 235 2531; x_wconf 87' lang='lat' dir='ltr'><strong>tum</strong></span> <span class='ocrx_word' id='word_1_698' title='bbox 254 2510 283 2532; x_wconf 89' lang='lat' dir='ltr'><strong>et</strong></span> <span class='ocrx_word' id='word_1_699' title='bbox 308 2505 506 2540; x_wconf 77' lang='lat' dir='ltr'><strong>quinquaginta</strong></span> <span class='ocrx_word' id='word_1_700' title='bbox 533 2506 632 2540; x_wconf 86' lang='lat' dir='ltr'><strong>oppida</strong></span> <span class='ocrx_word' id='word_1_701' title='bbox 655 2507 823 2533; x_wconf 88' lang='lat' dir='ltr'><strong>instaurasse</strong></span> <span class='ocrx_word' id='word_1_702' title='bbox 844 2506 960 2540; x_wconf 84' lang='lat' dir='ltr'><strong>dicitur,</strong></span> 
     </span>
    </p>
   </div>
   <div class='ocr_carea' id='block_1_100' title="bbox 178 2551 961 2586">
    <p class='ocr_par' dir='ltr' id='par_1_100' title="bbox 178 2551 961 2586">
     <span class='ocr_line' id='line_1_100' title="bbox 178 2551 961 2586; baseline 0.003 -9"><span class='ocrx_word' id='word_1_703' title='bbox 178 2558 239 2584; x_wconf 73' lang='lat' dir='ltr'><strong>qua:</strong></span> <span class='ocrx_word' id='word_1_704' title='bbox 260 2551 357 2585; x_wconf 83' lang='lat' dir='ltr'><strong>partim</strong></span> <span class='ocrx_word' id='word_1_705' title='bbox 374 2558 488 2585; x_wconf 90' lang='lat' dir='ltr'><strong>prorsus</strong></span> <span class='ocrx_word' id='word_1_706' title='bbox 504 2551 605 2582; x_wconf 86' lang='lat' dir='ltr'><strong>deleta,</strong></span> <span class='ocrx_word' id='word_1_707' title='bbox 621 2552 719 2586; x_wconf 86' lang='lat' dir='ltr'><strong>partim</strong></span> <span class='ocrx_word' id='word_1_708' title='bbox 741 2555 879 2579; x_wconf 87' lang='lat' dir='ltr'><strong>vetustate</strong></span> <span class='ocrx_word' id='word_1_709' title='bbox 901 2551 961 2579; x_wconf 87' lang='lat' dir='ltr'><strong>col-</strong></span> 
     </span>
    </p>
   </div>
   <div class='ocr_carea' id='block_1_101' title="bbox 178 2595 960 2632">
    <p class='ocr_par' dir='ltr' id='par_1_101' title="bbox 178 2595 960 2632">
     <span class='ocr_line' id='line_1_101' title="bbox 178 2595 960 2632; baseline 0.004 -11"><span class='ocrx_word' id='word_1_710' title='bbox 178 2595 253 2629; x_wconf 86' lang='lat' dir='ltr'><strong>lapsa</strong></span> <span class='ocrx_word' id='word_1_711' title='bbox 273 2595 392 2623; x_wconf 88' lang='lat' dir='ltr'><strong>i&#39;uerant.</strong></span> <span class='ocrx_word' id='word_1_712' title='bbox 407 2596 443 2624; x_wconf 87' lang='lat' dir='ltr'><strong>Ea</strong></span> <span class='ocrx_word' id='word_1_713' title='bbox 461 2604 528 2624; x_wconf 86' lang='lat' dir='ltr'><strong>vero</strong></span> <span class='ocrx_word' id='word_1_714' title='bbox 544 2596 814 2632; x_wconf 82' lang='lat' dir='ltr'><strong>magniﬁcentissime</strong></span> <span class='ocrx_word' id='word_1_715' title='bbox 827 2597 960 2629; x_wconf 89' lang='lat' dir='ltr'><strong>restituit,</strong></span> 
     </span>
    </p>
   </div>
   <div class='ocr_carea' id='block_1_102' title="bbox 177 2642 960 2678">
    <p class='ocr_par' dir='ltr' id='par_1_102' title="bbox 177 2642 960 2678">
     <span class='ocr_line' id='line_1_102' title="bbox 177 2642 960 2678; baseline 0.004 -11"><span class='ocrx_word' id='word_1_716' title='bbox 177 2649 405 2678; x_wconf 74' lang='lat' dir='ltr'><strong>summoper-eque</strong></span> <span class='ocrx_word' id='word_1_717' title='bbox 425 2642 542 2674; x_wconf 82' lang='lat' dir='ltr'><strong>ornavit,</strong></span> <span class='ocrx_word' id='word_1_718' title='bbox 566 2643 680 2676; x_wconf 88' lang='lat' dir='ltr'><strong>privatis</strong></span> <span class='ocrx_word' id='word_1_719' title='bbox 697 2642 778 2668; x_wconf 89' lang='lat' dir='ltr'><strong>simul</strong></span> <span class='ocrx_word' id='word_1_720' title='bbox 793 2646 821 2669; x_wconf 90' lang='lat' dir='ltr'><strong>et</strong></span> <span class='ocrx_word' id='word_1_721' title='bbox 841 2642 960 2677; x_wconf 87' lang='lat' dir='ltr'><strong>publicis</strong></span> 
     </span>
    </p>
   </div>
   <div class='ocr_carea' id='block_1_103' title="bbox 177 2688 960 2722">
    <p class='ocr_par' dir='ltr' id='par_1_103' title="bbox 177 2688 960 2722">
     <span class='ocr_line' id='line_1_103' title="bbox 177 2688 960 2722; baseline 0.003 -8"><span class='ocrx_word' id='word_1_722' title='bbox 177 2688 335 2718; x_wconf 84' lang='lat' dir='ltr'><strong>structuris.</strong></span> <span class='ocrx_word' id='word_1_723' title='bbox 368 2688 505 2715; x_wconf 73' lang='lat' dir='ltr'><strong>mmnibus</strong></span> <span class='ocrx_word' id='word_1_724' title='bbox 535 2693 563 2715; x_wconf 90' lang='lat' dir='ltr'><strong>ct</strong></span> <span class='ocrx_word' id='word_1_725' title='bbox 596 2688 712 2715; x_wconf 84' lang='lat' dir='ltr'><strong>diversis</strong></span> <span class='ocrx_word' id='word_1_726' title='bbox 748 2688 799 2716; x_wconf 91' lang='lat' dir='ltr'><strong>alis</strong></span> <span class='ocrx_word' id='word_1_727' title='bbox 826 2689 960 2722; x_wconf 79' lang='lat' dir='ltr'><strong>aediﬁciis,</strong></span> 
     </span>
    </p>
   </div>
   <div class='ocr_carea' id='block_1_104' title="bbox 176 2733 959 2767">
    <p class='ocr_par' dir='ltr' id='par_1_104' title="bbox 176 2733 959 2767">
     <span class='ocr_line' id='line_1_104' title="bbox 176 2733 959 2767; baseline 0.004 -8"><span class='ocrx_word' id='word_1_728' title='bbox 176 2741 226 2767; x_wconf 87' lang='lat' dir='ltr'><strong>per</strong></span> <span class='ocrx_word' id='word_1_729' title='bbox 241 2740 300 2766; x_wconf 66' lang='lat' dir='ltr'><strong>qua:</strong></span> <span class='ocrx_word' id='word_1_730' title='bbox 312 2738 341 2760; x_wconf 87' lang='lat' dir='ltr'><strong>et</strong></span> <span class='ocrx_word' id='word_1_731' title='bbox 361 2733 444 2761; x_wconf 85' lang='lat' dir='ltr'><strong>urbes</strong></span> <span class='ocrx_word' id='word_1_732' title='bbox 463 2734 649 2767; x_wconf 86' lang='lat' dir='ltr'><strong>iilustrantur,</strong></span> <span class='ocrx_word' id='word_1_733' title='bbox 671 2739 698 2761; x_wconf 92' lang='lat' dir='ltr'><strong>et</strong></span> <span class='ocrx_word' id='word_1_734' title='bbox 716 2735 840 2762; x_wconf 91' lang='lat' dir='ltr'><strong>divinum</strong></span> <span class='ocrx_word' id='word_1_735' title='bbox 858 2742 959 2762; x_wconf 91' lang='lat' dir='ltr'><strong>numen</strong></span> 
     </span>
    </p>
   </div>
   <div class='ocr_carea' id='block_1_105' title="bbox 177 2779 961 2817">
    <p class='ocr_par' dir='ltr' id='par_1_105' title="bbox 177 2779 961 2817">
     <span class='ocr_line' id='line_1_105' title="bbox 177 2779 961 2817; baseline 0.004 -11"><span class='ocrx_word' id='word_1_736' title='bbox 177 2779 296 2806; x_wconf 64' lang='lat' dir='ltr'><strong>maxime</strong></span> <span class='ocrx_word' id='word_1_737' title='bbox 313 2779 446 2814; x_wconf 85' lang='lat' dir='ltr'><strong>placatur,</strong></span> <span class='ocrx_word' id='word_1_738' title='bbox 463 2788 540 2815; x_wconf 65' lang='lat' dir='ltr'><strong>aqua:</strong></span> <span class='ocrx_word' id='word_1_739' title='bbox 553 2780 682 2808; x_wconf 88' lang='lat' dir='ltr'><strong>ductibus</strong></span> <span class='ocrx_word' id='word_1_740' title='bbox 698 2789 820 2817; x_wconf 88' lang='lat' dir='ltr'><strong>quoque,</strong></span> <span class='ocrx_word' id='word_1_741' title='bbox 841 2782 888 2816; x_wconf 91' lang='lat' dir='ltr'><strong>qui</strong></span> <span class='ocrx_word' id='word_1_742' title='bbox 905 2781 961 2809; x_wconf 88' lang='lat' dir='ltr'><strong>uti-</strong></span> 
     </span>
    </p>
   </div>
   <div class='ocr_carea' id='block_1_106' title="bbox 1012 2279 1796 2315">
    <p class='ocr_par' dir='ltr' id='par_1_106' title="bbox 1012 2279 1796 2315">
     <span class='ocr_line' id='line_1_106' title="bbox 1012 2279 1796 2315; baseline -0.004 -5"><span class='ocrx_word' id='word_1_743' title='bbox 1012 2291 1066 2310; x_wconf 76' lang='grc' dir='ltr'><strong>των</strong></span> <span class='ocrx_word' id='word_1_744' title='bbox 1082 2279 1132 2309; x_wconf 79' lang='grc' dir='ltr'><strong>ὦδε</strong></span> <span class='ocrx_word' id='word_1_745' title='bbox 1154 2282 1274 2313; x_wconf 74' lang='grc' dir='ltr'>διέξεισι.</span> <span class='ocrx_word' id='word_1_746' title='bbox 1293 2281 1350 2315; x_wconf 85' lang='grc' dir='ltr'><strong>Τῆς</strong></span> <span class='ocrx_word' id='word_1_747' title='bbox 1375 2280 1402 2307; x_wconf 74' lang='grc' dir='ltr'><strong>δὲ</strong></span> <span class='ocrx_word' id='word_1_748' title='bbox 1422 2280 1526 2314; x_wconf 73' lang='grc' dir='ltr'>Λιϐύης</span> <span class='ocrx_word' id='word_1_749' title='bbox 1556 2280 1628 2307; x_wconf 77' lang='grc' dir='ltr'>οὕτω</span> <span class='ocrx_word' id='word_1_750' title='bbox 1646 2280 1796 2315; x_wconf 85' lang='grc' dir='ltr'>Ῥωμαίοις</span> 
     </span>
    </p>
   </div>
   <div class='ocr_carea' id='block_1_107' title="bbox 1012 2324 1795 2362">
    <p class='ocr_par' dir='ltr' id='par_1_107' title="bbox 1012 2324 1795 2362">
     <span class='ocr_line' id='line_1_107' title="bbox 1012 2324 1795 2362; baseline -0.004 -8"><span class='ocrx_word' id='word_1_751' title='bbox 1012 2328 1064 2354; x_wconf 74' lang='grc' dir='ltr'><strong>ὑπὸ</strong></span> <span class='ocrx_word' id='word_1_752' title='bbox 1079 2328 1156 2362; x_wconf 79' lang='grc' dir='ltr'>χεῖρα</span> <span class='ocrx_word' id='word_1_753' title='bbox 1175 2328 1372 2361; x_wconf 77' lang='grc' dir='ltr'>γεγενημένης,</span> <span class='ocrx_word' id='word_1_754' title='bbox 1393 2325 1472 2359; x_wconf 79' lang='grc' dir='ltr'>φόροι</span> <span class='ocrx_word' id='word_1_755' title='bbox 1494 2325 1612 2351; x_wconf 72' lang='grc' dir='ltr'>ἐπέτειοι</span> <span class='ocrx_word' id='word_1_756' title='bbox 1635 2324 1728 2360; x_wconf 75' lang='grc' dir='ltr'>ὥσπερ</span> <span class='ocrx_word' id='word_1_757' title='bbox 1747 2326 1795 2351; x_wconf 79' lang='grc' dir='ltr'>καὶ</span> 
     </span>
    </p>
   </div>
   <div class='ocr_carea' id='block_1_108' title="bbox 1011 2370 1794 2406">
    <p class='ocr_par' dir='ltr' id='par_1_108' title="bbox 1011 2370 1794 2406">
     <span class='ocr_line' id='line_1_108' title="bbox 1011 2370 1794 2406; baseline -0.003 -8"><span class='ocrx_word' id='word_1_758' title='bbox 1011 2372 1107 2406; x_wconf 77' lang='grc' dir='ltr'>πρώην</span> <span class='ocrx_word' id='word_1_759' title='bbox 1126 2372 1276 2406; x_wconf 84' lang='grc' dir='ltr'>είσήγοντο.</span> <span class='ocrx_word' id='word_1_760' title='bbox 1291 2371 1359 2397; x_wconf 68' lang='grc' dir='ltr'><strong>Φασ)⁸</strong></span> <span class='ocrx_word' id='word_1_761' title='bbox 1373 2371 1401 2397; x_wconf 82' lang='grc' dir='ltr'><strong>δὲ</strong></span> <span class='ocrx_word' id='word_1_762' title='bbox 1415 2370 1605 2397; x_wconf 73' lang='grc' dir='ltr'>Ὶουστινιανὸν</span> <span class='ocrx_word' id='word_1_763' title='bbox 1629 2371 1681 2397; x_wconf 79' lang='grc' dir='ltr'>ἀνὰ</span> <span class='ocrx_word' id='word_1_764' title='bbox 1700 2371 1730 2396; x_wconf 72' lang='grc' dir='ltr'><strong>τὸ</strong></span> <span class='ocrx_word' id='word_1_765' title='bbox 1746 2371 1794 2397; x_wconf 84' lang='grc' dir='ltr'><strong>Αι-</strong></span> 
     </span>
    </p>
   </div>
   <div class='ocr_carea' id='block_1_109' title="bbox 1012 2417 1796 2452">
    <p class='ocr_par' dir='ltr' id='par_1_109' title="bbox 1012 2417 1796 2452">
     <span class='ocr_line' id='line_1_109' title="bbox 1012 2417 1796 2452; baseline -0.001 -9"><span class='ocrx_word' id='word_1_766' title='bbox 1012 2417 1086 2444; x_wconf 77' lang='grc' dir='ltr'>ϐύων</span> <span class='ocrx_word' id='word_1_767' title='bbox 1111 2417 1187 2449; x_wconf 74' lang='grc' dir='ltr'>ἔθνος</span> <span class='ocrx_word' id='word_1_768' title='bbox 1205 2417 1374 2452; x_wconf 78' lang='grc' dir='ltr'>πεντήκοντα</span> <span class='ocrx_word' id='word_1_769' title='bbox 1388 2422 1436 2443; x_wconf 77' lang='grc' dir='ltr'>καὶ</span> <span class='ocrx_word' id='word_1_770' title='bbox 1451 2417 1547 2443; x_wconf 83' lang='grc' dir='ltr'>ὲκατδν</span> <span class='ocrx_word' id='word_1_771' title='bbox 1563 2417 1632 2450; x_wconf 80' lang='grc' dir='ltr'>ἄστη</span> <span class='ocrx_word' id='word_1_772' title='bbox 1650 2417 1796 2452; x_wconf 83' lang='grc' dir='ltr'>περιποιή-</span> 
     </span>
    </p>
   </div>
   <div class='ocr_carea' id='block_1_110' title="bbox 1010 2462 1794 2499">
    <p class='ocr_par' dir='ltr' id='par_1_110' title="bbox 1010 2462 1794 2499">
     <span class='ocr_line' id='line_1_110' title="bbox 1010 2462 1794 2499; baseline -0.003 -9"><span class='ocrx_word' id='word_1_773' title='bbox 1010 2463 1111 2490; x_wconf 78' lang='grc' dir='ltr'>σασθαι</span> <span class='ocrx_word' id='word_1_774' title='bbox 1124 2473 1130 2480; x_wconf 88' lang='grc'><strong>·</strong></span> <span class='ocrx_word' id='word_1_775' title='bbox 1143 2463 1176 2490; x_wconf 81' lang='grc' dir='ltr'><strong>τὰ</strong></span> <span class='ocrx_word' id='word_1_776' title='bbox 1195 2463 1244 2498; x_wconf 83' lang='grc' dir='ltr'>μὲν</span> <span class='ocrx_word' id='word_1_777' title='bbox 1262 2463 1394 2499; x_wconf 84' lang='grc' dir='ltr'>μηδαμῶς</span> <span class='ocrx_word' id='word_1_778' title='bbox 1408 2462 1481 2496; x_wconf 67' lang='grc' dir='ltr'>ὄντα,</span> <span class='ocrx_word' id='word_1_779' title='bbox 1499 2463 1532 2489; x_wconf 81' lang='grc' dir='ltr'><strong>ἰὰ</strong></span> <span class='ocrx_word' id='word_1_780' title='bbox 1545 2463 1574 2489; x_wconf 81' lang='grc' dir='ltr'><strong>δὲ</strong></span> <span class='ocrx_word' id='word_1_781' title='bbox 1589 2463 1636 2490; x_wconf 77' lang='grc' dir='ltr'>καὶ</span> <span class='ocrx_word' id='word_1_782' title='bbox 1650 2462 1689 2496; x_wconf 87' lang='grc' dir='ltr'>τῷ</span> <span class='ocrx_word' id='word_1_783' title='bbox 1702 2462 1794 2497; x_wconf 84' lang='grc' dir='ltr'>χρόνῳ</span> 
     </span>
    </p>
   </div>
   <div class='ocr_carea' id='block_1_111' title="bbox 1010 2510 1795 2545">
    <p class='ocr_par' dir='ltr' id='par_1_111' title="bbox 1010 2510 1795 2545">
     <span class='ocr_line' id='line_1_111' title="bbox 1010 2510 1795 2545; baseline -0.001 -9"><span class='ocrx_word' id='word_1_784' title='bbox 1010 2510 1186 2545; x_wconf 59' lang='lat' dir='ltr'><strong>stuppae/ra,</strong></span> <span class='ocrx_word' id='word_1_785' title='bbox 1207 2510 1276 2545; x_wconf 81' lang='grc' dir='ltr'>πρὸς</span> <span class='ocrx_word' id='word_1_786' title='bbox 1302 2511 1333 2536; x_wconf 81' lang='grc' dir='ltr'><strong>τὺ</strong></span> <span class='ocrx_word' id='word_1_787' title='bbox 1353 2510 1642 2545; x_wconf 80' lang='grc' dir='ltr'>μεγαλοπρεπέστερον</span> <span class='ocrx_word' id='word_1_788' title='bbox 1668 2510 1795 2535; x_wconf 81' lang='grc' dir='ltr'>καινισά-</span> 
     </span>
    </p>
   </div>
   <div class='ocr_carea' id='block_1_112' title="bbox 1013 2554 1794 2591">
    <p class='ocr_par' dir='ltr' id='par_1_112' title="bbox 1013 2554 1794 2591">
     <span class='ocr_line' id='line_1_112' title="bbox 1013 2554 1794 2591; baseline -0.003 -9"><span class='ocrx_word' id='word_1_789' title='bbox 1013 2563 1094 2590; x_wconf 86' lang='grc' dir='ltr'>μενον</span> <span class='ocrx_word' id='word_1_790' title='bbox 1106 2562 1113 2570; x_wconf 90' lang='lat'>&#39;</span> <span class='ocrx_word' id='word_1_791' title='bbox 1133 2557 1161 2586; x_wconf 80' lang='grc' dir='ltr'>ἐς</span> <span class='ocrx_word' id='word_1_792' title='bbox 1176 2555 1330 2591; x_wconf 77' lang='grc' dir='ltr'>ὑπερϐολήν</span> <span class='ocrx_word' id='word_1_793' title='bbox 1343 2564 1372 2582; x_wconf 82' lang='grc' dir='ltr'><strong>τε</strong></span> <span class='ocrx_word' id='word_1_794' title='bbox 1388 2555 1569 2586; x_wconf 84' lang='grc' dir='ltr'>καλλωπίσαι,</span> <span class='ocrx_word' id='word_1_795' title='bbox 1588 2554 1668 2586; x_wconf 84' lang='grc' dir='ltr'>ίδίαις</span> <span class='ocrx_word' id='word_1_796' title='bbox 1687 2562 1716 2580; x_wconf 84' lang='grc' dir='ltr'><strong>τε</strong></span> <span class='ocrx_word' id='word_1_797' title='bbox 1733 2554 1794 2588; x_wconf 72' lang='grc' dir='ltr'><strong>ἃμα</strong></span> 
     </span>
    </p>
   </div>
   <div class='ocr_carea' id='block_1_113' title="bbox 1011 2599 1792 2635">
    <p class='ocr_par' dir='ltr' id='par_1_113' title="bbox 1011 2599 1792 2635">
     <span class='ocr_line' id='line_1_113' title="bbox 1011 2599 1792 2635; baseline -0.003 -9"><span class='ocrx_word' id='word_1_798' title='bbox 1011 2601 1058 2626; x_wconf 68' lang='grc' dir='ltr'>καὶ</span> <span class='ocrx_word' id='word_1_799' title='bbox 1071 2600 1216 2634; x_wconf 78' lang='grc' dir='ltr'>δημοσίαις</span> <span class='ocrx_word' id='word_1_800' title='bbox 1245 2602 1433 2635; x_wconf 82' lang='grc' dir='ltr'>καταγωγαῖς,</span> <span class='ocrx_word' id='word_1_801' title='bbox 1448 2599 1546 2634; x_wconf 83' lang='grc' dir='ltr'>τειχῶν</span> <span class='ocrx_word' id='word_1_802' title='bbox 1568 2609 1598 2626; x_wconf 81' lang='grc' dir='ltr'><strong>τε</strong></span> <span class='ocrx_word' id='word_1_803' title='bbox 1627 2599 1792 2634; x_wconf 74' lang='grc' dir='ltr'>περιϐόλοις,</span> 
     </span>
    </p>
   </div>
   <div class='ocr_carea' id='block_1_114' title="bbox 1010 2643 1791 2681">
    <p class='ocr_par' dir='ltr' id='par_1_114' title="bbox 1010 2643 1791 2681">
     <span class='ocr_line' id='line_1_114' title="bbox 1010 2643 1791 2681; baseline 0 -10"><span class='ocrx_word' id='word_1_804' title='bbox 1010 2646 1059 2672; x_wconf 75' lang='grc' dir='ltr'>καὶ</span> <span class='ocrx_word' id='word_1_805' title='bbox 1073 2646 1167 2677; x_wconf 77' lang='grc' dir='ltr'>ἄλλαις</span> <span class='ocrx_word' id='word_1_806' title='bbox 1191 2646 1328 2678; x_wconf 84' lang='grc' dir='ltr'>ποικίλαις</span> <span class='ocrx_word' id='word_1_807' title='bbox 1350 2647 1518 2681; x_wconf 78' lang='grc' dir='ltr'>οἰκοδομαῖς,</span> <span class='ocrx_word' id='word_1_808' title='bbox 1533 2643 1620 2673; x_wconf 80' lang='grc' dir='ltr'>δι’ὧν</span> <span class='ocrx_word' id='word_1_809' title='bbox 1645 2646 1737 2677; x_wconf 74' lang='grc' dir='ltr'>πόλεις</span> <span class='ocrx_word' id='word_1_810' title='bbox 1761 2654 1791 2671; x_wconf 89' lang='grc' dir='ltr'><strong>τε</strong></span> 
     </span>
    </p>
   </div>
   <div class='ocr_carea' id='block_1_115' title="bbox 1011 2691 1791 2728">
    <p class='ocr_par' dir='ltr' id='par_1_115' title="bbox 1011 2691 1791 2728">
     <span class='ocr_line' id='line_1_115' title="bbox 1011 2691 1791 2728; baseline 0.001 -11"><span class='ocrx_word' id='word_1_811' title='bbox 1011 2691 1207 2726; x_wconf 81' lang='grc' dir='ltr'>διαφαίνονται,</span> <span class='ocrx_word' id='word_1_812' title='bbox 1231 2692 1278 2718; x_wconf 77' lang='grc' dir='ltr'>καὶ</span> <span class='ocrx_word' id='word_1_813' title='bbox 1293 2692 1324 2719; x_wconf 77' lang='grc' dir='ltr'><strong>τὸ</strong></span> <span class='ocrx_word' id='word_1_814' title='bbox 1343 2693 1421 2719; x_wconf 85' lang='grc' dir='ltr'>Θεῖον</span> <span class='ocrx_word' id='word_1_815' title='bbox 1435 2692 1508 2728; x_wconf 80' lang='grc' dir='ltr'>μάλα</span> <span class='ocrx_word' id='word_1_816' title='bbox 1531 2692 1690 2719; x_wconf 78' lang='grc' dir='ltr'>ἱλάσκεται·</span> <span class='ocrx_word' id='word_1_817' title='bbox 1715 2692 1791 2719; x_wconf 82' lang='grc' dir='ltr'>είσα-</span> 
     </span>
    </p>
   </div>
   <div class='ocr_carea' id='block_1_116' title="bbox 1011 2736 1791 2772">
    <p class='ocr_par' dir='ltr' id='par_1_116' title="bbox 1011 2736 1791 2772">
     <span class='ocr_line' id='line_1_116' title="bbox 1011 2736 1791 2772; baseline 0.001 -10"><span class='ocrx_word' id='word_1_818' title='bbox 1011 2738 1116 2770; x_wconf 85' lang='grc' dir='ltr'>γωγαῖς</span> <span class='ocrx_word' id='word_1_819' title='bbox 1129 2745 1158 2763; x_wconf 90' lang='grc' dir='ltr'>τε</span> <span class='ocrx_word' id='word_1_820' title='bbox 1176 2737 1292 2769; x_wconf 80' lang='grc' dir='ltr'>ὑδάτων,</span> <span class='ocrx_word' id='word_1_821' title='bbox 1305 2738 1400 2772; x_wconf 82' lang='grc' dir='ltr'>χρείαν</span> <span class='ocrx_word' id='word_1_822' title='bbox 1418 2746 1448 2764; x_wconf 90' lang='grc' dir='ltr'><strong>τε</strong></span> <span class='ocrx_word' id='word_1_823' title='bbox 1466 2737 1525 2772; x_wconf 71' lang='grc' dir='ltr'>ἅμα</span> <span class='ocrx_word' id='word_1_824' title='bbox 1541 2737 1589 2764; x_wconf 77' lang='grc' dir='ltr'>καὶ</span> <span class='ocrx_word' id='word_1_825' title='bbox 1607 2736 1705 2768; x_wconf 81' lang='grc' dir='ltr'>κάλλος</span> <span class='ocrx_word' id='word_1_826' title='bbox 1723 2737 1791 2764; x_wconf 82' lang='grc' dir='ltr'>ἀπο-</span> 
     </span>
    </p>
   </div>
   <div class='ocr_carea' id='block_1_117' title="bbox 1013 2781 1792 2818">
    <p class='ocr_par' dir='ltr' id='par_1_117' title="bbox 1013 2781 1792 2818">
     <span class='ocr_line' id='line_1_117' title="bbox 1013 2781 1792 2818; baseline 0.001 -10"><span class='ocrx_word' id='word_1_827' title='bbox 1013 2781 1188 2817; x_wconf 80' lang='grc' dir='ltr'>πληροῦντων</span> <span class='ocrx_word' id='word_1_828' title='bbox 1217 2783 1249 2817; x_wconf 81' lang='grc' dir='ltr'><strong>τῇ</strong></span> <span class='ocrx_word' id='word_1_829' title='bbox 1279 2782 1373 2809; x_wconf 79' lang='grc' dir='ltr'>πόλει·</span> <span class='ocrx_word' id='word_1_830' title='bbox 1397 2783 1450 2810; x_wconf 83' lang='grc' dir='ltr'><strong>τῶν</strong></span> <span class='ocrx_word' id='word_1_831' title='bbox 1467 2783 1516 2818; x_wconf 72' lang='grc' dir='ltr'>μὲν</span> <span class='ocrx_word' id='word_1_832' title='bbox 1536 2782 1617 2814; x_wconf 79' lang='grc' dir='ltr'>εὐθὺς</span> <span class='ocrx_word' id='word_1_833' title='bbox 1647 2782 1677 2815; x_wconf 69' lang='grc' dir='ltr'><strong>ἑξ</strong></span> <span class='ocrx_word' id='word_1_834' title='bbox 1703 2782 1792 2818; x_wconf 81' lang='grc' dir='ltr'>ἀρχῆς</span> 
     </span>
    </p>
   </div>
   <div class='ocr_carea' id='block_1_118' title="bbox 216 2858 1362 2896">
    <p class='ocr_par' dir='ltr' id='par_1_118' title="bbox 216 2858 1362 2896">
     <span class='ocr_line' id='line_1_118' title="bbox 216 2858 1362 2896; baseline 0.001 -9"><span class='ocrx_word' id='word_1_835' title='bbox 216 2858 257 2895; x_wconf 87' lang='grc'><strong>(1)</strong></span> <span class='ocrx_word' id='word_1_836' title='bbox 268 2859 436 2887; x_wconf 81' lang='lat' dir='ltr'><strong>Justinianus</strong></span> <span class='ocrx_word' id='word_1_837' title='bbox 451 2859 579 2889; x_wconf 82' lang='lat' dir='ltr'><strong>Gelimcri</strong></span> <span class='ocrx_word' id='word_1_838' title='bbox 591 2863 650 2891; x_wconf 80' lang='lat' dir='ltr'><strong>loca</strong></span> <span class='ocrx_word' id='word_1_839' title='bbox 665 2860 788 2896; x_wconf 75' lang='lat' dir='ltr'><strong>quedam</strong></span> <span class='ocrx_word' id='word_1_840' title='bbox 799 2861 826 2889; x_wconf 94' lang='lat' dir='ltr'><strong>in</strong></span> <span class='ocrx_word' id='word_1_841' title='bbox 841 2860 929 2889; x_wconf 84' lang='lat' dir='ltr'><strong>Gallia</strong></span> <span class='ocrx_word' id='word_1_842' title='bbox 945 2860 1091 2890; x_wconf 83' lang='lat' dir='ltr'><strong>habitanda</strong></span> <span class='ocrx_word' id='word_1_843' title='bbox 1107 2861 1213 2890; x_wconf 85' lang='lat' dir='ltr'><strong>tribuit.</strong></span> <span class='ocrx_word' id='word_1_844' title='bbox 1228 2859 1362 2894; x_wconf 85' lang='lat' dir='ltr'><strong>(Diacon.)</strong></span> 
     </span>
    </p>
   </div>
  </div>
