1915 3094
184 135 239 168 259

433 192 516 228 753
537 193 652 221 cspur
669 194 727 222 xv.

183 238 224 265 De
249 237 399 270 miraculo,
427 239 497 274 quod
521 239 648 272 Apamea:
668 238 704 266 ad
730 239 865 274 viviﬁcum
889 242 976 268 cruci:

469 273 570 308 lignum
587 274 694 301 accidit.

219 330 401 365 Posteaquam
423 337 489 356 vero
513 330 548 357 ad
575 330 649 358 hunc
678 331 769 360 locum
787 333 976 367 pervenimus,

183 377 258 404 aliud
284 377 414 412 quiddam
444 376 604 409 recensebo,
630 378 759 412 prtrsenti
776 378 898 406 historia
913 387 978 406 con-

184 421 297 448 veniens
323 420 537 456 quummaxime.
561 420 629 449 Cum
653 423 788 456 Apameni
808 424 905 451 urbem
922 424 978 452 An-

184 467 340 494 tiochenam
370 467 425 502 jam
458 466 567 494 incendi
605 468 796 502 audivissent,
830 470 976 503 Thomam,

182 522 265 549 quem
294 513 368 546 dixi,
383 514 543 548 episcopum
564 521 578 541 a
591 513 715 542 Chosroe
737 523 880 543 reversum
894 517 976 544 obse-

182 563 306 592 crarunt,
333 563 363 586 ut
396 563 496 593 praeter
511 559 622 587 solitum
646 567 749 587 morem
762 561 900 588 vivificum
915 569 977 588 cru-

183 605 224 633 cis
257 605 365 640 lignum
386 605 535 640 proferret.
561 611 643 640 atque
661 606 689 633 in
703 607 823 634 medium
840 615 978 642 propone-

183 657 235 683 ret,
253 657 282 679 ιιι
299 657 468 684 postremum
484 651 657 679 intuerentur
673 653 974 688 exoscularenturquc,

183 698 292 726 unicam
307 705 367 725 eam
384 697 526 724 hominum
541 698 676 731 salutem;
700 702 729 726 et
744 699 824 733 quasi
840 698 974 726 viaticum

183 744 373 772 adorationem
403 744 490 777 illius,
509 744 543 771 ad
561 744 704 772 meliorem
722 744 797 772 illam
817 745 900 772 vitam
926 745 977 772 mi-

184 790 301 826 graturi.
333 795 486 818 sumerent.
522 790 628 817 Annuit
643 791 772 825 precibus
790 799 887 819 eorum
903 791 976 819 Tho-

184 844 255 867 mas,
281 841 309 863 et
333 836 436 871 lignum
462 836 544 863 vitale
577 837 703 871 protulit,
717 837 801 864 certis
815 837 976 872 productio-

798 138 1016 170 NlCEPllORI
1036 140 1080 170 CA
1086 140 1208 171 LLISTI

913 201 918 205 “
991 199 1014 228 Α
1324 201 1450 229 ΚΕΦΑΛ.
1472 201 1521 229 1Ε¹.

1740 173 1746 181 ,
1767 141 1821 174 260

1024 245 1093 280 Περὶ
1114 246 1168 274 τοῦ
1187 246 1222 288 ἐγ
1252 247 1397 288 Ἀ’παμειᾳ
1413 221 1600 288 γενομὲζοτῖ.
1611 249 1763 288 θαύματος
1780 249 1821 283 τῷ

1189 281 1331 317 ζωηφόρφ
1342 281 1395 309 τοῦ
1410 281 1547 317 ὰταύροῦ
1564 283 1658 316 ξύλῳ.

1070 338 1204 366 Ἐν·ιαῦοα
1217 339 1246 366 δὲ
1260 339 1308 366 τοῦ
1327 340 1409 374 λόγου
1433 340 1592 374 γενόμενος,
1613 341 1662 368 καί
1677 350 1703 368 τι
1725 342 1822 378 ἕτερον
1840 359 1846 365 ι

1027 384 1211 420 διηγήσασθαι
1230 386 1374 421 βούλομαι,
1390 387 1534 422 προσῆκον
1552 387 1671 421 μάλιστα
1686 389 1720 425 τῇ
1745 397 1821 423 παρ-

1028 434 1099 469 ούσῃ
1124 441 1169 468 μοι
1195 433 1313 468 ἱστορίᾳ.
1329 433 1407 460 Ἐπεὶ
1418 434 1472 469 γὰρ
1485 435 1509 460 οἱ
1519 435 1569 470 τῆς
1581 433 1729 469 ’Δπαμέων
1743 436 1822 471 οἰκή-

1028 487 1108 513 τορες
1125 479 1175 514 τὴν
1199 479 1275 513 σφῶν
1299 479 1377 505 πόλιν
1396 479 1447 514 ἠδη
1482 480 1681 514 πυρπολεῖσθαι
1705 482 1821 515 διέγνω-

1030 535 1090 557 σαν,
1103 526 1150 552 τὸν
1164 525 1311 561 εἰρημένον
1325 526 1428 558 Θωμᾶν
1442 526 1566 553 εκέτευον
1579 527 1654 562 παρὰ
1668 527 1699 553 τὸ
1711 528 1819 561 εἰωθὸς,

1028 572 1058 598 τὸ
1083 571 1217 604 ζωοποιὸν
1240 571 1287 598 τοῦ
1301 572 1421 607 σταυροῦ
1439 572 1518 604 ξύλου
1534 573 1690 607 ἐξενεγκεῖν
1706 575 1754 601 καὶ
1779 576 1820 603 εἰς

1030 618 1129 651 μέσους
1144 617 1306 652 προθεῖναι·
1332 618 1370 649 ὡς
1395 619 1428 645 ἄν
1443 626 1476 652 γε
1502 619 1659 646 τελευταῖον
1690 620 1771 648 ῐδοιέν
1788 629 1819 648 τε

1029 662 1077 688 καὶ
1090 662 1328 694 καταοπάσαιντο,
1345 662 1394 697 τὴν
1411 663 1497 698 μόνην
1515 663 1568 691 τῶν
1592 663 1746 700 ἀνθρώπων
1767 674 1820 693 σω-

1027 708 1135 743 τηρίαν,
1153 708 1201 735 καὶ
1216 708 1273 735 οἷον
1285 709 1391 743 ἐφὸδιον
1407 709 1500 735 λασεῖν
1516 709 1565 744 τὴν
1577 710 1684 737 ἐκείνου
1696 712 1822 746 προσκύ-

1028 762 1117 788 νησιν,
1146 756 1317 789 μεταχωρεῖν
1342 754 1492 790 μέλλοντας
1520 756 1590 790 πρὸς
1613 756 1663 791 τὴν
1687 758 1821 791 ἀμείνονα

1029 801 1132 836 βιοτήν.
1155 801 1296 836 ’Υπήκουε
1313 801 1342 828 δὲ
1357 802 1372 828 ὁ
1387 801 1489 837 Θωμᾶς
1512 803 1560 829 καὶ
1577 804 1682 838 προῆγε
1699 803 1730 829 τὸ
1751 805 1820 835 ζωο-

1028 847 1104 874 ποιὸν
1121 847 1211 880 ξύλον,
1238 847 1325 882 ῥητὰς
1341 847 1580 884 ἐπαγγειλάμενος
1594 849 1644 883 τῆς
1659 850 1819 884 προθέσεως

183 883 226 909 nis
239 883 300 917 ejus
313 882 424 909 indictis
435 882 552 915 diebus,
564 888 593 909 ut
603 882 687 910 vicini
702 891 813 919 quoque
826 883 973 911 al'lluerent

1028 893 1078 923 τὰς
1092 875 1213 927 ἡμῖέραςξ
1225 875 1367 926 (ilic-avem
1383 875 1430 918 καί
1443 875 1505 923 τοῖς,
1517 875 1710 926 ἀστυγεὶτοσιν

184 933 212 955 et
238 927 374 955 medicina
402 928 514 955 salutari
546 928 768 963 perlruerentur.
799 929 869 956 Cum
883 934 975 957 autem

184 980 281 1000 omnes
308 973 514 1005 convenissent,
546 973 611 1000 totis
634 973 762 1001 manibus
775 974 895 1001 Thomas
911 974 978 1002 sub-

184 1019 239 1046 lato
271 1019 300 1046 in
339 1018 458 1046 sublime
494 1019 579 1053 ligno,
619 1019 821 1047 maledictionis
845 1021 975 1053 amulelo,

183 1072 288 1091 sacram
308 1064 394 1091 tndem
413 1064 573 1091 circumiit:
590 1065 664 1099 quod
691 1065 771 1093 statis
787 1070 892 1093 tantum
912 1074 977 1102 sup-

184 1109 366 1144 plicationum
393 1109 491 1137 diebus
506 1110 563 1137 fieri
576 1111 730 1138 consuevit.
744 1111 829 1138 Porro
844 1112 977 1139 Thomam

183 1156 380 1190 procedentem
408 1164 505 1191 magna
535 1157 577 1184 vis
603 1157 807 1192 resplendentis
822 1158 894 1193 ignis
911 1159 977 1186 sub-

183 1200 262 1235 sequi
289 1201 345 1227 visa
379 1198 431 1232 est,
459 1209 513 1229 non
533 1202 678 1229 adurentis
702 1202 812 1237 quidem
827 1203 910 1238 ignis,
926 1203 975 1231 sed

183 1246 230 1280 qui
258 1245 348 1272 locum
378 1245 449 1272 unde
481 1246 526 1273 ille
554 1247 617 1279 iret,
635 1247 801 1275 comburere
818 1252 974 1282 putaretur.

184 1291 278 1326 Neque
304 1291 330 1317 id
359 1291 446 1318 semel
471 1297 519 1319 aut
545 1292 656 1324 iterum,
670 1301 766 1320 verum
785 1300 976 1328 saepenumero

182 1337 293 1369 accidit.
322 1337 395 1371 quod
424 1338 540 1365 antistes
563 1339 653 1365 locum
674 1346 784 1366 omnem
802 1339 974 1368 circumiret.

181 1387 208 1409 ct
243 1382 391 1409 multitudo
418 1390 583 1418 congregata
615 1384 705 1416 illum,
737 1389 766 1412 ut
787 1385 859 1412 idem
873 1386 976 1420 saepius

180 1428 293 1460 faceret,
320 1434 438 1462 rogaret,
454 1437 509 1463 quo
520 1430 645 1457 crebrius
664 1430 793 1458 videlicet
808 1431 903 1459 divino
918 1431 974 1459 ful-

181 1483 247 1510 gore
279 1475 430 1502 frueretur.
459 1475 495 1501 Ea
531 1483 576 1502 res
591 1475 713 1502 futuram
729 1476 878 1511 Apamenis
898 1477 973 1504 salu-

181 1525 235 1548 tem
264 1521 416 1556 portendit.
442 1520 475 1548 Et
507 1521 702 1557 miraculiejus
718 1523 806 1558 imago
821 1528 903 1559 atque
916 1531 975 1551 mo—

180 1571 344 1594 numentum
365 1566 397 1593 ad
416 1566 541 1594 Basilica!
569 1567 739 1594 testudinem
754 1575 900 1600 summam,
914 1576 975 1596 om-

182 1614 264 1640 nibus
293 1613 443 1641 novitatem
475 1613 515 1640 rei
546 1613 772 1646 testiﬁcaturum,
799 1615 973 1649 propositum

181 1664 224 1686 est
240 1658 290 1695 (l).
303 1658 381 1691 Quod
404 1657 517 1692 quidem
542 1665 629 1693 usque
640 1658 673 1685 ad
686 1657 850 1686 Ardaamani
863 1663 892 1686 et
907 1659 975 1687 Per-

185 1706 236 1734 sici
253 1706 317 1733 belli
337 1710 458 1739 tempora
475 1705 610 1740 integrum
626 1705 778 1739 permansit
808 1713 815 1732 :
832 1713 887 1740 quo
907 1711 975 1734 tem-

180 1760 247 1787 pore
282 1751 410 1778 universa
444 1751 521 1781 urbs,
553 1755 580 1777 et
597 1750 714 1777 ecclesia
727 1751 784 1785 ipsa
799 1755 903 1778 vastata
918 1755 972 1784 est,

180 1803 208 1826 et
231 1806 293 1826 cum
319 1805 351 1824 ea
375 1798 464 1832 imago
499 1796 581 1823 simul
594 1796 789 1832 conﬂagravit.
807 1798 898 1831 Atque
916 1796 975 1823 hme

180 1845 292 1880 quidem
317 1845 358 1871 sic
374 1849 446 1871 acta.
470 1842 609 1870 Cbosroes
634 1849 708 1876 vero,
728 1849 824 1870 recens
842 1842 974 1871 initorum

182 1890 380 1925 pacilicationis
411 1894 555 1924 pactorum
593 1896 704 1915 rursum
737 1888 854 1921 oblitus,
881 1889 973 1917 denuo

179 1943 290 1971 quoque
320 1935 416 1962 eadem
441 1934 579 1962 hostiliter
615 1933 689 1965 fecit.
716 1934 824 1962 levitall
860 1934 972 1969 quidem

180 1989 287 2007 morum
316 1985 343 2007 et
369 1979 560 2008 inconstantia:
575 1980 635 2016 ejus
660 1980 865 2013 convenientia,
883 1981 972 2007 virum

179 2033 270 2056 autem
286 2027 392 2054 ratione
409 2027 567 2062 praeditum,
599 2027 702 2054 nedum
719 2034 810 2062 regem
829 2027 974 2063 haudqua-

179 2081 262 2108 quam
279 2072 401 2100 ducentia
413 2092 420 2101 η

427 2129 508 2164 759
523 2129 636 2157 CAPUT
656 2129 725 2158 xw.

180 2176 217 2203 11c
235 2184 263 2202 re
287 2175 398 2209 miri/ica
423 2175 541 2207 Edewe,
559 2184 640 2210 supra
665 2177 818 2211 opinionem
838 2181 862 2204 el
887 2177 969 2211 ﬁdem

1030 940 1139 974 σθῆναι.
1154 940 1202 967 καὶ
1213 940 1263 973 τὴν
1275 939 1326 974 τῆς
1340 939 1478 975 σωτηρίας
1503 939 1656 975 θεραπείαν
1670 941 1820 976 τρυγῆσαι.

1034 985 1111 1011 Ἐπεὶ
1124 984 1151 1011 δέ
1173 984 1363 1020 συνέρῤευσαν
1377 985 1507 1017 ἅπαντας,
1526 984 1601 1016 ὅλαις
1619 985 1714 1021 χερσὶν
1726 986 1740 1013 6
1756 986 1818 1012 Θω-

1030 1032 1084 1067 μᾶς
1097 1030 1127 1057 τὸ
1143 1031 1194 1066 τῆς
1218 1030 1342 1065 κατάρας
1363 1030 1572 1066 ἐξαλειπτήριον
1594 1031 1674 1065 ξύλον
1689 1033 1729 1064 si;
1753 1032 1821 1067 ὕψος

1028 1077 1132 1112 ¹ἣρκὼς,
1148 1077 1318 1112 περιενόστει
1329 1077 1361 1103 τὸ
1376 1077 1449 1103 θεῖον
1465 1077 1617 1112 ἀνάκτορον
1628 1086 1635 1094 ·
1653 1079 1722 1113 ὅπερ
1738 1079 1820 1106 εἴωθε

1028 1122 1153 1157 γίνεσθαι
1167 1124 1229 1154 ταῖς
1249 1122 1360 1157 κυρίαις
1385 1123 1505 1158 ἡμέραις
1523 1122 1577 1149 τῶν
1592 1124 1819 1160 προσκυνήσεων.

1028 1169 1074 1204 Τῷ
1087 1169 1115 1196 δὲ
1131 1169 1219 1204 Θωμᾷ
1247 1168 1451 1204 μεθισταμένῳ,
1470 1170 1541 1204 μέγα
1561 1178 1589 1196 τι
1617 1170 1712 1205 χρῆμα
1732 1171 1821 1206 πυρὸς

1028 1216 1172 1250 σελαγίζον
1185 1216 1292 1250 ἑωρᾶτο
1305 1216 1437 1251 ἑπόμενον
1449 1224 1456 1231 ·
1481 1216 1511 1242 οὐ
1530 1219 1680 1243 κατακαίον
1701 1218 1750 1253 μέν
1765 1227 1819 1250 τοι,

1028 1262 1066 1292 ὡς
1089 1262 1178 1288 δοκεῖν
1209 1261 1255 1289 τὸν
1270 1261 1354 1288 τόπον
1370 1261 1435 1288 ἔνθα
1463 1262 1612 1297 μεθίστατο
1625 1264 1819 1298 πίμπρασθαι⁸

1027 1308 1077 1343 οὺχ
1104 1307 1179 1340 ἅπαξ
1202 1308 1231 1334 δὲ
1255 1309 1346 1341 τοῦτο,
1363 1308 1424 1334 οὐδὲ
1440 1308 1494 1341 δὶς,
1518 1307 1586 1335 ἀλλὰ
1611 1309 1658 1335 καὶ
1688 1309 1820 1342 πολλάκις

1026 1354 1166 1389 γενέσθαι,
1184 1346 1276 1382 πάντα
1292 1355 1337 1381 τὸν
1353 1355 1442 1390 χῶρον
1458 1354 1506 1381 τοῦ
1532 1355 1627 1389 ἱερέως
1643 1355 1798 1390 περιιόντος
1811 1364 1820 1373 ”

1006 1401 1075 1429 ..καὶ
1091 1401 1167 1432 αὖθις
1189 1401 1236 1428 καὶ
1260 1401 1392 1432 πολλάκις
1416 1400 1498 1428 τοῦτο
1521 1401 1747 1434 καθικετεύοντος
1772 1402 1820 1430 τοῦ

1027 1447 1222 1482 ἁθροισθέντος
1234 1447 1356 1483 πλήθους
1371 1447 1418 1474 τὸν
1430 1448 1506 1483 ἱερέα
1522 1450 1620 1481 ποιεῖν,
1635 1449 1668 1474 ἶν’
1691 1448 1738 1484 ἐξῇ
1751 1450 1820 1475 πολ-

1027 1494 1107 1525 λάκις
1129 1494 1179 1520 καὶ
1201 1494 1251 1529 τῆς
1275 1494 1353 1526 θείας
1377 1493 1476 1528 αἴγλης
1501 1494 1770 1529 μεταλαμὸάνειν·ὃ
1787 1495 1820 1531 δὴ

1026 1539 1074 1566 καὶ
1091 1540 1142 1573 τὴν
1159 1540 1293 1574 ἐσομένην
1309 1539 1465 1574 Ἀπαμεῦσι
1482 1540 1622 1575 σωτηρίαν
1643 1541 1821 1575 προφητεῦον

1024 1584 1069 1621 ἦν.
1085 1586 1171 1613 Τοῦτο
1182 1586 1214 1621 δὴ
1231 1586 1262 1612 τὸ
1278 1586 1371 1620 θαῦμα
1387 1586 1435 1613 καὶ
1452 1585 1537 1613 εἰκὼν
1552 1586 1603 1613 (ivi
1617 1586 1663 1613 τὸν
1678 1586 1732 1615 τῶν
1750 1588 1820 1614 dva-

1024 1632 1133 1667 κτόρων
1156 1631 1255 1666 ὄροφον
1269 1631 1349 1667 ἐτέθη
1373 1632 1443 1658 πᾶσι
1468 1631 1499 1658 τὸ
1523 1631 1597 1664 ξένον
1611 1633 1821 1667 προκαταγγέλ-

1024 1677 1110 1703 λουσα
1122 1685 1130 1692 ·
1146 1677 1208 1712 ἥτις
1219 1676 1251 1712 δὴ
1267 1677 1331 1712 ἄχρι
1351 1679 1399 1704 καὶ
1413 1677 1604 1712 Ἀρδααμάνου
1620 1678 1668 1705 καὶ
1683 1679 1733 1714 τῆς
1746 1680 1820 1714 Περ-

1026 1723 1081 1750 σῶν
1100 1723 1196 1758 ἐφόδου
1218 1723 1372 1755 διεσώζετο.
1392 1723 1530 1759 Ὀπηνικα
1546 1723 1574 1750 δὲ
1596 1724 1613 1759 ἦ
1630 1732 1661 1751 τε
1677 1725 1754 1756 πόλις
1768 1726 1818 1762 ὅλη

1024 1769 1072 1796 καὶ
1097 1769 1113 1805 ἡ
1140 1769 1274 1804 ἐκκλησία
1290 1769 1383 1801 κακῶς
1400 1770 1532 1801 πέπονθε,
1555 1770 1602 1797 καὶ
1629 1771 1646 1805 ἡ
1662 1771 1746 1798 εἰκὼν
1769 1773 1817 1798 τοῦ

1025 1815 1112 1851 πυρὸς
1129 1815 1258 1851 μετέσχε.
1274 1815 1370 1842 Ταῦτα
1388 1815 1438 1850 μὲν
1459 1815 1531 1843 οὕτω
1555 1817 1672 1852 προέϐη.
1690 1816 1736 1843 Ἐν
1755 1818 1819 1845 δευ-

1024 1861 1098 1897 τέρῳ
1114 1861 1143 1888 δέ
1158 1861 1206 1893 τὰς
1225 1861 1342 1893 σπονδὰς
1364 1861 1478 1895 θέμενος
1494 1863 1507 1889 ὸ
1531 1862 1668 1898 Χοσρόης,
1690 1864 1738 1890 καὶ
1754 1865 1817 1891 τότε

1023 1908 1058 1933 τὰ
1079 1907 1160 1939 ὅμοια
1181 1907 1326 1942 πέπραχε,
1350 1907 1390 1942 τῷ
1416 1907 1467 1941 μὲν
1489 1907 1602 1934 ἀσταθεί
1621 1909 1670 1934 καὶ
1691 1909 1815 1944 ἀσεϐαίῳ

1024 1951 1109 1979 αὑτοῦ
1124 1953 1218 1988 τρόπῳ
1244 1953 1429 1986 συμὸαινοντα
1441 1973 1449 1986 ,
1467 1953 1545 1989 ἀνδρὶ
1557 1954 1585 1980 δέ
1601 1954 1714 1990 λογικῷ,
1732 1956 1818 1991 μήτοι

1024 2006 1055 2032 γε
1073 1998 1106 2032 δὴ
1118 1997 1226 2033 βασιλεῖ
1235 1997 1362 2033 οὐδαμῶς
1378 1998 1522 2034 πρέποντα

1317 2133 1443 2162 usam.
1456 2133 1514 2169 ις’.

1024 2180 1094 2214 Περὶ
1110 2180 1163 2220 τοῦ
1179 2179 1258 2211 κατὰ,
1271 2180 1503 2220 τὴν-*Εᾷἐσσαν
1529 2182 1706 2220 παραδόξως
1734 2194 1816 2220 γεγε-

214 2214 350 2257 οηιιιίιυηο,
374 2211 542 2257 αριιὶιιιαρὶηε
567 2211 686 2257 Domini!
699 2212 745 2238 Dei
771 2216 796 2238 et
819 2211 969 2239 Servaloris

1058 2211 1191 2257 ξ’ῃμένου
1205 2211 1364 2257 πᾳρὰέτῆς
1379 2211 1815 2257 dxstgonqzrjtbvelgtdioé72.017

152 2256 172 2278 ι
215 2248 296 2273 nostri
311 2246 374 2272 Jcsu
390 2246 487 2274 Christi
502 2254 554 2272 non
574 2254 655 2272 manu
673 2246 759 2281 facta,
777 2253 865 2283 gesm.

213 2338 422 2374 Insupcr'ctiam
440 2337 590 2371 Procivpius
609 2343 742 2365 memorat
759 2346 790 2365 ea
809 2347 870 2373 qua:
887 2347 901 2366 a
919 2332 969 2367 Vxe-

180 2387 284 2414 teribu~s
306 2392 417 2419 quoque
442 2383 476 2411 de
502 2384 590 2418 elligic
606 2384 710 2411 Christi
738 2385 878 2412 meruerim
906 2391 971 2414 sntit

178 2433 296 2468 prodita.
315 2439 375 2466 qua:
389 2431 496 2465 Abgaro‘
519 2430 622 2458 Edesse
637 2431 754 2466 principi
770 2437 812 2460 est
828 2431 921 2459 missa.
939 2433 971 2460 Et

177 2478 316 2515 quomodo
331 2478 467 2505 Chosroes
484 2485 516 2504 ea
540 2484 601 2512 quae
617 2476 651 2503 de
669 2476 714 2504 illa
737 2476 808 2503 fama
827 2478 972 2506 increbue-

184 2530 256 2557 rant,
273 2525 346 2561 quod
371 2524 478 2551 scilicet
494 2523 598 2551 Edessa
616 2532 757 2559 nunquam
785 2525 812 2552 in
833 2530 969 2559 potestate

178 2570 393 2605 alienigenarum
412 2569 504 2595 iutura
521 2573 594 2596 esset
611 2569 647 2603 (id
670 2569 744 2604 quod
769 2570 796 2597 in
820 2571 922 2597 litteris
935 2571 969 2598 ad

178 2617 316 2652 Abgarum
333 2615 424 2642 missis
439 2623 492 2642 non
512 2615 647 2649 reperitur
664 2611 917 2651 :quemadmodum
936 2625 970 2645 ex

179 2662 289 2691 Eusebii
317 2660 452 2695 Pamphili
487 2660 602 2687 historia
623 2668 791 2696 cognoscere
818 2662 903 2693 licet,
921 2663 968 2698 qui

177 2708 323 2744 epistolam
340 2713 400 2734 eam
416 2705 491 2740 legit,
501 2710 527 2732 el
541 2706 575 2733 ab
587 2706 699 2733 verbum
714 2708 790 2742 operi
800 2716 850 2735 suo
863 2708 969 2736 inseru-

179 2755 209 2786 it.
236 2758 265 2781 et
291 2759 342 2785 nos
363 2759 472 2786 quoque
492 2752 520 2778 in
545 2752 669 2780 secundo
687 2757 761 2781 torno
776 2755 966 2790 exposuimus)

177 2800 245 2828 falsa
262 2804 321 2826 csse
332 2797 499 2825 convincere
516 2797 643 2825 voluerit.
654 2797 732 2835 Apud
747 2799 841 2828 ﬁdeles
855 2800 966 2836 quidem

213 2866 252 2904 (ι)
267 2865 363 2901 Evagr.
376 2863 424 2892 lib.
440 2871 476 2898 IV,
487 2871 548 2900 cap.
565 2864 610 2892 26.

1058 2251 1243 2290 (ςυρίου-καὶ
1275 2252 1350 2278 Θεοῦ
1378 2254 1427 2278 καὶ
1443 2252 1582 2287 Σωτῆρος
1602 2253 1687 2287 ἡμῶν
1711 2254 1816 2290 Ἰησοῦ

1058 2286 1199 2320 Χριστοῦ.

1060 2345 1121 2371 Ἔτι
1144 2346 1158 2371 ὸ
1183 2345 1329 2380 εἰρημένος
1351 2345 1457 2381 Ιστορεῖ
1470 2347 1634 2382 Προκίπιος,
1651 2348 1702 2375 ὅσα
1717 2349 1749 2383 δὴ
1766 2351 1815 2378 καὶ

1023 2391 1079 2421 τοῖς
1097 2389 1182 2417 πάλαι
1213 2390 1357 2426 ἱστόρηται
1379 2391 1443 2426 περὶ
1461 2392 1511 2427 τῆς
1526 2393 1631 2425 εἰκόνος
1647 2394 1779 2429 Χριστοῦ,
1796 2396 1814 2431 ἦ

1022 2445 1064 2468 τις
1081 2437 1202 2472 Αὐγάρῳ
1216 2435 1255 2472 τῷ
1277 2437 1403 2474 τοπάρχῃ
1424 2437 1554 2474 Ἐδέσσης
1573 2440 1675 2475 ἐστάλη
1689 2449 1696 2456 ·
1710 2441 1758 2468 καὶ
1775 2442 1814 2474 ὡς

1022 2485 1036 2509 ὁ
1055 2484 1180 2518 Χοσρόης
1195 2483 1229 2510 τὰ
1243 2484 1308 2519 περὶ
1324 2485 1410 2520 αὐτῆς
1432 2485 1621 2520 θρυλλούμενα
1646 2487 1814 2524 ἀπελέγχειν

1021 2528 1059 2560 ὡς
1074 2528 1129 2555 εἶεν
1142 2529 1228 2564 ψευδῆ
1246 2529 1421 2564 βουλόμενος,
1439 2531 1477 2563 ὼς
1499 2531 1550 2558 οὐκ
1567 2531 1599 2559 ἄν
1617 2533 1678 2559 ποτ’
1691 2533 1813 2562 Ἔδεσσα

1022 2575 1068 2601 ὑπ’
1082 2575 1244 2610 ἀλλοφύλοις
1262 2576 1391 2611 γένηται·
1412 2577 1481 2612 ὅπερ
1497 2578 1526 2604 ἐν
1549 2578 1599 2613 μὲν
1614 2580 1669 2610 τοῖς
1689 2580 1812 2617 Αὒγάρῳ

1022 2622 1163 2648 σταλεῖσιν
1180 2622 1230 2648 οὑκ
1254 2622 1377 2657 ἔγκειται
1390 2631 1398 2639 ο
1412 2623 1450 2656 ὡς
1467 2623 1525 2651 ἐστι
1547 2624 1645 2660 μαθεῖν
1660 2626 1691 2659 ἐξ
1706 2625 1744 2653 ὢν
1760 2628 1814 2654 Εὐ-

1021 2668 1113 2699 σέὸιος
1134 2670 1147 2695 ὸ
1172 2668 1318 2704 Παμφίλου
1342 2670 1496 2705 ἱστόρησεν,
1523 2671 1609 2706 αὐτὴν
1627 2673 1737 2709 ἐκείνην
1760 2673 1811 2710 τὴν

1021 2713 1167 2749 ἐπιστολὴν
1180 2714 1326 2749 ἀναγνοὺς,
1342 2717 1390 2742 καὶ
1412 2715 1450 2747 ὡς
1465 2716 1530 2752 ἔσχε
1548 2718 1588 2753 τῷ
1611 2719 1811 2754 συγγράμματι

1021 2760 1157 2795 παραθεις
1169 2768 1176 2776 ⁸
1196 2759 1292 2796 ὥσπερ
1307 2761 1340 2797 δὴ
1358 2761 1405 2789 καὶ
1421 2763 1502 2798 ἡμεῖς
1525 2764 1555 2789 ἐν
1572 2765 1605 2799 τῇ
1622 2763 1737 2800 δευτέρᾳ
1753 2765 1810 2792 τῶν

1022 2807 1188 2844 συγγραφῶν
1222 2807 1420 2844 ἱστορήσαμεν.
1449 2809 1529 2846 Παρὰ
1547 2811 1600 2845 μέν
1616 2819 1657 2838 τοι
1686 2812 1744 2844 τοῖς
1761 2820 1809 2840 πι-
