1915 3094
190 110 260 142 ’9Ἷ1

817 104 1026 137 NICEPHORI
1047 102 1218 136 CALLISTI

1782 101 1836 136 ,εἶἻῖ

213 169 395 201 admirentur,
413 167 504 195 dicere
520 171 670 202 neqttcunt.
691 167 791 193 Verum
819 174 880 193 cum
905 165 996 192 animo
1013 167 1033 195 Λ
1050 166 1087 192 le
1105 165 1232 196 areulms,
1261 171 1329 198 qttos
1347 163 1420 189 loros
1452 160 1603 189 mechanici
1628 165 1738 194 vocant,
1767 170 1838 190 unus

211 214 302 243 omnia
315 212 571 246 eireumspexcrint,
586 217 614 239 et
628 211 771 246 supercilia
797 218 880 246 super
909 210 998 237 omni-

213 262 264 289 hus
280 259 477 291 contraxerint,
511 263 659 285 structuras
686 263 772 284 artem
804 257 909 292 assequi
942 264 996 283 non

212 309 326 342 possmt
341 313 348 331 :
365 304 411 332 sed
422 303 494 338 quod
509 303 598 330 oculis
614 303 771 337 perspicere
786 310 844 328 eam
871 310 924 328 non
949 301 996 331 sit,

213 351 382 378 consternati
410 349 473 377 inde
500 349 653 375 discedunt.
676 348 746 374 l'uro
768 347 902 381 siquidem
932 354 999 373 auro

214 396 323 423 testudo
339 402 448 422 summa
468 398 601 426 tectaest,
616 393 757 427 eleganlize
786 394 887 419 fastum
909 392 997 418 admi-

213 449 303 469 scens.
322 439 391 467 Tum
413 444 503 467 autem
516 439 637 474 lapidutn
656 438 786 472 splendor
796 445 856 464 ('ltlll
875 438 932 463 auri
948 437 999 463 lul-

213 495 277 522 gore
287 492 460 519 concertans,
477 486 598 513 excellit.
612 486 650 512 Ex
665 491 780 519 utraque
793 489 869 518 parte
877 484 999 518 porticus

212 533 274 560 dua:
286 533 532 567 suntzutriusque
561 531 681 562 culmen.
707 531 809 560 tholus.
834 534 861 556 et
889 536 997 561 aurum,

213 579 420 606 tectoriumest.
435 579 535 606 Harum
551 577 636 605 altera
658 577 769 612 quidem
798 576 863 602 viris
896 575 998 601 oranti-

213 626 277 659 bus,
290 625 375 652 altera
388 629 478 652 autem
494 623 662 650 mulieribus
677 623 747 649 idem
761 620 925 649 facientibus
940 627 998 647 ces-

214 673 248 700 sit
262 682 269 700 :
288 679 378 707 neque
394 678 508 706 prorsus
521 669 669 705 quidquam
689 670 760 695 inter
771 676 800 694 se
818 668 934 698 variant,
952 671 999 693 aut

213 720 354 747 diﬂ'erunt.
370 718 509 751 Quisvero
525 716 701 743 sublimiores
726 714 779 741 loci
803 714 830 740 in
854 721 909 748 quo
937 721 998 739 ver-

214 771 311 793 santur
326 765 455 792 mulieres
465 763 596 790 stationes
611 761 748 796 exponat?
763 764 810 787 aut
831 760 920 787 varias
933 766 1001 785 enn-

216 817 302 839 meret
317 810 440 846 porticus
463 815 492 836 et
513 807 648 845 columnis
671 806 862 841 frequentibus
888 805 997 839 conspi-

215 866 280 885 cuas
298 857 384 885 aulas.
396 856 496 891 quibus
510 855 640 889 templum
659 854 711 880 hoc
726 852 928 879 circumdatum
940 850 1000 877 est?
1017 840 1038 868 Β

215 904 276 939 quis
291 903 482 930 columnarum
495 899 656 934 etlapidum
681 903 827 926 enunieret
854 902 944 932 aptam
972 901 1000 924 et

216 949 425 976 convenientem
440 946 572 980 speciem,
582 945 683 979 quibus
698 951 774 971 sacra
785 943 857 970 rudes
868 947 999 970 exornata

216 995 279 1022 est?
292 995 318 1022 in
337 998 445 1028 pratum
463 1000 492 1019 se
507 991 642 1025 quispiam
660 990 775 1017 floribus
791 997 910 1016 vernans
934 988 1001 1014 inci-

218 1041 290 1069 disse
307 1039 453 1066 existimet.
472 1037 629 1064 Atlmiretur
659 1043 776 1070 namque
793 1036 901 1064 merito.
933 1035 1000 1062 alio-

217 1094 278 1113 rum
298 1085 409 1120 quidem
441 1083 561 1110 colorem
588 1088 769 1116 purpureum,
797 1080 912 1107 aliorum
934 1087 1000 1106 vero

216 1130 392 1160 viridantem,
403 1129 430 1154 in
444 1127 607 1162 quibusdam
623 1131 715 1153 autem
726 1125 873 1160 puniceum
882 1124 999 1156 ﬂorere;

217 1178 244 1204 iu
257 1175 397 1203 nonnullis
408 1174 557 1201 candidum
578 1173 684 1208 fulgere
698 1172 803 1199 videat.
814 1171 927 1206 Insuper
937 1178 1001 1197 vero

216 1222 244 1248 in
258 1220 424 1256 quibusdam
435 1219 620 1254 Obstupescat.
635 1225 704 1253 quos
719 1217 937 1245 adversantibus
960 1216 1002 1242 in-

218 1274 259 1294 ter
275 1275 304 1294 se
320 1266 468 1298 coloribus,
488 1265 514 1292 in
532 1265 643 1292 modum
668 1263 793 1298 pictoris,
814 1268 911 1289 natura
943 1263 1002 1296 ipsa

219 1313 294 1339 varie
321 1310 522 1339 cohonestarit.
547 1310 633 1337 Porro
662 1309 755 1344 templi
788 1309 849 1344 ejus
887 1308 1001 1336 donaria

220 1359 326 1391 onmia,
346 1366 406 1393 qua:
426 1357 467 1384 vel
479 1358 511 1383 ad
521 1364 600 1384 usum
615 1363 756 1384 sacrorqu
776 1359 880 1390 parata,
897 1355 939 1382 vel
967 1362 1002 1382 ex

219 1409 332 1439 argento
345 1408 373 1431 et
399 1403 498 1438 lapillis
519 1403 608 1437 magni
639 1401 719 1436 pretii
745 1400 896 1428 fabrefacta
926 1405 1001 1432 sunt,

218 1451 374 1478 accuratius
392 1449 578 1484 persequenti,
605 1447 697 1482 eloqui
720 1447 835 1474 omnino
858 1455 912 1474 non
938 1452 1001 1474 est:

218 1507 278 1532 qua:
293 1498 441 1532 imperator
456 1495 588 1523 duntaxat
600 1495 650 1522 iste
662 1494 808 1522 dedicavit.
819 1495 858 1521 Ex
884 1501 938 1521 una
954 1502 1003 1521 au-

219 1551 273 1572 tem
291 1552 321 1571 re
333 1548 451 1574 tantum,
469 1542 639 1577 conjectura.
657 1542 704 1579 qui
725 1542 781 1569 hate
805 1541 906 1575 legent.
937 1548 1002 1575 opes

218 1590 420 1617 ecclesiasticas
434 1588 560 1621 colligere
581 1591 738 1622 potuerunt.
757 1586 884 1614 Sanctius
900 1591 1001 1613 etenuu

220 1635 313 1670 templi
349 1634 430 1669 hujus
459 1632 629 1663 sacrarium,
656 1632 729 1667 quod
762 1632 812 1659 soli
847 1632 1001 1660 sacerdotes

219 1680 331 1712 adeunt,
361 1677 527 1714 quadragies
544 1677 617 1703 mille
633 1677 735 1712 argenti
759 1676 845 1703 libras
868 1676 998 1703 continet.

498 1734 611 1763 CAPUT
654 1734 724 1760 XXI.

221 1785 259 1811 De
274 1782 442 1819 imperatoris
452 1782 569 1817 ejusdem
585 1781 692 1819 furore,
703 1781 789 1815 potius
799 1789 882 1819 quam
899 1789 1001 1812 amore,

335 1826 397 1852 erga
413 1815 540 1852 cyaneum
551 1824 597 1842 seu
610 1815 751 1843 cwruleum
763 1816 886 1844 colorem.

257 1877 344 1909 Atque
361 1875 418 1901 hare
432 1873 543 1909 quidem
559 1872 700 1908 praclara,
713 1877 795 1907 atque
808 1873 1002 1906 praeclarorum

222 1922 300 1956 longe
310 1919 525 1955 pmclarissima,
539 1923 603 1945 sunt
616 1917 762 1945 Iustiniani
785 1918 1003 1953 imperatoris“)

222 1975 315 2002 opera.
340 1966 440 1994 Verum
457 1966 484 1992 itt
513 1972 558 1998 eo,
587 1964 661 1999 quod
690 1963 839 1991 belluinam
866 1964 1002 1991 lerilatem

223 2020 333 2040 omnem
349 2011 471 2044 excedit,
487 2011 545 2038 sive
557 2018 662 2042 errore,
677 2017 725 2037 seu
741 2011 843 2044 ingenii
859 2010 1004 2036 timiditate

223 2059 326 2094 (dicere
345 2057 372 2084 id
387 2058 460 2084 enim
477 2055 594 2091 nequeo)
613 2056 683 2082 fuit:
700 2055 810 2082 initium
822 2063 855 2082 ex
868 2055 1004 2082 seditione

222 2113 255 2132 ea
266 2112 325 2138 qua:
336 2104 422 2135 Νίκα,
437 2103 463 2130 id
476 2107 527 2133 est,
542 2102 629 2134 Vince,
641 2101 713 2128 dicta
726 2107 795 2133 erat,
820 2102 929 2128 initium
954 2101 1006 2128 du-

222 2159 298 2178 et-ns.
316 2149 428 2176 Mil-ilice
444 2156 561 2183 namth
585 2149 664 2175 alteri
687 2148 780 2182 populi
799 2148 921 2178 fat-lieni,
937 2148 1006 2184 Cya-

223 2204 283 2225 neas
294 2196 416 2230 inquam,
431 2195 558 2223 addictus
572 2195 656 2222 fuisse
666 2194 743 2221 visus
758 2198 800 2220 est.
816 2202 822 2219 :
840 2194 909 2221 adeo
926 2202 1003 2227 sane,

224 2247 320 2269 utnon
333 2241 421 2268 solum
435 2248 484 2268 eos
517 2239 638 2268 interdiu
665 2240 692 2266 in
719 2239 808 2266 media
830 2240 897 2267 urbe
917 2241 1007 2268 ctedes

223 2287 446 2314 adversariorum
461 2285 694 2320 facientes,767
709 2285 827 2320 legitima
841 2293 920 2319 paena
938 2286 1005 2312 faei—

223 2334 299 2361 noris
317 2333 448 2368 exigenda
469 2340 523 2359 non
541 2331 708 2363 cohibuerit,
722 2332 769 2358 sed
790 2331 909 2366 praemiis
923 2333 1004 2359 cliam

223 2384 387 2415 prosecutus
407 2379 454 2406 sit.
477 2379 595 2406 Proinde
622 2378 767 2405 homicida:
801 2378 896 2413 plures
929 2381 1006 2411 lacti,

223 2433 251 2453 et
264 2426 412 2461 impunitas
432 2425 547 2451 ea-diutn
571 2430 660 2450 aucta.
687 2424 833 2451 Audebant
857 2425 894 2451 illi
923 2430 1006 2452 et'atn

228 2474 324 2500 dotnos
337 2472 460 2499 adversa:
488 2471 574 2505 partis
592 2471 708 2505 ingredi.
729 2475 755 2497 ct
774 2471 906 2504 pretiosas
925 2480 1006 2506 sepo-

223 2522 346 2553 sitasque
360 2517 460 2544 civium
484 2525 527 2543 res
555 2516 688 2550 diripere.
717 2516 753 2542 ita
777 2521 802 2542 ut
827 2516 865 2542 illi
891 2517 1006 2543 salutem

223 2573 301 2592 suam
315 2572 383 2591 auro
399 2564 533 2591 redimere
551 2567 724 2597 cogerentur.
744 2562 770 2589 Si
789 2563 850 2597 quis
883 2571 947 2589 vero
973 2572 1005 2590 ex

225 2611 434 2645 magistratibus
450 2619 503 2637 nou
518 2610 580 2636 dico
594 2617 731 2636 coercere.
750 2609 798 2636 sed
809 2609 935 2636 inhibere
947 2615 1007 2636 tan-

227 2660 282 2682 tum
303 2646 424 2683 facinora
439 2655 573 2689 ejusmodi
591 2654 733 2684 voluisset,
749 2654 782 2681 dc
798 2654 853 2680 vita
880 2654 903 2681 is
932 2655 1006 2688 peri-

224 2701 380 2728 clitabatur.
395 2701 566 2736 Quapropter
578 2701 689 2735 quidatn
702 2701 824 2728 Orientis
847 2701 1004 2735 prrcfcctus,

223 2749 352 2782 quoniam
375 2749 522 2776 noutntllos
537 2749 639 2775 scelere
660 2747 702 2773 tali
719 2756 762 2775 res
778 2756 863 2775 novas
892 2749 1004 2775 molicn.

1049 212 1148 238 orienti
1178 211 1227 237 soli
1251 210 1397 239 obversus.
1416 209 1595 239 nondumque
1611 208 1758 243 perfectus,
1782 216 1837 235 ma-

1049 257 1192 292 gnitudine
1220 263 1268 282 sua
1297 255 1378 282 bases
1410 255 1598 282 columnarum
1628 254 1740 288 pressit,
1777 260 1839 288 quae

1049 303 1155 338 pondus
1172 306 1275 328 tantum
1295 309 1348 327 non
1367 300 1496 331 ferentes,
1524 299 1673 333 derepente
1702 299 1840 333 quodam-

1050 348 1131 375 modo
1149 348 1278 381 diruptaa,
1295 354 1349 373 non
1366 347 1401 373 ita
1418 347 1505 373 multo
1525 349 1588 381 post
1619 353 1729 379 pessumi
1759 345 1839 372 iturte

1053 394 1229 421 videbantur.
1248 393 1278 419 Et
1299 393 1463 420 Anthemius
1491 397 1574 426 atque
1602 391 1724 419 lsidorus
1752 399 1784 418 ea
1807 399 1838 419 re

1052 440 1206 474 perterriti,
1225 440 1258 466 ad
1274 440 1468 473 imperatorem
1494 446 1552 465 earn
1583 439 1763 465 retulerunt:
1794 446 1842 465 ne-

1051 496 1105 522 que
1121 488 1268 523 quidquam
1284 494 1316 513 ex
1326 491 1384 513 arte
1400 485 1456 520 spei
1473 485 1570 520 reliqui
1588 485 1756 511 habuerunt.
1785 483 1841 510 Im-

1052 539 1161 569 perator
1173 538 1263 560 autem
1279 533 1411 560 divinitus
1423 531 1548 562 edoctus,
1570 531 1663 558 statim
1679 532 1720 557 eis
1743 537 1839 556 areum

1051 580 1206 607 absolutum
1225 579 1257 606 iri
1273 579 1411 613 pollicitus
1434 583 1485 605 est.
1507 578 1567 611 Ipse
1593 576 1707 606 etenim.
1736 575 1840 609 inquit,

1053 627 1077 652 in
1091 627 1180 659 seipse
1196 632 1354 660 as~urgens,
1369 623 1546 651 inferioribus
1558 623 1749 650 columnarum
1766 620 1841 647 basi-

1051 671 1103 698 bus
1117 679 1171 697 non
1187 671 1292 705 cgcltit‘.‘
1305 671 1341 697 Ita
1354 677 1435 697 arcus
1448 673 1522 696 certa
1536 668 1666 695 firmitate
1687 668 1714 695 in
1726 667 1840 695 sublimi

1052 723 1214 753 smpensus,
1231 715 1398 749 experientia
1423 715 1479 749 ipsa
1508 714 1652 741 veritatem
1671 713 1842 740 inventionis

1053 761 1201 788 Iustiniani
1217 761 1399 788 continuavit.
1414 761 1502 795 Atque
1518 761 1569 787 hoc
1587 759 1699 794 quidem
1718 759 1759 787 sic
1790 759 1843 786 hac

1054 805 1080 832 in
1095 811 1180 840 parte
1208 806 1378 832 elaboratum
1402 810 1455 832 est.
1485 805 1514 831 ln
1539 804 1601 831 aliis
1624 811 1690 831 vero
1722 804 1842 831 arcubus

1052 853 1196 880 meridiem
1222 857 1249 879 et
1274 853 1383 879 boream
1410 855 1523 878 ventum
1553 850 1754 885 spectantibus,
1789 850 1842 877 tale

1052 900 1182 934 quiddam
1198 899 1309 925 accidit.
1327 898 1390 925 Lori
1404 898 1450 932 qui
1477 902 1620 929 vocantur,
1645 904 1694 932 per
1720 896 1838 924 aedifica-

1054 945 1158 971 tionem
1176 952 1276 972 novam
1292 944 1362 971 mole
1375 951 1469 979 magna
1485 944 1512 970 in
1528 943 1647 971 sublime
1661 943 1840 970 tollebantur.

1052 989 1099 1018 Eis
1114 998 1179 1017 vero
1199 989 1329 1016 inferiora
1344 989 1461 1016 mdiﬁcia
1488 997 1583 1026 pressa
1614 989 1790 1021 laborabant,
1812 994 1837 1015 et

1051 1038 1187 1065 columna:
1200 1044 1261 1071 quae
1273 1044 1306 1063 eo
1320 1037 1373 1063 loci
1392 1040 1482 1067 erant,
1499 1036 1605 1070 lapides
1630 1043 1731 1070 parvos
1746 1035 1840 1070 perin-

1052 1085 1175 1118 deatque
1186 1084 1384 1118 expolirentur,
1408 1090 1441 1109 ex
1470 1090 1530 1109 sese
1556 1082 1646 1117 jactos
1675 1081 1841 1110 reddebant.

1052 1129 1173 1157 Rursum
1198 1129 1283 1164 igitur
1308 1129 1416 1156 animos
1442 1128 1645 1162 despondentes
1674 1127 1841 1158 mechanici,

1053 1179 1165 1209 propter
1179 1181 1273 1200 casum
1285 1181 1349 1201 eum
1362 1173 1522 1208 imperatori
1536 1173 1689 1208 periculum
1718 1173 1771 1200 tale
1796 1181 1840 1200 re-

1054 1219 1229 1246 nuntiarunt.
1243 1219 1313 1246 Tum
1335 1219 1381 1247 ille
1409 1219 1476 1247 huic
1498 1219 1569 1246 malo
1592 1219 1746 1247 remedium
1772 1219 1840 1246 illud

1053 1264 1227 1299 excogitavit.
1241 1263 1437 1292 Laborandum
1454 1264 1527 1291 enim
1545 1264 1725 1292 aediﬁciorum
1748 1269 1841 1299 partes

1054 1318 1188 1344 summas,
1203 1315 1231 1338 et
1259 1318 1340 1338 arens
1357 1311 1432 1345 ipsos
1463 1311 1596 1344 adimere,
1614 1316 1697 1346 atque
1722 1311 1752 1337 in
1774 1317 1844 1345 pra-

1053 1364 1117 1384 sens
1140 1356 1252 1392 quidem
1276 1363 1419 1392 seponere,
1437 1361 1531 1390 postea
1548 1364 1613 1383 vero
1630 1364 1739 1383 rursum
1753 1356 1844 1390 impo-

1054 1410 1133 1435 nere,
1152 1409 1215 1429 cum
1232 1407 1379 1430 structura:
1396 1401 1497 1429 humor
1509 1401 1656 1429 induratus
1670 1401 1839 1434 evanuisset,

1054 1448 1193 1483 praecepit.
1206 1448 1246 1475 Illi
1262 1449 1393 1482 imperata
1406 1447 1508 1475 fecere.
1525 1446 1682 1475 Editicatio
1700 1456 1765 1476 vero
1780 1448 1840 1483 ipsa

1056 1494 1187 1527 deinceps
1213 1494 1292 1521 ﬁrma
1317 1494 1482 1529 stabiliSque
1505 1494 1640 1521 constitit.
1666 1494 1844 1522 Restauravit

1055 1548 1166 1576 quoque
1179 1539 1350 1568 Justinianus
1364 1540 1529 1568 Sanctorum
1557 1543 1752 1576 Apostolorum
1770 1546 1844 1568 tem-

1057 1586 1144 1620 plum,
1163 1586 1236 1620 quod
1253 1585 1321 1613 nulli
1336 1586 1438 1621 primas
1452 1586 1510 1614 vult
1522 1587 1684 1614 concedere.
1699 1587 1727 1613 In
1739 1594 1774 1614 eo
1789 1587 1842 1613 iut-

1055 1637 1196 1665 peratores
1226 1637 1253 1659 et
1276 1633 1413 1660 antistites
1446 1637 1556 1668 recepto
1588 1641 1664 1660 more
1700 1633 1843 1667 sepeliun-

1058 1684 1112 1704 tur.
1133 1688 1142 1703 ι

1343 1741 1362 1766 Κ
1369 1741 1455 1767 ENA
1461 1760 1467 1767 .
1484 1740 1548 1768 KA'.

1059 1787 1125 1819 ﬁeri
1145 1786 1196 1819 τῆς
1227 1787 1261 1812 ἓν
1277 1787 1316 1819 τῷ
1332 1787 1448 1820 κυανέῳ
1472 1787 1600 1822 χρώματι
1618 1788 1672 1814 τοῦ
1686 1788 1844 1822 βασιλέως

1246 1823 1356 1856 μανίας
1366 1822 1488 1857 μᾶλλον
1504 1823 1520 1856 ἢ
1535 1825 1647 1858 εἰλίας.

1095 1880 1172 1905 Καλὰ
1194 1881 1244 1914 μὲν
1261 1880 1293 1914 δὴ
1309 1881 1354 1906 καὶ
1371 1880 1460 1907 καλῶν
1476 1881 1607 1908 κάλλιστα
1622 1882 1707 1908 ταῦτα
1730 1883 1845 1909 ’Μυστι-

1059 1926 1140 1960 νιανῴ
1165 1926 1272 1960 βασιλεί
1295 1927 1450 1961 εἴργασται.
1481 1928 1529 1953 Ἕν
1551 1928 1620 1954 δέτι
1649 1929 1753 1964 προσῆν
1766 1930 1847 1963 αὐτῷ

1058 1972 1148 1997 πᾶσαν
1174 1970 1297 2006 Θηριώδη
1325 1972 1438 2005 γνώμην
1464 1972 1606 1999 ὲκῦαῖνον·
1624 1973 1678 2000 εἴτε
1695 1975 1722 2000 δὲ
1750 1975 1847 2010 ἁμαρ-

1058 2016 1113 2051 τίᾳ,
1130 2017 1186 2042 sire
1205 2017 1237 2051 δὴ
1254 2018 1299 2042 καὶ
1320 2017 1406 2053 δειλίᾳ
1431 2018 1549 2059 (posse);
1577 2019 1668 2052 λέγειν
1695 2021 1745 2047 οὐκ
1770 2021 1847 2056 ἔχω’

1059 2063 1092 2088 ἐκ
1110 2062 1158 2097 τῆς
1186 2062 1258 2088 Νίκα
1271 2063 1423 2097 λεγομένης
1454 2064 1574 2095 στάσεως
1601 2066 1649 2100 τὴν
1667 2066 1753 2101 ἀρχὴν
1766 2068 1845 2101 sibi:

1061 2091 1142 2140 φάς·-
1159 2091 1314 2142 ὑπερφυῶς,
1335 2091 1506 2144 ᾧὰριεδόκει
1528 2091 1632 2146 enim;

1024 2154 1044 2180 D
1061 2162 1112 2188 μίυ
1136 2154 1238 2189 μερῶν,
1267 2155 1305 2189 τῷ
1327 2156 1442 2190 κυανέῳ
1468 2157 1551 2192 φημὶ,
1570 2158 1769 2193 προσκλσῡαι·
1795 2161 1847 2186 καὶ

1057 2200 1202 2233 ὲπὶτόσον,
1222 2201 1259 2232 ὡς
1286 2203 1332 2228 καὶ
1353 2202 1450 2236 φόνους
1464 2203 1492 2229 ἐν
1507 2204 1599 2239 ἡμέρᾳ
1615 2204 1660 2230 καὶ
1676 2205 1795 2240 ἐν’μὲπῃ
1811 2208 1847 2240 τῇ

1058 2247 1134 2272 πόλει
1160 2247 1282 2282 δρῶντας
1301 2249 1356 2274 τῶν
1380 2249 1413 2275 δι’
1434 2251 1569 2282 ἐναντίας,
1596 2252 1633 2286 μὴ
1648 2251 1727 2286 μόνον
1740 2251 1848 2278 κωλύε-

1059 2290 1119 2316 σθαι
1139 2292 1185 2316 καὶ
1196 2292 1290 2326 ποινὴν
1304 2292 1352 2326 τῆς
1375 2292 1481 2324 ἀδικίας
1502 2295 1628 2327 ἐκτίνειν,
1647 2295 1714 2321 ἀλλὰ
1732 2297 1777 2321 καὶ
1799 2305 1833 2330 γε

1059 2336 1113 2370 ρῶν
1127 2336 1285 2368 ἀξιοῦσθαι·
1304 2337 1342 2369 ὡς
1355 2339 1480 2365 ἐντεῦθεν
1493 2341 1542 2366 καὶ
1557 2342 1596 2372 εἰς
1612 2341 1690 2375 ἔργον
1706 2342 1849 2376 προϐῆναι

1059 2381 1241 2416 ἀνδροφονεῖν.
1264 2383 1414 2418 Ἐθὰρῤουν
1431 2384 1460 2410 δὲ
1476 2385 1522 2410 καὶ
1545 2386 1602 2416 τοῖς
1623 2385 1707 2416 οῐκοις
1723 2386 1822 2413 ἐπιένα
1838 2406 1847 2416 ,

1059 2430 1105 2454 καὶ
1122 2429 1212 2463 ἠρέμα
1228 2429 1262 2455 τὰ
1276 2430 1411 2464 προσόντα
1425 2431 1541 2462 ὲκείνοις
1559 2433 1610 2458 τὼν
1621 2432 1773 2467 κειμηλίων
1785 2434 1850 2468 ληΐ-

1059 2474 1164 2506 ζεσθαι,
1189 2475 1234 2501 καὶ
1264 2475 1367 2509 χρυσίῳ
1392 2475 1469 2507 αὖθις
1497 2477 1617 2509 ἐκείνους
1639 2481 1686 2509 τὰς
1705 2479 1848 2512 σωτηρίας

1060 2520 1196 2546 ὠνεῖσθαι.
1217 2521 1267 2546 "llv
1295 2522 1323 2547 δέ
1351 2531 1402 2547 που
1422 2522 1467 2548 καί
1488 2531 1530 2554 τις
1558 2523 1613 2549 τῶν
1640 2524 1682 2550 ἐπ’
1706 2524 1847 2556 ἐξουσίαις

1061 2565 1139 2600 μήτοι
1155 2574 1186 2598 γε
1206 2565 1341 2598 κολάζειν,
1355 2568 1457 2602 εἵργειν
1469 2568 1497 2593 δὲ
1519 2569 1598 2602 μόνον
1611 2569 1766 2603 ἐδοκίμαζε,
1778 2572 1847 2604 περὶ

1058 2612 1091 2636 τὰ
1112 2612 1206 2646 καίρια
1218 2613 1265 2646 τῆς
1281 2612 1353 2647 ζωῆς
1370 2613 1542 2639 ἐκινδύνευεν
1554 2622 1561 2628 ·
1587 2615 1647 2640 ὅυεν
1662 2614 1707 2640 καί
1732 2623 1773 2646 τις
1787 2616 1849 2641 τῶν

1058 2657 1107 2692 τὴν
1129 2658 1215 2692 ’1ιῴαν
1233 2659 1478 2693 ἐπιτετραμμένων
1494 2661 1592 2694 ἀρχὴν,
1609 2661 1669 2686 ἐπεὶ
1685 2663 1759 2692 τινὰς
1778 2662 1850 2695 περὶ

1058 2706 1091 2730 τα
1108 2705 1240 2738 εἰρημένα
1254 2704 1465 2738 νεωτερίζοντας
1481 2706 1587 2740 συοχὼν
1598 2706 1705 2740 νεύροις
1717 2707 1762 2732 τὸν
1776 2708 1848 2732 ﬁxo-

1059 2750 1156 2775 ὶαστον
1187 2751 1354 2784 ἐσωφρόνιζε
1377 2751 1477 2785 τρόπον
1492 2772 1499 2785 ,
1527 2753 1618 2786 ἀτίμῳ
1639 2753 1735 2787 πομπῇ
1749 2753 1846 2783 ..αὐτὸς

260 2808 297 2839 tl)
321 2806 398 2842 Apud
424 2807 584 2845 Suidamcst
599 2806 781 2833 Justinianum
797 2806 986 2840 imperatorem
1008 2807 1113 2834 litteras
1132 2808 1369 2841 planeign'wasse,
1385 2809 1585 2844 ἀναὶφὶῆητοη,
1603 2809 1656 2836 hoc
1676 2815 1729 2842 est,
1745 2810 1846 2845 alpha-

225 2844 278 2870 bc-u
297 2847 450 2877 unperttutn
468 2843 561 2868 l'uiSse.
