1915 3094
78 79 120 109 2)?

510 77 808 108 ECCLESIASTlC/F.
827 75 1022 107 HISTORIE
1042 76 1111 105 LIB.
1135 75 1229 106 XVII.

1633 74 1687 106 9.98

78 137 115 162 τὸν
123 134 222 162 οἰκεῖον
241 133 462 170 μεταρῤυθμίοαι
473 135 584 168 σκοπὸν,
595 135 765 170 διημάρτανε
777 143 783 148 -
801 135 851 169 τὴν

913 133 972 159 Ilius
999 132 1046 167 qui
1063 136 1126 159 ante
1141 140 1204 159 eum
1219 132 1366 166 imperium
1383 132 1574 165 obtinuerunt,
1596 141 1687 166 ueznn,

77 182 175 208 ιῦθεῖαν
207 181 254 208 καὶ
277 179 423 215 βασιλικὴν
438 181 498 208 ὁδὸν
524 181 655 215 ἀσφαλῶς
682 181 729 208 τοῦ
745 181 850 215 Κυρίου

76 228 186 263 θριγγοτς
203 225 388 261 ὀχυρωτέραις
416 226 682 262 ὲξασφαλισαμὲνου,
698 227 737 258 ὡς
762 227 796 253 ἂν
814 227 852 261 μὴ

75 274 106 309 τῷ
117 272 271 308 βουλομένῳ
290 272 499 307 εὐεπιχείρητος
518 273 560 308 εῐη
576 272 768 307 λυμαίνεσθαι.
784 272 850 299 Τότε

74 321 97 347 δὲ
112 319 155 346 καὶ
167 319 302 353 Βιγίλλιος
317 319 356 354 μὴ
383 319 548 353 αυνθέμενος
575 319 630 349 τοῖς
647 318 770 345 δοκοῦσιν
786 318 854 344 Ἰου-

75 365 203 400 στινιανῷ,
222 365 261 397 είς
286 364 402 392 Ἰταλίαν
427 364 565 399 ἀπαίρων,
582 365 682 396 ἑνόδιος
707 365 851 400 ἐϐνητκεν.

78 413 194 446 Ἰωάννης
211 411 238 438 δὲ
254 410 268 436 ὁ
289 411 337 438 καὶ¹
363 410 513 441 Κατελϊνος
537 411 586 444 τὴν
609 410 656 436 τοῦ
672 409 783 445 πρώτου
799 411 854 436 τῶν

74 457 219 483 ἀποστόλων
234 455 387 489 ἐπισκοπὴν
402 455 564 490 ἐκληροῦτο.
579 456 633 482 Καὶ
643 456 733 482 τοίνυν
741 455 788 482 τοῦ
804 456 854 489 μὲν

73 501 213 528 Κατελίνου
227 500 351 528 Ἰωάννου
375 500 425 535 τῆς
445 501 635 536 πρεσευτέρας
652 500 763 536 Ῥώμης
792 501 855 527 Em-

76 548 230 579 σκοποῦντος
240 555 248 563 ·
263 547 310 574 τοῦ
321 547 343 574 δ’
356 548 387 574 ὲκ
404 547 528 582 Σιρίμιος
542 546 669 574 Ἰωάννου
694 547 744 582 τὴν
759 546 856 574 νεωτέ-

75 603 119 628 ραν
132 594 270 625 διέποντος
280 601 288 608 ·
301 592 507 628 ’Δπολλιναρίου
522 593 550 620 δὲ
565 594 594 620 ὲν
605 592 799 628 Ἀλεξανδρείᾳ
814 592 855 618 ἐτι

74 642 156 674 ὄντος·
173 642 221 668 καὶ
237 642 270 675 τῇ
293 640 482 667 Θεουπολιτῶν
498 641 567 675 μετὰ
583 641 711 675 Δομνίνον
725 639 856 667 ’Δναστα-

75 688 126 713 σίου
146 686 192 713 τοῦ
210 687 242 713 ἑκ
258 686 366 713 Σιναίου
385 686 639 722 χειροτονηθέντος·
656 686 704 714 καὶ
720 687 752 721 τῇ
773 686 856 720 Ἰερο-

75 733 189 768 σολύμων
214 733 362 767 Μικαρίου
386 731 466 763 αὖθις
487 732 526 766 τῷ
557 731 644 767 Θρόνῳ
666 732 855 764 ἀποδοθέντος,

77 780 138 814 μετά
153 779 201 814 τὴν
217 779 367 814 Εὑστοχίου
395 778 557 814 καθαίρεσιν
568 787 576 794 ·
603 779 712 805 καθεῖλε
726 778 780 813 γὰρ
794 777 857 804 τοῦ-

74 811 114 851 τον
129 825 166 859 μὴ
179 811 242 856 -τοίς
271 811 376 851 ἑκξίνου
404 811 538 859 δόγμασιν
559 823 646 850 εἴκειν
671 811 854 858 αίρονύιιενον·
873 811 895 840 Β

75 872 129 906 μεθ’
143 872 156 899 δ
180 873 320 908 Ὠριγένην
336 872 384 899 καὶ
398 873 513 907 Δίδυμον
528 872 708 906 ὰνεθεμάτισε
723 873 770 898 καὶ
787 871 856 898 Εὐά-

72 927 142 952 γριον
156 918 356 951 ’1ουστινιανδς,
373 918 404 945 τὸ
426 918 576 952 Ῥιιιμαῑττὶ
591 918 794 953 ὀνομαζόμενον
808 918 856 944 ἴδι-

71 973 129 991 κτον
144 965 246 1000 γράφει
258 972 266 980 '
283 965 312 990 sv
333 961 354 998 ᾧ
369 964 510 999 ἄφθαρτον
528 965 558 991 τὸ
579 964 627 991 τοῦ
643 965 746 1000 Κυρίου
764 965 854 1000 σῶμα,

71 1011 114 1037 καὶ
127 1010 183 1036 τῶν
207 1010 380 1045 ἀδιαὸλήτων
396 1010 491 1037 παθῶν
508 1011 684 1037 ἀνεπίδεκτον
703 1010 855 1046 κέκληκεν·

73 1053 138 1081 οὕτω
157 1053 247 1088 λέγων
262 1052 315 1088 πρὸ
328 1052 374 1079 τοῦ
388 1053 490 1085 πάθους
505 1055 612 1088 φαγεῖν,
627 1053 722 1089 ὥσπερ
735 1054 802 1089 δῆτα
810 1055 856 1081 καὶ

74 1100 136 1134 μετὰ
149 1099 202 1134 τὴν
217 1100 367 1127 ἀνάστασιν
378 1106 386 1114 ⁸
402 1099 439 1135 μή
452 1107 512 1126 τινα
523 1099 628 1135 τροπὴν
645 1100 661 1135 ἢ
673 1099 815 1127 ἀλλοίως-ιν
827 1100 857 1133 ἐξ

72 1145 151 1179 αὐτῆς
172 1145 224 1179 τῆς
246 1145 276 1170 ὲν
302 1144 404 1179 γαστρὶ
415 1145 464 1179 τῆς
480 1144 653 1179 Θεομήτορος
671 1145 855 1177 διαπλάσεως,

73 1190 134 1224 μηδὲ
151 1191 180 1216 tv
208 1191 266 1221 τοῖς
289 1189 425 1221 ἑκουσίοις
438 1190 484 1216 καὶ
510 1191 634 1223 (gummi;
659 1191 769 1222 πάθεσι,
789 1192 857 1226 μηδὲ

72 1235 135 1269 μετὰ
152 1236 206 1268 τὴν
221 1235 371 1262 ἀνάστασιν
388 1235 435 1262 τοῦ
466 1236 601 1269 παναγίου
628 1237 710 1262 αὐτοῦ
730 1237 856 1269 σώματος

71 1280 236 1315 δεξαμένου,
263 1282 308 1307 καὶ
333 1280 382 1315 τὴν
399 1279 554 1315 ἀφθαρσίαν
571 1280 601 1306 οὐ
619 1282 688 1315 una
714 1281 744 1307 τὸ
770 1281 856 1312 πάθος

73 1326 221 1360 κτήσασθαι
233 1332 240 1339 ·
255 1324 269 1351 ὃ
285 1324 350 1359 δῆτα
364 1325 397 1359 τῇ
410 1323 526 1351 καθόλου
541 1323 692 1359 Ἐκκλησία
707 1324 857 1359 πρεσϐεύε-

73 1379 128 1396 ται·
145 1371 216 1398 ἀλλὰ
237 1371 286 1397 καὶ
305 1370 359 1405 πρὸ
373 1370 422 1396 τοῦ
442 1369 555 1402 πάθους,
572 1370 602 1402 ἐξ
626 1371 710 1405 αὐτῆς
725 1370 792 1405 δῆτα
808 1370 857 1402 τῆς

72 1417 190 1452 ἀσπόρου
215 1416 266 1443 καὶ
291 1416 365 1447 θείας
389 1416 558 1450 συλλήψεως.
587 1415 748 1451 Συμφωνείν
770 1415 859 1442 δὲκαὶ

73 1462 130 1493 τοὺς
142 1464 196 1490 ἀνὰ
210 1464 263 1498 τὴν
276 1463 313 1489 ’έω
325 1463 371 1489 καὶ
385 1463 506 1497 ἑσπέραν
527 1463 616 1498 ἱερέας
632 1463 665 1497 τῇ
682 1461 786 1488 ἑκείνου
802 1462 859 1488 δια-

74 1509 138 1544 κὲνῳ
152 1509 219 1545 δόξῃ
237 1509 299 1544 βίαν
324 1509 472 1544 προσάγὼν
491 1508 659 1544 ἠνάγκαζεν.
679 1509 783 1539 Πάντες
799 1507 821 1534 δ’
833 1508 861 1538 ἐς

79 1555 256 1582 ’.Χναστάσιον
265 1555 310 1581 τὸν
326 1556 373 1590 τῆς
388 1554 528 1590 Ἀντιόχου
543 1555 673 1590 ὁρῶντες,
690 1554 720 1580 τὸ
737 1554 862 1588 ποιητέον

74 1601 174 1627 ἐκεῖθεν
193 1601 346 1636 μανθάνειν
376 1598 446 1636 ἦσαν
467 1600 703 1635 καραδοκοῦντεςο
730 1599 790 1626 ὅθεν
814 1600 863 1626 καὶ

75 1647 118 1681 τὴν
135 1647 254 1682 πρώτην
278 1647 381 1673 ἐκείνου
407 1646 560 1682 προσϐολὴν
575 1647 608 1682 τῇ
624 1645 759 1681 προφάσει
773 1645 862 1682 ταύτῃ

75 1693 159 1727 σοφῶς
173 1693 383 1726 διεκρούσαντο.

905 180 1068 206 termaximo
1092 179 1139 205 illo
1166 178 1351 206 Constantino
1375 186 1483 212 semper
1499 184 1623 213 excepto.
1639 180 1691 206 lta-

903 231 956 259 que
983 229 1095 259 propter
1124 224 1315 251 vehementem
1345 225 1372 252 in
1401 216 1539 252 Christum
1569 233 1690 252 amorem

905 270 978 297 illius
1000 271 1086 305 gratia
1108 270 1189 297 multa
1214 271 1295 297 etiam
1319 271 1455 298 violenter
1472 271 1548 300 fecit.
1564 271 1693 298 llebra-us

906 324 1024 351 namque
1038 317 1140 343 Pascha
1165 322 1229 344 ante
1253 317 1427 345 Christianos
1441 317 1580 344 celebrare
1598 325 1692 351 passus

906 370 958 389 non
988 366 1045 393 est,
1070 366 1097 389 et
1126 362 1325 394 Sanmrilanos,
1355 363 1428 396 quod
1459 371 1474 389 a
1495 363 1630 390 Sententia
1644 371 1693 390 sua

904 407 1047 435 discedere
1075 408 1189 439 nollent,
1215 408 1322 435 aﬂlixit.
1350 408 1479 435 Plurimis
1492 416 1602 443 quoque
1618 414 1692 436 tcmm

905 453 960 489 piis
993 453 1096 488 ubique
1123 460 1258 495 terrarum
1281 455 1693 488 Numendivinumhonorarit,

906 509 967 536 quae
997 501 1270 535 magniﬁcentissime
1306 503 1486 533 construxit,
1516 502 1618 536 quippe
1648 503 1692 536 qui

906 547 991 574 Deum
1020 547 1171 574 honoribus
1199 548 1368 583 ejuscemodi
1387 547 1524 582 pra-cipue
1539 549 1629 575 colere
1648 556 1692 575 vo-

907 591 1002 619 luerit.
1031 591 1093 620 Alia
1120 592 1235 627 insuper
1263 592 1338 620 hisce
1363 593 1515 620 consimilia
1533 593 1649 627 peregit,
1667 597 1697 620 ut

906 638 1036 666 omnibus
1059 643 1137 666 certo
1165 638 1350 666 abundantem
1377 644 1405 666 et
1435 647 1538 676 veram,
1560 648 1642 674 quam
1668 640 1696 667 in

908 685 1005 712 intimo
1033 685 1147 719 gerebat
1175 684 1281 718 animo,
1311 692 1376 720 erga
1394 685 1481 712 Deum
1499 686 1609 720 pietatis
1627 686 1696 713 all'e-

906 731 1027 759 ctionem
1047 731 1135 766 palam
1160 730 1272 758 iaceret.
1302 731 1371 759 Tum
1399 739 1464 759 vero
1476 731 1498 759 is
1520 732 1697 766 imperatora

909 783 984 806 recta
999 778 1134 813 planaque
1149 783 1177 806 et
1191 778 1264 813 regia
1289 779 1332 806 via
1353 778 1485 813 dilapsus,
1503 783 1585 813 atque
1605 779 1698 806 insue-

910 829 968 850 tum
995 823 1121 858 divisque
1146 824 1280 857 apostolis
1308 828 1337 850 et
1350 822 1478 851 Patribus
1495 825 1626 851 intactum
1645 824 1698 851 iter

910 870 1061 904 ingressus,
1091 869 1118 896 in
1147 869 1240 904 spinas
1270 874 1299 896 et
1324 869 1442 897 tribulos
1457 869 1567 897 incidit.
1587 870 1697 900 Etcum

910 914 1065 942 Ecclesium
1086 914 1113 941 in
1142 914 1305 941 sententiam
1333 921 1410 941 suam
1446 915 1583 942 adducere
1598 915 1697 947 vellet,

909 960 1028 994 consilio
1043 960 1230 995 opinioneque
1253 967 1301 987 sua
1321 959 1406 988 falsus
1421 965 1463 987 est
1483 969 1490 987 :
1508 961 1580 995 quod
1593 966 1696 989 rectam

910 1006 1104 1041 publicamque
1131 1006 1203 1033 viain
1229 1011 1307 1041 septo
1334 1007 1490 1034 ﬁrmissimo
1512 1008 1644 1035 Dominus
1661 1009 1698 1036 ita

910 1053 1129 1085 eonnnuniisset,
1159 1057 1189 1079 ut
1214 1060 1269 1080 non
1289 1052 1370 1080 facile
1383 1053 1474 1088 quivis
1494 1054 1623 1082 invadere
1637 1062 1697 1081 eam

910 1103 937 1125 et
955 1098 1098 1126 destruere
1111 1103 1215 1132 posset.
1227 1097 1295 1124 Tum
1311 1103 1403 1125 autem
1415 1104 1441 1126 el
1455 1099 1569 1134 Vigilius
1585 1100 1698 1126 minime

911 1144 1029 1179 pedibus
1054 1144 1081 1171 in
1106 1143 1257 1171 Iustiniani
1286 1145 1451 1172 sententiam
1469 1146 1696 1180 iugressus,cum

910 1189 1016 1217 Italiam
1052 1194 1170 1225 peteret,
1205 1190 1232 1217 in
1257 1190 1358 1217 itinere
1371 1195 1495 1218 mortuus
1507 1196 1561 1219 est.
1576 1192 1698 1219 Joannes

911 1240 1014 1268 autem,
1031 1236 1077 1270 qui
1098 1241 1125 1263 et
1139 1235 1281 1263 Catelinus
1312 1236 1402 1264 dictus
1417 1242 1470 1270 est,
1487 1237 1618 1273 principis
1632 1245 1698 1272 apo-

911 1282 1044 1309 stolorum
1071 1283 1260 1317 episcopatum
1283 1283 1397 1310 sortitus
1424 1287 1476 1310 est.
1494 1283 1627 1312 Cmterum
1645 1286 1699 1312 (Ja-

913 1328 998 1355 telino
1025 1327 1131 1355 leunne
1158 1328 1184 1354 in
1206 1329 1292 1356 veteri
1312 1328 1409 1361 Roma,
1423 1327 1528 1356 Joanne
1547 1334 1638 1356 autem
1653 1331 1698 1358 cui

913 1373 999 1407 patria
1010 1372 1117 1400 Sirimis
1128 1373 1189 1405 fuit,
1200 1373 1227 1400 in
1238 1381 1306 1400 nova
1315 1374 1413 1405 Rottia,
1422 1374 1572 1409 Apollinari
1582 1375 1699 1402 Alexan-

912 1419 978 1446 driae
1006 1419 1196 1453 episcopatum
1219 1419 1448 1451 administrante,
1478 1420 1551 1453 apud
1572 1421 1700 1456 Theopo-

913 1463 1012 1490 litanos
1037 1471 1101 1490 vero
1121 1469 1184 1497 post
1214 1464 1378 1491 Domninum
1407 1466 1560 1497 Anastasio.
1587 1467 1633 1501 qui
1665 1475 1699 1494 ex

917 1509 983 1538 Sina
1001 1513 1093 1536 monte
1109 1517 1273 1544 progressus
1287 1515 1339 1542 est,
1351 1511 1475 1539 antistite
1492 1513 1574 1545 lecto,
1590 1518 1618 1539 et
1633 1513 1699 1541 llic—

916 1555 1062 1590 rosolymis
1085 1555 1202 1583 Macario
1227 1556 1254 1583 in
1280 1556 1407 1584 thronum
1420 1566 1500 1585 suum
1515 1559 1626 1586 reducto
1643 1561 1698 1593 (re-

915 1602 1006 1630 stituit
1029 1610 1148 1637 namque
1176 1603 1251 1630 hune
1270 1602 1459 1636 .lustinianus,
1475 1613 1536 1632 eum
1555 1605 1699 1641 Origcuem

913 1653 941 1675 et
970 1648 1116 1683 Didymum
1143 1652 1171 1675 et
1181 1648 1326 1683 Evagriutn
1344 1651 1510 1678 anathemati
1527 1652 1700 1687 subjeciSset,

914 1700 976 1730 post
993 1695 1134 1723 Eustochii
1147 1695 1421 1729 cxauctoratiunem),
1431 1697 1550 1724 edictum
1565 1698 1613 1732 (ita
1625 1699 1700 1726 enim

77 1740 165 1769 Latine
195 1741 313 1777 dicitur)
328 1741 400 1769 idem
432 1741 582 1776 imperator
609 1741 731 1777 scripsit,
764 1741 792 1770 in
808 1749 863 1778 quo
885 1750 983 1778 corpus
1025 1742 1134 1770 Domini
1159 1744 1379 1779 ineorruptibile,
1409 1744 1491 1780 785.
1518 1749 1545 1772 et
1569 1746 1595 1772 in
1628 1746 1701 1780 quod

75 1789 333 1825 irrepreliensibiles
349 1790 432 1817 etiam
463 1789 655 1825 perpessiones
686 1797 741 1816 non
772 1790 912 1824 caderent,
932 1791 1040 1819 vocavit

1066 1799 1074 1818 :
1102 1792 1139 1818 ita
1173 1790 1317 1818 Dominum
1340 1796 1403 1819 ante
1433 1792 1591 1819 Passionem
1613 1792 1703 1819 edisse

74 1837 174 1870 dicens,
194 1839 280 1866 sicuti
294 1842 321 1866 et
340 1843 401 1873 post
429 1838 663 1866 resurrectionem
692 1837 792 1869 ederit.
828 1839 901 1873 quod
922 1847 977 1867 non
1010 1840 1100 1867 minus
1123 1840 1158 1866 ab
1185 1839 1244 1874 ipsa
1274 1840 1398 1874 corporis
1422 1839 1448 1867 in
1467 1845 1547 1867 utero
1561 1840 1608 1867 Dei
1622 1839 1703 1867 Geni-

75 1886 147 1914 tricis
179 1887 418 1919 conformatione,
449 1886 476 1913 id
501 1886 664 1914 mutationis
697 1890 746 1914 aut
779 1885 956 1915 alterationis
985 1888 1114 1923 alicujus,
1142 1888 1170 1915 in
1196 1888 1354 1922 spontaneis
1381 1888 1441 1915 istis
1475 1892 1503 1915 ct
1528 1887 1703 1915 naturalibus

75 1934 313 1968 perpeSsionibus,
337 1940 419 1968 quam
445 1938 509 1968 post
541 1934 782 1968 resurrectionem,
814 1941 866 1969 pro
884 1941 917 1961 eo
945 1939 1028 1969 atque
1047 1934 1251 1961 sanctissimum
1274 1939 1357 1967 esset,
1386 1941 1470 1969 capax
1505 1942 1559 1961 non
1595 1933 1702 1961 fuerit:

74 1983 99 2004 et
123 1981 199 2015 quod
233 1980 308 2008 idem
333 1987 436 2014 corpus
475 1979 766 2015 incorruptibilitatem
800 1980 888 2016 ipsam
907 1987 965 2008 non
997 1985 1059 2015 post
1090 1980 1266 2012 Passionem,
1288 1983 1393 2007 tantum
1424 1980 1449 2007 id
1467 1980 1539 2015 quod
1566 1979 1701 2007 catholica

75 2026 196 2054 Ecclesia
221 2026 380 2062 proﬁtetur,
408 2034 504 2054 verum
528 2026 612 2054 etiam
636 2031 700 2054 ante
723 2026 895 2060 Passionem,
915 2026 951 2055 ab
970 2026 1028 2062 ipsa
1050 2034 1138 2062 usque
1161 2026 1254 2054 divina
1283 2026 1453 2061 seminisque
1468 2030 1581 2061 experte
1604 2033 1703 2053 conce-

73 2073 164 2106 ptione
195 2073 364 2100 obtinuerit.
389 2072 424 2100 Ut
452 2080 516 2100 vero
549 2072 577 2099 in
612 2072 782 2100 sententiam
812 2079 889 2101 suam
911 2081 992 2101 sacer
1018 2073 1087 2101 ordo
1113 2073 1141 2100 in
1169 2072 1281 2100 Oriente
1296 2073 1379 2101 simul
1397 2078 1424 2100 et
1437 2074 1582 2102 Occidente
1614 2075 1702 2102 levem

72 2125 98 2146 et
124 2120 239 2147 [utilem
267 2119 330 2151 iret,
366 2119 392 2146 vi
424 2119 547 2146 adhibita
573 2125 672 2153 cogere
704 2119 799 2153 cepit.
835 2119 870 2147 At
891 2119 1027 2153 universi,
1056 2119 1146 2147 oculis
1170 2120 1197 2146 in
1228 2119 1402 2147 Anastasium
1418 2119 1703 2148 Antiochenumcon-

72 2166 158 2201 jcctis,
190 2171 224 2194 ut
253 2165 289 2192 ab
313 2173 347 2193 eo
366 2164 434 2200 quid
447 2164 520 2192 facto
538 2172 609 2200 opus
644 2169 718 2192 esset
751 2165 902 2199 discerent,
922 2167 1020 2202 cupide
1046 2166 1254 2202 exspectabant.
1284 2166 1336 2193 Per
1362 2174 1444 2202 quam
1474 2167 1512 2194 illi
1524 2174 1631 2194 causam
1649 2166 1707 2201 pri-

75 2221 141 2240 mam
156 2214 222 2248 ejus
233 2211 469 2240 eanﬂiclationem
485 2212 626 2247 sapienter
644 2212 816 2240 I'eDulerunt.

378 2270 503 2297 ΚΕΦΑΛ.
531 2273 572 2298 A'.

76 2319 141 2354 Περὶ
169 2316 383 2346 Ἀγαστασίου
405 2316 458 2343 τοῦ
483 2316 678 2348 Θεουπόλεως
704 2315 757 2343 τοῦ
769 2317 869 2343 Σινατ-

447 2359 511 2378 του.

116 2411 309 2439 ’Δναστασιος
331 2407 354 2434 δ’
373 2404 450 2439 οὗτος
469 2408 532 2434 ὅσον
550 2407 578 2439 ἐς
600 2406 635 2433 τὰ
659 2406 720 2434 Θεία
751 2407 871 2442 μάλιστα

75 2457 162 2490 λόγιος
178 2453 230 2491 ἦν,
244 2453 328 2488 ὀρθὸς
338 2454 366 2480 δὲ
388 2453 434 2480 τὶν
462 2454 574 2489 τρόπον,
593 2454 640 2481 καὶ
655 2453 689 2480 τὰ
717 2455 746 2485 ὲς
763 2453 869 2480 δίαιταν

75 2501 301 2536 ἁκριῦἐστατος·
317 2497 354 2529 ὥς
371 2498 419 2525 καὶ
442 2500 498 2530 τοῖς
522 2498 593 2532 ἄγαν
623 2498 732 2530 λεπτοῖς
754 2498 869 2532 ἐπάγειν

77 2547 192 2581 ῥυθμὸν,
214 2546 269 2572 καὶ
280 2544 329 2571 τοῦ
350 2544 420 2579 ἄγαν
451 2543 589 2578 ἀσφαλοῦς
614 2545 746 2580 μηδαμῶς
766 2554 870 2579 παρεκ-

76 2594 230 2627 τρέπεσθαι
242 2600 251 2608 ·
268 2591 350 2627 μήτοι
380 2599 413 2625 γε
427 2589 483 2617 τῶν
499 2590 615 2625 καιρίων
631 2590 677 2616 καὶ
697 2591 735 2621 εἰς
748 2590 815 2616 αὐτὸ
841 2591 871 2616 τὸ

77 2639 154 2665 Θεῖον
178 2638 418 2672 ἀναφερομένων.
436 2635 554 2670 "Aptata
572 2635 601 2661 δέ
618 2635 643 2661 οι
672 2636 720 2661 καὶ
746 2635 776 2661 τὸ
806 2633 872 2670 ἦθος

77 2685 227 2721 ἐιέκρατιν
245 2682 279 2709 οὗ
295 2681 350 2716 γὰρ
366 2690 406 2707 τοι
425 2681 495 2707 πάνυ
512 2680 687 2712 εὑέντευκτος
700 2678 744 2715 ἦν,
771 2681 814 2706 ἵνα
835 2681 873 2715 μὴ

77 2731 129 2762 τοῖς
141 2730 324 2765 καθήκουσιν
350 2726 511 2758 εὐεπίϐατος
529 2727 588 2762 εἴη·
619 2725 682 2753 οὔτε
701 2726 753 2762 μὴν
771 2727 873 2761 adscr,-

79 2778 120 2811 ρὸς
134 2786 179 2810 τις
196 2775 252 2803 καὶ
268 2773 381 2808 ἀφειδὴς
402 2773 450 2799 καὶ
464 2773 501 2803 ὡς
518 2773 550 2799 ἄν
568 2782 600 2807 γε
617 2773 655 2808 μὴ
674 2774 720 2801 καὶ
734 2772 873 2809 δυσ-πρότ-

203 2840 351 2870 ΡΑτιιοι..
369 2836 428 2867 Gn.
460 2835 596 2866 CXLVII.

882 2273 908 2303 D
1184 2287 1187 2289 -
1201 2268 1315 2296 CAPUT
1335 2267 1419 2295 XXX.

1013 2317 1051 2344 De
1065 2316 1206 2343 Anastasio
1219 2314 1354 2350 Theopulis
1369 2314 1486 2350 episcopo
1500 2315 1616 2342 Sinaita.

961 2407 1122 2436 Anastasius
1134 2407 1184 2434 iste
1197 2407 1352 2434 divmarum
1366 2415 1457 2433 rerum
1472 2406 1575 2440 peritus
1589 2407 1706 2434 maxime

922 2455 989 2487 fuit,
1009 2454 1036 2481 in
1053 2461 1159 2480 morum
1176 2457 1266 2480 autem
1286 2458 1312 2479 et
1330 2451 1497 2487 quotidiana:
1511 2452 1572 2478 vita:
1588 2451 1705 2485 integri-

925 2503 979 2526 tate
1007 2502 1061 2525 tam
1090 2502 1226 2525 accuratae
1248 2497 1449 2528 observantia,
1474 2501 1504 2524 ut
1530 2501 1557 2524 et
1581 2497 1706 2525 leviculis

924 2553 1036 2581 quoque
1053 2544 1171 2580 negotiis
1187 2544 1402 2571 moderationem
1423 2543 1582 2576 adhiberet,
1606 2549 1634 2571 et
1649 2552 1704 2571 non

925 2591 1006 2618 modo
1032 2590 1062 2617 in
1085 2590 1170 2617 rebus
1189 2590 1319 2625 gravibus
1346 2595 1373 2618 et
1396 2590 1428 2617 ad
1455 2590 1577 2618 divinum
1599 2591 1707 2618 Numen

927 2635 1139 2670 pertinentibus,
1158 2637 1205 2662 sed
1229 2635 1311 2662 etiam
1336 2635 1363 2662 in
1387 2636 1506 2663 minimis
1531 2644 1546 2663 a
1570 2637 1707 2663 constanti

927 2686 1060 2716 certoque
1077 2681 1219 2715 proposito
1235 2681 1448 2715 haudquaquam
1464 2680 1642 2708 transversim
1659 2689 1708 2708 ex-

928 2727 1041 2754 cideret.
1063 2727 1161 2754 Mentis
1185 2734 1251 2754 vero
1270 2727 1393 2754 habitum
1415 2734 1497 2761 quant
1517 2727 1619 2761 optime
1639 2732 1709 2754 tem-

931 2773 1044 2808 peravit.
1060 2771 1119 2799 Non
1147 2771 1219 2799 enim
1237 2772 1316 2800 lacile
1328 2772 1475 2799 admodum
1490 2772 1560 2799 adi-ri
1571 2779 1600 2799 se
1612 2779 1708 2807 passus

901 2838 918 2852 ⁶
1493 2832 1529 2861 10
