1915 3094
143 175 189 207 δεὶῦ

596 177 895 208 ECCLESIASTIC/E
914 174 1108 208 IIIS’l‘OIlI'T’E
1129 179 1203 210 LIB.
1226 179 1317 209 XVII-

1707 182 1758 211 306

137 235 210 261 λιστα
227 234 457 270 ἐκδεδιῃτημένος
468 233 518 268 ὢν,
535 236 654 271 τρυφαῖς
673 235 720 262 καὶ
735 235 844 270 ἡδοναῖς
857 235 919 262 ἀτό-

971 236 1164 270 imperatorcm
1190 236 1320 269 decebat,
1347 237 1463 272 peregit.
1487 237 1515 265 In
1544 240 1627 267 rebus
1652 248 1758 269 caeteris

138 288 193 311 ποις
207 281 355 316 ἐσχόλαζεν
367 290 374 297 ·
397 282 520 314 ἐκτόπως
536 291 566 309 τε
585 283 633 310 καὶ
653 282 732 314 οὗτος
756 283 855 318 ἐπίσης
877 282 918 317 τῷ

136 327 206 363 θείῳ,
217 328 308 363 ἥττων
321 328 445 363 αἰσχρῶν
464 327 620 364 λημμάτων
649 328 841 362 καθεστηκὼς,
862 328 917 355 τῶν

136 374 280 410 ἀλλοτρίων
299 374 446 411 ὑπερφυῶς
459 375 523 411 ἤρα.
551 375 606 401 Καὶ
633 375 714 410 μήτοι
729 383 762 409 γε
787 375 822 401 τὰ
840 375 918 402 χοι.νά

135 420 244 456 κέρδους
258 421 382 456 ἀθέσμου
401 421 574 456 ἀπεμπολῶν
584 420 629 458 Tw,
646 421 715 448 ἀλλά
729 422 777 448 καὶ
796 422 841 448 ἐπὶ
855 422 917 453 ταῖς

136 467 294 502 ἱερωσύναις
311 468 345 495 τά
359 469 541 504 παραπλήσια
555 469 635 504 δρᾷν,
646 468 774 504 οὐδαμῶς
788 468 917 496 εὖλαῦού-

135 523 210 547 μενος
224 522 231 529 ·
249 514 347 546 ὠνίους
357 516 413 550 γάρ
431 515 478 542 καὶ
496 515 601 548 ταύτας
627 516 835 551 προτιθέμενος,
860 516 916 546 τοῖς

136 560 333 596 προσ-τυχοῦσιν
351 562 462 595 εὐώνως
479 563 648 599 ἐπίπρασκε.

412 711 540 738 ΚΕΦᾹΛ.
571 711 633 738 AA’.

135 768 182 799 Ὠς
195 767 317 795 ἀνεῖλεν
331 767 499 799 Ἰουστῖνος
513 769 566 794 τάν·
582 767 718 802 συγγενῆ
733 767 915 795 Ἰουστῒνον·

162 803 205 830 ἔτι
218 803 270 829 καί
284 803 420 836 Αίθέριον
432 803 482 829 καὶ
495 802 632 829 Ἀδδαῖον
645 803 715 836 τοὺς
729 803 915 838 ἀλιτηρίους.

163 892 253 924 Δειλδς
270 892 297 920 δὲ
310 892 349 919 ὢν
378 892 469 927 φύσει,
501 893 598 928 θράσει
629 894 733 929 μᾶλλον
764 894 914 929 συνείχετο·
932 913 953 940 Β

127 940 173 967 καὶ
186 940 271 974 ἄμφω
295 940 422 966 κακίστω
450 939 557 967 παθῶν.
574 941 631 967 Καὶ
661 941 694 976 δὴ
716 941 764 967 τὸν
793 942 914 977 συγγενῆ

132 985 274 1012 Ἰουστῖνον
291 985 335 1012 διὰ
354 985 448 1020 φήμης
481 986 545 1013 ὄντα
570 986 609 1022 τῷ
639 986 748 1022 πλήθει,
776 988 825 1014 καὶ
853 990 913 1021 ταῖς

126 1031 196 1058 κατὰ
222 1032 341 1066 πόλεμον
365 1031 523 1067 ἐμπειρίαις
543 1033 693 1068 περιφανῆ,
717 1034 766 1060 καὶ
795 1036 854 1066 ταῖς
868 1034 915 1061 ἆλ-

126 1079 186 1110 λαις
201 1079 256 1105 τῶν
271 1079 362 1113 τιμῶν
375 1079 535 1111 ἀναδάσεσι,
553 1081 757 1114 μετεστέλλετο,
776 1081 847 1116 ἀμφὶ
868 1082 914 1108 τὸν

127 1125 234 1160 Ἴστρον
245 1125 411 1158 ποιούμενον
435 1126 484 1157 τὰς
501 1126 646 1161 διατριὸἀς
676 1127 724 1154 καὶ
750 1128 800 1159 τὰς
823 1129 914 1155 ἐκεῖσε

124 1170 177 1197 τῶν
206 1170 333 1205 Ἀἦάρων
362 1171 501 1206 ἐκδρομὰς
529 1173 681 1207 είργοντα·
709 1173 855 1208 ἀμαξόὸιοι
883 1173 912 1200 δὲ

123 1218 225 1245 Σκυθαι
248 1212 412 1253 οῑ.”ΔὸῈρες
427 1226 434 1234 ·
461 1218 591 1252 νέμονται
617 1219 646 1245 δὲ
667 1220 723 1255 ἀρα
754 1221 804 1247 ὅσα
833 1221 912 1248 πεδία

124 1264 195 1299 ὑπὲρ
212 1264 258 1291 τὸν
273 1265 429 1292 Καύκασον.
455 1266 618 1292 ’Δνάστατοι
633 1265 660 1292 δὲ
676 1266 773 1302 ἀθρόον
789 1268 913 1301 ἐγένοντο

123 1311 190 1344 πρὸς
203 1310 257 1337 τῶν
279 1311 472 1348 Ὑπερϐορέων
494 1311 619 1346 Περσῶν·
649 1314 743 1345 κακῶς
760 1314 814 1348 γὰρ
843 1315 913 1350 πρὸς

122 1357 213 1384 αὐτῶν
230 1358 392 1393 πάσχοντες,
401 1360 474 1394 φυγῇ
493 1359 645 1395 χρώμενοι,
659 1360 732 1395 ἀμφὶ
748 1361 794 1388 τὸν
807 1361 912 1388 Βόσπο-

122 1412 170 1438 ρον
185 1401 267 1440 ἧκον.
290 1404 487 1436 καταλιπόντες
504 1405 554 1438 τάς
571 1406 619 1432 τοῦ
657 1406 786 1439 Εὐξείνου
812 1408 910 1434 πόντου

120 1448 227 1482 ἠϊόνας.
244 1448 331 1475 Ἔνθα
358 1450 446 1485 συχνὰ
459 1450 510 1484 μὲν
541 1451 606 1486 ἔθνη
632 1451 759 1487 βάρϐαρα
783 1453 831 1479 καὶ
859 1453 912 1479 ὑπὸ

125 1492 272 1527 Ῥωμαίων
288 1493 311 1519 δ’
327 1494 387 1521 ἔνια
411 1494 614 1531 ὲξῳκίσθησαν,
641 1497 690 1524 καὶ
703 1497 794 1530 πόλεις
807 1506 838 1525 τε
863 1499 911 1526 καὶ

120 1539 303 1574 στρατόπεδα,
315 1540 364 1566 καί
381 1549 454 1572 τινες
470 1543 678 1577 προσορμίσεις,
700 1543 716 1578 ἢ
731 1544 911 1579 στρατιωτῶν

971 281 1038 308 nihil
1057 281 1135 317 quod‘
1150 282 1308 310 monarch-.13
1327 289 1410 314 esset,
1431 284 1557 312 habebat.
1575 285 1642 313 Nam
1660 287 1758 314 intem.

970 333 1101 362 peranter
1123 329 1243 356 maxime
1267 334 1295 357 et
1321 330 1454 358 dissolute
1476 331 1583 363 vivens,
1602 332 1708 360 deliciis
1731 339 1758 360 et

970 374 1160 408 voluptatibus
1182 375 1308 402 vacabat.
1328 377 1415 411 Supra
1440 378 1550 405 modum
1571 387 1636 406 vero
1652 383 1680 406 et
1696 380 1758 411 Istc,

969 421 1084 456 perinde
1101 425 1182 456 atque
1200 422 1362 454 avunculus,
1379 424 1451 457 turpi
1469 424 1547 451 I'ucru
1558 424 1656 455 victus.
1669 425 1756 452 aliena
1792 416 1797 421 ⁷

969 465 1125 500 appetebat.
1144 466 1227 501 789
1245 466 1278 493 Et
1301 474 1354 493 nou
1378 467 1459 495 modo
1479 468 1586 502 publica
1612 471 1758 496 commoda

969 511 1064 538 illicita
1085 513 1213 540 mercede
1236 513 1342 540 venalia
1360 514 1488 546 habebat,
1508 523 1603 542 verum
1624 517 1705 542 etiam
1724 516 1758 544 de

968 557 1132 585 sacerdotiis
1154 558 1225 586 idem
1252 559 1341 588 facere
1363 560 1575 596 haudquaquam
1600 563 1756 590 verebatur.

969 603 1035 630 Nam
1054 609 1081 631 et
1099 604 1156 632 haec
1174 613 1274 633 venum
1291 607 1414 641 exposita
1441 607 1586 642 quibusvis
1605 609 1694 643 pretio
1711 610 1757 637 vili

969 650 1114 679 vendebat.

1232 708 1345 737 CAPUT
1365 708 1483 737 XXXIV.

970 760 1004 788 Ut
1028 762 1050 789 is
1074 762 1210 791 Iustinum
1233 770 1377 798 cognatum
1401 774 1489 797 suum.
1518 767 1581 794 item
1607 768 1756 795 Etherium

1003 802 1028 824 et
1053 798 1212 839 -ᾼιίιίανιιηι,
1243 800 1363 827 homines
1395 803 1490 836 impios
1525 807 1549 830 et
1577 804 1754 839 perniciosos,

1003 833 1138 861 occiderit.

1004 889 1111 918 Etcum
1132 894 1232 920 natura
1246 893 1359 921 timidus
1371 899 1457 927 esset,
1474 895 1594 922 ferocem
1615 903 1645 922 se
1669 896 1757 931 magis

966 937 1126 969 exhibebat,
1150 939 1354 973 perturbationi
1382 940 1494 976 utrique
1528 941 1689 976 turpissime
1707 942 1755 969 ob-

966 984 1076 1011 noxius.
1112 985 1207 1020 Itaque
1230 991 1377 1022 cognatum
1398 995 1478 1015 suum
1504 988 1656 1020 Justinutu,
1677 989 1756 1024 cujus

966 1031 1097 1064 praeclara
1115 1032 1196 1066 vulgo
1213 1032 1284 1060 fama
1307 1038 1379 1066 erat,
1402 1034 1494 1061 virum
1515 1034 1622 1061 bellicis
1648 1035 1756 1062 artibus

964 1077 1139 1112 aliorumque
1155 1081 1292 1106 honorum
1310 1081 1445 1115 gradibus
1473 1081 1620 1113 illustrem.
1642 1083 1754 1115 accivit,

965 1123 1012 1156 qui
1038 1123 1071 1150 ad
1091 1124 1190 1151 Istrum
1213 1126 1376 1158 excubabat,
1400 1131 1428 1154 et
1451 1127 1665 1155 excursionibus
1681 1127 1754 1154 Aba-

965 1176 1025 1195 rum
1037 1169 1074 1205 (l)
1083 1169 1121 1197 ibi
1135 1170 1244 1198 obviam
1261 1171 1328 1199 ibat.
1339 1173 1441 1200 Abares
1453 1178 1544 1200 autem
1558 1173 1666 1208 Scythae
1677 1178 1753 1203 sunt.

964 1215 1117 1249 ἀμαξόὸιοι,
1136 1217 1189 1244 hoc
1210 1223 1262 1249 est,
1279 1217 1306 1244 in
1323 1219 1453 1252 plaustris
1470 1218 1614 1254 degentes,
1637 1223 1666 1246 et
1681 1227 1754 1246 catu-

963 1268 1012 1295 pos
1033 1262 1080 1296 qui
1102 1262 1174 1289 ultra
1207 1262 1360 1291 Caucasum
1388 1270 1463 1296 sunt,
1497 1265 1661 1292 incolentes.
1687 1265 1754 1292 Inde

961 1312 1054 1334 autem
1071 1308 1217 1335 ceniertim
1232 1309 1353 1336 universi
1370 1309 1404 1336 ab
1418 1308 1605 1344 Hyperboreis
1621 1308 1724 1341 Persis.
1738 1318 1753 1336 a

962 1354 1064 1388 quibus
1076 1354 1146 1391 male
1165 1355 1386 1389 accipiebantur.
1407 1355 1491 1389 pulsi,
1510 1355 1573 1390 iuga
1604 1355 1658 1382 sibi
1688 1363 1754 1382 con-

962 1399 1072 1426 suluere
1088 1408 1095 1426 :
1111 1406 1137 1427 et
1152 1400 1185 1428 ad
1200 1401 1363 1435 Bosporum,
1379 1401 1475 1428 Euxini
1505 1402 1584 1428 Ponti
1611 1401 1753 1429 littoribus

962 1445 1078 1478 relictis,
1096 1446 1142 1473 ubi
1168 1447 1261 1474 multm
1290 1447 1415 1474 barbara:
1437 1452 1534 1482 gentes
1559 1448 1751 1480 consederant,

961 1491 1099 1526 pleraeque
1108 1499 1122 1518 a
1134 1492 1266 1519 Romanis
1273 1492 1386 1519 sedibus
1395 1493 1452 1520 suis
1464 1495 1577 1524 exactae,
1588 1492 1672 1520 urbes
1686 1501 1753 1527 quo-

962 1545 1026 1572 que,
1042 1538 1154 1565 castella
1172 1543 1199 1565 et
1222 1538 1341 1572 navalia,
1357 1545 1421 1565 cum
1437 1538 1481 1565 vel
1508 1538 1610 1566 milites
1629 1539 1751 1565 veterani

118 1586 275 1620 ἀπομάχων
311 1587 476 1622 γινομένων,
500 1588 516 1623 ἢ
541 1589 589 1615 καὶ
617 1589 752 1616 ἀποικιῶν
767 1590 835 1625 πρὸς
856 1590 927 1618 ’τῶν1

966 1584 1132 1611 vacationem
1149 1584 1253 1612 militiae
1267 1584 1466 1616 obtinuissent,
1482 1589 1510 1612 et
1537 1585 1597 1612 loca
1613 1592 1645 1612 ea
1672 1592 1749 1612 rece—

119 1633 257 1666 βασιλέων
288 1633 484 1668 στελλομένων,
519 1634 570 1670 τὴν
601 1635 732 1671 πόρευσιν
757 1636 909 1670 ἐποιοῦντο,

118 1680 190 1714 πρὸς
213 1679 280 1711 τοὺς
307 1681 337 1706 ὲν
366 1681 433 1707 ποσὶ
469 1680 629 1716 βαρϐάρους
657 1682 908 1718 ἀνθαμιλλώμενον

117 1726 200 1761 ἄχρις
211 1725 242 1752 οὗ
257 1726 325 1761 πρὸς
341 1726 391 1759 τὰς
404 1728 588 1763 παριστρίους
606 1727 700 1762 ἠϊόνας
719 1728 816 1761 εόντες,
841 1729 911 1764 πρὸς

123 1772 321 1798 Ἰουστινιανὸν
348 1772 396 1799 τὸν
429 1773 624 1808 αὐτοκράτορα
653 1774 909 1808 διεπρεσϐεύσαντο.

122 1817 250 1844 Ἐκεῖθεν
266 1818 360 1844 τοίνυν
375 1819 389 1845 ὁ
401 1818 495 1854 ῥηθεὶς
522 1819 668 1852 Ἰονστὶνος
687 1820 910 1855 μεταπεμφθεὶς,

117 1862 164 1890 οἷα
176 1863 211 1900 δὴ
221 1863 263 1900 τῷ
286 1864 340 1899 νέῳ
354 1864 460 1899 βασιλεῖ
482 1865 661 1900 συμμεθέξων
683 1865 738 1892 τῶν
762 1866 911 1901 συγκειμέ-

115 1919 183 1943 νων,
205 1910 320 1945 καὶτῆς
348 1910 436 1945 ἀρχῆς
455 1911 628 1938 ἀπολαύσων.
646 1910 832 1946 Παραπλησίω
856 1912 911 1946 γὰρ

114 1957 196 1987 ὄντες
209 1956 249 1992 τῷ
266 1965 295 1982 τε
318 1956 394 1990 γένει
411 1957 458 1984 καὶ
473 1958 506 1992 τῇ
533 1958 606 1983 κατά
639 1958 743 1991 κόσμον
767 1958 909 1992 κενότητι,

114 2003 189 2037 πρὸς
201 2003 375 2038 ἀμφοτέρους
392 2003 440 2029 καὶ
453 2003 655 2038 τὴν¹βασιλείαν
672 2004 912 2039 ταλαντευομένην

113 2046 203 2084 εἶχον.
220 2048 369 2083 Σύμφωνοι
382 2049 411 2075 δὲ
431 2049 509 2084 μόλις
524 2047 597 2085 ἦσαν
620 2049 728 2076 πολλῶν
749 2050 912 2085 ἀμφιλόγων

112 2095 326 2130 γεγενημένων·
355 2095 558 2132 ὥσθ’ὁποτέρῳ
586 2097 695 2132 γένοιτο
726 2098 855 2133 παριέναι
884 2098 912 2129 ἐς

76 2171 79 2173 _
111 2141 166 2176 τὴν
175 2140 278 2176 ἀρχὴν,
294 2141 402 2177 θατέρῳ
413 2142 462 2174 τὴν
472 2142 531 2177 μετ’
539 2144 642 2171 ἐκεῖνον
657 2143 748 2171 δοῦναι
764 2145 911 2180 καθέδραν,

112 2189 153 2220 ὡς
174 2188 343 2222 συμὸαίνειν
359 2190 392 2215 ἐκ
414 2189 471 2216 τῶν
496 2190 661 2225 δευτερείων
688 2191 738 2225 τῆς
770 2191 911 2226 βασιλείας

112 2235 151 2261 τὰ
165 2235 299 2270 πρωτεῖα
312 2235 368 2261 τῶν
383 2235 473 2262 ἄλλων
493 2235 637 2271 φέρεσθαι.
657 2236 781 2263 Ἤκοντα
809 2237 910 2270 τοίνυν,

109 2281 205 2315 πολλῇ
221 2282 255 2316 τῇ
274 2280 374 2314 ἔξωθεν
386 2282 455 2316 πρὸς
473 2283 556 2309 αὐτόν
571 2282 672 2317 ἐχρῆτο
708 2282 910 2318 φιλοφροσύνῃ·

110 2328 167 2354 καὶ
184 2325 231 2354 οἷα
260 2327 416 2362 στρατηγόν
442 2336 471 2354 τε
498 2327 640 2362 περίδοξον
664 2328 712 2354 καὶ
741 2328 915 2362 προσήκοντα

109 2375 205 2409 γένει,
218 2374 352 2406 ποικίλως
368 2374 514 2407 ἐδεξιοῦτο.
532 2374 650 2400 Ἔπειτα
672 2373 763 2406 αἰτίας
779 2374 811 2409 δή
837 2383 914 2406 τινας

109 2421 312 2452 ἑπιπλάττων,
337 2421 431 2456 ἠρέμα
463 2421 629 2457 παρῃρεῖτο,
651 2421 711 2448 ὅσοι
733 2421 797 2455 ¹δῆτ’
814 2422 913 2458 ἐκείνῳ

109 2467 298 2494 ὑπασπισταὶ
329 2467 379 2493 καὶ
410 2467 557 2503 δορυφόροι
588 2467 637 2496 καὶ
675 2459 913 2503 σωματοφύλακες

107 2513 202 2549 ἦσαν’
217 2513 332 2545 καὶτὰς
359 2514 443 2541 αὐτοῦ
463 2515 595 2550 προόδους
626 2509 748 2550 ἀνεῖργε·
773 2515 821 2541 καὶ
836 2515 915 2546 τέλος

108 2561 191 2588 οἴκοι
203 2560 386 2596 περικλείσας
398 2561 493 2592 αὑτὸν,
512 2561 564 2588 ἀνά
577 2561 627 2596 τὴν
663 2561 844 2596 Ἀλεξάνδρου
863 2569 914 2586 πε-

108 2607 224 2643 ριφανῆ
241 2606 322 2633 πόλιν
349 2607 397 2633 ἐπὶ
423 2607 518 2643 πόρῤω
531 2606 638 2635 νυκτῶν
654 2607 803 2642 κλινοπετῆ
830 2607 915 2634 καθεο

108 2655 225 2686 στῶτα,
244 2653 359 2689 δειλαίῳ
389 2653 466 2689 μόρῳ
481 2653 590 2689 ἀνῄρει.
610 2653 724 2687 Ταύτην
755 2653 875 2688 ἀμοιὸὴν
902 2654 916 2679 ὁ

108 2701 254 2734 γεννάδας
270 2701 376 2732 ἐκεῖνος
392 2701 441 2736 τῆς
465 2700 532 2735 περὶ
559 2699 589 2726 τὸ
616 2700 755 2735 ὁμόφυλον
785 2699 913 2733 εὐνοῐκῆς

106 2747 270 2779 διαθέσεως
286 2747 335 2773 καὶ
357 2747 418 2777 ταῖς
436 2747 507 2774 κατὰ
533 2746 588 2773 τῶν
617 2746 756 2781 πολεμίων
788 2745 915 2780 ἀπείροις

109 2793 213 2825 νίκαις
240 2793 484 2826 ἀπενεγκάμενος.
509 2792 547 2819 Οὐ
567 2792 703 2828 πρότερον
726 2791 755 2818 δὲ
770 2793 820 2826 τῆς
853 2790 914 2817 κατ’

152 2873 198 2908 (ι)
223 2873 351 2901 Abarum
370 2880 473 2908 nomen
491 2872 582 2900 adhuc
601 2872 632 2908 in
651 2871 914 2908 Hungariairelincl

109 2907 249 2944 Βηθανία,
269 2909 328 2937 divi
354 2907 463 2935 Martini
481 2909 579 2943 patria.
600 2907 648 2935 llis
669 2915 779 2943 quoque
796 2907 915 2934 Bavaros

963 1630 1079 1664 pissent.
1096 1630 1138 1657 vel
1154 1623 1338 1665 imperatores
1360 1630 1484 1658 colonias
1500 1638 1534 1658 eo
1557 1631 1750 1661 deduxissent,

961 1681 1121 1704 constructa
1150 1681 1243 1708 erant,
1259 1684 1360 1704 venere
1384 1685 1392 1704 :
1413 1681 1441 1704 et
1468 1677 1530 1704 inde
1549 1677 1751 1712 expeditionem

961 1727 1057 1750 contra
1074 1730 1121 1750 eos
1139 1723 1187 1758 qui
1215 1723 1269 1750 illis
1283 1723 1356 1750 obvii
1372 1725 1482 1755 ﬂerent,
1507 1723 1640 1750 barbaros
1660 1731 1752 1751 susce-

962 1776 1038 1803 pere,
1048 1769 1135 1796 donec
1144 1769 1178 1796 ad
1192 1770 1253 1796 IStri
1266 1770 1338 1804 ripas
1349 1770 1503 1803 venientes,
1518 1770 1550 1797 ad
1562 1770 1750 1797 Iustinianum:

963 1813 1157 1848 imperatorem
1174 1814 1336 1849 legationem
1356 1814 1467 1842 misere.
1492 1815 1529 1842 Ex
1551 1816 1591 1843 eis
1611 1815 1679 1843 locis
1705 1816 1752 1843 Ju-

962 1860 1062 1893 stinus,
1089 1868 1169 1895 quem
1191 1861 1258 1892 dixi.
1285 1866 1418 1889 evocatus
1444 1866 1496 1893 est.
1526 1862 1641 1896 perinde
1669 1866 1752 1896 atque

964 1905 1102 1940 particeps
1118 1906 1176 1932 ﬁeri
1192 1914 1254 1933 cum
1272 1915 1343 1934 novo
1353 1907 1520 1942 imperatore
1529 1911 1671 1941 pactorum
1686 1914 1751 1934 con-

963 1956 1109 1979 ventorum
1144 1952 1314 1987 imperioquc
1340 1953 1395 1979 frui
1425 1952 1549 1979 deberet.
1569 1951 1647 1985 Quod
1673 1960 1751 1978 nam-

963 2005 1017 2032 que
1043 2002 1072 2025 et
1094 2005 1194 2032 genere
1220 2003 1248 2025 et
1272 1997 1409 2024 mundana
1442 1998 1494 2024 ista
1522 1998 1642 2024 vanitate
1669 2005 1749 2032 pares

962 2048 1065 2076 essent,
1090 2052 1125 2071 ex
1150 2051 1228 2078 aequo
1257 2044 1339 2071 etiam
1369 2044 1403 2071 ad
1430 2048 1578 2078 utrumque
1604 2043 1750 2078 imperium

963 2089 1134 2125 pertinebat.
1167 2089 1231 2117 Post
1258 2090 1358 2118 mttltas
1393 2097 1511 2124 namque
1539 2089 1752 2124 disceptationes

964 2135 1073 2163 laudent
1087 2135 1141 2163 illis
1158 2141 1336 2168 convenerat,
1348 2142 1378 2163 ut
1394 2136 1439 2170 qui
1451 2135 1560 2169 imperii
1574 2134 1751 2161 administra-

965 2181 1068 2208 tionem
1084 2187 1312 2216 consequeretur,
1336 2181 1416 2209 alteri
1433 2181 1590 2216 proximum
1617 2180 1751 2207 honorem

964 2227 1139 2260 concederet,
1153 2229 1190 2255 ita
1206 2232 1236 2255 ut
1248 2228 1273 2255 is
1289 2236 1322 2255 ex
1338 2227 1468 2255 secundis
1497 2227 1608 2262 itnperii
1627 2227 1753 2261 partibus

967 2274 1069 2309 primas
1098 2281 1154 2308 prae
1172 2273 1235 2301 aliis
1262 2273 1357 2301 ferret.
1389 2273 1561 2301 Adveniente
1589 2273 1674 2308 igitur
1701 2280 1752 2306 eo,

965 2319 1051 2346 multa
1069 2319 1250 2355 benignitate,
1267 2320 1350 2347 sicuti
1376 2327 1432 2354 prae
1445 2327 1475 2347 se
1492 2320 1567 2352 tulit,
1582 2326 1648 2354 erga
1665 2319 1753 2346 homi-

966 2371 1027 2392 nem
1041 2364 1190 2399 imperator
1211 2368 1254 2391 est
1274 2372 1357 2396 usus,
1383 2364 1566 2398 eumdemque
1596 2370 1626 2391 ut
1653 2364 1751 2391 ducem

965 2409 1112 2445 insignem,
1123 2416 1152 2438 et
1164 2417 1264 2445 genere
1279 2411 1332 2438 sibi
1345 2410 1544 2445 propinquum,
1563 2411 1637 2438 varia
1658 2411 1753 2437 huma-

965 2455 1051 2483 nitate
1070 2456 1207 2483 tractavit.
1224 2456 1360 2491 Deinceps
1387 2461 1478 2483 autem
1507 2463 1603 2483 causas
1621 2456 1753 2491 quasdam

966 2507 1147 2535 commentus,
1165 2502 1296 2537 paulatim
1313 2510 1383 2536 quos
1396 2502 1442 2529 ille
1454 2502 1565 2535 milites,
1579 2501 1712 2529 satellites
1727 2507 1754 2529 rt

965 2548 1092 2582 corporis
1108 2548 1237 2575 custodes
1257 2547 1388 2580 habebat,
1402 2546 1442 2574 illi
1464 2547 1593 2578 detraxit,
1608 2547 1753 2581 progredi-

966 2601 1020 2628 que
1033 2601 1096 2621 eum
1113 2593 1141 2620 in
1158 2595 1299 2628 publicum
1313 2594 1401 2621 vetuit
1418 2602 1426 2621 :
1444 2598 1472 2621 et
1499 2598 1638 2628 postremo
1659 2593 1686 2620 in
1711 2601 1754 2620 cca

966 2639 1114 2666 Ieberrima
1131 2639 1213 2674 790
1240 2639 1412 2667 Alexandriae
1431 2638 1499 2666 urbe
1521 2638 1596 2665 domi
1619 2639 1754 2669 clausum.

966 2685 1003 2712 ita
1017 2686 1086 2712 utin
1104 2686 1174 2713 lecto
1191 2687 1311 2721 iacebat,
1336 2686 1364 2713 in
1381 2686 1468 2713 multa
1491 2690 1573 2714 nocte
1597 2685 1753 2713 miseranda

966 2731 1041 2759 caede
1062 2731 1184 2759 sustulit.
1205 2731 1279 2758 Ilanc
1305 2739 1455 2767 generosus
1482 2732 1527 2759 ille
1545 2732 1587 2758 vir
1614 2731 1754 2758 benevola:

966 2782 1079 2813 propter
1106 2779 1298 2813 cognationem
1328 2778 1493 2810 atl'ectionis,
1516 2778 1754 2812 plurituarumque

967 2875 1066 2896 nomen
1099 2877 1178 2897 suum
1212 2874 1352 2905 acceptum
1381 2870 1453 2896 terre
1481 2868 1580 2896 debere
1605 2866 1753 2896 verisimile

967 2907 1019 2929 θοι.
