1915 3094
220 185 274 219 319

833 191 1044 222 NlCEPllORl
1066 192 1242 224 GALLISTI

1792 200 1845 230 320

223 244 390 280 rcdigentes,
403 245 615 282 inexpugnabile
625 245 757 273 elliclunt.
772 246 831 281 ipse
839 251 930 274 autem
944 253 1006 274 cum

1067 256 1108 282 της
1135 247 1182 275 καὶ
1210 249 1324 284 ’Δϐὀρας
1342 248 1502 286 περικύκλῳ
1528 250 1648 287 ῥέοντες,
1676 252 1724 279 καὶ
1748 251 1845 288 ὥσπερ

221 291 310 325 copiis
323 291 390 324 suis,
405 291 478 325 Tigri
496 300 575 319 amne
591 292 715 327 trajecta,
735 292 841 327 magnis
859 292 1005 320 itineribus

224 336 352 363 celeriter
364 337 396 364 ad
410 338 524 364 Nisibim
539 338 614 365 venit
627 347 633 365 :
646 347 718 373 qum,
731 338 811 366 siculi
834 339 939 366 dictum
952 342 1004 370 est,

226 390 241 408 τι
263 382 401 410 Marciano
426 384 614 411 obsidebatur.
652 384 714 412 llzec
747 384 783 412 ita
803 392 818 412 a
848 385 940 412 Persis
963 385 1006 418 agi

225 428 340 455 Romani
356 428 518 463 ignorabam
532 440 537 456 :
558 438 643 465 usque
659 430 740 462 adeo,
756 435 785 457 ut
799 430 924 458 Justinus
937 431 1008 457 mul-

225 477 315 498 torum
347 473 520 500 sermonibus
545 474 686 509 deceptus,
704 475 750 510 qui
772 475 922 503 Cliosroem
951 475 1007 510 jam

225 522 363 545 tuortuum
381 526 452 551 esse,
466 524 513 546 aut
527 528 581 547 non
597 521 676 554 longe
688 529 703 548 a
717 526 805 549 morte
818 523 915 549 abesse
933 530 1006 548 nun-

226 562 341 596 tiabant,
352 564 490 592 Marciano
505 566 582 593 valde
598 572 785 599 succenseret,
815 568 888 602 quod
906 568 1008 595 Nisibis

224 611 454 644 expugnationem
472 612 661 646 protraheret:
680 613 713 640 ad
728 621 809 648 quem
823 614 906 641 etiam
924 622 1008 648 quos-

225 656 287 682 dam
318 657 402 689 misit,
429 658 476 692 qui
507 659 583 686 illutn
602 660 635 686 ad
662 660 752 687 claves
768 667 911 696 portarum
926 669 1007 695 quam

224 702 369 729 celerrime
385 702 538 730 afferendas
553 705 714 733 excitarent.
730 705 763 732 Ut
778 710 870 732 autem
888 714 932 733 res
957 708 1008 733 mi-

226 757 279 776 nus
308 757 342 776 ex
376 750 514 776 sententia
545 751 686 782 successit,
715 755 744 778 et
762 751 888 779 Justinus
909 752 966 778 risu
982 759 1009 779 et

225 794 327 829 probro
341 803 371 823 se
386 795 497 830 dignum
512 796 646 827 exhibuit,
662 796 708 831 qui
726 797 796 831 apud
809 797 889 824 talem
902 802 929 824 et
947 802 1009 825 tan-

231 846 286 867 tam
304 841 413 874 urbem,
442 849 503 876 quae
531 842 638 870 efficere
653 842 790 877 nequiret,
805 847 961 876 conaretur,
975 842 1009 870 ad

225 894 307 920 quam
323 886 429 913 scilicet
446 891 499 913 tam
514 887 628 922 exiguus
640 887 780 914 exercitus
793 887 950 914 assidebat:
967 894 1010 914 res

228 940 260 959 ea
277 933 393 966 primum
406 932 537 968 Gregorio
546 933 693 967 Tlieopolis
702 933 817 961 antistiti
829 933 864 960 ab
879 933 1011 968 episcopo

229 977 360 1005 Nisibeno
378 980 533 1006 renuntiata
551 983 604 1006 est.
622 979 687 1006 Erat
707 979 781 1006 enim
794 980 818 1006 is
831 979 975 1014 Gregorio,
994 987 1010 1006 α

229 1031 285 1058 quo
320 1025 466 1059 pecuniam
487 1025 626 1060 ingentem
643 1029 798 1059 acceperat,
813 1025 917 1052 amicus
929 1033 1010 1059 quam

228 1071 357 1098 maxime.
375 1071 408 1097 Et
421 1071 502 1098 dabat
519 1077 651 1106 praeterea
678 1079 803 1106 operam,
831 1076 860 1098 ut
880 1071 948 1098 urbs
976 1078 1007 1098 ea

228 1121 341 1151 propter
358 1125 506 1149 mrumuas,
538 1125 635 1152 quasa
669 1118 761 1145 Persis
789 1117 954 1153 patiebatur,
983 1117 1011 1144 in

228 1167 389 1198 potestatem
408 1163 594 1192 ltouranorum
605 1165 718 1192 rediret.
730 1165 824 1199 ltaque
842 1165 865 1192 is
880 1164 1013 1200 Gregorio

229 1218 292 1243 qua:
312 1210 338 1236 in
356 1210 467 1237 Perside
492 1216 665 1245 gererentur,
693 1219 743 1238 suo
759 1218 874 1245 quasque
891 1216 1013 1245 tempore

232 1255 406 1289 insinuando,
438 1248 616 1290 significabat.
662 1256 698 1283 Ea
721 1264 802 1291 porro
816 1257 849 1283 ad
877 1256 1013 1284 Justinum

232 1303 380 1337 Gregorius
410 1304 565 1336 scribebat,
593 1304 626 1331 de
653 1304 744 1331 subita
775 1305 856 1331 etiam
885 1304 1016 1332 Chosroa:

233 1350 409 1384 expeditione
443 1351 589 1377 certiorem
617 1358 681 1377 eum
709 1350 820 1378 faciens.
852 1350 941 1386 Atque
971 1351 1016 1379 ille

236 1403 311 1423 more
337 1404 387 1423 suo
397 1396 504 1423 deliciis
521 1397 670 1424 etluxuriae
685 1397 806 1428 deditus,
817 1396 898 1424 fidem
914 1397 1016 1424 habere

232 1441 353 1476 episcopi
373 1442 485 1478 scriptis
499 1442 668 1477 supersedit,
683 1450 715 1469 ea
732 1451 794 1477 qua:
813 1443 944 1476 cupiebat
959 1443 1017 1478 geri

232 1488 314 1514 etiam
327 1493 411 1515 ratus.
423 1489 450 1515 lu
463 1488 620 1515 hominibus
631 1497 748 1523 namque
759 1489 879 1516 molliter
889 1494 917 1516 et
928 1488 1017 1516 disso-

234 1533 291 1561 lute
308 1534 471 1565 viventibus,
483 1534 516 1561 ad
533 1534 668 1569 ignaviam
685 1539 714 1562 ct
728 1535 884 1562 socordiam
898 1535 1018 1570 gloriosa

234 1580 350 1607 audacia
380 1581 510 1608 accedere
533 1582 612 1608 solet.
643 1581 737 1615 Neque
753 1581 791 1608 illi
804 1584 910 1608 eventis
927 1589 1018 1608 rermn

238 1626 319 1652 fidem
335 1626 447 1658 habent,
465 1627 486 1653 si
506 1626 599 1658 alium,
614 1629 695 1660 q'uam
713 1626 763 1660 ipsi
783 1626 890 1658 volunt,
914 1626 1019 1653 exitqu

238 1678 453 1707 consequantur.
474 1673 556 1708 799
583 1673 708 1700 Justinus
727 1681 791 1709 ergo
816 1673 950 1708 Gregorio
978 1681 1021 1701 re-

239 1718 374 1749 scribcus,
392 1726 422 1745 ea
444 1726 504 1753 qua:
526 1719 547 1745 is
570 1719 764 1750 renuntiasset,
794 1723 923 1754 tanquam
954 1719 1021 1748 falsa

237 1764 352 1790 omnino
380 1769 483 1797 essent,
511 1764 664 1797 rejiciebat.
697 1764 786 1799 Atque
812 1770 842 1792 ut
861 1766 944 1792 etiam
959 1773 1022 1792 vera

239 1816 344 1841 essent,
373 1808 470 1837 Persas
505 1815 595 1837 talnen
620 1810 695 1838 urbis
714 1811 948 1845 expugnationem
967 1819 1022 1838 non

241 1861 428 1890 praeventuros
454 1863 526 1883 esse.
539 1855 610 1889 Quin
630 1856 739 1883 etiamsi
759 1857 955 1891 pra‘vcnirent,
976 1864 1024 1884 eos

242 1907 332 1929 tamen
366 1901 429 1929 inde
458 1901 530 1929 finde
555 1907 637 1937 atque
671 1903 788 1937 turpiter
818 1903 958 1938 repulsum
989 1903 1023 1931 iri

239 1947 360 1974 dicebat.
384 1947 416 1974 Et
449 1947 578 1975 Acacium
596 1948 742 1983 quemdam
758 1949 906 1982 delectum,
934 1950 1023 1977 virum

241 1999 411 2028 protervum,
421 1993 609 2021 confusionem
621 1994 700 2029 plane
711 1994 796 2027 dicas,
810 1995 844 2022 ad
857 1994 1024 2022 Marcianum

241 2038 328 2068 misit,
344 2046 406 2065 cum
421 2038 555 2072 ejusmodi
574 2039 713 2070 mandato.
730 2044 760 2067 ut
779 2040 886 2067 etiamsi
910 2040 1024 2068 Marcia-

241 2092 294 2112 nus
319 2085 414 2112 urbem
443 2086 570 2120 cepisset,
585 2090 612 2113 et
625 2085 723 2120 pedem
741 2086 856 2114 alterunt
874 2086 901 2114 in
916 2094 947 2114 ea
969 2094 1021 2122 po-

241 2132 354 2163 suisset,
370 2131 528 2166 dignitatem
544 2131 639 2158 statim
661 2131 822 2166 deponeret,
839 2140 954 2168 eamque
967 2134 1026 2167 ipse

244 2177 359 2204 Aeacius
391 2183 519 2204 smneret.
552 2177 630 2210 Quod
648 2185 714 2205 sane
727 2178 749 2204 is
764 2177 838 2210 fecit,
853 2179 1026 2213 imperatoris

241 2222 314 2257 jussu
331 2230 384 2249 non
400 2231 431 2249 ex
447 2223 521 2250 illius
538 2223 684 2251 commodo
700 2228 857 2251 exsecutus.
879 2224 1024 2256 Postquam

1057 294 1138 321 τοῦτο
1160 295 1372 329 ἀπονησοῢντες,
1388 297 1495 332 ἄμαχον
1515 298 1730 333 ἀπεργάζονται.
1756 299 1844 332 Adet;

1057 339 1084 365 δὲ
1103 339 1151 365 σὺν
1167 341 1223 371 τοῖς
1241 340 1310 375 ιὶιμιρ⁹
1330 341 1412 368 αὑτὸν
1427 342 1473 368 τὸν
1490 343 1612 378 Τίγρητα
1631 343 1728 375 διαϐὰς
1759 354 1844 371 ποτα-

1060 385 1121 420 μὸν,
1132 386 1194 412 ὅσον
1208 387 1291 421 τάχος
1306 387 1426 414 ἐλαύνων
1448 389 1494 416 ἐπὶ
1507 389 1556 424 τὴν
1570 390 1680 416 Νίσιϐιν
1695 389 1772 426 ἧκεν,
1792 391 1845 417 ὖπὶ

1057 431 1209 467 Μαρκιανῷ
1229 432 1472 468 πολιορκουμένην,
1497 435 1536 467 ὡς
1560 435 1678 470 εἴρηται.
1697 436 1844 464 Ἐλάνθανε

1058 476 1145 504 ταῦτα
1176 478 1333 513 Ῥωμαίους
1365 480 1485 514 Πέρσαις
1514 482 1699 516 πραττόμενα,
1725 482 1763 514 ὡς
1797 484 1846 511 καὶ

1064 523 1219 557 Ἰουστῖνον,
1235 526 1269 560 τῇ
1295 525 1350 552 τῶν
1375 526 1482 552 πολλῶν
1509 527 1692 562 ἀπατώμενον
1709 529 1790 565 φήμῃ
1807 529 1846 561 ὡς

1058 570 1108 605 ἤδη
1140 570 1216 597 Θάνοι
1248 572 1392 605 Rose/mc,
1422 572 1439 608 ἠ
1467 573 1549 607 ἐγγὺς
1577 571 1649 600 εἶναι
1676 574 1845 606 ἀποθανεῖν,

1058 616 1202 651 ἀσχάλλειν
1217 617 1321 652 σφόδρα
1336 618 1408 645 κατὰ
1420 618 1592 654 ΙΙαρκιανοῦ,
1607 618 1646 650 οἷς
1662 620 1791 655 ἐϐράδυνε
1808 621 1847 656 μὴ

1059 663 1279 698 ἐκπολιορκήσας
1295 665 1344 698 τὴν
1359 665 1469 692 Νίσιϐιν
1482 673 1490 681 ο
1514 665 1622 700 πέμψαι
1636 667 1664 692 δέ
1679 675 1755 698 τινας
1771 668 1846 694 ἐκεῖ·

1059 717 1104 735 νον
1117 708 1331 743 διερεθίσοντας,
1353 710 1424 737 ὥστε
1450 711 1498 737 καὶ
1514 711 1564 743 τὰς
1589 711 1646 738 τῶν
1662 712 1754 739 πυλῶν
1771 712 1849 742 κλεῖς

1059 752 1097 785 ὡς
1111 754 1226 788 τάχιστα
1242 755 1368 789 ἀγαγεῖν.
1389 756 1432 786 Ὠς
1446 756 1473 782 δὲ
1488 757 1519 782 οὐ
1535 757 1605 783 κατὰ
1617 757 1717 783 σκοπὴν
1731 758 1765 783 τὰ
1777 757 1850 792 πρά-

1059 806 1153 832 γματα
1179 798 1338 833 προῦϐαινε,
1357 799 1459 835 πολλὴν
1475 800 1503 827 δὲ
1529 801 1576 827 καὶ
1592 801 1726 835 αίσχύνην
1744 797 1848 834 ὦφλεν,

1060 843 1156 879 ὥσπερ
1182 845 1312 880 ἀμήχανα
1337 845 1430 880 ζητῶν
1453 846 1501 872 ἐπὶ
1527 846 1640 882 τοιαύτῃ
1659 848 1705 873 καὶ
1727 847 1850 883 τοσαύτῃ

1063 891 1152 922 πόλει,
1178 892 1225 918 καὶ
1249 892 1338 918 ταῦτα
1365 892 1473 927 στρατῷ
1500 893 1615 927 πάμπαν
1645 893 1850 929 ἐξουθενημένῳ

1065 937 1300 972 παρακαθημένῳ,
1326 937 1488 970 ἀγγέλλεται
1503 937 1538 964 τὰ
1561 938 1736 972 πραττόμενα
1752 937 1852 972 πρῶτα

1065 981 1114 1015 μὲν
1131 982 1274 1017 Γρηγορίῳ
1287 982 1326 1017 τῷ
1341 983 1518 1014 Θεουπόλεως
1536 983 1614 1018 παρὰ
1633 983 1681 1009 τοῦ
1695 982 1850 1009 ἐπισκόπου

1063 1028 1237 1062 Νισιϐηνῶνι
1262 1026 1296 1063 ἦν
1320 1029 1377 1064 γάρ
1400 1029 1426 1054 οι
1442 1029 1521 1063 φίλος
1549 1029 1678 1063 μάλιστα,
1704 1029 1852 1064 Γρηγορίῳ

1067 1074 1196 1108 μεγάλοις
1219 1075 1343 1109 χρήμασι
1362 1075 1500 1106 δεξιωθείς
1513 1082 1519 1089 ·
1535 1075 1624 1106 ἄλλως
1647 1083 1676 1101 τε
1699 1075 1746 1101 καὶ
1767 1075 1853 1101 πάλιν

1066 1120 1119 1146 ὑπὸ
1142 1120 1287 1155 Ῥωμαίοις
1304 1121 1432 1154 γενέσθαι
1449 1121 1611 1151 σπεύδηντος
1625 1121 1674 1156 τὴν
1683 1121 1790 1147 οἰκείαν
1804 1122 1853 1148 πό-

1066 1166 1108 1194 λιν
1119 1174 1127 1181 ’
1141 1163 1182 1198 οἷς
1197 1167 1291 1198 κακῶς
1304 1167 1371 1201 πρὸς
1385 1167 1498 1202 Περσῶν
1508 1167 1622 1201 ἔπασχε.
1635 1168 1684 1202 τὴν
1696 1167 1751 1193 τῶν
1765 1176 1855 1203 πρατ-

1066 1212 1189 1248 τομένων
1204 1214 1236 1246 τῇ
1253 1213 1387 1248 ὑπερορίᾳ
1403 1213 1520 1248 δήλωσιν
1542 1213 1580 1247 τῷ
1595 1213 1739 1248 Γρηγορίῳ
1755 1214 1854 1248 παρεί-

1067 1267 1140 1294 χετο,
1152 1258 1291 1293 ὲγκαίρως
1303 1262 1439 1292 παριστὰς
1461 1259 1566 1285 ἕκαστα
1579 1266 1586 1274 ·
1600 1259 1618 1286 ἃ,
1630 1259 1662 1294 δὴ
1677 1260 1767 1286 πάντα
1786 1260 1857 1286 Ἰου-

1069 1303 1152 1339 στηίνῳ
1163 1304 1268 1339 ἐδήλου,
1281 1305 1391 1339 μηνύων
1403 1305 1451 1331 καὶ
1466 1305 1514 1340 τὴν
1528 1305 1644 1337 ἐξάπινα
1657 1305 1779 1339 Χοσρόου
1792 1305 1857 1339 εφο-

1068 1349 1125 1376 δον.
1142 1349 1172 1376 ’0
1187 1350 1216 1376 δὲ
1230 1351 1263 1385 τῇ
1277 1350 1306 1383 ἐξ
1319 1350 1398 1381 ἔθους
1411 1352 1500 1385 τρυφῇ
1516 1352 1561 1376 καὶ
1584 1351 1735 1386 ἡδυπαθείᾳ
1753 1351 1838 1385 σχολά
1848 1365 1856 1371 -

1070 1395 1134 1427 ζων,
1150 1395 1252 1430 ἣκιστα
1267 1396 1406 1422 πιστεύειν
1425 1397 1517 1430 ᾑρεῖτο
1529 1397 1583 1427 τοῖς
1599 1397 1805 1431 γεγραμμένοις
1816 1397 1857 1431 τῷ

1073 1442 1151 1476 ἱερεῖ,
1177 1443 1266 1469 ἐκεῖνο
1291 1442 1426 1477 οἰόμενος,
1440 1443 1508 1477 ὅπερ
1536 1442 1680 1476 ἠϐούλετο.
1709 1443 1771 1474 Τοῖς
1801 1443 1858 1478 γὰρ

1073 1488 1180 1522 σφόδρα
1204 1488 1444 1524 ὲκόεδιῃτημένοις
1467 1489 1521 1515 τῶν
1540 1489 1693 1524 ἀνθρώπων
1721 1490 1790 1524 πρὸς
1817 1490 1860 1524 τῷ

1072 1535 1181 1568 ἀγεννεῖ
1200 1535 1247 1561 καὶ
1262 1534 1292 1560 τὸ
1308 1535 1406 1569 θράσος
1426 1535 1498 1568 φιλεῖ
1523 1535 1652 1561 ἕπεσθον
1669 1536 1716 1561 καὶ
1738 1535 1789 1566 τὰς
1803 1536 1860 1562 τῶν

1074 1581 1244 1615 πραγμάτων
1260 1580 1389 1611 ικϐάσεις
1419 1580 1534 1615 πάμπαν
1549 1580 1714 1614 διαπιστεῖν,
1726 1581 1752 1606 εί
1766 1589 1799 1615 γε
1813 1582 1863 1607 τύ-

1073 1636 1146 1662 χοιεν
1162 1627 1306 1654 κατέναντι
1319 1627 1373 1653 τῶν
1391 1626 1527 1662 θελήσεων
1543 1627 1688 1662 φέρεσθαι.
1707 1627 1762 1653 Καὶ¹
1784 1628 1862 1654 ἀντι-

1072 1673 1186 1707 γράφων
1210 1673 1355 1709 Γρηγορίῳ
1371 1673 1410 1704 ὡς
1427 1673 1478 1699 οὐκ
1496 1672 1583 1707 ἀληθῆ
1601 1673 1778 1699 παντάπασιν
1804 1671 1863 1698 εἷεν

1072 1719 1106 1746 τὰ
1122 1719 1268 1753 εἰρημένα,
1285 1718 1438 1744 ἀπεωθεῖτο
1450 1726 1457 1734 ·
1475 1719 1499 1744 εἰ
1513 1718 1541 1744 δέ
1557 1726 1588 1751 γε
1613 1718 1660 1744 καὶ
1682 1717 1782 1752 ἀληθῆ,
1800 1718 1862 1744 ἀλλ’

1072 1766 1102 1792 οὐ
1125 1766 1221 1799 φθαῖεν
1251 1765 1354 1800 Πέρσαι
1381 1766 1431 1799 τὴν
1458 1764 1635 1799 πολιορκίαν·
1661 1764 1686 1789 εί
1705 1763 1732 1789 δέ
1760 1771 1791 1796 γε
1810 1765 1863 1791 καὶ

1073 1810 1176 1844 φθαῖεν,
1196 1809 1264 1836 ἀλλὰ
1282 1811 1374 1842 κακῶς
1399 1810 1446 1836 καὶ
1462 1808 1582 1844 αἰσχρῶς
1605 1808 1710 1835 ἐκεῖθεν
1735 1808 1863 1834 titana-

1076 1858 1162 1890 γεῖεν.
1194 1856 1249 1883 Καὶ
1267 1856 1300 1891 δή
1323 1865 1385 1882 τινα
1415 1855 1594 1890 ἐκλεξάμενος
1615 1855 1742 1882 ’Δκάκιον
1763 1855 1865 1889 δνομα,

1075 1902 1160 1938 ἄνδρα
1175 1903 1308 1938 ὑϐριστὴν
1334 1902 1383 1929 καὶ
1408 1903 1538 1937 ἄντικρυς
1563 1901 1706 1936 σύγχυσιν,
1719 1901 1768 1927 καὶ
1785 1904 1866 1936 παρὰ

1075 1949 1234 1984 Μαρκιανὸν
1259 1948 1383 1983 πέμψας,
1399 1948 1573 1974 ἐνεκελεύετο
1600 1947 1638 1979 ὡς
1653 1947 1701 1974 καὶ
1718 1946 1798 1982 εῖπερ
1817 1948 1867 1974 καὶ

1075 1996 1106 2023 τὸ
1119 1996 1186 2023 ἄστυ
1213 1993 1281 2027 εἷλε,
1296 1995 1345 2021 καὶ
1362 1995 1477 2029 Θάτερον
1492 1995 1550 2021 τοῖν
1566 1993 1661 2020 ποδοῖν
1685 1993 1785 2028 ὲκιίνῳ
1803 1994 1867 2020 ‘evé—

1076 2041 1185 2073 ϐαλλεν,
1202 2040 1302 2067 αὐτίκα
1317 2048 1348 2066 τε
1364 2039 1414 2075 τῆς
1426 2040 1514 2075 ἀρχῆς
1531 2039 1612 2067 αὑτὸν
1628 2038 1801 2074 παραλῦσαι,
1817 2039 1870 2065 καὶ

1075 2086 1177 2120 ταύτην
1191 2085 1266 2120 αὑτῷ
1292 2085 1458 2120 περιθεῖναι.
1477 2085 1510 2111 'U
1530 2084 1564 2120 δὴ
1582 2084 1630 2111 καὶ
1645 2085 1799 2119 πέπρακεν,
1814 2085 1869 2111 οὐκ

1077 2131 1124 2158 ἐπὶ
1139 2132 1168 2158 τὸ
1184 2132 1306 2158 συνοῖσον
1331 2131 1364 2158 τὰ
1387 2131 1426 2166 τῷ
1444 2130 1551 2166 βασιλεῖ
1569 2130 1771 2164 κεκελευσμένα
1788 2130 1869 2156 τελέ-

1078 2186 1138 2209 σας.
1157 2178 1233 2204 Ἐπεὶ
1257 2177 1312 2213 γὰρ
1328 2175 1391 2213 ἧκε,
1418 2177 1581 2212 Μαρκιανδν
1606 2176 1689 2208 εὐθὺς
1716 2177 1868 2211 ὑπερόριον

1080 2224 1257 2258 ἐποιεῖτο,μὴ
1279 2223 1360 2258 τιτῷ
1385 2223 1493 2257 στρατῴ
1517 2222 1686 2255 διαγγείλας.
1702 2221 1734 2248 Οἰ
1760 2221 1791 2247 δὲ
1819 2221 1870 2247 τοῦ

242 2269 317 2295 enim
345 2277 379 2296 co
399 2269 484 2301 venit,
511 2269 675 2297 Marcianum
692 2269 765 2297 illico
783 2269 810 2297 in
827 2270 920 2297 hostili
950 2275 1018 2299 terra

1078 2268 1193 2303 στρατοῦ
1204 2267 1239 2295 τὰ
1250 2268 1347 2303 πρῶτα
1357 2268 1516 2302 φερόμενοι,
1528 2267 1589 2293 ἐπεὶ
1601 2266 1713 2301 μάθοιεν
1725 2266 1770 2292 τὸν
1785 2274 1872 2301 στρα-

243 2314 378 2348 dignitate
391 2315 521 2349 privavit,
537 2322 566 2342 re
583 2323 614 2342 ea
632 2315 766 2343 militibus
783 2322 838 2342 nou
854 2316 1024 2344 renuntiata.

243 2361 372 2388 Sedenim
395 2361 441 2396 qui
468 2360 497 2388 in
522 2361 645 2388 exercitu
670 2362 781 2388 ordines
802 2361 951 2395 ducebant,
980 2363 1026 2390 ubi

243 2407 343 2433 ducem
380 2406 568 2441 magistratum
598 2406 758 2442 deposuisse
772 2412 971 2443 cognoverunt,
985 2408 1027 2435 ul-

244 2453 331 2479 terius
353 2460 527 2487 perseverare
545 2452 571 2480 iu
586 2452 684 2480 castris
712 2460 882 2488 nequaquam
901 2454 1028 2481 voluere:

245 2499 294 2526 sed
312 2499 442 2534 paulatim
453 2499 515 2526 hinc
527 2503 556 2526 et
572 2498 635 2526 inde
649 2498 774 2534 palantes
790 2498 935 2532 diﬂ‘ugere,
955 2500 1023 2526 ridi-

243 2544 309 2570 cula
322 2544 369 2571 illa
382 2543 526 2570 obsidione
543 2543 641 2571 soluta.
671 2544 706 2570 At
721 2543 923 2571 Vadaarmanes
940 2545 1031 2579 copias

247 2597 342 2618 secum
359 2595 472 2618 martem
484 2590 632 2625 spirantes,
647 2597 701 2616 non
715 2590 803 2617 solum
818 2598 850 2617 ex
867 2590 968 2623 Persis,
981 2591 1030 2618 sed

248 2637 331 2664 etiam
348 2637 471 2664 barbaris
485 2637 532 2671 qui
549 2636 666 2664 Scenitas
683 2635 822 2668 dicuntur,
839 2636 958 2663 delectas
981 2636 1032 2663 du-

247 2690 325 2715 cens,
342 2681 462 2710 Circesio
480 2682 628 2716 prmterito,
644 2689 725 2716 quam
737 2681 884 2716 plurimum
898 2681 1034 2708 Romano-

250 2737 311 2756 rum
337 2729 419 2756 rebus
445 2729 535 2755 intulit
550 2728 718 2756 detrimenti.
748 2728 831 2755 Ferro
857 2735 975 2762 namque
1001 2733 1030 2755 et

250 2776 314 2810 igne
353 2776 482 2810 pleraque
505 2776 563 2802 loca
597 2779 715 2806 vastans,
743 2782 831 2809 neque
860 2774 1031 2802 moderatum

250 2821 412 2856 quidquam,
444 2825 556 2855 propter
581 2819 755 2847 defensorum
789 2819 976 2852 solitudinem,
993 2820 1034 2846 rel

253 2866 378 2901 cogitans
394 2867 435 2894 vel
452 2866 566 2899 faciens,
593 2874 648 2893 non
669 2873 754 2900 pauca
773 2865 886 2893 castella
900 2866 983 2900 cepit.
1003 2865 1037 2893 Et

258 2913 331 2948 quod
348 2913 383 2941 ibi
397 2919 477 2940 nemo
487 2920 547 2940 cum
564 2911 678 2947 imperio
693 2916 776 2944 esset,
790 2916 846 2939 tum
860 2916 950 2939 autem
963 2913 1034 2947 quod

1077 2314 1163 2348 τηγὺν
1176 2313 1227 2348 τῆς
1241 2314 1330 2349 ἀρχῆς
1347 2313 1536 2348 πεπαυμένον,
1552 2314 1646 2347 πρόσω
1663 2312 1712 2347 μὲν
1731 2313 1802 2338 ίέναι
1823 2312 1874 2338 οὐ-

1078 2359 1172 2394 δαμῶς
1188 2359 1302 2394 ἧθελον·
1327 2359 1473 2392 κατολίγον
1497 2358 1525 2384 δὲ
1554 2357 1689 2393 σποράδες
1715 2357 1874 2390 φεύγοντες

1078 2405 1248 2441 ἀνεχώρουν,
1262 2405 1313 2439 τὴν
1326 2405 1529 2439 καταγέλαστον
1546 2403 1706 2438 πολιορκίαν
1723 2403 1876 2434 λύσαντες.

1079 2451 1301 2486 οὑαδααρμάνης
1311 2451 1339 2477 δὲ
1353 2451 1422 2486 ἄρην
1435 2451 1549 2477 πνέοντα
1562 2451 1676 2486 στρατὸν
1687 2450 1876 2484 ἑπαγόμενος,

1080 2496 1112 2521 οὖ
1131 2496 1245 2530 Περσῶν
1260 2496 1353 2530 μόνον,
1372 2496 1441 2523 ἀλλὰ.
1456 2497 1505 2522 καὶ
1525 2496 1671 2531 βαρϐάρων
1690 2495 1714 2521 οἳ
1731 2495 1878 2530 Σκηνῆται

1082 2542 1239 2574 καλοῦνται,
1253 2543 1283 2569 τὸ
1302 2543 1455 2578 Κιρκήσιον
1481 2542 1661 2578 παραμείϐων
1676 2541 1714 2573 ὡς
1731 2542 1879 2573 πλεῖστον,

1082 2589 1139 2620 τοῖς
1157 2588 1304 2623 Ῥωμαίων
1321 2588 1503 2624 διελυμήνατο
1519 2589 1677 2623 πράγμασι.
1695 2588 1751 2615 Καὶ
1766 2587 1798 2613 τδ
1823 2588 1880 2621 μὲν

1083 2634 1179 2667 καίων,
1192 2634 1224 2660 τὸ
1238 2634 1267 2661 δὲ
1284 2635 1332 2662 καὶ
1347 2638 1467 2667 κτιννὺς,
1488 2635 1536 2662 καὶ
1563 2635 1646 2670 μηδὲν
1674 2634 1786 2669 μέτριον
1813 2633 1881 2659 δια-

1084 2680 1230 2715 νοούμενος
1246 2681 1262 2715 ἢ
1283 2681 1413 2716 πράττων
1431 2681 1503 2708 κατὰ
1532 2681 1635 2716 πολλὴν
1651 2681 1701 2716 ἠδη
1719 2679 1766 2706 τοῦ
1784 2679 1882 2705 κωλὺ-

1085 2735 1178 2758 σοντος
1195 2727 1326 2762 ἐρημίαν,
1342 2727 1393 2753 οὐχ
1408 2727 1538 2762 ἐλάχιστα
1554 2726 1673 2762 φρούρια
1688 2723 1744 2752 εἷλε
1757 2734 1764 2740 ·
1783 2726 1832 2751 καὶ
1849 2726 1882 2751 τὸ

1087 2773 1138 2808 μὲν
1152 2773 1193 2800 ὅτι
1209 2773 1297 2804 οὐδεὶς
1320 2771 1406 2809 ἦρχεν
1417 2781 1425 2789 ·
1441 2773 1540 2801 ἔπειτα
1557 2773 1603 2800 καὶ
1627 2773 1682 2799 τῶν
1709 2772 1884 2806 ὀφειλόντων

1089 2819 1226 2854 μάχεσθαι
1243 2818 1314 2845 κατὰ
1329 2818 1359 2845 τὸ
1382 2819 1473 2854 Δάρας
1497 2820 1630 2854 φρούριον
1651 2819 1885 2853 ἀποκεκλεισμέ-

1087 2873 1150 2897 νων,
1167 2864 1210 2892 ἐπ’
1223 2865 1315 2897 ἁδείας
1331 2867 1419 2892 ποιεῖν
1432 2866 1446 2892 ὃ
1469 2865 1595 2900 βούλεται
1609 2865 1767 2900 προῦκειτο,
1786 2865 1885 2892 Ἐκεῖ-

1089 2912 1133 2938 οεν
1149 2911 1171 2938 δ’
1187 2912 1308 2946 ἀπάρας,
1335 2914 1368 2946 τῇ
1395 2913 1543 2940 Θεουπόλει
1572 2912 1735 2946 προσέϐαλε,
1762 2912 1886 2945 πέμψας
