1915 3094
61 88 110 120 321

508 91 813 123 ΕΟΕιΕΞΙΛδΤΙΩίἘ
833 92 1025 123 [lISTORI/E
1045 92 1118 123 LIB.
1141 93 1233 125 XVII.

1647 96 1700 127 32?.

61 144 207 175 meinati;
228 145 282 173 τῶν
308 145 378 181 ἀμφ’
395 145 489 180 αὑτὸν,
512 148 544 175 οὐ
563 149 792 184 παραγενόμενος
806 157 813 165 ·
830 148 855 176 οἳ

910 148 1027 176 Romani
1047 154 1268 184 propugnatores
1291 149 1318 176 in
1347 149 1462 176 castello
1477 149 1562 177 Duras
1579 157 1594 176 ο
1611 149 1698 178 Cl'os-

62 190 109 217 iul.
124 191 195 226 παρ’
217 191 317 219 ἐλπίδα
342 193 433 221 πᾶσαν
461 194 643 228 ἀπώσθησαν,
659 196 766 227 οὐδενος
782 195 856 223 nam:

60 236 322 271 ἐναπολειφθέντος,
337 238 407 273 πλὴν
421 238 521 273 ὀλίγων
536 240 619 267 τινῶν
633 241 734 276 κομιδῇ
754 241 801 268 καὶ
813 241 858 268 εὐ-

60 282 200 318 αρίθμων.
224 283 346 319 ’Δπέδρα
369 285 397 312 δὲ
423 286 499 312 καὶὸ
525 287 628 322 ίερεὺς,
656 288 691 314 τὰ
721 288 856 322 προσόντα

63 329 124 364 ιερὰ
138 328 340 365 ὑπεξαγαγὼν,
366 331 465 367 ὅτιπερ
489 333 537 359 καὶ
554 332 584 359 τὸ
597 332 725 360 πλεῖστον
740 333 787 360 τοῦ
802 333 857 360 τεί-

61 384 124 410 χους
139 375 292 412 διερρωγὸς
309 374 354 412 ἧν.
364 377 550 405 ’Υπανίστατο
559 378 587 405 δὲ
602 380 650 406 καὶ
663 381 677 406 ὁ
690 380 776 415 δῆμος
789 389 858 406 νεω-

61 421 182 456 τερίζειν
207 423 372 458 ἐπιχειρῶν.
398 423 493 459 ὥσπερ
520 425 613 452 εἰώθει
640 426 698 457 τοῖς
724 426 857 458 τοιούτοις

61 469 167 503 καιροῖς
194 468 354 503 γίγνεσθαι.
372 470 444 505 Πρὸς
469 471 526 503 τοῖς
551 470 645 503 ἀλλοις
661 471 689 498 δὲ
706 472 754 499 καὶ
779 473 857 499 αὐτοὶ

61 515 150 548 φυγὴν
169 515 387 550 μελετήσαντες,
405 517 514 552 ἐρήμην
530 518 582 553 τὴν
599 518 678 546 πόλιν
701 519 857 546 καταλελοί-

61 569 157 594 πασιν,
170 562 282 594 οὐδενὸς
310 561 380 594 ὅλως
409 564 571 598 ἀντιστῆναι
586 565 602 599 ἢ
620 565 856 602 ἐπιτεχνήσασθαι

60 615 85 633 τι
98 608 346 643 ἐπιχειρήσαντος.
365 609 410 640 Ὠς
427 609 451 636 δ’
467 609 514 636 οὖν
542 610 765 647 Οὑαδααρμᾶνης
788 613 856 639 ἁπε-

61 654 183 690 κροῦσθη
200 655 302 690 πεῖραν
330 655 529 691 προσαγαγὼν,
544 659 601 692 πῦρ
617 657 747 692 ἐμϐαλὼν
758 660 791 693 τῇ
805 659 857 686 πά-

59 700 102 732 λαι
118 701 171 736 μὲν
190 700 357 737 Ἡρακλείᾳ,
370 701 484 735 ὕστερον
495 702 524 729 δὲ
535 702 622 738 ὄνομα
651 704 754 739 σχούσῃ
766 705 856 739 Γαγα-

60 747 135 783 λικῇ,
153 747 306 783 Σελευκείᾳ
323 748 521 784 προσέρχεται,
534 749 567 785 ἢν
583 749 714 786 Νικάνωρ
728 751 742 777 ὁ
760 751 856 778 Σέλευ-

60 801 105 825 κος
134 795 340 829 συνεστήσατο,
366 794 514 830 εὐδαίμονα
549 795 600 830 μὲν
623 797 658 824 τὰ
683 797 781 833 πρῶτα
809 797 856 825 καὶ

909 202 958 223 rce
978 195 1064 223 clausi
1081 195 1183 229 forent,
1210 195 1366 224 faciendum
1382 196 1434 223 sibi
1450 196 1538 224 libere
1553 197 1626 232 quod
1643 197 1698 224 vcl-

908 240 947 268 let
973 242 1082 269 statuit.
1107 242 1211 270 Castris
1237 247 1330 270 autem
1357 242 1421 270 inde
1440 243 1534 275 motis,
1559 243 1694 279 Theopoli

908 287 1030 314 animum
1057 288 1174 322 adjecit:
1206 293 1234 316 et
1261 293 1366 323 partem
1381 290 1524 324 Copiarum
1539 290 1694 323 maximam,

909 331 967 366 ipse
984 339 1038 359 non
1053 333 1204 368 profectus,
1219 341 1254 361 eo
1268 334 1351 366 misit,
1366 343 1427 370 quae
1441 343 1490 370 spe
1504 343 1552 363 sua
1568 335 1654 369 falsm,
1668 341 1697 363 ιιι

908 379 942 405 ab
969 378 1038 406 urbe
1067 387 1100 406 ea
1113 385 1179 407 sunt
1205 380 1327 416 rejectte,
1349 386 1495 416 propterea
1521 381 1595 416 quod
1627 382 1697 409 nulli

910 424 936 451 in
967 432 1011 455 ea,
1033 430 1080 452 aut
1111 433 1177 454 sane
1193 434 1275 461 quam
1301 427 1380 461 pauci
1409 427 1485 455 cives
1518 428 1695 456 mansissent.

908 470 1070 506 Profugerat
1097 479 1162 500 vero
1183 473 1265 500 etiam
1283 473 1431 508 episcopus
1458 474 1528 509 ipse,
1561 478 1590 502 et
1615 482 1694 502 sacra

907 524 1000 544 secum
1031 525 1094 545 vasa
1111 522 1140 545 et
1167 518 1280 546 donaria
1298 520 1445 547 extulerat.
1463 520 1531 547 Nam
1556 524 1584 547 et
1599 528 1695 555 magna

907 563 978 589 muri
993 570 1055 598 pars
1066 569 1233 592 corruerat:
1251 569 1280 592 et
1291 565 1368 600 plebs
1387 574 1519 593 novarum
1535 574 1624 593 rerum
1639 572 1697 594 stu-

907 609 964 642 dio,
978 610 1058 637 sicuti
1072 610 1240 646 ejuseemodi
1256 612 1428 646 temporibus
1461 612 1590 640 accidere
1607 613 1689 647 solet.

912 657 1061 684 tutnultttm
1075 663 1253 686 moverat:et
1268 659 1375 686 tandem
1383 659 1520 687 desertam
1537 660 1696 695 relinquens

908 701 1018 734 urbem,
1040 703 1104 731 inde
1117 709 1286 736 excesserat,
1310 705 1423 732 nemine
1438 713 1553 740 prorsus
1568 706 1697 734 hostibus

907 748 1037 777 resistere
1063 754 1111 776 aut
1135 750 1243 778 obviam
1270 751 1311 778 ire
1338 756 1466 779 conante.
1493 751 1696 781 Vadaarmanes

907 798 1050 830 postquam
1065 801 1130 823 voto
1144 804 1195 824 suo
1210 801 1236 824 et
1249 797 1397 832 Theopolis
1411 798 1566 833 direptione
1580 799 1695 832 excidit,

61 839 282 875 πολυάνθρωπον
296 838 393 874 οὖσαν,
405 841 495 877 χρόνῳ
510 842 539 869 δὲ
554 842 744 879 διαῤῥυεῐσαν,
759 845 806 870 καὶ
826 845 854 876 ἐς
869 832 876 861 Ῑ

909 839 998 874 ignem
1010 840 1075 867 olim
1096 841 1206 876 quidem
1221 841 1372 874 Heraclea),
1386 832 1582 878 soorposlea
1602 849 1695 872 autem

60 885 148 919 ὀλίγον
175 888 423 922 συσπειραοεῖσαν.
448 888 504 915 Καὶ
527 889 589 915 ἐπεὶ
605 889 854 918 ἀντικαθίστασθαι

60 931 106 965 οὐχ
123 931 170 957 οἶα
187 940 218 958 τε
235 929 281 966 ἦν,
297 932 435 967 συμεάσει
458 932 514 961 τινὶ
534 933 637 969 ταύτης
653 934 729 961 ἔνδον
745 936 854 967 ἐγένετο

61 977 135 1012 παρὰ
159 978 195 1004 τὰ
214 978 385 1012 συγκείμενα
411 980 659 1015 διαπεπραγμένος
673 990 681 997 ⁸
699 983 748 1009 καὶ
763 983 853 1010 πᾶσαν

60 1024 143 1060 ἄρδην
160 1024 212 1060 τὴν
231 1025 312 1052 πόλιν
329 1025 627 1062 ἐξανδραποδισάμενος
643 1027 740 1064 ᾤχετο,
755 1029 804 1056 καὶ
821 1030 855 1057 τὰ

60 1070 140 1104 πέριξ
155 1071 241 1104 αὐτῆς
263 1071 428 1106 ληϊσάμενος
443 1081 449 1088 '
469 1073 499 1099 ἑν
515 1071 556 1104 οἷς
583 1074 631 1099 καὶ
646 1074 691 1100 τὸν
713 1075 788 1110 ίερέα
804 1075 854 1110 τῆς

60 1113 176 1145 πόλεως,
195 1115 244 1141 καὶ
264 1116 310 1141 τὸν
329 1116 375 1142 ἐπὶ
391 1117 424 1151 τῇ
448 1117 520 1152 ἀρχῇ
545 1117 705 1145 καθεστῶτα
731 1118 854 1155 ζωγρίας

61 1161 127 1187 ἐλὼν
143 1162 271 1195 κατεῖλε.
285 1161 421 1189 Πάνδεινα
435 1162 462 1189 δὲ
479 1164 525 1190 καὶ
539 1165 573 1199 τῇ
590 1165 751 1202 ἀποστροφῇ
767 1167 855 1202 διειρ-

60 1206 173 1239 γάσατο,
198 1206 306 1239 οὐδενὸς
333 1208 574 1243 ἀντιπράττοντος,
594 1210 665 1246 πλὴν
688 1211 787 1246 ὀλίγων
810 1221 855 1239 κο-

61 1253 121 1288 μιδῇ
137 1253 323 1288 στρατιωτῶν
342 1255 408 1289 πρὸς
420 1253 467 1281 τοῦ
482 1254 618 1290 βασιλέως
633 1257 795 1290 σταλέντων,
806 1257 854 1291 οὓς

60 1298 169 1332 Μᾶγνος
184 1297 250 1334 ἦγε,
266 1301 402 1335 πρότερον
415 1300 466 1335 μὲν
479 1302 604 1336 ἀργυρᾶς
617 1303 758 1338 τραπέζης
774 1312 856 1339 προε-

59 1343 168 1379 στηκὼς
183 1345 258 1371 κατὰ
273 1344 324 1381 τὴν
337 1344 384 1372 τοῦ
402 1345 534 1382 βασιλέως
551 1346 640 1380 πάλιν,
652 1348 682 1380 ἐς
697 1347 811 1385 ὕστερον
826 1350 854 1377 δὲ

57 1390 102 1415 καὶ
124 1390 194 1425 μιᾶς
209 1391 267 1417 τῶν
284 1390 433 1426 βασιλικῶν
450 1392 545 1419 οἰκιῶν
569 1393 621 1429 τὴν
639 1394 793 1430 ἐπιτροπὴν
815 1396 856 1422 εί-

56 1434 151 1469 inﬁda;
162 1443 171 1450 ·
187 1434 214 1461 οῐ
228 1436 420 1472 προτροπάδην
434 1436 561 1472 ἔφευγον,
573 1438 675 1474 μικροῦ
689 1439 854 1474 δορυά).ωτοι

56 1481 215 1515 γεγονότες.
233 1482 288 1508 Καὶ
306 1482 392 1510 ταῦτα
419 1482 641 1520 διαπραξάμενος
666 1485 853 1522 υὺαδααρμά·

56 1536 113 1561 γης,
124 1528 173 1555 τὸν
186 1528 314 1564 Χοσρόην
326 1529 488 1565 κατειλήφει
499 1531 586 1566 μήπω
594 1532 643 1567 τὴν
653 1533 731 1560 πόλιν
741 1533 836 1561 ἑλόντα
845 1543 853 1552 ο

55 1573 126 1609 ῥοπή
143 1573 169 1601 δ’
181 1574 284 1609 ἐκείνῳ
302 1575 409 1611 μεγάλη
427 1576 538 1610 ἐγένετο
554 1577 687 1613 προσιών.
704 1578 741 1605 Τό
757 1588 787 1606 τε
800 1580 855 1616 γὰρ

55 1619 159 1646 οἰκεῖον
186 1619 262 1646 ἅπαν
288 1619 473 1656 ἀνεθάρρησε,
489 1621 519 1648 τό
544 1631 573 1649 τε
601 1623 753 1651 ἀντίπαλον
771 1633 854 1652 κατε-

55 1664 159 1699 πλάγη.
175 1664 234 1690 Καὶ
243 1665 293 1699 τὴν
306 1666 358 1700 μὲν
374 1665 453 1693 πόλιν
465 1667 704 1704 ἁποτειχισθεῖσαν
717 1670 853 1706 εὑρίσκει,

56 1711 103 1737 καὶ
117 1710 189 1746 χοῦν
207 1711 329 1746 ἄγχιστα
344 1711 448 1749 ταύτης
466 1713 648 1749 ἠθροισμένον
669 1716 753 1743 πολύν
765 1724 773 1732 ·
787 1717 816 1743 αἱ
832 1717 855 1743 δ’

55 1755 199 1787 ἑλεπόλεις
218 1755 399 1789 καθίσταντο,
415 1758 463 1785 καὶ
491 1759 611 1793 μάλιστα
626 1761 807 1794 καταπέλται,
822 1762 854 1795 ἃς

57 1803 185 1838 μηχανὰς
199 1802 362 1836 λιθοϐόλους
379 1803 419 1839 τῷ
446 1805 546 1840 πλήθει
563 1807 656 1834 καλεῖν
673 1808 788 1844 σύνηθες
799 1817 806 1824 ·
820 1810 855 1836 δι’

55 1846 90 1876 ὧν
105 1851 155 1876 καὶ
175 1851 193 1885 ή
215 1849 296 1882 πόλις
313 1850 374 1886 ὥρᾳ.
402 1852 537 1886 χειμῶνος
561 1853 669 1889 Χοσρόῃ
695 1855 778 1887 ἑάλω,
798 1856 855 1882 Ἰω-

57 1894 134 1920 άννου
151 1893 203 1920 τοῦ
223 1894 323 1925 παιδὸς
343 1894 533 1930 Τιμοστράτου
551 1897 636 1931 αὐτῆς
650 1897 793 1933 ἄρχοντος,
810 1899 855 1925 οὺ-

56 1940 149 1975 δαμῶς
178 1941 209 1967 ἐν
238 1940 364 1975 φροντίδι
393 1941 443 1976 τὴν
470 1941 632 1978 πολιορκίαν
653 1944 852 1979 ποιησαμένου,

59 1987 161 2021 μᾶλλον
177 1987 208 2013 δὲ
228 1988 276 2014 καὶ
286 1987 518 2023 καταπροδόντος.
542 1988 597 2015 Καὶ
612 1988 692 2017 τοῦτο
707 1990 763 2024 γὰρ
777 1999 852 2026 τηνι-

56 2033 140 2060 καῦτα
157 2032 405 2068 διατεθρύλληται.
419 2034 548 2069 Πέμπτον
560 2035 589 2061 δὲ
607 2035 681 2070 μῆνα
692 2038 739 2063 καὶ
754 2037 854 2072 μικρόν

55 2087 78 2105 τι
96 2080 170 2114 πρὸς
185 2079 399 2114 προσεδρεύσας
417 2079 456 2114 τῷ
471 2080 559 2113 ἀστει,
575 2077 632 2107 εἷλε
648 2082 763 2117 μηδενὸς
783 2083 855 2118 ἀμύ-

56 2133 156 2154 νοντος.
175 2124 236 2151 Καὶ
250 2124 345 2151 τοίνυν
361 2124 466 2157 πάντας
483 2125 637 2161 ἐξαγαγὼν,
650 2127 752 2162 πλῆθος
767 2129 853 2155 ἀστά-

904 885 1040 920 ϐιιεοιίοιε
1050 887 1131 914 dicta:
1151 887 1212 915 urbi
1233 889 1337 924 injecit,
1369 894 1397 916 et
1414 890 1447 917 ad
1465 890 1616 918 Seleuciam
1644 892 1695 926 (ί),

905 938 988 966 quam
1005 932 1125 960 Nicanor
1140 933 1275 962 Seleucus
1288 935 1423 968 condidit,
1449 937 1614 972 locupletem
1629 938 1692 973 qui-

905 977 968 1004 dem
999 978 1072 1005 illam
1104 981 1222 1014 primum
1250 984 1279 1008 et
1295 981 1467 1016 populosam,
1501 988 1595 1018 postea
1626 992 1693 1012 vero

906 1025 1030 1057 tempore
1053 1024 1214 1060 collapsam,
1245 1031 1274 1053 ct
1297 1027 1332 1055 ad
1354 1027 1522 1062 paucitatem
1539 1029 1693 1064 redactam,

905 1075 1067 1103 progressus
1078 1075 1130 1098 est.
1146 1070 1209 1099 llaec
1220 1079 1283 1099 cum
1313 1074 1443 1102 resistere
1466 1075 1504 1103 illi
1521 1083 1575 1103 non
1591 1082 1695 1111 posset,

906 1120 984 1148 pacto
993 1117 1109 1150 quodam
1122 1117 1335 1153 interveniente,
1361 1121 1389 1148 in
1410 1130 1471 1150 eam
1485 1129 1529 1150 est
1545 1129 1688 1159 receptus.

906 1159 959 1188 Ubi
985 1168 1052 1189 sane
1081 1169 1180 1197 praeter
1197 1171 1332 1193 conventa
1360 1168 1447 1195 multa
1466 1169 1532 1204 egit.
1542 1176 1570 1197 et
1583 1171 1694 1199 civitate

907 1207 1026 1242 direpta,
1039 1209 1138 1237 vicinis
1153 1218 1263 1246 quoque
1278 1212 1347 1241 locis
1369 1214 1548 1244 circumcirca
1560 1216 1694 1249 dispolia-

907 1253 952 1284 tis,
972 1254 1036 1282 inde
1053 1256 1130 1283 abiit.
1147 1257 1176 1284 In
1193 1259 1282 1292 praeda
1301 1260 1408 1296 reliqua
1431 1267 1460 1290 et
1472 1263 1635 1299 episcopum
1664 1271 1695 1294 et

906 1300 1094 1334 magistratum
1113 1303 1190 1331 urbis
1209 1311 1348 1333 summum
1375 1308 1459 1343 cepit.
1474 1309 1531 1337 Nec
1547 1312 1694 1345 pauciores

907 1345 935 1372 in
949 1347 1038 1374 reditu
1070 1348 1115 1376 ille
1139 1349 1231 1378 clades
1248 1351 1379 1381 Romana:
1398 1354 1496 1382 dltioui
1520 1356 1622 1390 intulit,
1644 1366 1694 1387 ne-

907 1394 981 1421 mine
997 1394 1124 1424 videlicet
1160 1398 1334 1436 prohibente,
1359 1405 1461 1435 printer
1471 1410 1573 1437 paucos
1602 1405 1697 1433 admo-

907 1438 972 1465 dum
1007 1441 1120 1475 mililes,
1141 1444 1186 1478 qui
1217 1445 1252 1472 ab
1281 1447 1446 1480 imperatore
1471 1440 1551 1477 missi
1576 1450 1694 1479 fuerant.

907 1484 1011 1513 [lorum
1036 1487 1135 1515 ductor
1151 1490 1266 1525 Magnus
1287 1497 1357 1524 erat,
1375 1494 1422 1528 qui
1438 1499 1517 1522 antea
1530 1499 1695 1532 argentariae

907 1538 1011 1560 mensa:
1031 1532 1059 1560 in
1072 1533 1140 1561 urbe
1152 1535 1305 1570 imperante
1318 1538 1473 1573 praefuerat,
1492 1545 1587 1575 postea
1601 1548 1693 1571 autent

908 1578 989 1606 unius
1017 1587 1052 1607 ex
1067 1581 1257 1616 imperialibus
1281 1584 1388 1612 sedibus
1405 1593 1499 1613 curam
1517 1594 1692 1623 susceperat.

906 1623 925 1651 li
938 1633 1000 1653 cum
1018 1631 1093 1662 terga
1103 1633 1242 1657 vertentes
1257 1629 1394 1666 fugerent,
1415 1640 1512 1667 parum
1526 1634 1613 1662 abfuit
1627 1637 1693 1672 quiti

906 1671 940 1697 ab
969 1671 1094 1700 hostibus
1109 1674 1164 1701 sint
1196 1676 1318 1711 excepti.
1349 1677 1429 1706 llisce
1446 1679 1530 1708 rebus
1546 1682 1692 1716 confectis,

907 1714 1110 1745 Vadaarmancs
1136 1719 1289 1748 Cbosroem
1319 1723 1442 1750 nondum
1484 1725 1581 1753 urbem
1609 1714 1692 1762 quam

905 1763 1048 1791 obsidebat
1073 1764 1179 1798 cepisse
1212 1767 1327 1801 reperit.
1343 1768 1471 1803 Magnum
1500 1776 1592 1799 autem
1609 1773 1692 1801 adve~

905 1809 984 1837 niens
1006 1810 1046 1837 illi
1072 1812 1164 1839 attulit
1182 1817 1361 1844 momentum.
1389 1816 1461 1850 quod
1479 1824 1542 1844 cum
1557 1819 1616 1847 suis
1633 1821 1693 1848 ani-

905 1862 980 1881 ntum
1002 1855 1120 1888 addidit,
1134 1861 1191 1884 tum
1205 1857 1298 1886 hostes
1322 1860 1470 1894 plurimum
1487 1865 1631 1894 exterruit.
1648 1866 1692 1893 ln-

905 1901 982 1929 venit
993 1902 1087 1929 urbem
1104 1911 1184 1930 muro
1199 1905 1341 1937 nudatam,
1358 1910 1386 1933 et
1411 1915 1535 1942 aggerem
1549 1910 1688 1944 ingentem

905 1955 990 1981 prope
1009 1948 1083 1975 illam
1097 1948 1211 1977 factum.
1234 1950 1377 1985 llelepolcs
1405 1957 1553 1982 exstructa
1570 1956 1689 1989 stabant,

904 1998 933 2021 et
948 1994 1108 2029 catapultae,
1127 2003 1196 2030 quas
1212 1997 1311 2032 vulgus
1325 1998 1470 2027 machinas
1483 2008 1530 2027 seu
1543 2006 1692 2037 tormenta,

904 2047 969 2067 saxa
998 2049 1032 2068 ex
1055 2041 1129 2069 edito
1157 2042 1220 2070 loco
1242 2043 1384 2078 jacientia,
1414 2053 1510 2073 vocare
1536 2050 1690 2084 consuevit,

904 2088 1005 2122 quibus
1030 2090 1126 2116 utbem
1151 2090 1250 2118 hiemis
1266 2095 1390 2126 tempore
1416 2092 1552 2122 Chosroes
1570 2095 1597 2122 iu
1613 2101 1694 2131 pote-

905 2138 1004 2161 statem
1020 2141 1096 2161 suam
1112 2134 1226 2170 redegit.
1246 2135 1295 2163 Cui
1312 2136 1432 2165 Joannes
1444 2138 1602 2168 Timostrati
1620 2142 1693 2171 ﬁlius

56 2170 172 2206 θμητον,
186 2170 239 2198 καὶ
265 2171 332 2202 τοὺς
350 2170 400 2206 μὲν
419 2171 557 2207 μαχαίρας
581 2172 663 2207 ἔργον
684 2175 853 2209 πεποιηκὼς,
871 2177 876 2205 1

909 2177 1028 2212 prafuit.
1044 2178 1094 2206 llic
1111 2180 1172 2215 ejus
1184 2180 1357 2209 obsidionem
1376 2191 1431 2210 non
1447 2185 1595 2213 admodum
1614 2195 1695 2214 cura-

54 2218 111 2247 τοὺς
134 2217 166 2243 δὲ
186 2216 315 2251 ζωγριας
343 2216 477 2251 φυλάξας,
492 2217 543 2253 τὴν
561 2217 611 2252 μὲν
630 2218 708 2244 πόλιν
728 2216 771 2245 οἷα
792 2220 855 2246 ὲπί-

55 2264 147 2299 καιρόν
166 2272 201 2298 γε
220 2262 319 2296 οὖσαν,
341 2263 466 2298 φρουρὰν
482 2263 612 2299 ἐμϐαλὼν
640 2265 774 2300 κατέσχεν
786 2274 794 2281 ·
807 2266 855 2293 αὺ-

55 2310 95 2342 st;
107 2310 136 2337 δὲ
152 2309 287 2345 γαυριῶν
307 2308 348 2344 τῷ
363 2309 498 2345 τροπαίῳ,
513 2310 647 2346 ἀνεχώρει
663 2311 709 2338 ἐπ’
723 2311 811 2340 οἴκου.

906 2224 955 2256 vit,
973 2231 1021 2251 seu
1041 2225 1135 2252 urbem
1155 2227 1244 2261 potius
1261 2227 1347 2261 ipsam
1368 2230 1496 2263 prodidit.
1513 2231 1580 2259 Nam
1600 2237 1627 2260 et
1641 2233 1692 2261 hoc

907 2274 965 2296 tum
989 2271 1164 2299 sermonibus
1198 2272 1235 2300 ita
1258 2273 1393 2307 jactatum
1424 2280 1476 2303 est.
1491 2276 1604 2306 Obsedit
1630 2287 1690 2307 eam

907 2313 1043 2342 Chosroes
1069 2317 1210 2345 mensibus
1242 2320 1364 2354 quinque
1394 2325 1422 2348 et
1448 2322 1556 2357 aliquot
1581 2323 1695 2360 insuper

55 2359 164 2394 diebus,
191 2359 344 2394 cepitque,
371 2359 482 2386 nemine
496 2367 581 2395 prope
598 2365 799 2395 propugnante.
827 2360 860 2388 Et
879 2361 986 2390 civibus
1019 2371 1052 2390 cx
1087 2365 1153 2392 urbe
1171 2366 1347 2396 multitudine
1375 2370 1448 2396 varia
1463 2370 1564 2404 ductis,
1595 2359 1695 2407 partim

55 2414 98 2434 eos
111 2407 191 2435 ferro
202 2405 345 2438 concidit,
363 2405 462 2440 partim
479 2407 558 2434 vivos
589 2407 617 2434 in
651 2408 810 2443 captivitate
843 2409 973 2437 servavit.
991 2410 1091 2439 Urbem
1107 2412 1205 2446 ipsam,
1232 2419 1327 2450 utpote
1361 2421 1545 2451 opportunam
1572 2423 1600 2446 et
1618 2427 1694 2447 com-

54 2454 173 2488 modam,
190 2453 331 2490 praesidio
347 2452 478 2488 imposito
494 2453 626 2481 retinuit:
643 2454 702 2490 ipse
715 2462 782 2483 vero
793 2460 896 2490 tropaeo
911 2465 945 2484 eo
956 2457 1101 2492 superbus.
1118 2459 1229 2486 domum
1243 2465 1286 2487 est
1310 2469 1445 2492 reversus.

362 2512 488 2540 ΚΕΦΔΛ.
500 2513 563 2542 Λθ’.

58 2572 103 2604 Ὠς
117 2571 243 2607 ἀμέτρῳ
260 2569 348 2607 λύπῃ
369 2569 490 2607 σχεθεὶς
507 2568 687 2607 [Ιουστῖκοᾳ
707 2568 854 2607 super-luat

85 2604 270 2646 περιέπιπτε
283 2605 384 2646 ream;
396 2605 457 2631 ὑπὸ
471 2605 587 2646 Ίςιϐερζῳ
601 2604 640 2646 δὲ.
648 2606 684 2630 τὰ
697 2604 855 2646 animum

84 2639 191 2677 ἠγῖετιν
210 2641 266 2668 καὶ
293 2641 336 2672 ὡς
351 2639 516 2677 τέχνῃτρν
539 2639 681 2674 Χοσρόην
691 2640 854 2673 μετελθὼν,

85 2673 218 2713 εἰρήνην
232 2676 387 2709 ἔπραττον
401 2676 417 2701 ό
434 2673 572 2708 Τιϐέριος.

88 2737 174 2765 Τοῦτο
195 2733 302 2771 μαθὼν
325 2732 482 2764 Ἱουστῖνος,
497 2732 545 2758 καὶ
562 2731 646 2767 μηδὲν
662 2731 738 2766 ὑγιὲς
756 2732 773 2767 ἦ
788 2740 855 2766 φρε-

59 2784 132 2819 νῆρες
157 2779 399 2815 διανοησάμενος,
413 2778 473 2805 οὐδὲ
487 2777 668 2814 ἀνθρωπίνως
689 2778 720 2804 τὸ
745 2777 854 2812 συμὸἅν

1119 2516 1199 2552 θοι
1219 2518 1333 2546 curer
1359 2519 1480 2548 xxxrx.

912 2569 945 2598 Ut
965 2570 1098 2610 Justinus,
1116 2574 1244 2601 immensa
1261 2575 1353 2602 dolore
1368 2581 1513 2610 correptus.
1532 2578 1559 2606 in
1577 2580 1695 2608 morbum

943 2607 1118 2648 pltrept’fidem
1148 2609 1280 2648 inciderit.
1308 2615 1332 2637 et
1362 2607 1480 2639 Tiberius
1504 2607 1693 2648 rempublicam

944 2642 1181 2686 administraverit.
1193 2646 1228 2670 Et
1243 2650 1271 2671 ut
1286 2650 1344 2673 arte
1358 2647 1474 2686 quadan
1491 2642 1630 2686 Chatraem
1649 2659 1695 2686 ag-

943 2685 1047 2712 gressus
1063 2678 1192 2711 Tiberius,
1207 2688 1298 2714 pacem
1312 2678 1371 2708 cuni
1387 2690 1417 2709 eo
1432 2683 1532 2717 fecerit.

946 2732 984 2760 Ea
1005 2741 1034 2761 re
1055 2733 1183 2762 Justinus
1205 2737 1327 2771 cognita,
1342 2737 1411 2765 nihil
1430 2747 1542 2774 prorsus
1556 2745 1631 2768 recte
1647 2747 1695 2770 aut

909 2780 1062 2814 prudenter
1090 2785 1183 2809 mente
1210 2783 1335 2818 agitans,
1366 2791 1455 2821 neque
1485 2794 1578 2815 casum
1609 2788 1693 2816 talem

91 2844 126 2879 (l)
142 2844 252 2879 Eragr.
273 2842 424 2878 Λριιηιραηι
451 2838 544 2871 habet,
561 2843 590 2866 ct
604 2838 744 2867 Nicanoris
770 2837 918 2866 Seleucum.
