1915 3094
155 119 207 151 337

584 98 886 154 ECCLESIASTIC/E
903 123 1097 154 HISTORle
1118 125 1191 156 LIB.
1213 125 1324 156 XVlIl.

970 62 975 67 .
1009 61 1035 67 ..ν
1043 54 1113 66 μνία-ιι

1729 129 1781 160 338

156 175 211 201 κῶν
223 174 372 209 ταγμάτων
392 175 502 209 ἡγεμὼν
525 177 675 212 ἐτύγχανεν
697 178 746 209 ὣν,
770 180 888 213 ἄγχιστα
914 180 946 216 δὴ

998 180 1090 212 datur,
1103 188 1158 208 non
1180 181 1297 215 capitur,
1311 185 1339 208 et
1366 181 1435 208 locis
1457 181 1490 209 ad
1507 181 1783 218 insidias’capiemlis

153 221 204 253 τῆς
222 222 312 255 μάχης
329 222 525 255 γεγενημένου,
544 223 595 254 ἔξω
613 232 642 249 τε
668 224 754 258 βελῶν
769 226 806 256 ὼς
824 225 941 259 μάλιστα

154 265 336 298 καθεστῶτος,
363 267 411 293 καὶ
434 267 483 294 σὺν
503 268 559 298 τοῖς
588 269 657 303 ἀμφ’
687 269 767 296 αὑτὸν
789 271 943 305 ἀνακρὰτος

154 313 329 347 χρησαμένου
349 313 422 347 φυγῇ
441 321 448 328 ·
462 313 609 348 ἐπανήκων
626 314 648 340 δ’
664 315 770 342 ἐκεῖθεν
800 315 845 341 ἐπὶ
873 315 943 350 λαμ-

154 359 234 392 προῖς
248 359 303 389 τοίς
317 359 471 393 τροπαίοις,
486 358 619 393 θρίαμϐον
639 360 755 394 κατῆγε,
775 361 821 387 καὶ
835 361 878 388 διὰ
891 361 943 387 πά-

156 412 204 439 σης
219 404 302 439 ἦγετο
317 404 451 439 γλώσσης.
473 403 502 431 ’0
516 405 539 430 δ’
565 402 611 432 ὧδ’
624 405 846 442 ὑπερϐαλλούσης
859 407 942 441 τιμῆς

154 450 268 484 προϊὼν.
285 451 332 476 καὶ
347 452 376 481 ές
387 452 437 485 τὴν
452 450 590 485 βασίλειον
607 452 752 487 περιωπήν
775 453 864 479 ἄνεισι
875 462 882 469 ·
895 453 942 479 Τι-

154 495 248 530 ϐερίου
261 496 331 530 πρὸς
348 497 380 531 τῇ
407 497 523 532 τελευτῇ
548 497 730 531 καθεστῶτος,
748 499 797 534 τήν
815 507 845 525 τε
861 499 941 526 παῖδα

154 541 315 575 Δύγούσταν
324 542 371 568 καί
381 542 432 577 τὴν
439 543 528 578 ἀρχὴν
537 543 598 569 ἀντὶ
609 544 710 578 φερνῆς
721 545 941 580 παραδεδωκότος

153 587 228 622 αὐτῴ
246 595 254 604 ⁸
270 588 360 622 ὀλίγον
392 589 443 623 μὲν
477 590 523 618 ἐπὶ
547 591 580 624 τῇ
615 589 738 625 βασιλείᾳ
756 591 941 624 διαγεγονότος

152 634 287 665 ὲνιαυτδν,
309 634 406 669 ἀγήρω
420 635 448 662 δὲ
461 636 571 670 μνήμην
583 635 621 670 τῷ
634 637 716 662 παντὶ
727 637 940 671 καταλείψαντος

152 680 253 714 χρόνῳ,
272 678 314 712 οἷς
328 679 358 706 εὖ
376 681 504 715 πράττων
532 682 579 707 τὸν
605 681 665 716 βίον
683 682 792 716 ἐγένετο
807 691 815 698 ⁸
830 683 848 709 ἂ
869 683 941 718 λόγῳ

153 726 313 760 περιλαϐεῖν
328 726 359 752 οὐ
377 727 450 753 πάνυ
465 735 507 753 τοι
523 727 613 763 ῥᾴδιον
627 729 826 761 καταφαίνεται
840 737 847 744 ·
865 729 941 763 μέγι-

153 781 217 799 στον
228 772 250 798 δ’
266 772 342 807 αὖτῷ
355 772 408 799 τῶν
423 774 638 808 πεπραγμένων,
656 776 703 800 καὶ
719 775 749 801 ὃν
763 776 796 810 τῇ
814 775 940 812 βασιλεία

151 819 347 846 καταλελοίπει
357 819 469 854 κλῆρον,
480 821 531 855 τὴν
543 821 590 847 τοῦ
610 821 769 856 θαυμαστοῦ
781 823 939 857 Μαυρικίου

998 226 1090 254 hostes
1103 226 1183 254 facile
1199 227 1340 261 praevenit.
1355 227 1407 254 Sed
1423 232 1449 254 et
1464 227 1683 261 Theoderichus,
1716 230 1783 264 Scy-

997 273 1132 300 thicorum
1158 273 1196 307 (1)
1222 273 1350 300 ordinum
1377 273 1442 306 «lux,
1463 274 1489 300 in
1507 282 1594 308 pugna
1611 283 1663 302 non
1693 276 1781 307 alluit,

997 326 1090 346 verum
1106 323 1183 346 extra
1201 319 1316 346 telorum
1330 320 1434 354 jactum
1450 328 1531 355 quam
1550 322 1667 347 maxime
1692 323 1784 351 consi-

997 369 1083 396 stens,
1098 371 1127 391 se
1142 372 1203 392 cum
1222 365 1279 392 suis
1297 365 1392 392 eﬂ‘uszc
1415 366 1484 400 fugae
1509 368 1657 398 commisit.
1684 367 1725 393 Ab
1752 375 1783 393 ea

997 409 1111 437 victoria
1127 418 1189 437 cum
1209 411 1388 446 amplissimis
1404 412 1515 446 tropaeis
1531 420 1669 443 reversus.
1688 413 1783 440 trium-

997 455 1082 490 phum
1095 457 1161 490 egit,
1175 461 1257 491 atque
1273 457 1395 484 omnium
1409 456 1552 484 hominum
1565 465 1612 484 ore
1629 457 1784 484 celebratus

996 507 1051 538 cst.
1068 502 1174 530 Summi
1190 511 1255 530 vero
1284 503 1398 531 honoris
1423 503 1467 530 via
1499 511 1671 537 progressus,
1700 504 1782 530 etiam

995 548 1029 575 ad
1056 548 1197 583 imperiale
1227 549 1364 583 fastigium
1391 549 1563 581 conscendit,
1580 557 1641 575 cum
1673 549 1783 575 Tiberio

993 594 1048 630 jam
1064 594 1127 621 vitae
1150 595 1211 622 finis
1224 595 1343 626 adesset,
1362 594 1408 629 qui
1434 594 1474 621 illi
1505 595 1588 621 ﬁliam
1620 595 1781 629 Augustam,

997 645 1027 668 et
1047 649 1109 668 cum
1124 649 1155 669 ea
1168 642 1229 669 loco
1238 641 1318 668 dotis
1337 641 1485 675 imperium
1510 641 1597 675 ipsum
1614 641 1701 668 dedit.
1723 641 1782 668 Non

994 687 1040 714 ille
1055 687 1165 722 quidem
1181 687 1261 722 longo
1277 686 1426 714 admodum
1457 692 1580 721 tempore
1621 687 1647 713 in
1667 687 1783 720 imperio

998 737 1149 766 transacto,
1173 734 1220 762 sed
1246 738 1427 761 monumento
1444 738 1534 760 tamen
1565 734 1732 767 sempiterno
1749 734 1781 760 ad

994 786 1083 806 aevum
1099 786 1180 806 omne
1195 778 1301 812 relicto,
1320 787 1368 813 per
1388 786 1432 806 res
1452 786 1522 813 quas
1538 786 1587 814 per
1616 779 1696 806 vitam
1712 780 1782 806 bene

1000 824 1068 859 egit.
1093 824 1145 851 Eas
1166 832 1231 851 vero
1257 824 1351 852 verbis
1376 824 1536 865 complecti,
1562 832 1614 856 non
1645 824 1683 851 ita
1705 824 1782 850 facile

150 863 324 899 ἀνάρρησιν·
347 863 377 895 ὃς
403 864 451 890 καὶ
479 864 530 895 τὰς
553 865 710 899 προσούσας
739 866 851 900 κλήσεις
873 867 943 893 ὲκείε

995 870 1114 897 videtur.
1131 870 1275 897 Maximum
1294 873 1384 896 autem
1404 869 1491 904 probe
1516 869 1551 895 ab
1574 877 1607 896 eo
1630 873 1779 903 gestorum.

150 916 206 939 νοις
237 907 378 942 διένειμεο
407 909 454 935 τὸν
488 909 538 943 μὲν
570 910 723 945 Μαυρίκιον
747 911 794 937 καὶ
814 911 941 948 Τιϐέριον

152 954 325 989 προσειπὼν,
342 954 392 989 τὴν
415 954 444 980 δὲ
470 955 630 989 Αὑγούσταν
655 957 702 982 καὶ
731 957 940 987 Κωνσταντίναν

151 1000 389 1034 προσαγορεύσας.
405 1001 459 1027 Καὶ
475 1002 565 1028 τοίνυν
585 1002 623 1028 ὅτ’
653 1002 741 1029 ἐδόκει
754 1004 879 1038 Τιϐέριον
891 1006 941 1039 τῆς

150 1046 279 1072 ἐντεῦθεν
287 1047 380 1073 λοιπὸν
390 1047 495 1082 λήξεως
518 1049 734 1083 μεταϐήσεσθαι,
749 1050 796 1076 καὶ
812 1052 868 1082 τοῖς
891 1051 940 1085 τῆς

151 1091 261 1125 φύσεως
270 1093 317 1118 καὶ
326 1093 409 1119 αὑτὸν
422 1093 546 1120 ὑπείκειν
556 1094 678 1128 Θεσμοίς,
690 1096 822 1130 μελαίνης
834 1097 940 1122 ἐπικει-

151 1138 238 1172 μένης
244 1139 335 1172 χολῆς,
345 1139 499 1175 Μαυρίκιος
511 1140 561 1174 μὲν
570 1141 754 1175 ἀνηγορεύετο
764 1150 771 1157 ·
781 1142 827 1167 καὶ
835 1142 939 1174 νεάζων

148 1186 189 1219 τῇ.
203 1185 352 1220 ἁλουργίδι,
370 1186 420 1220 τῆς
436 1185 676 1222 αὐτοκρατορικῆς
691 1187 769 1220 ἀξίας
786 1188 832 1214 καὶ
854 1188 938 1223 τιμῆς

150 1231 348 1266 μετελάγχανε.
364 1231 419 1258 Καὶ
431 1231 486 1267 γὰρ
493 1232 613 1267 φοράδην
624 1233 717 1268 ἀχθεὶς
733 1235 747 1259 ὁ
758 1233 896 1269 Τιὸἑριος,
904 1236 937 1270 τῇ

148 1278 163 1306 ὖ
169 1277 232 1303 παίο
238 1286 275 1312 ρῳ
281 1277 334 1303 τῶν
343 1277 488 1312 βασιλείων
496 1278 564 1313 αὐλῇ
572 1279 617 1305 τὸν
626 1280 675 1314 τῆς
686 1279 847 1315 ἱεραρχικῆς
854 1280 936 1306 καθέ-

149 1323 216 1358 δρας
228 1323 438 1358 ἐπειλημμένον
448 1325 619 1358 συγκαλέσας
628 1325 766 1361 (Ἰωάννης
774 1326 802 1352 δὲ
811 1326 938 1361 τηνικαῦ-

148 1370 255 1401 uenia;
269 1370 320 1404 τῆς
339 1369 503 1406 Ἐκκλησίας
516 1372 560 1397 καὶ
572 1371 938 1408 ἐτιδιίθυνενοίακας),πρὸς

152 1416 182 1442 δὲ
193 1417 240 1442 καὶ
253 1415 300 1442 τὸν
314 1415 443 1450 ξύλλογον
457 1417 511 1442 τῶν
527 1417 607 1451 ιερῶν
618 1417 781 1452 ἀξιωμάτων
796 1418 936 1453 ἁθροίσας,

146 1462 198 1496 τήν
212 1470 243 1488 τε
257 1462 323 1496 ’περὶΙ
344 1462 427 1489 αὐτὸν
455 1461 619 1497 δορυφορίαν
645 1464 691 1489 καὶ
722 1463 857 1498 φυλακὴν,
889 1465 937 1490 καὶ

149 1509 208 1535 ὅσοι
224 1509 258 1544 δὴ
273 1510 306 1544 τῇ
324 1509 453 1544 βασιλείῳ
461 1511 527 1544 τιμῇ
555 1508 764 1544 συντετάχαται,
783 1510 850 1537 ἀλλὰ
883 1511 937 1546 μὴν

148 1554 197 1580 καὶ
225 1554 288 1580 ὅσον
310 1553 357 1579 τοῦ
387 1553 474 1588 δήμου
502 1553 663 1588 ἐπίσημον,
687 1553 811 1587 γλῶτταν
838 1555 936 1581 ἑαυτοῦ

145 1599 266 1626 ἐποιεῖτο
283 1598 346 1631 τὸν,
363 1599 502 1634 Ἰωάννην,
528 1599 612 1633 ἄνδρα
639 1599 744 1633 ῥήτορα
772 1599 820 1626 καὶ
846 1601 936 1635 νόμων

148 1647 219 1682 ἴδριν
237 1645 411 1680 Ῥωμαϊκῶν,
426 1646 455 1677 ὃς
472 1646 595 1680 διάτορον
614 1646 738 1679 γλῶτταν
764 1647 867 1681 αὐχῶν,
886 1656 935 1683 με·

148 1693 312 1728 γοληγορῶν
325 1692 439 1720 διετέλει
456 1692 490 1718 τὰ
506 1692 640 1726 βασιλέως
657 1698 664 1707 ”
679 1691 708 1717 ὃν
723 1692 863 1728 ἐπιχωρίῳ
878 1701 935 1727 φω-

146 1742 178 1775 νῇ
196 1740 328 1774 Ῥωμαῖοι
344 1739 511 1773 κοιαίστωρα
524 1738 697 1773 ὀνομάζουσι.
717 1738 813 1773 Παρῆν
833 1738 900 1772 γοῦν
920 1740 934 1765 ὁ

147 1786 328 1821 αὐτοκράτωρ
344 1785 391 1811 ἐπὶ
406 1786 440 1819 τῇ
467 1783 514 1810 τοῦ
538 1784 599 1811 νέου
625 1784 758 1818 βασιλέως
783 1776 936 1820 χειροτονίᾳ

147 1833 208 1868 ἅμα
221 1834 254 1867 τῇ
272 1832 347 1859 παιδὶ
363 1831 566 1866 Κωνσταντίνῃ,
582 1831 615 1867 ἣν
635 1831 782 1865 Μαυρικίῳ
807 1830 865 1865 βίου
889 1831 936 1857 καὶ

147 1880 234 1914 τύχης
248 1879 308 1914 ἃμα
327 1877 458 1906 κοινωνὸν
472 1877 607 1904 ἐποιεῖτο·
624 1877 708 1912 πρινὴ
736 1876 802 1910 γοῦν
819 1877 937 1912 ἐγχειρί-

149 1934 197 1952 σαι
207 1925 258 1959 τὴν
273 1925 435 1960 ἁνάῤῥησιν,
454 1924 491 1958 τῷ
507 1923 628 1958 συλλόγῳ
647 1922 716 1957 τῷδε
730 1923 916 1957 διωμιλήσατο
929 1930 937 1937 ·

991 919 1019 942 et
1034 916 1113 950 quasi
1126 916 1252 950 quaedam
1268 915 1426 948 haureditas,
1440 923 1522 950 quam
1544 915 1661 950 imperio
1675 918 1737 950 post
1752 922 1780 941 se

991 961 1112 996 reliquit,
1127 961 1194 989 illud
1209 966 1260 994 est,
1271 961 1345 996 quod
1361 961 1533 993 Mauricium,
1543 962 1630 988 virum
1645 961 1783 989 admiran-

991 1008 1066 1041 dum,
1082 1008 1275 1042 imperatorem
1289 1008 1469 1036 renuntiavit.
1480 1008 1552 1041 Quin
1570 1008 1653 1035 etiam
1668 1008 1779 1034 nomina

990 1061 1038 1080 sua
1055 1061 1157 1088 genero
1176 1058 1204 1082 et
1218 1054 1281 1081 filiae
1295 1054 1406 1087 indidit,
1425 1054 1556 1081 Mauricio
1571 1053 1682 1088 quidem
1698 1053 1780 1079 Tibe-

993 1100 1039 1131 rii,
1056 1099 1185 1134 Augustae
1198 1107 1263 1127 vero
1288 1099 1476 1127 Constantina:
1501 1099 1612 1126 nomine
1637 1099 1779 1132 imposito.

989 1143 1081 1179 Itaque
1093 1151 1155 1171 cum
1178 1144 1305 1172 Tiberius
1316 1145 1433 1178 videret,
1451 1152 1484 1171 ex
1504 1145 1552 1171 hac
1570 1145 1698 1178 deinceps
1723 1143 1779 1169 vita

989 1188 1042 1216 sibi
1070 1189 1263 1225 migrandum,
1288 1194 1450 1225 naturaeque
1479 1190 1586 1224 legibus
1627 1187 1779 1216 cedentium

991 1241 1063 1267 esse,
1083 1240 1144 1262 atra
1161 1235 1238 1262 illum
1256 1235 1305 1262 bili
1319 1235 1469 1270 alliigente,
1489 1234 1636 1262 Mauricius
1662 1234 1780 1268 impera-

990 1285 1033 1307 tor
1045 1279 1147 1313 dictus,
1162 1288 1286 1316 purpura
1299 1281 1468 1315 conspicuus
1485 1280 1618 1307 honorem
1639 1284 1667 1307 et
1691 1279 1780 1314 digni-

989 1331 1073 1354 tatem
1099 1335 1182 1354 merae
1197 1335 1366 1361 summaeque
1388 1327 1530 1361 potestatis
1557 1326 1671 1360 recepit.
1697 1323 1779 1359 815

989 1372 1121 1402 Tiberius
1150 1372 1254 1400 etenim
1282 1373 1310 1399 in
1337 1372 1506 1407 hypaethram
1534 1372 1607 1401 illam
1631 1370 1780 1409 imperialis

989 1418 1083 1452 palatii
1116 1419 1207 1445 aulam
1237 1425 1419 1453 progressus,
1447 1418 1598 1444 antistitem
1636 1423 1778 1444 sacrorum

989 1463 1119 1498 (Joannes
1149 1468 1242 1491 autem
1268 1468 1327 1491 tum
1343 1464 1435 1491 adhuc
1455 1463 1583 1493 Ecclesia:
1605 1463 1712 1490 clavum
1731 1470 1779 1496 gu-

987 1509 1132 1545 bernabat)
1150 1518 1183 1537 eo
1208 1510 1345 1543 evocavit,
1361 1514 1444 1544 atque
1474 1510 1587 1545 insuper
1610 1513 1778 1536 conventum

988 1564 1134 1584 sacrarum
1150 1557 1313 1591 dignitatum
1329 1557 1430 1592 coegit,
1445 1556 1648 1591 satellitumque
1666 1563 1779 1583 suorum

988 1608 1016 1630 et
1031 1603 1156 1638 corporis
1173 1603 1332 1637 custodum,
1344 1610 1440 1630 eorum
1456 1609 1566 1637 quoque
1579 1602 1626 1636 qui
1641 1601 1777 1636 imperiali

988 1649 1088 1676 honori
1119 1655 1315 1677 accensentur.
1349 1649 1420 1676 Tum
1446 1652 1538 1676 autem
1562 1650 1720 1683 quicunque
1749 1647 1776 1674 in

991 1695 1095 1729 populo
1115 1695 1238 1728 praeclari
1256 1699 1346 1727 erant,
1361 1696 1395 1722 ad
1412 1702 1442 1722 se
1458 1694 1575 1726 accivit,
1600 1694 1646 1721 ubi
1668 1693 1780 1720 nomine

988 1740 1050 1775 ejus
1067 1740 1188 1769 Joannes
1204 1741 1288 1768 verba
1298 1741 1374 1774 fecit,
1395 1745 1489 1768 orator
1513 1741 1652 1776 egregius,
1676 1744 1703 1766 et
1726 1739 1781 1766 Ro-

990 1795 1134 1814 manarum
1173 1788 1263 1823 legum
1296 1789 1413 1823 peritus,
1439 1793 1467 1815 et
1501 1793 1615 1822 propter
1645 1788 1780 1822 insignem

993 1833 1182 1867 eloquentiam
1200 1835 1375 1869 imperatoris
1385 1834 1461 1869 jussa
1476 1841 1526 1868 pro
1549 1833 1683 1861 concione
1698 1840 1781 1868 expo—

992 1886 1058 1906 nere
1085 1879 1195 1911 solitus,
1224 1887 1306 1914 quem
1345 1880 1493 1906 vernacula
1534 1879 1628 1912 lingua
1664 1878 1780 1905 Romani

993 1929 1160 1959 qumstorem
1186 1925 1290 1953 dicunt.
1312 1924 1414 1953 Aderat
1443 1924 1528 1959 igitur
1549 1924 1698 1959 imperator
1722 1924 1781 1958 ipse

150 1975 178 2001 in
197 1973 260 2000 novi
276 1972 410 2008 principis
436 1971 583 2002 electione,
601 1979 655 1998 una
669 1977 731 1997 cum
754 1970 808 1997 tilia
838 1969 1029 2007 Constantina,
1044 1980 1125 2008 quam
1157 1972 1291 2000 Mauricio
1324 1973 1388 2000 vitae
1404 1972 1526 2000 simulet
1542 1972 1658 2002 fortuna!
1678 1971 1780 2005 sociam

148 2020 274 2048 dederat.
287 2019 367 2047 Prius
379 2023 470 2046 autem
481 2026 562 2053 quam
575 2016 751 2053 imperatoris
773 2017 839 2045 novi
851 2017 1022 2047 renuntiatio
1055 2019 1288 2055 promulgaretur,
1318 2019 1353 2046 ad
1383 2022 1549 2046 conventum
1566 2025 1630 2045 eum
1646 2018 1683 2053 ita
1699 2018 1781 2046 verba

145 2068 212 2096 fecit
229 2075 237 2092 :

443 2126 571 2153 ΚΕΦΑΔ.
599 2126 644 2158 ς’.

146 2173 319 2210 Δημηγιορία
344 2172 476 2206 Τιϐερίου
503 2171 557 2210 τοῦ
574 2171 805 2210 -αύτρκράτρρος
819 2171 874 2210 aut
900 2170 938 2206 τῇ

201 2205 368 2243 ἁῶὰιρῤήσει
385 2205 553 2242 Μαυρικίου
562 2206 691 2241 ρηθεῑσα
709 2207 749 2239 τῷ
765 2205 884 2240 πλήθει.

185 2277 196 2293 ‹
219 2267 336 2301 Ἀνδρες
355 2265 500 2298 Ῥωμαῖοι,
520 2263 607 2298 δνομα
628 2262 848 2298 πολυϐρύλλητον
866 2262 940 2290 ἃπα-

146 2323 190 2341 σιν
207 2313 308 2343 ἔθνεσι,
324 2311 370 2339 καὶ
381 2311 414 2339 δι’
425 2310 552 2338 εὔκλειαν
564 2309 644 2345 δόξης
659 2311 716 2340 τοῖς
731 2309 861 2336 ἁπάντων
877 2309 940 2335 στό-

147 2369 219 2396 μασι
235 2359 439 2395 περικείμενοψ
460 2357 507 2384 νῦν
527 2356 645 2391 μεγάλαι
659 2356 714 2383 τῶν
733 2355 836 2382 ὠδίνων
857 2363 940 2390 φρον-

145 2409 221 2439 τίδες
238 2407 301 2441 ἐμοὶ
318 2406 519 2439 περιίστανται.
544 2405 577 2431 Ἦ
603 2404 652 2437 μὲν
678 2404 733 2438 γὰρ
748 2403 765 2430 ἃ
780 2399 940 2429 καταλιπεῖν

146 2456 209 2483 δέον
225 2453 318 2485 καλῶς
335 2452 466 2479 διαθεῖναι
491 2450 650 2484 ἐπείγουσα’
667 2451 683 2484 ἠ
695 2449 718 2476 δ’
729 2449 892 2483 ὲκταράττει
906 2449 939 2482 τῇ

150 2499 300 2535 μεταθέσει
312 2499 362 2532 τῆς
378 2496 552 2529 διαζεύξεως.
569 2495 737 2529 Κατεπείγει
750 2494 805 2529 γὰρ
825 2494 875 2528 τῆς
897 2494 941 2519 ὲν-

149 2547 227 2574 8ένδε
244 2544 338 2581 βιοτῆς
351 2544 415 2575 τοὺς
429 2544 527 2577 λόγους
548 2541 720 2577 παραθέσθαι
738 2540 777 2574 τῷ
794 2540 849 2566 τῶν
870 2539 941 2566 ὅλων

149 2591 322 2628 δημιουργῷ.
338 2591 394 2618 Καί
406 2598 441 2624 γε
455 2589 503 2616 νῦν
517 2589 580 2624 ἐμοὶ
595 2590 611 2623 ἡ
628 2588 711 2615 πάλαι
728 2587 870 2624 παρρησία
894 2588 940 2613 καὶ

150 2640 229 2667 ἄδεια
258 2637 388 2673 περιδεὴς
418 2645 463 2672 μοι
495 2635 569 2671 μάλα
603 2634 786 2662 καθίσταται.
812 2632 860 2664 Οἷς
886 2633 941 2668 γὰρ

152 2684 273 2719 ἀφθονία
293 2684 345 2717 τῆς
370 2682 495 2714 ἔξουσίας
522 2681 665 2716 πρόσεστι,
691 2680 778 2706 πλείω
793 2678 826 2714 δὴ
847 2679 894 2705 καὶ
908 2679 942 2705 τὰ

153 2730 302 2765 σφάλματα
319 2729 391 2759 εἰκὸς
407 2728 532 2754 ἕπεσθαι.
562 2727 635 2754 Ἀλλ’
652 2727 726 2760 ὅμως
750 2726 778 2752 αἱ
803 2726 867 2760 περὶ
891 2724 942 2757 τῆς

153 2776 295 2812 βασιλείας
335 2776 402 2810 ἡμῖν
425 2767 559 2810 ὀξύτερον’
576 2771 780 2804 ἐπιϐάλλουσιν,
797 2771 845 2806 οὐχ
870 2770 941 2797 οὕτω

191 2846 230 2882 (1)
251 2845 302 2873 llic
313 2851 421 2879 quoque
436 2843 529 2872 Gotthi
545 2843 650 2879 Scytha:
662 2841 802 2878 dicuntur.

1297 2122 1412 2152 CAPUT
1432 2122 1478 2154 Vl.

989 2170 1082 2199 Oratio
1097 2169 1194 2198 Tiberii
1200 2170 1376 2205 imperatoris
1389 2170 1416 2196 in
1430 2169 1558 2196 electione
1568 2169 1782 2205 etdesignatione

1177 2204 1310 2238 Mauriot'i,
1331 2205 1365 2232 ad
1380 2205 1506 2240 populum
1519 2205 1601 2232 dicta.

1028 2263 1101 2292 «Viri
1119 2263 1249 2297 Romani,
1269 2262 1510 2299 praeclarissimum
1521 2262 1591 2297 apud
1601 2269 1697 2289 omnes
1710 2270 1778 2297 gen-

991 2313 1033 2337 tes
1050 2317 1164 2342 nomen,
1184 2314 1211 2336 et
1227 2313 1340 2344 propter
1355 2309 1565 2343 amplitudinem
1579 2307 1672 2342 gloriae
1689 2301 1779 2334 omni-

991 2357 1042 2385 bus
1061 2355 1186 2383 omnium
1211 2355 1315 2390 linguis
1342 2355 1579 2382 celeberrimum:
1608 2361 1714 2388 magna:
1739 2361 1781 2381 me

991 2410 1065 2430 nunc
1081 2410 1155 2430 curre
1179 2407 1207 2429 et
1223 2401 1425 2429 sollicitudines
1441 2401 1634 2428 circumstant.
1656 2399 1779 2432 Quarum

991 2449 1094 2482 alterae,
1112 2452 1141 2475 ut
1155 2454 1216 2482 quae
1235 2454 1279 2474 me
1303 2446 1461 2481 relinquere
1488 2449 1609 2479 oportet,
1637 2451 1671 2471 ea
1705 2448 1780 2471 recte

991 2494 1170 2526 constituam,
1200 2493 1357 2527 adurgent:
1386 2492 1480 2519 altera}
1507 2498 1595 2523 vero,
1617 2489 1781 2524 migratione

991 2540 1061 2574 ipsa.
1077 2547 1130 2574 qua
1146 2548 1161 2566 a
1172 2539 1252 2566 vobis
1266 2538 1420 2573 disjungar.
1443 2539 1595 2564 exterrent.
1607 2536 1645 2562 Ea
1662 2542 1782 2570 namque

992 2586 1127 2613 rationem
1146 2590 1213 2613 acta:
1226 2585 1272 2612 hic
1296 2584 1359 2610 vita:
1380 2581 1568 2610 universitatis
1584 2581 1667 2616 hujus
1682 2579 1781 2613 condi-

992 2632 1044 2660 tori
1059 2631 1175 2658 reddere
1189 2631 1272 2666 cogit.
1297 2630 1330 2657 Et
1345 2636 1421 2656 nunc
1443 2632 1575 2663 usurpata
1589 2626 1658 2654 mihi
1674 2626 1780 2659 dudum

992 2679 1105 2706 libertas
1127 2682 1154 2705 et
1185 2677 1321 2705 securitas
1343 2677 1370 2703 in
1392 2675 1568 2702 timiditatem
1585 2674 1724 2708 ingentem
1739 2677 1782 2700 est

993 2732 1136 2752 conversa.
1150 2724 1256 2757 Quibus
1270 2724 1372 2752 etenim
1386 2723 1518 2759 prolixior
1527 2727 1570 2750 est
1586 2721 1705 2750 faciendi
1719 2728 1781 2755 quae

993 2771 1081 2799 velint
1099 2775 1233 2806 potestas,
1249 2778 1297 2798 eos
1314 2775 1424 2806 peccata
1438 2770 1515 2806 plura
1533 2769 1623 2797 solent
1637 2766 1779 2802 consequi.
