1915 3094
129 150 183 183 339

738 152 944 182 NlCEl‘l’lOlll
970 153 1137 183 (jALLlSTl

1701 151 1753 183 310

131 207 262 236 Sedenim
292 215 375 242 quam
391 207 425 235 de
447 208 562 243 imperio
579 208 692 243 concepi
708 217 815 240 curam,
827 209 918 237 acrius

976 211 1073 246 ταύτην
1089 211 1126 242 ὡς
1141 212 1219 247 ἔτυχε
1234 211 1411 242 καταθέσθαι,
1423 211 1480 237 ἀλλ’
1496 211 1524 242 ὃς
1537 210 1572 236 ἂν
1596 210 1680 244 αὐτὴν
1704 219 1754 236 κα-

134 261 178 282 mc
194 259 281 289 urget.
300 259 329 281 ut
349 254 479 281 videlicet
500 262 554 281 nou
581 260 686 282 temere
701 255 810 290 quidvis
825 255 859 282 de
874 263 916 282 re-

132 301 241 334 publica
268 301 429 333 decernam,
441 301 489 328 sed
504 301 551 335 qui
567 309 628 328 eam
643 306 718 329 recte
733 301 915 334 administrel,

134 347 312 375 substituam.
335 346 562 381 Quandoquidem
596 355 647 375 nec
672 348 740 375 tuihi
771 348 917 383 imperium

133 393 167 420 ad
200 393 367 427 voluptatem
383 398 411 420 et
435 393 548 420 delicias
571 394 695 428 corporis
721 394 918 422 consectandos

134 438 315 466 commissura
333 437 396 465 fuit.
411 437 582 472 Neque_vero
603 439 714 466 fortuna
736 445 842 467 tantum
857 440 918 466 ani-

134 492 208 510 mum
219 491 308 511 meum
320 484 406 519 angit,
417 491 513 511 verum
525 486 607 513 etiam
623 491 721 513 natura
737 487 805 520 ipsa.
817 486 917 513 Eodem

134 529 207 556 enim
219 534 246 556 et
259 529 404 564 imperiunm
426 535 455 558 et
472 531 574 565 conqu
588 535 616 558 et
639 531 720 558 liberi
737 536 917 558 concurrunt.

136 575 203 602 Nam
225 575 371 610 imperium
387 576 538 611 sapientem
560 576 772 612 gubernatorem
792 576 919 612 requirit,

136 622 236 657 conjux
260 622 402 650 viduitatis
430 628 585 651 curatorem
610 624 816 658 aequissimum,
839 624 919 651 liberi

137 675 228 702 porro,
245 668 292 703 qui
308 676 355 696 eos
370 669 452 696 ducat
471 673 499 697 et
510 669 649 703 defendat,
664 675 794 703 tutorem,
807 675 920 705 propter

136 715 224 742 :etatis
242 715 470 749 imbecillitatem,
489 721 517 744 et
544 721 659 748 natura).
682 718 801 744 maxime
824 717 921 744 mulie-

137 759 205 793 bris,
221 760 417 799 infirmitatem.
433 760 570 788 Caeterum
597 766 704 801 patara:
729 769 920 796 smpenutncro

136 809 282 834 contemno
295 807 538 840 necessitudinem,
550 808 649 835 morbo
665 807 922 843 ingruente:816

136 851 259 886 despicio
283 852 365 880 etiam
389 853 503 884 liberos,
516 857 544 880 et
561 840 708 888 conjugem
733 840 811 880 nihili
835 840 917 886 ﬁcio:

138 896 261 930 mihique
282 897 340 933 jam
371 898 440 926 mori
457 898 562 932 vide0r,
583 904 611 926 et
636 899 830 927 sollicitudinis
845 899 920 934 ejus-

139 942 213 970 modi
238 943 395 971 libertatem
422 951 589 979 consequor.
610 944 661 972 Vix
693 949 783 972 autern
816 945 920 979 cogita-

139 990 228 1017 tiones
243 990 310 1017 talcs
322 989 587 1025 dopono,cumtnibi
601 990 785 1026 imperiicura
796 990 921 1018 incessit.

139 1035 198 1063 Non
216 1037 304 1063 solum
318 1037 391 1063 enim
402 1037 584 1064 certaminum
593 1037 717 1065 omnium
733 1038 821 1064 multo
835 1037 922 1064 maxi-

140 1089 214 1108 mum
234 1087 288 1114 est,
317 1083 453 1110 creditqu
475 1083 528 1110 sibi
550 1089 690 1118 sceptrum
716 1091 766 1118 pro
782 1091 813 1110 eo
840 1076 922 1117 atque

138 1136 189 1162 par
208 1134 250 1156 est
265 1137 440 1162 conservare,
453 1137 549 1157 verum
563 1129 646 1156 etiam
663 1129 852 1156 hereditatem
868 1129 921 1156 im-

139 1175 219 1208 perii,
241 1177 279 1202 ita
297 1180 327 1202 ut
340 1176 430 1208 decet,-
444 1175 477 1202 ad
493 1183 540 1204 eos
562 1183 633 1210 quos
647 1178 766 1210 oportet,
783 1174 922 1202 transmit-

139 1226 209 1248 tere.
235 1221 368 1256 Equidem
395 1229 504 1256 aequum
533 1229 593 1249 esse
613 1221 762 1249 admodum
790 1220 922 1252 arbitror,

139 1267 329 1295 decessoribus
352 1268 524 1302 principibus
540 1275 716 1295 successores
740 1267 841 1294 debere
863 1274 923 1294 esse

139 1315 357 1347 prastanliores.
389 1318 418 1340 ut
445 1314 555 1340 illorutu
585 1317 677 1341 errata
698 1313 742 1340 isti
771 1313 922 1347 corrigunt.

139 1359 218 1392 Quod
237 1359 289 1387 nisi
319 1359 383 1390 fiat.
410 1359 518 1393 imperii
541 1358 628 1393 ipsius
653 1358 786 1386 ditionem
802 1366 923 1390 onmem,

140 1409 286 1439 propterea
302 1404 375 1440 quod
401 1404 586 1432 itnbecillibus
605 1403 794 1432 fundamentis
809 1404 923 1436 nitatur,

139 1449 195 1477 labi
215 1455 241 1476 el
263 1458 393 1478 corruere
417 1458 529 1478 necesse
556 1456 608 1478 est.
626 1450 739 1478 Talibus
761 1450 835 1478 curis
861 1458 929 1477 eum.

139 1497 247 1524 animus
263 1505 338 1525 meus
360 1497 551 1529 conficeretur.
570 1504 601 1524 ea
615 1505 674 1532 qua:
698 1505 743 1524 1⁸05
767 1504 863 1524 omnes
882 1505 925 1524 1⁵8-

969 257 1025 290 ).tb;
1035 257 1287 292 ὁιακυϐερνήσειεν.
1318 256 1395 282 Ἐπεί
1410 255 1452 281 τοί
1465 263 1497 289 γε
1508 254 1562 282 οὐδ’
1576 254 1639 289 ἐμοὶ
1649 262 1753 287 κατηγο

969 303 1069 337 γύηται
1083 304 1129 330 ἐπί
1144 311 1174 330 τε
1187 305 1219 338 τῇ
1236 304 1325 338 τρυφῇ
1341 304 1388 329 καὶ
1403 301 1533 337 κολακείᾳ
1547 300 1594 327 τοῦ
1616 300 1751 334 σώματος.

970 349 1072 384 Τρύχει
1097 349 1124 375 δέ
1150 358 1184 384 με
1209 349 1287 384 οὑχὴ
1311 348 1379 383 τύχη
1406 348 1497 382 μόνον,
1519 347 1587 374 ἀλλὰ
1611 347 1658 373 καὶ
1673 346 1755 381 φύσις

970 396 1050 429 αὐτή.
1074 396 1118 422 Ἐν
1132 395 1224 430 ταυτῷ
1241 395 1297 429 γὰρ
1312 395 1329 429 ἥ
1343 403 1373 421 τε
1389 394 1513 429 βασιλεία
1527 394 1575 420 καὶ
1588 394 1605 428 ἠ
1623 394 1694 426 γυνὴ
1706 393 1754 418 καὶ

970 441 1063 471 παῖδες
1080 440 1256 466 ἐπιτίθενται·
1281 441 1297 474 ἡ
1316 440 1366 474 μὲν
1383 439 1466 473 σοφὸν
1482 439 1605 473 ἡγεμόνα
1622 437 1753 472 ζητοῦσα,

971 486 1039 522 γυνὴ
1052 486 1079 513 δὲ
1093 486 1209 521 χηρείας
1224 486 1362 521 κηδεμόνα
1375 486 1590 512 ἐπιεικέστατον·
1608 485 1632 510 οἱ
1650 484 1679 509 δὲ
1692 484 1755 509 παῖ-

970 532 1025 563 δες,
1042 531 1215 566 χειραγωγοῦ
1229 531 1260 557 τὸ
1272 531 1365 560 ἀτελὲς
1380 531 1428 564 τῆς
1444 531 1552 564 ἡλικίας
1566 527 1756 564 προϐεϐλημέ-

971 587 1022 611 νοι,
1037 579 1084 604 καὶ
1100 579 1218 613 μάλιστα
1230 578 1260 604 τὸ
1271 579 1320 612 τῆς
1340 577 1448 612 θηλείας
1469 577 1576 611 φύσεως
1591 576 1755 602 ἀσθενέστα-

970 633 1028 651 τον.
1049 625 1130 651 Ἀλλά
1142 628 1188 651 τὸν
1205 625 1254 659 μὲν
1267 625 1316 660 τῆς
1329 625 1437 661 φύσεως
1455 623 1612 658 περιφρονῶ
1625 622 1757 652 πολλάκις

970 671 1081 706 δεσμίαν.
1104 672 1286 704 ἐπικειμένης
1310 671 1358 704 τῆς
1381 669 1478 697 νόσου·
1503 667 1629 704 ὑπερορῶ
1653 669 1682 694 δὲ
1709 667 1757 693 καὶ

971 717 1085 749 παίδων,
1103 717 1151 744 καὶ
1175 716 1238 751 παρ’
1253 715 1330 742 οὐδέν
1353 723 1398 750 μοι
1417 714 1448 741 τὺ
1465 714 1586 748 γύναιον.
1603 713 1689 740 δοκῶν
1706 714 1757 747 ἦίη

971 763 1111 793 τεθνάναι,
1127 765 1175 788 καὶ
1190 761 1334 795 λαγχάνων
1347 761 1395 795 τῆς
1410 761 1518 787 τοιᾶσδε
1533 760 1705 794 προμηθείας
1728 759 1759 785 τὸ

971 808 1137 843 ἐλευθέριον.
1160 807 1244 835 Οῠπω
1256 807 1285 833 δὲ
1298 806 1375 833 ταῦτ’
1400 806 1578 839 ἀποτίθεμαι.
1595 806 1649 833 Καὶ
1663 806 1679 839 ἡ
1695 805 1758 839 περὶ

971 855 1027 881 τῶν
1039 855 1187 889 σκήπτρων
1202 853 1338 888 εἰστριχει
1354 852 1477 887 φροντίς.
1490 853 1528 878 Οὐ
1543 852 1598 887 γάρ
1619 860 1663 878 τοι
1676 852 1759 885 μόνον

972 900 1086 934 ἀγώνων
1102 900 1175 926 ἐστὶν
1188 900 1201 926 ὁ
1221 900 1350 934 μέγιστος
1367 898 1397 925 τὸ
1417 898 1600 932 ἑμπιστενοὶν
1616 897 1758 932 σκῆπτρον

972 945 1166 980 προσηκόντως
1182 944 1356 978 διατηρῆσαι,
1369 942 1438 970 ἀλλὰ
1454 942 1503 968 καὶ
1524 942 1555 967 τὸ
1569 942 1681 972 δεόντως
1704 950 1756 967 πα-

973 990 1176 1026 ραπέμψαιτὶν
1190 989 1290 1025 κλῆρον
1309 986 1349 1020 οἷς
1372 989 1436 1024 χρὴ,
1452 987 1546 1023 ἑμοιγε
1563 987 1636 1021 μάλα
1653 987 1758 1021 λελόγι-

974 1045 1036 1063 σται
1048 1036 1152 1063 δίκαιον
1165 1036 1219 1062 τῶν
1232 1036 1374 1070 προτέρων
1385 1034 1526 1069 ἡγεμόνων
1539 1031 1609 1061 εἶναι
1623 1036 1686 1064 τοὺς
1699 1033 1759 1059 δει-

973 1083 1068 1117 τέρους
1081 1082 1221 1117 ἀμείνους,
1237 1082 1274 1112 ὡς
1287 1081 1322 1108 ἂν
1342 1078 1383 1112 οἷς
1399 1080 1516 1111 ἐκείνοις
1536 1079 1634 1115 συνέϐη
1652 1080 1759 1114 σφαλῆ-

973 1137 1029 1160 ναι,
1042 1125 1116 1154 οὗτοι
1130 1127 1181 1162 τὴν
1196 1127 1333 1162 σφετέραν
1357 1125 1503 1161 διόρθωσιν
1518 1127 1710 1160 ἁπαγάγωσιν.
1728 1126 1759 1152 El

973 1174 994 1199 δ’
1004 1174 1060 1206 οὖν,
1069 1173 1138 1200 ἀλλὰ
1149 1173 1261 1208 σύμπαν
1277 1174 1306 1200 τὸ
1324 1173 1442 1207 ὑπήκοον
1453 1173 1559 1208 ἀνάγκη
1571 1172 1761 1199 διολισθαίνιιν

974 1220 1085 1254 ἀδρανεῖ
1095 1219 1209 1254 κρηπῖδι
1223 1219 1272 1254 τὴν
1288 1218 1429 1254 βασιλείαν
1445 1219 1602 1253 ἑδράσαντι.
1615 1217 1760 1248 Tondeat;

975 1267 1115 1300 φροντίσιν
1133 1265 1324 1292 ὲκδαπανῶντε
1353 1273 1399 1299 μοι
1422 1265 1472 1300 τὴν
1491 1265 1591 1299 ψυχὴν,
1608 1265 1624 1299 ἡ
1649 1267 1761 1290 πάντων

975 1313 1072 1347 ἔφορος
1088 1313 1204 1346 Πρόνοια
1224 1311 1369 1346 ἐπίκουρος
1386 1312 1453 1346 ἡμῖν
1467 1312 1522 1337 τῶν
1539 1312 1628 1337 πόνων
1641 1311 1759 1344 γίνεται,

975 1358 1023 1384 καὶ
1034 1360 1095 1390 ταῖς
1113 1358 1191 1392 ἡμῶν
1205 1357 1312 1392 βουλαῖς
1327 1357 1413 1383 αἴσιον
1428 1357 1459 1382 τὸ
1475 1358 1556 1389 κῦρος
1572 1357 1670 1390 ὲτιαγει
1682 1364 1689 1372 ·
1715 1358 1762 1382 καὶ

975 1405 1030 1430 τῶν
1045 1404 1105 1438 μετ’
1127 1404 1178 1438 ἐμὲ
1197 1403 1392 1438 βασιλεύσοντα
1419 1403 1555 1438 λαμπρῶς
1575 1403 1761 1429 ἀναδείκνυσι·

976 1451 1132 1486 Μαυρίκιον
1150 1451 1268 1482 τουτονὶ,
1285 1450 1370 1485 ἄνδρα
1394 1449 1523 1484 λυσιτελῆ
1543 1449 1592 1484 μὲν
1618 1450 1673 1480 τοῖς
1692 1447 1762 1475 Ῥω-

979 1497 1066 1532 μαίων
1080 1497 1224 1532 γενόμενον
1251 1497 1408 1532 πράγμασι,
1433 1496 1548 1526 πολλούς
1563 1504 1592 1522 τε
1613 1495 1661 1521 καὶ
1676 1495 1764 1529 μεγά-

139 1543 221 1577 spicit
242 1543 417 1572 Providentia
432 1563 440 1575 .
462 1544 606 1572 laboribus
632 1546 736 1572 nostris
766 1544 922 1576 succurrit,

976 1544 1039 1574 λους
1051 1543 1161 1577 ἀγῶνας
1176 1543 1362 1577 διενεγκόντασ
1379 1542 1416 1574 ὡς
1432 1542 1465 1569 ἄν
1477 1550 1519 1573 τις
1536 1542 1618 1574 εῐποι,
1635 1541 1763 1576 ἀρραῦῶ-

140 1588 343 1623 consiliumquc
362 1595 486 1617 nostrum
509 1590 662 1624 auspicata,
682 1591 846 1617 auctoritate
873 1597 922 1616 sua

141 1633 313 1662 confirmavit
326 1655 333 1666 ,
349 1639 377 1662 et
399 1642 462 1662 eum
482 1636 529 1667 qui
544 1641 605 1670 post
621 1643 664 1662 me
680 1635 823 1670 magnifice
838 1636 924 1668 impc-

141 1685 252 1706 raturus
265 1683 318 1712 est,
339 1679 489 1708 declaravit
505 1688 514 1708 :
540 1680 703 1709 llauricium
721 1683 816 1714 istum,
833 1681 924 1708 virum

142 1722 182 1751 rei
208 1724 337 1752 Romanae
367 1733 498 1761 perquam
517 1727 610 1755 utilem
630 1732 658 1754 et
678 1727 864 1761 commodum,
878 1729 926 1763 qui

142 1770 221 1805 plura
236 1776 264 1798 et
278 1779 375 1806 magna
389 1773 539 1800 certamina
556 1773 682 1808 pertulit,
696 1779 724 1801 et.
734 1775 811 1809 quasi
828 1782 926 1809 quem-

143 1819 205 1845 dam
231 1819 427 1853 arrliabouetn,
455 1824 485 1846 ut
513 1820 550 1847 ita
569 1820 670 1854 dicam,
701 1820 799 1848 futurae
811 1829 870 1848 sua;
893 1821 927 1848 de

143 1865 252 1893 civibus
285 1865 458 1900 subditisque
484 1874 559 1893 curat
594 1871 621 1894 et
651 1867 832 1902 providentia:
855 1867 926 1902 apud

144 1912 341 1948 rempublicam
356 1913 495 1948 deposuit.
513 1912 591 1941 Hunc
607 1914 697 1949 ipsum
708 1914 790 1941 hodie
807 1914 927 1948 impera-

145 1964 231 1986 torem
261 1959 448 1994 corispicictis.
465 1958 551 1987 Tanta
579 1964 672 1987 autem
694 1960 872 1995 persuasione
900 1965 929 1987 et

145 2005 244 2032 liducia
258 2005 336 2032 illum
360 2005 483 2032 maxima:
498 2006 620 2033 omnium
637 2006 869 2034 administrationi
882 2006 930 2033 ad-

145 2051 236 2083 hibeo,
249 2051 461 2086 haudquaquam
476 2057 567 2079 mente
577 2052 748 2085 claudicans,
761 2058 810 2080 aut
821 2060 928 2085 errans,

150 2103 179 2126 nt
203 2106 257 2126 non
283 2099 363 2126 modo
382 2099 527 2134 imperium
544 2099 581 2131 ei,
599 2107 695 2126 verum
718 2099 800 2126 ctiatn
817 2099 928 2126 ﬁliolam

146 2148 267 2178 credam,
289 2145 402 2180 pignore
424 2149 500 2172 tanto
520 2150 625 2172 natura:
650 2145 746 2180 ipsius,
777 2147 851 2174 bono
881 2154 930 2174 vos

146 2192 240 2219 aniiuo
267 2199 327 2219 esse
349 2191 459 2227 jubens.
480 2192 507 2220 Id
529 2192 602 2227 quod
629 2193 703 2219 velut
731 2192 929 2220 consolationis

146 2239 287 2270 viaticum,
305 2247 411 2266 mecum
437 2239 503 2266 mihi
523 2240 629 2266 laturus
653 2239 686 2266 ad
709 2239 817 2275 lortgam
838 2240 929 2272 istam,

147 2286 219 2313 unde
241 2285 341 2312 reverti
360 2293 413 2312 non
437 2285 529 2317 liceat,
544 2286 731 2320 migrationem
754 2286 861 2313 videor.
877 2285 930 2313 Vos

147 2333 200 2368 ipsi
215 2338 306 2360 autem
324 2332 417 2360 idonei
435 2337 463 2360 et
482 2331 535 2359 fide
549 2332 623 2368 digni
641 2333 832 2368 pulcherrima:
848 2333 931 2368 hujus

146 2381 330 2410 ordinationis
354 2385 437 2408 testes
451 2380 518 2408 mihi
537 2381 615 2411 estis,
631 2387 664 2407 ex
679 2387 713 2407 eo
735 2379 808 2414 quod
831 2387 928 2406 eorum

147 2427 195 2462 qui
213 2428 357 2463 imperium
373 2433 496 2454 nostrum
515 2427 619 2454 dudum
644 2425 884 2457 adtuinistraruut,
902 2430 930 2452 et

147 2473 374 2510 hujuspratcipue
386 2473 437 2500 viri
447 2473 599 2507 periculqu
614 2472 729 2503 fecistis,
743 2473 790 2505 qui
806 2472 930 2506 pruden-

147 2521 253 2548 tissime
265 2527 315 2548 nos
327 2525 370 2548 est
383 2523 570 2547 consectatus.
581 2519 623 2547 Tu
636 2526 714 2550 vero.
731 2519 855 2550 Maurici,
870 2519 930 2553 pul-

145 2566 314 2594 chen-imum
325 2566 391 2593 mihi
403 2566 573 2601 epitaphiqu
590 2566 736 2601 imperium
748 2571 824 2593 tuum
839 2567 929 2593 lacere

146 2619 239 2646 perge,
255 2616 284 2640 et
312 2613 467 2647 sepulcrum
483 2619 575 2639 meum
592 2611 743 2639 virtutibus
767 2613 822 2639 tuis
848 2620 930 2639 exor-

146 2666 180 2685 na
196 2658 256 2694 (l),
285 2666 374 2694 neque
396 2667 472 2694 spem
498 2666 593 2686 eorum
619 2659 666 2694 qui
698 2659 746 2686 tibi
777 2659 930 2687 concrediti

146 2711 224 2738 sunt,
243 2713 292 2740 per
306 2705 424 2733 dedecus
436 2705 544 2738 fallens,
560 2714 649 2741 neque
662 2706 780 2734 virtutes
795 2705 854 2740 ipse
871 2712 931 2733 tuas

147 2751 281 2779 oblivioni
309 2752 432 2783 tradens,
458 2757 485 2779 et
510 2753 593 2780 veluti
616 2753 761 2787 pristinam
785 2753 868 2780 animi
891 2753 930 2780 tui

147 2799 359 2834 generositatem
373 2798 490 2835 fugiens.
514 2799 630 2828 Proinde
653 2800 797 2836 potestatis
812 2800 932 2827 insolen-

976 1599 1025 1620 νας
1037 1588 1095 1616 οἷόν
1109 1598 1185 1621 τινας
1209 1588 1478 1623 προκατατιοέμενον
1494 1588 1544 1622 τῆς
1563 1588 1636 1622 ἀμφὶ
1649 1588 1680 1614 τὸ
1693 1588 1764 1622 ὑπή-

976 1645 1040 1663 κοον
1051 1636 1127 1672 αὐτῷ
1141 1636 1272 1672 ἐσομένης
1291 1636 1431 1670 προνοίας.
1443 1636 1545 1664 Τοῦτον
1565 1636 1657 1662 τοίνυν
1680 1635 1764 1662 αὑτο-

977 1683 1098 1717 κράτορα
1114 1683 1236 1717 τήμερον
1247 1681 1356 1716 ὄψεσθε·
1377 1681 1449 1708 οὕτω
1472 1681 1499 1708 δὲ
1516 1680 1657 1712 πεποιθώς
1682 1681 1740 1714 εἰμι
1755 1700 1763 1713 ,

977 1730 1024 1756 καὶ
1051 1729 1224 1765 θαρρούντως
1245 1727 1384 1756 ἐπιϐάλλω
1405 1729 1437 1764 τῇ
1457 1727 1575 1764 μεγίστῃ
1589 1727 1644 1754 τῶν
1660 1726 1765 1762 διοική-

979 1785 1047 1802 σεων
1064 1776 1198 1811 μηδαμῶς
1213 1774 1341 1810 χωλεύων
1355 1774 1428 1802 κατὰ
1441 1774 1574 1806 διάνοιαν,
1585 1774 1622 1805 ὡς
1637 1774 1668 1800 οὗ
1683 1773 1766 1808 μόνον

977 1824 1028 1858 τὴν
1040 1822 1193 1858 βασιλείαν,
1209 1822 1277 1848 ἀλλὰ
1291 1821 1340 1848 καὶ
1360 1821 1391 1848 τὸ
1407 1821 1555 1856 Θυγάτριον
1579 1821 1667 1856 τούτῳ
1681 1829 1766 1847 κατα-

979 1869 1110 1900 πιστεύω,
1120 1868 1271 1904 τηλικούτῳ
1281 1868 1388 1903 φύσεως
1397 1867 1517 1903 ἐνεχύρῳ
1525 1868 1670 1903 θαρρύνων
1680 1868 1764 1902 ὑμᾶς.

981 1917 1013 1942 Ὃ
1026 1916 1058 1951 δή
1075 1924 1121 1951 μοι
1136 1915 1184 1942 καὶ
1206 1915 1311 1950 ἐφόδιον
1333 1915 1513 1950 ψυχαγωγίας
1529 1914 1692 1941 ἀποίσεσθαι
1720 1922 1766 1948 μοι

978 1963 1050 1991 δοκῶ
1075 1963 1125 1997 τῆς
1156 1962 1268 1997 μακρᾶς
1304 1962 1353 1989 καὶ
1378 1962 1585 1996 ἁνυποστρὸφου
1611 1961 1765 1996 ἐκδημίας.

986 2011 1082 2045 Ὑμεῖς
1097 2010 1126 2036 δὲ
1147 2017 1191 2043 μοι
1217 2009 1356 2044 μάρτυρες
1379 2009 1512 2044 ἀξιόχρεῳ
1536 2010 1585 2043 τῆς
1618 2008 1766 2043 καλλίστης

979 2058 1060 2092 τῆσδε
1075 2055 1238 2088 συντάξεως·
1252 2055 1282 2087 ἐξ
1309 2054 1347 2082 ὧν
1367 2063 1396 2082 τε
1417 2056 1434 2090 ἡ
1440 2056 1496 2089 μῶν
1513 2055 1597 2082 πάλαι
1611 2056 1676 2081 ποτὲ
1691 2056 1768 2081 ἐπει-

982 2107 1083 2142 ράθητε
1107 2104 1157 2139 τὴν
1186 2103 1337 2138 ἡγεμονίαν
1365 2103 1558 2137 ἡνιοχοὺντων,
1586 2102 1633 2129 καὶ
1660 2104 1767 2129 τουτονὶ

981 2150 1279 2187 συιιπαρομαρτοῦντος
1294 2149 1354 2176 λίαν
1371 2151 1437 2185 ἡμῖν
1451 2149 1671 2184 ἐμφρονέστατα.
1687 2150 1724 2176 Σὺ
1739 2150 1768 2176 δὲ

983 2208 1039 2234 μοι,
1060 2198 1208 2233 Μαυρίκιε,
1223 2196 1368 2223 κάλλιστον
1394 2196 1460 2230 ἡμῖν
1488 2195 1633 2230 ἐπιτάφιον
1647 2196 1696 2230 τὴν
1717 2195 1768 2231 σὴν

983 2244 1124 2281 βασιλειαν
1140 2243 1225 2270 ποιῶν
1240 2241 1368 2269 διατέλει·
1396 2242 1443 2268 καὶ
1460 2241 1506 2267 τὸν
1521 2241 1587 2276 ὲμὸν
1601 2241 1688 2276 τάφον
1706 2243 1768 2273 ταῖς

983 2293 1045 2322 σαῖς
1059 2291 1170 2325 ἀρεταῖς
1185 2289 1339 2323 διακόσμει·
1355 2288 1426 2323 μήτε
1456 2289 1507 2319 τὰς
1534 2287 1589 2314 τῶν
1620 2295 1662 2314 σοι
1688 2296 1769 2314 1151:.-

981 2337 1135 2364 στευκότων
1145 2335 1281 2371 αἰσχύνων
1304 2335 1426 2367 ἐλπίδας,
1443 2333 1506 2369 μήτ’
1521 2335 1628 2368 ἀρετῶν
1644 2334 1770 2370 ἐπιλεληο

981 2384 1080 2418 σμένος
1095 2383 1149 2410 τῶν
1176 2383 1242 2414 σῶν,
1261 2382 1308 2408 καὶ
1332 2381 1380 2407 τοῦ
1406 2381 1470 2416 πρὶν
1499 2381 1629 2415 εὐγενοῦς
1654 2381 1704 2415 τῆς
1719 2381 1768 2416 σῆς

980 2430 1070 2464 ψυχῆς
1097 2429 1134 2460 ὡς
1161 2429 1280 2464 μάλιστα
1294 2427 1482 2463 δραπετεύων
1497 2426 1559 2454 ὅθεν
1583 2427 1631 2454 καὶ
1657 2427 1768 2462 χαλίνου

960 2504 966 2508 ,
983 2477 1056 2512 λόγῳ
1075 2476 1105 2503 τὸ
1119 2476 1169 2510 τῆς
1195 2475 1320 2508 ἐξουσίας
1335 2474 1488 2510 ἀγέρωχον,
1511 2473 1557 2500 καὶ
1582 2473 1727 2509 φιλοσοφίᾳ
1739 2474 1770 2500 τὸ

983 2523 1031 2550 τοῦ
1043 2523 1159 2558 κράτους
1175 2522 1277 2556 σκάφος
1288 2521 1405 2552 olentis.
1426 2519 1460 2548 Ἦ
1471 2519 1526 2556 γὰρ
1539 2519 1664 2555 βασιλεία
1673 2520 1770 2554 χρῆμά

983 2579 1010 2596 τι
1025 2571 1079 2596 τῶν
1092 2568 1203 2604 ὑψηλῶν
1219 2569 1368 2603 μετέωρον,
1378 2568 1408 2598 ἐς
1424 2568 1494 2602 μέγα
1508 2567 1552 2593 τὸν
1564 2566 1666 2602 ταύτης
1680 2567 1768 2600 ὑπερ-

984 2616 1139 2650 καϐήμενον
1156 2615 1283 2649 αἴρουσα,
1305 2613 1352 2640 καὶ
1373 2614 1436 2645 τοὺς
1459 2612 1607 2647 λογισμοὺς
1621 2611 1770 2647 ἐκμοχλεύ-

983 2669 1051 2688 ουσα
1077 2659 1229 2687 Οίεσθαιόέ
1258 2667 1287 2685 σε
1304 2659 1393 2694 χρεὼν
1419 2658 1457 2694 μὴ
1487 2659 1597 2684 πάντων
1624 2657 1770 2692 ὑπερέχειν

982 2706 1124 2741 φρονήσει”
1147 2706 1173 2733 εί
1201 2705 1248 2732 καὶ
1269 2705 1305 2732 τὰ
1330 2705 1381 2738 τῆς
1406 2703 1492 2739 τύχης
1517 2702 1695 2737 ὑπερϐάλλει,
1722 2703 1771 2730 καὶ

983 2752 1072 2787 ὑψηλὰ
1092 2751 1312 2778 κατεσκεύασται
1339 2751 1415 2786 παρὰ
1444 2752 1560 2782 πάντας.
1579 2751 1640 2776 Τῶν
1663 2758 1696 2783 γε
1715 2749 1770 2784 μὴν

984 2799 1112 2834 ὑπηκόων
1151 2798 1201 2831 τὴν
1238 2795 1356 2831 εὔνοιαν,
1392 2797 1408 2832 ἢ
1440 2797 1486 2824 τὸν
1526 2796 1610 2832 φόΰον
1641 2795 1770 2831 θηρεύειν

183 2880 222 2916 tl)
247 2880 464 2908 Pulcherrimutu
500 2880 658 2909 decedentis
687 2881 818 2916 principis
841 2879 1019 2916 epitaphium,
1042 2878 1131 2907 bonus
1146 2884 1298 2906 succchor.
