1915 3094
160 126 210 158 311

588 126 891 157 ECCIESIAS’HCJ!
907 127 1101 158 HlSTOIlI;E
1116 130 1194 161 LIB.
1213 131 1327 164 XVIII.

1735 135 1785 165 342

159 184 266 220 πειρῶ.
296 185 349 211 Τὸν
374 183 395 210 δ’
421 184 532 220 ἔλεγχον
564 186 664 220 μᾶλλον
693 187 789 223 ἀγάπα
819 187 950 218 θωπείας,

1008 190 1069 217 liam
1097 191 1202 218 ratione
1229 192 1270 219 {ac
1294 192 1401 225 frencs,
1428 197 1457 220 et
1484 193 1787 227 philosophizeartibus

157 227 258 263 οἷάπερ
275 229 435 255 διδάσκαλον
452 229 625 257 καθεστῶτα.
645 231 754 265 ῐῐέφυκε
775 232 828 266 γάρ
854 241 911 262 πως
928 233 945 267 ἡ

158 275 269 307 ἐξουσία
284 275 462 310 ἀνουθέτητόν
475 284 502 303 τι
524 277 629 311 χρῆμα,
642 279 689 303 καὶ
713 277 838 310 παιδείας
855 278 945 314 ἥκιστ’

158 322 323 356 ἀνεχομένη.
347 322 404 356 Πρὸ
419 322 473 349 τῶν
496 323 551 349 σῶν
571 323 719 358 ὀφθαλμῶν
743 324 759 358 ἡ
786 323 847 359 δίκη
871 332 947 351 συνε-

158 368 294 404 δρεύουσα
311 369 451 403 παρέστω.
471 369 680 404 πρυτανεύουσα
701 369 749 405 τὴν
777 370 831 396 τῶν
850 369 946 404 βεϐιω-

161 414 252 447 μένων
266 414 410 442 ἀντίδοσιν.
427 414 531 449 Νόμιζε
547 415 577 441 δὲ
593 415 639 441 καὶ
650 416 699 450 τὴν
714 415 857 451 πορφύραν
873 416 949 442 εὐτε-

159 459 207 490 λές
222 467 249 485 τι
265 461 349 495 ῥάκος
366 468 406 486 σοι
424 460 597 495 ἐπικείμενον
612 461 651 496 τῷ
669 461 837 495 φιλοσοφεῖν·
857 463 903 488 τὸν
920 461 948 488 δέ

158 514 192 539 γε
221 507 356 541 στέφανον
384 507 413 533 ὃν
438 508 620 542 περίκεισαι,
651 508 734 542 μηδὲν
760 508 872 551 ξιοίσειν
895 510 949 535 τῶν

110 585 114 587 Α
160 551 232 585 ἀμφὶ
245 553 301 583 τοῖς
318 552 453 586 αἰγιαλοῖς
467 554 524 583 τοῖς
537 553 692 584 Θαλαττίοις
710 554 949 589 περικλυζομένων

135 598 138 601 ’
158 597 295 632 ψηφίδων.
311 598 348 624 Τὸ
367 598 394 624 δὲ
418 599 468 633 τῆς
486 599 647 635 ἁλουργίδας
673 600 753 631 ἄνθος
769 602 882 634 στυγνὸν
906 600 948 632 ὃν,

159 644 235 670 δοκεῖ
252 652 298 678 μοι
314 645 371 676 τοῖς
388 645 530 680 βασιλεῦσι
548 647 711 681 παρεγγυᾷν
722 646 752 672 τὺ
769 646 950 681 μετριοπαθές

161 690 210 716 ἐπὶ
227 692 287 722 ταῖς
299 691 467 725 εὐπραγίαις
484 693 591 718 ἀσκεῖν·
609 693 656 719 καὶ
678 693 716 728 μὴ
733 692 950 727 περιγὰννυσοαι

160 735 213 762 καὶ
230 737 415 771 φρυάττεσθαι
431 739 463 772 τῇ
479 738 603 772 πενθίμῳ
627 738 713 774 ταύτῃ
736 740 785 773 τῆς
802 738 951 774 μοναρχίας

165 784 260 818 στολῇ·
278 785 309 810 οὐ
333 785 389 818 γὰρ
413 785 540 817 ἐξουσίαν
568 786 736 819 ἀκόλαστον,
764 786 821 813 ἀλλ’
847 786 951 819 ἔνδοξον

163 829 266 863 μᾶλλον
281 830 406 857 δουλείαν
420 831 450 857 τὸ
461 832 510 866 τῆς
529 831 669 868 βασιλείας
686 834 824 868 σκῆπτρον
841 833 951 866 φιλοσο-

160 875 222 908 φεῖν
239 874 449 908 ἐπαγγέλλεται.
469 875 606 909 Ἦγιίσθω
621 876 672 912 τῆς
693 876 780 911 ὀργῆς
803 876 834 902 τὺ
858 876 952 910 φιλάν-

161 920 285 954 θριντιον⁹
300 921 350 954 τῆς
374 921 402 947 δὲ
419 922 660 957 μεγαλοφροσύνης
682 924 696 949 6
721 923 813 957 φόϐος.
831 923 885 949 Καὶ
899 923 952 957 γὰρ

161 966 209 992 καὶ
225 967 287 997 ταῖς
303 966 443 1001 μῖλετταις
470 968 487 1001 ἡ
503 968 583 1002 φύσις
610 969 748 1003 ἡγεμόνας
771 968 887 1001 διέταξε·
904 968 952 994 καὶ

161 1013 209 1039 τιν
224 1013 302 1045 σφῶν
319 1012 433 1047 βασιλέα
458 1014 505 1040 καὶ
522 1014 628 1049 κέντρῳ
643 1014 828 1048 καθώπλισεν,
857 1014 951 1050 ὥσπερ

161 1065 190 1083 τι
208 1058 311 1092 κράτος
322 1058 478 1093 αὐτόματον
491 1060 707 1094 ὲγκενῑρίζουσά
724 1069 785 1092 πως
802 1059 887 1095 αὐτῷ.
906 1061 951 1088 ἵνα

162 1105 211 1130 καὶ
228 1104 359 1136 πλήττειν
372 1105 428 1139 ἔχοι
443 1106 489 1131 τὸν
505 1106 542 1141 μὴ
569 1107 765 1141 προσηκόντως
780 1107 953 1142 πιιθόμενον.

168 1150 240 1176 Ἀλλ’
254 1150 356 1185 ἥκιστα
371 1151 465 1186 ἐκείνῃ
477 1152 507 1178 τὸ
523 1153 636 1188 κέντρον
658 1153 833 1186 τυραννικὸν,
859 1153 952 1187 δημω-

162 1196 246 1229 qua;
264 1196 293 1222 δὲ
308 1197 410 1231 μᾶλλον
425 1200 470 1223 καὶ
486 1197 602 1225 δίκαιον.
627 1198 733 1226 Οὐκοῦν
756 1199 867 1234 ἐκείνης
891 1198 954 1225 ἐσό-

165 1241 237 1274 μεθα
253 1242 384 1275 μιμηταὶ,
400 1242 425 1268 εί
443 1243 480 1276 μή
499 1251 530 1276 γε
544 1243 622 1278 λόγος
633 1244 776 1279 δεδύνηται
789 1244 950 1279 χαρίζεσθαι

163 1287 213 1314 καὶ
228 1287 263 1313 τὰ
280 1287 404 1322 μείζονα.
420 1288 514 1315 Ταῦτα
528 1289 579 1324 μὲν
593 1290 606 1316 ὸ
623 1290 775 1325 προϐολεὺς
790 1290 846 1324 ἐγώ
860 1297 867 1305 ⁵
882 1289 953 1321 Eiet;

162 1333 193 1360 δὲ
208 1333 258 1368 τῆς
272 1334 385 1369 γνώμης
403 1334 499 1369 ὥσπερ
518 1335 654 1372 δικαστὴν
676 1337 726 1372 τὴν
749 1336 874 1370 ἐξουσίαν
893 1335 954 1362 ἀδέ-

997 236 1136 270 sapieuter
1163 238 1291 272 potentiae
1307 239 1436 273 scapham
1463 239 1610 273 gubernes.
1634 239 1781 273 imperium

998 290 1116 317 namque
1137 291 1181 310 res
1206 283 1329 318 quaadam
1350 289 1393 311 est
1426 283 1552 311 sublimis
1571 287 1599 310 et
1621 285 1741 312 excelsa.
1761 284 1786 308 in

998 328 1084 355 altum
1112 329 1195 364 817
1210 329 1258 363 qui
1281 329 1306 357 ei
1335 329 1456 357 insident
1475 327 1635 361 sustollens.
1658 334 1685 356 et
1711 333 1785 356 recte

1000 374 1116 409 cogitata
1132 375 1284 403 excutiens.
1304 375 1415 403 Minime
1441 383 1507 403 vero
1526 376 1687 412 'opinionem
1715 383 1788 407 eam,

999 420 1071 455 quod
1090 420 1236 454 prudentia
1252 422 1380 449 omnibus
1405 425 1528 454 antecas,
1546 422 1677 456 concipe,
1693 429 1790 456 quam~

1004 467 1044 494 vis
1058 466 1180 499 fortuna,
1192 475 1253 502 quas
1270 468 1318 495 tibi
1340 468 1466 495 sublimis
1481 468 1606 501 contigit,
1635 476 1730 495 omnes
1745 476 1790 494 su-

1004 519 1092 547 peres.
1111 512 1197 540 Porro
1214 513 1314 540 civium
1333 518 1359 540 et
1375 513 1549 541 subditorum
1568 513 1788 541 benevolentiam

1000 557 1092 592 potius
1108 565 1188 592 quam
1217 563 1317 586 metum
1342 559 1384 586 [ac
1400 560 1572 586 consecteris
1586 579 1594 592 ,
1615 563 1641 586 et
1660 559 1790 592 objurga-

1000 604 1105 631 tionem
1126 606 1223 639 magis,
1232 606 1346 639 perinde
1362 611 1443 640 atque
1457 605 1616 641 magistrum
1629 605 1788 639 quemdam,

1002 657 1084 684 quam
1105 651 1337 683 assentationem,
1362 651 1556 686 complectare.
1573 651 1697 678 Potestas
1712 658 1789 677 nam-

1002 702 1055 730 que
1077 702 1122 723 res
1148 696 1271 731 qnzedam
1297 701 1358 730 est,
1385 705 1446 731 qua:
1474 696 1616 723 admoneri
1643 695 1790 730 docerique

1002 741 1082 772 nolit.
1094 747 1119 769 et
1135 742 1344 777 castigationem
1361 750 1431 778 mgre
1448 744 1526 770 ferat.
1542 742 1611 769 Ante
1623 741 1719 769 oculos
1730 747 1791 768 tuos

1003 787 1127 815 assidens
1134 787 1244 815 Justitia
1260 787 1386 820 excubet,
1397 796 1458 822 qua:
1471 789 1533 815 vitae
1545 794 1644 815 nostra:
1652 788 1789 814 actionum

1004 833 1255 861 remunerationem
1270 841 1318 867 pro
1341 841 1447 861 summa
1472 842 1519 861 sua
1536 837 1671 868 potestate
1686 831 1790 859 consti—

1005 879 1067 905 tuit.
1090 879 1240 914 Purpuram
1255 879 1370 914 perinde
1390 884 1472 914 atque
1497 879 1579 906 vilem
1604 885 1723 912 pannum
1742 878 1790 905 tibi

1004 923 1135 957 injectum
1156 931 1228 955 esse,
1242 931 1291 957 per
1310 923 1493 958 philosophia:
1515 923 1633 949 Studium
1652 922 1789 949 existima.

1003 969 1138 997 Coronam
1154 973 1246 996 autem
1262 977 1315 1003 qua
1330 974 1411 1004 caput
1425 975 1501 995 tuum
1519 972 1641 996 cinctum
1654 972 1706 999 est,
1719 967 1790 994 nihil

1004 1023 1017 1040 a
1033 1014 1133 1049 lapillis
1149 1014 1196 1049 qui
1211 1015 1285 1042 circa
1303 1015 1531 1043 marinumlittus
1543 1013 1672 1042 fluctibus
1684 1013 1792 1040 alluun-

1004 1064 1060 1093 tur,
1075 1060 1187 1088 diﬂ‘erre
1203 1066 1278 1096 puta.
1296 1061 1355 1096 Ipse
1383 1069 1510 1096 purpura:
1534 1060 1585 1087 llos
1598 1079 1605 1092 ,
1620 1059 1692 1094 quod
1722 1059 1790 1085 eub-

1009 1105 1115 1132 tristior
1139 1111 1190 1137 cst,
1212 1106 1352 1133 exhortari
1383 1106 1449 1132 mihi
1471 1105 1611 1140 principes
1625 1104 1744 1135 videtur,
1761 1107 1792 1130 ut.

1007 1150 1225 1178 moderationem
1239 1151 1322 1178 animi
1335 1151 1416 1177 rebus
1430 1150 1559 1177 secundis
1572 1157 1681 1176 servare
1695 1155 1792 1176 assue-

1005 1199 1092 1227 scant,
1109 1203 1199 1230 neque
1221 1195 1336 1222 nimium
1359 1196 1495 1225 laetentur.
1518 1199 1565 1222 aut
1586 1195 1711 1222 luctuosa
1739 1193 1792 1220 ista

1006 1238 1173 1270 rrTonarchia:
1187 1242 1255 1269 stola
1274 1242 1437 1276 superbiant
1450 1242 1502 1276 (ι).
1520 1241 1629 1276 Imperii
1654 1240 1790 1274 siquidem

1001 1293 1139 1323 sceptrum
1155 1296 1210 1315 non
1237 1288 1446 1315 immoderatam
1471 1291 1633 1322 potestatem
1646 1305 1653 1317 ,
1669 1285 1715 1313 sed
1731 1285 1791 1320 glo-

1004 1335 1103 1362 riosam
1131 1335 1224 1369 potius
1246 1334 1406 1361 servitutem
1436 1340 1567 1360 excrcere
1593 1332 1732 1359 admonet.
1743 1330 1792 1357 iraa

163 1388 277 1412 καοτον,
294 1380 310 1414 ἧ
325 1380 452 1415 τιμῶσαν
468 1381 517 1412 τὰς
534 1381 646 1416 ἀρετὰς,
663 1383 678 1418 ἢ
695 1383 745 1418 τὴν
759 1382 860 1409 κακίαν
885 1389 956 1415 φαυ-⁸

1008 1380 1123 1414 imperet
1158 1379 1315 1406 humanitas
1341 1384 1369 1406 et
1400 1378 1600 1410 misericordia,
1630 1376 1792 1411 arrogantiae

163 1425 303 1457 λίξουσαν.
324 1436 334 1453 ι

1008 1431 1096 1454 autem
1113 1423 1206 1452 timor.
1229 1424 1296 1452 Nam
1320 1431 1348 1452 et
1364 1425 1462 1459 apibus
1485 1428 1583 1451 natura
1597 1424 1682 1451 duces
1698 1422 1791 1454 dedit;

163 1481 315 1508 earumque
331 1482 422 1510 regem
447 1476 543 1503 aculeo
564 1477 642 1511 quasi
681 1476 799 1512 quadam
836 1479 986 1510 spontanea
1006 1480 1034 1503 et
1066 1474 1185 1501 naturali
1213 1477 1347 1508 potestate
1376 1473 1494 1500 armavit
1523 1473 1581 1507 (2),
1610 1476 1640 1499 ut
1671 1479 1793 1506 pungere

164 1521 248 1546 etiam
268 1527 330 1546 eum
355 1520 453 1554 possit.
478 1521 525 1555 qui
548 1521 670 1556 legitime
692 1529 747 1549 non
769 1525 874 1556 pareat.
891 1520 946 1548 Sed
966 1521 1025 1556 apis
1056 1520 1169 1547 minime
1203 1519 1386 1554 tyrannicum,
1405 1526 1499 1545 verum
1523 1518 1662 1545 communi
1680 1516 1791 1544 utilitati

164 1568 336 1594 commodum
354 1569 493 1603 etjustum
519 1569 643 1596 aculeum
661 1569 752 1596 habet.
787 1568 880 1603 Itaque
912 1567 986 1595 illius
1023 1567 1118 1594 saltem
1143 1567 1247 1594 erimus
1280 1567 1448 1599 imitatOres,
1476 1566 1612 1601 siquidem
1640 1565 1709 1592 ratio
1735 1564 1792 1598 ipsa

163 1613 281 1640 consilia
298 1613 410 1640 meliora
422 1614 557 1648 subjicere
580 1615 634 1641 nuh
649 1615 747 1642 valeat.
762 1614 898 1649 Equidem
932 1614 965 1641 ad
985 1618 1012 1641 te
1045 1614 1114 1645 htec,
1140 1613 1225 1640 veluti
1242 1612 1392 1647 productor
1410 1618 1474 1639 tuus
1494 1617 1522 1639 et
1541 1620 1652 1647 parcns.
1676 1607 1791 1638 Consilii

165 1666 260 1688 autem
283 1661 366 1687 nostri
386 1660 506 1695 judiccm
548 1661 664 1688 habebis
693 1665 869 1695 potestatem,
904 1661 939 1687 ab
968 1660 1113 1688 alfcctioue
1148 1659 1224 1695 omni
1246 1663 1274 1686 et
1299 1658 1461 1686 muneribus
1482 1659 1671 1693 incorruptam
1687 1678 1694 1692 ,
1710 1657 1792 1685 simul

166 1712 194 1734 et
221 1708 337 1735 virtutes
360 1707 433 1742 ipsas
455 1713 676 1735 remunerantem
691 1727 698 1740 ,
726 1713 753 1736 et
782 1708 848 1735 vitia
877 1713 1064 1735 coercentem.
1084 1716 1093 1732 ι

470 1778 596 1806 ΚΕΦΑΛ,
615 1778 650 1805 Ζ’.

205 1825 275 1859 Περὶ
287 1825 342 1860 τῆς
356 1824 488 1859 ὁράσεως
503 1825 552 1851 καὶ
566 1825 708 1859 τελευτῆς
724 1825 851 1859 Τιϐερίου
870 1824 920 1851 τοῦ

451 1860 682 1895 αὐτοκράτορος.

206 1919 273 1944 Ὅτε
299 1918 390 1944 τοίνυν
416 1918 450 1944 τὰ
481 1919 530 1952 τῆς
558 1918 703 1951 διαλέξεως
731 1917 898 1953 ὲπερατοῦτο
919 1917 957 1951 τῷ

170 1963 363 1997 αὐτοκράτορι,
381 1962 449 1989 πολὺ
463 1963 492 1989 τὺ
509 1953 627 1998 δάκρυον
646 1963 722 1999 ἕρρει
739 1963 893 1997 ἀνιωμένου
910 1963 957 1988 τοῦ

172 2009 295 2044 ὑπηκόου
309 2008 348 2044 τῷ
365 2008 457 2035 πάθει.
482 2006 550 2035 Εἶτα
571 2009 621 2044 τὴν
638 2010 775 2043 στεφάνην
791 2011 805 2036 ό
832 2008 958 2042 βασιλεὺς

171 2054 321 2088 ἀράμενος,
340 2054 389 2088 τήν
405 2061 434 2079 τε
451 2054 595 2089 πορφυρᾶν
622 2054 747 2089 χλαμύδα
769 2054 887 2089 ἀμπεῐχε
914 2053 959 2079 τὸν

172 2100 313 2134 Καίσαρα.
328 2099 417 2134 Πολλὴ
435 2098 463 2125 δὲ
482 2099 536 2125 τῶν
557 2100 686 2134 ὑπηκόων
710 2100 726 2135 ἡ
750 2100 797 2134 τῆς
823 2099 958 2134 εὐφημίας

171 2145 296 2179 ἑξηχείτο
321 2145 381 2179 βοή.
403 2144 436 2171 Ol
460 2145 509 2180 μὲν
524 2146 580 2180 γὰρ
597 2145 643 2171 τὸν
669 2146 894 2180 προστησάμενον
908 2144 960 2178 τῆς

173 2191 318 2222 εὐϐουλίας
343 2191 490 2226 ἀγάμενοι,
514 2193 538 2218 ol
561 2191 590 2218 δὲ,
615 2191 662 2217 τὶν
686 2192 891 2227 ἀναρρηθέντα·
919 2189 960 2222 οἷς

172 2238 271 2265 ἑαυτὸν
298 2238 346 2272 τῆς
369 2237 507 2272 τοσαύτης
529 2238 682 2272 ἡγεμονίας
711 2238 847 2274 παρέθετο
873 2238 959 2270 ἄξιον.

174 2284 280 2318 ’Ἄμφω
295 2283 322 2310 δὲ
335 2283 380 2309 τὸν
395 2283 498 2310 τούτων
512 2284 644 2310 ἁπάντων
657 2284 743 2310 αἴτιον
755 2283 910 2319 εὐφήμουν,
923 2284 961 2316 ὡς

173 2329 263 2355 πάντα
280 2328 474 2364 ξυμφερόντως
485 2329 722 2364 οἰκονομήσαντα.
753 2329 796 2360 Ὠς
811 2329 839 2356 δὲ
861 2330 895 2356 τὰ
911 2330 961 2363 τῆς

173 2376 385 2410 ἀναγορεύσεως
419 2377 492 2410 κατὰ
518 2377 582 2408 τοὺς
616 2377 775 2412 βασιλικοὺς
803 2378 962 2404 ἀπετελεῖτο

175 2421 308 2455 οεσμοὺς,
325 2421 371 2446 ἐπὶ
384 2422 433 2455 τὴν
446 2422 545 2448 ἑαυτοῦ
568 2423 663 2458 κλίνην
685 2422 837 2455 ἀναζεύξας
854 2423 867 2449 ὁ
883 2423 961 2458 βασι-

176 2467 250 2498 λεὺς,
261 2467 327 2501 όναρ
338 2467 461 2494 τεθέατο.
481 2467 585 2494 Ἐδόκει
598 2468 651 2506 γὰρ
667 2467 809 2503 πάγκαλόν
826 2477 853 2495 τι
865 2469 961 2504 χρῆμα

176 2513 272 2547 ἀνδρὸς
282 2512 345 2546 tow
359 2513 435 2547 ὀρᾷν,
453 2513 525 2547 λόγῳ
539 2514 589 2549 μὲν
603 2514 731 2549 ἄρῤητον,
745 2516 839 2550 γραφῇ
857 2515 885 2542 δὲ
897 2515 961 2550 ἁμί-

179 2564 275 2592 μητον·
287 2557 369 2593 ἐσθὴς
381 2557 477 2593 ἐκείνῳ
487 2557 571 2594 λευκὴ
581 2558 626 2585 τὸν
636 2559 716 2585 τόπον
726 2560 959 2594 περιαυγάζουσα.

214 2635 253 2667 (1)
274 2635 428 2670 Antigonus
445 2645 492 2664 rex
516 2637 601 2665 filium
629 2638 746 2665 intuitus
769 2638 885 2666 subditis
905 2638 962 2665 vio-

179 2672 282 2707 lentius
309 2677 433 2707 utentem
450 2679 480 2698 ac
502 2673 647 2707 superbius
661 2681 668 2700 ς
686 2674 743 2699 Οὺκ
759 2671 846 2704 οἶσθα,
862 2674 960 2707 inquit,

180 2703 202 2742 ᾧ
217 2707 276 2736 παῖ,
295 2706 346 2742 τὴν
367 2706 506 2742 βασιλείαν
528 2703 606 2742 ἡμῶν
626 2707 728 2740 ἔνδοξον
741 2703 958 2740 εἷναιδουλεῖινᾷ

180 2741 232 2767 hoc
243 2745 296 2771 est.
317 2740 415 2777 Nescis.
428 2740 478 2777 ﬁli,
494 2740 656 2769 dominatum
668 2748 785 2770 nostrum
798 2743 961 2777 splendidam

181 2784 236 2812 csse
243 2776 393 2802 seruitutem
402 2776 415 2801 ?
428 2776 561 2804 Pindarus
569 2785 687 2812 quoque,
701 2776 815 2805 omnem
825 2778 925 2811 regiam
935 2783 962 2804 ut

181 2811 300 2838 aulicam
317 2812 499 2842 phantasiam.
528 2813 599 2838 sicut
614 2821 674 2838 eam
694 2813 781 2840 Lucas
809 2814 868 2840 Act.
898 2820 960 2839 xxvr

184 2851 275 2876 vocat,
297 2845 416 2879 ἐμφανὲς
430 2854 490 2874 esse
508 2847 607 2874 cecinit
620 2848 699 2881 ἄλγος
720 2857 726 2874 :
755 2849 806 2875 hoc
833 2853 884 2879 est,
899 2847 960 2875 illu-

1257 1779 1341 1814 διε
1356 1778 1467 1806 CAPUT
1489 1778 1544 1806 vn.

1097 1827 1134 1854 De
1150 1827 1249 1854 visione
1262 1832 1287 1854 et
1307 1830 1389 1854 morte
1406 1825 1501 1852 Tiberii
1525 1825 1702 1859 imperatoria.

1043 1916 1110 1944 Cum
1139 1916 1221 1951 Igitur
1238 1915 1385 1950 imperator
1406 1915 1487 1942 tinem
1509 1914 1643 1942 orationis
1671 1913 1793 1952 fecisset.

1008 1963 1082 1991 cives
1097 1968 1124 1990 et
1137 1963 1239 1990 subditi
1256 1968 1367 1996 propter
1383 1962 1506 1989 dolorem
1522 1969 1577 1995 quo
1592 1960 1793 1993 adiciebantur,

1009 2009 1121 2036 multam
1149 2009 1204 2036 vim
1229 2009 1411 2043 lacrymarum
1454 2007 1649 2042 profuderunt.
1691 2007 1794 2034 Deinde

1010 2055 1142 2082 sublatam
1166 2054 1318 2088 imperator
1347 2060 1474 2080 coronam
1489 2057 1516 2080 et
1534 2059 1699 2087 purpuream
1716 2051 1793 2079 chla-

1011 2100 1117 2135 mydem
1133 2099 1233 2127 Caesari
1263 2097 1455 2126 circumdedit.
1477 2097 1515 2124 lbi
1542 2102 1599 2124 tum
1619 2097 1793 2124 subditorum:

1011 2147 1220 2174 acclamationes
1241 2151 1269 2173 et
1297 2145 1491 2180 gratulationes
1513 2144 1666 2175 exauditae,
1694 2143 1794 2179 partim

1012 2197 1066 2220 tam
1081 2192 1217 2219 commodi
1238 2191 1345 2218 consilii
1362 2196 1514 2223 auctorem,
1533 2191 1634 2226 partim
1649 2190 1739 2225 ipsutu
1752 2197 1795 2217 re-

1011 2237 1169 2267 nuntiatum
1190 2237 1342 2272 principem
1366 2241 1478 2272 propter
1495 2245 1542 2264 eas
1560 2237 1661 2270 quibus
1689 2243 1718 2263 se
1745 2235 1796 2262 im-

1012 2285 1088 2320 perio
1113 2284 1224 2319 dignum
1258 2283 1422 2319 praestiterat
1446 2283 1578 2315 virtutes,
1598 2282 1736 2310 admirati.
1754 2282 1798 2308 ln-

1013 2331 1110 2365 primis
1126 2337 1192 2357 vero
1223 2329 1352 2357 laudibus
1375 2337 1470 2356 earum
1487 2336 1578 2355 rerum
1591 2328 1715 2355 omnium
1732 2334 1797 2354 con-

1015 2377 1178 2408 ciliatorem,
1195 2375 1242 2410 qui
1259 2375 1386 2403 universa
1402 2374 1625 2402 commodissime
1641 2373 1795 2407 dispensat,

1014 2422 1179 2449 extulerunt.
1203 2421 1255 2450 Ubi
1277 2429 1342 2448 vero
1366 2421 1400 2448 ad
1418 2421 1492 2448 hunc
1515 2421 1624 2447 modum
1650 2419 1798 2446 Mauricius

1015 2467 1199 2503 imperatoriis
1226 2468 1398 2495 cteremoniis
1422 2467 1551 2501 princeps
1571 2470 1614 2493 est
1628 2466 1797 2497 declaratus.

1016 2514 1165 2548 imperator
1183 2513 1242 2548 ipse
1262 2514 1288 2540 in
1313 2514 1384 2541 lecto
1405 2521 1455 2540 suo
1479 2512 1626 2548 repositus,
1645 2513 1671 2540 in
1694 2512 1798 2539 somnis

1013 2559 1066 2586 viri
1084 2560 1204 2594 speciem
1225 2567 1259 2587 ea
1282 2559 1382 2594 forma,
1403 2567 1464 2595 quae
1489 2567 1579 2595 neque
1597 2559 1692 2592 verbo,
1710 2566 1798 2593 neque

1016 2643 1098 2665 strem
1116 2638 1262 2665 miseriam.

1051 2674 1090 2707 (ει)
1111 2673 1170 2699 Non
1184 2678 1293 2700 constat
1324 2673 1397 2700 inter
1414 2678 1552 2705 auctores,
1590 2682 1635 2701 rex
1655 2673 1799 2700 nullumne

1015 2709 1090 2736 solus
1109 2708 1207 2735 habeat
1223 2709 1360 2739 aculeum.
1374 2709 1516 2741 majestate
1529 2713 1634 2735 tantum
1650 2712 1773 2735 armatus
1791 2727 1797 2737 ι

1014 2751 1048 2770 an
1064 2743 1173 2770 dederit
1191 2750 1255 2769 eum
1271 2743 1382 2774 quidem
1399 2748 1507 2774 natura.
1519 2742 1566 2771 sed
1590 2751 1668 2770 usum
1686 2743 1725 2770 illi
1739 2747 1798 2769 tan-

1016 2785 1073 2805 tum
1089 2778 1237 2812 negaverit.
1257 2777 1330 2804 Istud
1347 2783 1465 2810 constat,
1491 2779 1686 2812 imperatorem
1702 2778 1800 2806 aculeo

1016 2822 1068 2840 non
1094 2818 1144 2846 uti,
1160 2816 1214 2840 etc.
1234 2812 1316 2848 (Plin.
1332 2813 1381 2840 lib.
1402 2820 1432 2844 ιι,
1453 2820 1512 2849 cap.
1530 2813 1586 2848 l7.)
