1915 3094
136 141 187 172 343

746 139 956 170 NICEPHORI
979 139 1152 170 CALLISTI

1706 131 1760 166 344

135 195 236 229 scripto
254 194 370 230 exprimi
396 199 499 230 queat,
524 199 552 222 et
569 198 644 223 veste
664 198 718 221 tam
736 194 863 226 candida,
892 199 919 221 ut

977 193 1007 219 '0
1023 194 1050 220 δὲ
1064 194 1152 220 τοιάδε
1177 193 1216 229 τῷ
1242 193 1363 227 Καίσαρι
1392 192 1468 226 ἔλεγε
1497 189 1758 224 strange-(095651;;

131 241 290 268 cubiculum
316 240 404 275 ipsum
431 241 591 274 illustraret,
607 240 686 268 vidit.
710 239 758 266 Vir
783 240 817 272 is,
835 247 919 266 manu

133 290 272 320 protensa,
289 286 353 314 talia
375 286 458 314 verba
473 286 506 313 ad
525 293 588 313 eum
604 290 646 312 est
662 285 784 320 profatus
799 293 806 312 :
826 293 835 310 ι
857 284 920 312 Ht-c

134 332 194 364 libi,
219 332 325 362 Tiberi.
353 336 394 360 ter
409 336 538 359 sanctutn
559 332 666 359 Numen
696 330 858 358 renuntiat:
877 335 920 365 ty-

133 377 210 405 ranni
225 378 310 413 impii,
324 378 432 412 imperii
446 377 663 412 tuitemporibus
673 385 728 404 non
744 376 916 405 exstabunt.»

133 423 281 457 Postquam
315 429 405 450 autem
436 424 594 459 evigilavit,
625 429 654 451 et
685 423 823 451 somnium
846 423 918 451 istud

132 469 227 496 amicis
245 469 383 504 exposuit.
408 469 516 504 legibus
542 469 642 499 deinde
661 473 778 501 natura,
794 469 919 504 quamvis

132 514 282 549 imperator
297 520 382 551 esset,
402 515 562 547 obsecutus,
577 519 715 543 terrenam
738 514 857 542 tunicam
873 514 920 542 de-

133 560 236 594 posuit.
258 561 349 598 anima
367 569 427 588 eam
449 561 533 588 veluti
555 560 764 590 tabernaculum
780 560 918 595 quoddam

132 605 316 643 relinquente,
329 610 357 633 et
371 606 404 633 ad
416 606 494 633 sedes
508 613 641 640 supernas
654 605 791 636 evolante.
802 604 919 639 imperio

133 649 262 678 Tiberius
277 659 338 685 cum
355 651 464 679 Justino
481 651 580 683 tribus,
600 651 674 678 solus
691 655 782 678 autem
801 655 920 685 quatuor

132 695 212 722 annis
226 696 336 731 prmfuit
349 697 387 731 (1)
402 696 469 732 :qui
488 702 664 731 posteaquam
679 696 706 723 in
721 697 918 731 imperatorum

133 741 260 775 sepulcro
281 743 417 777 repositus
443 748 502 774 est,
522 743 647 770 homines
658 751 754 770 omnes
769 743 803 770 ad
819 742 919 770 Mauri-

132 786 217 821 cium,
232 789 347 822 perinde
363 793 446 823 atque
471 789 605 816 satellites
620 789 746 816 converti
765 797 772 814 :
788 793 816 816 et
833 789 919 823 lacry—

133 838 193 864 ma’,
204 832 305 866 quibus
317 833 418 861 Tiberii
428 833 511 860 [unus
526 833 664 868 prosecuti
678 833 798 864 fuerant,
809 841 843 860 eo
859 834 918 868 ipso

973 240 1047 273 αὐτῷ
1063 242 1113 275 τῆς
1126 240 1218 274 χειρὸς
1235 241 1264 266 ὲν
1275 239 1314 274 τῷ
1328 239 1459 273 σχήματι*
1481 247 1490 263 ι
1505 237 1573 264 Τάδε
1600 245 1654 267 σοι,
1680 235 1759 262 Τιϐέ-

976 294 1028 319 ριε,
1044 285 1074 311 τὸ
1090 285 1239 320 Τρισάγιον
1256 285 1342 319 λέγει’
1361 276 1406 312 οῖ
1414 285 1542 320 τύραννοι
1554 283 1604 318 τῆς
1630 282 1758 313 ἀσεϐείας

972 332 1019 358 ἐπὶ
1046 332 1095 366 τῆς
1122 332 1172 366 σῆς
1198 331 1339 367 βασιλείας
1367 332 1397 358 οὑ
1427 332 1587 365 φοιτήσουσι
1610 329 1726 364 χρόνοις.
1746 338 1755 354 ι

980 378 1009 404 Ὀ
1025 379 1053 404 δὲ
1067 378 1213 413 διανήψας,
1229 378 1278 405 καὶ
1298 378 1329 405 τὸ
1354 378 1479 405 ἐνύπνιον
1505 375 1640 407 ἐπειπὼν,
1662 376 1758 401 ἔπειτα

971 424 1028 454 τοῖς
1042 423 1092 458 τῆς
1107 424 1213 458 φύσεως
1223 424 1407 459 ὲπειθάρχησε
1417 424 1524 458 νόμοις,
1537 423 1562 448 εί
1576 423 1621 449 καὶ
1631 421 1758 456 βασιλεὺς

971 467 1121 502 ἐτύγχανεν
1135 467 1183 494 ὤν’
1202 468 1248 496 καὶ
1263 467 1311 494 τὸν
1333 468 1427 502 γήϊνον
1448 466 1611 502 χιτωνίσκον
1629 465 1758 495 ἀπέθετο,

971 510 1026 538 οἷόν
1039 522 1101 540 τινα.
1123 512 1227 548 σκηνὴν
1247 514 1297 549 τῆς
1323 513 1412 548 ψυχῆς
1436 511 1640 545 καταλιπούσης
1663 511 1758 541 αὑτὸν,

972 561 1018 586 καὶ
1035 560 1103 595 πρὸς
1115 560 1149 587 τὰ
1165 560 1268 587 ἄνωθεν
1284 560 1429 594 διαὸάσης,
1442 558 1489 594 ἔτη
1501 559 1624 593 τέσσαρα
1632 558 1682 592 τῆς
1696 558 1760 592 ἡγε-

972 605 1067 639 μονίας
1096 605 1254 640 κατάρξας.
1288 605 1333 636 Ὠς
1360 605 1382 632 δ’
1409 605 1512 631 ἐκεῖνον
1527 605 1542 630 ὀ
1556 604 1610 631 τῶν
1627 603 1759 639 βασιλέων

971 652 1121 686 ὑπεδέχετο
1135 652 1231 686 τάφος,
1247 651 1295 678 ἐπὶ
1306 651 1357 686 τὴν
1374 652 1402 682 ἐς
1419 651 1573 685 Μαυρικιον
1595 649 1759 684 δορυφορίαν

972 697 1045 727 ana:
1067 697 1230 731 ἐτράποντο’
1257 698 1304 724 καὶ
1330 697 1360 723 τὸ
1389 697 1463 723 κατὰ
1489 696 1615 731 Τιϐέριον
1642 696 1760 730 δάκρυον

971 741 1130 777 αὐθήμερον
1154 742 1244 776 πέρας
1271 742 1436 776 ἐλάμϐανεν.
1454 742 1510 777 Οὐχ
1537 741 1609 769 οὕτω
1625 741 1679 776 γὰρ
1704 741 1759 771 toi;

970 787 1124 821 ἀνθρώποις
1138 788 1192 815 τῶν
1209 789 1418 823 παρῳχημένων
1441 789 1519 815 ἐστὶν
1535 787 1701 822 ἀνάμνησις,
1722 787 1759 818 ὡς

970 834 986 868 ἡ
1005 835 1068 868 περὶ
1084 834 1117 860 τὰ
1132 834 1254 869 παρόντα
1268 836 1338 861 κατά
1357 834 1474 869 σπουδῆς
1491 834 1648 868 ἐπιμέλεια.

136 878 180 905 die
207 879 345 907 restinetre
372 884 447 907 sunt.
472 880 531 907 Non
558 879 631 907 enim
664 880 790 908 homines
817 883 920 908 tantum
941 880 1140 915 prmtcriturum
1168 881 1336 913 meminisse,
1364 885 1496 914 quantum
1507 879 1650 914 praesentia
1662 884 1760 906 Curare

137 931 165 953 et
181 925 273 953 colere
289 926 388 953 solent.
659 946 664 967 Ι

432 985 543 1014 CAPUT
566 985 631 1013 Vill.
937 989 959 1015 Β

134 1030 173 1058 De
189 1031 311 1058 Mauricii
323 1032 457 1066 conjugio,
475 1037 499 1059 at
519 1033 629 1067 conjuge
641 1032 698 1066 ejus
712 1032 839 1067 Augusta.
850 1031 923 1064 Qua-

169 1066 212 1095 lia.
232 1067 324 1100 quibus
342 1067 466 1102 moribus.
490 1075 542 1101 quo
565 1066 670 1102 genere,
691 1072 715 1095 et
734 1067 827 1102 quibus
841 1068 924 1094 animi

169 1102 348 1137 affectionibus
367 1101 513 1129 Mauricius
533 1101 622 1135 fuerit.

169 1158 221 1186 Ubi
241 1159 389 1186 Mauricius
405 1159 550 1194 imperium
573 1159 708 1194 suscepit,
731 1165 760 1187 et
778 1159 920 1187 Tiberium

132 1205 203 1232 satis
217 1204 316 1237 eluxit,
334 1205 444 1239 nuptias
460 1205 579 1239 primum
593 1210 689 1240 parat,
705 1206 920 1240 Augustamquc,

132 1257 194 1285 qua:
208 1255 236 1278 et
248 1250 424 1277 Constantina
453 1250 604 1283 dicebatur,
616 1251 792 1278 matrimonio
805 1251 921 1278 solemni

133 1294 330 1329 imperaturum
348 1296 402 1322 ritu
417 1296 470 1322 sibi
484 1296 584 1332 jungit.
597 1297 680 1332 819
694 1297 803 1332 Nuptiae
816 1296 922 1332 magni-

135 1340 187 1367 ﬁce
208 1347 322 1375 prorsus
343 1340 476 1376 imperiali
493 1349 592 1376 pompa
608 1342 764 1374 celebratae,
778 1346 807 1369 et
823 1342 920 1377 epula-

133 1386 223 1413 tiones
247 1385 398 1420 splendida:
431 1386 582 1420 publicitus
612 1394 662 1420 per
690 1385 784 1413 urbem
810 1393 920 1413 omnem

135 1431 238 1467 populo
250 1432 327 1459 datm.
338 1431 485 1467 Apparatui
510 1436 586 1459 tanto
602 1432 705 1460 aﬂuere
719 1439 783 1460 vera
796 1431 823 1459 in
836 1432 920 1459 Deum

135 1478 223 1512 pictas
248 1481 276 1508 et
300 1478 475 1516 imperatoria
495 1478 641 1513 Maiestas,
657 1477 786 1505 satellitio
817 1477 920 1505 Mauri-

135 1523 208 1550 cium
222 1523 401 1559 ejusdemque
411 1525 555 1559 coniugem
565 1524 759 1552 decentissime
775 1524 918 1558 stipantes,

135 1574 163 1597 et
188 1570 260 1598 dona
286 1571 327 1598 eis
351 1578 432 1605 quam
461 1570 742 1599 honoriﬁcentissime
759 1570 918 1598 oﬁcrentes.

135 1617 183 1644 Illa
197 1624 314 1651 namque
328 1617 432 1644 canitie
447 1616 605 1644 veneranda
617 1636 625 1649 ,
640 1616 857 1651 decentibusque
871 1625 920 1643 ru-

1278 986 1402 1013 ΚΕΦΑΛ.
1423 986 1464 1012 H'.

975 1032 1043 1066 Περὶ
1061 1032 1114 1066 τοῦ
1138 1031 1233 1066 γάμου
1249 1033 1413 1065 Μαυρικίου
1440 1030 1489 1058 καὶ
1503 1031 1695 1066 Αὐτούστηγς·
1710 1030 1759 1056 καὶ

1009 1064 1071 1106 ιιῖρς
1086 1065 1130 1110 ἦν,
1140 1064 1259 1102 ἰδ’ἦθος
1272 1064 1321 1093 καί
1336 1067 1369 1093 τὸ
1385 1066 1473 1100 γένος
1497 1066 1547 1092 καὶ
1565 1065 1617 1092 τὸν
1632 1065 1688 1099 τῆς
1702 1067 1760 1101 ψυ-

1009 1111 1066 1135 χιις
1079 1109 1199 1135 τροπον.

1015 1159 1091 1185 Ἐπεὶ
1105 1159 1134 1186 δὲ
1148 1159 1302 1195 Μαυρίκιος
1314 1159 1508 1194 περιεϐάλλετο
1520 1159 1570 1194 τὴν
1587 1159 1685 1194 ἀρχὴν,
1700 1159 1761 1186 ῑκα·

973 1206 1025 1237 νῶς
1042 1205 1088 1232 τὸν
1104 1205 1216 1240 βασιλέα
1232 1206 1384 1241 θρηνήσας,
1393 1207 1427 1232 τὰ
1440 1206 1504 1240 περὶ
1518 1206 1565 1232 τὸν
1581 1206 1670 1240 γάμον
1685 1204 1759 1239 πρῶ-

972 1259 1052 1276 τιστα
1062 1250 1217 1286 ἐξηρτύετω
1228 1251 1273 1277 καὶ
1283 1250 1320 1282 ὡς
1329 1250 1411 1285 νόμος
1424 1249 1591 1285 βασιλεῦσιν,
1600 1248 1759 1282 Αὐγούστου

972 1295 1021 1330 τὴν
1035 1296 1083 1321 καὶ
1096 1296 1303 1322 Κωνσταντῖναν
1327 1294 1514 1326 είσοικίζεται·
1537 1292 1757 1328 μεγαλοπρεπῶς

971 1351 1002 1368 τε
1017 1342 1075 1375 ἅμα
1092 1341 1139 1368 καὶ
1156 1341 1304 1376 βασιλικῶς
1318 1342 1368 1376 τῆς
1387 1341 1501 1375 πομπῆς
1524 1341 1579 1367 τῶν
1600 1339 1699 1373 γάμων
1712 1347 1758 1372 γερ

972 1388 1138 1422 γεημένης,
1162 1387 1305 1422 ἀγερώχου
1324 1387 1500 1423 δημοθοινίαις
1527 1385 1682 1420 ἑκασταχοῦ
1709 1385 1758 1419 τὴν

972 1434 1050 1460 πόλιν
1062 1433 1259 1469 περιεπούσης.
1276 1433 1373 1468 Παρῆν
1387 1433 1415 1459 δὲ
1428 1433 1482 1468 ἄρα
1506 1432 1545 1466 τῷ
1569 1432 1651 1466 γάμῳ
1668 1430 1757 1457 θεοσέ-

972 1480 1033 1506 σειά
1045 1489 1074 1506 τε
1092 1479 1139 1506 καὶ
1154 1479 1277 1514 βασιλεία
1286 1478 1486 1514 δορυφοροῦσαι
1499 1477 1533 1506 τὰ
1545 1477 1756 1512 ὲκπρεπέστατα

972 1526 1018 1553 καὶ
1040 1526 1242 1561 δωροφοροῦσαι
1259 1525 1294 1552 τὰ
1307 1525 1468 1560 τιμιώτατα.
1493 1523 1604 1558 Πατέρα
1630 1522 1684 1557 γὰρ
1710 1522 1757 1548 καὶ

972 1574 1079 1608 μητέρα
1087 1574 1233 1608 παρείχετο
1241 1573 1390 1605 θεοσέϐεια,
1398 1571 1437 1607 τῷ
1448 1571 1580 1606 αἰδεσίμῳ
1588 1570 1638 1603 τῆς
1649 1568 1729 1600 mna
1738 1577 1756 1600 ’ρ

971 1620 1018 1646 καὶ
1036 1619 1075 1654 τῷ
1090 1619 1140 1654 τῆς
1157 1618 1259 1654 ῥυτίδας
1279 1618 1369 1652 σεμνῷ
1392 1618 1436 1644 τὸν
1463 1616 1554 1651 γάμον
1579 1614 1755 1648 ἀγιάσοντας·

133 1663 184 1698 gis,
200 1663 271 1698 quod
287 1667 366 1690 antea
381 1663 518 1691 memoria)
535 1663 674 1699 proditum
691 1671 747 1692 non
761 1668 815 1696 est,
835 1663 919 1698 patris

973 1665 986 1691 Β
1006 1665 1106 1701 μήποθ’
1123 1664 1265 1700 ἱστορηθὲν
1286 1663 1411 1698 ἔγνωμεν
1426 1671 1433 1677 ·
1446 1661 1580 1696 ἀδελφούς
1594 1669 1624 1687 τε
1639 1660 1757 1695 ὡραίους

135 1712 218 1743 atque
235 1708 341 1741 matris,
361 1709 472 1744 nuptias
493 1709 732 1742 sanetiﬁcantium,
748 1708 919 1744 fratrumque

135 1759 326 1786 venustorum,
339 1755 510 1791 eonjugalem
531 1760 691 1791 apparatum
713 1755 918 1787 exornanlium,

134 1801 224 1829 vicem
249 1800 391 1836 prmstitit.‘
412 1800 476 1828 Haec
503 1806 607 1834 autem,
628 1809 662 1829 ex
676 1809 745 1829 auro
762 1806 919 1829 contextam

133 1853 250 1879 vestem,
271 1855 393 1882 purpura
408 1851 437 1874 et
452 1847 552 1874 Indicis
574 1847 730 1883 margaritis
750 1848 919 1880 distinctam,

133 1901 186 1920 nec
212 1900 266 1920 non
284 1900 403 1920 coronas
417 1900 485 1920 auro
508 1893 595 1921 multo
612 1897 640 1920 et
660 1893 759 1928 lapillis
775 1893 920 1929 pellucidis

134 1939 343 1974 resplendentes
356 1938 484 1973 praebuit,
508 1943 590 1973 atque
606 1946 701 1967 omnes
712 1940 759 1974 qui
773 1940 921 1974 dignitates

135 1986 366 2020 magistratusque
387 1985 520 2020 gerebant
533 1984 682 2016 excitavit.
709 1990 738 2012 ut
764 1985 919 2020 splendide,

135 2040 191 2068 quo
223 2031 348 2066 dignosci
376 2035 498 2067 possent,
526 2031 660 2062 coronati.
681 2031 755 2058 iaces
782 2032 921 2066 nuptiales

132 2079 332 2111 accenderent,
357 2082 579 2113 conventumque
602 2077 795 2112 sponsalitium
812 2077 922 2112 hymnis

132 2129 217 2160 atquc
247 2125 414 2152 carminibus
443 2124 626 2152 celebrarent.
654 2123 692 2150 lta
724 2127 754 2151 ttt
783 2124 922 2159 conjicere

133 2171 241 2203 liceret,
256 2178 398 2205 nunquam
410 2170 483 2206 apud
499 2170 626 2198 homines
640 2174 774 2204 apparatu
786 2177 819 2197 eo
829 2171 923 2205 splen-

134 2217 228 2246 didius
248 2217 398 2252 quidquam
416 2215 563 2244 exstitisse.
578 2215 758 2251 Demophilus
781 2223 858 2249 sane,
877 2223 921 2243 res

134 2265 273 2292 Romanas
283 2263 454 2296 describens,
466 2263 641 2290 Plutarchum
649 2263 863 2291 Cbaaronensem
879 2263 922 2290 di-

134 2315 208 2338 serte
224 2308 328 2336 dixisse
344 2309 438 2343 refert,
453 2314 566 2344 propter
578 2309 663 2336 solam
680 2309 775 2336 urbem
791 2309 917 2343 Romam,
936 2326 958 2355 Β

127 2357 263 2384 'virtutem
287 2359 315 2382 et
339 2355 474 2382 fortunam
497 2355 568 2382 inter
591 2362 620 2382 se
641 2355 732 2383 foedus
758 2355 893 2390 pepigisse
912 2364 918 2382 :

134 2409 185 2437 ego
195 2407 286 2428 autem
299 2401 423 2433 dixerim,
436 2408 528 2428 veram
541 2401 623 2428 etiam
641 2401 670 2428 in
688 2401 773 2428 Deum
789 2401 918 2436 pietatem

133 2453 161 2476 et
170 2447 340 2480 felicitatem,
359 2447 386 2474 in
401 2446 460 2474 solo
476 2447 608 2474 Mauricio
628 2447 822 2482 conjunctione
840 2447 918 2480 inita,

132 2493 306 2524 convenisse,
328 2492 402 2527 quod
417 2492 505 2527 pietas
523 2491 629 2519 scilicet
652 2492 810 2520 felicitatem
827 2493 855 2519 in
867 2500 937 2527 po-.

133 2542 259 2565 testatem
271 2544 348 2564 suam
359 2536 504 2570 redegerit,
521 2536 701 2571 eamdemque
712 2545 804 2564 errare
819 2542 848 2565 et
862 2537 917 2565 labi

131 2591 245 2618 prorsus
260 2591 314 2610 non
345 2582 513 2618 permiserit.
538 2581 635 2610 Postea
662 2583 744 2610 etiam
773 2583 920 2612 Mauricius

132 2631 201 2659 illud
230 2629 324 2657 studio
351 2629 458 2662 habuit,
481 2635 512 2656 ut
535 2636 591 2655 non
616 2628 697 2656 modo
713 2637 838 2667 corpore,
871 2630 920 2658 sed

133 2676 228 2703 animo
251 2682 360 2713 quoque
382 2682 532 2711 purpuram
557 2679 640 2709 atque
654 2667 783 2703 coronam
799 2676 919 2703 circum-

131 2722 230 2755 ferret.
253 2722 334 2750 Solus
360 2729 479 2756 namque
494 2729 527 2748 ex
541 2721 681 2757 prioribus
702 2722 916 2757 imperatoribus

133 2767 185 2796 sibi
201 2767 253 2802 ipsi
267 2767 423 2802 imperavit,
440 2772 469 2794 ct
490 2774 572 2794 verus
585 2775 648 2795 cum
659 2775 764 2794 summa
780 2773 915 2803 potestate

167 2825 206 2859 (Ι)
220 2825 296 2852 Paul.
314 2824 450 2852 Diaconos
464 2830 551 2859 annos
573 2828 676 2858 septem
705 2824 846 2851 Tiberium
865 2827 914 2854 im-

129 2858 242 2898 perasse
258 2859 353 2888 scribit
373 2858 528 2892 :Evagrius
557 2859 644 2886 solum
671 2867 757 2886 annos
785 2865 913 2894 quatuor,

970 1712 1019 1747 τὴν
1031 1712 1168 1747 γαμήλιον
1184 1711 1298 1746 πομπὴν
1313 1709 1543 1744 ἐκσεμνύνοντας.
1570 1706 1601 1734 'H
1611 1706 1640 1733 δὲ
1655 1706 1753 1741 χρυσὸ-

971 1765 1073 1785 παστον
1088 1757 1249 1792 ἀμπεχόνην
1273 1755 1413 1790 ἁλουργίδι
1437 1754 1485 1781 καὶ
1506 1753 1591 1785 λίθοις
1618 1761 1758 1786 κεκοσμη-

972 1805 1055 1838 μένην
1070 1802 1171 1833 Ἰνδῶν,
1185 1803 1232 1828 καὶ
1249 1801 1401 1836 στεφάνους
1417 1800 1508 1835 πολλῷ
1521 1797 1615 1836 χρυσῷ
1633 1799 1681 1825 καὶ
1697 1799 1757 1828 ταῖς

971 1851 1003 1876 ὲκ
1026 1850 1110 1876 λίθων
1125 1849 1276 1881 διαυγείαις
1301 1847 1548 1881 τιμαλφεστάτουςο
1576 1846 1700 1876 ἅπαντάς
1727 1853 1756 1870 τε

970 1896 1034 1927 τοὺς
1058 1897 1087 1921 ὲν
1107 1894 1245 1930 ἀξιώματι
1271 1893 1426 1929 γαμηλίους
1462 1893 1566 1927 κηροὺς
1588 1892 1757 1921 ἀνάπτοντας

972 1943 1019 1969 καὶ
1037 1942 1253 1977 μεγαλοπρεπῶς
1275 1941 1458 1976 ἐστεμμένους
1472 1941 1500 1974 ἐξ
1515 1938 1552 1967 ὦν
1568 1939 1756 1974 γνωρίζοιντο,

972 1989 1019 2015 καὶ
1035 1989 1086 2024 τὴν
1108 1989 1293 2023 νυμφαγωγὸν
1320 1989 1477 2022 πανήγυριν
1495 1986 1693 2022 ἀνυμνοῦντας·
1719 1985 1756 2014 ti);
1798 2014 1807 2016 ν

972 2035 1093 2066 εἰκάσαι,
1123 2034 1207 2069 μηδὲν
1233 2035 1288 2059 τῶν
1313 2035 1343 2059 ὲν
1373 2033 1529 2066 ἀνθρώποις
1565 2033 1614 2066 τῆς
1643 2031 1757 2066 πομπῆς

972 2081 1079 2115 ἐκείνης
1095 2080 1371 2114 σεμνοπρεπέστερον
1383 2079 1562 2107 καθεστάναι.
1594 2079 1625 2105 '0
1644 2079 1694 2112 μὲν
1710 2076 1757 2104 οὖν

972 2125 1136 2160 Δημόφιλος,
1154 2126 1190 2152 τὰ
1209 2126 1280 2152 κατὰ
1297 2125 1408 2160 Ῥώμην
1421 2126 1601 2160 ἀναγφάφων,
1615 2124 1756 2158 Πλούταρ‹

972 2171 1020 2206 χύν
1037 2179 1105 2205 φησι
1122 2170 1167 2196 τὸν
1178 2170 1323 2205 Χαιρωνέα
1339 2169 1431 2205 σαφῶς
1446 2170 1544 2201 εἰπεῖν,
1564 2169 1601 2200 ὡς
1626 2168 1670 2195 διὰ
1691 2168 1757 2195 ταύο

972 2224 1022 2251 την
1040 2216 1126 2251 μόνην
1142 2215 1304 2242 ἐσπείσαντο
1315 2215 1386 2250 πρὸς
1414 2215 1535 2249 ἀλλήλας
1551 2215 1642 2250 ⁸ἀρετή
1658 2223 1687 2240 τε
1710 2215 1758 2240 καὶ

971 2263 1052 2298 τύχη.
1069 2261 1142 2297 Ἐγὼ
1163 2262 1186 2288 δ’
1202 2262 1234 2289 ἂν
1249 2261 1344 2296 φαίην.
1359 2261 1397 2293 ὡς
1411 2262 1458 2288 καὶ
1471 2261 1612 2288 θεοσέὸεια
1641 2261 1690 2288 καὶ
1711 2261 1758 2286 εὑ-

973 2308 1099 2343 δαιμονία
1112 2307 1159 2334 ἐπὶ
1175 2308 1250 2345 μάνῳ
1262 2307 1408 2342 Μαυρικίῳ
1425 2307 1568 2342 συνῆλθον,
1596 2307 1647 2342 τῆς
1663 2307 1758 2333 θεοσε-

973 2355 1049 2386 ϐείας
1063 2354 1233 2389 βιασαμένης
1249 2354 1280 2379 το
1308 2354 1447 2388 εὔδαιμον,
1475 2353 1524 2379 καὶ
1541 2354 1757 2389 περιτρέπεσθαι

971 2401 1146 2427 παντάπασιν
1175 2401 1225 2426 οὐκ
1240 2399 1380 2434 ἐνδούσης.
1404 2399 1573 2426 Ἰἰσπούδακε
1594 2400 1623 2426 δὲ
1652 2400 1756 2430 λοιπον,

971 2448 1022 2474 οὐκ
1036 2448 1063 2474 ὲν
1077 2446 1115 2482 τῷ
1139 2446 1245 2482 σώματι
1260 2446 1350 2480 μόνον.
1374 2446 1443 2472 ἀλλὰ
1456 2445 1510 2481 γὰρ
1525 2446 1573 2473 καὶ
1589 2447 1618 2473 ὲν
1632 2449 1664 2481 τῇ
1681 2447 1756 2481 ψυχῇ

971 2493 1167 2529 περιϐαλέσθαι
1189 2494 1239 2528 τὴν
1257 2493 1402 2527 ἁλουργίδα
1424 2502 1454 2519 τε
1481 2493 1588 2519 καὶτὸν
1612 2493 1755 2526 στέφανον·

973 2541 1052 2575 μόνος
1065 2542 1113 2566 καὶ
1133 2541 1185 2574 γὰρ
1200 2539 1254 2566 τῶν
1266 2540 1361 2574 πρώην
1375 2539 1509 2574 βασιλέων
1531 2539 1629 2566 ἑαυτοῦ
1644 2539 1756 2574 βεϐασί-

966 2587 1121 2622 Δλιςυκεοκαὶ
1144 2586 1324 2621 αὐτοκράτωρ
1353 2585 1437 2617 ὅντως
1456 2585 1612 2620 γενόμενος,
1634 2587 1683 2620 τὴν
1700 2586 1755 2612 τῶν

969 2633 1064 2660 παθῶν
1091 2633 1286 2668 ὀχλοκράτειαν
1309 2634 1341 2658 ὲκ
1368 2633 1417 2666 τῆς
1443 2633 1546 2663 οἰκείας
1571 2633 1754 2669 ἑξενηλάτησε

970 2681 1068 2715 ψυχῆς*
1085 2680 1299 2715 ἀριστοκρατίαν
1315 2679 1342 2704 δὲ
1358 2680 1413 2710 τοῖς
1429 2679 1526 2705 ἑαυτοῦ
1542 2681 1753 2714 καταστησάμε-

971 2735 1015 2758 νος
1027 2726 1178 2760 λογισμοῖς,
1195 2725 1249 2754 ζῶν
1264 2724 1365 2760 ἀρετῆς
1381 2724 1493 2759 ἄγαλμα
1505 2725 1602 2751 ἑαυτὸν
1616 2726 1755 2760 παρέσχε-

970 2782 1009 2806 το,
1024 2772 1094 2808 πρὸς
1113 2772 1229 2807 μίμησιν
1253 2770 1425 2797 ὲχπαιόεύων
1451 2771 1482 2797 τὸ
1512 2772 1650 2807 ὑπήκοον.
1667 2769 1753 2805 Οὗτος

1031 2839 1055 2859 ν,
1075 2829 1193 2889 calp.25,
1214 2829 1249 2856 ita
1267 2834 1296 2856 ut
1322 2828 1445 2864 reliquos
1474 2833 1529 2858 tres
1553 2837 1613 2857 cum
1642 2829 1753 2859 Justino

971 2871 1031 2889 llltut
1044 2873 1096 2889 i'fll‘l
1112 2882 1121 2889 .

970 2871 1121 2898 1th,.«rartt.
