1915 3094
191 147 241 178 351

802 142 1010 175 NICEPHORI
1030 142 1202 172 CALLIS’II

1769 137 1820 168 352

1770 173 1782 182 ι

193 208 248 231 tem
268 203 366 238 gessit,
392 206 473 236 atque
491 201 517 228 in
544 201 703 228 servitutem
722 204 837 231 tractus,
855 198 978 226 domina-

1036 205 1084 230 (ων
1109 196 1135 222 δὲ
1162 196 1302 228 πολιτείας
1328 197 1344 232 ἢ
1370 195 1565 232 συμμάχων,ῆ
1593 195 1649 227 πῶς
1679 194 1713 221 ἂν
1730 194 1816 222 ἄλλως

193 250 295 278 tionem
318 249 389 283 apud
408 256 456 275 eos
469 248 605 275 exercuit.
633 247 798 280 Quicunque
819 253 883 272 vero
900 249 979 272 erant

194 293 324 319 ordinum
348 292 487 324 ductores,
517 292 558 318 vel
586 290 719 325 pra-fecti.
736 291 778 317 vel
801 290 915 322 tribuni,
936 289 979 316 vel

194 338 381 370 centuriones.
412 337 453 365 vel
485 338 661 368 decuriones.
691 337 732 374 eis
765 337 886 372 rejectis.
915 337 979 371 qui-

196 383 248 410 bus
263 383 315 417 ipsi
339 383 440 410 milites
456 383 596 415 volebant.
613 387 760 417 potestates
777 383 844 409 tales
867 382 979 409 deman-

195 429 308 459 darunt.
336 434 362 456 et
390 429 536 456 manifesto
560 430 586 456 in
614 429 784 464 majestatcm
811 429 979 464 imperialem

196 474 383 508 deliquerunt.
402 476 436 502 Et
460 475 585 502 mitiores
597 476 709 510 quidem
727 475 766 503 illi
789 475 816 502 in
832 475 980 509 vectigales

194 525 222 546 et
241 520 400 547 tributarios
415 521 541 555 populos.
558 529 638 554 quam
662 521 776 548 Barbari
797 529 859 548 esse
879 521 979 552 solent.

195 565 283 596 fuere,
306 572 322 592 a
336 567 588 600 propugnatoribus
616 575 693 600 vero,
718 572 766 594 aut
788 567 980 594 defensoribus

195 610 365 648 reipublicae,
380 616 428 638 aut
441 619 496 646 quo
514 613 623 639 tandem
638 620 686 640 eos
701 613 813 641 nomine
826 612 981 648 appellem?

192 664 276 690 quam
301 657 460 692 longissime
479 657 605 686 abluere.
629 659 724 693 Neque
747 659 820 686 enim
842 659 980 686 mensuris

195 702 333 736 aliquibus
348 708 395 729 aut
411 703 543 731 dimensis
560 704 730 731 frumentum
751 705 803 732 sibi
823 704 978 734 sumebant.

194 752 241 774 aut
264 752 357 775 vetere
377 746 572 777 distributione
594 750 716 777 contenti
742 754 830 782 erant.
854 750 980 777 stationi-

194 793 280 820 busve
293 794 444 828 designatis
461 803 490 822 se
507 796 695 830 continebant,
713 796 761 823 sed
788 797 861 830 quod
880 797 980 831 cuique

195 847 289 866 eorum
305 841 449 868 consilium
464 846 491 868 et
507 842 635 870 voluntas
655 850 704 869 sua
723 842 868 878 suggessit.
888 842 915 869 id
930 841 978 868 dc-

1031 244 1148 277 εἴποιμι,
1166 242 1340 269 παντάπασιν
1363 242 1515 278 ἀλλοτρίως
1530 242 1679 268 διέκειντο·
1709 241 1746 274 μή
1764 248 1818 266 τιτι

1033 290 1141 323 μέτροις
1167 288 1183 323 ἢ
1209 289 1341 323 σταθμοῖς
1368 289 1418 319 τὰς
1448 289 1560 319 amicat;
1579 289 1687 318 ἑαυτοῖς
1707 286 1818 321 ποριζὸ-

1032 343 1118 369 μενοι,
1134 335 1150 368 ἣ
1165 335 1223 365 τοῖς
1242 336 1275 361 ἐκ
1299 334 1417 362 παλαιοῦ
1437 334 1691 368 ἀπονενεμημένοις
1715 332 1818 368 ἀρκού-

1032 389 1108 416 μενοι
1120 390 1126 396 ·
1141 380 1200 408 ἀλλ’
1214 382 1228 407 ὃ
1243 390 1269 407 τι
1285 381 1317 408 ἂν
1332 382 1347 416 ή
1361 381 1457 416 γνώμη
1474 381 1522 407 καὶ
1538 381 1554 415 ἠ
1569 379 1697 415 βούλησις
1710 379 1818 412 ἑκάστῳ

1030 431 1158 466 ἠγόρευε,
1178 430 1282 462 τούτοις
1306 431 1405 465 θεσμὸς
1427 431 1474 456 καὶ
1492 429 1688 464 νενομισμένον
1717 429 1818 462 μέτρον

1031 478 1172 512 ἐτύγχανε.
1197 477 1328 508 Βασιλεὺς
1354 477 1382 503 δὲ
1403 475 1493 502 ταῦτα
1521 476 1627 511 μαθὼν,
1643 475 1734 505 καλῶς
1758 475 1818 500 δια-

1031 523 1117 550 Θεῖναι
1134 523 1221 550 ταῦτα
1234 523 1398 549 Φιλιππικὸν
1419 523 1464 548 τὸν
1478 521 1613 557 κηδεστὴν
1636 520 1715 550 αὖθις
1731 520 1819 553 ἔπεμ-

1031 578 1082 596 πεν
1094 578 1100 585 ·
1116 569 1146 595 ὃν
1165 569 1245 603 μήτοι
1262 577 1294 602 γε
1318 567 1331 594 ὁ
1355 568 1471 603 στρατὸς
1483 567 1533 594 οὐκ
1547 567 1672 598 ἐδέξαντο
1683 574 1690 581 ·
1706 566 1818 600 ὅσῳπερ

1031 616 1077 642 καὶ
1103 616 1181 642 ἆτινα
1210 615 1360 649 προσήκειν
1382 614 1480 648 ἐκείνῳ
1508 613 1524 648 ἢ
1552 612 1627 647 γένει
1655 612 1672 646 ἢ
1696 611 1818 638 διαθέσει

1030 660 1163 694 ἔγνωσαν,
1185 661 1214 687 ἐν
1236 661 1293 691 τοῖς
1309 660 1432 695 ἐσχάτοις
1449 659 1481 686 ἂν
1499 658 1601 693 ὑπέσχε
1616 657 1662 683 τὸν
1684 656 1817 685 κίνδυνον,

1031 708 1055 734 εί
1079 706 1116 742 μὴ
1144 707 1228 740 σιγῶν
1249 706 1374 733 διετέλει.
1399 706 1460 731 Τῶν
1486 705 1515 731 δὲ
1541 703 1715 739 πραγμάτων
1730 702 1818 731 οὕτως

1030 752 1212 788 ᾑωρημένων,
1229 752 1354 778 ἐπάνεισι
1370 751 1420 786 τῆς
1442 749 1641 786 βασιλευούσης
1664 748 1818 782 Γρηγόριος

1030 798 1044 823 ὁ
1060 798 1109 832 τῆς
1120 797 1312 829 Θεουπούλεως
1331 797 1461 833 πρόεδρος
1471 797 1518 823 τὸν
1533 795 1702 830 περίπυστον
1714 795 1819 819 ἐκεῖνον

1031 844 1125 876 ἀγῶνα.
1148 843 1308 879 νενικηκὼς,
1328 843 1357 870 ὃν
1379 843 1429 870 οὐκ
1452 842 1505 869 ἄπο
1522 841 1618 876 καιροῦ
1643 849 1688 875 μοι
1713 840 1820 875 γένοιτο

197 895 271 913 ιιιυιιι
287 887 370 923 824
384 888 424 915 fas
437 889 590 924 modusque
613 893 642 916 et
662 896 791 916 mensura
812 893 881 916 erat.
902 887 982 916 Hisce

1036 872 1156 917 διελθεῖν.

195 936 279 963 rebus
302 938 429 972 cognitis,
460 938 610 971 imperator
633 938 816 972 Philippieum
843 937 980 964 sororium
1000 945 1092 969 suum,
1120 938 1167 973 qui
1207 945 1238 965 ea
1264 943 1339 965 recte
1378 936 1570 968 constitueret,
1594 935 1628 962 ad
1668 933 1820 961 exercitum

195 982 301 1009 remisit
316 992 322 1009 :
339 991 420 1017 quem
433 988 537 1011 tantum
555 984 632 1011 abest
650 990 681 1011 ut
694 985 794 1011 milites
811 985 977 1019 receperint.
998 987 1028 1010 ut
1061 984 1220 1019 quicunque
1235 984 1306 1011 inter
1337 991 1386 1011 eos
1401 983 1442 1010 vel
1464 989 1565 1018 genere
1590 980 1729 1008 hominem
1753 986 1820 1005 con-

196 1030 311 1063 tingere,
337 1030 380 1056 vel
404 1030 551 1058 alfectione
572 1030 611 1058 illi
639 1030 711 1057 bene
734 1030 805 1057 velle
827 1029 999 1061 viderentur,
1020 1036 1187 1062 extremum.
1208 1030 1261 1058 nisi
1298 1037 1327 1057 se
1344 1029 1455 1057 silentio
1475 1032 1630 1060 tuerentur.
1643 1026 1761 1054 adierint
1776 1034 1822 1061 pe-

196 1076 325 1103 riculum.
345 1075 446 1103 Verum
472 1077 545 1104 eiiim
568 1084 633 1104 vero
649 1084 712 1103 cum
746 1084 776 1103 se
801 1076 838 1103 ita
869 1084 913 1103 res
945 1076 1090 1110 haberent.
1108 1086 1141 1104 ex
1159 1078 1226 1105 urbe
1240 1077 1393 1112 imperante
1408 1075 1557 1110 Gregorius
1580 1074 1696 1101 antistes
1731 1073 1822 1100 Theo-

196 1126 337 1160 politanus
360 1126 500 1158 discessit,
519 1126 700 1153 celeberrimo
717 1126 762 1154 illo
779 1126 929 1155 certamine
945 1134 995 1162 per
1017 1126 1159 1155 victoriam
1193 1126 1352 1159 defunctus.
1369 1125 1442 1161 quod
1463 1125 1516 1152 hoc
1530 1125 1592 1152 loco
1605 1131 1822 1152 commemorare

196 1180 251 1200 non
270 1171 493 1206 intempestivum
510 1171 605 1199 fuerit.

492 1229 606 1257 CAPUT
628 1229 686 1256 Xll.‘

198 1275 236 1302 De
249 1275 295 1302 lite
305 1276 374 1302 inter
388 1275 517 1302 Asterium
528 1280 551 1301 et
562 1275 717 1309 Gregorium
729 1274 864 1310 Theopolis
884 1275 983 1310 episco-

284 1318 366 1345 pum:
380 1315 403 1337 et
422 1315 450 1336 ut
462 1310 600 1345 Gregorius
615 1318 724 1336 causam
741 1311 892 1338 obtinuerit.

233 1400 358 1428 Asterius
366 1401 475 1435 quidam
486 1408 518 1427 ea
536 1404 696 1434 tempestate
707 1399 846 1427 Orientem
858 1399 981 1437 regebat.~

197 1447 231 1474 Et
248 1454 313 1474 cum
328 1447 470 1474 contentio
487 1447 511 1473 ei
527 1455 589 1474 cum
612 1446 744 1481 Gregorio
770 1446 981 1478 intercessisset,

196 1494 334 1527 principes
350 1493 469 1520 civitatis
480 1493 590 1520 Asterio
604 1493 738 1525 faventes,
759 1493 872 1520 hostiles
892 1496 983 1527 partes

197 1544 262 1566 sunt
277 1540 375 1567 secuti.
390 1540 462 1566 ldem
479 1547 494 1566 ιι
510 1547 604 1574 magna
619 1540 710 1574 populi
727 1544 816 1574 parte,
829 1543 856 1565 et
874 1539 908 1566 ab
923 1539 983 1572 opi-

198 1587 295 1613 licibus
304 1586 418 1613 factum.
433 1587 485 1613 Pro
503 1594 531 1612 se
548 1587 620 1613 enim
635 1587 761 1621 quisque.
777 1586 890 1620 perinde
902 1590 984 1620 atque

196 1633 385 1666 gravissimam
416 1632 545 1666 injuriam
575 1632 737 1666 accepisset,
767 1631 918 1658 contendit.
951 1631 985 1658 Et

199 1679 283 1714 plebi,
305 1683 334 1705 ut
349 1679 501 1706 maledictis
515 1678 675 1713 pontificem
694 1678 895 1712 proscinderet.
921 1686 985 1712 per-

199 1725 312 1752 missum
332 1731 376 1752 est
394 1735 400 1751 ε
429 1733 538 1759 unoque
557 1729 668 1759 sumpto
691 1724 806 1751 consilio
829 1723 868 1750 illi
888 1731 985 1751 omnes

199 1771 226 1798 in
246 1771 297 1797 viis
315 1771 433 1804 publicis
450 1775 476 1797 et
491 1770 605 1797 tlmalris
621 1769 838 1801 deambulantes,
851 1769 986 1796 conviciis

200 1825 260 1850 qum
274 1818 301 1844 in
321 1817 479 1852 episcopum
497 1816 730 1851 eonjicicbantur,
753 1823 815 1843 cum
837 1815 894 1842 ris'u
909 1815 985 1842 laeta-

199 1865 309 1890 bantur.
332 1867 354 1890 A
370 1864 469 1898 quibus
493 1863 575 1890 etiam
599 1863 699 1890 scenici
718 1862 770 1897 ipsi
786 1870 841 1889 non
863 1862 986 1889 abstine-

199 1912 274 1938 bant.
294 1911 332 1938 Ea
353 1918 420 1937 vero
436 1911 469 1937 de
484 1918 566 1937 causa
583 1910 759 1944 magistratus
782 1908 892 1936 Asterie
905 1908 986 1934 abro-

198 1964 296 1991 gatur:
310 1966 429 1992 cumque
440 1957 558 1984 Joannes
570 1956 680 1991 quidam
696 1956 860 1990 imperatore
871 1955 986 1990 jubente

201 2003 262 2035 iuit.
287 2003 466 2037 qumstionem
486 2003 586 2030 habere
603 2002 637 2028 de
654 2002 734 2028 rebus
760 1993 841 2027 motis
866 2003 894 2026 et.
919 2007 985 2026 cau-

199 2057 256 2077 sam
282 2049 439 2084 primariam
460 2049 584 2076 excitatae
604 2047 789 2075 contentionis
816 2046 983 2080 investigare

197 2097 292 2131 jussus
308 2104 316 2122 :
330 2096 372 2122 vir
388 2103 443 2121 non
462 2095 497 2121 ita
514 2102 643 2129 magnus,
662 2101 712 2120 nec
737 2092 884 2120 admodum
895 2092 986 2119 consi-

198 2141 322 2172 deratus,
340 2143 367 2166 et
380 2140 425 2173 qui
440 2147 494 2165 non
513 2140 593 2166 modo
610 2139 689 2165 talem
707 2143 734 2164 et
749 2141 852 2164 tantam
870 2144 981 2166 causam

200 2187 312 2213 minime
329 2185 499 2224 diiudicare,
528 2185 576 2212 sed
596 2192 630 2212 ne
650 2191 760 2218 parvam
779 2183 889 2218 quidem
906 2182 983 2210 litem

1331 1227 1458 1255 ΚΕΦΛΔ.
1475 1225 1526 1253 lB’.

1034 1274 1104 1308 Περὶ
1119 1274 1175 1308 τῆς
1185 1273 1300 1308 μεταξὺ
1317 1273 1469 1307 Ἀστερίου
1483 1272 1532 1299 καί
1562 1271 1730 1308 Γρηγοργίου
1766 1273 1821 1300 τοῦ

1071 1307 1263 1341 Θεουᾲτόζιεως
1277 1308 1421 1343 διαφορᾶς
1433 1315 1441 1323 ⁸
1462 1307 1513 1335 καί
1527 1307 1567 1340 ὡς
1593 1307 1743 1340 ὑπερέσχε
1767 1307 1824 1342 τὴν

1069 1344 1158 1377 δίκην
1171 1344 1345 1378 Γρηγόριος.

1076 1400 1215 1436 ’Δστέριός
1237 1408 1279 1431 τις
1304 1399 1457 1435 τηνικαῦτα
1481 1399 1632 1434 ἐτύγχανεν
1647 1399 1686 1426 ὢν
1710 1399 1759 1433 τὴν
1773 1400 1824 1434 τῆς

1035 1447 1095 1473 ’Ἕω
1110 1446 1284 1481 διαχειρίζων
1299 1447 1398 1482 ἀρχήν·
1411 1446 1500 1481 ἔριδος
1512 1446 1541 1472 δέ
1553 1454 1624 1477 τινος
1640 1446 1740 1480 μεταξὺ
1749 1446 1823 1472 ὲκεί-

1035 1502 1081 1519 νου
1107 1494 1154 1519 καὶ
1174 1492 1326 1528 Γρηγορίου
1352 1492 1571 1527 ὑπαναφθείσης,
1590 1492 1620 1518 τὸ
1645 1492 1695 1526 τῆς
1718 1491 1824 1523 πόλεως

1035 1539 1160 1574 ἔκκριτον
1173 1540 1214 1569 εἰς
1238 1539 1377 1573 ’Λστέριον
1395 1538 1491 1574 ρἐαν,
1507 1538 1576 1573 πρὸς
1598 1538 1746 1565 ἀντίπαλον
1767 1539 1823 1564 διε-

1035 1585 1118 1620 κρίθη
1136 1585 1244 1619 μοίραν.
1261 1584 1319 1611 Οὐκ
1332 1583 1424 1619 ὀλίγον
1440 1584 1468 1610 δὲ
1484 1586 1533 1610 καὶ
1554 1584 1602 1610 τοῦ
1616 1584 1759 1619 δημώδους
1775 1585 1824 1610 καὶ

1034 1630 1096 1657 ὅσον
1112 1631 1177 1666 περὶ
1188 1631 1285 1664 τέχνας
1300 1629 1493 1665 προσελάϐετο.
1503 1630 1634 1656 Ἕκαστοι
1649 1630 1704 1665 γὰρ
1723 1630 1820 1665 ὥσπερ

1035 1676 1185 1711 ἀνήκεστόν
1217 1685 1243 1702 τι
1269 1676 1367 1704 παθεῖν
1398 1676 1576 1704 διετείνοντο·
1609 1677 1658 1702 καὶ
1684 1676 1783 1710 ἠφίετο
1811 1678 1826 1703 ὁ

1035 1721 1120 1756 δῆμος
1147 1723 1193 1749 τὸν
1218 1723 1294 1758 lepid.
1310 1724 1504 1759 βλασφημεῖν·
1529 1723 1576 1749 καὶ
1596 1724 1662 1758 μιᾶς
1678 1723 1824 1758 γενόμενοι
1866 1712 1871 1718 ’

1035 1769 1160 1803 γνώμης,
1179 1769 1206 1794 ἐν
1219 1778 1247 1795 τε
1263 1770 1412 1805 λεωφὸροις
1433 1769 1481 1796 καὶ
1506 1771 1562 1800 τοῖς
1579 1769 1705 1804 θεάτροις
1725 1769 1824 1801 ἰόντες,

1035 1815 1096 1845 ταῖς
1121 1814 1192 1840 κατὰ
1215 1813 1262 1840 τοῦ
1293 1814 1387 1849 ἱερέως
1413 1814 1602 1849 βλασφημίαις
1619 1813 1825 1847 ὲπεγγελῶντες

1036 1860 1156 1895 ἔχαιρον,
1174 1861 1233 1887 οὐδὲ
1247 1860 1301 1887 τῶν
1320 1861 1374 1888 ἀπὸ
1391 1861 1447 1887 τῶν
1463 1861 1572 1895 σκηνῶν
1587 1860 1690 1887 τούτων
1706 1862 1826 1896 aureolo-

1038 1907 1136 1942 μένων.
1152 1908 1201 1934 Διά
1224 1916 1265 1934 τοι
1281 1907 1367 1934 ταῦτα
1390 1907 1509 1934 παύεται
1531 1907 1581 1942 μὲν
1604 1908 1653 1942 τῆς
1675 1907 1827 1942 ἡγεμονίας

1042 1955 1201 1989 Ἀστέριος·
1232 1954 1361 1990 Ἰωάννης
1387 1954 1416 1981 δέ
1442 1963 1485 1985 τις
1513 1954 1581 1988 πρὸς
1609 1954 1657 1980 τοῦ
1692 1954 1827 1988 βασιλέως

1037 2000 1122 2035 αὐτὴν
1154 2000 1358 2035 ἐγχειρίζεται,
1390 2001 1546 2033 κελευσθεὶς
1577 2001 1695 2036 ζητῆσαί
1730 2009 1760 2026 τε
1792 2001 1827 2027 τὰ

1037 2047 1195 2081 κινούμενα,
1213 2047 1261 2073 καὶ
1278 2047 1308 2073 τὺ
1328 2047 1378 2082 τῆς
1396 2048 1535 2082 συστάσης
1554 2047 1642 2081 ἔριδος
1669 2046 1827 2081 κεφαλαιω-

1036 2094 1180 2128 δέστερον·
1202 2094 1273 2129 ἀνὴρ
1295 2095 1412 2130 σμικρός
1433 2103 1462 2120 τε
1490 2095 1537 2121 καὶ
1554 2093 1762 2128 ὀλιγογνὼμων,
1776 2094 1826 2119 καὶ

1038 2140 1119 2175 μήτοι
1141 2149 1172 2174 γε
1194 2141 1244 2176 τὴν
1259 2141 1388 2176 τοιαύτην
1406 2143 1452 2168 καὶ
1473 2140 1608 2175 τοσαύτην
1624 2139 1756 2167 ὑπόθεσιν
1769 2138 1826 2171 οἷός

1037 2195 1067 2212 τε
1082 2185 1119 2212 ὣν
1141 2186 1290 2221 διακρῖναι,
1308 2187 1367 2214 ἀλλ’
1383 2187 1443 2215 οὐδὲ
1467 2187 1564 2222 μικρόν
1580 2196 1606 2213 τι
1629 2186 1743 2213 δικίδιον
1767 2186 1828 2212 δια-

199 2232 328 2259 decidere
353 2236 400 2257 aut
428 2231 531 2257 certius
540 2237 705 2265 cognoscere
721 2234 823 2263 posset.
838 2228 925 2255 Porro
938 2227 982 2255 ubi

1037 2231 1182 2264 λύσασθαι,
1194 2231 1211 2267 ἢ
1223 2232 1343 2267 ἀκριϐῶς
1359 2232 1517 2266 διαγνῶναι.
1535 2232 1644 2258 Πολλῶν
1657 2232 1686 2258 δὲ
1698 2231 1826 2266 οορύεων

200 2278 295 2305 urbem
320 2278 517 2305 Antiochenam
543 2277 648 2311 magnis
672 2277 804 2303 adversus
831 2274 982 2302 antistitem

200 2324 290 2352 turbis
310 2323 445 2358 implevit.
461 2327 487 2350 cl
510 2323 606 2350 edictis
620 2321 778 2357 propositis.
792 2321 814 2348 si
828 2321 890 2355 quis
900 2328 985 2355 expe-

201 2371 248 2398 riri
262 2371 324 2404 jure
344 2375 437 2397 contra
460 2369 538 2396 illum
558 2369 650 2401 vellet,
676 2375 704 2396 se
718 2375 780 2396 eum
797 2367 831 2394 ad
847 2367 982 2402 agendum

201 2417 386 2444 admissurum
402 2424 461 2443 esse
475 2415 667 2450 promulgavit,
685 2423 739 2441 non
758 2414 872 2449 exiguos
887 2414 985 2440 adver-

201 2471 248 2490 sus
275 2462 425 2490 antistitem
455 2461 561 2487 libellos
590 2469 604 2487 ιι
633 2460 795 2495 quibusdam
823 2459 985 2493 argentaria:

202 2517 301 2535 mensm
318 2508 452 2543 praefectis
471 2508 577 2542 accepit
592 2516 598 2533 ε
627 2507 655 2533 in
671 2507 770 2542 quibus
782 2505 930 2541 Gregorius
945 2506 986 2532 in-

202 2554 392 2584 simulabatur,
417 2553 488 2587 quod
504 2561 565 2579 cum
582 2559 676 2579 sorore
701 2558 760 2582 sua.
783 2550 841 2577 viro
857 2551 901 2578 alii
918 2558 985 2577 con-

198 2601 303 2634 juncta,
322 2607 371 2634 per
390 2600 524 2626 incestum
545 2598 751 2630 consuevisset;
769 2601 900 2632 prieterea
913 2596 986 2636 quod

200 2647 308 2673 felicem
324 2652 504 2681 pacatumque
528 2645 605 2672 urbis
620 2649 719 2672 statum
736 2652 859 2679 persxpe
876 2648 987 2678 pertur-

203 2693 303 2719 limsct.
321 2692 447 2719 Sclit'lllﬂl
472 2692 506 2719 de
537 2691 647 2719 civitate
676 2691 784 2718 turbata
810 2691 914 2717 crimen
936 2690 989 2718 sibi

203 2739 353 2772 ohjectum,
366 2747 415 2772 pro
430 2746 464 2766 eo
476 2744 559 2773 atque
575 2738 676 2773 potuit.
691 2737 804 2764 refellit.
820 2736 857 2763 De
874 2736 989 2771 reliquis

203 2791 293 2811 autem
309 2785 400 2811 causis
416 2785 448 2811 ad
473 2785 608 2820 judicium
627 2788 655 2812 et
670 2784 856 2819 cognitionem
875 2784 992 2822 impera:

204 2832 271 2857 toris
285 2835 312 2858 ct
327 2831 422 2865 synodi
443 2831 610 2865 provocavit.
624 2831 706 2865 825
726 2830 819 2864 ltaquc
832 2829 985 2856 Constanti-

205 2878 322 2912 nupolim
340 2886 449 2905 causam
466 2878 589 2905 dicturus
610 2877 692 2904 venit.
704 2877 815 2904 Alluerc
831 2875 868 2902 ibi
879 2875 984 2910 judicio

1034 2278 1083 2311 τὴν
1101 2277 1237 2312 Ἀντιόχου
1252 2278 1323 2303 κατὰ
1335 2277 1382 2303 τοῦ
1398 2278 1493 2312 ἱερέως
1506 2277 1662 2313 ἐμπλήσας,
1679 2278 1829 2313 προγράμ-

1037 2324 1111 2359 ματά
1124 2332 1153 2350 τε
1167 2324 1346 2358 ὑφαπλὼσας,
1362 2325 1388 2350 εί
1400 2333 1442 2355 τις
1454 2326 1524 2351 κατὰ
1538 2324 1585 2351 τοῦ
1598 2323 1647 2360 τῆς
1660 2324 1829 2360 Ἐκκλησίας

1036 2372 1168 2406 προέδρυυ
1186 2372 1307 2406 βούλοιτο
1322 2371 1423 2405 λέγειν,
1437 2371 1547 2403 ἕτοιμον
1561 2369 1632 2398 εἶναι
1648 2371 1826 2405 προσίεσθαι,

1035 2417 1086 2442 οὒκ
1104 2416 1247 2451 ἐλαχίστας
1274 2416 1384 2449 γραφὰς
1408 2415 1468 2442 κατ’
1493 2415 1599 2441 ἐκείνου
1624 2416 1732 2450 ἐδέχετο
1750 2415 1830 2449 παρά

1036 2470 1118 2488 τινων
1133 2461 1273 2497 τραπέζης
1289 2463 1429 2497 ἀργυρίων
1447 2462 1656 2496 προεστηκότων
1670 2471 1676 2477 ·
1693 2461 1721 2488 αἳ
1742 2470 1830 2496 κατη-

1037 2509 1147 2544 γόρουν,
1161 2509 1198 2541 ὡς
1214 2510 1255 2544 εἴη
1268 2509 1418 2544 Γρηγόριος
1433 2510 1464 2544 τῇ
1485 2509 1537 2544 lci;
1550 2510 1694 2543 ὲπιμανεὶς
1709 2508 1826 2542 ἀδελφῇ,

1038 2555 1115 2589 ἀνδρὶ
1137 2555 1184 2580 καὶ
1207 2555 1293 2580 ταῦτα
1306 2554 1392 2589 ἑτέρῳ
1416 2554 1619 2590 συνῳκισμένη.
1636 2554 1708 2588 Πρὸς
1724 2554 1752 2580 δὲ
1781 2554 1831 2580 καὶ

1038 2601 1075 2632 ὼς
1087 2601 1130 2635 εἴη
1142 2602 1175 2636 τῇ
1190 2601 1236 2635 τῆς
1261 2601 1364 2632 πόλεως
1379 2601 1509 2636 εὐετηρία
1526 2601 1666 2636 πολλαχῶς
1692 2601 1830 2634 διαλυμη-

1035 2643 1165 2681 νάμενος.
1187 2646 1268 2674 Ἀλλὰ
1294 2647 1357 2681 περὶ
1384 2647 1434 2682 μὲν
1451 2647 1501 2680 τῆς
1526 2647 1617 2683 λύμης
1644 2647 1682 2678 ὡς
1709 2647 1773 2679 ὲνῆν
1798 2647 1831 2673 τὸ

1040 2693 1166 2728 ἔγκλημα
1181 2692 1336 2721 ἀπεδύσατο
1349 2700 1355 2708 ·
1380 2693 1444 2727 περί
1459 2702 1490 2726 γε
1509 2694 1562 2729 μὴν
1571 2693 1625 2720 τῶν
1644 2693 1732 2720 ἄλλων
1749 2692 1831 2727 βασι-

1039 2739 1088 2765 λέα
1106 2747 1135 2764 τε
1159 2740 1204 2765 καὶ
1231 2739 1279 2773 τὴν
1307 2738 1416 2765 σύνοδον
1439 2740 1536 2773 κριτὰς
1561 2740 1610 2766 καὶ
1637 2739 1828 2773 διαγνώμονςις

1042 2784 1181 2811 ἐπεκάλει.
1199 2784 1254 2810 Καὶ
1277 2784 1308 2817 δὴ
1327 2785 1397 2811 κατᾶ
1414 2786 1464 2818 τὴν
1486 2785 1620 2819 βασιλέως
1639 2786 1733 2819 γέγονε
1751 2785 1831 2811 πόλιν

1042 2831 1090 2860 τὰς
1107 2830 1254 2863 ἀπολογίαις
1274 2830 1389 2864 ὑφέξων.
1405 2830 1535 2865 Παρῆσαν
1557 2831 1584 2856 δὲ
1603 2831 1649 2858 καὶ
1673 2832 1698 2858 οι
1712 2832 1831 2857 ἑκαστα-

1043 2875 1091 2910 χοῦ
1128 2876 1296 2910 πατριάρχαι
1326 2877 1358 2912 τῇ
1386 2877 1499 2912 τῖιαύτῃ
1529 2877 1694 2913 συζητήσειν
1729 2879 1753 2904 ol
1779 2877 1830 2912 μὲν
