1915 3094
238 134 289 164 555)

844 127 1050 159 NlCEPHOlH
1070 125 1240 157 CALLISTI

1801 123 1855 155 360

238 193 288 218 ltus
311 190 423 221 subditi.
446 191 497 217 rite
523 191 655 225 imperata
681 188 817 220 laciendu,
839 193 867 214 ct
889 194 947 213 rent
973 192 1022 218 pro

1077 194 1131 219 νης.
1147 185 1190 219 Μὴ
1205 186 1292 209 τοίνυν
1312 183 1355 210 τοῦ
1371 184 1464 210 λοιποῦ
1482 183 1578 218 μέλετε
1593 190 1599 196 ‘
1616 181 1745 216 πείσθητε
1762 181 1790 208 δέ
1809 191 1857 216 μοι

238 238 317 264 insita
346 237 509 264 fotlittttline
539 237 668 271 praeclare
696 234 832 269 gerendo,
861 233 1018 260 universum

238 289 374 310 terrarum
403 283 497 310 orbem
526 282 650 308 Romano
680 280 794 314 imperio
826 279 1017 314 subjugarunt.

238 328 355 355 Manlius
371 331 446 354 certe
465 326 620 360 Torquatus
635 331 716 352 suum
740 325 797 359 ipse
818 323 903 350 ﬁliuni
920 328 1020 349 corona

237 378 400 401 exornatum
424 372 514 400 securi
538 372 644 407 perculi
665 371 757 406 jussit,
775 369 938 397 fortitudine
960 368 1021 406 qui-

238 419 299 446 dem
324 418 400 445 illum
422 418 570 452 plurimum
590 422 775 453 praestantem,
793 415 907 449 imperio
929 418 1020 441 autem

238 464 350 491 minittte
367 471 462 499 parere
483 464 632 490 volentem.
647 462 732 498 829
747 462 821 489 Bono
838 467 956 494 namque
972 459 1022 486 du-

236 499 299 536 cum
324 509 450 540 consilio,
467 513 494 535 et
514 514 639 543 prompta
661 508 778 534 militum
800 503 946 533 obediendi
971 511 1021 530 vo-

239 556 354 588 luntate,
372 555 497 590 plurimae
517 559 545 582 et
572 554 696 582 maximm
720 561 764 580 res
786 560 916 587 prospere
936 551 1021 579 confi-

238 599 360 627 eiunlttr.
375 599 410 627 At
426 600 447 627 si
463 599 580 626 alterum
596 599 630 626 ab
646 599 732 626 altero
762 599 932 633 sejungatur,
948 596 1045 624 σίου-κ

238 646 330 673 dicare
350 650 454 680 partem
470 645 596 676 alteram.
612 649 640 672 et
655 642 752 671 collabi
767 644 891 670 eversam
908 648 1022 669 necesse

238 698 293 723 est,
309 692 414 726 optimo
429 691 545 718 duarum
561 690 675 717 istarum
691 689 823 716 virtutum
844 688 902 722 pari
920 682 1020 714 diviso.

239 736 357 764 Proinde
369 743 401 762 ne
416 734 535 770 amplius
547 733 725 766 cunctamini,
735 732 858 767 mihique
871 732 917 767 qui
932 739 1022 759 sacer-

238 783 288 809 dos
305 781 350 809 Dei
369 789 442 814 sunt,
457 785 485 807 et
500 783 591 816 partes
607 787 681 807 meas
698 778 804 806 medius
818 780 890 805 inter
905 778 1023 812 impera-

239 833 325 853 torem
337 832 363 853 et
376 826 526 853 exercitum
539 825 693 860 interpono,
707 828 812 858 parete,
827 828 907 858 atque
928 828 1022 850 osten-

239 873 311 904 dite,
328 880 382 899 non
399 872 570 907 tyrannicum
587 878 703 902 morem,
719 870 764 897 sed
779 870 881 904 justam
900 870 1024 905 indigua-
1040 864 1060 890 Β

240 919 354 952 tionem,
375 918 409 945 ad
436 918 519 945 breve
545 922 662 951 tempus.
683 916 755 950 quod
782 915 913 943 adversus
939 916 1023 944 duces

240 968 346 992 vestros
363 965 452 991 tnintts
472 963 593 998 legitime
615 962 782 996 imperantes
807 962 912 996 egistis,
927 961 1022 989 fuisse.

240 1011 297 1037 Nisi
315 1011 388 1037 enim
405 1018 486 1044 quam
503 1009 621 1043 pritnunt
638 1008 672 1035 ad
689 1007 883 1042 imperatorem
899 1013 1021 1034 vestrum

239 1055 431 1086 aceurreritis,
456 1061 506 1088 ego
531 1052 643 1088 quidem
670 1052 753 1079 simul
780 1057 807 1078 et
831 1053 968 1087 egregiam
994 1053 1021 1080 itt

240 1101 437 1134 rempublicam
455 1101 636 1130 voluntatem,
652 1103 680 1125 et
699 1098 864 1133 singularem
888 1105 952 1132 erga
974 1106 1022 1126 vos

240 1153 374 1177 antorem,
391 1153 440 1180 pro
458 1144 546 1172 oﬁtcio
562 1152 635 1177 meo,
650 1148 745 1171 sancte
764 1143 951 1178 pra-stiterim.
969 1144 1021 1171 Vo-

240 1193 282 1218 ltis
300 1197 390 1219 autem
406 1192 489 1218 etiam
507 1196 586 1226 atque
601 1190 684 1218 etiam
700 1189 848 1217 videndum
865 1189 958 1221 fuerit,
973 1190 1020 1225 qui

1071 231 1139 264 ἱερεῖ
1167 237 1196 262 γε
1223 230 1280 256 ὄντι
1304 228 1383 261 Θεοῦ,
1413 229 1536 265 βασιλείᾳ
1565 227 1610 255 καὶ
1641 227 1751 262 στρατῷ
1779 236 1859 261 μεσι-

1070 275 1173 301 τεύοντι
1187 283 1194 291 ι
1210 276 1257 301 καὶ
1285 276 1391 307 δείξατε
1412 275 1450 307 ὡς
1473 275 1506 302 οὐ
1532 274 1692 311 τυραννικὸς
1714 274 1728 300 ὁ
1743 274 1859 307 τρόπος.

1070 321 1128 348 ἀλλ’
1142 322 1331 356 ἀγανάκτησις
1347 322 1451 353 ἔνδικος
1467 322 1536 357 πρὸς
1551 321 1648 356 καιρὸν
1664 319 1698 355 ἦν
1713 320 1785 346 κατὰ
1800 320 1861 344 τῶν

1071 368 1100 394 οὐ
1121 368 1314 402 προσηκόντως
1338 368 1564 404 στρατηγούντων
1587 367 1674 402 ὑμῶν.
1693 367 1724 393 Et
1742 366 1796 400 γὰρ
1817 365 1862 397 μὴ

1071 415 1184 448 τάχιστα
1198 414 1321 449 πρόσιτε,
1334 415 1390 448 ἐγὼ
1409 414 1459 449 μὲν
1474 414 1665 448 ἀφοσιὼσομαι
1682 412 1730 439 καὶ
1745 412 1796 446 τὴν
1815 412 1861 441 εἰς

1071 461 1100 486 τὸ
1116 460 1266 495 πολίτευμα
1279 460 1396 493 εὔνοιαν,
1413 460 1460 488 καὶ
1480 462 1529 496 τὴν
1544 461 1585 492 είς
1609 460 1681 495 ὑμᾶς
1706 458 1812 493 φιλῖαν,
1827 460 1863 482 τὸ

1072 505 1144 536 εἰκὸς
1161 506 1271 532 διελθών
1283 516 1290 522 ·
1309 507 1373 540 ὑμῖν
1385 507 1415 533 δὲ
1430 506 1566 542 προσήκει
1580 507 1702 543 σκοπεῖν,
1714 505 1771 534 τοῖς
1785 503 1864 530 οὕτω

1071 551 1284 585 τυραννοῦσιτὰ
1306 551 1429 578 ἔπαθλα¹
1451 552 1490 587 πῆ
1516 552 1570 587 γὰρ
1585 551 1660 586 λήξει
1684 552 1714 577 ὲν
1739 552 1804 586 ὑμῖν
1822 551 1865 576 τὰ

1073 597 1214 631 παρόντα;
1231 597 1279 629 Ἐς
1294 598 1376 624 ταυτὺ
1391 598 1445 632 γὰρ
1468 598 1540 633 ὑμᾶς
1566 596 1636 624 εἶναι
1655 598 1709 624 τῶν
1732 598 1763 624 οὐ
1784 598 1865 623 πάνυ

1072 649 1097 668 τι
1121 642 1220 676 ῥᾳδίων
1236 641 1313 668 ἔστί·
1335 643 1418 669 πόθεν
1437 644 1491 678 γὰρ
1516 645 1531 679 ἡ
1558 644 1612 670 τῶν
1636 644 1793 678 ἀναγκαίων
1809 644 1867 670 καὶ

1072 689 1181 724 ὡραίων
1195 690 1358 726 συγκομιδὴ,
1376 691 1392 726 ἢ
1407 688 1444 719 ὧν
1462 692 1582 718 θάλαττα
1596 693 1628 727 τῇ
1644 691 1752 728 ἠπείρῳ
1769 702 1868 728 προσ-

1072 734 1150 768 νέμει
1167 735 1197 761 τὺ
1216 735 1290 766 sixth;
1305 737 1508 772 συναρήγουσα,
1526 737 1551 763 εί
1565 738 1602 772 μή
1617 746 1648 771 γε
1665 739 1722 768 τοῖς
1747 738 1867 772 ὁμοφύ-

1073 779 1129 811 λοις
1156 780 1197 812 είς
1223 781 1314 816 μάχην
1341 782 1435 816 ίόντες,
1458 783 1506 809 καὶ
1535 783 1569 810 τὰ
1593 783 1703 810 πάντων
1726 785 1868 819 αἴσχιστοι

1073 825 1189 860 δράσητε
1215 826 1274 860 ἄμα
1302 826 1349 853 καὶ
1379 827 1521 862 πείσησθε,
1554 828 1600 854 καὶ
1625 825 1680 854 οἷον
1706 828 1737 854 τὸ
1765 829 1865 861 τέλος,

1075 870 1212 904 σποράδες
1245 871 1382 905 γινόμενοι
1408 873 1585 908 βιοτεύσησθε
1621 874 1668 900 καὶ
1693 875 1868 909 παραπζδοις

1075 915 1183 948 πάντως
1198 917 1214 951 ἡ
1229 917 1291 952 δίκη
1308 918 1453 953 ἀνέχεσθαι
1477 919 1578 954 ἣκιστα
1595 920 1745 955 δυναμένη;
1761 920 1870 951 Δόντες

1075 959 1121 988 οὖν
1149 963 1254 994 ἑαυτοῖς
1282 963 1371 996 δεξιὰς
1403 965 1449 991 καὶ
1476 965 1515 1000 τῷ
1536 966 1723 1001 πολιτεύματι,
1746 968 1775 992 τὸ
1799 967 1870 993 δέον

1076 1010 1258 1044 σκοπὴσωμεν
1271 1018 1278 1025 ’
1293 1011 1340 1037 καὶ
1356 1010 1403 1037 νῦν
1419 1011 1547 1045 μάλιστα,
1567 1013 1610 1038 ὅτε
1634 1013 1680 1038 καὶ
1706 1013 1753 1039 τοῦ
1772 1022 1871 1047 σωτη-

1077 1055 1135 1089 ρίου
1163 1056 1265 1088 πάθους
1287 1047 1337 1088 τάξ
1364 1058 1479 1092 ἡμέρας,
1504 1058 1551 1084 καὶ
1574 1059 1624 1093 τῆς
1649 1061 1786 1094 παναγίοις
1813 1060 1870 1087 τνιῦ

1077 1101 1199 1135 Σωτῆρος
1216 1102 1294 1137 ἡμῶν
1312 1103 1399 1137 Ἰησοῦ
1414 1104 1532 1138 Χριστοῦ
1547 1105 1720 1136 ἀναστάσεως
1740 1115 1869 1141 συναρη-

1076 1147 1177 1180 γούσας
1193 1148 1239 1174 καὶ
1264 1149 1573 1185 συνεπιλαμϐανομένας
1595 1153 1651 1183 τοῖς
1674 1152 1772 1188 hinc"!
1790 1153 1871 1188 ἔχω-

1075 1201 1135 1226 μεν.
1157 1202 1166 1219 ι

240 1240 276 1266 ita
301 1239 470 1274 tyrannidem
497 1239 680 1270 exerceretis,
707 1245 768 1273 quae
794 1237 935 1272 proposita
966 1239 1022 1266 sitit
1041 1242 1162 1274 praemia.
1195 1243 1336 1276 Quorsum
1373 1245 1447 1272 enim
1468 1246 1545 1274 vobis
1564 1255 1610 1275 res
1630 1255 1779 1283 prmsemes
1798 1257 1871 1277 ενα-

239 1286 323 1313 delt?
339 1285 405 1312 Nam
422 1290 451 1312 ut
464 1286 492 1312 in
505 1286 558 1313 hoc
572 1285 630 1320 ipso
644 1290 824 1320 permaneant
849 1289 933 1317 statu,
966 1285 1177 1322 haudquaquam
1210 1290 1289 1318 facile
1322 1292 1381 1319 ﬁeri
1398 1297 1497 1328 potest.
1514 1293 1592 1322 Unde
1608 1302 1674 1322 vero
1690 1295 1744 1322 erit
1760 1296 1869 1327 vietus,

241 1337 268 1357 et
294 1331 402 1365 frugum
426 1336 595 1359 maturarum
618 1339 651 1358 ex
677 1331 758 1366 agris,
779 1336 826 1358 aut
846 1339 941 1359 earum
963 1340 1024 1366 qua:
1044 1341 1119 1361 tnare
1141 1337 1293 1365 continenti
1319 1339 1383 1373 ipsi,
1418 1347 1466 1374 pro
1498 1348 1531 1368 eo
1545 1345 1627 1376 atque
1643 1349 1692 1376 par
1710 1346 1762 1374 est,
1779 1350 1868 1377 opem

243 1377 357 1405 ferendo
385 1377 557 1411 suppeditat,
586 1385 678 1404 rerum
712 1378 889 1412 importatio?
920 1378 1025 1406 Bellum
1060 1388 1125 1416 ergo
1152 1383 1330 1418 popularibus
1358 1386 1457 1414 vestris
1499 1387 1664 1415 Christianis
1690 1388 1868 1422 inferentes,

241 1429 269 1451 et
284 1423 384 1450 bellutn
400 1424 433 1450 ab
448 1423 552 1450 eisdem
571 1423 750 1458 excipientes,
771 1428 816 1451 res
845 1425 970 1451 omnium
1008 1424 1173 1455 foedissimas
1211 1435 1239 1456 et
1261 1429 1379 1464 facietis,
1397 1437 1426 1459 et
1459 1433 1612 1467 patiemini.
1634 1434 1669 1461 Et
1682 1434 1727 1462 ubi
1750 1436 1868 1463 tandem

243 1476 391 1505 postremo,
406 1471 472 1498 hinc
486 1476 513 1498 et
528 1471 590 1498 inde
606 1471 734 1506 dispersi,
748 1472 833 1499 vitam
848 1471 977 1508 desetis?
991 1472 1024 1500 Et
1042 1482 1226 1510 consequetur
1258 1485 1273 1505 a
1310 1483 1386 1514 tergo
1405 1488 1452 1508 vos
1467 1481 1587 1509 vindicta
1604 1482 1707 1515 divina,
1724 1491 1784 1518 qua:
1801 1492 1866 1519 per.

243 1519 373 1570 vicacialtn
392 1523 511 1570 vestram
535 1519 682 1570 sustinere,
702 1524 750 1570 aut
769 1520 876 1547 veniam
910 1521 988 1548 vobis
1023 1521 1057 1550 de
1076 1528 1175 1551 caetero
1198 1525 1262 1553 dare
1285 1527 1398 1555 minime
1422 1529 1534 1563 poterit.
1554 1530 1728 1566 Quapropter
1750 1533 1869 1562 dextras

241 1565 320 1592 nobis
345 1565 461 1592 invicem
489 1569 516 1592 et
542 1565 699 1599 reipublicae
717 1566 886 1601 iungamus,
911 1572 938 1594 et
963 1574 1021 1594 rem
1043 1569 1139 1603 ipsam,
1171 1578 1221 1605 pro
1240 1579 1273 1599 eo
1296 1577 1378 1608 atque
1402 1582 1510 1609 atquutu
1534 1582 1589 1608 εει,
1623 1578 1833 1607 consideremus
1861 1590 1866 1607 ;

241 1611 324 1645 idqtte
349 1619 421 1638 nunc
444 1618 526 1645 quarti
552 1611 680 1644 maxime,
721 1619 783 1639 cum
827 1613 974 1640 salutifera:
1010 1615 1144 1648 passionis
1191 1623 1219 1645 ct
1249 1619 1429 1648 sanctissimae
1466 1623 1676 1651 resurrectionis
1707 1625 1868 1655 Servatoris

241 1658 327 1685 nostri
351 1657 415 1685 Jesu
436 1657 538 1686 Christi
560 1658 617 1686 dies
630 1657 725 1691 festos,
740 1659 787 1693 qui
807 1659 885 1685 nobis
905 1660 937 1685 ad
960 1667 1004 1686 res
1024 1661 1151 1690 meliores
1167 1671 1246 1699 opem
1263 1671 1289 1693 ct
1307 1667 1439 1694 auxilium
1455 1666 1556 1701 ferunt,
1573 1671 1688 1705 agitnuS.
1706 1681 1715 1697 ι

533 1726 646 1754 CAPUT
666 1725 734 1753 xvt.
1040 1732 1063 1761 α

244 1786 275 1813 Ut
296 1786 422 1812 exercitus
443 1784 569 1818 Gregorio
585 1791 700 1818 parens,
726 1791 833 1809 rursum
851 1782 1026 1818 Pliilippicum

519 1820 613 1845 ducem
626 1818 727 1853 legerit.

275 1881 424 1925 Gregorius
450 1890 507 1916 haec
527 1893 611 1923 atque
637 1887 690 1914 alia
714 1888 792 1923 plura
814 1895 876 1915 cum
899 1888 1026 1923 lacrymis

243 1939 362 1969 locutus,
380 1935 473 1962 divino
493 1934 614 1969 quodam
634 1938 701 1960 nutu
719 1933 747 1960 in
765 1938 903 1960 momento
921 1938 1026 1968 tempo-

244 1984 281 2010 ris
300 1983 406 2008 animos
423 1980 546 2007 omnium
564 1979 592 2006 in
614 1979 695 2006 aliatn
711 1979 874 2006 sententiam
894 1979 1025 2006 traduxit.

243 2028 335 2062 Itaque
358 2032 387 2054 ut
411 2027 452 2054 cis
476 2033 511 2053 ex
534 2030 670 2053 conventu
695 2025 824 2053 secedere
845 2025 950 2056 liceret.
971 2033 1026 2059 quo

242 2074 357 2100 seorsitn
374 2072 525 2100 deliberare
547 2071 581 2098 de
601 2079 634 2098 eo
649 2071 721 2106 quod
742 2078 849 2105 aequum
873 2075 947 2098 esset
963 2078 1027 2105 pos-

243 2125 314 2151 sent,
335 2119 486 2154 petierunt,
524 2125 555 2145 ac
579 2117 660 2152 paulo
686 2121 747 2151 post
771 2116 875 2144 reversi
899 2116 1026 2151 potestati

244 2165 376 2192 antistitis
398 2172 427 2191 se
448 2163 646 2198 permiserunt.
667 2162 756 2196 Atque
779 2162 819 2189 illi
842 2161 1026 2197 Philippicutn

245 2210 417 2241 nominatim,
433 2213 464 2236 ut
480 2209 557 2235 illum
571 2208 700 2236 videlicet
715 2207 807 2235 denuo
822 2207 921 2235 ducem
937 2215 1028 2235 sunte-

246 2260 316 2287 rent,
329 2251 411 2290 830
424 2254 560 2289 alleganti,
575 2262 604 2281 se
617 2258 644 2280 et
655 2252 808 2281 exercitum
823 2260 932 2280 omnem
945 2253 1028 2288 juris-

241 2300 354 2334 iurandi
383 2300 515 2334 religione
543 2299 709 2326 obstrictum
736 2306 815 2330 esse,
845 2298 1027 2333 Philippicutn

246 2346 358 2380 posthac
378 2345 473 2371 ducem
492 2351 506 2370 a
526 2351 555 2371 se
577 2344 691 2371 minime
713 2346 870 2378 susCeptum
889 2343 933 2374 iri,
950 2344 1028 2370 dixe-

245 2398 320 2418 runt.
336 2390 437 2418 Adhaec
461 2389 610 2425 Gregorius
628 2390 697 2416 niltil
727 2394 883 2422 cunctatus,
898 2390 1026 2417 sacerdo-
1044 2408 1066 2434 υ

247 2443 301 2464 tem
325 2444 355 2464 se
375 2444 424 2471 per
447 2437 567 2464 divinam
590 2436 706 2470 gratiam
727 2443 799 2469 esse,
816 2441 844 2463 et
864 2440 1026 2471 potestatem

246 2482 370 2510 solvendi
382 2487 409 2509 et
419 2482 520 2517 ligandi
532 2482 559 2509 in
572 2482 642 2510 cmlo
654 2486 682 2509 et
696 2481 807 2509 interra
822 2481 924 2509 habere
938 2482 1026 2510 dixit:

246 2529 421 2563 divinamque
447 2536 530 2563 super
558 2536 591 2555 ea
615 2536 644 2555 re
667 2528 817 2563 iussionem
847 2528 875 2555 in
906 2529 1027 2556 medium

247 2575 386 2610 produxit.
409 2574 478 2601 Tum
499 2582 564 2602 vero
585 2575 719 2601 militibus
739 2581 844 2601 morem
863 2574 888 2602 ei
909 2577 1030 2609 gerenti-

248 2622 309 2652 btts,
326 2621 531 2655 precationibus
546 2621 669 2648 divintttn
684 2620 790 2648 Numen
806 2621 923 2655 placavit
936 2630 942 2648 :
957 2627 984 2647 ct
1000 2628 1029 2648 re

247 2674 410 2693 arcanorum
431 2667 623 2701 mysteriorum
647 2666 738 2694 divina
758 2673 878 2701 peracta,
896 2667 1029 2694 immacu-

246 2712 330 2738 latum
355 2719 455 2746 corpus
475 2713 603 2740 omnibus
624 2713 847 2740 communicavit.
869 2712 932 2740 Dies
954 2713 1027 2739 enim

248 2757 294 2791 qui
309 2762 430 2784 sanctam
448 2759 604 2792 passionem
621 2759 721 2786 Christi
737 2759 878 2794 prazcedit,
895 2763 950 2785 tttnt
968 2767 1029 2793 age-

246 2803 337 2829 batur.
365 2803 467 2831 Deinde
490 2806 702 2838 convivio_eos,
724 2814 786 2833 cum
810 2806 921 2833 circiter
943 2806 1028 2832 dtttnn

248 2848 366 2875 millium
395 2857 536 2877 numerum
569 2851 726 2885 explerent,
756 2851 823 2879 toris
849 2851 874 2878 in
906 2851 1027 2886 gramine

1369 1738 1492 1765 ΚΕΦΑᾹ.
1514 1741 1572 1773 ις’.

1083 1779 1130 1811 Ὠς
1147 1782 1276 1823 ίζτριιτὸς
1286 1784 1446 1823 fetu-opim
1458 1787 1605 1823 πειθήνια
1621 1792 1788 1823 γεγονότες,
1807 1790 1867 1818 αὖ-

1147 1818 1194 1848 θις
1209 1817 1260 1843 τόν
1278 1817 1457 1857 mltumng
1467 1822 1586 1848 εἵλοντο
1600 1817 1782 1858 στρὶιτηγόιλ.

1118 1870 1147 1897 Ὀ
1164 1873 1213 1904 μὲν
1228 1872 1276 1900 οὖν
1297 1876 1416 1903 τοσαῦτα
1433 1878 1480 1904 καὶ
1498 1878 1565 1905 ἄλλα
1593 1880 1677 1906 πλείω
1701 1882 1798 1915 εἰπὼν,
1817 1887 1865 1911 καὶ

1077 1918 1272 1955 ἐπιδακρύσας,
1290 1923 1360 1957 ῥοπῇ
1384 1931 1437 1950 τινι
1455 1923 1516 1958 θείᾳ
1535 1926 1583 1956 τὰς
1601 1926 1730 1953 ἁπάντων
1747 1930 1865 1964 γνώμας

1077 1967 1105 1992 ἐν
1117 1968 1215 2001 ἀκαρεῖ
1233 1970 1433 2005 μιτερῤύθμιζε
1444 1980 1450 1987 ·
1466 1974 1513 1999 καὶ
1529 1973 1645 2008 ἐζήτουν
1659 1976 1705 2001 τοῦ
1730 1977 1864 2012 συλλόγου

1078 2013 1249 2045 ὑπεξελθεῖν·
1270 2017 1308 2047 ὡς
1324 2016 1357 2043 ἂν
1373 2017 1433 2044 καθ’
1447 2018 1562 2050 ἑαυτοὺς
1576 2020 1729 2054 γενόμενοι,
1745 2024 1811 2058 περὶ
1826 2020 1866 2051 ὧν

1077 2059 1131 2085 δέοι
1148 2059 1356 2094 βουλεύσωνται.
1374 2063 1429 2090 Καὶ
1448 2064 1507 2098 μετ’
1523 2065 1553 2091 οὖ
1571 2065 1638 2092 πολὺ
1650 2067 1775 2101 ἥκοντες,
1793 2072 1866 2103 σφᾶς

1077 2105 1175 2136 αὐτοὺς
1196 2106 1234 2141 τῷ
1252 2108 1321 2142 ἱερεῖ
1340 2109 1543 2144 ἐγχειρίζουσι·
1561 2112 1608 2138 καὶ
1629 2112 1675 2138 τὸν
1698 2114 1866 2142 Φιλιππικὸν

1077 2151 1106 2184 ἐξ
1119 2151 1251 2186 ὀνόματος
1274 2155 1379 2181 είπόντι
1398 2155 1440 2182 ἵνα
1458 2154 1535 2188 αὖθις
1554 2157 1669 2185 ἕλωνται
1695 2162 1864 2194 στρατηγὸν,

1077 2199 1171 2233 ὅρκοις
1183 2199 1280 2231 δεινοῖς
1292 2200 1384 2234 ἔλεγον
1401 2203 1582 2236 διομόσασθαι
1596 2204 1643 2230 καὶ
1658 2205 1688 2230 τὸ
1703 2207 1866 2241 στράτευμα

1079 2245 1202 2280 σύμπαν,
1220 2243 1237 2281 ἦ
1252 2247 1305 2281 μὴν
1321 2247 1416 2274 ’τοῦτον
1434 2248 1470 2283 μὴ
1487 2249 1534 2275 τοῦ
1555 2249 1651 2276 λοιποῦ
1675 2251 1816 2283 δέξασθαι,
1835 2255 1866 2280 ὐ

1077 2293 1106 2319 δὲ
1124 2294 1188 2328 μήτι
1211 2294 1279 2328 πρὸς
1301 2294 1381 2321 τοῦτο
1403 2296 1541 2331 μελλήσας
1562 2298 1576 2324 ὁ
1602 2299 1706 2333 ἱερεὺς,
1721 2299 1773 2334 ἔφη
1797 2302 1867 2336 πρὸς

1079 2339 1202 2370 ἐξουσίας
1222 2339 1292 2366 εἶναι
1312 2340 1386 2367 λύειν
1411 2342 1458 2368 aut
1479 2341 1591 2377 δεσμεῖν
1613 2344 1660 2370 ἐπὶ
1682 2345 1734 2380 γῆς
1758 2354 1788 2371 τε
1818 2348 1868 2373 καὶ

1079 2387 1193 2422 οὐρανοῦ
1203 2395 1209 2402 ι
1234 2389 1280 2414 καὶ
1292 2387 1340 2422 τὴν
1353 2388 1431 2415 θείαν
1445 2389 1489 2415 ἐπὶ
1500 2389 1588 2425 τούτῳ
1601 2390 1726 2417 κέλευσιν
1742 2394 1866 2428 προῆγεν

1078 2433 1118 2464 εἰς
1144 2433 1237 2467 μέσον.
1256 2434 1310 2460 Καὶ
1327 2433 1359 2469 δὴ
1382 2434 1430 2461 καὶ
1449 2435 1517 2468 πρὸς
1541 2435 1621 2462 τοῦτο
1643 2437 1775 2469 εἰξάντων
1795 2440 1868 2465 ἐκεί-

1079 2488 1143 2513 νων,
1153 2480 1240 2512 λιταῖς
1255 2479 1402 2513 ὲξωσιοῦτο
1414 2481 1445 2508 τὸ
1462 2482 1539 2509 Θεῖον
1549 2491 1556 2497 ·
1572 2483 1621 2509 καὶ
1637 2484 1687 2519 τὴν
1702 2484 1780 2511 οείιιν
1791 2485 1867 2511 τελέ-

1080 2534 1128 2558 σας
1152 2528 1360 2561 μυσταγωγίαν,
1382 2528 1428 2555 τοῦ
1453 2529 1590 2563 ἀχράντου
1620 2529 1747 2564 σώματος
1777 2531 1866 2558 ἅπασι

1082 2572 1236 2606 μετεδίδου⁸
1255 2574 1347 2609 ἡμέρα
1370 2574 1424 2609 γὰρ
1447 2574 1508 2609 ἧνή
1525 2575 1576 2610 πρὸ
1599 2576 1645 2602 τοῦ
1667 2576 1746 2609 ἁγίου
1761 2577 1867 2608 πάθους

1080 2619 1209 2654 Χριστοῦ.
1226 2620 1341 2646 Ἔπειτα
1363 2622 1432 2655 σφᾶς
1457 2621 1599 2654 δειπνίσας
1623 2624 1696 2658 ἀμφὶ
1716 2624 1867 2658 δισχιλίους

1080 2665 1169 2698 ὄντας,
1186 2665 1319 2692 στιϐάδων
1335 2666 1381 2692 ἐπὶ
1398 2667 1447 2701 τῆς
1464 2667 1533 2698 πόας
1550 2668 1775 2702 σχεδιασοὲντων,
1793 2671 1866 2700 κατὰ

1079 2711 1129 2746 τὴν
1154 2711 1217 2746 ἑξῆς
1242 2711 1416 2746 ὑπέστρεφε*
1437 2714 1482 2739 καὶ
1509 2713 1594 2740 ἐδόκει
1614 2714 1788 2749 ἀθροίζεσθαι
1805 2716 1867 2741 τοὺ-

1079 2766 1142 2789 τους
1156 2755 1182 2783 οἷ
1195 2757 1343 2792 βούλοιντο.
1364 2758 1408 2785 Ἑν
1426 2759 1525 2794 Ταρσῷ
1541 2759 1568 2785 δὲ
1585 2760 1633 2794 τῆς
1655 2760 1783 2792 Κιλικίας
1800 2762 1865 2788 ὄντα

1079 2805 1243 2831 Φιλιππικῆν
1273 2805 1475 2839 μετεστέλλετο,
1504 2807 1605 2841 καίπερ
1635 2807 1703 2841 πρὸς
1719 2808 1768 2842 τὴν
1791 2808 1867 2842 βασι-

1081 2850 1148 2882 λέως
1176 2852 1409 2886 κατεπειγόμενον
1434 2852 1521 2879 πόλιν.
1544 2853 1648 2879 Ὲκείσε
1670 2851 1716 2880 οὖν
1738 2853 1864 2887 ἀγαγὼν,
