1926 3092
88 137 128 169 IOI

509 138 808 170 ECCLESIASTICrE
828 138 1021 169 ΗιεΤοιιΙίΕ
1041 141 1113 172 LIB.
1135 142 1247 174 XVIII.

1660 143 1717 175 λίθὲ

88 196 143 222 δέκα
158 194 224 230 πρὸς
239 195 296 227 τοῖς
316 195 415 222 ἑκατὸν
433 195 597 229 πεφυκότος,
614 195 717 230 ψύχους
737 195 870 230 δριμυτά-
886 211 892 226 Α

941 202 1032 225 ssent:
1057 199 1193 226 acerrimo
1219 200 1321 235 frigore
1345 204 1453 232 exorto,
1478 201 1556 228 multi
1577 201 1717 228 interiere.

87 251 127 269 του
140 242 350 276 ὲπισυμόἀντος,
369 241 463 268 πολλοὶ
478 242 674 277 διεφθείροντο.
690 242 870 277 Κομεντίο),ος

89 289 132 323 μὲν
149 288 192 314 οὖν
208 288 254 314 ἐπὶ
269 289 299 314 τὸ
328 288 476 321 Βυζάντιον
498 288 580 323 ἤκει¹
617 288 737 323 Πρίσκος
762 287 791 315 δὲ
815 289 872 318 τοῖς

89 334 149 361 κατὰ
167 335 279 370 θρᾲκην
307 334 507 370 ἒπεχωρίαξεν,
525 334 552 360 εί
567 334 619 361 πού
645 342 717 366 τινες
738 333 873 369 ἐκδρομαὶ

88 380 200 414 γένοιντο
227 380 381 415 ἁνακόῷων.
401 380 504 415 Ἐαρος
525 378 554 406 ’δ’
572 379 792 415 ὑπολάμποντος,
812 380 874 407 ἐπεὶ

88 427 114 458 ἒς
126 426 269 464 Βυζάντιον
283 427 414 461 ἐγεγόνει,
444 427 524 453 πάλιν
545 426 698 461 στρατηγὸς
715 426 874 453 ἀναδείκνυ-

88 483 137 500 ται.
151 473 194 509 Τῷ
208 474 237 501 δὲ
250 474 281 502 ιθ¹
297 474 353 501 ἔτει
372 474 420 501 τοῦ
443 474 646 509 αὐτοκράτορος
662 474 738 501 οὐδέν
754 482 780 500 τι
799 474 873 509 μέγα

95 520 237 555 Ῥωμαίοις
254 520 300 547 καὶ
311 520 467 556 Βαρϐάροις
486 520 622 556 ἐπράχθη.
641 521 708 547 Τότε
725 520 753 547 δὲ
768 520 875 556 Μαυρί-

90 573 143 596 κιος
159 565 299 592 Θεοδόσιον
324 567 370 592 τὸν
399 566 458 592 υίον
483 567 601 601 νυμφίον
625 566 780 600 ἐπόμπευε,
808 567 875 602 πρὸς

89 611 194 646 ἔννομον
206 611 296 647 γάμον
312 612 387 647 αὑτῷ
407 611 548 647 Γερμανο)
566 612 597 639 τὺ
621 613 771 648 θυγάτριον
788 613 877 648 ἁρμο-

91 658 212 692 σάμενος,
227 659 324 694 ἀνδρὸς
338 659 400 686 λίαν
420 660 525 695 ἑξόχου,
547 660 592 686 καὶ
607 659 660 686 τῶν
677 660 704 691 ἐς
721 659 875 694 συγκλήτου

90 704 182 740 βουλὴν
199 705 338 739 ἀνιόντων,
357 706 428 740 μάλα
448 707 608 740 ἐπιφανοῦς.
642 705 722 732 Ἀλλὰ
739 706 786 732 καὶ
802 707 876 732 Χοσ-

91 750 150 784 ρόης
161 751 208 781 τὰς
221 751 362 786 διατριϐὰς
373 752 402 778 ἐν
411 752 556 778 Βαϐυλῶνι
570 751 743 787 ποιούμενος,
759 752 813 779 ὑπὸ
823 752 877 778 τῶν

90 796 225 831 ἡμετέρων
239 797 402 832 συμμάχων,
421 798 502 833 Σῦροι
516 799 544 825 δὲ
562 798 646 831 οὗτοι,
673 798 720 825 καὶ
735 798 769 824 τὰ.
790 798 877 832 πρόσ-

89 852 149 869 οικα
179 844 284 876 τούτοις
311 844 408 880 χωρία,
423 846 596 880 νυττόμενος,
608 845 727 872 διαλύειν
739 845 878 880 ἐπεχείρει

927 242 961 270 Et
977 243 1195 272 Commeutiolus
1206 246 1319 280 quidem
1337 247 1496 282 Byzantium
1510 252 1553 274 est
1567 255 1694 275 reversus
1709 255 1716 274 ι

925 290 1036 318 Priscus
1050 300 1116 319 vero
1143 292 1172 319 in
1195 292 1310 320 Thracia
1338 294 1480 324 remansit.
1508 295 1721 322 excursionibus

926 336 1058 369 hostium,
1069 338 1091 364 si
1108 338 1287 372 quactierent,
1323 339 1436 366 obviam
1462 340 1561 366 iturus.
1578 339 1631 367 Sed
1645 341 1718 367 enim

927 382 1017 417 primo
1033 390 1095 410 vero
1111 391 1173 411 cum
1193 384 1461 420 Constantinopolim
1476 386 1608 418 venisset,
1623 387 1718 414 denuo

927 428 982 455 dux
997 428 1154 457 declaratus
1169 435 1223 457 est.
1238 431 1425 458 Decitnonono
1451 432 1560 466 imperii
1591 431 1718 459 Mauricii

927 482 999 502 anno
1015 476 1082 503 nihil
1096 484 1223 511 tnagnnrn
1245 486 1258 503 ιι
1272 478 1402 505 Romanis
1415 483 1443 505 et
1460 478 1584 506 barbaris
1597 484 1717 514 gestum.

927 522 1009 557 857
1039 522 1107 550 Tum
1139 532 1204 550 vero
1242 524 1389 552 Mauricius
1418 524 1603 552 Theodosium
1634 526 1719 552 tilium

927 569 1171 604 sponsumingenti
1184 578 1246 596 cum
1261 575 1396 604 apparatu
1408 570 1483 601 Iecit,
1504 570 1629 605 legitimo
1658 578 1717 597 nta-

929 616 1061 643 trimonio
1078 617 1101 643 ei
1119 616 1248 644 Germani
1264 617 1318 643 tilia
1333 617 1493 653 conjuncta,
1511 617 1562 644 viri
1586 622 1720 652 praestan-

928 661 1027 688 tissimi
1045 666 1073 688 et
1091 662 1227 689 senatoris
1243 662 1459 696 pneclarissimi.
1481 662 1534 689 Sed
1546 666 1573 689 et
1585 662 1722 690 Chosrocs

929 707 1066 742 Babylone
1082 712 1139 734 rum
1157 708 1300 742 degens,a
1331 708 1415 736 sociis
1445 709 1547 736 nostris
1576 708 1661 744 Syris,
1694 713 1722 735 et

931 752 1109 779 ﬁnitimarum
1126 753 1166 780 eis
1181 753 1324 787 regionum
1343 753 1450 788 populis
1478 753 1621 785 incitatus,
1647 761 1722 780 runt-

930 807 995 833 pere
1008 805 1087 833 pacta
1103 807 1165 826 eum
1182 800 1314 827 Romanis
1330 800 1432 827 t'aailera
1445 800 1599 835 cogitabat.
1623 799 1721 826 Verum

931 845 976 872 ubi
993 845 1314 881 imperatorlegationem
1331 847 1365 873 ad
1381 854 1443 874 cum
1459 847 1544 878 misit,
1559 851 1638 881 pacta
1654 845 1717 880 qui-

90 889 135 919 τᾱις
152 888 221 922 μετὰ
243 879 386 924 Ῥωμαίων
416 879 545 921 σπονδάς.
579 879 879 927 Πρεσϐευσαμένουνδὲ

941 890 992 917 lem
1005 898 1102 917 rursus
1116 891 1278 919 conﬁrmata
1310 896 1384 918 sunt.
1412 891 1510 918 Orator
1541 895 1630 918 autent
1664 891 1723 925 ipse

92 934 137 961 τοῦ
154 934 330 970 κρατοῦντος,
351 936 378 962 αἱ
396 936 445 970 μὲν
472 936 585 962 σπονδαὶ
610 936 656 963 καὶ
676 936 759 963 πάλιν
775 935 879 970 κρατύι

91 990 177 1008 νονται
187 989 194 996 ·
210 982 224 1008 ὁ
240 981 267 1008 δὲ
282 982 402 1017 πρέσϐυς
419 982 510 1014 κακῶς
523 982 634 1014 ἔπαθεν,
648 982 732 1009 εἰπὼν
747 982 815 1017 πρὸς
836 982 882 1008 τὸν

91 1028 288 1062 αὖτοκρᾶιτορα,
303 1028 340 1059 ὡς
358 1027 388 1055 '0
414 1029 528 1064 Περσῶν
545 1029 674 1063 βασιλεὺς
687 1029 746 1055 τάδ’
760 1029 801 1059 είς
813 1029 881 1063 ἐπή-

92 1081 149 1100 κοον
163 1073 216 1099 τῶν
238 1073 388 1108 σατραπῶν
412 1075 441 1106 ἐς
466 1076 548 1109 μέσον
568 1075 733 1101 διείλεκται·
758 1074 809 1101 Διὰ
832 1074 882 1109 τὴν

91 1120 135 1146 τοῦ
151 1118 292 1155 πρέσϐεως
310 1119 412 1156 ἀρετὴν
423 1120 520 1156 δίδωμι
541 1121 580 1156 τῷ
594 1121 705 1156 πολέμῳ
729 1122 780 1156 τὴν
792 1120 880 1149 λύσιν.

92 1168 253 1196 Χαλετιαίνει
276 1167 352 1194 ταῦτ’
369 1168 567 1203 ὲνωτισάμενος
590 1167 718 1203 βασιλεύς
730 1176 736 1183 ·
754 1168 801 1194 καὶ
811 1167 883 1201 γίνε-

91 1223 133 1241 ται
145 1213 188 1250 ’τῷ
206 1215 338 1250 Γεωργίῳ
355 1214 480 1250 σφαλερὰ
501 1215 517 1250 ή
535 1216 584 1249 τῆς
604 1207 756 1249 πρεσϐείᾶς
772 1213 881 1240 ἐπίτευ-

93 1260 148 1293 ξις·
164 1259 235 1288 οὕτω
247 1262 302 1297 γὰρ
319 1261 333 1287 ὁ
344 1261 463 1296 πρέσὸυς
481 1261 636 1296 ὡνόμαστο.
655 1260 723 1291 Ταῖς
739 1260 794 1294 γὰρ
817 1259 884 1294 ἁλη-

93 1307 176 1339 θείαις
193 1307 273 1342 λόγος
288 1307 326 1344 μὴ
343 1307 455 1342 μέτροις
470 1306 508 1339 ὡς
519 1306 608 1342 χρεὼν
624 1306 815 1344 διοικούμενος
835 1314 884 1341 με-

93 1354 176 1389 γάλας
194 1354 338 1390 συμφορὰς
353 1352 408 1381 οἵδε
424 1355 480 1385 τοῖς
496 1353 681 1389 χρησαμένοις
698 1352 883 1388 παρέχεσθαι.

95 1401 149 1428 Καὶ
162 1402 228 1437 περὶ
244 1401 294 1437 μὲν
303 1401 404 1428 τούτων
418 1400 516 1432 οὕτως.

377 1472 504 1498 ΚΕΦΑΛ.
540 1470 603 1498 AH'.

95 1532 195 1564 Ὅπως
210 1531 244 1558 τὸ
263 1531 298 1557 ἐν
325 1529 473 1562 Βυζαντίῳ
492 1529 612 1563 πλῆθος
631 1529 799 1562 Μαυρικιου
816 1536 885 1564 κατ-

127 1560 317 1604 εστασίασε-ι
344 1565 404 1604 καί.
422 1560 463 1604 ὡς
480 1565 522 1599 μὴ
549 1560 732 1604 inquietae.
747 1563 885 1604 Χαγὰγου
899 1560 921 1589 C

127 1601 376 1636 ἐξωνησαμένου,
393 1598 509 1633 ἐκεῖνος
534 1599 574 1632 τῷ
594 1599 675 1634 ξίφει
693 1598 809 1631 πάντας
830 1599 887 1625 ὑπ-

128 1649 148 1672 η
154 1647 216 1674 γεν.

132 1694 203 1728 Ἶίδη
221 1693 250 1720 δὲ
268 1693 392 1720 είκοστδν
408 1693 421 1718 ὁ
437 1692 619 1726 αὐτοκράτωρ
645 1690 797 1725 Μαυρὶκιος
813 1690 888 1724 ἄγων

94 1741 221 1769 ἐνιαυτὸν
234 1741 268 1776 τῇ
284 1741 367 1775 ἀρχῇ,
383 1739 478 1774 Πέτρῳ
493 1738 531 1773 τῷ
547 1738 655 1773 ἀδελφῷ
675 1738 724 1773 τὴν
752 1738 804 1773 τῆς
835 1737 887 1764 Εὑ-

95 1788 192 1824 ρὼττῃς
205 1786 356 1822 ἐγχειρίζει
368 1787 528 1821 ἡγεμονίαν.
555 1785 610 1812 Καὶ
625 1785 721 1819 λοιμὸς
733 1783 833 1819 ἀθρόον
845 1785 890 1810 ὲν-

95 1836 205 1871 σκήψας
218 1834 268 1869 τὴν
286 1833 412 1869 βασιλίδα
445 1831 595 1867 ὲξέτριόεν.
618 1831 699 1858 Ἐπεὶ
716 1830 739 1858 δ’
752 1831 766 1858 ὁ
795 1829 890 1866 καιρὸς

93 1882 150 1908 τῶν
165 1880 288 1916 Χριστοῦ
304 1879 452 1914 γενεθλίων
465 1879 561 1912 ἐνέστη
575 1877 679 1913 (εἰώθει
690 1876 718 1904 δὲ
734 1878 748 1904 ὁ
763 1876 891 1912 βασιλεὺς

96 1929 293 1964 συ-.εορτάζειν
308 1928 365 1958 τοῖς
387 1926 495 1961 δήμοις,
512 1925 562 1961 τὴν
579 1924 608 1958 ἐξ
631 1924 710 1956 ἔθους
726 1923 766 1959 τῷ
793 1922 892 1959 πλήθει

94 1977 214 2010 ἄγοντος
235 1974 391 2009 Μαυρικίου
418 1972 526 2008 τιμὴν),
543 1971 598 1999 τῶν
618 1979 690 2003 τινες
700 1970 748 1997 τοῦ
772 1969 893 2005 πλήθους

94 2021 328 2057 νεωτερίσαντες,
347 2018 408 2046 κατ’
422 2018 511 2045 αὑτοῦ
538 2016 712 2051 ἐστασίαζον,
726 2016 773 2043 καὶ
802 2015 894 2048 λίθους

95 2067 246 2103 βάλλοντες
259 2065 468 2100 ἐϐλασφήμουν.
499 2063 555 2091 Καὶ
569 2063 584 2090 ὁ
601 2065 651 2098 μὲν
682 2063 759 2097 μόλις
782 2062 894 2098 διαδρὰς

93 2116 143 2141 τον
162 2114 301 2145 κίνξυνον,
320 2113 348 2143 ἐς
365 2111 397 2137 τὸ
411 2111 461 2146 τῆς
491 2110 624 2137 Θεοτόκου
655 2109 780 2144 τέμενος,
797 2109 810 2135 ὃ
825 2109 894 2136 Βλα-

93 2161 200 2195 χέρνας
227 2156 447 2195 προσαγορεύειν
471 2155 577 2190 ἔθιμον,
609 2154 796 2187 διασώζεται·
815 2155 896 2181 cretici-

93 2208 194 2239 ζονται
208 2206 238 2233 δὲ
252 2204 333 2232 τοῦτο
346 2207 374 2235 ες
392 2203 513 2239 μάλιστα
531 2200 734 2236 θρησκεύοντες
748 2201 772 2228 οι
793 2200 896 2232 Βυζάν-

931 937 1069 972 legatione
1083 937 1167 970 obita,
1183 937 1252 964 male
1267 942 1308 964 est
1320 941 1473 972 aeccptus':
1492 941 1636 972 propterea
1649 937 1722 971 quod

932 983 1092 1018 imperatori
1107 983 1218 1016 dixerit,
1247 983 1391 1011 Persarum
1420 991 1512 1018 regetn
1548 983 1631 1010 verba
1665 983 1724 1010 bzcc

932 1029 1113 1058 audientibus
1126 1030 1244 1066 satrapis
1263 1033 1290 1057 in
1307 1030 1428 1058 medium
1453 1030 1598 1064 protulisse
1615 1038 1622 1056 :
1656 1029 1724 1056 Pro-

934 1081 995 1111 pter
1016 1078 1135 1105 oratotis
1164 1078 1253 1112 ipsius
1273 1077 1403 1105 virtutem
1430 1077 1532 1104 bellum
1558 1076 1723 1104 intertnitto.

934 1123 999 1150 Eam
1013 1124 1085 1151 enim
1099 1132 1155 1151 rem
1166 1124 1213 1151 ubi
1226 1124 1388 1158 imperatori
1399 1124 1515 1154 audivit,
1531 1123 1723 1158 indignetulit,

933 1173 961 1197 et
972 1169 1090 1204 Georgio
1106 1170 1144 1204 (id
1161 1177 1279 1204 namque
1294 1170 1414 1197 oratoris
1430 1176 1530 1196 nomen
1556 1168 1626 1202 erat)
1652 1168 1724 1202 peri-

936 1216 1048 1244 culosus
1064 1216 1210 1252 legationis
1226 1217 1285 1250 ejus
1299 1223 1445 1243 successus
1463 1215 1524 1242 fuit.
1540 1215 1578 1242 Ita
1605 1221 1724 1248 namque

935 1270 978 1289 res
993 1262 1057 1295 l'ert,
1079 1267 1109 1290 ut
1123 1263 1212 1290 oratio
1223 1262 1245 1290 si
1256 1270 1311 1290 non
1324 1270 1356 1289 ea
1368 1269 1423 1297 qua
1438 1269 1508 1296 opus
1537 1265 1589 1294 est,
1616 1260 1725 1287 ratione

933 1309 1120 1346 dispensetur,
1133 1317 1244 1345 magnas
1254 1311 1294 1337 eis
1305 1309 1486 1340 calamitates,
1495 1309 1543 1343 qui
1553 1308 1596 1335 illa
1606 1308 1727 1335 abutun—

936 1361 992 1389 tur,
1006 1358 1104 1392 pariat.
1123 1357 1159 1386 De
1175 1357 1215 1385 bis
1236 1357 1380 1385 hactenus.

1195 1469 1308 1501 CAPUT
1324 1469 1467 1496 XXXVIII.

938 1527 1073 1560 Quomodo
1093 1527 1216 1563 Byzantii
1238 1527 1308 1562 plebs
1326 1530 1417 1553 contra
1438 1525 1598 1563 Mauriciuut
1618 1525 1726 1551 seditio-

974 1571 1033 1589 nem
1047 1567 1071 1589 et
1090 1561 1368 1589 tulnullum'eazcitarit
1390 1569 1398 1588 :
1419 1567 1444 1588 et
1459 1566 1486 1587 ul
1503 1561 1645 1595 Clmganns
1661 1569 1724 1594 cap-

974 1600 1039 1625 tivos
1050 1607 1149 1630 ouiues,
1162 1606 1225 1633 quos
1234 1597 1380 1624 Mauricius
1398 1597 1524 1624 redimere
1531 1596 1727 1631 supersederut,

974 1635 1043 1669 [erro
1056 1635 1196 1661 necaverit.

977 1691 1144 1719 Vie'csimum
1162 1692 1218 1726 jatn
1237 1691 1263 1718 in
1284 1691 1402 1726 imperio
1424 1690 1573 1718 Mauricius
1601 1689 1730 1724 princeps

940 1738 1038 1774 agebat
1064 1746 1188 1769 annum,
1212 1746 1297 1772 quum
1324 1738 1406 1766 Petro
1433 1737 1512 1764 fratri
1540 1736 1730 1771 printer-turam

941 1786 1059 1819 Europae
1075 1784 1263 1812 demandavit.
1286 1783 1320 1810 Et
1337 1784 1491 1818 pestilentia
1505 1782 1598 1809 subito
1626 1788 1731 1812 eocrta,

943 1831 1122 1859 vehementer
1137 1831 1320 1866 imperantem
1339 1830 1435 1857 urbem
1463 1829 1568 1856 aillixit.
1585 1829 1732 1862 Postquam

942 1883 1010 1904 vero
1032 1879 1141 1910 tempus
1152 1875 1252 1903 natalis
1274 1875 1378 1902 Christi
1402 1874 1516 1901 advenit
1537 1874 1733 1906 (consueverat

943 1921 1046 1956 quippe
1060 1921 1188 1956 princeps
1201 1928 1256 1948 una
1271 1928 1333 1948 cutn
1352 1920 1455 1955 populo
1469 1919 1570 1946 festum
1583 1926 1645 1944 eum
1659 1917 1731 1944 diem

944 1967 971 1994 in
990 1966 1092 2001 templo
1112 1966 1205 2002 agere)
1233 1973 1261 2000 et
1275 1971 1342 1998 tum,
1368 1974 1418 2001 pro
1441 1964 1645 1993 consuetudine
1670 1971 1731 1993 sua,

945 2013 1096 2044 Mauricius
1111 2013 1284 2040 multitudini
1305 2013 1438 2040 honorem
1460 2019 1523 2039 eum
1540 2010 1648 2043 habuit,
1664 2017 1719 2038 non

946 2059 1015 2087 nulli
1031 2067 1063 2087 ex
1078 2059 1157 2094 plebe
1183 2059 1267 2087 rebus
1286 2058 1366 2087 novis
1389 2057 1540 2089 sollicitati,
1569 2057 1734 2085 seditionem

946 2106 1079 2133 adversus
1112 2113 1175 2132 eum
1214 2109 1362 2132 tnoverunt
1393 2113 1402 2132 :
1442 2103 1628 2139 cumdemqtm
1660 2104 1734 2131 saxis

948 2156 1085 2187 petentes,
1101 2151 1234 2179 conviciis
1246 2151 1361 2185 insuper
1383 2150 1587 2185 prosciderunt.
1614 2150 1652 2176 Ibi
1677 2156 1733 2176 tum

948 2198 995 2226 ille
1009 2205 1081 2233 aegre
1096 2198 1222 2233 periculo
1241 2198 1340 2230 vitato,
1361 2197 1389 2224 in
1412 2197 1460 2224 Dei
1488 2196 1640 2224 Genitricis
1666 2202 1736 2224 tem-

93 2262 162 2281 τιοι,
191 2252 311 2286 Λέγεται
342 2250 395 2285 γὰρ
423 2250 470 2276 καὶ.
494 2247 654 2276 πιστεύεται
678 2248 713 2273 τὰ
740 2247 892 2282 περιστόλιο

951 2245 1036 2279 plum,
1058 2244 1131 2279 quod
1149 2244 1317 2271 Blachernas
1333 2244 1451 2279 populus
1462 2244 1606 2271 ttominare
1620 2251 1738 2271 consuc-

93 2302 147 2335 τῆς
165 2298 310 2335 παρθένου
328 2297 439 2332 Μαρίας
451 2295 524 2330 σορῷ
544 2303 598 2321 τινι
611 2293 797 2330 χρυσοπάστῳ
811 2301 894 2320 κατα-

93 2348 211 2375 κεῖσθαι
226 2344 356 2376 ἐνταῦθα,
370 2344 417 2370 καὶ
433 2343 516 2378 μέρος
529 2351 556 2369 τι
568 2341 616 2376 τῆς
627 2340 712 2375 αὐτῆς
728 2339 895 2373 ἀξιαγὰστου

93 2396 204 2430 ζώνης,
221 2394 270 2421 καὶ
299 2391 331 2419 τὸ
356 2391 407 2426 τῆς
433 2389 556 2424 κεφαλῆς
583 2388 774 2423 ἐπικάλυμμα,
803 2386 896 2422 ὥσπερ

95 2452 147 2478 μοι
163 2439 341 2476 διηγουμένῳ
361 2439 389 2465 ἐν
407 2438 463 2469 τοῖς
478 2437 574 2463 ἀνόπιν
588 2435 677 2469 λόγοις
695 2434 848 2468 ἱστόρηται.
866 2432 896 2459 ὐ

93 2491 124 2517 δὲ
143 2488 276 2524 βασιλεὺς
296 2486 428 2522 βραχεῖαν
459 2486 515 2515 τοῖς
541 2482 719 2514 στασιάζουσι
746 2482 795 2516 τὴν
812 2489 899 2514 τιμω-

94 2537 164 2572 ρίαν
180 2533 385 2568 ἐπιμετρήσας,
411 2531 448 2562 ὼς
464 2530 509 2556 καὶ
525 2529 588 2560 τοὺς
606 2527 827 2561 ὲπισημοτέρους
848 2533 900 2552 σω-

93 2582 233 2619 φρονίσαι
247 2579 304 2607 τῶν
332 2575 533 2613 νεωτεριστῶν,
550 2576 606 2606 τοῖς
632 2574 661 2601 δὲ
684 2574 795 2605 λοιποῖς·
818 2572 899 2608 μέχρι

92 2631 149 2665 τῆς
171 2627 349 2664 ὑποκρίσεως
365 2625 413 2661 τὴν
427 2624 540 2651 κόλασιν
563 2621 799 2658 σχηματίσασθαι,
812 2620 899 2648 διέλυε

93 2677 151 2713 τὴν
164 2676 267 2712 ὀργὴν,
290 2671 368 2704 αὖθις
384 2671 518 2701 κελεύσας
536 2668 688 2697 ἐπιϐαίνειν
717 2667 764 2694 τοῦ
791 2667 899 2698 ἄστεος.

94 2725 133 2750 '0
152 2732 188 2758 γε
206 2723 261 2757 μὴν
277 2720 383 2755 Πέτρος
402 2718 452 2750 τὰς
472 2716 629 2752 Ῥωμαϊκὰς
643 2714 773 2750 δυνάμεις
799 2713 901 2740 ἀναλα-

95 2770 171 2802 ϐὼν,
190 2770 234 2801 είς
252 2765 427 2795 Παλάστολον
441 2764 598 2799 ἀφικνεῖται
618 2769 625 2777 ⁸
641 2761 689 2789 καὶ
703 2761 817 2796 θερίσας
830 2760 902 2786 ἐκεῖ-

97 2824 146 2848 σε,
178 2812 340 2850 ἀρχομένου
367 2810 542 2846 μετοπώρου,
561 2809 590 2840 ὲς
619 2807 650 2834 τὺ
680 2806 730 2842 τῆς
752 2804 902 2840 Δαρδανίας

99 2861 263 2896 μετεχώρει
276 2859 379 2889 κλίτος.
399 2857 503 2883 Ἐκεῖσε
521 2856 573 2889 γὰρ
595 2853 710 2888 ἠκηκόει
725 2853 754 2879 τὺ
777 2851 903 2886 ’Λὸάρων

99 2907 295 2944 ἀθροισθῆναι
311 2905 423 2940 πλῆθος,
442 2902 727 2940 στρατοπεδευόμενον
755 2898 794 2935 τῷ
809 2897 900 2934 ’Λψίθ.

948 2290 997 2322 vit,
1013 2290 1106 2318 salvus
1122 2290 1255 2325 confugit.
1270 2290 1365 2324 Magna
1381 2295 1473 2317 autent
1499 2291 1631 2325 religione
1657 2290 1737 2317 delu-

948 2339 1029 2366 brum
1051 2338 1078 2366 id
1098 2338 1221 2374 Byzantii
1236 2338 1342 2366 colunt.
1361 2338 1466 2365 Dicitur
1486 2345 1614 2372 namque,
1634 2343 1663 2365 et
1680 2345 1738 2364 crc-

949 2385 1036 2416 ditur,
1050 2388 1142 2411 vestes
1157 2383 1249 2410 Maria:
1266 2381 1397 2418 Virginis,
1410 2387 1438 2410 et
1457 2388 1563 2418 partem
1588 2382 1736 2416 quamdam

949 2430 1121 2458 admiranda:
1147 2429 1207 2464 ejus
1241 2437 1328 2461 zonae,
1355 2429 1440 2465 858
1468 2429 1621 2463 capitisque
1653 2429 1736 2456 etiam

949 2476 1099 2503 amiculum
1116 2475 1142 2502 in
1159 2483 1228 2502 auro
1258 2475 1395 2509 variegata
1428 2482 1496 2501 urna
1522 2474 1560 2501 ibi
1590 2476 1738 2506 asservari,

951 2523 1033 2551 sicuti
1051 2532 1066 2550 a
1096 2531 1138 2550 me
1163 2531 1247 2558 supra
1274 2522 1377 2550 dictum
1400 2527 1453 2550 est.
1479 2522 1632 2557 Imperator
1654 2530 1736 2557 patro

951 2570 1021 2598 adeo
1036 2570 1137 2597 leniter
1152 2571 1179 2597 in
1192 2570 1340 2597 seditiosos
1355 2568 1560 2601 animadvertit,
1579 2574 1609 2596 ut
1622 2570 1739 2604 praecla—

954 2617 1044 2644 riores
1061 2623 1094 2643 ex
1120 2616 1272 2648 rebellibus
1297 2616 1472 2650 resipiscere,
1497 2615 1738 2650 moderatioraquc

953 2663 1068 2691 consilia
1093 2663 1171 2698 sequi
1189 2663 1304 2697 jusserit
1322 2670 1328 2688 :
1355 2662 1475 2697 reliquos
1493 2666 1584 2689 autem
1608 2669 1638 2689 se
1656 2662 1738 2696 puni-

955 2714 1045 2738 turum
1060 2716 1120 2737 esse
1135 2709 1350 2736 assimulaverit.
1368 2708 1460 2743 Itaque
1477 2708 1517 2735 ira
1532 2709 1632 2740 soluta,
1648 2715 1741 2735 rever-

955 2755 1030 2783 tendi
1057 2754 1144 2782 eisin
1160 2754 1256 2781 urbem
1293 2759 1457 2788 potestatem
1479 2754 1554 2781 fet-it.
1581 2754 1667 2781 Porro
1691 2755 1742 2780 Ρο-

955 2808 1014 2832 trus
1029 2810 1092 2830 cum
1116 2802 1248 2830 Romanis
1273 2802 1362 2836 copiis
1389 2801 1555 2829 I’alastolum
1586 2801 1740 2836 profectus.

955 2855 1039 2885 atque
1064 2849 1103 2877 ibi
1124 2853 1220 2877 testate
1249 2853 1383 2880 moratus,
1412 2849 1525 2876 ineunte
1553 2853 1687 2875 autumno
1714 2848 1740 2874 in

957 2896 1099 2925 Dardania:
1112 2895 1244 2932 angulum
1270 2896 1418 2923 concessit.
1432 2896 1470 2923 lbi
1490 2903 1607 2931 namque
1628 2902 1742 2926 congrc-
