1926 3092
213 159 266 190 407

823 170 909 200 NICE
916 169 1032 200 PHORI
1054 172 1096 200 CA
1103 172 1224 203 LLlSTl

1780 181 1832 212 Aid-3

211 227 270 259 pta,
291 222 371 250 simul
397 231 460 252 cum
481 226 596 261 conjuge
613 232 641 254 et
654 227 759 261 liberis,
786 228 920 257 dromone
936 238 986 257 con

1053 230 1164 265 ἔνδυμα,
1176 232 1284 268 σύναμα
1297 233 1404 266 γυναικὶ
1419 232 1465 260 καὶ
1478 233 1581 266 τέκνοις
1592 234 1709 270 δρόμωνι
1724 238 1831 270 ἐπιϐὰς.

212 278 323 304 scenso,
338 272 365 299 in
387 273 526 301 Orientem
546 275 691 310 profugere
706 281 831 308 conatur,
858 284 912 304 non
940 277 995 303 exi-

211 326 292 354 guam
311 327 403 346 secum
430 321 554 354 pecuniae
574 321 627 348 vim
651 327 777 356 portans.
797 321 830 350 Et
850 327 994 357 postquam

211 364 239 391 in
252 365 342 391 sinnm
358 365 534 398 Nicomediae,
549 367 581 393 ad
592 368 722 402 templum
738 369 884 396 Autonomi
895 374 996 404 marty-

211 410 399 445 ris(Soracum
420 413 568 440 vernacula
591 413 684 448 lingua
714 415 884 448 nominatur,
914 416 992 451 861

210 454 449 491 Constantinopoli
464 463 555 486 autem
570 459 720 493 plurimum
733 466 851 488 centum
865 466 893 488 et
914 461 994 495 quin-

210 501 340 535 quaginta
356 502 451 530 stadiis
472 503 560 535 abest)
580 505 711 537 venisset,
737 511 897 541 tempestate
924 514 992 534 saava

207 546 425 575 circumvenitur
443 557 449 574 :
467 554 494 576 et
508 555 640 584 prmterea
660 557 791 579 consueta
806 553 859 579 sibi
876 553 992 587 podagra

207 594 358 628 derepente
371 601 516 629 correptus
531 596 690 630 impeditur.
715 598 799 633 Cujus
824 599 911 625 morbi
929 607 992 626 sane

206 647 288 673 qnam
305 640 397 667 infelix
420 645 570 675 proventus
601 647 629 669 et
658 643 769 671 ubertas
797 645 927 672 obvenire
953 646 993 673 eis

206 685 287 716 Solet,
311 685 357 719 qui
384 686 514 714 continue
537 687 706 722 imperialem
737 689 831 716 urbem
857 690 990 718 incolunt.

205 730 244 757 Et
260 738 293 757 eo
310 731 368 758 loco
382 731 569 760 Theodosium
588 733 672 760 lilium
697 733 730 760 ad
743 734 894 763 Chosrocm
910 736 991 770 legat,

206 777 254 811 qui
279 784 357 811 opem
383 777 418 804 ab
446 785 479 805 co
504 784 633 812 peteret:
662 781 743 815 eique
774 781 802 807 in
832 782 991 809 memoriam

205 827 358 855 revocaret,
378 824 450 858 quod
464 829 490 851 et
506 825 556 859 ipsi
569 825 603 852 de
619 833 723 853 summa
737 828 811 862 regni
826 828 991 861 periclitanti

206 868 353 897 llanricius
369 871 395 897 id
410 872 592 899 conservarit.
609 873 730 907 Aﬂquum
746 874 847 908 quippe
861 874 991 908 piumque

203 923 275 947 esse,
297 921 326 942 ut
353 917 397 943 ille
424 925 515 951 parem
547 918 599 945 sibi
630 919 744 946 referret
769 920 895 955 gratiam,
926 927 988 947 cum

203 961 264 994 ejus
282 960 380 989 domus
397 963 479 990 simul
501 965 589 991 omnis
609 964 636 991 in
656 964 805 991 maximum
821 970 892 992 esset
905 965 990 992 addu-

205 1011 247 1033 cta
281 1007 441 1036 discrimen.
478 1009 531 1037 Sed
560 1010 632 1038 enim
663 1010 827 1043 Germanus,
840 1011 988 1039 Theodosii

204 1052 328 1081 Mauricii
346 1055 393 1082 lilii
418 1063 506 1089 socer,
525 1065 589 1085 cum
617 1057 692 1086 velut
718 1058 752 1086 in
772 1057 920 1097 navigium,
950 1058 989 1085 sic

207 1101 235 1128 in
254 1101 396 1136 imperium
412 1103 578 1137 Romanum,
604 1105 687 1132 nullis
704 1105 800 1132 tuleris
818 1108 865 1132 aut
890 1104 989 1132 funda;

205 1148 305 1174 mentis
316 1148 421 1181 nixum,
440 1150 591 1182 incidisset,
608 1151 792 1185 gubernacula
813 1152 873 1185 ejus
893 1159 988 1186 regere

205 1199 246 1220 est
264 1202 418 1229 aggressus.
432 1196 531 1223 Verum
555 1197 659 1225 Prasiui
681 1197 759 1232 (ordo
783 1198 829 1225 hic
854 1203 881 1224 et
905 1198 988 1225 factio

202 1239 331 1268 Romamn
347 1241 434 1275 plebis
449 1243 507 1276 est)
524 1250 585 1277 spes
601 1243 661 1278 ejus
687 1243 852 1270 inciderunt.
868 1243 988 1270 Proinde

202 1292 230 1313 et
247 1287 304 1321 ipse
318 1295 367 1322 per
380 1287 597 1323 desperationem
616 1297 717 1322 rerum,
729 1297 757 1316 se
773 1289 806 1316 ad
822 1289 987 1316 benevolen-

185 1334 265 1360 'liant
281 1333 388 1368 tyranni
407 1333 523 1361 contulit
541 1342 548 1360 :
571 1340 699 1368 euntque,
726 1333 759 1361 ad
785 1341 879 1368 quem,
903 1339 932 1361 ut
950 1334 986 1360 ita

202 1378 307 1411 dicantI
322 1380 430 1405 fortuna
448 1379 741 1410 inclina\'it,adoravit.
756 1379 851 1407 Statim
869 1387 987 1414 namque

201 1425 374 1453 Prasinornm
403 1425 484 1453 factio
508 1425 677 1460 imperialem
704 1426 805 1460 regium
830 1426 986 1460 occupavit,

201 1477 231 1500 et
243 1476 360 1507 tyranno
373 1471 557 1506 imperatoriis
570 1471 812 1499 acclamationibus
837 1471 984 1506 applausit.

203 1519 319 1551 Phocas,
331 1517 475 1545 Theodoro
487 1517 604 1551 quodam
614 1517 674 1544 viro
690 1516 787 1552 insigni
803 1516 895 1546 misso,
908 1516 986 1543 urbis

201 1564 353 1593 antistitem
380 1563 576 1598 (patriarcham
601 1563 674 1590 hunc
701 1562 839 1597 appellare
862 1560 1023 1604 homines'c

202 1610 275 1638 soliti
293 1610 368 1645 sunt)
384 1616 410 1637 et
430 1611 523 1644 populi
540 1609 662 1637 delectos
679 1610 788 1636 accivit.
808 1608 860 1641 Qui
878 1615 940 1635 cum
957 1608 983 1634 iu

202 1657 305 1691 templo
319 1656 433 1684 Joannis
451 1655 587 1690 Baptista,
604 1656 629 1682 in
645 1663 677 1683 ea
698 1655 854 1682 suburbana
869 1654 988 1682 civitatis

202 1708 280 1737 parte
296 1711 355 1738 qua:
372 1703 525 1737 Septimum
548 1702 660 1734 dicitur,
676 1701 882 1733 convenissent,
909 1709 988 1728 coro-

203 1757 265 1777 nam
287 1748 491 1783 imperatoriam
509 1748 645 1782 pestifera:
662 1747 761 1774 bellua:
785 1747 986 1781 imposuerunt.

202 1798 291 1832 Atque
311 1795 355 1823 ille
370 1803 385 1822 e
399 1795 513 1829 vestigio
527 1799 657 1829 apparatu
681 1793 811 1828 pricelaro
826 1793 988 1829 Byzantium

202 1841 369 1877 ingreditur,
388 1848 486 1867 aurum
508 1839 541 1867 ad
560 1839 648 1867 instar
664 1838 761 1866 imbris
784 1839 888 1874 ubique
909 1846 988 1873 spar-

202 1896 279 1924 gens,
294 1892 321 1916 et
331 1887 474 1924 Byzantios
484 1888 561 1915 cives
571 1893 604 1914 ea
620 1885 811 1913 munificentia
830 1885 856 1912 in
874 1885 988 1912 introitu

202 1943 252 1963 suo
278 1935 447 1962 exhilarans.
478 1934 575 1962 Postea
605 1940 672 1960 vero
702 1932 844 1959 Leontiam
878 1939 988 1966 quoque

203 1989 315 2009 uxorem
329 1983 478 2016 Angustam
492 1979 642 2011 renuntiat,
653 1983 681 2006 et
693 1977 836 2012 splendido
849 1977 988 2011 triumpho

204 2027 230 2054 in
251 2025 340 2053 aulam
358 2025 527 2059 imperialem
544 2023 666 2051 deducit.
700 2023 785 2051 Porro
805 2030 867 2050 cum
895 2022 988 2057 populi

203 2073 337 2100 factiones
356 2071 474 2106 graviler
486 2071 557 2098 odiis
573 2070 644 2097 inter
662 2077 691 2097 se
705 2069 888 2102 decertarent,
904 2068 988 2095 altera

202 2125 296 2144 carum
318 2116 355 2151 (l)
378 2115 457 2150 vu'go
472 2115 573 2142 dixisse
589 2115 698 2142 fertur:
724 2124 732 2140 ι
761 2114 845 2147 Vade,
869 2122 988 2148 praesen-

203 2169 257 2190 tem
276 2169 368 2189 rerum
382 2165 482 2187 statum
499 2167 634 2194 cognosce
648 2168 654 2186 :
668 2159 814 2187 Mauricius
833 2160 906 2186 enim
920 2167 988 2186 non-

202 2209 267 2236 dum
281 2212 407 2234 mortuus
419 2212 471 2235 est.
489 2216 499 2232 ι
516 2207 622 2240 Quibus
636 2207 727 2234 verbis
745 2211 877 2241 tyrannus
903 2214 988 2233 exan-

1047 276 1160 310 φεύγειν
1175 278 1244 312 πρὸς
1260 278 1309 313 τὴν
1325 278 1336 289 '
1345 279 1388 305 Εω
1401 279 1570 314 διεπειρᾶτο,
1585 282 1636 307 οὐκ
1649 281 1776 317 ἐλάχιστα
1788 285 1833 310 καὶ

1045 322 1100 349 τῶν
1113 324 1263 358 χρημάτων
1277 325 1520 360 προσεπαγὸμενος
1532 335 1539 343 ·
1555 327 1602 352 καὶ
1613 328 1659 353 ἐπὶ
1676 329 1719 354 τὸν
1731 329 1833 355 κόλπον

1045 367 1232 402 Νικομηδείας
1245 369 1391 403 γενόμενος
1404 371 1471 406 προς
1482 372 1521 406 τῷ
1534 372 1584 407 νεῷ
1601 373 1755 408 Αὕτονόμου
1783 375 1830 400 τοῦ

1047 414 1187 448 μάρτυρος
1199 415 1312 450 (Σωρεεὶ
1326 416 1347 442 δ’
1360 417 1502 451 ἑγχωρίως
1519 417 1687 452 ὠνόμασται,
1705 420 1788 454 διέχει
1804 421 1832 446 δὲ

1045 458 1096 490 τῆς
1110 459 1318 486 Κωνσταντίνου
1337 461 1454 493 σταδίοις
1469 462 1586 496 μάλιστα
1601 462 1696 489 ἑκατὸν
1709 465 1755 490 καὶ
1769 473 1832 491 πεν-

1044 504 1185 538 τήκοντα),
1197 505 1310 532 κλύδωνι
1326 506 1414 541 ἀγρίῳ
1427 508 1595 541 περιπεσὼν,
1613 508 1661 534 καὶ
1675 510 1706 542 τῇ
1722 509 1831 543 συνήθει

1044 550 1168 586 ποδάγρα
1179 551 1369 587 προσϐαλούσῃ
1384 553 1484 587 ἀθρόον
1499 554 1664 588 πεδούμενος
1675 562 1683 569 ⁸
1695 553 1727 590 ἧς
1742 555 1772 590 δὴ
1788 557 1832 581 νό-

1045 603 1091 621 σου
1110 595 1223 630 εὐθηνία
1241 597 1394 632 καθέστηκε
1418 599 1552 634 δυστυχὴς
1567 601 1624 630 τοῖς
1648 599 1678 626 τὸ
1696 600 1833 634 βασίλειον

1044 644 1111 670 ἄστυ
1123 645 1288 676 ,κατοικοῦσι
1314 645 1464 678 διαπαντός
1483 655 1490 663 ·
1510 648 1615 673 ἐκεῖθεν
1633 648 1774 674 θεοδόσιον
1789 648 1833 673 τὸν

1044 690 1102 715 υἱὸν
1117 691 1145 722 ἐς
1169 691 1293 726 Χοσρόην
1305 692 1445 726 ἐξέπεμπε
1473 694 1632 728 συμμαχίαν
1657 693 1760 719 αίτῶν·
1787 693 1834 719 καὶ

1044 736 1265 771 ὑπομιμνήσκων
1281 738 1316 769 ὡς
1332 739 1378 764 καὶ
1393 739 1468 773 αὐτῷ
1480 739 1530 774 τὴν
1543 739 1630 774 ἀρχὴν
1645 739 1832 766 κινδυνεύοντι

1044 783 1197 818 Μανρίκιος
1220 783 1370 810 διεσώσατο
1387 792 1392 798 ·
1409 786 1455 811 καὶ
1479 785 1552 811 ὃσιον
1571 783 1642 812 εἶναι
1672 785 1832 812 ἀντιταλαν-

1044 828 1135 854 τεύειν
1151 829 1197 863 τὴν
1212 830 1303 865 χάριν,
1325 831 1415 865 πάσης
1432 831 1499 866 ὁμοῦ
1517 832 1568 865 τῆς
1594 832 1683 863 οίκίας
1700 833 1729 858 ὲν
1754 831 1834 866 μεγί-

1045 880 1099 906 στῳ
1112 872 1288 906 καθεστώσης
1313 874 1438 908 κινδύνῳ.
1464 873 1544 901 Ἀλλὰ
1571 876 1626 911 γὰρ
1651 877 1790 912 Γερμανὸς
1820 877 1834 902 6

1047 918 1182 952 κηδεστὴς
1196 917 1337 945 Θεοδοσίου
1351 919 1398 946 τοῦ
1424 920 1519 952 παιδὸς
1536 922 1692 957 Μαυρικίου
1713 923 1836 957 ἀνερμαο

1048 965 1134 999 τίστῳ
1145 964 1229 1000 πλοίῳ
1256 965 1287 999 τῇ
1310 964 1436 1001 βασιλείᾳ
1457 965 1602 1001 Ῥωμαίων
1633 968 1834 1002 ἐντετυχηκὼς,

1046 1010 1150 1045 ταύτην
1173 1011 1347 1037 οἱακίσασθαι
1372 1012 1519 1046 ἐπεχείρει.
1553 1013 1627 1040 Ἀλλ’
1650 1014 1674 1039 ot
1705 1013 1834 1048 Πράσινοι

1048 1055 1152 1090 (τάγμα
1167 1055 1194 1081 δὲ
1207 1056 1285 1082 τοῦτο
1304 1055 1391 1090 δήμου
1413 1057 1568 1092 Ῥωμαίων)
1579 1058 1628 1090 τὰς
1641 1058 1751 1090 ἐλπίδας
1769 1058 1834 1085 τού-

1047 1108 1094 1126 του
1111 1101 1254 1128 ὼῦέλισαν.
1273 1102 1356 1128 Ὅθεν
1379 1103 1505 1130 ἀπειπὼν
1520 1104 1568 1130 καὶ
1589 1100 1675 1136 οὗτος,
1691 1105 1761 1138 πρὸς
1783 1104 1834 1139 τὴν

1046 1146 1093 1173 τοῦ
1104 1147 1237 1181 τυράννου
1252 1147 1446 1183 μετεχώρησεν
1462 1147 1570 1174 εὔνοιαν
1588 1156 1596 1164 ο
1612 1149 1660 1175 καὶ
1684 1149 1837 1183 προσκυνεξ

1019 1186 1026 1192 ”
1047 1193 1114 1227 πρὸς
1126 1193 1155 1219 ὃν
1169 1193 1185 1228 ἡ
1200 1193 1269 1228 τύχη
1284 1193 1321 1224 ὡς
1332 1193 1396 1225 ἕπος
1423 1195 1513 1220 εἰπεῖν
1539 1194 1736 1229 μετασέσηγεν,
1753 1195 1834 1221 Λύτί-

1046 1247 1082 1266 κα
1100 1239 1154 1274 γὰρ
1169 1239 1246 1265 ὁτῶν
1274 1240 1415 1274 Πρασίνων
1432 1240 1516 1274 δῆμος
1534 1241 1574 1271 είς
1599 1241 1693 1276 ρήγιον
1715 1241 1833 1273 γίνεται,

1045 1286 1091 1313 καὶ
1106 1287 1165 1316 ταῖς
1183 1285 1334 1320 βασιλικαῖς
1348 1286 1561 1321 κατακροτοῦσιν
1573 1287 1721 1321 εὐφημίαις
1730 1287 1775 1313 τὸν
1785 1287 1833 1313 τύ-

1046 1341 1152 1367 ραννον.
1164 1331 1261 1363 Φωκᾶς
1275 1331 1297 1357 δ’
1312 1332 1340 1363 ἐς
1356 1330 1435 1362 αὖθις
1453 1331 1592 1366 Θεόδωρόν
1609 1341 1669 1358 τινα
1692 1332 1744 1360 τῶν
1772 1334 1832 1360 ἐπι-

1045 1378 1142 1412 σήμων
1155 1376 1277 1411 πέμψας,
1295 1376 1340 1402 τόν
1356 1385 1386 1402 τε
1399 1376 1449 1411 τῆς
1464 1377 1568 1409 πόλεως
1586 1379 1660 1413 ἱερέα
1687 1379 1833 1414 (πατριάρ-

1045 1433 1094 1459 χην
1111 1423 1138 1450 δὲ
1149 1423 1244 1450 τοῦτον
1256 1422 1384 1450 είώθασιν
1405 1423 1573 1459 ὀνομάζειν),
1585 1425 1634 1450 καὶ
1653 1425 1682 1450 τὸ
1695 1425 1742 1450 τοῦ
1762 1425 1829 1451 λαοῦ

1044 1470 1180 1504 ἔκκριτον,
1198 1469 1407 1504 μεταστέλλεται
1427 1476 1434 1485 ·
1451 1469 1475 1495 οἳ
1489 1469 1521 1505 δὴ
1543 1470 1590 1497 καὶ
1602 1471 1631 1497 ὲν
1648 1471 1685 1504 τῷ
1707 1471 1832 1506 Ἑϐδόμῳ

1043 1516 1184 1550 λεγομένῳ
1195 1515 1241 1542 τοῦ
1253 1515 1411 1541 Βαπτιστοῦπ
1429 1515 1553 1542 Ἰωάννου
1568 1517 1630 1551 νεῷ.
1643 1517 1673 1542 τὸ
1683 1517 1730 1548 τῆς
1748 1517 1831 1543 αὺτο-

1041 1562 1189 1597 κρατορία;
1201 1562 1320 1596 διάδημα
1334 1561 1372 1596 τῷ
1386 1561 1551 1596 παλαμναίῳ
1570 1562 1635 1597 Θηρὶ
1652 1563 1832 1596 περιϐάλλου-

1039 1616 1076 1635 σι·
1097 1609 1142 1634 καὶ
1156 1608 1184 1639 ὃς
1201 1607 1300 1634 αὖτίκα
1316 1610 1452 1642 περιφανῆ
1464 1607 1621 1643 τὴνεῐσοδον
1636 1609 1664 1639 ἐς
1682 1608 1830 1640 Βυζάντιον

1039 1654 1142 1687 τίθησι,
1160 1652 1261 1687 χρυσὸν
1284 1652 1418 1678 πάντοθεν
1433 1653 1557 1685 ὐετίζων,
1586 1653 1710 1686 ἀγάλλων
1729 1653 1832 1685 Βυζαν-

1040 1701 1114 1731 τίους
1128 1699 1273 1734 ὲπεισοδὶῳ
1291 1700 1322 1733 τῇ
1344 1699 1447 1733 χάριτι.
1465 1700 1580 1726 Ἔπειτα
1598 1699 1627 1726 δὲ
1644 1701 1688 1726 καὶ
1703 1700 1752 1734 τὴν
1779 1709 1831 1734 γα-

1042 1748 1127 1782 μετὴν
1143 1746 1271 1773 Λεοντίαν
1293 1747 1422 1779 ἐπιφανεῖ
1446 1747 1574 1782 θριάμὸῳ
1590 1746 1763 1781 ἀναγορεύει,
1785 1747 1833 1773 καὶ

1043 1793 1235 1830 μετέ-ίειπρδς
1246 1793 1278 1819 τὰ
1295 1792 1430 1827 βασίλεια.
1465 1793 1692 1819 Χαλεπαινόντων
1713 1793 1741 1820 δὲ
1762 1795 1832 1830 πρὸς

1039 1841 1169 1877 ἀλλήλους
1182 1839 1235 1866 τῶν
1249 1839 1353 1874 δήμων,
1372 1839 1515 1871 ιδιωτικῶς
1526 1839 1612 1872 οὕτως
1627 1840 1716 1866 εἰπεῖν
1732 1840 1833 1876 ἅτερος

1040 1887 1148 1920 λέγεται
1164 1893 1172 1901 ·
1189 1895 1199 1911 ι
1215 1886 1336 1919 Ὕπαγε.
1352 1885 1420 1920 μάοε
1444 1885 1493 1920 τὴν
1517 1886 1685 1913 κατάστασιν
1703 1894 1710 1901 ·
1727 1886 1834 1922 διαυρὶ-

1041 1942 1100 1964 xm;
1119 1932 1172 1968 γὰρ
1203 1933 1251 1958 οὐκ
1273 1931 1418 1958 ἀπέθανεν.
1439 1941 1448 1957 ι
1467 1929 1518 1957 ’Ὡν
1544 1932 1690 1964 διακούσας
1705 1933 1718 1958 ὁ
1733 1932 1833 1967 τύραν-

1040 1988 1094 2010 νος,
1112 1979 1171 2005 τότε
1189 1979 1237 2012 μὲν
1253 1978 1337 2004 ἔπαυε
1367 1977 1588 2004 καθυλακτοῦντα
1614 1979 1648 2005 τὰ
1664 1979 1753 2014 πλήθη
1773 1982 1781 1993 ⁶
1798 1980 1831 2014 τῇ

1039 2026 1068 2052 δὲ
1088 2025 1203 2059 ἐπιούσῃ
1215 2024 1282 2059 πρὸς
1296 2025 1343 2051 τὸν
1357 2024 1514 2060 Μαυρικίου
1525 2025 1606 2059 φόνον
1622 2024 1831 2060 ἐξεὸακχεύετο.

1049 2071 1171 2098 Ἐκεῖθεν
1182 2071 1274 2097 τοίνυν
1290 2071 1371 2098 αὑτὸν
1393 2071 1501 2105 σύναμα
1518 2071 1630 2105 γυναικὶ
1654 2071 1700 2097 καὶ
1724 2071 1831 2102 τέκνοις

1041 2117 1202 2151 ἀναγαγὼν,
1220 2117 1268 2144 καὶ
1283 2117 1426 2144 Θεοδοσίου
1447 2119 1583 2150 συνόντος,
1596 2119 1654 2149 ’ταῖς
1675 2117 1726 2152 τῆς
1749 2117 1834 2144 ποδά-

1041 2171 1112 2199 γρας
1129 2163 1175 2190 καὶ
1189 2164 1341 2199 χειρὰγρας
1357 2163 1544 2199 περιωδινίαις
1563 2163 1738 2198 βαλλόμενον,
1758 2164 1833 2190 ἀντι-

1041 2210 1129 2245 πέραν
1144 2210 1194 2245 τῆς
1220 2210 1437 2242 Κωνσταντίνου,
1455 2209 1520 2236 ἔνθα
1534 2210 1705 2244 Χαλκηδόνος
1719 2209 1777 2237 ἐστι
1803 2209 1834 2236 τὺ

202 2255 277 2287 ditis,
292 2259 347 2282 tum
367 2253 476 2288 quidem
496 2253 702 2280 multitudinem
714 2253 898 2279 oblalrantem
911 2261 971 2279 eum

1043 2258 1173 2291 πόλισμα,
1192 2257 1232 2287 είς
1248 2256 1292 2282 τὸν
1305 2255 1457 2290 Εὑτροπίου
1470 2255 1578 2290 λιμένα,
1594 2256 1691 2290 πρῶτα
1709 2255 1759 2290 μὲν
1770 2255 1834 2286 τοὺς

203 2302 308 2335 peseuit
324 2309 330 2326 :
347 2305 455 2335 postera
475 2305 566 2327 autem
581 2299 625 2327 die
651 2304 724 2341 gitus
739 2299 773 2325 ad
790 2299 889 2325 caulem
910 2298 986 2324 Mau-

204 2347 274 2379 ricii,
292 2347 373 2374 veluti
390 2346 470 2373 furiis
495 2345 660 2381 quibusdam
688 2349 783 2379 raptus
814 2348 866 2370 est.
894 2344 987 2378 itaque

203 2395 277 2422 illum
289 2401 350 2420 eum
363 2392 489 2428 podagra:
500 2398 527 2420 et
537 2392 669 2426 chiragrae
682 2390 822 2418 dolorilms
831 2389 988 2417 conﬂictan-

204 2447 269 2473 tcm,
283 2449 316 2468 ex
329 2449 362 2468 cu
376 2449 457 2477 quem
476 2440 596 2466 diximus
613 2440 685 2470 sinu,
715 2447 766 2465 una
781 2445 843 2466 cum
873 2437 988 2472 conjuge

201 2493 228 2514 et
242 2487 346 2517 liberis,
367 2487 439 2513 inter
456 2493 525 2520 quos
538 2486 620 2512 etiam
644 2484 815 2512 Theodosius
830 2491 863 2510 ex
890 2483 988 2509 itinere

201 2532 349 2568 legationis
363 2537 498 2558 retractus
510 2536 578 2563 erat,
593 2538 610 2558 e
626 2531 736 2565 regione
751 2529 987 2562 Constantinopoli

204 2579 250 2608 ubi
272 2577 506 2606 Chalcedonensis
518 2577 615 2604 civitas
635 2581 688 2608 est,
707 2577 790 2612 862
807 2577 833 2603 ἱη
862 2575 986 2610 Eutropii

203 2630 315 2660 portum
351 2624 499 2652 traduxit:
525 2628 554 2651 et
577 2624 695 2658 primum
726 2623 826 2649 liberos
857 2622 933 2656 ipsos
961 2621 987 2648 in

202 2674 356 2705 conspectu
382 2670 468 2704 patris
497 2670 611 2702 occidit,
651 2669 677 2696 in
708 2677 825 2703 quorum
854 2669 989 2703 cujusque

203 2718 278 2745 czede
294 2718 375 2744 verba
394 2717 440 2744 illa
458 2721 534 2752 pater
548 2716 662 2751 protulit
676 2723 683 2742 :
697 2715 788 2742 Justus
802 2723 840 2745 es.
866 2713 989 2746 Domine,

203 2770 227 2792 et
239 2765 343 2800 justum
360 2765 492 2799 judicium
503 2769 585 2790 luunt.
603 2763 707 2791 Deinde
721 2770 786 2790 vero
797 2767 826 2789 et
841 2762 899 2796 ipse
912 2760 989 2788 Mau-

204 2811 288 2842 ricius
302 2811 486 2838 resectionem
507 2811 606 2845 capitis
629 2809 779 2842 sustinens,
806 2810 878 2836 ferro
902 2814 989 2835 ctesus

235 2899 271 2931 ιι)
290 2898 381 2927 Factio
403 2899 468 2931 ,ha-c
487 2899 652 2927 Venetorum
678 2899 745 2926 I'uit..

1041 2303 1139 2332 παῖδας
1158 2302 1202 2329 ἐπ’
1222 2302 1299 2336 ὕψεσι
1321 2301 1369 2328 τοῦ
1396 2301 1498 2336 πατρὸς
1514 2301 1696 2336 ἀποσφάττει.
1724 2301 1767 2334 ἐφ’
1793 2302 1835 2327 ἑνὶ

1040 2347 1147 2383 ἑκάστῳ
1162 2347 1208 2373 τοῦ
1219 2347 1321 2382 πατρὸς
1336 2346 1507 2381 ἐπιλέγοντος
1520 2356 1527 2362 ·
1543 2347 1662 2379 Δίκαιος
1677 2347 1714 2376 ετ.
1729 2346 1833 2380 Κύριε,

1041 2395 1088 2420 καί
1099 2394 1200 2420 δικαία
1214 2395 1232 2428 ἡ
1247 2394 1344 2428 κρίσις
1362 2402 1421 2421 σου
1439 2402 1446 2409 '
1462 2394 1490 2425 ἐς
1501 2393 1614 2428 ὕστερον
1634 2393 1662 2420 δὲ
1679 2394 1728 2420 καὶ
1751 2393 1835 2425 αὐτὸς

1042 2440 1136 2475 ξίφους
1156 2441 1283 2474 ἐντάφιον
1310 2440 1399 2468 εἴτουν
1432 2440 1622 2476 παρανάλωμα
1646 2440 1763 2475 γίνεται,
1784 2440 1834 2476 τὴν

1040 2485 1161 2520 ἐκτομὴν
1176 2484 1224 2519 τῆς
1251 2485 1374 2520 κεφαλῆς
1396 2486 1527 2518 ὑποστὰς,
1555 2485 1834 2521 προσεπιδιιξάμενος

1041 2531 1090 2566 τὴν
1104 2530 1202 2566 ἀρετὴν
1214 2531 1244 2557 ὲν
1259 2531 1298 2567 τῷ
1322 2531 1433 2566 μεγέθει
1448 2531 1499 2566 τῆς
1521 2531 1674 2566 συμφορᾶς.
1693 2531 1751 2566 Τῆς
1775 2531 1832 2567 γὰρ

1041 2578 1157 2612 τιθήνης
1171 2577 1225 2603 τῶν
1235 2577 1340 2604 παίδων
1355 2577 1384 2604 ἒν
1403 2577 1595 2613 ὑποκλεψάσης
1611 2577 1667 2604 τῶν
1683 2577 1834 2612 βασιλικῶν

1044 2624 1206 2659 μειρακίων,
1221 2624 1267 2650 καὶ
1284 2624 1314 2650 τὸ
1330 2624 1428 2658 ἑαυτῆς
1444 2624 1597 2657 ὑπομάζιον
1616 2624 1684 2658 apo;
1696 2623 1746 2658 τὴν
1763 2632 1833 2658 σφα-

1042 2671 1094 2704 γὴν
1121 2670 1296 2706 ἐκδιδούσης,
1330 2670 1376 2697 τὸν
1403 2670 1556 2705 Μαυρίκιον
1585 2669 1766 2705 παρεστῶτα,
1801 2670 1832 2694 τὸ

1043 2716 1199 2751 ἀπόρρητον
1209 2716 1258 2750 τῆς
1274 2716 1434 2751 ἀποκρυὸἧς
1452 2716 1530 2750 λόγος
1560 2716 1753 2750 καταμηνύσαι
1774 2715 1831 2745 τοῖς

1042 2761 1197 2795 φονευταϊς,
1211 2761 1248 2796 μὴ
1264 2760 1367 2787 δίκαιον
1377 2761 1555 2795 λογισάμενον
1570 2759 1640 2787 εἶναι
1653 2760 1733 2787 ἄλλον
1751 2759 1833 2785 κολά-

1043 2807 1148 2840 ζεσθαι,
1161 2807 1242 2835 αὑτὸν
1254 2807 1306 2834 ὑπὸ
1326 2807 1393 2835 Θεοῦ
1414 2807 1632 2843 τιμωρούμενον.
1658 2803 1696 2833 Οὗ
1725 2805 1759 2841 δὴ
1785 2806 1832 2833 καὶ
