1926 3092
158 109 209 141 $19

764 103 970 134 NlCEi‘llOl‘tl
994 100 1163 131 CALLISTI

1722 98 1776 129 420

157 165 238 193 nobis
264 172 318 192 non
345 162 553 194 assentiuntur.
572 168 664 189 veram
693 167 753 187 esse
777 160 803 186 in
829 158 938 186 Christo

1007 156 1224 187 .εταλλὰξαντος,
1252 153 1372 189 Ζήνωνός
1396 161 1425 179 τε
1454 153 1500 179 καὶ
1522 152 1699 179 ’Λναστασίου
1728 154 1777 188 τὴν

158 213 306 239 humanam
338 215 462 237 naturam
491 207 692 243 profitentibus.
721 206 867 238 Postquam
891 211 940 230 au-

156 263 213 286 tem
228 259 379 291 imperator
398 261 453 282 Leo
479 255 551 282 diem
579 260 658 280 suum
672 252 751 282 obiit,
767 255 849 285 atque
865 250 939 276 Zeno

158 308 186 330 et
213 302 371 329 Anastasius
395 299 504 334 imperii
526 297 791 325 administrationem
812 302 941 330 suscepe-

159 353 322 382 runt,quam
333 346 476 373 maximam
486 345 638 371 libertatem
654 342 706 370 sibi
722 343 769 377 qui
783 346 886 376 quartae
898 348 942 376 sy-

159 393 231 419 nodo
250 391 419 421 restiterunt,
440 395 618 423 usurpavere.
647 387 749 414 Eodent
778 391 899 419 tempore
914 389 942 412 et

159 437 298 472 Acephali,
315 443 432 470 quorum
454 434 509 461 dux
534 433 654 461 Severus
675 432 864 460 Antiochenus
880 431 941 461 fuit.

161 489 240 508 nnam
256 481 335 508 Verbi
354 484 381 507 et
394 480 484 506 carnis
501 484 624 506 naturam
651 478 719 504 male
736 477 914 512 przedicantes
933 482 940 502 :

157 531 186 552 et
203 529 336 559 praeterea
357 523 555 554 Jacobitarum,
574 522 840 553 Theodosianorum,
859 521 944 549 Julia-

160 571 305 600 nistarum,
315 573 341 595 ct
351 568 533 603 plurimorum
543 568 659 594 aliorum
676 572 803 599 caterva,
813 567 944 594 Ecclesia:

161 615 336 645 insultarunt,
355 615 402 649 qui
419 613 616 648 llionophysitte
633 613 761 648 appellati
783 617 858 644 sunt,
870 612 943 646 quod

161 668 243 687 unam
257 659 339 687 Verbi
348 663 376 686 et
384 659 475 686 carnis
486 664 610 685 naturam
622 664 683 693 post
692 658 853 687 ineﬂ'abilem
865 658 945 685 unio-

162 714 223 733 nem
242 706 268 732 in
286 705 396 733 Christo
414 713 474 732 esse
492 705 611 732 sentiant
625 708 653 731 et
668 705 793 732 doceant.
814 705 897 740 869
912 704 944 730 lli

162 760 228 780 vero
243 752 370 786 Accphali
388 756 453 778 sunt
468 751 611 781 nominati.
625 751 670 785 qui
686 751 844 779 hencticum
856 752 945 779 Zeno-

163 800 208 828 nis
227 798 401 833 imperatoris
419 798 563 832 scriptum,
581 806 634 832 quo
645 799 750 826 scilicet
763 798 796 825 ad
816 799 944 826 unionem

163 844 298 871 ecclesias
307 843 457 877 perducere
470 843 568 875 voluit,
581 847 724 877 propterea
738 843 811 877 quod
827 843 873 870 ille
887 851 950 870 san-

165 894 238 916 ctam
251 893 376 923 quartam
386 888 517 923 synodum
528 888 694 915 anathemati
710 896 763 915 non
776 889 950 924 subjeciasct,

165 935 278 962 minime
291 938 464 968 receperunt.
475 934 605 968 Aeepliali
619 938 711 962 autem
723 934 758 961 ob
767 942 827 962 eam
840 942 950 962 causam

166 980 232 1007 dicti
249 979 409 1014 sunt,‘quod
424 979 475 1006 sub
485 981 622 1014 episcopis
634 987 687 1006 non
704 980 816 1007 iuerint.
833 979 952 1007 Proinde

165 1028 302 1062 episcopis
316 1031 343 1054 ct
355 1027 543 1054 sacerdotibus
557 1028 626 1062 apud
642 1036 690 1055 eos
704 1028 852 1060 defunctis,
864 1036 952 1064 neque

167 1074 320 1108 baptismus
347 1073 424 1107 juxta
446 1073 596 1100 solemnem
618 1078 646 1100 et
666 1079 806 1108 receptum
826 1074 954 1102 Ecclesia:

167 1127 271 1147 morem
281 1120 352 1153 apud
361 1126 409 1146 eos
418 1119 636 1152 administratus,
644 1128 734 1154 neque
743 1120 844 1148 oblatio
852 1125 899 1147 aut
910 1128 954 1148 res

167 1166 258 1201 aliqua
276 1166 368 1193 divina
387 1165 469 1197 facta,
491 1165 708 1192 ministeriunwe
725 1166 953 1198 ecclesiasticum,

168 1212 249 1238 sicuti
278 1218 336 1238 mos
366 1214 426 1242 est,
452 1210 619 1237 celebratum
648 1216 699 1237 est.
726 1210 954 1238 Comtnunionem

168 1264 235 1283 \ero
253 1257 290 1282 illi
308 1264 322 1282 a
340 1256 459 1290 plurimo
478 1260 601 1289 tempore
624 1261 790 1283 asservatam
810 1256 954 1289 habentes,

169 1302 247 1329 l‘eriis
261 1302 436 1336 paschalibus
452 1302 479 1328 in
495 1302 696 1329 minutissimas
718 1302 830 1328 incisam
852 1309 954 1336 partes,

169 1347 397 1379 convenientibus
422 1347 456 1374 atl
486 1354 516 1374 se
545 1347 704 1374 hominibus
728 1348 871 1374 dederunt.
896 1346 956 1380 Quo

171 1395 293 1425 lttmpore
321 1398 403 1425 quam
428 1390 543 1424 quisque
570 1391 719 1423 voluisset,
748 1392 873 1426 placitam
905 1393 956 1420 sibi

169 1436 294 1462 sumebat
313 1440 488 1469 potestatem.
510 1437 542 1463 Et
561 1441 705 1471 propterea
730 1437 802 1471 quod
828 1438 955 1473 quilibet,

169 1481 242 1515 quod
256 1481 309 1508 sibi
325 1482 413 1509 risum
427 1486 512 1514 esset,
527 1481 588 1509 tidei
602 1482 735 1509 insertum
747 1483 843 1515 voluit.
861 1491 957 1518 quam-

170 1527 286 1561 plurima
309 1526 478 1554 defectorum
499 1531 527 1554 et
550 1528 741 1555 haereticorum
761 1530 839 1557 turba
858 1535 952 1557 exorta

169 1577 212 1600 est
228 1581 235 1600 :
254 1573 463 1605 Tritheitarum,
487 1574 683 1614 Agnoetarum,
697 1575 951 1610 Theopaseitarum,

169 1619 371 1652 Jacobitarum,
385 1619 589 1653 Armeniorum,
616 1620 813 1654 Sereritarum,
831 1625 859 1648 et
880 1621 954 1656 Aph-

172 1665 437 1697 thartodoeitarum,
466 1665 545 1693 initio
566 1674 581 1693 a
606 1665 714 1693 Juliano
740 1667 954 1694 llaliearnassmo

170 1716 281 1745 sumpto
297 1719 304 1738 :
320 1712 368 1742 qui
388 1716 510 1738 creatum
529 1711 640 1746 quidem
654 1713 762 1740 Domini
779 1721 877 1748 corpus
894 1721 955 1741 esse

173 1757 302 1791 opinatus
320 1761 373 1788 est,
391 1757 438 1784 sed
458 1757 530 1783 idem
547 1758 580 1784 ab
596 1757 656 1792 ipsa
671 1759 849 1793 conceptione
866 1759 957 1786 incor-

174 1803 304 1837 ruptibile
334 1810 395 1830 esse
421 1803 524 1830 docuit.
549 1803 652 1831 llorum
678 1805 829 1837 cohortem,
849 1805 895 1839 qui
916 1805 957 1833 eis

175 1849 311 1876 adversati
329 1855 402 1880 sunt,
422 1849 626 1876 Phantasiastas
644 1855 672 1877 et
691 1850 856 1879 .‘llanichanS
877 1859 958 1878 voca-

175 1896 495 1929 runt:quemadmodum
513 1896 589 1923 etilli
608 1904 703 1924 rursus
721 1897 770 1924 hos
785 1898 958 1925 Pltthartola-

177 1946 234 1967 tras
248 1945 275 1967 et
290 1941 462 1968 Scenolatras
475 1941 661 1969 nominarunt.
675 1943 740 1977 Ejus
754 1943 862 1978 generis
875 1945 959 1971 haere-

176 1986 265 2018 sibus,
289 1990 318 2013 et
345 1986 476 2013 Severilis
504 1987 632 2020 maxime,
656 1989 785 2016 Ecclesia:
811 1989 957 2016 admodum

175 2032 380 2066 ingruentibus,
398 2031 629 2061 Chalcedonensis
653 2041 762 2069 quoque
787 2035 884 2070 synodi
908 2043 959 2062 no-

178 2077 253 2103 mine
279 2085 382 2111 presso,
403 2085 532 2111 perquam
560 2078 641 2113 longo
665 2085 787 2114 tempore
805 2081 904 2115 jactata
927 2089 959 2108 ea

177 2127 230 2152 est,
249 2127 277 2148 et
296 2122 440 2156 exagitata.
459 2122 535 2150 Unde
557 2123 651 2158 ingens
669 2124 714 2151 diu
733 2125 831 2152 seditio
849 2131 876 2152 et
894 2134 960 2153 con-

994 201 1130 236 βιισίλειον
1158 200 1244 235 ἀρχὴν
1282 199 1518 233 ὑποζωσαμένων,
1549 199 1707 233 παρρησίαν
1736 199 1778 225 ὅτι

994 248 1125 282 πλείστην
1140 248 1163 272 οἱ
1177 246 1210 272 ὀι“
1227 245 1351 280 ἐναντίας
1376 244 1449 271 οὗτοι
1465 246 1497 280 τῇ
1521 244 1540 270 δ’
1568 245 1669 279 συνόδῳ
1693 245 1778 276 ἰόντες

994 294 1158 329 ἐλάμϐανον.
1182 292 1342 328 Τηνικαῦτα
1359 291 1387 318 δὲ
1413 291 1460 317 καὶ
1483 290 1513 316 τὸ
1528 290 1581 316 τῶν
1609 290 1777 325 Ἀιῐεςρὸιλιιον1

993 337 1030 366 ὦν
1050 338 1206 374 προστάτης
1232 339 1244 363 ό
1272 337 1321 371 τῆς
1351 336 1487 370 Ἀντιόχου
1513 335 1633 371 Σευῆρος
1659 336 1779 369 ἐγένετο,

996 385 1060 418 μίαν
1077 383 1158 418 φύσιν
1170 382 1216 409 τοῦ
1232 382 1321 416 Λόγου
1334 382 1380 408 καὶ
1393 383 1441 416 τῆς
1454 381 1555 416 σαρκὸς
1572 381 1665 411 κακῶς
1675 382 1780 415 δογμα-

995 430 1089 462 τίζων,
1108 429 1154 455 καὶ
1170 428 1199 454 τδ
1211 428 1265 454 τῶν
1287 427 1463 459 Ίακωϐιτῶν,
1482 427 1665 453 Θεοδοσιανῶν
1682 435 1711 453 τε
1732 426 1780 452 καὶ

1002 474 1210 507 Ἰουλιανιστῶν,
1227 474 1274 501 καὶ
1288 474 1391 509 ἐτέρων
1408 473 1542 499 πλείστων
1556 474 1650 506 στῖφος
1662 474 1695 507 τῇ
1719 473 1782 499 Ἐκ-

997 523 1098 558 κλησίᾳ
1114 522 1260 556 είσέφρησε
1272 529 1279 537 ο
1304 521 1330 548 οἲ
1353 522 1399 547 καὶ
1414 522 1600 555 Μονοφυσῐται
1614 520 1780 555 ἐκλήθησαν,

998 570 1045 596 an;
1053 569 1085 605 δὴ
1099 569 1163 604 μίαν
1174 568 1256 603 φύσιν
1271 568 1317 593 τοῦ
1331 568 1417 601 Λόγου
1426 568 1473 594 καὶ
1484 567 1532 601 τῆς
1545 567 1644 602 σαρκὸς
1656 566 1725 601 μετὰ
1733 565 1782 600 τὴν

998 616 1116 651 ἄρρητον
1131 615 1228 641 ἕνωσιν
1244 613 1441 649 πρεσΰεύοντὲς
1451 621 1480 639 τε
1502 612 1549 639 καὶ
1561 613 1780 646 δογματίζυντες·

998 661 1022 686 οἱ
1039 660 1067 686 δὲ
1084 659 1229 693 Ἀκέφαλοι
1245 657 1417 691 ὠνομάζοντο
1427 665 1433 672 ·
1446 657 1470 683 οἳ
1488 657 1518 682 τὸ
1532 655 1660 682 ἑνωτικδν
1672 656 1719 681 τοῦ
1734 656 1785 690 βα-

1000 706 1097 738 σιλέως
1107 706 1228 740 Ζήνωνος
1246 705 1276 730 οὺ
1289 703 1444 738 προσίεντο,
1459 701 1499 733 οἷς
1514 702 1551 737 μὴ
1566 702 1605 736 τῷ
1629 702 1783 736 ἀναθεματι

1000 753 1047 779 καὶ
1069 751 1119 787 τὴν
1136 751 1218 784 ἁγίαν
1244 750 1265 776 δ’
1291 749 1465 776 καθυπέὃαλε
1496 749 1616 775 σύνοδον.
1642 749 1691 774 Διά
1709 748 1736 774 δὲ
1751 748 1783 774 τὸ

1001 799 1052 825 ὑπὸ
1069 798 1229 827 ἐπισκόποις
1247 797 1284 832 μὴ
1301 795 1429 830 ἄγεσοσι,
1449 795 1594 829 ΙΔκέφαλοι
1618 794 1784 828 ὠνομάσθη-

1003 852 1062 870 σαν.
1085 843 1182 869 Ἔνθεν
1198 851 1240 868 τοι
1256 842 1303 868 καὶ
1316 841 1370 868 τῶν
1386 841 1450 875 παρ’
1466 841 1558 872 αὺτοῖς
1570 840 1727 867 ἐπισκόπων
1738 840 1784 865 καὶ

1003 890 1100 924 ἱερέων
1115 889 1321 920 ἐκλελοιπότων,
1336 888 1396 914 οὐδὲ
1421 888 1561 922 βάπτισμα
1579 887 1648 914 κατὰ
1663 887 1709 914 τὸν
1723 887 1785 913 Ἑκ-

1003 933 1115 971 κλησίας
1131 933 1238 959 ἐποίουν
1255 932 1366 967 θεσμόν.
1386 932 1460 959 Ἀλλ’
1482 933 1543 959 οὐδὲ
1557 931 1726 968 προσκομιδή
1742 940 1785 962 τις

1002 979 1183 1014 ἣλειτουργία
1198 978 1264 1014 παρ’
1277 979 1370 1010 αὐτοῖς
1384 976 1429 1006 οἷα
1441 978 1500 1011 ἔθος
1515 979 1667 1007 τετέλεστο,
1680 979 1786 1004 Κοινω-

1004 1026 1062 1052 visv
1077 1025 1104 1052 δὲ
1118 1025 1330 1060 πεφυλαγμένην
1352 1025 1384 1051 ἐκ
1407 1025 1581 1061 παλαιτέρων
1595 1025 1702 1060 ἔχοντες
1720 1024 1787 1060 χρό-

1004 1080 1068 1103 νων,
1083 1071 1112 1103 ὲξ
1122 1071 1207 1106 αὐτῆς
1220 1071 1308 1106 καιρῷ
1328 1071 1375 1097 τοῦ
1394 1071 1488 1106 Πάσχα
1506 1072 1690 1107 σμικροτάτας
1706 1072 1787 1108 μερί-

1004 1117 1052 1149 δας
1068 1117 1206 1149 κνίζοντες
1224 1118 1278 1148 τοῖς
1295 1116 1432 1143 συνιοῦσιν
1446 1117 1585 1144 meum.
1605 1119 1725 1152 ὁπηνίκα
1739 1119 1788 1145 καὶ

1005 1165 1059 1195 πᾶς
1073 1173 1114 1195 τις
1126 1164 1175 1199 τὴν
1193 1164 1289 1198 ἐκείνῳ
1307 1164 1418 1199 θυμήρη
1442 1164 1565 1191 ἐντεῦθεν
1580 1164 1720 1192 ὶπεσπᾶτο
1737 1166 1788 1200 ἁρ-

1005 1211 1067 1245 χήν.
1094 1211 1152 1236 Κάν
1177 1210 1215 1244 τῷ
1230 1210 1317 1235 Θέλειν
1334 1209 1449 1236 ἕκαστον
1470 1210 1500 1236 τὺ
1527 1210 1622 1238 δοκοῦν
1643 1213 1676 1246 τῇ
1697 1212 1790 1239 πίστει

1006 1257 1173 1290 ἐγγίνεσθαι,
1192 1256 1294 1290 πλῆθος
1316 1256 1357 1283 ὅτι
1389 1256 1516 1284 πλεῖστον
1538 1257 1711 1292 ἁποσχιστῶν
1740 1256 1790 1283 καὶ

1007 1303 1138 1338 αἱρέσεων
1151 1303 1255 1337 ἀνεφύη
1266 1311 1273 1318 ·
1289 1302 1430 1338 Τριθεῖται
1445 1304 1491 1330 καὶ
1506 1303 1654 1338 Ἀγνοῆται
1670 1304 1716 1330 καὶ
1727 1303 1791 1330 Oso-

1008 1351 1149 1384 πασχίται,
1167 1350 1320 1377 ’ίακωὸἰταί
1336 1359 1375 1383 τε,
1401 1354 1449 1378 καὶ
1464 1350 1614 1386 Ἀρμένιοι,
1631 1351 1678 1378 καὶ
1703 1352 1790 1386 Σευη-

1009 1398 1092 1431 ρῖται,
1109 1397 1157 1423 καὶ
1174 1396 1422 1432 ’Λφθαρτοδοκῆτςιι
1439 1397 1494 1423 ἀπὸ
1515 1397 1660 1435 Ἰουλιανοῦ
1677 1397 1723 1424 τοῦ
1745 1398 1789 1424 Ἀ-

1007 1442 1196 1476 λικαρνασίως
1207 1442 1356 1477 ἀρξάμενοι
1368 1451 1374 1457 ·
1391 1443 1419 1474 ὃς
1431 1444 1539 1469 κτιστὺν
1553 1444 1603 1477 μὲν
1616 1441 1685 1469 εἶναι
1701 1444 1729 1470 τὸ
1741 1443 1789 1470 τοῦ

972 1490 992 1518 C
1011 1489 1115 1523 Κυρίου
1133 1489 1296 1523 ἐδογμάτιζε
1313 1489 1394 1525 σῶμα
1406 1498 1414 1506 ·
1432 1491 1461 1524 ἐξ
1480 1491 1564 1524 αὐτῆς
1581 1490 1609 1517 δὲ
1632 1491 1791 1526 συλλήψεως

1006 1535 1144 1569 ἄφθαρτον
1154 1536 1306 1570 γεγονέναι.
1322 1532 1373 1562 Ὧν
1381 1537 1411 1562 τὸ
1421 1535 1564 1571 σύνταγμα
1580 1537 1604 1563 οἱ
1616 1537 1650 1562 δι’
1665 1538 1792 1569 ἐναντίας

1007 1581 1210 1612 Φαντασιαστὰς
1221 1581 1269 1607 καὶ
1283 1581 1451 1615 Μανιχαίους
1465 1581 1579 1607 ἐκάλουν
1589 1589 1596 1597 ·
1615 1580 1707 1615 ὥσπερ
1720 1582 1791 1607 ὲκεί-

1007 1635 1068 1658 νους
1080 1627 1152 1653 οὗτοι
1162 1627 1242 1654 πάλιν
1251 1627 1459 1661 Φθαρτολάτρας
1470 1628 1518 1654 καὶ
1529 1627 1719 1662 Σκηνολὰτρας
1727 1627 1794 1654 ὠνό-

1010 1672 1105 1708 μαζον.
1115 1670 1163 1700 Ὧν
1174 1674 1241 1709 δῆτα
1254 1674 1387 1709 αἱρέσεων
1401 1675 1447 1701 καὶ
1464 1675 1581 1708 μάλιστα
1595 1675 1649 1702 τῶν
1663 1675 1726 1710 ἄχρι
1744 1676 1792 1702 καὶ

1010 1719 1092 1745 αὑτοῦ
1106 1720 1226 1754 Σευῆρον
1243 1720 1346 1755 σφόδρα
1367 1722 1400 1754 τῇ
1430 1720 1581 1756 Ἐκκλησίᾳ
1595 1722 1791 1754 ἐπικειμένων,

1010 1764 1056 1790 καὶ
1064 1765 1081 1796 ή
1093 1765 1121 1790 ἐν
1128 1765 1280 1800 Χαλκηδόνι
1289 1764 1396 1796 σύνοδος
1404 1765 1476 1800 ἀμνη
1482 1766 1608 1800 μόνευτος
1618 1766 1791 1792 ἐπιπλεῖστον

1010 1810 1106 1845 χρόνου
1118 1810 1236 1845 διέμεινε
1256 1811 1424 1845 κλονουμένη
1438 1811 1485 1837 καὶ
1502 1812 1708 1847 μεταφερομίνη
1721 1819 1728 1827 ·
1743 1813 1791 1839 καὶ

1011 1855 1094 1890 πολλή
1112 1863 1154 1886 τις
1170 1856 1294 1882 ἐντεῦθεν
1309 1856 1403 1888 στάσις
1422 1856 1468 1883 καὶ
1483 1856 1616 1891 σύγχυσις
1630 1857 1674 1883 ἐπὶ
1687 1857 1794 1892 μακρὸν

1011 1903 1043 1936 τῇ
1069 1902 1218 1937 Ἐκκλησία
1243 1902 1437 1938 ἀνεῤῥιπίσθη.
1465 1903 1505 1928 Τὰ
1529 1903 1584 1937 γὰρ
1609 1903 1698 1938 πλήθη
1724 1904 1795 1938 πρὸς

1012 1949 1071 1979 ταῖς
1088 1947 1210 1982 κιγχλίσι
1228 1948 1282 1974 τῶν
1309 1948 1511 1983 θυσιαστηρίων
1527 1949 1674 1983 ἱστάμενοι,
1701 1949 1795 1975 παίειν

1014 1994 1144 2028 ἠπείλουν
1164 1994 1211 2020 καὶ
1226 1993 1333 2028 ἀτίμως
1349 1994 1404 2020 τῶν
1417 1995 1497 2029 ἱερῶν
1510 1994 1660 2030 περιϐόλων
1673 1995 1737 2026 τοὺς
1755 1995 1795 2021 εε-

1015 2041 1071 2074 ρείς
1097 2039 1219 2070 ἐξωθεῖν.
1245 2039 1303 2073 εἴγε
1333 2040 1430 2074 μνείαν
1455 2049 1507 2066 που
1524 2041 1571 2075 τῆς
1589 2041 1617 2066 ὲν
1644 2035 1796 2075 Χαλκηδόνι

1016 2086 1126 2111 συνόδου
1145 2085 1233 2111 ποιεῖν
1259 2086 1371 2118 ἕλοιντο,
1395 2087 1446 2112 κᾶν
1469 2087 1524 2117 τοῖς
1550 2087 1632 2121 ἱεροῖς
1656 2087 1798 2122 διπτύχοις

1015 2129 1116 2164 ταύτης
1134 2131 1314 2166 καταγραφὴν
1328 2131 1376 2157 καὶ
1394 2132 1549 2166 ὲκφών,ησιν
1567 2132 1620 2158 τῶν
1637 2132 1796 2167 ὲκΟεμένων

176 2169 250 2196 fusio
271 2169 297 2196 in
322 2170 443 2198 Ecclesia
469 2171 583 2198 exstitit.
610 2171 668 2206 ipsa
692 2180 809 2206 namque
832 2174 908 2208 plebs
928 2182 954 2201 at

1014 2176 1115 2209 ταύτην
1135 2176 1217 2202 θείων
1237 2177 1377 2212 Πατάρων.
1403 2179 1432 2203 υἱ
1451 2178 1472 2203 δ’
1493 2178 1572 2204 αὐτοὶ
1597 2179 1644 2205 καὶ
1665 2179 1797 2212 πλείστην

178 2215 324 2242 sanctioris
353 2215 446 2242 altaris
475 2217 610 2244 cancellos
640 2219 791 2252 assistens,
820 2220 904 2254 plagis
932 2228 961 2247 se

178 2262 366 2293 multaturam,
384 2266 411 2288 et
432 2270 494 2288 cum
518 2263 667 2297 ignominia
689 2273 720 2291 ex
745 2266 830 2292 sacris
855 2267 962 2301 templis

178 2308 335 2335 sacerdotes
360 2308 511 2342 cjecturaut
536 2310 699 2337 comminata
723 2316 775 2343 est,
791 2312 879 2338 sicubi
904 2313 962 2347 ejus

175 2354 274 2388 synodi
300 2353 467 2380 mentionem
493 2354 604 2387 inferre,
623 2361 670 2383 aut
694 2365 753 2383 eam
781 2359 963 2386 sacrosanctis

174 2399 317 2435 (liptychis
342 2399 505 2432 inscribere,
523 2409 654 2428 eorumve
676 2403 786 2429 nomina
807 2403 962 2431 divinorum

180 2446 302 2478 l'atrum,
322 2445 367 2480 qui
390 2446 498 2473 decreta
520 2447 580 2482 ejus
602 2448 819 2483 promulgarunt,
839 2450 964 2484 prolerre

176 2492 240 2518 ausi
259 2492 385 2519 fuissent.
404 2492 450 2519 lsti
467 2492 518 2527 ipsi
534 2493 615 2520 etiam
631 2494 750 2521 maximo
764 2495 964 2522 contenderunt

176 2545 274 2572 opere,
301 2542 329 2563 nt
356 2545 464 2565 sacrum
488 2539 557 2573 ejus.
583 2540 629 2574 qui
655 2539 683 2566 in
708 2541 808 2567 sanctis
833 2546 884 2573 est,
908 2541 964 2569 divi

179 2584 282 2611 Leonis
296 2585 397 2611 veteris
414 2585 505 2612 Romae
521 2585 643 2620 episcopi
666 2590 780 2618 tomum,
796 2594 877 2621 quem
894 2595 965 2615 vera:

180 2629 293 2664 pietatis
309 2630 425 2657 studiosi
443 2630 494 2657 rite
509 2631 663 2658 columnam
684 2631 854 2660 orthodoxiae
871 2639 967 2660 rectae-

179 2682 236 2709 que
248 2676 391 2703 sententia:
405 2676 594 2709 nominarunt,
609 2677 747 2710 tollerent,
761 2678 833 2712 quod
849 2678 871 2705 is
886 2687 966 2714 syno-

178 2720 249 2747 dum
269 2728 327 2747 eam
352 2721 466 2748 ﬁrmiter
482 2722 601 2750 fulciret.
617 2722 733 2750 Tomum
748 2731 810 2751 eum
825 2725 965 2752 divinissi-

181 2773 246 2792 anus
261 2766 460 2795 Alexandrinus
476 2776 543 2803 papa
558 2769 689 2804 Eulogius
703 2776 796 2804 postea
811 2778 827 2797 a
841 2779 871 2799 se
886 2779 966 2798 enar-

186 2816 292 2845 tatum,
303 2813 416 2848 optime,
430 2818 510 2849 atque
528 2814 563 2841 ita
579 2823 702 2849 prorsus,
716 2820 745 2842 ut
759 2817 879 2850 oportuit
893 2825 966 2843 cinn-

1013 2221 1129 2255 πάμπαν
1145 2221 1256 2256 εἰσῆγον
1280 2223 1407 2257 σπουδὴν,
1426 2223 1473 2249 καὶ
1491 2223 1537 2250 τὸν
1559 2223 1631 2250 Θείον
1645 2224 1734 2258 Τόμον
1749 2223 1797 2250 τοῦ

1013 2268 1041 2293 ὲν
1053 2267 1140 2301 ἁγίοις
1156 2268 1229 2302 ἱεροῦ
1242 2268 1355 2299 Λέοντος
1373 2269 1419 2295 τοῦ
1430 2269 1479 2303 τῆς
1490 2269 1679 2304 πρεσϐυτέρας
1686 2269 1798 2304 Ῥώμης

1014 2314 1175 2348 ἀρχιερέως,
1193 2315 1226 2348 ἣν
1242 2314 1344 2348 στήλην
1359 2313 1514 2349 ὀρθοδοξίας
1527 2315 1551 2342 οἱ
1563 2315 1740 2347 εὐσεϐοῦντες
1754 2317 1800 2342 ὲν-

1014 2360 1096 2390 δίκως
1123 2359 1278 2394 ὠνόμασαν,
1294 2360 1463 2394 ἀνατρέπειν
1486 2360 1517 2387 εὖ
1543 2361 1625 2395 μάλα,
1640 2361 1677 2392 ὡς
1693 2362 1799 2396 σφόδρα

1014 2405 1063 2439 τὴν
1077 2406 1185 2432 σύνοδον
1210 2406 1395 2440 ἐπερείδοντα.
1415 2406 1464 2432 Ὂν
1480 2407 1546 2441 δῆτα
1562 2409 1610 2433 καὶ
1631 2409 1645 2434 ὁ
1661 2408 1799 2440 Θειότατος

1016 2452 1131 2483 πάππας
1149 2452 1351 2486 Ἀλεξανδρείας
1364 2453 1491 2487 Εὺλόγιος
1502 2453 1707 2489 ἐξηγησάμενος
1719 2454 1801 2481 ὓστε-

1017 2506 1074 2532 ρον,
1088 2499 1186 2533 ἄριστα
1203 2499 1251 2525 καὶ
1263 2498 1300 2530 ὡς
1316 2498 1406 2533 χρεὼν
1420 2499 1582 2532 συγκεῖσθαι
1595 2499 1688 2526 τοῦτον
1705 2500 1800 2534 σαφῶς

1017 2545 1198 2581 ἀπεφήνατο·
1225 2544 1254 2576 ὃς
1279 2546 1326 2570 καὶ
1348 2544 1430 2580 ἕτερα
1454 2545 1568 2572 πλεῖστα
1594 2547 1801 2581 συγγράμματα

1015 2591 1097 2623 λόγου
1113 2591 1161 2617 καὶ
1179 2592 1291 2625 μνήμης
1314 2591 1375 2623 ἄξια
1391 2593 1423 2625 τῇ
1447 2591 1596 2628 Ἐκκλησίᾳ
1612 2592 1730 2627 Χριστοῦ
1750 2601 1802 2619 κα-

1015 2636 1185 2662 ταλέλοιπεν.
1211 2636 1290 2663 Μιτὰ
1308 2636 1337 2662 δὲ
1353 2636 1448 2663 τοῦτον
1465 2638 1555 2673 χρόνῳ
1573 2639 1662 2674 πολλῷ
1685 2638 1800 2673 ὕστερον

1018 2683 1066 2709 καὶ
1082 2683 1096 2709 ό
1112 2683 1161 2716 τῆς
1178 2683 1317 2717 Ἀντιόχου
1344 2684 1475 2719 προέδρος
1494 2686 1508 2710 ὁ
1524 2686 1556 2711 ὲκ
1578 2685 1684 2713 Σιναίου
1697 2685 1799 2720 δηλαδὴ

1024 2728 1211 2761 ’Λναστὰσιος,
1232 2729 1358 2756 πλεῖστον
1380 2731 1427 2757 καὶ
1446 2729 1522 2763 οὗτος
1540 2732 1611 2767 ὑπὲρ
1622 2733 1670 2768 τῆς
1685 2734 1768 2767 ἁγίας
1780 2734 1801 2759 δ’

1019 2773 1128 2799 συνόδου
1142 2773 1352 2809 διαμαχόμενος,
1369 2775 1415 2800 καὶ
1437 2777 1522 2807 πολὺς
1537 2778 1606 2803 κατὰ
1623 2778 1657 2804 τὰ
1670 2778 1723 2804 τῶν
1748 2779 1802 2804 Μο-

1019 2818 1170 2853 νοςρυσιτῶν
1193 2820 1239 2846 κπιὶ
1265 2820 1424 2854 Ἀκεῳάλων
1454 2822 1534 2855 ῥόαν
1561 2823 1628 2849 πᾶσι
1656 2823 1745 2857 λόγοις
1772 2823 1802 2849 τὸ
