1926 3092
137 93 190 125 425

564 91 863 123 ECCLESIASTlC/E
886 91 1078 122 HISTORle
1093 93 1164 121 LIB.
1182 91 1293 123 XVI”.

1703 94 1755 125 4'26

135 157 190 175 των
202 148 256 174 τῶν
271 147 427 182 δρωμένων⁴
443 146 569 182 ἄφθαρτα
598 148 644 174 καὶ
664 147 761 174 αίώνια
789 147 921 183 δημιουρ-

977 146 1050 174 hisce
1066 155 1131 174 vero
1145 147 1309 181 corporibus
1324 154 1440 181 corpora
1455 148 1509 175 alia
1525 148 1680 177 visibilibus
1696 152 1756 179 istis

138 193 246 227 γεῖσθαι
274 193 327 219 ὑπὸ
354 192 433 219 Θεοῦ.
453 202 462 218 ι
480 191 551 228 Πρὸς
578 193 668 227 τούτῳ
694 193 851 220 συντέλειαν
870 194 920 228 μέν

125 243 207 272 ’φησι
222 237 269 263 τοῦ
284 237 425 272 ὁρωμένου
444 237 538 264 τούτου
555 237 670 272 κόσμου,
687 238 773 274 ἦγουν
788 239 922 274 παρέλευ-

138 292 190 316 σιν,
208 283 256 310 καὶ
277 282 356 315 αὖθις
371 283 466 310 καινοῦ
482 284 584 316 κόσμου
600 284 697 319 ἑτέραν
711 285 828 318 γένεσιν.
847 284 921 320 Ὀρί-

138 329 216 362 ζεται
234 330 263 356 δὲ
277 329 323 356 καὶ
338 329 444 364 νεκρῶν
457 330 606 356 ἀνάστασιν
621 327 702 362 εἶναι,
717 331 764 366 τὴν
778 331 831 356 τῶν
846 331 922 365 λογι-

139 376 196 402 κῶν
211 375 306 410 ψυχῶν
318 376 385 411 πρὸς
395 376 425 402 τὸ
440 375 558 410 φθαρτὸν
572 376 650 411 σῶμα
663 377 759 403 ἕνωσιν
769 377 921 404 ἀδιάλυτον.

139 419 186 453 Οἷς
199 422 224 447 οί
239 422 304 457 περὶ
321 421 429 448 Κόνωνα
448 421 661 457 ἐναντιούμενοι,
677 422 758 449 αὐτόν
772 431 801 449 τε
818 424 866 450 καὶ
889 425 924 451 τὰ

139 467 235 494 τούτου
248 467 453 502 συγγράμματα
483 467 654 499 ἀπεώσαντο,
677 467 716 499 ῶς
734 477 780 503 μοι
805 468 924 504 ῥηθήσε-

139 520 204 539 ται·
231 512 284 539 κᾶν
306 512 353 539 καὶ
377 513 511 548 πρότερον
541 513 624 539 αὑτὸν
653 513 832 548 ἀπεδέχοντο·
854 523 863 539 ι
883 514 923 540 Τὰ

139 559 267 592 σώματα,
283 558 420 593 λέγοντες,
437 559 509 586 κατὰ
527 559 576 592 μὲν
589 559 640 593 τὴν
655 559 721 594 ὓλην
743 560 774 586 οὐ
800 559 922 593 φθείρον-

136 616 195 638 ται,
211 606 280 633 ἀλλὰ.
291 607 362 634 κατὰ
381 606 462 641 μόνον
476 607 507 633 τὸ
527 605 596 638 εἶδος
609 614 616 622 ·
634 607 680 633 καὶ
699 607 781 633 πάλιν
802 607 922 641 ἀναμορ-

140 652 269 686 φοῢνται,
284 653 407 687 κρεῖττον
422 649 492 683 εἶδος
508 652 692 687 προσιεμένης
708 652 757 685 τῆς
781 652 809 679 ὲν
832 652 923 684 αὐτοῖς

139 697 217 734 ὕλης.
238 707 247 724 ι
268 699 323 725 Καὶ
353 698 461 732 γένεσιν
490 698 539 732 μὲν
563 699 666 733 κόσμου
693 699 741 725 καὶ
767 698 840 725 οὗτοί
859 707 923 732 φασι

138 745 212 771 κατά
223 753 254 770 τε
279 743 344 779 ὕλην
367 745 414 770 καὶ
433 741 512 775 εἶδος,
530 744 632 779 φθορὰν
658 736 686 771 δὲ
701 744 784 771 αὑτοῦ
809 745 880 772 κατὰ
894 745 924 771 τὸ

139 789 209 821 εἶδος
233 790 323 825 μόνον,
339 790 369 816 οὑ
395 789 449 824 μὴν
475 790 610 817 καὶκατὰ
632 791 682 825 τὴν
704 790 770 825 ὓλην
796 791 922 826 πάσχειν.

974 192 1053 226 longe
1075 193 1274 227 praestantiora,
1294 192 1518 227 incorruptibilia
1537 198 1566 220 et
1580 196 1758 229 sempitenia,

974 237 1072 264 aDeo
1110 238 1277 265 conduntur.
1302 247 1311 263 ι
1343 237 1383 264 Ad
1410 237 1468 265 haec
1496 241 1758 268 consummationem

974 283 1033 310 sive
1059 282 1202 309 interitum
1224 283 1341 310 visibilis
1366 283 1450 318 hujus
1472 285 1578 316 mundi,
1595 293 1627 312 ac
1649 294 1758 313 rursum

975 329 1038 355 novi
1067 328 1163 355 mundi
1189 329 1357 356 creationem
1385 330 1517 362 alteram,
1540 332 1648 358 asserit.
1676 333 1758 367 373

975 373 1077 401 Statuit
1101 374 1184 401 etiam
1213 379 1384 401 mortuorum
1417 375 1648 403 resurrectionem
1681 385 1759 408 esse.

976 419 1150 446 rationaliqu
1175 419 1302 447 videlicet
1325 420 1478 447 animarum
1499 429 1561 449 cum
1585 423 1758 457 corruptibili

975 470 1092 497 corpore
1106 462 1326 491 indissolubilem
1341 464 1481 491 unionem.
1496 465 1602 497 Quibus
1615 467 1759 494 sententiis

975 509 1098 536 renitens
1112 509 1219 541 Conon,
1233 510 1321 543 ipsum
1332 510 1409 544 juxta
1421 516 1449 537 et
1462 511 1668 540 lucubrationes
1689 513 1757 548 ejus,

975 555 1056 582 sicuti
1081 563 1094 586 ιι
1121 563 1164 582 me
1188 555 1307 588 dicetur,
1338 557 1446 591 rcjecit;
1463 559 1589 591 quamvis
1612 567 1659 586 eas
1678 565 1758 586 antea

975 602 1121 635 receperit.
1139 611 1148 627 ‹
1166 601 1260 629 Conon
1286 602 1345 637 ipse
1369 610 1485 637 corpora
1502 604 1571 631 dixit
1592 612 1646 632 non
1663 613 1759 633 secun—

975 645 1039 673 dum
1055 647 1208 680 materiam,
1222 647 1269 674 sed
1284 651 1387 675 tantum
1400 649 1478 683 juxta
1493 649 1609 677 formam
1622 651 1759 684 occidere,

974 699 1061 727 eaque
1081 693 1172 720 denuo
1193 693 1371 725 conformari,
1389 695 1615 728 praestabiliorem
1640 697 1759 732 speciem

975 738 1089 765 materia
1109 739 1167 773 ipsa
1186 736 1346 774 recipiente.
1364 740 1459 768 Mundi
1484 742 1529 769 ille
1546 750 1656 777 quoque
1677 751 1756 771 crea-

976 785 1078 812 tionem
1092 786 1169 820 juxta
1194 787 1337 813 materiam
1358 792 1386 814 et
1408 787 1534 819 formam,
1552 789 1693 817 interitum
1710 798 1760 817 au-

143 823 299 871 Ὀρίζονται
311 836 339 862 δὲ
355 823 402 862 καί
416 823 565 862 άνάστασιν
583 823 787 871 εἶναιννεκρῶν,
802 823 922 871 τὴν-Ἲτοῢ

977 836 1029 858 tem
1052 832 1175 866 ejusdem
1197 832 1271 867 iuxta
1296 834 1410 860 formam
1435 835 1619 868 solummodo,
1637 844 1692 863 nun
1713 844 1760 864 au-

140 881 268 916 σώματος
283 881 378 907 τούτου
399 882 467 916 πρὸς
479 881 529 916 τὴν
547 881 658 916 λογικὴν
675 881 764 917 ψυχὴν
780 882 876 909 ἕνωσιν
892 884 923 909 ὰ-

137 926 276 953 διάλυτον.
298 926 327 951 Ὁ
338 925 366 951 δὲ
377 925 522 956 Φιλόπονος
539 926 608 960 πρὸς
630 927 687 957 τοῖς
710 927 866 961 εἰρημένοις
877 930 924 954 καὶ

139 971 227 999 ταῦτα
238 972 387 1006 φιλοσοφεῖ,
406 971 422 1006 ἢ
436 971 465 997 τό
480 978 511 1004 γε
536 971 719 1006 ἀληθέστερον
744 973 843 1005 εἰπεῖν,
857 973 924 1008 φλη-

141 1020 241 1053 ναφεῐυ
261 1028 270 1044 ι
291 1017 396 1046 οὐκοῦν
413 1018 516 1052 ἑκάστη
529 1019 610 1052 φύσις
624 1018 654 1044 οὐ
673 1019 798 1054 μοναχῶς
814 1019 924 1053 λέγεται

141 1065 213 1092 τοῦθ’
226 1066 296 1101 ὅπερ
311 1065 396 1098 ἐστὶν,
411 1065 479 1091 ἀλλὰ.
492 1065 572 1100 διχῶς
584 1073 592 1080 ·
606 1065 669 1091 καθ’
686 1065 734 1091 ἕνα
749 1066 800 1100 μὲν
813 1066 923 1100 τρόπον,

138 1112 202 1138 ὅταν
230 1112 276 1138 τὸν
294 1111 385 1139 κοινδν
401 1112 521 1146 ἑκάστης
547 1112 655 1146 φύσεως
678 1111 759 1145 λόγον
787 1112 867 1138 αὑτὸν
881 1113 924 1148 ἐφ’

140 1157 239 1184 ἑαυτοῦ
253 1157 412 1192 ϐεωρῶμεν,
430 1154 486 1184 οἷον
501 1157 550 1192 τὴν
566 1157 712 1192 ἀνθρώπου
731 1158 823 1192 φύσιν,
843 1158 859 1194 ἢ
875 1159 924 1193 τὴν

138 1204 223 1230 ἵππου
238 1203 268 1229 ἑν
281 1202 369 1229 οὐδενὶ
395 1203 449 1229 τῶν
478 1204 586 1239 ἀτόμων
611 1204 757 1240 γινομένην
771 1213 778 1220 '
801 1215 810 1231 ι
829 1205 924 1241 ἑτέραν

136 1250 167 1277 δὲ
180 1251 245 1278 ὅταν
262 1249 348 1285 αὐτὴν
370 1249 404 1284 δὴ
427 1249 530 1283 ταύτην
544 1249 592 1284 τὴν
615 1250 708 1284 κοινὴν
723 1251 805 1286 φύσιν
826 1252 855 1278 ἑν
869 1253 924 1283 τοῖς

138 1297 253 1330 ἀτόμοις
272 1294 419 1330 γινομένην
442 1295 606 1330 κατίδωμεν,
625 1296 670 1322 καὶ
689 1297 880 1332 μερικωτάτην
895 1299 925 1325 ἐν

138 1343 248 1378 ἑκάστῳ
264 1342 356 1369 αὐτῶν
378 1341 571 1376 λαμϐάνουσαν
597 1341 735 1377 ὕπαρξιν·
760 1344 808 1369 καὶ
837 1343 924 1370 οὐδενὶ

139 1391 213 1425 ἀλλῳ
234 1389 305 1424 πλὴν
322 1388 418 1424 ἐκείνῳ
432 1389 479 1415 καὶ
499 1389 573 1423 μόνῳ
585 1388 679 1414 λοιπὸν
702 1389 922 1423 ἐφαρμόζουσαν.

140 1437 177 1463 Τὸ
194 1436 249 1471 γὰρ
264 1436 293 1462 ἑν
308 1435 369 1470 ἐμοὶ
382 1434 452 1467 ζῶον
465 1434 573 1468 λογικὴν
587 1433 685 1469 θνητὸν
701 1434 790 1461 οὐδενὶ
814 1435 867 1461 τῶν
879 1434 925 1461 ἆλ-

96 1501 102 1504 ‹
140 1483 195 1510 λων
208 1481 363 1516 ἀνθρώπων
376 1481 435 1507 ἐστὶ
449 1481 550 1513 κοινὸν,
563 1479 624 1506 οὐδὲ
639 1480 655 1515 ἡ
676 1481 703 1506 ἑν
716 1480 783 1516 τῷδε
796 1480 843 1507 τοῦ
855 1479 924 1514 ζῶον
939 1494 960 1522 c

140 1529 223 1564 φύσις
236 1529 266 1554 ἑν
282 1527 355 1563 ἄλλῳ
371 1527 424 1554 τινὶ
451 1526 550 1561 γένοιτ’
574 1527 616 1553 ἄν.
632 1526 693 1553 Ὀτι
714 1527 744 1553 δὲ
758 1527 860 1559 ταύτας
877 1528 925 1561 τὰς

140 1574 246 1604 ἑννοίας
263 1573 329 1608 περί
348 1581 378 1598 τε
397 1571 506 1606 φύσεων
521 1571 577 1606 ἔχει
592 1573 639 1598 καὶ
653 1572 831 1599 ὑποστάσεων
845 1574 861 1607 ὴ
877 1573 926 1608 τῆς

146 1619 310 1653 Ἐκκλησίας
328 1617 498 1648 διδασκαλία,
513 1617 593 1651 δῆλον
609 1618 637 1650 ἑξ
650 1614 687 1644 ὧν
703 1618 753 1652 μὲν
775 1618 857 1652 φύσιν
874 1619 927 1644 Πα-

138 1663 204 1698 τρός
214 1671 244 1689 τε
255 1662 302 1687 καὶ
314 1660 379 1688 Υίοῠ
394 1662 441 1687 καὶ
454 1661 532 1695 ἁγίου
545 1660 703 1695 Πνεύμκτος
718 1661 907 1696 ὁμολογοῦμεν
917 1669 923 1676 '

137 1708 321 1743 τριίςδὲτὰς
348 1707 452 1734 τούτων
479 1707 645 1737 ὑποστάσεις
671 1707 762 1734 εττουν
793 1708 926 1742 πρόσωπα

137 1754 343 1789 δογματίζομεν
354 1761 362 1770 ο
379 1752 440 1779 καθ’
458 1753 490 1783 ἃς
503 1752 619 1779 ἕκαστον
634 1752 746 1787 ἰδιότητι
758 1762 811 1780 τινι
828 1755 859 1780 ἐκ
872 1754 926 1781 τῶν

138 1800 241 1827 λοιπῶν
255 1798 434 1833 διακρίνεται.
452 1793 500 1829 Τίς
515 1798 569 1832 γὰρ
587 1797 619 1825 ἂν
636 1799 680 1833 εῐη
705 1799 786 1832 φύσις
800 1799 851 1833 μία
868 1799 927 1825 0:6—

137 1855 221 1882 τητος
245 1846 289 1881 ἢὸ
312 1845 402 1876 κοινὸς
431 1844 481 1876 τῆς
511 1844 587 1875 θείας
614 1844 723 1879 φύσεως
746 1844 825 1878 λόγος
844 1846 926 1877 αὐτὸς

138 1893 202 1920 καθ’
219 1892 316 1919 ἑαυτὸν
333 1891 532 1926 θεωρούμενος,
547 1891 596 1917 κιιὶ
612 1891 645 1925 τῇ
670 1890 735 1925 ψιλῇ
750 1890 858 1926 ἑπινοίᾳ
878 1892 927 1925 τῆς

139 1939 257 1966 ἑκάστου
273 1938 403 1972 ἰδιότητος
417 1937 618 1972 κεχωρισμένος
632 1946 639 1970 ί
652 1937 713 1963 Ὀτι
727 1945 756 1963 τε
773 1937 927 1972 ἰδικώτερον

138 1987 222 2013 πάλιν
237 1985 267 2012 τὸ
285 1984 336 2019 τῆς
349 1984 455 2018 φύσεως
475 1985 649 2017 γινώσκομεν
663 1983 761 2018 ὄνομα,
777 1984 822 2010 τὸν
838 1985 926 2010 κοινὸν

138 2033 219 2067 λόγον
232 2032 281 2066 τῆς
298 2030 406 2065 φύσεως
430 2031 473 2063 ἐφ’
490 2030 606 2056 ἑκάστου
631 2030 684 2057 τῶν
703 2030 927 2065 ἁτόμων,,ἥγουν

138 2079 194 2106 τῶν
207 2078 397 2110 ὑποστάσεων,
412 2077 531 2111 ἑκάστης
551 2076 615 2103 ἴδιον
631 2077 773 2112 γινόμενον
794 2077 928 2113 θεωροῦν-

139 2133 206 2158 τεςο
232 2126 282 2151 καὶ
309 2123 397 2151 οὐδενὶ
425 2123 520 2150 λοιπὸν
544 2123 630 2158 ἑτέρῳ
649 2123 701 2151 τῶν
715 2124 768 2150 ὑπὸ
793 2125 824 2150 τὸ
839 2125 928 2151 κοινὸν

976 882 1029 904 tem
1048 878 1199 906 secundum
1217 879 1373 912 materiam,
1390 879 1461 907 ferre
1479 881 1555 908 dicit.
1572 881 1760 910 Resurreetio-

976 930 1037 950 nem
1062 931 1128 951 vero
1153 928 1326 951 mortuorum
1353 933 1413 953 esse
1437 927 1564 961 corporis
1590 927 1671 955 istius
1697 935 1759 955 cum

975 969 1066 995 anima
1081 969 1207 996 rationali
1221 970 1350 997 unionem
1365 970 1584 999 lndissolubilem
1598 972 1732 1000 decernit.
1747 982 1756 998 ι

975 1014 1123 1043 Enimvero
1148 1015 1330 1051 Philoponus,
1357 1023 1457 1052 praeter
1484 1025 1515 1045 ea
1539 1026 1600 1053 qua:
1623 1019 1758 1052 diximus,

976 1063 1033 1089 haec
1049 1069 1159 1097 quoque
1181 1063 1393 1098 philosophatur
1409 1073 1415 1091 :
1434 1073 1481 1092 seu
1501 1066 1602 1099 potius,
1622 1072 1652 1094 ut
1668 1068 1760 1095 verius

975 1107 1082 1139 dicam,
1108 1114 1249 1143 nugatur:
1274 1119 1283 1135 ι
1303 1110 1398 1144 itaque
1427 1117 1522 1138 natura
1550 1113 1678 1146 quaelibet
1704 1122 1759 1142 non

976 1153 1148 1188 simpliciter,
1169 1155 1196 1182 id
1220 1156 1292 1190 quod
1315 1162 1375 1189 est,
1396 1156 1507 1188 dicitur,
1528 1158 1575 1185 sed
1601 1159 1758 1194 dupliciter.

975 1199 1035 1227 Uno
1053 1199 1126 1226 enim
1148 1199 1239 1232 modo,
1258 1208 1321 1227 cum
1343 1209 1515 1229 communem
1541 1203 1689 1237 cujuslibet
1712 1213 1760 1232 na-

977 1249 1044 1272 turae
1062 1245 1196 1272 rationem
1215 1246 1300 1280 ipsam
1317 1254 1366 1281 per
1381 1248 1498 1282 seipsam
1515 1250 1733 1284 contemplamur
1751 1260 1757 1278 :

976 1293 1060 1320 veluti
1082 1293 1202 1322 hominis
1222 1300 1269 1322 aut
1287 1295 1350 1329 equi
1369 1300 1505 1329 naturam,
1522 1299 1550 1324 in
1568 1299 1642 1326 nullo
1661 1299 1760 1327 indivi-

976 1339 1093 1366 duorum
1118 1345 1283 1369 exstantem.
1301 1350 1310 1367 ι
1329 1341 1391 1369 Alio
1417 1347 1481 1369 ven)
1503 1343 1595 1376 modo,
1614 1344 1675 1371 cum
1699 1353 1759 1372 eam

976 1385 1064 1419 ipsam
1083 1393 1257 1413 communem
1274 1392 1399 1414 naturam
1418 1388 1445 1414 in
1463 1388 1610 1416 individuis
1626 1390 1760 1417 exsisten-

979 1426 1044 1462 tem,
1064 1436 1092 1458 et
1115 1433 1308 1466 particularem
1332 1434 1450 1460 maxime
1475 1435 1502 1461 in
1525 1436 1648 1469 quolibet
1665 1445 1759 1466 eorum

978 1477 1185 1506 subsistentiam
1214 1480 1409 1514 recipientem,
1435 1489 1523 1516 neque
1550 1483 1668 1518 cuipiam
1694 1485 1759 1517 alii,

976 1528 1159 1559 praeterquam
1177 1524 1214 1552 illi
1235 1524 1285 1560 ipsi
1304 1526 1355 1552 soli
1373 1526 1406 1554 de
1425 1531 1524 1554 cartero
1537 1530 1758 1563 convenientem,

976 1570 1195 1597 consideramus.
1213 1570 1292 1603 Quod
1309 1579 1426 1607 namque
1442 1573 1468 1599 in
1485 1580 1527 1600 me
1542 1578 1583 1601 est
1598 1575 1698 1603 animal
1715 1584 1761 1604 ra-

958 1618 962 1622 ‘
978 1617 1078 1643 tionale
1100 1621 1128 1644 et
1151 1617 1276 1650 mortale,
1293 1618 1362 1644 nulli
1380 1619 1550 1654 reliquorum
1568 1621 1673 1648 homini
1688 1631 1761 1650 com-

977 1669 1059 1689 mune
1079 1667 1130 1690 est.
1149 1662 1244 1697 Neque
1267 1671 1327 1698 qua:
1350 1663 1378 1690 in
1401 1664 1454 1691 hoc
1475 1665 1534 1700 ipso
1558 1667 1697 1695 animante
1719 1675 1760 1695 est

977 1712 1092 1739 natura.
1121 1708 1146 1735 in
1171 1708 1226 1735 alio
1249 1709 1379 1744 quopiam
1405 1709 1497 1737 fuerit.
1520 1710 1596 1744 Quod
1620 1720 1685 1739 vero
1711 1713 1760 1741 has

978 1753 1051 1788 ipsas
1067 1755 1196 1782 notiones
1212 1755 1246 1783 de
1263 1755 1367 1787 naturis
1382 1760 1410 1782 et
1428 1757 1614 1785 subsistentiis
1630 1759 1761 1786 Ecclesiae

978 1801 1102 1828 doctrina
1124 1802 1237 1834 habeat,
1265 1800 1305 1829 ex'
1323 1810 1355 1829 eo
1380 1807 1509 1836 constat,
1536 1804 1608 1838 quod
1635 1810 1760 1832 naturam

977 1845 1089 1880 quidem
1113 1845 1201 1873 Patris
1220 1851 1247 1873 et
1268 1847 1330 1874 Filii
1354 1852 1383 1874 et
1407 1847 1526 1887 Spiritus
1543 1849 1631 1876 sancti
1650 1851 1761 1885 proﬁte-

979 1899 1052 1924 mur,
1066 1896 1121 1919 tres
1131 1896 1221 1918 autem
1236 1892 1335 1919 horum
1348 1893 1541 1921 subsistentias
1556 1895 1612 1921 sive
1629 1903 1761 1929 personas

978 1937 1170 1971 pradicamus,
1182 1945 1230 1971 per
1240 1945 1308 1972 quas
1318 1938 1447 1972 qumlibet
1460 1940 1628 1974 proprietate
1641 1941 1759 1975 quadam

978 1990 993 2009 a
1012 1983 1124 2017 reliquis
1141 1983 1320 2011 discernitur.
1338 1983 1469 2017 Quisnam
1490 1986 1593 2013 etenim
1611 1988 1647 2014 sit
1661 1992 1761 2015 natura

979 2036 1032 2055 una
1057 2029 1226 2061 divinitatis,
1249 2037 1331 2064 quant
1352 2031 1511 2057 communis
1533 2031 1633 2059 divina:
1657 2037 1762 2061 natura)

979 2074 1060 2107 ratio,
1079 2075 1137 2109 ipsa
1157 2083 1204 2110 per
1221 2076 1338 2110 seipsam
1355 2077 1538 2110 considerata,
1553 2082 1581 2105 et
1602 2079 1675 2106 nuda
1694 2087 1763 2106 con-

981 2119 1157 2154 templatione
1185 2129 1199 2148 a
1222 2122 1391 2156 proprietate
1412 2122 1546 2158 cujusque
1570 2124 1708 2152 discreta?
1731 2126 1764 2153 Et

139 2171 213 2204 εἶδος
239 2171 410 2206 ἐφαρμόζειν
437 2169 716 2205 δυνάμενον,,δηλαδὴ
746 2170 827 2196 πάλιν
843 2171 872 2204 ἐξ
890 2169 927 2197 ὦν

980 2165 1054 2200 quod
1081 2166 1192 2201 proprie
1210 2172 1239 2194 et
1255 2167 1432 2202 peculiariter
1453 2176 1563 2195 rursum
1587 2174 1693 2197 natura:
1715 2178 1765 2197 no-

139 2219 187 2245 ἑπὶ
205 2216 326 2253 Χριστοῦ
340 2216 386 2242 δύο
415 2215 522 2249 φύσεων
538 2215 634 2241 ἕνωσιν
652 2214 859 2250 πρεσϐεύομεν·
878 2217 927 2250 τῆς

140 2265 281 2300 Θεότητος,
299 2262 382 2297 φημὶ,
401 2263 449 2289 καὶ
463 2262 511 2296 τῆς
534 2261 759 2296 ἀνθρωπότητος.
776 2261 813 2287 Οὐ
829 2261 884 2296 γὰρ
897 2261 929 2296 δὴ

138 2309 189 2344 τὴν
204 2307 298 2342 κοινὴν
316 2306 362 2332 ἐπὶ
383 2305 432 2340 τῆς
449 2305 532 2339 ἁγίας
555 2305 672 2339 Τριάδος
698 2305 849 2340 νοουμένην
871 2305 928 2332 θεό-

138 2363 210 2389 τητα
230 2350 425 2387 σεσαρκῶσθαί
443 2359 535 2386 φαμεν
548 2359 555 2366 ·
582 2350 654 2377 οὕτω
671 2351 725 2386 γὰρ
745 2350 777 2377 ἂν
803 2351 852 2377 καὶ
880 2351 929 2385 τὴν

141 2398 351 2434 ὲνανθρώτιησιν
364 2397 410 2423 τοῦ
426 2397 504 2431 ἁγίου
521 2396 680 2431 Πνεύματος
694 2397 929 2430 κατηγοροίημεν.

148 2447 218 2473 Ἀλλ’
233 2445 296 2472 οὺδὲ
309 2446 354 2470 τὸν
368 2443 459 2470 κοινὸν
471 2443 519 2479 τῆς
537 2443 712 2477 ἀνθρωπίνης
729 2442 838 2477 φύσεως
850 2442 930 2476 λόγον

140 2493 265 2531 ἡνῶσθαι
282 2491 321 2525 τῷ
343 2489 403 2525 Θεῷ
420 2490 499 2525 Λόγῳ
517 2489 675 2523 δοξάζομεν.
703 2487 784 2515 Οὕτω
814 2489 868 2524 γὰρ
897 2489 930 2514 ἂν

142 2538 225 2565 πάλιν
236 2535 284 2562 καὶ
299 2534 356 2566 τοῖς
372 2533 425 2567 πρὸ
438 2534 484 2560 τοῦ
496 2534 586 2567 Λόγου
603 2533 750 2567 ἐπιδημίας
772 2533 931 2566 γενομένοις

140 2583 311 2618 ἀνθρώποις,
328 2579 375 2607 καὶ
392 2581 449 2608 τοῖς
476 2579 534 2615 μετ’
557 2579 643 2611 αὐτὴν
665 2579 807 2613 ἐσομένοις
828 2578 931 2604 ἇπασιν

139 2629 264 2665 ἡνῶσθαι
280 2628 314 2654 ἂν
324 2627 337 2653 ό
349 2626 396 2653 τοῦ
414 2625 482 2652 Θεοῦ
494 2626 578 2658 Λόγος
594 2625 706 2656 δικαίως
721 2624 841 2658 ἐλέγετο.
851 2625 932 2652 Ἀλλὰ

137 2676 221 2710 δῆλον
243 2675 286 2701 ὅτι
302 2673 382 2707 φύσιν
401 2673 527 2706 θεότητος
543 2671 661 2698 ἐνταῦθά
676 2679 768 2705 φαμεν
783 2669 832 2705 τὴν
854 2670 884 2696 ὲν
898 2673 931 2706 τῇ

138 2721 295 2748 ὑποστάσει
317 2718 364 2745 τοῦ
387 2719 474 2752 Λόγου
500 2719 546 2752 τῆς
575 2717 669 2752 κοινῆς
687 2717 815 2751 θεότητος
839 2716 931 2750 φύσιν.

138 2768 227 2795 ’Ὅθεν
247 2767 295 2793 καὶ
310 2766 375 2800 μίαν
393 2764 474 2798 φύσιν
489 2763 535 2790 τοῦ
550 2763 616 2789 Θεοῦ
641 2764 729 2797 Λόγου
750 2763 932 2797 σεσαρκωμέ-

139 2825 192 2851 νην
212 2812 414 2849 ὁμολογοῦμεν,
443 2811 535 2845 σαφῶς
563 2811 757 2844 ἀποκρίνοντες
782 2811 866 2844 αὐτὴν
885 2811 931 2838 τοῦ

327 2860 450 2891 I‘A'rsor.
477 2860 531 2889 Gn.
559 2857 696 2889 CXLVII.

982 2220 1044 2239 men
1059 2212 1276 2244 consideremus,
1292 2212 1357 2239 dum
1376 2213 1510 2240 rationem
1531 2219 1636 2242 natura
1652 2215 1679 2242 in
1697 2224 1765 2251 quo-

980 2258 1047 2285 libet
1064 2258 1269 2286 individuorum
1292 2260 1349 2286 sive
1372 2260 1614 2288 subsistentiarum
1639 2269 1764 2289 commu-

982 2312 1055 2336 nem,
1068 2305 1205 2339 propriam
1218 2309 1300 2340 atque
1312 2306 1476 2339 peculiarem
1490 2307 1638 2342 cujuslibet
1654 2308 1763 2341 factam,

982 2357 1042 2384 qua:
1057 2350 1125 2376 nulli
1140 2349 1270 2384 deinceps
1286 2350 1343 2382 alii,
1357 2351 1429 2384 quod
1447 2351 1497 2378 sub
1513 2359 1687 2378 communem
1705 2360 1766 2387 spe-

982 2397 1052 2423 ciem
1072 2396 1162 2427 cadat,
1184 2399 1305 2431 coaptari
1326 2397 1422 2431 possit.
1438 2397 1667 2431 contemplamur,
1684 2405 1715 2425 ex
1732 2406 1765 2425 eo

982 2447 1068 2477 patet,
1092 2442 1165 2476 quod
1192 2443 1219 2469 in
1241 2442 1348 2469 duabus
1368 2442 1469 2470 Christi
1496 2442 1612 2475 naturis,
1635 2444 1766 2471 unionem

982 2489 1146 2521 divinitatis,
1160 2488 1281 2524 inquam,
1295 2494 1323 2516 et
1338 2489 1516 2515 humanitatis
1530 2489 1671 2515 docemus.
1684 2489 1768 2526 874

982 2535 1041 2562 Non
1064 2535 1137 2561 enim
1161 2542 1347 2566 communem,
1368 2542 1449 2568 quam
1474 2534 1501 2561 in
1523 2539 1615 2562 sancta
1634 2535 1768 2563 Trinitate

982 2579 1189 2608 consideramus
1215 2580 1401 2610 divinitatem,
1421 2580 1590 2607 incarnatam
1612 2589 1674 2609 esse
1699 2583 1768 2609 dici—

983 2632 1043 2652 mus
1058 2633 1070 2650 ;·
1080 2624 1120 2651 sic
1135 2618 1237 2651 etenim
1255 2628 1283 2651 et
1297 2623 1385 2650 Patris
1399 2629 1427 2650 et
1443 2624 1561 2658 Spiritus
1574 2625 1661 2653 sancti
1676 2626 1766 2653 incar-

983 2671 1121 2698 nationem
1139 2670 1398 2704 praedicavcrimus;
1417 2670 1465 2697 sed
1484 2679 1573 2705 neque
1595 2678 1767 2699 communem

984 2718 1109 2744 humame
1125 2721 1228 2743 naturae
1248 2716 1383 2743 rationem
1404 2717 1507 2743 unitam
1527 2724 1588 2745 esse
1605 2718 1660 2745 Deo
1679 2718 1768 2745 Verbo

984 2763 1141 2798 opinamur.
1168 2762 1207 2789 Eo
1234 2769 1349 2796 namque
1371 2767 1462 2797 pacto,
1485 2767 1513 2790 et
1536 2763 1583 2797 qui
1604 2767 1665 2791 ante
1687 2763 1769 2790 Verbi

985 2810 1134 2837 adventum
1155 2808 1331 2841 exstiterunt,
1349 2812 1375 2835 et
1393 2809 1438 2842 qui
1462 2813 1552 2843 postea
1578 2808 1661 2834 futuri
1680 2812 1768 2841 erant.

1584 2854 1619 2886 1"!-
