1926 3092
105 106 153 137 429

540 106 835 139 ECCLESIASTICA‘]
855 108 1046 140 lilSTORl.B
1067 109 1136 141 LIB.
1161 110 1267 142 XVIII.

1665 111 1717 142 4⁸0

105 165 168 192 ἀλλά
191 173 253 190 τινα
270 164 399 199 σχετικὴν
421 164 553 193 διάθεσιν.
580 166 648 200 Φησὶ
675 167 729 202 γὰρ
751 167 884 201 ινωθῆναι

937 172 1004 195 tura:
1019 167 1171 195 substantia
1199 167 1256 202 ipsa
1272 166 1378 194 unitum
1389 173 1461 197 esse,
1480 166 1526 194 sed
1542 166 1636 194 habitu
1651 175 1718 201 quo-

105 211 146 236 τδν
158 210 222 236 Θεὸν
250 211 336 244 Λόγον
358 211 397 246 τῷ
410 212 441 238 ὲκ
457 211 567 246 Μαρίας
579 212 727 248 ἀνθρώπῳ,
751 212 845 248 ὥσπερ
860 213 886 240 εῐ

105 265 143 288 τις
168 256 244 290 φέλος
259 256 328 292 φίλῳ
355 256 453 284 ἕνωσιν
477 257 522 284 διὰ
549 257 667 292 σχέσεως
689 259 803 285 ποιοῖτο.
830 259 884 285 Καὶ

106 302 226 328 λανθάνει
255 303 304 337 μὲν
329 303 444 334 πολλοὺς
469 303 566 330 ἕνωσιν
592 304 734 338 ὀνομάζων
749 304 818 332 Θεοῦ
837 305 885 332 καὶ

103 349 242 383 ἀνθρώπου
255 356 262 364 ·
282 349 312 376 es
333 349 355 376 δ’
368 349 468 384 ἀληθὲς
484 350 626 379 διάστασιν
651 352 697 377 καὶ
723 351 772 386 οὐχ
787 351 884 379 ἕνωσιν

105 396 254 428 σαφέστατα
265 396 423 430 δογματίζει
437 405 444 411 ·
467 396 497 422 τὸ
512 396 567 431 γὰρ
586 396 677 430 λέγειν
691 397 729 432 μὴ
745 397 884 430 οὐσιωδῶς

101 439 229 474 timemur
242 439 281 475 τῷ
300 440 437 475 ἀνθρώπῳ
453 440 498 468 τὸν
515 441 583 467 Θεὸν
598 442 695 476 Λόγον,
722 443 790 470 ἀλλὰ
813 444 883 472 κατὰ

102 485 207 520 φιλικὴν
221 494 281 511 τινα
297 485 399 521 σχέσιν¹
413 486 462 521 οὺχ
479 487 575 519 ἕνωσις
589 487 717 523 ἀκριϐὴς,
740 488 808 515 ἀλλὰ
822 489 882 517 διά.-

100 531 187 564 ζευξις
198 530 312 567 ἀληθής.
329 532 412 559 Ὀθεν
430 533 474 559 τὸν
490 533 572 560 αὐτὴν
588 535 635 561 καὶ
644 534 723 568 ψιλὸν
738 535 883 570 ἄνθρωπον

100 578 142 603 καὶ
157 577 259 612 ὑψηλὸν
272 578 365 612 ἔλεγεν
381 580 395 605 ὁ
411 579 556 613 Νεστόριος
568 589 574 595 ι
588 580 666 614 ψιλὸν
680 581 741 614 μὲν,
755 581 792 612 ὡς
807 581 881 608 ἐστε-

100 623 215 658 ρημένον
242 624 291 658 τῆς
305 625 449 657 οὑσιώδους
466 625 513 652 τοῦ
538 626 605 652 Θεοῦ
628 626 763 659 ὲνώσεως,
779 627 881 662 ὑψηλὸν

99 669 133 700 δὲ.
149 670 186 701 ὠς
199 670 232 697 ὲκ
242 671 354 706 πρώτης
367 672 501 705 γενέσεως
514 672 724 707 τετελειωμένον
737 676 796 706 ταῖς
817 675 880 708 ἀρε-

97 714 162 744 ταῑς.
192 714 289 740 Ἔνθεν
315 723 357 741 τοι
378 716 424 742 καὶ
447 715 496 751 τὴν
511 716 550 746 ὡς
571 716 680 751 ἀληθῶς
694 718 824 744 Θεοτὸκον
848 718 879 748 οὺ

97 759 224 786 θεοτόκον
233 759 246 786 ὁ
257 761 396 796 ἀλιτήριος
404 762 610 796 κατωνόμαζεν,
622 763 691 790 ἀλλὰ
699 763 721 789 Χ
724 764 880 798 ριστοτόκον

97 805 195 837 ἐκάλει,
208 807 245 836 ὡς
257 806 401 840 ἄνθρωπον
416 807 487 834 θεῖον
498 807 578 842 δῆθεν
594 810 640 835 καὶ
651 808 721 836 Θεοῦ
732 809 810 844 φίλον
820 818 880 844 γεν-

936 212 997 241 dam
1017 217 1045 240 et
1058 212 1214 239 affectione.
1235 211 1348 240 Unitum
1359 219 1477 246 namque
1492 211 1577 238 Deum
1597 212 1715 239 Verbum

936 259 975 287 sic
985 258 1090 285 homini
1108 266 1141 286 ex
1154 259 1238 286 Maria
1262 262 1394 292 prognato
1412 257 1507 289 refert,
1521 258 1558 284 uti
1573 265 1602 285 se
1613 258 1719 285 amicus

935 304 1025 331 amico
1059 312 1107 338 per
1124 304 1298 332 atrectionem
1315 304 1384 330 unit.
1400 304 1433 330 Et
1451 303 1552 335 multos
1564 303 1717 334 Nestorius,

935 350 1066 377 unionem
1080 350 1127 377 Dei
1143 355 1170 376 et
1179 349 1298 376 hominis
1314 349 1470 380 nominans,
1486 348 1582 376 latenti
1597 349 1715 382 quadam

934 394 1031 422 fraude
1049 394 1136 421 fallit:
1153 395 1243 428 reipsa
1268 399 1361 422 autem
1375 394 1550 423 divisionem,
1566 401 1621 420 non
1639 393 1716 420 uniu-

937 447 999 466 nem
1031 439 1202 474 apertissime
1222 439 1312 466 docet.
1346 438 1374 465 Si
1402 445 1520 472 natnquc
1549 437 1635 468 dicas,
1664 444 1716 464 non

935 485 1089 513 substantia
1103 485 1159 520 ipsa
1175 485 1258 513 Deutn
1279 485 1398 512 Verbum
1416 483 1532 516 homini,
1558 483 1607 510 sed
1630 484 1718 511 amica

935 531 1052 565 quadam
1071 531 1215 561 affectione
1231 531 1338 558 unitum
1362 537 1433 562 esse,
1459 538 1513 557 non
1538 530 1603 556 unio
1629 534 1716 561 certa,

934 577 981 605 sed
1014 577 1164 612 disjunctio
1190 585 1254 604 rera
1277 577 1371 604 fuerit.
1399 576 1570 611 Quapropter
1589 575 1715 604 eumdem

932 627 961 650 et
989 627 1099 650 tenuem
1120 628 1149 650 ct
1168 622 1312 650 sublimem
1328 622 1466 650 hominem
1483 623 1555 650 idem
1574 623 1717 650 Nestorius

933 669 1021 697 dixit:
1047 674 1158 699 tenuem
1199 669 1323 703 quidem,
1354 669 1437 696 veluti
1468 668 1641 696 substantiali
1668 667 1714 694 Dei

934 715 1034 742 unione
1065 715 1248 748 deSLitutum;
1284 715 1428 743 sublimem
1452 723 1528 746 vero,
1554 720 1682 748 tanquam
1698 722 1712 740 ιι

933 761 1021 796 prima
1048 761 1191 789 nativitate
1220 761 1371 789 virtutibus
1401 762 1563 796 perfectum.
1595 759 1714 790 Proinde

931 809 1015 837 etiam
1037 815 1133 835 revera
1150 808 1197 835 Dei
1212 807 1388 840 Genitricem,
1407 816 1461 836 non
1483 808 1530 834 Dei
1547 807 1714 835 Genitricetn

97 852 226 886 νήσασαν·
236 852 281 878 καὶ
297 853 335 884 ὡς
347 853 451 888 χρίσμα
467 863 493 880 τι
508 854 625 881 λαθόντα.
640 856 714 890 παρὰ
725 855 802 886 Θεοῦ.
816 865 881 891 προ-

934 856 1017 883 homo
1036 854 1158 882 nefarius
1174 855 1338 887 nominavit,
1358 855 1404 882 sed
1423 855 1525 882 Christi
1548 853 1715 883 Genitricent

96 898 204 931 φητικὸν
222 898 238 933 ἢ
255 897 394 932 βασιλικὸν
420 900 467 926 καὶ
484 901 678 935 ἀρχιερατικὺν
695 901 803 938 ἀξίωμα
815 911 822 919 ·
842 903 880 939 μὴ

97 943 183 976 μέντοι
196 952 237 982 γε’
252 944 284 979 δὴ
299 945 345 971 καὶ
357 945 493 978 οὐσιωδῶς
515 946 574 981 Θεῷ
589 946 760 983 ὁμιλήσαντα
771 949 815 975 διὰ
830 949 880 983 τῆς

95 989 334 1027 ἐνανθρανπήσεως.
363 992 418 1020 Καὶ
442 992 529 1020 ταῦτα
542 993 593 1027 μὲν
605 993 619 1021 ό
631 994 780 1029 Νεστόριος
790 1003 797 1010 ·
818 995 833 1022 ὸ
851 995 879 1022 δὲ

95 1034 273 1070 ἀτυχέστατος
281 1037 315 1063 τὰ
333 1037 475 1071 κρείττονα
489 1039 614 1074 Εὑτυχὴς
630 1039 696 1066 Θεὸν
711 1040 760 1074 μὲν
773 1040 879 1075 ὡμολόὸ

94 1088 134 1113 γει
147 1081 275 1116 τεχθῆναι
291 1082 345 1109 ἀπὸ
362 1083 410 1117 τῆς
421 1084 557 1119 ἀχράντου
573 1085 710 1118 παρθένου
726 1087 773 1113 καὶ
784 1087 879 1113 Θεονό-

95 1133 148 1157 κου,
162 1126 300 1153 καὶτοῦτο
315 1127 394 1160 μόνον
406 1128 509 1155 ἐτίθετο
527 1129 661 1161 εὐσεϐῶς·
682 1130 878 1166 πεπλασμένην

94 1171 118 1198 δὲ
131 1172 180 1208 τὴν
195 1173 286 1207 σάρκα
301 1173 422 1207 ἐδόξαζε,
449 1175 494 1201 καὶ⁸
506 1176 557 1201 ὅσα
574 1176 650 1210 ἑξῆς.
674 1176 694 1203 Τ
696 1177 726 1202 ὸν
743 1177 794 1212 γὰρ
808 1178 876 1204 Θεὸν

94 1217 171 1244 αὐτὸν
185 1218 275 1252 Λόγον
299 1220 440 1254 τραπέντα
464 1221 617 1256 ἀτρέπτως,
633 1222 680 1249 καὶ
698 1223 788 1257 σάρκα
803 1225 878 1258 γενό-

94 1272 181 1297 μενον,
201 1265 340 1299 φαντάοαι
355 1266 404 1301 τὴν
415 1266 573 1301 οἰκονομίαν
583 1276 590 1283 ·
613 1268 653 1295 διὸ
679 1271 725 1297 καὶ
741 1270 830 1297 πάντα
844 1272 877 1298 τὰ

94 1309 236 1341 σωματικὰ
258 1309 305 1336 τοῦ
326 1310 393 1336 θεοῦ
418 1312 593 1347 φαντασιώδη
616 1313 710 1346 ἔλεγεν
725 1312 813 1342 εἶναι·
829 1316 876 1342 καὶ

93 1355 153 1380 αὐτὸ
172 1355 201 1381 δὲ
213 1355 244 1382 τὸ
260 1356 371 1391 σταυρῷ
386 1357 506 1391 παγῆναι
518 1357 599 1392 φύσιν
614 1359 722 1395 ἐκείνην
735 1360 783 1395 τὴν
801 1361 876 1389 θείαν

94 1399 137 1424 καὶ
151 1400 362 1434 ἀπερίγραπτον
386 1402 581 1436 φαντασιωδῶς
607 1403 734 1437 γενέσθαι
750 1404 875 1440 ὡρίζετο.

93 1445 143 1474 Καὶ
159 1445 192 1472 τὰ
206 1445 258 1480 μὲν
275 1446 330 1473 τῶν
346 1447 392 1473 δύο
403 1447 505 1475 τούτων
520 1449 664 1483 αἱρέσεων,
678 1450 732 1476 τῶν
747 1451 876 1486 ἀλλήλαις

93 1491 264 1519 παντάπασιν
276 1493 414 1528 ἐναντίων,
429 1493 465 1525 ὡς
480 1494 599 1530 ετριιται,
616 1495 669 1522 τῶν
684 1504 713 1523 τε
728 1496 876 1532 Νεστορια-

93 1537 152 1570 νῶν,
169 1538 256 1573 φημὶ,
283 1539 330 1566 καὶ
353 1540 559 1573 Μονοφυσιτῶν.
586 1537 619 1578 ἧς
646 1541 661 1568 ὁ
684 1541 876 1578 ’Δλεξανδρεὺς

98 1582 232 1619 Ἰωάννης,
245 1584 259 1609 ὁ
273 1585 320 1611 καὶ
332 1579 476 1617 Φιλόπονος
494 1586 617 1623 προῦστη
640 1587 670 1620 ἐς
686 1587 812 1624 ὕστερον,
828 1589 875 1617 ἐπὶ

91 1628 166 1655 τόσον
184 1630 318 1665 εἰρήσθω.

931 902 1040 929 vocavit
1057 909 1065 928 ι
1081 901 1198 936 perinde
1223 906 1306 936 atque
1324 901 1449 929 divinum
1468 900 1608 927 hominem
1620 902 1649 926 et
1663 899 1715 925 Dco

931 947 1050 975 amicum
1065 947 1200 982 genuerit,
1212 947 1259 982 qui
1277 946 1436 975 unctionem
1449 945 1604 981 quampiam
1617 952 1631 970 a
1647 944 1713 975 Deo,

933 993 1122 1027 propheticum
1139 993 1269 1023 videlicet
1283 998 1331 1020 aut
1352 993 1469 1027 regalem
1481 996 1512 1019 et
1522 990 1710 1026 pontificalem

928 1039 1092 1074 dignitatem
1109 1039 1257 1074 acceperit,
1274 1046 1330 1067 non
1343 1044 1433 1066 autem
1459 1037 1611 1066 substantia
1629 1036 1711 1067 etiam

931 1084 987 1119 ipsa
1005 1085 1062 1112 Deo
1078 1085 1173 1113 unitus
1194 1093 1243 1119 per
1260 1085 1476 1112 incarnationem
1504 1084 1598 1111 fuerit.
1622 1084 1713 1118 Atque

929 1130 986 1158 haec
996 1130 1106 1165 quidem
1120 1130 1274 1158 Nestorius.
1290 1130 1498 1159 infelicissimus
1509 1134 1600 1156 autem
1613 1129 1712 1158 melio-

928 1175 1006 1203 ribus
1021 1176 1104 1203 etiam
1123 1177 1208 1204 rebus
1224 1177 1282 1205 suis
1296 1176 1537 1211 Eutyches,876
1552 1176 1638 1203 Deum
1652 1175 1714 1210 qui-

927 1221 989 1248 dem
1007 1225 1100 1250 natum
1115 1229 1175 1250 esse
1189 1230 1224 1250 ex
1236 1223 1410 1251 immaculata
1426 1223 1536 1257 Virgine
1561 1227 1589 1249 et
1600 1221 1648 1248 Dei
1660 1220 1713 1249 Ge-

927 1267 1024 1295 nitriee
1040 1267 1195 1300 proﬁtetur,
1214 1269 1297 1303 idque
1316 1266 1405 1303 ipsum
1421 1268 1509 1296 solum
1523 1273 1597 1295 recte
1614 1268 1713 1302 pieque

928 1314 1030 1347 posuit,
1050 1314 1139 1342 fictam
1160 1322 1227 1342 vero
1253 1323 1366 1343 carnem
1390 1315 1450 1351 ejus
1474 1315 1559 1342 fuisse
1583 1315 1712 1349 opinatus

926 1365 979 1391 cst,
995 1365 1022 1388 et
1034 1368 1095 1395 qua:
1107 1366 1239 1396 praeterea
1252 1361 1305 1388 illis
1319 1361 1370 1389 alia
1386 1369 1530 1396 perperam
1551 1361 1655 1388 docuit.
1670 1361 1712 1395 lp—

927 1412 985 1432 sum
1005 1413 1123 1441 namque
1135 1407 1221 1435 Deum
1241 1407 1356 1435 verbum
1371 1407 1438 1434 dixit
1451 1407 1614 1437 immutabili
1629 1408 1711 1437 modo

927 1456 1062 1480 mutatum
1086 1457 1114 1480 et
1146 1461 1256 1482 carnem
1272 1453 1383 1486 factum,
1399 1453 1425 1480 in
1451 1454 1569 1488 speciem
1599 1453 1710 1485 ﬁnxisse

929 1502 1011 1532 atque
1040 1499 1213 1527 assimulasse
1241 1500 1338 1527 salutis
1361 1504 1460 1528 nostra:
1475 1500 1655 1528 mconomiam
1680 1505 1710 1528 et

929 1545 1173 1579 dispensationem.
1198 1542 1298 1580 itaque
1312 1547 1465 1580 corporalia
1482 1547 1572 1574 omnia
1599 1547 1627 1574 in
1647 1554 1711 1581 spe-

928 1591 999 1618 ciem
1034 1591 1176 1626 phantasia
1193 1592 1310 1626 quadam
1339 1592 1466 1620 simulata
1491 1597 1574 1626 atque
1601 1592 1662 1620 ticta
1681 1592 1711 1620 ei

926 1636 1037 1664 aﬂuisse
1058 1637 1187 1664 asseruit.
1216 1637 1251 1665 Et
1266 1637 1317 1665 hoc
1329 1637 1431 1672 ipsum,
1444 1639 1516 1672 quod
1539 1644 1636 1666 natura
1661 1638 1711 1667 illa

93 1675 191 1710 divina,
210 1685 274 1727 qua:
293 1679 482 1727 circumscribi
510 1685 539 1708 et
562 1682 758 1716 comprehendi
773 1684 880 1718 nequit,
900 1685 976 1711 cruci
1005 1684 1083 1712 atiixa
1098 1685 1144 1718 sit,
1181 1686 1207 1712 in
1223 1687 1405 1727 speciemper
1422 1687 1592 1721 phantasiam
1604 1691 1710 1721 gestum

92 1729 147 1750 esse
168 1724 277 1751 statuit.
295 1725 334 1752 De
352 1724 459 1753 duabus
472 1726 547 1754 hisco
566 1727 718 1756 haresibus
750 1728 822 1756 inter
846 1737 878 1758 se
897 1738 1021 1765 prorsus,
1051 1732 1133 1759 sicuti
1165 1724 1285 1760 diximus
1298 1732 1455 1764 contrariis,
1473 1732 1709 1764 Nestorianorum,

92 1769 211 1805 inquam,
236 1778 265 1800 et
288 1772 551 1810 Monophysitarum,
571 1776 673 1811 quibus
702 1782 798 1811 postea
825 1778 944 1807 Joannes
974 1780 1142 1815 Philoponus
1159 1780 1359 1809 Alexandrinus
1388 1781 1486 1815 przeiit,
1516 1781 1649 1808 hactenus
1675 1781 1711 1808 sit

92 1815 202 1846 dictum.

369 1890 496 1919 'KE‘DAA.
525 1891 592 1920 ΜΘ¹.

91 1946 156 1980 Περὶ
174 1946 229 1973 τοῦ
246 1947 416 1982 φιλοσόφου
452 1948 603 1983 Ἰωάννου,
629 1949 684 1977 τοῦ
704 1952 873 1980 Φιλοπόνου

363 1983 413 2010 καὶ
435 1983 598 2018 Τριθεττου.

122 2041 240 2074 Λέγεται
266 2040 359 2075 μέντοι
381 2040 430 2066 καὶ
457 2041 559 2076 ταύτης
594 2041 626 2077 δὴ
662 2042 712 2077 τῆς
740 2044 872 2079 αἱρέσεως

89 2083 132 2111 τὸν
169 2084 293 2120 Σευῆρον
327 2085 460 2121 πρότερον
487 2085 721 2121 καθηγήσασθαι,
754 2089 873 2123 προστῆ-

88 2139 128 2156 ναι
149 2131 172 2157 δ’
188 2132 217 2162 ις
230 2130 344 2166 ὕστερον
367 2130 414 2158 τὸν
439 2131 583 2159 Φιλόπονον
599 2141 606 2148 ·
624 2133 693 2167 μετὰ
711 2133 739 2160 δὲ
753 2134 872 2169 Σευῆρον

1207 1884 1318 1923 CAl‘UT
1339 1895 1432 1922 xux.

998 1952 1036 1979 De
1048 1951 1198 1986 philosopha
1212 1951 1315 1978 Joanne
1336 1951 1480 1986 Pliilapono
1499 1951 1634 1980 Tritlm'ta.

960 2039 1059 2069 Fertur
1073 2048 1149 2073 sane,
1165 2044 1246 2068 sectae
1278 2040 1358 2068 istius
1375 2041 1472 2068 ducem
1485 2041 1603 2076 primum
1621 2041 1705 2070 Seve-

925 2095 985 2115 rum
1006 2087 1101 2119 fuisse,
1126 2091 1219 2122 postea
1245 2090 1335 2114 autem
1364 2085 1497 2113 Joannem
1524 2086 1705 2123 Philoponum

924 2140 984 2160 eam
999 2132 1164 2160 defendisse.
1181 2131 1268 2159 Porro
1283 2135 1374 2159 autem
1400 2135 1462 2166 post
1493 2131 1624 2159 Severum
1649 2133 1704 2160 hac-

87 2176 259 2210 διαδέξασθαι
295 2178 402 2212 πρῶτον
442 2177 492 2213 τὴν
522 2178 628 2213 αἵρεσιν
652 2179 754 2214 ταύτην
781 2179 874 2206 Θεοδό-

928 2179 1008 2211 resim
1036 2178 1107 2206 hanc
1129 2178 1248 2212 primum
1277 2177 1412 2211 recepisse
1438 2174 1634 2210 Theodosium,
1658 2179 1706 2213 qui

88 2231 142 2249 οιον
156 2223 203 2250 τὸν
219 2224 285 2258 παρ’
312 2223 426 2254 ἐκείνοις
448 2224 565 2250 πάππαν
591 2224 797 2259 Ἀλεξανδρείας
824 2233 872 2259 γε-

86 2270 198 2305 νόμενον
209 2289 217 2301 ,
242 2267 302 2296 εἶτα
316 2272 364 2296 καὶ
378 2269 474 2302 ἄλλους
484 2277 493 2286 ·
515 2271 545 2304 ὲξ
558 2267 596 2297 ὧν
611 2271 658 2297 καὶ
685 2271 710 2297 oi
729 2271 872 2306 Ἀγνοῆται

85 2315 230 2350 λεγόμενοι
246 2317 294 2342 καὶ
318 2316 343 2342 οἱ
371 2316 594 2350 Κοντοὸαόδίται,
621 2316 674 2344 ἀπὸ
697 2325 769 2349 τινος
788 2317 870 2344 τόπου

85 2361 296 2397 κληρωσάμενοι
318 2362 348 2388 τὸ
361 2362 505 2397 ἐπώνυμον
514 2371 522 2378 ⁸
545 2362 569 2389 οἳ
586 2363 618 2398 δὴ
631 2363 677 2390 καὶ
689 2363 869 2395 Θεοδοοιανοὶ,

86 2408 121 2440 ὡς
134 2409 181 2435 τὸν
206 2408 407 2444 προειρημένον
433 2408 534 2444 μᾶλλον
557 2407 697 2444 δεχόμενοι
723 2409 871 2442 Θεοδόσιον,

85 2453 302 2489 ὠνομάσθησαν·
323 2453 435 2489 ὕστερον
450 2455 471 2480 δ’
484 2454 530 2480 ὑπ’
545 2455 649 2482 ἐκείνου
661 2455 871 2491 παραπεμφθέν-

85 2507 127 2530 τες
140 2500 180 2535 τῷ
193 2500 356 2535 ἀναθέματι,
372 2499 409 2531 ὡς
422 2500 451 2526 τὸ
464 2500 513 2535 τῆς
524 2500 634 2534 ἀγνοίας
651 2501 804 2536 ἀγνοήματι
820 2509 870 2529 πσε-

88 2545 313 2577 ραπιπτωκότες.
338 2546 369 2571 Οί
395 2545 488 2580 μέντοι
518 2545 605 2579 ἄλλοι,
635 2545 674 2577 ὡς
688 2546 725 2581 μὴ
745 2546 790 2572 τὸν
805 2547 870 2582 παρ’

85 2590 190 2617 ἐκείνου
206 2590 353 2617 ἐκτεθέντα
368 2591 432 2626 περὶ
442 2591 558 2625 Τριάδος
571 2591 650 2624 λόγον
659 2591 869 2626 εἰσδεδεγμένοι,

85 2635 301 2663 Κοντοὸαὸδῖται
318 2636 373 2663 ἀπὸ
391 2637 439 2663 τοῦ
454 2637 537 2664 τόπου
551 2638 705 2674 ἐκλήθησαν
718 2640 725 2647 ”
749 2637 774 2664 οἳ
789 2637 821 2671 δὴ
834 2637 872 2669 ὡς

84 2680 127 2708 τὸν
140 2681 264 2715 Σευῆρον
280 2683 360 2715 μόνον
379 2682 530 2718 δεχόμενοι,
546 2684 691 2718 Σευηρίται
707 2683 869 2719 ἐκλήθησαν.

86 2726 164 2753 Ἐστι
176 2727 206 2753 δὲ
224 2728 270 2754 καὶ
283 2728 347 2754 ἄλλο
359 2728 515 2763 Σευηριτῶν
529 2729 671 2764 σύνταγμα
682 2730 736 2756 τῶν
746 2729 793 2756 καὶ
809 2730 873 2756 Θεο-

82 2771 230 2805 δοσιανῶν,
247 2773 270 2800 οἳ
287 2774 334 2800 καὶ
357 2774 441 2809 ἄμφω
455 2776 566 2807 τούτους
591 2776 748 2812 προσίεντο·
764 2777 831 2811 πριις
842 2775 871 2802 δὲ

86 2820 130 2844 καὶ
145 2818 256 2845 Παῦλον
273 2818 319 2845 τὸν
336 2820 449 2854 ἐπίκλην
464 2821 596 2848 Μελανόν.
610 2822 664 2864 καὶ
678 2822 763 2855 τρίτοι
777 2822 806 2847 δέ
820 2822 872 2847 εἰσι

923 2223 995 2258 apud
1018 2230 1066 2250 eos
1090 2222 1261 2250 Alexandria:
1282 2229 1353 2257 papa
1379 2223 1468 2250 factus
1487 2228 1536 2251 est.
1551 2223 1654 2252 Deinde
1678 2229 1706 2252 et

923 2270 1006 2301 alios,
1030 2268 1157 2304 aquibus
1165 2273 1196 2299 ret
1210 2268 1257 2303 qui
1275 2268 1403 2303 Agnoeta:
1423 2268 1564 2302 dicuntur,
1578 2275 1606 2297 et
1631 2271 1706 2299 Con-

923 2313 1080 2344 tobabditae,
1100 2321 1115 2340 a
1140 2313 1201 2340 loco
1232 2313 1350 2347 quodam
1371 2314 1482 2341 nomine
1508 2315 1559 2342 hoc
1583 2322 1702 2351 sumpto,

922 2361 1096 2397 prodierunt:
1116 2361 1163 2395 qui
1181 2364 1209 2388 et
1222 2360 1418 2393 Theodosiani,
1436 2361 1509 2396 quod
1524 2362 1630 2390 scilicet
1641 2371 1703 2390 eunt

922 2415 1003 2442 quem
1018 2407 1147 2439 diximus,
1161 2407 1345 2434 Theodosium
1365 2407 1536 2442 potissimum
1553 2410 1704 2436 consectati

922 2454 989 2487 sint,
1002 2458 1067 2482 sunt
1079 2453 1224 2488 appellati:
1238 2453 1285 2481 sed
1304 2458 1398 2488 postea
1423 2454 1458 2481 ab
1474 2454 1519 2482 illo
1534 2455 1704 2482 anathemati

922 2499 1037 2535 subjecti
1070 2504 1145 2527 sunt.
1171 2499 1210 2526 Ita
1234 2499 1436 2534 utignorantire
1453 2499 1566 2528 haeresis
1579 2500 1702 2527 interci-

922 2546 1000 2578 dcns,
1033 2543 1194 2579 ignorantiae
1220 2543 1347 2571 mandata
1365 2544 1411 2571 sit.
1442 2544 1496 2572 Alii
1507 2549 1611 2578 autem,
1627 2545 1701 2580 quod

921 2592 1055 2626 scriptum
1086 2590 1146 2625 ejus
1170 2590 1204 2618 de
1217 2590 1352 2617 Trinitate
1365 2591 1545 2624 compositum
1558 2598 1613 2618 non
1626 2598 1701 2619 rece-

922 2639 1024 2673 perint,
1048 2636 1253 2664 Contobabdita:
1269 2644 1284 2663 a
1307 2636 1379 2666 loco.
1411 2635 1493 2663 siculi
1507 2635 1636 2669 diximus,
1654 2645 1705 2665 no-

923 2684 1017 2711 minati
1047 2687 1121 2710 sunt.
1147 2682 1168 2710 li
1187 2689 1307 2716 quoque,
1341 2682 1414 2717 quod
1441 2682 1572 2711 Severum
1595 2687 1703 2711 tantum

923 2729 1087 2763 receperint,
1105 2727 1290 2755 Severitarum
1303 2735 1403 2755 nomen
1431 2728 1562 2757 habuere.
1578 2729 1627 2756 Est
1648 2729 1703 2758 alia

923 2775 1005 2802 etiam
1033 2773 1218 2801 Severitarum
1248 2773 1358 2806 cohors,
1388 2773 1437 2808 qui
1465 2778 1495 2802 et
1519 2774 1704 2802 Theodosiani

925 2822 1056 2846 vocantur
1067 2826 1074 2845 ;
1090 2821 1234 2852 propterea
1246 2818 1318 2853 quod
1330 2818 1426 2846 ambos
1438 2819 1521 2847 hosce
1531 2819 1705 2851 admiserint.
