1926 3092
194 112 254 143 131
815 112 1028 144 NICEPHORI
1048 112 1224 143 CALLlSTI

1779 113 1834 146 432

207 174 377 208 tertiumque
393 172 506 209 insuper
530 172 648 200 Paulum
670 177 853 207 cognomento
869 172 995 207 Nigrum.

1051 171 1201 207 Σευηρῖται,
1215 171 1240 198 οἶ
1267 171 1314 198 καὶ
1330 171 1501 199 Θεοδοσιανοὶ
1519 171 1567 198 καὶ
1595 171 1759 206 ’Δγγελῖται,
1785 173 1835 199 καὶ

207 219 295 247 Tertii
312 223 445 254 praeterea
463 218 593 246 Severilaa
609 223 684 247 sunt.
701 217 748 252 qui
776 222 803 245 et
830 217 883 252 ipsi
900 217 991 245 ’l'heo-

175 264 178 280 τ
207 266 312 293 dosiani
331 266 473 296 dicuntur.
499 270 526 292 et
557 265 699 299 Angelitaa.
716 269 744 292 et
771 263 991 296 Damianistaeﬁi

208 313 354 346 episcopos
368 318 432 338 suos
452 318 562 346 quoque
580 311 692 341 habent,
713 318 727 337 a
753 310 855 345 quibus
871 317 991 343 congru-

206 360 280 386 entia
299 358 410 385 nomina
435 352 592 391 accipiunt";
605 357 749 391 episcopos
768 355 817 383 soli
832 356 990 383 Contobab-

208 406 273 432 diue
286 413 337 433 non
365 405 511 438 rccipiunt.
525 404 610 430 Porro
628 403 759 430 Severitae
777 402 834 433 isti,
846 402 892 436 qui
910 399 992 428 iidem

210 456 238 477 et
249 450 432 477 'l‘lieodosiani
451 453 477 475 et
492 449 633 484 Angelius.
650 455 757 476 necnon
774 452 803 476 et
816 447 993 475 Damianista:

211 501 284 527 sunt,
299 496 382 531 877
397 495 481 522 alium
504 502 566 522 esse
593 494 690 521 dicunt
705 495 823 526 Patrem,
839 493 923 520 alium
935 500 994 519 esse

211 542 322 572 Filium,
349 546 376 568 et
396 540 479 567 alium
505 539 688 568 Paracletum,
718 539 852 573 Spiritum
866 538 996 565 videlicet

211 592 335 615 sanctum
349 595 356 619 ;
371 594 425 614 non
455 593 516 613 esse
543 590 645 624 autem?
662 585 761 612 horum
778 592 918 619 quemque
945 591 995 618 per

210 634 332 668 seipsum
357 637 492 663 naturam,
517 631 564 659 sed
596 631 699 658 habere
714 638 889 658 communem
908 630 993 657 Deum

211 681 268 707 sive
285 680 414 707 deitatem
430 679 457 706 in
472 679 514 706 eis
531 678 710 705 exsistentcm
723 686 731 706 ι
750 681 832 712 atque
841 677 876 704 de
890 684 922 704 ea
935 676 994 704 dci-

212 732 267 754 tate
296 725 457 753 imlivisibili
487 724 568 751 modo
597 723 808 758 participantes,
839 723 993 758 quemlibet

213 779 276 800 esse
303 772 400 798 Deum.
419 771 507 798 Unam
521 775 613 797 autem
624 769 831 797 subsistentiam
844 770 993 804 opinantur

213 827 284 851 esse,
311 819 430 850 Patrem,
454 822 481 844 et
507 817 616 848 Filium,
631 820 660 844 et
686 816 822 851 Spiritum
849 820 994 843 sanctum:

212 871 384 893 communem
413 871 480 890 vero
493 863 581 897 ipsum
601 862 698 893 Deum,
711 862 891 889 substantiam
903 866 930 888 et
947 869 993 888 na-

202 915 313 938 turam.
328 908 463 936 Casterum
475 907 607 942 Angelitat
625 906 670 934 isti
701 906 735 933 ab
755 906 922 934 adversariis
953 906 992 932 ita

194 968 195 972 η
212 955 341 991 appellati
355 959 428 987 sunt,
443 962 458 980 ιι
481 953 599 988 quodam
616 951 788 980 Alexandria
803 951 874 984 loco,
887 951 994 986 Angelii

211 1011 312 1032 nomen
327 1002 465 1029 habente:
480 1001 508 1027 in
523 1007 578 1035 quo
591 999 708 1031 scilicet.
727 998 774 1034 qui
792 998 895 1033 primas
922 997 995 1032 apud

202 1057 262 1077 'eos
275 1049 376 1079 fartim,
390 1050 542 1075 conventus
558 1045 703 1080 cogebant.
733 1044 788 1073 Hos
802 1044 884 1071 iidem
900 1044 996 1071 adver—
1029 1047 1035 1051 '

214 1093 500 1124 sariiSabellianistas
527 1091 622 1123 etiam,
648 1095 676 1118 ct
689 1089 844 1117 Tetraditas
872 1090 998 1116 nomina-

208 1145 291 1168 Tnnt.
317 1140 387 1168 Sunt
416 1145 526 1166 rursum
547 1137 595 1165 alii
622 1137 705 1164 etiam
731 1135 822 1171 quarti
850 1135 994 1168 Severius,

207 1187 355 1221 'iidcmque
383 1185 503 1216 Petritae,
518 1190 617 1211 nomen
640 1183 666 1209 id
684 1182 720 1209 ab
735 1182 865 1216 episcopo
878 1180 999 1215 quodam

216 1241 267 1262 suo
293 1234 374 1260 Petro
397 1231 561 1259 consecuti:
592 1231 639 1265 qui
671 1230 772 1256 Severo
789 1233 817 1256 et
843 1227 1000 1255 Theodosio

216 1284 337 1314 recepto,
370 1276 485 1305 Paulum
513 1281 540 1304 et
571 1276 797 1303 Damiannmnon
816 1274 998 1305 admiserunt,

214 1325 318 1360 quippe
329 1323 486 1358 opinionem
502 1322 645 1355 utriusque
657 1320 843 1355 iii-probantes
857 1329 865 1348 :
885 1325 912 1346 et
926 1319 998 1354 quod

219 1379 281 1398 cum
300 1369 420 1397 Ecclesia
452 1367 589 1395 catholica
603 1365 852 1396 communicantes,
865 1363 999 1399 synodum

219 1420 342 1451 quartam
373 1421 426 1440 non
456 1411 652 1447 approbarunt.
679 1409 845 1438 Proﬁtcntur
863 1408 999 1443 siquidem

217 1462 256 1490 illi
283 1462 379 1493 Deum,
403 1459 554 1487 secundum
583 1457 728 1484 veritatem
746 1460 774 1483 et
798 1455 945 1483 essentiam
971 1458 1001 1482 et

1042 217 1222 252 Δαμιανισταί
1231 225 1239 233 ο
1261 217 1286 244 οἳ
1301 217 1349 243 καὶ
1361 217 1530 249 ὲπισκόπους
1545 217 1621 252 σφῶν
1635 217 1773 253 δέχονται.
1785 219 1833 252 ἀφ’

1042 259 1080 289 ὦν
1093 261 1267 297 παρωνύμως
1284 262 1483 296 κικλήσκονται
1493 269 1502 278 ν
1514 260 1561 293 οὓς
1578 262 1602 288 οἱ
1619 261 1834 289 Κοντοὸασδίται

1044 308 1120 344 μόνοι
1143 308 1175 334 οὐ
1196 308 1336 343 δέχονταιο
1354 308 1378 334 οἳ
1393 307 1426 342 δὴ
1452 308 1598 341 Σενηρίται
1616 307 1701 339 οὗτοι,
1733 309 1757 334 οἱ
1786 309 1835 335 καὶ

1043 355 1212 382 Θεοδοσιανοὶ
1226 356 1273 382 καὶ
1288 355 1479 390 Δαμιανισταὶ,
1496 355 1576 382 ἄλλον
1591 357 1641 390 μὲν
1655 353 1726 382 εἶναι
1738 355 1835 390 λέγου-

1046 409 1072 428 σι
1087 402 1133 428 τὸν
1148 401 1267 437 Πατέρα.
1281 402 1361 429 ἄλλον
1379 402 1408 428 δὲ
1421 403 1468 428 τὸν
1483 402 1555 434 Υἱὸν,
1573 402 1620 428 καὶ
1634 402 1713 429 ἄλλον
1723 402 1769 429 τὸν
1781 403 1836 429 Πα-

1046 447 1190 483 ράκλητον,
1209 447 1239 474 τὸ
1250 449 1328 479 ἅγιον
1339 447 1440 482 δηλαδὴ
1458 447 1580 482 Πνεῦμα.
1593 448 1638 482 Μὴ
1652 445 1722 474 εῐναι
1734 448 1762 475 δὲ
1773 448 1836 474 τοὺ-

1044 502 1100 520 των
1115 493 1230 520 ἕκαστον
1251 494 1313 521 καθ’
1327 494 1424 520 ἑαυτὸν
1453 493 1544 527 φύσιν,
1572 493 1630 520 ἀλλ’
1645 493 1718 528 ἐχειν
1746 493 1838 520 κοινὸν
1865 517 1871 523 ,

1045 540 1124 573 Θεὸν,
1140 541 1223 575 ἤγουν
1239 539 1354 575 θεότητα
1382 539 1553 574 ὲνύπαριιτον
1573 540 1619 566 καὶ
1641 539 1744 574 ταύτης
1760 539 1838 574 μετέ-

1046 595 1144 622 χοντας
1155 586 1320 622 ἀμερίστως,
1333 584 1405 613 εῖναι
1420 586 1487 612 Θεὸν
1501 586 1629 612 ἕκαστον.
1642 585 1715 612 Μίαν
1727 585 1755 611 δὲ
1771 585 1838 611 ὑπό‹

1048 641 1143 661 στασιν
1167 632 1310 666 δοξάζουσι
1332 633 1377 659 τὸν
1393 633 1503 668 Πατέρα
1528 633 1575 659 καὶ
1597 632 1642 659 τὸν
1662 633 1725 659 Υίὸν
1740 632 1787 658 καὶ
1806 632 1838 658 τὸ

1047 681 1160 714 Πνεῦμα
1182 680 1213 706 τὸ
1237 680 1315 713 ᾱγιον
1326 700 1334 711 ,
1358 679 1404 706 τὸν
1416 680 1444 706 δὲ
1460 679 1549 706 κοινὸν
1568 679 1651 705 αὐτὸν
1665 678 1732 704 Θεὸν
1742 678 1838 705 οὐσίαν

1047 726 1095 753 καὶ
1109 725 1199 760 φύσιν.
1218 725 1376 760 Ἀγγελῖται
1390 725 1419 752 δὲ
1439 725 1555 752 τοιοῦτοι
1570 725 1623 751 ἀπὸ
1639 725 1694 751 τῶν
1712 725 1745 750 δι’
1761 725 1839 750 ἐναν-

1047 772 1108 802 τίας
1134 771 1300 807 ἐκλήθησαν,
1328 771 1360 798 ἐκ
1382 780 1456 803 τινος
1472 772 1500 798 ὲν
1524 771 1717 806 Ἀλεξανδρεία
1741 771 1838 803 τόπου,

1054 817 1196 851 ’Δγγελίου
1212 817 1392 852 καλουμένου,
1421 818 1449 844 ὲν
1463 811 1485 851 ᾧ
1499 817 1546 844 καὶ
1570 818 1620 850 τὴν
1637 816 1802 850 συναγωγὴν
1813 816 1838 842 ot

1045 864 1080 891 τὰ
1106 864 1203 899 πρῶτα
1229 864 1295 899 παρ’
1317 864 1409 896 αὐτοῖς
1428 864 1559 899 φέροντες
1589 861 1683 898 εἶχον·
1699 863 1746 895 οὓς
1768 863 1794 890 οί
1809 862 1840 895 ἐξ

1045 910 1169 941 ἐναντίας
1182 911 1228 936 καὶ
1241 909 1469 941 Σαϐελλιανιστὰς
1493 910 1540 936 καὶ
1551 908 1715 942 Τετραδίτας
1730 908 1839 942 ὠνόμα-

1047 957 1241 990 σαν.Τὲταρτοι
1250 956 1333 982 πάλιν
1346 956 1434 990 ἕτεροι
1446 953 1630 990 Σευηρῐται,οἳ
1645 953 1693 981 καὶ
1705 954 1837 989 Πετρῖται

1046 1003 1133 1037 ὄνομα
1146 1002 1225 1036 ἔσχον
1240 1002 1294 1028 ἀπό
1309 1009 1381 1033 τινος
1396 1001 1547 1028 ἐπισκόπου
1562 1001 1651 1027 αὐτῶν
1671 1000 1776 1035 Πέτρου
1788 1000 1839 1034 τὴν

1048 1049 1163 1084 κλῆσιν·
1193 1049 1217 1075 οἳ
1245 1048 1363 1082 Σευῆρον
1385 1048 1432 1074 καὶ
1458 1047 1598 1074 Θεοδόσιον
1627 1045 1837 1081 ἀποδεχόμενοι,

1050 1095 1156 1122 Παῦλον
1169 1095 1215 1121 καὶ
1224 1094 1360 1127 Δαμιανδν
1373 1093 1403 1119 οὐ
1416 1093 1568 1128 προσίεντο,
1582 1093 1624 1120 ἅθ’
1637 1093 1777 1128 ἑκατέρων
1788 1092 1838 1128 τὴν

1049 1140 1128 1172 δόξαν
1144 1140 1359 1174 ὲπαιτιώμενοι·
1388 1140 1435 1166 καὶ
1451 1139 1491 1165 ὅτι
1507 1140 1539 1174 τῇ
1566 1138 1681 1165 καθόλου
1705 1138 1838 1172 κοινωνή-

1050 1194 1148 1218 σαντες
1182 1185 1328 1220 Ἐκκλησία
1356 1184 1405 1220 τὴν
1426 1183 1447 1210 δ’
1464 1184 1494 1210 οὒ
1512 1185 1684 1219 προσήκαντο
1715 1183 1836 1210 σύνοδον.

1056 1230 1235 1266 Ὀμολογοῦσι
1246 1230 1300 1265 γὰρ
1313 1230 1378 1256 Θεὸν
1388 1229 1460 1255 κατά
1473 1228 1604 1263 ἀλήθειαν
1620 1229 1668 1254 καὶ
1683 1227 1778 1254 οὐσίαν
1791 1227 1838 1254 καὶ

1051 1268 1133 1313 φυσιν
1165 1278 1282 1303 ἕκαστον
1313 1275 1373 1302 καθ’
1401 1275 1514 1310 ἑαυτὴν,
1526 1275 1572 1301 τὸν
1589 1274 1711 1308 Πατέρα,
1725 1275 1773 1300 καὶ
1792 1273 1838 1299 τὸν

1051 1325 1126 1358 Υἰὸν,
1141 1325 1188 1350 καὶ
1214 1323 1243 1349 τὸ
1257 1323 1335 1357 ἅγιον
1362 1322 1472 1357 Πνεῦμα
1500 1322 1625 1355 λέγοντες
1650 1321 1698 1346 οὐκ
1715 1320 1836 1355 ἀριθμῷ,

1051 1371 1117 1398 ἀλλὰ
1132 1371 1166 1405 τῇ
1178 1369 1382 1405 ἁπαραλλάκτῳ
1401 1368 1490 1403 οὐσίᾳ.
1507 1367 1560 1399 οὒς
1570 1367 1716 1402 meum;
1732 1366 1756 1392 οί
1773 1366 1838 1401 περὶ

1052 1420 1157 1447 Παῦλον
1169 1418 1216 1445 καὶ
1232 1417 1368 1451 Δαμιανὸν
1381 1415 1576 1450 κατωνόμαζον
1588 1423 1596 1431 ·
1612 1414 1649 1445 ὡς
1664 1415 1764 1440 ἐκεῖνοι
1777 1413 1839 1440 τού-

1050 1472 1114 1495 τους
1128 1463 1194 1490 ποτὶ
1213 1462 1262 1497 μὲν
1276 1461 1453 1496 Τετραδίτας,
1474 1459 1540 1486 ποτε
1555 1459 1582 1485 δὲ
1606 1460 1653 1485 καὶ
1667 1459 1840 1485 Σαϐελλιανι-

218 1513 344 1536 naturam
360 1512 497 1541 quamque
516 1511 564 1539 per
580 1503 715 1538 seipsam:
729 1502 837 1530 Patrem
852 1506 883 1528 et
896 1501 997 1529 Filium

1052 1510 1129 1542 στὰς,
1145 1509 1183 1541 ὥς
1211 1517 1256 1544 μοι
1283 1508 1464 1543 προείρηται·
1492 1506 1520 1532 ἐν
1543 1505 1649 1536 τούτοις
1668 1504 1732 1532 ἄλλο
1757 1504 1839 1531 πάλιν

214 1559 247 1582 et
261 1553 393 1588 Spiritum
412 1555 537 1579 sanctum
568 1550 700 1581 dicentes,
723 1556 778 1575 non
793 1555 920 1580 numero,
951 1547 1000 1575 sed

216 1609 270 1636 per
280 1599 372 1627 omnia
399 1597 482 1625 simili
515 1597 645 1625 essentia.
661 1597 714 1623 Eos
728 1596 829 1623 Paulus
840 1599 871 1623 et
894 1595 1002 1621 Damia-

210 1655 272 1674 ~nus
286 1644 434 1673 Tritlieitas
451 1644 648 1671 nominarunt:
669 1642 750 1670 sicuti
766 1642 804 1669 illi
817 1642 901 1669 hosce
915 1648 1002 1675 quan-

220 1693 312 1727 doque
323 1691 406 1719 etiam
437 1688 655 1720 Sabellianistas,
672 1687 755 1715 sicuti
769 1686 851 1714 modo
867 1686 935 1713 dixi.
951 1685 998 1712 ln-

219 1745 304 1773 super
327 1737 381 1764 alia
404 1742 514 1770 quoque
531 1735 626 1769 quinta
643 1733 830 1762 Severitarum
867 1737 895 1760 et
913 1732 1004 1760 Theo-

209 1784 394 1812 .dosianorum
413 1786 487 1810 secta
510 1784 562 1814 est,
576 1780 625 1814 qui
641 1779 783 1807 Conouitaz
793 1779 859 1806 dicti
875 1783 958 1811 sunt,
975 1782 1004 1806 et

220 1830 267 1865 qui
279 1829 409 1856 Severum
424 1831 452 1855 et
465 1825 659 1858 Theodosium,
675 1825 869 1860 etepiscopum
885 1830 998 1859 praeter-

221 1883 253 1902 ea
281 1873 351 1909 apud
383 1880 432 1901 eos
453 1871 599 1907 quemdam
628 1870 780 1901 Cononem.
806 1877 890 1905 aquo
918 1870 1001 1897 etiam

221 1919 354 1948 nominati
379 1923 454 1951 sunt,
475 1917 602 1953 probant.
624 1916 796 1944 'Protitetttur
816 1923 880 1943 sane
903 1919 930 1943 et
946 1915 1002 1947 isti,

222 1974 317 1994 revera
331 1965 414 1992 Deum
428 1964 537 1999 quidem
548 1970 608 1990 esse
625 1967 652 1990 et
670 1966 796 1989 naturam
808 1968 836 1989 et
849 1961 1000 1988 essentiam

222 2018 370 2046 quamque,
385 2010 493 2036 Patrem
522 2008 651 2035 videlicet
665 2012 692 2034 et
710 2007 807 2034 Filium
823 2010 852 2033 et
868 2006 1002 2041 Spiritum

222 2062 346 2084 sanctum
367 2055 423 2082 :ad
439 2055 508 2084 haec,
525 2058 581 2081 tres
611 2060 720 2088 quoque
741 2059 873 2087 personas
895 2051 1002 2084 dicunt,

222 2103 309 2137 ipsam
325 2101 454 2129 nimirum
472 2105 593 2127 sanetam
607 2099 781 2130 Trinitatem,
799 2102 827 2125 et
854 2097 1005 2125 subsisten-

224 2149 277 2175 tias
294 2154 362 2174 tres.
372 2146 442 2173 Tres
468 2149 559 2172 autem
575 2139 690 2171 numero
705 2143 872 2171 substantias
886 2149 914 2170 et
926 2147 1005 2170 natu-

223 2201 269 2220 ras
288 2199 337 2226 per
350 2191 442 2218 omnia
457 2190 572 2220 similes.
590 2190 741 2217 secundum
767 2189 898 2216 deitatem
911 2189 1004 2216 dicen-
1023 2185 1043 2212 Ι)

225 2244 276 2271 tes,
291 2244 428 2271 unamque
443 2235 638 2263 susbstantiam
656 2235 714 2262 sive
729 2238 865 2266 naturam,
879 2239 907 2262 et
923 2242 1004 2261 unam

224 2285 352 2310 deitatem
383 2283 440 2309 sive
453 2282 549 2313 Deum,
573 2285 730 2308 sanctamet
742 2281 1004 2308 consubstantialem

226 2328 388 2364 proﬁtentes
400 2327 575 2358 Trinitatem.
602 2335 656 2354 non
675 2334 801 2359 numero,
819 2327 865 2354 sed
883 2334 931 2361 per
943 2334 1003 2353 om-

224 2376 268 2401 nia
289 2374 370 2401 simili
392 2374 503 2404 deitate,
518 2378 572 2399 tres
595 2375 660 2400 deus
676 2377 723 2400 aut
739 2378 794 2400 tres
810 2373 927 2400 deitates
941 2379 1003 2399 om-

225 2421 291 2447 nino
314 2420 408 2447 dicere
435 2419 664 2454 tergiversantur.
680 2418 726 2445 Isti
743 2426 808 2445 sane
838 2426 926 2453 neque
951 2417 1005 2445 Da-

225 2466 358 2497 mianum,
385 2473 474 2500 neque
503 2465 628 2496 Paulum,
645 2472 732 2500 neque
753 2465 821 2492 adeo
835 2469 1004 2499 postremum

224 2511 296 2546 apud
317 2518 364 2538 eos
379 2511 489 2538 Petrum
510 2515 685 2545 receperunt.
710 2511 785 2544 Quos
810 2511 884 2545 ipsos
900 2511 1008 2538 Damia-

225 2558 304 2584 nisu:
327 2560 355 2583 et
376 2556 498 2583 Pauliani
523 2561 551 2583 et
572 2556 681 2584 Petrita:
695 2556 842 2584 Tritheitas
864 2556 946 2590 primi
961 2564 1008 2591 ap-

226 2601 373 2635 pellarunt.
385 2601 470 2636 878
485 2601 675 2629 Discesserunt
687 2606 779 2629 autem
804 2603 838 2630 ab
853 2603 905 2634 eis,
924 2611 1007 2638 ιιι-ορ-

225 2651 301 2674 terea
320 2647 394 2682 quod
412 2648 450 2674 illi
465 2652 519 2674 tres
539 2648 615 2680 deos,
627 2649 684 2675 sive
696 2652 753 2675 tres
768 2649 885 2676 deitates
900 2649 1004 2682 dicere,

227 2691 334 2720 Patrem
348 2697 377 2720 et
390 2693 488 2720 Filium
505 2698 534 2721 et
545 2695 675 2729 Spiritum
686 2699 823 2728 sanctum,
843 2701 1003 2729 renuentes,

228 2741 286 2764 tres
300 2745 411 2772 quoque
427 2739 519 2766 dicere
550 2747 665 2767 numero
685 2739 853 2768 substantias
875 2742 1004 2776 aequales,

224 2786 254 2808 et
269 2783 337 2810 nihil
360 2791 473 2818 prorsus
500 2787 636 2814 variantes
662 2787 826 2814 detrectant.
858 2787 889 2814 Hi
913 2792 1003 2814 autem

224 2830 281 2856 tres
308 2830 418 2864 quidem
439 2831 505 2858 deos
523 2839 571 2859 seu
594 2837 652 2859 tres
665 2833 779 2860 deitates
792 2833 884 2860 dicere
909 2840 1005 2864 super-

1053 1557 1177 1592 πέμπτον
1190 1555 1288 1590 τμῆμα
1300 1553 1455 1588 Σευηριτῶν
1472 1554 1517 1579 καὶ
1533 1551 1727 1583 Θεοδοσιανῶν,
1741 1551 1765 1577 οἳ
1783 1552 1838 1577 Κο-

1052 1603 1165 1630 νωνῖται
1185 1599 1356 1635 ἐκλήθησαν·
1384 1597 1410 1624 οἱ
1435 1597 1468 1633 δὴ
1493 1596 1613 1631 Σευῆρον
1634 1596 1682 1621 καὶ
1697 1595 1839 1622 Θεοδόσιον

1052 1648 1185 1683 δέχονται,
1202 1646 1270 1681 πρὸς
1296 1646 1324 1672 δὲ
1349 1645 1397 1672 καί
1413 1652 1474 1670 τινα
1499 1644 1648 1669 ἐπίσκοπον
1666 1642 1731 1677 παρ’
1747 1642 1840 1673 αὐτοῖς

1052 1693 1139 1729 ῦνομα
1154 1692 1278 1719 Κόνωνα”
1294 1690 1318 1717 οἳ
1328 1690 1359 1725 δὴ
1373 1691 1420 1716 καὶ
1433 1689 1509 1716 αὐτοὶ
1522 1688 1682 1723 ὁμολογοῦσι
1698 1688 1748 1723 μὲν
1767 1689 1840 1714 κατὰ

1052 1739 1182 1775 ἀλήθειαν
1195 1737 1262 1764 Θεὸν
1279 1737 1329 1772 μὲν
1352 1733 1421 1762 εἶναι
1436 1736 1482 1762 καὶ
1509 1734 1590 1769 φύσιν
1604 1735 1651 1761 καὶ
1667 1733 1761 1761 οὐσίαν
1776 1734 1841 1760 ἐκα-

1054 1795 1128 1818 στην,
1142 1785 1189 1811 τὸν
1203 1783 1313 1819 Πατέρα
1326 1783 1373 1809 καὶ
1386 1782 1432 1808 τὸν
1446 1781 1511 1808 Υίδν
1527 1782 1573 1808 καὶ
1586 1781 1617 1807 τὸ
1626 1781 1703 1815 ἅγιον
1715 1780 1840 1815 Πνεῦμα,

1055 1833 1116 1859 Ἔτι
1131 1840 1163 1865 γε
1180 1831 1234 1866 μὴν
1249 1830 1296 1856 καὶ
1317 1828 1381 1864 τρία
1403 1828 1538 1862 πρόσωπα
1565 1827 1651 1861 φασὶ,
1682 1825 1731 1861 τὴν
1758 1825 1841 1859 ἁγίαν

1053 1879 1076 1905 Τ
1078 1879 1169 1914 ριάδα,
1187 1877 1235 1903 καὶ
1265 1876 1429 1906 ὑποστάσεις
1453 1876 1538 1908 τρεῖς,
1564 1873 1644 1909 Τρεῖς
1660 1873 1688 1899 δέ
1711 1871 1842 1905 τιναςτῷ

1053 1925 1163 1961 ἀριθμῷ
1178 1923 1271 1955 οὐσίας
1288 1923 1336 1950 καὶ
1349 1921 1444 1956 φύσεις
1456 1919 1686 1954 ἀπαραλλάκτους
1706 1919 1776 1945 κατὰ
1791 1917 1842 1952 τὴν

1056 1972 1170 2006 θεότητα
1187 1971 1325 2004 λέγοντες,
1341 1967 1405 2003 μίαν
1418 1975 1447 1993 τε
1462 1966 1569 1998 οὐσίαν,
1582 1966 1666 2000 ἦγουν
1683 1963 1775 1998 φύσιν,
1792 1963 1841 1990 καὶ

1057 2018 1121 2053 μίαν
1135 2017 1262 2050 θεότητα,
1274 2015 1359 2049 ἦγουν
1375 2013 1452 2046 Θεὸν,
1474 2013 1524 2047 τὴν
1537 2012 1618 2045 ἁγίαν
1634 2010 1682 2037 καὶ
1695 2009 1842 2044 ὁμοοὺσιον

1055 2061 1249 2097 ὁμολογοῦντες
1260 2059 1371 2095 Τριάδα,
1385 2059 1435 2085 οὐκ
1455 2057 1575 2093 ἀριθμῷ,
1592 2056 1659 2083 ἀλλὰ
1673 2057 1705 2092 τῇ
1717 2055 1842 2090 ἀπαραλ-

1055 2107 1146 2140 λάκτῳ
1163 2104 1283 2139 θεότητι,
1297 2104 1370 2139 τρεῖς
1385 2103 1474 2134 θεοὺς,
1491 2102 1591 2137 ἢτρεῖς
1605 2100 1735 2136 θεότητας
1751 2100 1842 2133 λέγειν

1057 2150 1254 2187 παραιτοῦνται
1276 2149 1459 2176 παντάπασιν.
1474 2147 1594 2175 omne
1610 2147 1670 2173 οὐδὲ
1692 2147 1841 2181 Δαμιανὸν,

1056 2198 1115 2225 οὐδὲ
1128 2197 1243 2228 Παῦλον,
1258 2196 1318 2222 οὐδὲ
1339 2195 1383 2221 τὸν
1409 2195 1521 2228 ἔσχατον
1545 2194 1610 2228 παρ’
1627 2193 1718 2224 αὐτοῖς
1736 2193 1841 2227 Πέτρον

1056 2243 1241 2278 προσήκαντο·
1250 2241 1297 2271 οὓς
1307 2240 1331 2267 ei
1341 2240 1395 2267 ἀπὸ
1403 2239 1538 2274 Δαμιανοῦ
1552 2240 1598 2265 καὶ
1607 2240 1712 2265 Παύλου
1727 2240 1774 2265 καὶ
1794 2238 1844 2265 1ῐέ-

1056 2298 1121 2324 τρου
1137 2287 1283 2323 Τριθεϊτας
1301 2287 1402 2321 πρῶτοι
1421 2286 1575 2319 ὠνόμασαν.
1588 2285 1727 2310 Διίσταντο
1741 2285 1769 2310 δὲ
1783 2284 1843 2310 τοὺ-

1056 2334 1220 2368 των,ὅτ;περ
1228 2334 1325 2359 ἐκεῖνοι
1334 2331 1549 2366 παραιτούμενοι
1565 2331 1639 2364 τρεῖς
1651 2329 1742 2363 λέγειν
1751 2329 1842 2361 0:03;,
1852 2328 1858 2329 ί

1054 2380 1139 2415 ἥγουν
1149 2379 1278 2412 θεότητας
1288 2377 1373 2411 τρεῖς,
1388 2377 1433 2402 τὸν
1448 2376 1557 2410 Πατέρα
1570 2375 1672 2401 καὶτὸν
1687 2375 1748 2401 rm
1758 2375 1803 2400 καὶ
1813 2375 1843 2400 τδ

1057 2425 1133 2458 ᾇγιον
1148 2423 1271 2458 Πνεῦμα,
1287 2422 1484 2458 παραιτοῦνται
1497 2422 1544 2447 καὶ
1559 2421 1589 2447 τὸ
1613 2421 1701 2454 λέγειν
1717 2422 1792 2455 τρεῖς
1804 2420 1844 2456 τῷ

1058 2469 1166 2505 ἀριθμῷ
1188 2469 1291 2501 οὐσίας,
1310 2469 1370 2499 ῐσκς
1395 2469 1442 2494 καὶ
1456 2466 1692 2501 ἀπαραλλάκτους.
1707 2463 1788 2493 Οὗτοι
1813 2467 1842 2493 δι

1057 2516 1087 2542 τὸ
1103 2516 1152 2550 μὲν
1162 2515 1252 2549 λέγειν
1273 2515 1347 2549 τρεῖς
1375 2513 1451 2544 Θεοὺς
1466 2513 1525 2548 ἢτοι
1550 2515 1627 2549 τρεῖς
1647 2513 1777 2548 θεότητας
1790 2522 1843 2540 πα-

1058 2561 1212 2597 ραιτοῦνται
1223 2568 1231 2576 ⁸
1258 2562 1333 2596 τρεῖς
1348 2562 1376 2587 δὲ
1390 2562 1429 2596 τῷ
1443 2561 1552 2596 ἀριθμῷ
1565 2562 1671 2593 οὐσίας,
1693 2562 1775 2596 ἤγουν
1791 2561 1843 2595 φύ-

1059 2614 1115 2637 σεις
1130 2607 1204 2637 τινὰς
1221 2606 1291 2638 ίσας,
1307 2606 1494 2640 ὁμολογοῦσιν.
1509 2607 1540 2633 0i.
1555 2607 1582 2633 δὲ
1598 2607 1650 2633 ἀπὸ
1662 2607 1782 2636 Κόνωνος
1797 2606 1842 2632 δε-

1057 2652 1166 2685 χόμενοι
1182 2652 1315 2686 πρότερον
1329 2652 1362 2678 τὰ
1393 2653 1599 2687 συγγράμματα
1624 2652 1747 2679 Ἰωάννου
1765 2651 1843 2678 Ἀλε-

1057 2697 1192 2730 ξανδρέως
1209 2695 1404 2732 γραμματικοῦ
1418 2697 1465 2723 τοῦ
1489 2698 1649 2731 Φιλοπόνου,
1665 2699 1682 2725 ἃ
1698 2697 1760 2725 καθ’
1780 2697 1843 2724 Ἐλ-

1056 2742 1143 2778 λήνων
1167 2742 1242 2776 αὐτῷ
1259 2743 1305 2769 καὶ
1330 2742 1417 2769 ἄλλων
1432 2744 1512 2770 τινῶν
1536 2744 1688 2771 ὑποθέσεων
1707 2744 1842 2779 ὲπονήθη,

1057 2788 1169 2822 ἔσχατον
1197 2789 1304 2814 πάντων
1335 2788 1415 2815 αὐτόν
1446 2797 1475 2814 τε
1504 2790 1550 2815 καὶ
1583 2789 1618 2815 τὰ
1634 2789 1843 2824 συγγράμματα

1056 2834 1138 2860 αὑτοῦ
1152 2833 1318 2861 άπεὸἀλοντο
1332 2835 1379 2861 καὶ
1395 2835 1546 2862 ἁναθέματι
1559 2835 1750 2862 ὲκδεδώκασιν.
