1926 3092
172 158 225 190 420

761 153 970 186 NICEPHORI
994 153 1167 188 CALLISTI

1747 159 1802 191 MO

172 219 415 244 consectarentur.
441 215 492 248 Qui
515 220 607 243 autem
635 216 776 243 diversum
803 216 959 242 senserunt.

1029 217 1076 248 εύς
1098 217 1183 243 ἑστιν·
1216 218 1241 244 οί
1256 218 1285 245 δὲ
1312 219 1443 247 τάναντία
1477 221 1665 255 φρονήσαντες
1694 221 1804 254 πολλοῖς

173 264 257 291 multa
274 263 406 298 variaque
426 262 551 297 habuere
572 262 696 290 nomina.
715 261 848 290 Jaeohitae
870 266 962 288 tamen

175 310 297 340 maxime,
309 314 374 336 sunt
388 309 584 345 cognominati,
600 313 744 344 propterea
755 308 827 344 quod
838 308 864 335 ei
881 316 963 343 quem

175 356 231 384 dixi
258 356 512 392 Monophysitarum
549 356 664 383 haeresis
700 355 826 383 studioso
860 354 964 383 Jacobo

177 404 362 431 adhaererent.
375 403 428 436 Qui
443 403 525 430 etiam
544 402 713 430 anathemati
735 402 827 430 traditi
841 407 916 434 sunt,
935 405 964 428 ut

177 449 373 485 Monophysitae
387 449 503 481 scilicet,
519 454 547 476 et
567 448 806 484 Theophaschitae.
819 448 884 475 Post
899 455 966 475 vero

177 495 253 524 aliud
274 495 357 522 etiam
376 495 511 522 hazresmn
540 502 655 523 examen
677 495 711 522 ad
739 503 768 522 se
796 499 964 530 pertraxere,

179 549 241 576 quae
290 541 456 569 Trinitatem
493 542 758 569 consubstantialem
808 542 965 573 credentes,

180 593 263 614 unam
299 592 426 614 naturam
464 592 526 622 post
550 589 681 615 unionem
707 587 735 614 in
761 587 872 615 Christo
906 595 966 615 esse

178 632 342 665 docuerunt,
357 641 464 660 sacram
477 639 604 669 quartam
618 634 754 670 synodum
774 634 966 669 repudiantes,

179 685 210 704 ac
224 677 364 713 deinceps.
377 686 475 706 omnes
493 683 605 707 sanctos
627 680 722 707 Patres
741 680 908 715 rejicientes.
934 679 967 707 Et

178 724 252 759 quod
279 725 430 752 maximum
460 730 512 758 est,
543 726 681 754 divinitati
708 726 794 761 ipsius
828 726 967 761 Unigeniti

180 771 388 806 perpessionem
416 773 593 805 tribuerunt,
616 773 671 800 Ter
687 778 784 801 sancto
798 773 837 800 illi
864 773 967 807 hymno

180 817 361 852 appendicem
379 819 469 846 hanc:
490 819 560 853 aQui
579 820 729 848 cruciﬁxus
740 828 770 848 es
783 827 833 855 pro
846 819 927 847 nobis
940 829 965 853 ι,

181 865 368 894 adnectentes.

476 913 587 942 CAPUT
603 914 670 942 Llil.

359 961 397 987 De
420 961 514 988 haeresi
532 961 788 996 Tlteopaxcltilarum.

219 1007 294 1036 Talis
322 1007 511 1035 Jacobitarutn
539 1007 653 1035 haeresis
669 1009 747 1035 radix
759 1007 969 1035 exstititJaco-

183 1053 235 1079 bus
251 1057 341 1079 autem
355 1053 548 1081 Armeniorum
568 1061 680 1088 quoque
692 1058 774 1081 sectae
786 1053 840 1081 dux
853 1053 914 1080 fuit.
931 1053 968 1080 Ea

184 1106 250 1126 sane
282 1099 395 1126 haeresis
417 1099 560 1134 multiplex
575 1104 627 1131 est,
644 1106 672 1127 et
684 1104 713 1127 ut
732 1100 868 1134 quispiam
884 1100 968 1132 dicat,
1002 1093 1004 1095 ’

185 1146 321 1173 ὶιςιιτεευηι
335 1147 457 1174 omnium
477 1147 620 1174 conﬂuens
631 1149 748 1174 sentina.
767 1147 834 1174 Nam
851 1146 889 1174 illi
907 1155 969 1174 cum

186 1192 254 1219 Ario
266 1193 396 1220 aberrant
410 1193 437 1220 in
454 1201 498 1224 eo.
515 1194 586 1226 quod
605 1194 689 1220 Dentn
707 1193 827 1221 Verbum
845 1199 969 1221 naturam

186 1238 332 1265 mutationi
347 1239 505 1271 obnoxiam,
527 1239 672 1267 habentem
688 1247 798 1266 carnem
811 1239 902 1266 anima
923 1247 970 1266 ca-

186 1289 303 1317 rentem,
330 1285 512 1319 assumpsisse
542 1285 648 1313 dicunt.
661 1285 730 1312 Cum
750 1285 903 1320 Apollinari
919 1292 972 1312 au-

187 1333 253 1361 tem,
278 1330 350 1364 quod
376 1337 477 1364 corpus
507 1331 616 1358 Domini
637 1335 754 1358 mentem
783 1339 837 1358 non
857 1331 970 1364 habere,

186 1375 333 1410 eidemque
353 1375 476 1403 divinam
504 1380 629 1403 naturam
652 1376 788 1409 sullieere,
814 1377 971 1412 mentisque

187 1421 242 1447 vim
262 1421 444 1456 operatricem
470 1422 599 1456 perﬁcere
629 1423 734 1450 dicunt.
761 1423 849 1457 Atque
865 1423 973 1450 haereti-

188 1468 228 1494 cis
243 1468 339 1495 multis
354 1468 487 1501 laudatis,
516 1469 679 1504 depravatas
695 1470 816 1505 ipsorum
828 1471 972 1505 opiniones

187 1514 238 1540 sibi
254 1514 320 1548 ipsis
331 1519 471 1550 arrogant.
495 1515 616 1550 Magistri
640 1517 737 1542 horum
754 1516 791 1543 illi
821 1524 889 1551 quos
902 1516 974 1543 dixi-

189 1567 250 1586 mus
277 1559 354 1588 tuere
379 1568 385 1587 :

189 1606 357 1641 quandoque
385 1606 422 1634 illi
451 1607 538 1634 Deum
562 1607 695 1640 Verbum,
711 1607 975 1643 incorruptibile,ct

191 1652 354 1690 increatum,
386 1656 413 1679 et
441 1652 564 1685 cmleste,
579 1659 607 1680 et
626 1661 640 1680 a
661 1654 838 1688 perpessione
853 1654 974 1681 alienum

190 1701 273 1731 atque
289 1696 402 1729 subtile,
413 1697 547 1732 nobisque
560 1705 612 1724 non
632 1697 866 1725 eonsubstantiale
877 1706 977 1732 corpus

191 1744 339 1778 recepisse,
356 1749 438 1778 atque
451 1751 482 1770 ea
498 1751 558 1778 quae
580 1744 671 1770 carnis
690 1749 764 1778 sunt,
779 1744 858 1772 nobis
874 1745 900 1771 in
917 1752 978 1779 spe-

191 1790 260 1816 ciem
275 1795 380 1817 tantum
408 1790 509 1824 spectri
541 1797 616 1817 more
646 1791 821 1824 exhibuisse,
860 1798 977 1819 exsecu-

193 1841 307 1871 tumque
323 1843 382 1863 esse
397 1837 557 1871 opinantur.
572 1836 847 1873 Quandoqueautem
864 1845 976 1865 carnem

192 1883 253 1917 ejus
279 1883 306 1910 in
328 1887 454 1910 naturam
484 1884 597 1911 Deitatis
627 1892 799 1917 conversam,
830 1884 977 1919 eidemque

193 1929 454 1957 consubstantialem
486 1928 583 1956 iactam
611 1936 673 1956 esse
685 1929 791 1957 dicunt.
807 1929 889 1964 883
910 1929 979 1956 Mul-

195 1976 277 2003 toties
303 1983 370 2002 vero
400 1975 482 2003 etiam
512 1975 596 2002 Deum
623 1974 744 2002 Verbum
774 1975 925 2002 humanum
945 1983 978 2002 ex

193 2021 304 2057 Virgine
333 2028 434 2056 corpus
457 2021 636 2055 assumpsisse
667 2026 787 2055 negant,
813 2021 860 2048 sed
888 2021 978 2056 ipsum

195 2067 358 2095 immutabili
384 2067 466 2094 modo
492 2072 637 2099 mutatura,
666 2072 694 2094 et
727 2074 837 2094 carnem
864 2067 977 2099 (actum,

194 2115 341 2141 transitum
373 2117 477 2141 tantum
501 2121 550 2148 per
566 2113 705 2148 Virginem
725 2112 823 2140 fecisse
841 2121 848 2140 :
866 2117 893 2140 et
904 2113 979 2140 cruci

194 2160 382 2191 divinitatem,
397 2168 458 2195 quae
479 2159 670 2187 circumscribi
683 2165 711 2187 et
724 2159 832 2187 definiri
848 2165 978 2194 nequeat,

194 2206 333 2241 Unigeniti
349 2205 454 2232 aﬂixam
466 2226 473 2238 ,
505 2206 684 2241 eamdemque
708 2206 837 2240 sepulcro
851 2206 977 2233 traditam

195 2257 364 2280 asseverant.
392 2253 481 2286 Atque
501 2252 581 2280 [idem
612 2253 694 2280 etiam
725 2251 862 2279 nativitati
875 2251 977 2280 Christi

195 2300 347 2326 secundum
377 2306 488 2326 carnem
509 2300 682 2333 derogantes,
703 2304 731 2326 et
744 2307 804 2326 eam
817 2299 844 2326 in
860 2299 979 2334 speciem

197 2351 316 2378 tantum,
350 2345 551 2380 phantasmatis
581 2346 677 2376 instar,
693 2345 792 2372 factam
810 2352 871 2372 esse
884 2344 981 2373 dicen-

198 2398 249 2420 lcs.
272 2392 307 2420 Et
329 2399 384 2419 non
411 2391 492 2419 sicuti
507 2398 568 2423 nos,
597 2399 645 2426 per
665 2391 817 2424 intervalla,
834 2390 983 2425 particula-

198 2439 256 2470 tim,
283 2437 330 2465 sed
362 2437 394 2464 ad
421 2437 625 2473 quimlecimum
651 2435 775 2464 Januarii
793 2436 896 2464 mensis
910 2436 982 2464 diem

194 2486 292 2522 jejunii
307 2491 416 2520 tempus
425 2484 615 2512 extendentes.
636 2483 879 2510 Annuntiationem
901 2482 983 2510 simul

196 2539 224 2562 et
248 2533 431 2564 nativitatem,
456 2536 482 2559 et
512 2531 678 2566 baptismum
697 2529 798 2557 Christi
830 2529 981 2556 celebrant.

198 2582 269 2615 Quin
303 2582 387 2609 multa
420 2580 502 2609 etiam
535 2578 622 2606 divini
646 2577 787 2612 Evangelii
807 2577 892 2609 dicta,
906 2584 983 2604 suam

199 2629 250 2664 ipsi
285 2629 445 2664 opinionem
477 2633 605 2655 astruere
618 2630 763 2658 conantes,
781 2625 881 2652 tollunt
900 2629 984 2659 atque

199 2676 335 2703 inducunt
372 2683 379 2701 ε
413 2682 444 2702 ac
465 2674 548 2702 veluti
570 2673 834 2708 Monophysitarum,
849 2676 876 2699 et
893 2671 985 2698 Theo-

199 2721 396 2757 pascliitarum,
412 2727 438 2748 et
453 2719 778 2755 Aphthartodocetarum,
799 2723 827 2746 ct
843 2718 985 2745 Monothe-

198 2768 316 2795 letarum
350 2768 477 2794 heresim
507 2767 665 2794 hazreditate
689 2765 837 2797 creverint,
863 2764 984 2799 Cnaphci

199 2814 273 2842 Petri
310 2816 496 2841 accessionem
532 2813 681 2840 Tersancto
720 2812 822 2847 hymno
852 2819 985 2838 annexam

199 2861 279 2888 valde
299 2860 531 2894 complectuntur.
557 2860 705 2887 Ecclesiam
738 2859 902 2886 catholicam
930 2859 986 2893 jun

203 2909 266 2936 inde
289 2909 323 2936 ab
343 2906 421 2935 initio
443 2906 574 2941 hymnum
591 2915 652 2934 eum
673 2907 709 2933 ita
725 2904 896 2939 decantasse,
926 2910 987 2940 post

1017 264 1064 290 καὶ
1081 264 1222 299 διαφόροις
1249 266 1382 300 ὀνόμασιν
1408 267 1613 302 ὲπεκλήθησαψ
1631 268 1665 294 τά
1682 267 1804 302 μάλιστα

1015 311 1043 337 δὲ
1063 311 1219 338 Ἱακωὸῖται
1243 313 1520 348 προσηγορεύθησαν,
1538 313 1575 344 ὡς
1599 313 1638 348 τῷ
1663 313 1804 349 εἰρημένῳ

1018 359 1174 394 σπουδαστῇ
1186 359 1235 394 τῆς
1248 360 1302 386 τῶν
1322 360 1519 394 Μονοφυσιτῶν
1534 360 1668 395 αίρέσεως
1684 368 1805 386 κατακοε

1016 404 1199 440 λουθήσαντες
1223 405 1355 441 ’1ακώ6ῳ-
1384 406 1408 432 οἳ
1426 407 1474 433 καὶ
1505 406 1659 441 ἀναθέματι
1684 406 1805 441 παραδέ-

1016 451 1117 483 δονται,
1139 452 1187 478 καὶ
1213 452 1250 483 ὡς
1275 452 1461 485 Μονοφυσῖται
1489 453 1536 479 καὶ
1550 452 1746 488 Θεοπασχῖται·
1774 453 1805 483 ἐς

1017 497 1132 533 ὕστερον
1146 497 1173 524 δὲ
1188 499 1235 524 καὶ
1251 497 1330 525 ἄλλον
1344 499 1429 533 ἑσμὸν
1443 499 1578 534 αἱρέσεων
1600 498 1806 534 περιϐεϐλημέ-

1017 552 1068 575 νοι,
1083 543 1107 570 οἳ
1135 543 1238 579 Τριάδα
1260 544 1436 576 πιστεύοντες
1454 545 1610 578 όμοούσιον,
1639 545 1705 580 μίαν
1723 545 1805 579 φύσιν

1019 589 1087 623 μετὰ
1108 589 1158 623 τὴν
1172 589 1270 616 ἕνωσιν
1300 591 1347 616 ἐπὶ
1367 590 1489 624 Χριστοῦ
1521 590 1727 626 δογματίζουσι,
1756 589 1806 625 τὴν

1018 637 1101 670 ἀγίαν
1140 635 1160 662 δ’
1188 636 1298 663 σύνοδον
1331 636 1495 668 ἀθετοῦντες
1521 637 1568 663 καὶ
1593 636 1656 668 τοὺς
1685 636 1806 671 καθεξῆς

1018 680 1141 712 ἅπαντας
1157 680 1253 713 ἁγίους
1269 681 1391 716 Πατέρα;
1407 681 1638 717 ἀποδαλλόμενοι·
1665 681 1712 708 καὶ
1724 681 1761 712 ,τδ
1773 681 1808 716 δὴ

1020 726 1161 761 μέγιστον,
1185 727 1234 754 καὶ
1264 728 1298 762 τῇ
1318 726 1428 762 θεότητι
1455 727 1504 753 τοῦ
1525 727 1695 761 Μονογενοῦς
1721 727 1809 758 πάθος

1018 773 1216 808 προσάπτουσι,
1231 773 1270 808 τῷ
1285 773 1419 808 τρισαγίῳ
1434 773 1511 809 ὕμνῳ
1533 774 1563 801 τὸ
1579 774 1611 801 '0
1624 774 1809 809 σταυρωθείς

1019 819 1057 845 δι’
1070 819 1149 854 ἡμᾶς
1163 819 1367 855 προστιθέντες.

1303 911 1429 938 ΚΕΦΑΛ.
1451 911 1514 939 NI".

1110 958 1179 992 Περὶ
1194 958 1250 992 τῆς
1265 957 1406 992 αίρὲσεως
1419 957 1479 985 τῶν
1494 958 1718 992 Θεοπασχίτῶν.

1056 1004 1138 1031 Ἀλλὰ
1149 1004 1260 1040 τοιαύτη
1274 1006 1324 1040 μὲν
1345 1006 1359 1040 ή
1379 1006 1442 1041 ῥίζα
1459 1005 1514 1031 τῶν
1536 1004 1714 1031 Ἰακωσιτῶν·
1732 1003 1761 1035 ὃς
1777 1003 1810 1038 δὴ
1824 1012 1827 1015 ’

1021 1051 1070 1077 καὶ
1085 1050 1135 1084 τῆς
1152 1050 1207 1076 τῶν
1232 1050 1386 1085 Ἀρμενίων
1405 1049 1542 1085 αἱρέσεως
1560 1049 1752 1084 καθηγήσατο.
1775 1049 1810 1076 'll

1021 1096 1052 1130 δὴ
1068 1096 1173 1131 αἵρεσις
1190 1096 1356 1131 πολυσχιδής
1368 1096 1400 1122 τέ
1415 1097 1485 1128 ἐστι,
1508 1096 1556 1123 καὶ
1570 1095 1607 1127 ὡς
1623 1095 1655 1122 ἀν
1666 1103 1710 1126 τις
1738 1094 1812 1121 εῐποι

1024 1143 1193 1178 μισγάγγεια
1208 1143 1298 1177 πάσης
1312 1143 1459 1177 αἱρέσεως.
1485 1143 1540 1168 Καὶ
1555 1141 1611 1176 γὰρ
1630 1141 1728 1176 Ἀρείῳ
1742 1149 1812 1176 συμ-

1023 1189 1165 1225 φύρονται,
1190 1188 1230 1221 οἷς
1246 1198 1312 1223 φασι
1334 1189 1455 1224 τρεπτὴν
1467 1222 1473 1227 ι
1484 1188 1557 1223 ἔχειν
1573 1187 1656 1222 φύσιν
1680 1187 1725 1213 τὸν
1745 1187 1812 1213 θεὸν

1023 1237 1120 1270 Λόγον,
1137 1237 1184 1264 καὶ
1198 1237 1287 1271 σάρκα
1307 1236 1482 1271 ἀνειληφέναι
1508 1235 1612 1270 ἄψυχον
1631 1243 1639 1251 ·
1654 1233 1814 1261 ’Λπολλινα-

1026 1283 1076 1318 ρίῳ
1087 1283 1225 1318 δὲ,ὂτιτεερ
1237 1283 1283 1309 καὶ
1295 1283 1375 1310 άνουν
1385 1283 1466 1317 σῶμα
1478 1281 1563 1308 τὸτοῦ
1578 1282 1679 1317 Κυρίου
1687 1281 1815 1313 δοξάζου-

1025 1338 1077 1356 σιν·
1097 1329 1213 1364 ἀρκέσαι
1228 1329 1283 1364 γάρ
1300 1338 1366 1362 φασι
1385 1329 1430 1364 τὴν
1449 1328 1524 1355 θείαν
1541 1328 1623 1362 φύσιν
1637 1327 1746 1354 τελέσαι
1766 1327 1814 1354 τοῦ

1025 1376 1072 1402 νοῦ
1094 1376 1143 1412 τὴν
1169 1376 1321 1412 ἐνέργειαν.
1352 1377 1408 1402 Καὶ
1438 1376 1557 1406 πολλοὺς
1583 1374 1638 1401 τῶν
1665 1374 1814 1409 αίρετικῶν

1026 1425 1231 1456 ἐπαινέσαντες,
1260 1423 1307 1454 τὰς
1325 1423 1469 1457 κιϐδήλους
1495 1422 1573 1454 δόξας
1591 1421 1681 1448 αὐτῶν
1706 1420 1815 1455 ᾠκειώ-

1027 1479 1118 1498 σαντο.
1135 1469 1296 1496 Διδάσκαλοι
1309 1469 1336 1496 δὲ
1349 1469 1423 1503 σφῶν
1433 1469 1459 1495 οί
1469 1467 1663 1503 προειρημένοι
1673 1467 1815 1500 ἐγένοντο,

1027 1517 1076 1543 καὶ
1090 1517 1215 1551 Ἐχάνιος
1229 1517 1242 1542 ὁ
1254 1515 1463 1550 Μαντακούνης.
1479 1515 1533 1541 Καὶ
1552 1514 1591 1548 πῆ
1610 1514 1660 1549 μὲν
1674 1513 1816 1548 ἄφθαρτον

422 1564 449 1588 et
462 1560 600 1588 Echanius
613 1561 726 1596 insuper
741 1561 928 1589 Mantacunes.
942 1562 974 1589 Et

1029 1562 1076 1588 καὶ
1090 1561 1217 1588 ᾶκτιστον
1237 1562 1284 1588 καὶ
1297 1561 1424 1595 οὐράνιον
1447 1560 1494 1586 καὶ
1514 1559 1619 1590 ἀπαθὲς
1647 1558 1694 1585 καὶ
1717 1557 1817 1584 λεπτὸν

1029 1608 1109 1642 σῶμα
1140 1607 1287 1634 ἀναλαϐεῖν
1319 1607 1363 1633 τὸν
1390 1606 1456 1632 Θεὸν
1481 1606 1579 1639 Λόγον,
1610 1605 1657 1632 καὶ
1685 1605 1722 1640 μὴ
1750 1605 1817 1639 ἡμῖν

1026 1652 1170 1687 ὁμοούσιον
1184 1650 1392 1686 δογματίζουσι,
1419 1651 1516 1677 καὶτὰ
1535 1650 1585 1685 τῆς
1617 1650 1719 1686 σαρκὸς
1743 1649 1817 1675 κατὰ

1027 1699 1178 1733 φαντασίαν
1193 1699 1258 1733 ἡμῖν
1282 1699 1414 1732 ἐνεργεῖν·
1436 1697 1474 1731 πῆ
1504 1697 1532 1723 δὲ
1558 1697 1623 1732 ὼςή
1649 1695 1718 1731 σὰρξ
1733 1696 1816 1723 αὐτοῦ

1028 1745 1068 1774 είς
1083 1743 1165 1778 φύσιν
1188 1743 1342 1778 μετεϐλήθη
1357 1742 1496 1777 θεότητος,
1514 1741 1561 1768 καὶ
1582 1741 1729 1776 ὁμοούσιος
1743 1741 1814 1776 αὐτῇ

1029 1790 1153 1824 γέγονεν’
1170 1791 1199 1816 ὲν
1218 1789 1329 1821 πολλοῖς
1343 1789 1371 1815 δὲ
1389 1789 1458 1824 μηδὲ
1473 1788 1518 1814 τὸν
1531 1788 1598 1814 Θεὸν
1611 1787 1698 1821 Λὰγον
1710 1787 1816 1822 ἀνθρώ-

1031 1845 1107 1863 πειον
1121 1836 1152 1862 ὲκ
1169 1835 1219 1870 τῆς
1237 1835 1376 1870 Παρθένου
1392 1835 1472 1868 σῶμα
1490 1834 1645 1866 ἀναλαϐεῖν,
1660 1833 1718 1860 ἀλλ’
1734 1833 1816 1859 αὑτὸν

1029 1885 1172 1919 ἀτρέπτως
1188 1884 1326 1918 τραπέντα
1340 1882 1388 1908 καὶ
1401 1882 1490 1917 σάρκα
1502 1882 1661 1916 γενόμενον,
1678 1880 1729 1914 τὴν
1747 1880 1818 1914 πάρ-

1030 1931 1089 1958 οδον
1115 1930 1200 1965 μόνην
1234 1930 1277 1957 διὰ
1303 1929 1354 1964 τῆς
1385 1927 1526 1963 Παρθένου
1559 1926 1736 1961 ποιήσασθαι,
1769 1926 1817 1952 καὶ

1030 1978 1225 2013 προσπαγῆναι
1244 1976 1352 2011 σταυρῷ
1364 1975 1414 2010 τὴν
1423 1975 1475 2001 ἀπε
1481 1975 1634 2010 ρίγραπτον
1645 1973 1692 1999 καὶ
1704 1972 1818 2007 άπεριό-

1032 2031 1124 2059 ριστον
1140 2023 1256 2058 θεότητα
1269 2022 1317 2048 τοῦ
1336 2021 1517 2055 Μονογενοῦς,
1546 2022 1594 2048 καὶ
1614 2019 1717 2054 ταύτην
1740 2019 1820 2054 τάφῳ

1031 2069 1228 2106 παραδοθῆναι.
1251 2068 1422 2100 Ἀθετοῦντες
1445 2068 1473 2095 δὲ
1496 2068 1542 2095 καὶ
1558 2068 1608 2103 τὴν
1626 2067 1703 2094 κατά
1731 2067 1820 2101 σάρκα

1032 2117 1158 2151 γέννησιν
1173 2115 1220 2142 τοῦ
1235 2115 1367 2150 Χριστοῦ,
1380 2118 1428 2141 καὶ
1448 2114 1485 2146 ὼς
1498 2113 1690 2148 φαντασιωδῶς
1706 2113 1822 2148 γεγενῆ-

1034 2162 1096 2189 σθαι
1115 2161 1251 2196 λέγοντες,
1269 2161 1318 2196 οὺχ
1332 2162 1369 2193 ὡς
1386 2162 1465 2196 ἡμεῖς
1479 2161 1529 2188 ἀνᾶ
1546 2161 1641 2196 μέρος,
1664 2160 1732 2187 ἀλλὰ
1752 2160 1824 2186 κατὰ.

1033 2210 1082 2245 τὴν
1103 2211 1133 2237 ιε’
1150 2208 1197 2235 τοῦ
1221 2208 1390 2243 Ἰανουαρίου
1423 2207 1507 2243 μηνὸς
1535 2207 1748 2242 παρατείναντες
1772 2205 1823 2241 τὴν

1035 2255 1175 2291 νηστείαν,
1201 2254 1247 2281 τδν
1262 2253 1463 2288 εὐαγγελισμδν
1478 2252 1545 2288 ὁμοῦ
1563 2253 1608 2279 καὶ
1623 2252 1672 2287 τὴν
1692 2253 1824 2288 γέννησιν

1035 2302 1084 2328 καὶ
1102 2302 1131 2328 τὸ
1147 2301 1290 2336 βάπτισμα
1323 2299 1496 2334 ἑορτάζουσι.
1525 2298 1613 2325 Πολλὰ
1646 2298 1675 2324 δὲ
1703 2297 1823 2325 καὶτῶν

1034 2348 1081 2374 τοῦ
1107 2347 1181 2374 θείου
1212 2345 1379 2381 Εὑαγγελῐου
1419 2345 1509 2381 ῥητῶν
1539 2345 1731 2379 διαγράφουσι,
1773 2344 1824 2379 τὴν

1036 2395 1173 2429 σφετέραν
1190 2393 1269 2426 δόξαν
1283 2393 1453 2428 πειρώμενοι
1476 2393 1617 2426 συνιστᾷν·
1634 2390 1822 2426 κληρούμενοι

1034 2441 1118 2468 δὲκαὶ
1132 2441 1183 2475 τὴν
1194 2441 1248 2467 τῶν
1261 2440 1457 2474 Μονοφυσιτῶν
1475 2440 1522 2466 καὶ
1549 2437 1742 2472 Θεοπασχιτῶν
1774 2438 1823 2464 καὶ

1041 2486 1304 2521 ’Λφθαρτοδοκητῶν
1324 2486 1372 2512 καὶ
1398 2484 1596 2518 Μονοθελητῶν
1628 2484 1747 2518 αἵρεσιν,
1773 2484 1825 2518 τὴν

1036 2532 1082 2558 τοῦ
1097 2532 1229 2566 Κναφὲως
1244 2531 1349 2566 Πέτρου
1365 2531 1524 2566 προσθήκην
1539 2530 1577 2565 τῷ
1588 2530 1728 2566 τρισαγίῳ
1744 2530 1825 2565 ὖμνῳ

1036 2579 1096 2605 λίαν
1117 2578 1296 2610 ἀσπάζονται·
1314 2578 1450 2612 λέγοντες,
1464 2577 1501 2609 ὡς
1529 2578 1634 2604 ἄνωθεν
1662 2577 1678 2612 ή
1705 2577 1823 2603 καθόλου

1043 2625 1193 2660 Ἐκκλησία
1217 2625 1288 2651 οὕτω
1312 2625 1358 2651 τὸν
1378 2625 1521 2659 τρισάγιον
1550 2623 1635 2658 ὕμνον
1660 2624 1824 2658 ἐκήρυττεν·

1039 2672 1108 2707 μετά
1121 2671 1149 2698 δὲ
1160 2671 1209 2706 τὴν
1226 2670 1273 2697 τοῦ
1290 2671 1384 2702 παιδος
1400 2670 1530 2705 ἁρπαγήν
1559 2671 1646 2702 οὓτως
1662 2669 1826 2705 ἐνομοθέτη-

1039 2727 1095 2746 σεν.
1115 2719 1166 2745 Ἦν
1185 2718 1315 2754 ἁρπαγὴν
1332 2719 1378 2744 καὶ
1394 2718 1432 2748 ὡς
1446 2717 1530 2752 ψευδῆ
1554 2717 1637 2751 δῆθεν
1666 2717 1826 2745 παντάπασι

1038 2765 1232 2800 διαγράφουσι·
1255 2764 1322 2798 μηδὲ
1344 2764 1398 2798 γὰρ
1413 2765 1446 2798 τῇ
1467 2763 1678 2798 τρισυποστάτῳ
1704 2763 1826 2795 θεότητι,

1038 2812 1075 2842 ὡς
1091 2813 1115 2838 ot
1126 2813 1192 2838 θεῖοι
1219 2811 1340 2846 Πατέρες
1356 2810 1515 2837 διδάσκουσι
1552 2809 1658 2845 ταύτην
1684 2809 1827 2845 προσάγε-

1041 2859 1101 2884 σθαι
1120 2859 1283 2892 φάσκουσιν,
1298 2857 1366 2882 ὰλλὰ
1386 2857 1424 2891 τῷ
1438 2858 1578 2891 μονογενεί
1590 2857 1670 2891 Λόγῳ
1699 2856 1825 2891 Χριστῷ.

1041 2906 1071 2931 οἱ
1087 2905 1108 2931 δ’
1124 2905 1198 2931 αὐτοὶ
1221 2905 1269 2930 καὶ
1287 2903 1389 2939 ἄζυμον
1414 2904 1465 2930 οὐκ
1485 2903 1566 2939 ἄρτον
1594 2903 1623 2929 ὲν
1648 2902 1706 2933 ταῖς
1738 2902 1826 2936 ἱεραῖς
