1926 3092
112 119 158 150 ill

548 121 849 153 ECCLESIASTlC/E
875 122 1068 153 HISTORL'E
1089 123 1162 154 LIB.
1184 124 1297 155 XVIII.

1682 124 1735 155 Mil

112 177 267 211 ἁγιστείαις
282 179 476 214 προσφέρουσι,
495 179 542 206 καὶ
559 178 630 207 οἶνον
641 181 792 216 ἀκέραστον
806 181 894 208 ὕδατι·

951 182 1026 215 pueri
1058 186 1150 209 autem
1168 183 1245 210 illius
1258 181 1377 218 raptu'm,
1396 188 1427 211 ut
1442 183 1465 212 is
1481 183 1562 212 aliter
1578 189 1731 212 caneretur.

114 224 177 259 μίαν
193 224 237 251 διὰ
250 225 347 251 τούτου
367 225 449 258 φύσιν
467 226 494 251 ὲν
511 226 550 261 τῷ
564 226 674 260 Χριστῷ
696 227 897 261 καταγγέλλον-

113 281 167 303 τες,
181 273 228 298 καὶ
244 272 293 306 οὐχ
307 272 344 304 ὡς
361 273 442 307 ἡμεῖς
459 273 584 307 κιρνῶσι,
602 274 650 309 τὴν
665 274 764 301 ἕνωσιν
781 275 835 301 τῶν
849 275 897 301 δύο

113 318 223 352 φύσεων
251 318 481 351 ὑπεμφαίνοντες.
503 319 573 346 ’Δ)λλ’
585 321 609 346 οι
626 319 783 351 Θεοὸλασεῖς
807 321 854 348 καὶ
866 321 897 348 τὺ

113 363 209 398 Πάσχα
226 363 383 395 Ἰουδαϊκῶς
399 364 518 397 τελοῦσι,
538 365 601 400 βόας
624 366 672 392 καὶ
689 366 815 400 πρόϐατα
827 367 898 395 κατὰ

112 410 160 444 τὴν
191 410 346 444 Ὶουδαῖκὴν
370 410 502 445 λατρείαν
520 410 642 442 θύοντες·
670 412 717 438 καὶ
740 411 778 447 τῷ
801 412 898 446 αἵματι

113 456 158 482 τοῦ
174 456 262 490 ἀμνοῦ
287 456 336 486 τὰς
358 456 413 482 τῶν
427 457 521 483 οἰκιῶν
546 457 628 491 φλιὰς
650 458 768 492 χρίουσι·
797 457 835 493 μὴ
849 457 897 484 τοῦ

112 502 275 529 δεσποτικοῦ
293 502 552 537 μεταλαμϐάνοντες
567 503 693 538 σώματός
707 513 736 530 τε
754 505 800 530 καὶ
813 504 898 538 αἵμα-

112 557 169 580 τος,
183 549 252 575 ἀλλὰ.
266 549 311 575 τὸν
327 549 414 583 ἀμνὸν
431 549 587 580 Ἰουδαϊκῶς
597 550 719 581 θύοντες,
734 550 782 577 καὶ
792 550 898 576 ὀπτῶν-

112 602 159 625 τες
185 595 261 628 πυρὶ,
275 594 369 620 τούτου
393 596 546 630 μετέχουσι.
563 596 617 621 Καὶ
641 595 687 622 τὸν
713 596 831 630 σταυρὸν
866 596 897 621 οὐ

114 638 249 672 πρότερον
265 637 382 671 τιμῶσιν
393 638 417 664 εί
434 639 469 672 μὴ
486 637 667 673 βαπτίσουσιν
680 638 776 674 ὥσπερ
790 639 898 675 ἄνθρω-

113 691 175 715 πον,
202 685 250 709 καὶ
267 684 333 717 περὶ
360 683 389 709 τὸ
418 684 500 718 μέσον
518 683 602 710 αὑτοῦ
633 681 697 720 ἧλον
732 685 898 720 ὲμπήξουσι,

115 729 164 756 καὶ
179 730 325 764 χρίσουσιν
358 729 439 756 αὑτὸν
465 729 503 764 τῷ
527 731 560 756 ὲκ
584 730 634 764 τῆς
669 730 765 763 Θυσίας
790 731 896 766 αἵματι.

113 776 201 802 Τοῦτο
216 775 243 801 δὲ
262 775 387 802 ποιοῦσιν
403 776 443 807 είς
457 776 544 810 ὄνομα
562 776 608 802 τοῦ
630 777 750 811 Χριστοῦ
776 778 899 805 δεικνύν-

112 831 160 853 τες
172 822 210 853 ὡς
222 823 236 849 ὁ
248 819 287 854 εἷς
314 822 364 856 τῆς
378 822 493 857 Τριάδος
508 822 690 858 ἐσταύρωται·
707 823 745 859 μὴ
761 824 898 856 συνιέντες

113 867 152 898 ὡς
165 867 364 902 συσταυροῦσιν
380 866 452 893 οὕτω
472 867 519 894 καὶ
534 867 583 902 τὴν
597 867 644 894 τοῦ
665 868 771 902 Πατρδς
783 868 831 894 καὶ
849 868 898 903 τῆς

114 913 243 947 θεότητος
269 913 360 947 φύσιν,
392 913 458 948 μίαν
479 911 563 940 οὖσαν
579 915 626 940 καὶ
650 914 700 949 τὴν
722 915 819 949 αὑτήν.
843 915 897 941 Καὶ

112 961 190 994 τρεῖς
200 960 229 986 δὲ
244 961 379 995 σταυροὺς
395 959 573 994 συνάψαντες,
588 960 672 994 ἁγίαν
686 960 790 996 Τριάδα
817 969 899 988 κατο-

112 1006 274 1040 νομάζουσι·
289 1006 332 1033 διὰ
347 1006 449 1034 τούτων
461 1007 531 1042 τάχει
553 1007 743 1041 ἐμφαίνοντες,
759 1007 898 1041 τὴνῖἁγίαν

112 1052 219 1087 Τριάδα
245 1051 488 1086 συσταυρωθῆναι.
520 1052 576 1078 Καὶ
591 1051 700 1083 εἰκόνας
729 1051 777 1078 τοῦ
793 1052 898 1087 Harpe;

113 1100 160 1124 καὶ
176 1098 223 1124 τοῦ
240 1098 320 1131 ἁγίου
335 1097 496 1132 Πνεύματος
518 1097 709 1130 εἰκονίζουσιν·
740 1099 811 1134 ὅπερ
837 1098 898 1125 ἄτο-

112 1152 176 1170 ποψ
190 1144 217 1170 αἱ
231 1144 287 1179 γὰρ
301 1145 407 1175 εἰκόνες
425 1144 531 1179 ὁρατῶν
556 1145 600 1170 καὶ
629 1145 827 1179 περιγράπτων
845 1153 899 1171 σω-

117 1190 211 1225 μάτων
225 1189 305 1222 εισὶν,
324 1190 354 1216 οὐ
373 1190 427 1225 μὴν
453 1190 507 1216 τῶν
533 1190 728 1225 ἀκατανοήτων
754 1190 800 1216 καὶ
817 1190 898 1223 ἀοράσ

112 1244 178 1262 των.
195 1235 252 1266 Τὰς
267 1235 294 1261 δὲ
306 1236 383 1270 ἱερὰς
398 1235 507 1266 εἰκόνας
523 1235 603 1270 δῆθεν
631 1236 732 1270 τιμῶσι
759 1235 821 1270 μὲν,
847 1236 898 1262 οὐκ

112 1280 286 1311 ἀσπάζονται
297 1279 336 1305 δέ’
359 1279 397 1314 τῷ
412 1279 440 1305 δὲ
453 1278 577 1313 δακτύλῳ
594 1279 666 1314 μόνῳ
677 1278 895 1314 προσψαύοντες,

115 1324 212 1350 τοῦτον
234 1323 416 1356 ἀσπάζονται.
442 1324 498 1358 Τὴν
514 1324 543 1350 δὲ
571 1324 636 1358 παρ’
658 1324 736 1358 ἡμῶν
755 1324 898 1352 κοινωνίαν

64 1410 67 1413 _
113 1370 192 1396 οὐδὲν
207 1370 338 1404 ἥγηνται·
356 1371 403 1398 καὶ
419 1371 468 1405 τὴν
481 1370 644 1406 προσφορέιν
667 1370 750 1405 ἐλαίῳ
774 1370 900 1405 ἀναμάτ-

114 1426 194 1443 τουσι
213 1417 261 1443 καὶ
274 1416 427 1450 ἀλείφουσι.
444 1417 579 1450 Δέγονται
595 1416 624 1442 δὲ
636 1416 683 1442 καὶ
694 1415 817 1447 ἐκθέσεις
827 1416 899 1451 ἔχειν

114 1463 254 1497 διαφόρων
280 1463 458 1498 λειτουργιῶν
479 1463 556 1497 παρὰ
580 1463 630 1498 τὴν
663 1462 899 1498 ἐκκλησιαστικὴν

947 227 1126 255 constitutum
1142 236 1204 256 esse
1221 229 1356 257 dicentes.
1371 231 1457 262 Quem
1474 229 1585 264 quidem
1603 235 1711 264 raptum
1725 252 1730 258 .
1743 247 1748 268 ε

948 277 1076 308 tnquam
1108 274 1205 302 falsum
1235 275 1342 302 scilicet
1356 275 1481 308 omnino,
1503 279 1614 310 negant.
1632 275 1727 310 Neque

949 318 1034 346 trium
1051 319 1291 347 subsistentiarum
1322 320 1431 351 Deitati.
1456 320 1538 347 sicuti
1561 320 1616 348 divi
1633 320 1731 348 Patres

948 364 1058 396 docent,
1075 364 1123 392 sed
1139 365 1280 399 unigenito
1295 366 1380 393 verbo
1396 365 1506 393 Christo
1520 373 1631 393 carmen
1653 366 1733 400 ejus-

948 410 1021 437 modi
1047 410 1157 438 concini
1191 411 1297 438 dicunt.
1320 411 1404 438 Iidem
1431 411 1483 445 ipsi
1512 419 1542 439 re
1577 411 1669 438 divina
1696 410 1735 438 fa-

948 457 1045 485 cienda
1075 465 1169 493 azymo
1197 466 1252 485 non
1282 465 1351 493 pane
1379 462 1495 485 utuntur
1511 458 1562 492 (l),
1577 461 1605 486 et
1623 457 1657 484 ad
1672 465 1733 485 eam

948 501 1042 529 vinum
1058 510 1131 537 aqua
1148 510 1201 530 non
1222 507 1402 538 temperatum
1432 503 1585 530 adhibent:
1607 510 1688 530 unam
1701 510 1733 530 ea

948 554 977 574 re
989 547 1016 574 in
1034 547 1144 575 Christo
1159 553 1286 575 naturam
1313 548 1488 582 designantes
1502 568 1510 580 .
1544 555 1634 582 neque
1648 547 1733 575 sicuti

949 597 1018 625 nos,‘
1035 593 1147 620 calicem
1181 594 1307 626 miscent,
1324 601 1372 628 per
1390 601 1472 628 quam
1493 593 1648 621 mistionem
1666 593 1735 620 dua-

948 645 1009 665 rum
1039 643 1199 666 naturarum
1232 639 1363 667 unionem
1393 639 1577 667 declaramus.
1604 640 1638 666 At
1665 646 1730 674 erga

949 683 1034 711 Deum
1064 684 1140 719 impii
1171 684 1209 711 illi
1241 685 1342 712 Pascha
1371 692 1482 720 quoque
1512 683 1625 711 Iudaico
1657 692 1734 711 more

949 730 1102 762 celebrant,
1129 730 1215 758 boves
1239 735 1267 758 et
1280 731 1365 765 joves,
1380 731 1457 766 juxta
1476 730 1560 757 ritum
1575 729 1733 762 Iudaicum,

949 777 1131 811 immolantes,
1152 783 1180 806 et
1198 779 1331 813 sanguine
1341 779 1402 814 agni
1423 779 1522 806 aedium
1539 784 1630 814 postes
1651 778 1733 806 inun-

949 826 1026 857 gunt.
1059 822 1118 850 Non
1143 824 1181 851 illi
1197 831 1297 858 corpus
1322 828 1349 851 et
1365 825 1526 859 sanguinem
1545 823 1652 851 Domini
1671 831 1735 858 per-

949 868 1093 903 cipicntes,
1109 870 1156 897 sed
1172 877 1271 904 agnum
1287 869 1400 897 Judaice
1430 870 1629 900 sacriﬁcantes,
1644 874 1728 904 atque

948 914 1003 949 igni
1032 919 1177 949 torrentes,
1213 916 1247 943 de
1281 923 1314 942 eo
1343 915 1519 951 participant.
1539 914 1655 942 Crucem
1678 922 1733 941 non

948 963 1024 998 prius
1045 962 1150 989 honore
1171 961 1265 989 debito
1281 967 1505 996 prosequuntur,
1523 968 1604 996 quant
1620 961 1732 995 perinde

947 1013 1029 1043 atque
1059 1008 1196 1035 hominem
1226 1008 1435 1043 baptizaverint.
1467 1012 1550 1042 atque
1583 1007 1610 1034 in
1641 1007 1733 1034 media

948 1056 1006 1090 ipsa
1035 1061 1117 1082 cruce
1147 1054 1253 1081 clavum
1281 1053 1366 1088 ﬁgunt
1393 1053 1575 1088 (2),eumque
1599 1052 1733 1087 sanguine

949 1101 1067 1128 victima:
1087 1105 1204 1135 ungunt.
1224 1098 1280 1127 l-ioc
1301 1107 1367 1126 vero
1385 1099 1491 1126 faciunt
1521 1099 1550 1125 iu
1568 1097 1671 1126 Christi
1685 1105 1735 1124 no-

946 1154 1022 1184 men,
1052 1153 1134 1173 unam
1163 1149 1267 1173 sancta
1292 1144 1438 1172 Trinitatis
1457 1152 1603 1179 personam
1621 1142 1735 1171 cruciﬁ-

948 1200 1009 1219 xam
1024 1199 1084 1220 esse
1102 1191 1300 1219 ostendentes:
1317 1198 1368 1218 nec
1392 1190 1502 1217 interim
1540 1189 1734 1224 intelligentes,

948 1237 1022 1274 quod
1036 1245 1070 1265 eo
1081 1237 1163 1264 modo
1175 1237 1257 1265 simul
1268 1236 1351 1264 etiam
1378 1236 1468 1263 Patris
1479 1240 1506 1262 ct
1522 1235 1637 1262 Deitatis
1653 1240 1735 1262 natu-

949 1292 1008 1312 ram
1034 1283 1263 1318 concrucifigunt,
1277 1290 1337 1318 qua:
1351 1289 1405 1309 una
1416 1287 1459 1309 est
1483 1286 1511 1308 et
1527 1281 1634 1308 eadem.
1653 1280 1737 1316 δερ,

949 1331 1018 1358 Tres
1033 1338 1100 1358 vero
1112 1337 1208 1357 cruces
1221 1333 1427 1360 connectentes,
1439 1332 1560 1355 sanctam
1569 1326 1734 1354 Trinitatem

949 1376 1143 1411 cognominant
1159 1383 1211 1402 τοο
1227 1379 1307 1409 pacto
1321 1375 1392 1401 forte
1416 1374 1598 1405 insinuantes,
1613 1378 1734 1400 sanctam

950 1421 1114 1449 Trinitatem
1132 1421 1213 1448 simul
1233 1419 1392 1446 crucillxam
1407 1427 1479 1446 esse.
1503 1419 1637 1454 Imagines
1653 1419 1735 1446 etiam

952 1468 1040 1495 Patris
1056 1466 1215 1501 etSpiritus
1241 1465 1330 1492 sancti
1352 1459 1481 1499 élligiant,
1510 1463 1583 1499 quod
1603 1471 1736 1499 perquam

101 1509 265 1544 .παράδοσιν
278 1509 324 1534 καὶ
334 1509 490 1544 συνήθειαν.
511 1508 549 1534 Τὸ
563 1508 591 1534 δὲ
611 1509 798 1542 Μονοφυσῖται
827 1506 897 1535 εἶναι

951 1517 992 1540 est
1019 1511 1178 1540 absurdum.
1206 1509 1344 1545 Imagines
1365 1509 1439 1536 enim
1466 1515 1613 1543 corporum
1641 1515 1737 1536 eorum

115 1556 177 1582 λίαν
193 1555 360 1587 δεικνύντες,
391 1556 433 1581 ἐνὶ
460 1555 584 1589 δακτύλῳ
611 1555 658 1581 καὶ
690 1554 720 1588 ἐξ
746 1554 899 1590 ἀριστερῶν

116 1602 161 1627 ἐπὶ
173 1602 207 1628 τὰ
220 1601 297 1633 δεξιὰ
314 1601 512 1635 σφραγίςουσιν
531 1600 658 1632 ἑαυτούς’
678 1601 726 1627 καὶ
753 1600 799 1627 τὸν
828 1600 899 1627 θεῖον

118 1648 236 1683 σταυρὸν
252 1649 284 1681 τῇ
299 1647 403 1682 μεγάλῃ
420 1647 584 1681 Παρασκευῇ
602 1646 654 1672 ὑπὸ
681 1647 733 1681 γῆν
763 1646 902 1681 κατακρύ-

117 1700 233 1718 πτουσιν
256 1691 320 1726 ἄχρι
343 1691 393 1725 τῆς
420 1691 541 1725 μεγάλης
566 1690 719 1725 Κυριακῆς·
730 1691 791 1717 τότε
807 1691 829 1716 δ’
843 1690 902 1726 ἅμα

117 1739 187 1771 φωτὶ
205 1738 255 1768 τὰς
270 1738 359 1772 ῥύμας
375 1737 527 1772 περιιόντες
543 1738 591 1764 καὶ
605 1738 654 1769 τὰς
666 1739 777 1771 γωνίας,
802 1738 848 1763 καὶ
861 1737 903 1764 εν-

119 1784 166 1811 θεν
183 1784 312 1811 κάκεῖθεν
330 1784 475 1817 ζητοῦντες
495 1784 542 1810 καὶ
556 1784 776 1819 ἀνευρίσκοντες,
801 1783 903 1809 ὡσανεὶ

117 1830 279 1866 φανεροῦσι.
293 1830 388 1865 Χρόνῳ
403 1830 431 1857 δὲ
453 1831 585 1866 προῖόντι,
612 1831 659 1856 καὶ
684 1829 767 1860 ἄλλας
790 1830 902 1863 ἀδιαφο-

118 1879 181 1912 ρίας
212 1877 469 1910 συνεπεσπάσαντο,
497 1877 565 1908 ιδίας
591 1876 719 1912 νηστείας
748 1875 900 1906 ποιοῦντες.

118 1924 174 1950 Καὶ
187 1925 218 1950 ὲν
234 1925 290 1955 τοῖς
304 1923 425 1950 Σάὁὸασι
438 1925 484 1950 καὶ
499 1925 559 1955 ταῖς
577 1924 729 1958 Κυριακαῖς
741 1924 790 1956 τῆς
820 1923 901 1956 ἁγίας

119 1970 245 2004 μεγάλης
265 1969 495 2004 Τεσσαρακοστῆς
515 1969 585 2003 γάλα
610 1970 658 1996 καὶ
683 1968 765 2003 τυρὸν
788 1970 836 1995 καὶ
861 1968 903 1994 ὠὲι

118 2016 251 2048 ἐσθίουσι,
268 2016 316 2042 καὶ
331 2015 364 2042 δι’
386 2016 500 2050 ἀζύμων
517 2016 567 2048 τὴν
584 2015 680 2041 θυσίαν
708 2014 828 2040 ποιοῦσι·
856 2013 904 2040 xui.

117 2062 168 2096 τὴν
184 2061 233 2087 τοῦ
252 2061 446 2096 ’Δρτζιὸούρου
473 2061 623 2096 λεγομένην
651 2059 778 2095 νηστείαν
806 2059 904 2095 μικρὸν

117 2109 175 2143 πρὸ
189 2108 239 2143 τῆς
254 2109 385 2143 ἁπόκρεω
400 2108 608 2142 συνεστήσαντο.

952 1561 1026 1589 sunt,
1061 1564 1122 1591 qua;
1148 1554 1235 1582 videri
1258 1558 1286 1581 et
1308 1551 1498 1580 circumscribi
1527 1555 1654 1586 possunt,
1681 1559 1738 1578 non

953 1610 1050 1630 eorum
1079 1609 1139 1637 qua:
1165 1599 1312 1628 invisibilia
1331 1602 1405 1630 sunt,
1422 1602 1449 1625 et
1466 1596 1646 1631 intelligentia
1664 1603 1739 1623 com-

954 1648 1088 1682 prehendi
1116 1650 1269 1681 nequeunt.
1296 1643 1430 1679 Imagines
1441 1650 1535 1670 sacras
1547 1644 1684 1670 honorant
1697 1642 1738 1669 illi

956 1696 1080 1731 quidem,
1103 1695 1152 1722 sed
1166 1702 1220 1721 non
1229 1693 1401 1721 osculantur.
1421 1692 1459 1719 Ac
1471 1691 1556 1725 digito
1572 1694 1676 1717 tantum
1692 1697 1740 1717 eas

955 1741 1155 1775 contingentes,
1168 1739 1233 1766 huic
1252 1738 1377 1766 osculum
1399 1737 1494 1772 ﬁgunt.
1509 1735 1739 1763 Communioncm

956 1791 1076 1814 nostram
1101 1785 1170 1812 nihil
1195 1792 1257 1812 esse
1286 1784 1393 1811 dicunt.
1430 1782 1465 1809 Et
1496 1781 1665 1808 oblationem
1677 1780 1740 1806 oleo

952 1833 1092 1866 subigunt,
1106 1835 1134 1857 et
1147 1834 1264 1863 ungunt.
1282 1829 1416 1856 Dicuntur
1441 1834 1506 1855 vero
1523 1826 1740 1854 constitutiones

953 1879 1053 1906 habere
1070 1876 1247 1904 multifariam
1270 1875 1427 1903 divinorum
1454 1873 1619 1905 olliciorum,
1642 1877 1740 1906 prieter

953 1923 1080 1951 Ecclesiae
1095 1922 1271 1949 traditionem
1299 1925 1328 1948 et
1348 1919 1590 1948 consuetudinem.
1606 1918 1696 1952 Atque
1710 1922 1741 1944 ut

954 1968 1157 2002 Monophysitas
1181 1974 1211 1993 se
1239 1973 1299 1993 esse
1324 1965 1390 1992 satis
1406 1963 1564 1995 ostendant,
1581 1963 1668 1998 digito
1685 1970 1741 1990 uno

954 2023 969 2041 a
1002 2015 1068 2042 laeva
1084 2014 1207 2041 dextram
1227 2019 1322 2039 versus
1337 2011 1442 2045 seipsos
1459 2017 1542 2037 cruce
1561 2009 1739 2043 consignant.

957 2061 988 2088 Et
1013 2067 1125 2088 crucem
1150 2063 1272 2086 sanctam
1307 2064 1406 2092 tnagno
1433 2056 1598 2083 Parasceves
1621 2054 1666 2080 die
1688 2053 1741 2080 sub

958 2111 1031 2134 terra
1053 2105 1237 2138 abscondunt,
1257 2111 1344 2138 usque
1375 2101 1409 2129 ad
1425 2107 1553 2136 magnum
1571 2099 1743 2127 Dominicum

118 2157 205 2185 diem.
220 2155 292 2183 Tum
307 2164 373 2183 vero
387 2163 449 2183 cum
473 2155 577 2182 lutnine
597 2163 645 2190 per
659 2155 761 2189 plateas
795 2159 824 2182 et
856 2154 968 2189 angulos
992 2155 1208 2185 circumeuntes,
1239 2152 1304 2178 hinc
1332 2155 1360 2178 et
1395 2149 1458 2176 inde
1475 2155 1535 2175 eam
1555 2150 1693 2182 quaerunt,
1715 2150 1743 2173 et

120 2207 263 2233 inventam
287 2204 441 2239 proferunt.
471 2205 605 2239 Tempore
623 2208 714 2230 autem
738 2202 903 2238 procedente
929 2203 997 2231 alias
1030 2202 1112 2230 etiam
1142 2199 1322 2235 ἀδιαφορίας,
1351 2198 1403 2225 hoc
1418 2201 1471 2229 est,
1485 2195 1554 2222 ritus
1570 2199 1599 2222 et
1613 2201 1743 2222 ceremo-

119 2255 191 2284 nias.
213 2261 275 2289 quae
306 2253 408 2288 pietate
432 2253 505 2280 salva
535 2253 577 2280 vel
604 2253 745 2280 observari
776 2253 820 2280 vel
850 2252 940 2279 omitti
962 2256 1088 2286 possunt,
1117 2249 1252 2285 complexi
1281 2252 1354 2278 sunt.
1387 2246 1537 2282 peculiaria
1548 2244 1650 2281 jejunia
1665 2241 1745 2269 insti-

120 2305 243 2332 tuentes,
277 2304 306 2327 et
331 2300 458 2327 Sabbatis
478 2303 560 2334 atque
597 2300 694 2327 diebus
716 2299 866 2327 Dominicis
901 2305 1004 2333 magnae
1030 2301 1129 2325 sanctae
1155 2293 1375 2329 Quadragesimm
1403 2293 1464 2326 lac,
1497 2298 1605 2319 caseum
1638 2294 1666 2316 et
1693 2295 1744 2314 ova

119 2348 313 2379 comedentes,
342 2353 370 2375 et
396 2356 445 2383 per
470 2355 567 2382 panem
597 2355 722 2383 azymum
739 2347 904 2375 sacriﬁcium
925 2349 1108 2381 peragentes:
1144 2348 1227 2379 atque
1247 2342 1275 2371 id
1311 2340 1385 2377 quod
1410 2339 1538 2367 Artiburi
1555 2338 1656 2366 dicitur
1673 2336 1745 2372 jeju-

119 2398 212 2430 nium,
237 2397 322 2432 paulo
352 2401 416 2424 ante
444 2404 507 2424 eum
530 2396 614 2428 diem,
633 2404 688 2431 quo
701 2396 825 2423 carnium
841 2402 905 2422 esus
922 2393 1106 2425 interdicitur,
1123 2395 1274 2420 servantes.

419 2456 544 2483 ΚΕΦΑΛ.
558 2455 621 2483 NA’.

1161 2455 1165 2459 ’
1255 2450 1366 2478 CAPUT
1397 2448 1464 2476 LIV.

139 2505 211 2539 Περὶ
234 2503 370 2530 Ἰακώϐου
384 2502 437 2529 τοῦ
450 2502 548 2536 Σύρου
564 2501 614 2528 καί
629 2501 688 2528 τῶν
707 2499 890 2528 Ἰακωϐιτῶν.

1134 2497 1170 2524 De
1184 2497 1282 2525 Iacobo
1299 2496 1365 2531 Syro
1375 2516 1382 2528 ,
1398 2500 1423 2522 et
1436 2492 1573 2521 Jacobitia.

157 2564 287 2591 Μάλιστα
301 2562 330 2587 δὲ
343 2561 431 2588 ταῦτα
450 2560 575 2587 τελοῦσιν
597 2559 622 2585 oi
638 2559 702 2594 παρ’
719 2558 813 2588 αὐτοῖς
830 2557 909 2590 λεγό-

994 2555 1108 2583 Maxime
1120 2558 1211 2581 autem
1224 2553 1283 2580 hac
1309 2552 1439 2583 retinent,
1455 2550 1503 2584 qui
1516 2548 1588 2583 apud
1607 2555 1656 2575 eos
1676 2546 1747 2574 Cha-

121 2619 201 2644 μενυι
216 2608 437 2643 Χατζιντζάριοι·
467 2607 571 2643 σχίσμα
598 2605 647 2632 οὐκ
672 2605 814 2640 ἐλάχιστον
834 2603 909 2634 ὄντες

959 2603 1070 2631 zinzarii
1093 2601 1284 2628 nominantur.
1309 2598 1403 2625 Factio
1432 2601 1523 2624 autem
1555 2602 1609 2622 non
1634 2593 1747 2621 minima

118 2657 170 2683 τοῦ
199 2655 267 2690 παρ’
283 2656 375 2683 αὐτοῖς
403 2654 549 2689 δόγματος,
571 2653 652 2679 οἱονεὶ
696 2649 909 2684 σταυρολάτραι·

961 2651 1019 2677 haec
1044 2649 1180 2684 dogmatis
1205 2656 1303 2676 eorum
1336 2652 1391 2680 est,
1424 2645 1604 2674 Staurolatrze
1629 2644 1746 2672 scilicet.

117 2702 249 2735 Χάτξους
259 2702 316 2736 γὰρ
330 2702 344 2727 ὁ
359 2700 476 2734 σταυρὸς
491 2699 557 2735 παρ’
568 2699 670 2731 αὐτοῖς’
686 2698 732 2725 τὸν
752 2697 808 2732 γὰρ
826 2705 909 2723 σταυ-

964 2696 1070 2724 Chazus
1099 2703 1218 2729 namque
1244 2702 1311 2721 crux
1337 2694 1371 2721 ab
1398 2692 1439 2720 eis
1467 2691 1580 2724 dicitur,
1604 2694 1748 2725 propterea

1003 2763 1040 2794 (ἓν.)
1054 2762 1166 2790 Clavum
1181 2761 1308 2788 videlicet
1324 2761 1437 2796 ligentes
1455 2759 1483 2788 in
1495 2766 1578 2788 cruce
1592 2758 1621 2786 in
1637 2756 1749 2791 nomine

159 2771 197 2804 (l)
212 2769 273 2796 Hoc
289 2776 323 2796 ex
340 2768 536 2804 Griecorumet
548 2765 694 2804 Orientalis
712 2763 842 2804 Ecclesim
856 2763 910 2804 ritu
969 2799 984 2804 κ
1003 2763 1040 2804 (ἓ)
1052 2763 1166 2804 'Cl‘avum
1180 2763 1251 2804 lvidel

968 2799 997 2826 S.
1014 2798 1154 2825 ’l'riuilatis
1180 2796 1325 2831 baptizata.

118 2810 151 2833 et
162 2798 302 2833 scntentia
318 2804 432 2830 dictum.
457 2802 526 2834 Quid
549 2801 601 2828 sibi
628 2800 694 2828 velit
720 2800 750 2827 in
768 2798 913 2826 incruento

119 2840 272 2873 sacriﬁcio,
290 2839 385 2866 viniet
400 2845 475 2872 aqua:
497 2836 597 2864 mistio.
