1926 3092
197 153 248 185 413

810 155 834 184 Ν
838 153 1017 184 lCEPHORl
1037 153 1209 183 CALLlS'l‘l

1763 153 1818 185 4M

197 211 271 246 quod
296 218 406 239 crucem
432 215 538 239 tantum
564 210 681 238 adorare
694 215 722 238 et
735 211 827 239 colere
843 211 981 238 dicantur.

1038 209 1082 243 ρὸν
1098 209 1189 243 μόνον,
1208 209 1245 240 ὥς
1260 218 1338 243 φασι,
1354 209 1401 235 καὶ
1409 209 1594 242 προσκυνοῦσι
1614 208 1662 235 καὶ
1680 210 1814 238 σέεονται.

198 257 249 290 Qui
269 264 335 284 sane
364 265 412 292 per
439 256 532 284 omnia
563 257 618 284 illis
641 257 856 289 consentientes,
873 263 903 284 re
921 257 980 291 eju-

197 303 318 330 scemodi
342 303 459 330 maxime
490 311 505 330 a
532 303 616 330 sectis
637 302 747 334 talibus,
760 308 788 330 et
805 302 938 331 Jacobitis
953 303 980 330 in

198 349 306 391 primis,
323 349 470 377 dissentire
485 349 623 377 videntur.
644 349 715 382 Quin
729 353 759 377 et
772 349 816 376 isti
830 357 882 376 non
898 357 980 376 unam

199 396 314 424 confuse
343 401 479 427 naturam,
504 396 577 423 sicut
603 396 654 428 illi,
677 396 703 423 in
717 395 829 423 Christo
845 403 906 423 esse
921 395 982 430 opi-

200 444 311 472 nantur,
336 439 383 467 sed
410 439 477 467 duas
493 448 500 469 :
517 440 747 474 quemadmodum
776 444 805 467 et
819 447 879 467 nos.
895 439 982 468 Caete-

199 492 259 511 rum
274 484 354 511 aliam
367 485 538 519 peregrinam
554 484 723 519 impietatem
744 491 886 518 perperam
900 484 981 511 indu-

198 537 275 559 cunt.
306 531 370 564 quia
402 530 472 557 duas
505 526 635 565 personas
659 531 686 557 in
717 538 771 558 uno
792 530 905 558 Christo
919 538 981 557 esse

197 573 279 608 885
306 574 487 601 fabulantium
529 583 606 602 more
645 576 897 610 nugantur:juxta
926 575 982 602 An-

187 618 410 652 ,thropolatram.
437 619 462 645 id
491 624 544 652 est,
560 620 699 648 hominem
709 621 867 648 adorantem
883 621 982 648 Nesto-

198 664 288 696 rium;
307 665 343 691 ita
360 671 389 692 ut
402 666 539 700 passionis
562 671 685 701 tempore
704 667 822 695 'alteram
835 675 980 702 personam

199 709 226 735 in
239 716 321 736 cruce
339 717 460 744 passam,
478 710 590 738 alteram
612 717 702 738 autem
713 712 748 739 ab
761 719 793 738 ea
811 717 980 746 segregatam

199 754 313 781 seorsim
331 755 451 787 stetisse,
470 756 659 790 passionisque
688 757 878 791 spectatricem
897 756 981 784 fuisse

191 792 303 826 'dicant.
328 799 443 834 Insuper
472 801 525 828 alia
565 809 674 835 quoque
709 803 818 836 generis
844 802 979 837 ejusdem.

200 845 340 879 impietate
370 846 444 874 omni
473 848 573 874 referta
610 848 793 876 deblateraut.
826 849 915 882 Atque
941 848 980 875 illi

199 891 308 925 quidem
341 900 414 919 nunc
442 901 474 919 ex
501 893 659 926 traditione,
695 902 756 928 quae
783 880 889 922 ratione
905 893 979 920 nulla
998 880 1018 908 Β

201 936 308 970 nititur,
324 937 382 964 haec
409 938 524 966 faciunt.
554 938 664 967 Veteres
679 945 770 966 autem
785 946 881 966 eorum
898 939 981 973 legis-

200 981 302 1008 latores
326 987 354 1008 et
375 983 512 1015 doctores,
529 992 634 1019 magna:
649 985 786 1012 Armenia:
817 984 980 1018 Gregorium

202 1027 277 1054 illum
301 1029 464 1062 antistitem,
491 1031 560 1058 ritus
585 1032 751 1064 ejuscemodi
768 1031 809 1058 eis
823 1039 871 1065 per
885 1038 982 1058 manus

203 1074 357 1106 tradidisse,
373 1076 539 1103 calumniose
564 1077 667 1111 jactant
678 1086 685 1102 :
697 1077 813 1103 maxime
828 1084 892 1104 vero
907 1077 983 1103 obla-

203 1119 305 1146 tionem
335 1128 470 1154 alyn-am,
498 1122 640 1156 etabsque
655 1130 723 1157 aqua
739 1123 877 1157 poculum,
897 1130 981 1157 prep-

201 1169 276 1192 terea
307 1167 379 1200 quod
408 1167 434 1193 in
470 1168 582 1202 mystica
605 1169 652 1195 illa
667 1175 745 1196 εωιιει
759 1176 883 1204 azymum
900 1169 981 1195 etiam

202 1211 365 1238 sacrificium
377 1217 405 1239 et
421 1213 514 1239 vinum
531 1214 618 1240 solum
641 1214 734 1241 fuerit.
754 1214 875 1247 Quarum
890 1222 982 1241 rerum

201 1256 302 1283 nullam
327 1258 476 1292 apostolica
509 1259 629 1286 Ecclesia
645 1260 777 1291 admittit.
791 1266 911 1287 veterem
926 1265 983 1286 tra-

201 1302 332 1330 ditionem
352 1303 473 1338 legitime
486 1312 618 1332 servans.
636 1305 722 1332 Porro
737 1306 771 1332 de
783 1305 889 1340 jejunio
908 1306 983 1331 Arzi-

201 1348 261 1375 buri
293 1349 466 1384 interrogati,
494 1352 660 1386 quandoque
685 1356 797 1386 propter
810 1351 985 1385 Adamipro-

202 1394 378 1429 scriptionem
406 1403 465 1422 eam
494 1403 523 1423 se
552 1404 677 1430 servare,
695 1397 860 1432 quandoque
875 1401 985 1432 propter

203 1439 348 1472 Ninivitas,
381 1441 487 1469 dicunt.
513 1442 716 1478 Nonnunquam
747 1451 813 1471 vero
838 1450 898 1470 eam
924 1450 985 1471 esse

203 1486 335 1518 referunt,
350 1495 403 1522 qua
416 1488 480 1516 olim
492 1488 651 1517 seArmenii
666 1498 680 1517 ει
695 1489 765 1517 cibis
776 1490 983 1522 abstinuerunt,

1033 255 1064 281 Οἳ
1077 255 1108 290 δὴ
1125 255 1252 282 καθάπαν
1270 256 1360 285 αὐτοῖς
1376 256 1589 290 συμφερόμενοι,
1624 256 1732 287 τούτοις
1762 257 1814 290 μά-

1032 300 1109 327 λιστα
1120 301 1261 334 διαφέρειν
1281 301 1401 331 δοκοῦσι,
1432 301 1479 327 καὶ
1509 301 1610 334 μᾶλλον
1635 301 1816 332 Ἰακωὸίταις.

1031 344 1069 371 Οὐ
1089 346 1143 380 γὰρ
1158 346 1223 380 μίαν
1239 346 1287 372 καὶ
1306 344 1380 373 οὗτοι
1399 347 1482 380 φύσιν
1492 347 1664 380 συγχυτικῶς
1692 347 1730 378 ὡς
1745 348 1817 373 έκεῖ-

1032 399 1071 416 νοι
1087 390 1135 417 ἐπὶ
1151 391 1270 426 Χριστοῦ
1284 391 1507 425 δογματίζουσιν,
1529 391 1598 418 ἀλλὰ
1620 391 1676 422 δύο,
1691 392 1817 426 καθάπερ

1033 437 1124 471 ἡμεῖς.
1140 437 1241 471 Ἀλλην
1255 437 1282 463 δὲ
1298 437 1378 471 ξένην
1393 436 1520 463 ἀσέϐειαν
1545 438 1753 471 παρεισάγουσι,
1772 437 1818 463 δύο

1032 483 1166 516 πρόσωπα
1183 482 1396 516 μυθολογοῦντες
1411 483 1457 509 ἐπὶ
1469 482 1517 509 τοῦ
1528 483 1586 512 sva;
1597 482 1731 516 Χριστοῦ,
1746 483 1818 509 κατὰ

1031 529 1079 554 τὸν
1094 528 1318 563 ἀνθρωπολατριν
1348 529 1505 564 Νεστόριον·
1534 529 1572 560 ὡς
1595 530 1642 555 καὶ
1669 529 1745 563 παρὰ
1771 530 1817 555 τδν

1032 575 1128 610 καιρὸν
1141 574 1187 601 τοῦ
1203 575 1307 605 πάθους
1332 575 1426 609 ἕτερον
1453 575 1597 610 πρόσωπον
1628 575 1677 609 μὲν
1690 573 1759 601 εἰναι
1788 575 1818 601 τὸ

1033 621 1137 655 πάσχον
1149 621 1196 647 ἐπὶ
1215 620 1343 654 σταυροῦ,
1357 621 1452 656 ἕτερον
1478 621 1506 647 δὲ
1526 621 1557 646 τδ
1580 619 1680 652 ἔξωθεν
1701 629 1819 655 κεχωρι-

1033 666 1143 700 σμένως
1161 665 1304 699 ἱστάμενον
1327 667 1374 692 καὶ
1398 665 1429 691 τὺ
1456 665 1541 696 πάθος
1566 665 1648 699 ὀρῶν.
1665 665 1720 691 Καὶ
1749 665 1818 691 ἄλλα

1032 711 1147 738 τοιαῦτα
1161 710 1275 745 ληροῦσι
1291 711 1382 745 πάσης
1393 710 1554 742 δυσσεϐείας
1578 710 1731 743 ἀνάμεστα.
1762 711 1817 736 Καὶ

1033 757 1058 783 οι
1078 757 1128 792 μιν
1145 756 1193 784 νῦν
1208 757 1238 788 ἐξ
1249 757 1346 790 ἀλόγου
1360 757 1534 792 παραδόσεως
1550 757 1583 783 τὰ
1597 756 1709 782 τοιαῦτα
1726 756 1817 783 ποιοῦ-

1034 811 1087 830 σιν·
1106 803 1131 829 οἱ
1145 803 1174 829 δὲ
1188 803 1296 837 ἀρχαῖοι
1320 802 1410 829 αὐτῶν
1425 802 1569 836 νομοθέται
1583 802 1632 828 καὶ
1655 801 1812 836 καθηγηταί.

1032 849 1079 876 τὸν
1094 848 1145 883 τῆς
1160 849 1281 883 μεγάλης
1295 847 1440 882 Ἀρμενίας
1453 847 1652 881 συκοφαντοῦσι
1665 847 1817 882 Γρηγόριον

1032 894 1067 920 τὰ
1078 894 1191 921 τοιαῦτα
1203 893 1431 929 ,παραδεδωκέναι
1449 893 1553 924 αὐτοῖς·
1569 893 1618 920 καὶ
1635 892 1754 926 μάλιστα
1765 891 1816 926 τήν

1032 943 1137 977 ἄζυμον
1151 941 1310 976 προσφορὰν
1332 941 1380 968 καὶ
1403 941 1433 967 τδ
1458 940 1542 976 χωρὶς
1568 940 1640 966 οἴνου
1668 940 1815 975 ποτήριον·

1031 987 1075 1013 διὰ
1095 987 1126 1014 τὸ
1142 988 1188 1015 καὶ
1201 987 1229 1013 ἐν
1250 986 1288 1022 τῷ
1316 986 1440 1021 μυστικῷ
1455 986 1558 1020 δείπνῳ
1571 986 1674 1021 ἄζυμον
1695 986 1744 1020 τὴν
1771 985 1818 1012 θυ-

1034 1035 1095 1061 σίαν
1108 1032 1192 1066 εἶναι,
1212 1034 1258 1060 καὶ
1281 1031 1353 1060 οἶνον
1370 1034 1573 1068 μεμονωμένον·
1586 1030 1622 1059 ὧν
1636 1033 1737 1068 οὗδὲνὴ
1752 1033 1820 1059 ἁπο-

1034 1080 1144 1115 στολικὴ
1166 1079 1316 1114 Ἐκκλησία
1335 1079 1489 1115 προσίεται,
1516 1079 1566 1113 τὴν
1593 1079 1710 1113 ἀρχαίαν
1730 1078 1820 1113 παρά-

1032 1125 1106 1153 δοσιν
1119 1125 1260 1160 ένθέσμως
1285 1125 1469 1159 φυλάττουσα.
1495 1125 1687 1160 Ἐρωτώμενοι
1715 1124 1744 1151 δὲ
1771 1124 1819 1150 καὶ

1035 1172 1098 1204 περὶ
1114 1172 1163 1206 τῆς
1177 1171 1224 1198 τοῦ
1247 1170 1442 1206 ’Δρτςιϐούρου
1457 1171 1597 1205 νηστείας,
1614 1171 1726 1203 λέγουσι
1752 1169 1818 1195 ποτὲ

1035 1215 1085 1250 μὲν
1098 1215 1142 1242 διὰ
1156 1216 1205 1249 τὴν
1226 1215 1311 1249 Ἀδὰμ
1329 1215 1437 1250 ὲξορίαν
1457 1215 1558 1247 ταύτην
1579 1214 1736 1248 νηστεύειν
1754 1213 1820 1239 ποτε

1035 1260 1085 1295 μὲν
1103 1261 1146 1287 διὰ
1163 1261 1226 1292 τοὺς
1238 1260 1382 1291 Νινευττας
1403 1260 1477 1294 φασί·
1505 1260 1570 1286 ποτὲ
1593 1260 1621 1286 δὲ
1647 1260 1749 1294 ταύτην
1781 1256 1821 1285 εῐ-

1035 1315 1089 1340 ναι,
1117 1307 1150 1343 ἢν
1166 1307 1249 1334 πάλαι
1262 1302 1324 1334 ποτ’
1342 1308 1511 1341 ὲνὴστευσαν
1536 1307 1561 1332 οξ
1575 1305 1727 1341 Ἀρμένιοι,
1756 1305 1821 1339 μέλ-

1034 1355 1126 1386 λοντες
1138 1355 1191 1381 ὑπὸ
1207 1355 1253 1381 τοῦ
1271 1355 1350 1388 ἁγίου
1375 1354 1528 1389 Γρηγορίου
1556 1353 1747 1389 βαπτίζεσθαι·
1773 1351 1821 1378 ἄλ-

1034 1399 1096 1426 λοτε
1107 1400 1135 1426 δὲ
1151 1401 1196 1427 διά
1208 1409 1268 1426 τινα
1283 1400 1399 1435 Σέργιον
1414 1400 1500 1427 πάλαι
1515 1399 1580 1426 ποτὲ
1593 1400 1621 1426 ἐν
1639 1399 1731 1429 αὐτοῖς
1747 1405 1821 1432 μαρ-

1035 1447 1192 1480 τυρήσαντα
1219 1446 1270 1481 τὴν
1304 1445 1391 1481 ἀληθῆ
1423 1445 1515 1472 αίτίαν
1541 1444 1725 1475 ἐκκλίνοντες,
1761 1444 1823 1478 ἥτις

1036 1491 1110 1518 ἐστὶν
1138 1490 1219 1525 αὕτη,
1237 1491 1351 1526 Σέργιός
1369 1499 1410 1522 τις
1443 1490 1603 1525 καθηγητὴς
1646 1488 1712 1524 παρ’
1728 1490 1820 1519 αὐτοῖς

203 1538 265 1558 cum
290 1532 421 1566 baptizari
448 1541 462 1561 a
487 1539 581 1562 sancto
600 1535 732 1569 Gregorio
745 1535 909 1562 debuerunt.
926 1534 983 1561 Ali-

1038 1536 1107 1563 κύνα
1121 1536 1183 1562 τινὰ
1196 1536 1358 1571 ἐπεφέρετο·
1377 1532 1398 1569 ᾧ
1413 1535 1465 1562 ὑπὸ
1479 1535 1605 1571 δαίμονος
1633 1535 1823 1569 ἑνεργουμένῳ

204 1577 314 1612 quando
342 1579 425 1605 etiam
450 1579 584 1607 celebrari
603 1580 629 1607 id
643 1585 781 1612 asserunt,
800 1584 913 1615 propter
925 1580 988 1607 Ser-

204 1624 277 1657 gium
304 1624 460 1658 quemdam,
492 1625 540 1660 qui
567 1625 631 1652 olim
659 1627 732 1659 apud
748 1634 795 1654 eos
806 1627 938 1660 martyrio
952 1626 989 1654 sit

205 1669 369 1697 defunctus:
386 1679 475 1698 veram
501 1672 561 1707 ejus
587 1672 719 1708 originem
744 1676 771 1700 et
784 1680 894 1699 causam
912 1680 989 1699 com-

206 1723 358 1743 memorare
378 1716 571 1751 detrectantes',
601 1726 663 1753 qua:
689 1718 827 1753 ejusmodi
855 1723 907 1746 est.
924 1718 989 1746 Ser-

205 1763 267 1795 gius
291 1763 401 1797 quidam
430 1764 502 1798 apud
534 1772 581 1792 eos
598 1765 692 1792 doctor
704 1772 798 1792 canem
814 1765 920 1794 habuit.
932 1771 987 1799 quo

207 1808 252 1835 ille
266 1818 280 1835 u
299 1809 421 1837 daemone
435 1811 547 1846 agitato,
561 1811 710 1846 plurimum
721 1811 859 1839 adventus
878 1811 920 1838 sui
940 1812 988 1838 de-

206 1855 343 1889 signatore
371 1860 454 1891 atque
483 1856 573 1885 indice
599 1865 665 1885 usus
690 1863 745 1886 est.
774 1858 844 1885 Huic
860 1858 988 1885 Arzihuri

207 1908 307 1927 nomen
331 1901 442 1936 indidit,
468 1903 540 1938 quod
556 1903 749 1931 Armeniorum
765 1904 857 1939 lingua
876 1904 989 1930 manda-

209 1951 295 1975 torem
310 1948 455 1983 signiﬁcat.
471 1949 539 1977 Cum
551 1957 616 1984 ergo
638 1950 665 1977 in
693 1950 802 1985 oppidis
817 1955 845 1977 et
860 1951 929 1977 vicis
942 1951 990 1977 ha-

208 1994 326 2022 bitantes
338 1995 464 2030 discipuli
480 1999 508 2023 et
523 2000 671 2023 sectatores
695 1997 755 2031 ejus
773 2003 867 2023 canem
886 2004 989 2031 praece-

207 2041 318 2068 dentem
351 2041 487 2074 viderent.
514 2042 621 2069 obviam
636 2043 675 2070 illi
695 2043 824 2077 magistro
837 2050 887 2070 suo
901 2043 987 2074 ibant,

208 2087 391 2122 cumdemque
412 2093 564 2122 praeeuntes
592 2088 790 2122 producebant.
821 2088 921 2115 Evenit
935 2096 986 2115 au-

210 2137 274 2165 tem,
298 2138 329 2160 ut
359 2140 455 2160 canem
479 2133 560 2169 lupus
592 2134 743 2161 devorarit.
759 2134 792 2161 Et
806 2134 918 2169 Sergius
931 2139 992 2169 post

209 2186 272 2205 cum
300 2178 384 2210 diem,
410 2186 465 2213 quo
491 2186 586 2206 canem
614 2180 793 2214 praemiserat,
818 2180 851 2208 ad
877 2188 924 2208 eos
937 2188 992 2215 quo

1040 1582 1073 1608 τὰ
1088 1580 1174 1607 πολλὰ
1188 1581 1202 1606 ὸ
1218 1581 1330 1615 Σέργιος
1351 1580 1400 1615 τῆς
1419 1581 1500 1607 αὑτοῦ
1533 1580 1686 1615 παρουσίας
1713 1580 1821 1614 μηνυτῇ

1039 1626 1150 1661 ἐχρῆτο·
1173 1625 1203 1652 ὃν
1229 1625 1460 1661 ’Δρτζιὸούρτζην
1478 1626 1581 1652 ὲκάλει·
1601 1626 1645 1652 τὸν
1669 1625 1824 1660 μανδάτορα

1039 1671 1068 1698 δὲ
1085 1671 1160 1706 παρὰ
1180 1672 1333 1707 Ἀρμενίοις
1347 1672 1362 1706 ἡ
1387 1671 1459 1703 λέξις
1473 1671 1559 1706 δηλοῖ.
1579 1671 1716 1706 Ὀπηνίκα
1733 1671 1824 1696 τοίνυν

1039 1718 1064 1744 οί
1080 1719 1108 1744 ἐν
1122 1717 1273 1752 πολιχνίοις
1286 1719 1333 1744 καὶ
1349 1718 1457 1752 κώμαις
1469 1718 1608 1749 οίκοῦντες
1624 1716 1708 1744 αὑτοῦ
1734 1716 1825 1750 μαθη-

1039 1765 1086 1790 ταὶ
1102 1765 1146 1790 τὸν
1163 1764 1234 1790 κύνα
1261 1764 1394 1799 προῖόντα
1419 1763 1525 1799 ἐώρων,
1541 1764 1581 1795 εἰς
1605 1764 1755 1801 ἀπάντησιν
1775 1763 1824 1790 τοῦ

1042 1810 1116 1844 σφῶν
1129 1809 1290 1836 διδασκάλου
1315 1810 1438 1846 ἐξῄεσαν,
1466 1810 1696 1845 προῦπαντῶντες
1721 1809 1823 1836 αὐτόν’

1041 1856 1148 1888 συμϐὰν
1161 1856 1190 1882 δὲ
1204 1856 1248 1882 τὸν
1266 1856 1336 1882 κύνα
1351 1855 1426 1890 λύκῳ
1439 1855 1589 1890 βρωθῆναι,
1613 1856 1627 1881 ὁ
1643 1855 1757 1890 Σέργιος
1775 1854 1825 1889 βα-

1040 1902 1117 1933 δίσας
1135 1902 1193 1936 μετ’
1213 1903 1322 1937 ἐκείνην
1342 1903 1392 1937 τὴν
1409 1902 1517 1937 ἡμέραν
1540 1901 1602 1928 καθ’
1621 1901 1653 1936 ῆν
1681 1901 1727 1926 τὸν
1755 1900 1826 1926 κύνα

1041 1947 1206 1983 προΰπεμψε
1238 1949 1306 1982 πρὸς
1343 1950 1390 1980 οὒς
1423 1947 1576 1982 ἀπεστάλη,
1608 1939 1660 1974 καί
1671 1947 1709 1982 μὴ
1735 1946 1827 1980 εὑρὼν

1042 1995 1261 2029 ὑπαντήσαντος,
1280 1994 1386 2029 βαρέως
1400 1994 1430 2021 τὸ
1466 1994 1572 2028 συμῦὰν
1592 1994 1718 2030 ἤνεγκεν,
1749 1993 1827 2020 Ἐπεὶ

1041 2041 1064 2067 δ’
1077 2042 1105 2072 ις
1120 2041 1233 2075 ὕστερον
1250 2040 1331 2074 μάθοι
1349 2040 1385 2071 ὡς
1396 2040 1569 2075 λυκόϐρωτος
1587 2041 1600 2067 ό
1612 2040 1686 2066 κύων
1703 2040 1826 2073 ἐγένετο,

1042 2085 1182 2117 διετάξατο
1199 2085 1352 2120 Ἀρμενίοις
1363 2085 1423 2112 καθ’
1437 2085 1553 2111 ἕκαστον
1583 2085 1706 2111 ἐνιαυτὸν
1717 2086 1746 2110 ἐν
1760 2084 1827 2120 ὠρι-

1043 2130 1157 2165 σμέναις
1171 2131 1289 2165 ἡμέραις
1306 2130 1447 2165 νηστεύειν
1464 2131 1533 2165 ὑπὲρ
1545 2130 1595 2165 τῆς
1609 2129 1656 2156 τοῦ
1673 2130 1754 2161 κυνὸς
1778 2130 1828 2156 αὺ-

1043 2176 1091 2202 τοῦ
1105 2176 1242 2210 τελευτῆς
1257 2177 1304 2202 καὶ
1322 2177 1469 2211 κατηφιᾷν,
1485 2176 1532 2203 καὶ
1548 2176 1769 2210 σκυθρωπάζειν,
1785 2176 1827 2201 ὅτι

211 2225 256 2251 ille
272 2224 382 2255 ,missus
407 2224 506 2256 fuerat,
532 2225 671 2259 profectus
695 2230 746 2258 est,
775 2231 803 2253 et
818 2234 893 2258 cum,
906 2226 951 2260 qui
965 2225 986 2252 ei

1044 2222 1072 2248 τὸ
1086 2223 1213 2249 τοσοῦτον
1224 2222 1326 2256 ἀγαθὸν
1340 2223 1373 2248 ὲκ
1403 2223 1486 2256 μέσου
1505 2222 1625 2256 ἐγένετο.
1654 2222 1708 2248 Καὶ
1723 2222 1753 2247 τὸ
1779 2221 1826 2247 τοῦ

211 2270 318 2297 obviam
336 2270 469 2304 prodiret,
491 2270 626 2298 inveniret
640 2273 788 2305 neminem,
804 2272 992 2307 graviteream

212 2324 269 2343 rem
301 2316 374 2343 tulit.
387 2316 422 2344 At
452 2321 595 2352 postquam
613 2318 715 2344 certior
731 2318 819 2345 factus
827 2322 878 2349 est.
892 2325 907 2345 a
928 2318 994 2353 lupo

211 2370 306 2390 canem
333 2362 493 2391 devoratum
520 2371 592 2396 esse,
625 2363 763 2391 Armeniis
797 2364 949 2398 mandavit,
963 2368 994 2392 ut

212 2410 368 2444 quotannis,
403 2409 503 2437 diebus
538 2411 626 2442 statis,
654 2410 689 2438 ob
717 2410 793 2438 canis
808 2411 869 2446 ejus
886 2411 994 2438 obitmn

209 2456 374 2492 jejunarenl,
396 2455 532 2490 lugerent,
564 2460 646 2490 atque
672 2461 823 2483 maererent
840 2465 847 2483 :
863 2457 935 2491 quod
951 2457 994 2484 vi-

212 2503 312 2530 delicet
338 2506 443 2529 tantum
476 2502 578 2528 bonum
601 2508 616 2529 e
647 2502 738 2529 medio
759 2502 896 2529 sublatum
909 2508 993 2530 esset.

211 2550 372 2584 Nomenque
401 2548 478 2575 canis
500 2547 605 2584 jejunio
629 2548 667 2581 ci,
697 2548 862 2576 Arziburum
894 2556 995 2584 cogno-

213 2596 360 2629 minantes,
386 2594 587 2628 imposuerunt.
619 2593 673 2622 Sed
700 2594 834 2621 hactenus
847 2594 882 2622 de
902 2595 996 2622 Mono-

213 2641 341 2677 physitis,
368 2645 397 2668 et
424 2641 580 2672 Tritheitis,
600 2645 628 2667 et
658 2640 799 2676 Agnoetis,
826 2645 854 2667 et
871 2640 996 2676 Theopa-

214 2687 321 2720 schitis,
335 2691 417 2721 atque
427 2686 700 2721 Aphthartodocetis,
711 2686 745 2713 de
756 2686 856 2721 quibus
870 2688 996 2720 proximo

215 2734 286 2761 libro
309 2733 398 2761 fusius
422 2733 593 2768 scripsimus,
613 2736 696 2767 atque
712 2732 778 2760 item
794 2733 829 2759 de
844 2732 995 2765 Jacobitis,

215 2779 363 2811 Armeniis,
394 2784 421 2807 et
449 2777 628 2810 Chazizariis,
641 2783 670 2805 et
683 2778 757 2809 aliis,
779 2777 863 2812 886
875 2785 994 2812 quorum

217 2826 294 2852 multi
317 2826 506 2860 superioribus
526 2824 697 2856 temporibus
709 2824 794 2850 duces
806 2824 884 2850 fuere
902 2828 930 2850 et
946 2824 996 2851 do-

217 2876 317 2903 ctores,
344 2869 462 2898 Nestorii
499 2869 622 2904 quidam,
646 2869 823 2904 Eutycheles,
858 2868 994 2902 Dioscori,

1043 2268 1123 2300 κυνὸς
1134 2267 1220 2302 ὄνομα
1235 2269 1269 2303 τῇ
1287 2267 1401 2303 νηστείᾳ
1423 2268 1518 2303 ἐκείνῃ
1545 2268 1688 2300 ἐπέθεντο,
1717 2267 1826 2301 Ἀρτςι-

1044 2313 1179 2348 δούρτξην
1202 2313 1451 2348 κατονομάσαντες.
1475 2312 1544 2340 Ἀλλ’
1560 2315 1589 2338 ἑν
1611 2312 1715 2344 τούτοις
1730 2313 1779 2347 μὲν
1792 2313 1827 2338 τὰ

1044 2360 1097 2387 τῶν
1112 2359 1306 2394 Μονοφυσιτῶν
1322 2359 1368 2386 καὶ
1381 2359 1530 2395 Τριθεῖτῶν
1547 2359 1595 2386 καὶ
1617 2359 1770 2393 ’Δγνοητῶν
1781 2358 1827 2384 καὶ

1045 2406 1246 2441 Θεοπασχιτῶν,
1259 2405 1306 2432 καὶ
1323 2405 1596 2441 Ἀφθαρτοδοκητῶν,
1613 2405 1679 2440 περὶ
1704 2402 1741 2431 ὧν
1759 2404 1828 2430 πλαο

1045 2452 1156 2487 τύτερον
1169 2453 1198 2479 ὲν
1210 2453 1243 2486 τῇ
1256 2451 1309 2486 πρὸ
1338 2451 1439 2485 ταύτης
1457 2451 1619 2485 διελάσομεν
1644 2449 1762 2485 ἱστορίᾳ·
1787 2449 1828 2476 ἑτι

1044 2499 1072 2525 δὲ
1084 2499 1148 2532 περί
1162 2506 1191 2524 τε
1210 2497 1384 2529 Ἰακωόιτῶν,
1400 2496 1552 2531 ’Δρμενίων
1562 2496 1609 2523 καὶ
1621 2495 1829 2530 Χατζιτζαριων

1046 2544 1092 2570 καὶ
1108 2543 1221 2578 ἑτέρων·
1238 2540 1275 2569 ὦν
1288 2542 1382 2568 πολλοὶ
1398 2543 1447 2576 μὲν
1460 2542 1580 2577 ἀρχηγοὶ
1604 2543 1651 2568 καὶ
1669 2539 1830 2576 καθηγηταὶ

1045 2589 1234 2622 διαγεγὸνασιν
1246 2588 1361 2615 ἄνωθενο
1375 2588 1518 2622 Νεστόριοί
1530 2596 1602 2618 τινες
1625 2588 1672 2614 καὶ
1698 2587 1830 2620 Εὐτυχεῑς

1047 2635 1095 2662 καὶ
1108 2635 1260 2669 Διόσκοροι,
1277 2635 1396 2668 Κναφείς
1408 2642 1439 2661 τε
1456 2635 1504 2660 καὶ
1518 2634 1644 2669 Σευῆροι,
1665 2634 1711 2660 καὶ
1734 2633 1830 2660 Θεοδός

1047 2691 1111 2715 σιοι,
1129 2681 1268 2709 ’ίουλιανοί
1283 2691 1313 2708 τε
1335 2682 1562 2718 Ἁλικαρνασσεῖς
1588 2682 1636 2708 καὶ
1651 2681 1753 2713 Γαῐνοὶ,
1781 2680 1831 2706 καὶ

1048 2729 1126 2759 ἄλλος
1140 2728 1260 2759 τοιοῦτος
1272 2727 1351 2762 χορδς
1362 2727 1512 2762 δυστυχῶψ
1524 2725 1563 2754 ὧν
1574 2727 1715 2754 δυσσεὸῶν
1728 2725 1831 2760 δογμά-

1047 2783 1101 2802 των
1115 2775 1160 2801 καὶ
1177 2773 1345 2808 σπουδαστὴς
1368 2776 1416 2800 καὶ
1441 2774 1590 2808 έφευρετὴς
1616 2773 1630 2798 ό
1660 2771 1832 2807 προρρηθεὶς

1053 2820 1180 2851 ’ίὰκωὸος
1196 2821 1317 2854 γέγονεν.
1332 2819 1377 2851 Ἐξ
1391 2815 1421 2845 οὗ
1436 2822 1482 2846 καὶ
1494 2819 1650 2846 ’ίακωῧίται
1665 2819 1694 2844 τὸ
1705 2819 1831 2844 πλεῖστον

1049 2867 1142 2902 Σύρων
1154 2865 1229 2896 ἔθνος
1248 2865 1311 2900 ἄχρι
1331 2865 1379 2892 καὶ
1404 2866 1433 2897 ἐς
1458 2866 1539 2901 δεῦρο
1564 2863 1830 2899 κατωνομάσθησαν.
