1926 3092
156 119 206 151 4M
772 114 984 144 NlCEPHORl
1006 113 1180 144 CALLISTI

1740 111 1794 143 452

155 177 253 212 quanti
275 181 400 211 tempore
422 174 582 210 depositum
603 179 647 202 est
662 181 765 208 corpus
786 174 816 201 ὃ.
832 173 947 200 Adriani

1029 181 1115 206 nepov
1145 170 1251 206 [ἐτέθη]
1272 171 1302 197 τὸ
1316 170 1445 204 λείψανον
1466 169 1515 196 τοῦ
1540 168 1621 203 ἁγίου
1649 169 1791 203 μάρτυρος

158 223 298 258 martyris,
315 223 478 257 episcopum
503 221 627 257 ejusdem
655 220 735 247 urbis
749 220 860 247 ordinat
883 219 946 247 Sta-

158 270 248 303 chyn,
278 276 364 295 unum
396 275 429 294 ex
464 266 640 301 septuaginta
676 265 838 299 discipulis,
869 265 950 300 cuius

1007 218 1161 253 Ἀδριανοῦ.
1179 217 1332 252 χειροτονεῖ
1352 217 1502 242 ἐπίσκοπον
1519 215 1569 250 τῆς
1589 214 1674 248 αὐτῆς
1689 213 1794 243 πόλεως

1001 263 1106 298 Στάχυν
1120 263 1170 289 ἕνα
1185 263 1240 288 τῶν
1253 264 1287 293 0',
1303 261 1333 288 οὖ
1351 259 1543 296 μνημονεύειὸ
1560 259 1708 290 ἀπόστολος
1724 258 1796 285 Παῦ-

161 315 331 341 meutionem
357 313 422 341 facit
448 313 551 340 Paulus
566 311 710 347 apostolus
726 311 754 338 in
770 310 896 345 Epistola
914 310 947 338 ad

1029 319 1045 341 ης
1061 311 1091 336 ἐν
1101 311 1134 346 τῇ
1149 310 1218 344 πρὸς
1237 308 1392 343 Ῥωμαίους
1403 306 1546 342 ὲπιστο>.ῇ’
1565 306 1610 332 καὶ
1621 306 1796 332 suscitemu-

161 359 312 387 Romanos.
328 359 353 387 Is
365 366 434 387 vero
444 358 636 394 episcopatum
657 356 743 393 gessit
755 356 836 384 anuis
850 356 895 384 16.

196 406 359 442 [Onesimus
371 405 378 440 ]
392 404 472 432 anuis
488 404 530 432 14.

196 453 364 487 Polyearpus
376 451 459 478 annis
478 450 522 477 18.

198 499 364 526 Plutarchus
379 497 460 525 annis
479 497 521 524 16.

199 545 334 572 Sedeciou
348 544 429 571 annis
444 543 471 571 9.

200 592 334 626 Diogenes
350 591 430 617 anuis
445 590 490 617 15.

200 637 378 665 Eleutherius
391 637 472 664 annis
485 637 510 663 7.

197 683 314 720 [Felix]
332 684 413 710 annis
428 683 457 710 5.

199 732 367 766 Polycarpus
387 731 468 757 annis
482 730 509 756 5.

199 777 231 804 Hi
259 777 379 812 primum
406 776 432 802 in
462 774 587 802 oratorio
613 773 777 809 Argyropoli
799 773 952 800 constituto

165 829 321 851 conventus
338 822 479 849 habebant
495 821 723 856 persecutionum
744 824 880 855 tempore.

202 913 408 941 Athenodorus.
429 931 437 939 .
459 930 467 938 .
505 909 628 938 oratorio
665 908 693 936 in
722 908 789 936 urbe
823 911 953 935 constru-

1001 364 1047 382 σιν
1064 355 1112 390 ιτη
1130 358 1178 388 ις’.

1037 401 1214 438 [Ὀνήσιμος]
1227 403 1274 437 ἐτη
1292 401 1334 429 ιδ’.

1037 449 1218 483 Πολύκαρπος
1235 449 1283 484 ἐτη
1304 449 1348 485 ιη’.

1039 496 1212 530 Πλούταρχος
1228 495 1275 531 ἔτη
1299 499 1348 529 ις’.

1037 543 1171 569 Σεδεκίων
1186 543 1234 578 ἔτη
1251 542 1283 569 0'.

1038 588 1170 623 Διογένης
1186 589 1233 624 ἔτη
1251 587 1294 615 ιε’.

1045 634 1215 670 Ἐλευθέριος
1233 635 1281 670 ἐτη
1297 635 1330 667 ζ’.

1041 679 1148 716 [Φῆλιξ]
1161 681 1207 716 ἔτη
1226 684 1256 708 ε’.

1041 727 1223 762 Πολύκαρπος
1236 728 1283 762 ἔτη
1299 732 1334 762 γ’.

1039 770 1121 799 Οὗτοι
1141 774 1171 799 τὸ
1185 774 1319 808 πρότερον
1332 775 1361 800 ὲν
1377 773 1415 808 τῷ
1429 772 1570 808 εὐκτηρίῳ
1584 772 1624 806 τῷ
1645 773 1673 798 ἐν
1695 771 1797 806 Ἀργυ-

1005 819 1116 854 ροπόλει
1131 819 1183 850 τὰς
1204 819 1329 852 συνάξεις
1341 818 1506 856 [ἐποιοῦντο]
1517 819 1587 845 κατὰ
1600 819 1663 849 τοὺς
1679 818 1796 852 γενομέ-

1006 873 1068 897 νους
1096 866 1247 901 διωγμούς.

1051 911 1237 948 Ἀθηνόδωρος
1249 933 1256 940 .
1271 934 1277 940 .
1294 933 1301 939 .
1318 933 1326 940 .
1344 931 1352 940 .
1372 932 1379 939 .
1396 912 1541 947 εὺκτήριον
1557 909 1632 938 οἶκον
1650 911 1748 942 κτίσας
1769 912 1798 937 ἐν

167 966 222 988 cto.
239 979 246 987 .
260 980 267 987 .
280 977 287 985 .
301 979 308 986 .
323 978 331 986 .
345 978 353 985 .
382 957 457 992 quod
487 961 582 991 postea
610 963 624 981 a
650 958 748 982 sancto
771 953 957 981 Constantino
1006 962 1039 995 τῇ
1054 960 1131 986 πόλει
1147 979 1155 987 ,
1171 979 1179 986 _
1194 978 1201 985 _
1217 980 1224 987 ,
1242 978 1250 986 _
1269 979 1276 987 ,
1291 959 1338 985 τδν
1354 959 1423 993 μετά
1438 959 1525 985 ταῦτα
1537 957 1589 985 δπδ
1607 958 1654 984 τοῦ
1665 958 1694 984 έν
1708 957 1798 991 ἁγίοις

169 1007 340 1042 imperatore
356 1005 542 1033 instauratum
558 1002 622 1034 fuit,
641 1001 679 1029 ibi
697 1000 830 1028 collectas
845 999 955 1035 agebat.

199 1095 320 1123 Euzoius
337 1095 420 1122 annis
433 1093 460 1120 6.

202 1142 369 1170 Laurentius
381 1140 472 1168 anuis.
485 1159 493 1167 .
507 1160 514 1167 .
528 1159 535 1166 .

202 1189 317 1224 Alypius
330 1188 412 1215 annis
428 1187 471 1220 15,
488 1187 630 1214 mensibus
643 1186 671 1218 6,

203 1236 334 1263 Perlinax
367 1234 408 1260 vir
429 1233 588 1261 consularis
613 1232 722 1260 ordinis
751 1231 884 1259 senatorii
908 1239 958 1259 an-

166 1281 209 1308 nis
224 1280 268 1308 19.

205 1327 254 1354 llic
279 1326 362 1353 aliam
389 1325 534 1352 ecclesiam
562 1322 695 1351 excitavit
711 1321 738 1350 in
763 1322 825 1349 loco
850 1321 958 1349 mariti—

169 1379 225 1404 mo,
241 1372 286 1399 cui
305 1378 406 1399 nomen
425 1370 512 1406 Sycaa,
530 1374 556 1397 et
572 1377 633 1397 eam
651 1368 738 1396 sedem
757 1368 865 1395 lreuem
890 1376 959 1394 nun-

166 1419 290 1453 Cllpnvil.

201 1465 393 1501 Olympiauus.
408 1484 414 1491 .
429 1483 436 1492 .
451 1483 460 1491 .

203 1511 361 1548 [Marcus].
376 1531 382 1538 .
395 1531 402 1538 .
415 1530 424 1538 .

144 1556 147 1559 λ
201 1558 379 1594 Cyrillianus.
395 1576 402 1584 .
417 1577 423 1584 .
439 1576 446 1583 .

204 1603 376 1640 [Castinus].
391 1623 398 1631 .
412 1623 420 1630 .
434 1622 441 1630 .

206 1651 256 1678 Hic
280 1649 404 1685 Byzantii
428 1649 455 1676 in
479 1649 540 1675 loco
557 1647 603 1675 cui
616 1654 717 1675 nomen
736 1646 872 1679 Petrium,
891 1653 950 1674 san-

167 1703 241 1724 ctam
257 1696 439 1732 Euphemiam
459 1694 599 1722 excitavit.
615 1714 622 1721 .
637 1712 645 1721 .
658 1713 665 1720 .
679 1712 686 1719 .
700 1711 709 1720 .
721 1712 730 1720 .

204 1744 283 1771 Titus
296 1743 377 1770 annis
394 1742 442 1773 55,
455 1740 600 1768 mensibus
614 1739 643 1767 6.

205 1788 349 1817 Dometius
379 1788 465 1814 frater
490 1786 572 1814 Probi
600 1785 779 1821 imperatoris
803 1784 884 1812 anuis
909 1785 955 1817 24,

168 1835 311 1862 mensibus
323 1833 350 1861 6.

204 1881 311 1908 Probus
326 1878 399 1906 ﬁlius
414 1878 530 1906 Dometii
549 1877 629 1905 annis
645 1876 715 1913 [12].

205 1925 399 1960 Metrophanes
426 1925 500 1953 ﬁlius
526 1923 656 1955 Dometii.
681 1923 767 1950 frater
786 1922 868 1952 Probi
896 1922 955 1957 epi-

167 1971 263 2007 scopi,
291 1971 469 2007 imperatoris
493 1978 559 1998 vero
575 1969 657 1997 Probi
685 1968 779 1997 fratris
803 1968 886 2002 ﬁlius,
907 1976 956 1995 au-

168 2018 212 2045 nis
228 2018 272 2045 10.

205 2063 264 2091 Hoc
283 2062 472 2097 episc0patum
492 2065 607 2097 gerente
633 2061 663 2089 S.
685 2061 887 2088 Constantinus
904 2060 964 2088 im-.

168 2114 281 2145 perator
301 2109 365 2136 belli
389 2109 415 2136 in
443 2108 580 2135 Licinium
605 2108 728 2142 suscepti
752 2115 834 2136 causa
852 2107 957 2143 Byzan-

169 2156 239 2183 tium
265 2155 341 2182 venit
364 2163 371 2182 :
400 2154 436 2181 ab
463 2161 554 2188 eoque
581 2153 840 2188 Constantinopolis
870 2153 956 2182 adifi-

168 2205 259 2230 catur.

205 2248 254 2275 Hic
273 2246 502 2283 [Metrophanes]
522 2247 617 2281 primae
636 2248 742 2282 synodo
759 2247 896 2280 interfuit,
925 2255 957 2276 ac

169 2294 277 2330 primus
291 2293 619 2328 Censtantinopolitanus
636 2293 793 2327 patriarcha
810 2293 873 2321 fuit.

207 2340 278 2368 Sunt
291 2341 384 2374 itaque
399 2339 523 2374 episcopi
543 2339 668 2374 Byzantli
692 2346 707 2365 a
723 2338 752 2366 S.
767 2338 876 2366 Andrea
891 2347 958 2374 apo-

168 2387 239 2415 stole
258 2393 345 2421 usque
361 2385 396 2412 ad
408 2385 614 2419 Metrophanem
630 2392 748 2412 numero
761 2383 832 2420 [20].

207 2475 314 2504 Deinde
342 2482 410 2502 vero
435 2474 601 2510 patriarchae
629 2475 681 2503 hoc
710 2472 808 2502 ordine
838 2473 957 2508 prdue-

169 2527 234 2550 runt
253 2530 261 2549 :

205 2567 401 2602 Metrophanes
416 2566 496 2594 annis
512 2566 555 2595 10.

205 2613 361 2641 Alexander
376 2613 457 2640 annis
473 2613 522 2645 95,
532 2612 584 2640 sub
605 2621 660 2648 quo
678 2613 763 2641 Arius
778 2614 886 2650 crepuit
896 2621 958 2647 ple-

170 2659 244 2687 dius.

207 2705 309 2734 Paulus
335 2705 486 2734 Confessor
515 2706 653 2736 Diaconus
676 2707 957 2744 Constantinopolita-

174 2762 228 2781 nus
258 2754 339 2782 annis
361 2755 388 2782 5.
413 2754 472 2782 [loc
493 2756 607 2791 expulso
630 2756 665 2784 ab
692 2757 859 2793 imperatore
883 2757 957 2786 Con-

171 2800 275 2828 stantio

205 2847 343 2876 Eusebius
367 2848 498 2883 Ariauus,
522 2849 569 2884 qui
591 2849 708 2884 primum
734 2850 838 2886 Beryti,
858 2849 957 2878 deinde

1009 1007 1217 1034 Κωνσταντίνον
1230 1006 1277 1033 τοῦ
1288 1006 1423 1041 βασιλέως
1435 1004 1694 1040 ἀνῳκοὼμηθέντα,
1707 1005 1799 1032 ἑκείςε

1007 1055 1057 1084 τὰς
1076 1052 1202 1086 συνάξεις
1220 1053 1351 1080 ἐποιεῖτο.

1044 1098 1164 1132 Εὺξώϊος
1178 1099 1227 1134 ἐτη
1243 1097 1280 1131 ς’.

1042 1146 1210 1181 Λαυρέντιος
1219 1146 1268 1181 ἔτη
1286 1166 1294 1174 .
1314 1165 1322 1174 .
1339 1166 1347 1173 .
1367 1165 1374 1173 .
1392 1164 1401 1173 .

1050 1190 1181 1222 ’Λλὺπιος
1194 1191 1241 1225 ἐτη
1256 1189 1290 1224 ιγ’
1293 1211 1301 1223 ,
1319 1191 1408 1226 μῆνας
1425 1193 1463 1223 ς’.

1044 1237 1182 1272 [Ιερτίναξ
1195 1237 1359 1269 ὑπατευκὼς
1370 1237 1525 1272 συγκλήτου
1538 1237 1587 1272 ἔτη
1604 1236 1656 1272 ιθ¹.ξ

1043 1322 1126 1355 Οὗτος
1143 1325 1244 1359 ἑτέραν
1258 1324 1410 1360 ἐκκλησίαν
1423 1325 1574 1360 ἀνέστησεν
1598 1325 1628 1351 ὲν
1654 1324 1693 1360 τῷ
1710 1333 1800 1360 παρα-

1009 1371 1150 1406 θαλασσίῳ
1174 1371 1250 1406 τόπῳ
1268 1371 1459 1406 ἐπιλεγομένῳ
1483 1371 1597 1404 Συκαϊς,
1612 1372 1731 1406 Είρήνην
1749 1370 1798 1397 τὸν

1008 1415 1084 1444 οἷκον
1100 1417 1303 1453 ὲπαγορεύσίις.

1050 1463 1238 1498 Ὀλυμπιανδς
1253 1483 1262 1492 .
1279 1483 1287 1491 .
1303 1484 1311 1491 .
1330 1484 1338 1492 .
1355 1483 1365 1493 .

970 1524 992 1553 c
1042 1509 1184 1546 [Μάρκος]
1200 1528 1207 1537 -
1227 1530 1234 1538 .
1253 1530 1260 1537 .
1279 1529 1287 1537 .
1307 1530 1314 1538 .

1045 1556 1225 1590 Κυριλλιανὸς
1243 1576 1250 1585 .
1268 1575 1276 1584 .
1294 1577 1301 1584 .
1314 1576 1322 1585 .
1338 1575 1346 1584 .

1045 1601 1204 1638 [Καστῖνος]
1218 1621 1225 1630 .
1246 1621 1254 1629 .
1272 1621 1280 1629 .
1297 1621 1304 1630 .
1325 1621 1332 1629 .

1046 1647 1132 1679 Οὗτος
1156 1648 1184 1674 ὲν
1212 1648 1354 1682 Βυζαντίῳ
1371 1649 1402 1676 ὲν
1426 1648 1576 1686 τοποθεσίᾳ
1602 1649 1802 1688 [ἐπιλεγομένη

1009 1692 1131 1729 Πιτρίῳι
1146 1694 1195 1729 τὴν
1211 1694 1293 1728 ἁγίαν
1307 1695 1454 1730 Εὗφημίαν
1473 1695 1581 1732 ἠγειρε.
1598 1714 1607 1723 .
1624 1717 1632 1724 .
1648 1714 1656 1724 .

1044 1741 1126 1772 Τῖτος
1143 1740 1191 1776 ἔτη
1209 1740 1258 1774 λε’,
1272 1742 1362 1776 μῆνας
1374 1741 1411 1774 ς’.

1042 1787 1172 1822 Δομέτιος
1185 1786 1299 1821 ἁδελφὸς
1321 1787 1427 1823 Πρόσου
1450 1788 1499 1815 τοῦ
1513 1788 1646 1823 βασιλέως
1669 1788 1718 1823 ἔτη
1746 1788 1799 1824 κδ’,

1010 1833 1100 1868 μῆνας
1118 1832 1158 1865 ς’.

1044 1880 1151 1915 Πρόσος
1163 1881 1178 1907 ό
1194 1881 1251 1912 υίὸς
1269 1879 1316 1907 τοῦ
1333 1881 1465 1917 Δομιτίου
1486 1881 1533 1917 ἔτη
1552 1881 1625 1918 [ιβ’].

1042 1927 1230 1962 Μητροφάνης
1252 1927 1266 1953 ό
1289 1928 1346 1959 υίὸς
1359 1927 1408 1956 τοῦ
1433 1924 1568 1962 Δομετίου
1585 1929 1727 1966 [ἀδελφὸς]
1750 1930 1800 1958 τοῦ

1007 1972 1245 2007 ἑπισκοπήσαντος
1272 1973 1398 2006 Πρόδου,
1421 1974 1590 2009 ἀδελφόπαις
1615 1975 1721 2011 Πρόεου
1750 1975 1800 2003 τοῦ

1009 2018 1144 2053 βασιλέως
1151 2038 1158 2050 ,
1171 2018 1220 2054 ιτη
1235 2018 1262 2046 ι’.

1049 2064 1112 2091 Ἐπὶ
1125 2064 1221 2091 τούτου
1246 2066 1260 2092 ὁ
1273 2066 1302 2092 ἐν
1317 2065 1408 2100 ἁγίοις
1432 2067 1639 2099 Κωνσταντϊνος
1669 2067 1800 2103 βασιλεὺς

1008 2109 1193 2145 παραγίνεται
1203 2111 1232 2138 ἂν
1244 2111 1386 2147 Βυζαντίῳ
1403 2113 1447 2140 διὰ
1469 2113 1516 2140 τὸν
1529 2115 1598 2150 πρὸς
1610 2115 1734 2142 Λικίνιον
1751 2116 1802 2142 πό-

1007 2156 1101 2191 λεμον,
1117 2156 1159 2192 ἐφ’
1173 2153 1204 2184 οὗ
1219 2158 1236 2192 ἡ
1254 2159 1540 2192 Κωνσταντινούπολις
1553 2161 1687 2192 κτίζεται.

1045 2252 1129 2287 Οὗτος
1142 2253 1176 2291 ἦν
1201 2257 1240 2288 είς
1257 2257 1307 2291 τὴν
1328 2257 1442 2292 πρώτην
1472 2257 1593 2289 σύνοδον,
1618 2259 1665 2285 καὶ
1688 2259 1799 2293 πρῶτος

1009 2302 1186 2338 πατριάρχης
1201 2303 1520 2335 Κωνσταντινουπόλεως
1538 2304 1654 2338 γίνετσι.

1046 2349 1124 2375 Εἰσὶν
1151 2347 1198 2376 οὖν
1227 2350 1374 2376 ἐπίσκοποι
1400 2350 1552 2382 Βυζαντίου
1574 2351 1627 2377 ἀπὸ
1646 2351 1694 2378 τοῦ
1718 2352 1800 2385 ἁγίου

1016 2395 1141 2430 Ἀνδρέου
1155 2395 1202 2424 τοῦ
1221 2395 1373 2423 ἀποστόλου
1385 2397 1469 2433 μέχρι
1481 2397 1530 2425 καὶ
1544 2397 1628 2424 αὑτοῦ
1645 2398 1801 2434 Μητροφά-

1010 2449 1072 2473 νους

1045 2485 1112 2514 Εἶτα
1127 2489 1258 2524 ἄρχονται
1277 2488 1364 2521 οὕτως
1375 2489 1401 2517 οἱ
1413 2489 1584 2525 πατριάρχαι
1594 2498 1602 2506 ·

1044 2579 1233 2614 Μητροφάνης
1245 2579 1292 2615 ἐτη
1311 2582 1338 2607 t'.

1050 2624 1228 2660 Ἀλέξανδρος
1243 2625 1292 2661 ἐτη
1304 2625 1359 2660 κγ’,
1375 2625 1420 2661 ἐφ’
1434 2623 1466 2654 οὗ
1478 2628 1494 2654 ὁ
1509 2627 1621 2664 ’Δρειος
1633 2628 1780 2664 summ.

1046 2713 1153 2745 Παῦλος
1177 2714 1306 2746 Διάκονος
1329 2715 1647 2748 Κωνσταντινουπόλεως
1672 2718 1800 2752 ὁόμολο-

1008 2760 1095 2795 γητὴς
1112 2758 1160 2794 ἔτη
1179 2758 1216 2794 γ’.
1231 2759 1333 2787 Τούτου
1351 2761 1516 2794 ὲξωσθέντος
1537 2763 1589 2790 ὑπὸ
1605 2765 1799 2791 Κωνσταντίου

1008 2805 1056 2832 τοῦ
1069 2804 1201 2840 βασιλέως

1046 2850 1177 2883 Εὐσέϐιος
1194 2852 1208 2878 ὁ
1231 2851 1372 2886 ’Δρειανὸς
1390 2854 1403 2880 ὁ
1419 2853 1553 2889 πρότερον
1575 2855 1724 2890 γενόμενος
1736 2875 1744 2884 .
1764 2874 1772 2883 .
1785 2873 1795 2884 .
