1926 3092
103 104 147 136 4Ξ3

545 103 770 135 ΕΝΑΒΒΛΉΟ
792 104 1059 137 ΒΕδΕΡΙΞΕΟΡῘΞ
1086 105 1232 136 CPOLIT.

1655 105 1708 138 454

102 162 220 199 Βηρυτοῦ,
246 159 307 189 εἶτα
339 161 502 197 μετατεθεὶς
532 162 795 198 ιὶςΝικομήδειαν,
825 160 864 188 κά

931 170 992 190 vero
1008 162 1197 191 Nicomediam
1214 162 1374 194 translatus.
1391 163 1502 191 demum
1515 164 1708 195 Coustantino'

102 210 222 246 μετελθὼν
238 209 278 241 είς
299 208 599 241 Κωνσταντινούπολιν,
615 209 662 235 καὶ
676 208 872 242 ἐπεσκόπησεν

99 260 140 284 ἐπὶ
151 259 191 284 ιβ’.

201 299 270 334 μετὰ
299 298 345 325 τὸν
362 298 478 325 θάνατον
504 298 602 326 τούτου
629 298 712 325 πάλιν
735 299 750 325 6
767 299 871 331 Παῦλος

99 346 301 375 ἀποκαθίσταται
313 345 361 371 καὶ⁹
372 351 380 378 t
392 344 585 379 παραχρῆμα)
600 344 763 372 ἐκϐάλλεται
780 346 827 372 καὶ
842 347 871 373 ὲν

98 392 233 426 Κουκουσῷ
248 390 416 426 ὲξορίζεται,
428 391 517 417 ἔκείσέ
528 399 557 417 τε
567 391 621 417 ὑπὸ
631 391 684 418 τῶν
698 391 869 427 (Ἀρειανῶν)

98 437 243 471 ἀναιρεῖται,
261 436 308 461 καὶ
319 435 517 470 χειροτονεῖται
533 434 591 461 ἀντ’
601 435 685 462 αὑτοῦ
703 435 870 467 Μακεδόνιος

97 481 265 515 πρεσϐύτερος
303 479 468 514 Ἐκκλησίας
509 480 825 513 Κωνσταντινουπόλεως
855 482 869 508 ὁ

97 529 154 554 [Ινευ
159 527 312 561 ματομάχος
331 526 378 560 ἔτη
391 526 423 552 ε’.

125 573 218 599 Τούτου
235 572 262 598 δὲ
277 571 544 606 ἁναθεματισθιντος
559 574 607 599 καὶ
623 572 803 607 ἐκϐληθέντος
817 573 869 600 ὑπο

95 619 271 645 Κωνσταντίου
292 618 416 650 Εὑδόξιος
432 619 446 644 ὁ
470 618 497 644 Ἀ
505 619 608 654 ρειανὺς
633 620 647 645 ὁ
663 618 798 654 πρότερον
813 620 868 646 ἀπὸ

93 663 278 698 Γερμανικείας
291 666 331 695 είς
347 665 527 699 Ἀντιόχειαν,
544 663 622 696 αὖθις
635 665 675 697 είς
691 665 866 693 Κωνσταντι-

93 710 207 736 ιούπολιν
219 710 414 745 ὲπεσκόπησεν
429 710 476 744 ἔτη
493 710 526 742 ζ’.
541 710 543 712 ’
820 707 822 709 ’

119 756 269 790 Δημόφιλος
293 755 434 790 Ἀρειανὸς
452 757 567 792 Βεροίας
582 757 633 792 τῆς
658 758 686 784 ἐν
702 758 797 794 Θρᾴκῃ
813 757 864 784 πό-

90 800 150 832 λεως
163 802 311 832 ἐπίσκοπος
326 802 372 828 καὶ
396 802 514 829 ἐνταῦθα
535 803 545 838 (
557 803 732 838 μετατεθεὶς)
748 804 865 832 ἐπεσκό-

91 855 167 881 πησιν
181 846 227 882 ἐτη
246 846 290 882 ιβ’,
305 849 395 882 μῆνας
411 847 443 876 ε’.

119 891 248 927 Εὑάγριος
278 891 418 927 ὀρθόδοξος
443 893 495 920 ὑπὸ
520 894 673 922 Εὑσταθίου
698 895 866 931 Ἀντιοχείας

89 938 275 973 χειροτονηθεὶς
294 938 340 974 ἐτη
357 938 395 974 ς’,
414 941 462 968 καὶ
473 941 601 977 ἐπέμφθη
616 942 656 974 είς
668 942 780 977 ὲξορίαν
792 944 866 979 παρὰ

88 984 239 1015 Οὐάλεντος.

117 1030 266 1066 Γρηγόριος
281 1031 295 1058 6
320 1030 477 1064 Ναζιανζοῦ
492 1033 505 1058 ὁ
521 1032 656 1068 Θεολόγος
679 1034 865 1071 (ὃς)ὲπεσκό-

88 1085 165 1111 πηοεν
180 1077 227 1112 ἐτη
245 1077 291 1112 ιβ’.

117 1123 167 1150 Καὶ
184 1124 384 1155 ἐπανελθόντος
399 1125 439 1156 είς
456 1125 506 1160 τὴν
525 1125 593 1152 ίδίαν
611 1128 741 1163 πατρίδα,
759 1129 867 1157 Νεκτά-

87 1175 136 1203 ριος
150 1168 337 1204 ἁξιωματικδς
349 1169 480 1206 ὑπάρχων
506 1171 681 1206 Χριστιανῶν
695 1175 866 1209 κατηχούμε·

86 1223 132 1247 νος,
147 1216 261 1250 μηδέπω
275 1216 305 1242 δὲ
322 1216 407 1250 θιγὼν
433 1215 482 1243 τοῦ
512 1217 711 1253 βαπτίσματος,
739 1220 798 1255 ἅμα
818 1221 865 1247 καὶ

85 1262 275 1296 χειροτονεῖται
290 1261 337 1288 καὶ
347 1261 511 1296 βαπτίζεται
527 1263 579 1289 ὑπὸ
595 1263 645 1299 τῆς
659 1264 740 1298 ἁγίας
755 1266 864 1292 συνόδου

84 1307 131 1334 τῶν
145 1311 193 1343 ρν’,
223 1308 274 1335 καὶ
298 1310 499 1345 χειροτονηθεὶς
524 1311 715 1346 ὲπεσκόπησεν
739 1312 787 1347 ἐτη
815 1312 863 1345 ις’,

85 1356 164 1391 μῆνας
179 1357 214 1391 Y-

118 1402 246 1438 Ἰωάννης
266 1404 452 1439 πρεσϐύτερος
465 1403 631 1438 Ἀντιοχείας
641 1406 655 1431 ὁ
673 1405 865 1439 Χρυσόστομος

83 1447 125 1482 ἔτη
141 1451 171 1480 ε’,
187 1452 280 1485 μῆνας
296 1453 325 1482 ς’
340 1469 350 1478 .
365 1470 373 1478 .
390 1470 398 1478 .
413 1470 422 1479 .
440 1450 591 1486 ἑξορισθεὶς
616 1452 645 1477 ἐν
665 1451 804 1486 Κουμὰνῳ
814 1451 864 1485 τῆς

79 1492 200 1529 δευτέρας
218 1495 359 1531 ἐπαρχίας
374 1496 429 1522 τῶν
456 1496 618 1532 Ἀρμενίων,
638 1497 801 1532 ἐτελεύτησε
818 1498 865 1523 καὶ

82 1540 152 1576 ἐτέθη
167 1542 237 1575 μετὰ
258 1541 307 1568 τοῦ
322 1542 450 1577 λειψάνου
465 1542 513 1569 τοῦ
531 1542 610 1577 ἁγίου
626 1543 765 1579 μάρτυρος
784 1543 865 1570 Βασι-

80 1586 176 1616 λίσχου.

122 1635 266 1671 Αρσάκιος
278 1636 464 1672 πρεσϐύτερος
474 1637 524 1672 τῆς
539 1638 702 1673 Ἐκκλησίας
718 1638 864 1664 Κωνσταν·

80 1683 267 1715 τινουπόλεως,
291 1682 407 1717 ἀδελφὸς
430 1684 586 1719 Νεκταρίου
606 1684 654 1712 τοῦ
666 1684 865 1720 προλεχθέντος

79 1728 142 1760 μετὰ
153 1729 203 1764 τὴν
214 1729 238 1756 Χ
243 1730 418 1764 ρυσοστόμου
429 1730 558 1766 ἐκϐολὴν,
567 1731 759 1766 ἐπεσκόπησεν
770 1730 819 1765 ἐτη
829 1730 864 1765 β’.

114 1773 237 1807 ’Δττικδς
265 1775 453 1812 πρεσϐύτσρος
479 1776 529 1813 τῆς
553 1777 865 1809 Κωνσταντινουπόλεως

78 1819 119 1856 ἔτη
134 1824 169 1849 κ’.

109 1867 243 1900 Σισίννιος
260 1867 449 1903 πρεσϐύτερος
469 1868 787 1901 Κωνσταντινουπόλεως
805 1868 864 1901 ἔτος

77 1916 107 1942 α’.
121 1914 209 1948 μῆνας
230 1913 259 1941 ι’.

107 1959 259 1996 Νεστόριος
271 1961 459 1996 πρεσϐύτερος
470 1961 518 1997 τῆς
526 1961 690 1997 Ἐκκλησίας
698 1962 864 1998 Ἀντιοχείας

76 2006 208 2040 αἱρετικδς
226 2007 278 2042 ἐτη
305 2005 342 2040 γ’,
370 2007 458 2042 μῆνας
485 2007 520 2042 β’.
539 2005 624 2040 Οὗτος
647 2008 800 2044 καθῃρέθη,
817 2009 864 2035 καὶ

76 2051 110 2082 είς
124 2051 236 2088 ὲξορίαν
250 2054 282 2079 ὲν
294 2053 388 2080 Ὀἀσει
403 2053 603 2089 ἐπέμιρθηίιᾷ
613 2055 668 2090 ὅσῳ
688 2055 704 2090 ἡ
716 2057 740 2088 γ’
755 2055 864 2089 ἐγένετο

76 2098 190 2131 σύνοδος.

105 2145 286 2180 Μαξιμιανδς
303 2145 489 2180 πρεσϐύτερος
502 2147 814 2179 Κωνσταντινουπόλεως
825 2148 864 2184 τῷ

75 2191 145 2224 γένει
161 2192 212 2225 ἐτη
244 2192 281 2226 β’,
297 2192 407 2226 ἡμέρας
422 2194 454 2219 ι’.

106 2237 230 2271 Πρόκλος
245 2239 260 2264 ό
280 2236 328 2263 τοῦ
348 2237 546 2272 Χρυσοστόμου
568 2237 694 2273 μαθητὴς
717 2237 793 2273 παρὰ
818 2238 864 2265 τοῦ

77 2284 279 2318 κρολεχθέντος
307 2283 441 2309 Σισιννίου
481 2284 685 2319 χειροτονηθεὶς
718 2284 865 2315 ἐπίσκοπος

74 2329 205 2361 Κυζίκου,
227 2330 285 2356 καὶ
310 2329 348 2365 μὴ
364 2329 471 2364 δεχθεὶς
492 2328 598 2365 [παρὰ]
627 2329 682 2357 τῶν
701 2330 802 2362 ἐκεῖσε,
819 2331 865 2356 καὶ

72 2375 114 2401 τὸν
131 2375 239 2411 μεταξὺ
258 2375 399 2410 σχολάσας
425 2376 534 2410 χρόνον,
563 2377 632 2410 μετὰ
648 2376 764 2404 θάνατον
779 2375 866 2408 Maii.-

73 2421 177 2454 μιανοῦ,
190 2422 236 2449 ὅτι
250 2420 302 2447 τοῦ
316 2421 444 2455 λειψάνου
459 2421 541 2447 αὐτοῦ
560 2422 688 2457 κειμένου
704 2423 732 2448 ὲν
742 2423 776 2457 τῇ
792 2422 866 2456 ἱερα-

71 2466 151 2499 τεῖῳ·
175 2487 183 2494 .
200 2486 208 2494 .
225 2486 234 2494 .
255 2484 265 2494 ρ
287 2485 296 2493 .
311 2485 319 2493 .
332 2466 540 2502 ,ἐνθρονίζεται
563 2469 596 2502 τῇ
622 2468 691 2503 αὐτῇ
727 2468 865 2504 ἁγιωτάτῃ

73 2513 177 2548 μεγάλῃ
209 2512 369 2548 Ἐκκλησία
387 2532 395 2540 .
412 2532 420 2540 .
440 2532 448 2540 .
465 2532 473 2540 .
494 2532 503 2540 .
521 2532 529 2540 .
544 2514 736 2549 ὲπεσκόπησεν
755 2513 803 2548 ἐτη
821 2512 864 2548 ιβ’,

73 2559 159 2592 μῆνας
177 2557 214 2592 γ’-

101 2605 260 2636 Φλαϐιανδς
274 2604 462 2642 πρεσϐύτερος
477 2607 793 2638 Κωνσταντινουπόλεως
803 2606 866 2638 ἔτος

70 2649 100 2683 α’,
122 2651 218 2686 μῆνας
243 2654 274 2678 ι’.

101 2698 206 2724 Τούτου
229 2697 414 2732 φονευθέντος
438 2699 513 2734 παρὰ
531 2699 577 2726 τοῦ
591 2699 738 2731 δυσσεϐοῦς
755 2700 866 2727 Διοσκό-

71 2751 124 2776 pou,
151 2743 321 2774 Ἀνατὸλιος
355 2744 543 2780 πρεσϐύτερος
581 2747 629 2773 καὶ
658 2747 866 2782 ἀποκρισιὰριος

71 2788 114 2823 τῆς
142 2788 309 2823 ἐκκλησίας
338 2789 546 2826 Ἀλεξανδρείας
576 2795 784 2828 χειροτονεῖται,
818 2793 865 2820 καὶ

72 2835 146 2869 ἄρχει
161 2835 216 2870 ἔτη
231 2833 275 2869 η’,
295 2834 385 2869 μῆνας
399 2834 433 2871 η’.

923 208 1006 241 polim
1025 209 1143 241 transiit,
1159 208 1286 242 seditque
1305 209 1384 236 annis
1400 209 1443 236 12.

959 298 1023 325 Post
1048 298 1109 332 ejus
1132 296 1238 325 obitum
1256 298 1356 326 Paulus
1373 299 1542 332 restituitur.
1559 302 1706 337 statimque

921 343 1043 379 ejicitur,
1057 349 1086 371 et
1104 343 1243 371 Cucusum
1264 345 1412 380 relegatus,
1427 345 1465 373 ibi
1480 346 1514 374 ab
1528 347 1639 376 Arianis
1655 355 1705 376 oc-

921 390 1035 421 ciditur,
1052 390 1167 425 ejusque
1192 391 1253 417 loco
1279 391 1423 419 ordinatur
1446 392 1625 422 Mazedonius
1645 402 1704 430 pre-

921 436 1015 470 sbyter
1037 435 1170 463 Ecclesiae
1185 435 1500 471 Constantinopolitanae
1517 439 1605 468 sancti
1618 439 1705 475 Sp‘ri-

922 486 966 508 tus
980 487 1165 516 oppugnator,
1183 481 1231 516 qui
1249 481 1322 510 sedit
1337 484 1419 511 annis
1438 484 1465 511 5.

955 572 1012 600 Hoc
1027 578 1119 600 autem
1137 573 1313 600 anathemate
1327 581 1460 609 percusso
1471 579 1501 602 et
1514 582 1530 603 a
1542 576 1704 606 Constantio

918 618 1009 654 ejecto
1026 618 1168 646 Eudoxius
1187 618 1307 646 Arianus
1322 620 1368 654 qui
1386 621 1503 654 primum
1523 621 1704 652 Germanici:

918 664 1021 692 deinde
1047 665 1202 692 Antiochiae
1217 666 1366 701 episcopus
1389 665 1491 700 fuerat,
1507 667 1704 697 Constantino-

914 710 974 746 poli
993 711 1067 739 sedit
1082 704 1163 740 annis
1178 711 1204 738 7.

954 758 1135 793 Demophilus
1151 758 1272 786 Arianus
1288 758 1392 786 Herceas
1409 759 1436 786 in
1460 759 1577 788 Thracia
1591 761 1701 796 episco~

917 812 968 839 pus
984 809 1013 832 et
1030 805 1084 832 huc
1099 805 1258 837 translatus.
1275 805 1348 833 sedit
1361 805 1413 832 sub
1428 804 1541 834 Valente
1557 808 1640 835 anuis
1657 807 1702 839 li.

882 852 903 879 Β
917 849 1059 877 mensibus
1076 850 1102 877 5.

954 897 1090 932 Evagrius
1117 896 1289 924 ortbodoxus
1310 897 1344 924 ab
1360 897 1506 926 Eustathio
1527 899 1701 928 Antiocheno

916 943 1062 971 ordinatus
1076 943 1158 972 annis
1171 943 1199 975 6,
1215 948 1243 972 et
1260 943 1287 970 in
1303 944 1431 971 exsiliunt
1442 952 1457 971 a
1472 945 1584 973 Valente
1598 946 1700 974 missus

916 996 968 1017 est.

951 1035 1103 1071 Gregorius
1129 1037 1322 1066 Nazianzenus
1338 1038 1506 1074 Theologus,
1520 1039 1568 1074 qui
1591 1039 1699 1074 episco-

916 1087 1009 1116 patum
1026 1083 1114 1110 tenuit
1129 1084 1209 1111 annis
1226 1084 1267 1112 12.

952 1129 1068 1164 Ipsoque
1085 1130 1113 1157 in
1132 1130 1249 1165 patriam
1263 1139 1377 1159 reverso
1396 1132 1542 1159 Nectarius
1554 1131 1595 1158 vir
1608 1130 1700 1166 digni-

916 1179 971 1203 tate
997 1176 1183 1210 conspicuus,
1209 1179 1423 1205 catechumenos
1455 1177 1698 1213 Christianorum,

915 1221 1037 1249 nondum
1054 1222 1220 1257 baptizatus,
1237 1225 1321 1251 simul
1341 1224 1487 1252 ordinatur
1501 1230 1528 1251 et
1542 1224 1699 1259 baptizatur
1742 1260 1744 1262 τ

913 1275 930 1294 a
945 1273 1040 1296 sancta
1052 1269 1157 1304 synodo
1177 1275 1288 1297 centum
1301 1276 1330 1298 et
1343 1270 1542 1305 quinquaginta
1552 1271 1698 1305 episcopo-

915 1322 989 1343 rum.
1006 1315 1086 1343 Sedit
1100 1317 1181 1344 anuis
1195 1317 1239 1349 l6,
1259 1318 1401 1364 mensibus
1414 1317 1441 1345 3.

952 1405 1073 1432 Joannes
1099 1406 1245 1440 presbyter
1270 1406 1458 1433 Antiochenus
1485 1406 1699 1443 Chrysostomus

915 1453 996 1480 annis
1027 1451 1054 1484 5,
1084 1451 1227 1479 mensibus
1253 1452 1280 1478 6.
1306 1451 1454 1486 Relegatus
1480 1453 1509 1480 in
1535 1452 1699 1484 Comanum,

915 1499 990 1534 quod
1006 1503 1048 1526 est
1065 1499 1093 1525 in
1115 1498 1236 1525 secunda
1255 1499 1395 1532 provincia
1412 1499 1604 1530 Armenorum,
1617 1499 1697 1531 obiit,

916 1550 945 1573 et
965 1545 1116 1580 depositus
1141 1549 1183 1572 est
1208 1551 1271 1572 cum
1302 1544 1429 1579 reliquiis
1455 1545 1543 1572 sancti
1568 1545 1698 1581 martyris

916 1591 1050 1619 Basilisci.

950 1637 1083 1664 Arsacius
1098 1637 1246 1672 presbyter
1262 1637 1391 1665 Ecclesiae
1414 1638 1698 1674 Constantinopolita—

915 1691 968 1716 nae,
984 1683 1070 1711 frater
1093 1684 1149 1718 jam
1172 1684 1316 1711 memorati
1340 1683 1474 1717 Nectarii,
1496 1689 1557 1719 post
1580 1685 1698 1720 ejectum

915 1730 1143 1765 Chrysostomum
1159 1729 1349 1764 episcopatum
1365 1730 1454 1757 tenuit
1468 1730 1549 1757 annis
1565 1731 1593 1758 2.

949 1775 1058 1803 Atticus
1104 1775 1246 1811 presbyter
1288 1774 1612 1811 Constantinopolituuus
1651 1785 1697 1804 an<

917 1820 959 1848 nis
973 1820 1020 1847 20.

953 1866 1094 1894 Sisiunius
1119 1865 1264 1901 presbyter
1278 1865 1610 1901 Constantinopolitanus,
1625 1873 1696 1894 anno

916 1919 982 1945 uno,
1001 1911 1143 1939 mensibus
1159 1911 1202 1939 l0.

950 1957 1098 1985 Nestorius
1115 1957 1260 1993 presbyter
1276 1956 1405 1985 Ecclesiae
1417 1957 1598 1985 Antiochena:
1611 1957 1696 1985 baere~

916 2005 989 2032 ticus
1004 2004 1084 2032 annis
1097 2005 1124 2035 5.
1139 2004 1281 2031 mensibus
1298 2004 1326 2031 ‘2.
1342 2003 1393 2033 Hic
1408 2003 1549 2038 depositus
1561 2004 1588 2031 in
1604 2003 1696 2031 Oasim

915 2051 1017 2079 missus
1040 2055 1082 2077 est
1099 2050 1126 2077 'm
1141 2049 1283 2082 exsilium,
1300 2049 1366 2077 dum
1384 2050 1467 2077 tertia
1482 2049 1603 2084 synodus
1623 2049 1696 2078 cele-

915 2097 1054 2124 braretur.

951 2143 1134 2170 Maximianus
1159 2143 1302 2178 presbyter
1324 2150 1425 2178 genere
1442 2142 1696 2178 Constantinopoli-

879 2191 902 2219 D
917 2195 996 2218 tanus
1010 2190 1089 2218 annis
1105 2190 1132 2222 2,
1144 2189 1241 2218 diebus
1252 2189 1278 2217 5.

952 2235 1067 2263 Proelus
1084 2235 1274 2270 Cltrysostomi
1291 2235 1454 2269 disoipulus.
1472 2242 1486 2262 a
1507 2235 1640 2270 praedicto
1657 2235 1696 2262 Si-

915 2282 1007 2310 sinnio
1039 2281 1182 2309 ordinatus
1203 2281 1351 2316 episcopus
1378 2281 1548 2316 Cyziceuus,
1574 2288 1626 2308 nec
1651 2281 1695 2308 ad-

918 2327 1018 2355 missus
1034 2335 1049 2354 a
1064 2327 1186 2360 civibus,
1199 2335 1262 2354 cum
1278 2327 1384 2355 interea
1398 2332 1532 2361 vacasset,
1549 2332 1611 2363 post
1624 2335 1696 2356 mor-

918 2377 972 2400 tem
989 2372 1159 2405 Maximiani,
1179 2380 1243 2400 cum
1260 2373 1352 2400 adhuc
1367 2374 1428 2408 ejus
1438 2374 1556 2402 cadaver
1568 2375 1595 2401 in
1612 2375 1696 2401 sacris

917 2419 1009 2455 adytis
1031 2419 1149 2453 iaceret.
1168 2418 1198 2446 in
1213 2419 1309 2446 cadent
1327 2419 1387 2452 ipsa
1413 2419 1507 2454 Magna
1526 2419 1648 2447 Ecclesia
1664 2419 1695 2446 ad

918 2465 1049 2492 thronum
1064 2464 1203 2493 evehitur.
1216 2483 1225 2492 .
1238 2484 1247 2492 .
1258 2483 1266 2491 .
1277 2483 1286 2493 .
1297 2484 1306 2493 .
1317 2483 1325 2492 .
1351 2465 1421 2492 sedit
1440 2464 1520 2497 annis
1534 2465 1578 2497 12,
1595 2464 1695 2493 mensi-

916 2511 968 2539 bus
982 2511 1009 2538 5.

953 2615 1100 2643 Flavianus
1124 2616 1269 2652 presbyter
1293 2615 1617 2650 Constantinopolitanus
1649 2623 1695 2644 an-

916 2669 954 2688 no
970 2661 995 2692 1.
1011 2662 1153 2689 mensibus
1169 2662 1212 2690 10.

952 2706 1022 2734 Cum
1045 2707 1069 2735 is
1093 2711 1128 2735 ab
1149 2707 1235 2743 impio
1260 2709 1389 2738 Dioscoro
1417 2709 1578 2738 interfectus
1604 2713 1695 2741 esset.

916 2753 1061 2780 Anatolius
1075 2754 1221 2789 presbyter
1234 2759 1262 2782 et
1280 2755 1478 2790 apocrisiarius
1491 2756 1620 2784 Ecclesiae
1633 2757 1695 2784 Ale-

917 2797 1061 2826 xandritta:
1083 2799 1239 2833 ordinatur,
1261 2806 1414 2837 pricestque
1439 2802 1519 2830 annis
1544 2801 1571 2837 8,
1594 2803 1695 2832 mensi-

917 2843 968 2870 bus
986 2844 1012 2871 8.
