1926 3092
183 134 236 166 455

802 124 1013 156 NJCEPHORI
1032 123 1206 154 CALLISTI

1071 65 1083 80 v

1763 113 1816 144 416

221 191 384 221 Gennadius
408 190 556 226 presbyter
580 186 905 222 Constantinopolitanus
928 192 993 216 ana

1063 183 1205 213 Γεννάδιος
1218 180 1406 217 πρεσϐύτερος
1418 174 1748 206 ’Κωνσταντινουπόλεως
1765 174 1815 210 εςη

186 239 240 266 nis.
253 258 260 265 .
270 259 277 266 .
298 237 441 265 mensibus
454 237 482 265 5.

223 286 341 313 Aeacius
369 284 514 319 presbyter
529 280 853 316 Constantinopolitanus
878 282 906 305 et
929 285 974 305 or-

188 331 343 365 phanorum
366 335 479 356 curator
494 329 584 355 annis.
597 347 603 354 .
617 348 624 355 .
642 327 794 354 mensibus.
808 345 814 353 .
830 346 836 353 .

227 378 354 405 Phrailas
382 375 529 410 presbyter
558 378 659 401 sanctae
699 373 808 400 Thecla:
843 372 976 408 Sycarum

190 423 333 451 mensibus
351 421 378 452 5,
397 420 497 447 diebus
516 420 559 446 l7.
576 419 651 446 Zeno
666 419 742 445 illum
758 418 858 446 evexit.

226 468 344 496 Aeacius
363 467 508 502 presbyter
526 465 673 493 hereticus
692 465 744 492 sub
766 463 915 491 Anastasio
934 462 979 490 Di-

190 523 255 542 coro
284 513 365 541 annis
380 514 423 545 l7,
437 512 580 540 mensibus
593 512 620 538 9.
636 511 685 538 Hic
699 514 759 537 erat
773 511 857 537 etiam
878 509 979 544 orpha-

191 569 289 589 IIOI'IIIII
307 565 429 587 curator.

226 607 399 642 Euphemius
426 605 582 640 presbyter‘
599 602 927 637 Constantinopolitanus
952 605 981 629 et

192 661 347 689 pauperum
372 657 486 679 curator
512 650 665 685 Neapoleos
685 649 765 676 annis
781 656 829 676 sex
852 656 915 676 cum
940 648 982 675 di-

193 701 290 728 midio.

229 747 269 774 Eo
282 745 316 773 ab
331 744 476 772 Anastasio
497 744 666 778 imperatore
681 743 782 778 eiecto,
799 746 911 770 creatur
928 742 984 769 Ma-

194 791 330 819 cedonius
342 791 486 824 presbyter
500 788 828 823 Constantinopolitanus
842 808 848 819 .
864 792 891 814 et
904 795 985 815 vaso-

197 845 258 864 rum
288 842 394 868 custos,
418 836 465 870 qui
492 835 565 863 sedit
590 835 672 861 annis
689 833 733 866 16,
756 833 899 861 mensibus
912 833 939 865 7,
956 837 984 860 et

196 882 327 916 expulsus
341 887 384 908 est
401 881 436 907 ab
452 880 608 908 Anastasio.

233 925 398 953 'l‘inmtbeus
423 925 569 960 presbyter
596 922 937 958 Constantinopolitanus,
957 927 985 949 et

197 979 328 1000 vasorum
345 976 450 1004 custos,
463 970 542 997 annis
558 970 584 1003 6,
599 976 663 997 cum
687 968 815 1002 dimidio,
828 967 881 996 sub
903 967 988 994 Justi-

198 1019 283 1045 niano
302 1017 411 1052 Magno.

234 1065 356 1091 Joannes
372 1062 520 1098 Cappadox
539 1062 683 1097 presbyter
704 1065 732 1089 et
756 1060 895 1097 syncellus
913 1059 988 1087 Con-

200 1111 398 1146 stantinopohs
426 1110 478 1137 sub
508 1109 667 1136 Justiniano
694 1115 768 1136 anno
795 1115 861 1140 uno,
882 1106 986 1133 mensi-

200 1157 253 1184 bus
269 1157 312 1183 10.

203 1232 215 1242 κ
239 1201 411 1237 Epiphanius
442 1201 587 1236 presbyter
614 1199 938 1235 Constantinopolitanus
959 1202 989 1226 et

202 1249 340 1284 syncellus
355 1248 436 1275 annis
452 1248 496 1280 it},
513 1247 655 1274 mensibus
670 1247 698 1273 3.

238 1294 389 1321 Anthimus
416 1293 506 1328 primo
530 1291 766 1326 Trapezuntiuus,
790 1291 891 1319 deinde
915 1291 990 1319 Cou-

204 1339 472 1373 stantinopolitanus
502 1345 611 1373 praeses,
635 1334 779 1365 mensibus
803 1337 911 1366 decem.
939 1337 990 1365 Hie

204 1385 348 1421 depositus
367 1389 409 1412 est
430 1391 444 1411 a
462 1384 566 1419 synodo
580 1389 678 1411 contra
699 1383 832 1411 Severum
850 1389 879 1411 et
893 1389 990 1411 contra

205 1433 294 1467 ipsum
308 1431 470 1459 Anthimum
486 1435 592 1457 coacta.

240 1477 334 1505 Menas
358 1476 501 1512 presbyter
514 1475 852 1510 Constantinopolitanus,
868 1480 896 1502 et
922 1482 991 1510 pra!-

1030 237 1271 259 ....μηνιςγ.

1080 249 1087 256 .
1105 249 1113 257 .
1173 237 1221 259 νας
1264 248 1271 256 .

1069 230 1197 306 “uti;
1217 227 1404 308 πῖεσϐύτερος
1435 269 1751 300 Κωνστανσινουπόλεως
1768 268 1818 294 καὶ

1028 321 1231 357 ὀρφανοτρόφος
1247 320 1294 354 ἔτη
1317 339 1324 346 .
1341 336 1348 345 .
1367 338 1374 345 .
1392 337 1399 345 .
1416 317 1505 352 μῆνας
1522 335 1529 342 .
1546 336 1552 343 .
1569 335 1576 342 .
1595 335 1602 342 .

1064 368 1184 402 Φραϊτας
1212 365 1401 400 πρεσϐύτερος
1414 363 1464 398 τῆς
1491 362 1573 396 ἁγίας
1598 360 1704 394 Θέκλης
1721 358 1817 385 Συκῶν

1032 413 1120 449 μῆνας
1133 412 1167 447 γ’,
1182 412 1290 448 ἡμέρας
1308 412 1351 443 ιζ’.
1377 411 1406 438 ’0
1417 411 1512 445 Ζήνων
1525 408 1667 442 ἐποίησεν.

1072 459 1200 490 ’Δκάκιος
1227 457 1414 493 πρεσϐύτερος
1428 454 1565 490 αίρετικος
1581 454 1627 480 ἐπὶ
1642 451 1821 479 ’Δναστασίου

1031 506 1078 532 τοῦ
1111 505 1227 540 Δικόρου
1247 504 1296 538 ἐτη
1314 502 1358 537 ιζ’,
1376 502 1464 538 μῆνας
1478 500 1511 528 θ’.
1525 497 1610 530 Οὗτος
1622 497 1656 534 ἦν
1674 499 1721 524 καὶ
1733 497 1822 531 ὀρφα-

1033 552 1174 586 νοτρόφος.

1069 598 1214 634 Εὐφήμιος
1240 595 1429 632 πρεσϐύτερος
1443 593 1758 624 Κωνσταντινουπόλεως
1778 591 1823 618 καὶ

1033 645 1228 680 πτωχοτρόφος
1244 643 1407 674 Νεαπόλεως
1421 641 1469 676 ἐτη
1485 641 1512 673 ς’
1529 641 1629 676 ἥμισυ.

1070 735 1172 762 Τούτου
1201 733 1383 769 ἐκϐληθέντος
1411 732 1465 758 ὑπὸ
1495 731 1685 763 Ἀναστασίου,
1718 730 1827 764 γίνεται

1035 781 1204 812 Μαηδόνιος
1219 780 1408 815 πρεσϐύτερος
1424 777 1749 807 Κωνσταντινουπόὶεως,
1778 776 1827 801 καὶ

1037 827 1219 862 σκευοφύλαξ,
1251 826 1300 861 ἐτη
1325 824 1377 859 ις’,
1409 826 1497 860 μῆνας
1510 823 1549 856 ζ’·
1576 824 1605 855 ὃς
1627 822 1762 856 ἐξεϐλήθη
1775 821 1828 848 ὑπῇ

1042 874 1235 901 Ἀναστασίου.

1070 921 1103 947 Tt
1107 920 1202 955 ,ιόθεος
1210 918 1398 954 πρεσϐύτερος
1409 915 1725 947 Κωνσταντινουπόλεως
1732 923 1829 940 σκευο-

1039 966 1128 1001 φύλαξ
1138 967 1186 1001 ἐτη
1206 965 1342 1000 ς’ῆμισυ,
1368 965 1416 991 ἐπὶ
1442 962 1635 991 ’1ουστινιανοῦ
1660 961 1707 988 τοῦ
1734 960 1829 994 Μεγά-

1035 1015 1093 1042 λου.

1082 1060 1210 1094 Ἰωάννης
1226 1060 1240 1086 ὁ
1264 1058 1454 1093 Καππαδόκης
1477 1056 1668 1092 πρεσϐύτερος
1692 1055 1740 1081 καὶ
1766 1054 1832 1088 σύγο

1040 1105 1136 1137 κελλος
1158 1104 1477 1134 Κωνσταντινουπόλεως
1500 1103 1547 1129 ἐπὶ
1564 1098 1752 1129 Ἰουστινιανοῦ
1771 1100 1828 1131 ἔτος

1042 1150 1078 1183 α’,
1094 1152 1181 1186 μῆνας
1201 1150 1228 1178 ι’.

1084 1198 1243 1232 Ἐπιφάνιος
1257 1196 1444 1232 πρεσϐύτερος
1455 1195 1773 1226 Κωνσταντινουπόλεως
1786 1195 1833 1221 καὶ

1042 1244 1191 1279 σύγκελλος
1205 1244 1252 1279 ἐτη
1272 1247 1321 1276 ις’,
1341 1244 1431 1279 μῆνας
1445 1242 1480 1278 γ’.

1080 1291 1213 1326 Ἀνθιμος
1238 1292 1251 1317 ὁ
1266 1290 1475 1325 Τραπεζοῦντος
1501 1289 1646 1325 πρότερον,
1671 1285 1731 1314 εἷτα
1758 1288 1835 1314 Κων-

1043 1337 1294 1368 σταντινουπόλεως
1324 1338 1413 1372 μῆνας
1443 1336 1468 1363 ι’.
1500 1335 1584 1366 Οὗτος
1613 1335 1752 1371 καθῃρέθη
1782 1335 1835 1360 ὑπὸ

1044 1385 1094 1419 τῆς
1112 1385 1183 1410 κατὰ
1201 1383 1248 1410 τοῦ
1267 1384 1388 1418 Σευήρου
1407 1383 1454 1409 καὶ
1471 1382 1533 1409 κατ’
1551 1381 1635 1409 αὐτοῦ
1652 1381 1835 1416 συνελθούσης

1045 1431 1157 1458 συνόδου
1162 1450 1168 1458 .

1080 1477 1178 1512 Μηνᾶς
1193 1476 1381 1512 πρεσϐύτερος
1399 1475 1716 1506 Κωνσταντινουπόλεως
1729 1474 1836 1506 ξενοδᾶ-

206 1524 297 1551 fectus
323 1522 435 1556 hospitii
461 1521 634 1556 Sampsonis,
659 1521 804 1548 ordinatus
818 1521 853 1548 ab
869 1521 992 1556 Agapeto

1063 1532 1090 1555 ος
1123 1523 1180 1549 τῶν
1204 1522 1335 1556 Σαμψῶν,
1364 1521 1567 1556 χειροτονηθεὶς
1591 1519 1645 1547 ὑπὸ
1679 1520 1837 1556 Ἀγαπητοῦ

207 1577 276 1604 papa
289 1569 393 1599 Batnae,
407 1568 487 1594 annis
500 1567 542 1599 lii,
558 1566 700 1593 mensibus
717 1566 744 1593 6.

245 1616 284 1642 Eo
299 1620 391 1641 autem
405 1613 535 1640 defuncto
550 1617 577 1638 et
592 1612 683 1640 adhuc
700 1612 726 1638 in
745 1610 887 1645 sandapila
903 1611 937 1638 ad
952 1618 994 1638 sa-

208 1661 329 1688 crarium
338 1660 460 1695 iacente,
471 1658 615 1685 ordinatus
626 1662 669 1684 est
682 1657 835 1692 Eutychius
850 1656 994 1691 presbyter

208 1712 238 1735 et
255 1707 406 1734 monachus
422 1705 581 1733 monasterii
595 1704 778 1737 Amasiensis,
793 1704 839 1739 qui
862 1703 932 1732 sedit
945 1711 996 1731 an-

210 1755 253 1781 nis
269 1754 311 1786 l2,
329 1752 469 1779 mensibus
486 1752 514 1779 5.

247 1799 297 1826 Hic
318 1799 424 1833 eiectus
445 1802 487 1825 est
509 1806 525 1825 a
544 1797 701 1825 Iustiniano
724 1797 902 1832 imperatore,
924 1803 996 1823 anno

212 1845 322 1880 imperii
341 1844 428 1879 ipsius
445 1844 490 1876 58,
505 1847 674 1878 creaturque
692 1848 755 1878 post
772 1843 894 1870 triduum
912 1842 997 1870 Joan-

213 1899 262 1919 nes
280 1891 467 1918 Scholasticus
484 1891 629 1925 presbyter
645 1890 846 1920 Antiochenus.
863 1889 910 1924 qui
927 1889 997 1916 sedit

213 1938 293 1965 annis
308 1937 350 1969 12,
367 1937 508 1964 mensibus
521 1936 548 1963 6.
565 1936 615 1963 llic
631 1940 692 1962 erat
706 1935 758 1962 sub
772 1935 880 1962 .Iustino
893 1934 999 1962 sororis

212 1983 359 2012 Justiniani
378 1984 434 2010 tilio
447 1992 454 2010 :
471 1990 504 2010 ac
519 1982 572 2010 sub
586 1981 698 2009 Tiberio
713 1985 838 2008 mortuus
852 1985 905 2013 est.
927 1981 1000 2016 ejus-

213 2038 267 2065 que
283 2030 344 2057 loco
361 2037 469 2056 rursum
485 2032 632 2063 cooptatur

249 2077 402 2111 Eulycbius
425 2075 471 2110 qui
496 2075 567 2102 sedit
581 2075 662 2102 annis
675 2075 703 2106 4,
720 2074 864 2102 mensibus
875 2074 904 2106 6,
919 2080 1001 2100 omne

215 2127 325 2156 tempus
338 2121 597 2155 archiepiscopatus
611 2121 671 2155 ejus
684 2124 726 2147 est
739 2127 874 2147 annorum
887 2119 931 2152 17,
945 2125 1001 2145 uno

215 2167 359 2194 deﬁciente
372 2174 476 2194 mense.

255 2213 374 2240 Joannes
387 2213 520 2240 diaconus
532 2213 636 2248 Magnae
653 2210 784 2240 Ecclesiae
793 2217 820 2240 et
832 2212 1001 2245 sacellarius,

216 2260 357 2294 Jejunator
367 2259 468 2291 dictus,
476 2259 527 2287 sub
537 2259 668 2287 Mauricio
677 2260 756 2287 anuis
769 2259 812 2291 l5.
824 2259 966 2286 mensibus
975 2259 1002 2286 5.

220 2305 369 2333 Ordinatus
388 2310 430 2332 est
442 2310 504 2340 post
519 2306 588 2333 dies.
603 2324 610 2332 .
623 2325 631 2333 .
644 2323 652 2332 .
665 2324 672 2332 .
682 2325 690 2333 .
711 2304 865 2339 imperante
880 2304 1002 2332 Tiberio.

217 2352 292 2379 Obiit
306 2356 397 2378 autem
422 2359 492 2378 anno
505 2351 613 2380 decimo
626 2356 726 2386 quarto
742 2350 865 2378 Mauricii
886 2351 1004 2386 impera-

219 2400 298 2426 toris.

252 2445 385 2481 Cyriacus
407 2444 548 2480 presbyter
566 2448 594 2471 et
608 2451 768 2471 oeconomus
794 2451 899 2478 magna
912 2442 1004 2471 Eccle-

218 2491 277 2523 siae,
292 2491 373 2518 annis
390 2491 434 2517 ll.
449 2490 499 2518 llic
520 2494 578 2517 erat
594 2489 645 2517 sub
663 2488 796 2516 Mauricio
810 2492 839 2516 et
851 2489 902 2517 sub
914 2488 1003 2522 Phoce

210 2541 346 2572 .tyranno.

255 2581 374 2608 Thomas
386 2582 519 2609 diaconus
532 2586 559 2608 et
574 2581 736 2609 sacellarius
749 2580 850 2616 Magnae
862 2580 1003 2613 Ecclesiae,

218 2628 299 2654 annis
312 2628 338 2659 3,
355 2628 496 2655 mensibus
509 2628 537 2655 2.

255 2673 367 2708 Sergius
386 2674 519 2700 diaconus
545 2672 675 2700 Ecclesia:
692 2672 1005 2708 Constantinopolitanae

218 2726 252 2746 ex
268 2719 302 2746 iis
317 2720 375 2753 qui.
392 2739 399 2746 .
413 2739 420 2746 .
436 2738 443 2746 .
457 2739 464 2746 .
477 2739 485 2746 .
510 2725 538 2747 et
554 2720 580 2746 in
604 2719 694 2754 phiala
710 2725 839 2754 portuum
864 2720 1006 2754 hospitalis

220 2766 272 2791 sub
288 2765 376 2792 Phoca
390 2769 418 2792 ct
437 2766 564 2793 lleraclio
578 2766 659 2793 annis
671 2765 716 2799 28,
736 2765 878 2793 mensibus
891 2765 916 2798 7,
928 2773 1005 2793 crea—

222 2815 266 2837 tus
282 2819 379 2845 magno
396 2811 527 2838 Sabbato.

257 2857 378 2892 l’yrrbus
394 2858 540 2893 presbyter
557 2858 660 2893 Magna:
676 2858 817 2891 Ecclesiae,
835 2863 863 2886 et
875 2859 1005 2894 princeps

1020 2202 1040 2228 D

1045 1570 1146 1596 πάππα
1163 1568 1288 1604 Ῥώμης,
1304 1568 1353 1602 ἐτη
1369 1567 1417 1600 ις’,
1440 1567 1527 1602 μῆνας
1542 1569 1580 1598 ς’.

1079 1615 1213 1646 Θανόντος
1226 1615 1256 1641 δὲ
1271 1613 1369 1641 τούτου
1384 1613 1430 1640 καὶ
1445 1613 1486 1639 ἔτι
1507 1611 1635 1648 κειμένου
1647 1613 1677 1639 ἑν
1687 1614 1720 1648 τῇ
1735 1611 1838 1648 λεκάνῃ

1046 1662 1131 1688 αὐτοῦ
1147 1662 1176 1687 ἐν
1192 1660 1230 1695 τῷ
1250 1659 1378 1695 ίερατείῳ
1404 1659 1597 1694 ἐχειροτονήθη
1624 1658 1756 1694 Εὐτύχιος
1771 1667 1834 1694 πρε-

1047 1708 1180 1743 σϐύτερος
1207 1707 1255 1734 καὶ
1281 1706 1398 1741 μοναχὸς
1422 1705 1470 1732 τοῦ
1498 1706 1529 1732 ιν
1549 1706 1684 1743 Ἀμασείᾳ
1699 1714 1840 1740 μοναστη-

1048 1754 1106 1790 ρίου
1119 1753 1165 1788 ἔτη
1181 1753 1226 1789 ιβ’,
1241 1754 1329 1788 μῆνας
1345 1752 1376 1779 ε’.

1084 1798 1170 1832 Οὗτος
1195 1800 1328 1834 ἐξεϐλήθη
1346 1799 1400 1825 ὑπὸ
1421 1798 1469 1825 τοῦ
1497 1798 1630 1834 βασιλέως
1645 1799 1840 1826 Ὶουστινιανοῦ

1049 1847 1089 1882 ἰᾦ
1109 1847 1149 1881 λη’
1169 1846 1225 1873 ἔτει
1249 1846 1297 1880 τῆς
1311 1845 1395 1872 αὐτοῦ
1409 1845 1559 1880 βασιλείας,
1574 1846 1622 1872 καὶ
1633 1846 1738 1879 γίνεται
1749 1845 1842 1873 Ἰωάν-

1049 1902 1097 1930 νης
1115 1893 1296 1929 Σχολαστιχδς
1309 1892 1500 1928 πρεσϐύτερος
1514 1893 1683 1927 Ἀντιοχείας
1695 1892 1754 1927 μεθ’
1773 1893 1843 1929 ἠμέ-

1052 1941 1100 1975 ρας
1114 1943 1139 1974 γ’
1157 1940 1203 1974 ἐτη
1227 1939 1271 1974 ιβ’,
1292 1939 1380 1973 μῆνας
1412 1938 1449 1970 ς’.
1467 1935 1552 1970 Οὗτος
1567 1936 1601 1974 ἦν
1627 1939 1674 1965 ἐπὶ
1692 1938 1842 1966 ’1ουστίνου

1049 1985 1162 2020 ἀνεψιοῦ
1175 1984 1378 2011 Ὶουστινιανοῦ.
1395 1983 1482 2016 Οὗτος
1499 1985 1546 2011 ἐπὶ
1574 1983 1704 2020 Τιϐερίου
1725 1985 1845 2021 τελευτᾷ

1050 2030 1108 2062 οὖν,
1126 2031 1173 2057 καὶ
1193 2029 1323 2063 ἀνάγεται
1340 2029 1422 2056 πάλιν

1087 2075 1219 2110 Εὑτύχιος
1245 2075 1292 2110 ἐτη
1317 2069 1359 2108 δ’,’
1374 2075 1463 2110 μῆνας
1487 2074 1525 2108 ς’,
1549 2076 1619 2111 ὁμοῦ
1635 2077 1669 2103 τὰ
1686 2076 1777 2104 πάντα
1795 2078 1843 2113 ἔτη

1053 2123 1101 2154 τῆς
1117 2121 1325 2157 ἀρχιερωσύνης
1348 2122 1433 2149 αὐτοῦ
1461 2122 1508 2157 ἔτη
1522 2123 1567 2154 ιζ’.
1593 2123 1678 2158 χωρὶς
1696 2123 1756 2155 ἑνὸς
1787 2133 1845 2160 μη-

1041 2169 1111 2200 -νός.

1094 2215 1223 2250 Ἰωάννης
1237 2216 1362 2246 διάκονος
1385 2217 1436 2250 τῆς
1450 2215 1582 2250 Μεγάλης
1609 2215 1779 2251 Ἐκκλησίας
1793 2217 1845 2243 καὶ

1055 2261 1236 2297 σακελλάριος
1256 2262 1270 2288 ὁ
1296 2261 1456 2296 Νηστευτὴς
1476 2261 1522 2287 ἐπὶ
1538 2262 1694 2296 Μαυρικίου
1722 2262 1770 2297 ἔτη
1798 2266 1844 2296 ιγ’,

1056 2310 1143 2343 μῆνας
1163 2312 1195 2335 ε’.
1214 2307 1422 2343 Ἐχειροτονήθη
1441 2307 1501 2342 μεθ’
1523 2309 1632 2344 ἡμέρας
1649 2328 1656 2334 .
1674 2327 1682 2335 .
1701 2327 1707 2335 .
1725 2309 1771 2334 ἐπὶ
1795 2309 1846 2343 τῆς

1056 2354 1194 2388 βασιλείας
1226 2353 1371 2388 Τιϐερίου·
1400 2353 1517 2389 τελευτᾷ
1543 2353 1572 2380 δὲ
1600 2353 1640 2389 τῷ
1665 2353 1695 2380 ιδ’
1711 2353 1767 2379 ἔτει
1792 2355 1846 2388 τῆς

1055 2399 1212 2434 Μαυρικίου
1226 2398 1377 2433 βασιλείας.

1092 2444 1232 2480 Κυριακδς
1251 2444 1437 2480 πρεσϐύτερος
1458 2446 1505 2470 καὶ
1520 2444 1665 2479 οίκονόμος
1690 2445 1738 2479 τῆς
1750 2445 1847 2480 Μεγά-

1055 2491 1104 2525 λης
1123 2490 1288 2524 Ὲκκλησίας
1316 2491 1364 2526 ἐτη
1381 2490 1425 2518 ια’.
1447 2490 1531 2521 Οὗτος
1556 2488 1591 2526 ἣν
1613 2491 1660 2516 ἐπὶ
1685 2491 1847 2526 Μαυρικίου

1056 2538 1102 2563 καὶ
1117 2536 1164 2562 ἐπὶ
1176 2537 1259 2562 Φωκᾶ
1273 2536 1321 2562 τοῦ
1334 2536 1480 2570 τυράννου.

1091 2582 1191 2616 Θωμᾶς
1216 2582 1340 2614 διάκονος
1367 2583 1413 2608 καὶ
1441 2582 1623 2618 σακελλάριος
1647 2584 1698 2618 τῆς
1713 2583 1849 2619 Μεγάλης

1062 2628 1226 2663 Ἐκκλησίας
1241 2628 1287 2663 ἐτη
1302 2627 1337 2662 γ’,
1354 2629 1442 2664 μῆνας
1461 2629 1494 2663 β’.

1093 2674 1206 2710 Σέργιος
1222 2675 1345 2706 διάκονος
1364 2675 1414 2709 τῆς
1445 2676 1609 2712 Ἐχκλησίας
1622 2677 1849 2704 Κωνσταντινου-

1057 2721 1162 2752 πῦλεως
1177 2721 1231 2747 τῶν
1245 2721 1274 2747 ὲν
1290 2740 1297 2747 .
1314 2740 1322 2748 .
1339 2739 1345 2746 .
1366 2741 1372 2748 .
1396 2722 1444 2748 καὶ
1466 2723 1552 2758 φιάλῃ
1565 2723 1620 2748 τῶν
1638 2723 1755 2757 λιμένωι
1773 2732 1850 2749 πτω-

1056 2767 1138 2801 χείων
1154 2767 1200 2793 ἐπὶ
1211 2767 1292 2793 Φωκᾶ
1304 2767 1350 2793 καὶ
1370 2767 1533 2801 Ἡρακλείου
1555 2767 1602 2803 ἐτη
1630 2771 1684 2803 κη’,
1704 2770 1794 2803 μῆνας
1810 2769 1846 2801 ς’,

1057 2811 1178 2846 γεγονὼς
1193 2813 1232 2848 τῷ
1246 2813 1359 2848 μεγάλῳ
1375 2813 1519 2848 Σαϐϐάτῳ.

1094 2858 1201 2894 ηὑρῤος
1232 2859 1418 2894 πρεσϐύτερος
1446 2860 1495 2894 τῆς
1525 2861 1656 2896 Μεγάλης
1678 2861 1849 2897 Ἐκκλησίας
