1926 3092
134 129 183 159 467

390 130 600 162 NICEPHORI
621 133 792 164 CALLISTI
812 133 1041 165 ENARRATIO
1060 135 1109 165 DE
1128 135 1328 165 EPISCOPlS
1350 136 1505 166 BYZANT.

1702 136 1760 168 468·

133 184 255 211 triarcha
270 185 426 217 ordinatur,
452 187 568 222 singulis
587 187 684 214 diebus
700 188 823 222 singulos
842 188 917 216 ordi-

983 187 1028 215 ἷτα
1044 190 1219 225 πατριάρχης
1231 191 1428 224 χειροτονεῖται
1440 190 1501 215 καθ’
1517 189 1636 223 ἑκάστην
1648 191 1755 226 ἡμέραν

133 239 182 257 nes
198 231 346 264 accipiens,
361 232 491 265 quoniam
517 233 665 267 imperator
685 233 837 268 profectum
861 242 917 261 ma-

133 277 254 308 turabat,
282 278 374 305 statim
397 285 459 305 eum
476 279 630 306 coronavit.
651 279 728 308 Sedit
741 281 821 308 annis
837 281 864 314 5,
890 286 918 308 et

132 324 264 357 expulsus
292 328 334 351 est
355 324 389 351 ab
404 324 571 360 imperatore
596 325 729 353 Micltaele
755 327 916 362 Pala‘ologo,

133 369 181 403 qui
196 369 330 397 Joannem
354 377 473 406 puerum
496 372 691 407 imperatorem
711 372 852 408 despectui
872 373 918 400 ha-

134 415 202 446 huit,
219 423 270 442 nec
281 416 313 442 ad
338 416 484 451 imperium
501 417 604 450 evexit,
621 418 822 454 ut-juramcnto
840 418 918 454 polli-

133 463 203 489 citus
223 468 295 490 erat.

169 507 273 536 Deinde
311 509 486 545 Nicephorus
521 516 601 538 antea
633 511 735 547 Ephesi
773 513 918 548 episcopus

134 554 263 582 thronum
294 556 415 589 accipit,
442 562 470 584 et
499 564 562 584 cum
591 565 663 585 anno
690 566 744 585 uno
778 559 917 592 sedisset,

132 599 210 626 obiit.

169 646 255 680 Capta
270 654 337 674 vero
353 647 592 684 Constantinopoli
611 658 720 678 rursum
741 651 853 685 praefuit
867 651 918 678 Ar-

133 693 229 720 senius
246 701 325 720 sacer
341 695 422 721 annis
445 695 473 722 2.
491 695 600 723 Mortuo
617 700 710 723 autent
727 696 833 724 Joanne
852 704 918 731 pue-

133 746 175 769 ro,
193 746 304 766 rursum
328 739 493 775 exagitator.
517 741 633 769 Michael
656 747 746 769 autem
768 743 918 776 intpcrator

133 782 324 819 inauguratur.
341 792 356 812 a
369 793 424 820 quo
437 785 464 813 in
479 786 696 814 Prmconnesum
712 787 847 822 relegatus
863 791 915 820 est,

969 235 1062 270 τάγμα
1080 235 1241 269 λαμϐάνων,
1257 235 1287 262 ὲν
1300 235 1339 269 τῷ
1356 235 1483 261 σπεύδειν
1501 234 1600 266 ἐξιέναι
1618 236 1663 262 τδν
1680 236 1758 270 βασι-

969 281 1017 308 λέα
1037 301 1043 308 .
1061 301 1068 308 .
1085 300 1092 307 .
1111 300 1117 307 .
1131 281 1231 307 αὐτίκα
1247 281 1353 315 στέφει.
1374 281 1527 315 Ἰεράτευσε
1543 281 1571 307 δὲ
1597 281 1709 316 χρόνους
1723 285 1756 313 ε’,

970 330 1016 355 καὶ
1029 328 1162 364 ἑξεὸλήθη
1180 327 1258 363 παρὰ
1284 327 1332 355 τοῦ
1350 327 1482 359 βασιλέως
1503 328 1614 363 Μιχαὴλ
1637 328 1684 354 τοῦ
1703 329 1758 354 [ια-

969 373 1121 407 λαιολόγου,
1135 373 1179 399 διὰ
1195 374 1226 399 τὸ
1241 373 1288 400 τδν
1301 373 1360 400 νέον
1373 372 1484 407 βασιλέα
1496 373 1625 407 Ἰωάννην
1636 382 1757 409 παρορα-

970 418 1059 454 θῆναι,
1072 419 1118 446 καὶ
1134 420 1171 454 μὴ
1182 420 1286 455 πρᾶξαι
1298 419 1378 446 αὐτὸν
1393 418 1504 454 βασιλέα
1518 420 1555 452 ὡς
1570 421 1585 455 ὴ
1603 420 1656 447 τῶν
1666 421 1756 455 ὅρκων

969 463 1042 500 εἶχεν
1061 465 1217 500 ὑπόσχεσις.

1005 507 1071 536 Εἶτα
1083 510 1241 546 Νικηφόρος
1251 511 1265 537 ό
1277 509 1373 546 πρώην
1386 511 1501 546 ’Ἐφέσου
1517 510 1564 537 τὸν
1579 511 1674 546 θρόνον
1685 512 1758 546 λαμ-

971 556 1057 589 ϐάνει,
1072 557 1119 584 καὶ
1133 557 1297 592 ἱερατεύσας
1313 557 1372 588 ἐτος
1385 557 1420 590 α’,
1437 557 1562 592 τελευτᾷ.

1011 646 1142 682 ’Δλούσης
1154 647 1182 674 δὲ
1199 647 1250 682 τῆς
1266 647 1586 678 Κωνσταντινουπόλεως
1612 647 1693 674 πάλιν
1708 648 1756 682 ἄρ-

970 700 1048 728 χεται
1067 693 1210 728 ’Λρσένιος
1237 694 1251 719 ὁ
1280 693 1352 728 lepos
1367 693 1413 729 ἐτη
1443 691 1474 728 β’.
1489 692 1709 727 Τελευτήσαντος
1726 693 1755 719 δὲ

970 738 1066 770 παιδὸς
1081 738 1208 765 Ἰωάννου
1225 738 1307 765 πάλιν
1328 739 1488 773 διοχλεῖται,
1504 739 1632 774 βασιλεὺς
1645 740 1756 775 Μιχαὴλ

968 785 1074 818 γίνεται
1083 786 1130 812 καὶ
1142 785 1274 821 ἐξωρίσθη
1285 786 1314 812 ὲν
1322 786 1527 821 Προικοννήσῳ,
1537 786 1618 812 κάκεῖ
1628 785 1753 820 τελευτᾷ.

134 831 180 857 ubi
199 835 314 858 mortem
331 831 411 859 obiit.
427 832 477 859 Hic
490 832 649 860 Micltaclem
664 832 860 867 imperatorem
875 832 918 859 bis

983 830 1055 862 )ὖτος
1069 831 1196 866 δεύτερον
1211 832 1305 866 στέφει
1328 832 1375 859 τὸν
1394 832 1578 867 Παλαιολόγον
1592 832 1702 866 Μιχαὴλ
1727 833 1756 858 ἐν

134 877 289 911 coronavit,
308 877 398 912 primo
414 877 522 910 Nicaea,
541 878 641 905 deinde
665 877 916 912 Constantinopoli.

983 877 1072 913 imula
1084 878 1229 913 πρότερον,
1247 880 1295 905 καὶ
1310 879 1338 904 ὲν
1350 879 1637 906 Κωνσταντινουπόλει
1652 879 1682 906 τὸ
1695 877 1755 904 δεύ-

134 924 219 958 Capta
229 928 271 951 est
284 924 351 951 urbs
363 932 378 952 ιι
394 924 527 952 Romanis
537 932 609 952 anno
620 924 689 951 6765
701 924 813 959 (Christi
827 923 919 958 1257),

133 970 169 997 '25
182 969 260 1002 Julii,
277 970 346 997 feria
362 972 493 1003 secunda,
512 979 585 998 anno
599 970 722 998 secundo
739 970 849 1006 imperii
869 969 920 997 Mi-

135 1016 240 1045 chaelis
255 1017 409 1053 Palaaologi.

169 1060 272 1097 Joseph
292 1062 396 1090 Galesii
410 1062 506 1095 abbas,
529 1063 618 1098 primo
634 1063 753 1091 clericus
770 1064 920 1099 imperato-

135 1110 175 1137 ris
189 1109 314 1142 Joannis,
327 1110 374 1145 qui
390 1110 555 1145 conjugalus
576 1110 677 1138 luerat.
699 1110 778 1138 Sedit
793 1111 874 1138 annis
893 1111 920 1141 8.

136 1160 163 1181 ιιι
180 1155 253 1190 quod
273 1163 334 1182 cum
349 1155 455 1183 Latinis
471 1156 583 1191 junctus
598 1162 681 1188 essct,
696 1157 806 1193 cjicitur
822 1157 856 1184 ab
871 1158 920 1184 im-

137 1207 264 1236 pcrutorc
279 1201 424 1230 lllicltaele.

171 1246 294 1275 Joannes
311 1248 414 1275 Beccus
432 1248 565 1276 diaconus
584 1253 613 1276 et
642 1250 844 1286 chartophylax
867 1249 922 1277 Ma-

137 1301 196 1328 gnae
214 1293 354 1327 Ecclesia),
373 1294 451 1321 annis
468 1295 494 1321 8.
518 1294 568 1322 Hic
584 1303 646 1322 cum
664 1295 770 1323 Latinis
793 1295 922 1322 unionem

140 1339 235 1366 habuit
248 1339 401 1374 imperante
415 1339 546 1367 Michaele
559 1339 722 1375 Palwologo,
738 1345 767 1367 et
782 1341 923 1375 depositus

139 1395 153 1412 ιι
180 1386 306 1420 piissimo
331 1386 497 1421 imperatore
519 1386 678 1414 Andronico
704 1387 867 1422 Palmologo,
895 1387 922 1414 iu

138 1432 265 1460 exsilium
285 1432 420 1466 mittitur;
439 1441 606 1468 rursumque
625 1433 768 1461 inducitur

173 1521 320 1550 Confessor
341 1521 463 1557 Joseph,
492 1511 539 1558 qui
575 1523 647 1550 sedit
674 1531 782 1551 menses
808 1524 834 1550 4.
868 1524 917 1551 Illo
935 1529 957 1559 ο

138 1570 281 1602 defuncto,

173 1617 323 1652 Gregorius
345 1617 464 1652 Cyprius
492 1617 581 1645 lector
603 1623 633 1646 et
658 1619 922 1653 protoapostolarius

138 1668 295 1698 ('ooptalur,
321 1667 348 1690 ct
364 1663 473 1698 praefuit
490 1664 569 1691 annis
585 1663 628 1692 16.
646 1663 686 1692 0b
698 1666 844 1699 quamdam
859 1673 923 1692 vero

139 1711 321 1738 otl‘ensioncm
341 1710 484 1744 cujusdam
498 1709 562 1738 libri
579 1718 659 1745 quem
685 1716 780 1739 contra
804 1711 921 1739 Bcccum

139 1758 299 1792 scripserat,
320 1765 368 1792 per
381 1757 616 1791 dispensationem
631 1757 751 1793 eiicitur.

175 1803 293 1831 Creatur
318 1808 408 1830 autetn
436 1803 606 1831 Athanasius
622 1811 654 1831 cx
678 1804 849 1836 Macedonia,
877 1804 922 1839 qui

140 1858 202 1877 cum
216 1849 411 1877 vehementius
426 1857 486 1877 sese
502 1849 585 1877 rebus
599 1850 777 1884 immisceret,
792 1859 806 1878 a
820 1851 922 1886 populo

139 1898 262 1932 t-jicitur,
287 1901 432 1932 postquam
454 1897 534 1924 annis
551 1896 568 1923 4
589 1896 675 1924 sacris
693 1897 847 1932 praefuisset
872 1898 923 1925 sub

140 1943 299 1971 Andronico
314 1943 493 1978 imperatore.

174 1990 293 2018 Joannes
309 1989 462 2017 monachus
476 1993 502 2017 et
526 1989 678 2024 presbyter,
697 1989 780 2017 abbas
799 1989 922 2017 Pamma—

140 2037 248 2064 cnristm
260 2041 285 2063 ct
301 2036 487 2064 confessarius
503 2036 687 2070 imperatoris,
703 2036 923 2072 Sozopolitanus.

141 2083 188 2118 qui
206 2083 282 2118 prius
304 2082 419 2110 Cosmas
434 2082 596 2114 vocabatur,
615 2083 698 2109 homo
710 2083 858 2112 admodum
879 2092 924 2118 pa-

142 2131 237 2157 cificus
261 2135 289 2157 et
314 2129 554 2156 mansuetissimus
576 2136 641 2156 vere
662 2129 704 2156 vir
734 2129 793 2162 Dei,
818 2130 928 2164 praefuit

143 2177 223 2204 anuis
248 2176 274 2208 9,
303 2179 407 2204 etcum
431 2176 597 2205 abdicasset.
614 2175 665 2203 sub
686 2176 782 2203 eodem
808 2177 925 2211 impera-

970 932 1062 958 τερον.
1083 924 1172 952 Ἑάλω
1186 926 1203 960 ἡ
1225 926 1302 957 πόλις
1322 926 1398 961 παρὰ
1417 925 1562 961 Ῥωμαίων
1585 925 1640 952 ἔτει
1658 924 1756 958 ,ςψξε’,

977 969 1089 996 Ἰουλίου
1108 970 1159 1002 κε’,
1185 971 1279 1008 ἡμέρᾳ
1291 972 1424 1008 Δευτὲρᾳ,
1439 971 1478 1006 τῷ
1495 971 1618 1006 δευτέρῳ
1633 971 1687 997 ἔτει
1705 970 1756 1003 τῆς

972 1014 1111 1049 βασιλείας
1123 1017 1235 1053 Μιχαὴλ
1245 1017 1294 1044 τοῦ
1311 1018 1507 1053 Παλαιολόγου.

1017 1062 1117 1099 Ἰωσὴφ
1132 1065 1146 1090 ὸ
1157 1064 1292 1099 Γαλησίου
1307 1065 1469 1099 ἡγούμενος,
1482 1065 1615 1099 πρότερον
1627 1063 1758 1097 κληρικδς

971 1110 1019 1137 τοῦ
1036 1110 1169 1145 βασιλέως
1189 1111 1317 1138 Ἰωάννου
1340 1111 1481 1146 ὑπάρχων,
1507 1111 1553 1136 καὶ¹
1568 1109 1679 1144 γυναικὶ
1696 1110 1758 1143 ὀμιο

972 1157 1058 1192 λήσας
1073 1157 1121 1192 ἔτη
1135 1156 1171 1192 η’,
1196 1159 1244 1185 καὶ
1256 1157 1299 1184 διὰ
1314 1157 1362 1192 τὴν
1389 1157 1488 1184 ἕνωσιν
1504 1156 1557 1182 τῶν
1572 1156 1694 1182 Λατίνων
1712 1156 1758 1181 ὲκ-

973 1205 1102 1232 σάλλεται
1119 1204 1194 1238 παρὰ
1213 1202 1260 1230 τοῦ
1273 1202 1405 1238 βασιλέως
1417 1203 1540 1237 Μιχαὴλ.

1014 1250 1143 1285 Ἰωάννης
1157 1249 1282 1280 διάκονος
1296 1249 1342 1276 καὶ
1368 1247 1546 1283 χαρτοφὺλαξ
1562 1247 1612 1282 τῆς
1628 1247 1758 1282 Μεγάλης

979 1296 1143 1331 Ἐκκλησίας
1155 1296 1170 1322 ὁ
1182 1295 1297 1327 Βέκκος,
1315 1294 1362 1330 ἔτη
1376 1297 1412 1329 η’.
1430 1292 1516 1326 Οὗτος
1531 1294 1662 1330 μετὰτῶν
1676 1294 1759 1320 Λατε-

974 1352 1026 1370 νων
1051 1343 1165 1379 ὲποιησε
1188 1342 1238 1378 τὴν
1251 1342 1349 1369 ἕνωσιν
1367 1342 1413 1367 ἐπὶ
1438 1341 1485 1368 τοῦ
1501 1341 1633 1376 βασιλέως
1649 1341 1758 1375 Μιχαὴλ

973 1387 1020 1414 τοῦ
1040 1387 1237 1421 Παλαιολόγου,
1256 1387 1302 1413 καὶ
1319 1386 1502 1421 καταϐληθεὶς
1527 1386 1602 1420 παρὰ
1617 1386 1662 1412 τοῦ
1678 1387 1758 1412 εὐσε-

974 1434 1106 1460 ϐεστάτου
1138 1433 1271 1468 βασιλέως
1298 1432 1472 1468 ’Δνδρονίκου
1494 1432 1542 1459 τοῦ
1575 1432 1757 1465 Παλαιολόγου

975 1479 1168 1514 ὑπερορίζεται
1183 1487 1189 1494 ·
1211 1480 1258 1506 καὶ
1273 1480 1406 1513 ἀνάγεται

1015 1526 1045 1552 ’0
1060 1526 1232 1560 ὁμολογητὴς
1248 1526 1347 1562 Ἰωσὴφ
1367 1527 1397 1552 τὸ
1412 1526 1539 1561 δεύτερον
1558 1526 1644 1561 μῆνας
1658 1524 1689 1554 δ’.
1706 1525 1746 1552 Θα

974 1572 1066 1603 νόντος
1081 1572 1119 1603 δὲ,

1009 1618 1160 1653 Γρηγόριος
1175 1618 1189 1643 ὁ
1200 1617 1323 1651 Κύπριος
1340 1616 1520 1651 αναγνώστης
1536 1618 1583 1642 καὶ
1599 1623 1760 1651 πρωτοαπο-

975 1664 1118 1699 στολάριος
1134 1664 1275 1698 ἀνάγεται,
1292 1663 1338 1689 καὶ
1359 1663 1500 1698 ἱεράτευσε
1515 1662 1563 1696 ἔτη
1578 1664 1616 1694 ς’.
1632 1662 1683 1688 Διά
1699 1671 1760 1689 τινα

975 1710 1113 1737 σκάνδαλα
1125 1709 1172 1736 τοῦ
1184 1709 1268 1744 τόμου
1284 1708 1367 1735 αὐτοῦ
1381 1708 1410 1734 ὃν
1420 1708 1490 1734 κατὰ
1503 1707 1550 1734 τοῦ
1561 1707 1666 1734 Βέκκου
1679 1707 1762 1742 ἐγρα-

974 1757 1024 1791 ψεν
1039 1755 1219 1790 οἰκονομικῶς
1235 1755 1376 1788 ἐξάγεται,

1010 1803 1065 1829 Καὶ
1079 1802 1209 1836 ἀνάγεται
1218 1801 1382 1832 Ἀθανάσιος
1397 1801 1429 1827 ὲκ
1442 1800 1623 1833 Μακεδονίας,
1641 1800 1685 1828 καὶ
1697 1809 1762 1834 σφο-

974 1850 1101 1885 δριτερον
1116 1849 1169 1875 τῶν
1184 1848 1358 1883 πραγμάτων
1373 1847 1528 1882 ἁπτόμενος
1544 1848 1618 1882 παρὰ
1636 1847 1681 1873 τοῦ
1693 1847 1760 1873 λαοῦ

974 1896 1147 1928 ἐκϐάλλεται,
1166 1894 1186 1922 δ’
1201 1895 1248 1930 ἐτη
1264 1894 1426 1930 ἱερατεύσας
1439 1894 1485 1920 ἐπὶ
1499 1893 1545 1920 τοῦ
1565 1893 1760 1930 [Ἃνδρονῑκου]

976 1943 1122 1978 βασιλέως.

1016 1989 1144 2022 Ἰωάννης
1168 1987 1284 2023 μοναχδς
1309 1988 1358 2014 καὶ
1378 1986 1577 2021 πρεσϐύτερος,
1607 1986 1762 2021 ἡγούμενος

975 2036 1023 2070 τῆς
1036 2035 1278 2070 Παμμακαριστης
1296 2034 1343 2060 καὶ
1359 2033 1547 2067 πνευματικὸς
1566 2033 1614 2060 τοῦ
1632 2033 1764 2068 βασιλέως

975 2082 989 2108 ὁ
1002 2081 1055 2108 ἀπὸ
1069 2080 1248 2112 Σωξοπόλεως
1261 2080 1395 2115 πρότερον
1410 2080 1524 2112 Κοσμᾶς
1546 2079 1762 2114 ὀνομαζόμενος,

976 2128 1189 2162 εἰρηνικώτατος
1211 2127 1257 2153 καὶ
1282 2127 1438 2162 πραότατος
1461 2126 1508 2152 καὶ
1532 2125 1593 2157 ὅλος
1608 2125 1667 2171 [τρῦ
1682 2124 1763 2161 Θεοῦ]

978 2174 1122 2208 ἅνθρωπος
1141 2173 1188 2208 ἔτη
1204 2172 1236 2200 0'.
1255 2173 1310 2201 Καὶ
1327 2173 1568 2208 παραιτησάμενος
1593 2173 1640 2199 ἐπὶ
1653 2172 1699 2198 τοῦ
1716 2172 1765 2198 αὑ-

145 2231 205 2250 tore
231 2223 336 2257 eiectus
363 2226 417 2254 est,
448 2229 480 2250 ac
501 2230 609 2250 rursum
631 2222 772 2249 inducitur
803 2223 922 2249 Athana-

983 2220 1025 2246 τοῦ
1053 2219 1187 2255 βασιλέως
1212 2220 1380 2255 κατεδλήθη,
1413 2220 1460 2246 καὶ
1491 2220 1622 2253 ἀνάγεται
1653 2218 1733 2245 πάλιν
1751 2219 1766 2245 ὀ

143 2277 211 2297 stus.

179 2315 330 2343 Sciendum
355 2318 408 2347 est,
424 2315 496 2349 quod
523 2323 537 2342 a
559 2320 654 2343 sancto
677 2315 801 2350 apostolo
819 2315 926 2342 Audrea

144 2361 265 2396 episcopi
279 2380 286 2387 .
301 2380 308 2387 .
323 2380 329 2386 .
348 2359 470 2395 Byzantii
487 2368 573 2395 usque
594 2361 627 2388 ad
645 2361 858 2389 Constantinum
872 2361 927 2388 Ma-

143 2414 229 2443 gnum
245 2406 341 2442 viginti
357 2405 412 2433 sint
429 2414 556 2433 numero.
574 2409 593 2432 Α
618 2406 800 2435 Constantino
818 2407 926 2442 Magno.

145 2455 204 2481 sive
228 2461 243 2480 a
267 2457 364 2480 sancto
386 2452 565 2486 Metrophaue
579 2461 666 2487 usque
679 2453 711 2480 ad
731 2454 875 2488 paciﬁcum
899 2458 928 2480 et

146 2505 322 2528 mansuetum
336 2500 469 2528 Joannem
493 2505 602 2527 centum
627 2500 765 2528 undecim.
789 2499 877 2526 Simul
895 2499 928 2527 ab

147 2545 271 2579 apostolo
284 2545 393 2572 Andrea
408 2553 494 2579 usque
505 2545 537 2571 ad
553 2545 713 2579 praedictum
727 2545 860 2572 Joannem
873 2544 928 2572 sint

148 2591 315 2626 patriarchm
331 2591 392 2624 150,
409 2598 481 2618 anno
500 2591 568 2618 6800
585 2589 698 2626 [Christi
714 2589 806 2626 £292].

986 2266 1155 2297 Ἀϐανάσιος.

1022 2313 1121 2339 Ὶστέον
1148 2313 1189 2339 ὅτι
1216 2312 1270 2338 ἀπὸ
1297 2311 1345 2338 τοῦ
1364 2312 1442 2346 ἁγίου
1469 2312 1618 2339 ἀποστόλου
1641 2311 1765 2346 Ἀνδρέου

982 2359 1050 2385 εἰσὶν
1068 2359 1213 2385 ἐπίσκοποι
1231 2378 1238 2385 .
1254 2378 1261 2385 .
1279 2377 1286 2385 .
1307 2378 1315 2386 .
1328 2357 1474 2390 Βυζαντίου
1489 2358 1571 2393 μέχρι
1583 2357 1630 2384 τοῦ
1644 2358 1764 2392 μεγάλου

983 2405 1191 2431 Κωνσταντίνου
1209 2404 1242 2436 κ’,
1268 2404 1320 2430 ἀπὸ
1332 2404 1361 2430 δὲ
1379 2403 1426 2430 τοῦ
1444 2404 1564 2439 μεγάλου
1589 2404 1767 2430 Κωνδταντι-

982 2459 1040 2482 νου,
1054 2452 1114 2485 ἦτοι
1126 2451 1179 2477 ἀπὸ
1197 2450 1243 2477 τοῦ
1259 2452 1288 2477 ὲν
1300 2449 1390 2484 ἁγίοις
1409 2450 1607 2485 Μητροφάνους
1620 2451 1702 2485 μέχρι
1718 2441 1766 2476 τοῦ

983 2497 1199 2532 εἰρηνικωτάτου
1221 2497 1268 2523 καὶ
1284 2496 1372 2530 πράου
1395 2496 1520 2522 Ἰωάννου
1547 2495 1609 2531 pta’,
1633 2497 1681 2522 καὶ
1696 2495 1766 2529 ὁμοῦ

983 2544 1037 2581 ἀπο
1051 2543 1098 2570 τοῦ
1115 2543 1264 2570 immolet)
1280 2542 1406 2577 Ἀνδρέου
1425 2542 1506 2577 μέχρι
1521 2542 1567 2569 τοῦ
1580 2541 1662 2569 αὑτοῦ
1677 2542 1768 2569 Ἰωάνα

983 2599 1029 2617 νου
1047 2591 1215 2626 πατριάρχαι
1231 2590 1281 2624 pi",
1299 2589 1353 2615 ἔτει
1367 2593 1434 2624 lgo)’.

848 2734 1057 2748 -οοο-ι
