  <div class='ocr_page' id='page_1' title='image "/cluster/home/n/w/nwhite01/storage/ocr_20150623/147/njp.32101010943429/283.png"; bbox 0 0 1926 3092; ppageno 0'>
   <div class='ocr_carea' id='block_1_1' title="bbox 173 147 225 177">
    <p class='ocr_par' dir='ltr' id='par_1_1' title="bbox 173 147 225 177">
     <span class='ocr_line' id='line_1_1' title="bbox 173 147 225 177; baseline 0.019 -1"><span class='ocrx_word' id='word_1_1' title='bbox 173 147 225 177; x_wconf 67' lang='grc' dir='ltr'>[εδει</span> 
     </span>
    </p>
   </div>
   <div class='ocr_carea' id='block_1_2' title="bbox 782 138 1186 170">
    <p class='ocr_par' dir='ltr' id='par_1_2' title="bbox 782 138 1186 170">
     <span class='ocr_line' id='line_1_2' title="bbox 782 138 1186 170; baseline -0.007 0"><span class='ocrx_word' id='word_1_2' title='bbox 782 141 803 170; x_wconf 73' lang='grc' dir='ltr'>Ν</span> <span class='ocrx_word' id='word_1_3' title='bbox 812 139 993 170; x_wconf 74' lang='lat' dir='ltr'><strong>lCEPllOIll</strong></span> <span class='ocrx_word' id='word_1_4' title='bbox 1015 138 1186 169; x_wconf 78' lang='lat' dir='ltr'><strong>CALLlSTl</strong></span> 
     </span>
    </p>
   </div>
   <div class='ocr_carea' id='block_1_3' title="bbox 1737 132 1790 164">
    <p class='ocr_par' dir='ltr' id='par_1_3' title="bbox 1737 132 1790 164">
     <span class='ocr_line' id='line_1_3' title="bbox 1737 132 1790 164; baseline 0 0"><span class='ocrx_word' id='word_1_5' title='bbox 1737 132 1790 164; x_wconf 77' lang='grc' dir='ltr'>5ἷὸ</span> 
     </span>
    </p>
   </div>
   <div class='ocr_carea' id='block_1_4' title="bbox 172 188 967 236">
    <p class='ocr_par' dir='ltr' id='par_1_4' title="bbox 172 196 955 236">
     <span class='ocr_line' id='line_1_4' title="bbox 172 196 955 236; baseline -0.008 -8"><span class='ocrx_word' id='word_1_6' title='bbox 172 203 282 236; x_wconf 68' lang='lat' dir='ltr'><strong>triginta</strong></span> <span class='ocrx_word' id='word_1_7' title='bbox 306 200 388 227; x_wconf 85' lang='lat' dir='ltr'><strong>siclos</strong></span> <span class='ocrx_word' id='word_1_8' title='bbox 407 199 567 234; x_wconf 84' lang='lat' dir='ltr'><strong>reportavit,</strong></span> <span class='ocrx_word' id='word_1_9' title='bbox 590 199 685 233; x_wconf 83' lang='lat' dir='ltr'><strong>quanti</strong></span> <span class='ocrx_word' id='word_1_10' title='bbox 707 196 955 234; x_wconf 66' lang='lat' dir='ltr'><strong>magistrumturpi</strong></span> 
     </span>
    </p>
   </div>
   <div class='ocr_carea' id='block_1_5' title="bbox 1021 188 1788 236">
    <p class='ocr_par' dir='ltr' id='par_1_5' title="bbox 1021 188 1788 231">
     <span class='ocr_line' id='line_1_5' title="bbox 1021 188 1788 231; baseline -0.009 -9"><span class='ocrx_word' id='word_1_11' title='bbox 1021 196 1142 231; x_wconf 77' lang='grc' dir='ltr'>ιργυρίου</span> <span class='ocrx_word' id='word_1_12' title='bbox 1156 197 1190 221; x_wconf 79' lang='grc' dir='ltr'>τὰ</span> <span class='ocrx_word' id='word_1_13' title='bbox 1202 194 1291 221; x_wconf 85' lang='grc' dir='ltr'>πάντα</span> <span class='ocrx_word' id='word_1_14' title='bbox 1306 193 1457 229; x_wconf 78' lang='grc' dir='ltr'><strong>προέμενος</strong></span> <span class='ocrx_word' id='word_1_15' title='bbox 1469 200 1475 207; x_wconf 94' lang='grc'><strong>·</strong></span> <span class='ocrx_word' id='word_1_16' title='bbox 1493 188 1516 226; x_wconf 82' lang='grc' dir='ltr'>ᾧ</span> <span class='ocrx_word' id='word_1_17' title='bbox 1531 190 1659 218; x_wconf 78' lang='grc' dir='ltr'>τοσοῦτον</span> <span class='ocrx_word' id='word_1_18' title='bbox 1674 190 1788 216; x_wconf 74' lang='grc' dir='ltr'>δνασθαι</span> 
     </span>
    </p>
   </div>
   <div class='ocr_carea' id='block_1_6' title="bbox 172 243 954 276">
    <p class='ocr_par' dir='ltr' id='par_1_6' title="bbox 172 243 954 276">
     <span class='ocr_line' id='line_1_6' title="bbox 172 243 954 276; baseline -0.008 -2"><span class='ocrx_word' id='word_1_19' title='bbox 172 249 248 274; x_wconf 89' lang='lat' dir='ltr'><strong>Incro</strong></span> <span class='ocrx_word' id='word_1_20' title='bbox 268 247 368 274; x_wconf 89' lang='lat' dir='ltr'><strong>ductus</strong></span> <span class='ocrx_word' id='word_1_21' title='bbox 381 246 516 273; x_wconf 88' lang='lat' dir='ltr'><strong>vendidit.</strong></span> <span class='ocrx_word' id='word_1_22' title='bbox 532 245 612 273; x_wconf 85' lang='lat' dir='ltr'><strong>Venit</strong></span> <span class='ocrx_word' id='word_1_23' title='bbox 630 253 694 276; x_wconf 79' lang='lat' dir='ltr'><strong>nox.</strong></span> <span class='ocrx_word' id='word_1_24' title='bbox 708 250 736 272; x_wconf 87' lang='lat' dir='ltr'><strong>et</strong></span> <span class='ocrx_word' id='word_1_25' title='bbox 751 252 813 271; x_wconf 88' lang='lat' dir='ltr'><strong>cum</strong></span> <span class='ocrx_word' id='word_1_26' title='bbox 829 251 861 270; x_wconf 88' lang='lat' dir='ltr'><strong>ea</strong></span> <span class='ocrx_word' id='word_1_27' title='bbox 885 243 954 269; x_wconf 88' lang='lat' dir='ltr'><strong>lam-</strong></span> 
     </span>
    </p>
   </div>
   <div class='ocr_carea' id='block_1_7' title="bbox 172 287 957 328">
    <p class='ocr_par' dir='ltr' id='par_1_7' title="bbox 172 287 957 328">
     <span class='ocr_line' id='line_1_7' title="bbox 172 287 957 328; baseline -0.009 -8"><span class='ocrx_word' id='word_1_28' title='bbox 172 293 256 328; x_wconf 68' lang='lat' dir='ltr'><strong>palles</strong></span> <span class='ocrx_word' id='word_1_29' title='bbox 278 299 412 323; x_wconf 73' lang='lat' dir='ltr'><strong>accensae,</strong></span> <span class='ocrx_word' id='word_1_30' title='bbox 434 292 531 319; x_wconf 79' lang='lat' dir='ltr'><strong>fustes.</strong></span> <span class='ocrx_word' id='word_1_31' title='bbox 555 290 638 325; x_wconf 82' lang='lat' dir='ltr'><strong>gladii</strong></span> <span class='ocrx_word' id='word_1_32' title='bbox 663 295 692 317; x_wconf 90' lang='lat' dir='ltr'><strong>et</strong></span> <span class='ocrx_word' id='word_1_33' title='bbox 716 297 798 316; x_wconf 85' lang='lat' dir='ltr'><strong>enses</strong></span> <span class='ocrx_word' id='word_1_34' title='bbox 815 287 902 315; x_wconf 82' lang='lat' dir='ltr'><strong>stricti</strong></span> <span class='ocrx_word' id='word_1_35' title='bbox 929 290 957 314; x_wconf 88' lang='lat' dir='ltr'><strong>el.</strong></span> 
     </span>
    </p>
   </div>
   <div class='ocr_carea' id='block_1_8' title="bbox 173 332 958 371">
    <p class='ocr_par' dir='ltr' id='par_1_8' title="bbox 173 332 958 371">
     <span class='ocr_line' id='line_1_8' title="bbox 173 332 958 371; baseline -0.005 -8"><span class='ocrx_word' id='word_1_36' title='bbox 173 337 325 371; x_wconf 71' lang='lat' dir='ltr'><strong>discipulus</strong></span> <span class='ocrx_word' id='word_1_37' title='bbox 336 336 403 363; x_wconf 90' lang='lat' dir='ltr'><strong>diris</strong></span> <span class='ocrx_word' id='word_1_38' title='bbox 415 335 558 362; x_wconf 82' lang='lat' dir='ltr'><strong>vovendus</strong></span> <span class='ocrx_word' id='word_1_39' title='bbox 573 335 619 369; x_wconf 89' lang='lat' dir='ltr'><strong>qui</strong></span> <span class='ocrx_word' id='word_1_40' title='bbox 642 335 693 362; x_wconf 85' lang='lat' dir='ltr'><strong>sub</strong></span> <span class='ocrx_word' id='word_1_41' title='bbox 712 334 841 361; x_wconf 71' lang='lat' dir='ltr'><strong>amicitia:</strong></span> <span class='ocrx_word' id='word_1_42' title='bbox 867 332 958 367; x_wconf 84' lang='lat' dir='ltr'><strong>specie</strong></span> 
     </span>
    </p>
   </div>
   <div class='ocr_carea' id='block_1_9' title="bbox 173 378 958 415">
    <p class='ocr_par' dir='ltr' id='par_1_9' title="bbox 173 378 958 415">
     <span class='ocr_line' id='line_1_9' title="bbox 173 378 958 415; baseline -0.006 -6"><span class='ocrx_word' id='word_1_43' title='bbox 173 383 297 409; x_wconf 88' lang='lat' dir='ltr'><strong>divinum</strong></span> <span class='ocrx_word' id='word_1_44' title='bbox 326 381 439 409; x_wconf 81' lang='lat' dir='ltr'><strong>tradidit</strong></span> <span class='ocrx_word' id='word_1_45' title='bbox 465 380 646 415; x_wconf 79' lang='lat' dir='ltr'><strong>magistrum.</strong></span> <span class='ocrx_word' id='word_1_46' title='bbox 673 385 701 409; x_wconf 82' lang='lat' dir='ltr'><strong>et</strong></span> <span class='ocrx_word' id='word_1_47' title='bbox 726 378 958 406; x_wconf 81' lang='lat' dir='ltr'><strong>arehisacerdotis</strong></span> 
     </span>
    </p>
   </div>
   <div class='ocr_carea' id='block_1_10' title="bbox 175 423 957 454">
    <p class='ocr_par' dir='ltr' id='par_1_10' title="bbox 175 423 957 454">
     <span class='ocr_line' id='line_1_10' title="bbox 175 423 957 454; baseline -0.005 -1"><span class='ocrx_word' id='word_1_48' title='bbox 175 427 276 454; x_wconf 88' lang='lat' dir='ltr'><strong>cohors</strong></span> <span class='ocrx_word' id='word_1_49' title='bbox 300 426 424 453; x_wconf 86' lang='lat' dir='ltr'><strong>divinum</strong></span> <span class='ocrx_word' id='word_1_50' title='bbox 447 430 618 452; x_wconf 80' lang='lat' dir='ltr'><strong>sacerdotem</strong></span> <span class='ocrx_word' id='word_1_51' title='bbox 646 425 673 451; x_wconf 95' lang='lat' dir='ltr'><strong>in</strong></span> <span class='ocrx_word' id='word_1_52' title='bbox 693 425 812 451; x_wconf 78' lang='lat' dir='ltr'><strong>vinculis</strong></span> <span class='ocrx_word' id='word_1_53' title='bbox 833 423 957 450; x_wconf 87' lang='lat' dir='ltr'><strong>tenebat.</strong></span> 
     </span>
    </p>
   </div>
   <div class='ocr_carea' id='block_1_11' title="bbox 175 471 959 506">
    <p class='ocr_par' dir='ltr' id='par_1_11' title="bbox 175 471 959 506">
     <span class='ocr_line' id='line_1_11' title="bbox 175 471 959 506; baseline -0.005 -7"><span class='ocrx_word' id='word_1_54' title='bbox 175 473 312 505; x_wconf 83' lang='lat' dir='ltr'><strong>Quantum</strong></span> <span class='ocrx_word' id='word_1_55' title='bbox 329 478 386 499; x_wconf 89' lang='lat' dir='ltr'><strong>tum</strong></span> <span class='ocrx_word' id='word_1_56' title='bbox 403 472 535 506; x_wconf 83' lang='lat' dir='ltr'><strong>temporis</strong></span> <span class='ocrx_word' id='word_1_57' title='bbox 550 471 657 498; x_wconf 81' lang='lat' dir='ltr'><strong>beatam</strong></span> <span class='ocrx_word' id='word_1_58' title='bbox 684 471 758 498; x_wconf 86' lang='lat' dir='ltr'><strong>illam</strong></span> <span class='ocrx_word' id='word_1_59' title='bbox 775 478 882 505; x_wconf 82' lang='lat' dir='ltr'><strong>passam</strong></span> <span class='ocrx_word' id='word_1_60' title='bbox 899 477 959 496; x_wconf 86' lang='lat' dir='ltr'><strong>esse</strong></span> 
     </span>
    </p>
   </div>
   <div class='ocr_carea' id='block_1_12' title="bbox 175 515 960 552">
    <p class='ocr_par' dir='ltr' id='par_1_12' title="bbox 175 515 960 552">
     <span class='ocr_line' id='line_1_12' title="bbox 175 515 960 552; baseline -0.005 -8"><span class='ocrx_word' id='word_1_61' title='bbox 175 524 266 552; x_wconf 75' lang='lat' dir='ltr'><strong>putas,</strong></span> <span class='ocrx_word' id='word_1_62' title='bbox 276 525 336 552; x_wconf 67' lang='lat' dir='ltr'><strong>quae</strong></span> <span class='ocrx_word' id='word_1_63' title='bbox 347 517 420 544; x_wconf 86' lang='lat' dir='ltr'><strong>circa</strong></span> <span class='ocrx_word' id='word_1_64' title='bbox 432 518 551 551; x_wconf 84' lang='lat' dir='ltr'><strong>compita</strong></span> <span class='ocrx_word' id='word_1_65' title='bbox 563 524 679 544; x_wconf 86' lang='lat' dir='ltr'><strong>currens</strong></span> <span class='ocrx_word' id='word_1_66' title='bbox 690 516 760 543; x_wconf 90' lang='lat' dir='ltr'><strong>clam</strong></span> <span class='ocrx_word' id='word_1_67' title='bbox 775 524 806 542; x_wconf 90' lang='lat' dir='ltr'><strong>ac</strong></span> <span class='ocrx_word' id='word_1_68' title='bbox 821 515 960 550; x_wconf 80' lang='lat' dir='ltr'><strong>propalam</strong></span> 
     </span>
    </p>
   </div>
   <div class='ocr_carea' id='block_1_13' title="bbox 177 562 962 598">
    <p class='ocr_par' dir='ltr' id='par_1_13' title="bbox 177 562 962 598">
     <span class='ocr_line' id='line_1_13' title="bbox 177 562 962 598; baseline -0.003 -9"><span class='ocrx_word' id='word_1_69' title='bbox 177 565 334 598; x_wconf 62' lang='lat' dir='ltr'><strong>praetorium</strong></span> <span class='ocrx_word' id='word_1_70' title='bbox 351 563 512 590; x_wconf 88' lang='lat' dir='ltr'><strong>adeuntium</strong></span> <span class='ocrx_word' id='word_1_71' title='bbox 530 566 558 590; x_wconf 94' lang='lat' dir='ltr'><strong>et</strong></span> <span class='ocrx_word' id='word_1_72' title='bbox 574 562 640 590; x_wconf 85' lang='lat' dir='ltr'><strong>inde</strong></span> <span class='ocrx_word' id='word_1_73' title='bbox 655 562 815 589; x_wconf 82' lang='lat' dir='ltr'><strong>exeuntium</strong></span> <span class='ocrx_word' id='word_1_74' title='bbox 839 562 962 588; x_wconf 86' lang='lat' dir='ltr'><strong>multitu-</strong></span> 
     </span>
    </p>
   </div>
   <div class='ocr_carea' id='block_1_14' title="bbox 177 608 962 643">
    <p class='ocr_par' dir='ltr' id='par_1_14' title="bbox 177 608 962 643">
     <span class='ocr_line' id='line_1_14' title="bbox 177 608 962 643; baseline -0.003 -7"><span class='ocrx_word' id='word_1_75' title='bbox 177 611 269 637; x_wconf 80' lang='lat' dir='ltr'><strong>dinem</strong></span> <span class='ocrx_word' id='word_1_76' title='bbox 286 610 373 636; x_wconf 83' lang='lat' dir='ltr'><strong>oculis</strong></span> <span class='ocrx_word' id='word_1_77' title='bbox 391 613 560 643; x_wconf 63' lang='lat' dir='ltr'><strong>perscrutato</strong></span> <span class='ocrx_word' id='word_1_78' title='bbox 575 608 610 636; x_wconf 84' lang='lat' dir='ltr'><strong>ab</strong></span> <span class='ocrx_word' id='word_1_79' title='bbox 623 609 745 636; x_wconf 90' lang='lat' dir='ltr'><strong>omnium</strong></span> <span class='ocrx_word' id='word_1_80' title='bbox 760 616 807 635; x_wconf 89' lang='lat' dir='ltr'><strong>ore</strong></span> <span class='ocrx_word' id='word_1_81' title='bbox 824 608 962 643; x_wconf 84' lang='lat' dir='ltr'><strong>pendebat</strong></span> 
     </span>
    </p>
   </div>
   <div class='ocr_carea' id='block_1_15' title="bbox 178 653 961 689">
    <p class='ocr_par' dir='ltr' id='par_1_15' title="bbox 178 653 961 689">
     <span class='ocr_line' id='line_1_15' title="bbox 178 653 961 689; baseline -0.004 -7"><span class='ocrx_word' id='word_1_82' title='bbox 178 657 248 683; x_wconf 84' lang='lat' dir='ltr'><strong>facta</strong></span> <span class='ocrx_word' id='word_1_83' title='bbox 265 656 291 682; x_wconf 93' lang='lat' dir='ltr'><strong>in</strong></span> <span class='ocrx_word' id='word_1_84' title='bbox 308 662 453 688; x_wconf 88' lang='lat' dir='ltr'><strong>utramque</strong></span> <span class='ocrx_word' id='word_1_85' title='bbox 476 659 582 689; x_wconf 90' lang='lat' dir='ltr'><strong>partem</strong></span> <span class='ocrx_word' id='word_1_86' title='bbox 608 659 700 682; x_wconf 85' lang='lat' dir='ltr'><strong>mente</strong></span> <span class='ocrx_word' id='word_1_87' title='bbox 719 653 848 681; x_wconf 83' lang='lat' dir='ltr'><strong>versabat</strong></span> <span class='ocrx_word' id='word_1_88' title='bbox 861 659 888 680; x_wconf 92' lang='lat' dir='ltr'><strong>et</strong></span> <span class='ocrx_word' id='word_1_89' title='bbox 903 653 961 679; x_wconf 89' lang='lat' dir='ltr'><strong>visa</strong></span> 
     </span>
    </p>
   </div>
   <div class='ocr_carea' id='block_1_16' title="bbox 177 698 961 736">
    <p class='ocr_par' dir='ltr' id='par_1_16' title="bbox 177 698 961 736">
     <span class='ocr_line' id='line_1_16' title="bbox 177 698 961 736; baseline -0.005 -8"><span class='ocrx_word' id='word_1_90' title='bbox 177 707 259 736; x_wconf 84' lang='lat' dir='ltr'><strong>atque</strong></span> <span class='ocrx_word' id='word_1_91' title='bbox 284 701 377 727; x_wconf 83' lang='lat' dir='ltr'><strong>audita</strong></span> <span class='ocrx_word' id='word_1_92' title='bbox 404 700 483 727; x_wconf 83' lang='lat' dir='ltr'><strong>matri</strong></span> <span class='ocrx_word' id='word_1_93' title='bbox 508 700 656 731; x_wconf 76' lang='lat' dir='ltr'><strong>referebat.</strong></span> <span class='ocrx_word' id='word_1_94' title='bbox 675 707 736 726; x_wconf 89' lang='lat' dir='ltr'><strong>eum</strong></span> <span class='ocrx_word' id='word_1_95' title='bbox 761 707 815 733; x_wconf 88' lang='lat' dir='ltr'><strong>qua</strong></span> <span class='ocrx_word' id='word_1_96' title='bbox 838 698 961 726; x_wconf 82' lang='lat' dir='ltr'><strong>dolorem</strong></span> 
     </span>
    </p>
   </div>
   <div class='ocr_carea' id='block_1_17' title="bbox 179 743 961 779">
    <p class='ocr_par' dir='ltr' id='par_1_17' title="bbox 179 743 961 779">
     <span class='ocr_line' id='line_1_17' title="bbox 179 743 961 779; baseline -0.004 -7"><span class='ocrx_word' id='word_1_97' title='bbox 179 747 307 774; x_wconf 85' lang='lat' dir='ltr'><strong>intimum</strong></span> <span class='ocrx_word' id='word_1_98' title='bbox 332 744 565 772; x_wconf 86' lang='lat' dir='ltr'><strong>communicabat.</strong></span> <span class='ocrx_word' id='word_1_99' title='bbox 589 744 647 772; x_wconf 84' lang='lat' dir='ltr'><strong>Hoc</strong></span> <span class='ocrx_word' id='word_1_100' title='bbox 671 744 754 779; x_wconf 73' lang='lat' dir='ltr'><strong>igitur</strong></span> <span class='ocrx_word' id='word_1_101' title='bbox 770 743 871 771; x_wconf 83' lang='lat' dir='ltr'><strong>mentis</strong></span> <span class='ocrx_word' id='word_1_102' title='bbox 890 748 961 770; x_wconf 89' lang='lat' dir='ltr'><strong>statu</strong></span> 
     </span>
    </p>
   </div>
   <div class='ocr_carea' id='block_1_18' title="bbox 181 790 964 827">
    <p class='ocr_par' dir='ltr' id='par_1_18' title="bbox 181 790 964 827">
     <span class='ocr_line' id='line_1_18' title="bbox 181 790 964 827; baseline -0.006 -7"><span class='ocrx_word' id='word_1_103' title='bbox 181 793 266 827; x_wconf 81' lang='lat' dir='ltr'><strong>magis</strong></span> <span class='ocrx_word' id='word_1_104' title='bbox 284 792 424 827; x_wconf 80' lang='lat' dir='ltr'><strong>magisque</strong></span> <span class='ocrx_word' id='word_1_105' title='bbox 438 792 519 818; x_wconf 85' lang='lat' dir='ltr'><strong>anxia</strong></span> <span class='ocrx_word' id='word_1_106' title='bbox 541 791 575 819; x_wconf 91' lang='lat' dir='ltr'><strong>de</strong></span> <span class='ocrx_word' id='word_1_107' title='bbox 600 799 692 818; x_wconf 88' lang='lat' dir='ltr'><strong>rerum</strong></span> <span class='ocrx_word' id='word_1_108' title='bbox 714 798 785 825; x_wconf 88' lang='lat' dir='ltr'><strong>quas</strong></span> <span class='ocrx_word' id='word_1_109' title='bbox 808 790 843 817; x_wconf 92' lang='lat' dir='ltr'><strong>ob</strong></span> <span class='ocrx_word' id='word_1_110' title='bbox 867 790 964 817; x_wconf 87' lang='lat' dir='ltr'><strong>oculos</strong></span> 
     </span>
    </p>
   </div>
   <div class='ocr_carea' id='block_1_19' title="bbox 181 834 964 875">
    <p class='ocr_par' dir='ltr' id='par_1_19' title="bbox 181 834 964 875">
     <span class='ocr_line' id='line_1_19' title="bbox 181 834 964 875; baseline -0.006 -10"><span class='ocrx_word' id='word_1_111' title='bbox 181 839 301 866; x_wconf 83' lang='lat' dir='ltr'><strong>habebat</strong></span> <span class='ocrx_word' id='word_1_112' title='bbox 316 838 391 865; x_wconf 81' lang='lat' dir='ltr'><strong>exitu</strong></span> <span class='ocrx_word' id='word_1_113' title='bbox 408 841 478 864; x_wconf 85' lang='lat' dir='ltr'><strong>erat.</strong></span> <span class='ocrx_word' id='word_1_114' title='bbox 492 837 521 864; x_wconf 90' lang='lat' dir='ltr'><strong>In</strong></span> <span class='ocrx_word' id='word_1_115' title='bbox 536 844 591 871; x_wconf 87' lang='lat' dir='ltr'><strong>quo</strong></span> <span class='ocrx_word' id='word_1_116' title='bbox 608 837 704 864; x_wconf 85' lang='lat' dir='ltr'><strong>videre</strong></span> <span class='ocrx_word' id='word_1_117' title='bbox 719 836 784 863; x_wconf 85' lang='lat' dir='ltr'><strong>licet</strong></span> <span class='ocrx_word' id='word_1_118' title='bbox 800 841 903 870; x_wconf 88' lang='lat' dir='ltr'><strong>quanto</strong></span> <span class='ocrx_word' id='word_1_119' title='bbox 916 834 964 875; x_wconf 39' lang='lat' dir='ltr'><strong>do:</strong></span> 
     </span>
    </p>
   </div>
   <div class='ocr_carea' id='block_1_20' title="bbox 1008 237 1793 276">
    <p class='ocr_par' dir='ltr' id='par_1_20' title="bbox 1008 237 1793 276">
     <span class='ocr_line' id='line_1_20' title="bbox 1008 237 1793 276; baseline -0.006 -9"><span class='ocrx_word' id='word_1_120' title='bbox 1008 242 1057 276; x_wconf 82' lang='grc' dir='ltr'>τῆς</span> <span class='ocrx_word' id='word_1_121' title='bbox 1073 241 1119 267; x_wconf 80' lang='grc' dir='ltr'>τοῦ</span> <span class='ocrx_word' id='word_1_122' title='bbox 1135 240 1296 266; x_wconf 72' lang='grc' dir='ltr'><strong>διδασκάλου</strong></span> <span class='ocrx_word' id='word_1_123' title='bbox 1319 239 1469 274; x_wconf 80' lang='grc' dir='ltr'>μαθητείας</span> <span class='ocrx_word' id='word_1_124' title='bbox 1494 238 1640 272; x_wconf 68' lang='grc' dir='ltr'>ἐμέλησεν,</span> <span class='ocrx_word' id='word_1_125' title='bbox 1665 237 1721 271; x_wconf 75' lang='grc' dir='ltr'><strong>ὅσῳ</strong></span> <span class='ocrx_word' id='word_1_126' title='bbox 1747 238 1793 263; x_wconf 70' lang='grc' dir='ltr'>καὶ</span> 
     </span>
    </p>
   </div>
   <div class='ocr_carea' id='block_1_21' title="bbox 1009 283 1791 322">
    <p class='ocr_par' dir='ltr' id='par_1_21' title="bbox 1009 283 1791 322">
     <span class='ocr_line' id='line_1_21' title="bbox 1009 283 1791 322; baseline -0.005 -9"><span class='ocrx_word' id='word_1_127' title='bbox 1009 288 1153 321; x_wconf 82' lang='grc' dir='ltr'>τριάκοντα</span> <span class='ocrx_word' id='word_1_128' title='bbox 1170 285 1263 312; x_wconf 80' lang='grc' dir='ltr'>τοῦτον</span> <span class='ocrx_word' id='word_1_129' title='bbox 1279 286 1420 322; x_wconf 82' lang='grc' dir='ltr'><strong>ἀργυρίων</strong></span> <span class='ocrx_word' id='word_1_130' title='bbox 1443 286 1598 318; x_wconf 79' lang='grc' dir='ltr'><strong>πιπράσκει</strong></span> <span class='ocrx_word' id='word_1_131' title='bbox 1611 284 1625 309; x_wconf 80' lang='grc' dir='ltr'>ὁ</span> <span class='ocrx_word' id='word_1_132' title='bbox 1653 283 1791 309; x_wconf 79' lang='grc' dir='ltr'>τοσούτων</span> 
     </span>
    </p>
   </div>
   <div class='ocr_carea' id='block_1_22' title="bbox 1009 326 1794 365">
    <p class='ocr_par' dir='ltr' id='par_1_22' title="bbox 1009 326 1794 365">
     <span class='ocr_line' id='line_1_22' title="bbox 1009 326 1794 365; baseline -0.009 -7"><span class='ocrx_word' id='word_1_133' title='bbox 1009 331 1118 365; x_wconf 81' lang='grc' dir='ltr'>άληθῶς</span> <span class='ocrx_word' id='word_1_134' title='bbox 1130 331 1215 363; x_wconf 72' lang='grc' dir='ltr'>ἄξιος.</span> <span class='ocrx_word' id='word_1_135' title='bbox 1236 329 1377 357; x_wconf 80' lang='grc' dir='ltr'>Ἐντεῦθεν</span> <span class='ocrx_word' id='word_1_136' title='bbox 1393 328 1454 360; x_wconf 77' lang='grc' dir='ltr'>νὺξ,</span> <span class='ocrx_word' id='word_1_137' title='bbox 1471 328 1519 354; x_wconf 76' lang='grc' dir='ltr'>καὶ</span> <span class='ocrx_word' id='word_1_138' title='bbox 1543 326 1686 361; x_wconf 77' lang='grc' dir='ltr'><strong>λαμπάδες</strong></span> <span class='ocrx_word' id='word_1_139' title='bbox 1711 326 1794 353; x_wconf 73' lang='grc' dir='ltr'>ἁπτό-</span> 
     </span>
    </p>
   </div>
   <div class='ocr_carea' id='block_1_23' title="bbox 1012 372 1796 413">
    <p class='ocr_par' dir='ltr' id='par_1_23' title="bbox 1012 372 1796 413">
     <span class='ocr_line' id='line_1_23' title="bbox 1012 372 1796 413; baseline -0.008 -9"><span class='ocrx_word' id='word_1_140' title='bbox 1012 387 1101 413; x_wconf 85' lang='grc' dir='ltr'>μεναι,</span> <span class='ocrx_word' id='word_1_141' title='bbox 1119 377 1153 403; x_wconf 78' lang='grc' dir='ltr'>τὰ</span> <span class='ocrx_word' id='word_1_142' title='bbox 1169 376 1275 412; x_wconf 90' lang='grc' dir='ltr'>ῥόπαλα</span> <span class='ocrx_word' id='word_1_143' title='bbox 1287 376 1316 402; x_wconf 81' lang='grc' dir='ltr'>ὲν</span> <span class='ocrx_word' id='word_1_144' title='bbox 1329 375 1418 410; x_wconf 82' lang='grc' dir='ltr'>χερσὶ,</span> <span class='ocrx_word' id='word_1_145' title='bbox 1432 373 1611 408; x_wconf 75' lang='grc' dir='ltr'>γυμνούμενα</span> <span class='ocrx_word' id='word_1_146' title='bbox 1627 380 1656 398; x_wconf 92' lang='grc' dir='ltr'><strong>τε</strong></span> <span class='ocrx_word' id='word_1_147' title='bbox 1670 372 1735 405; x_wconf 81' lang='grc' dir='ltr'>ξίφη</span> <span class='ocrx_word' id='word_1_148' title='bbox 1748 372 1796 398; x_wconf 74' lang='grc' dir='ltr'><strong>καὶ</strong></span> 
     </span>
    </p>
   </div>
   <div class='ocr_carea' id='block_1_24' title="bbox 1012 419 1797 459">
    <p class='ocr_par' dir='ltr' id='par_1_24' title="bbox 1012 419 1797 459">
     <span class='ocr_line' id='line_1_24' title="bbox 1012 419 1797 459; baseline -0.01 -8"><span class='ocrx_word' id='word_1_149' title='bbox 1012 426 1158 459; x_wconf 79' lang='grc' dir='ltr'>μάχαιραι,</span> <span class='ocrx_word' id='word_1_150' title='bbox 1171 423 1217 449; x_wconf 73' lang='grc' dir='ltr'>καὶ</span> <span class='ocrx_word' id='word_1_151' title='bbox 1241 423 1254 449; x_wconf 84' lang='grc' dir='ltr'><strong>ό</strong></span> <span class='ocrx_word' id='word_1_152' title='bbox 1275 422 1398 457; x_wconf 80' lang='grc' dir='ltr'>μυσαρδς</span> <span class='ocrx_word' id='word_1_153' title='bbox 1418 420 1540 455; x_wconf 77' lang='grc' dir='ltr'>μαθητὴς</span> <span class='ocrx_word' id='word_1_154' title='bbox 1555 419 1649 453; x_wconf 82' lang='grc' dir='ltr'><strong>φιλίας</strong></span> <span class='ocrx_word' id='word_1_155' title='bbox 1673 419 1797 452; x_wconf 78' lang='grc' dir='ltr'>προσχή-</span> 
     </span>
    </p>
   </div>
   <div class='ocr_carea' id='block_1_25' title="bbox 1012 462 1797 505">
    <p class='ocr_par' dir='ltr' id='par_1_25' title="bbox 1012 462 1797 505">
     <span class='ocr_line' id='line_1_25' title="bbox 1012 462 1797 505; baseline -0.01 -9"><span class='ocrx_word' id='word_1_156' title='bbox 1012 478 1079 505; x_wconf 87' lang='grc' dir='ltr'>ματι</span> <span class='ocrx_word' id='word_1_157' title='bbox 1098 470 1144 496; x_wconf 80' lang='grc' dir='ltr'>τὸν</span> <span class='ocrx_word' id='word_1_158' title='bbox 1170 469 1253 496; x_wconf 81' lang='grc' dir='ltr'>καλὸν</span> <span class='ocrx_word' id='word_1_159' title='bbox 1270 468 1432 495; x_wconf 79' lang='grc' dir='ltr'>διδάσκαλον</span> <span class='ocrx_word' id='word_1_160' title='bbox 1453 465 1656 501; x_wconf 83' lang='grc' dir='ltr'>παραδίδωσιν·</span> <span class='ocrx_word' id='word_1_161' title='bbox 1675 462 1732 498; x_wconf 78' lang='grc' dir='ltr'>εἶχε</span> <span class='ocrx_word' id='word_1_162' title='bbox 1746 463 1797 496; x_wconf 80' lang='grc' dir='ltr'>μὲν</span> 
     </span>
    </p>
   </div>
   <div class='ocr_carea' id='block_1_26' title="bbox 1011 511 1798 549">
    <p class='ocr_par' dir='ltr' id='par_1_26' title="bbox 1011 511 1798 549">
     <span class='ocr_line' id='line_1_26' title="bbox 1011 511 1798 549; baseline -0.01 -6"><span class='ocrx_word' id='word_1_163' title='bbox 1011 516 1083 543; x_wconf 83' lang='grc' dir='ltr'>οὕτω</span> <span class='ocrx_word' id='word_1_164' title='bbox 1097 517 1185 542; x_wconf 85' lang='grc' dir='ltr'>ταῦτα</span> <span class='ocrx_word' id='word_1_165' title='bbox 1197 523 1205 531; x_wconf 87' lang='grc'>·</span> <span class='ocrx_word' id='word_1_166' title='bbox 1223 515 1271 542; x_wconf 79' lang='grc' dir='ltr'>καὶ</span> <span class='ocrx_word' id='word_1_167' title='bbox 1285 515 1306 549; x_wconf 82' lang='grc' dir='ltr'>ἡ.</span> <span class='ocrx_word' id='word_1_168' title='bbox 1319 513 1365 541; x_wconf 83' lang='grc' dir='ltr'>τοῦ</span> <span class='ocrx_word' id='word_1_169' title='bbox 1381 513 1536 548; x_wconf 80' lang='grc' dir='ltr'><strong>ἀρχιερέως</strong></span> <span class='ocrx_word' id='word_1_170' title='bbox 1552 512 1621 546; x_wconf 78' lang='grc' dir='ltr'>αὐλὴ</span> <span class='ocrx_word' id='word_1_171' title='bbox 1637 512 1683 537; x_wconf 81' lang='grc' dir='ltr'>τὸν</span> <span class='ocrx_word' id='word_1_172' title='bbox 1709 511 1798 544; x_wconf 80' lang='grc' dir='ltr'>μέγαν</span> 
     </span>
    </p>
   </div>
   <div class='ocr_carea' id='block_1_27' title="bbox 1011 554 1799 597">
    <p class='ocr_par' dir='ltr' id='par_1_27' title="bbox 1011 554 1799 597">
     <span class='ocr_line' id='line_1_27' title="bbox 1011 554 1799 597; baseline -0.013 -8"><span class='ocrx_word' id='word_1_173' title='bbox 1011 561 1086 597; x_wconf 70' lang='grc' dir='ltr'>εἶχεν</span> <span class='ocrx_word' id='word_1_174' title='bbox 1109 561 1243 596; x_wconf 83' lang='grc' dir='ltr'><strong>ἀρχιερέα</strong></span> <span class='ocrx_word' id='word_1_175' title='bbox 1255 561 1378 594; x_wconf 81' lang='grc' dir='ltr'>δέσμιον.</span> <span class='ocrx_word' id='word_1_176' title='bbox 1408 559 1494 585; x_wconf 80' lang='grc' dir='ltr'>Πόσον</span> <span class='ocrx_word' id='word_1_177' title='bbox 1507 558 1530 584; x_wconf 84' lang='grc' dir='ltr'>δ’</span> <span class='ocrx_word' id='word_1_178' title='bbox 1545 557 1590 592; x_wconf 73' lang='grc' dir='ltr'><strong>ἄρ’</strong></span> <span class='ocrx_word' id='word_1_179' title='bbox 1608 556 1732 587; x_wconf 79' lang='grc' dir='ltr'><strong>εἰκάζεις</strong></span> <span class='ocrx_word' id='word_1_180' title='bbox 1749 554 1799 588; x_wconf 86' lang='grc' dir='ltr'>τὴν</span> 
     </span>
    </p>
   </div>
   <div class='ocr_carea' id='block_1_28' title="bbox 1014 603 1800 644">
    <p class='ocr_par' dir='ltr' id='par_1_28' title="bbox 1014 603 1800 644">
     <span class='ocr_line' id='line_1_28' title="bbox 1014 603 1800 644; baseline -0.013 -9"><span class='ocrx_word' id='word_1_181' title='bbox 1014 609 1153 644; x_wconf 79' lang='grc' dir='ltr'>μακαρίαν</span> <span class='ocrx_word' id='word_1_182' title='bbox 1164 607 1267 641; x_wconf 77' lang='grc' dir='ltr'>ταύτην</span> <span class='ocrx_word' id='word_1_183' title='bbox 1281 606 1321 640; x_wconf 84' lang='grc' dir='ltr'>τῷ</span> <span class='ocrx_word' id='word_1_184' title='bbox 1335 605 1396 631; x_wconf 79' lang='grc' dir='ltr'>τότε</span> <span class='ocrx_word' id='word_1_185' title='bbox 1422 604 1530 634; x_wconf 79' lang='grc' dir='ltr'><strong>παθεῖν,</strong></span> <span class='ocrx_word' id='word_1_186' title='bbox 1547 603 1696 637; x_wconf 77' lang='grc' dir='ltr'>ἑπομένην,</span> <span class='ocrx_word' id='word_1_187' title='bbox 1714 608 1800 633; x_wconf 79' lang='grc' dir='ltr'>παρε-</span> 
     </span>
    </p>
   </div>
   <div class='ocr_carea' id='block_1_29' title="bbox 1015 646 1800 689">
    <p class='ocr_par' dir='ltr' id='par_1_29' title="bbox 1015 646 1800 689">
     <span class='ocr_line' id='line_1_29' title="bbox 1015 646 1800 689; baseline -0.011 -9"><span class='ocrx_word' id='word_1_188' title='bbox 1015 654 1148 689; x_wconf 79' lang='grc' dir='ltr'>πομένην,</span> <span class='ocrx_word' id='word_1_189' title='bbox 1159 652 1351 686; x_wconf 79' lang='grc' dir='ltr'><strong>πλαττομένην</strong></span> <span class='ocrx_word' id='word_1_190' title='bbox 1366 650 1415 683; x_wconf 82' lang='grc' dir='ltr'>τὴν</span> <span class='ocrx_word' id='word_1_191' title='bbox 1439 649 1476 684; x_wconf 83' lang='grc' dir='ltr'>μὴ</span> <span class='ocrx_word' id='word_1_192' title='bbox 1490 649 1607 680; x_wconf 78' lang='grc' dir='ltr'>εἰδυῖαν,</span> <span class='ocrx_word' id='word_1_193' title='bbox 1623 648 1653 673; x_wconf 68' lang='grc' dir='ltr'>ὲν</span> <span class='ocrx_word' id='word_1_194' title='bbox 1669 646 1728 681; x_wconf 79' lang='grc' dir='ltr'><strong>χρῷ</strong></span> <span class='ocrx_word' id='word_1_195' title='bbox 1755 646 1800 672; x_wconf 81' lang='grc' dir='ltr'>θυ-</span> 
     </span>
    </p>
   </div>
   <div class='ocr_carea' id='block_1_30' title="bbox 1016 692 1802 735">
    <p class='ocr_par' dir='ltr' id='par_1_30' title="bbox 1016 692 1802 735">
     <span class='ocr_line' id='line_1_30' title="bbox 1016 692 1802 735; baseline -0.011 -9"><span class='ocrx_word' id='word_1_196' title='bbox 1016 701 1069 735; x_wconf 83' lang='grc' dir='ltr'><strong>ρῶν</strong></span> <span class='ocrx_word' id='word_1_197' title='bbox 1082 699 1241 733; x_wconf 65' lang='grc' dir='ltr'>γινομένην,</span> <span class='ocrx_word' id='word_1_198' title='bbox 1256 699 1306 728; x_wconf 76' lang='grc' dir='ltr'>τὰς</span> <span class='ocrx_word' id='word_1_199' title='bbox 1319 697 1452 727; x_wconf 69' lang='grc' dir='ltr'>εἰσόδους,</span> <span class='ocrx_word' id='word_1_200' title='bbox 1468 696 1518 726; x_wconf 85' lang='grc' dir='ltr'>τὰς</span> <span class='ocrx_word' id='word_1_201' title='bbox 1531 695 1639 726; x_wconf 70' lang='grc' dir='ltr'>ἐξόδους</span> <span class='ocrx_word' id='word_1_202' title='bbox 1652 692 1802 719; x_wconf 60' lang='grc' dir='ltr'>κατανοοῦ-</span> 
     </span>
    </p>
   </div>
   <div class='ocr_carea' id='block_1_31' title="bbox 1015 738 1800 779">
    <p class='ocr_par' dir='ltr' id='par_1_31' title="bbox 1015 738 1800 779">
     <span class='ocr_line' id='line_1_31' title="bbox 1015 738 1800 779; baseline -0.011 -7"><span class='ocrx_word' id='word_1_203' title='bbox 1015 754 1076 777; x_wconf 82' lang='grc' dir='ltr'>σαν,</span> <span class='ocrx_word' id='word_1_204' title='bbox 1094 744 1210 779; x_wconf 78' lang='grc' dir='ltr'>στόμασι</span> <span class='ocrx_word' id='word_1_205' title='bbox 1221 751 1250 770; x_wconf 86' lang='grc' dir='ltr'><strong>τε</strong></span> <span class='ocrx_word' id='word_1_206' title='bbox 1271 744 1328 773; x_wconf 88' lang='grc' dir='ltr'>τοῖς</span> <span class='ocrx_word' id='word_1_207' title='bbox 1352 741 1480 769; x_wconf 83' lang='grc' dir='ltr'>ἁπάντων</span> <span class='ocrx_word' id='word_1_208' title='bbox 1504 739 1704 775; x_wconf 81' lang='grc' dir='ltr'>προσέχουσαν,</span> <span class='ocrx_word' id='word_1_209' title='bbox 1727 738 1800 769; x_wconf 85' lang='grc' dir='ltr'>-ιίνες</span> 
     </span>
    </p>
   </div>
   <div class='ocr_carea' id='block_1_32' title="bbox 1017 786 1798 826">
    <p class='ocr_par' dir='ltr' id='par_1_32' title="bbox 1017 786 1798 826">
     <span class='ocr_line' id='line_1_32' title="bbox 1017 786 1798 826; baseline -0.008 -9"><span class='ocrx_word' id='word_1_210' title='bbox 1017 791 1067 826; x_wconf 87' lang='grc' dir='ltr'>μὲν</span> <span class='ocrx_word' id='word_1_211' title='bbox 1091 792 1116 816; x_wconf 80' lang='grc' dir='ltr'>οι</span> <span class='ocrx_word' id='word_1_212' title='bbox 1143 791 1177 824; x_wconf 82' lang='grc' dir='ltr'>τῇ</span> <span class='ocrx_word' id='word_1_213' title='bbox 1199 788 1260 815; x_wconf 85' lang='grc' dir='ltr'>κατ’</span> <span class='ocrx_word' id='word_1_214' title='bbox 1285 788 1368 814; x_wconf 81' lang='grc' dir='ltr'>αὑτοῦ</span> <span class='ocrx_word' id='word_1_215' title='bbox 1396 786 1533 820; x_wconf 78' lang='grc' dir='ltr'><strong>ἀποφάσει</strong></span> <span class='ocrx_word' id='word_1_216' title='bbox 1559 786 1798 818; x_wconf 77' lang='grc' dir='ltr'>συνευδοκοῦντες,</span> 
     </span>
    </p>
   </div>
   <div class='ocr_carea' id='block_1_33' title="bbox 1014 832 1797 870">
    <p class='ocr_par' dir='ltr' id='par_1_33' title="bbox 1014 832 1797 870">
     <span class='ocr_line' id='line_1_33' title="bbox 1014 832 1797 870; baseline -0.009 -6"><span class='ocrx_word' id='word_1_217' title='bbox 1014 838 1071 864; x_wconf 82' lang='grc' dir='ltr'>τίσι</span> <span class='ocrx_word' id='word_1_218' title='bbox 1091 836 1119 863; x_wconf 70' lang='grc' dir='ltr'>δὲ</span> <span class='ocrx_word' id='word_1_219' title='bbox 1142 836 1273 870; x_wconf 76' lang='grc' dir='ltr'>μέμψεως</span> <span class='ocrx_word' id='word_1_220' title='bbox 1289 834 1318 860; x_wconf 80' lang='grc' dir='ltr'>τὸ</span> <span class='ocrx_word' id='word_1_221' title='bbox 1334 834 1451 868; x_wconf 77' lang='grc' dir='ltr'>πρᾶγμα</span> <span class='ocrx_word' id='word_1_222' title='bbox 1473 833 1608 867; x_wconf 74' lang='grc' dir='ltr'>ἐκρίνετο,</span> <span class='ocrx_word' id='word_1_223' title='bbox 1632 833 1678 858; x_wconf 83' lang='grc' dir='ltr'>καὶ</span> <span class='ocrx_word' id='word_1_224' title='bbox 1694 833 1745 858; x_wconf 79' lang='grc' dir='ltr'>ὅσα</span> <span class='ocrx_word' id='word_1_225' title='bbox 1762 832 1797 858; x_wconf 80' lang='grc' dir='ltr'>ἂν</span> 
     </span>
    </p>
   </div>
   <div class='ocr_carea' id='block_1_34' title="bbox 181 875 967 918">
    <p class='ocr_par' dir='ltr' id='par_1_34' title="bbox 181 880 962 916">
     <span class='ocr_line' id='line_1_34' title="bbox 181 880 962 916; baseline -0.005 -6"><span class='ocrx_word' id='word_1_226' title='bbox 181 884 239 910; x_wconf 89' lang='lat' dir='ltr'><strong>lore</strong></span> <span class='ocrx_word' id='word_1_227' title='bbox 258 887 383 916; x_wconf 87' lang='lat' dir='ltr'><strong>correpta</strong></span> <span class='ocrx_word' id='word_1_228' title='bbox 398 882 482 909; x_wconf 77' lang='lat' dir='ltr'><strong>fuerit</strong></span> <span class='ocrx_word' id='word_1_229' title='bbox 492 881 589 908; x_wconf 87' lang='lat' dir='ltr'><strong>videns</strong></span> <span class='ocrx_word' id='word_1_230' title='bbox 605 889 660 916; x_wconf 88' lang='lat' dir='ltr'><strong>quo</strong></span> <span class='ocrx_word' id='word_1_231' title='bbox 677 881 771 916; x_wconf 89' lang='lat' dir='ltr'><strong>iniquo</strong></span> <span class='ocrx_word' id='word_1_232' title='bbox 785 881 865 916; x_wconf 87' lang='lat' dir='ltr'><strong>plane</strong></span> <span class='ocrx_word' id='word_1_233' title='bbox 881 880 962 907; x_wconf 90' lang='lat' dir='ltr'><strong>modo</strong></span> 
     </span>
    </p>
   </div>
   <div class='ocr_carea' id='block_1_35' title="bbox 1021 875 1802 918">
    <p class='ocr_par' dir='ltr' id='par_1_35' title="bbox 1021 875 1802 918">
     <span class='ocr_line' id='line_1_35' title="bbox 1021 875 1802 918; baseline -0.009 -9"><span class='ocrx_word' id='word_1_234' title='bbox 1021 883 1110 918; x_wconf 78' lang='grc' dir='ltr'>μάθοι,</span> <span class='ocrx_word' id='word_1_235' title='bbox 1130 883 1163 916; x_wconf 77' lang='grc' dir='ltr'>τῇ</span> <span class='ocrx_word' id='word_1_236' title='bbox 1186 880 1272 915; x_wconf 85' lang='grc' dir='ltr'>μητρὶ</span> <span class='ocrx_word' id='word_1_237' title='bbox 1284 879 1508 912; x_wconf 75' lang='grc' dir='ltr'>διαγγέλλουσαν,</span> <span class='ocrx_word' id='word_1_238' title='bbox 1526 879 1576 913; x_wconf 79' lang='grc' dir='ltr'><strong>οὺχ</strong></span> <span class='ocrx_word' id='word_1_239' title='bbox 1593 875 1676 913; x_wconf 83' lang='grc' dir='ltr'>ἦττον</span> <span class='ocrx_word' id='word_1_240' title='bbox 1694 878 1710 912; x_wconf 82' lang='grc' dir='ltr'><strong>ἢ</strong></span> <span class='ocrx_word' id='word_1_241' title='bbox 1729 879 1802 903; x_wconf 78' lang='grc' dir='ltr'>ὲκεί-</span> 
     </span>
    </p>
   </div>
   <div class='ocr_carea' id='block_1_36' title="bbox 181 926 964 959">
    <p class='ocr_par' dir='ltr' id='par_1_36' title="bbox 181 926 964 959">
     <span class='ocr_line' id='line_1_36' title="bbox 181 926 964 959; baseline -0.004 -3"><span class='ocrx_word' id='word_1_242' title='bbox 181 928 310 956; x_wconf 82' lang='lat' dir='ltr'><strong>Christus</strong></span> <span class='ocrx_word' id='word_1_243' title='bbox 330 927 502 955; x_wconf 84' lang='lat' dir='ltr'><strong>tractabatur</strong></span> <span class='ocrx_word' id='word_1_244' title='bbox 524 934 540 954; x_wconf 87' lang='lat' dir='ltr'><strong>a</strong></span> <span class='ocrx_word' id='word_1_245' title='bbox 567 927 643 954; x_wconf 81' lang='lat' dir='ltr'><strong>falsis</strong></span> <span class='ocrx_word' id='word_1_246' title='bbox 666 926 783 954; x_wconf 88' lang='lat' dir='ltr'><strong>testibus</strong></span> <span class='ocrx_word' id='word_1_247' title='bbox 807 931 964 959; x_wconf 79' lang='lat' dir='ltr'><strong>accusatus.</strong></span> 
     </span>
    </p>
   </div>
   <div class='ocr_carea' id='block_1_37' title="bbox 182 971 966 1007">
    <p class='ocr_par' dir='ltr' id='par_1_37' title="bbox 182 971 966 1007">
     <span class='ocr_line' id='line_1_37' title="bbox 182 971 966 1007; baseline -0.003 -7"><span class='ocrx_word' id='word_1_248' title='bbox 182 973 304 1001; x_wconf 88' lang='lat' dir='ltr'><strong>ludibrio</strong></span> <span class='ocrx_word' id='word_1_249' title='bbox 328 972 452 1005; x_wconf 89' lang='lat' dir='ltr'><strong>habitus,</strong></span> <span class='ocrx_word' id='word_1_250' title='bbox 470 972 634 1007; x_wconf 69' lang='lat' dir='ltr'><strong>ﬂagellatus,</strong></span> <span class='ocrx_word' id='word_1_251' title='bbox 651 972 824 1003; x_wconf 86' lang='lat' dir='ltr'><strong>verberatus,</strong></span> <span class='ocrx_word' id='word_1_252' title='bbox 842 971 966 1006; x_wconf 87' lang='lat' dir='ltr'><strong>colaphi-</strong></span> 
     </span>
    </p>
   </div>
   <div class='ocr_carea' id='block_1_38' title="bbox 184 1016 968 1053">
    <p class='ocr_par' dir='ltr' id='par_1_38' title="bbox 184 1016 968 1053">
     <span class='ocr_line' id='line_1_38' title="bbox 184 1016 968 1053; baseline 0 -8"><span class='ocrx_word' id='word_1_253' title='bbox 184 1024 272 1051; x_wconf 84' lang='lat' dir='ltr'><strong>zatus,</strong></span> <span class='ocrx_word' id='word_1_254' title='bbox 299 1026 420 1053; x_wconf 85' lang='lat' dir='ltr'><strong>purpura</strong></span> <span class='ocrx_word' id='word_1_255' title='bbox 445 1024 495 1052; x_wconf 90' lang='lat' dir='ltr'><strong>per</strong></span> <span class='ocrx_word' id='word_1_256' title='bbox 510 1017 594 1045; x_wconf 91' lang='lat' dir='ltr'><strong>risum</strong></span> <span class='ocrx_word' id='word_1_257' title='bbox 611 1016 735 1049; x_wconf 86' lang='lat' dir='ltr'><strong>indutus,</strong></span> <span class='ocrx_word' id='word_1_258' title='bbox 753 1024 854 1044; x_wconf 88' lang='lat' dir='ltr'><strong>corona</strong></span> <span class='ocrx_word' id='word_1_259' title='bbox 871 1017 968 1052; x_wconf 82' lang='lat' dir='ltr'><strong>spinea</strong></span> 
     </span>
    </p>
   </div>
   <div class='ocr_carea' id='block_1_39' title="bbox 184 1061 969 1097">
    <p class='ocr_par' dir='ltr' id='par_1_39' title="bbox 184 1061 969 1097">
     <span class='ocr_line' id='line_1_39' title="bbox 184 1061 969 1097; baseline 0 -7"><span class='ocrx_word' id='word_1_260' title='bbox 184 1063 352 1095; x_wconf 85' lang='lat' dir='ltr'><strong>redimitus,</strong></span> <span class='ocrx_word' id='word_1_261' title='bbox 380 1066 411 1090; x_wconf 93' lang='lat' dir='ltr'><strong>ut</strong></span> <span class='ocrx_word' id='word_1_262' title='bbox 437 1067 541 1089; x_wconf 84' lang='lat' dir='ltr'><strong>taceam</strong></span> <span class='ocrx_word' id='word_1_263' title='bbox 559 1069 591 1089; x_wconf 79' lang='lat' dir='ltr'><strong>ea</strong></span> <span class='ocrx_word' id='word_1_264' title='bbox 615 1070 676 1097; x_wconf 74' lang='lat' dir='ltr'><strong>qua:</strong></span> <span class='ocrx_word' id='word_1_265' title='bbox 698 1061 819 1089; x_wconf 79' lang='lat' dir='ltr'><strong>Verbum</strong></span> <span class='ocrx_word' id='word_1_266' title='bbox 845 1062 969 1090; x_wconf 85' lang='lat' dir='ltr'><strong>divinum</strong></span> 
     </span>
    </p>
   </div>
   <div class='ocr_carea' id='block_1_40' title="bbox 184 1108 969 1144">
    <p class='ocr_par' dir='ltr' id='par_1_40' title="bbox 184 1108 969 1144">
     <span class='ocr_line' id='line_1_40' title="bbox 184 1108 969 1144; baseline -0.001 -8"><span class='ocrx_word' id='word_1_267' title='bbox 184 1117 234 1144; x_wconf 89' lang='lat' dir='ltr'><strong>pro</strong></span> <span class='ocrx_word' id='word_1_268' title='bbox 249 1109 381 1144; x_wconf 83' lang='lat' dir='ltr'><strong>patientia</strong></span> <span class='ocrx_word' id='word_1_269' title='bbox 395 1116 444 1135; x_wconf 88' lang='lat' dir='ltr'><strong>sua</strong></span> <span class='ocrx_word' id='word_1_270' title='bbox 456 1116 471 1135; x_wconf 89' lang='lat' dir='ltr'><strong>a</strong></span> <span class='ocrx_word' id='word_1_271' title='bbox 486 1108 627 1136; x_wconf 78' lang='lat' dir='ltr'><strong>sceleratis</strong></span> <span class='ocrx_word' id='word_1_272' title='bbox 643 1108 793 1135; x_wconf 89' lang='lat' dir='ltr'><strong>tortoribus</strong></span> <span class='ocrx_word' id='word_1_273' title='bbox 807 1116 969 1143; x_wconf 74' lang='lat' dir='ltr'><strong>perpessum</strong></span> 
     </span>
    </p>
   </div>
   <div class='ocr_carea' id='block_1_41' title="bbox 186 1154 968 1189">
    <p class='ocr_par' dir='ltr' id='par_1_41' title="bbox 186 1154 968 1189">
     <span class='ocr_line' id='line_1_41' title="bbox 186 1154 968 1189; baseline -0.003 -6"><span class='ocrx_word' id='word_1_274' title='bbox 186 1160 240 1183; x_wconf 88' lang='lat' dir='ltr'><strong>est.</strong></span> <span class='ocrx_word' id='word_1_275' title='bbox 258 1155 309 1188; x_wconf 86' lang='lat' dir='ltr'><strong>Qui</strong></span> <span class='ocrx_word' id='word_1_276' title='bbox 322 1155 477 1182; x_wconf 82' lang='lat' dir='ltr'><strong>nescientes</strong></span> <span class='ocrx_word' id='word_1_277' title='bbox 491 1161 604 1189; x_wconf 80' lang='lat' dir='ltr'><strong>prorsus</strong></span> <span class='ocrx_word' id='word_1_278' title='bbox 624 1154 690 1189; x_wconf 86' lang='lat' dir='ltr'><strong>quid</strong></span> <span class='ocrx_word' id='word_1_279' title='bbox 708 1154 842 1186; x_wconf 82' lang='lat' dir='ltr'><strong>facerent,</strong></span> <span class='ocrx_word' id='word_1_280' title='bbox 861 1155 968 1189; x_wconf 76' lang='lat' dir='ltr'><strong>Agnum</strong></span> 
     </span>
    </p>
   </div>
   <div class='ocr_carea' id='block_1_42' title="bbox 186 1200 972 1235">
    <p class='ocr_par' dir='ltr' id='par_1_42' title="bbox 186 1200 972 1235">
     <span class='ocr_line' id='line_1_42' title="bbox 186 1200 972 1235; baseline -0.003 -5"><span class='ocrx_word' id='word_1_281' title='bbox 186 1205 359 1230; x_wconf 87' lang='lat' dir='ltr'><strong>innocentem</strong></span> <span class='ocrx_word' id='word_1_282' title='bbox 385 1200 420 1228; x_wconf 83' lang='lat' dir='ltr'><strong>ad</strong></span> <span class='ocrx_word' id='word_1_283' title='bbox 445 1200 647 1230; x_wconf 84' lang='lat' dir='ltr'><strong>lithostrotum.</strong></span> <span class='ocrx_word' id='word_1_284' title='bbox 665 1208 760 1227; x_wconf 90' lang='lat' dir='ltr'><strong>necem</strong></span> <span class='ocrx_word' id='word_1_285' title='bbox 786 1200 923 1235; x_wconf 86' lang='lat' dir='ltr'><strong>spirantes</strong></span> <span class='ocrx_word' id='word_1_286' title='bbox 942 1204 972 1228; x_wconf 76' lang='lat' dir='ltr'><strong>et</strong></span> 
     </span>
    </p>
   </div>
   <div class='ocr_carea' id='block_1_43' title="bbox 188 1244 971 1280">
    <p class='ocr_par' dir='ltr' id='par_1_43' title="bbox 188 1244 971 1280">
     <span class='ocr_line' id='line_1_43' title="bbox 188 1244 971 1280; baseline -0.001 -6"><span class='ocrx_word' id='word_1_287' title='bbox 188 1253 265 1274; x_wconf 91' lang='lat' dir='ltr'><strong>torva</strong></span> <span class='ocrx_word' id='word_1_288' title='bbox 298 1250 418 1277; x_wconf 81' lang='lat' dir='ltr'><strong>tuentes,</strong></span> <span class='ocrx_word' id='word_1_289' title='bbox 446 1249 653 1280; x_wconf 75' lang='lat' dir='ltr'><strong>pertraxerunt.</strong></span> <span class='ocrx_word' id='word_1_290' title='bbox 683 1245 723 1272; x_wconf 89' lang='lat' dir='ltr'><strong>lbi</strong></span> <span class='ocrx_word' id='word_1_291' title='bbox 751 1253 813 1272; x_wconf 88' lang='lat' dir='ltr'><strong>eum</strong></span> <span class='ocrx_word' id='word_1_292' title='bbox 838 1253 920 1273; x_wconf 87' lang='lat' dir='ltr'><strong>cruce</strong></span> <span class='ocrx_word' id='word_1_293' title='bbox 942 1244 971 1273; x_wconf 90' lang='lat' dir='ltr'><strong>in</strong></span> 
     </span>
    </p>
   </div>
   <div class='ocr_carea' id='block_1_44' title="bbox 189 1290 974 1326">
    <p class='ocr_par' dir='ltr' id='par_1_44' title="bbox 189 1290 974 1326">
     <span class='ocr_line' id='line_1_44' title="bbox 189 1290 974 1326; baseline 0 -7"><span class='ocrx_word' id='word_1_294' title='bbox 189 1293 274 1319; x_wconf 89' lang='lat' dir='ltr'><strong>altum</strong></span> <span class='ocrx_word' id='word_1_295' title='bbox 294 1297 386 1319; x_wconf 89' lang='lat' dir='ltr'><strong>erecta</strong></span> <span class='ocrx_word' id='word_1_296' title='bbox 412 1290 470 1324; x_wconf 90' lang='lat' dir='ltr'><strong>ipse</strong></span> <span class='ocrx_word' id='word_1_297' title='bbox 490 1290 576 1318; x_wconf 89' lang='lat' dir='ltr'><strong>clavis</strong></span> <span class='ocrx_word' id='word_1_298' title='bbox 599 1290 706 1322; x_wconf 79' lang='lat' dir='ltr'><strong>allixus,</strong></span> <span class='ocrx_word' id='word_1_299' title='bbox 735 1295 764 1318; x_wconf 87' lang='grc' dir='ltr'><strong>ιιι</strong></span> <span class='ocrx_word' id='word_1_300' title='bbox 786 1299 900 1326; x_wconf 78' lang='lat' dir='ltr'><strong>serpens</strong></span> <span class='ocrx_word' id='word_1_301' title='bbox 926 1292 974 1320; x_wconf 76' lang='lat' dir='ltr'><strong>ille</strong></span> 
     </span>
    </p>
   </div>
   <div class='ocr_carea' id='block_1_45' title="bbox 187 1337 973 1371">
    <p class='ocr_par' dir='ltr' id='par_1_45' title="bbox 187 1337 973 1371">
     <span class='ocr_line' id='line_1_45' title="bbox 187 1337 973 1371; baseline 0.001 -6"><span class='ocrx_word' id='word_1_302' title='bbox 187 1346 282 1366; x_wconf 76' lang='lat' dir='ltr'><strong>zeneus</strong></span> <span class='ocrx_word' id='word_1_303' title='bbox 299 1337 326 1364; x_wconf 93' lang='lat' dir='ltr'><strong>in</strong></span> <span class='ocrx_word' id='word_1_304' title='bbox 341 1338 426 1364; x_wconf 89' lang='lat' dir='ltr'><strong>altum</strong></span> <span class='ocrx_word' id='word_1_305' title='bbox 443 1337 596 1368; x_wconf 86' lang='lat' dir='ltr'><strong>tolleretur,</strong></span> <span class='ocrx_word' id='word_1_306' title='bbox 613 1341 670 1363; x_wconf 86' lang='lat' dir='ltr'><strong>tum</strong></span> <span class='ocrx_word' id='word_1_307' title='bbox 686 1337 744 1369; x_wconf 87' lang='lat' dir='ltr'><strong>illa,</strong></span> <span class='ocrx_word' id='word_1_308' title='bbox 764 1342 838 1364; x_wconf 89' lang='lat' dir='ltr'><strong>metu</strong></span> <span class='ocrx_word' id='word_1_309' title='bbox 869 1342 973 1371; x_wconf 82' lang='lat' dir='ltr'><strong>amoto.</strong></span> 
     </span>
    </p>
   </div>
   <div class='ocr_carea' id='block_1_46' title="bbox 189 1383 974 1417">
    <p class='ocr_par' dir='ltr' id='par_1_46' title="bbox 189 1383 974 1417">
     <span class='ocr_line' id='line_1_46' title="bbox 189 1383 974 1417; baseline 0.001 -6"><span class='ocrx_word' id='word_1_310' title='bbox 189 1392 252 1412; x_wconf 88' lang='lat' dir='ltr'><strong>cum</strong></span> <span class='ocrx_word' id='word_1_311' title='bbox 271 1388 357 1411; x_wconf 87' lang='lat' dir='ltr'><strong>tnatre</strong></span> <span class='ocrx_word' id='word_1_312' title='bbox 371 1388 399 1410; x_wconf 89' lang='lat' dir='ltr'><strong>et</strong></span> <span class='ocrx_word' id='word_1_313' title='bbox 411 1383 517 1410; x_wconf 81' lang='lat' dir='ltr'><strong>Joanne</strong></span> <span class='ocrx_word' id='word_1_314' title='bbox 538 1383 677 1417; x_wconf 76' lang='lat' dir='ltr'><strong>discipulo</strong></span> <span class='ocrx_word' id='word_1_315' title='bbox 690 1385 817 1416; x_wconf 83' lang='lat' dir='ltr'><strong>accessit,</strong></span> <span class='ocrx_word' id='word_1_316' title='bbox 833 1392 927 1412; x_wconf 88' lang='lat' dir='ltr'><strong>sacros</strong></span> <span class='ocrx_word' id='word_1_317' title='bbox 946 1386 974 1412; x_wconf 90' lang='lat' dir='ltr'><strong>in</strong></span> 
     </span>
    </p>
   </div>
   <div class='ocr_carea' id='block_1_47' title="bbox 191 1429 974 1464">
    <p class='ocr_par' dir='ltr' id='par_1_47' title="bbox 191 1429 974 1464">
     <span class='ocr_line' id='line_1_47' title="bbox 191 1429 974 1464; baseline 0.003 -8"><span class='ocrx_word' id='word_1_318' title='bbox 191 1438 274 1457; x_wconf 82' lang='lat' dir='ltr'><strong>cruce</strong></span> <span class='ocrx_word' id='word_1_319' title='bbox 299 1429 445 1464; x_wconf 86' lang='lat' dir='ltr'><strong>pendentis</strong></span> <span class='ocrx_word' id='word_1_320' title='bbox 471 1429 554 1464; x_wconf 85' lang='lat' dir='ltr'><strong>pedes</strong></span> <span class='ocrx_word' id='word_1_321' title='bbox 581 1429 682 1464; x_wconf 69' lang='lat' dir='ltr'><strong>attigit,</strong></span> <span class='ocrx_word' id='word_1_322' title='bbox 706 1430 825 1456; x_wconf 79' lang='lat' dir='ltr'><strong>vulnera</strong></span> <span class='ocrx_word' id='word_1_323' title='bbox 845 1430 974 1462; x_wconf 82' lang='lat' dir='ltr'><strong>basiavit,</strong></span> 
     </span>
    </p>
   </div>
   <div class='ocr_carea' id='block_1_48' title="bbox 189 1475 973 1512">
    <p class='ocr_par' dir='ltr' id='par_1_48' title="bbox 189 1475 973 1512">
     <span class='ocr_line' id='line_1_48' title="bbox 189 1475 973 1512; baseline 0.001 -10"><span class='ocrx_word' id='word_1_324' title='bbox 189 1477 325 1512; x_wconf 78' lang='lat' dir='ltr'><strong>laeryittas</strong></span> <span class='ocrx_word' id='word_1_325' title='bbox 335 1483 397 1502; x_wconf 87' lang='lat' dir='ltr'><strong>cum</strong></span> <span class='ocrx_word' id='word_1_326' title='bbox 414 1475 546 1510; x_wconf 71' lang='lat' dir='ltr'><strong>sanguine</strong></span> <span class='ocrx_word' id='word_1_327' title='bbox 559 1475 677 1505; x_wconf 86' lang='lat' dir='ltr'><strong>miscuit,</strong></span> <span class='ocrx_word' id='word_1_328' title='bbox 693 1475 736 1502; x_wconf 87' lang='lat' dir='ltr'><strong>his</strong></span> <span class='ocrx_word' id='word_1_329' title='bbox 751 1475 840 1502; x_wconf 80' lang='lat' dir='ltr'><strong>verbis</strong></span> <span class='ocrx_word' id='word_1_330' title='bbox 852 1476 952 1503; x_wconf 86' lang='lat' dir='ltr'><strong>additis</strong></span> <span class='ocrx_word' id='word_1_331' title='bbox 965 1484 973 1504; x_wconf 91' lang='lat'><strong>:</strong></span> 
     </span>
    </p>
   </div>
   <div class='ocr_carea' id='block_1_49' title="bbox 190 1520 975 1555">
    <p class='ocr_par' dir='ltr' id='par_1_49' title="bbox 190 1520 975 1555">
     <span class='ocr_line' id='line_1_49' title="bbox 190 1520 975 1555; baseline -0.001 -7"><span class='ocrx_word' id='word_1_332' title='bbox 190 1522 260 1555; x_wconf 78' lang='lat' dir='ltr'><strong>Quid</strong></span> <span class='ocrx_word' id='word_1_333' title='bbox 282 1522 343 1554; x_wconf 84' lang='lat' dir='ltr'><strong>hoc,</strong></span> <span class='ocrx_word' id='word_1_334' title='bbox 360 1521 474 1548; x_wconf 86' lang='lat' dir='ltr'><strong>Domine</strong></span> <span class='ocrx_word' id='word_1_335' title='bbox 496 1526 522 1547; x_wconf 90' lang='lat' dir='ltr'><strong>et</strong></span> <span class='ocrx_word' id='word_1_336' title='bbox 540 1520 631 1547; x_wconf 86' lang='lat' dir='ltr'><strong>Deus?</strong></span> <span class='ocrx_word' id='word_1_337' title='bbox 645 1520 782 1553; x_wconf 87' lang='lat' dir='ltr'><strong>Quantum</strong></span> <span class='ocrx_word' id='word_1_338' title='bbox 799 1525 840 1547; x_wconf 90' lang='lat' dir='ltr'><strong>est</strong></span> <span class='ocrx_word' id='word_1_339' title='bbox 854 1521 975 1548; x_wconf 85' lang='lat' dir='ltr'><strong>clemen-</strong></span> 
     </span>
    </p>
   </div>
   <div class='ocr_carea' id='block_1_50' title="bbox 191 1566 972 1602">
    <p class='ocr_par' dir='ltr' id='par_1_50' title="bbox 191 1566 972 1602">
     <span class='ocr_line' id='line_1_50' title="bbox 191 1566 972 1602; baseline -0.001 -7"><span class='ocrx_word' id='word_1_340' title='bbox 191 1571 234 1595; x_wconf 38' lang='lat' dir='ltr'><strong>tiae</strong></span> <span class='ocrx_word' id='word_1_341' title='bbox 251 1574 302 1595; x_wconf 68' lang='lat' dir='ltr'><strong>tuae</strong></span> <span class='ocrx_word' id='word_1_342' title='bbox 315 1567 445 1602; x_wconf 70' lang='lat' dir='ltr'><strong>pelagus!</strong></span> <span class='ocrx_word' id='word_1_343' title='bbox 465 1566 576 1593; x_wconf 83' lang='lat' dir='ltr'><strong>Talibus</strong></span> <span class='ocrx_word' id='word_1_344' title='bbox 592 1571 617 1594; x_wconf 89' lang='lat' dir='ltr'><strong>te</strong></span> <span class='ocrx_word' id='word_1_345' title='bbox 631 1571 844 1594; x_wconf 84' lang='lat' dir='ltr'><strong>remunerantur</strong></span> <span class='ocrx_word' id='word_1_346' title='bbox 855 1574 916 1602; x_wconf 65' lang='lat' dir='ltr'><strong>quae</strong></span> <span class='ocrx_word' id='word_1_347' title='bbox 932 1571 972 1594; x_wconf 87' lang='lat' dir='ltr'><strong>tot</strong></span> 
     </span>
    </p>
   </div>
   <div class='ocr_carea' id='block_1_51' title="bbox 190 1613 973 1648">
    <p class='ocr_par' dir='ltr' id='par_1_51' title="bbox 190 1613 973 1648">
     <span class='ocr_line' id='line_1_51' title="bbox 190 1613 973 1648; baseline 0 -8"><span class='ocrx_word' id='word_1_348' title='bbox 190 1622 222 1641; x_wconf 85' lang='lat' dir='ltr'><strong>ac</strong></span> <span class='ocrx_word' id='word_1_349' title='bbox 239 1619 310 1640; x_wconf 89' lang='lat' dir='ltr'><strong>tanta</strong></span> <span class='ocrx_word' id='word_1_350' title='bbox 332 1614 464 1640; x_wconf 84' lang='lat' dir='ltr'><strong>benelleia</strong></span> <span class='ocrx_word' id='word_1_351' title='bbox 477 1621 492 1639; x_wconf 91' lang='lat' dir='ltr'><strong>a</strong></span> <span class='ocrx_word' id='word_1_352' title='bbox 509 1617 534 1640; x_wconf 90' lang='lat' dir='ltr'><strong>te</strong></span> <span class='ocrx_word' id='word_1_353' title='bbox 550 1617 723 1646; x_wconf 83' lang='lat' dir='ltr'><strong>aceeperunt.</strong></span> <span class='ocrx_word' id='word_1_354' title='bbox 746 1613 854 1640; x_wconf 75' lang='lat' dir='ltr'><strong>Vestem</strong></span> <span class='ocrx_word' id='word_1_355' title='bbox 871 1620 973 1648; x_wconf 81' lang='lat' dir='ltr'><strong>oppro~</strong></span> 
     </span>
    </p>
   </div>
   <div class='ocr_carea' id='block_1_52' title="bbox 193 1659 973 1694">
    <p class='ocr_par' dir='ltr' id='par_1_52' title="bbox 193 1659 973 1694">
     <span class='ocr_line' id='line_1_52' title="bbox 193 1659 973 1694; baseline 0.001 -8"><span class='ocrx_word' id='word_1_356' title='bbox 193 1660 246 1687; x_wconf 88' lang='lat' dir='ltr'><strong>brii</strong></span> <span class='ocrx_word' id='word_1_357' title='bbox 273 1659 321 1686; x_wconf 89' lang='lat' dir='ltr'><strong>tibi</strong></span> <span class='ocrx_word' id='word_1_358' title='bbox 342 1659 556 1693; x_wconf 79' lang='lat' dir='ltr'><strong>circumpouunt</strong></span> <span class='ocrx_word' id='word_1_359' title='bbox 581 1659 599 1685; x_wconf 97' lang='lat' dir='ltr'><strong>ii</strong></span> <span class='ocrx_word' id='word_1_360' title='bbox 625 1666 696 1694; x_wconf 90' lang='lat' dir='ltr'><strong>quos</strong></span> <span class='ocrx_word' id='word_1_361' title='bbox 723 1659 781 1693; x_wconf 80' lang='lat' dir='ltr'><strong>ipse</strong></span> <span class='ocrx_word' id='word_1_362' title='bbox 806 1660 973 1687; x_wconf 83' lang='lat' dir='ltr'><strong>vestimento</strong></span> 
     </span>
    </p>
   </div>
   <div class='ocr_carea' id='block_1_53' title="bbox 193 1703 973 1740">
    <p class='ocr_par' dir='ltr' id='par_1_53' title="bbox 193 1703 973 1740">
     <span class='ocr_line' id='line_1_53' title="bbox 193 1703 973 1740; baseline -0.001 -8"><span class='ocrx_word' id='word_1_363' title='bbox 193 1705 395 1740; x_wconf 84' lang='lat' dir='ltr'><strong>puriﬁcationis</strong></span> <span class='ocrx_word' id='word_1_364' title='bbox 417 1703 644 1737; x_wconf 82' lang='lat' dir='ltr'><strong>circumdedisti;</strong></span> <span class='ocrx_word' id='word_1_365' title='bbox 670 1710 740 1738; x_wconf 85' lang='lat' dir='ltr'><strong>quos</strong></span> <span class='ocrx_word' id='word_1_366' title='bbox 763 1704 837 1731; x_wconf 89' lang='lat' dir='ltr'><strong>sicttt</strong></span> <span class='ocrx_word' id='word_1_367' title='bbox 864 1704 973 1739; x_wconf 80' lang='lat' dir='ltr'><strong>aquila,</strong></span> 
     </span>
    </p>
   </div>
   <div class='ocr_carea' id='block_1_54' title="bbox 195 1749 975 1785">
    <p class='ocr_par' dir='ltr' id='par_1_54' title="bbox 195 1749 975 1785">
     <span class='ocr_line' id='line_1_54' title="bbox 195 1749 975 1785; baseline 0 -8"><span class='ocrx_word' id='word_1_368' title='bbox 195 1750 324 1785; x_wconf 81' lang='lat' dir='ltr'><strong>expansis</strong></span> <span class='ocrx_word' id='word_1_369' title='bbox 338 1750 399 1782; x_wconf 88' lang='lat' dir='ltr'><strong>alis,</strong></span> <span class='ocrx_word' id='word_1_370' title='bbox 418 1749 540 1777; x_wconf 88' lang='lat' dir='ltr'><strong>humeris</strong></span> <span class='ocrx_word' id='word_1_371' title='bbox 556 1752 610 1777; x_wconf 86' lang='lat' dir='ltr'><strong>tuis</strong></span> <span class='ocrx_word' id='word_1_372' title='bbox 625 1750 791 1784; x_wconf 82' lang='lat' dir='ltr'><strong>imposuisti.</strong></span> <span class='ocrx_word' id='word_1_373' title='bbox 810 1750 917 1778; x_wconf 84' lang='lat' dir='ltr'><strong>Corona</strong></span> <span class='ocrx_word' id='word_1_374' title='bbox 931 1751 975 1777; x_wconf 91' lang='lat' dir='ltr'><strong>in-</strong></span> 
     </span>
    </p>
   </div>
   <div class='ocr_carea' id='block_1_55' title="bbox 194 1795 975 1829">
    <p class='ocr_par' dir='ltr' id='par_1_55' title="bbox 194 1795 975 1829">
     <span class='ocr_line' id='line_1_55' title="bbox 194 1795 975 1829; baseline 0.003 -7"><span class='ocrx_word' id='word_1_375' title='bbox 194 1795 352 1823; x_wconf 83' lang='lat' dir='ltr'><strong>sultationis</strong></span> <span class='ocrx_word' id='word_1_376' title='bbox 369 1799 395 1822; x_wconf 84' lang='lat' dir='ltr'><strong>te</strong></span> <span class='ocrx_word' id='word_1_377' title='bbox 412 1799 556 1825; x_wconf 83' lang='lat' dir='ltr'><strong>coronant.</strong></span> <span class='ocrx_word' id='word_1_378' title='bbox 573 1802 645 1829; x_wconf 81' lang='lat' dir='ltr'><strong>quos</strong></span> <span class='ocrx_word' id='word_1_379' title='bbox 655 1795 713 1828; x_wconf 82' lang='lat' dir='ltr'><strong>ipse</strong></span> <span class='ocrx_word' id='word_1_380' title='bbox 725 1802 827 1822; x_wconf 85' lang='lat' dir='ltr'><strong>corona</strong></span> <span class='ocrx_word' id='word_1_381' title='bbox 842 1796 934 1827; x_wconf 70' lang='lat' dir='ltr'><strong>gloria.-</strong></span> <span class='ocrx_word' id='word_1_382' title='bbox 947 1801 975 1824; x_wconf 90' lang='lat' dir='ltr'><strong>et</strong></span> 
     </span>
    </p>
   </div>
   <div class='ocr_carea' id='block_1_56' title="bbox 193 1839 975 1876">
    <p class='ocr_par' dir='ltr' id='par_1_56' title="bbox 193 1839 975 1876">
     <span class='ocr_line' id='line_1_56' title="bbox 193 1839 975 1876; baseline 0.003 -9"><span class='ocrx_word' id='word_1_383' title='bbox 193 1841 296 1867; x_wconf 88' lang='lat' dir='ltr'><strong>honore</strong></span> <span class='ocrx_word' id='word_1_384' title='bbox 310 1840 461 1867; x_wconf 84' lang='lat' dir='ltr'><strong>eorouasti.</strong></span> <span class='ocrx_word' id='word_1_385' title='bbox 471 1839 609 1874; x_wconf 82' lang='lat' dir='ltr'><strong>Colaphos</strong></span> <span class='ocrx_word' id='word_1_386' title='bbox 621 1840 669 1867; x_wconf 88' lang='lat' dir='ltr'><strong>tibi</strong></span> <span class='ocrx_word' id='word_1_387' title='bbox 686 1839 858 1875; x_wconf 74' lang='lat' dir='ltr'><strong>impegerunt</strong></span> <span class='ocrx_word' id='word_1_388' title='bbox 874 1841 891 1867; x_wconf 82' lang='lat' dir='ltr'><strong>ii</strong></span> <span class='ocrx_word' id='word_1_389' title='bbox 906 1849 975 1876; x_wconf 86' lang='lat' dir='ltr'><strong>quos</strong></span> 
     </span>
    </p>
   </div>
   <div class='ocr_carea' id='block_1_57' title="bbox 194 1885 977 1922">
    <p class='ocr_par' dir='ltr' id='par_1_57' title="bbox 194 1885 977 1922">
     <span class='ocr_line' id='line_1_57' title="bbox 194 1885 977 1922; baseline 0 -8"><span class='ocrx_word' id='word_1_390' title='bbox 194 1892 221 1914; x_wconf 91' lang='lat' dir='ltr'><strong>tu</strong></span> <span class='ocrx_word' id='word_1_391' title='bbox 238 1895 253 1914; x_wconf 85' lang='lat' dir='ltr'><strong>e</strong></span> <span class='ocrx_word' id='word_1_392' title='bbox 268 1886 401 1914; x_wconf 87' lang='lat' dir='ltr'><strong>servitute</strong></span> <span class='ocrx_word' id='word_1_393' title='bbox 416 1885 575 1920; x_wconf 58' lang='lat' dir='ltr'><strong>{Egyptiaca</strong></span> <span class='ocrx_word' id='word_1_394' title='bbox 588 1885 722 1914; x_wconf 86' lang='lat' dir='ltr'><strong>liberasti.</strong></span> <span class='ocrx_word' id='word_1_395' title='bbox 735 1887 876 1914; x_wconf 80' lang='lat' dir='ltr'><strong>Arundine</strong></span> <span class='ocrx_word' id='word_1_396' title='bbox 894 1893 977 1922; x_wconf 87' lang='lat' dir='ltr'><strong>caput</strong></span> 
     </span>
    </p>
   </div>
   <div class='ocr_carea' id='block_1_58' title="bbox 194 1931 975 1968">
    <p class='ocr_par' dir='ltr' id='par_1_58' title="bbox 194 1931 975 1968">
     <span class='ocr_line' id='line_1_58' title="bbox 194 1931 975 1968; baseline 0.004 -10"><span class='ocrx_word' id='word_1_397' title='bbox 194 1938 268 1959; x_wconf 87' lang='lat' dir='ltr'><strong>tuum</strong></span> <span class='ocrx_word' id='word_1_398' title='bbox 284 1937 408 1959; x_wconf 87' lang='lat' dir='ltr'><strong>sanctum</strong></span> <span class='ocrx_word' id='word_1_399' title='bbox 417 1931 567 1966; x_wconf 86' lang='lat' dir='ltr'><strong>plectuntii</strong></span> <span class='ocrx_word' id='word_1_400' title='bbox 580 1932 681 1966; x_wconf 91' lang='lat' dir='ltr'><strong>quibus</strong></span> <span class='ocrx_word' id='word_1_401' title='bbox 695 1940 769 1960; x_wconf 83' lang='lat' dir='ltr'><strong>mare</strong></span> <span class='ocrx_word' id='word_1_402' title='bbox 783 1933 857 1968; x_wconf 80' lang='lat' dir='ltr'><strong>virga</strong></span> <span class='ocrx_word' id='word_1_403' title='bbox 873 1939 975 1961; x_wconf 83' lang='lat' dir='ltr'><strong>tactum</strong></span> 
     </span>
    </p>
   </div>
   <div class='ocr_carea' id='block_1_59' title="bbox 194 1976 976 2012">
    <p class='ocr_par' dir='ltr' id='par_1_59' title="bbox 194 1976 976 2012">
     <span class='ocr_line' id='line_1_59' title="bbox 194 1976 976 2012; baseline 0.003 -9"><span class='ocrx_word' id='word_1_404' title='bbox 194 1978 359 2012; x_wconf 81' lang='lat' dir='ltr'><strong>patefactum</strong></span> <span class='ocrx_word' id='word_1_405' title='bbox 377 1981 431 2004; x_wconf 87' lang='lat' dir='ltr'><strong>est.</strong></span> <span class='ocrx_word' id='word_1_406' title='bbox 457 1976 567 2004; x_wconf 83' lang='lat' dir='ltr'><strong>Sitieuti</strong></span> <span class='ocrx_word' id='word_1_407' title='bbox 585 1977 633 2004; x_wconf 85' lang='lat' dir='ltr'><strong>tibi</strong></span> <span class='ocrx_word' id='word_1_408' title='bbox 651 1982 758 2004; x_wconf 85' lang='lat' dir='ltr'><strong>acetum</strong></span> <span class='ocrx_word' id='word_1_409' title='bbox 773 1985 836 2005; x_wconf 85' lang='lat' dir='ltr'><strong>cum</strong></span> <span class='ocrx_word' id='word_1_410' title='bbox 852 1979 906 2005; x_wconf 89' lang='lat' dir='ltr'><strong>bile</strong></span> <span class='ocrx_word' id='word_1_411' title='bbox 926 1979 976 2005; x_wconf 83' lang='lat' dir='ltr'><strong>iiii-</strong></span> 
     </span>
    </p>
   </div>
   <div class='ocr_carea' id='block_1_60' title="bbox 195 2023 978 2059">
    <p class='ocr_par' dir='ltr' id='par_1_60' title="bbox 195 2023 978 2059">
     <span class='ocr_line' id='line_1_60' title="bbox 195 2023 978 2059; baseline 0 -8"><span class='ocrx_word' id='word_1_412' title='bbox 195 2031 274 2051; x_wconf 82' lang='lat' dir='ltr'><strong>sccnt</strong></span> <span class='ocrx_word' id='word_1_413' title='bbox 290 2025 318 2058; x_wconf 89' lang='lat' dir='ltr'><strong>ii,</strong></span> <span class='ocrx_word' id='word_1_414' title='bbox 335 2032 405 2059; x_wconf 86' lang='lat' dir='ltr'><strong>quos</strong></span> <span class='ocrx_word' id='word_1_415' title='bbox 417 2024 444 2051; x_wconf 90' lang='lat' dir='ltr'><strong>in</strong></span> <span class='ocrx_word' id='word_1_416' title='bbox 461 2024 571 2051; x_wconf 88' lang='lat' dir='ltr'><strong>deserto</strong></span> <span class='ocrx_word' id='word_1_417' title='bbox 587 2031 686 2050; x_wconf 88' lang='lat' dir='ltr'><strong>manna</strong></span> <span class='ocrx_word' id='word_1_418' title='bbox 709 2023 826 2054; x_wconf 86' lang='lat' dir='ltr'><strong>satiasti.</strong></span> <span class='ocrx_word' id='word_1_419' title='bbox 842 2024 945 2058; x_wconf 79' lang='lat' dir='ltr'><strong>quibus</strong></span> <span class='ocrx_word' id='word_1_420' title='bbox 962 2032 978 2051; x_wconf 87' lang='lat' dir='ltr'><strong>c</strong></span> 
     </span>
    </p>
   </div>
   <div class='ocr_carea' id='block_1_61' title="bbox 197 2069 977 2106">
    <p class='ocr_par' dir='ltr' id='par_1_61' title="bbox 197 2069 977 2106">
     <span class='ocr_line' id='line_1_61' title="bbox 197 2069 977 2106; baseline 0 -9"><span class='ocrx_word' id='word_1_421' title='bbox 197 2078 271 2106; x_wconf 73' lang='lat' dir='ltr'><strong>petra</strong></span> <span class='ocrx_word' id='word_1_422' title='bbox 287 2078 420 2106; x_wconf 75' lang='lat' dir='ltr'><strong>aQuarum</strong></span> <span class='ocrx_word' id='word_1_423' title='bbox 437 2070 541 2097; x_wconf 84' lang='lat' dir='ltr'><strong>fontem</strong></span> <span class='ocrx_word' id='word_1_424' title='bbox 553 2070 696 2105; x_wconf 84' lang='lat' dir='ltr'><strong>aperuisti.</strong></span> <span class='ocrx_word' id='word_1_425' title='bbox 714 2069 805 2098; x_wconf 87' lang='lat' dir='ltr'><strong>Clavis</strong></span> <span class='ocrx_word' id='word_1_426' title='bbox 817 2069 917 2098; x_wconf 82' lang='lat' dir='ltr'><strong>ferreis</strong></span> <span class='ocrx_word' id='word_1_427' title='bbox 931 2078 977 2104; x_wconf 74' lang='grc' dir='ltr'>ρο-</span> 
     </span>
    </p>
   </div>
   <div class='ocr_carea' id='block_1_62' title="bbox 195 2116 978 2151">
    <p class='ocr_par' dir='ltr' id='par_1_62' title="bbox 195 2116 978 2151">
     <span class='ocr_line' id='line_1_62' title="bbox 195 2116 978 2151; baseline -0.001 -6"><span class='ocrx_word' id='word_1_428' title='bbox 195 2119 243 2149; x_wconf 75' lang='lat' dir='ltr'><strong>dcs</strong></span> <span class='ocrx_word' id='word_1_429' title='bbox 268 2125 329 2144; x_wconf 84' lang='lat' dir='ltr'><strong>tuos</strong></span> <span class='ocrx_word' id='word_1_430' title='bbox 353 2117 525 2151; x_wconf 80' lang='lat' dir='ltr'><strong>pertundunt</strong></span> <span class='ocrx_word' id='word_1_431' title='bbox 549 2116 568 2143; x_wconf 91' lang='lat' dir='ltr'><strong>ii</strong></span> <span class='ocrx_word' id='word_1_432' title='bbox 585 2123 654 2150; x_wconf 84' lang='lat' dir='ltr'><strong>quos</strong></span> <span class='ocrx_word' id='word_1_433' title='bbox 681 2121 709 2143; x_wconf 86' lang='lat' dir='ltr'><strong>tu</strong></span> <span class='ocrx_word' id='word_1_434' title='bbox 735 2116 835 2143; x_wconf 68' lang='lat' dir='ltr'><strong>illaesos</strong></span> <span class='ocrx_word' id='word_1_435' title='bbox 855 2124 903 2150; x_wconf 89' lang='lat' dir='ltr'><strong>per</strong></span> <span class='ocrx_word' id='word_1_436' title='bbox 929 2117 978 2144; x_wconf 88' lang='lat' dir='ltr'><strong>de-</strong></span> 
     </span>
    </p>
   </div>
   <div class='ocr_carea' id='block_1_63' title="bbox 195 2161 977 2196">
    <p class='ocr_par' dir='ltr' id='par_1_63' title="bbox 195 2161 977 2196">
     <span class='ocr_line' id='line_1_63' title="bbox 195 2161 977 2196; baseline -0.001 -7"><span class='ocrx_word' id='word_1_437' title='bbox 195 2169 298 2190; x_wconf 74' lang='lat' dir='ltr'><strong>sertum</strong></span> <span class='ocrx_word' id='word_1_438' title='bbox 328 2161 520 2188; x_wconf 78' lang='lat' dir='ltr'><strong>transduxisti.</strong></span> <span class='ocrx_word' id='word_1_439' title='bbox 550 2161 602 2188; x_wconf 87' lang='lat' dir='ltr'><strong>Sed</strong></span> <span class='ocrx_word' id='word_1_440' title='bbox 633 2161 712 2188; x_wconf 84' lang='lat' dir='ltr'><strong>nobis</strong></span> <span class='ocrx_word' id='word_1_441' title='bbox 728 2169 838 2196; x_wconf 82' lang='lat' dir='ltr'><strong>quoque</strong></span> <span class='ocrx_word' id='word_1_442' title='bbox 866 2162 977 2189; x_wconf 75' lang='lat' dir='ltr'><strong>feminis</strong></span> 
     </span>
    </p>
   </div>
   <div class='ocr_carea' id='block_1_64' title="bbox 1017 925 1803 964">
    <p class='ocr_par' dir='ltr' id='par_1_64' title="bbox 1017 925 1803 964">
     <span class='ocr_line' id='line_1_64' title="bbox 1017 925 1803 964; baseline -0.009 -8"><span class='ocrx_word' id='word_1_443' title='bbox 1017 938 1050 964; x_wconf 89' lang='grc' dir='ltr'><strong>νη</strong></span> <span class='ocrx_word' id='word_1_444' title='bbox 1065 929 1099 955; x_wconf 86' lang='grc' dir='ltr'>τὰ</span> <span class='ocrx_word' id='word_1_445' title='bbox 1115 928 1260 962; x_wconf 82' lang='grc' dir='ltr'>σπλάγχνα</span> <span class='ocrx_word' id='word_1_446' title='bbox 1277 925 1520 961; x_wconf 75' lang='grc' dir='ltr'>σπαρασσομένην,</span> <span class='ocrx_word' id='word_1_447' title='bbox 1537 925 1585 959; x_wconf 83' lang='grc' dir='ltr'>τὴν</span> <span class='ocrx_word' id='word_1_448' title='bbox 1599 925 1688 960; x_wconf 80' lang='grc' dir='ltr'>ψυχήν</span> <span class='ocrx_word' id='word_1_449' title='bbox 1703 933 1732 950; x_wconf 86' lang='grc' dir='ltr'><strong>τε</strong></span> <span class='ocrx_word' id='word_1_450' title='bbox 1754 933 1803 958; x_wconf 83' lang='grc' dir='ltr'>με-</span> 
     </span>
    </p>
   </div>
   <div class='ocr_carea' id='block_1_65' title="bbox 1017 969 1804 1010">
    <p class='ocr_par' dir='ltr' id='par_1_65' title="bbox 1017 969 1804 1010">
     <span class='ocr_line' id='line_1_65' title="bbox 1017 969 1804 1010; baseline -0.008 -8"><span class='ocrx_word' id='word_1_451' title='bbox 1017 976 1120 1010; x_wconf 85' lang='grc' dir='ltr'>τέωρον</span> <span class='ocrx_word' id='word_1_452' title='bbox 1149 974 1277 1009; x_wconf 69' lang='grc' dir='ltr'>ἔχουσαν,</span> <span class='ocrx_word' id='word_1_453' title='bbox 1293 972 1329 999; x_wconf 81' lang='grc' dir='ltr'>τὰ</span> <span class='ocrx_word' id='word_1_454' title='bbox 1345 971 1392 998; x_wconf 84' lang='grc' dir='ltr'>τοῦ</span> <span class='ocrx_word' id='word_1_455' title='bbox 1410 971 1574 1006; x_wconf 82' lang='grc' dir='ltr'>πράγματος</span> <span class='ocrx_word' id='word_1_456' title='bbox 1599 971 1661 997; x_wconf 81' lang='grc' dir='ltr'>ὅποι</span> <span class='ocrx_word' id='word_1_457' title='bbox 1686 970 1746 997; x_wconf 69' lang='grc' dir='ltr'>ποτ’</span> <span class='ocrx_word' id='word_1_458' title='bbox 1770 969 1804 996; x_wconf 81' lang='grc' dir='ltr'>ἂν</span> 
     </span>
    </p>
   </div>
   <div class='ocr_carea' id='block_1_66' title="bbox 1018 1016 1805 1056">
    <p class='ocr_par' dir='ltr' id='par_1_66' title="bbox 1018 1016 1805 1056">
     <span class='ocr_line' id='line_1_66' title="bbox 1018 1016 1805 1056; baseline -0.009 -8"><span class='ocrx_word' id='word_1_459' title='bbox 1018 1022 1139 1056; x_wconf 77' lang='grc' dir='ltr'>λήξειαν,</span> <span class='ocrx_word' id='word_1_460' title='bbox 1165 1019 1314 1054; x_wconf 76' lang='grc' dir='ltr'>ἐφιεμένην</span> <span class='ocrx_word' id='word_1_461' title='bbox 1332 1017 1450 1053; x_wconf 82' lang='grc' dir='ltr'>μαθεῖν;</span> <span class='ocrx_word' id='word_1_462' title='bbox 1467 1016 1521 1044; x_wconf 84' lang='grc' dir='ltr'><strong>Ναὶ</strong></span> <span class='ocrx_word' id='word_1_463' title='bbox 1537 1017 1589 1051; x_wconf 80' lang='grc' dir='ltr'>μὴν</span> <span class='ocrx_word' id='word_1_464' title='bbox 1602 1017 1712 1043; x_wconf 79' lang='grc' dir='ltr'>κάκεῖνο</span> <span class='ocrx_word' id='word_1_465' title='bbox 1726 1024 1805 1042; x_wconf 89' lang='grc' dir='ltr'>συνο-</span> 
     </span>
    </p>
   </div>
   <div class='ocr_carea' id='block_1_67' title="bbox 1022 1060 1804 1102">
    <p class='ocr_par' dir='ltr' id='par_1_67' title="bbox 1022 1060 1804 1102">
     <span class='ocr_line' id='line_1_67' title="bbox 1022 1060 1804 1102; baseline -0.009 -10"><span class='ocrx_word' id='word_1_466' title='bbox 1022 1067 1074 1102; x_wconf 83' lang='grc' dir='ltr'><strong>ρᾷν</strong></span> <span class='ocrx_word' id='word_1_467' title='bbox 1085 1066 1186 1097; x_wconf 68' lang='grc' dir='ltr'>ἔξεστι,</span> <span class='ocrx_word' id='word_1_468' title='bbox 1197 1063 1239 1094; x_wconf 84' lang='grc' dir='ltr'><strong>τίς</strong></span> <span class='ocrx_word' id='word_1_469' title='bbox 1251 1060 1286 1098; x_wconf 82' lang='grc' dir='ltr'>ἦν</span> <span class='ocrx_word' id='word_1_470' title='bbox 1301 1062 1394 1097; x_wconf 72' lang='grc' dir='ltr'>ἐκείνη</span> <span class='ocrx_word' id='word_1_471' title='bbox 1407 1061 1442 1087; x_wconf 76' lang='grc' dir='ltr'><strong>τὰ</strong></span> <span class='ocrx_word' id='word_1_472' title='bbox 1455 1060 1502 1088; x_wconf 76' lang='grc' dir='ltr'>καὶ</span> <span class='ocrx_word' id='word_1_473' title='bbox 1513 1060 1586 1096; x_wconf 85' lang='grc' dir='ltr'>λόγῳ</span> <span class='ocrx_word' id='word_1_474' title='bbox 1599 1061 1673 1096; x_wconf 81' lang='grc' dir='ltr'>μόνῳ</span> <span class='ocrx_word' id='word_1_475' title='bbox 1683 1060 1804 1095; x_wconf 84' lang='grc' dir='ltr'><strong>δυσχερῆ</strong></span> 
     </span>
    </p>
   </div>
   <div class='ocr_carea' id='block_1_68' title="bbox 1020 1105 1805 1144">
    <p class='ocr_par' dir='ltr' id='par_1_68' title="bbox 1020 1105 1805 1144">
     <span class='ocr_line' id='line_1_68' title="bbox 1020 1105 1805 1144; baseline -0.009 -6"><span class='ocrx_word' id='word_1_476' title='bbox 1020 1111 1065 1138; x_wconf 74' lang='grc' dir='ltr'><strong>ἐπ’</strong></span> <span class='ocrx_word' id='word_1_477' title='bbox 1081 1111 1162 1137; x_wconf 82' lang='grc' dir='ltr'>αὑτὸν</span> <span class='ocrx_word' id='word_1_478' title='bbox 1179 1109 1354 1144; x_wconf 80' lang='grc' dir='ltr'>πραττόμενα</span> <span class='ocrx_word' id='word_1_479' title='bbox 1369 1105 1526 1142; x_wconf 76' lang='grc' dir='ltr'>καθορῶσα,</span> <span class='ocrx_word' id='word_1_480' title='bbox 1538 1107 1588 1138; x_wconf 83' lang='grc' dir='ltr'><strong>τὰς</strong></span> <span class='ocrx_word' id='word_1_481' title='bbox 1602 1105 1712 1141; x_wconf 82' lang='grc' dir='ltr'><strong>ψευδεῖς</strong></span> <span class='ocrx_word' id='word_1_482' title='bbox 1732 1115 1805 1140; x_wconf 86' lang='grc' dir='ltr'>μαρ-</span> 
     </span>
    </p>
   </div>
   <div class='ocr_carea' id='block_1_69' title="bbox 1020 1152 1806 1192">
    <p class='ocr_par' dir='ltr' id='par_1_69' title="bbox 1020 1152 1806 1192">
     <span class='ocr_line' id='line_1_69' title="bbox 1020 1152 1806 1192; baseline -0.009 -8"><span class='ocrx_word' id='word_1_483' title='bbox 1020 1157 1126 1192; x_wconf 82' lang='grc' dir='ltr'>τυρίας,</span> <span class='ocrx_word' id='word_1_484' title='bbox 1139 1155 1203 1186; x_wconf 79' lang='grc' dir='ltr'>τοὺς</span> <span class='ocrx_word' id='word_1_485' title='bbox 1217 1153 1406 1189; x_wconf 77' lang='grc' dir='ltr'>ὲμπαιγμοὺς,</span> <span class='ocrx_word' id='word_1_486' title='bbox 1421 1153 1470 1184; x_wconf 70' lang='grc' dir='ltr'>τὰς</span> <span class='ocrx_word' id='word_1_487' title='bbox 1487 1152 1632 1187; x_wconf 83' lang='grc' dir='ltr'>μάστιγας,</span> <span class='ocrx_word' id='word_1_488' title='bbox 1650 1153 1700 1185; x_wconf 80' lang='grc' dir='ltr'>τὴν</span> <span class='ocrx_word' id='word_1_489' title='bbox 1718 1160 1806 1186; x_wconf 78' lang='grc' dir='ltr'>φραγ‹</span> 
     </span>
    </p>
   </div>
   <div class='ocr_carea' id='block_1_70' title="bbox 1021 1197 1806 1237">
    <p class='ocr_par' dir='ltr' id='par_1_70' title="bbox 1021 1197 1806 1237">
     <span class='ocr_line' id='line_1_70' title="bbox 1021 1197 1806 1237; baseline -0.009 -7"><span class='ocrx_word' id='word_1_490' title='bbox 1021 1203 1150 1237; x_wconf 74' lang='grc' dir='ltr'>γέλωσιν.</span> <span class='ocrx_word' id='word_1_491' title='bbox 1168 1201 1218 1236; x_wconf 81' lang='grc' dir='ltr'>τὴν</span> <span class='ocrx_word' id='word_1_492' title='bbox 1230 1200 1329 1235; x_wconf 76' lang='grc' dir='ltr'>ἄτιμον</span> <span class='ocrx_word' id='word_1_493' title='bbox 1343 1199 1452 1234; x_wconf 74' lang='grc' dir='ltr'>ἐκείνην</span> <span class='ocrx_word' id='word_1_494' title='bbox 1468 1199 1497 1225; x_wconf 78' lang='grc' dir='ltr'>ὲν</span> <span class='ocrx_word' id='word_1_495' title='bbox 1512 1198 1589 1233; x_wconf 81' lang='grc' dir='ltr'>ὕϐρει</span> <span class='ocrx_word' id='word_1_496' title='bbox 1613 1197 1806 1233; x_wconf 83' lang='grc' dir='ltr'>περιαγωγὴ-ι,</span> 
     </span>
    </p>
   </div>
   <div class='ocr_carea' id='block_1_71' title="bbox 1021 1243 1807 1284">
    <p class='ocr_par' dir='ltr' id='par_1_71' title="bbox 1021 1243 1807 1284">
     <span class='ocr_line' id='line_1_71' title="bbox 1021 1243 1807 1284; baseline -0.006 -9"><span class='ocrx_word' id='word_1_497' title='bbox 1021 1249 1057 1276; x_wconf 69' lang='grc' dir='ltr'>τὰ</span> <span class='ocrx_word' id='word_1_498' title='bbox 1071 1248 1244 1284; x_wconf 77' lang='grc' dir='ltr'>ῥαπίσματα,</span> <span class='ocrx_word' id='word_1_499' title='bbox 1263 1247 1297 1273; x_wconf 83' lang='grc' dir='ltr'><strong>τά</strong></span> <span class='ocrx_word' id='word_1_500' title='bbox 1322 1246 1524 1281; x_wconf 75' lang='grc' dir='ltr'>κολαφίσματα,</span> <span class='ocrx_word' id='word_1_501' title='bbox 1539 1245 1587 1280; x_wconf 82' lang='grc' dir='ltr'><strong>τὴν</strong></span> <span class='ocrx_word' id='word_1_502' title='bbox 1612 1245 1663 1280; x_wconf 84' lang='grc' dir='ltr'>τῆς</span> <span class='ocrx_word' id='word_1_503' title='bbox 1690 1243 1807 1279; x_wconf 70' lang='grc' dir='ltr'>ψευδοῦς</span> 
     </span>
    </p>
   </div>
   <div class='ocr_carea' id='block_1_72' title="bbox 1023 1288 1806 1331">
    <p class='ocr_par' dir='ltr' id='par_1_72' title="bbox 1023 1288 1806 1331">
     <span class='ocr_line' id='line_1_72' title="bbox 1023 1288 1806 1331; baseline -0.008 -9"><span class='ocrx_word' id='word_1_504' title='bbox 1023 1288 1167 1331; x_wconf 61' lang='grc' dir='ltr'>πορφύρας</span> <span class='ocrx_word' id='word_1_505' title='bbox 1192 1292 1338 1328; x_wconf 82' lang='grc' dir='ltr'>ἀναϐολὴν,</span> <span class='ocrx_word' id='word_1_506' title='bbox 1356 1293 1407 1327; x_wconf 78' lang='grc' dir='ltr'>τὴν</span> <span class='ocrx_word' id='word_1_507' title='bbox 1433 1291 1481 1318; x_wconf 81' lang='grc' dir='ltr'>τοῦ</span> <span class='ocrx_word' id='word_1_508' title='bbox 1502 1292 1647 1319; x_wconf 81' lang='grc' dir='ltr'>ἀκανθινου</span> <span class='ocrx_word' id='word_1_509' title='bbox 1671 1291 1806 1324; x_wconf 62' lang='grc' dir='ltr'>στεφάνου</span> 
     </span>
    </p>
   </div>
   <div class='ocr_carea' id='block_1_73' title="bbox 1024 1336 1806 1377">
    <p class='ocr_par' dir='ltr' id='par_1_73' title="bbox 1024 1336 1806 1377">
     <span class='ocr_line' id='line_1_73' title="bbox 1024 1336 1806 1377; baseline -0.009 -8"><span class='ocrx_word' id='word_1_510' title='bbox 1024 1341 1176 1377; x_wconf 82' lang='grc' dir='ltr'>περίθεσιν,</span> <span class='ocrx_word' id='word_1_511' title='bbox 1187 1339 1271 1367; x_wconf 75' lang='grc' dir='ltr'>τᾶλλα</span> <span class='ocrx_word' id='word_1_512' title='bbox 1285 1339 1334 1366; x_wconf 80' lang='grc' dir='ltr'>ὅσα</span> <span class='ocrx_word' id='word_1_513' title='bbox 1344 1338 1414 1365; x_wconf 80' lang='grc' dir='ltr'>κατὰ</span> <span class='ocrx_word' id='word_1_514' title='bbox 1430 1338 1530 1372; x_wconf 80' lang='grc' dir='ltr'>πολλὴν</span> <span class='ocrx_word' id='word_1_515' title='bbox 1544 1337 1668 1370; x_wconf 69' lang='grc' dir='ltr'>ἐξουσίαν</span> <span class='ocrx_word' id='word_1_516' title='bbox 1681 1337 1730 1372; x_wconf 76' lang='grc' dir='ltr'>τῆς</span> <span class='ocrx_word' id='word_1_517' title='bbox 1744 1336 1806 1371; x_wconf 81' lang='grc' dir='ltr'>σῆς,</span> 
     </span>
    </p>
   </div>
   <div class='ocr_carea' id='block_1_74' title="bbox 1024 1383 1806 1420">
    <p class='ocr_par' dir='ltr' id='par_1_74' title="bbox 1024 1383 1806 1420">
     <span class='ocr_line' id='line_1_74' title="bbox 1024 1383 1806 1420; baseline -0.008 -6"><span class='ocrx_word' id='word_1_518' title='bbox 1024 1388 1171 1420; x_wconf 77' lang='grc' dir='ltr'>ἀνεξίκακε</span> <span class='ocrx_word' id='word_1_519' title='bbox 1182 1386 1264 1419; x_wconf 88' lang='grc' dir='ltr'>Λόγε,</span> <span class='ocrx_word' id='word_1_520' title='bbox 1279 1384 1471 1420; x_wconf 74' lang='grc' dir='ltr'>μακροθυμίας</span> <span class='ocrx_word' id='word_1_521' title='bbox 1483 1385 1540 1415; x_wconf 85' lang='grc' dir='ltr'>τοῖς</span> <span class='ocrx_word' id='word_1_522' title='bbox 1551 1383 1705 1418; x_wconf 72' lang='grc' dir='ltr'>μιαιφόνοις</span> <span class='ocrx_word' id='word_1_523' title='bbox 1719 1383 1806 1416; x_wconf 75' lang='grc' dir='ltr'>πράτ-</span> 
     </span>
    </p>
   </div>
   <div class='ocr_carea' id='block_1_75' title="bbox 1025 1427 1841 1466">
    <p class='ocr_par' dir='ltr' id='par_1_75' title="bbox 1025 1427 1841 1466">
     <span class='ocr_line' id='line_1_75' title="bbox 1025 1427 1841 1466; baseline -0.007 -6"><span class='ocrx_word' id='word_1_524' title='bbox 1025 1442 1082 1460; x_wconf 82' lang='grc' dir='ltr'>τειν</span> <span class='ocrx_word' id='word_1_525' title='bbox 1098 1432 1172 1466; x_wconf 77' lang='grc' dir='ltr'><strong>ἐξῆν.</strong></span> <span class='ocrx_word' id='word_1_526' title='bbox 1193 1431 1271 1458; x_wconf 73' lang='grc' dir='ltr'>Ἐπεὶ</span> <span class='ocrx_word' id='word_1_527' title='bbox 1295 1430 1324 1456; x_wconf 80' lang='grc' dir='ltr'>δὲ</span> <span class='ocrx_word' id='word_1_528' title='bbox 1340 1431 1446 1464; x_wconf 82' lang='grc' dir='ltr'>ὅσαπερ</span> <span class='ocrx_word' id='word_1_529' title='bbox 1462 1427 1496 1465; x_wconf 77' lang='grc' dir='ltr'>ἦν</span> <span class='ocrx_word' id='word_1_530' title='bbox 1521 1431 1578 1460; x_wconf 84' lang='grc' dir='ltr'>τοῖς</span> <span class='ocrx_word' id='word_1_531' title='bbox 1591 1428 1732 1463; x_wconf 87' lang='grc' dir='ltr'>ἀγνώμοσι</span> <span class='ocrx_word' id='word_1_532' title='bbox 1751 1428 1809 1455; x_wconf 71' lang='grc' dir='ltr'>δια·</span> <span class='ocrx_word' id='word_1_533' title='bbox 1838 1463 1841 1466; x_wconf 22' lang='grc' dir='ltr'>ν</span> 
     </span>
    </p>
   </div>
   <div class='ocr_carea' id='block_1_76' title="bbox 1026 1473 1809 1514">
    <p class='ocr_par' dir='ltr' id='par_1_76' title="bbox 1026 1473 1809 1514">
     <span class='ocr_line' id='line_1_76' title="bbox 1026 1473 1809 1514; baseline -0.009 -8"><span class='ocrx_word' id='word_1_534' title='bbox 1026 1479 1224 1514; x_wconf 81' lang='grc' dir='ltr'>πραξαμένοις,</span> <span class='ocrx_word' id='word_1_535' title='bbox 1239 1474 1299 1504; x_wconf 68' lang='grc' dir='ltr'>εἶτα</span> <span class='ocrx_word' id='word_1_536' title='bbox 1315 1477 1363 1502; x_wconf 81' lang='grc' dir='ltr'>καὶ</span> <span class='ocrx_word' id='word_1_537' title='bbox 1376 1477 1406 1507; x_wconf 74' lang='grc' dir='ltr'>ἐς</span> <span class='ocrx_word' id='word_1_538' title='bbox 1421 1476 1468 1502; x_wconf 77' lang='grc' dir='ltr'>τὸν</span> <span class='ocrx_word' id='word_1_539' title='bbox 1483 1475 1530 1501; x_wconf 78' lang='grc' dir='ltr'>τοῦ</span> <span class='ocrx_word' id='word_1_540' title='bbox 1545 1475 1665 1510; x_wconf 79' lang='grc' dir='ltr'>Κρανίου</span> <span class='ocrx_word' id='word_1_541' title='bbox 1680 1474 1764 1500; x_wconf 68' lang='grc' dir='ltr'>τόπον</span> <span class='ocrx_word' id='word_1_542' title='bbox 1778 1473 1809 1500; x_wconf 77' lang='grc' dir='ltr'><strong>τὸ</strong></span> 
     </span>
    </p>
   </div>
   <div class='ocr_carea' id='block_1_77' title="bbox 1026 1521 1810 1554">
    <p class='ocr_par' dir='ltr' id='par_1_77' title="bbox 1026 1521 1810 1554">
     <span class='ocr_line' id='line_1_77' title="bbox 1026 1521 1810 1554; baseline -0.005 -4"><span class='ocrx_word' id='word_1_543' title='bbox 1026 1523 1182 1550; x_wconf 86' lang='grc' dir='ltr'>τελευταῖον</span> <span class='ocrx_word' id='word_1_544' title='bbox 1206 1521 1370 1554; x_wconf 87' lang='grc' dir='ltr'>κατέλαϐον,</span> <span class='ocrx_word' id='word_1_545' title='bbox 1385 1521 1471 1548; x_wconf 78' lang='grc' dir='ltr'>δεινὸν</span> <span class='ocrx_word' id='word_1_546' title='bbox 1486 1521 1623 1552; x_wconf 82' lang='grc' dir='ltr'>πνέοντες,</span> <span class='ocrx_word' id='word_1_547' title='bbox 1647 1521 1764 1554; x_wconf 79' lang='grc' dir='ltr'>φονῶδές</span> <span class='ocrx_word' id='word_1_548' title='bbox 1779 1529 1810 1546; x_wconf 85' lang='grc' dir='ltr'><strong>τε</strong></span> 
     </span>
    </p>
   </div>
   <div class='ocr_carea' id='block_1_78' title="bbox 1025 1566 1810 1605">
    <p class='ocr_par' dir='ltr' id='par_1_78' title="bbox 1025 1566 1810 1605">
     <span class='ocr_line' id='line_1_78' title="bbox 1025 1566 1810 1605; baseline -0.006 -7"><span class='ocrx_word' id='word_1_549' title='bbox 1025 1571 1072 1598; x_wconf 64' lang='grc' dir='ltr'>καὶ</span> <span class='ocrx_word' id='word_1_550' title='bbox 1092 1570 1190 1605; x_wconf 76' lang='grc' dir='ltr'>ἄγριον</span> <span class='ocrx_word' id='word_1_551' title='bbox 1206 1569 1363 1605; x_wconf 84' lang='grc' dir='ltr'>βλέποντες.</span> <span class='ocrx_word' id='word_1_552' title='bbox 1381 1568 1429 1595; x_wconf 79' lang='grc' dir='ltr'>καὶ</span> <span class='ocrx_word' id='word_1_553' title='bbox 1452 1569 1466 1595; x_wconf 87' lang='grc' dir='ltr'>ὁ</span> <span class='ocrx_word' id='word_1_554' title='bbox 1484 1567 1601 1603; x_wconf 76' lang='grc' dir='ltr'>σταυρὸς</span> <span class='ocrx_word' id='word_1_555' title='bbox 1612 1568 1662 1603; x_wconf 72' lang='grc' dir='ltr'>ἤδη</span> <span class='ocrx_word' id='word_1_556' title='bbox 1675 1566 1743 1602; x_wconf 82' lang='grc' dir='ltr'>ἦρτο</span> <span class='ocrx_word' id='word_1_557' title='bbox 1761 1577 1810 1603; x_wconf 87' lang='grc' dir='ltr'>με-</span> 
     </span>
    </p>
   </div>
   <div class='ocr_carea' id='block_1_79' title="bbox 1024 1613 1809 1651">
    <p class='ocr_par' dir='ltr' id='par_1_79' title="bbox 1024 1613 1809 1651">
     <span class='ocr_line' id='line_1_79' title="bbox 1024 1613 1809 1651; baseline -0.003 -8"><span class='ocrx_word' id='word_1_558' title='bbox 1024 1617 1137 1651; x_wconf 85' lang='grc' dir='ltr'>τέωρος,</span> <span class='ocrx_word' id='word_1_559' title='bbox 1154 1616 1239 1647; x_wconf 83' lang='grc' dir='ltr'>αὐτὸς</span> <span class='ocrx_word' id='word_1_560' title='bbox 1254 1616 1283 1641; x_wconf 84' lang='grc' dir='ltr'>δὲ</span> <span class='ocrx_word' id='word_1_561' title='bbox 1299 1616 1356 1646; x_wconf 86' lang='grc' dir='ltr'>τοῖς</span> <span class='ocrx_word' id='word_1_562' title='bbox 1370 1615 1445 1650; x_wconf 75' lang='grc' dir='ltr'>ἥλοις</span> <span class='ocrx_word' id='word_1_563' title='bbox 1460 1613 1681 1649; x_wconf 83' lang='grc' dir='ltr'>ἑμπεπαρμένος</span> <span class='ocrx_word' id='word_1_564' title='bbox 1696 1614 1809 1648; x_wconf 75' lang='grc' dir='ltr'>ὑψοῦτο,</span> 
     </span>
    </p>
   </div>
   <div class='ocr_carea' id='block_1_80' title="bbox 1024 1660 1810 1696">
    <p class='ocr_par' dir='ltr' id='par_1_80' title="bbox 1024 1660 1810 1696">
     <span class='ocr_line' id='line_1_80' title="bbox 1024 1660 1810 1696; baseline -0.004 -8"><span class='ocrx_word' id='word_1_565' title='bbox 1024 1662 1126 1689; x_wconf 83' lang='grc' dir='ltr'>ὡσανεὶ</span> <span class='ocrx_word' id='word_1_566' title='bbox 1154 1661 1323 1696; x_wconf 78' lang='grc' dir='ltr'>στηλιτεύων</span> <span class='ocrx_word' id='word_1_567' title='bbox 1337 1660 1383 1687; x_wconf 80' lang='grc' dir='ltr'>τὸν</span> <span class='ocrx_word' id='word_1_568' title='bbox 1405 1660 1478 1694; x_wconf 74' lang='grc' dir='ltr'>ὅφιν,</span> <span class='ocrx_word' id='word_1_569' title='bbox 1496 1660 1543 1686; x_wconf 82' lang='grc' dir='ltr'>καὶ</span> <span class='ocrx_word' id='word_1_570' title='bbox 1561 1661 1629 1686; x_wconf 75' lang='grc' dir='ltr'>πᾶσι</span> <span class='ocrx_word' id='word_1_571' title='bbox 1653 1662 1810 1694; x_wconf 74' lang='grc' dir='ltr'>καταφανὲς</span> 
     </span>
    </p>
   </div>
   <div class='ocr_carea' id='block_1_81' title="bbox 1024 1705 1812 1743">
    <p class='ocr_par' dir='ltr' id='par_1_81' title="bbox 1024 1705 1812 1743">
     <span class='ocr_line' id='line_1_81' title="bbox 1024 1705 1812 1743; baseline -0.004 -9"><span class='ocrx_word' id='word_1_572' title='bbox 1024 1708 1169 1743; x_wconf 80' lang='grc' dir='ltr'>γινόμενος</span> <span class='ocrx_word' id='word_1_573' title='bbox 1193 1707 1293 1741; x_wconf 82' lang='grc' dir='ltr'>θέαμα,</span> <span class='ocrx_word' id='word_1_574' title='bbox 1318 1706 1379 1732; x_wconf 78' lang='grc' dir='ltr'>τότε</span> <span class='ocrx_word' id='word_1_575' title='bbox 1403 1705 1436 1740; x_wconf 85' lang='grc' dir='ltr'>δὴ</span> <span class='ocrx_word' id='word_1_576' title='bbox 1456 1706 1558 1740; x_wconf 80' lang='grc' dir='ltr'>ταύτην</span> <span class='ocrx_word' id='word_1_577' title='bbox 1576 1706 1649 1736; x_wconf 59' lang='grc' dir='ltr'>εἰκὸς</span> <span class='ocrx_word' id='word_1_578' title='bbox 1666 1706 1812 1740; x_wconf 65' lang='grc' dir='ltr'>ἀψαμέυην</span> 
     </span>
    </p>
   </div>
   <div class='ocr_carea' id='block_1_82' title="bbox 1025 1751 1811 1787">
    <p class='ocr_par' dir='ltr' id='par_1_82' title="bbox 1025 1751 1811 1787">
     <span class='ocr_line' id='line_1_82' title="bbox 1025 1751 1811 1787; baseline -0.003 -7"><span class='ocrx_word' id='word_1_579' title='bbox 1025 1754 1128 1784; x_wconf 79' lang='grc' dir='ltr'>ἀδείας,</span> <span class='ocrx_word' id='word_1_580' title='bbox 1147 1753 1214 1787; x_wconf 84' lang='grc' dir='ltr'><strong>μετά</strong></span> <span class='ocrx_word' id='word_1_581' title='bbox 1237 1753 1288 1786; x_wconf 73' lang='grc' dir='ltr'>τῆς</span> <span class='ocrx_word' id='word_1_582' title='bbox 1315 1751 1417 1786; x_wconf 74' lang='grc' dir='ltr'>μητρὸς</span> <span class='ocrx_word' id='word_1_583' title='bbox 1434 1752 1482 1777; x_wconf 74' lang='grc' dir='ltr'>καὶ</span> <span class='ocrx_word' id='word_1_584' title='bbox 1506 1751 1554 1777; x_wconf 76' lang='grc' dir='ltr'>τοῦ</span> <span class='ocrx_word' id='word_1_585' title='bbox 1585 1751 1708 1787; x_wconf 75' lang='grc' dir='ltr'>μαθητοῦ</span> <span class='ocrx_word' id='word_1_586' title='bbox 1735 1753 1811 1787; x_wconf 78' lang='grc' dir='ltr'>αὐτῴ</span> 
     </span>
    </p>
   </div>
   <div class='ocr_carea' id='block_1_83' title="bbox 1026 1797 1812 1833">
    <p class='ocr_par' dir='ltr' id='par_1_83' title="bbox 1026 1797 1812 1833">
     <span class='ocr_line' id='line_1_83' title="bbox 1026 1797 1812 1833; baseline -0.001 -8"><span class='ocrx_word' id='word_1_587' title='bbox 1026 1798 1179 1833; x_wconf 80' lang='grc' dir='ltr'>προσιέναι,</span> <span class='ocrx_word' id='word_1_588' title='bbox 1207 1797 1295 1830; x_wconf 74' lang='grc' dir='ltr'>οὕτως</span> <span class='ocrx_word' id='word_1_589' title='bbox 1321 1797 1411 1832; x_wconf 72' lang='grc' dir='ltr'>ἔχοντι</span> <span class='ocrx_word' id='word_1_590' title='bbox 1435 1798 1507 1824; x_wconf 84' lang='grc' dir='ltr'><strong>κατά</strong></span> <span class='ocrx_word' id='word_1_591' title='bbox 1526 1798 1631 1832; x_wconf 77' lang='grc' dir='ltr'>σχῆμα,</span> <span class='ocrx_word' id='word_1_592' title='bbox 1653 1797 1699 1825; x_wconf 68' lang='grc' dir='ltr'><strong>καῖ</strong></span> <span class='ocrx_word' id='word_1_593' title='bbox 1721 1799 1812 1824; x_wconf 80' lang='grc' dir='ltr'>ποδῶν</span> 
     </span>
    </p>
   </div>
   <div class='ocr_carea' id='block_1_84' title="bbox 1025 1843 1812 1880">
    <p class='ocr_par' dir='ltr' id='par_1_84' title="bbox 1025 1843 1812 1880">
     <span class='ocr_line' id='line_1_84' title="bbox 1025 1843 1812 1880; baseline -0.003 -8"><span class='ocrx_word' id='word_1_594' title='bbox 1025 1844 1149 1880; x_wconf 73' lang='grc' dir='ltr'>ᾰψασθαι</span> <span class='ocrx_word' id='word_1_595' title='bbox 1165 1844 1218 1870; x_wconf 85' lang='grc' dir='ltr'><strong>τῶν</strong></span> <span class='ocrx_word' id='word_1_596' title='bbox 1242 1843 1387 1879; x_wconf 80' lang='grc' dir='ltr'>άχράντων</span> <span class='ocrx_word' id='word_1_597' title='bbox 1403 1843 1526 1875; x_wconf 71' lang='grc' dir='ltr'>ἐκείνων,</span> <span class='ocrx_word' id='word_1_598' title='bbox 1544 1843 1660 1878; x_wconf 84' lang='grc' dir='ltr'>στόματί</span> <span class='ocrx_word' id='word_1_599' title='bbox 1674 1852 1705 1870; x_wconf 82' lang='grc' dir='ltr'><strong>τε</strong></span> <span class='ocrx_word' id='word_1_600' title='bbox 1726 1852 1812 1870; x_wconf 76' lang='grc' dir='ltr'>κατα-</span> 
     </span>
    </p>
   </div>
   <div class='ocr_carea' id='block_1_85' title="bbox 1027 1890 1813 1927">
    <p class='ocr_par' dir='ltr' id='par_1_85' title="bbox 1027 1890 1813 1927">
     <span class='ocr_line' id='line_1_85' title="bbox 1027 1890 1813 1927; baseline 0 -9"><span class='ocrx_word' id='word_1_601' title='bbox 1027 1892 1116 1927; x_wconf 73' lang='grc' dir='ltr'>φιλεῖν</span> <span class='ocrx_word' id='word_1_602' title='bbox 1133 1891 1182 1922; x_wconf 79' lang='grc' dir='ltr'><strong>τὰς</strong></span> <span class='ocrx_word' id='word_1_603' title='bbox 1208 1891 1325 1925; x_wconf 82' lang='grc' dir='ltr'>πληγὰς,</span> <span class='ocrx_word' id='word_1_604' title='bbox 1353 1890 1401 1916; x_wconf 87' lang='grc' dir='ltr'>καὶ</span> <span class='ocrx_word' id='word_1_605' title='bbox 1432 1891 1488 1921; x_wconf 81' lang='grc' dir='ltr'>τοῖς</span> <span class='ocrx_word' id='word_1_606' title='bbox 1517 1890 1614 1926; x_wconf 89' lang='grc' dir='ltr'>αῐμασι</span> <span class='ocrx_word' id='word_1_607' title='bbox 1637 1891 1763 1925; x_wconf 84' lang='grc' dir='ltr'>μιγνύειν</span> <span class='ocrx_word' id='word_1_608' title='bbox 1779 1892 1813 1918; x_wconf 82' lang='grc' dir='ltr'><strong>τά</strong></span> 
     </span>
    </p>
   </div>
   <div class='ocr_carea' id='block_1_86' title="bbox 1026 1936 1813 1973">
    <p class='ocr_par' dir='ltr' id='par_1_86' title="bbox 1026 1936 1813 1973">
     <span class='ocr_line' id='line_1_86' title="bbox 1026 1936 1813 1973; baseline 0 -9"><span class='ocrx_word' id='word_1_609' title='bbox 1026 1938 1145 1973; x_wconf 76' lang='grc' dir='ltr'>δάκρυα,</span> <span class='ocrx_word' id='word_1_610' title='bbox 1167 1938 1215 1964; x_wconf 81' lang='grc' dir='ltr'>καὶ</span> <span class='ocrx_word' id='word_1_611' title='bbox 1234 1938 1290 1968; x_wconf 83' lang='grc' dir='ltr'>τοῖς</span> <span class='ocrx_word' id='word_1_612' title='bbox 1313 1937 1432 1971; x_wconf 85' lang='grc' dir='ltr'>δάκρυσι</span> <span class='ocrx_word' id='word_1_613' title='bbox 1452 1936 1567 1964; x_wconf 83' lang='grc' dir='ltr'>τοιαῦτα</span> <span class='ocrx_word' id='word_1_614' title='bbox 1584 1938 1761 1973; x_wconf 78' lang='grc' dir='ltr'>προστιθέναι</span> <span class='ocrx_word' id='word_1_615' title='bbox 1778 1939 1813 1964; x_wconf 73' lang='grc' dir='ltr'>τὰ</span> 
     </span>
    </p>
   </div>
   <div class='ocr_carea' id='block_1_87' title="bbox 1028 1983 1813 2019">
    <p class='ocr_par' dir='ltr' id='par_1_87' title="bbox 1028 1983 1813 2019">
     <span class='ocr_line' id='line_1_87' title="bbox 1028 1983 1813 2019; baseline 0.001 -10"><span class='ocrx_word' id='word_1_616' title='bbox 1028 1984 1139 2018; x_wconf 79' lang='grc' dir='ltr'>ῥήματα</span> <span class='ocrx_word' id='word_1_617' title='bbox 1151 1991 1158 1999; x_wconf 80' lang='grc'><strong><em>⁸</em></strong></span> <span class='ocrx_word' id='word_1_618' title='bbox 1177 1983 1209 2010; x_wconf 87' lang='grc' dir='ltr'><strong>Ἰ’ί</strong></span> <span class='ocrx_word' id='word_1_619' title='bbox 1224 1983 1316 2015; x_wconf 81' lang='grc' dir='ltr'>τοῦτο,</span> <span class='ocrx_word' id='word_1_620' title='bbox 1327 1983 1450 2009; x_wconf 84' lang='grc' dir='ltr'>Δέσποτα</span> <span class='ocrx_word' id='word_1_621' title='bbox 1467 1983 1513 2010; x_wconf 83' lang='grc' dir='ltr'><strong>καὶ</strong></span> <span class='ocrx_word' id='word_1_622' title='bbox 1528 1983 1579 2009; x_wconf 79' lang='grc' dir='ltr'>Θεέ</span> <span class='ocrx_word' id='word_1_623' title='bbox 1592 1991 1600 2016; x_wconf 84' lang='lat'><strong>;</strong></span> <span class='ocrx_word' id='word_1_624' title='bbox 1614 1983 1641 2009; x_wconf 85' lang='grc' dir='ltr'><strong>τί</strong></span> <span class='ocrx_word' id='word_1_625' title='bbox 1659 1992 1707 2010; x_wconf 88' lang='grc' dir='ltr'><strong>σου</strong></span> <span class='ocrx_word' id='word_1_626' title='bbox 1720 1985 1750 2010; x_wconf 83' lang='grc' dir='ltr'><strong>τδ</strong></span> <span class='ocrx_word' id='word_1_627' title='bbox 1762 1986 1813 2019; x_wconf 82' lang='grc' dir='ltr'>τῆς</span> 
     </span>
    </p>
   </div>
   <div class='ocr_carea' id='block_1_88' title="bbox 1027 2028 1813 2063">
    <p class='ocr_par' dir='ltr' id='par_1_88' title="bbox 1027 2028 1813 2063">
     <span class='ocr_line' id='line_1_88' title="bbox 1027 2028 1813 2063; baseline 0.003 -8"><span class='ocrx_word' id='word_1_628' title='bbox 1027 2028 1229 2063; x_wconf 69' lang='grc' dir='ltr'>εὐσπλαγχνίας</span> <span class='ocrx_word' id='word_1_629' title='bbox 1245 2029 1360 2063; x_wconf 79' lang='grc' dir='ltr'>ἄπειρον</span> <span class='ocrx_word' id='word_1_630' title='bbox 1377 2028 1517 2063; x_wconf 81' lang='grc' dir='ltr'>πέλαγος;</span> <span class='ocrx_word' id='word_1_631' title='bbox 1535 2029 1640 2061; x_wconf 76' lang='grc' dir='ltr'>τούτοις</span> <span class='ocrx_word' id='word_1_632' title='bbox 1666 2030 1813 2063; x_wconf 77' lang='grc' dir='ltr'>ἀμείϐουσί</span> 
     </span>
    </p>
   </div>
   <div class='ocr_carea' id='block_1_89' title="bbox 1028 2074 1812 2110">
    <p class='ocr_par' dir='ltr' id='par_1_89' title="bbox 1028 2074 1812 2110">
     <span class='ocr_line' id='line_1_89' title="bbox 1028 2074 1812 2110; baseline 0.001 -9"><span class='ocrx_word' id='word_1_633' title='bbox 1028 2083 1058 2101; x_wconf 90' lang='grc' dir='ltr'><strong>σε</strong></span> <span class='ocrx_word' id='word_1_634' title='bbox 1071 2075 1120 2110; x_wconf 80' lang='grc' dir='ltr'><strong>τῆς</strong></span> <span class='ocrx_word' id='word_1_635' title='bbox 1135 2074 1298 2108; x_wconf 83' lang='grc' dir='ltr'>εὐεργεσίας</span> <span class='ocrx_word' id='word_1_636' title='bbox 1310 2075 1334 2100; x_wconf 77' lang='grc' dir='ltr'>οἱ</span> <span class='ocrx_word' id='word_1_637' title='bbox 1352 2075 1460 2102; x_wconf 85' lang='grc' dir='ltr'>πολλῶν</span> <span class='ocrx_word' id='word_1_638' title='bbox 1476 2076 1568 2102; x_wconf 80' lang='grc' dir='ltr'>καλῶν</span> <span class='ocrx_word' id='word_1_639' title='bbox 1582 2076 1791 2106; x_wconf 74' lang='grc' dir='ltr'>ἀπολαύσαντες</span> <span class='ocrx_word' id='word_1_640' title='bbox 1804 2086 1812 2110; x_wconf 89' lang='lat'><strong>;</strong></span> 
     </span>
    </p>
   </div>
   <div class='ocr_carea' id='block_1_90' title="bbox 1027 2119 1813 2157">
    <p class='ocr_par' dir='ltr' id='par_1_90' title="bbox 1027 2119 1813 2157">
     <span class='ocr_line' id='line_1_90' title="bbox 1027 2119 1813 2157; baseline 0.005 -11"><span class='ocrx_word' id='word_1_641' title='bbox 1027 2121 1128 2156; x_wconf 85' lang='grc' dir='ltr'>χιτῶνα</span> <span class='ocrx_word' id='word_1_642' title='bbox 1164 2119 1270 2155; x_wconf 79' lang='grc' dir='ltr'>ὕϐρεως</span> <span class='ocrx_word' id='word_1_643' title='bbox 1302 2121 1534 2157; x_wconf 70' lang='grc' dir='ltr'>περιϐάλλουσιν,</span> <span class='ocrx_word' id='word_1_644' title='bbox 1563 2121 1611 2153; x_wconf 82' lang='grc' dir='ltr'>οὓς</span> <span class='ocrx_word' id='word_1_645' title='bbox 1639 2123 1813 2156; x_wconf 70' lang='grc' dir='ltr'>καταστολὴν</span> 
     </span>
    </p>
   </div>
   <div class='ocr_carea' id='block_1_91' title="bbox 1029 2166 1843 2205">
    <p class='ocr_par' dir='ltr' id='par_1_91' title="bbox 1029 2166 1843 2205">
     <span class='ocr_line' id='line_1_91' title="bbox 1029 2166 1843 2205; baseline 0.004 -12"><span class='ocrx_word' id='word_1_646' title='bbox 1029 2166 1184 2202; x_wconf 73' lang='grc' dir='ltr'>ἀφθαρσίας</span> <span class='ocrx_word' id='word_1_647' title='bbox 1199 2167 1337 2199; x_wconf 76' lang='grc' dir='ltr'>ὲνὲδυσοις,</span> <span class='ocrx_word' id='word_1_648' title='bbox 1354 2168 1401 2194; x_wconf 62' lang='grc' dir='ltr'><strong>καὶΙ</strong></span> <span class='ocrx_word' id='word_1_649' title='bbox 1415 2168 1452 2199; x_wconf 83' lang='grc' dir='ltr'><strong>ὡς</strong></span> <span class='ocrx_word' id='word_1_650' title='bbox 1465 2168 1543 2199; x_wconf 72' lang='grc' dir='ltr'>ἀιτδς</span> <span class='ocrx_word' id='word_1_651' title='bbox 1557 2168 1624 2200; x_wconf 74' lang='grc' dir='ltr'>διεὶς</span> <span class='ocrx_word' id='word_1_652' title='bbox 1641 2170 1691 2200; x_wconf 74' lang='grc' dir='ltr'>τὰς</span> <span class='ocrx_word' id='word_1_653' title='bbox 1708 2170 1812 2205; x_wconf 77' lang='grc' dir='ltr'>πτερυ-</span> <span class='ocrx_word' id='word_1_654' title='bbox 1841 2192 1843 2195; x_wconf 97' lang='grc'>.</span> 
     </span>
    </p>
   </div>
   <div class='ocr_carea' id='block_1_92' title="bbox 197 2207 967 2256">
    <p class='ocr_par' dir='ltr' id='par_1_92' title="bbox 197 2207 967 2242">
     <span class='ocr_line' id='line_1_92' title="bbox 197 2207 967 2242; baseline -0.001 -7"><span class='ocrx_word' id='word_1_655' title='bbox 197 2214 270 2235; x_wconf 82' lang='lat' dir='ltr'><strong>tanta</strong></span> <span class='ocrx_word' id='word_1_656' title='bbox 284 2216 346 2234; x_wconf 88' lang='lat' dir='ltr'><strong>cum</strong></span> <span class='ocrx_word' id='word_1_657' title='bbox 359 2208 471 2235; x_wconf 80' lang='lat' dir='ltr'><strong>tristitia</strong></span> <span class='ocrx_word' id='word_1_658' title='bbox 486 2207 642 2234; x_wconf 86' lang='lat' dir='ltr'><strong>astantibus</strong></span> <span class='ocrx_word' id='word_1_659' title='bbox 659 2208 772 2234; x_wconf 87' lang='lat' dir='ltr'><strong>verbum</strong></span> <span class='ocrx_word' id='word_1_660' title='bbox 789 2207 901 2242; x_wconf 88' lang='lat' dir='ltr'><strong>aliquod</strong></span> <span class='ocrx_word' id='word_1_661' title='bbox 918 2208 967 2235; x_wconf 79' lang='lat' dir='ltr'><strong>edi</strong></span> 
     </span>
    </p>
   </div>
   <div class='ocr_carea' id='block_1_93' title="bbox 1021 2207 1814 2256">
    <p class='ocr_par' dir='ltr' id='par_1_93' title="bbox 1030 2213 1814 2249">
     <span class='ocr_line' id='line_1_93' title="bbox 1030 2213 1814 2249; baseline 0.003 -11"><span class='ocrx_word' id='word_1_662' title='bbox 1030 2222 1092 2247; x_wconf 83' lang='grc' dir='ltr'>γας,</span> <span class='ocrx_word' id='word_1_663' title='bbox 1107 2213 1153 2239; x_wconf 66' lang='grc' dir='ltr'><strong>ἐπὶ</strong></span> <span class='ocrx_word' id='word_1_664' title='bbox 1167 2213 1221 2239; x_wconf 83' lang='grc' dir='ltr'>τῶν</span> <span class='ocrx_word' id='word_1_665' title='bbox 1238 2214 1414 2248; x_wconf 82' lang='grc' dir='ltr'>μεταφρένων</span> <span class='ocrx_word' id='word_1_666' title='bbox 1428 2213 1539 2244; x_wconf 83' lang='grc' dir='ltr'>τούτους</span> <span class='ocrx_word' id='word_1_667' title='bbox 1549 2214 1699 2247; x_wconf 66' lang='grc' dir='ltr'>ἀνέλαϐεςς</span> <span class='ocrx_word' id='word_1_668' title='bbox 1714 2216 1814 2249; x_wconf 77' lang='grc' dir='ltr'>στεφά.</span> 
     </span>
    </p>
   </div>
   <div class='ocr_carea' id='block_1_94' title="bbox 197 2254 967 2296">
    <p class='ocr_par' dir='ltr' id='par_1_94' title="bbox 197 2254 966 2282">
     <span class='ocr_line' id='line_1_94' title="bbox 197 2254 966 2282; baseline -0.001 -1"><span class='ocrx_word' id='word_1_669' title='bbox 197 2262 261 2281; x_wconf 78' lang='grc' dir='ltr'>ι-ιιυ.</span> <span class='ocrx_word' id='word_1_670' title='bbox 278 2254 374 2281; x_wconf 81' lang='lat' dir='ltr'><strong>Verbis</strong></span> <span class='ocrx_word' id='word_1_671' title='bbox 392 2254 523 2282; x_wconf 81' lang='lat' dir='ltr'><strong>valedicis</strong></span> <span class='ocrx_word' id='word_1_672' title='bbox 538 2258 654 2281; x_wconf 74' lang='lat' dir='ltr'><strong>matrem</strong></span> <span class='ocrx_word' id='word_1_673' title='bbox 673 2258 746 2280; x_wconf 82' lang='lat' dir='ltr'><strong>tuam</strong></span> <span class='ocrx_word' id='word_1_674' title='bbox 765 2254 811 2281; x_wconf 84' lang='lat' dir='ltr'><strong>hic</strong></span> <span class='ocrx_word' id='word_1_675' title='bbox 841 2259 966 2281; x_wconf 83' lang='lat' dir='ltr'><strong>astanten</strong></span> 
     </span>
    </p>
   </div>
   <div class='ocr_carea' id='block_1_95' title="bbox 1021 2254 1814 2296">
    <p class='ocr_par' dir='ltr' id='par_1_95' title="bbox 1029 2259 1814 2296">
     <span class='ocr_line' id='line_1_95' title="bbox 1029 2259 1814 2296; baseline 0.001 -9"><span class='ocrx_word' id='word_1_676' title='bbox 1029 2269 1091 2291; x_wconf 88' lang='grc' dir='ltr'>νους</span> <span class='ocrx_word' id='word_1_677' title='bbox 1106 2268 1148 2285; x_wconf 85' lang='grc' dir='ltr'><strong>σοι</strong></span> <span class='ocrx_word' id='word_1_678' title='bbox 1174 2260 1360 2294; x_wconf 75' lang='grc' dir='ltr'>περιτιθέασιν</span> <span class='ocrx_word' id='word_1_679' title='bbox 1375 2259 1492 2293; x_wconf 75' lang='grc' dir='ltr'>ὕϐρεως,</span> <span class='ocrx_word' id='word_1_680' title='bbox 1507 2259 1553 2291; x_wconf 81' lang='grc' dir='ltr'><strong>οὒς</strong></span> <span class='ocrx_word' id='word_1_681' title='bbox 1577 2260 1658 2292; x_wconf 67' lang='grc' dir='ltr'>αὐτὸς</span> <span class='ocrx_word' id='word_1_682' title='bbox 1675 2260 1738 2296; x_wconf 79' lang='grc' dir='ltr'>δόξῃ</span> <span class='ocrx_word' id='word_1_683' title='bbox 1764 2262 1814 2288; x_wconf 75' lang='grc' dir='ltr'>καὶ</span> 
     </span>
    </p>
   </div>
   <div class='ocr_carea' id='block_1_96' title="bbox 196 2299 967 2341">
    <p class='ocr_par' dir='ltr' id='par_1_96' title="bbox 196 2299 967 2331">
     <span class='ocr_line' id='line_1_96' title="bbox 196 2299 967 2331; baseline -0.001 -4"><span class='ocrx_word' id='word_1_684' title='bbox 196 2300 338 2327; x_wconf 80' lang='lat' dir='ltr'><strong>consolare</strong></span> <span class='ocrx_word' id='word_1_685' title='bbox 351 2304 379 2326; x_wconf 89' lang='lat' dir='ltr'><strong>ut</strong></span> <span class='ocrx_word' id='word_1_686' title='bbox 394 2304 565 2331; x_wconf 85' lang='lat' dir='ltr'><strong>renascatur,</strong></span> <span class='ocrx_word' id='word_1_687' title='bbox 577 2303 606 2326; x_wconf 89' lang='lat' dir='ltr'><strong>et</strong></span> <span class='ocrx_word' id='word_1_688' title='bbox 616 2299 713 2327; x_wconf 76' lang='lat' dir='ltr'><strong>abiens</strong></span> <span class='ocrx_word' id='word_1_689' title='bbox 725 2307 740 2326; x_wconf 90' lang='lat' dir='ltr'><strong>e</strong></span> <span class='ocrx_word' id='word_1_690' title='bbox 753 2300 856 2327; x_wconf 86' lang='lat' dir='ltr'><strong>mundo</strong></span> <span class='ocrx_word' id='word_1_691' title='bbox 870 2300 967 2326; x_wconf 81' lang='lat' dir='ltr'><strong>sociun</strong></span> 
     </span>
    </p>
   </div>
   <div class='ocr_carea' id='block_1_97' title="bbox 1021 2299 1814 2341">
    <p class='ocr_par' dir='ltr' id='par_1_97' title="bbox 1029 2306 1814 2341">
     <span class='ocr_line' id='line_1_97' title="bbox 1029 2306 1814 2341; baseline 0.001 -9"><span class='ocrx_word' id='word_1_692' title='bbox 1029 2307 1096 2341; x_wconf 84' lang='grc' dir='ltr'>τιμῇ</span> <span class='ocrx_word' id='word_1_693' title='bbox 1123 2306 1333 2340; x_wconf 78' lang='grc' dir='ltr'>ὲστεφάνωσας;</span> <span class='ocrx_word' id='word_1_694' title='bbox 1353 2307 1482 2340; x_wconf 76' lang='grc' dir='ltr'>ῥάπισμα</span> <span class='ocrx_word' id='word_1_695' title='bbox 1508 2306 1654 2339; x_wconf 80' lang='grc' dir='ltr'>κατεδέξω,</span> <span class='ocrx_word' id='word_1_696' title='bbox 1670 2307 1700 2338; x_wconf 77' lang='grc' dir='ltr'>ὃς</span> <span class='ocrx_word' id='word_1_697' title='bbox 1712 2308 1814 2339; x_wconf 73' lang='grc' dir='ltr'>αὐτοὺς</span> 
     </span>
    </p>
   </div>
   <div class='ocr_carea' id='block_1_98' title="bbox 196 2345 967 2389">
    <p class='ocr_par' dir='ltr' id='par_1_98' title="bbox 196 2345 967 2381">
     <span class='ocr_line' id='line_1_98' title="bbox 196 2345 967 2381; baseline -0.004 -7"><span class='ocrx_word' id='word_1_698' title='bbox 196 2351 313 2381; x_wconf 77' lang='lat' dir='ltr'><strong>aliquem</strong></span> <span class='ocrx_word' id='word_1_699' title='bbox 329 2346 380 2380; x_wconf 89' lang='lat' dir='ltr'><strong>ipsi</strong></span> <span class='ocrx_word' id='word_1_700' title='bbox 406 2345 517 2372; x_wconf 88' lang='lat' dir='ltr'><strong>tradito.</strong></span> <span class='ocrx_word' id='word_1_701' title='bbox 544 2346 610 2372; x_wconf 77' lang='lat' dir='ltr'><strong>Nam</strong></span> <span class='ocrx_word' id='word_1_702' title='bbox 628 2346 738 2373; x_wconf 87' lang='lat' dir='ltr'><strong>etiamsi</strong></span> <span class='ocrx_word' id='word_1_703' title='bbox 756 2346 816 2372; x_wconf 88' lang='lat' dir='ltr'><strong>sine</strong></span> <span class='ocrx_word' id='word_1_704' title='bbox 839 2345 933 2372; x_wconf 83' lang='lat' dir='ltr'><strong>dolore</strong></span> <span class='ocrx_word' id='word_1_705' title='bbox 950 2350 967 2373; x_wconf 76' lang='grc' dir='ltr'><strong>ιι</strong></span> 
     </span>
    </p>
   </div>
   <div class='ocr_carea' id='block_1_99' title="bbox 1021 2345 1815 2389">
    <p class='ocr_par' dir='ltr' id='par_1_99' title="bbox 1028 2352 1815 2389">
     <span class='ocr_line' id='line_1_99' title="bbox 1028 2352 1815 2389; baseline 0.001 -10"><span class='ocrx_word' id='word_1_706' title='bbox 1028 2353 1084 2379; x_wconf 81' lang='grc' dir='ltr'><strong>τῶν</strong></span> <span class='ocrx_word' id='word_1_707' title='bbox 1108 2352 1304 2386; x_wconf 73' lang='grc' dir='ltr'>Αίγυπτιακῶν</span> <span class='ocrx_word' id='word_1_708' title='bbox 1329 2352 1487 2387; x_wconf 76' lang='grc' dir='ltr'>ἀπήλλαξας</span> <span class='ocrx_word' id='word_1_709' title='bbox 1521 2353 1667 2386; x_wconf 84' lang='grc' dir='ltr'>δουλειῶν;</span> <span class='ocrx_word' id='word_1_710' title='bbox 1696 2353 1815 2389; x_wconf 78' lang='grc' dir='ltr'>καλάμῳ</span> 
     </span>
    </p>
   </div>
   <div class='ocr_carea' id='block_1_100' title="bbox 197 2390 967 2432">
    <p class='ocr_par' dir='ltr' id='par_1_100' title="bbox 197 2390 967 2426">
     <span class='ocr_line' id='line_1_100' title="bbox 197 2390 967 2426; baseline 0.001 -9"><span class='ocrx_word' id='word_1_711' title='bbox 197 2397 313 2426; x_wconf 82' lang='lat' dir='ltr'><strong>peperit,</strong></span> <span class='ocrx_word' id='word_1_712' title='bbox 325 2399 399 2418; x_wconf 85' lang='lat' dir='ltr'><strong>nunc</strong></span> <span class='ocrx_word' id='word_1_713' title='bbox 411 2399 473 2417; x_wconf 91' lang='lat' dir='ltr'><strong>cum</strong></span> <span class='ocrx_word' id='word_1_714' title='bbox 488 2396 514 2418; x_wconf 89' lang='lat' dir='ltr'><strong>te</strong></span> <span class='ocrx_word' id='word_1_715' title='bbox 529 2390 615 2426; x_wconf 70' lang='lat' dir='ltr'><strong>plagis</strong></span> <span class='ocrx_word' id='word_1_716' title='bbox 630 2392 804 2418; x_wconf 90' lang='lat' dir='ltr'><strong>vulneratum</strong></span> <span class='ocrx_word' id='word_1_717' title='bbox 821 2391 907 2424; x_wconf 82' lang='lat' dir='ltr'><strong>videt,</strong></span> <span class='ocrx_word' id='word_1_718' title='bbox 921 2392 967 2426; x_wconf 25' lang='lat' dir='ltr'><strong>gla‘</strong></span> 
     </span>
    </p>
   </div>
   <div class='ocr_carea' id='block_1_101' title="bbox 1021 2390 1815 2432">
    <p class='ocr_par' dir='ltr' id='par_1_101' title="bbox 1032 2393 1815 2432">
     <span class='ocr_line' id='line_1_101' title="bbox 1032 2393 1815 2432; baseline 0 -10"><span class='ocrx_word' id='word_1_719' title='bbox 1032 2405 1078 2422; x_wconf 86' lang='grc' dir='ltr'><strong>σου</strong></span> <span class='ocrx_word' id='word_1_720' title='bbox 1093 2396 1141 2431; x_wconf 83' lang='grc' dir='ltr'>τὴν</span> <span class='ocrx_word' id='word_1_721' title='bbox 1157 2397 1294 2431; x_wconf 66' lang='grc' dir='ltr'>ἀκήρατον</span> <span class='ocrx_word' id='word_1_722' title='bbox 1315 2396 1426 2422; x_wconf 84' lang='grc' dir='ltr'>παίουσι</span> <span class='ocrx_word' id='word_1_723' title='bbox 1441 2395 1570 2431; x_wconf 83' lang='grc' dir='ltr'>κεφαλὴν,</span> <span class='ocrx_word' id='word_1_724' title='bbox 1585 2393 1626 2428; x_wconf 76' lang='grc' dir='ltr'>οἷς</span> <span class='ocrx_word' id='word_1_725' title='bbox 1639 2397 1730 2432; x_wconf 72' lang='grc' dir='ltr'>ῥάϐδῳ</span> <span class='ocrx_word' id='word_1_726' title='bbox 1745 2398 1815 2432; x_wconf 79' lang='grc' dir='ltr'>πλη-</span> 
     </span>
    </p>
   </div>
   <div class='ocr_carea' id='block_1_102' title="bbox 195 2437 967 2477">
    <p class='ocr_par' dir='ltr' id='par_1_102' title="bbox 195 2437 967 2472">
     <span class='ocr_line' id='line_1_102' title="bbox 195 2437 967 2472; baseline -0.001 -6"><span class='ocrx_word' id='word_1_727' title='bbox 195 2440 257 2466; x_wconf 83' lang='lat' dir='ltr'><strong>dins</strong></span> <span class='ocrx_word' id='word_1_728' title='bbox 268 2440 387 2465; x_wconf 80' lang='lat' dir='ltr'><strong>animant</strong></span> <span class='ocrx_word' id='word_1_729' title='bbox 403 2438 461 2472; x_wconf 87' lang='lat' dir='ltr'><strong>ejus</strong></span> <span class='ocrx_word' id='word_1_730' title='bbox 475 2437 631 2464; x_wconf 64' lang='lat' dir='ltr'><strong>transfodit.</strong></span> <span class='ocrx_word' id='word_1_731' title='bbox 646 2437 696 2464; x_wconf 81' lang='lat' dir='ltr'><strong>Dic</strong></span> <span class='ocrx_word' id='word_1_732' title='bbox 710 2438 824 2465; x_wconf 81' lang='lat' dir='ltr'><strong>verbum</strong></span> <span class='ocrx_word' id='word_1_733' title='bbox 839 2438 967 2470; x_wconf 66' lang='lat' dir='ltr'><strong>discipuli</strong></span> 
     </span>
    </p>
   </div>
   <div class='ocr_carea' id='block_1_103' title="bbox 1021 2437 1815 2477">
    <p class='ocr_par' dir='ltr' id='par_1_103' title="bbox 1030 2441 1815 2477">
     <span class='ocr_line' id='line_1_103' title="bbox 1030 2441 1815 2477; baseline 0.003 -10"><span class='ocrx_word' id='word_1_734' title='bbox 1030 2443 1110 2477; x_wconf 86' lang='grc' dir='ltr'>γεῖσα</span> <span class='ocrx_word' id='word_1_735' title='bbox 1125 2441 1244 2467; x_wconf 64' lang='grc' dir='ltr'>διῖστὶτο</span> <span class='ocrx_word' id='word_1_736' title='bbox 1259 2441 1400 2472; x_wconf 74' lang='grc' dir='ltr'>θάλασσας</span> <span class='ocrx_word' id='word_1_737' title='bbox 1418 2441 1499 2476; x_wconf 81' lang='grc' dir='ltr'>χολὴν</span> <span class='ocrx_word' id='word_1_738' title='bbox 1517 2443 1564 2468; x_wconf 82' lang='grc' dir='ltr'>σὺν</span> <span class='ocrx_word' id='word_1_739' title='bbox 1576 2442 1631 2474; x_wconf 74' lang='grc' dir='ltr'>ὄξει</span> <span class='ocrx_word' id='word_1_740' title='bbox 1645 2442 1757 2477; x_wconf 75' lang='grc' dir='ltr'>δεψῶντί</span> <span class='ocrx_word' id='word_1_741' title='bbox 1772 2452 1815 2469; x_wconf 89' lang='grc' dir='ltr'><strong>σοι</strong></span> 
     </span>
    </p>
   </div>
   <div class='ocr_carea' id='block_1_104' title="bbox 195 2481 967 2525">
    <p class='ocr_par' dir='ltr' id='par_1_104' title="bbox 195 2481 795 2512">
     <span class='ocr_line' id='line_1_104' title="bbox 195 2481 795 2512; baseline -0.007 -1"><span class='ocrx_word' id='word_1_742' title='bbox 195 2491 222 2512; x_wconf 81' lang='lat' dir='ltr'><strong>et</strong></span> <span class='ocrx_word' id='word_1_743' title='bbox 241 2485 319 2510; x_wconf 88' lang='lat' dir='ltr'><strong>matri</strong></span> <span class='ocrx_word' id='word_1_744' title='bbox 339 2488 369 2510; x_wconf 91' lang='lat' dir='ltr'><strong>ut</strong></span> <span class='ocrx_word' id='word_1_745' title='bbox 383 2490 432 2510; x_wconf 86' lang='lat' dir='ltr'><strong>eos</strong></span> <span class='ocrx_word' id='word_1_746' title='bbox 445 2481 607 2509; x_wconf 81' lang='lat' dir='ltr'><strong>consoleris.</strong></span> <span class='ocrx_word' id='word_1_747' title='bbox 792 2496 795 2499; x_wconf 88' lang='lat'><strong><em>-</em></strong></span> 
     </span>
    </p>
   </div>
   <div class='ocr_carea' id='block_1_105' title="bbox 1021 2481 1813 2525">
    <p class='ocr_par' dir='ltr' id='par_1_105' title="bbox 1030 2486 1813 2525">
     <span class='ocr_line' id='line_1_105' title="bbox 1030 2486 1813 2525; baseline 0.004 -13"><span class='ocrx_word' id='word_1_748' title='bbox 1030 2487 1234 2521; x_wconf 80' lang='grc' dir='ltr'>κεραννύουσιν,</span> <span class='ocrx_word' id='word_1_749' title='bbox 1252 2486 1298 2519; x_wconf 85' lang='grc' dir='ltr'><strong>οὒς</strong></span> <span class='ocrx_word' id='word_1_750' title='bbox 1322 2489 1351 2513; x_wconf 71' lang='grc' dir='ltr'><strong>έν</strong></span> <span class='ocrx_word' id='word_1_751' title='bbox 1377 2488 1476 2523; x_wconf 69' lang='grc' dir='ltr'>ἐρήμῳ</span> <span class='ocrx_word' id='word_1_752' title='bbox 1504 2489 1592 2523; x_wconf 84' lang='grc' dir='ltr'>μάννα</span> <span class='ocrx_word' id='word_1_753' title='bbox 1619 2488 1813 2525; x_wconf 82' lang='grc' dir='ltr'>ἑπώμϐρισας,</span> 
     </span>
    </p>
   </div>
   <div class='ocr_carea' id='block_1_106' title="bbox 196 2527 1813 2569">
    <p class='ocr_par' dir='ltr' id='par_1_106' title="bbox 196 2527 1813 2569">
     <span class='ocr_line' id='line_1_106' title="bbox 196 2527 1813 2569; baseline 0.001 -12"><span class='ocrx_word' id='word_1_754' title='bbox 196 2533 242 2557; x_wconf 79' lang='grc' dir='ltr'>καὶ</span> <span class='ocrx_word' id='word_1_755' title='bbox 256 2532 287 2557; x_wconf 80' lang='grc' dir='ltr'>ἐκ</span> <span class='ocrx_word' id='word_1_756' title='bbox 304 2530 407 2565; x_wconf 78' lang='grc' dir='ltr'>πέτρας</span> <span class='ocrx_word' id='word_1_757' title='bbox 424 2529 514 2563; x_wconf 77' lang='grc' dir='ltr'>πληγῇ</span> <span class='ocrx_word' id='word_1_758' title='bbox 533 2527 632 2562; x_wconf 76' lang='grc' dir='ltr'>ῥάϐδου</span> <span class='ocrx_word' id='word_1_759' title='bbox 658 2528 808 2563; x_wconf 80' lang='grc' dir='ltr'>κρουνηδδν</span> <span class='ocrx_word' id='word_1_760' title='bbox 828 2529 975 2562; x_wconf 68' lang='grc' dir='ltr'>ιξέόλυσας</span> <span class='ocrx_word' id='word_1_761' title='bbox 992 2533 1117 2567; x_wconf 76' lang='grc' dir='ltr'>νάματας</span> <span class='ocrx_word' id='word_1_762' title='bbox 1134 2533 1231 2564; x_wconf 80' lang='grc' dir='ltr'>πόνους</span> <span class='ocrx_word' id='word_1_763' title='bbox 1247 2541 1288 2559; x_wconf 90' lang='grc' dir='ltr'><strong>σοι</strong></span> <span class='ocrx_word' id='word_1_764' title='bbox 1302 2534 1365 2565; x_wconf 78' lang='grc' dir='ltr'>τοὺς</span> <span class='ocrx_word' id='word_1_765' title='bbox 1383 2535 1416 2559; x_wconf 79' lang='grc' dir='ltr'>ἐκ</span> <span class='ocrx_word' id='word_1_766' title='bbox 1443 2533 1498 2560; x_wconf 84' lang='grc' dir='ltr'>τῶν</span> <span class='ocrx_word' id='word_1_767' title='bbox 1533 2534 1605 2569; x_wconf 70' lang='grc' dir='ltr'>ἥὶων</span> <span class='ocrx_word' id='word_1_768' title='bbox 1625 2536 1813 2568; x_wconf 75' lang='grc' dir='ltr'>προσάγουσιν</span> 
     </span>
    </p>
   </div>
   <div class='ocr_carea' id='block_1_107' title="bbox 195 2574 1814 2614">
    <p class='ocr_par' dir='ltr' id='par_1_107' title="bbox 195 2574 1814 2614">
     <span class='ocr_line' id='line_1_107' title="bbox 195 2574 1814 2614; baseline 0.002 -11"><span class='ocrx_word' id='word_1_769' title='bbox 195 2577 241 2607; x_wconf 84' lang='grc' dir='ltr'>οὓς</span> <span class='ocrx_word' id='word_1_770' title='bbox 268 2577 373 2607; x_wconf 81' lang='grc' dir='ltr'>ἀπόνως</span> <span class='ocrx_word' id='word_1_771' title='bbox 396 2576 446 2611; x_wconf 78' lang='grc' dir='ltr'>τὴν</span> <span class='ocrx_word' id='word_1_772' title='bbox 473 2575 575 2610; x_wconf 73' lang='grc' dir='ltr'>ἔρημον</span> <span class='ocrx_word' id='word_1_773' title='bbox 600 2574 718 2602; x_wconf 77' lang='grc' dir='ltr'>διελθεῖν</span> <span class='ocrx_word' id='word_1_774' title='bbox 741 2576 972 2609; x_wconf 73' lang='grc' dir='ltr'>παρεσκεύασαςς</span> <span class='ocrx_word' id='word_1_775' title='bbox 998 2579 1079 2605; x_wconf 77' lang='grc' dir='ltr'>Ἀλλά</span> <span class='ocrx_word' id='word_1_776' title='bbox 1098 2579 1214 2614; x_wconf 70' lang='grc' dir='ltr'>φθέγξαι</span> <span class='ocrx_word' id='word_1_777' title='bbox 1234 2587 1260 2605; x_wconf 85' lang='grc' dir='ltr'><strong>τι</strong></span> <span class='ocrx_word' id='word_1_778' title='bbox 1280 2579 1326 2605; x_wconf 80' lang='grc' dir='ltr'>καὶ</span> <span class='ocrx_word' id='word_1_779' title='bbox 1360 2580 1426 2614; x_wconf 76' lang='grc' dir='ltr'>ἡμῖν</span> <span class='ocrx_word' id='word_1_780' title='bbox 1445 2579 1532 2611; x_wconf 80' lang='grc' dir='ltr'>οὕτως</span> <span class='ocrx_word' id='word_1_781' title='bbox 1558 2581 1659 2612; x_wconf 81' lang='grc' dir='ltr'>ἀθλίως</span> <span class='ocrx_word' id='word_1_782' title='bbox 1676 2589 1814 2614; x_wconf 80' lang='grc' dir='ltr'>παριστα-</span> 
     </span>
    </p>
   </div>
   <div class='ocr_carea' id='block_1_108' title="bbox 197 2622 1813 2662">
    <p class='ocr_par' dir='ltr' id='par_1_108' title="bbox 197 2622 1813 2662">
     <span class='ocr_line' id='line_1_108' title="bbox 197 2622 1813 2662; baseline 0.002 -12"><span class='ocrx_word' id='word_1_783' title='bbox 197 2626 305 2660; x_wconf 77' lang='grc' dir='ltr'>μέναις·</span> <span class='ocrx_word' id='word_1_784' title='bbox 324 2625 442 2658; x_wconf 86' lang='grc' dir='ltr'>ῥήμασιν</span> <span class='ocrx_word' id='word_1_785' title='bbox 453 2623 565 2655; x_wconf 63' lang='grc' dir='ltr'>ἔξοδίσις</span> <span class='ocrx_word' id='word_1_786' title='bbox 578 2624 628 2658; x_wconf 81' lang='grc' dir='ltr'><strong>τὴν</strong></span> <span class='ocrx_word' id='word_1_787' title='bbox 643 2622 751 2657; x_wconf 80' lang='grc' dir='ltr'>μητέρα</span> <span class='ocrx_word' id='word_1_788' title='bbox 766 2624 975 2659; x_wconf 81' lang='grc' dir='ltr'>παρισταμένην</span> <span class='ocrx_word' id='word_1_789' title='bbox 995 2626 1131 2660; x_wconf 75' lang='grc' dir='ltr'>ἀνάψυξον</span> <span class='ocrx_word' id='word_1_790' title='bbox 1144 2633 1151 2641; x_wconf 87' lang='grc'><strong>·</strong></span> <span class='ocrx_word' id='word_1_791' title='bbox 1187 2626 1258 2660; x_wconf 81' lang='grc' dir='ltr'>μέγα</span> <span class='ocrx_word' id='word_1_792' title='bbox 1274 2625 1353 2657; x_wconf 75' lang='grc' dir='ltr'>λόγος</span> <span class='ocrx_word' id='word_1_793' title='bbox 1384 2625 1484 2657; x_wconf 76' lang='grc' dir='ltr'>ὲξόδιος</span> <span class='ocrx_word' id='word_1_794' title='bbox 1497 2627 1525 2656; x_wconf 78' lang='grc' dir='ltr'>ἐς</span> <span class='ocrx_word' id='word_1_795' title='bbox 1540 2627 1570 2652; x_wconf 78' lang='grc' dir='ltr'><strong>τὸ</strong></span> <span class='ocrx_word' id='word_1_796' title='bbox 1590 2627 1747 2660; x_wconf 76' lang='grc' dir='ltr'>μεταταῦτα</span> <span class='ocrx_word' id='word_1_797' title='bbox 1758 2635 1813 2662; x_wconf 85' lang='grc' dir='ltr'>μη-</span> 
     </span>
    </p>
   </div>
   <div class='ocr_carea' id='block_1_109' title="bbox 194 2667 1813 2709">
    <p class='ocr_par' dir='ltr' id='par_1_109' title="bbox 194 2667 1813 2709">
     <span class='ocr_line' id='line_1_109' title="bbox 194 2667 1813 2709; baseline 0 -12"><span class='ocrx_word' id='word_1_798' title='bbox 194 2671 249 2705; x_wconf 81' lang='grc' dir='ltr'>τρί.</span> <span class='ocrx_word' id='word_1_799' title='bbox 268 2671 320 2697; x_wconf 75' lang='grc' dir='ltr'><strong>Καὶ</strong></span> <span class='ocrx_word' id='word_1_800' title='bbox 343 2669 431 2696; x_wconf 82' lang='grc' dir='ltr'>ταῦτα</span> <span class='ocrx_word' id='word_1_801' title='bbox 465 2669 560 2699; x_wconf 73' lang='grc' dir='ltr'>παιδὸς</span> <span class='ocrx_word' id='word_1_802' title='bbox 583 2669 642 2700; x_wconf 76' lang='grc' dir='ltr'>ἑνὸς</span> <span class='ocrx_word' id='word_1_803' title='bbox 671 2667 792 2695; x_wconf 81' lang='grc' dir='ltr'>τοιούτου</span> <span class='ocrx_word' id='word_1_804' title='bbox 828 2669 873 2694; x_wconf 78' lang='grc' dir='ltr'><strong>διὰ</strong></span> <span class='ocrx_word' id='word_1_805' title='bbox 901 2671 1012 2704; x_wconf 78' lang='grc' dir='ltr'>μνήμης</span> <span class='ocrx_word' id='word_1_806' title='bbox 1032 2672 1182 2705; x_wconf 81' lang='grc' dir='ltr'>ἀγόμενος·</span> <span class='ocrx_word' id='word_1_807' title='bbox 1201 2671 1254 2696; x_wconf 78' lang='grc' dir='ltr'>τίνι</span> <span class='ocrx_word' id='word_1_808' title='bbox 1273 2670 1426 2704; x_wconf 80' lang='grc' dir='ltr'>παρατιθης</span> <span class='ocrx_word' id='word_1_809' title='bbox 1448 2671 1534 2705; x_wconf 72' lang='grc' dir='ltr'>αὐτὴν</span> <span class='ocrx_word' id='word_1_810' title='bbox 1555 2671 1664 2697; x_wconf 80' lang='grc' dir='ltr'>ἀπιών·</span> <span class='ocrx_word' id='word_1_811' title='bbox 1691 2671 1742 2699; x_wconf 74' lang='grc' dir='ltr'>κᾶν</span> <span class='ocrx_word' id='word_1_812' title='bbox 1756 2674 1813 2709; x_wconf 79' lang='grc' dir='ltr'>γὰρ</span> 
     </span>
    </p>
   </div>
   <div class='ocr_carea' id='block_1_110' title="bbox 196 2714 1812 2752">
    <p class='ocr_par' dir='ltr' id='par_1_110' title="bbox 196 2714 1812 2752">
     <span class='ocr_line' id='line_1_110' title="bbox 196 2714 1812 2752; baseline 0.001 -9"><span class='ocrx_word' id='word_1_813' title='bbox 196 2718 242 2745; x_wconf 74' lang='grc' dir='ltr'>καὶ</span> <span class='ocrx_word' id='word_1_814' title='bbox 255 2716 397 2746; x_wconf 81' lang='grc' dir='ltr'>ἀνωδύνως</span> <span class='ocrx_word' id='word_1_815' title='bbox 418 2724 448 2741; x_wconf 84' lang='grc' dir='ltr'><strong>σε</strong></span> <span class='ocrx_word' id='word_1_816' title='bbox 464 2715 567 2747; x_wconf 74' lang='grc' dir='ltr'>ἔτεκεν,</span> <span class='ocrx_word' id='word_1_817' title='bbox 588 2715 656 2742; x_wconf 85' lang='grc' dir='ltr'><strong>ἀλλά</strong></span> <span class='ocrx_word' id='word_1_818' title='bbox 682 2714 807 2750; x_wconf 42' lang='lat' dir='ltr'><strong>postea;</strong></span> <span class='ocrx_word' id='word_1_819' title='bbox 840 2714 890 2749; x_wconf 88' lang='grc' dir='ltr'>τὴν</span> <span class='ocrx_word' id='word_1_820' title='bbox 920 2714 1010 2750; x_wconf 83' lang='grc' dir='ltr'>ψυχὴν</span> <span class='ocrx_word' id='word_1_821' title='bbox 1029 2716 1116 2748; x_wconf 78' lang='grc' dir='ltr'>οὕτως</span> <span class='ocrx_word' id='word_1_822' title='bbox 1141 2715 1237 2750; x_wconf 77' lang='grc' dir='ltr'>ἔχοντα</span> <span class='ocrx_word' id='word_1_823' title='bbox 1258 2715 1306 2741; x_wconf 83' lang='grc' dir='ltr'>νῦν</span> <span class='ocrx_word' id='word_1_824' title='bbox 1322 2715 1413 2750; x_wconf 79' lang='grc' dir='ltr'>ὁρῶσα</span> <span class='ocrx_word' id='word_1_825' title='bbox 1437 2715 1629 2750; x_wconf 84' lang='grc' dir='ltr'>τιτρώσκεται.</span> <span class='ocrx_word' id='word_1_826' title='bbox 1650 2717 1715 2744; x_wconf 80' lang='grc' dir='ltr'><strong>Εἰπὲ</strong></span> <span class='ocrx_word' id='word_1_827' title='bbox 1734 2718 1812 2752; x_wconf 79' lang='grc' dir='ltr'>ῥῆμα</span> 
     </span>
    </p>
   </div>
   <div class='ocr_carea' id='block_1_111' title="bbox 195 2760 921 2799">
    <p class='ocr_par' dir='ltr' id='par_1_111' title="bbox 195 2760 921 2799">
     <span class='ocr_line' id='line_1_111' title="bbox 195 2760 921 2799; baseline -0.004 -8"><span class='ocrx_word' id='word_1_828' title='bbox 195 2765 233 2799; x_wconf 69' lang='grc' dir='ltr'>τῷ</span> <span class='ocrx_word' id='word_1_829' title='bbox 249 2764 367 2798; x_wconf 77' lang='grc' dir='ltr'>μαθητῇ,</span> <span class='ocrx_word' id='word_1_830' title='bbox 386 2764 432 2790; x_wconf 76' lang='grc' dir='ltr'>καὶ</span> <span class='ocrx_word' id='word_1_831' title='bbox 448 2764 480 2797; x_wconf 77' lang='grc' dir='ltr'>τῇ</span> <span class='ocrx_word' id='word_1_832' title='bbox 501 2763 585 2797; x_wconf 83' lang='grc' dir='ltr'>μητρὶ</span> <span class='ocrx_word' id='word_1_833' title='bbox 596 2761 724 2797; x_wconf 75' lang='grc' dir='ltr'>ἐσόμενον</span> <span class='ocrx_word' id='word_1_834' title='bbox 737 2760 921 2795; x_wconf 86' lang='grc' dir='ltr'>παραμύθιον.</span> 
     </span>
    </p>
   </div>
   <div class='ocr_carea' id='block_1_112' title="bbox 232 2808 976 2844">
    <p class='ocr_par' dir='ltr' id='par_1_112' title="bbox 232 2808 976 2844">
     <span class='ocr_line' id='line_1_112' title="bbox 232 2808 976 2844; baseline -0.005 -6"><span class='ocrx_word' id='word_1_835' title='bbox 232 2811 277 2838; x_wconf 74' lang='grc' dir='ltr'><strong>ΧΙ.</strong></span> <span class='ocrx_word' id='word_1_836' title='bbox 295 2810 362 2838; x_wconf 82' lang='lat' dir='ltr'><strong>Cum</strong></span> <span class='ocrx_word' id='word_1_837' title='bbox 381 2811 464 2844; x_wconf 76' lang='lat' dir='ltr'><strong>igitur</strong></span> <span class='ocrx_word' id='word_1_838' title='bbox 489 2809 605 2836; x_wconf 79' lang='lat' dir='ltr'><strong>leniinas</strong></span> <span class='ocrx_word' id='word_1_839' title='bbox 626 2815 735 2835; x_wconf 85' lang='lat' dir='ltr'><strong>sanctas</strong></span> <span class='ocrx_word' id='word_1_840' title='bbox 749 2808 789 2835; x_wconf 89' lang='lat' dir='ltr'><strong>sic</strong></span> <span class='ocrx_word' id='word_1_841' title='bbox 807 2808 919 2835; x_wconf 79' lang='lat' dir='ltr'><strong>aﬂ&#39;ectas</strong></span> <span class='ocrx_word' id='word_1_842' title='bbox 933 2809 976 2834; x_wconf 87' lang='lat' dir='ltr'><strong>vi-</strong></span> 
     </span>
    </p>
   </div>
   <div class='ocr_carea' id='block_1_113' title="bbox 197 2855 976 2892">
    <p class='ocr_par' dir='ltr' id='par_1_113' title="bbox 197 2855 976 2892">
     <span class='ocr_line' id='line_1_113' title="bbox 197 2855 976 2892; baseline -0.009 -6"><span class='ocrx_word' id='word_1_843' title='bbox 197 2859 286 2891; x_wconf 84' lang='lat' dir='ltr'><strong>deret,</strong></span> <span class='ocrx_word' id='word_1_844' title='bbox 301 2866 355 2884; x_wconf 83' lang='lat' dir='ltr'><strong>non</strong></span> <span class='ocrx_word' id='word_1_845' title='bbox 380 2858 472 2892; x_wconf 83' lang='lat' dir='ltr'><strong>potuit</strong></span> <span class='ocrx_word' id='word_1_846' title='bbox 491 2863 544 2882; x_wconf 87' lang='lat' dir='ltr'><strong>non</strong></span> <span class='ocrx_word' id='word_1_847' title='bbox 563 2855 655 2882; x_wconf 81' lang='lat' dir='ltr'><strong>dicere</strong></span> <span class='ocrx_word' id='word_1_848' title='bbox 674 2855 740 2882; x_wconf 88' lang='lat' dir='ltr'><strong>illud</strong></span> <span class='ocrx_word' id='word_1_849' title='bbox 763 2855 835 2889; x_wconf 81' lang='lat' dir='ltr'><strong>quod</strong></span> <span class='ocrx_word' id='word_1_850' title='bbox 862 2858 976 2880; x_wconf 86' lang='lat' dir='ltr'><strong>matrem</strong></span> 
     </span>
    </p>
   </div>
   <div class='ocr_carea' id='block_1_114' title="bbox 1066 2806 1812 2843">
    <p class='ocr_par' dir='ltr' id='par_1_114' title="bbox 1066 2806 1812 2843">
     <span class='ocr_line' id='line_1_114' title="bbox 1066 2806 1812 2843; baseline 0.001 -10"><span class='ocrx_word' id='word_1_851' title='bbox 1066 2806 1116 2833; x_wconf 63' lang='grc' dir='ltr'><strong>ΙΝ.</strong></span> <span class='ocrx_word' id='word_1_852' title='bbox 1137 2807 1229 2838; x_wconf 74' lang='grc' dir='ltr'>Οὕτως</span> <span class='ocrx_word' id='word_1_853' title='bbox 1250 2807 1296 2833; x_wconf 80' lang='grc' dir='ltr'>οὗν</span> <span class='ocrx_word' id='word_1_854' title='bbox 1316 2806 1431 2841; x_wconf 78' lang='grc' dir='ltr'>ἐχούσας</span> <span class='ocrx_word' id='word_1_855' title='bbox 1452 2807 1610 2842; x_wconf 75' lang='grc' dir='ltr'>περιπαθῶς</span> <span class='ocrx_word' id='word_1_856' title='bbox 1630 2807 1812 2843; x_wconf 79' lang='grc' dir='ltr'>θεασάμενος,</span> 
     </span>
    </p>
   </div>
   <div class='ocr_carea' id='block_1_115' title="bbox 1032 2852 1814 2890">
    <p class='ocr_par' dir='ltr' id='par_1_115' title="bbox 1032 2852 1814 2890">
     <span class='ocr_line' id='line_1_115' title="bbox 1032 2852 1814 2890; baseline 0.003 -11"><span class='ocrx_word' id='word_1_857' title='bbox 1032 2854 1103 2885; x_wconf 82' lang='grc' dir='ltr'>εἰκὸς</span> <span class='ocrx_word' id='word_1_858' title='bbox 1116 2852 1150 2889; x_wconf 80' lang='grc' dir='ltr'>ἦν</span> <span class='ocrx_word' id='word_1_859' title='bbox 1166 2854 1253 2879; x_wconf 74' lang='grc' dir='ltr'>έκεῖνο</span> <span class='ocrx_word' id='word_1_860' title='bbox 1269 2852 1361 2886; x_wconf 81' lang='grc' dir='ltr'>φάναι,</span> <span class='ocrx_word' id='word_1_861' title='bbox 1374 2853 1387 2880; x_wconf 78' lang='grc' dir='ltr'><strong>ὃ</strong></span> <span class='ocrx_word' id='word_1_862' title='bbox 1398 2854 1445 2880; x_wconf 77' lang='grc' dir='ltr'>καὶ</span> <span class='ocrx_word' id='word_1_863' title='bbox 1458 2854 1506 2890; x_wconf 74' lang='grc' dir='ltr'>τὴν</span> <span class='ocrx_word' id='word_1_864' title='bbox 1523 2855 1629 2889; x_wconf 74' lang='grc' dir='ltr'>μητέρα</span> <span class='ocrx_word' id='word_1_865' title='bbox 1642 2855 1814 2889; x_wconf 80' lang='grc' dir='ltr'>προμηθείας</span> 
     </span>
    </p>
   </div>
  </div>
