1926 3092
179 135 233 168 563

771 141 981 174 NICEPHORI
1001 144 1173 176 CALLISTI

1751 150 1802 181 δ”-ί

215 193 294 220 XVII.
316 194 441 222 Forsitan
471 196 585 224 dubium
611 198 717 225 beatam
739 198 868 227 feminam
890 202 967 228 inva-

1054 202 1104 229 IZ'.
1125 203 1234 238 Ἀμέλει
1249 203 1298 231 καὶ
1321 204 1372 240 τὴν
1388 205 1547 240 θαυμασίαν
1573 205 1674 240 ταύτην
1690 208 1804 240 γυναῖκα

179 239 224 271 sit,
241 245 269 265 ut
284 240 334 267 ista
353 242 443 269 omnia
461 243 622 277 phantasma
638 253 697 271 esse
725 246 860 279 crederet,
882 247 918 274 ita
935 252 965 274 ut

180 286 324 313 hominum
344 296 430 321 more,
450 289 500 316 sibi
512 290 562 324 ipsi
579 290 724 324 dilIideret,
737 292 887 326 praesertim
902 301 964 320 cum

180 333 250 359 fama
271 334 387 360 maxima
423 343 485 362 cum
513 336 659 363 velocitate
686 338 855 373 promulgata
880 343 964 371 esset.

180 378 330 412 discipulos
351 384 432 407 noctu
449 388 548 416 c0rpus
564 382 624 417 ejus
640 382 745 410 furatos
758 391 830 412 esse.
850 383 903 412 Sed
917 392 967 412 nec

179 425 220 451 sie
244 434 257 452 ιι
275 426 402 460 sepulcro
425 427 570 462 abscessit,
598 430 645 457 sed
671 435 816 466 postquam
836 431 966 468 discipuli

179 471 324 504 abiissent,
345 481 353 498 ι
374 473 470 505 Maria,
498 479 526 502 ut
543 475 660 511 legimus
675 477 702 504 in
720 477 882 513 Scripturis,
898 479 966 506 l'oris

179 519 268 545 stabat
280 519 404 554 plorans,
429 529 438 546 ι
457 529 521 550 cum
535 523 599 557 quia
626 523 659 551 de
673 523 757 551 rebus
781 524 965 559 desperasset,

181 570 236 592 tum
248 566 310 600 quia
322 575 415 595 revera
428 568 682 602 ignorabat,utrum
696 571 778 598 furati
789 575 966 605 essenteum,

180 617 209 637 ut
226 611 296 638 fama
314 617 383 643 erat.
405 622 438 640 an
454 614 592 642 sublatum
605 615 688 644 luerit
707 617 762 644 alio
785 617 879 645 modo.
897 617 966 644 Dum

178 664 244 690 ergo
258 656 344 690 ﬂeret,
363 667 373 683 ι
389 657 532 686 inclinavit
546 668 587 692 se,
610 664 639 688 et
650 666 791 696 prospexn
806 661 834 689 in
866 669 965 689 monu-

179 708 314 737 mentum,
335 705 469 741 ambiguae
491 706 604 738 mentis,
620 712 647 734 et
668 707 737 735 vidit
764 708 836 736 duos
854 708 966 744 angelos

181 749 208 776 iu
223 750 292 778 albis
304 750 443 783 sedentes,
471 759 556 779 unum
569 752 602 779 ad
615 757 707 788 caput,
722 759 750 781 et
767 762 851 782 unum
867 754 902 782 ad
919 761 967 789 pe-

181 796 239 828 des.
262 796 307 822 ubi
329 796 450 831 positum
475 797 566 825 luerat
579 805 681 831 corpus
707 799 783 827 Jesu.
811 799 912 826 Dicunt
940 799 966 826 ei

179 843 218 870 illi
232 854 238 871 :
250 844 356 876 Mulier,
377 844 443 878 quid
456 844 600 880 ploras”!
615 855 624 871 ι
641 853 722 881 quem
737 846 856 881 qumris?
876 845 967 874 Verba

180 898 245 916 sane
260 890 455 924 cxprobrantia
475 891 646 919 dicentium:
661 891 770 925 Mulier,
799 896 863 928 post
882 891 964 919 talem
982 884 1003 913 Β

180 936 281 967 visum,
306 936 371 971 quid
392 930 501 971 ploras?
516 937 689 965 muliebriter
706 937 838 973 desperas
857 936 893 965 de
923 937 968 964 his

180 984 318 1014 munibus.
343 988 371 1010 et
394 992 521 1018 magnum
551 984 616 1019 quid
642 984 767 1019 judicare
794 991 849 1011 non
881 984 966 1011 vales.

180 1031 265 1063 Quem
285 1031 404 1065 quieris?
420 1039 500 1066 quem
517 1031 628 1058 vidisti?
644 1032 788 1066 cujusnam
802 1030 886 1066 pedes
903 1029 967 1056 teti-

181 1078 265 1112 gisti?
285 1079 347 1112 quis
366 1083 391 1105 te
408 1078 543 1105 allocutus
562 1079 626 1106 est?
651 1078 725 1105 hunc
749 1077 832 1112 igitur
849 1075 968 1112 qumris?

181 1125 251 1152 Dicit
268 1125 324 1152 iis:
348 1135 357 1151 ι
379 1124 514 1153 Tulcrunt
527 1125 673 1151 Dominum
697 1131 788 1151 meum
816 1123 850 1150 de
868 1129 968 1150 monu-

181 1177 283 1204 mento,
298 1178 326 1199 et
339 1173 431 1199 nescio
445 1172 491 1199 ubi
512 1176 663 1205 posuerunt
676 1178 740 1197 eum
753 1171 785 1197 ".
805 1179 815 1195 ι
831 1169 900 1197 Tum
920 1177 968 1196 an-

180 1219 232 1253 geli
254 1219 347 1246 subito
365 1222 555 1254 surreserunt,
573 1223 602 1245 et
630 1218 701 1245 forte
720 1216 845 1244 Salvator
862 1216 966 1248 aderat,

180 1270 209 1292 et
220 1273 352 1295 conversa
367 1270 408 1292 est
420 1271 584 1296 retrorsum,
600 1268 629 1291 et
643 1263 712 1290 vidit
725 1263 821 1291 Jcsum
835 1266 966 1294 stantem,

180 1318 208 1340 et
223 1321 277 1339 non
297 1312 401 1339 sciebat
419 1311 483 1346 quia
509 1311 589 1338 Jesus
603 1314 657 1343 est,
670 1317 732 1337 cum
747 1311 811 1344 quia
832 1312 894 1344 post
922 1316 967 1335 re-

180 1359 382 1386 surrectionem
402 1358 428 1384 in
444 1365 560 1392 corpore
573 1355 778 1391 iucorruptibili
792 1363 844 1382 nec
854 1361 967 1389 prorsus

180 1406 298 1434 visibilis
313 1411 373 1435 erat
392 1405 443 1433 nisi
465 1405 509 1434 iis.
523 1412 538 1430 a
552 1404 652 1438 quibus
665 1402 741 1430 cerni
758 1402 883 1434 volebat;
908 1405 966 1429 tum

181 1452 246 1487 quia
262 1452 332 1480 oculi
351 1451 481 1487 lacrymis
491 1449 631 1477 obscurati
648 1456 702 1476 non
723 1448 796 1475 clare
810 1446 904 1475 videre
915 1453 966 1482 po-

181 1503 291 1530 terunt;
305 1502 364 1525 tum
378 1497 441 1532 quia
459 1496 588 1524 Christus
604 1495 631 1522 id
649 1495 686 1523 ita
703 1494 872 1522 instituerat.
894 1502 904 1519 ι
921 1492 967 1520 Di-

181 1545 219 1573 cit
231 1545 255 1572 ei
272 1545 350 1572 Jesus
367 1554 373 1571 :
390 1543 496 1574 Mulier.
511 1543 577 1578 quid
597 1541 706 1577 ploras?
731 1548 814 1576 quem
843 1539 966 1574 qurerls?

181 1594 242 1625 Illa,
257 1592 418 1620 existimans
439 1591 503 1625 quia
526 1588 689 1616 hortulanus
708 1590 792 1620 esset,
819 1585 888 1614 dicit
913 1585 939 1613 ei
957 1594 964 1613 :

184 1641 311 1672 Domine,
327 1640 349 1666 si
368 1643 396 1665 tu
415 1636 552 1665 sustulisti
567 1644 643 1667 eum.
657 1635 741 1662 dicito
759 1633 839 1666 mihi,
855 1632 901 1660 ubi
919 1640 966 1668 po-

184 1688 261 1714 suisti
275 1693 350 1716 eum,
371 1690 398 1712 et
409 1691 461 1719 ego
477 1691 542 1710 eum
560 1682 653 1709 tollam
671 1681 703 1708 ⁸⁷.
721 1690 729 1706 ι
743 1679 826 1713 Quasi
842 1679 965 1706 diceret:

184 1731 211 1758 Si
232 1736 258 1757 tu
274 1737 306 1757 ex
322 1730 355 1756 iis
369 1737 398 1756 es
412 1729 458 1762 qui
472 1735 535 1756 eum
551 1726 733 1757 sustulerunt,
756 1724 802 1752 dic
825 1723 903 1754 mihi.
939 1726 967 1750 et

184 1778 275 1804 tollam
294 1784 366 1803 eum.
407 1775 428 1802 0
441 1775 572 1809 pbiltrum
590 1773 740 1800 muliebre!
766 1780 783 1800 ο
799 1770 967 1798 desiderium

184 1822 384 1851 ardensiNihil
409 1829 474 1849 sane
490 1827 554 1847 vera
579 1819 714 1847 eharitate
742 1817 874 1846 sanctius.
893 1816 968 1850 Quo-

184 1871 267 1898 modo
281 1874 371 1896 autem
394 1868 422 1895 iu
451 1873 572 1894 mentem
603 1867 628 1893 ci
644 1866 720 1893 venit
744 1872 794 1900 pro
817 1863 968 1892 hortulano

185 1927 247 1945 cuni
264 1917 364 1944 habere
376 1915 386 1941 ί
396 1914 476 1942 Certe
491 1912 648 1948 sepulcrum
661 1912 687 1938 in
704 1911 784 1938 horto
795 1910 877 1937 situm
890 1914 967 1941 erat;

186 1963 232 1990 sed
254 1963 323 1989 forte
349 1969 402 1988 non
429 1959 579 1986 absurdum
612 1961 664 1989 est,
696 1957 814 1992 primum
825 1959 854 1983 et
873 1963 966 1982 verum

187 2008 305 2044 paradisi
318 2007 451 2034 cultorem
476 2013 509 2033 eo
524 2004 635 2031 nomine
653 2003 807 2038 designare.

222 2053 315 2081 XVlll.
333 2052 400 2080 Cum
417 2052 500 2086 igitur
519 2050 602 2077 Maria
636 2049 673 2077 ita
689 2056 799 2083 corpus,
825 2048 890 2076 hinc
905 2048 968 2076 inde

186 2111 311 2134 currens,
328 2101 493 2136 requireret,
505 2104 533 2128 et
559 2099 688 2126 allocutio
700 2098 787 2133 ipsius
797 2105 845 2125 eor
867 2105 898 2124 ac
912 2105 969 2125 me-

187 2150 288 2176 dullam
303 2152 437 2183 tangeret.
458 2154 510 2174 una
523 2154 574 2173 vox
591 2147 675 2172 beatae
692 2144 800 2172 feminie
814 2144 910 2171 oculus
934 2143 968 2171 ad

187 2195 370 2230 cognitionem
396 2193 520 2220 veritatis
537 2192 672 2219 convertit
686 2195 713 2218 et
729 2191 891 2218 nominatim
907 2198 967 2218 eam

1017 246 1058 278 εις
1072 247 1232 283 ἑνδοιασμδν
1247 248 1424 284 ἐμϐάλλουσι,
1447 250 1601 284 φαντασίαν
1622 251 1747 287 οἰηθῆναι
1774 252 1804 279 τὺ

1016 293 1144 329 πρᾶγμα.
1157 294 1210 321 Καὶ
1221 292 1255 330 ἦν
1267 294 1340 327 είκδς
1355 296 1402 323 καὶ
1416 297 1518 331 ταύτην
1528 296 1698 332 ἀνθρώπινόν
1709 291 1739 324 τι
1754 306 1804 325 πα-

1017 338 1084 372 θεῖν,
1104 339 1152 366 καῖ
1167 340 1321 368 διαπιστεῖν
1336 341 1432 376 ἑαυτῇ,
1451 342 1500 368 καὶ
1525 341 1611 369 ταῦτα
1636 343 1687 378 τῆς
1710 344 1805 379 φήμης

1016 385 1094 420 ταχεῖ
1110 384 1150 420 τῷ
1165 386 1258 421 πτερῷ
1274 387 1463 423 χρησαμένης,
1480 388 1522 414 ὅτι
1534 387 1631 420 νυκτὸς
1646 389 1670 415 oi
1685 389 1806 424 μαθηταὶ

1016 431 1100 458 αὐτοῦ
1110 432 1234 464 ἐλθόντες
1248 432 1366 468 ἔκλεψαν
1382 433 1476 461 αὐτόν.
1498 433 1568 460 Ἀλλ’
1578 434 1666 467 οὕτως
1687 436 1806 470 ἀμφιϐό-

1017 478 1071 510 λως
1098 477 1303 515 ἔχουσα..δμως
1330 480 1381 507 οὐκ
1417 480 1552 515 ἀφίστατο
1578 481 1627 508 τοῦ
1655 482 1805 517 μνημείου,

1016 523 1085 551 ἀλλά
1105 525 1152 551 καὶ
1167 524 1222 552 τῶν
1239 525 1371 561 μαθητῶν
1388 525 1510 554 ἐκποδὼν
1521 527 1685 561 γενομένων,
1701 527 1805 562 Μαρία.

1018 571 1112 605 φησὶν,
1128 570 1251 606 εἱστήκει
1268 571 1400 598 κλαίουσα
1415 571 1479 606 ἔξω,
1505 571 1535 600 τὺ
1553 572 1603 607 μὶν
1616 572 1654 604 ὡς
1670 573 1719 608 τῆς
1731 572 1807 598 ἑλπί-
1827 568 1832 575 ”

1016 618 1061 650 δος
1075 617 1253 652 διαπεσοῦσα,
1280 618 1311 645 τὺ
1333 618 1355 645 δ’
1370 618 1412 645 ὅτι
1439 619 1487 646 καὶ
1511 618 1550 655 μὴ
1576 619 1676 645 ειδέναι
1695 619 1806 653 ἔχουσα,

1017 664 1069 691 εἴτ’
1095 663 1215 699 ἑκλάπη,
1241 663 1279 696 ὥς
1308 664 1462 699 λόγο;,εῑ’τ¹
1478 664 1570 701 ἧρθη·
1600 665 1649 692 καὶ
1672 665 1806 692 κλαίουσα

1020 720 1030 736 ι
1047 710 1223 746 παρακόπτοι
1235 710 1319 738 πάλιν
1337 711 1376 743 είς
1391 711 1421 738 τὸ
1430 712 1565 747 μνημεῖον
1577 711 1617 739 ἐτι
1627 712 1808 739 διαπιστοῦσα

1030 757 1080 784 καὶ
1096 757 1202 792 θεωρεῖ
1218 756 1266 784 δύο
1279 756 1413 791 ἀγγέλους
1429 759 1458 785 ὲν
1473 757 1581 789 λευκοῖς
1596 757 1807 793 καθεζομένους,

1018 802 1065 830 ενα
1087 802 1155 838 πρὸς
1170 804 1204 838 τῇ
1219 802 1338 839 κεφαλῇ,
1356 803 1403 837 καὶ
1419 803 1468 830 ἕνα
1478 803 1547 839 πρὸς
1559 804 1616 836 τοῖς
1634 804 1724 837 ποσὶν,
1739 804 1807 830 ὅπου

1019 849 1108 876 ἔκειτο
1123 849 1153 876 τὺ
1172 849 1253 884 σῶμα
1268 849 1317 877 τοῦ
1333 849 1420 885 Ἰησοῦ
1434 858 1441 865 ·
1457 850 1505 877 καὶ
1519 850 1646 884 λέγουσιν
1658 850 1726 886 αὑτῇ
1739 851 1808 876 ἐκεῖ·

1017 902 1068 928 νοι,
1083 893 1175 927 Γύναι,
1192 894 1219 920 τί
1233 894 1341 926 κλαίεις
1351 903 1358 927 ;
1370 894 1431 921 τίνα
1445 894 1554 930 (quiq;
1572 904 1581 920 ι
1603 895 1704 921 ὡσανεὶ
1718 896 1809 922 ἐπιτι-

1018 939 1132 974 μώντων
1145 940 1200 968 είσὶ
1212 940 1247 967 τά
1260 940 1372 976 ῥήματα
1384 948 1392 955 ·
1410 940 1490 968 Μετὰ
1504 941 1558 976 γὰρ
1571 940 1706 976 τοσαύτην
1730 941 1807 974 θέαν,

1016 985 1108 1019 γύναι,
1125 985 1152 1012 τί
1165 985 1288 1020 κλαίεις;
1315 985 1357 1012 ἔτι
1373 985 1512 1021 ἀνάνδρως
1527 986 1676 1018 διάκεισαι,
1700 988 1748 1013 καὶ
1761 986 1809 1012 οὑ-

1016 1031 1060 1057 δὲν
1075 1031 1147 1066 μέγα
1161 1032 1288 1067 ἐννοῆσαι
1304 1032 1390 1069 δύνῃ;
1414 1032 1474 1059 τίνα
1495 1032 1605 1068 {quin
1621 1033 1650 1060 ὃν
1671 1031 1761 1066 είδεςς
1777 1030 1807 1060 οὗ

1017 1077 1072 1103 τῶν
1087 1077 1176 1104 ποδῶν
1187 1077 1268 1113 ἦψως
1285 1077 1314 1109 ὃς
1328 1079 1376 1105 καὶ
1385 1078 1478 1113 φωνῆς
1487 1086 1530 1105 σοι
1542 1079 1678 1114 μετέδωκε
1688 1088 1697 1112 ;
1708 1079 1806 1106 τοῦτον

1017 1124 1127 1159 ζητεῖς;
1157 1124 1188 1151 'll
1204 1125 1232 1151 δὲ
1247 1124 1334 1159 λέγει,
1352 1123 1458 1161 (Ἦραν
1470 1125 1515 1152 τὸν
1532 1125 1634 1161 Κύριόν
1649 1134 1701 1160 μου
1714 1126 1746 1152 ἐκ
1758 1124 1807 1152 τοῦ

1018 1179 1071 1206 μνη
1076 1171 1165 1205 μείου,
1180 1171 1229 1198 καὶ
1243 1171 1295 1198 οὐκ
1311 1170 1372 1199 οῖδα
1386 1171 1439 1198 ποῦ
1450 1171 1555 1207 ἔθηκαν
1566 1172 1659 1199 αὐτόν.
1674 1181 1684 1198 ι
1703 1171 1770 1198 Εἶτα
1779 1173 1808 1198 έν

1016 1217 1055 1251 τῷ
1067 1217 1131 1248 τοὺς
1142 1217 1279 1252 ἀγγέλους
1296 1217 1447 1253 ἀναστῆναι
1474 1218 1588 1254 σπουδῇ,
1608 1218 1674 1250 ἴσως
1687 1218 1736 1245 τοῦ
1752 1219 1809 1245 Σω-

1017 1262 1100 1298 τῆρος
1116 1263 1205 1290 έκεῖσε
1216 1264 1452 1299 παραγενομένου,
1466 1265 1618 1301 στραφεῖσα
1632 1264 1725 1300 ικείνη
1741 1264 1810 1291 θεω-

1018 1310 1061 1343 ρεῖ
1087 1309 1133 1335 τὸν
1151 1309 1255 1344 Ἰησοῦν
1279 1309 1397 1344 ἑστῶτα,
1416 1309 1466 1337 καὶ
1489 1310 1540 1337 οὐκ
1566 1310 1625 1346 ᾔδει
1639 1311 1681 1337 ὃτι
1702 1309 1810 1345 Ἰησοῦς

1017 1356 1088 1386 ἑστι.
1105 1355 1136 1382 τὺ
1151 1355 1212 1391 μὲν,
1230 1356 1271 1383 ὅτι
1305 1356 1335 1383 ὲν
1349 1356 1481 1392 ἀφθάρτῳ
1499 1354 1534 1392 ἦν
1549 1356 1658 1392 σώματι
1673 1356 1744 1392 μετὰ
1757 1356 1810 1391 τὴν

1017 1401 1175 1435 ἀνάστασιν,
1190 1402 1237 1429 καὶ
1252 1402 1283 1429 οὐ
1299 1402 1475 1430 παντάπασιν
1483 1402 1590 1438 ὁρατὸς,
1611 1402 1636 1429 εί
1652 1403 1690 1438 μὴ
1707 1401 1748 1434 οἷς
1761 1403 1811 1430 καὶ

1017 1447 1061 1475 ὅτε
1078 1448 1241 1484 βεδούλοιτο,
1259 1448 1290 1476 τὸ
1307 1449 1331 1476 δ’
1344 1449 1386 1477 ὅτι
1401 1448 1449 1476 καὶ
1463 1449 1495 1484 τῇ
1518 1449 1573 1476 τῶν
1586 1448 1711 1485 δακρύων
1728 1449 1812 1484 ἀχλύῖ

1018 1496 1055 1530 μὴ
1070 1495 1208 1530 δυναμένη
1221 1495 1350 1531 καθαρῶς
1365 1496 1498 1532 καθορᾷν,
1512 1496 1529 1532 ἦ
1541 1495 1608 1528 ίσως
1621 1495 1669 1523 καὶ
1681 1495 1729 1523 τοῦ
1740 1495 1812 1530 Χρι-

1020 1543 1083 1570 στοῦ
1100 1542 1180 1570 τοῦτο
1195 1543 1434 1578 οἰκονομήσαντος.
1451 1552 1461 1570 ε
1474 1543 1557 1578 Λέγει
1571 1542 1642 1579 αὐτῇ
1653 1544 1668 1570 ὸ
1690 1543 1809 1578 Ἰησοῦς,

1021 1598 1030 1615 ι
1043 1589 1135 1620 Γύναι,
1146 1589 1174 1615 τί
1189 1589 1310 1622 κλαίειςς
1325 1589 1387 1617 τίνα
1404 1589 1515 1625 (quis;
1536 1588 1656 1626 Ἐκείνη,
1670 1590 1748 1625 φησὶ,
1765 1589 1812 1617 δο-

1018 1634 1113 1665 κοῦσα,
1127 1635 1169 1661 ὅτι
1181 1636 1194 1662 ὁ
1205 1635 1343 1670 κηπουρός
1356 1635 1426 1669 ἐστι,
1437 1634 1511 1669 λέγει
1522 1634 1607 1670 αὐτῷ,
1622 1635 1721 1670 Κύριε,
1734 1635 1759 1662 εί
1774 1635 1809 1662 σὺ

1018 1680 1172 1712 ὲὸάστασας
1187 1680 1279 1714 αὐτὸν,
1297 1681 1359 1707 εἰπέ
1371 1689 1426 1716 μοι,
1443 1680 1521 1715 κάγὼ
1531 1680 1613 1707 αὐτὸν
1630 1681 1718 1715 ἀρῶιι
1735 1680 1810 1707 ὡσα-

1018 1727 1068 1760 νεὶ,
1079 1728 1110 1755 Εί
1124 1728 1244 1763 συνῆρας
1255 1729 1302 1755 καὶ
1316 1728 1348 1754 σὺ
1362 1729 1419 1760 τοῖς
1434 1727 1589 1763 ὲπᾶρασιν,
1604 1726 1665 1753 εἰπέ
1683 1735 1740 1761 μοι,
1759 1727 1809 1752 κά-

1018 1769 1059 1808 γῶ
1072 1774 1153 1801 αὑτὸν
1167 1774 1236 1809 φῶ.
1255 1774 1286 1800 Ὢ
1304 1774 1462 1807 γυναικείου
1480 1773 1604 1808 φίλτρου,
1628 1772 1651 1799 ὢ
1673 1772 1808 1807 διαπύρου

1019 1822 1120 1848 πόθου·
1141 1821 1224 1853 Evn»;
1240 1821 1318 1848 οὐδὲν
1337 1820 1386 1855 τῆς
1398 1819 1516 1855 ἀληθοῦς
1530 1820 1641 1854 ἀγάπης
1658 1818 1807 1854 μακαριὼ-

1018 1876 1097 1903 τερον
1111 1876 1118 1884 ·
1134 1868 1217 1895 πόθεν
1232 1868 1254 1894 δ’
1277 1867 1380 1902 ἐπῆλθε
1392 1867 1439 1893 καὶ
1461 1867 1599 1902 κηπουρὸν
1618 1866 1699 1893 αὑτὸν
1714 1865 1809 1900 οἰηθῆ-

1020 1922 1062 1941 ναι
1077 1912 1119 1951 ςῆ
1132 1914 1222 1948 δῆλον,
1237 1914 1278 1940 ὃτι
1293 1915 1323 1941 ιν
1335 1913 1374 1949 τῷ
1401 1914 1482 1949 κήπῳ
1498 1914 1529 1940 τὸ
1545 1913 1639 1949 μνῆμα
1650 1921 1658 1929 ·
1685 1913 1755 1947 τάχα
1777 1912 1807 1939 δὲ

1018 1961 1068 1987 οὐκ
1083 1960 1135 1993 ἔξω
1148 1960 1229 1994 λόγου
1243 1959 1291 1987 τὸν
1315 1959 1404 1994 ἀληθῆ
1422 1959 1470 1986 καὶ
1485 1959 1595 1994 πρῶτον
1609 1958 1656 1986 τοῦ
1675 1958 1810 1994 παραδεί-

1019 2014 1066 2032 σου
1083 2006 1206 2040 γεωργὸν
1221 2004 1307 2037 οὕτως
1320 2005 1475 2032 ὑπολαϐεῖν.

1054 2051 1202 2080 1Η’.⁹Αλλά
1227 2052 1278 2086 τῆς
1294 2052 1403 2087 Μαρίας
1432 2052 1503 2078 οὕτω
1530 2053 1595 2088 περὶ
1619 2052 1669 2087 τὴν
1692 2052 1808 2088 ἔρευναν

1018 2098 1191 2134 ἐπτοημένης
1221 2098 1268 2124 τοῦ
1296 2099 1434 2133 σώματος,
1459 2098 1535 2126 ἔνθεν
1550 2107 1580 2125 τε
1594 2098 1719 2125 κάκεῖθεν
1744 2099 1810 2126 ἀνα-

1019 2143 1181 2178 τρεχούσης.
1211 2145 1225 2171 ὸ
1251 2144 1439 2178 διῖκνούμενος
1463 2144 1541 2178 λόγος
1567 2143 1632 2179 ἄχρι
1647 2144 1695 2170 καὶ
1717 2143 1809 2170 αὐτῶν

1020 2189 1131 2225 σαρκῶν
1147 2191 1194 2216 καὶ
1207 2189 1313 2224 μυελῶν
1324 2189 1396 2216 οὕτω
1423 2189 1650 2225 βασανιζομένην,
1666 2192 1741 2225 φωνῇ
1759 2191 1809 2226 μιᾷ

187 2241 306 2277 appellat
323 2239 445 2268 :Marial
461 2239 516 2266 "ac
533 2243 623 2265 autem
643 2245 709 2264 voce
729 2236 805 2264 suavi
821 2242 850 2264 et
861 2240 967 2264 assueta

1022 2236 1052 2262 τδ
1077 2236 1186 2270 βλέμμα
1204 2236 1308 2270 ταύτης
1333 2235 1422 2268 ὀξύνει
1448 2237 1518 2270 πρὸς
1546 2236 1595 2271 τὴν
1614 2237 1664 2271 τῆς
1678 2237 1809 2271 ἀληθείας

186 2289 279 2316 audita
303 2286 389 2314 verbo
404 2285 481 2312 ocius
499 2291 634 2311 reversa:
659 2283 798 2315 ltabbuni,
832 2282 912 2314 dixit,
941 2283 968 2310 iil

187 2339 240 2366 est,
257 2332 402 2367 Magister;
413 2334 441 2359 et
455 2330 535 2358 simul
551 2329 634 2365 pedes
646 2329 786 2364 speciosos
801 2334 911 2363 tangere
923 2336 969 2364 ge-

187 2381 274 2409 stivit.

223 2517 294 2544 XIX.
309 2516 455 2549 Postquam
477 2512 550 2539 enim
581 2511 724 2538 oculorum
747 2514 831 2545 atque
861 2510 969 2537 aurium

187 2570 240 2598 ope
259 2569 322 2590 eum
336 2559 521 2595 cognovisset,
537 2562 564 2585 et
577 2565 610 2585 ex
625 2562 698 2584 tactu
720 2558 821 2584 certior
837 2556 894 2583 ticri
912 2556 970 2583 vel-

188 2609 235 2642 let,
254 2608 326 2643 quod
341 2606 452 2643 quidem
470 2606 497 2632 in
519 2604 666 2639 Evangelia
679 2603 786 2636 siletur,
805 2603 894 2635 audit,
909 2603 969 2631 Noli

191 2664 233 2683 me
247 2661 368 2690 tangere.
378 2651 521 2686 Quomodo
535 2658 601 2678 vero
616 2650 740 2683 dixisset,
755 2650 807 2678 nisi
819 2656 972 2679 contrecta-

189 2706 280 2728 turam
301 2707 330 2728 se
343 2700 469 2734 protinus
481 2696 742 2725 animadvertisset?
756 2696 819 2724 Noli
850 2704 894 2724 me
908 2702 982 2724 tan-‘

189 2753 266 2780 gere.
285 2745 433 2780 l'ostqua-m
458 2745 531 2771 enim
546 2751 608 2771 cum
638 2743 724 2770 altera
751 2742 834 2770 Maria
851 2750 895 2770 me
913 2743 972 2770 teti-

190 2793 309 2829 gisti,ct
335 2797 410 2819 tanto
431 2798 543 2817 munere
571 2789 652 2825 digna
683 2789 787 2822 habita,
814 2788 906 2824 magni
931 2797 975 2817 me

228 2888 248 2902 ¹⁵
263 2887 342 2915 Juau.
363 2896 408 2919 xx,
427 2889 453 2915 ll
477 2887 518 2915 l5.
558 2888 578 2903 ”
601 2887 666 2914 ibid.
691 2887 732 2914 l5.
774 2886 794 2902 ¹⁷
822 2885 892 2914 ibid.
923 2885 966 2912 l5.

1021 2282 1180 2316 ἐπίγνωσιν,
1196 2282 1243 2309 καὶ
1258 2281 1389 2316 ὀνομαστὶ
1401 2281 1504 2318 ταύτην
1515 2282 1603 2314 καλεῖ,
1618 2283 1712 2318 Μαρία
1724 2291 1732 2299 '
1753 2284 1808 2319 ἡδὲ

1021 2328 1071 2362 τῆς
1086 2327 1214 2361 γλυκείας
1230 2328 1276 2354 καὶ
1290 2327 1422 2362 συνήθους
1436 2328 1586 2363 αἰσθομένη
1600 2330 1810 2363 φωνῆς,θᾶττον

1021 2375 1038 2409 ἢ
1054 2375 1131 2408 λόγος
1148 2375 1359 2408 ὲπιστραφεῖσα,
1379 2373 1531 2408 Ῥαὸὄουνὶ,
1548 2376 1640 2410 φησὶν.
1656 2375 1670 2401 ὃ
1687 2376 1808 2409 λέγεται,

1022 2421 1172 2448 Διδάσκαλε
1183 2429 1189 2437 -
1207 2421 1255 2447 καὶ
1269 2420 1347 2452 αὖθις
1358 2419 1413 2447 τῶν
1428 2420 1539 2456 ὡραίων
1549 2420 1632 2448 αὑτοῦ
1650 2421 1809 2456 ιφάψασθαι

1021 2468 1113 2503 ἐζήτει
1128 2467 1226 2494 ποδῶν.

1059 2513 1111 2540 ΙΘ’.
1132 2511 1209 2541 Ἐπεὶ
1220 2513 1275 2548 γὰρ
1299 2513 1334 2540 δι’
1347 2513 1433 2548 Wst»;
1460 2513 1507 2541 καὶ
1522 2514 1609 2549 ἀκοῆς
1628 2515 1709 2541 αὐτὸν
1724 2514 1808 2549 ἔγνω,

1023 2561 1071 2588 καὶ
1083 2561 1116 2588 δι’
1129 2562 1199 2596 ἁφῆς
1210 2560 1416 2596 άκριὸώσασθαι
1427 2560 1518 2596 ἦθελε,
1531 2563 1578 2588 καὶ
1587 2563 1673 2598 ὁρμῆς
1684 2563 1724 2594 είς
1736 2563 1808 2589 τοῦτ’

1023 2607 1134 2643 ἔχουσα,
1167 2607 1246 2634 τοῦτο
1271 2607 1325 2642 γὰρ
1351 2607 1390 2642 τῷ
1421 2607 1600 2643 εὐαγγελιστῇ
1627 2616 1807 2643 σεσιωπηται,

1022 2653 1126 2685 ἀκούει,
1142 2652 1184 2688 Μή
1204 2661 1254 2687 μου
1269 2653 1367 2679 ἅπτου.
1386 2652 1446 2684 Πῶς
1463 2653 1515 2688 γὰρ
1531 2653 1564 2679 ἂν
1578 2653 1658 2679 τοῦτο
1675 2651 1764 2686 εἶπεν,
1782 2654 1806 2679 εί

1024 2699 1062 2734 μὴ
1074 2699 1236 2734 κινουμένην
1257 2699 1325 2734 πρὸς
1348 2698 1427 2725 τοῦτο
1443 2700 1537 2734 ἑώρας
1559 2698 1605 2734 Μή
1625 2707 1675 2734 μου
1698 2698 1805 2726 ἅπτου·

1024 2746 1084 2771 ἐπεὶ
1111 2745 1165 2780 γὰρ
1196 2745 1265 2780 μετὰ
1291 2745 1340 2778 τῆς
1369 2745 1451 2780 ἄλλης
1465 2745 1575 2780 Μαρίας
1595 2745 1659 2780 ἥψω
1674 2753 1736 2780 μου,
1760 2745 1806 2772 καὶ

1024 2791 1190 2826 τηλικαύτης
1206 2790 1352 2823 ἀξιωθεῖσα
1369 2791 1417 2825 τῆς
1434 2791 1550 2826 δωρεᾶς,
1568 2791 1645 2818 οὐδὲν
1665 2791 1736 2826 μέγα
1751 2790 1805 2817 διε-
