1926 3092
128 140 182 172 ίϐὅ

576 143 707 174 SERMO
728 144 769 174 ΙΝ
789 144 819 175 S.
839 145 995 177 MARIAM
1014 148 1289 181 MAGDALENAM.

1695 149 1748 180 566

129 199 227 232 νοήθης
244 198 306 233 περὶ
318 197 396 233 ἐμοῦ,
411 197 469 225 ἀλλ’
481 197 521 225 ἔτι
534 185 659 226 ἀτελέστε
665 207 710 233 ρον
721 200 848 231 διέκεισο,
864 202 909 227 καὶ

962 209 1017 228 non
1032 203 1184 235 mstimasti,
1197 203 1245 231 sed
1258 203 1329 230 sicut
1344 203 1482 231 hominem
1493 203 1520 231 in
1537 205 1663 239 sepulcro
1677 213 1751 239 qua:-

129 245 156 270 ἐν
172 244 211 277 τῷ
226 245 304 277 τάφῳ
321 244 428 278 ἐζήτεις
438 243 475 275 ὥς
488 244 642 279 ἄνθρωπον,
659 245 704 271 τὸν
725 246 795 280 μετά
806 246 913 280 ῐιατρδς

129 289 346 323 συγκαθήμενον,
361 289 456 325 πόρρω
474 290 567 324 στῆθι·
590 291 628 325 μή
649 299 701 324 μου
722 290 809 317 ἅπτου
820 299 827 305 ·
843 291 914 318 κατὰ

128 336 181 370 γὰρ
192 328 241 369 τήν
255 335 305 369 σὴν
318 335 397 367 δόξαν
418 335 494 362 οὔπω
505 335 574 370 apo;
587 336 634 363 τὸν
651 336 763 371 Πατέρα
779 345 829 371 μου
845 337 913 363 ἀνα⁸

127 381 244 415 σέσηκα.
259 380 398 412 ’Λλλωςτε
411 381 440 407 δὲ
455 382 502 407 καὶ
516 382 547 408 τὸ
562 382 689 418 φρόνημα
705 382 790 416 αὐτῆς
804 382 912 417 hmini,

129 427 165 461 μὴ
181 426 325 462 ἄνθρωπον
340 427 379 460 ὡς
391 427 425 454 τὰ
441 427 538 463 πρῶτα
551 427 648 454 τοῦτον
666 428 832 461 λογίζεσθαι,
845 429 913 455 ἀλλὰ

128 474 172 500 καὶ
187 473 270 500 Θεόν·
283 473 328 500 διὰ
340 474 421 500 τοῦτο
432 474 486 508 γὰρ
504 475 551 501 καὶ
568 474 598 501 τὸ
612 474 798 510 ’Δναδέδηκα,
821 474 910 506 εἶπεν,

125 520 207 545 οίονεὶ
222 519 291 554 πρὸς
302 519 348 546 τὸν
363 519 489 555 οὐρανὸν,
505 519 569 546 ενθα
583 520 630 546 καὶ
642 519 656 545 ὀ
668 519 732 554 ὲμδς
746 520 840 555 Πατὴρ
852 520 913 546 δια-

126 565 262 600 φερόντως
278 566 356 592 οίκεί.
386 574 395 591 ι
412 565 534 600 Πορεύου
560 565 588 592 δὲ
612 565 682 601 πρὸς
693 566 758 596 τοὺς
780 565 913 599 ἀδελφούς

127 621 190 646 μου,
207 613 253 638 καὶ
268 611 328 638 εἰπὲ
346 611 436 643 αὐτοῖς
450 611 502 638 ὅσα
512 611 544 647 δὴ
562 611 610 638 καὶ
626 611 799 647 μεμάθηκας.
817 620 827 637 ι
846 611 913 646 Ἕρ-

125 666 203 690 γεται
220 658 270 692 ἠδη
282 657 313 684 τὸ
324 657 416 692 τρίτον
431 657 448 692 ὴ
464 657 570 692 Μαρία,
586 658 632 684 καὶ
649 657 678 684 οὐ
694 657 769 691 λέγει
789 657 827 689 ὡς
846 657 913 693 πρό-

123 711 214 738 τερον,
242 703 283 730 ὅτι
303 703 416 738 ἀνέστη,
433 702 528 738 ήτόγε
554 702 608 739 μὴν
633 702 770 738 δεύτερον,
787 703 828 730 δτι
840 701 913 738 ἦραν

124 748 171 773 τὸν
188 747 292 782 Κύριον
305 748 337 775 ὲκ
350 747 397 774 τοῦ
416 749 562 783 μνημιίου.
583 756 592 773 ι
612 748 814 783 ’Δλλ⁹ἒρχεται,
831 748 911 783 φησι,

123 793 219 827 Μαρία
237 793 252 827 ή
269 792 438 827 Μαγδαληνή
455 792 667 827 ἀπαγγέλλωσι
681 794 737 824 τοῖς
764 792 911 828 μαθηταῖς,

123 841 165 866 ὃτι
181 840 288 875 ἑώρακε
310 840 357 866 τὸν
373 839 496 875 Κύριον.
517 841 565 867 καὶ
587 839 676 867 ταῦτα
701 837 779 866 ιῐπεν
794 840 876 874 αὐτῇ.
897 848 907 865 ι

124 886 218 920 Ἔχεις
242 886 292 920 ήδη
310 886 356 912 καὶ
380 886 477 921 τρίτην
501 886 614 914 κάθοδον
637 886 723 922 αὐτῆς
738 886 786 913 ἐπὶ
798 886 828 913 ea
845 894 912 921 μνη-

123 933 210 965 μεῖον,
226 931 299 966 πρωῒ
311 931 421 963 σκοτίας
437 932 477 958 ἔτι
494 931 590 967 οὔσης.
611 931 668 966 Τὴν
682 932 711 958 δὲ
741 931 875 967 τετάρτην
897 932 912 958 ὁ

122 977 274 1011 θαυμάσιος
301 977 443 1012 ίστορείτω
458 987 504 1013 μοι
520 978 643 1012 Μάρκος.
666 987 675 1003 ι
697 977 911 1011 Διαγενομένου,

121 1023 201 1057 φησὶ,
217 1022 263 1049 τοῦ
275 1022 417 1050 Σαϐϐάτου
426 1024 521 1058 Μαρία
534 1024 551 1058 ή
565 1023 742 1058 Μαγδαληνὴ,
754 1024 800 1049 καὶ
817 1024 912 1058 Μαρία

126 1068 269 1101 Ἰακώόου,
287 1070 334 1096 καὶ
347 1069 477 1104 Σαλώμη,
489 1069 630 1104 ἠγόρασαν
643 1069 789 1104 ἀρώματα,
807 1069 851 1096 ἵνα
866 1070 911 1096 ἔλ-

120 1116 219 1145 θοῦσαι
234 1118 367 1155 ἀλείψωσι
380 1119 426 1146 τὸν
433 1117 550 1152 Ἰησοῦν,
581 1117 772 1149 ἀνατείλαντος
796 1117 844 1144 τοῦ
857 1118 945 1153 ἡλίου,

119 1166 195 1193 λίθον
212 1168 244 1193 ὲκ
255 1167 306 1201 τῆς
321 1166 406 1199 θύρας
422 1166 470 1192 τοῦ
485 1165 619 1201 μνημείου
632 1173 641 1194 ε
661 1174 671 1191 ι
688 1165 736 1192 καὶ
750 1165 800 1192 ὅσα
815 1164 890 1199 ἑξῆς.

158 1214 200 1240 κ’.
222 1213 290 1241 Ἀλλ’
304 1212 424 1240 ἐνταῦθα
437 1212 575 1246 διαπορεῖν
589 1211 646 1238 ἐστι
658 1219 714 1246 μοι,
730 1211 789 1243 πῶς
804 1212 821 1246 ἡ
834 1212 911 1244 Μαγ-

118 1260 223 1296 δαληνὴ
237 1261 328 1295 τρίτον
347 1259 397 1295 ήδη
410 1259 588 1289 πιστωθεῖσα,
604 1258 685 1285 πάλιν
702 1259 748 1284 ἐπὶ
762 1259 808 1284 τὸν
822 1259 908 1292 τάφον

119 1308 213 1342 χωρεῖ,
227 1307 275 1333 καὶ
284 1305 331 1336 Τίς
342 1305 501 1332 ἀποκυλίσει
513 1305 588 1341 ἡμῖν,
601 1305 687 1339 λέγει,
698 1305 744 1332 τὸν
755 1305 828 1331 λίθον
838 1314 844 1338 ;
859 1305 909 1331 σὺν

117 1354 180 1384 ταῖς
195 1353 314 1384 λοιπαῖς.
331 1349 370 1378 Ἦ
386 1351 477 1385 δῆλον,
495 1351 545 1386 οὐχ
557 1351 595 1382 ὡς
616 1350 769 1377 ἀπιστοῦσα
788 1350 909 1385 παραγί-

119 1407 209 1429 νεται,
235 1397 294 1424 ἀλλ’
311 1396 349 1429 ὡς
376 1396 477 1431 μᾶλλον
502 1396 644 1428 κάκείναις
659 1395 756 1431 ὁδηγδς
780 1396 909 1430 ἐσομένη,

963 247 1061 279 sivisti.
1080 256 1123 276 me
1137 249 1184 283 qui
1199 256 1214 275 ιι
1230 249 1334 277 dextris
1362 249 1453 276 Patris
1488 250 1582 282 sedeo,
1614 250 1681 278 foris
1696 257 1748 284 sta,

964 294 1020 320 noli
1039 301 1081 321 me
1100 298 1230 330 tangere;
1247 302 1322 325 nam,
1345 294 1498 322 secundum
1512 300 1550 327 te,
1571 296 1693 323 nondum
1717 297 1750 324 ad

964 338 1072 366 Patrem
1084 339 1205 366 ascendi.
1218 339 1287 367 Tum
1305 347 1370 368 vero
1379 340 1494 375 spiritus
1506 340 1620 369 altiores
1634 343 1658 368 ei
1672 343 1751 374 indit,

963 389 997 408 ne
1014 382 1102 416 ipsum
1114 388 1143 410 ut
1158 383 1309 414 hominem.
1323 385 1371 412 sed
1385 389 1415 412 ut
1433 384 1517 412 Deum
1532 387 1675 421 suscipiat.
1690 388 1753 414 ideo

963 427 1050 460 enim,
1066 427 1196 461 Ascendi,
1209 429 1309 464 inquit,
1326 430 1353 457 in
1368 431 1468 458 coelum
1482 439 1591 466 nempe,
1603 433 1650 460 ubi
1672 433 1753 461 Pater

963 479 1041 500 meus
1050 480 1111 500 cum
1121 474 1269 508 splendore
1279 476 1394 504 habitat.
1409 478 1498 506 «Vade
1507 484 1599 507 autem
1607 481 1641 507 ad
1655 481 1753 509 fratres

963 526 1049 551 meos,
1063 523 1092 546 et
1103 519 1148 547 dic
1163 520 1215 552 eis,
1229 529 1290 555 quae
1306 522 1428 550 didicisti
1440 524 1471 551 ".
1482 534 1492 550 ι
1504 525 1583 552 Venit
1594 526 1678 553 Maria
1696 531 1752 554 ter-

963 565 1001 592 tia
1013 565 1073 593 vice
1086 574 1093 599 ;
1107 573 1161 593 non
1173 571 1264 595 autem
1274 568 1355 601 dixit,
1370 569 1542 604 Resurrexit,
1553 576 1611 605 aut,
1626 573 1753 600 Abstule-

963 616 1028 638 runt
1042 611 1189 639 Dominum
1204 612 1238 640 de
1253 619 1452 649 monumento;
1473 616 1521 644 sed
1540 626 1549 643 ι
1570 618 1651 646 Venit
1669 618 1752 646 Maria

962 657 1121 693 Magdalena
1151 659 1320 687 annuntians
1340 659 1484 696 discipulis
1497 663 1562 697 quia
1580 663 1640 690 Vidi
1659 663 1735 690 Domi
1746 679 1750 683 -

963 710 1042 735 num,
1069 707 1098 731 et
1114 703 1173 731 hac
1196 704 1265 732 dixit
1282 705 1360 732 mihi.
1376 715 1385 732 ι
1409 706 1450 734 Εη
1486 709 1594 734 tertiam
1618 709 1752 735 visitatio-

962 757 1026 777 nem
1041 751 1224 784 monumenti,
1251 759 1331 778 mane
1344 758 1407 779 ante
1426 752 1528 780 lucem.
1543 753 1672 786 Quartam
1691 763 1753 788 por-

963 803 995 823 ro
1013 796 1095 823 divus
1116 796 1224 824 Marcus
1244 797 1326 825 nobis
1343 798 1478 826 narrabit.
1498 808 1508 824 ι
1525 799 1635 826 Etcum
1663 805 1755 826 trans-

962 841 1041 869 iisset
1054 841 1219 874 Sabbatum,
1236 842 1320 870 Maria
1341 843 1499 879 Magdalena
1516 849 1544 872 et
1559 844 1643 871 Maria
1658 845 1753 872 Jacobi

962 890 992 914 et
1009 887 1117 914 Salome
1134 893 1262 914 emerunt
1278 893 1452 919 aromata.ut
1460 888 1604 916 venientes
1618 895 1753 924 ungerent

963 933 1068 961 Jesum.
1086 934 1119 961 Et
1134 933 1212 961 valde
1226 941 1306 961 mane
1320 942 1373 961 una
1388 933 1570 961 Sabbatorum
1589 934 1706 961 veniunt
1719 935 1752 962 ad

964 984 1185 1011 monumentum,
1199 983 1263 1006 orto
1276 979 1333 1015 jam
1350 980 1427 1013 sole;
1444 984 1473 1007 et
1484 979 1613 1008 dicebant
1628 980 1660 1007 ad
1683 981 1752 1007 invi-

962 1033 1022 1054 cem
1040 1034 1047 1052 :
1061 1025 1128 1059 Quis
1144 1025 1268 1053 revolvat
1284 1025 1365 1053 nobis
1382 1025 1504 1061 lapidem
1516 1025 1550 1054 ab
1566 1025 1639 1053 ostio
1654 1034 1751 1053 monu-

964 1072 1049 1099 menti
1068 1071 1089 1088 "
1109 1072 1120 1098 ?
1144 1080 1153 1097 ι
1172 1076 1227 1099 etc.

966 1119 1014 1146 καὶ
1029 1119 1123 1152 ἔλεγον
1141 1119 1210 1154 πρὸς
1238 1120 1350 1152 ἑαυτὰς,
1376 1119 1426 1152 Τίς
1440 1119 1602 1147 ἀποκυλίσει
1617 1121 1682 1156 ἡμῖν
1707 1120 1752 1146 τὸν

996 1209 1057 1236 XX.
1079 1209 1112 1236 At
1136 1209 1189 1237 hoc
1213 1209 1275 1237 loco
1297 1217 1420 1244 quaerere
1445 1209 1547 1245 aliquis
1568 1210 1670 1245 possit,
1694 1218 1749 1245 quo

964 1261 1046 1290 pacto
1069 1255 1224 1291 Magdalena
1246 1257 1302 1292 jam
1322 1257 1404 1284 tertio
1418 1257 1522 1284 certior
1535 1256 1569 1284 de
1589 1257 1672 1284 rebus
1689 1264 1750 1291 qua:

961 1303 1124 1329 acciderunt
1154 1303 1244 1334 facta,
1271 1302 1366 1330 denuo
1390 1303 1424 1330 ad
1451 1303 1608 1338 sepulcrum
1640 1310 1750 1329 reversa

961 1348 1091 1376 dixerit:
1120 1348 1189 1382 Quis
1217 1349 1341 1376 revolvet
1368 1349 1449 1376 nobis
1474 1348 1613 1383 lapidem?
1635 1349 1668 1376 At
1694 1357 1749 1375 non

962 1394 1103 1421 incredula
1119 1399 1287 1427 accesserat,
1303 1395 1350 1422 sed
1365 1400 1394 1422 ut
1406 1395 1514 1422 exteris
1531 1395 1580 1422 viae
1595 1395 1648 1422 dux
1667 1393 1750 1426 esset,

118 1445 167 1472 καὶ
179 1444 214 1471 τὰ
225 1443 358 1478 γενόμενα
370 1443 568 1478 διηγησομένη,
581 1443 628 1469 καὶ
641 1443 678 1474 ὡς
693 1443 793 1477 θάρσος
812 1441 909 1470 λαϐοῦ-

962 1444 988 1466 ct
1003 1446 1064 1473 quae
1079 1439 1149 1466 facta
1164 1443 1243 1466 crant
1259 1445 1412 1473 enarraret,
1426 1440 1534 1474 sibique
1555 1440 1607 1475 ipsi
1626 1440 1748 1467 animum

119 1499 155 1516 σα
171 1491 202 1516 ὲκ
214 1490 263 1524 τῆς
278 1489 398 1523 ἀφίξεως
408 1497 416 1504 ·
432 1489 503 1520 εἰκὸς
517 1489 545 1515 δὲ
571 1488 639 1524 μηδὲ
654 1487 757 1524 ταύτην
771 1489 853 1523 φάναι
867 1488 907 1521 τὸ,

119 1535 170 1567 Τίς
185 1535 345 1562 ἀποκυλίσει
355 1536 420 1569 ήμτν
435 1535 481 1562 τδν
497 1535 570 1562 λίθον
581 1543 588 1569 ;
601 1535 668 1562 ἀλλὰ
684 1534 819 1570 Σαλώμην
833 1535 909 1561 οὔπω

119 1582 160 1618 τῷ
177 1584 255 1618 τάφῳ
271 1583 507 1617 παραγενομένην,
533 1582 602 1618 ἀκοῇ
616 1582 645 1609 δὲ
671 1581 750 1617 μόνον
767 1582 909 1617 ὲνηχηθετ-

120 1638 172 1656 σαν
190 1629 263 1655 λίθον
296 1629 456 1663 ἐπιτεθῆναι
468 1629 538 1664 πρὸς
552 1630 586 1664 τῇ
604 1627 676 1665 θύρᾳ.
689 1628 736 1655 τοῦ
756 1629 907 1663 μνημείου·

119 1677 156 1706 ὡς
163 1677 217 1710 γὰρ
226 1677 327 1711 inope!
334 1675 446 1710 Μάρκος
455 1684 464 1701 ι
475 1675 610 1706 ’Δναστάς
618 1674 702 1708 πρωῒ,
715 1675 811 1710 πρώτῃ
820 1676 908 1710 ἐφάνη

120 1720 216 1756 Μαρίᾳ
232 1722 265 1756 τῇ
277 1720 456 1756 Μαγδαληνῇ,
474 1721 523 1755 ἀφ’
536 1717 570 1757 ἧς
594 1720 757 1754 ἔκδεὸλήκει
772 1721 842 1748 ἑπτὰ
852 1721 910 1747 δαι-

121 1768 214 1803 μόνια·
238 1777 247 1793 ι
270 1767 317 1793 καὶ
333 1767 371 1799 ὡς
395 1767 546 1798 Ματθαῐος,
559 1767 605 1793 τόν
618 1774 650 1793 τε
671 1767 784 1801 σεισμὸν
800 1767 848 1792 καὶ
862 1767 909 1792 τὸν

119 1814 194 1840 λῖθον
211 1813 428 1841 ἀποκυλισθέντα
441 1813 538 1848 πρώτη
551 1812 598 1840 τοῦ
616 1803 752 1847 μνημείου
765 1812 907 1844 ἐθεάσατο,

120 1861 167 1886 καὶ
184 1859 300 1893 ἄγγελον
315 1859 403 1894 τούτῳ
417 1858 646 1893 ὑπερκαθήμενον
658 1866 666 1874 ·
682 1858 730 1884 καὶ
740 1857 777 1888 ὥς
788 1858 802 1883 ὁ
821 1857 909 1884 Ἰωάν-
927 1863 930 1866 ‘

120 1914 169 1939 νης
187 1914 196 1930 ι
213 1905 252 1939 Τῇ
269 1906 319 1939 μιᾷ
335 1906 389 1931 τῶν
404 1904 562 1936 Σαὸσάιιων,
584 1903 669 1936 λέγει,
692 1902 786 1938 Μαρία
800 1903 816 1937 ἡ
830 1902 908 1935 Μαγ-

118 1952 221 1987 δαληνή
237 1953 346 1987 ἔρχεται
361 1951 436 1987 πρωῒ
452 1951 564 1981 σκοτίας
578 1950 618 1977 ἐτι
640 1949 723 1985 οὔσης
740 1951 779 1980 είς
794 1950 824 1976 τὸ
839 1958 908 1984 μνη-

120 1998 208 2032 μεῖον,
226 1999 272 2023 καὶ
302 1997 396 2031 βλέπει
419 1997 466 2023 τὸν
493 1995 568 2023 λίθον
584 1995 704 2031 ἠρμένον
726 1996 759 2022 ἐκ
775 1995 821 2022 τοῦ
840 2005 908 2030 μνη-

121 2044 209 2078 μείου.
227 2053 236 2069 ι
257 2043 289 2070 Et
306 2044 343 2078 μή
358 2043 408 2078 τὴν
423 2042 559 2077 Σαλώμην
573 2041 661 2069 ταῦτα
685 2042 768 2076 φάναι
783 2041 907 2076 δοίημεν,

119 2090 160 2114 si:
176 2087 257 2122 βυθὸν
274 2087 460 2119 ἐναντιώσεως
474 2087 509 2114 ἂν
537 2087 738 2122 περισταίημεν
749 2094 758 2103 ο
774 2086 843 2122 ὅπερ
858 2087 908 2113 οὐκ

118 2132 243 2167 ιῖλογον.
393 2133 396 2137 “

156 2221 222 2249 KA'.
244 2221 357 2248 Ἶδοῦσαι
371 2222 519 2258 τοιγαροῦν
534 2221 581 2249 τὸν
602 2221 675 2248 λίθον
689 2222 909 2257 ἀποκεκυλισμέ-

118 2276 164 2294 νον
173 2267 221 2294 τοῦ
238 2268 377 2302 μνήματος
389 2275 397 2282 ·
410 2265 455 2302 (ἦν
468 2267 522 2301 γὰρ
535 2268 582 2293 καὶ
597 2267 683 2302 μέγας
697 2267 822 2303 σφόδρα),
833 2267 908 2294 ἔνδον

118 2323 148 2340 τε
163 2314 210 2340 τοῦ
235 2313 321 2347 τάφου
347 2315 511 2348 γενόμεναι·
529 2313 648 2348 (μεγάλα
677 2315 732 2348 γὰρ
749 2314 826 2348 παρὰ
849 2315 908 2345 τοῖς

125 2360 263 2391 Ἰουδαίοις
279 2361 314 2386 τὰ
326 2360 479 2395 μνήματα),
496 2360 544 2395 οὐχ
558 2357 638 2394 εὖρον
653 2360 683 2386 τὸ
700 2360 782 2395 σῶμα
792 2359 838 2386 τοῦ
851 2360 909 2387 Κυ-

119 2411 178 2446 ρίου
196 2410 296 2446 Ὶησοῢ,
313 2411 359 2436 καὶ
369 2411 398 2436 ἐν
411 2411 506 2445 ἀπόρῳ
522 2407 612 2440 οὖσαι,
626 2409 726 2444 ὁρῶσιν
739 2408 838 2444 ἄνδρας
851 2409 910 2434 επι-

120 2458 236 2488 στάντας
263 2456 360 2487 αὑταῖς
385 2456 415 2482 ὲν
441 2455 587 2490 ἐσθήσεσιν
610 2454 845 2490 ἁστραπτούσαις.
861 2455 910 2481 καὶ

118 2502 256 2536 ὲμὸριθῶς
268 2501 429 2527 ἀκούσασαι·
443 2500 562 2534 ιΊησοῦν
572 2499 678 2535 ζητεῖτε
690 2500 735 2526 τὸν
746 2500 910 2535 Ναζαρηνὸν

119 2549 164 2574 τὸν
183 2549 412 2582 ὲσταυρωμὲνον;
434 2547 551 2582 ἠγέρθη.
567 2547 616 2573 οὐκ
631 2546 706 2573 ἐστιν
720 2544 782 2579 ὧδε,
806 2555 815 2572 ι
845 2547 910 2572 ὑπο-

120 2594 283 2627 στρέψασαι,
303 2594 395 2626 φησὶν,
425 2591 598 2627 ἀπήγγειλαν
622 2590 709 2617 ταῦτα
734 2590 825 2617 πάντα
852 2591 908 2621 τοῖς

117 2638 227 2669 ἕνδεκα,
244 2639 293 2665 καὶ
317 2638 385 2664 πᾶσι
407 2638 464 2669 τοῖς
485 2637 600 2667 λοιποῖς.
619 2645 628 2661 ι
642 2635 783 2670 Συμμιγὲς
796 2635 818 2661 δ’
829 2634 908 2661 οὖσαι

119 2683 223 2718 πλῆθος
251 2682 450 2718 διεϐλήθησαν·
479 2683 619 2717 ἐφάνησαν
637 2681 703 2717 γὰρ,
730 2680 907 2716 φησὶν,ὡσεὶ

119 2727 203 2763 λῆρος
217 2728 251 2755 τὰ
266 2729 377 2762 ῥήματα
398 2728 499 2754 αὐτῶν.
517 2727 627 2760 "Expos
653 2727 681 2752 δέ
697 2735 763 2759 φασι
779 2727 839 2752 τότε
861 2726 905 2751 τδν

120 2773 223 2808 Πέτρον
249 2774 342 2809 ἡρέμα
357 2782 416 2805 πως
429 2772 668 2807 διαθορυϐηθέντα,
693 2772 772 2806 μόνον
789 2771 906 2805 ἀναστῆ-

166 2865 187 2881 ⁸¹
198 2866 276 2894 Juan.
290 2875 336 2900 xx,
349 2866 390 2893 i7.
410 2864 477 2893 ibid.
492 2865 534 2892 18.
575 2866 595 2881 ¹⁹
608 2865 681 2893 Maia
703 2864 794 2898 x\i,'5.

961 1484 1121 1519 inspiraret.
1135 1485 1264 1519 Alioquin
1278 1493 1331 1512 non
1343 1485 1530 1521 Magdalenam
1543 1486 1645 1513 dixisse
1656 1491 1747 1520 patet:

960 1531 1028 1564 Quis
1051 1530 1131 1558 nobis
1154 1531 1278 1558 revolvet
1299 1531 1437 1566 lapidem?
1456 1531 1503 1558 sed
1525 1530 1665 1562 Salomon,
1684 1539 1745 1565 que

960 1575 1084 1602 nondum
1105 1581 1286 1604 monumento
1306 1581 1386 1604 antea
1407 1576 1544 1608 astiterat,
1559 1581 1587 1604 et
1606 1584 1667 1612 quas
1690 1581 1750 1603 lau-

961 1626 1019 1649 tum
1040 1621 1125 1649 fando
1141 1622 1268 1649 audierat
1284 1622 1357 1657 quod
1375 1623 1443 1657 lapis
1457 1623 1491 1649 ad
1507 1622 1608 1650 ostium
1630 1623 1748 1657 sepulcri

960 1672 1046 1695 esset.
1063 1667 1220 1696 Secundum
1237 1668 1357 1696 Marcum
1373 1670 1446 1696 enim
1463 1678 1471 1696 :
1491 1678 1502 1695 ‹
1519 1669 1640 1704 Surgcns
1657 1677 1747 1700 mane,

960 1714 1049 1749 prima
1067 1714 1190 1747 Sabbati,
1208 1715 1336 1750 apparuit
1354 1716 1444 1750 primo
1466 1715 1556 1743 Maria
1573 1715 1748 1751 Magdalenae.

959 1761 994 1789 de
1017 1770 1071 1797 qua
1093 1762 1214 1797 eiecerat
1239 1767 1344 1797 septem
1369 1762 1504 1790 daemonia
1519 1762 1555 1796 '°;
1570 1771 1579 1788 ι
1596 1762 1748 1789 secundum

959 1806 1117 1834 Matthamm
1142 1812 1234 1834 autem
1252 1815 1260 1834 :
1278 1816 1288 1832 ι
1307 1807 1492 1835 Terraemotus
1524 1807 1613 1834 factus
1632 1811 1675 1834 est
1693 1814 1750 1832 ina-

959 1861 1040 1887 gnus,
1058 1857 1086 1879 et
1110 1853 1198 1887 prima
1221 1852 1341 1888 lapidem
1368 1857 1489 1880 amotum
1513 1853 1674 1888 conspicata
1694 1858 1746 1884 est,

960 1902 988 1925 et
1012 1898 1139 1933 angelum
1165 1899 1307 1926 sedentem
1328 1906 1411 1933 super
1432 1898 1595 1933 lapidem“.
1615 1908 1624 1924 ι
1644 1899 1749 1926 Secun-

959 1944 1026 1970 dum
1040 1943 1174 1971 Joannem
1189 1949 1282 1971 autem
1298 1953 1305 1971 :
1321 1954 1330 1970 ι
1346 1944 1404 1971 Una
1418 1944 1530 1975 Sabbati
1543 1944 1626 1971 Maria
1640 1944 1749 1979 Magda-

959 1989 1021 2017 lcna
1040 1989 1115 2017 venit
1142 1997 1232 2020 mane.
1249 1997 1313 2018 cum
1337 1991 1428 2018 adhuc
1451 1990 1572 2018 tenebrae
1595 1995 1698 2021 essent,
1715 1991 1748 2017 ad

962 2041 1183 2069 monumentum,
1206 2040 1234 2063 et
1261 2036 1331 2064 vidit
1354 2036 1474 2072 lapidem
1502 2036 1639 2064 sublatum
1657 2044 1672 2063 a
1690 2044 1748 2063 mo-

961 2085 1094 2109 numento
1112 2082 1146 2108 ".
1162 2091 1171 2108 ι
1190 2081 1255 2115 Quae
1278 2081 1329 2109 nisi
1351 2090 1366 2108 a
1384 2082 1492 2109 Salome
1509 2081 1582 2108 dicta
1602 2089 1747 2116 przesumc-

924 2120 946 2148 Ῐ)
964 2135 1076 2158 remus,
1102 2128 1129 2154 in
1156 2127 1285 2162 abyssum
1312 2127 1540 2155 contradictionis
1565 2127 1747 2157 caderemus.

960 2174 1034 2209 quod
1051 2181 1117 2200 sane
1134 2173 1285 2201 absurdum
1301 2179 1386 2202 esset.

997 2218 1068 2246 XXI.
1089 2219 1140 2247 libi
1167 2220 1250 2254 igitur
1273 2219 1392 2255 lapidem
1415 2227 1430 2247 ιι
1451 2224 1631 2247 monumento
1656 2220 1747 2247 remo-

958 2269 1015 2292 tum
1033 2267 1102 2301 (erat
1121 2266 1223 2300 quippe
1237 2273 1351 2300 magnus
1365 2265 1454 2300 valde)
1470 2266 1637 2300 conspicata:
1659 2266 1748 2293 intro-

958 2312 1073 2338 irisseut
1107 2315 1305 2345 (monumenta
1334 2319 1401 2339 vero
1430 2312 1503 2347 apud
1528 2312 1639 2340 Judzos
1670 2313 1748 2339 ναι-ιο

959 2358 1104 2392 spatiosa).
1120 2365 1224 2392 corpus
1235 2357 1301 2385 Jesu
1322 2366 1379 2386 non
1401 2359 1579 2386 invenerunt.
1594 2358 1652 2391 Qua
1669 2358 1703 2385 de
1718 2367 1747 2385 re
1791 2395 1793 2401 ‘

960 2412 1023 2431 cum
1050 2409 1143 2431 mente
1169 2404 1358 2439 ambigerem,
1387 2404 1462 2432 viros
1486 2404 1582 2432 vident
1607 2409 1746 2435 astantes.

962 2451 1032 2478 stola
1058 2451 1172 2477 candida
1198 2455 1360 2485 coopertos;
1387 2449 1434 2484 qui
1465 2459 1474 2476 ι
1501 2449 1593 2477 Iesum
1621 2450 1746 2484 quaeritis

961 2495 1143 2529 Nazarenum,
1163 2496 1306 2529 dixerunt,
1329 2495 1513 2524 cruciﬁxum?
1533 2495 1669 2528 Surrexit,
1694 2504 1747 2521 nun

961 2547 1004 2570 est
1026 2543 1120 2576 hic”;
1139 2552 1148 2568 ι
1170 2550 1287 2571 reversae
1306 2543 1432 2571 undecim
1449 2542 1582 2577 apostolis
1597 2548 1624 2570 et
1640 2543 1748 2570 caeteris

961 2589 1090 2615 omnibus
1115 2589 1168 2616 hoc
1195 2589 1360 2617 retulerunt.
1379 2588 1450 2616 Cum
1476 2593 1568 2616 autem
1600 2588 1747 2616 multitudo

960 2638 1035 2660 esset
1053 2641 1210 2666 numerosa,
1228 2635 1280 2662 ista
1296 2635 1378 2662 verba
1397 2635 1431 2662 iis
1449 2635 1537 2662 iutilia
1553 2643 1585 2662 ac
1601 2642 1669 2662 vana
1685 2642 1747 2661 esse

961 2679 1134 2706 videbantur.
1153 2679 1224 2707 Sunt
1239 2680 1287 2714 qui
1303 2680 1413 2707 Petrum
1434 2686 1491 2707 tum
1509 2681 1607 2708 leviter
1625 2687 1746 2707 commo-

961 2731 1018 2752 tum
1034 2725 1122 2751 solum
1143 2726 1297 2752 surrexisse
1315 2730 1343 2752 et
1366 2726 1400 2753 ad
1421 2731 1628 2753 monumentum
1649 2733 1747 2752 cucur-

961 2773 1031 2800 risse
1056 2771 1160 2798 dicant.
1187 2771 1294 2800 Marcus
1321 2778 1412 2799 autem
1440 2773 1536 2799 scribit
1558 2781 1564 2800 :
1589 2782 1597 2798 ι
1618 2773 1652 2800 At
1682 2772 1746 2804 ille,

834 2862 959 2890 '°ilid.9
1008 2862 1277 2894 "Maltinxxvmﬂ.
1303 2861 1503 2894 "Joan.x.\,I.
1529 2862 1631 2890 "Marc
1655 2863 1744 2896 “1,6.
