1926 3092
133 135 186 166 573

574 138 707 169 SERMO
728 140 768 170 IN
788 141 817 171 S.
841 142 997 174 ΜΛΙΠΛΜ
1019 145 1300 180 MAGDALENAM.

1700 146 1753 179 574

132 195 177 227 καὶ
192 195 263 229 αὕτη
290 195 381 230 πολλῷ
396 195 436 231 τῷ
459 196 535 231 μέσῳ
553 196 604 233 τὴν
622 198 670 224 τοῦ
686 199 772 226 Νότου
802 199 920 235 βασίλισ-

974 205 1051 231 suavi
1063 191 1095 232 se
1108 205 1216 232 obviam
1233 206 1281 233 dat
1293 209 1320 233 et
1334 205 1496 240 sapientiam
1513 214 1544 234 ae
1563 207 1676 241 gratiam
1693 215 1755 242 quze

134 249 182 267 trav
193 247 201 255 '
217 240 289 266 κατὰ
304 241 357 276 γὰρ
372 241 462 274 ἔρωτα
485 243 534 277 τῆς
550 243 668 278 ἀληθοῦς
683 246 730 271 καὶ
743 245 856 281 πρώτης
872 255 919 274 σο-

133 288 196 321 φίας
219 287 258 322 τῷ
284 287 418 324 εἰρηνικῷ
447 290 495 316 καὶ
522 290 602 326 πράῳ
629 291 782 326 Σολομῶντι
807 293 921 328 Χριστῷ

132 333 327 368 προσέρχεται,
344 334 391 360 καὶ
407 334 456 371 τὴν
468 336 497 362 ιν
510 336 608 373 ἐκείνῳ
624 338 800 373 αὐξηοεῖσαν,
819 340 919 373 μᾶλλον

131 379 157 406 δὲ
184 379 308 414 φυσικῶς
337 379 420 407 οὖσαν
444 382 540 415 σοφίαν
575 383 623 409 καὶ
640 383 720 418 χάριν
750 384 918 419 ἐθαύμασεν.

137 425 271 457 Ἐωινεῖς
304 426 462 461 Σαραφθίας
489 427 537 455 καὶ
567 429 759 464 Σουναμιτιδος
781 430 832 465 τὴν
864 431 920 458 τῶν

130 470 215 504 ἁγίων
226 471 330 506 ἀνδρῶν
344 472 446 505 ξενίαν,
461 473 509 500 καὶ
519 473 568 510 τὴν
585 474 749 510 ἀφιλότιμον
761 476 917 512 τράπεζαν,

132 518 179 544 καὶ
195 518 241 545 τὸν
268 518 419 554 καμψάκην
435 519 482 546 τοῦ
497 520 589 548 ελαίου
602 523 652 549 οὐκ
667 523 919 559 ἱλαττονούμενονς

131 564 236 593 ὲπαίνει
249 565 379 601 κάκείνης
390 567 438 601 τὴν
449 567 620 603 ὑπηρετικὴν
632 569 661 595 ἒν
673 569 723 604 βίῳ
734 569 816 606 ζωὴν,
829 570 920 598 καὶτά

133 610 353 644 προκομισθέντα
369 611 444 646 μύρα
455 612 494 648 τῷ
507 613 560 640 τῶν
570 614 658 647 ἁγίων
676 615 771 651 ’Λγίῳ,
782 617 829 643 τὸν
841 617 921 651 φυσί-

133 654 202 686 ζωον
215 655 301 682 ὕπνον
315 657 494 693 ὑπνώττοντι,
511 659 545 686 τὰ
559 657 640 696 μέχρι
653 662 699 688 καὶ
715 663 762 689 νῦν
781 664 920 699 πανταχοῦ

131 702 163 735 τῇ
175 702 253 737 φήμῃ
265 702 383 736 χεόμινὰ
393 712 423 729 τε
443 705 490 730 καὶ
505 704 648 739 ρεύσοντα.
670 706 742 742 ’ῐαὴλ
757 708 803 734 καὶ
817 708 920 745 Ἰουδὴθ

131 747 176 774 τὸν
190 747 274 782 ζῆλον
291 748 506 785 ὑπερηκόντισεν
516 759 522 767 ·
539 752 555 787 ἡ
573 751 624 786 μὲν
637 753 690 787 γὰρ
705 754 742 789 τῷ
754 755 858 791 Σισάρει
874 756 920 782 τὸν

131 793 273 822 πάσσαλόν
289 794 365 831 διελᾷ
390 796 438 823 τοῦ
454 798 606 833 τραχήλου·
627 798 727 836 Ἰουδὴο
742 800 770 827 δὲ
791 801 837 828 τὸν
858 802 919 829 Ἀσ-

131 839 225 874 σὺριον
241 840 405 876 ὀλοφὲρνην
427 843 586 879 ἀφαιρεῖται
608 846 658 880 τῆς
684 847 816 882 κεφαλῆς,
832 847 871 884 Τῇ
891 849 920 875 δὲ

972 250 999 278 in
1016 251 1062 278 illo
1078 256 1194 286 augetur
1217 256 1263 279 aut
1280 252 1373 286 potius
1388 260 1449 286 qua:
1467 252 1506 279 illi
1525 252 1650 285 inhaeret,
1669 253 1755 280 admi-

972 302 1061 324 ratur.
1088 297 1196 325 Laudas
1214 298 1303 328 viduae
1320 298 1499 334 Sarephlanae
1525 304 1550 326 et
1571 299 1754 327 Sunainitidis

971 350 1035 378 erga
1053 343 1126 371 viros
1144 350 1255 373 sanctos
1269 345 1504 379 hospitalitatem:
1523 346 1619 373 laudas
1632 353 1753 373 mensam

970 387 1121 417 liberaliter
1134 390 1265 425 oblatam,
1282 396 1310 419 et
1329 400 1377 419 vas
1401 392 1462 419 oleo
1479 392 1589 426 plenum
1615 399 1756 426 nunquam

970 433 1160 464 diminutum:
1185 436 1265 464 lauda
1289 442 1316 465 et
1334 438 1500 473 Magdalenen
1528 439 1612 466 vitam
1637 439 1754 473 proximi

971 480 1086 508 servitio
1096 487 1304 517 consecratam;
1324 484 1406 511 lauda
1420 490 1561 519 unguenta
1575 492 1635 519 qua:
1652 484 1755 511 Sancto

971 529 1133 553 sanctorum
1146 527 1193 561 qui
1212 535 1339 555 somnum
1354 529 1493 556 viviﬁcmn
1509 530 1611 557 dormit
1627 529 1755 564 ungendo

971 571 1116 606 impertiit.
1131 573 1215 601 Jaelis
1238 578 1265 601 et
1280 575 1400 602 Judithae
1417 576 1505 603 zelum
1527 581 1620 603 nostra
1643 583 1757 610 supera-

971 617 1020 649 vit.
1037 626 1152 652 quarum
1178 619 1229 647 ista
1254 620 1354 648 Sisarae
1377 625 1471 657 guttur
1495 622 1571 649 clavo
1596 621 1756 653 transfodit,

971 662 1030 690 haec
1046 662 1249 699 Holophernem
1265 666 1409 702 Assyrium
1423 668 1511 703 capite
1523 667 1628 702 plcetit.
1645 667 1755 702 Magda-

971 709 1041 736 lenaa
1057 714 1148 738 autem
1174 720 1229 739 non
1247 713 1328 740 modo
1356 713 1460 741 Pilatus
1486 718 1514 741 et
1534 713 1678 748 Caiaplias,
1708 712 1756 747 qui

970 753 1083 782 Christo
1098 755 1214 789 insidias
1228 762 1397 794 struxerant.
1414 759 1630 790 succubuerunt,
1642 759 1755 794 etjussu

970 799 1086 828 Caesaris
1100 802 1231 831 trucidati
1244 807 1319 837 sunt,
1334 805 1380 832 sed
1395 805 1476 833 etiam
1490 805 1507 832 ii
1520 805 1567 840 qui
1579 812 1674 832 eorum
1693 812 1756 839 par-

972 849 1015 874 tes
1033 847 1230 882 sequebantur,
1246 850 1350 877 scribas
1370 850 1433 878 dico
1451 855 1479 878 et
1493 850 1658 879 Pharisaeos.
1685 851 1757 883 Quid

129 885 159 912 οὐ
177 885 292 919 Πιλᾶτος
308 888 399 922 μόνος,
411 890 459 916 καὶ
472 890 612 925 Καϊάφας,
626 891 674 918 καὶ
686 892 785 925 ’Δννας
799 894 920 930 ἡττήθη-

971 899 1054 927 porro
1066 893 1145 928 juvat
1158 895 1321 930 Susannam,
1336 897 1446 931 Esther,
1463 897 1637 926 Salomonem
1653 906 1756 926 memo-

131 940 180 959 σαν
195 933 267 959 κατὰ
282 933 404 968 Χριστοῦ
422 935 634 971 μελετήσαντες,
655 937 701 964 καὶ
722 938 766 966 διά
780 939 920 974 Καίσαρος

130 978 213 1011 φόνου
231 980 360 1014 γεγόνασι
378 982 578 1017 παρανάλωμα,
595 982 663 1011 ἀλλά
676 984 724 1011 καὶ
737 984 763 1012 οἳ
777 987 921 1022 συμπράτ-

129 1031 188 1050 τειν
202 1024 308 1055 τούτοις
331 1025 386 1052 δεῖν
401 1027 574 1061 νενομίκασι,
592 1029 655 1060 τοὺς
669 1029 846 1064 Γραμματετς
871 1031 920 1058 καὶ

129 1069 295 1104 ⁴Ιδιιρισιιίους
321 1070 371 1098 οἷδ’
386 1072 427 1099 ὅτι
443 1073 544 1106 πάντες
560 1074 686 1102 ἀκούετε.
709 1076 764 1103 Καὶ
777 1076 803 1103 τί
815 1077 856 1103 δεῖ
870 1079 920 1110 τὰς

130 1115 194 1150 ἑξῆς
217 1117 390 1152 καταλέγειν,
416 1119 572 1154 Σωσάνναν,
594 1120 705 1157 Ἐσθὴρ,
734 1122 919 1158 Σαλομώνηνς

130 1163 222 1195 πάσας
241 1164 296 1199 γὰρ
323 1165 409 1200 ἄρδην
434 1166 634 1202 ὐπερηκόντισε
660 1169 835 1206 σωφροσύνῃ,
853 1178 921 1206 προ-

130 1210 230 1246 στασίᾳ
246 1210 294 1237 τοῦ
310 1211 416 1245 ἔθνους,
443 1214 490 1242 καὶ
521 1214 555 1249 τῇ
581 1213 653 1250 ὑπὶρ
679 1215 798 1250 Χριστὸν
812 1216 860 1243 καὶ
876 1216 920 1244 διὰ

128 1256 248 1291 Χριστὸν
273 1259 417 1294 καρτερίᾳ.
447 1259 590 1296 ’Υπερῆρι
600 1262 651 1293 τὰς
675 1263 745 1297 μετά
773 1262 822 1299 τὴν
838 1263 920 1298 χάριν

130 1303 250 1337 ἁπάσας,
268 1304 329 1331 ὅσαι
350 1313 380 1331 τι
397 1307 548 1341 μαρτυρίου
568 1307 693 1342 στεφάνῳ
709 1309 920 1345 κατεκοσμήθη-

129 1359 190 1385 σαν,
204 1352 253 1377 καὶ
276 1349 320 1383 αἷς
330 1353 344 1378 ὀ
358 1352 508 1387 ἀσκητικδς
523 1353 581 1388 βίος
594 1354 776 1389 διείργασται,
793 1355 868 1391 αὐτῷ
879 1356 919 1391 τῷ

969 946 1048 972 rare,
1064 947 1132 974 quas
1156 946 1270 970 cunctas
1288 942 1444 978 prudentia,
1468 945 1559 979 gentis
1581 944 1706 971 claritate
1728 947 1757 970 ct

971 988 1176 1020 perseverantia
1190 989 1466 1024 patientiaquelonge
1479 991 1638 1025 superavit?
1654 989 1756 1017 Eadem

970 1032 1060 1067 quoad
1076 1033 1189 1066 gratiam
1207 1035 1336 1062 omnibus
1351 1036 1479 1070 praestitit
1501 1030 1670 1072 quazeuuquc
1686 1043 1758 1062 mar-

971 1078 1033 1113 tyrii
1047 1085 1149 1105 corona
1163 1079 1301 1108 redimita
1314 1080 1390 1108 fuere
1402 1087 1501 1116 etquae
1516 1082 1600 1108 vitam
1612 1082 1756 1108 asceticam

969 1124 1118 1159 deserunt;
1136 1125 1194 1161 ipsa
1209 1126 1283 1153 enim
1299 1128 1388 1154 oculis
1403 1127 1472 1155 vidit
1499 1128 1651 1159 Christum,
1674 1128 1756 1161 eique

968 1175 999 1198 ut
1023 1179 1126 1206 sponso
1138 1179 1204 1200 vero
1223 1177 1252 1200 et
1268 1173 1356 1201 amico
1367 1181 1483 1201 munera
1504 1174 1643 1209 praestitit.
1659 1173 1757 1200 Paucis

967 1225 1033 1245 vero
1049 1217 1138 1245 dicam
1155 1226 1163 1246 :
1178 1219 1252 1254 quod
1270 1219 1344 1247 inter
1362 1227 1459 1248 omnes
1490 1226 1601 1248 sanctos
1626 1219 1756 1254 apostoli,

968 1264 995 1292 id
1015 1265 1174 1300 Magdalena
1191 1265 1264 1293 inter
1282 1267 1423 1300 mulieres,
1441 1275 1502 1302 qua
1524 1268 1581 1294 Deo
1600 1267 1684 1294 vitam
1699 1265 1757 1292 sin-

967 1318 1031 1338 cere
1048 1317 1247 1340 consecrarunt
1263 1322 1271 1341 :
1287 1321 1351 1341 cum
1365 1314 1427 1341 aliis
1442 1314 1515 1341 enim
1538 1314 1666 1344 certavit,
1687 1313 1757 1339 alias

970 1359 1125 1393 superavit,
1140 1359 1272 1387 omnibus
1288 1365 1380 1387 autem
1395 1362 1457 1388 vitae
1471 1361 1611 1395 exemplar
1623 1360 1683 1387 fuit.

127 1398 257 1433 ὀφθῆναι,
271 1399 400 1433 κατιδεῖν,
417 1400 464 1427 καὶ
477 1400 640 1436 διακονῆσαι
656 1402 774 1437 Χριστὸν
789 1403 836 1430 τὸν
851 1402 939 1439 ἀληθῆ
974 1406 1091 1439 νυμφίον
1116 1405 1219 1433 τούτων
1236 1406 1284 1433 καὶ
1316 1407 1446 1442 ἐραστήν.
1466 1407 1527 1433 Ἔτι
1552 1407 1580 1434 δὲ
1618 1405 1759 1440 συντομώ-

127 1455 209 1483 1τερον
232 1448 320 1474 εἰπεῖν
339 1448 410 1484 ἔχω’
426 1448 442 1475 δ
466 1450 521 1484 γὰρ
536 1449 565 1476 ιν
581 1448 684 1476 ἅπασιν
699 1449 787 1484 ἁγίοις
823 1450 982 1484 ἀπόστολοι,
1000 1449 1080 1477 τοῦτο
1098 1451 1265 1486 Μαγδαληνὴ
1279 1453 1309 1479 ὲν
1328 1445 1450 1486 γυναιξὶν
1465 1452 1618 1487 εὐαρέστως
1637 1452 1760 1479 «oh-reu-

129 1493 262 1528 σαμέναις
280 1492 357 1528 Θιῷ·
377 1495 437 1526 ταῖς
453 1493 504 1529 μὶν
516 1494 570 1530 γὰρ
585 1494 734 1531 ἡμιλλήθη,
746 1496 796 1528 τὰς
809 1496 832 1523 δ’
849 1497 985 1533 ὑπερῆρε,
1004 1497 1108 1529 πάσαις
1120 1498 1148 1524 δὲ
1164 1497 1225 1532 βίου
1247 1497 1324 1533 ὤφθη
1347 1499 1535 1533 παράδειγμα.

161 1541 229 1568 KZ'.
252 1540 323 1568 Ἀλλ’
348 1540 420 1568 οὕτω
451 1541 503 1576 μὲν
529 1541 683 1576 ισαγγέλως
709 1542 843 1577 βιώσασα,
871 1543 920 1571 καὶ

1009 1542 1117 1570 XXVII.
1134 1543 1281 1579 Postquam
1298 1544 1391 1579 itaque
1407 1545 1490 1571 vitam
1506 1543 1655 1578 angelicam
1676 1544 1759 1572 visis-

127 1587 221 1618 αὐτοῖς
231 1586 360 1620 ἀγγέλοις
375 1587 490 1620 φανεῖσα
517 1586 669 1622 αἰδέσιμος,
683 1587 739 1613 τῶν
753 1587 818 1622 τῇδε
843 1587 918 1623 μεθί-

128 1641 236 1664 σταται,
251 1632 298 1659 καὶ
312 1631 352 1668 τῷ
365 1629 584 1670 σπηλαίῳ,ᾗπέρ
601 1641 646 1668 μοι
662 1633 783 1669 εἴρηται,
798 1633 920 1668 κρύπτε-

126 1689 181 1707 ται.
199 1679 344 1706 Χιλιοστοῦ
368 1679 391 1706 δ⁹
420 1679 449 1713 ἐξ
466 1679 572 1706 ἑκείνου
599 1679 693 1715 σχεδὸν
708 1681 918 1718 ¹ιιιιρσιρρνἐνιτος

128 1726 267 1758 ἐνιαυτοῦ,
291 1726 368 1753 Λέων
381 1727 395 1752 ό
408 1727 437 1752 ὲν
459 1726 617 1762 βασιλεῦσιν
634 1727 766 1762 ἀοίδιμος,
788 1725 811 1762 ᾧ
826 1729 918 1763 πατὴρ

129 1773 178 1808 μὲν
192 1773 207 1800 ὁ
218 1773 250 1799 ὲκ
260 1772 423 1799 Μακεδόνων
439 1772 591 1805 Βασίλειος,
608 1773 694 1808 Σοφδς
708 1773 736 1799 δέ
761 1774 785 1800 οι
801 1775 876 1809 αὐτῷ
889 1774 919 1801 τὸ

129 1820 286 1854 ὲταϋνυμον,
305 1819 518 1854 ὲμφανείᾳνθείᾳ
532 1820 582 1854 τῆς
598 1819 738 1855 μακαρίας
765 1820 852 1856 (ὕπαρ
868 1821 918 1847 οὐκ

128 1865 205 1901 ιναρ)
219 1865 250 1892 τὸ
261 1865 363 1899 ταύτης
377 1864 467 1898 τίμιον
477 1864 603 1899 λείψανον
613 1864 718 1891 ἐκεῖθεν
733 1866 920 1900 μετακομισᾱ-

130 1920 221 1947 μενος,
240 1912 288 1938 καὶ
312 1911 361 1937 σὺν
378 1910 417 1945 τῷ
438 1910 547 1946 ἀδελφῷ
577 1910 746 1946 Ἀλεξάνδρῳ
760 1912 817 1943 τοῖς
831 1911 918 1946 ὤμοις

130 1959 268 1993 μετέωρον
283 1957 408 1990 θέμενος,
426 1957 456 1983 ἐν
482 1956 521 1992 τῷ
536 1957 609 1989 κατά
629 1957 680 1992 τὴν
703 1956 840 1990 Βύζαντος
856 1958 919 1984 ἀνε-

128 2004 254 2039 γερθὲντι
269 2004 334 2038 παρ’
349 2003 433 2030 αὐτοῦ
458 2001 510 2038 νεῷ
522 2002 562 2037 τῷ
578 2002 760 2038 τετραημὲρῳ
786 2003 833 2029 καὶ
844 2002 918 2038 ,φίλῳ

129 2050 248 2085 Χριστοῦ
265 2049 385 2085 Δαζάρῳ
403 2050 430 2080 ὲς
441 2048 575 2084 ἀριστερά
594 2049 716 2082 εἰσιόντι,
732 2048 798 2075 ἔνθα
814 2049 848 2075 τὰ
871 2049 919 2085 ap—

129 2099 200 2133 ρητα
215 2097 303 2123 τελεῖν
314 2096 385 2127 ἔθος.
402 2095 509 2130 σεμνῶς
526 2096 574 2122 καὶ
592 2095 713 2126 εὐλαϐῶς
727 2094 916 2131 κατατίθησιν,

129 2143 242 2179 ἀργῦρῳ
256 2143 345 2169 πᾶσαν
364 2142 413 2176 τὴν
429 2141 517 2176 θήκην
537 2141 686 2169 διαλαϐών.
710 2141 791 2168 Ἀλλὰ
807 2141 866 2172 πῶς
886 2140 919 2168 ἃν

128 2188 256 2215 τοσοῦτον
278 2187 357 2223 ἔργον
373 2187 562 2223 παραδραμὼν
577 2186 627 2214 οὐκ
640 2186 673 2213 ἂν
690 2188 724 2214 τὰ
739 2187 858 2222 μέγιστα
872 2186 919 2222 ζη-

130 2237 209 2268 μιοῦν
220 2236 304 2269 δόξως
321 2236 335 2262 ὁ
357 2235 412 2270 γάρ
427 2243 469 2262 τοι
482 2235 551 2267 νεὼς
565 2234 643 2266 οὗτος
667 2235 696 2267 ἐς
711 2235 837 2261 τοσοῦτον
852 2236 919 2262 κάλ-

129 2283 192 2314 λους
219 2282 402 2318 ἐξείργασται,
419 2281 456 2314 ὥς
480 2289 511 2308 τε
528 2282 575 2308 καὶ
591 2282 733 2316 ἀμήχανον
760 2281 854 2316 ἔμοιγε
887 2281 918 2308 τὺ

129 2331 234 2357 ὲσὰπαν
249 2328 458 2365 μεγαλοπρεπὲς
470 2327 564 2360 αὐτοῦ,
577 2327 625 2354 καὶ
636 2327 686 2362 τὴν
700 2327 785 2362 ἄλλην
803 2328 915 2354 ἅπασαν

130 2378 157 2403 ὲν
177 2376 254 2410 καλῷ
269 2374 346 2407 τάξιν
357 2373 504 2406 διαλαϐεῖν,
526 2374 573 2400 καὶ
590 2374 708 2409 σπουδῆς
720 2374 802 2408 ἔργον
819 2374 849 2400 οὐ
866 2373 917 2407 τῆς

129 2425 263 2458 τυχούσης
279 2422 351 2457 ὲμοὶ,
376 2423 405 2448 ὲν
419 2421 561 2456 κεφαλαίῳ
576 2421 604 2447 δὲ
621 2420 721 2456 φάναι·
738 2420 858 2447 τοιοῦτον
885 2421 916 2446 τὸ

130 2470 243 2503 τέμενος
270 2467 310 2502 τῷ
341 2464 462 2501 Χριστοῦ
491 2464 561 2501 φίλῳ
579 2465 593 2492 ὁ
615 2465 772 2500 σοφώτατος
790 2465 918 2500 βασιλεὺς

130 2514 291 2549 ἑδομήσατο,
323 2513 415 2540 ὁποῖον
444 2511 597 2547 εὐπρεπείᾳ
624 2511 675 2546 μὲν
701 2512 820 2545 ἐξαίσιον
835 2509 916 2545 sivit,

133 2561 243 2595 μεγέθει
268 2561 297 2587 δὲ
312 2560 342 2586 οὐ
363 2559 467 2586 πολλῶν
491 2558 782 2594 δεύτερον,’ἀνεγεῖραι
798 2559 827 2585 δὲ
842 2559 919 2594 βασι-

131 2607 173 2634 λεῐ
193 2608 287 2634 Λέοντι
316 2607 435 2642 πρέπον,
462 2606 623 2633 ἀνακεῖσθαι
639 2605 668 2632 δὲ
699 2604 818 2641 Χριστοῦ
847 2604 918 2639 φίλῳ

131 2655 223 2687 ἄξιον
239 2651 270 2681 οὗ
288 2653 334 2680 καὶ
356 2652 403 2679 τὸν
420 2652 517 2688 νεκρὸν
534 2651 679 2687 Κυπρόθεν
692 2651 864 2686 διακομίσας,
890 2651 920 2683 ἐς

131 2700 207 2733 δεξιά
223 2701 268 2727 τὸν
290 2700 354 2726 ναὸν
380 2699 493 2726 εισιόντι
512 2698 661 2733 φιλοτίμως
676 2698 825 2724 κατέθετο·
842 2693 872 2724 οὗ
890 2697 919 2728 ἐς

132 2747 266 2783 ἀριστερὰ
279 2747 349 2774 κατὰ
362 2744 427 2777 τοὺς
449 2745 496 2772 τοῦ
513 2744 586 2780 ἱεροῦ
602 2744 785 2779 ἐμπροσθίους
801 2743 920 2779 τοίχους,

132 2790 209 2830 ᾖπέρ
232 2802 278 2828 μοι
306 2793 426 2828 εἴρηται,
442 2792 489 2818 καὶ
513 2792 563 2826 τὴν
581 2791 720 2825 μακαρίαν
736 2790 920 2826 Μαγδαληνὴν

133 2841 292 2867 ἐναπέθετο.
320 2841 374 2867 Καὶ
400 2839 448 2866 νῦν
474 2839 542 2865 εἰσιν
567 2836 650 2870 οὗτοι,
668 2837 788 2871 φύλακες
805 2836 855 2871 μὲν
870 2837 921 2871 τῆς

134 2888 238 2921 πόλεως
251 2888 397 2923 ἄγρυπνοι,
412 2887 532 2922 σωτῆρες
551 2886 578 2914 δὲ
594 2886 640 2913 καὶ
653 2886 766 2921 χορηγοὶ
781 2884 920 2920 χαρισμά-

969 1594 1013 1621 set
1024 1594 1052 1618 et
1064 1590 1170 1625 angelis
1185 1591 1254 1626 ipsis
1277 1591 1443 1619 venerabilis
1460 1592 1517 1619 visa
1534 1596 1618 1624 esset,
1646 1600 1680 1619 ex
1707 1592 1769 1620 hac-

968 1637 1026 1664 vita
1039 1637 1168 1668 decessit.
1182 1642 1210 1665 et
1225 1638 1251 1665 in
1275 1643 1368 1670 antro,
1393 1638 1464 1665 sicut
1490 1644 1552 1666 ante
1578 1638 1683 1666 dictum
1704 1645 1758 1672 est,

969 1683 1142 1711 inhumatur.
1156 1682 1300 1710 Millesimo
1317 1683 1375 1710 fere
1394 1683 1456 1711 inde
1473 1691 1546 1711 anno
1566 1684 1669 1719 elapso,
1689 1684 1755 1716 Leo,

969 1728 1120 1764 imperator
1133 1729 1250 1756 maxime
1275 1728 1462 1761 venerandus,
1487 1729 1577 1756 Basilii
1602 1729 1755 1757 Muci-donis

969 1775 1053 1807 tilius,
1072 1774 1235 1810 cognomine
1259 1774 1407 1810 Sapientis,
1430 1775 1475 1802 cui
1489 1775 1585 1802 mulier
1597 1780 1689 1803 sancta
1709 1783 1756 1803 re-

969 1828 1044 1852 vera.
1058 1829 1113 1848 non
1130 1829 1180 1856 per
1194 1829 1322 1848 somnum
1336 1821 1473 1855 apparuit,
1490 1821 1605 1856 hujusce
1626 1822 1755 1856 reliquias

968 1867 1143 1894 venerandas
1168 1867 1233 1894 inde
1256 1867 1363 1894 ablatas
1386 1872 1414 1894 et
1438 1875 1491 1894 una
1515 1875 1576 1895 cum
1602 1867 1757 1894 Alexandro

969 1912 1056 1940 fratre
1079 1913 1203 1941 humeris
1219 1913 1361 1948 impositas
1384 1913 1411 1940 iu
1427 1914 1529 1949 templo
1546 1914 1617 1948 quod
1631 1913 1758 1949 Byzantii

968 1963 1096 1987 erexerat
1110 1959 1212 1987 Lazaro
1223 1959 1408 1994 quatriduano
1431 1967 1463 1987 ac
1485 1959 1586 1986 Christi
1607 1960 1695 1987 amico
1721 1960 1756 1987 ad

968 2005 1041 2034 latus
1053 2005 1207 2038 sinistrum,
1219 2005 1266 2033 ubi
1278 2009 1372 2032 saneta
1383 2005 1464 2033 missa
1475 2006 1640 2040 celebratur,
1654 2006 1756 2033 solem-

969 2052 1043 2080 niter
1057 2059 1089 2079 ac
1101 2059 1164 2080 cum
1181 2051 1347 2081 verecundia
1361 2052 1389 2078 in
1406 2051 1485 2078 theca
1499 2060 1570 2086 puro
1593 2060 1626 2078 ex
1643 2058 1763 2086 argento

969 2099 1097 2127 confecta
1113 2098 1251 2133 deposuit.
1267 2097 1411 2137 Quomodo
1424 2103 1514 2125 autem
1533 2098 1566 2125 de
1581 2099 1634 2125 hoc
1646 2099 1770 2134 egregii»

969 2145 1107 2172 disserens
1122 2144 1238 2173 aedilicio
1252 2147 1416 2171 caeterorum
1430 2144 1609 2173 aediﬁciorum
1631 2143 1714 2171 decus
1728 2150 1767 2171 et'

969 2189 1103 2217 honorem
1125 2197 1179 2217 non
1197 2189 1342 2223 minuam?
1355 2188 1500 2224 Templum
1513 2189 1564 2216 hoc
1579 2190 1653 2217 enim
1681 2195 1769 2218 tanta!

972 2240 1013 2263 est
1032 2235 1251 2270 pulchritudine,
1283 2239 1314 2262 ut
1339 2234 1436 2261 laudes
1456 2243 1490 2262 eo
1514 2234 1609 2270 dignas
1635 2235 1772 2270 proferre

972 2290 1119 2317 nequeam,
1137 2283 1192 2310 Imo
1208 2281 1368 2314 summatim
1381 2283 1569 2311 tantummodo
1584 2282 1617 2309 de
1635 2290 1668 2309 eo
1682 2282 1769 2316 loqui.

972 2336 1081 2363 queam.
1103 2327 1224 2357 Ecclesia
1239 2329 1311 2357 enim
1326 2336 1409 2363 quam
1432 2328 1584 2363 imperator
1608 2327 1757 2362 sapientis-

974 2375 1061 2407 simus
1091 2374 1194 2403 Christi
1213 2375 1302 2403 amico
1329 2379 1533 2406 construxerat,
1552 2374 1770 2409 pulchritudine;

973 2420 1084 2456 quidem
1100 2427 1199 2448 omnes
1222 2425 1349 2456 superat,
1370 2420 1560 2454 magnitudine
1581 2425 1674 2447 autem
1698 2427 1763 2453 per-

973 2467 1069 2502 paucis
1089 2466 1202 2494 inl‘erior
1225 2466 1362 2499 habetur;
1386 2466 1462 2493 brevi
1485 2466 1547 2499 talis
1574 2470 1626 2497 est,
1650 2465 1767 2499 qualem-

974 2519 1136 2541 construere
1150 2513 1310 2548 imperatori
1329 2512 1431 2541 Basilio
1445 2512 1627 2547 congruebat,
1654 2515 1682 2538 et
1698 2518 1761 2546 quie

974 2559 1076 2586 Christi
1092 2559 1182 2586 amico
1209 2559 1292 2593 digna
1312 2558 1465 2591 videbatur.
1493 2558 1523 2585 In
1555 2565 1587 2584 ea
1618 2557 1720 2584 mortui
1745 2564 1761 2583 a

974 2604 1063 2640 Cypro
1078 2604 1131 2631 huc
1148 2604 1261 2631 allatum
1277 2611 1378 2638 corpus
1392 2603 1424 2630 ad
1448 2603 1571 2634 dextram
1597 2598 1760 2630 solemniter

974 2649 1167 2685 sepelivit;ad
1194 2649 1335 2679 sinistram
1364 2658 1379 2679 e
1404 2650 1517 2685 regione
1540 2649 1623 2682 muri,
1651 2654 1681 2679 ut
1701 2649 1770 2684 jam:

973 2695 1103 2729 diximus,
1121 2702 1242 2725 sanctam
1257 2695 1443 2731 Magdalenam
1459 2695 1622 2724 inhumavit.
1642 2696 1674 2722 Et
1685 2703 1760 2722 nunc

976 2743 1087 2778 quidem
1108 2742 1229 2770 civitatis
1242 2741 1372 2770 custodes
1389 2741 1418 2769 hi
1433 2746 1497 2774 sunt
1514 2741 1620 2779 vigiles,
1637 2742 1758 2776 sospita-

976 2795 1050 2816 tores
1064 2793 1092 2815 et
1108 2788 1305 2815 charismatum
1318 2787 1514 2815 distributores
1531 2787 1758 2820 multifariornm,

976 2841 1005 2863 et
1024 2842 1108 2869 prope
1125 2835 1208 2862 Deum
1223 2834 1348 2861 advocati
1366 2833 1567 2866 eilicaeissiiui;
1595 2834 1662 2862 nihil
1684 2835 1770 2862 enim;

975 2881 1112 2917 discipulo
1123 2889 1155 2910 ac
1169 2881 1258 2909 amico
1272 2876 1430 2917 antiquiuei
