1925 3083
122 120 165 152 Sili

781 119 829 148 PR
836 115 1055 147 ECATIONES.

1684 119 1738 151 5182

121 178 202 206 οὐδεὶς
225 175 280 208 ζῶν
296 175 441 211 ἄνθρωπος
462 175 530 207 ὅλως
546 176 575 202 ὲν
602 176 644 202 σοι
671 175 896 210 δικαιωθήσεται.

957 173 1028 204 iuxta
1048 171 1258 206 grandiloquum
1271 173 1367 200 isaiam
1384 182 1390 201 :
1418 178 1446 200 et
1474 179 1582 201 montes
1597 177 1736 212 collesque

121 223 195 249 Πᾶσα
211 223 264 257 γὰρ
290 222 448 255 δικαιοσύνη
466 221 624 255 ἀνθρώπου,
640 221 677 252 ὡς
704 222 804 255 pium;
829 221 899 246 ἁπο-

120 268 288 302 καοημένηξ,
307 267 377 293 κατὰ
407 268 453 292 τὸν
481 267 741 302 μεγαλοφωνότατον
770 265 897 292 Ἡσαΐαν.

121 315 157 341 Τὰ
171 314 225 349 γὰρ
238 313 289 348 ὅρη
306 314 352 340 καὶ
373 313 398 340 οἱ
415 313 506 348 βουνοὶ
521 313 560 348 τῷ
582 313 620 348 σῷ
635 313 711 347 φόσῳ
731 313 900 347 συνεχόμενα

121 360 274 388 κὶυνοῡνται
302 360 349 385 καὶ
371 359 528 394 φρίσσουσι.
547 359 731 385 Κατάπαυσον
747 359 838 385 τοίνυν
851 358 902 392 τὴν

121 407 205 441 ὀργήν
224 414 270 432 σου
287 405 333 439 ἀφ’
349 405 438 439 ἡμῶν,
452 404 624 440 ἀπόστρεψον
645 406 696 440 τὴν
711 404 902 439 αἰχμαλωσίαν

121 453 196 487 ἡμῶν
218 453 250 478 ὲκ
275 451 324 486 τῆς
341 451 464 483 δουλείας
493 452 546 478 τῶν
565 451 672 478 ἀσεϐῶν
685 460 691 467 ·
709 451 778 478 ἀλλὰ
799 451 831 486 δὴ
855 451 902 477 καὶ

121 499 165 533 τὴν
189 499 259 525 κατὰ
286 498 348 524 νοῦν
373 497 522 532 γινομένην
537 497 730 532 αἰχμαλωσίαν
748 498 782 532 τῇ
804 505 902 530 τρικυ-

121 544 168 579 μίᾳ
184 544 231 570 καὶ
251 543 318 578 ζάλῃ
343 543 398 570 τῶν
423 543 587 578 πειρασμῶν
604 543 655 569 ὑπὸ
670 543 718 569 τοῦ
737 542 834 577 νοητοῦ
850 543 902 568 Φα-

121 589 185 624 ραώ.
203 590 270 616 Οὐδὲ
287 590 341 623 γὰρ
354 589 494 623 δυνάμεθα
522 589 583 616 κατ’
600 589 683 624 ἄμφω
706 587 902 623 πλημμελοῦν-

120 645 162 667 τες
189 636 264 672 ᾅδειν
288 643 330 662 σοι
353 634 425 671 ᾠδὴν
447 635 660 670 εὐχαριστήριον
684 635 731 661 ἐπὶ
756 634 808 669 γῆς
824 634 904 661 ἀλλο-

119 681 206 716 τρίας.
224 680 368 715 Μνήσθητι
383 680 473 715 ἡμῶν,
491 680 590 714 Κύριε,
606 680 634 705 ἐν
647 679 717 705 ἐλέει
732 679 780 705 καὶ
796 679 903 713 οίκτιρα

121 728 179 762 μοῖς
197 726 378 761 κατάπεμψον
394 726 462 761 ἡμίν
488 725 604 760 ἄγγελον
625 723 720 751 πιστὸν
736 725 857 758 φύλακα.
880 721 902 758 ᾧ

120 774 165 799 καὶ
177 773 337 809 παρακάθου
350 771 398 807 τὴν
411 772 485 806 ζωὴν
498 770 589 807 ἡμῶν,
599 771 674 803 ὅπως
688 764 814 805 ἐξέληται
828 771 902 805 ἡμᾶς

118 818 165 851 τῆς
181 817 302 852 φοϐερᾶς
327 816 374 843 τοῦ
399 816 516 843 θανάτου
531 816 626 851 ὀργῆς,
646 816 694 842 καὶ
708 817 757 850 τῆς
770 815 903 850 ἀπροσδο-

953 218 1050 245 timore
1083 223 1129 245 tuo
1156 219 1277 253 correpti
1308 221 1506 247 concutiuntur
1532 225 1560 247 et
1587 225 1738 250 contremi-

951 256 1041 291 scunt.
1073 264 1173 292 Desine
1200 266 1292 299 itaque
1320 266 1400 293 nobis
1421 268 1522 300 irasci,
1549 269 1736 302 caplivitalem

951 316 1072 338 nostram
1103 312 1137 339 ab
1154 312 1300 346 impiorum
1328 315 1460 341 servitute
1484 315 1612 348 immuta;
1639 317 1684 343 sed
1709 322 1738 344 et

951 357 1031 383 aliam
1048 365 1129 392 quam
1156 363 1248 386 mente
1273 360 1417 390 subiimus.
1443 365 1605 395 tempestate
1631 368 1658 389 et
1675 372 1738 397 pro-

952 404 1028 431 cellis
1043 405 1226 432 lentationum
1249 405 1303 432 acti
1330 407 1380 433 sub
1408 407 1561 440 spiritualis
1584 409 1738 436 Pharaonis

952 449 1107 484 tyrannide,
1122 449 1260 483 dissolve;
1280 458 1367 484 neque
1378 452 1450 478 enim
1462 452 1488 479 in
1502 457 1617 488 utroque
1627 454 1738 482 homine

952 495 1068 522 actionis
1093 496 1240 530 gratiarum
1265 497 1401 524 canticum
1428 498 1454 524 itt
1480 503 1553 525 terra
1577 500 1665 528 aliena
1688 502 1737 529 tibi

953 548 1101 575 personare
1122 533 1278 576 possumus.
1303 543 1438 571 Memento
1459 545 1541 578 igitur
1566 547 1661 579 nostri,
1683 549 1738 575 Do-

953 588 1036 619 mine,
1053 588 1079 614 in
1103 589 1289 615 misericordia
1304 595 1332 616 et
1348 591 1584 624 miseratiouibus,
1607 594 1734 628 angelum

954 633 1061 660 ﬁdelem
1079 634 1234 664 custodem,
1259 635 1304 660 cui
1332 635 1384 662 \ita
1410 641 1501 663 nostra
1525 639 1668 666 commissa
1684 645 1736 672 cst,

953 678 988 705 ab
1002 678 1054 705 hoc
1069 678 1210 706 tremendo
1223 680 1288 706 lethi
1306 680 1422 715 ﬂagello,
1436 686 1464 708 et
1489 682 1673 717 inexspectata
1686 685 1736 712 hac

953 724 1107 753 calamitate
1125 733 1175 753 nos
1192 727 1357 754 educturum
1381 729 1414 755 ad
1433 737 1483 756 ttos
1500 730 1588 762 mitte,
1611 735 1639 758 ut
1657 731 1740 758 liber-

953 775 1010 798 tate
1025 775 1053 797 et
1068 771 1128 798 vitae
1144 772 1294 799 securitate
1312 781 1454 807 concessa,
1472 779 1496 801 le
1514 775 1630 808 l'atrem.
1653 783 1680 803 et
1697 777 1740 804 Fi-

955 816 1034 848 lium,
1054 821 1082 844 et
1105 823 1229 845 sanctum
1252 819 1383 853 Spiritum
1401 821 1582 853 celebremus,
1601 830 1681 849 utinm
1699 824 1740 850 di-

121 864 204 897 χίιτου
231 863 334 897 ταύτης
359 861 508 897 ῥομφαίας.
533 860 590 888 Ἰνα
614 861 658 888 διὰ
674 861 722 895 τῆς
740 861 902 896 ἀπαλλαγῆς

957 862 1098 890 vinitatcm
1117 869 1144 891 et
1171 871 1299 898 regnum;
1318 866 1363 892 cui
1388 867 1517 894 convenit
1537 869 1626 895 omnis
1642 865 1738 903 gloi'ia,

118 910 220 944 ταύτης
235 910 282 936 καὶ
298 910 426 940 ἀνέσεως.
440 907 598 943 δοξάωμάν
615 916 645 934 σε
658 907 704 934 τὸν
721 908 840 942 Πατέρα,
857 910 904 933 καί

959 908 1047 936 honor
1065 914 1092 936 et
1108 910 1233 936 adoratio
1246 910 1274 937 in
1291 912 1399 939 stecula.
1417 911 1515 939 Amen.

119 959 162 984 τὸν
181 957 256 990 Υἱδν,
272 957 365 984 καὶτὸ
386 957 498 993 Πνεῦμα
523 957 553 983 τὸ
580 955 668 990 ἅγιον,
693 956 743 991 τὴν
759 956 824 990 μίαν
842 956 957 992 θεότητά
987 966 1017 984 τε
1051 959 1098 984 καὶ
1121 956 1307 996 βασιλείαν,ᾖ
1341 961 1441 995 πρέπει
1465 963 1540 989 πᾶσα
1557 964 1631 997 δόξα,
1661 965 1737 1000 τιμὴ,

119 1007 165 1033 καὶ
181 1005 371 1041 προσκύνησις
383 1026 391 1038 ,
406 1006 446 1037 ιίς
467 1005 532 1037 τοὺς
551 1004 662 1036 αίῶνας.
687 1004 783 1040 Ἀμήν.

119 1064 203 1100 Εὺχὴ
225 1065 311 1100 ἑτέρα
325 1064 379 1092 τοῦ
400 1064 506 1128 uesci,
522 1064 599 1106 ὑέτέρ
610 1065 667 1092 τοῦ
687 1064 904 1100 Χριστωνύμου

495 1108 562 1128 aeu.

495 1108 562 1128 αου.

154 1157 207 1185 Σοῦ
233 1157 363 1193 δεόμεθα,
382 1158 429 1184 καὶ
443 1157 474 1184 σὲ
496 1156 710 1192 παρακαλοῦμεν
726 1157 841 1190 ὲκτενῶς
857 1157 904 1184 τδν

118 1206 184 1232 θεὸν
202 1206 250 1232 καὶ
264 1204 375 1238 Πατέρα
389 1203 436 1230 τοῦ
455 1204 559 1238 Κυρίου
571 1204 654 1239 ημῶν
665 1203 754 1239 Ἰησοῦ
772 1204 904 1239 Χριστοῦ,

118 1252 160 1278 ίνα
176 1251 243 1286 ίλέῳ
267 1251 372 1286 ὄμματι
399 1249 550 1286 ὲπιϐλέψης
566 1251 614 1277 ἐπὶ
630 1250 677 1277 τὸν
701 1250 765 1277 λαόν
783 1258 842 1282 σου,
855 1250 904 1277 καὶ

117 1296 163 1322 ἐπὶ
177 1296 231 1330 τὴν
246 1295 429 1330 κληρονομίαν
458 1303 504 1321 σου
530 1294 740 1329 σπλαγχνισθεὶς
762 1295 806 1329 ἐφ’
824 1294 902 1329 ἡμῶν

119 1342 166 1368 καὶ
187 1342 240 1376 τὴν
257 1342 396 1377 ἡμετέραν
411 1341 463 1375 γῆν
478 1340 701 1376 ὲξερημωθεῑσαν
718 1340 762 1367 διὰ
778 1342 827 1372 τὰς
842 1341 905 1367 ἀνομ

120 1389 183 1424 μίας
200 1388 282 1422 ἡμῶν
293 1407 301 1420 ,
318 1388 365 1414 καὶ
383 1387 557 1422 αἰχμάλωτον
576 1388 720 1421 γεγονυῖαν
737 1387 785 1414 καὶ
807 1386 904 1421 δούλην

119 1435 175 1466 τοῖς
201 1433 343 1468 πολεμίοις
359 1453 366 1465 ,
392 1432 579 1468 ὲπευδοκήσῃς
605 1433 765 1459 ἐπανελθεῖν
790 1433 830 1463 εἰς
854 1431 905 1467 τὴν

119 1480 258 1515 προτέραν
276 1478 445 1514 ἐλευθερίαν,
461 1478 588 1513 καθάπερ
608 1478 684 1511 ποτὶ,
711 1481 758 1504 καὶ
782 1478 830 1505 τοῦ
850 1486 905 1505 πα-

117 1527 195 1553 λαιοῦ
217 1526 319 1553 Ἰακὼὸ
341 1526 446 1552 ἐκείνου
465 1525 512 1552 τοῦ
529 1526 658 1560 φέροντος
680 1524 766 1552 τύπον
782 1525 831 1552 ⁸τοῦ
854 1534 907 1560 p.0-

118 1571 250 1606 νογενοῦς
273 1580 320 1597 σου
344 1571 420 1604 Υίοῦ,
441 1572 487 1597 καὶ
518 1570 586 1598 θεοῦ
607 1570 687 1606 ημῶν
711 1571 832 1606 εὐδοκία,
858 1571 906 1597 καὶ

119 1620 233 1655 θελήσει
246 1620 279 1654 τῇ
292 1620 325 1655 σῇ
341 1618 564 1653 ὑποστρέψαντος
575 1620 641 1650 τοὺς
653 1619 803 1653 οἰκογενεῖς
818 1619 906 1647 ᾶπαν-

118 1674 166 1698 τας
196 1665 269 1701 πρὶς
294 1665 329 1691 τὰ
355 1664 551 1699 ἐπηγγελμένα
565 1664 621 1691 τῶν
638 1664 836 1700 ὐποσχημὲνων
858 1673 906 1691 σου

119 1711 233 1744 ἀγαθῶν
250 1710 437 1744 ὲπανήγαγες.
463 1709 518 1736 Καὶ
537 1709 594 1745 γὰρ
606 1709 650 1736 ἐπ’
668 1711 781 1737 ἐκείνων
793 1711 827 1745 τῇ
844 1719 907 1737 συν-

120 1758 186 1792 ήθει
203 1765 254 1784 σου
270 1755 463 1791 φιλανθρωπίᾳ
476 1755 629 1791 χρώμενος,
645 1756 756 1791 ἀφῆκας
774 1758 823 1787 τὰς
845 1757 908 1784 ἀνο-

121 1804 186 1839 μίας
207 1803 319 1835 αὐτῶν,
342 1803 517 1834 κατέπαυσας
547 1803 639 1829 πᾶσαν
661 1802 711 1837 τὴν
736 1802 822 1837 ὀργήν
840 1811 906 1835 σου,

118 1850 300 1885 ὰπέστρεψας
316 1849 370 1876 ἀπὸ
392 1848 478 1883 ὀργῆς
489 1847 575 1884 θυμοῦ
593 1855 651 1880 σου,
674 1848 839 1883 ἂπίστρεψον
852 1850 908 1876 τοίη

117 1905 164 1924 νυν
178 1896 230 1923 καὶ
247 1896 320 1930 ἡμᾶς
345 1894 359 1921 ὁ
376 1894 453 1928 Θεὸς,
468 1896 517 1922 καὶ
531 1895 587 1922 τῶν
610 1895 754 1930 σωτηρίων
767 1903 815 1922 σου
831 1897 908 1922 ἐντο-

115 1943 170 1968 λῶν
185 1942 346 1977 φροντίζειν
360 1941 488 1974 ἀξίωσον,
506 1941 681 1976 ἀπόστρεψον
693 1941 738 1967 τὸν
755 1941 844 1975 θυμὸν
860 1942 907 1976 ἀφ’

116 1989 210 2024 ἡμῶν,
230 1988 271 2024 μὴ
285 1988 325 2019 είς
348 1988 411 2019 τοὺς
441 1987 543 2018 αίῶνας
568 1986 706 2022 ὀργισθῇς
722 1987 799 2022 ἡμῖν,
815 1986 832 2021 ἢ
847 1987 907 2014 δια-

115 2035 215 2071 τείνῃς
227 2035 277 2069 τὴν
294 2034 380 2069 ὀργήν
402 2041 460 2065 σου,
486 2033 540 2059 ἀπὸ
564 2033 661 2067 γενεᾶς
688 2034 728 2064 είς
747 2033 855 2067 γενεάν.
878 2033 908 2061 '0

114 2082 183 2114 Θεὸς
204 2084 239 2108 σὺ
261 2079 431 2115 ἐπιστρέψας
450 2079 561 2111 ζώωσον
577 2079 671 2114 ἡμᾶς.
686 2080 735 2106 καὶ
751 2080 766 2106 ὁ
778 2080 842 2112 λαός
858 2088 907 2106 σου

114 2128 354 2163 εὐφρανθήσεται.
373 2126 466 2158 Δεῖξον
491 2126 540 2153 καὶ
560 2125 589 2152 ἕν
603 2127 670 2161 ἡμίν
693 2126 723 2153 τὸ
749 2126 823 2158 ἔλεός
849 2135 907 2159 σου,

113 2161 368 2209 καὶ-ἀκοῦσὸμεθα
396 2173 510 2209 εἰρήνην
537 2174 583 2200 καὶ
600 2173 763 2208 ἁγαλλίασιν
789 2174 836 2200 ἐπὶ
865 2175 906 2201 σέ.
924 2161 946 2190 D

121 2222 191 2254 Ναὶ,
212 2221 311 2255 Κύριε,
335 2220 488 2247 ἐπάκουσον
511 2220 591 2255 ἡμῶν
603 2219 657 2246 τῶν
675 2220 846 2254 ἁμαρτωλῶν
861 2222 909 2246 καὶ

113 2269 243 2303 ἀχρείων
259 2268 359 2295 δούλων
376 2276 423 2294 σου
447 2268 477 2295 ἐν
497 2268 530 2303 τῇ
559 2266 618 2302 ὥρᾳ
642 2266 739 2302 ταύτῃ,
756 2266 803 2293 τοῦ
821 2275 908 2293 κατα-

115 2315 267 2348 σκηνῶσαι
293 2314 372 2345 δόξαν
388 2313 436 2340 καὶ
453 2313 566 2348 εἰρήνην
591 2314 621 2340 ἐν
650 2315 684 2348 τῇ
705 2315 739 2348 γῇ
764 2313 852 2348 ἡμῶν.
868 2313 907 2348 Τῇ

113 2363 171 2397 γὰρ
190 2364 226 2396 σῇ
244 2361 374 2394 συνάρσει
398 2360 444 2386 καὶ
463 2359 574 2395 βοηθείᾳ
596 2359 760 2394 θαρροῦντες
779 2360 860 2394 ἡμεῖς
884 2359 908 2385 οἱ

113 2410 230 2442 ἀνάξιοι
246 2428 254 2439 .
276 2408 423 2442 ἐλπίζομεν
437 2407 513 2438 ἔλεος
535 2406 583 2434 καὶ
610 2406 741 2442 ἀλήθειαν
755 2406 910 2442 ἔμπροσθεν

113 2456 198 2490 ἡμῶν
231 2453 465 2489 προπορεύεσθαι.
487 2452 582 2483 Ἐκτός
607 2461 655 2478 σου
682 2453 737 2488 γὰρ
761 2452 840 2479 ἄλλον
858 2453 909 2479 οὐκ

113 2500 234 2535 οἴδαμεν
251 2519 259 2531 ,
278 2499 309 2526 τὸ
328 2499 414 2532 ὄνομά
441 2504 489 2524 oon
518 2496 700 2532 ὀνομάζομεν,
719 2498 767 2524 καὶ
787 2497 825 2532 μὴ
842 2497 910 2523 ἀπο-

113 2546 250 2581 στραφῇς
263 2545 337 2579 ἡμᾶς
350 2544 390 2575 είς
410 2543 499 2576 τέλος,
516 2543 574 2569 ἀλλ’
591 2542 763 2578 ὲξεγέρθητι,
781 2543 829 2569 καὶ
843 2543 910 2570 ἀνά-

114 2594 202 2627 ornet.
221 2593 265 2622 εἰς
290 2591 339 2625 τὴν
362 2590 489 2626 βοήθειαν
513 2589 592 2624 ἡμῶν
608 2588 661 2615 τῶν
678 2589 849 2624 ἁμαρτωλῶν
863 2589 911 2615 καὶ

112 2637 275 2669 ταπεινῶν,
290 2637 339 2663 καὶ
364 2636 403 2667 ὡς
424 2636 614 2671 ἁμνησίκακος
635 2635 683 2661 καὶ
706 2634 847 2669 μετανοῶν
864 2635 910 2661 ἐπὶ

111 2686 177 2716 ταῖς
210 2683 324 2713 κακίαις
344 2682 425 2716 ὴμῶν
448 2680 612 2715 ἐπίστρεψον
640 2681 690 2714 τὴν
719 2680 909 2714 αἰχμαλωσίαν

111 2730 210 2766 ἡμῶν.
233 2728 339 2763 Στῆσον
352 2729 400 2762 τὴν
415 2727 561 2760 καταιγίδα
584 2725 639 2752 τῶν
666 2725 829 2760 συμφορῶν
846 2725 909 2756 ἄνες

1025 1065 1088 1092 Alia
1104 1065 1220 1100 ejusaem
1234 1068 1321 1095 oratio
1334 1076 1382 1103 pro
1396 1069 1547 1098 Christiano
1564 1072 1668 1105 populo.

990 1156 1029 1184 Te
1043 1162 1207 1192 rogamuset
1219 1158 1327 1187 intense
1342 1167 1487 1193 precamur
1498 1161 1582 1189 Deum
1593 1167 1620 1189 et
1632 1164 1738 1192 Patrem

956 1201 1065 1229 Domini
1082 1203 1170 1230 nostri
1183 1202 1249 1232 Jesu
1264 1203 1380 1237 Christi.
1402 1211 1433 1233 ut
1448 1208 1528 1235 oculo
1551 1209 1671 1244 propitio
1688 1212 1740 1239 mi-

956 1247 1108 1275 sericordia
1134 1253 1226 1276 motus
1252 1257 1335 1284 super
1360 1251 1491 1286 populum
1512 1256 1588 1280 tuum
1612 1259 1640 1282 et
1657 1263 1741 1291 super

954 1293 1142 1321 haereditatem
1173 1298 1246 1322 tuam
1274 1296 1416 1331 respicias,
1443 1303 1470 1325 et
1497 1303 1597 1327 terram
1618 1307 1738 1330 nostram

950 1338 1007 1373 jam
1033 1345 1143 1374 propter
1158 1340 1315 1375 iniquitates
1340 1348 1447 1371 nostras
1466 1344 1629 1379 desolatam,
1653 1349 1739 1382 capti-

955 1392 1016 1411 vam
1031 1393 1196 1420 servamque
1206 1387 1333 1414 hostibus
1345 1389 1442 1416 factata
1457 1389 1484 1416 in
1497 1391 1639 1425 pristinam
1654 1395 1739 1421 asseri

955 1431 1110 1459 libertatem
1140 1432 1188 1459 tibi
1213 1434 1392 1468 complaceat,
1415 1437 1487 1464 sicut
1511 1439 1625 1473 antiquo
1654 1441 1740 1469 Jacob

919 1492 941 1522 ε
958 1477 1092 1513 unigeniti
1122 1477 1184 1506 Filii
1216 1479 1330 1515 ﬁguram
1357 1482 1532 1516 prteferenti,
1562 1486 1662 1519 placito
1691 1489 1741 1514 itu-

958 1525 1092 1559 perioque
1120 1529 1168 1552 tuo
1194 1525 1221 1552 itt
1251 1533 1328 1554 suam
1351 1529 1465 1561 patriam
1489 1537 1609 1563 reverso,
1638 1534 1741 1562 incolas

954 1577 1053 1597 omnes
1075 1569 1102 1597 in
1119 1570 1318 1605 promissorum
1338 1572 1389 1599 sibi
1409 1572 1543 1601 bonorum
1565 1579 1741 1609 possessione

957 1615 1117 1643 restituistil
1149 1616 1217 1651 Erga
1249 1617 1309 1645 illos
1336 1626 1454 1654 namque
1471 1628 1567 1649 omnes
1593 1623 1671 1650 solita
1691 1625 1741 1652 tibi

958 1661 1128 1689 humanitate
1144 1670 1210 1690 usus
1225 1668 1340 1691 cunctas
1361 1672 1456 1692 eorum
1476 1666 1635 1702 iniquitates
1662 1672 1743 1698 remi-

957 1707 1028 1736 sisti.
1044 1708 1110 1734 iram
1127 1708 1252 1743 plaeasti,
1276 1717 1290 1736 a
1317 1709 1418 1738 furoris
1436 1711 1474 1738 tui
1500 1712 1602 1747 impetu
1617 1721 1664 1741 eos
1676 1716 1744 1742 alie-

957 1761 1008 1780 nos
1029 1753 1130 1781 fecisti.
1145 1753 1280 1782 Converte
1306 1763 1357 1783 nos
1374 1757 1466 1791 itaque
1478 1775 1487 1789 ,
1505 1757 1575 1785 Deus
1596 1764 1700 1792 noster.
1715 1765 1743 1787 et

959 1800 1127 1826 sacutarium
1145 1801 1334 1827 mandatorum
1352 1806 1459 1829 tuorum
1474 1808 1597 1838 satagere
1613 1813 1662 1832 nos
1676 1813 1746 1833 cou-

958 1844 1042 1877 cede;
1059 1849 1151 1872 averte
1168 1853 1182 1871 a
1205 1845 1284 1872 nobis
1299 1846 1367 1873 iram
1393 1853 1477 1880 tuam,
1500 1857 1591 1884 neque
1609 1851 1636 1877 in
1661 1857 1746 1878 aeter-

957 1897 1024 1916 num
1044 1890 1172 1918 irascaris
1189 1891 1280 1923 nobis,
1303 1896 1349 1918 aut
1364 1892 1431 1919 iram
1448 1897 1521 1920 tuam
1538 1895 1563 1921 in
1588 1897 1743 1929 generatio-

959 1945 1020 1964 nem
1036 1942 1064 1964 et
1078 1939 1281 1972 generationem
1297 1939 1441 1967 extendas.
1455 1940 1537 1973 Deus,
1552 1946 1579 1968 tu
1593 1950 1746 1970 conversus

958 1983 1110 2011 viviﬁcabis
1126 1991 1185 2016 nos,
1202 1989 1229 2011 et
1244 1985 1320 2020 plebs
1337 1990 1382 2012 tua
1393 1986 1531 2013 la—tabilur
1551 1989 1578 2014 itt
1595 1993 1630 2015 tc.
1646 1988 1745 2016 0sten-

959 2029 992 2057 de
1010 2029 1091 2057 nobis
1105 2029 1321 2057 misericordiam
1338 2035 1432 2059 tuam:
1460 2037 1487 2059 et
1510 2041 1602 2067 pacem
1625 2035 1744 2062 exsulta-

959 2078 1116 2112 tionemque
1132 2077 1159 2105 itt
1175 2083 1200 2105 te
1215 2078 1371 2107 audiemus.
1387 2079 1427 2107 ita
1441 2079 1564 2112 Domine,
1580 2082 1677 2108 exaudi
1693 2091 1746 2110 nos

961 2130 1119 2159 peccatores
1135 2129 1163 2151 et
1187 2125 1297 2152 inutiles
1324 2133 1418 2153 servos
1445 2132 1508 2154 tuos
1535 2127 1562 2153 itt
1588 2128 1638 2154 hac
1662 2128 1742 2160 [ιρι-ιι,

962 2177 992 2200 ut
1013 2172 1097 2207 gloria
1117 2176 1144 2200 et
1170 2180 1221 2208 pax
1246 2172 1273 2199 in
1303 2176 1374 2200 terra
1395 2178 1487 2200 nostra
1516 2173 1657 2201 inhabitet.
1685 2174 1746 2202 Tua

962 2218 1035 2245 enim
1053 2226 1104 2252 ope
1121 2223 1145 2245 et
1162 2218 1284 2245 subsidio
1302 2217 1364 2244 freti
1383 2225 1431 2245 nos
1451 2218 1566 2253 indigni,
1585 2219 1743 2246 miseriam-

962 2264 1032 2290 diam
1050 2271 1209 2298 pacemque,
1226 2263 1322 2290 faciem
1339 2270 1460 2290 nostram
1477 2271 1667 2298 praecessuras,
1683 2273 1744 2299 spe-

963 2317 1064 2337 ramus.
1087 2311 1187 2337 Praeter
1207 2315 1232 2337 te
1252 2310 1335 2336 alium
1351 2309 1520 2344 ignoramus,
1543 2318 1643 2338 nomen
1667 2316 1745 2338 tuum

962 2358 1132 2388 invocamus,
1149 2363 1182 2383 ne
1196 2362 1306 2383 avertas
1319 2363 1368 2383 nos
1383 2356 1410 2383 in
1424 2355 1514 2388 linem,
1536 2357 1582 2383 sed
1597 2356 1745 2390 suscitare,

960 2406 988 2429 et
1004 2409 1119 2435 exsurge
1138 2401 1164 2427 in
1181 2401 1266 2428 nostri
1285 2405 1459 2435 peccatorum
1481 2404 1507 2426 et
1533 2401 1675 2426 humilium
1697 2408 1743 2426 oc-

961 2455 1071 2475 cursum
1087 2456 1093 2474 :
1112 2451 1140 2474 et
1156 2452 1184 2473 ut
1198 2447 1330 2473 malorum
1346 2447 1499 2477 immemor,
1510 2450 1538 2472 et
1551 2445 1743 2480 pmttiteltliattl

959 2501 1043 2530 agens
1058 2501 1141 2528 super
1159 2493 1270 2520 malitiis
1280 2493 1391 2524 nostris,
1409 2498 1539 2519 converte
1556 2492 1743 2525 captivitatem

960 2545 1092 2572 nostram,
1105 2545 1133 2567 et
1143 2539 1328 2566 calamitatum
1343 2544 1497 2565 nostrarum
1509 2538 1655 2573 procellam
1669 2546 1742 2564 cotu-

961 2586 1058 2621 pritue.
1077 2585 1185 2612 Dimitte
1204 2585 1282 2612 nobis
1297 2585 1396 2611 delicta
1410 2589 1504 2611 nostra
1519 2592 1526 2610 :
1551 2590 1579 2610 ut
1601 2585 1628 2610 in
1646 2584 1745 2610 harum

961 2633 1137 2660 ai'l'iictionnm
1152 2633 1319 2658 relaxatione
1333 2631 1519 2658 collaudetnus
1531 2635 1555 2658 te
1569 2631 1675 2657 Patrem
1692 2632 1744 2656 llo-

961 2680 1026 2706 mini
1040 2679 1104 2706 Jesu
1120 2679 1232 2710 Christi,
1247 2685 1309 2704 cum
1326 2677 1467 2711 unigenito
1484 2677 1552 2704 Filio
1566 2681 1623 2708 tuo,
1637 2681 1664 2704 et
1680 2685 1746 2703 cunt

960 2729 1054 2753 sancto
1070 2724 1172 2759 Spiritu
1188 2733 1195 2751 :
1212 2732 1286 2751 nuttc
1299 2728 1326 2751 et
1341 2731 1460 2757 semper,
1479 2727 1506 2750 et
1520 2723 1546 2749 in
1563 2723 1672 2754 secula,
1688 2727 1745 2752 etc.

110 2780 182 2813 ἡμῖν
201 2778 242 2804 τὰ
270 2775 481 2811 παραπτώματα
497 2775 584 2810 ἡμῶν,
602 2774 676 2804 ὅπως
692 2775 724 2809 τῇ
746 2773 837 2800 ἀνέσει
852 2775 906 2800 τῶν
928 2774 1086 2809 συμφορῶν,
1121 2771 1281 2807 δοξασωμέν
1314 2780 1343 2798 σε
1364 2773 1472 2806 Πατέρα
1484 2771 1531 2797 τοῦ
1550 2771 1650 2806 Κυρίου
1663 2771 1744 2807 ἡμῶν

111 2824 209 2860 Ἰησοῦ
229 2823 365 2858 Χριστοῦ,
390 2824 437 2850 σὺν
453 2823 492 2857 τῷ
512 2822 654 2857 μονογενεῖ
669 2821 715 2847 σοῦ
733 2820 798 2856 Υίῷ,
816 2821 864 2847 καὶ
878 2820 915 2856 τῷ
932 2821 1001 2856 ἁγίῳ
1034 2829 1081 2845 σου
1117 2819 1266 2854 Πνεῦματι·
1283 2819 1330 2844 νῦν
1344 2819 1392 2844 καὶ
1408 2818 1459 2849 ἀεὶ,
1478 2818 1526 2844 21‘.
1546 2819 1584 2848 ei;
1599 2818 1661 2849 τοὺς
1679 2818 1747 2844 αἰῶ-

113 2882 162 2904 νας
183 2873 245 2898 τῶν
268 2871 385 2898 αἰώνων.

1501 2962 1515 2972 κ
