1925 3083
149 138 203 166 θδΊ

143 193 225 227 θεοῦ,
239 193 286 221 καὶ
299 192 349 230 τήν
361 186 538 230 δικαιοσύνην
550 194 645 228 αὐτοῦ,
659 196 708 222 καὶ

146 237 368 273 προστεθήσεται
383 238 449 273 ὑμῖν
459 247 467 254 ·
495 239 533 275 μή
548 237 594 266 οὖν
611 241 800 276 μεριμνήσητε
816 243 857 274 είς
884 243 936 277 τὴν

145 283 260 319 αὔριον·
282 285 299 319 ή
313 286 369 321 γὰρ
392 284 487 321 αὔριον
506 287 671 322 μεριμνήσει
697 287 732 314 τὰ
751 287 868 323 ἑαυτῆς·
884 288 936 328 ἀρ.

145 330 224 357 κετὸν
249 332 282 366 τῇ
313 331 407 367 ήμὲρᾳ
423 333 439 367 ή
471 332 555 360 κακία
573 333 669 368 αὐτῆς.
690 343 700 360 ι
728 334 810 369 Λέγει
824 334 852 362 δὲ
864 336 910 363 καὶ
923 337 938 363 6

145 375 224 410 ἅγιος
256 377 366 404 Ἰσαάκ·
394 378 487 413 Χωρὶς
503 379 682 414 ἀμεριμνίας,
703 380 761 415 φῶς
772 381 801 408 ὲν
813 382 845 417 τῇ
862 382 936 419 ψυχῇ

145 430 193 449 σου
210 421 248 457 μὴ
262 422 402 459 ζητήσῃς·
421 424 490 459 μήτε
501 424 622 462 γαλήνην
633 426 680 452 καὶ
691 427 818 462 ήσυχίαν,
849 429 879 455 ὲν
903 430 936 465 τῇ

147 469 297 504 χαυνότητι
312 468 368 496 τῶν
383 469 537 505 αἰσθήσεών
550 480 608 498 σου.
622 471 703 499 Καὶό
719 473 767 507 τῆς
784 473 936 509 Κλίμακος·

146 515 205 542 Μία
221 515 283 550 θρὶξ
314 516 449 552 ταράσσει
473 517 614 552 ὀφθαλμόν
631 527 638 534 ·
659 519 706 546 καὶ
737 520 825 556 μικρὰ
856 530 939 557 φρονη

146 561 191 592 τὶς
221 561 349 596 ἀφανίζει
370 562 497 597 ἡσυχίαν.
532 563 647 600 Ἡσυχία
672 565 727 600 γάρ
751 566 825 593 ἐστιν
840 567 940 594 ἀπόθε-

147 616 190 639 σις
199 609 355 643 νοημάτων,
372 609 418 636 καὶ
431 610 546 645 ἄρνησις
558 611 676 645 εὐλόγων
687 613 846 647 φροντίδων.
856 613 885 640 '0
899 614 941 640 6v-

145 663 201 686 τως
227 655 343 691 ἡσυχίαν
373 657 545 692 κατειληφὼς
575 658 636 684 οὐδὲ
654 659 703 694 τῆς
729 659 826 685 ἑαυτοῦ
839 659 941 695 σαρκὸς

147 701 297 739 φροντίσει.
320 701 452 738 ¹Λψευδεῑνλς
481 703 536 739 γάρ
567 704 642 730 ἐστιν
656 705 670 731 6
693 705 940 741 ἐπαγγειλάμενος.

327 761 387 788 Ὀτι
400 761 448 788 δεῖ
455 762 614 797 σιωπηλὸν
623 761 700 790 εἶναί
716 771 763 790 σε.

185 815 223 848 ς’.
242 817 303 842 Ἔτι
325 816 388 851 περὶ
401 816 448 843 τοῦ
465 817 556 849 ἕκτου,
580 817 682 853 δηλαδὴ
710 818 758 845 τοῦ
782 820 898 855 σιωπᾷν,
927 820 942 846 6

147 863 244 898 εἱρμὸς
260 864 348 889 εἰπεῖν
372 862 449 898 ἡμᾶς’
462 864 585 896 ἐκῦιάζει
598 863 645 890 τοῦ
668 864 760 898 λόγου.
788 865 869 898 Λέγει
895 864 942 893 οὖν

149 909 197 934 καὶ
230 909 294 944 περὶ
320 908 416 935 τούτου
442 909 456 935 6
484 909 557 940 ὅσιος
577 909 690 936 Ίσαάκ”
715 910 744 936 '0
774 911 888 938 κωλύων
911 912 942 939 τὸ
959 897 979 924 Β

150 953 240 988 στόμα
260 953 344 980 αὑτοῦ
361 955 393 980 ὲκ
408 954 457 989 τῆς
470 955 649 988 καταλαλιᾶς,
669 955 856 992 φυλάττειτὴν
873 966 943 994 καρ-

149 998 210 1025 δίαν
223 999 305 1033 αὑτοῦ
324 1000 356 1025 ἑκ
368 999 422 1026 τῶν
436 1000 534 1027 παθῶν
544 1009 551 1016 ·
569 1001 616 1027 καὶ
632 1003 646 1027 6
660 1002 800 1037 καθαίρων
815 1003 864 1038 τὴν
876 1012 908 1030 κα
915 1012 943 1038 ρ-

148 1045 207 1072 δίαν
223 1045 306 1072 αὐτοῦ
319 1047 351 1073 ὲκ
366 1046 421 1072 τῶν
439 1047 549 1080 παθῶν,
562 1048 591 1075 ἐν
606 1048 679 1084 πάσῃ
698 1047 758 1084 ὥρα
784 1049 882 1084 θεωρεῖ
899 1049 944 1076 τὸν

150 1090 254 1126 Κύριον
265 1098 272 1106 ·
286 1091 333 1117 καὶ¹
350 1092 393 1118 ὅτε
415 1092 504 1119 πάντα
520 1093 555 1119 τὰ
573 1093 641 1128 ἔργα
658 1095 710 1130 τῆς
739 1095 878 1127 πολιτείας
904 1096 944 1127 εἰς

149 1136 179 1163 ιν
197 1137 278 1172 μέρος
296 1137 402 1173 θήσεις,
417 1139 465 1165 καὶ
473 1139 523 1174 τὴν
535 1140 641 1175 σιωπὴν
653 1141 682 1167 ὲν
704 1140 786 1176 ἄλλῳ,
817 1141 944 1176 εὑρήσεις

150 1182 236 1218 αὐτὴν
267 1183 491 1218 ὑπερϐάλλουσαν
519 1185 549 1211 ἐν
579 1185 703 1221 σταθμῷ.
740 1186 796 1213 Καί
815 1195 822 1202 ·
858 1187 944 1223 ’Υπὲρ

152 1230 241 1257 πάντα
263 1232 314 1267 τήν
329 1232 434 1268 σιωπὴν
459 1233 614 1268 ἁγάπησον,
648 1235 689 1260 ὅτι
710 1234 886 1270 προσεγγίζει
915 1244 944 1262 σε

152 1276 211 1312 [Im
223 1277 275 1314 σοι]
291 1278 358 1313 πρὶς
375 1280 492 1314 καρπόν.
510 1279 542 1306 Ἦ
554 1280 666 1314 γλῶσσα
676 1280 730 1316 γὰρ
747 1280 857 1310 ἀσθενεῖ
875 1282 943 1317 πρὸς

150 1323 202 1357 τὴν
215 1323 343 1358 ἐξήγησιν
360 1325 453 1352 αὑτοῦ.
477 1325 590 1361 Πρῶτον
617 1327 668 1360 μὲν
695 1327 854 1362 βιασώμεθα
880 1329 944 1354 ἐαυ-

151 1369 218 1400 τοίις
251 1371 377 1405 σιωπᾷν,
405 1371 454 1397 καὶ
482 1372 543 1398 τότε
567 1373 598 1398 ὲκ
618 1373 668 1408 τῆς
690 1374 795 1408 σιωπῆς
818 1376 945 1406 γεννᾶται

152 1415 221 1450 ἡμῖν
231 1424 270 1447 τι,
287 1416 487 1452 ὸδηγοῢνήμᾶς
509 1419 549 1449 είς
569 1418 654 1454 αὐτὴν
673 1419 723 1454 τὴν
743 1422 860 1455 σιωπήν.
882 1421 944 1456 Δῴη

152 1469 195 1488 σοι
205 1462 218 1488 6
234 1461 299 1493 Θεὸς
313 1462 479 1498 αίσθῃοῆναί
495 1472 569 1495 τινος
584 1465 756 1499 γεννωμένου
774 1466 805 1492 ἐκ
820 1467 868 1501 τῆς
880 1475 945 1493 σιω-

152 1508 218 1543 πῆς.
240 1509 303 1535 Ἐὰν
317 1509 344 1535 δὲ
360 1510 388 1536 ἐν
410 1509 496 1546 ταύτῃ
560 1510 684 1547 πολιτείᾳ
701 1511 783 1549 ἄρξῃ,
806 1512 856 1538 οὐκ
884 1513 945 1539 ἐπί-

786 145 985 178 OPUSCULA
1004 148 1196 183 ASCETICA.

734 195 822 223 ταῦτα
846 197 935 224 πάντα

736 248 799 252 μ--
886 243 910 252 γ.
931 251 935 252 ,

996 208 1065 243 ejus.
1093 215 1120 237 et
1149 211 1208 240 haec
1234 213 1328 240 omnia
1358 213 1521 248 adjicientur
1537 215 1626 243 vobis.
1642 212 1736 252 Neque
1752 217 1780 243 iu

1727 158 1781 191 670

992 255 1145 284 crastinum
1161 257 1272 286 solliciti
1290 258 1351 286 sitis
1366 267 1374 293 ;
1390 260 1528 288 crastinus
1545 262 1619 289 enim
1635 261 1694 289 dies
1705 263 1782 290 solli-

993 302 1065 330 citus
1090 303 1142 330 erit
1169 304 1220 331 sibi
1248 304 1300 340 ipsi
1316 314 1324 333 :
1340 305 1438 333 sullicit
1452 307 1506 334 diei
1527 307 1632 335 malitia
1648 315 1698 335 sua
1711 308 1744 334 ".
1767 317 1777 333 ι

995 349 1065 376 Dicit
1088 355 1179 377 autem
1205 355 1232 378 et
1262 357 1376 385 sanctus
1401 353 1491 381 Isaac:
1521 363 1530 380 ι
1546 354 1604 382 Nisi
1622 355 1661 382 sis
1677 355 1780 390 absque

993 394 1187 429 sollicitudine,
1224 404 1258 424 ne
1290 405 1398 432 quaeras
1425 399 1453 426 in
1484 400 1575 427 anima
1603 404 1649 428 tua
1676 401 1779 433 lucem,

994 449 1081 476 neque
1109 444 1346 479 tranquillitatem,
1373 439 1463 480 ueqtte
1491 454 1586 481 pacem
1620 446 1647 474 in
1682 455 1766 481 super

994 488 1038 516 hia
1068 496 1197 516 sensuum
1225 496 1345 519 tuorum.
1363 501 1373 518 ι
1406 492 1440 520 Ει
1467 492 1597 521 Climax:
1627 502 1636 519 ι
1659 493 1780 528 Capillus

993 541 1065 561 unus
1094 535 1204 562 oculum
1235 536 1327 570 laedit,
1351 542 1379 564 et
1401 545 1483 572 parva
1500 539 1659 566 sollicitudo
1684 547 1779 573 pacem

992 581 1112 614 expellit.
1129 581 1183 609 Pax
1207 583 1280 610 enim
1297 590 1339 612 est
1359 585 1560 619 cegitationum
1585 586 1736 620 depositio,
1752 591 1781 613 et

994 634 1132 656 rectarum
1149 631 1229 657 etiam
1246 639 1374 659 curarum
1392 634 1513 668 negatio.
1532 633 1584 667 Qui
1602 642 1667 662 vere
1685 643 1779 670 pacem

993 676 1130 710 concepit,
1156 684 1206 704 nec
1225 678 1259 704 de
1287 686 1334 706 sua
1359 687 1443 707 carne
1463 680 1600 709 sollicitus
1615 686 1665 708 est.
1686 691 1695 707 ι
1720 681 1779 708 Non

993 722 1108 750 mendax
1123 728 1164 751 est
1179 724 1225 759 qui
1242 724 1267 752 id
1285 725 1474 760 proclamavit.

1098 776 1175 809 Quod
1190 782 1290 811 oportet
1307 784 1331 806 te
1343 787 1400 806 esse
1414 778 1516 806 silentii
1531 780 1676 807 amantem.

1030 823 1068 851 De
1085 829 1164 852 sexto
1191 825 1282 852 adhuc
1312 834 1410 861 nempe
1428 827 1477 854 tibi
1494 827 1630 854 silendum
1646 834 1707 854 esse
1724 833 1776 854 scr-

995 870 1083 897 monis
1100 874 1201 898 trames
1217 879 1267 899 nos
1280 872 1312 898 ad
1326 872 1472 900 dicendum
1492 873 1609 900 inducit.
1631 873 1662 900 Et
1679 873 1713 900 de
1730 872 1783 899 hoc

995 916 1032 943 ita
1060 916 1182 952 loquitur
1213 918 1273 952 pius
1304 917 1380 945 Isaac
1401 927 1408 945 :
1441 927 1450 943 ι
1472 917 1522 952 Qui
1539 926 1569 945 os
1586 926 1665 945 suum
1686 918 1720 945 ab
1735 918 1783 944 ob-

996 963 1158 989 trectatione
1174 964 1283 996 avortit,
1299 972 1345 991 cor
1360 972 1439 992 suum
1459 972 1570 1000 quoque
1585 965 1782 998 cupiditatibus

995 1015 1113 1034 vacuum
1145 1013 1259 1042 servat;
1287 1012 1314 1035 et
1343 1009 1389 1043 qui
1416 1017 1464 1036 cor
1490 1017 1569 1036 suum
1587 1009 1783 1044 cupiditatibus

989 1058 1100 1093 purgat,
1120 1055 1193 1080 omni
1209 1055 1274 1081 hora
1291 1054 1435 1084 Dominum
1453 1055 1575 1082 intuetur
1589 1065 1596 1088 ;
1612 1061 1640 1083 et
1654 1056 1677 1083 si
1690 1056 1783 1083 omnia

993 1099 1057 1126 vitae
1072 1107 1152 1134 opera
1172 1101 1198 1126 iu
1215 1109 1269 1127 una
1286 1106 1364 1136 parte
1381 1101 1493 1134 statuis,
1512 1101 1652 1129 silentium
1669 1109 1733 1128 vero
1756 1101 1783 1128 in

995 1147 1090 1179 altera,
1112 1147 1231 1180 reperies
1261 1148 1403 1175 silentium
1425 1148 1451 1175 in
1481 1149 1557 1175 lance
1577 1148 1638 1183 plus
1654 1148 1784 1183 ponderis

995 1192 1105 1221 habere.
1121 1203 1130 1220 ›
1144 1193 1189 1226 Ει,
1207 1203 1216 1219 ι
1233 1193 1321 1229 Super
1340 1195 1430 1222 omnia
1447 1195 1586 1222 silentium
1602 1194 1695 1229 dilige,
1718 1194 1783 1228 quia

994 1245 1020 1267 te
1048 1239 1148 1267 fructui
1178 1240 1333 1274 proximum
1365 1242 1456 1269 faciet.
1482 1241 1588 1276 Lingua
1618 1242 1691 1268 enim
1721 1241 1784 1268 huic

993 1287 1150 1314 enarrando
1167 1287 1256 1322 impar
1279 1292 1331 1316 est.
1347 1287 1441 1315 Primo
1453 1296 1582 1323 cogamus
1600 1289 1782 1322 nosmetipsos

995 1338 1104 1362 tacere:
1125 1338 1152 1361 et
1184 1342 1217 1361 ex
1235 1340 1331 1362 nostro
1359 1335 1469 1362 silentio
1496 1341 1626 1362 nascetur
1641 1335 1719 1362 nobis
1734 1335 1783 1361 ali-

993 1380 1058 1414 quid
1087 1388 1137 1407 nos
1165 1380 1198 1407 ad
1228 1381 1318 1415 ipsum
1348 1381 1489 1408 silentium
1517 1380 1652 1416 dirigens.
1666 1380 1716 1408 Det
1734 1379 1783 1407 tibi

994 1427 1065 1454 Deus
1084 1427 1303 1455 animadvertere
1324 1428 1429 1461 aliquid
1448 1428 1474 1454 in
1492 1432 1518 1454 te
1534 1435 1566 1454 ex
1586 1427 1697 1454 silentio
1718 1435 1783 1453 nas-

994 1480 1059 1500 cens
1076 1473 1082 1501 !
1102 1472 1180 1505 Quod
1197 1473 1220 1500 si
1235 1473 1286 1500 hac
1302 1474 1398 1507 agendi
1413 1474 1520 1501 ratione
1544 1473 1668 1508 ittt'ipias,
1689 1472 1784 1500 nescio

993 1527 1042 1554 ego
1059 1524 1190 1554 quantum
1208 1520 1298 1547 lumen
1313 1519 1361 1547 tibi
1380 1519 1444 1547 inde
1460 1520 1637 1547 nasciturum
1654 1521 1700 1547 sit.
1724 1529 1734 1545 ι
1753 1519 1785 1547 Ει

151 1554 323 1589 σταμαιὲγὼ
340 1557 415 1582 ποῖον
433 1556 491 1590 ξρῶς
519 1557 644 1584 ἀνατελεῖ
667 1566 708 1584 σοι
729 1558 864 1585 ἐντεῦθεν.
891 1559 944 1586 Καὶ

996 1574 1099 1593 "ursum
1115 1575 1121 1593 :
1137 1575 1145 1592 t
1165 1565 1308 1593 Silentium
1321 1571 1362 1594 est
1377 1567 1466 1594 saeculi
1493 1566 1576 1594 futuri
1603 1567 1782 1601 mysterium:

154 1599 235 1633 αὖθις
256 1609 264 1617 ⁸
285 1601 317 1628 ῚῙ
339 1602 429 1637 σιωπὴ
465 1603 614 1639 μυστήριόν
640 1603 699 1630 ἐστι
724 1603 772 1630 τοῦ
799 1604 946 1639 μέλλοντος

152 1646 252 1678 αἰῶνος
262 1655 270 1661 ·
286 1647 310 1672 οι
321 1647 350 1674 δὲ
366 1647 441 1682 λόγοι
459 1642 575 1684 δργανόν
590 1650 643 1675 εἰσι
662 1648 708 1675 τοῦ
723 1649 826 1683 κόσμου
838 1649 944 1676 τούτου.

153 1694 211 1720 Kal.
228 1693 268 1729 τῷ
283 1693 353 1729 ἁγίῳ
370 1694 398 1720 δὲ
419 1695 562 1730 ’Δρσενίῳ,
584 1695 671 1726 οὕτως
694 1696 710 1730 ὴ
728 1695 788 1722 θεία
814 1695 890 1731 φωνὴ
914 1696 946 1722 τὸ

152 1739 280 1775 δεύτερον
305 1739 453 1767 ἐθέσπισε·
476 1740 611 1776 Ἀρσένιε,
642 1740 738 1778 φεῦγε,
759 1741 859 1775 σιώπα,
878 1741 945 1777 ήσύ-

153 1787 232 1822 χαζσ,
251 1787 300 1814 καὶ
312 1787 435 1823 σωθήσῃ.

328 1843 394 1870 Ὅτι
409 1843 455 1870 δεῖ
470 1843 592 1879 ἥσυχον
611 1842 689 1871 εἶναι
703 1853 750 1873 σε.

191 1902 211 1940 Ζ
223 1922 230 1929 .
252 1900 393 1933 Ὡσαύτως
403 1899 432 1928 δὲ
450 1901 497 1928 καὶ
513 1901 578 1936 περὶ
591 1901 639 1928 τοῦ
657 1901 782 1937 ὲῦδόμου,
797 1900 881 1938 ἤγουν
899 1900 946 1928 τοῦ

154 1947 266 1985 ήσύχως
282 1947 378 1983 βιῶναι
394 1955 435 1981 σε,
453 1947 607 1984 ἀξιόπιστοι
635 1947 703 1982 πρὸς
727 1948 915 1983 παράστασιν,
933 1947 947 1974 ὃ

153 2003 185 2021 τε
205 1994 290 2029 μέγας
304 1993 457 2027 Βασίλειος,
473 1991 521 2031 καὶ
533 1994 547 2020 6
564 1993 641 2032 ἅγιος
654 1994 736 2027 πάλιν
754 1993 857 2025 Ἰσαὰκ,
871 1994 885 2019 6
898 1994 947 2029 μὲν

154 2041 274 2081 ιίρηκῴς
282 2048 288 2056 ·
309 2041 341 2067 Ἦ
351 2041 462 2079 ἡσυχία,
479 2041 551 2076 ἁρχὴ
564 2040 726 2077 καθάρσεως
737 2042 770 2077 τῇ
780 2041 853 2078 ψυχῇ
863 2049 869 2055 ·
882 2042 896 2068 6
906 2041 948 2076 δὲ,

154 2087 239 2125 Ὅρος
253 2087 379 2129 ἡσυχίας,
395 2086 486 2121 σιωπὴ
499 2087 553 2113 ἀπὸ
565 2086 687 2114 πάντων·
706 2087 720 2113 ό
738 2087 799 2122 μὲν,
814 2088 864 2122 τὴν
879 2087 948 2118 ταύ-

153 2142 205 2169 της
220 2134 318 2170 ἀρχὴν,
339 2134 353 2160 6
376 2134 415 2167 δὲ,
430 2134 461 2161 τὸ
480 2133 557 2170 τέλος
578 2133 622 2161 διὰ
637 2133 719 2170 τῶνδε
731 2134 786 2160 τῶν
800 2134 896 2170 φωνῶν
909 2134 946 2166 ὡς

155 2182 185 2208 ὲν
201 2181 330 2216 συντόμῳ
349 2180 579 2216 ὲπισημάναντες.
599 2180 654 2206 Kal.
677 2180 706 2207 ὲν
733 2181 766 2215 τῇ
790 2180 896 2217 ῌαλαιᾷ
918 2180 946 2207 δὲ

154 2228 253 2263 Γραφῇ
269 2227 355 2259 οὓτως
365 2227 472 2262 εἴρηται
483 2235 489 2242 ·
505 2227 686 2262 ιᾚμαρτεςς
702 2226 839 2264 ήσύχασον
849 2236 855 2242 ·
867 2237 877 2258 ι
889 2228 945 2260 καὶ,
959 2243 981 2270 D

158 2284 168 2302 ι
181 2274 336 2310 Σχολάσατε
353 2273 401 2301 καὶ
417 2273 516 2307 γνῶτε,
530 2273 570 2299 ὄτι
583 2272 638 2306 ἐγώ
652 2274 708 2308 εἰμι
722 2273 821 2310 όΘεός.
839 2283 848 2299 ι
866 2274 947 2310 Λέγει

155 2321 185 2351 δὲ
206 2320 254 2351 καὶ
269 2322 283 2347 6
300 2321 349 2357 τῆς
369 2320 527 2355 Κλίμακος·
546 2319 649 2354 Ἔργον
672 2319 789 2354 ἡσυχίας
811 2319 948 2355 προηγούι

158 2375 251 2402 μενον,
272 2366 423 2402 ἀμεριμνία
445 2366 556 2403 πάντων
584 2366 757 2401 πραγμάτων
782 2365 910 2400 εὐλόγων,
929 2366 945 2402 ἢ

156 2411 266 2445 ἀλόγων
276 2419 282 2426 ·
298 2411 312 2437 6
325 2410 379 2445 γὰρ
398 2411 454 2441 τοῖς
477 2409 622 2446 προτέροις
645 2409 771 2443 ἀνοίγων,
786 2411 843 2441 τοῖς
856 2410 948 2436 δευτέ-

159 2464 217 2493 ροις
232 2456 343 2487 πάντως
370 2456 573 2492 περιπεσεῖται.
603 2455 745 2492 Προσευχὴ
765 2454 871 2487 ἄοκνος,
901 2455 948 2481 καὶ

155 2504 261 2539 τρίτην,
277 2503 395 2541 ἐργασία
416 2502 529 2538 καρδίας
546 2500 655 2533 ἄσυλος.
673 2501 826 2534 Ἀδύνατον,
842 2501 888 2528 τὸν
909 2501 946 2537 μὴ

156 2551 314 2585 γράμματα
325 2549 515 2586 μεμαθηκότα,
528 2547 650 2582 φυσικῶς
661 2547 690 2574 ἐν
701 2547 803 2580 δέλτοις
819 2548 946 2584 μελετᾷν·

157 2596 363 2630 ἀδυνατώτερον
372 2596 411 2626 δὲ,
427 2596 490 2626 τοὺς
505 2595 542 2630 μὴ
558 2594 588 2621 τὺ
603 2595 735 2630 πρότερον
747 2596 946 2630 κτησαμένους,

163 2642 199 2669 τὰ
218 2639 274 2667 δύω
289 2640 360 2675 λόγῳ
377 2639 528 2676 μετελθεῖν.
551 2639 606 2669 Καὶ
624 2637 704 2672 αὖθις
717 2640 731 2666 6
746 2639 824 2674 ἆγιος
845 2640 954 2666 Ἰσαάκ·

162 2686 251 2718 Πόθος
264 2686 383 2721 ἡσυχίας
407 2685 477 2716 ἐστὶ,
496 2685 642 2720 προσδοκία
662 2685 709 2711 τοῦ
734 2685 850 2712 θανάτου
867 2686 956 2721 διηνερ

165 2730 218 2765 κής
227 2737 234 2744 ο
251 2730 265 2755 6
278 2729 356 2759 ἐκτὸς
368 2729 469 2764 ταύτης
485 2729 535 2763 τῆς
548 2729 663 2764 μελέτης
676 2729 867 2765 είσερχόμενος
880 2731 910 2757 ὲν
923 2732 955 2765 τῇ

167 2774 282 2810 ἡσυχίᾳ,
299 2775 329 2801 οὐ
342 2773 455 2801 δύναται
473 2773 618 2809 βαστάσαι,
636 2775 708 2810 ἅπερ
724 2775 868 2810 όερείλομεν
890 2784 950 2811 καρ-

164 2823 256 2858 τερεῖν
272 2822 319 2848 καὶ
334 2821 478 2856 βαστάζειν
489 2823 522 2849 ἐκ
537 2823 636 2854 παντὸς
651 2823 764 2857 τρόπον.

993 1620 1134 1640 sermones
1159 1621 1222 1640 vero
1250 1617 1314 1640 sunt
1336 1613 1431 1640 mundi
1458 1613 1542 1648 hujus
1571 1621 1673 1648 organa
1688 1632 1696 1639 .
1718 1623 1728 1638 ι
1750 1613 1783 1640 Et

993 1663 1088 1686 sancto
1105 1659 1220 1686 Arsenio
1234 1658 1270 1686 ita
1285 1659 1378 1686 divina
1392 1667 1442 1686 vox
1453 1659 1590 1694 posterius
1607 1659 1646 1686 sic
1662 1667 1778 1693 expres-

993 1706 1047 1733 sit:
1068 1715 1076 1731 ι
1095 1705 1205 1740 Arseni,
1233 1706 1308 1741 fuge,
1334 1706 1397 1739 sile,
1417 1714 1510 1741 pacem
1540 1710 1619 1739 tene,
1641 1710 1669 1734 et
1693 1706 1785 1733 salvus

994 1761 1060 1782 ens.
1081 1764 1091 1781 ι

1135 1845 1211 1878 Quod
1224 1850 1326 1879 oportet
1343 1849 1368 1871 te
1379 1852 1434 1872 este
1451 1843 1635 1880 tranquillum.

1028 1890 1134 1918 Pariter
1159 1896 1186 1918 et
1211 1891 1370 1925 septimum,
1396 1899 1493 1925 nempe
1524 1890 1597 1926 quod
1629 1895 1738 1924 oportet
1758 1895 1785 1918 te

993 1937 1078 1965 vitam
1109 1937 1282 1971 tranquillam
1313 1945 1406 1971 agere,
1434 1937 1536 1971 optime
1552 1936 1744 1964 demonstrant
1757 1940 1785 1963 et

993 1991 1109 2019 magnus
1125 1982 1241 2010 Basilius
1262 1987 1289 2010 et
1301 1987 1412 2010 sanctus
1428 1991 1536 2010 rursum
1551 1983 1643 2017 Isaac;
1661 1983 1705 2010 ille
1722 1982 1784 2017 qui~

994 2032 1056 2059 dem
1084 2030 1197 2058 dicens:
1217 2039 1226 2056 ι
1259 2029 1469 2064 Tranquillitas,
1493 2028 1667 2064 purgationis
1685 2029 1786 2056 animat

993 2078 1175 2113 principium;
1190 2087 1200 2103 ι
1221 2076 1265 2104 hic
1282 2084 1361 2104 vero:
1382 2085 1391 2102 ι
1407 2075 1552 2103 Terminus
1568 2075 1785 2110 tranquillitatis,

994 2125 1135 2154 silentium
1164 2131 1196 2151 ex
1226 2123 1302 2150 omni
1333 2126 1431 2157 parte;
1459 2131 1470 2149 ι
1503 2122 1548 2150 ille
1565 2122 1687 2157 quidem,
1704 2119 1787 2154 hujus

995 2171 1183 2207 principium,
1210 2169 1255 2196 hic
1281 2177 1346 2196 vero
1374 2169 1523 2196 terminum
1548 2168 1590 2196 bis
1618 2167 1731 2194 vocibus
1757 2172 1787 2192 ut

994 2216 1190 2252 compendiose
1206 2215 1402 2250 signiﬁcantes.
1415 2213 1448 2241 Et
1460 2212 1596 2248 ianelere
1610 2212 1787 2240 Testamento

994 2264 1030 2291 ita
1043 2263 1145 2290 dictum
1160 2266 1222 2289 est:
1239 2271 1248 2287 ι
1277 2259 1423 2288 l’eccssti‘l
1439 2259 1667 2294 tranquillitatem
1682 2267 1748 2294 age;
1771 2268 1786 2285 ιι

993 2315 1031 2344 et,
1053 2319 1062 2336 ‹
1081 2309 1181 2336 Vacate
1208 2313 1234 2335 et
1248 2309 1327 2340 scite,
1341 2307 1406 2342 quia
1425 2306 1482 2342 Ego
1502 2315 1562 2334 sum
1584 2307 1666 2334 Deus.
1687 2317 1695 2333 ι
1718 2307 1788 2334 Dicit

994 2360 1084 2384 autent
1108 2359 1135 2382 ct
1161 2354 1266 2381 Climax
1295 2363 1302 2380 :
1338 2361 1436 2388 «opus
1459 2353 1665 2388 tranquillitatis
1691 2353 1786 2388 pra-ci-

995 2409 1078 2438 puum
1095 2406 1136 2427 est
1155 2400 1224 2426 nihil
1241 2406 1338 2427 curare
1351 2407 1409 2426 Slve
1426 2399 1524 2425 rationi
1540 2402 1787 2425 consentaneurum

999 2449 1057 2476 sive
1071 2446 1170 2474 rationi
1186 2445 1403 2473 adversantium.
1420 2444 1472 2477 Qui
1497 2445 1569 2471 enitn
1582 2444 1696 2479 jauuatu
1714 2444 1787 2478 prio-

999 2495 1074 2522 ribus
1089 2493 1187 2528 aperil,
1203 2500 1265 2519 mox
1281 2493 1307 2519 in
1324 2492 1477 2526 posteriora
1496 2491 1619 2520 incidet:
1637 2491 1730 2519 Oratio
1744 2491 1787 2518 in-

999 2540 1103 2575 trepida
1129 2545 1155 2567 et
1176 2539 1276 2566 deinde
1295 2539 1418 2573 operatio
1442 2538 1536 2565 cordis
1558 2538 1706 2565 tutissima.
1727 2537 1786 2564 Non

999 2593 1085 2624 potest
1103 2587 1162 2615 lieri
1175 2591 1204 2622 ut
1219 2586 1266 2622 qui
1282 2586 1388 2613 litteras
1405 2593 1459 2612 non
1477 2585 1625 2616 didicerit,
1644 2585 1671 2612 in
1689 2585 1788 2612 tabulis

998 2639 1177 2663 exerceatur:
1193 2632 1392 2668 impossibilius
1408 2632 1498 2659 adhuc
1518 2636 1560 2658 est
1577 2635 1607 2658 ut
1622 2631 1640 2658 ii
1668 2630 1715 2666 qui
1731 2630 1788 2665 pri—

999 2690 1073 2709 mum
1092 2688 1144 2707 uou
1162 2679 1352 2715 possederint,
1369 2679 1423 2705 duo
1442 2678 1494 2705 alia
1507 2683 1700 2712 assequuntur.
1728 2686 1737 2702 ι
1755 2676 1789 2704 Et

998 2735 1107 2756 rursum
1121 2732 1232 2755 sanctus
1246 2725 1340 2753 Isaac:
1359 2733 1369 2750 ι
1388 2723 1608 2758 Trauquillitatis
1620 2723 1787 2750 desiderium

998 2780 1041 2802 est
1061 2775 1190 2802 continua
1222 2773 1318 2800 mortis
1333 2771 1515 2806 exspectatio.
1532 2769 1583 2803 Qui
1604 2770 1713 2806 absque
1736 2770 1788 2798 hoc

1000 2822 1136 2852 exercito
1159 2820 1186 2848 iu
1204 2819 1407 2854 tranquillitate
1437 2816 1601 2852 ingreditur,
1620 2824 1674 2845 non
1701 2820 1792 2852 potest

170 2873 242 2903 {circ
264 2879 325 2907 qua
348 2873 484 2900 sustinere
504 2880 537 2901 ac
547 2874 660 2903 sullcrre
673 2874 747 2903 omni
762 2873 842 2902 modo
860 2873 997 2909 debemus.

204 2933 228 2949 "
242 2931 336 2961 Matth.
352 2940 388 2967 γι,
403 2932 448 2968 τε,
467 2940 546 2975 seqq.
