1925 3083
143 156 196 184 6ὖί

137 211 219 245 Θεοῦ,
231 211 280 239 καὶ
292 210 343 248 τήν
355 204 532 248 δικαιοσύνην
544 212 638 246 αὐτού,
653 214 701 241 καὶ

140 256 361 292 προστεθήσεται
377 256 442 292 ὑμῖν
453 265 461 272 ·
489 257 527 293 μὴ
541 255 588 285 οὖν
604 259 793 294 μεριμνήσητε
809 261 849 292 εἰς
878 261 931 296 τὴν

139 301 253 337 αὖριον·
275 303 292 337 ή
307 304 361 339 γάρ
385 302 480 339 αὔριον
499 306 665 341 μεριμνήσει
691 306 726 333 τὰ
744 306 861 341 ἑαυτῆς·
878 307 930 346 ἁρ-

139 348 217 376 κετδν
242 350 275 384 τῇ
307 349 400 385 ήμέρᾳ
416 351 432 385 ἡ
464 350 549 378 κακία
566 351 662 387 αὐτῆς.
684 361 694 378 ›
721 353 804 387 Λέγει
817 353 845 380 δὲ
857 355 904 381 καὶ
916 355 932 381 6

140 394 218 428 ἅγιος
249 395 359 421 Ἰσαάκ·
387 396 480 431 Χωρὶς
497 398 676 433 ἀμεριμνίας,
696 398 754 434 φῶς
765 400 794 426 ὲν
806 401 838 436 τῇ
855 400 929 437 ψυχῇ

139 448 187 467 σου
203 439 240 475 μὴ
255 440 395 477 ζητήσῃς·
414 442 483 477 μήτε
494 442 615 480 γαλήνην
626 444 673 470 καὶ
684 445 811 481 ἡσυχίαν,
842 447 872 473 ὲν
895 449 930 483 τῇ

141 487 291 522 χαυνότητι
305 487 361 514 τῶν
376 488 530 524 αἰσθήσεών
543 497 601 516 σου.
616 490 672 517 Καὶ
682 491 695 517 6
712 491 760 525 τῆς
776 492 930 528 Κλίμακος·

140 533 198 561 Μία
214 533 276 569 Θρὶξ
307 534 442 570 ταράσσει
466 535 607 571 ὀφθαλμόν
624 545 632 552 ·
652 537 700 564 καὶ
730 538 818 574 μικρά
849 548 932 575 φρον-

140 579 184 611 τὶς
215 579 342 614 ἀφανίζει
362 581 490 616 ἡσυχίαν.
525 581 640 618 Ἡσυχία
665 583 720 618 γάρ
744 585 819 611 ἐστιν
833 585 933 613 ἀπόθε-

141 634 183 658 σις
192 627 348 661 νοημάτων,
365 628 411 654 καὶ
424 628 538 663 ἄρνησις
551 629 669 664 εὐλόγων
680 631 839 665 φροντίδων.
849 632 878 659 '0
891 632 934 659 6v-

139 681 194 705 τως
220 673 336 709 ἡσυχίαν
366 675 537 711 κατειληφὼς
568 676 629 702 οὐδὲ
647 678 695 712 τῆς
722 677 819 704 ἑαυτοῦ
832 678 934 714 σαρκὸς

141 719 290 758 (ερον-τίσει.
313 720 445 756 Ἀψευδὴς
474 722 529 757 γάρ
560 723 635 748 ὲστιν
649 724 663 749 6
686 723 933 759 ἐπαγγειλάμενος.

319 780 379 806 Ὅτι
393 779 441 806 δεῖ
448 780 606 815 σιωπηλὸν
616 779 694 808 εἶναί
709 790 756 809 σε.

178 833 216 866 ς’.
235 835 296 861 Ἔτι
318 834 441 870 περὶτοῦ
457 835 548 867 ἕκτου,
572 836 674 871 δηλαδὴ
703 836 751 864 τοῦ
776 839 891 873 σιωπᾷν,
921 838 935 865 6

141 881 237 916 είρμὸς
253 882 341 908 εἰπεῖν
365 881 442 916 ἡμᾶς’
454 882 577 914 ἐκϐιάζει
591 882 638 908 τοῦ
661 883 753 917 λόγου.
781 883 862 917 Λέγει
888 882 935 911 οὖν

143 927 190 953 καὶ
223 927 287 960 περὶ
312 926 410 953 τούτου
435 928 449 953 ό
476 928 550 958 ὅσιος
570 927 684 954 Ἰσαάκ·
708 928 737 955 Ὀ
767 929 881 956 κωλύων
904 930 934 957 τὸ
952 916 972 943 Β

143 971 233 1007 στόμα
253 971 337 998 αὑτοῦ
354 973 386 998 ὲκ
401 973 450 1007 τῆς
463 973 642 1006 καταλαλιᾶς,
662 974 849 1011 φυλάττειτὴν
866 985 936 1012 καρ-

143 1016 203 1043 δίαν
216 1017 298 1043 αὑτοῦ
317 1018 348 1043 ὲκ
361 1018 416 1044 τῶν
429 1018 526 1045 παθῶν
537 1026 544 1034 ·
562 1019 609 1046 καὶ
625 1021 638 1046 6
652 1020 793 1055 καθαίρων
808 1021 856 1056 τὴν
869 1030 936 1056 καρ-

142 1063 200 1090 δίαν
216 1063 298 1090 αὑτοῦ
311 1065 343 1091 ὲκ
359 1064 413 1091 τῶν
432 1065 542 1098 παθῶν,
555 1066 584 1093 ἒν
598 1067 672 1102 πᾱσῃ
691 1066 750 1102 ὥρᾳ
777 1068 875 1102 θεωρεῖ
891 1068 937 1094 τὸν

143 1108 265 1144 Κύριονο
279 1109 326 1135 καὶ
342 1110 386 1136 ὅτε
407 1110 496 1137 πάντα
513 1111 547 1138 τὰ
566 1112 634 1146 ἔργα
651 1113 703 1148 τῆς
732 1113 871 1145 πολιτείας
897 1115 937 1146 εἰς

143 1154 173 1181 ἓν
190 1155 271 1190 μέρος
289 1155 394 1191 θήσεις,
410 1156 458 1183 καὶ
466 1157 516 1192 τὴν
528 1158 634 1193 σιωπὴν
646 1159 675 1185 ὲν
697 1159 779 1194 ἄλλῳ,
810 1159 937 1194 εὑρήσεις

144 1200 229 1236 αὐτὴν
260 1201 484 1236 ὑπερϐάλλουσαν
512 1203 541 1229 ὲν
572 1203 696 1240 σταθμῷ.
732 1205 788 1231 Καί
807 1213 815 1221 ’
851 1205 937 1241 ’Υπὲρ

146 1249 234 1276 πάντα
256 1250 306 1285 τὴν
321 1250 427 1286 σιωπὴν
451 1251 606 1286 ἁγάπησον,
641 1253 682 1279 ὅτι
702 1252 878 1288 προσεγγίζει
908 1263 937 1280 σε

146 1294 203 1331 [ισ.
216 1295 268 1332 σοι]
284 1297 351 1332 πρὸς
368 1297 484 1333 καρπόν.
503 1297 534 1324 'H
547 1298 658 1333 γλῶσσα
669 1298 723 1334 γὰρ
739 1299 850 1328 ἀσθενεῖ
867 1300 936 1335 πρὸς

144 1341 195 1376 τὴν
207 1341 335 1377 ἐξήγησιν
353 1343 446 1370 αὑτοῦ.
470 1344 582 1379 Πρῶτον
609 1345 660 1379 μὲν
688 1345 847 1380 βιασώμεθα
872 1347 937 1373 ἐαυ-

145 1388 211 1418 τοὺς
243 1389 370 1424 σιωπᾷν,
398 1389 446 1415 καὶ
475 1390 535 1416 τότε
560 1391 590 1417 ἐκ
611 1391 660 1426 τῆς
682 1393 788 1427 σιωπῆς
811 1394 937 1425 γεννᾶται

146 1434 214 1469 ἡμῖν
224 1442 262 1465 τι,
280 1434 394 1470 ὁδηγοῦν
406 1435 480 1470 ἡμᾶς
501 1437 542 1467 είς
561 1436 647 1472 αὐτὴν
666 1437 716 1473 τὴν
736 1440 853 1473 σιωπήν.
875 1439 937 1475 Δῴη

146 1480 211 1506 σοιὸ
227 1479 292 1511 Θεὸς
306 1480 472 1516 αίσθηθῆναί
488 1491 561 1514 τινος
576 1483 749 1518 γεννωμένου
766 1485 798 1510 ἐκ
812 1486 860 1519 τῆς
873 1494 937 1512 σιω-

146 1526 211 1561 πῆς.
233 1527 296 1553 Ἐὰν
309 1527 337 1553 δὲ
352 1528 381 1554 ὲν
402 1527 489 1565 ταύτῃ
552 1529 676 1565 πολιτείᾳ
694 1529 775 1567 ἄρξῃ,
798 1531 848 1558 οὐκ
876 1531 938 1558 ἐπί-

779 163 979 196 OPUSCULA
997 167 1189 202 ASCETICA.
1721 177 1775 210 670

727 214 815 242 ταῦτα
840 215 929 242 πάντα

730 267 792 270 μη
881 261 903 270 κ.

988 226 1058 261 ejus.
1087 233 1114 256 et
1143 230 1202 258 brec
1227 231 1321 259 omnia
1351 232 1515 266 adjicientur
1531 234 1619 262 vobis.
1635 232 1729 270 Neque
1745 235 1774 262 iu

986 274 1138 303 crastinum
1155 276 1266 304 solliciti
1283 277 1344 305 sitis
1360 286 1368 311 ;
1383 278 1522 307 crastinus
1539 281 1613 307 enim
1628 280 1687 308 dies
1698 281 1775 308 solli-

986 320 1058 348 citus
1083 322 1136 349 erit
1162 322 1214 350 sibi
1242 323 1293 358 ipsi
1310 332 1317 352 :
1333 324 1432 352 sullicit
1445 325 1499 353 diei
1520 326 1626 354 malitia
1642 334 1691 354 sua
1705 327 1738 353 ".
1761 336 1771 352 ι

988 367 1058 395 Dicit
1082 373 1173 396 autem
1198 373 1226 397 et
1256 376 1369 404 sanctus
1394 372 1485 400 Isaac:
1515 382 1524 398 ι
1540 372 1598 400 Nisi
1616 374 1655 401 sis
1670 374 1774 408 absque

986 413 1180 448 sollicitudine,
1217 423 1251 443 ne
1283 424 1391 451 quaeras
1419 417 1446 445 in
1477 419 1569 446 anima
1597 423 1643 447 tua
1669 420 1772 452 lucem,

987 468 1075 495 neque
1103 463 1339 497 tranquillitatem,
1367 458 1457 499 neque
1485 473 1580 499 pacem
1613 465 1640 492 in
1675 473 1760 500 super

987 506 1031 534 bia
1061 515 1190 535 sensuum
1218 514 1338 538 tuorum.
1357 520 1366 536 ι
1399 511 1432 538 Ει
1461 511 1590 540 Climax:
1620 521 1630 538 ι
1652 512 1774 547 Capillus

986 560 1058 580 unus
1087 554 1198 581 oculum
1228 555 1320 589 laedit,
1344 561 1372 583 et
1394 564 1477 591 parva
1493 558 1652 585 sollicitudo
1678 566 1772 592 pacem

986 599 1106 633 expellit.
1122 599 1177 628 Pax
1200 601 1274 629 enim
1291 609 1332 630 est
1352 604 1553 638 cogitationum
1578 605 1729 639 depositio,
1745 611 1775 632 et

987 652 1125 675 rectarum
1142 649 1222 676 etiam
1239 658 1367 678 curarum
1385 653 1506 687 negatio.
1525 652 1578 686 Qui
1596 661 1660 681 vere
1678 661 1773 688 pacem

986 695 1123 729 concepit,
1149 702 1198 723 nec
1218 696 1251 723 de
1280 705 1328 724 sua
1352 706 1436 726 carne
1457 699 1593 728 sollicitus
1608 705 1659 727 est.
1680 709 1689 726 ι
1714 699 1772 727 Non

986 740 1102 768 mendax
1116 746 1157 769 est
1172 743 1218 778 qui
1235 743 1260 771 id
1278 744 1467 778 proclamavit.

1091 795 1168 827 Quod
1183 800 1283 830 oportet
1300 803 1325 824 te
1336 805 1393 825 esse
1407 798 1509 825 silentii
1524 798 1669 826 amantem.

1024 841 1061 869 De
1078 847 1157 870 sexto
1184 844 1274 871 adhuc
1305 853 1403 879 nempe
1421 846 1469 873 tibi
1487 846 1623 873 silendum
1640 853 1700 873 esse
1717 852 1770 873 srr-

988 888 1076 915 monis
1093 893 1194 917 trames
1210 897 1260 917 nos
1273 891 1306 917 ad
1319 891 1466 918 dicendum
1485 891 1602 919 inducit.
1624 891 1656 919 Et
1673 892 1706 919 de
1723 891 1776 918 hoc

988 934 1025 962 ita
1053 934 1175 970 loquitur
1206 937 1266 970 pius
1297 936 1373 964 Isaac
1394 945 1401 964 :
1435 945 1443 962 ι
1465 936 1515 970 Qui
1532 944 1562 964 os
1580 945 1658 964 suum
1679 937 1713 964 ab
1728 938 1776 963 ob-

989 981 1151 1008 trectatione
1167 982 1277 1014 avertit,
1292 990 1338 1009 cor
1353 991 1432 1011 suum
1452 991 1564 1018 quoque
1577 983 1776 1017 cupiditatibus

988 1033 1105 1052 vacuum
1139 1032 1251 1060 servat;
1280 1031 1307 1054 ct
1336 1027 1382 1061 qui
1409 1036 1457 1054 cor
1483 1036 1562 1055 suum
1580 1028 1777 1062 cupiditatibus

982 1077 1093 1112 purgat,
1113 1073 1186 1099 omni
1202 1074 1267 1100 hora
1284 1073 1428 1103 Dominum
1446 1074 1568 1101 intuetur
1582 1084 1589 1108 ;
1605 1080 1634 1102 et
1647 1075 1670 1102 si
1683 1075 1776 1102 omnia

987 1118 1049 1144 vitae
1065 1125 1145 1152 opera
1165 1119 1191 1145 in
1209 1127 1262 1146 una
1279 1125 1357 1154 parte
1374 1120 1486 1153 statuis,
1505 1120 1645 1148 silentium
1663 1128 1727 1147 vero
1749 1121 1776 1147 in

987 1165 1083 1198 altera,
1105 1166 1224 1199 reperies
1254 1167 1396 1194 silentium
1418 1167 1444 1194 in
1474 1167 1550 1194 lance
1570 1167 1631 1202 plus
1647 1167 1777 1202 ponderis

988 1211 1098 1240 habere.
1114 1221 1123 1238 ›
1137 1212 1182 1244 Et,
1200 1221 1209 1238 ι
1226 1211 1314 1247 Super
1333 1214 1423 1240 omnia
1440 1213 1579 1240 silentium
1595 1213 1688 1248 dilige,
1711 1213 1775 1247 quia

987 1263 1012 1285 te
1041 1257 1142 1285 fructui
1171 1259 1326 1294 proximum
1358 1261 1450 1288 faciet.
1475 1260 1581 1295 Lingua
1611 1261 1684 1287 enim
1714 1260 1777 1287 huic

986 1306 1143 1333 enarranda
1160 1305 1249 1341 impar
1271 1311 1325 1334 est.
1340 1306 1434 1334 Primo
1446 1315 1576 1341 cogamus
1592 1307 1775 1341 nosmetipsos

987 1357 1096 1381 tacere:
1118 1356 1145 1379 et
1177 1360 1210 1380 ex
1228 1358 1324 1380 nostro
1352 1354 1462 1381 silentio
1489 1360 1619 1381 nascetur
1634 1354 1712 1380 nobis
1727 1353 1776 1380 ali-

985 1398 1050 1433 quid
1079 1407 1130 1426 nos
1158 1399 1191 1426 ad
1221 1399 1311 1434 ipsum
1341 1400 1482 1427 silentium
1510 1399 1645 1435 dirigens.
1659 1399 1709 1426 Det
1727 1398 1775 1426 tibi

987 1445 1058 1472 Deus
1077 1445 1296 1473 animadvertere
1317 1447 1422 1480 aliquid
1441 1447 1466 1473 in
1485 1451 1510 1473 te
1527 1454 1559 1473 ex
1579 1446 1689 1473 silentio
1711 1454 1776 1473 nas-

986 1499 1051 1518 cens
1068 1491 1075 1520 !
1095 1491 1173 1524 Quod
1190 1492 1212 1519 si
1227 1492 1279 1519 hac
1294 1493 1391 1526 agendi
1406 1493 1513 1519 ratione
1536 1492 1661 1527 incipias,
1682 1491 1777 1519 nescio

986 1545 1035 1572 ego
1051 1543 1183 1573 quantum
1201 1538 1291 1566 lumen
1306 1538 1354 1566 tibi
1373 1539 1436 1566 inde
1453 1539 1630 1567 nasciturum
1647 1539 1693 1566 sit.
1717 1548 1727 1564 ι
1745 1538 1778 1566 Ει

146 1572 315 1607 σταμαιὲγὼ
333 1575 408 1600 ποῖον
426 1574 483 1609 φῶς
511 1575 637 1602 ἀνατελεῐ
660 1584 701 1602 σοι
722 1577 856 1603 ἐντεῦθεν.
883 1578 937 1604 Καὶ

988 1592 1092 1612 rursum
1107 1594 1114 1612 :
1130 1594 1138 1611 ι
1158 1584 1301 1612 Silentium
1314 1590 1355 1613 est
1370 1586 1460 1613 saeculi
1486 1585 1569 1613 futuri
1596 1586 1775 1620 mysterium:

148 1617 228 1650 αὖθις
249 1627 256 1635 ·
277 1619 310 1646 'ﬂ
332 1621 422 1655 σιωπὴ
458 1621 607 1657 μυστήριόν
633 1622 691 1648 ἐστι
717 1621 764 1649 τοῦ
791 1623 939 1657 μέλλοντος

146 1664 262 1696 αἰῶνος·
278 1666 342 1692 οίδὲ
359 1665 434 1700 λόγοι
452 1661 567 1702 ὄργανόν
583 1668 635 1693 εἱσι
655 1667 701 1693 τοῦ
716 1668 819 1702 κόσμου
831 1668 937 1695 τούτου.

146 1712 203 1739 Καὶ
221 1711 260 1747 τῷ
275 1712 345 1747 ἁγίῳ
362 1712 391 1739 δὲ
412 1713 555 1748 ’Λρσενίῳ,
576 1713 664 1745 οὓτως
687 1714 703 1748 ἡ
721 1714 780 1740 θεία
806 1714 882 1750 φωνὴ
907 1714 939 1740 τὺ

146 1757 272 1794 διύτερον
298 1758 445 1785 ἐθέσπισε·
468 1759 604 1797 ’Δρσένιε,
635 1759 730 1796 φεῦγε,
752 1759 852 1794 σιώπα,
870 1760 937 1796 ἡσύ-

146 1806 224 1841 χαζε,
244 1796 293 1832 καὶ
304 1806 428 1841 σωθήσῃ.

320 1861 386 1889 Ὀτι
401 1861 448 1889 δεῖ
463 1861 585 1898 ἥσυχον
603 1861 682 1890 εἷναί
695 1871 743 1891 σε.

184 1920 204 1958 _Z
216 1940 223 1947 .
245 1918 385 1952 Ὡσαύτως
396 1918 424 1946 δὲ
442 1920 490 1947 καὶ
505 1919 571 1955 περὶ
584 1919 631 1947 τοῦ
649 1919 774 1956 ἐὸὃόμου,
789 1919 873 1957 ἤγουν
891 1919 939 1947 τοῦ

147 1965 258 2001 ἡσύχως
274 1965 370 2001 βιῶναι
387 1974 427 1999 σε,
445 1965 600 2003 ἀξιόπιστοι
627 1966 695 2001 πρὸς
719 1967 908 2001 παράστασιν,
925 1966 940 1993 ὃ

146 2021 178 2039 τε
198 2012 282 2048 μέγας
295 2012 450 2045 Βασίλειος,
466 2010 513 2050 καὶ
526 2013 540 2039 6
557 2011 633 2051 ἅγιος
646 2013 728 2048 πάλιν
746 2012 850 2044 Ἰσαὰκ,
864 2012 878 2038 ὁ
890 2013 939 2048 μὲν

147 2059 281 2099 είρηκῴς·
302 2059 334 2086 Ἡ
343 2059 454 2098 ἡσυχία,
471 2059 543 2095 ἀρχὴ
557 2058 718 2095 καθάρσεως
729 2061 762 2095 τῇ
772 2059 845 2097 ψυχῇ
855 2068 862 2074 '
875 2061 888 2087 6
899 2060 940 2094 δὲ,

148 2105 232 2143 Ὅρος
245 2105 372 2143 ἡσυχίας,
387 2105 479 2140 σιωπὴ
491 2106 545 2132 ἀπὸ
557 2105 680 2132 πάντων
698 2106 713 2132 6
731 2106 791 2141 μὲν,
806 2107 857 2141 τὴν
872 2107 940 2137 ταύ-

146 2161 198 2188 της
212 2142 311 2188 ἀρχὴν,
331 2153 346 2178 ό
369 2152 408 2186 δὲ,
422 2152 454 2179 τὸ
472 2152 550 2187 τέλος
570 2152 614 2179 διὰ
629 2152 711 2190 τῶνδε
724 2152 778 2179 τῶν
792 2153 889 2188 φωνῶν
901 2153 939 2186 ὡς

148 2200 178 2226 ὲν
194 2199 323 2234 συντόμῳ
342 2199 571 2234 ὲπισημάναντες.
591 2199 646 2226 Καὶ
670 2199 699 2225 ἐν
725 2201 758 2234 τῇ
782 2199 888 2235 Παλαιᾷ
910 2199 939 2226 δὲ

148 2246 245 2281 Γραᾳῇ
261 2245 348 2278 οὕτως
357 2245 464 2281 εἴρηται
475 2253 482 2260 ·
497 2254 507 2272 ι
517 2245 679 2281 Ἦμαρτες;
695 2245 831 2283 ἡσύχασαν
841 2255 847 2261 ·
859 2255 869 2276 ι
881 2247 938 2279 καὶ,
951 2262 973 2289 υ

152 2302 161 2318 ι
174 2292 328 2328 Σχολάσατε
346 2291 393 2319 καὶ
409 2292 508 2325 γνῶτε,
522 2291 563 2318 ὅτι
576 2291 630 2325 ἐγώ
644 2293 701 2327 ειμι
714 2291 813 2327 όΘεός.
830 2302 840 2318 ι
858 2293 939 2329 ᾼέγει

149 2339 178 2371 δὲ
199 2339 246 2369 καὶ
261 2340 276 2365 6
293 2339 342 2375 τῆς
361 2338 519 2373 Κλίμακος·
538 2337 641 2373 Ἔργον
664 2338 781 2373 ἡσυχίας
803 2338 940 2374 προηγού-

151 2394 243 2420 μενον,
264 2384 415 2420 ἁμεριμνία
438 2384 548 2411 πάντων
576 2384 748 2420 πραγμάτων
774 2384 938 2421 εὐλόγων,ἤ

150 2429 258 2463 ἀλόγων
268 2437 274 2444 ·
290 2429 304 2456 6
318 2429 372 2464 γὰρ
390 2429 447 2460 τοῖς
470 2428 614 2464 προτέροις
637 2427 763 2462 ἀνοίγων,
778 2429 835 2460 τοῖς
848 2428 940 2455 Gauri—

152 2482 210 2511 ροις
225 2474 336 2506 πάντως
363 2475 565 2510 περιπεσεῖται.
595 2473 737 2510 Προσευχὴ
757 2473 863 2506 ἄοκνος,
892 2474 940 2500 καὶ

149 2521 253 2557 τρίτον,
269 2521 387 2560 ἐργασία
408 2520 521 2556 καρδίας
538 2519 647 2552 ἄσυλος.
665 2519 818 2553 Ἀδύνατον,
835 2520 879 2547 τὸν
901 2520 938 2556 μὴ

149 2568 306 2603 γράμματα
318 2567 508 2604 μεμαθηκότα,
520 2566 641 2601 φυσικῶς
652 2566 682 2593 ὲν
694 2566 795 2598 δέλτοις
812 2567 938 2604 μελετᾷν·

150 2613 403 2649 ἁδυνατώτερονδὲ,
420 2614 482 2645 τοὺς
497 2613 534 2649 μὴ
551 2613 581 2640 τὸ
595 2614 727 2649 πρότερον
739 2615 938 2649 κτησαμένους,

156 2660 191 2686 τὰ
210 2657 266 2686 δύω
280 2659 353 2693 λόγῳ
370 2657 520 2694 μετελθεῖν.
543 2658 598 2688 Καὶ
616 2656 696 2690 αὖθις
709 2659 723 2685 6
738 2657 816 2693 ἅγιος
837 2659 946 2686 Ἰσαάκ·

155 2704 243 2736 Πόθος
256 2704 376 2739 ἡσυχίας
399 2704 470 2735 ἐστὶ,
488 2703 635 2739 προσδοκία
654 2704 701 2730 τοῦ
726 2703 842 2732 θανάτου
859 2704 948 2739 διηνερ

157 2748 210 2783 ιής
219 2755 226 2762 ·
243 2749 257 2774 6
270 2748 348 2778 ἐκτὸς
360 2747 461 2782 ταύτης
477 2747 527 2782 τῆς
540 2747 655 2783 μελέτης
668 2748 859 2788 εἰσερχόμενος
872 2750 902 2775 ὲν
914 2750 947 2784 τῇ

160 2792 274 2828 ἡσυχία,
291 2794 321 2819 οὐ
333 2793 447 2820 δύναται
465 2792 610 2828 βαστάσαι,
628 2793 700 2828 ἆπερ
716 2794 859 2829 ὀφείλομεν
881 2803 942 2830 καρ-

157 2841 248 2876 τερεῖν
263 2841 311 2867 καὶ
325 2840 470 2875 βαστάζειν
481 2841 513 2868 ἐκ
528 2841 627 2873 παντὸς
642 2842 756 2876 τρόπον.

986 1638 1126 1659 sermones
1151 1640 1215 1659 vero
1243 1636 1307 1659 sunt
1329 1632 1424 1659 mundi
1451 1632 1534 1667 hujus
1564 1640 1666 1667 organa
1681 1651 1688 1659 .
1712 1642 1720 1658 ι
1743 1632 1776 1659 Et

985 1682 1081 1705 sancto
1097 1678 1213 1705 Arseuio
1227 1678 1263 1705 ita
1278 1677 1371 1705 divina
1385 1686 1435 1705 vox
1446 1679 1583 1713 posterius
1600 1678 1639 1705 sic
1655 1686 1770 1712 expres-

985 1725 1040 1751 sit:
1061 1734 1069 1750 ι
1088 1724 1198 1759 Arseni,
1226 1725 1301 1760 lnge,
1327 1725 1389 1758 sile,
1410 1732 1503 1760 pacem
1532 1729 1611 1758 tene,
1634 1729 1662 1753 et
1685 1725 1778 1752 salvus

986 1780 1053 1801 eris.
1073 1783 1084 1799 ι

1128 1864 1204 1897 Quod
1217 1869 1319 1898 oportet
1336 1868 1360 1890 te
1371 1871 1427 1890 esse
1444 1862 1628 1898 tranquillum.

1020 1909 1127 1937 Pariter
1151 1916 1179 1937 et
1203 1910 1362 1944 septimum,
1388 1917 1486 1944 nempe
1517 1909 1589 1944 quod
1622 1914 1731 1944 oportet
1751 1914 1778 1937 te

985 1955 1070 1983 vitam
1101 1956 1275 1990 tranquillam
1306 1964 1399 1990 agere,
1426 1955 1529 1990 optime
1544 1955 1737 1983 demonstrant
1750 1959 1778 1982 et

986 2010 1101 2038 magnus
1118 2001 1234 2029 Basilius
1254 2006 1281 2029 et
1293 2007 1404 2029 sanctus
1420 2010 1529 2029 rursum
1543 2001 1635 2036 lsaac;
1653 2003 1698 2029 ille
1715 2001 1777 2036 qui~

986 2050 1048 2078 dem
1076 2049 1190 2077 dicens:
1209 2058 1219 2075 ι
1252 2048 1462 2083 Tranquillitas,
1486 2047 1659 2083 purgationis
1678 2048 1779 2075 animae

986 2097 1167 2132 principium;
1183 2106 1192 2122 ι
1213 2096 1257 2123 hic
1274 2103 1353 2123 vero:
1375 2104 1384 2121 ι
1400 2094 1544 2122 Terminus
1561 2095 1778 2129 tranquillitatis,

986 2144 1128 2172 silentium
1156 2151 1189 2170 ex
1219 2142 1294 2170 omni
1325 2145 1423 2176 parte;
1452 2151 1462 2168 ›
1495 2141 1541 2169 ille
1558 2141 1679 2176 quidem,
1697 2139 1779 2173 hujus

987 2189 1176 2226 principium,
1203 2188 1247 2216 hic
1273 2196 1338 2215 vero
1367 2188 1515 2215 terminum
1541 2187 1583 2215 his
1611 2187 1724 2214 vocibus
1750 2191 1779 2212 ut

987 2235 1183 2271 compendiose
1199 2234 1394 2270 signiﬁcantes.
1408 2232 1440 2260 Et
1452 2231 1589 2267 ianetere
1603 2232 1780 2259 Testamento

986 2283 1022 2310 ita
1035 2282 1137 2309 dictum
1152 2285 1214 2308 est:
1231 2289 1240 2306 ι
1270 2278 1390 2307 Peccasti
1403 2279 1416 2305 ἳ
1431 2278 1659 2313 tranquillitatem
1675 2285 1741 2313 age;
1763 2287 1779 2303 ιι

985 2334 1023 2363 et,
1045 2338 1054 2354 ‹
1073 2327 1174 2355 VaCute
1200 2331 1226 2354 et
1240 2327 1319 2359 scite,
1333 2326 1398 2361 quia
1417 2325 1474 2361 Ego
1494 2334 1555 2353 smn
1577 2326 1659 2354 Deus.
1680 2336 1688 2352 ι
1711 2326 1781 2353 Dicit

987 2379 1076 2402 autem
1100 2378 1127 2401 et
1153 2374 1258 2400 Clima:
1288 2381 1294 2399 :
1330 2380 1428 2406 ropus
1451 2372 1658 2407 tranquillitatis
1683 2372 1779 2406 pracci-

987 2428 1070 2457 puum
1087 2425 1128 2447 cst
1147 2419 1216 2446 nihil
1233 2425 1329 2445 curare
1343 2425 1401 2445 stve
1418 2417 1516 2443 rationi
1532 2421 1780 2444 consentaneoruut

992 2468 1049 2495 sive
1063 2466 1162 2493 rationi
1179 2463 1395 2492 adversantium.
1412 2462 1464 2495 Qui
1489 2463 1561 2489 enim
1575 2463 1689 2497 januaut
1707 2463 1781 2498 prio-

991 2514 1066 2541 ribus
1081 2512 1180 2548 aperit,
1195 2519 1257 2539 mox
1273 2512 1300 2538 in
1316 2511 1469 2546 posteriora
1488 2509 1591 2537 incidet
1605 2519 1612 2539 :
1629 2510 1723 2538 Oratio
1737 2510 1780 2537 in—

992 2559 1096 2594 trepida
1121 2564 1147 2586 et
1168 2558 1268 2586 deinde
1287 2558 1410 2592 operatio
1434 2556 1528 2584 cordis
1550 2556 1698 2584 tutissima.
1719 2556 1779 2583 Non

991 2611 1078 2644 potest
1095 2607 1154 2634 ﬁeri
1167 2611 1196 2640 ut
1212 2606 1259 2642 qui
1274 2605 1380 2633 litteras
1398 2612 1451 2631 non
1469 2603 1598 2631 didicerit
1611 2623 1618 2635 .
1636 2604 1663 2630 in
1682 2604 1781 2631 tabulis

990 2658 1169 2682 exerceatur:
1185 2651 1384 2687 impossibilius
1400 2651 1490 2678 adhuc
1510 2656 1553 2678 est
1570 2654 1599 2677 ut
1615 2651 1632 2677 ii
1660 2649 1707 2685 qui
1724 2650 1780 2684 pri«

991 2708 1065 2728 mum
1085 2707 1136 2726 non
1154 2698 1344 2734 possederint,
1361 2698 1416 2725 duo
1434 2697 1486 2724 alia
1500 2702 1692 2731 assequamur.
1720 2705 1729 2721 ι
1748 2695 1782 2722 Et

990 2754 1099 2775 rursum
1113 2751 1224 2773 sanctus
1238 2744 1313 2772 Isaac
1326 2753 1332 2770 :
1351 2752 1361 2769 ι
1380 2743 1600 2778 Trauquillitatis
1612 2743 1779 2769 desiderium

990 2799 1032 2822 est
1054 2794 1182 2821 continua
1215 2792 1310 2819 mortis
1325 2790 1506 2825 exspectatio.
1524 2789 1575 2823 Qui
1596 2790 1706 2825 absque
1728 2789 1780 2816 hoc

992 2841 1128 2871 exercito
1151 2839 1178 2867 in
1196 2837 1399 2872 tranquillitate
1428 2835 1593 2871 ingreditur,
1613 2843 1666 2864 non
1693 2839 1784 2871 potest

162 2892 234 2921 ferre
255 2899 316 2926 quae
339 2892 476 2919 sustinere
496 2899 528 2919 ac
539 2892 652 2922 sulierre
665 2893 739 2921 omni
754 2892 833 2920 modo
851 2892 989 2926 debemus.

197 2952 219 2968 "
233 2950 326 2981 Matth.
343 2959 379 2987 vr,
394 2951 440 2987 233,
459 2959 538 2994 seqq.
